  <div class='ocr_page' id='page_1' title='image "/cluster/home/n/w/nwhite01/storage/ocr_20150623/22/hvd.32044073501140/165.png"; bbox 0 0 4158 6418; ppageno 0'>
   <div class='ocr_carea' id='block_1_1' title="bbox 541 334 653 390">
    <p class='ocr_par' dir='ltr' id='par_1_1' title="bbox 541 334 653 390">
     <span class='ocr_line' id='line_1_1' title="bbox 541 334 653 390; baseline 0 0"><span class='ocrx_word' id='word_1_1' title='bbox 541 334 653 390; x_wconf 72' lang='lat'><strong>315</strong></span> 
     </span>
    </p>
   </div>
   <div class='ocr_carea' id='block_1_2' title="bbox 1190 328 2158 394">
    <p class='ocr_par' dir='ltr' id='par_1_2' title="bbox 1190 328 2157 394">
     <span class='ocr_line' id='line_1_2' title="bbox 1190 328 2157 394; baseline 0.008 -9"><span class='ocrx_word' id='word_1_2' title='bbox 1190 328 1467 390; x_wconf 81' lang='lat' dir='ltr'><strong>EUSEBII</strong></span> <span class='ocrx_word' id='word_1_3' title='bbox 1505 331 1996 394; x_wconf 72' lang='grc' dir='ltr'><strong>ΟᾸΞὸΑΒΙΕΝδῙΒ</strong></span> <span class='ocrx_word' id='word_1_4' title='bbox 2024 335 2157 394; x_wconf 84' lang='grc' dir='ltr'><strong>ΟΡΡ</strong></span> 
     </span>
    </p>
   </div>
   <div class='ocr_carea' id='block_1_3' title="bbox 2264 328 3175 394">
    <p class='ocr_par' dir='ltr' id='par_1_3' title="bbox 2264 332 3175 391">
     <span class='ocr_line' id='line_1_3' title="bbox 2264 332 3175 391; baseline 0 0"><span class='ocrx_word' id='word_1_5' title='bbox 2264 334 2423 391; x_wconf 79' lang='lat' dir='ltr'><strong>ARS.</strong></span> <span class='ocrx_word' id='word_1_6' title='bbox 2468 334 2534 390; x_wconf 88' lang='grc'><strong>11.</strong></span> <span class='ocrx_word' id='word_1_7' title='bbox 2565 363 2637 375; x_wconf 89' lang='grc'><strong><em>-</em></strong></span> <span class='ocrx_word' id='word_1_8' title='bbox 2670 332 3175 391; x_wconf 77' lang='lat' dir='ltr'><strong>APOLOGETICA.</strong></span> 
     </span>
    </p>
   </div>
   <div class='ocr_carea' id='block_1_4' title="bbox 3714 334 3825 394">
    <p class='ocr_par' dir='ltr' id='par_1_4' title="bbox 3714 334 3825 394">
     <span class='ocr_line' id='line_1_4' title="bbox 3714 334 3825 394; baseline -0.027 -1"><span class='ocrx_word' id='word_1_9' title='bbox 3714 334 3825 394; x_wconf 77' lang='lat' dir='ltr'><strong>5I6</strong></span> 
     </span>
    </p>
   </div>
   <div class='ocr_carea' id='block_1_5' title="bbox 544 446 2158 527">
    <p class='ocr_par' dir='ltr' id='par_1_5' title="bbox 544 446 2158 527">
     <span class='ocr_line' id='line_1_5' title="bbox 544 446 2158 527; baseline 0.007 -22"><span class='ocrx_word' id='word_1_10' title='bbox 544 449 829 506; x_wconf 80' lang='lat' dir='ltr'><strong>Christum</strong></span> <span class='ocrx_word' id='word_1_11' title='bbox 865 446 1101 518; x_wconf 90' lang='lat' dir='ltr'><strong>appellet</strong></span> <span class='ocrx_word' id='word_1_12' title='bbox 1137 447 1423 504; x_wconf 90' lang='lat' dir='ltr'><strong>lucernam</strong></span> <span class='ocrx_word' id='word_1_13' title='bbox 1455 450 1592 507; x_wconf 85' lang='lat' dir='ltr'><strong>dicit</strong></span> <span class='ocrx_word' id='word_1_14' title='bbox 1621 467 1682 509; x_wconf 89' lang='lat' dir='ltr'><strong>se</strong></span> <span class='ocrx_word' id='word_1_15' title='bbox 1712 454 1790 510; x_wconf 91' lang='lat' dir='ltr'><strong>illi</strong></span> <span class='ocrx_word' id='word_1_16' title='bbox 1822 454 2126 527; x_wconf 86' lang='lat' dir='ltr'><strong>paravisse,</strong></span> <span class='ocrx_word' id='word_1_17' title='bbox 2156 509 2158 516; x_wconf 92' lang='lat'><strong>.</strong></span> 
     </span>
    </p>
   </div>
   <div class='ocr_carea' id='block_1_6' title="bbox 2264 446 3819 527">
    <p class='ocr_par' dir='ltr' id='par_1_6' title="bbox 2264 450 3819 526">
     <span class='ocr_line' id='line_1_6' title="bbox 2264 450 3819 526; baseline 0.002 -21"><span class='ocrx_word' id='word_1_18' title='bbox 2264 453 2397 524; x_wconf 72' lang='grc' dir='ltr'>ιησὶν</span> <span class='ocrx_word' id='word_1_19' title='bbox 2436 452 2792 525; x_wconf 80' lang='grc' dir='ltr'>ἡτοιμακέναι</span> <span class='ocrx_word' id='word_1_20' title='bbox 2828 452 2996 524; x_wconf 84' lang='grc' dir='ltr'>αύτῷ,</span> <span class='ocrx_word' id='word_1_21' title='bbox 3025 452 3118 507; x_wconf 90' lang='grc' dir='ltr'><strong>τὸν</strong></span> <span class='ocrx_word' id='word_1_22' title='bbox 3147 450 3508 526; x_wconf 69' lang='grc' dir='ltr'><strong>προφητικὸν,</strong></span> <span class='ocrx_word' id='word_1_23' title='bbox 3540 450 3617 518; x_wconf 83' lang='grc' dir='ltr'><strong>ὡς</strong></span> <span class='ocrx_word' id='word_1_24' title='bbox 3650 453 3819 520; x_wconf 84' lang='grc' dir='ltr'>εἰκὸς,</span> 
     </span>
    </p>
   </div>
   <div class='ocr_carea' id='block_1_7' title="bbox 545 541 2136 620">
    <p class='ocr_par' dir='ltr' id='par_1_7' title="bbox 545 541 2136 620">
     <span class='ocr_line' id='line_1_7' title="bbox 545 541 2136 620; baseline 0.004 -23"><span class='ocrx_word' id='word_1_25' title='bbox 545 541 928 615; x_wconf 77' lang='lat' dir='ltr'><strong>propheticum</strong></span> <span class='ocrx_word' id='word_1_26' title='bbox 958 541 1171 612; x_wconf 83' lang='lat' dir='ltr'><strong>utique,</strong></span> <span class='ocrx_word' id='word_1_27' title='bbox 1188 551 1250 598; x_wconf 90' lang='lat' dir='ltr'><strong>ut</strong></span> <span class='ocrx_word' id='word_1_28' title='bbox 1267 543 1567 601; x_wconf 84' lang='lat' dir='ltr'><strong>verisimile</strong></span> <span class='ocrx_word' id='word_1_29' title='bbox 1582 553 1689 615; x_wconf 90' lang='lat' dir='ltr'><strong>est,</strong></span> <span class='ocrx_word' id='word_1_30' title='bbox 1716 548 1969 613; x_wconf 80' lang='lat' dir='ltr'><strong>verbum,</strong></span> <span class='ocrx_word' id='word_1_31' title='bbox 1989 549 2136 620; x_wconf 91' lang='lat' dir='ltr'><strong>quod</strong></span> 
     </span>
    </p>
   </div>
   <div class='ocr_carea' id='block_1_8' title="bbox 546 632 2138 708">
    <p class='ocr_par' dir='ltr' id='par_1_8' title="bbox 546 632 2138 708">
     <span class='ocr_line' id='line_1_8' title="bbox 546 632 2138 708; baseline 0.006 -18"><span class='ocrx_word' id='word_1_32' title='bbox 546 635 729 706; x_wconf 87' lang='lat' dir='ltr'><strong>ipsum</strong></span> <span class='ocrx_word' id='word_1_33' title='bbox 759 632 1038 690; x_wconf 87' lang='lat' dir='ltr'><strong>Christum</strong></span> <span class='ocrx_word' id='word_1_34' title='bbox 1067 635 1388 702; x_wconf 85' lang='lat' dir='ltr'><strong>antecessit,</strong></span> <span class='ocrx_word' id='word_1_35' title='bbox 1421 637 1517 708; x_wconf 84' lang='lat' dir='ltr'><strong>qui</strong></span> <span class='ocrx_word' id='word_1_36' title='bbox 1538 639 1692 696; x_wconf 88' lang='lat' dir='ltr'><strong>solus</strong></span> <span class='ocrx_word' id='word_1_37' title='bbox 1726 639 1903 697; x_wconf 88' lang='lat' dir='ltr'><strong>instar</strong></span> <span class='ocrx_word' id='word_1_38' title='bbox 1938 641 2138 700; x_wconf 88' lang='lat' dir='ltr'><strong>solaris</strong></span> 
     </span>
    </p>
   </div>
   <div class='ocr_carea' id='block_1_9' title="bbox 548 726 2142 797">
    <p class='ocr_par' dir='ltr' id='par_1_9' title="bbox 548 726 2142 797">
     <span class='ocr_line' id='line_1_9' title="bbox 548 726 2142 797; baseline 0.005 -16"><span class='ocrx_word' id='word_1_39' title='bbox 548 726 796 793; x_wconf 90' lang='lat' dir='ltr'><strong>luminis,</strong></span> <span class='ocrx_word' id='word_1_40' title='bbox 826 726 1086 782; x_wconf 89' lang='lat' dir='ltr'><strong>omnibus</strong></span> <span class='ocrx_word' id='word_1_41' title='bbox 1110 726 1208 797; x_wconf 93' lang='lat' dir='ltr'><strong>qui</strong></span> <span class='ocrx_word' id='word_1_42' title='bbox 1247 735 1425 784; x_wconf 88' lang='lat' dir='ltr'><strong>totum</strong></span> <span class='ocrx_word' id='word_1_43' title='bbox 1461 730 1652 786; x_wconf 91' lang='lat' dir='ltr'><strong>orbem</strong></span> <span class='ocrx_word' id='word_1_44' title='bbox 1681 739 1962 788; x_wconf 89' lang='lat' dir='ltr'><strong>terrarum</strong></span> <span class='ocrx_word' id='word_1_45' title='bbox 1996 733 2142 789; x_wconf 89' lang='lat' dir='ltr'><strong>inco-</strong></span> 
     </span>
    </p>
   </div>
   <div class='ocr_carea' id='block_1_10' title="bbox 548 815 2137 893">
    <p class='ocr_par' dir='ltr' id='par_1_10' title="bbox 548 815 2137 893">
     <span class='ocr_line' id='line_1_10' title="bbox 548 815 2137 893; baseline 0.005 -23"><span class='ocrx_word' id='word_1_46' title='bbox 548 816 671 871; x_wconf 85' lang='lat' dir='ltr'><strong>iunt</strong></span> <span class='ocrx_word' id='word_1_47' title='bbox 695 815 1032 881; x_wconf 90' lang='lat' dir='ltr'><strong>hominibus,</strong></span> <span class='ocrx_word' id='word_1_48' title='bbox 1055 825 1280 874; x_wconf 83' lang='lat' dir='ltr'><strong>exortus</strong></span> <span class='ocrx_word' id='word_1_49' title='bbox 1300 826 1405 874; x_wconf 89' lang='lat' dir='ltr'><strong>est.</strong></span> <span class='ocrx_word' id='word_1_50' title='bbox 1444 816 1538 873; x_wconf 91' lang='lat' dir='ltr'><strong>Sic</strong></span> <span class='ocrx_word' id='word_1_51' title='bbox 1559 819 1677 891; x_wconf 90' lang='lat' dir='ltr'><strong>ipse</strong></span> <span class='ocrx_word' id='word_1_52' title='bbox 1705 836 1925 893; x_wconf 89' lang='lat' dir='ltr'><strong>quoque</strong></span> <span class='ocrx_word' id='word_1_53' title='bbox 1944 820 2137 888; x_wconf 83' lang='lat' dir='ltr'><strong>David,</strong></span> 
     </span>
    </p>
   </div>
   <div class='ocr_carea' id='block_1_11' title="bbox 548 908 2144 986">
    <p class='ocr_par' dir='ltr' id='par_1_11' title="bbox 548 908 2144 986">
     <span class='ocr_line' id='line_1_11' title="bbox 548 908 2144 986; baseline 0.004 -22"><span class='ocrx_word' id='word_1_54' title='bbox 548 918 612 965; x_wconf 91' lang='lat' dir='ltr'><strong>ut</strong></span> <span class='ocrx_word' id='word_1_55' title='bbox 650 908 856 965; x_wconf 88' lang='lat' dir='ltr'><strong>Christi</strong></span> <span class='ocrx_word' id='word_1_56' title='bbox 909 910 1136 965; x_wconf 91' lang='lat' dir='ltr'><strong>lucerna</strong></span> <span class='ocrx_word' id='word_1_57' title='bbox 1174 918 1401 982; x_wconf 88' lang='lat' dir='ltr'><strong>paratus</strong></span> <span class='ocrx_word' id='word_1_58' title='bbox 1439 920 1567 968; x_wconf 88' lang='lat' dir='ltr'><strong>ante</strong></span> <span class='ocrx_word' id='word_1_59' title='bbox 1604 913 1758 968; x_wconf 91' lang='lat' dir='ltr'><strong>illum</strong></span> <span class='ocrx_word' id='word_1_60' title='bbox 1794 914 1922 980; x_wconf 82' lang='lat' dir='ltr'><strong>fuit,</strong></span> <span class='ocrx_word' id='word_1_61' title='bbox 1953 921 2144 986; x_wconf 89' lang='lat' dir='ltr'><strong>utpote</strong></span> 
     </span>
    </p>
   </div>
   <div class='ocr_carea' id='block_1_12' title="bbox 551 999 2144 1075">
    <p class='ocr_par' dir='ltr' id='par_1_12' title="bbox 551 999 2144 1075">
     <span class='ocr_line' id='line_1_12' title="bbox 551 999 2144 1075; baseline 0.005 -20"><span class='ocrx_word' id='word_1_62' title='bbox 551 1001 645 1071; x_wconf 87' lang='lat' dir='ltr'><strong>qui</strong></span> <span class='ocrx_word' id='word_1_63' title='bbox 679 1001 782 1057; x_wconf 88' lang='lat' dir='ltr'><strong>soli</strong></span> <span class='ocrx_word' id='word_1_64' title='bbox 829 999 1182 1073; x_wconf 82' lang='lat' dir='ltr'><strong>perfectoque</strong></span> <span class='ocrx_word' id='word_1_65' title='bbox 1229 1002 1426 1058; x_wconf 90' lang='lat' dir='ltr'><strong>lumini</strong></span> <span class='ocrx_word' id='word_1_66' title='bbox 1471 1012 1861 1075; x_wconf 86' lang='lat' dir='ltr'><strong>comparatus,</strong></span> <span class='ocrx_word' id='word_1_67' title='bbox 1905 1005 2144 1063; x_wconf 70' lang='lat' dir='ltr'><strong>lucerna:</strong></span> 
     </span>
    </p>
   </div>
   <div class='ocr_carea' id='block_1_13' title="bbox 551 1091 2143 1170">
    <p class='ocr_par' dir='ltr' id='par_1_13' title="bbox 551 1091 2143 1170">
     <span class='ocr_line' id='line_1_13' title="bbox 551 1091 2143 1170; baseline 0.006 -24"><span class='ocrx_word' id='word_1_68' title='bbox 551 1091 735 1146; x_wconf 76' lang='lat' dir='ltr'><strong>locum</strong></span> <span class='ocrx_word' id='word_1_69' title='bbox 792 1092 1061 1148; x_wconf 87' lang='lat' dir='ltr'><strong>obtineat.</strong></span> <span class='ocrx_word' id='word_1_70' title='bbox 1108 1112 1128 1146; x_wconf 87' lang='grc'><strong>‹</strong></span> <span class='ocrx_word' id='word_1_71' title='bbox 1179 1092 1299 1150; x_wconf 89' lang='lat' dir='ltr'><strong>lllic</strong></span> <span class='ocrx_word' id='word_1_72' title='bbox 1356 1110 1523 1163; x_wconf 92' lang='lat' dir='ltr'><strong>vero,</strong></span> <span class='ocrx_word' id='word_1_73' title='bbox 1579 1097 1794 1169; x_wconf 87' lang='lat' dir='ltr'><strong>inquit,</strong></span> <span class='ocrx_word' id='word_1_74' title='bbox 1840 1098 2143 1170; x_wconf 89' lang='lat' dir='ltr'><strong>producam</strong></span> 
     </span>
    </p>
   </div>
   <div class='ocr_carea' id='block_1_14' title="bbox 554 1184 2146 1262">
    <p class='ocr_par' dir='ltr' id='par_1_14' title="bbox 554 1184 2146 1262">
     <span class='ocr_line' id='line_1_14' title="bbox 554 1184 2146 1262; baseline 0.005 -24"><span class='ocrx_word' id='word_1_75' title='bbox 554 1198 752 1252; x_wconf 89' lang='lat' dir='ltr'><strong>cornu,</strong></span> <span class='ocrx_word' id='word_1_76' title='bbox 801 1203 820 1236; x_wconf 73' lang='grc' dir='ltr'><strong>ι</strong></span> <span class='ocrx_word' id='word_1_77' title='bbox 867 1186 1048 1240; x_wconf 89' lang='lat' dir='ltr'><strong>locum</strong></span> <span class='ocrx_word' id='word_1_78' title='bbox 1096 1184 1353 1243; x_wconf 87' lang='lat' dir='ltr'><strong>videlicet</strong></span> <span class='ocrx_word' id='word_1_79' title='bbox 1399 1187 1674 1252; x_wconf 90' lang='lat' dir='ltr'><strong>indicans,</strong></span> <span class='ocrx_word' id='word_1_80' title='bbox 1732 1189 1822 1245; x_wconf 91' lang='lat' dir='ltr'><strong>ubi</strong></span> <span class='ocrx_word' id='word_1_81' title='bbox 1872 1190 2146 1262; x_wconf 77' lang='lat' dir='ltr'><strong>signiﬁcat</strong></span> 
     </span>
    </p>
   </div>
   <div class='ocr_carea' id='block_1_15' title="bbox 553 1273 2144 1350">
    <p class='ocr_par' dir='ltr' id='par_1_15' title="bbox 553 1273 2144 1350">
     <span class='ocr_line' id='line_1_15' title="bbox 553 1273 2144 1350; baseline 0.003 -19"><span class='ocrx_word' id='word_1_82' title='bbox 553 1273 838 1331; x_wconf 87' lang='lat' dir='ltr'><strong>Christum</strong></span> <span class='ocrx_word' id='word_1_83' title='bbox 861 1275 1157 1332; x_wconf 85' lang='lat' dir='ltr'><strong>oriturum.</strong></span> <span class='ocrx_word' id='word_1_84' title='bbox 1190 1276 1329 1333; x_wconf 92' lang='lat' dir='ltr'><strong>Cum</strong></span> <span class='ocrx_word' id='word_1_85' title='bbox 1360 1279 1507 1333; x_wconf 89' lang='lat' dir='ltr'><strong>enim</strong></span> <span class='ocrx_word' id='word_1_86' title='bbox 1543 1288 1804 1350; x_wconf 87' lang='lat' dir='ltr'><strong>precatus</strong></span> <span class='ocrx_word' id='word_1_87' title='bbox 1847 1287 1996 1337; x_wconf 86' lang='lat' dir='ltr'><strong>esset</strong></span> <span class='ocrx_word' id='word_1_88' title='bbox 2040 1280 2144 1336; x_wconf 90' lang='lat' dir='ltr'><strong>Da-</strong></span> 
     </span>
    </p>
   </div>
   <div class='ocr_carea' id='block_1_16' title="bbox 458 1366 2146 1445">
    <p class='ocr_par' dir='ltr' id='par_1_16' title="bbox 458 1366 2146 1445">
     <span class='ocr_line' id='line_1_16' title="bbox 458 1366 2146 1445; baseline 0.004 -23"><span class='ocrx_word' id='word_1_89' title='bbox 458 1422 463 1429; x_wconf 70' lang='lat'><strong>,</strong></span> <span class='ocrx_word' id='word_1_90' title='bbox 554 1366 670 1431; x_wconf 88' lang='lat' dir='ltr'><strong>vid,</strong></span> <span class='ocrx_word' id='word_1_91' title='bbox 704 1374 765 1422; x_wconf 89' lang='lat' dir='ltr'><strong>ut</strong></span> <span class='ocrx_word' id='word_1_92' title='bbox 802 1368 906 1423; x_wconf 87' lang='lat' dir='ltr'><strong>sibi</strong></span> <span class='ocrx_word' id='word_1_93' title='bbox 945 1369 1142 1439; x_wconf 81' lang='lat' dir='ltr'><strong>spiritu</strong></span> <span class='ocrx_word' id='word_1_94' title='bbox 1181 1370 1345 1441; x_wconf 77' lang='lat'><strong>188</strong></span> <span class='ocrx_word' id='word_1_95' title='bbox 1377 1370 1570 1428; x_wconf 88' lang='lat' dir='ltr'><strong>liceret</strong></span> <span class='ocrx_word' id='word_1_96' title='bbox 1611 1381 1739 1428; x_wconf 87' lang='lat' dir='ltr'><strong>ante</strong></span> <span class='ocrx_word' id='word_1_97' title='bbox 1783 1373 2146 1445; x_wconf 83' lang='lat' dir='ltr'><strong>contemplari</strong></span> 
     </span>
    </p>
   </div>
   <div class='ocr_carea' id='block_1_17' title="bbox 560 1458 2147 1537">
    <p class='ocr_par' dir='ltr' id='par_1_17' title="bbox 560 1458 2147 1537">
     <span class='ocr_line' id='line_1_17' title="bbox 560 1458 2147 1537; baseline 0.004 -24"><span class='ocrx_word' id='word_1_98' title='bbox 560 1458 712 1515; x_wconf 86' lang='lat' dir='ltr'><strong>illius</strong></span> <span class='ocrx_word' id='word_1_99' title='bbox 751 1461 990 1516; x_wconf 87' lang='lat' dir='ltr'><strong>natalem</strong></span> <span class='ocrx_word' id='word_1_100' title='bbox 1027 1462 1235 1528; x_wconf 90' lang='lat' dir='ltr'><strong>locum,</strong></span> <span class='ocrx_word' id='word_1_101' title='bbox 1276 1462 1627 1537; x_wconf 76' lang='lat' dir='ltr'><strong>dixissetque</strong></span> <span class='ocrx_word' id='word_1_102' title='bbox 1658 1465 1830 1522; x_wconf 88' lang='lat' dir='ltr'><strong>verba</strong></span> <span class='ocrx_word' id='word_1_103' title='bbox 1862 1464 1998 1521; x_wconf 88' lang='lat' dir='ltr'><strong>illa:</strong></span> <span class='ocrx_word' id='word_1_104' title='bbox 2029 1485 2048 1519; x_wconf 79' lang='grc' dir='ltr'><strong>ι</strong></span> <span class='ocrx_word' id='word_1_105' title='bbox 2087 1466 2147 1522; x_wconf 92' lang='lat' dir='ltr'><strong>Si</strong></span> 
     </span>
    </p>
   </div>
   <div class='ocr_carea' id='block_1_18' title="bbox 562 1549 2138 1624">
    <p class='ocr_par' dir='ltr' id='par_1_18' title="bbox 562 1549 2138 1624">
     <span class='ocr_line' id='line_1_18' title="bbox 562 1549 2138 1624; baseline 0.006 -20"><span class='ocrx_word' id='word_1_106' title='bbox 562 1549 832 1608; x_wconf 88' lang='lat' dir='ltr'><strong>introiero</strong></span> <span class='ocrx_word' id='word_1_107' title='bbox 882 1553 940 1607; x_wconf 90' lang='lat' dir='ltr'><strong>in</strong></span> <span class='ocrx_word' id='word_1_108' title='bbox 981 1553 1402 1610; x_wconf 86' lang='lat' dir='ltr'><strong>tabernaculum</strong></span> <span class='ocrx_word' id='word_1_109' title='bbox 1444 1556 1644 1613; x_wconf 88' lang='lat' dir='ltr'><strong>domus</strong></span> <span class='ocrx_word' id='word_1_110' title='bbox 1685 1572 1841 1624; x_wconf 70' lang='lat' dir='ltr'><strong>mem,</strong></span> <span class='ocrx_word' id='word_1_111' title='bbox 1876 1558 1924 1615; x_wconf 91' lang='lat' dir='ltr'><strong>si</strong></span> <span class='ocrx_word' id='word_1_112' title='bbox 1953 1572 2138 1614; x_wconf 87' lang='lat' dir='ltr'><strong>ascen-</strong></span> 
     </span>
    </p>
   </div>
   <div class='ocr_carea' id='block_1_19' title="bbox 560 1645 2151 1713">
    <p class='ocr_par' dir='ltr' id='par_1_19' title="bbox 560 1645 2151 1713">
     <span class='ocr_line' id='line_1_19' title="bbox 560 1645 2151 1713; baseline 0.004 -13"><span class='ocrx_word' id='word_1_113' title='bbox 560 1646 694 1700; x_wconf 89' lang='lat' dir='ltr'><strong>dero</strong></span> <span class='ocrx_word' id='word_1_114' title='bbox 720 1645 778 1700; x_wconf 91' lang='lat' dir='ltr'><strong>in</strong></span> <span class='ocrx_word' id='word_1_115' title='bbox 814 1646 1015 1702; x_wconf 91' lang='lat' dir='ltr'><strong>lectum</strong></span> <span class='ocrx_word' id='word_1_116' title='bbox 1044 1646 1206 1701; x_wconf 88' lang='lat' dir='ltr'><strong>strati</strong></span> <span class='ocrx_word' id='word_1_117' title='bbox 1236 1647 1366 1713; x_wconf 89' lang='lat' dir='ltr'><strong>mei,</strong></span> <span class='ocrx_word' id='word_1_118' title='bbox 1395 1647 1444 1704; x_wconf 89' lang='lat' dir='ltr'><strong>si</strong></span> <span class='ocrx_word' id='word_1_119' title='bbox 1482 1647 1688 1705; x_wconf 89' lang='lat' dir='ltr'><strong>dedero</strong></span> <span class='ocrx_word' id='word_1_120' title='bbox 1721 1666 1978 1707; x_wconf 86' lang='lat' dir='ltr'><strong>somnum</strong></span> <span class='ocrx_word' id='word_1_121' title='bbox 2013 1666 2151 1708; x_wconf 90' lang='lat' dir='ltr'><strong>ocu-</strong></span> 
     </span>
    </p>
   </div>
   <div class='ocr_carea' id='block_1_20' title="bbox 557 1738 2151 1809">
    <p class='ocr_par' dir='ltr' id='par_1_20' title="bbox 557 1738 2151 1809">
     <span class='ocr_line' id='line_1_20' title="bbox 557 1738 2151 1809; baseline 0.003 -16"><span class='ocrx_word' id='word_1_122' title='bbox 557 1739 630 1795; x_wconf 86' lang='lat' dir='ltr'><strong>lis</strong></span> <span class='ocrx_word' id='word_1_123' title='bbox 662 1739 821 1801; x_wconf 86' lang='lat' dir='ltr'><strong>meis,</strong></span> <span class='ocrx_word' id='word_1_124' title='bbox 854 1745 908 1793; x_wconf 90' lang='lat' dir='ltr'><strong>et</strong></span> <span class='ocrx_word' id='word_1_125' title='bbox 944 1738 1222 1809; x_wconf 85' lang='lat' dir='ltr'><strong>palpebris</strong></span> <span class='ocrx_word' id='word_1_126' title='bbox 1270 1740 1411 1796; x_wconf 89' lang='lat' dir='ltr'><strong>meis</strong></span> <span class='ocrx_word' id='word_1_127' title='bbox 1444 1738 1929 1807; x_wconf 88' lang='lat' dir='ltr'><strong>dormitationem,</strong></span> <span class='ocrx_word' id='word_1_128' title='bbox 1969 1751 2024 1797; x_wconf 92' lang='lat' dir='ltr'><strong>et</strong></span> <span class='ocrx_word' id='word_1_129' title='bbox 2060 1758 2151 1798; x_wconf 87' lang='lat' dir='ltr'><strong>re-</strong></span> 
     </span>
    </p>
   </div>
   <div class='ocr_carea' id='block_1_21' title="bbox 2242 541 3828 617">
    <p class='ocr_par' dir='ltr' id='par_1_21' title="bbox 2242 541 3828 617">
     <span class='ocr_line' id='line_1_21' title="bbox 2242 541 3828 617; baseline 0 -18"><span class='ocrx_word' id='word_1_130' title='bbox 2242 545 2421 615; x_wconf 88' lang='grc' dir='ltr'>λόγον,</span> <span class='ocrx_word' id='word_1_131' title='bbox 2450 544 2543 599; x_wconf 88' lang='grc' dir='ltr'><strong>τὸν</strong></span> <span class='ocrx_word' id='word_1_132' title='bbox 2572 544 2956 617; x_wconf 89' lang='grc' dir='ltr'>προωδευκότα</span> <span class='ocrx_word' id='word_1_133' title='bbox 2984 542 3079 599; x_wconf 89' lang='grc' dir='ltr'><strong>τοῦ</strong></span> <span class='ocrx_word' id='word_1_134' title='bbox 3104 541 3365 615; x_wconf 80' lang='grc' dir='ltr'><strong>Χριστοῦ,</strong></span> <span class='ocrx_word' id='word_1_135' title='bbox 3393 542 3453 607; x_wconf 80' lang='grc' dir='ltr'>ὃς</span> <span class='ocrx_word' id='word_1_136' title='bbox 3483 541 3642 614; x_wconf 82' lang='grc' dir='ltr'>μόνος</span> <span class='ocrx_word' id='word_1_137' title='bbox 3668 542 3828 615; x_wconf 81' lang='grc' dir='ltr'>ἡλια-</span> 
     </span>
    </p>
   </div>
   <div class='ocr_carea' id='block_1_22' title="bbox 2245 633 3830 708">
    <p class='ocr_par' dir='ltr' id='par_1_22' title="bbox 2245 633 3830 708">
     <span class='ocr_line' id='line_1_22' title="bbox 2245 633 3830 708; baseline -0.002 -17"><span class='ocrx_word' id='word_1_138' title='bbox 2245 636 2343 691; x_wconf 89' lang='grc' dir='ltr'><strong>κοῦ</strong></span> <span class='ocrx_word' id='word_1_139' title='bbox 2374 637 2552 707; x_wconf 79' lang='grc' dir='ltr'>φωτὸς</span> <span class='ocrx_word' id='word_1_140' title='bbox 2578 635 2734 708; x_wconf 89' lang='grc' dir='ltr'>δίκην</span> <span class='ocrx_word' id='word_1_141' title='bbox 2764 638 2877 702; x_wconf 84' lang='grc' dir='ltr'>τοῖς</span> <span class='ocrx_word' id='word_1_142' title='bbox 2900 638 3034 690; x_wconf 79' lang='grc' dir='ltr'>πᾶσι</span> <span class='ocrx_word' id='word_1_143' title='bbox 3058 634 3181 690; x_wconf 85' lang='grc' dir='ltr'>καθ’</span> <span class='ocrx_word' id='word_1_144' title='bbox 3212 635 3340 705; x_wconf 83' lang='grc' dir='ltr'><strong>ὅλης</strong></span> <span class='ocrx_word' id='word_1_145' title='bbox 3368 635 3469 707; x_wconf 85' lang='grc' dir='ltr'><strong>τῆς</strong></span> <span class='ocrx_word' id='word_1_146' title='bbox 3499 633 3830 707; x_wconf 77' lang='grc' dir='ltr'><strong>οἰκουμένης</strong></span> 
     </span>
    </p>
   </div>
   <div class='ocr_carea' id='block_1_23' title="bbox 2245 723 3833 801">
    <p class='ocr_par' dir='ltr' id='par_1_23' title="bbox 2245 723 3833 801">
     <span class='ocr_line' id='line_1_23' title="bbox 2245 723 3833 801; baseline -0.004 -16"><span class='ocrx_word' id='word_1_147' title='bbox 2245 726 2557 801; x_wconf 83' lang='grc' dir='ltr'>ἀνθρώποις</span> <span class='ocrx_word' id='word_1_148' title='bbox 2585 726 2938 782; x_wconf 84' lang='grc' dir='ltr'>ἀνατέταλκε.</span> <span class='ocrx_word' id='word_1_149' title='bbox 2972 725 3084 781; x_wconf 82' lang='grc' dir='ltr'><strong>Καὶ</strong></span> <span class='ocrx_word' id='word_1_150' title='bbox 3114 724 3276 790; x_wconf 80' lang='grc' dir='ltr'>αὐτὸς</span> <span class='ocrx_word' id='word_1_151' title='bbox 3303 725 3361 779; x_wconf 79' lang='grc' dir='ltr'>δὲ</span> <span class='ocrx_word' id='word_1_152' title='bbox 3390 726 3419 778; x_wconf 86' lang='grc' dir='ltr'><strong>ό</strong></span> <span class='ocrx_word' id='word_1_153' title='bbox 3446 723 3611 778; x_wconf 78' lang='grc' dir='ltr'>Δαϐὶδ</span> <span class='ocrx_word' id='word_1_154' title='bbox 3641 723 3833 795; x_wconf 84' lang='grc' dir='ltr'>λύχνος</span> 
     </span>
    </p>
   </div>
   <div class='ocr_carea' id='block_1_24' title="bbox 2246 815 3834 894">
    <p class='ocr_par' dir='ltr' id='par_1_24' title="bbox 2246 815 3834 894">
     <span class='ocr_line' id='line_1_24' title="bbox 2246 815 3834 894; baseline -0.004 -18"><span class='ocrx_word' id='word_1_155' title='bbox 2246 820 2325 894; x_wconf 83' lang='grc' dir='ltr'><strong>τῷ</strong></span> <span class='ocrx_word' id='word_1_156' title='bbox 2360 819 2583 894; x_wconf 80' lang='grc' dir='ltr'><strong>Χριστῷ</strong></span> <span class='ocrx_word' id='word_1_157' title='bbox 2624 819 3050 892; x_wconf 87' lang='grc' dir='ltr'>προητοίμαστο,</span> <span class='ocrx_word' id='word_1_158' title='bbox 3084 818 3160 883; x_wconf 87' lang='grc' dir='ltr'><strong>ώς</strong></span> <span class='ocrx_word' id='word_1_159' title='bbox 3193 815 3495 889; x_wconf 80' lang='grc' dir='ltr'><strong>παραθέσει</strong></span> <span class='ocrx_word' id='word_1_160' title='bbox 3528 815 3701 887; x_wconf 85' lang='grc' dir='ltr'>ήλίου,</span> <span class='ocrx_word' id='word_1_161' title='bbox 3736 815 3834 870; x_wconf 74' lang='grc' dir='ltr'>καὶ</span> 
     </span>
    </p>
   </div>
   <div class='ocr_carea' id='block_1_25' title="bbox 2246 908 3830 985">
    <p class='ocr_par' dir='ltr' id='par_1_25' title="bbox 2246 908 3830 985">
     <span class='ocr_line' id='line_1_25' title="bbox 2246 908 3830 985; baseline -0.004 -16"><span class='ocrx_word' id='word_1_162' title='bbox 2246 910 2455 977; x_wconf 76' lang='grc' dir='ltr'>τελείου</span> <span class='ocrx_word' id='word_1_163' title='bbox 2500 913 2699 985; x_wconf 89' lang='grc' dir='ltr'>φωτὸς,</span> <span class='ocrx_word' id='word_1_164' title='bbox 2766 912 2961 984; x_wconf 81' lang='grc' dir='ltr'>λύχνου</span> <span class='ocrx_word' id='word_1_165' title='bbox 3008 910 3162 981; x_wconf 79' lang='grc' dir='ltr'>τάξιν</span> <span class='ocrx_word' id='word_1_166' title='bbox 3208 910 3440 981; x_wconf 75' lang='grc' dir='ltr'>ἐπέχων.</span> <span class='ocrx_word' id='word_1_167' title='bbox 3482 930 3502 963; x_wconf 86' lang='grc'><strong><em>‹</em></strong></span> <span class='ocrx_word' id='word_1_168' title='bbox 3546 910 3695 963; x_wconf 76' lang='grc' dir='ltr'>Ἐκεῖ</span> <span class='ocrx_word' id='word_1_169' title='bbox 3750 908 3830 976; x_wconf 81' lang='grc' dir='ltr'>δὲ,</span> 
     </span>
    </p>
   </div>
   <div class='ocr_carea' id='block_1_26' title="bbox 2250 1000 3837 1081">
    <p class='ocr_par' dir='ltr' id='par_1_26' title="bbox 2250 1000 3837 1081">
     <span class='ocr_line' id='line_1_26' title="bbox 2250 1000 3837 1081; baseline -0.004 -19"><span class='ocrx_word' id='word_1_170' title='bbox 2250 1009 2458 1081; x_wconf 62' lang='grc' dir='ltr'><strong>φησινἰ</strong></span> <span class='ocrx_word' id='word_1_171' title='bbox 2502 1005 2809 1072; x_wconf 83' lang='grc' dir='ltr'>ὲξανατελῶ</span> <span class='ocrx_word' id='word_1_172' title='bbox 2848 1005 3038 1079; x_wconf 83' lang='grc' dir='ltr'>κέρας,</span> <span class='ocrx_word' id='word_1_173' title='bbox 3069 1021 3090 1056; x_wconf 70' lang='grc' dir='ltr'><strong>ι</strong></span> <span class='ocrx_word' id='word_1_174' title='bbox 3126 1003 3219 1057; x_wconf 90' lang='grc' dir='ltr'><strong>τὸν</strong></span> <span class='ocrx_word' id='word_1_175' title='bbox 3260 1003 3424 1058; x_wconf 89' lang='grc' dir='ltr'>τόπον</span> <span class='ocrx_word' id='word_1_176' title='bbox 3466 1000 3664 1073; x_wconf 86' lang='grc' dir='ltr'>δηλῶν,</span> <span class='ocrx_word' id='word_1_177' title='bbox 3704 1000 3837 1055; x_wconf 75' lang='grc' dir='ltr'>ἔνθα</span> 
     </span>
    </p>
   </div>
   <div class='ocr_carea' id='block_1_27' title="bbox 2252 1094 3839 1173">
    <p class='ocr_par' dir='ltr' id='par_1_27' title="bbox 2252 1094 3839 1173">
     <span class='ocr_line' id='line_1_27' title="bbox 2252 1094 3839 1173; baseline -0.004 -18"><span class='ocrx_word' id='word_1_178' title='bbox 2252 1102 2508 1173; x_wconf 78' lang='grc' dir='ltr'><strong>σημαίνει</strong></span> <span class='ocrx_word' id='word_1_179' title='bbox 2534 1101 2627 1155; x_wconf 84' lang='grc' dir='ltr'><strong>τὸν</strong></span> <span class='ocrx_word' id='word_1_180' title='bbox 2659 1098 2896 1173; x_wconf 84' lang='grc' dir='ltr'>Χριστὸν</span> <span class='ocrx_word' id='word_1_181' title='bbox 2929 1096 3379 1171; x_wconf 84' lang='grc' dir='ltr'>γεννηθήσεσθαι.</span> <span class='ocrx_word' id='word_1_182' title='bbox 3407 1094 3704 1168; x_wconf 82' lang='grc' dir='ltr'>Εὐξαμένῳ</span> <span class='ocrx_word' id='word_1_183' title='bbox 3728 1095 3839 1168; x_wconf 79' lang='grc' dir='ltr'>γὰρ</span> 
     </span>
    </p>
   </div>
   <div class='ocr_carea' id='block_1_28' title="bbox 2249 1187 3840 1265">
    <p class='ocr_par' dir='ltr' id='par_1_28' title="bbox 2249 1187 3840 1265">
     <span class='ocr_line' id='line_1_28' title="bbox 2249 1187 3840 1265; baseline -0.004 -17"><span class='ocrx_word' id='word_1_184' title='bbox 2249 1193 2329 1265; x_wconf 85' lang='grc' dir='ltr'><strong>τῷ</strong></span> <span class='ocrx_word' id='word_1_185' title='bbox 2363 1192 2529 1247; x_wconf 78' lang='grc' dir='ltr'><strong>Δαόὶδ</strong></span> <span class='ocrx_word' id='word_1_186' title='bbox 2560 1192 2653 1247; x_wconf 89' lang='grc' dir='ltr'><strong>τὸν</strong></span> <span class='ocrx_word' id='word_1_187' title='bbox 2691 1191 2857 1245; x_wconf 84' lang='grc' dir='ltr'>τόπον</span> <span class='ocrx_word' id='word_1_188' title='bbox 2883 1190 2963 1262; x_wconf 85' lang='grc' dir='ltr'>τῷ</span> <span class='ocrx_word' id='word_1_189' title='bbox 3001 1188 3278 1261; x_wconf 87' lang='grc' dir='ltr'>πνεύματι</span> <span class='ocrx_word' id='word_1_190' title='bbox 3324 1187 3705 1262; x_wconf 87' lang='grc' dir='ltr'>προθεωρῆσαι</span> <span class='ocrx_word' id='word_1_191' title='bbox 3737 1187 3840 1260; x_wconf 86' lang='grc' dir='ltr'><strong>τῆς</strong></span> 
     </span>
    </p>
   </div>
   <div class='ocr_carea' id='block_1_29' title="bbox 2251 1280 3841 1360">
    <p class='ocr_par' dir='ltr' id='par_1_29' title="bbox 2251 1280 3841 1360">
     <span class='ocr_line' id='line_1_29' title="bbox 2251 1280 3841 1360; baseline -0.004 -17"><span class='ocrx_word' id='word_1_192' title='bbox 2251 1288 2520 1360; x_wconf 86' lang='grc' dir='ltr'>γενέσεως</span> <span class='ocrx_word' id='word_1_193' title='bbox 2550 1285 2645 1340; x_wconf 89' lang='grc' dir='ltr'><strong>τοῦ</strong></span> <span class='ocrx_word' id='word_1_194' title='bbox 2683 1283 2945 1358; x_wconf 78' lang='grc' dir='ltr'><strong>Χριστοῦ,</strong></span> <span class='ocrx_word' id='word_1_195' title='bbox 2982 1283 3219 1356; x_wconf 75' lang='grc' dir='ltr'>φήσαντι</span> <span class='ocrx_word' id='word_1_196' title='bbox 3259 1300 3343 1348; x_wconf 87' lang='grc' dir='ltr'><strong>τε,</strong></span> <span class='ocrx_word' id='word_1_197' title='bbox 3380 1302 3399 1335; x_wconf 75' lang='grc' dir='ltr'><strong>ς</strong></span> <span class='ocrx_word' id='word_1_198' title='bbox 3436 1283 3501 1336; x_wconf 80' lang='lat' dir='ltr'><strong>Ei</strong></span> <span class='ocrx_word' id='word_1_199' title='bbox 3536 1280 3841 1336; x_wconf 75' lang='grc' dir='ltr'>εἰσελεύσο-</span> 
     </span>
    </p>
   </div>
   <div class='ocr_carea' id='block_1_30' title="bbox 2257 1372 3843 1454">
    <p class='ocr_par' dir='ltr' id='par_1_30' title="bbox 2257 1372 3843 1454">
     <span class='ocr_line' id='line_1_30' title="bbox 2257 1372 3843 1454; baseline -0.004 -19"><span class='ocrx_word' id='word_1_200' title='bbox 2257 1399 2355 1454; x_wconf 87' lang='grc' dir='ltr'><strong>μαι</strong></span> <span class='ocrx_word' id='word_1_201' title='bbox 2388 1381 2481 1434; x_wconf 73' lang='grc' dir='ltr'><strong>ἐπὶ</strong></span> <span class='ocrx_word' id='word_1_202' title='bbox 2525 1379 2712 1451; x_wconf 83' lang='grc' dir='ltr'>κλίνης</span> <span class='ocrx_word' id='word_1_203' title='bbox 2749 1376 3039 1451; x_wconf 81' lang='grc' dir='ltr'><strong>στρωμνῆς</strong></span> <span class='ocrx_word' id='word_1_204' title='bbox 3083 1393 3206 1448; x_wconf 91' lang='grc' dir='ltr'>μου,</span> <span class='ocrx_word' id='word_1_205' title='bbox 3240 1377 3290 1429; x_wconf 84' lang='grc' dir='ltr'>εἰ</span> <span class='ocrx_word' id='word_1_206' title='bbox 3333 1372 3492 1429; x_wconf 87' lang='grc' dir='ltr'>δώσω</span> <span class='ocrx_word' id='word_1_207' title='bbox 3515 1373 3683 1430; x_wconf 82' lang='grc' dir='ltr'>ῦπνον</span> <span class='ocrx_word' id='word_1_208' title='bbox 3724 1374 3843 1441; x_wconf 76' lang='grc' dir='ltr'>τοῖς</span> 
     </span>
    </p>
   </div>
   <div class='ocr_carea' id='block_1_31' title="bbox 2253 1466 3845 1547">
    <p class='ocr_par' dir='ltr' id='par_1_31' title="bbox 2253 1466 3845 1547">
     <span class='ocr_line' id='line_1_31' title="bbox 2253 1466 3845 1547; baseline -0.004 -18"><span class='ocrx_word' id='word_1_209' title='bbox 2253 1475 2552 1547; x_wconf 76' lang='grc' dir='ltr'>ὀφθαλμοῖς</span> <span class='ocrx_word' id='word_1_210' title='bbox 2585 1489 2709 1546; x_wconf 87' lang='grc' dir='ltr'>μου,</span> <span class='ocrx_word' id='word_1_211' title='bbox 2756 1472 2851 1525; x_wconf 67' lang='grc' dir='ltr'>καὶ</span> <span class='ocrx_word' id='word_1_212' title='bbox 2878 1472 2991 1536; x_wconf 77' lang='grc' dir='ltr'>τοῖς</span> <span class='ocrx_word' id='word_1_213' title='bbox 3038 1469 3329 1544; x_wconf 81' lang='grc' dir='ltr'>βλεφάροις</span> <span class='ocrx_word' id='word_1_214' title='bbox 3364 1487 3467 1540; x_wconf 88' lang='grc' dir='ltr'><strong>μου</strong></span> <span class='ocrx_word' id='word_1_215' title='bbox 3506 1466 3845 1541; x_wconf 84' lang='grc' dir='ltr'>νυσταγμὸν,</span> 
     </span>
    </p>
   </div>
   <div class='ocr_carea' id='block_1_32' title="bbox 2255 1554 3847 1636">
    <p class='ocr_par' dir='ltr' id='par_1_32' title="bbox 2255 1554 3847 1636">
     <span class='ocr_line' id='line_1_32' title="bbox 2255 1554 3847 1636; baseline -0.003 -16"><span class='ocrx_word' id='word_1_216' title='bbox 2255 1568 2350 1623; x_wconf 72' lang='grc' dir='ltr'>καὶ</span> <span class='ocrx_word' id='word_1_217' title='bbox 2386 1567 2694 1621; x_wconf 83' lang='grc' dir='ltr'>ἀνάπαυσιν</span> <span class='ocrx_word' id='word_1_218' title='bbox 2720 1567 2834 1627; x_wconf 84' lang='grc' dir='ltr'>τοῖς</span> <span class='ocrx_word' id='word_1_219' title='bbox 2866 1562 3160 1636; x_wconf 82' lang='grc' dir='ltr'>κροτάφοις</span> <span class='ocrx_word' id='word_1_220' title='bbox 3188 1581 3313 1636; x_wconf 91' lang='grc' dir='ltr'>μου,</span> <span class='ocrx_word' id='word_1_221' title='bbox 3350 1561 3457 1627; x_wconf 73' lang='grc' dir='ltr'>ἕως</span> <span class='ocrx_word' id='word_1_222' title='bbox 3484 1554 3545 1616; x_wconf 73' lang='grc' dir='ltr'><strong>οὗ</strong></span> <span class='ocrx_word' id='word_1_223' title='bbox 3575 1561 3723 1634; x_wconf 85' lang='grc' dir='ltr'>εῦρω</span> <span class='ocrx_word' id='word_1_224' title='bbox 3753 1561 3847 1616; x_wconf 84' lang='grc' dir='ltr'>τό-</span> 
     </span>
    </p>
   </div>
   <div class='ocr_carea' id='block_1_33' title="bbox 2256 1651 3845 1730">
    <p class='ocr_par' dir='ltr' id='par_1_33' title="bbox 2256 1651 3845 1730">
     <span class='ocr_line' id='line_1_33' title="bbox 2256 1651 3845 1730; baseline -0.005 -17"><span class='ocrx_word' id='word_1_225' title='bbox 2256 1677 2356 1713; x_wconf 88' lang='grc' dir='ltr'><strong>πον</strong></span> <span class='ocrx_word' id='word_1_226' title='bbox 2390 1657 2465 1730; x_wconf 81' lang='grc' dir='ltr'>τῷ</span> <span class='ocrx_word' id='word_1_227' title='bbox 2504 1655 2714 1729; x_wconf 84' lang='grc' dir='ltr'>Κυρίῳ,</span> <span class='ocrx_word' id='word_1_228' title='bbox 2755 1655 3021 1726; x_wconf 78' lang='grc' dir='ltr'>σκήνωμα</span> <span class='ocrx_word' id='word_1_229' title='bbox 3046 1653 3124 1725; x_wconf 85' lang='grc' dir='ltr'>τῷ</span> <span class='ocrx_word' id='word_1_230' title='bbox 3149 1652 3270 1725; x_wconf 88' lang='grc' dir='ltr'>Θεῷ</span> <span class='ocrx_word' id='word_1_231' title='bbox 3304 1651 3498 1707; x_wconf 83' lang='grc' dir='ltr'>Ἰακὼὸ</span> <span class='ocrx_word' id='word_1_232' title='bbox 3521 1692 3538 1719; x_wconf 92' lang='grc'><strong>,</strong></span> <span class='ocrx_word' id='word_1_233' title='bbox 3575 1671 3593 1704; x_wconf 72' lang='grc' dir='ltr'><strong>ι</strong></span> <span class='ocrx_word' id='word_1_234' title='bbox 3629 1653 3845 1707; x_wconf 69' lang='grc' dir='ltr'><strong>ἀποκςιι⁴</strong></span> 
     </span>
    </p>
   </div>
   <div class='ocr_carea' id='block_1_34' title="bbox 2255 1744 3846 1818">
    <p class='ocr_par' dir='ltr' id='par_1_34' title="bbox 2255 1744 3846 1818">
     <span class='ocr_line' id='line_1_34' title="bbox 2255 1744 3846 1818; baseline -0.004 -13"><span class='ocrx_word' id='word_1_235' title='bbox 2255 1751 2448 1805; x_wconf 88' lang='grc' dir='ltr'>λύπτει</span> <span class='ocrx_word' id='word_1_236' title='bbox 2490 1750 2551 1804; x_wconf 88' lang='grc' dir='ltr'><strong>τὸ</strong></span> <span class='ocrx_word' id='word_1_237' title='bbox 2589 1749 2731 1803; x_wconf 80' lang='grc' dir='ltr'>θεῖον</span> <span class='ocrx_word' id='word_1_238' title='bbox 2780 1746 3008 1818; x_wconf 85' lang='grc' dir='ltr'>Πνεῦμα</span> <span class='ocrx_word' id='word_1_239' title='bbox 3036 1746 3128 1801; x_wconf 90' lang='grc' dir='ltr'><strong>τὸν</strong></span> <span class='ocrx_word' id='word_1_240' title='bbox 3157 1748 3215 1801; x_wconf 83' lang='grc' dir='ltr'>ὲν</span> <span class='ocrx_word' id='word_1_241' title='bbox 3255 1744 3503 1817; x_wconf 78' lang='grc' dir='ltr'>Βηθλεὲμ</span> <span class='ocrx_word' id='word_1_242' title='bbox 3529 1745 3714 1800; x_wconf 84' lang='grc' dir='ltr'>τόπον.</span> <span class='ocrx_word' id='word_1_243' title='bbox 3751 1745 3846 1799; x_wconf 88' lang='grc' dir='ltr'>Διὸ</span> 
     </span>
    </p>
   </div>
   <div class='ocr_carea' id='block_1_35' title="bbox 560 1830 2158 1917">
    <p class='ocr_par' dir='ltr' id='par_1_35' title="bbox 560 1831 2150 1901">
     <span class='ocr_line' id='line_1_35' title="bbox 560 1831 2150 1901; baseline 0.002 -16"><span class='ocrx_word' id='word_1_244' title='bbox 560 1832 746 1901; x_wconf 88' lang='lat' dir='ltr'><strong>quiem</strong></span> <span class='ocrx_word' id='word_1_245' title='bbox 798 1831 1145 1901; x_wconf 86' lang='lat' dir='ltr'><strong>temporibus</strong></span> <span class='ocrx_word' id='word_1_246' title='bbox 1197 1832 1370 1896; x_wconf 89' lang='lat' dir='ltr'><strong>meis,</strong></span> <span class='ocrx_word' id='word_1_247' title='bbox 1424 1831 1603 1887; x_wconf 90' lang='lat' dir='ltr'><strong>donec</strong></span> <span class='ocrx_word' id='word_1_248' title='bbox 1652 1833 1925 1889; x_wconf 84' lang='lat' dir='ltr'><strong>inveniam</strong></span> <span class='ocrx_word' id='word_1_249' title='bbox 1971 1833 2150 1890; x_wconf 89' lang='lat' dir='ltr'><strong>locum</strong></span> 
     </span>
    </p>
   </div>
   <div class='ocr_carea' id='block_1_36' title="bbox 2264 1830 3848 1917">
    <p class='ocr_par' dir='ltr' id='par_1_36' title="bbox 2264 1837 3848 1917">
     <span class='ocr_line' id='line_1_36' title="bbox 2264 1837 3848 1917; baseline -0.003 -20"><span class='ocrx_word' id='word_1_250' title='bbox 2264 1844 2505 1917; x_wconf 64' lang='grc' dir='ltr'>ἐπιφέρει</span> <span class='ocrx_word' id='word_1_251' title='bbox 2563 1842 2739 1912; x_wconf 86' lang='grc' dir='ltr'>λέγων</span> <span class='ocrx_word' id='word_1_252' title='bbox 2766 1859 2780 1873; x_wconf 87' lang='grc'><strong>·</strong></span> <span class='ocrx_word' id='word_1_253' title='bbox 2855 1857 2878 1894; x_wconf 74' lang='grc'><strong>1</strong></span> <span class='ocrx_word' id='word_1_254' title='bbox 2946 1840 3080 1894; x_wconf 80' lang='grc' dir='ltr'>Ἰδοὺ</span> <span class='ocrx_word' id='word_1_255' title='bbox 3153 1839 3472 1910; x_wconf 77' lang='grc' dir='ltr'>ἠκούσαμεν</span> <span class='ocrx_word' id='word_1_256' title='bbox 3543 1837 3712 1910; x_wconf 76' lang='grc' dir='ltr'>αὐτὴν</span> <span class='ocrx_word' id='word_1_257' title='bbox 3784 1839 3848 1917; x_wconf 60' lang='grc' dir='ltr'><strong>έν</strong></span> 
     </span>
    </p>
   </div>
   <div class='ocr_carea' id='block_1_37' title="bbox 560 1924 2156 1999">
    <p class='ocr_par' dir='ltr' id='par_1_37' title="bbox 560 1924 2156 1999">
     <span class='ocr_line' id='line_1_37' title="bbox 560 1924 2156 1999; baseline 0.003 -22"><span class='ocrx_word' id='word_1_258' title='bbox 560 1924 814 1987; x_wconf 85' lang='lat' dir='ltr'><strong>Domino,</strong></span> <span class='ocrx_word' id='word_1_259' title='bbox 842 1926 1267 1980; x_wconf 84' lang='lat' dir='ltr'><strong>tabernaculum</strong></span> <span class='ocrx_word' id='word_1_260' title='bbox 1296 1924 1408 1982; x_wconf 93' lang='lat' dir='ltr'><strong>Deo</strong></span> <span class='ocrx_word' id='word_1_261' title='bbox 1435 1924 1607 1995; x_wconf 78' lang='lat' dir='ltr'><strong>Jacob</strong></span> <span class='ocrx_word' id='word_1_262' title='bbox 1628 1926 1696 1992; x_wconf 81' lang='grc'><strong>⁸⁷,</strong></span> <span class='ocrx_word' id='word_1_263' title='bbox 1737 1945 1756 1977; x_wconf 76' lang='grc' dir='ltr'><strong>ι</strong></span> <span class='ocrx_word' id='word_1_264' title='bbox 1792 1924 2017 1983; x_wconf 87' lang='lat' dir='ltr'><strong>divinus</strong></span> <span class='ocrx_word' id='word_1_265' title='bbox 2041 1927 2156 1999; x_wconf 87' lang='lat' dir='ltr'><strong>spi-</strong></span> 
     </span>
    </p>
   </div>
   <div class='ocr_carea' id='block_1_38' title="bbox 561 2017 2154 2088">
    <p class='ocr_par' dir='ltr' id='par_1_38' title="bbox 561 2017 2154 2088">
     <span class='ocr_line' id='line_1_38' title="bbox 561 2017 2154 2088; baseline 0.003 -16"><span class='ocrx_word' id='word_1_266' title='bbox 561 2018 704 2073; x_wconf 86' lang='lat' dir='ltr'><strong>ritus</strong></span> <span class='ocrx_word' id='word_1_267' title='bbox 739 2018 788 2073; x_wconf 89' lang='lat' dir='ltr'><strong>ei</strong></span> <span class='ocrx_word' id='word_1_268' title='bbox 824 2018 1027 2081; x_wconf 91' lang='lat' dir='ltr'><strong>locum,</strong></span> <span class='ocrx_word' id='word_1_269' title='bbox 1054 2017 1147 2088; x_wconf 90' lang='lat' dir='ltr'><strong>qui</strong></span> <span class='ocrx_word' id='word_1_270' title='bbox 1175 2025 1264 2074; x_wconf 89' lang='lat' dir='ltr'><strong>cst</strong></span> <span class='ocrx_word' id='word_1_271' title='bbox 1296 2019 1352 2074; x_wconf 91' lang='lat' dir='ltr'><strong>in</strong></span> <span class='ocrx_word' id='word_1_272' title='bbox 1389 2018 1705 2076; x_wconf 88' lang='lat' dir='ltr'><strong>Bethlehcm</strong></span> <span class='ocrx_word' id='word_1_273' title='bbox 1739 2020 2018 2075; x_wconf 85' lang='lat' dir='ltr'><strong>occultum</strong></span> <span class='ocrx_word' id='word_1_274' title='bbox 2058 2020 2154 2076; x_wconf 80' lang='lat' dir='ltr'><strong>de-</strong></span> 
     </span>
    </p>
   </div>
   <div class='ocr_carea' id='block_1_39' title="bbox 562 2110 2156 2183">
    <p class='ocr_par' dir='ltr' id='par_1_39' title="bbox 562 2110 2156 2183">
     <span class='ocr_line' id='line_1_39' title="bbox 562 2110 2156 2183; baseline 0.002 -18"><span class='ocrx_word' id='word_1_275' title='bbox 562 2112 721 2183; x_wconf 77' lang='lat' dir='ltr'><strong>tegit.</strong></span> <span class='ocrx_word' id='word_1_276' title='bbox 764 2113 951 2181; x_wconf 87' lang='lat' dir='ltr'><strong>Itaque</strong></span> <span class='ocrx_word' id='word_1_277' title='bbox 983 2112 1288 2183; x_wconf 77' lang='lat' dir='ltr'><strong>subiungit,</strong></span> <span class='ocrx_word' id='word_1_278' title='bbox 1336 2112 1529 2169; x_wconf 90' lang='lat' dir='ltr'><strong>dicens</strong></span> <span class='ocrx_word' id='word_1_279' title='bbox 1563 2131 1576 2167; x_wconf 90' lang='lat'><strong>:</strong></span> <span class='ocrx_word' id='word_1_280' title='bbox 1607 2130 1627 2163; x_wconf 75' lang='grc' dir='ltr'><strong>ι</strong></span> <span class='ocrx_word' id='word_1_281' title='bbox 1663 2110 1806 2168; x_wconf 86' lang='lat' dir='ltr'><strong>Ecce</strong></span> <span class='ocrx_word' id='word_1_282' title='bbox 1844 2112 2156 2168; x_wconf 83' lang='lat' dir='ltr'><strong>audivimus</strong></span> 
     </span>
    </p>
   </div>
   <div class='ocr_carea' id='block_1_40' title="bbox 564 2202 2154 2276">
    <p class='ocr_par' dir='ltr' id='par_1_40' title="bbox 564 2202 2154 2276">
     <span class='ocr_line' id='line_1_40' title="bbox 564 2202 2154 2276; baseline -0.001 -16"><span class='ocrx_word' id='word_1_283' title='bbox 564 2220 684 2260; x_wconf 84' lang='lat' dir='ltr'><strong>eam</strong></span> <span class='ocrx_word' id='word_1_284' title='bbox 724 2205 778 2259; x_wconf 90' lang='lat' dir='ltr'><strong>in</strong></span> <span class='ocrx_word' id='word_1_285' title='bbox 802 2203 1074 2275; x_wconf 87' lang='lat' dir='ltr'><strong>Ephrata;</strong></span> <span class='ocrx_word' id='word_1_286' title='bbox 1103 2223 1121 2255; x_wconf 77' lang='grc' dir='ltr'><strong>ι</strong></span> <span class='ocrx_word' id='word_1_287' title='bbox 1149 2204 1340 2276; x_wconf 87' lang='lat' dir='ltr'><strong>(porro</strong></span> <span class='ocrx_word' id='word_1_288' title='bbox 1359 2204 1475 2259; x_wconf 67' lang='lat' dir='ltr'><strong>haec</strong></span> <span class='ocrx_word' id='word_1_289' title='bbox 1527 2213 1613 2261; x_wconf 89' lang='lat' dir='ltr'><strong>est</strong></span> <span class='ocrx_word' id='word_1_290' title='bbox 1655 2205 1777 2276; x_wconf 88' lang='lat' dir='ltr'><strong>ipsa</strong></span> <span class='ocrx_word' id='word_1_291' title='bbox 1814 2202 2154 2274; x_wconf 83' lang='lat' dir='ltr'><strong>Bethlehcm)</strong></span> 
     </span>
    </p>
   </div>
   <div class='ocr_carea' id='block_1_41' title="bbox 567 2295 2154 2366">
    <p class='ocr_par' dir='ltr' id='par_1_41' title="bbox 567 2295 2154 2366">
     <span class='ocr_line' id='line_1_41' title="bbox 567 2295 2154 2366; baseline -0.001 -16"><span class='ocrx_word' id='word_1_292' title='bbox 567 2315 591 2349; x_wconf 68' lang='grc' dir='ltr'><strong>ι</strong></span> <span class='ocrx_word' id='word_1_293' title='bbox 626 2296 934 2354; x_wconf 87' lang='lat' dir='ltr'><strong>invenimus</strong></span> <span class='ocrx_word' id='word_1_294' title='bbox 986 2309 1106 2352; x_wconf 89' lang='lat' dir='ltr'><strong>eam</strong></span> <span class='ocrx_word' id='word_1_295' title='bbox 1150 2296 1205 2351; x_wconf 92' lang='lat' dir='ltr'><strong>in</strong></span> <span class='ocrx_word' id='word_1_296' title='bbox 1247 2296 1459 2366; x_wconf 88' lang='lat' dir='ltr'><strong>campis</strong></span> <span class='ocrx_word' id='word_1_297' title='bbox 1495 2296 1669 2361; x_wconf 66' lang='lat' dir='ltr'><strong>silvae,</strong></span> <span class='ocrx_word' id='word_1_298' title='bbox 1709 2296 2062 2352; x_wconf 87' lang='lat' dir='ltr'><strong>introibimus</strong></span> <span class='ocrx_word' id='word_1_299' title='bbox 2098 2295 2154 2350; x_wconf 94' lang='lat' dir='ltr'><strong>in</strong></span> 
     </span>
    </p>
   </div>
   <div class='ocr_carea' id='block_1_42' title="bbox 563 2386 2155 2457">
    <p class='ocr_par' dir='ltr' id='par_1_42' title="bbox 563 2386 2155 2457">
     <span class='ocr_line' id='line_1_42' title="bbox 563 2386 2155 2457; baseline 0.001 -15"><span class='ocrx_word' id='word_1_300' title='bbox 563 2388 985 2444; x_wconf 88' lang='lat' dir='ltr'><strong>tabernaculum</strong></span> <span class='ocrx_word' id='word_1_301' title='bbox 1024 2386 1168 2457; x_wconf 83' lang='lat' dir='ltr'><strong>ejus,</strong></span> <span class='ocrx_word' id='word_1_302' title='bbox 1220 2388 1575 2445; x_wconf 84' lang='lat' dir='ltr'><strong>adorabimus</strong></span> <span class='ocrx_word' id='word_1_303' title='bbox 1612 2389 1669 2444; x_wconf 90' lang='lat' dir='ltr'><strong>in</strong></span> <span class='ocrx_word' id='word_1_304' title='bbox 1700 2389 1825 2444; x_wconf 91' lang='lat' dir='ltr'><strong>loco</strong></span> <span class='ocrx_word' id='word_1_305' title='bbox 1865 2387 1960 2444; x_wconf 86' lang='lat' dir='ltr'><strong>ubi</strong></span> <span class='ocrx_word' id='word_1_306' title='bbox 1987 2393 2155 2444; x_wconf 88' lang='lat' dir='ltr'><strong>stete-</strong></span> 
     </span>
    </p>
   </div>
   <div class='ocr_carea' id='block_1_43' title="bbox 565 2483 2156 2556">
    <p class='ocr_par' dir='ltr' id='par_1_43' title="bbox 565 2483 2156 2556">
     <span class='ocr_line' id='line_1_43' title="bbox 565 2483 2156 2556; baseline 0.001 -18"><span class='ocrx_word' id='word_1_307' title='bbox 565 2493 695 2539; x_wconf 91' lang='lat' dir='ltr'><strong>runt</strong></span> <span class='ocrx_word' id='word_1_308' title='bbox 720 2483 885 2555; x_wconf 89' lang='lat' dir='ltr'><strong>pedes</strong></span> <span class='ocrx_word' id='word_1_309' title='bbox 927 2484 1051 2556; x_wconf 87' lang='lat' dir='ltr'><strong>ejus</strong></span> <span class='ocrx_word' id='word_1_310' title='bbox 1081 2485 1147 2539; x_wconf 78' lang='grc'><strong>⁸⁸.</strong></span> <span class='ocrx_word' id='word_1_311' title='bbox 1183 2502 1202 2537; x_wconf 73' lang='grc' dir='ltr'><strong>ι</strong></span> <span class='ocrx_word' id='word_1_312' title='bbox 1244 2483 1426 2551; x_wconf 87' lang='lat' dir='ltr'><strong>Quare</strong></span> <span class='ocrx_word' id='word_1_313' title='bbox 1465 2486 1665 2541; x_wconf 87' lang='lat' dir='ltr'><strong>merito</strong></span> <span class='ocrx_word' id='word_1_314' title='bbox 1707 2494 1997 2556; x_wconf 89' lang='lat' dir='ltr'><strong>postquam</strong></span> <span class='ocrx_word' id='word_1_315' title='bbox 2038 2484 2156 2540; x_wconf 70' lang='lat' dir='ltr'><strong>haec</strong></span> 
     </span>
    </p>
   </div>
   <div class='ocr_carea' id='block_1_44' title="bbox 564 2576 2152 2649">
    <p class='ocr_par' dir='ltr' id='par_1_44' title="bbox 564 2576 2152 2649">
     <span class='ocr_line' id='line_1_44' title="bbox 564 2576 2152 2649; baseline 0.002 -20"><span class='ocrx_word' id='word_1_316' title='bbox 564 2576 783 2646; x_wconf 88' lang='lat' dir='ltr'><strong>aperuit</strong></span> <span class='ocrx_word' id='word_1_317' title='bbox 808 2583 973 2648; x_wconf 88' lang='lat' dir='ltr'><strong>atque</strong></span> <span class='ocrx_word' id='word_1_318' title='bbox 1002 2576 1286 2641; x_wconf 86' lang='lat' dir='ltr'><strong>indicavit,</strong></span> <span class='ocrx_word' id='word_1_319' title='bbox 1312 2576 1564 2649; x_wconf 81' lang='lat' dir='ltr'><strong>adjungit</strong></span> <span class='ocrx_word' id='word_1_320' title='bbox 1599 2594 1612 2630; x_wconf 92' lang='lat'>:</span> <span class='ocrx_word' id='word_1_321' title='bbox 1647 2595 1666 2629; x_wconf 88' lang='grc'><strong>‹</strong></span> <span class='ocrx_word' id='word_1_322' title='bbox 1703 2576 1822 2634; x_wconf 91' lang='lat' dir='ltr'><strong>Illic</strong></span> <span class='ocrx_word' id='word_1_323' title='bbox 1853 2578 2152 2649; x_wconf 83' lang='lat' dir='ltr'><strong>producam</strong></span> 
     </span>
    </p>
   </div>
   <div class='ocr_carea' id='block_1_45' title="bbox 567 2668 2146 2742">
    <p class='ocr_par' dir='ltr' id='par_1_45' title="bbox 567 2668 2146 2742">
     <span class='ocr_line' id='line_1_45' title="bbox 567 2668 2146 2742; baseline 0 -19"><span class='ocrx_word' id='word_1_324' title='bbox 567 2684 742 2723; x_wconf 86' lang='lat' dir='ltr'><strong>cornu</strong></span> <span class='ocrx_word' id='word_1_325' title='bbox 778 2669 883 2741; x_wconf 91' lang='lat' dir='ltr'><strong>ipsi</strong></span> <span class='ocrx_word' id='word_1_326' title='bbox 928 2668 1119 2735; x_wconf 88' lang='lat' dir='ltr'><strong>David,</strong></span> <span class='ocrx_word' id='word_1_327' title='bbox 1151 2671 1343 2742; x_wconf 89' lang='lat' dir='ltr'><strong>paravi</strong></span> <span class='ocrx_word' id='word_1_328' title='bbox 1381 2671 1665 2727; x_wconf 88' lang='lat' dir='ltr'><strong>lucernam</strong></span> <span class='ocrx_word' id='word_1_329' title='bbox 1698 2669 1919 2727; x_wconf 89' lang='lat' dir='ltr'><strong>Christo</strong></span> <span class='ocrx_word' id='word_1_330' title='bbox 1945 2686 2089 2727; x_wconf 91' lang='lat' dir='ltr'><strong>meo.</strong></span> <span class='ocrx_word' id='word_1_331' title='bbox 2127 2690 2146 2723; x_wconf 74' lang='grc' dir='ltr'><strong>ι</strong></span> 
     </span>
    </p>
   </div>
   <div class='ocr_carea' id='block_1_46' title="bbox 563 2757 2154 2834">
    <p class='ocr_par' dir='ltr' id='par_1_46' title="bbox 563 2757 2154 2834">
     <span class='ocr_line' id='line_1_46' title="bbox 563 2757 2154 2834; baseline 0.003 -19"><span class='ocrx_word' id='word_1_332' title='bbox 563 2757 827 2815; x_wconf 85' lang='lat' dir='ltr'><strong>Fortasse</strong></span> <span class='ocrx_word' id='word_1_333' title='bbox 873 2763 1037 2817; x_wconf 90' lang='lat' dir='ltr'><strong>ctiam</strong></span> <span class='ocrx_word' id='word_1_334' title='bbox 1080 2763 1263 2834; x_wconf 88' lang='lat' dir='ltr'><strong>ipsum</strong></span> <span class='ocrx_word' id='word_1_335' title='bbox 1309 2763 1369 2818; x_wconf 90' lang='lat' dir='ltr'><strong>in</strong></span> <span class='ocrx_word' id='word_1_336' title='bbox 1407 2762 1724 2819; x_wconf 87' lang='lat' dir='ltr'><strong>Bethlehcm</strong></span> <span class='ocrx_word' id='word_1_337' title='bbox 1754 2778 1785 2816; x_wconf 91' lang='lat' dir='ltr'><strong>a</strong></span> <span class='ocrx_word' id='word_1_338' title='bbox 1811 2762 2034 2819; x_wconf 88' lang='lat' dir='ltr'><strong>Christo</strong></span> <span class='ocrx_word' id='word_1_339' title='bbox 2062 2778 2154 2820; x_wconf 88' lang='lat' dir='ltr'><strong>as-</strong></span> 
     </span>
    </p>
   </div>
   <div class='ocr_carea' id='block_1_47' title="bbox 566 2851 2155 2924">
    <p class='ocr_par' dir='ltr' id='par_1_47' title="bbox 566 2851 2155 2924">
     <span class='ocr_line' id='line_1_47' title="bbox 566 2851 2155 2924; baseline 0.001 -17"><span class='ocrx_word' id='word_1_340' title='bbox 566 2858 853 2920; x_wconf 70' lang='lat' dir='ltr'><strong>Sumptum</strong></span> <span class='ocrx_word' id='word_1_341' title='bbox 897 2867 1122 2924; x_wconf 87' lang='lat' dir='ltr'><strong>corpus,</strong></span> <span class='ocrx_word' id='word_1_342' title='bbox 1154 2853 1262 2908; x_wconf 88' lang='lat' dir='ltr'><strong>alio</strong></span> <span class='ocrx_word' id='word_1_343' title='bbox 1283 2853 1520 2924; x_wconf 90' lang='lat' dir='ltr'><strong>quodam</strong></span> <span class='ocrx_word' id='word_1_344' title='bbox 1557 2852 1834 2908; x_wconf 91' lang='lat' dir='ltr'><strong>intellectu</strong></span> <span class='ocrx_word' id='word_1_345' title='bbox 1854 2851 1942 2909; x_wconf 87' lang='lat' dir='ltr'><strong>his</strong></span> <span class='ocrx_word' id='word_1_346' title='bbox 1971 2853 2155 2909; x_wconf 89' lang='lat' dir='ltr'><strong>verbis</strong></span> 
     </span>
    </p>
   </div>
   <div class='ocr_carea' id='block_1_48' title="bbox 567 2944 2156 3016">
    <p class='ocr_par' dir='ltr' id='par_1_48' title="bbox 567 2944 2156 3016">
     <span class='ocr_line' id='line_1_48' title="bbox 567 2944 2156 3016; baseline -0.001 -17"><span class='ocrx_word' id='word_1_347' title='bbox 567 2945 927 3015; x_wconf 85' lang='lat' dir='ltr'><strong>signiﬁcans:</strong></span> <span class='ocrx_word' id='word_1_348' title='bbox 957 2944 1178 3016; x_wconf 90' lang='lat' dir='ltr'><strong>quando</strong></span> <span class='ocrx_word' id='word_1_349' title='bbox 1210 2960 1309 3016; x_wconf 89' lang='lat' dir='ltr'><strong>per</strong></span> <span class='ocrx_word' id='word_1_350' title='bbox 1340 2960 1542 3015; x_wconf 90' lang='lat' dir='ltr'><strong>corpus</strong></span> <span class='ocrx_word' id='word_1_351' title='bbox 1573 2952 1834 3015; x_wconf 87' lang='lat' dir='ltr'><strong>tanquam</strong></span> <span class='ocrx_word' id='word_1_352' title='bbox 1867 2960 1965 3015; x_wconf 90' lang='lat' dir='ltr'><strong>per</strong></span> <span class='ocrx_word' id='word_1_353' title='bbox 1986 2951 2156 3001; x_wconf 87' lang='lat' dir='ltr'><strong>testa-</strong></span> 
     </span>
    </p>
   </div>
   <div class='ocr_carea' id='block_1_49' title="bbox 2262 1906 3850 2008">
    <p class='ocr_par' dir='ltr' id='par_1_49' title="bbox 2262 1906 3850 2008">
     <span class='ocr_line' id='line_1_49' title="bbox 2262 1906 3850 2008; baseline -0.004 -17"><span class='ocrx_word' id='word_1_354' title='bbox 2262 1906 2528 2007; x_wconf 59' lang='grc' dir='ltr'><strong>Ἐφραθά⁸</strong></span> <span class='ocrx_word' id='word_1_355' title='bbox 2565 1954 2583 1987; x_wconf 72' lang='grc' dir='ltr'><strong>ι</strong></span> <span class='ocrx_word' id='word_1_356' title='bbox 2619 1906 2779 2008; x_wconf 75' lang='grc' dir='ltr'>(αὕτη</span> <span class='ocrx_word' id='word_1_357' title='bbox 2804 1934 2862 1989; x_wconf 88' lang='grc' dir='ltr'><strong>δέ</strong></span> <span class='ocrx_word' id='word_1_358' title='bbox 2892 1935 3038 1988; x_wconf 76' lang='grc' dir='ltr'>ἐστιν</span> <span class='ocrx_word' id='word_1_359' title='bbox 3068 1933 3102 2004; x_wconf 89' lang='grc' dir='ltr'><strong>ή</strong></span> <span class='ocrx_word' id='word_1_360' title='bbox 3137 1906 3407 2005; x_wconf 76' lang='grc' dir='ltr'>Βηθλεέμ)</span> <span class='ocrx_word' id='word_1_361' title='bbox 3443 1950 3463 1983; x_wconf 75' lang='grc' dir='ltr'><strong>ι</strong></span> <span class='ocrx_word' id='word_1_362' title='bbox 3487 1906 3723 2002; x_wconf 74' lang='grc' dir='ltr'>εὕρομεν</span> <span class='ocrx_word' id='word_1_363' title='bbox 3748 1906 3850 1984; x_wconf 67' lang='grc' dir='ltr'>αύ-</span> 
     </span>
    </p>
   </div>
   <div class='ocr_carea' id='block_1_50' title="bbox 2250 2022 3855 2104">
    <p class='ocr_par' dir='ltr' id='par_1_50' title="bbox 2250 2022 3855 2104">
     <span class='ocr_line' id='line_1_50' title="bbox 2250 2022 3855 2104; baseline -0.002 -20"><span class='ocrx_word' id='word_1_364' title='bbox 2250 2030 2348 2104; x_wconf 77' lang='grc' dir='ltr'>τὴν</span> <span class='ocrx_word' id='word_1_365' title='bbox 2382 2032 2440 2083; x_wconf 82' lang='grc' dir='ltr'>ὲν</span> <span class='ocrx_word' id='word_1_366' title='bbox 2483 2031 2596 2093; x_wconf 81' lang='grc' dir='ltr'>τοῖς</span> <span class='ocrx_word' id='word_1_367' title='bbox 2628 2028 2833 2092; x_wconf 79' lang='grc' dir='ltr'>πεδίοις</span> <span class='ocrx_word' id='word_1_368' title='bbox 2879 2024 2974 2080; x_wconf 90' lang='grc' dir='ltr'><strong>τοῦ</strong></span> <span class='ocrx_word' id='word_1_369' title='bbox 3019 2025 3247 2098; x_wconf 89' lang='grc' dir='ltr'>δρυμοῦ.</span> <span class='ocrx_word' id='word_1_370' title='bbox 3287 2022 3725 2094; x_wconf 84' lang='grc' dir='ltr'>Εἰσελευσόμεθα</span> <span class='ocrx_word' id='word_1_371' title='bbox 3768 2025 3855 2087; x_wconf 77' lang='grc' dir='ltr'>εἰς</span> 
     </span>
    </p>
   </div>
   <div class='ocr_carea' id='block_1_51' title="bbox 2250 2116 3854 2194">
    <p class='ocr_par' dir='ltr' id='par_1_51' title="bbox 2250 2116 3854 2194">
     <span class='ocr_line' id='line_1_51' title="bbox 2250 2116 3854 2194; baseline -0.005 -17"><span class='ocrx_word' id='word_1_372' title='bbox 2250 2123 2321 2177; x_wconf 82' lang='grc' dir='ltr'><strong>τὰ</strong></span> <span class='ocrx_word' id='word_1_373' title='bbox 2355 2120 2690 2194; x_wconf 82' lang='grc' dir='ltr'>σκηνώματα</span> <span class='ocrx_word' id='word_1_374' title='bbox 2720 2118 2910 2183; x_wconf 81' lang='grc' dir='ltr'>αὑτοῦ,</span> <span class='ocrx_word' id='word_1_375' title='bbox 2942 2120 3393 2192; x_wconf 84' lang='grc' dir='ltr'>προσκυνήσομεν</span> <span class='ocrx_word' id='word_1_376' title='bbox 3425 2119 3506 2181; x_wconf 85' lang='grc' dir='ltr'><strong>είς</strong></span> <span class='ocrx_word' id='word_1_377' title='bbox 3541 2116 3633 2170; x_wconf 85' lang='grc' dir='ltr'><strong>τὸν</strong></span> <span class='ocrx_word' id='word_1_378' title='bbox 3658 2116 3854 2181; x_wconf 76' lang='grc' dir='ltr'>τόπον,</span> 
     </span>
    </p>
   </div>
   <div class='ocr_carea' id='block_1_52' title="bbox 2253 2205 3855 2288">
    <p class='ocr_par' dir='ltr' id='par_1_52' title="bbox 2253 2205 3855 2288">
     <span class='ocr_line' id='line_1_52' title="bbox 2253 2205 3855 2288; baseline -0.006 -18"><span class='ocrx_word' id='word_1_379' title='bbox 2253 2210 2315 2270; x_wconf 77' lang='grc' dir='ltr'><strong>οῦ</strong></span> <span class='ocrx_word' id='word_1_380' title='bbox 2342 2214 2582 2288; x_wconf 82' lang='grc' dir='ltr'>ἔστησαν</span> <span class='ocrx_word' id='word_1_381' title='bbox 2610 2215 2661 2267; x_wconf 75' lang='grc' dir='ltr'>οἱ</span> <span class='ocrx_word' id='word_1_382' title='bbox 2691 2213 2852 2278; x_wconf 84' lang='grc' dir='ltr'>πόδες</span> <span class='ocrx_word' id='word_1_383' title='bbox 2892 2210 3080 2266; x_wconf 78' lang='grc' dir='ltr'>αὐτοῦ.</span> <span class='ocrx_word' id='word_1_384' title='bbox 3117 2231 3135 2266; x_wconf 76' lang='grc' dir='ltr'><strong>ι</strong></span> <span class='ocrx_word' id='word_1_385' title='bbox 3171 2211 3414 2275; x_wconf 78' lang='grc' dir='ltr'>Εἰκότως</span> <span class='ocrx_word' id='word_1_386' title='bbox 3443 2205 3535 2264; x_wconf 82' lang='grc' dir='ltr'><strong>οῦν</strong></span> <span class='ocrx_word' id='word_1_387' title='bbox 3570 2208 3710 2286; x_wconf 82' lang='grc' dir='ltr'><strong>μετά</strong></span> <span class='ocrx_word' id='word_1_388' title='bbox 3752 2208 3855 2280; x_wconf 78' lang='grc' dir='ltr'>τὴν</span> 
     </span>
    </p>
   </div>
   <div class='ocr_carea' id='block_1_53' title="bbox 2252 2300 3853 2379">
    <p class='ocr_par' dir='ltr' id='par_1_53' title="bbox 2252 2300 3853 2379">
     <span class='ocr_line' id='line_1_53' title="bbox 2252 2300 3853 2379; baseline -0.005 -18"><span class='ocrx_word' id='word_1_389' title='bbox 2252 2307 2457 2361; x_wconf 88' lang='grc' dir='ltr'>τούτων</span> <span class='ocrx_word' id='word_1_390' title='bbox 2491 2301 2801 2379; x_wconf 87' lang='grc' dir='ltr'>φανέρωσιν</span> <span class='ocrx_word' id='word_1_391' title='bbox 2845 2304 3089 2375; x_wconf 75' lang='grc' dir='ltr'>ἐπιλέγει</span> <span class='ocrx_word' id='word_1_392' title='bbox 3112 2322 3126 2335; x_wconf 86' lang='grc'><strong>·</strong></span> <span class='ocrx_word' id='word_1_393' title='bbox 3164 2324 3183 2356; x_wconf 76' lang='grc' dir='ltr'><strong>ι</strong></span> <span class='ocrx_word' id='word_1_394' title='bbox 3236 2304 3385 2358; x_wconf 79' lang='grc' dir='ltr'>Ἐκεῖ</span> <span class='ocrx_word' id='word_1_395' title='bbox 3423 2300 3728 2367; x_wconf 77' lang='grc' dir='ltr'>ὲξανατελῶ</span> <span class='ocrx_word' id='word_1_396' title='bbox 3753 2300 3853 2354; x_wconf 90' lang='grc' dir='ltr'>κέ-</span> 
     </span>
    </p>
   </div>
   <div class='ocr_carea' id='block_1_54' title="bbox 2257 2394 3851 2472">
    <p class='ocr_par' dir='ltr' id='par_1_54' title="bbox 2257 2394 3851 2472">
     <span class='ocr_line' id='line_1_54' title="bbox 2257 2394 3851 2472; baseline -0.005 -18"><span class='ocrx_word' id='word_1_397' title='bbox 2257 2417 2357 2472; x_wconf 87' lang='grc' dir='ltr'><strong>ρας</strong></span> <span class='ocrx_word' id='word_1_398' title='bbox 2389 2398 2466 2471; x_wconf 81' lang='grc' dir='ltr'>τῷ</span> <span class='ocrx_word' id='word_1_399' title='bbox 2499 2399 2695 2454; x_wconf 77' lang='grc' dir='ltr'>Δαϐίδ·</span> <span class='ocrx_word' id='word_1_400' title='bbox 2736 2399 3007 2471; x_wconf 85' lang='grc' dir='ltr'>ήτοίμασα</span> <span class='ocrx_word' id='word_1_401' title='bbox 3050 2397 3241 2470; x_wconf 83' lang='grc' dir='ltr'>λύχνον</span> <span class='ocrx_word' id='word_1_402' title='bbox 3285 2395 3364 2467; x_wconf 82' lang='grc' dir='ltr'>τῷ</span> <span class='ocrx_word' id='word_1_403' title='bbox 3408 2394 3631 2467; x_wconf 83' lang='grc' dir='ltr'>Χριστῷ</span> <span class='ocrx_word' id='word_1_404' title='bbox 3662 2410 3787 2466; x_wconf 90' lang='grc' dir='ltr'>μου.</span> <span class='ocrx_word' id='word_1_405' title='bbox 3825 2411 3851 2446; x_wconf 70' lang='grc' dir='ltr'><strong>ι</strong></span> 
     </span>
    </p>
   </div>
   <div class='ocr_carea' id='block_1_55' title="bbox 2253 2485 3856 2563">
    <p class='ocr_par' dir='ltr' id='par_1_55' title="bbox 2253 2485 3856 2563">
     <span class='ocr_line' id='line_1_55' title="bbox 2253 2485 3856 2563; baseline -0.003 -18"><span class='ocrx_word' id='word_1_406' title='bbox 2253 2493 2406 2563; x_wconf 86' lang='grc' dir='ltr'>Τάχα</span> <span class='ocrx_word' id='word_1_407' title='bbox 2442 2491 2573 2556; x_wconf 73' lang='grc' dir='ltr'>ἴσως</span> <span class='ocrx_word' id='word_1_408' title='bbox 2617 2492 2713 2546; x_wconf 71' lang='grc' dir='ltr'>καὶ</span> <span class='ocrx_word' id='word_1_409' title='bbox 2755 2491 2816 2545; x_wconf 85' lang='grc' dir='ltr'><strong>τὸ</strong></span> <span class='ocrx_word' id='word_1_410' title='bbox 2865 2491 2960 2546; x_wconf 74' lang='grc' dir='ltr'><strong>ἐπὶ</strong></span> <span class='ocrx_word' id='word_1_411' title='bbox 3001 2490 3101 2562; x_wconf 84' lang='grc' dir='ltr'><strong>τῆς</strong></span> <span class='ocrx_word' id='word_1_412' title='bbox 3142 2488 3390 2562; x_wconf 82' lang='grc' dir='ltr'>Βηθλεὲμ</span> <span class='ocrx_word' id='word_1_413' title='bbox 3436 2487 3747 2559; x_wconf 76' lang='grc' dir='ltr'>ἀναληφθὲν</span> <span class='ocrx_word' id='word_1_414' title='bbox 3773 2485 3856 2557; x_wconf 80' lang='grc' dir='ltr'>τῷ</span> 
     </span>
    </p>
   </div>
   <div class='ocr_carea' id='block_1_56' title="bbox 2253 2579 3855 2657">
    <p class='ocr_par' dir='ltr' id='par_1_56' title="bbox 2253 2579 3855 2657">
     <span class='ocr_line' id='line_1_56' title="bbox 2253 2579 3855 2657; baseline -0.004 -19"><span class='ocrx_word' id='word_1_415' title='bbox 2253 2584 2476 2656; x_wconf 80' lang='grc' dir='ltr'>Χριστῷ</span> <span class='ocrx_word' id='word_1_416' title='bbox 2498 2584 2660 2656; x_wconf 86' lang='grc' dir='ltr'>σῶμα</span> <span class='ocrx_word' id='word_1_417' title='bbox 2683 2584 2804 2639; x_wconf 88' lang='grc' dir='ltr'>καθ’</span> <span class='ocrx_word' id='word_1_418' title='bbox 2827 2583 3021 2657; x_wconf 81' lang='grc' dir='ltr'>ἑτέραν</span> <span class='ocrx_word' id='word_1_419' title='bbox 3042 2583 3299 2638; x_wconf 84' lang='grc' dir='ltr'>ὑπόνοιαν</span> <span class='ocrx_word' id='word_1_420' title='bbox 3321 2581 3602 2655; x_wconf 85' lang='grc' dir='ltr'>σημαίνων</span> <span class='ocrx_word' id='word_1_421' title='bbox 3626 2597 3640 2611; x_wconf 88' lang='grc'><strong>·</strong></span> <span class='ocrx_word' id='word_1_422' title='bbox 3663 2579 3855 2653; x_wconf 71' lang='grc' dir='ltr'>ἐπειδὴ</span> 
     </span>
    </p>
   </div>
   <div class='ocr_carea' id='block_1_57' title="bbox 2260 2670 3857 2747">
    <p class='ocr_par' dir='ltr' id='par_1_57' title="bbox 2260 2670 3857 2747">
     <span class='ocr_line' id='line_1_57' title="bbox 2260 2670 3857 2747; baseline -0.003 -19"><span class='ocrx_word' id='word_1_423' title='bbox 2260 2674 2348 2729; x_wconf 82' lang='grc' dir='ltr'><strong>διὰ</strong></span> <span class='ocrx_word' id='word_1_424' title='bbox 2378 2673 2473 2729; x_wconf 81' lang='grc' dir='ltr'><strong>τοῦ</strong></span> <span class='ocrx_word' id='word_1_425' title='bbox 2519 2673 2775 2747; x_wconf 85' lang='grc' dir='ltr'>σώματος</span> <span class='ocrx_word' id='word_1_426' title='bbox 2805 2673 2884 2738; x_wconf 85' lang='grc' dir='ltr'><strong>ὡς</strong></span> <span class='ocrx_word' id='word_1_427' title='bbox 2925 2673 2995 2729; x_wconf 89' lang='grc' dir='ltr'><strong>δι’</strong></span> <span class='ocrx_word' id='word_1_428' title='bbox 3020 2672 3348 2746; x_wconf 85' lang='grc' dir='ltr'>ὀστρακίνου-</span> <span class='ocrx_word' id='word_1_429' title='bbox 3376 2670 3607 2735; x_wconf 82' lang='grc' dir='ltr'>σκεύους</span> <span class='ocrx_word' id='word_1_430' title='bbox 3633 2670 3825 2742; x_wconf 73' lang='grc' dir='ltr'>ὲνοική</span> <span class='ocrx_word' id='word_1_431' title='bbox 3844 2700 3857 2713; x_wconf 72' lang='grc' dir='ltr'><strong>ε</strong></span> 
     </span>
    </p>
   </div>
   <div class='ocr_carea' id='block_1_58' title="bbox 2264 2760 3857 2838">
    <p class='ocr_par' dir='ltr' id='par_1_58' title="bbox 2264 2760 3857 2838">
     <span class='ocr_line' id='line_1_58' title="bbox 2264 2760 3857 2838; baseline -0.003 -20"><span class='ocrx_word' id='word_1_432' title='bbox 2264 2782 2404 2819; x_wconf 78' lang='grc' dir='ltr'>σασα</span> <span class='ocrx_word' id='word_1_433' title='bbox 2434 2768 2491 2818; x_wconf 80' lang='grc' dir='ltr'>ἐν</span> <span class='ocrx_word' id='word_1_434' title='bbox 2524 2765 2671 2837; x_wconf 87' lang='grc' dir='ltr'><strong>αὐτῷ</strong></span> <span class='ocrx_word' id='word_1_435' title='bbox 2699 2767 2732 2838; x_wconf 82' lang='grc' dir='ltr'><strong>ἡ</strong></span> <span class='ocrx_word' id='word_1_436' title='bbox 2764 2764 2886 2819; x_wconf 85' lang='grc' dir='ltr'>θεία</span> <span class='ocrx_word' id='word_1_437' title='bbox 2911 2763 3163 2836; x_wconf 79' lang='grc' dir='ltr'>δύναμις,</span> <span class='ocrx_word' id='word_1_438' title='bbox 3192 2763 3270 2828; x_wconf 81' lang='grc' dir='ltr'><strong>ὡς</strong></span> <span class='ocrx_word' id='word_1_439' title='bbox 3296 2763 3386 2817; x_wconf 76' lang='grc' dir='ltr'>διὰ</span> <span class='ocrx_word' id='word_1_440' title='bbox 3410 2762 3605 2834; x_wconf 87' lang='grc' dir='ltr'>λύχνου</span> <span class='ocrx_word' id='word_1_441' title='bbox 3627 2761 3729 2825; x_wconf 82' lang='grc' dir='ltr'><strong>τάς</strong></span> <span class='ocrx_word' id='word_1_442' title='bbox 3753 2760 3857 2815; x_wconf 78' lang='grc' dir='ltr'><strong>τοῦ</strong></span> 
     </span>
    </p>
   </div>
   <div class='ocr_carea' id='block_1_59' title="bbox 2262 2853 3858 2929">
    <p class='ocr_par' dir='ltr' id='par_1_59' title="bbox 2262 2853 3858 2929">
     <span class='ocr_line' id='line_1_59' title="bbox 2262 2853 3858 2929; baseline -0.002 -19"><span class='ocrx_word' id='word_1_443' title='bbox 2262 2855 2408 2911; x_wconf 76' lang='grc' dir='ltr'>θείου</span> <span class='ocrx_word' id='word_1_444' title='bbox 2438 2859 2533 2911; x_wconf 80' lang='grc' dir='ltr'>καὶ</span> <span class='ocrx_word' id='word_1_445' title='bbox 2564 2856 2782 2925; x_wconf 78' lang='grc' dir='ltr'>λογικοῦ</span> <span class='ocrx_word' id='word_1_446' title='bbox 2808 2855 2985 2926; x_wconf 87' lang='grc' dir='ltr'>φωτὸς</span> <span class='ocrx_word' id='word_1_447' title='bbox 3013 2855 3385 2929; x_wconf 77' lang='grc' dir='ltr'>μαρμαρυγὰς</span> <span class='ocrx_word' id='word_1_448' title='bbox 3405 2855 3485 2919; x_wconf 89' lang='grc' dir='ltr'><strong>εἰς</strong></span> <span class='ocrx_word' id='word_1_449' title='bbox 3508 2854 3716 2916; x_wconf 80' lang='grc' dir='ltr'>πάντας</span> <span class='ocrx_word' id='word_1_450' title='bbox 3765 2853 3858 2919; x_wconf 77' lang='grc' dir='ltr'><strong>ἐξ·</strong></span> 
     </span>
    </p>
   </div>
   <div class='ocr_carea' id='block_1_60' title="bbox 2263 2948 2888 3022">
    <p class='ocr_par' dir='ltr' id='par_1_60' title="bbox 2263 2948 2888 3022">
     <span class='ocr_line' id='line_1_60' title="bbox 2263 2948 2888 3022; baseline 0.002 -20"><span class='ocrx_word' id='word_1_451' title='bbox 2263 2948 2507 3021; x_wconf 68' lang='grc' dir='ltr'>έλαμψεν</span> <span class='ocrx_word' id='word_1_452' title='bbox 2546 2949 2888 3022; x_wconf 83' lang='grc' dir='ltr'>ἀνθρώπους.</span> 
     </span>
    </p>
   </div>
   <div class='ocr_carea' id='block_1_61' title="bbox 568 3036 3858 3112">
    <p class='ocr_par' dir='ltr' id='par_1_61' title="bbox 568 3036 3858 3112">
     <span class='ocr_line' id='line_1_61' title="bbox 568 3036 3858 3112; baseline 0 -21"><span class='ocrx_word' id='word_1_453' title='bbox 568 3051 731 3091; x_wconf 89' lang='lat' dir='ltr'><strong>ceum</strong></span> <span class='ocrx_word' id='word_1_454' title='bbox 775 3050 895 3098; x_wconf 86' lang='lat' dir='ltr'><strong>vas,</strong></span> <span class='ocrx_word' id='word_1_455' title='bbox 935 3036 1255 3092; x_wconf 89' lang='lat' dir='ltr'><strong>inhabitans</strong></span> <span class='ocrx_word' id='word_1_456' title='bbox 1286 3037 1340 3091; x_wconf 90' lang='lat' dir='ltr'><strong>in</strong></span> <span class='ocrx_word' id='word_1_457' title='bbox 1375 3037 1470 3091; x_wconf 91' lang='lat' dir='ltr'><strong>illo</strong></span> <span class='ocrx_word' id='word_1_458' title='bbox 1513 3036 1699 3092; x_wconf 89' lang='lat' dir='ltr'><strong>divina</strong></span> <span class='ocrx_word' id='word_1_459' title='bbox 1744 3038 1942 3102; x_wconf 79' lang='lat' dir='ltr'><strong>virtus,</strong></span> <span class='ocrx_word' id='word_1_460' title='bbox 1985 3039 2147 3108; x_wconf 89' lang='lat' dir='ltr'><strong>quasi</strong></span> <span class='ocrx_word' id='word_1_461' title='bbox 2179 3055 2278 3112; x_wconf 85' lang='lat' dir='ltr'><strong>per</strong></span> <span class='ocrx_word' id='word_1_462' title='bbox 2306 3044 2609 3110; x_wconf 88' lang='lat' dir='ltr'><strong>lucernam,</strong></span> <span class='ocrx_word' id='word_1_463' title='bbox 2643 3042 2993 3109; x_wconf 87' lang='lat' dir='ltr'><strong>diviniillius</strong></span> <span class='ocrx_word' id='word_1_464' title='bbox 3019 3050 3074 3100; x_wconf 93' lang='lat' dir='ltr'><strong>ct</strong></span> <span class='ocrx_word' id='word_1_465' title='bbox 3127 3042 3415 3098; x_wconf 78' lang='lat' dir='ltr'><strong>rationalis</strong></span> <span class='ocrx_word' id='word_1_466' title='bbox 3482 3041 3704 3097; x_wconf 77' lang='lat' dir='ltr'><strong>luminis</strong></span> <span class='ocrx_word' id='word_1_467' title='bbox 3760 3054 3858 3093; x_wconf 81' lang='lat' dir='ltr'><strong>ra-</strong></span> 
     </span>
    </p>
   </div>
   <div class='ocr_carea' id='block_1_62' title="bbox 573 3114 1558 3196">
    <p class='ocr_par' dir='ltr' id='par_1_62' title="bbox 573 3114 1558 3196">
     <span class='ocr_line' id='line_1_62' title="bbox 573 3114 1558 3196; baseline 0.004 -14"><span class='ocrx_word' id='word_1_468' title='bbox 573 3114 719 3196; x_wconf 87' lang='lat' dir='ltr'><strong>dios,</strong></span> <span class='ocrx_word' id='word_1_469' title='bbox 755 3128 812 3183; x_wconf 91' lang='lat' dir='ltr'><strong>in</strong></span> <span class='ocrx_word' id='word_1_470' title='bbox 844 3143 1037 3185; x_wconf 90' lang='lat' dir='ltr'><strong>omnes</strong></span> <span class='ocrx_word' id='word_1_471' title='bbox 1073 3129 1259 3185; x_wconf 91' lang='lat' dir='ltr'><strong>emisit</strong></span> <span class='ocrx_word' id='word_1_472' title='bbox 1287 3130 1558 3186; x_wconf 90' lang='lat' dir='ltr'><strong>homines.</strong></span> 
     </span>
    </p>
   </div>
   <div class='ocr_carea' id='block_1_63' title="bbox 573 3247 2158 3335">
    <p class='ocr_par' dir='ltr' id='par_1_63' title="bbox 573 3247 2158 3335">
     <span class='ocr_line' id='line_1_63' title="bbox 573 3247 2158 3335; baseline 0.006 -34"><span class='ocrx_word' id='word_1_473' title='bbox 573 3247 868 3331; x_wconf 47' lang='lat' dir='ltr'><strong>Abfimos.</strong></span> <span class='ocrx_word' id='word_1_474' title='bbox 916 3281 997 3335; x_wconf 76' lang='lat'><strong>--_</strong></span> <span class='ocrx_word' id='word_1_475' title='bbox 1038 3249 1285 3335; x_wconf 57' lang='lat' dir='ltr'><strong>Christus</strong></span> <span class='ocrx_word' id='word_1_476' title='bbox 1354 3253 1747 3335; x_wconf 51' lang='lat' dir='ltr'><strong>nominatim&#39;a</strong></span> <span class='ocrx_word' id='word_1_477' title='bbox 1777 3253 1914 3335; x_wconf 45' lang='lat' dir='ltr'><strong>.Deo</strong></span> <span class='ocrx_word' id='word_1_478' title='bbox 1965 3255 2158 3310; x_wconf 80' lang='lat' dir='ltr'><strong>denun-</strong></span> 
     </span>
    </p>
   </div>
   <div class='ocr_carea' id='block_1_64' title="bbox 2264 3247 3866 3335">
    <p class='ocr_par' dir='ltr' id='par_1_64' title="bbox 2283 3254 3866 3335">
     <span class='ocr_line' id='line_1_64' title="bbox 2283 3254 3866 3335; baseline 0 -22"><span class='ocrx_word' id='word_1_479' title='bbox 2283 3256 2415 3335; x_wconf 76' lang='grc' dir='ltr'><strong>Ἀπό</strong></span> <span class='ocrx_word' id='word_1_480' title='bbox 2456 3256 2566 3335; x_wconf 67' lang='grc' dir='ltr'><strong>τοῦ</strong></span> <span class='ocrx_word' id='word_1_481' title='bbox 2610 3256 2824 3335; x_wconf 68' lang='grc' dir='ltr'><strong>Ἀμώς.⁸</strong></span> <span class='ocrx_word' id='word_1_482' title='bbox 2849 3287 2920 3335; x_wconf 49' lang='grc' dir='ltr'>τ</span> <span class='ocrx_word' id='word_1_483' title='bbox 2958 3254 3215 3326; x_wconf 78' lang='grc' dir='ltr'>Χριστός</span> <span class='ocrx_word' id='word_1_484' title='bbox 3235 3256 3553 3335; x_wconf 44' lang='lat' dir='ltr'><strong>prognati.</strong></span> <span class='ocrx_word' id='word_1_485' title='bbox 3575 3256 3698 3335; x_wconf 43' lang='lat' dir='ltr'><strong>imi)</strong></span> <span class='ocrx_word' id='word_1_486' title='bbox 3729 3257 3866 3335; x_wconf 66' lang='grc' dir='ltr'><strong>⁸τι.ζῦ</strong></span> 
     </span>
    </p>
   </div>
   <div class='ocr_carea' id='block_1_65' title="bbox 647 3320 2161 3394">
    <p class='ocr_par' dir='ltr' id='par_1_65' title="bbox 647 3320 2161 3394">
     <span class='ocr_line' id='line_1_65' title="bbox 647 3320 2161 3394; baseline 0.006 -21"><span class='ocrx_word' id='word_1_487' title='bbox 647 3320 832 3381; x_wconf 79' lang='lat' dir='ltr'><strong>tiatur,</strong></span> <span class='ocrx_word' id='word_1_488' title='bbox 860 3329 911 3374; x_wconf 87' lang='lat' dir='ltr'><strong>et</strong></span> <span class='ocrx_word' id='word_1_489' title='bbox 944 3322 1007 3374; x_wconf 90' lang='lat' dir='ltr'><strong>ab</strong></span> <span class='ocrx_word' id='word_1_490' title='bbox 1032 3324 1275 3394; x_wconf 79' lang='lat' dir='ltr'><strong>omnibus</strong></span> <span class='ocrx_word' id='word_1_491' title='bbox 1319 3324 1645 3394; x_wconf 79' lang='lat' dir='ltr'><strong>agnoscitur,</strong></span> <span class='ocrx_word' id='word_1_492' title='bbox 1677 3322 1996 3380; x_wconf 76' lang='lat' dir='ltr'><strong>ludworum</strong></span> <span class='ocrx_word' id='word_1_493' title='bbox 2041 3343 2161 3382; x_wconf 75' lang='lat' dir='ltr'><strong>vero</strong></span> 
     </span>
    </p>
   </div>
   <div class='ocr_carea' id='block_1_66' title="bbox 645 3391 1147 3464">
    <p class='ocr_par' dir='ltr' id='par_1_66' title="bbox 645 3391 1147 3464">
     <span class='ocr_line' id='line_1_66' title="bbox 645 3391 1147 3464; baseline 0.008 -20"><span class='ocrx_word' id='word_1_494' title='bbox 645 3399 849 3462; x_wconf 80' lang='lat' dir='ltr'><strong>gentem</strong></span> <span class='ocrx_word' id='word_1_495' title='bbox 878 3391 1147 3464; x_wconf 82' lang='lat' dir='ltr'><strong>repudiat.</strong></span> 
     </span>
    </p>
   </div>
   <div class='ocr_carea' id='block_1_67' title="bbox 661 3586 2165 3664">
    <p class='ocr_par' dir='ltr' id='par_1_67' title="bbox 661 3586 2165 3664">
     <span class='ocr_line' id='line_1_67' title="bbox 661 3586 2165 3664; baseline 0.005 -25"><span class='ocrx_word' id='word_1_496' title='bbox 661 3604 682 3639; x_wconf 77' lang='grc' dir='ltr'><strong>ι</strong></span> <span class='ocrx_word' id='word_1_497' title='bbox 710 3586 913 3643; x_wconf 87' lang='lat' dir='ltr'><strong>Parare</strong></span> <span class='ocrx_word' id='word_1_498' title='bbox 953 3586 1022 3642; x_wconf 90' lang='lat' dir='ltr'><strong>ad</strong></span> <span class='ocrx_word' id='word_1_499' title='bbox 1053 3586 1422 3644; x_wconf 85' lang='lat' dir='ltr'><strong>invocandum</strong></span> <span class='ocrx_word' id='word_1_500' title='bbox 1469 3587 1642 3645; x_wconf 90' lang='lat' dir='ltr'><strong>Deum</strong></span> <span class='ocrx_word' id='word_1_501' title='bbox 1677 3589 1866 3658; x_wconf 87' lang='lat' dir='ltr'><strong>Israel,</strong></span> <span class='ocrx_word' id='word_1_502' title='bbox 1901 3592 2165 3664; x_wconf 90' lang='lat' dir='ltr'><strong>quoniam</strong></span> 
     </span>
    </p>
   </div>
   <div class='ocr_carea' id='block_1_68' title="bbox 578 3679 2160 3750">
    <p class='ocr_par' dir='ltr' id='par_1_68' title="bbox 578 3679 2160 3750">
     <span class='ocr_line' id='line_1_68' title="bbox 578 3679 2160 3750; baseline 0.003 -14"><span class='ocrx_word' id='word_1_503' title='bbox 578 3694 710 3736; x_wconf 90' lang='lat' dir='ltr'><strong>ecce</strong></span> <span class='ocrx_word' id='word_1_504' title='bbox 736 3679 1088 3737; x_wconf 89' lang='lat' dir='ltr'><strong>consolidans</strong></span> <span class='ocrx_word' id='word_1_505' title='bbox 1112 3682 1343 3746; x_wconf 89' lang='lat' dir='ltr'><strong>tonitru,</strong></span> <span class='ocrx_word' id='word_1_506' title='bbox 1365 3689 1421 3737; x_wconf 90' lang='lat' dir='ltr'><strong>et</strong></span> <span class='ocrx_word' id='word_1_507' title='bbox 1444 3696 1642 3739; x_wconf 90' lang='lat' dir='ltr'><strong>creans</strong></span> <span class='ocrx_word' id='word_1_508' title='bbox 1671 3683 1947 3750; x_wconf 90' lang='lat' dir='ltr'><strong>spiritum,</strong></span> <span class='ocrx_word' id='word_1_509' title='bbox 1980 3691 2035 3740; x_wconf 93' lang='lat' dir='ltr'><strong>et</strong></span> <span class='ocrx_word' id='word_1_510' title='bbox 2069 3684 2160 3740; x_wconf 85' lang='lat' dir='ltr'><strong>de-</strong></span> 
     </span>
    </p>
   </div>
   <div class='ocr_carea' id='block_1_69' title="bbox 581 3770 2170 3840">
    <p class='ocr_par' dir='ltr' id='par_1_69' title="bbox 581 3770 2170 3840">
     <span class='ocr_line' id='line_1_69' title="bbox 581 3770 2170 3840; baseline 0.005 -16"><span class='ocrx_word' id='word_1_511' title='bbox 581 3771 848 3826; x_wconf 87' lang='lat' dir='ltr'><strong>nuntians</strong></span> <span class='ocrx_word' id='word_1_512' title='bbox 887 3770 1205 3829; x_wconf 87' lang='lat' dir='ltr'><strong>hominibus</strong></span> <span class='ocrx_word' id='word_1_513' title='bbox 1236 3770 1518 3828; x_wconf 89' lang='lat' dir='ltr'><strong>Christum</strong></span> <span class='ocrx_word' id='word_1_514' title='bbox 1556 3789 1741 3840; x_wconf 90' lang='lat' dir='ltr'><strong>suum,</strong></span> <span class='ocrx_word' id='word_1_515' title='bbox 1775 3772 1986 3831; x_wconf 85' lang='lat' dir='ltr'><strong>faciens</strong></span> <span class='ocrx_word' id='word_1_516' title='bbox 2009 3790 2170 3832; x_wconf 87' lang='lat' dir='ltr'><strong>mane</strong></span> 
     </span>
    </p>
   </div>
   <div class='ocr_carea' id='block_1_70' title="bbox 578 3860 2171 3935">
    <p class='ocr_par' dir='ltr' id='par_1_70' title="bbox 578 3860 2171 3935">
     <span class='ocr_line' id='line_1_70' title="bbox 578 3860 2171 3935; baseline 0.004 -20"><span class='ocrx_word' id='word_1_517' title='bbox 578 3868 636 3915; x_wconf 92' lang='lat' dir='ltr'><strong>et</strong></span> <span class='ocrx_word' id='word_1_518' title='bbox 686 3860 968 3927; x_wconf 88' lang='lat' dir='ltr'><strong>nebulam,</strong></span> <span class='ocrx_word' id='word_1_519' title='bbox 1012 3870 1066 3917; x_wconf 90' lang='lat' dir='ltr'><strong>et</strong></span> <span class='ocrx_word' id='word_1_520' title='bbox 1113 3863 1419 3920; x_wconf 89' lang='lat' dir='ltr'><strong>ascendens</strong></span> <span class='ocrx_word' id='word_1_521' title='bbox 1451 3879 1619 3935; x_wconf 92' lang='lat' dir='ltr'><strong>supra</strong></span> <span class='ocrx_word' id='word_1_522' title='bbox 1662 3864 1811 3922; x_wconf 88' lang='lat' dir='ltr'><strong>celsa</strong></span> <span class='ocrx_word' id='word_1_523' title='bbox 1849 3873 2029 3921; x_wconf 76' lang='lat' dir='ltr'><strong>terrae.</strong></span> <span class='ocrx_word' id='word_1_524' title='bbox 2065 3864 2171 3922; x_wconf 86' lang='lat' dir='ltr'><strong>Do-</strong></span> 
     </span>
    </p>
   </div>
   <div class='ocr_carea' id='block_1_71' title="bbox 581 3952 2169 4027">
    <p class='ocr_par' dir='ltr' id='par_1_71' title="bbox 581 3952 2169 4027">
     <span class='ocr_line' id='line_1_71' title="bbox 581 3952 2169 4027; baseline 0.004 -19"><span class='ocrx_word' id='word_1_525' title='bbox 581 3954 764 4008; x_wconf 87' lang='lat' dir='ltr'><strong>minus</strong></span> <span class='ocrx_word' id='word_1_526' title='bbox 798 3952 944 4011; x_wconf 90' lang='lat' dir='ltr'><strong>Deus</strong></span> <span class='ocrx_word' id='word_1_527' title='bbox 984 3954 1334 4025; x_wconf 89' lang='lat' dir='ltr'><strong>omnipotens</strong></span> <span class='ocrx_word' id='word_1_528' title='bbox 1363 3957 1576 4027; x_wconf 40' lang='lat' dir='ltr'><strong>inomen</strong></span> <span class='ocrx_word' id='word_1_529' title='bbox 1609 3956 1659 4013; x_wconf 93' lang='lat' dir='ltr'><strong>ei</strong></span> <span class='ocrx_word' id='word_1_530' title='bbox 1686 3973 1699 4010; x_wconf 93' lang='lat'><strong>:</strong></span> <span class='ocrx_word' id='word_1_531' title='bbox 1727 3958 1913 4014; x_wconf 90' lang='lat' dir='ltr'><strong>audite</strong></span> <span class='ocrx_word' id='word_1_532' title='bbox 1940 3958 2169 4015; x_wconf 85' lang='lat' dir='ltr'><strong>verbum</strong></span> 
     </span>
    </p>
   </div>
   <div class='ocr_carea' id='block_1_72' title="bbox 582 4043 2167 4118">
    <p class='ocr_par' dir='ltr' id='par_1_72' title="bbox 582 4043 2167 4118">
     <span class='ocr_line' id='line_1_72' title="bbox 582 4043 2167 4118; baseline 0.005 -21"><span class='ocrx_word' id='word_1_533' title='bbox 582 4043 819 4112; x_wconf 84' lang='lat' dir='ltr'><strong>Domini,</strong></span> <span class='ocrx_word' id='word_1_534' title='bbox 848 4044 994 4115; x_wconf 91' lang='lat' dir='ltr'><strong>quod</strong></span> <span class='ocrx_word' id='word_1_535' title='bbox 1022 4061 1123 4117; x_wconf 79' lang='lat' dir='ltr'><strong>ego</strong></span> <span class='ocrx_word' id='word_1_536' title='bbox 1146 4047 1304 4118; x_wconf 87' lang='lat' dir='ltr'><strong>capio</strong></span> <span class='ocrx_word' id='word_1_537' title='bbox 1327 4062 1494 4118; x_wconf 89' lang='lat' dir='ltr'><strong>super</strong></span> <span class='ocrx_word' id='word_1_538' title='bbox 1532 4063 1653 4115; x_wconf 87' lang='lat' dir='ltr'><strong>vos,</strong></span> <span class='ocrx_word' id='word_1_539' title='bbox 1700 4048 2167 4107; x_wconf 87' lang='lat' dir='ltr'><strong>lamentationem.</strong></span> 
     </span>
    </p>
   </div>
   <div class='ocr_carea' id='block_1_73' title="bbox 582 4134 2170 4210">
    <p class='ocr_par' dir='ltr' id='par_1_73' title="bbox 582 4134 2170 4210">
     <span class='ocr_line' id='line_1_73' title="bbox 582 4134 2170 4210; baseline 0.006 -22"><span class='ocrx_word' id='word_1_540' title='bbox 582 4134 791 4191; x_wconf 83' lang='lat' dir='ltr'><strong>Domus</strong></span> <span class='ocrx_word' id='word_1_541' title='bbox 820 4134 991 4192; x_wconf 90' lang='lat' dir='ltr'><strong>Israel</strong></span> <span class='ocrx_word' id='word_1_542' title='bbox 1023 4136 1222 4193; x_wconf 91' lang='lat' dir='ltr'><strong>cecidit</strong></span> <span class='ocrx_word' id='word_1_543' title='bbox 1256 4157 1269 4191; x_wconf 89' lang='lat'><strong>:</strong></span> <span class='ocrx_word' id='word_1_544' title='bbox 1304 4154 1415 4193; x_wconf 90' lang='lat' dir='ltr'><strong>non</strong></span> <span class='ocrx_word' id='word_1_545' title='bbox 1450 4139 1592 4194; x_wconf 88' lang='lat' dir='ltr'><strong>ultra</strong></span> <span class='ocrx_word' id='word_1_546' title='bbox 1636 4139 1858 4210; x_wconf 87' lang='lat' dir='ltr'><strong>adjiciet</strong></span> <span class='ocrx_word' id='word_1_547' title='bbox 1892 4149 1953 4197; x_wconf 92' lang='lat' dir='ltr'><strong>ut</strong></span> <span class='ocrx_word' id='word_1_548' title='bbox 1979 4157 2170 4199; x_wconf 85' lang='lat' dir='ltr'><strong>resur-</strong></span> 
     </span>
    </p>
   </div>
   <div class='ocr_carea' id='block_1_74' title="bbox 582 4228 2174 4302">
    <p class='ocr_par' dir='ltr' id='par_1_74' title="bbox 582 4228 2174 4302">
     <span class='ocr_line' id='line_1_74' title="bbox 582 4228 2174 4302; baseline 0.003 -18"><span class='ocrx_word' id='word_1_549' title='bbox 582 4237 696 4302; x_wconf 79' lang='lat' dir='ltr'><strong>gat.</strong></span> <span class='ocrx_word' id='word_1_550' title='bbox 722 4228 891 4301; x_wconf 80' lang='lat' dir='ltr'><strong>Virgo</strong></span> <span class='ocrx_word' id='word_1_551' title='bbox 929 4228 1098 4286; x_wconf 89' lang='lat' dir='ltr'><strong>Israel</strong></span> <span class='ocrx_word' id='word_1_552' title='bbox 1131 4230 1285 4301; x_wconf 89' lang='lat' dir='ltr'><strong>lapsa</strong></span> <span class='ocrx_word' id='word_1_553' title='bbox 1323 4237 1409 4287; x_wconf 90' lang='lat' dir='ltr'><strong>est</strong></span> <span class='ocrx_word' id='word_1_554' title='bbox 1453 4230 1511 4285; x_wconf 91' lang='lat' dir='ltr'><strong>in</strong></span> <span class='ocrx_word' id='word_1_555' title='bbox 1559 4238 1707 4286; x_wconf 87' lang='lat' dir='ltr'><strong>terra</strong></span> <span class='ocrx_word' id='word_1_556' title='bbox 1751 4246 1852 4288; x_wconf 89' lang='lat' dir='ltr'><strong>sua</strong></span> <span class='ocrx_word' id='word_1_557' title='bbox 1883 4248 1897 4285; x_wconf 89' lang='lat'><strong>:</strong></span> <span class='ocrx_word' id='word_1_558' title='bbox 1933 4247 2045 4288; x_wconf 92' lang='lat' dir='ltr'><strong>non</strong></span> <span class='ocrx_word' id='word_1_559' title='bbox 2088 4241 2174 4290; x_wconf 88' lang='lat' dir='ltr'><strong>est</strong></span> 
     </span>
    </p>
   </div>
   <div class='ocr_carea' id='block_1_75' title="bbox 582 4321 2173 4394">
    <p class='ocr_par' dir='ltr' id='par_1_75' title="bbox 582 4321 2173 4394">
     <span class='ocr_line' id='line_1_75' title="bbox 582 4321 2173 4394; baseline 0.004 -19"><span class='ocrx_word' id='word_1_560' title='bbox 582 4322 677 4394; x_wconf 92' lang='lat' dir='ltr'><strong>qui</strong></span> <span class='ocrx_word' id='word_1_561' title='bbox 702 4323 874 4393; x_wconf 81' lang='lat' dir='ltr'><strong>erigat</strong></span> <span class='ocrx_word' id='word_1_562' title='bbox 894 4322 1095 4377; x_wconf 78' lang='lat' dir='ltr'><strong>eam”.</strong></span> <span class='ocrx_word' id='word_1_563' title='bbox 1130 4342 1149 4375; x_wconf 73' lang='grc' dir='ltr'><strong>ι</strong></span> <span class='ocrx_word' id='word_1_564' title='bbox 1192 4321 1312 4377; x_wconf 83' lang='lat' dir='ltr'><strong>Jam</strong></span> <span class='ocrx_word' id='word_1_565' title='bbox 1346 4322 1580 4394; x_wconf 91' lang='lat' dir='ltr'><strong>septimo</strong></span> <span class='ocrx_word' id='word_1_566' title='bbox 1610 4324 1731 4379; x_wconf 91' lang='lat' dir='ltr'><strong>loco</strong></span> <span class='ocrx_word' id='word_1_567' title='bbox 1760 4322 2040 4381; x_wconf 90' lang='lat' dir='ltr'><strong>Christum</strong></span> <span class='ocrx_word' id='word_1_568' title='bbox 2071 4340 2173 4381; x_wconf 88' lang='lat' dir='ltr'><strong>no-</strong></span> 
     </span>
    </p>
   </div>
   <div class='ocr_carea' id='block_1_76' title="bbox 583 4414 2173 4483">
    <p class='ocr_par' dir='ltr' id='par_1_76' title="bbox 583 4414 2173 4483">
     <span class='ocr_line' id='line_1_76' title="bbox 583 4414 2173 4483; baseline 0.003 -13"><span class='ocrx_word' id='word_1_569' title='bbox 583 4414 833 4470; x_wconf 87' lang='lat' dir='ltr'><strong>minatim</strong></span> <span class='ocrx_word' id='word_1_570' title='bbox 871 4414 1207 4471; x_wconf 87' lang='lat' dir='ltr'><strong>denuntians</strong></span> <span class='ocrx_word' id='word_1_571' title='bbox 1258 4415 1577 4472; x_wconf 87' lang='lat' dir='ltr'><strong>hominibus</strong></span> <span class='ocrx_word' id='word_1_572' title='bbox 1614 4415 1782 4483; x_wconf 88' lang='lat' dir='ltr'><strong>Deus,</strong></span> <span class='ocrx_word' id='word_1_573' title='bbox 1825 4417 2173 4475; x_wconf 90' lang='lat' dir='ltr'><strong>consolidare</strong></span> 
     </span>
    </p>
   </div>
   <div class='ocr_carea' id='block_1_77' title="bbox 582 4506 2174 4585">
    <p class='ocr_par' dir='ltr' id='par_1_77' title="bbox 582 4506 2174 4585">
     <span class='ocr_line' id='line_1_77' title="bbox 582 4506 2174 4585; baseline 0.003 -24"><span class='ocrx_word' id='word_1_574' title='bbox 582 4506 814 4572; x_wconf 87' lang='lat' dir='ltr'><strong>tonitru,</strong></span> <span class='ocrx_word' id='word_1_575' title='bbox 849 4514 904 4562; x_wconf 90' lang='lat' dir='ltr'><strong>et</strong></span> <span class='ocrx_word' id='word_1_576' title='bbox 934 4522 1124 4562; x_wconf 90' lang='lat' dir='ltr'><strong>creare</strong></span> <span class='ocrx_word' id='word_1_577' title='bbox 1155 4507 1408 4578; x_wconf 89' lang='lat' dir='ltr'><strong>spiritum</strong></span> <span class='ocrx_word' id='word_1_578' title='bbox 1462 4508 1789 4579; x_wconf 78' lang='lat' dir='ltr'><strong>evangelicae</strong></span> <span class='ocrx_word' id='word_1_579' title='bbox 1828 4509 2174 4585; x_wconf 75' lang='lat' dir='ltr'><strong>praedicatio-</strong></span> 
     </span>
    </p>
   </div>
   <div class='ocr_carea' id='block_1_78' title="bbox 2340 3325 3868 3398">
    <p class='ocr_par' dir='ltr' id='par_1_78' title="bbox 2340 3325 3868 3398">
     <span class='ocr_line' id='line_1_78' title="bbox 2340 3325 3868 3398; baseline -0.001 -14"><span class='ocrx_word' id='word_1_580' title='bbox 2340 3328 2488 3384; x_wconf 83' lang='grc' dir='ltr'>Θεοῦ</span> <span class='ocrx_word' id='word_1_581' title='bbox 2529 3325 3117 3398; x_wconf 59' lang='grc' dir='ltr'>καταγγελλόμενλος,</span> <span class='ocrx_word' id='word_1_582' title='bbox 3152 3328 3251 3398; x_wconf 70' lang='grc' dir='ltr'>καὶ</span> <span class='ocrx_word' id='word_1_583' title='bbox 3288 3325 3441 3398; x_wconf 67' lang='grc' dir='ltr'>πᾶσι</span> <span class='ocrx_word' id='word_1_584' title='bbox 3480 3325 3600 3396; x_wconf 81' lang='grc' dir='ltr'><strong>μὲν</strong></span> <span class='ocrx_word' id='word_1_585' title='bbox 3633 3328 3868 3396; x_wconf 77' lang='grc' dir='ltr'>ἀνθρὼ-</span> 
     </span>
    </p>
   </div>
   <div class='ocr_carea' id='block_1_79' title="bbox 2338 3397 3869 3469">
    <p class='ocr_par' dir='ltr' id='par_1_79' title="bbox 2338 3397 3869 3469">
     <span class='ocr_line' id='line_1_79' title="bbox 2338 3397 3869 3469; baseline 0.002 -17"><span class='ocrx_word' id='word_1_586' title='bbox 2338 3413 2473 3466; x_wconf 81' lang='grc' dir='ltr'>ποις</span> <span class='ocrx_word' id='word_1_587' title='bbox 2497 3397 2941 3469; x_wconf 76' lang='grc' dir='ltr'>γνωριζόμενος,</span> <span class='ocrx_word' id='word_1_588' title='bbox 2982 3397 3277 3455; x_wconf 78' lang='grc' dir='ltr'>Ἰουδαίων</span> <span class='ocrx_word' id='word_1_589' title='bbox 3302 3397 3355 3451; x_wconf 81' lang='grc' dir='ltr'>δ’</span> <span class='ocrx_word' id='word_1_590' title='bbox 3381 3397 3558 3464; x_wconf 78' lang='grc' dir='ltr'>ἔθνος</span> <span class='ocrx_word' id='word_1_591' title='bbox 3575 3398 3869 3469; x_wconf 66' lang='grc' dir='ltr'>ἀφοσιού-</span> 
     </span>
    </p>
   </div>
   <div class='ocr_carea' id='block_1_80' title="bbox 2333 3487 2539 3542">
    <p class='ocr_par' dir='ltr' id='par_1_80' title="bbox 2333 3487 2539 3542">
     <span class='ocr_line' id='line_1_80' title="bbox 2333 3487 2539 3542; baseline -0.005 -18"><span class='ocrx_word' id='word_1_592' title='bbox 2333 3487 2539 3542; x_wconf 81' lang='grc' dir='ltr'>μενος.</span> 
     </span>
    </p>
   </div>
   <div class='ocr_carea' id='block_1_81' title="bbox 2351 3579 3864 3656">
    <p class='ocr_par' dir='ltr' id='par_1_81' title="bbox 2351 3579 3864 3656">
     <span class='ocr_line' id='line_1_81' title="bbox 2351 3579 3864 3656; baseline -0.003 -16"><span class='ocrx_word' id='word_1_593' title='bbox 2351 3582 2672 3656; x_wconf 76' lang='grc' dir='ltr'>Ἐτοιμάζου</span> <span class='ocrx_word' id='word_1_594' title='bbox 2715 3582 2811 3637; x_wconf 89' lang='grc' dir='ltr'><strong>τοῦ</strong></span> <span class='ocrx_word' id='word_1_595' title='bbox 2860 3580 3237 3637; x_wconf 73' lang='grc' dir='ltr'>ἐπικαλεῖσθαι</span> <span class='ocrx_word' id='word_1_596' title='bbox 3279 3581 3373 3636; x_wconf 83' lang='grc' dir='ltr'><strong>τὸν</strong></span> <span class='ocrx_word' id='word_1_597' title='bbox 3424 3581 3558 3637; x_wconf 90' lang='grc' dir='ltr'>Θεὸν</span> <span class='ocrx_word' id='word_1_598' title='bbox 3614 3579 3864 3654; x_wconf 81' lang='grc' dir='ltr'>Ἰσραήλ,</span> 
     </span>
    </p>
   </div>
   <div class='ocr_carea' id='block_1_82' title="bbox 2267 3673 3867 3750">
    <p class='ocr_par' dir='ltr' id='par_1_82' title="bbox 2267 3673 3867 3750">
     <span class='ocr_line' id='line_1_82' title="bbox 2267 3673 3867 3750; baseline -0.001 -18"><span class='ocrx_word' id='word_1_599' title='bbox 2267 3677 2401 3733; x_wconf 87' lang='grc' dir='ltr'>διότι</span> <span class='ocrx_word' id='word_1_600' title='bbox 2429 3678 2538 3732; x_wconf 80' lang='grc' dir='ltr'>ἰδοὺ</span> <span class='ocrx_word' id='word_1_601' title='bbox 2568 3675 2804 3750; x_wconf 84' lang='grc' dir='ltr'>στερεῶν</span> <span class='ocrx_word' id='word_1_602' title='bbox 2850 3675 3080 3749; x_wconf 82' lang='grc' dir='ltr'>βροντὴν</span> <span class='ocrx_word' id='word_1_603' title='bbox 3113 3674 3211 3729; x_wconf 79' lang='grc' dir='ltr'>καὶ</span> <span class='ocrx_word' id='word_1_604' title='bbox 3242 3674 3442 3740; x_wconf 83' lang='grc' dir='ltr'>κτίζων</span> <span class='ocrx_word' id='word_1_605' title='bbox 3482 3673 3725 3746; x_wconf 86' lang='grc' dir='ltr'>πνεῦμα,</span> <span class='ocrx_word' id='word_1_606' title='bbox 3758 3675 3867 3730; x_wconf 77' lang='grc' dir='ltr'>καὶ</span> 
     </span>
    </p>
   </div>
   <div class='ocr_carea' id='block_1_83' title="bbox 2270 3764 3868 3840">
    <p class='ocr_par' dir='ltr' id='par_1_83' title="bbox 2270 3764 3868 3840">
     <span class='ocr_line' id='line_1_83' title="bbox 2270 3764 3868 3840; baseline -0.003 -15"><span class='ocrx_word' id='word_1_607' title='bbox 2270 3769 2621 3840; x_wconf 73' lang='grc' dir='ltr'>ἐπαγγέλλων</span> <span class='ocrx_word' id='word_1_608' title='bbox 2642 3770 2723 3832; x_wconf 86' lang='grc' dir='ltr'><strong>είς</strong></span> <span class='ocrx_word' id='word_1_609' title='bbox 2748 3766 3071 3839; x_wconf 81' lang='grc' dir='ltr'>ἀνθρώπους</span> <span class='ocrx_word' id='word_1_610' title='bbox 3092 3766 3181 3820; x_wconf 87' lang='grc' dir='ltr'><strong>τὸν</strong></span> <span class='ocrx_word' id='word_1_611' title='bbox 3209 3764 3444 3838; x_wconf 77' lang='grc' dir='ltr'>Χριστὸν</span> <span class='ocrx_word' id='word_1_612' title='bbox 3468 3764 3655 3831; x_wconf 80' lang='grc' dir='ltr'>αὐτοῦ,</span> <span class='ocrx_word' id='word_1_613' title='bbox 3686 3764 3868 3820; x_wconf 79' lang='grc' dir='ltr'>ποιῶν</span> 
     </span>
    </p>
   </div>
   <div class='ocr_carea' id='block_1_84' title="bbox 2270 3855 3868 3937">
    <p class='ocr_par' dir='ltr' id='par_1_84' title="bbox 2270 3855 3868 3937">
     <span class='ocr_line' id='line_1_84' title="bbox 2270 3855 3868 3937; baseline -0.005 -19"><span class='ocrx_word' id='word_1_614' title='bbox 2270 3863 2466 3937; x_wconf 73' lang='grc' dir='ltr'>ὄρθρον</span> <span class='ocrx_word' id='word_1_615' title='bbox 2494 3862 2589 3916; x_wconf 56' lang='grc' dir='ltr'><strong>καὶ⁵</strong></span> <span class='ocrx_word' id='word_1_616' title='bbox 2617 3859 2866 3933; x_wconf 83' lang='grc' dir='ltr'>ὁμίχλην,</span> <span class='ocrx_word' id='word_1_617' title='bbox 2897 3859 2990 3913; x_wconf 68' lang='grc' dir='ltr'>καὶ</span> <span class='ocrx_word' id='word_1_618' title='bbox 3013 3857 3308 3912; x_wconf 74' lang='grc' dir='ltr'>ἐπιϐαίνων</span> <span class='ocrx_word' id='word_1_619' title='bbox 3333 3857 3429 3911; x_wconf 76' lang='grc' dir='ltr'><strong>ἐπὶ</strong></span> <span class='ocrx_word' id='word_1_620' title='bbox 3451 3855 3522 3911; x_wconf 77' lang='grc' dir='ltr'>τὰ</span> <span class='ocrx_word' id='word_1_621' title='bbox 3551 3856 3733 3929; x_wconf 65' lang='grc' dir='ltr'>ὑψηλὰ</span> <span class='ocrx_word' id='word_1_622' title='bbox 3755 3855 3868 3927; x_wconf 84' lang='grc' dir='ltr'><strong>τῆς</strong></span> 
     </span>
    </p>
   </div>
   <div class='ocr_carea' id='block_1_85' title="bbox 2271 3946 3865 4028">
    <p class='ocr_par' dir='ltr' id='par_1_85' title="bbox 2271 3946 3865 4028">
     <span class='ocr_line' id='line_1_85' title="bbox 2271 3946 3865 4028; baseline -0.014 -10"><span class='ocrx_word' id='word_1_623' title='bbox 2271 3957 2396 4028; x_wconf 79' lang='grc' dir='ltr'>γῆς.</span> <span class='ocrx_word' id='word_1_624' title='bbox 2456 3954 2663 4028; x_wconf 81' lang='grc' dir='ltr'>Κύριος</span> <span class='ocrx_word' id='word_1_625' title='bbox 2715 3955 2744 4007; x_wconf 89' lang='grc' dir='ltr'><strong>ό</strong></span> <span class='ocrx_word' id='word_1_626' title='bbox 2802 3951 2956 4017; x_wconf 84' lang='grc' dir='ltr'>Θεὸς,</span> <span class='ocrx_word' id='word_1_627' title='bbox 3021 3947 3415 4021; x_wconf 83' lang='grc' dir='ltr'>παντοκράτωρ</span> <span class='ocrx_word' id='word_1_628' title='bbox 3452 3947 3625 4021; x_wconf 79' lang='grc' dir='ltr'>ὄνομα</span> <span class='ocrx_word' id='word_1_629' title='bbox 3685 3946 3865 4018; x_wconf 78' lang='grc' dir='ltr'>αὐτῷ,</span> 
     </span>
    </p>
   </div>
   <div class='ocr_carea' id='block_1_86' title="bbox 2285 4036 3868 4112">
    <p class='ocr_par' dir='ltr' id='par_1_86' title="bbox 2285 4036 3868 4112">
     <span class='ocr_line' id='line_1_86' title="bbox 2285 4036 3868 4112; baseline -0.004 -14"><span class='ocrx_word' id='word_1_630' title='bbox 2285 4042 2580 4098; x_wconf 83' lang='grc' dir='ltr'>Ἀκούσατε</span> <span class='ocrx_word' id='word_1_631' title='bbox 2633 4041 2794 4111; x_wconf 83' lang='grc' dir='ltr'>λόγου</span> <span class='ocrx_word' id='word_1_632' title='bbox 2845 4039 3049 4112; x_wconf 81' lang='grc' dir='ltr'>Κυρίου</span> <span class='ocrx_word' id='word_1_633' title='bbox 3065 4077 3080 4103; x_wconf 91' lang='grc'><strong>,</strong></span> <span class='ocrx_word' id='word_1_634' title='bbox 3132 4038 3193 4093; x_wconf 79' lang='grc' dir='ltr'>ὃν</span> <span class='ocrx_word' id='word_1_635' title='bbox 3252 4037 3364 4108; x_wconf 77' lang='grc' dir='ltr'><strong>ἐγὼ</strong></span> <span class='ocrx_word' id='word_1_636' title='bbox 3417 4036 3714 4110; x_wconf 67' lang='grc' dir='ltr'>λαμϐάνων</span> <span class='ocrx_word' id='word_1_637' title='bbox 3769 4039 3868 4108; x_wconf 76' lang='grc' dir='ltr'><strong>ἐφ’</strong></span> 
     </span>
    </p>
   </div>
   <div class='ocr_carea' id='block_1_87' title="bbox 2274 4127 3869 4208">
    <p class='ocr_par' dir='ltr' id='par_1_87' title="bbox 2274 4127 3869 4208">
     <span class='ocr_line' id='line_1_87' title="bbox 2274 4127 3869 4208; baseline -0.005 -18"><span class='ocrx_word' id='word_1_638' title='bbox 2274 4137 2438 4208; x_wconf 83' lang='grc' dir='ltr'>ὑμᾶς,</span> <span class='ocrx_word' id='word_1_639' title='bbox 2478 4136 2695 4208; x_wconf 88' lang='grc' dir='ltr'>θρῆνον.</span> <span class='ocrx_word' id='word_1_640' title='bbox 2742 4127 2904 4197; x_wconf 76' lang='grc' dir='ltr'>Οἶκος</span> <span class='ocrx_word' id='word_1_641' title='bbox 2945 4130 3159 4204; x_wconf 84' lang='grc' dir='ltr'>Ἰσραὴλ</span> <span class='ocrx_word' id='word_1_642' title='bbox 3194 4130 3388 4184; x_wconf 73' lang='grc' dir='ltr'>ἔπεσεν</span> <span class='ocrx_word' id='word_1_643' title='bbox 3414 4146 3428 4160; x_wconf 73' lang='grc' dir='ltr'><strong>ο</strong></span> <span class='ocrx_word' id='word_1_644' title='bbox 3485 4129 3670 4184; x_wconf 77' lang='grc' dir='ltr'>οὐκέτι</span> <span class='ocrx_word' id='word_1_645' title='bbox 3686 4145 3869 4200; x_wconf 89' lang='grc' dir='ltr'>προσ-</span> 
     </span>
    </p>
   </div>
   <div class='ocr_carea' id='block_1_88' title="bbox 2275 4222 3871 4302">
    <p class='ocr_par' dir='ltr' id='par_1_88' title="bbox 2275 4222 3871 4302">
     <span class='ocr_line' id='line_1_88' title="bbox 2275 4222 3871 4302; baseline -0.003 -19"><span class='ocrx_word' id='word_1_646' title='bbox 2275 4228 2431 4302; x_wconf 87' lang='grc' dir='ltr'>θήσει</span> <span class='ocrx_word' id='word_1_647' title='bbox 2502 4227 2597 4282; x_wconf 89' lang='grc' dir='ltr'><strong>τοῦ</strong></span> <span class='ocrx_word' id='word_1_648' title='bbox 2664 4225 2985 4297; x_wconf 82' lang='grc' dir='ltr'>ἀναστῆναι.</span> <span class='ocrx_word' id='word_1_649' title='bbox 3036 4223 3315 4295; x_wconf 85' lang='grc' dir='ltr'>Παρθένος</span> <span class='ocrx_word' id='word_1_650' title='bbox 3365 4222 3582 4298; x_wconf 76' lang='grc' dir='ltr'>Ἰσραήλ</span> <span class='ocrx_word' id='word_1_651' title='bbox 3627 4223 3871 4293; x_wconf 72' lang='grc' dir='ltr'>ἔσφαλεν</span> 
     </span>
    </p>
   </div>
   <div class='ocr_carea' id='block_1_89' title="bbox 2274 4316 3864 4392">
    <p class='ocr_par' dir='ltr' id='par_1_89' title="bbox 2274 4316 3864 4392">
     <span class='ocr_line' id='line_1_89' title="bbox 2274 4316 3864 4392; baseline -0.003 -17"><span class='ocrx_word' id='word_1_652' title='bbox 2274 4322 2368 4375; x_wconf 76' lang='grc' dir='ltr'><strong>ἐπὶ</strong></span> <span class='ocrx_word' id='word_1_653' title='bbox 2411 4321 2512 4392; x_wconf 86' lang='grc' dir='ltr'><strong>τῆς</strong></span> <span class='ocrx_word' id='word_1_654' title='bbox 2541 4320 2648 4391; x_wconf 89' lang='grc' dir='ltr'><strong>γῆς</strong></span> <span class='ocrx_word' id='word_1_655' title='bbox 2689 4319 2891 4390; x_wconf 70' lang='grc' dir='ltr'>αὐτῆςε</span> <span class='ocrx_word' id='word_1_656' title='bbox 2927 4318 3027 4372; x_wconf 80' lang='grc' dir='ltr'>οὐκ</span> <span class='ocrx_word' id='word_1_657' title='bbox 3068 4316 3216 4371; x_wconf 78' lang='grc' dir='ltr'>ἔστιν</span> <span class='ocrx_word' id='word_1_658' title='bbox 3256 4316 3285 4369; x_wconf 84' lang='grc' dir='ltr'>ὁ</span> <span class='ocrx_word' id='word_1_659' title='bbox 3331 4316 3566 4372; x_wconf 85' lang='grc' dir='ltr'>ἀνιστῶν</span> <span class='ocrx_word' id='word_1_660' title='bbox 3606 4317 3801 4390; x_wconf 82' lang='grc' dir='ltr'>αὐτὴν.</span> <span class='ocrx_word' id='word_1_661' title='bbox 3841 4338 3864 4371; x_wconf 73' lang='grc' dir='ltr'><strong>ι</strong></span> 
     </span>
    </p>
   </div>
   <div class='ocr_carea' id='block_1_90' title="bbox 2277 4409 3873 4483">
    <p class='ocr_par' dir='ltr' id='par_1_90' title="bbox 2277 4409 3873 4483">
     <span class='ocr_line' id='line_1_90' title="bbox 2277 4409 3873 4483; baseline -0.001 -17"><span class='ocrx_word' id='word_1_662' title='bbox 2277 4412 2545 4483; x_wconf 79' lang='grc' dir='ltr'>Ἔϐδομον</span> <span class='ocrx_word' id='word_1_663' title='bbox 2594 4411 2697 4483; x_wconf 80' lang='grc' dir='ltr'><strong>ήδη</strong></span> <span class='ocrx_word' id='word_1_664' title='bbox 2740 4410 2833 4465; x_wconf 88' lang='grc' dir='ltr'><strong>τὸν</strong></span> <span class='ocrx_word' id='word_1_665' title='bbox 2882 4409 3116 4482; x_wconf 86' lang='grc' dir='ltr'>Χριστὸν</span> <span class='ocrx_word' id='word_1_666' title='bbox 3164 4409 3426 4479; x_wconf 77' lang='grc' dir='ltr'>ὀνομαστὶ</span> <span class='ocrx_word' id='word_1_667' title='bbox 3475 4410 3873 4480; x_wconf 85' lang='grc' dir='ltr'>καταγγέλλων</span> 
     </span>
    </p>
   </div>
   <div class='ocr_carea' id='block_1_91' title="bbox 2275 4502 3873 4577">
    <p class='ocr_par' dir='ltr' id='par_1_91' title="bbox 2275 4502 3873 4577">
     <span class='ocr_line' id='line_1_91' title="bbox 2275 4502 3873 4577; baseline 0 -17"><span class='ocrx_word' id='word_1_668' title='bbox 2275 4507 2355 4570; x_wconf 81' lang='grc' dir='ltr'><strong>εἰς</strong></span> <span class='ocrx_word' id='word_1_669' title='bbox 2400 4504 2723 4577; x_wconf 81' lang='grc' dir='ltr'>ἀνθρώπους</span> <span class='ocrx_word' id='word_1_670' title='bbox 2767 4507 2795 4559; x_wconf 90' lang='grc' dir='ltr'>ὁ</span> <span class='ocrx_word' id='word_1_671' title='bbox 2839 4504 2992 4570; x_wconf 85' lang='grc' dir='ltr'>Θεὸς,</span> <span class='ocrx_word' id='word_1_672' title='bbox 3039 4502 3294 4576; x_wconf 83' lang='grc' dir='ltr'>στερεοῦν</span> <span class='ocrx_word' id='word_1_673' title='bbox 3344 4502 3573 4575; x_wconf 79' lang='grc' dir='ltr'>βροντὴν</span> <span class='ocrx_word' id='word_1_674' title='bbox 3618 4505 3715 4559; x_wconf 72' lang='grc' dir='ltr'>καὶ</span> <span class='ocrx_word' id='word_1_675' title='bbox 3747 4505 3873 4560; x_wconf 84' lang='grc' dir='ltr'>κτί-</span> 
     </span>
    </p>
   </div>
   <div class='ocr_carea' id='block_1_92' title="bbox 583 4594 2158 4678">
    <p class='ocr_par' dir='ltr' id='par_1_92' title="bbox 583 4597 2158 4675">
     <span class='ocr_line' id='line_1_92' title="bbox 583 4597 2158 4675; baseline 0.004 -22"><span class='ocrx_word' id='word_1_676' title='bbox 583 4598 672 4654; x_wconf 90' lang='lat' dir='ltr'><strong>nis</strong></span> <span class='ocrx_word' id='word_1_677' title='bbox 708 4597 931 4665; x_wconf 80' lang='lat' dir='ltr'><strong>dicitur,</strong></span> <span class='ocrx_word' id='word_1_678' title='bbox 980 4614 1100 4671; x_wconf 83' lang='lat' dir='ltr'><strong>quae</strong></span> <span class='ocrx_word' id='word_1_679' title='bbox 1130 4598 1340 4654; x_wconf 90' lang='lat' dir='ltr'><strong>tonitru</strong></span> <span class='ocrx_word' id='word_1_680' title='bbox 1387 4600 1631 4666; x_wconf 90' lang='lat' dir='ltr'><strong>nomine,</strong></span> <span class='ocrx_word' id='word_1_681' title='bbox 1680 4610 1973 4672; x_wconf 89' lang='lat' dir='ltr'><strong>propterea</strong></span> <span class='ocrx_word' id='word_1_682' title='bbox 2023 4604 2158 4675; x_wconf 86' lang='lat' dir='ltr'><strong>quod</strong></span> 
     </span>
    </p>
   </div>
   <div class='ocr_carea' id='block_1_93' title="bbox 2264 4594 3867 4678">
    <p class='ocr_par' dir='ltr' id='par_1_93' title="bbox 2276 4594 3867 4670">
     <span class='ocr_line' id='line_1_93' title="bbox 2276 4594 3867 4670; baseline -0.001 -17"><span class='ocrx_word' id='word_1_683' title='bbox 2276 4599 2389 4664; x_wconf 83' lang='grc' dir='ltr'>ζειν</span> <span class='ocrx_word' id='word_1_684' title='bbox 2424 4598 2643 4670; x_wconf 69' lang='grc' dir='ltr'>πνεῦμα</span> <span class='ocrx_word' id='word_1_685' title='bbox 2684 4598 2902 4667; x_wconf 87' lang='grc' dir='ltr'>λέγεται</span> <span class='ocrx_word' id='word_1_686' title='bbox 2934 4596 3028 4650; x_wconf 84' lang='grc' dir='ltr'><strong>τοῦ</strong></span> <span class='ocrx_word' id='word_1_687' title='bbox 3071 4594 3428 4666; x_wconf 87' lang='grc' dir='ltr'>εὑαγγελικοῦ</span> <span class='ocrx_word' id='word_1_688' title='bbox 3482 4596 3867 4668; x_wconf 83' lang='grc' dir='ltr'>κηρύγματος,</span> 
     </span>
    </p>
   </div>
   <div class='ocr_carea' id='block_1_94' title="bbox 579 4690 2168 4766">
    <p class='ocr_par' dir='ltr' id='par_1_94' title="bbox 579 4690 2168 4766">
     <span class='ocr_line' id='line_1_94' title="bbox 579 4690 2168 4766; baseline 0.004 -21"><span class='ocrx_word' id='word_1_689' title='bbox 579 4690 923 4747; x_wconf 79' lang='lat' dir='ltr'><strong>exaudienda</strong></span> <span class='ocrx_word' id='word_1_690' title='bbox 953 4690 1027 4745; x_wconf 88' lang='lat' dir='ltr'><strong>sit</strong></span> <span class='ocrx_word' id='word_1_691' title='bbox 1065 4691 1135 4745; x_wconf 91' lang='lat' dir='ltr'><strong>ab</strong></span> <span class='ocrx_word' id='word_1_692' title='bbox 1173 4691 1429 4748; x_wconf 88' lang='lat' dir='ltr'><strong>omnibus</strong></span> <span class='ocrx_word' id='word_1_693' title='bbox 1467 4692 1809 4758; x_wconf 88' lang='lat' dir='ltr'><strong>hominibus,</strong></span> <span class='ocrx_word' id='word_1_694' title='bbox 1845 4695 2168 4766; x_wconf 87' lang='lat' dir='ltr'><strong>appellatur.</strong></span> 
     </span>
    </p>
   </div>
   <div class='ocr_carea' id='block_1_95' title="bbox 583 4781 2173 4858">
    <p class='ocr_par' dir='ltr' id='par_1_95' title="bbox 583 4781 2173 4858">
     <span class='ocr_line' id='line_1_95' title="bbox 583 4781 2173 4858; baseline 0.003 -22"><span class='ocrx_word' id='word_1_695' title='bbox 583 4782 724 4837; x_wconf 88' lang='lat' dir='ltr'><strong>Nam</strong></span> <span class='ocrx_word' id='word_1_696' title='bbox 754 4782 923 4837; x_wconf 89' lang='lat' dir='ltr'><strong>simili</strong></span> <span class='ocrx_word' id='word_1_697' title='bbox 952 4781 1118 4837; x_wconf 88' lang='lat' dir='ltr'><strong>modo</strong></span> <span class='ocrx_word' id='word_1_698' title='bbox 1161 4782 1328 4839; x_wconf 89' lang='lat' dir='ltr'><strong>etiam</strong></span> <span class='ocrx_word' id='word_1_699' title='bbox 1360 4783 1590 4855; x_wconf 90' lang='lat' dir='ltr'><strong>spiritus</strong></span> <span class='ocrx_word' id='word_1_700' title='bbox 1619 4800 1729 4857; x_wconf 92' lang='lat' dir='ltr'><strong>quo</strong></span> <span class='ocrx_word' id='word_1_701' title='bbox 1761 4784 2017 4843; x_wconf 88' lang='lat' dir='ltr'><strong>Christus</strong></span> <span class='ocrx_word' id='word_1_702' title='bbox 2042 4801 2173 4858; x_wconf 86' lang='lat' dir='ltr'><strong>apo-</strong></span> 
     </span>
    </p>
   </div>
   <div class='ocr_carea' id='block_1_96' title="bbox 594 4874 2172 4950">
    <p class='ocr_par' dir='ltr' id='par_1_96' title="bbox 594 4874 2172 4950">
     <span class='ocr_line' id='line_1_96' title="bbox 594 4874 2172 4950; baseline 0.003 -19"><span class='ocrx_word' id='word_1_703' title='bbox 594 4876 769 4932; x_wconf 87' lang='lat' dir='ltr'><strong>stolos</strong></span> <span class='ocrx_word' id='word_1_704' title='bbox 800 4890 931 4931; x_wconf 91' lang='lat' dir='ltr'><strong>suos</strong></span> <span class='ocrx_word' id='word_1_705' title='bbox 964 4874 1186 4941; x_wconf 80' lang='lat' dir='ltr'><strong>amavit,</strong></span> <span class='ocrx_word' id='word_1_706' title='bbox 1215 4876 1589 4946; x_wconf 77' lang='lat' dir='ltr'><strong>signiﬁcatur;</strong></span> <span class='ocrx_word' id='word_1_707' title='bbox 1624 4876 1773 4949; x_wconf 88' lang='lat' dir='ltr'><strong>quod</strong></span> <span class='ocrx_word' id='word_1_708' title='bbox 1796 4878 2017 4950; x_wconf 90' lang='lat' dir='ltr'><strong>quidem</strong></span> <span class='ocrx_word' id='word_1_709' title='bbox 2046 4894 2172 4950; x_wconf 88' lang='lat' dir='ltr'><strong>per-</strong></span> 
     </span>
    </p>
   </div>
   <div class='ocr_carea' id='block_1_97' title="bbox 586 4966 2169 5042">
    <p class='ocr_par' dir='ltr' id='par_1_97' title="bbox 586 4966 2169 5042">
     <span class='ocr_line' id='line_1_97' title="bbox 586 4966 2169 5042; baseline 0.001 -18"><span class='ocrx_word' id='word_1_710' title='bbox 586 4968 777 5038; x_wconf 88' lang='lat' dir='ltr'><strong>spicue</strong></span> <span class='ocrx_word' id='word_1_711' title='bbox 796 4968 853 5023; x_wconf 92' lang='lat' dir='ltr'><strong>in</strong></span> <span class='ocrx_word' id='word_1_712' title='bbox 882 4966 1184 5024; x_wconf 87' lang='lat' dir='ltr'><strong>Salvatoris</strong></span> <span class='ocrx_word' id='word_1_713' title='bbox 1218 4969 1394 5024; x_wconf 83' lang='lat' dir='ltr'><strong>nostri</strong></span> <span class='ocrx_word' id='word_1_714' title='bbox 1431 4969 1669 5026; x_wconf 87' lang='lat' dir='ltr'><strong>adventu</strong></span> <span class='ocrx_word' id='word_1_715' title='bbox 1703 4972 2036 5042; x_wconf 90' lang='lat' dir='ltr'><strong>completum</strong></span> <span class='ocrx_word' id='word_1_716' title='bbox 2061 4979 2169 5039; x_wconf 88' lang='lat' dir='ltr'><strong>est,</strong></span> 
     </span>
    </p>
   </div>
   <div class='ocr_carea' id='block_1_98' title="bbox 586 5059 2170 5132">
    <p class='ocr_par' dir='ltr' id='par_1_98' title="bbox 586 5059 2170 5132">
     <span class='ocr_line' id='line_1_98' title="bbox 586 5059 2170 5132; baseline 0.001 -16"><span class='ocrx_word' id='word_1_717' title='bbox 586 5061 646 5117; x_wconf 90' lang='lat' dir='ltr'><strong>in</strong></span> <span class='ocrx_word' id='word_1_718' title='bbox 667 5076 776 5132; x_wconf 92' lang='lat' dir='ltr'><strong>quo</strong></span> <span class='ocrx_word' id='word_1_719' title='bbox 797 5060 1045 5117; x_wconf 78' lang='lat' dir='ltr'><strong>facturus</strong></span> <span class='ocrx_word' id='word_1_720' title='bbox 1061 5059 1206 5117; x_wconf 90' lang='lat' dir='ltr'><strong>Deus</strong></span> <span class='ocrx_word' id='word_1_721' title='bbox 1222 5076 1383 5118; x_wconf 88' lang='lat' dir='ltr'><strong>mane</strong></span> <span class='ocrx_word' id='word_1_722' title='bbox 1398 5062 1561 5119; x_wconf 90' lang='lat' dir='ltr'><strong>simul</strong></span> <span class='ocrx_word' id='word_1_723' title='bbox 1581 5069 1636 5119; x_wconf 89' lang='lat' dir='ltr'><strong>et</strong></span> <span class='ocrx_word' id='word_1_724' title='bbox 1657 5063 1913 5119; x_wconf 85' lang='lat' dir='ltr'><strong>nebulam</strong></span> <span class='ocrx_word' id='word_1_725' title='bbox 1932 5063 2170 5129; x_wconf 90' lang='lat' dir='ltr'><strong>canitur,</strong></span> 
     </span>
    </p>
   </div>
   <div class='ocr_carea' id='block_1_99' title="bbox 587 5150 2178 5225">
    <p class='ocr_par' dir='ltr' id='par_1_99' title="bbox 587 5150 2178 5225">
     <span class='ocr_line' id='line_1_99' title="bbox 587 5150 2178 5225; baseline 0.003 -17"><span class='ocrx_word' id='word_1_726' title='bbox 587 5153 659 5210; x_wconf 89' lang='lat' dir='ltr'><strong>iis</strong></span> <span class='ocrx_word' id='word_1_727' title='bbox 686 5150 905 5223; x_wconf 90' lang='lat' dir='ltr'><strong>quidem</strong></span> <span class='ocrx_word' id='word_1_728' title='bbox 922 5152 1017 5224; x_wconf 93' lang='lat' dir='ltr'><strong>qui</strong></span> <span class='ocrx_word' id='word_1_729' title='bbox 1050 5154 1294 5209; x_wconf 86' lang='lat' dir='ltr'><strong>salutare</strong></span> <span class='ocrx_word' id='word_1_730' title='bbox 1320 5154 1504 5209; x_wconf 91' lang='lat' dir='ltr'><strong>lumen</strong></span> <span class='ocrx_word' id='word_1_731' title='bbox 1535 5155 1880 5225; x_wconf 86' lang='lat' dir='ltr'><strong>susceperint</strong></span> <span class='ocrx_word' id='word_1_732' title='bbox 1907 5171 2087 5223; x_wconf 89' lang='lat' dir='ltr'><strong>mane,</strong></span> <span class='ocrx_word' id='word_1_733' title='bbox 2108 5156 2178 5213; x_wconf 80' lang='lat' dir='ltr'><strong>iis</strong></span> 
     </span>
    </p>
   </div>
   <div class='ocr_carea' id='block_1_100' title="bbox 585 5244 2177 5318">
    <p class='ocr_par' dir='ltr' id='par_1_100' title="bbox 585 5244 2177 5318">
     <span class='ocr_line' id='line_1_100' title="bbox 585 5244 2177 5318; baseline 0 -14"><span class='ocrx_word' id='word_1_734' title='bbox 585 5261 720 5304; x_wconf 81' lang='lat' dir='ltr'><strong>vero</strong></span> <span class='ocrx_word' id='word_1_735' title='bbox 746 5244 975 5313; x_wconf 76' lang='lat' dir='ltr'><strong>Iudaeis,</strong></span> <span class='ocrx_word' id='word_1_736' title='bbox 1015 5247 1110 5318; x_wconf 92' lang='lat' dir='ltr'><strong>qui</strong></span> <span class='ocrx_word' id='word_1_737' title='bbox 1139 5247 1197 5302; x_wconf 91' lang='lat' dir='ltr'><strong>in</strong></span> <span class='ocrx_word' id='word_1_738' title='bbox 1226 5248 1408 5318; x_wconf 90' lang='lat' dir='ltr'><strong>ipsum</strong></span> <span class='ocrx_word' id='word_1_739' title='bbox 1443 5262 1557 5303; x_wconf 92' lang='lat' dir='ltr'><strong>non</strong></span> <span class='ocrx_word' id='word_1_740' title='bbox 1587 5247 1921 5304; x_wconf 90' lang='lat' dir='ltr'><strong>crediderint</strong></span> <span class='ocrx_word' id='word_1_741' title='bbox 1962 5257 2177 5305; x_wconf 81' lang='lat' dir='ltr'><strong>contra.</strong></span> 
     </span>
    </p>
   </div>
   <div class='ocr_carea' id='block_1_101' title="bbox 592 5336 2180 5412">
    <p class='ocr_par' dir='ltr' id='par_1_101' title="bbox 592 5336 2180 5412">
     <span class='ocr_line' id='line_1_101' title="bbox 592 5336 2180 5412; baseline 0.004 -21"><span class='ocrx_word' id='word_1_742' title='bbox 592 5336 759 5410; x_wconf 71' lang='grc'><strong>189</strong></span> <span class='ocrx_word' id='word_1_743' title='bbox 784 5336 917 5393; x_wconf 87' lang='lat' dir='ltr'><strong>Nam</strong></span> <span class='ocrx_word' id='word_1_744' title='bbox 953 5338 1022 5392; x_wconf 92' lang='lat' dir='ltr'><strong>ad</strong></span> <span class='ocrx_word' id='word_1_745' title='bbox 1055 5339 1180 5395; x_wconf 88' lang='lat' dir='ltr'><strong>illos</strong></span> <span class='ocrx_word' id='word_1_746' title='bbox 1205 5348 1508 5395; x_wconf 79' lang='lat' dir='ltr'><strong>extremam</strong></span> <span class='ocrx_word' id='word_1_747' title='bbox 1540 5356 1758 5412; x_wconf 87' lang='lat' dir='ltr'><strong>quoque</strong></span> <span class='ocrx_word' id='word_1_748' title='bbox 1810 5341 2180 5398; x_wconf 77' lang='lat' dir='ltr'><strong>denuntiatio-</strong></span> 
     </span>
    </p>
   </div>
   <div class='ocr_carea' id='block_1_102' title="bbox 590 5430 2178 5502">
    <p class='ocr_par' dir='ltr' id='par_1_102' title="bbox 590 5430 2178 5502">
     <span class='ocr_line' id='line_1_102' title="bbox 590 5430 2178 5502; baseline 0.002 -17"><span class='ocrx_word' id='word_1_749' title='bbox 590 5444 716 5485; x_wconf 90' lang='lat' dir='ltr'><strong>nem</strong></span> <span class='ocrx_word' id='word_1_750' title='bbox 744 5430 1029 5485; x_wconf 90' lang='lat' dir='ltr'><strong>oraculum</strong></span> <span class='ocrx_word' id='word_1_751' title='bbox 1087 5439 1363 5502; x_wconf 77' lang='lat' dir='ltr'><strong>apponat,</strong></span> <span class='ocrx_word' id='word_1_752' title='bbox 1417 5433 1548 5489; x_wconf 92' lang='lat' dir='ltr'><strong>dum</strong></span> <span class='ocrx_word' id='word_1_753' title='bbox 1602 5432 2050 5489; x_wconf 84' lang='lat' dir='ltr'><strong>lamentationem</strong></span> <span class='ocrx_word' id='word_1_754' title='bbox 2080 5431 2178 5489; x_wconf 68' lang='lat' dir='ltr'><strong>Ju~</strong></span> 
     </span>
    </p>
   </div>
   <div class='ocr_carea' id='block_1_103' title="bbox 591 5521 2174 5596">
    <p class='ocr_par' dir='ltr' id='par_1_103' title="bbox 591 5521 2174 5596">
     <span class='ocr_line' id='line_1_103' title="bbox 591 5521 2174 5596; baseline 0.004 -20"><span class='ocrx_word' id='word_1_755' title='bbox 591 5521 766 5577; x_wconf 81' lang='lat' dir='ltr'><strong>daicae</strong></span> <span class='ocrx_word' id='word_1_756' title='bbox 791 5523 971 5595; x_wconf 75' lang='lat' dir='ltr'><strong>gentis</strong></span> <span class='ocrx_word' id='word_1_757' title='bbox 1003 5522 1270 5595; x_wconf 80' lang='lat' dir='ltr'><strong>adjungit,</strong></span> <span class='ocrx_word' id='word_1_758' title='bbox 1298 5539 1420 5595; x_wconf 68' lang='lat' dir='ltr'><strong>qua:</strong></span> <span class='ocrx_word' id='word_1_759' title='bbox 1449 5524 1518 5580; x_wconf 91' lang='lat' dir='ltr'><strong>ad</strong></span> <span class='ocrx_word' id='word_1_760' title='bbox 1560 5525 1712 5596; x_wconf 89' lang='lat' dir='ltr'><strong>ipsos</strong></span> <span class='ocrx_word' id='word_1_761' title='bbox 1751 5526 1935 5582; x_wconf 83' lang='lat' dir='ltr'><strong>statim</strong></span> <span class='ocrx_word' id='word_1_762' title='bbox 1982 5541 2174 5596; x_wconf 78' lang='lat' dir='ltr'><strong>perve-</strong></span> 
     </span>
    </p>
   </div>
   <div class='ocr_carea' id='block_1_104' title="bbox 592 5613 2174 5685">
    <p class='ocr_par' dir='ltr' id='par_1_104' title="bbox 592 5613 2174 5685">
     <span class='ocr_line' id='line_1_104' title="bbox 592 5613 2174 5685; baseline 0.001 -16"><span class='ocrx_word' id='word_1_763' title='bbox 592 5614 698 5679; x_wconf 82' lang='lat' dir='ltr'><strong>nit,</strong></span> <span class='ocrx_word' id='word_1_764' title='bbox 726 5622 852 5685; x_wconf 91' lang='lat' dir='ltr'><strong>post</strong></span> <span class='ocrx_word' id='word_1_765' title='bbox 881 5613 1151 5671; x_wconf 77' lang='lat' dir='ltr'><strong>nefarium</strong></span> <span class='ocrx_word' id='word_1_766' title='bbox 1209 5616 1474 5673; x_wconf 85' lang='lat' dir='ltr'><strong>adversus</strong></span> <span class='ocrx_word' id='word_1_767' title='bbox 1529 5615 1862 5673; x_wconf 89' lang='lat' dir='ltr'><strong>Salvatorem</strong></span> <span class='ocrx_word' id='word_1_768' title='bbox 1922 5624 2174 5674; x_wconf 89' lang='lat' dir='ltr'><strong>nostrum</strong></span> 
     </span>
    </p>
   </div>
   <div class='ocr_carea' id='block_1_105' title="bbox 668 5768 1242 5841">
    <p class='ocr_par' dir='ltr' id='par_1_105' title="bbox 668 5768 1242 5841">
     <span class='ocr_line' id='line_1_105' title="bbox 668 5768 1242 5841; baseline 0.007 -16"><span class='ocrx_word' id='word_1_769' title='bbox 668 5770 714 5803; x_wconf 86' lang='grc'><strong>³⁷</strong></span> <span class='ocrx_word' id='word_1_770' title='bbox 744 5768 886 5827; x_wconf 85' lang='lat' dir='ltr'><strong>Psal.</strong></span> <span class='ocrx_word' id='word_1_771' title='bbox 911 5785 1092 5841; x_wconf 60' lang='lat' dir='ltr'><strong>cum,</strong></span> <span class='ocrx_word' id='word_1_772' title='bbox 1127 5773 1242 5829; x_wconf 79' lang='lat'><strong>3-5.</strong></span> 
     </span>
    </p>
   </div>
   <div class='ocr_carea' id='block_1_106' title="bbox 2281 4687 3867 4766">
    <p class='ocr_par' dir='ltr' id='par_1_106' title="bbox 2281 4687 3867 4766">
     <span class='ocr_line' id='line_1_106' title="bbox 2281 4687 3867 4766; baseline -0.003 -20"><span class='ocrx_word' id='word_1_773' title='bbox 2281 4691 2528 4766; x_wconf 85' lang='grc' dir='ltr'>βροντῆς,</span> <span class='ocrx_word' id='word_1_774' title='bbox 2557 4690 2646 4745; x_wconf 82' lang='grc' dir='ltr'><strong>διὰ</strong></span> <span class='ocrx_word' id='word_1_775' title='bbox 2676 4690 2739 4744; x_wconf 89' lang='grc' dir='ltr'><strong>τὸ</strong></span> <span class='ocrx_word' id='word_1_776' title='bbox 2779 4692 2859 4753; x_wconf 88' lang='grc' dir='ltr'><strong>εἰς</strong></span> <span class='ocrx_word' id='word_1_777' title='bbox 2890 4688 3100 4753; x_wconf 84' lang='grc' dir='ltr'>πάντας</span> <span class='ocrx_word' id='word_1_778' title='bbox 3146 4687 3469 4761; x_wconf 85' lang='grc' dir='ltr'>ἀνθρώπους</span> <span class='ocrx_word' id='word_1_779' title='bbox 3510 4687 3867 4755; x_wconf 75' lang='grc' dir='ltr'>ἐξάκουστον,</span> 
     </span>
    </p>
   </div>
   <div class='ocr_carea' id='block_1_107' title="bbox 2278 4780 3872 4856">
    <p class='ocr_par' dir='ltr' id='par_1_107' title="bbox 2278 4780 3872 4856">
     <span class='ocr_line' id='line_1_107' title="bbox 2278 4780 3872 4856; baseline -0.003 -17"><span class='ocrx_word' id='word_1_780' title='bbox 2278 4783 2716 4856; x_wconf 66' lang='grc' dir='ltr'>ὀνομαζομένοψ</span> <span class='ocrx_word' id='word_1_781' title='bbox 2765 4782 2967 4855; x_wconf 80' lang='grc' dir='ltr'>ὁμοίως</span> <span class='ocrx_word' id='word_1_782' title='bbox 3010 4782 3069 4835; x_wconf 79' lang='grc' dir='ltr'>δὲ</span> <span class='ocrx_word' id='word_1_783' title='bbox 3115 4780 3212 4836; x_wconf 78' lang='grc' dir='ltr'><strong>καὶ</strong></span> <span class='ocrx_word' id='word_1_784' title='bbox 3255 4783 3351 4835; x_wconf 83' lang='grc' dir='ltr'><strong>τοῦ</strong></span> <span class='ocrx_word' id='word_1_785' title='bbox 3383 4782 3497 4845; x_wconf 86' lang='grc' dir='ltr'>τοῖς</span> <span class='ocrx_word' id='word_1_786' title='bbox 3540 4781 3872 4846; x_wconf 83' lang='grc' dir='ltr'>ἀποστόλοις</span> 
     </span>
    </p>
   </div>
   <div class='ocr_carea' id='block_1_108' title="bbox 2279 4872 3874 4950">
    <p class='ocr_par' dir='ltr' id='par_1_108' title="bbox 2279 4872 3874 4950">
     <span class='ocr_line' id='line_1_108' title="bbox 2279 4872 3874 4950; baseline -0.004 -18"><span class='ocrx_word' id='word_1_787' title='bbox 2279 4877 2686 4950; x_wconf 83' lang='grc' dir='ltr'>ὲμπνεύσαντος</span> <span class='ocrx_word' id='word_1_788' title='bbox 2740 4874 2980 4948; x_wconf 86' lang='grc' dir='ltr'>Χριστοῦ</span> <span class='ocrx_word' id='word_1_789' title='bbox 3041 4873 3352 4945; x_wconf 84' lang='grc' dir='ltr'>πνεύματος</span> <span class='ocrx_word' id='word_1_790' title='bbox 3402 4872 3733 4946; x_wconf 88' lang='grc' dir='ltr'>δηλουμένου</span> <span class='ocrx_word' id='word_1_791' title='bbox 3769 4892 3783 4905; x_wconf 91' lang='grc'><strong>·</strong></span> <span class='ocrx_word' id='word_1_792' title='bbox 3838 4875 3874 4925; x_wconf 75' lang='grc' dir='ltr'><strong>ὃ</strong></span> 
     </span>
    </p>
   </div>
   <div class='ocr_carea' id='block_1_109' title="bbox 2278 4967 3876 5043">
    <p class='ocr_par' dir='ltr' id='par_1_109' title="bbox 2278 4967 3876 5043">
     <span class='ocr_line' id='line_1_109' title="bbox 2278 4967 3876 5043; baseline -0.004 -17"><span class='ocrx_word' id='word_1_793' title='bbox 2278 4972 2374 5026; x_wconf 79' lang='grc' dir='ltr'>καὶ</span> <span class='ocrx_word' id='word_1_794' title='bbox 2434 4971 2619 5043; x_wconf 85' lang='grc' dir='ltr'>σαφῶς</span> <span class='ocrx_word' id='word_1_795' title='bbox 2668 4970 2762 5024; x_wconf 73' lang='grc' dir='ltr'><strong>ἐπὶ</strong></span> <span class='ocrx_word' id='word_1_796' title='bbox 2813 4972 2878 5041; x_wconf 86' lang='grc' dir='ltr'>τῇ</span> <span class='ocrx_word' id='word_1_797' title='bbox 2934 4967 3029 5023; x_wconf 83' lang='grc' dir='ltr'><strong>τοῦ</strong></span> <span class='ocrx_word' id='word_1_798' title='bbox 3082 4969 3337 5041; x_wconf 76' lang='grc' dir='ltr'>Σωτῆρος</span> <span class='ocrx_word' id='word_1_799' title='bbox 3390 4967 3550 5039; x_wconf 81' lang='grc' dir='ltr'>ήμῶν</span> <span class='ocrx_word' id='word_1_800' title='bbox 3604 4967 3876 5041; x_wconf 71' lang='grc' dir='ltr'>ἐπιδημξᾳ</span> 
     </span>
    </p>
   </div>
   <div class='ocr_carea' id='block_1_110' title="bbox 2280 5054 3872 5138">
    <p class='ocr_par' dir='ltr' id='par_1_110' title="bbox 2280 5054 3872 5138">
     <span class='ocr_line' id='line_1_110' title="bbox 2280 5054 3872 5138; baseline -0.003 -19"><span class='ocrx_word' id='word_1_801' title='bbox 2280 5064 2656 5138; x_wconf 84' lang='grc' dir='ltr'>πεπλήρωται,</span> <span class='ocrx_word' id='word_1_802' title='bbox 2711 5063 2797 5132; x_wconf 75' lang='grc' dir='ltr'><strong>ἐφ’</strong></span> <span class='ocrx_word' id='word_1_803' title='bbox 2927 5062 3173 5131; x_wconf 85' lang='grc' dir='ltr'>ποιήσειν</span> <span class='ocrx_word' id='word_1_804' title='bbox 3223 5063 3252 5115; x_wconf 88' lang='grc' dir='ltr'><strong>ό</strong></span> <span class='ocrx_word' id='word_1_805' title='bbox 3303 5058 3435 5123; x_wconf 80' lang='grc' dir='ltr'>Θεὸς</span> <span class='ocrx_word' id='word_1_806' title='bbox 3480 5059 3676 5132; x_wconf 75' lang='grc' dir='ltr'>ὄρθρον</span> <span class='ocrx_word' id='word_1_807' title='bbox 3730 5060 3872 5130; x_wconf 78' lang='grc' dir='ltr'>ὁμοῦ</span> 
     </span>
    </p>
   </div>
   <div class='ocr_carea' id='block_1_111' title="bbox 2281 5150 3879 5227">
    <p class='ocr_par' dir='ltr' id='par_1_111' title="bbox 2281 5150 3879 5227">
     <span class='ocr_line' id='line_1_111' title="bbox 2281 5150 3879 5227; baseline -0.004 -16"><span class='ocrx_word' id='word_1_808' title='bbox 2281 5157 2382 5210; x_wconf 78' lang='grc' dir='ltr'><strong>καὶ</strong></span> <span class='ocrx_word' id='word_1_809' title='bbox 2434 5155 2665 5227; x_wconf 74' lang='grc' dir='ltr'>ὁμίχλην</span> <span class='ocrx_word' id='word_1_810' title='bbox 2725 5152 3076 5216; x_wconf 80' lang='grc' dir='ltr'>θεσπίζεται·</span> <span class='ocrx_word' id='word_1_811' title='bbox 3145 5152 3259 5216; x_wconf 67' lang='grc' dir='ltr'>τοῖς</span> <span class='ocrx_word' id='word_1_812' title='bbox 3315 5151 3413 5223; x_wconf 84' lang='grc' dir='ltr'>μὲν</span> <span class='ocrx_word' id='word_1_813' title='bbox 3477 5151 3540 5204; x_wconf 87' lang='grc' dir='ltr'><strong>τὸ</strong></span> <span class='ocrx_word' id='word_1_814' title='bbox 3600 5150 3879 5221; x_wconf 77' lang='grc' dir='ltr'>σωτήρων</span> 
     </span>
    </p>
   </div>
   <div class='ocr_carea' id='block_1_112' title="bbox 2284 5239 3880 5319">
    <p class='ocr_par' dir='ltr' id='par_1_112' title="bbox 2284 5239 3880 5319">
     <span class='ocr_line' id='line_1_112' title="bbox 2284 5239 3880 5319; baseline -0.011 -17"><span class='ocrx_word' id='word_1_815' title='bbox 2284 5248 2401 5318; x_wconf 85' lang='grc' dir='ltr'>φῶς</span> <span class='ocrx_word' id='word_1_816' title='bbox 2451 5244 2939 5319; x_wconf 78' lang='grc' dir='ltr'>παραδεξαμένοις,</span> <span class='ocrx_word' id='word_1_817' title='bbox 2982 5241 3075 5296; x_wconf 83' lang='grc' dir='ltr'><strong>τὸν</strong></span> <span class='ocrx_word' id='word_1_818' title='bbox 3122 5240 3353 5313; x_wconf 70' lang='grc' dir='ltr'>δρθρον·</span> <span class='ocrx_word' id='word_1_819' title='bbox 3395 5242 3507 5304; x_wconf 86' lang='grc' dir='ltr'>τοῖς</span> <span class='ocrx_word' id='word_1_820' title='bbox 3552 5239 3609 5293; x_wconf 85' lang='grc' dir='ltr'>δὲ</span> <span class='ocrx_word' id='word_1_821' title='bbox 3641 5239 3880 5311; x_wconf 81' lang='grc' dir='ltr'>ἀπειθή-</span> 
     </span>
    </p>
   </div>
   <div class='ocr_carea' id='block_1_113' title="bbox 2284 5327 3883 5407">
    <p class='ocr_par' dir='ltr' id='par_1_113' title="bbox 2284 5327 3883 5407">
     <span class='ocr_line' id='line_1_113' title="bbox 2284 5327 3883 5407; baseline -0.01 -11"><span class='ocrx_word' id='word_1_822' title='bbox 2284 5359 2441 5398; x_wconf 87' lang='grc' dir='ltr'>σασιν</span> <span class='ocrx_word' id='word_1_823' title='bbox 2480 5342 2560 5405; x_wconf 83' lang='grc' dir='ltr'><strong>εἰς</strong></span> <span class='ocrx_word' id='word_1_824' title='bbox 2588 5339 2751 5394; x_wconf 82' lang='grc' dir='ltr'>αὐτὸν</span> <span class='ocrx_word' id='word_1_825' title='bbox 2801 5337 2912 5391; x_wconf 85' lang='grc' dir='ltr'><strong>τῶν</strong></span> <span class='ocrx_word' id='word_1_826' title='bbox 2953 5338 3017 5390; x_wconf 84' lang='grc' dir='ltr'>ὲκ</span> <span class='ocrx_word' id='word_1_827' title='bbox 3043 5335 3366 5407; x_wconf 83' lang='grc' dir='ltr'>περιτομῆς,</span> <span class='ocrx_word' id='word_1_828' title='bbox 3403 5332 3736 5389; x_wconf 75' lang='grc' dir='ltr'>τούναντίον.</span> <span class='ocrx_word' id='word_1_829' title='bbox 3775 5327 3883 5397; x_wconf 63' lang='grc' dir='ltr'>οἷς</span> 
     </span>
    </p>
   </div>
   <div class='ocr_carea' id='block_1_114' title="bbox 2281 5425 3879 5506">
    <p class='ocr_par' dir='ltr' id='par_1_114' title="bbox 2281 5425 3879 5506">
     <span class='ocr_line' id='line_1_114' title="bbox 2281 5425 3879 5506; baseline -0.006 -17"><span class='ocrx_word' id='word_1_830' title='bbox 2281 5436 2376 5490; x_wconf 70' lang='grc' dir='ltr'>καὶ</span> <span class='ocrx_word' id='word_1_831' title='bbox 2432 5433 2531 5506; x_wconf 79' lang='grc' dir='ltr'><strong>τήν</strong></span> <span class='ocrx_word' id='word_1_832' title='bbox 2588 5431 2823 5503; x_wconf 79' lang='grc' dir='ltr'>ἐσχάτην</span> <span class='ocrx_word' id='word_1_833' title='bbox 2865 5428 3139 5499; x_wconf 85' lang='grc' dir='ltr'>ἀπόφασιν</span> <span class='ocrx_word' id='word_1_834' title='bbox 3193 5429 3222 5480; x_wconf 87' lang='grc' dir='ltr'><strong>ό</strong></span> <span class='ocrx_word' id='word_1_835' title='bbox 3264 5426 3420 5497; x_wconf 88' lang='grc' dir='ltr'>λόγος</span> <span class='ocrx_word' id='word_1_836' title='bbox 3472 5425 3879 5500; x_wconf 79' lang='grc' dir='ltr'>προκηρύττει,</span> 
     </span>
    </p>
   </div>
   <div class='ocr_carea' id='block_1_115' title="bbox 2283 5518 3882 5600">
    <p class='ocr_par' dir='ltr' id='par_1_115' title="bbox 2283 5518 3882 5600">
     <span class='ocr_line' id='line_1_115' title="bbox 2283 5518 3882 5600; baseline -0.008 -18"><span class='ocrx_word' id='word_1_837' title='bbox 2283 5528 2478 5600; x_wconf 87' lang='grc' dir='ltr'>θρῆνον</span> <span class='ocrx_word' id='word_1_838' title='bbox 2510 5525 2775 5594; x_wconf 80' lang='grc' dir='ltr'>ἐπιλέγων</span> <span class='ocrx_word' id='word_1_839' title='bbox 2791 5519 2887 5576; x_wconf 84' lang='grc' dir='ltr'><strong>τοῦ</strong></span> <span class='ocrx_word' id='word_1_840' title='bbox 2918 5519 3187 5576; x_wconf 77' lang='grc' dir='ltr'>Ἰουδαίων</span> <span class='ocrx_word' id='word_1_841' title='bbox 3202 5521 3410 5586; x_wconf 75' lang='grc' dir='ltr'>ἔθνους,</span> <span class='ocrx_word' id='word_1_842' title='bbox 3438 5519 3531 5574; x_wconf 89' lang='grc' dir='ltr'><strong>τὸν</strong></span> <span class='ocrx_word' id='word_1_843' title='bbox 3551 5521 3644 5573; x_wconf 71' lang='grc' dir='ltr'>καὶ</span> <span class='ocrx_word' id='word_1_844' title='bbox 3675 5518 3882 5591; x_wconf 69' lang='grc' dir='ltr'>μετεὶ-</span> 
     </span>
    </p>
   </div>
   <div class='ocr_carea' id='block_1_116' title="bbox 2282 5608 3880 5686">
    <p class='ocr_par' dir='ltr' id='par_1_116' title="bbox 2282 5608 3880 5686">
     <span class='ocr_line' id='line_1_116' title="bbox 2282 5608 3880 5686; baseline -0.002 -17"><span class='ocrx_word' id='word_1_845' title='bbox 2282 5616 2442 5669; x_wconf 86' lang='grc' dir='ltr'>θόντα</span> <span class='ocrx_word' id='word_1_846' title='bbox 2486 5613 2682 5678; x_wconf 73' lang='grc' dir='ltr'>αὐτοὺς</span> <span class='ocrx_word' id='word_1_847' title='bbox 2746 5611 3059 5686; x_wconf 75' lang='grc' dir='ltr'>παραυτίκα</span> <span class='ocrx_word' id='word_1_848' title='bbox 3125 5611 3263 5683; x_wconf 87' lang='grc' dir='ltr'><strong>μετά</strong></span> <span class='ocrx_word' id='word_1_849' title='bbox 3287 5612 3387 5685; x_wconf 82' lang='grc' dir='ltr'>τὴν</span> <span class='ocrx_word' id='word_1_850' title='bbox 3450 5608 3593 5667; x_wconf 78' lang='grc' dir='ltr'>κατὰ</span> <span class='ocrx_word' id='word_1_851' title='bbox 3620 5608 3717 5665; x_wconf 87' lang='grc' dir='ltr'><strong>τοῦ</strong></span> <span class='ocrx_word' id='word_1_852' title='bbox 3749 5608 3880 5666; x_wconf 81' lang='grc' dir='ltr'><strong>Σω-</strong></span> 
     </span>
    </p>
   </div>
   <div class='ocr_carea' id='block_1_117' title="bbox 1323 5770 2619 5842">
    <p class='ocr_par' dir='ltr' id='par_1_117' title="bbox 1323 5770 2619 5842">
     <span class='ocr_line' id='line_1_117' title="bbox 1323 5770 2619 5842; baseline -0.002 -13"><span class='ocrx_word' id='word_1_853' title='bbox 1323 5776 1365 5806; x_wconf 74' lang='lat'>&quot;</span> <span class='ocrx_word' id='word_1_854' title='bbox 1398 5774 1528 5832; x_wconf 88' lang='lat' dir='ltr'><strong>ibid.</strong></span> <span class='ocrx_word' id='word_1_855' title='bbox 1563 5774 1616 5836; x_wconf 78' lang='grc'><strong>6.</strong></span> <span class='ocrx_word' id='word_1_856' title='bbox 1657 5774 1706 5829; x_wconf 88' lang='grc'>7.</span> <span class='ocrx_word' id='word_1_857' title='bbox 1778 5775 1822 5806; x_wconf 69' lang='grc'><strong>⁵³</strong></span> <span class='ocrx_word' id='word_1_858' title='bbox 1847 5774 2014 5832; x_wconf 83' lang='lat' dir='ltr'><strong>Amos</strong></span> <span class='ocrx_word' id='word_1_859' title='bbox 2048 5789 2122 5842; x_wconf 75' lang='grc' dir='ltr'><strong>ιν,</strong></span> <span class='ocrx_word' id='word_1_860' title='bbox 2159 5772 2244 5839; x_wconf 62' lang='lat' dir='ltr'><strong>l3,</strong></span> <span class='ocrx_word' id='word_1_861' title='bbox 2286 5773 2375 5837; x_wconf 76' lang='lat'><strong>15;</strong></span> <span class='ocrx_word' id='word_1_862' title='bbox 2412 5789 2461 5838; x_wconf 74' lang='grc' dir='ltr'><strong>ν,</strong></span> <span class='ocrx_word' id='word_1_863' title='bbox 2499 5770 2619 5834; x_wconf 75' lang='lat' dir='ltr'><strong>l.2.</strong></span> 
     </span>
    </p>
   </div>
  </div>
