2060 3210
178 173 235 203 517

641 168 976 209 DEMONSTRATIONIS
995 181 1227 212 EVANGELICJE
1247 184 1312 213 LIB.
1329 184 1374 212 ιν.

1767 188 1819 216 518

179 232 267 267 ιιι-’ἦρος
290 234 369 269 ἡμῶν
402 235 488 270 Ἰησοῦ
510 236 557 263 τοῦ
584 237 703 272 Χριστοῦ
733 238 903 266 δυσσέϐειαν.
932 239 978 272 Ἐξ

1029 239 1122 269 Jesum
1138 241 1280 269 Christum
1305 243 1406 270 scelus.
1424 242 1462 270 Ex
1479 243 1527 271 illo
1544 243 1616 271 enim
1633 244 1674 272 vel
1694 244 1728 272 ad
1747 245 1820 274 hunc

178 280 288 307 ἐκείνου
303 281 358 316 γὰρ
381 281 489 317 ἀληθῶς
509 283 555 310 καὶ
575 284 615 316 εἰς
638 284 718 320 δεῦρο
736 286 751 311 6
775 283 848 317 οἶκος
870 286 977 322 Ἰσραὴλ

180 326 339 359 πέπτωκεν,
350 328 413 363 ὄρος
426 337 456 354 τε
468 327 541 361 ἅπαξ
564 329 617 356 ὑπὸ
634 330 681 357 τοῦ
694 330 761 357 Θεοῦ
778 332 824 358 καὶ
840 332 977 366 ἀπόφασις

180 372 357 407 ἐξενήνεκται
379 374 444 410 περὶ
464 374 512 402 τοῦ
536 376 664 408 πεσόντος
682 377 772 404 αὐτῶν
789 377 863 404 οἴκου
884 378 931 405 τοῦ
947 380 976 405 ὲν

188 416 377 454 Ἰερουσαλὴμ,
393 419 440 445 καὶ
455 420 525 447 κατὰ
546 421 646 454 παντὸς
666 422 756 449 αὐτῶν
774 423 821 449 τοῦ
838 424 976 460 συστήμα-

179 472 239 495 τος,
254 464 293 496 ὡς
312 466 407 500 μηκέτ’
423 466 456 492 ἂν
481 467 717 502 ἀναστησομένων,
734 468 772 504 τῷ
791 469 858 504 μηδὲ
880 468 977 506 παρεῖιῖ

181 520 226 538 ναι
243 512 290 538 τὸν
304 512 455 539 ἁνιστῶντα
470 514 577 546 αὐτούς.
592 524 601 541 ι
620 516 677 541 Οὐκ
692 515 750 543 ἔστι
768 525 778 542 ι
792 515 867 551 γοῦν,
883 518 975 553 φησὶν,

185 565 195 582 ι
207 557 222 583 6
240 558 358 584 ἁνιστῶν
367 558 462 594 αὑτήν.
480 569 489 584 ι
508 559 585 586 Ἐπεὶ
601 559 656 595 γὰρ
669 560 781 588 ἐλθόντα
796 561 841 589 τὸν
859 562 976 598 Χριστὸν

182 602 229 629 τοῦ
243 602 311 629 Θεοῦ
324 604 354 629 οὐ
370 604 552 639 προσήκαντο,
567 605 679 638 εἰκότως
695 607 793 638 αὐτοὺς
809 607 975 640 καταλιπὼν,

182 650 228 677 ιπὶ
253 650 343 676 πάντα
367 652 482 686 μετέστη
505 651 539 678 τὰ
565 651 639 688 ἔθνη,
656 652 686 679 τὸ
708 652 794 681 αἴτιον
815 654 865 689 τῆς
891 663 975 690 μετα-

182 696 314 728 πτώσεως
331 696 450 730 διδάξας,
467 697 500 724 δι⁹
515 694 552 724 ὧν
565 699 815 735 ἀποκλαυσάμενος,
837 701 977 736 μονονουχὶ

181 742 375 778 ἀπελογήσατο
400 743 500 770 εἰπών’
519 754 528 769 ‹
553 745 740 781 Ἰερουσαλὴμ,
764 747 941 783 Ἰερουσαλὴμ
958 749 975 784 ή

182 789 382 816 ἀποκτείνουσα
401 791 464 822 τοὺς
485 792 626 827 προφήτας
652 792 698 818 καὶ
719 792 893 820 λιθοὸολοῦσα
914 795 977 826 τοὺς

181 835 405 870 ἀπεσταλμένους
420 837 489 872 πρὸς
506 838 622 873 σαυτήν·
640 838 771 871 πολλάκις
785 839 839 876 γὰρ
856 840 977 876 ἠθέλησα

181 882 345 915 ἐπισυνάξαι
357 882 391 909 τὰ
406 883 488 910 τέκνα
503 892 561 916 σου,
575 884 605 911 ὃν
624 885 724 920 τρόπον
740 886 814 922 ὅρνις
836 886 870 914 τὰ
883 887 977 915 νοσσία

182 929 269 963 αὐτῆς
284 929 337 955 ὑπὸ
360 929 410 961 τὰς
429 930 576 967 πτέρυγας,
597 932 644 958 καὶ
668 932 718 959 οὐκ
737 932 908 969 ήθελήσατε·-
923 934 978 961 ἰδοὺ
995 922 1015 949 Β

181 974 292 1008 ἀφίεται
309 975 374 1010 ὑμῖν
390 976 405 1001 6
423 974 497 1007 οἶκος
512 976 589 1011 ὑμῶν
605 976 719 1013 ἕρημος.
739 987 748 1003 ι

188 1040 257 1082 Ἀπί)
279 1041 333 1082 τοῦ
355 1042 528 1082 ἉμθΞικούμ.
546 1044 729 1082 -Ᾰριστὲς
753 1046 896 1082 ὀνομαστὶ
918 1048 978 1074 ὑπὸ

218 1078 329 1116 ῌυρίος
342 1077 396 1104 τοῦ
410 1078 524 1116 Πατρὸς
543 1077 709 1114 σωζόμενος
725 1081 775 1108 καὶ
794 1077 894 1112 ἁώζων
908 1083 980 1116 τοὺς

218 1112 327 1139 ἑαυτοῦ
343 1114 494 1147 χρηστούς.

222 1177 231 1193 ι
257 1168 382 1203 Ἐξῆλθες
396 1169 436 1201 εἰς
449 1169 586 1205 σωτηρίαν
600 1170 665 1197 λαοῦ
681 1180 739 1204 σου,
752 1172 799 1199 τοῦ
815 1173 901 1200 σῶσαι
915 1174 979 1207 τοὺς

182 1214 312 1249 χριστοὺς
323 1222 384 1241 σου⁸
401 1214 497 1246 ἔϐαλες
511 1216 550 1246 εἰς
564 1215 686 1250 κεφαλὰς
699 1217 807 1253 ἀνόμων
822 1218 944 1245 θάνατον.
965 1228 975 1244 ›

189 1260 306 1292 Ἀκύλας
329 1270 339 1286 ι
365 1261 491 1296 Ἐξῆλϐες
505 1262 545 1293 είς
569 1262 705 1298 σωτηρίαν
723 1262 788 1290 λαοῦ
806 1273 863 1296 σου,
876 1266 916 1296 εἰς
927 1273 978 1291 σω-

183 1306 281 1342 τηρίαν
297 1306 362 1333 λαοῦ
380 1316 426 1334 σου
445 1309 493 1335 σὺν
507 1309 618 1344 Χριστῷ
635 1318 692 1337 σου.
710 1320 720 1336 ι
744 1311 851 1346 Ἐπειδὴ
869 1312 883 1336 ὁ
899 1312 978 1339 Ἀκύ-

182 1351 232 1384 λας
249 1353 311 1380 ἀντὶ
325 1352 372 1379 τοῦ
387 1353 567 1389 πληθυντικοῦ
585 1355 682 1387 ἑνικῶς
704 1355 829 1388 ἐξέδωκε,
846 1358 893 1384 σὺν
909 1358 978 1393 Χρι-

183 1399 239 1434 στῴ
270 1399 369 1434 φήσας,
388 1399 437 1434 τὴν
456 1401 593 1436 σωτηρίαν
607 1401 646 1436 τῷ
670 1400 726 1437 λαῴ
744 1403 908 1438 πεποιῆσθαι
932 1404 979 1431 τὸν

184 1444 237 1472 τῶν
248 1445 316 1472 ὅλων
330 1445 395 1473 Θεάν
405 1454 411 1460 ·
428 1446 540 1479 εἰκότως
564 1447 740 1484 παρεθέμεθα
763 1448 811 1485 τὴν
835 1449 918 1484 λέξιν,
932 1459 979 1478 σα-

184 1491 242 1525 φῶς
256 1492 295 1527 τῷ
312 1492 483 1528 προϐλήματι
506 1494 722 1530 παρισταμένην.
741 1493 804 1522 Εἶεν
816 1496 845 1522 δὲ
860 1496 892 1523 ἂν
908 1497 979 1524 κατὰ

184 1539 233 1574 τὴν
243 1539 297 1565 τῶν
311 1540 511 1576 Ἐεῖδομήκοντα
525 1541 671 1577 ἑρμηνείαν
688 1542 797 1575 πλείους
811 1544 835 1569 οἱ
851 1543 880 1576 ἐξ
896 1544 977 1571 αὐτοῦ

1029 296 1116 323 usque
1130 288 1202 316 diem
1217 289 1315 318 domus
1330 289 1414 318 lsrael
1426 290 1534 323 cecidit,
1548 295 1576 319 et
1585 291 1719 319 visionem
1736 293 1821 321 semel

1029 333 1100 362 Deus
1116 342 1149 362 ac
1163 334 1399 364 denuntiationem
1414 337 1539 371 protulit,
1555 337 1589 365 de
1601 344 1699 365 casura
1710 337 1821 365 illorum

1028 380 1111 408 domo
1141 382 1168 408 in
1186 380 1350 414 Jerusalem,
1364 382 1498 410 adversus
1509 390 1618 410 omnem
1627 383 1736 411 illorum
1750 384 1822 411 mul-

1028 427 1184 460 titudinem,
1201 427 1284 455 veluti
1300 435 1395 455 eorum
1413 429 1459 463 qui
1474 436 1528 456 non
1556 429 1673 464 amplius
1698 429 1822 465 erigendi

1029 474 1096 507 sint,
1113 481 1146 501 eo
1161 473 1234 509 quod
1249 481 1305 501 non
1321 474 1403 507 adsit,
1420 475 1467 510 qui
1484 475 1518 502 ad
1533 475 1594 503 illos
1610 476 1717 510 erigat:
1737 485 1746 501 ι
1765 483 1821 502 non

1028 525 1081 554 est,
1094 522 1194 557 inquit,
1209 521 1256 556 qui
1271 521 1358 556 erigat
1372 529 1443 549 eam.
1460 531 1470 547 ι
1493 520 1643 556 Postquam
1659 522 1732 549 enim
1743 521 1822 549 Chri-

1029 572 1114 599 stum,
1130 568 1176 603 qui
1193 568 1225 595 ad
1242 568 1303 596 illos
1316 571 1438 600 venerat,
1451 575 1505 595 non
1517 571 1709 603 susceperunt,
1724 568 1822 595 merito

1030 613 1092 641 illos
1104 619 1131 640 et
1144 613 1275 645 deseruit,
1295 616 1323 640 et
1345 613 1373 640 in
1389 620 1486 640 omnes
1514 613 1657 640 transtulit
1683 612 1820 645 nationes,

1029 659 1166 695 quietiam
1182 664 1239 687 tum
1265 659 1343 695 prius
1360 659 1448 687 ruinae
1469 667 1581 687 causam
1609 660 1671 687 illos
1700 659 1820 691 edocuit,

1029 706 1075 733 ubi
1094 714 1178 741 prope
1194 714 1256 734 cum
1273 706 1470 734 lamentatione
1485 714 1515 734 se
1536 706 1689 739 excusavit,
1704 706 1798 733 dicens
1813 714 1820 733 :

1032 762 1041 778 ι
1061 751 1227 784 Jerusalem,
1242 751 1407 784 Jerusalem,
1434 760 1496 786 quat
1526 752 1631 779 occidis
1659 751 1821 787 prophetas,

1029 803 1056 826 et
1067 797 1172 833 lapidas
1189 805 1238 825 eos
1252 798 1299 832 qui
1310 797 1344 824 ad
1359 801 1385 824 te
1403 798 1481 825 missi
1494 802 1570 829 sunt,
1584 805 1655 832 szepe
1669 797 1742 824 volui
1757 804 1824 824 con-

1030 853 1144 881 gregare
1158 845 1230 872 ﬁlios
1244 848 1308 872 tuos
1322 844 1460 879 quomodo
1471 844 1572 880 gallina
1589 844 1678 879 pullos
1693 850 1759 870 suos
1771 843 1823 870 sub

1033 893 1102 923 alas,
1118 895 1145 919 et
1161 891 1290 919 noluistis
1309 898 1397 919 :ccce
1419 890 1584 925 relinquitur
1612 890 1710 917 domus
1731 893 1823 917 vestra

1030 939 1140 966 deserta
1153 939 1185 965 ⁸ο.

1030 1054 1069 1081 Ab
1086 1054 1242 1081 Ambacum.
1253 1068 1288 1073 —-—
1300 1053 1419 1080 Christus
1431 1053 1586 1080 nominatim
1597 1061 1611 1079 η
1621 1052 1733 1080 Domino
1745 1051 1824 1078 Patre

1181 1094 1312 1122 servatur,
1329 1094 1353 1116 et
1369 1089 1481 1116 chrisws
1496 1096 1558 1115 suos
1575 1093 1671 1115 servat.

1069 1187 1077 1204 ι
1097 1176 1232 1213 Egressus
1249 1186 1278 1206 es
1294 1177 1322 1205 in
1335 1178 1450 1205 salutem
1465 1176 1558 1212 populi
1579 1176 1629 1210 tui,
1646 1179 1675 1203 ut
1689 1183 1816 1203 servares

1029 1225 1149 1253 ehristos
1156 1228 1219 1252 tuos
1229 1224 1334 1259 :jecisti
1344 1225 1371 1251 in
1378 1224 1467 1259 capita
1475 1223 1632 1258 iniquorum
1644 1225 1760 1249 mortem
1769 1221 1803 1248 ⁶¹.
1810 1231 1820 1247 ι

1028 1272 1126 1307 Aquila
1136 1281 1159 1298 ει
1170 1271 1302 1306 Egressus
1310 1279 1339 1298 es
1348 1271 1374 1297 iit
1386 1270 1501 1298 salutem
1510 1269 1602 1305 populi
1610 1268 1661 1302 tui,
1672 1268 1699 1295 in
1707 1268 1824 1296 salutem

1029 1322 1103 1345 tuam
1112 1326 1173 1345 cum
1182 1317 1291 1345 Christo
1299 1321 1357 1346 tuo.
1365 1316 1513 1349 iQuoniam
1524 1315 1621 1351 Aquila
1631 1316 1656 1343 in
1664 1314 1762 1350 plurali
1769 1313 1826 1345 edi-

1029 1365 1069 1392 dit
1079 1365 1218 1399 singulare
1225 1364 1334 1398 quippe,
1344 1363 1390 1398 qui
1404 1370 1466 1390 cum
1477 1362 1587 1390 Christo
1595 1361 1694 1389 dixerit
1708 1360 1823 1388 salutem

1029 1411 1130 1446 populo
1142 1410 1240 1438 fecisse
1252 1410 1335 1437 Deum
1353 1409 1487 1441 universi,
1506 1409 1568 1443 jure
1586 1408 1645 1443 ipsa
1660 1407 1742 1435 verba
1772 1414 1822 1441 ap-

1030 1458 1185 1493 posuimus,
1200 1465 1260 1492 qua:
1269 1456 1423 1491 perspicue,
1439 1456 1511 1490 quod
1524 1456 1568 1482 hic
1584 1455 1756 1490 propositum
1770 1460 1823 1486 est,

1031 1508 1152 1531 tuentur.
1168 1503 1257 1530 Erunt
1273 1506 1364 1530 autem
1401 1510 1434 1530 ex
1451 1502 1676 1536 interpretatione
1701 1501 1824 1535 ipsorum

1030 1548 1103 1575 LXX
1121 1549 1213 1583 plures
1226 1548 1260 1575 ab
1275 1548 1321 1575 illo
1338 1552 1365 1574 et
1380 1555 1430 1582 per
1445 1547 1534 1579 illum,
1547 1546 1595 1581 qui
1611 1546 1708 1573 christt
1730 1546 1824 1581 appel-

184 1587 231 1612 καὶ
246 1587 280 1612 δι’
294 1587 374 1613 αὑτὸν
396 1588 502 1623 χριστοὶ
523 1589 748 1624 χρηματίζοντες,
766 1590 831 1625 περὶ
851 1586 888 1617 ὧν
904 1590 978 1626 εἴρη-

1032 1595 1134 1626 lentur,
1165 1593 1198 1621 de
1216 1594 1317 1629 quibus
1343 1594 1445 1621 dictum
1474 1596 1540 1620 est:
1568 1601 1577 1617 ι
1599 1591 1687 1619 Nolite
1713 1595 1825 1626 tangere

183 1640 241 1658 ται·
261 1641 270 1657 ι
285 1632 330 1666 Μὴ
342 1632 446 1668 ἂψησοε
460 1633 514 1659 τῶν
526 1634 644 1669 χριστῶν
661 1643 722 1670 μου,
738 1635 784 1662 καὶ
797 1636 826 1661 ὲν
840 1637 895 1667 τοῖς
913 1644 979 1671 προ-

183 1679 283 1713 φήταις
298 1687 348 1712 μου
366 1678 403 1713 μὴ
419 1679 611 1715 πονηρεύεσθε,
633 1690 642 1705 ι
658 1680 726 1707 οἵτε
743 1681 783 1712 εἰς
804 1680 887 1707 αὑτὸν
899 1688 979 1707 πεπι-

183 1725 336 1756 array/2:5;
351 1724 396 1751 καὶ
410 1724 456 1751 τοῦ
474 1725 551 1759 ἁγίου
566 1725 615 1760 τῆς
628 1726 657 1753 ὲν
670 1726 708 1761 τῷ
723 1726 833 1762 Χριστῴ
852 1727 980 1761 παλιγγε-

183 1770 275 1802 νεςίας
289 1771 439 1806 χρίσματος
455 1771 664 1807 κατηξιωμένοι,
676 1773 723 1799 καὶ
734 1772 877 1808 δυνάμενοι
888 1773 979 1808 λέγειν

181 1817 283 1853 ὁμοίως
301 1816 340 1852 τῷ
360 1817 425 1853 ἱερῷ
441 1817 598 1853 ἀποστόλῳ·
620 1827 629 1844 ι
649 1818 765 1854 Μέτοχοι
786 1819 832 1845 τοῦ
859 1819 978 1855 Χριστοῦ

182 1864 346 1899 γεγόναμεν.
370 1874 379 1889 ι

189 1932 257 1959 Ἀπό
279 1932 339 1958 τῶν
356 1932 492 1966 Ἰερεμίου
510 1932 642 1967 Θρήνων.
667 1948 702 1953 ——
722 1932 851 1967 Χριστὸς
870 1933 978 1968 ὀνομα-

217 1968 266 1993 στὶ
288 1967 348 2004 ὑπὸ
369 1967 517 1994 Ἰουδαίων
536 1968 817 2004 ἐπιϐουλευόμενος,
841 1968 891 1995 καὶ
917 1967 980 2002 τοῖς

217 2004 318 2030 ξύνεσι
335 2003 617 2038 ἐπιγινωσκόμνος.

219 2068 229 2083 ι
252 2057 363 2092 Πνεῦμα
380 2056 525 2093 προσώπου
549 2058 627 2094 ἡμῶν
650 2058 768 2094 Χριστὸς
793 2058 894 2094 Κύριος
918 2067 981 2087 συν-

183 2103 286 2138 ελήφθη
304 2104 332 2130 ἐν
348 2105 409 2135 ταῖς
436 2103 595 2140 διαφθοραῖς
617 2104 708 2139 ήμῶν,
723 2100 753 2131 οὗ
781 2104 914 2139 εἴπαμεν·
936 2106 980 2132 Ἐν

183 2150 215 2183 τῇ
231 2149 296 2184 σκιᾷ
313 2148 396 2175 αὐτοῦ
413 2147 553 2185 ζησόμεθα
569 2150 598 2176 ὲν
609 2151 667 2181 τοῖς
679 2149 794 2177 ἔθνεσιν.
810 2160 819 2176 ι
833 2151 865 2177 Οἱ
883 2150 981 2177 θεσπέ-

185 2203 236 2221 σιοι
260 2195 307 2221 τοῦ
330 2195 398 2222 Θεοῦ
425 2195 573 2231 προφῆται,
594 2195 625 2222 τὸ
647 2195 742 2231 μέλλον
759 2196 825 2232 θείῳ
840 2197 979 2233 Πνεύματι

184 2241 362 2276 συνορῶντες,
380 2241 509 2276 ζήσεσθαι
526 2241 576 2277 μὲν
597 2241 710 2274 ἑαυτοὺς
728 2243 775 2270 καὶ
790 2243 854 2275 τοὺς
873 2244 978 2271 ἑαυτῶν

182 2287 288 2322 λόγους,
313 2287 351 2319 ὡς
365 2286 397 2314 ἂν
418 2286 526 2318 ζώντων
550 2288 707 2324 ἐνεργήσειν
730 2290 758 2315 ἐν
778 2290 835 2321 τοῖς
857 2289 976 2322 ἔθνεσιν,
993 2278 1016 2306 D

183 2334 239 2361 ἀλλ’
257 2334 307 2361 οὐκ
320 2335 348 2361 ἐν
362 2333 402 2369 τῷ
409 2334 528 2369 Ἰσραὴλ,
541 2333 694 2366 ἐθέσπιζον,
707 2336 759 2362 Τὸν
769 2337 886 2373 Χριστὸν
896 2337 977 2364 πάλιν

182 2381 322 2417 ὀνομαστὶ,
337 2382 376 2413 ὡς
393 2380 427 2408 ἂν
449 2381 530 2407 αὑτὸν
545 2380 591 2407 τὸν
610 2382 738 2417 Χριστὸν,
753 2384 818 2419 παρ’
840 2380 870 2410 οὗ
886 2384 933 2410 καὶ
947 2384 977 2411 τὸ

183 2427 350 2464 προφητικὸν
368 2428 460 2459 αὐτοῖς
476 2429 645 2464 κεχορήγητο
658 2429 776 2464 πνεῦμα,
793 2429 978 2466 συλληφθήσε-

184 2474 244 2501 σθαι
260 2474 379 2509 ἔφασκον
401 2475 431 2500 ἐν
450 2475 510 2506 ταῖς
535 2474 693 2510 διαφθοραῖς
714 2475 814 2502 αὐτῶν.
836 2476 941 2509 Τίνων;
957 2474 975 2511 ἦ

181 2521 260 2555 δῆλον
281 2521 321 2547 ὅτι
345 2520 399 2546 τῶν
416 2521 448 2546 ἐκ
472 2521 622 2556 περιτομῆς
642 2521 870 2548 ἐπιϐουλευόντων
890 2522 972 2558 αὐτῷ.

182 2568 265 2603 Τήρει
282 2567 310 2594 δὲ
329 2567 478 2600 κάνταῦθα,
496 2569 569 2600 ὅπως
589 2570 603 2593 ὁ
615 2569 692 2604 λόγος
706 2568 752 2595 τὸν
767 2568 886 2604 Χριστὸν
907 2577 975 2605 προ-

182 2611 308 2647 αγορεύει
327 2612 573 2648 συλληφθήσεσθαι,
589 2613 657 2650 ὅπερ
667 2614 717 2640 οὐκ
729 2613 763 2640 ἂν
775 2613 925 2649 ἐφαρμόζοι
941 2616 974 2650 τῇ

182 2659 297 2695 δευτέρᾳ
317 2659 365 2686 τοῦ
386 2659 505 2695 Χριστοῦ
532 2660 677 2696 παρουσίᾳ,
691 2661 724 2696 ἢν
743 2661 847 2693 ἔνδοξον
868 2661 975 2688 ἔσεσθαι

182 2706 229 2733 καὶ
252 2705 321 2741 μετὰ
342 2705 479 2741 βασιλείας
498 2705 590 2733 ἐνθέου
611 2706 846 2743 προκηρύττουσιν
869 2708 892 2734 οἱ
911 2717 976 2744 προ-

182 2752 292 2788 φητικοὶ
306 2752 390 2787 λόγος.
409 2753 508 2789 Διόπερ
525 2753 597 2781 εἰκὸς
611 2753 674 2784 τοὺς
690 2754 722 2780 ἐκ
736 2754 889 2789 περιτομῆς
910 2755 976 2781 ἁπο-

183 2797 357 2831 σφάλλεσθαι,
372 2797 405 2824 τὰ
423 2798 486 2833 περὶ
505 2797 555 2833 τῆς
566 2798 694 2834 δευτέρας
709 2798 868 2832 ἐπιφανείας
883 2798 974 2832 αὐτοῦ,

182 2841 220 2874 ὡς
246 2843 291 2870 ἐπὶ
319 2843 431 2879 πρώτης
462 2843 577 2878 ἀφίξεως
608 2844 839 2879 ε’·λαμϐἁνοντας,
852 2845 975 2881 οὐδαμῶς

236 2923 256 2937 '"
270 2922 335 2949 Luc.
360 2923 523 2956 unﬁt—5?).
564 2923 582 2939 "
598 2922 699 2951 Hahae.
719 2931 760 2956 nl,
783 2924 821 2951 l5.

863 2924 884 2939 θ’
898 2923 969 2952 Psal.
985 2931 1039 2957 Civ,
1056 2924 1095 2952 l5.

1031 1640 1153 1668 christos
1178 1648 1269 1671 meos,
1285 1643 1312 1667 et
1328 1639 1355 1667 in
1374 1638 1516 1674 prophetis
1542 1638 1612 1665 meis
1630 1637 1714 1665 nolite
1742 1636 1823 1664 mali-

1029 1686 1109 1722 gnari
1121 1686 1144 1701 “
1163 1695 1169 1713 :
1190 1694 1199 1711 ι
1215 1685 1260 1720 qui
1282 1685 1391 1720 quidem
1403 1688 1431 1712 et
1452 1684 1481 1711 in
1499 1684 1576 1710 illum
1593 1682 1780 1713 crediderunt,
1796 1685 1824 1709 et

1030 1736 1128 1760 sancta
1143 1731 1360 1767 regenerationis
1376 1731 1403 1758 in
1412 1730 1524 1758 Christo
1539 1730 1670 1757 unctione
1686 1728 1762 1764 digni
1778 1728 1825 1755 ha-

1029 1776 1080 1804 biti
1095 1781 1171 1808 sunt,
1189 1780 1215 1803 et
1229 1783 1283 1803 una
1294 1783 1356 1803 cum
1380 1779 1478 1803 sancto
1493 1774 1626 1810 Apostolo
1647 1774 1741 1802 dicere
1759 1780 1825 1808 pos-

1029 1826 1094 1851 sunt
1107 1832 1113 1850 :
1130 1831 1139 1848 ‹
1154 1822 1305 1857 Participes
1319 1821 1420 1849 Christi
1434 1820 1498 1848 facti
1511 1828 1607 1847 sumus
1622 1819 1655 1847 ⁸³.
1671 1829 1680 1845 ι

1032 1935 1112 1971 190
1128 1934 1290 1971 ArJeremitg
1314 1932 1570 1971 Lamentationibus'.
1588 1947 1623 1952 —
1636 1930 1757 1959 Christus
1767 1939 1824 1971 ,ξιο-

1065 1967 1188 2011 ἷιιῖηιιιὶῃι
1212 1969 1245 1997 ab
1272 1968 1375 1996 Judwt’a
1397 1968 1612 2000 circumvenitur,
1631 1972 1655 1994 et
1672 1976 1687 1993 a
1702 1967 1823 2002 gentibus

1066 2011 1229 2041 agnoscatur.

1069 2071 1077 2088 I
1098 2061 1218 2096 Spiritus
1235 2061 1328 2088 vultus
1340 2060 1427 2088 nostri
1440 2059 1568 2087 Christus
1587 2059 1729 2090 Dominus,
1746 2065 1824 2086 com-

1031 2108 1183 2144 prehensus
1213 2111 1256 2135 est
1280 2107 1309 2134 in
1334 2105 1559 2141 eorruptionibus
1587 2112 1701 2136 eorum,
1719 2104 1752 2132 de
1769 2112 1824 2138 quo

1030 2154 1162 2185 diximus,
1178 2153 1205 2179 in
1221 2152 1317 2179 umbra
1330 2151 1417 2186 ipsius
1433 2151 1557 2178 vivemus
1571 2149 1599 2176 in
1619 2148 1745 2184 gentibus
1756 2148 1788 2174 “.
1811 2157 1821 2172 ι

1030 2197 1214 2226 Admirabiles
1230 2197 1269 2224 illi
1286 2196 1333 2224 Dei
1350 2196 1502 2231 prophetae,
1521 2202 1583 2222 cum
1605 2193 1699 2221 divino
1723 2193 1823 2228 spiritu

1031 2244 1205 2271 intuerentur
1236 2242 1309 2278 quod
1325 2241 1448 2268 futurum
1463 2247 1533 2274 erat,
1561 2240 1685 2267 victuros
1711 2239 1822 2274 quidem

1031 2292 1148 2326 seipsos,
1164 2290 1248 2317 verba
1264 2293 1355 2316 autem
1368 2287 1646 2323 sua,quasiipsorum
1659 2285 1821 2316 viventium,

1031 2344 1087 2363 non
1103 2335 1195 2362 futura
1214 2334 1313 2366 otiosa,
1330 2342 1386 2361 non
1402 2333 1474 2368 apud
1494 2332 1590 2365 Israel,
1608 2331 1655 2359 sed
1667 2330 1740 2366 apud
1757 2338 1824 2366 geu-

1031 2386 1083 2414 tes,
1101 2381 1252 2408 cauebant:
1268 2380 1409 2407 Christum
1424 2383 1514 2406 autent
1529 2386 1625 2406 rursus
1648 2376 1821 2408 nominatim,

1031 2428 1110 2464 quasi
1130 2427 1205 2454 illum
1222 2427 1361 2454 Christum
1380 2433 1395 2453 a
1412 2433 1467 2460 quo
1483 2424 1659 2460 propheticus
1674 2423 1741 2458 ipsis
1758 2430 1824 2458 sup-

1031 2474 1200 2509 peditaretur
1214 2472 1339 2508 spiritus,
1356 2469 1643 2507 comprehendendum
1655 2468 1782 2495 dicebant
1795 2468 1824 2494 in

1030 2519 1256 2555 corruptiouibus
1279 2519 1413 2554 ipsorum.
1428 2516 1572 2551 Quorum?
1587 2515 1689 2551 Nempe
1711 2514 1824 2542 Iudaeo-

1028 2574 1101 2599 rum,
1117 2567 1163 2601 qui
1193 2566 1270 2593 illum
1298 2565 1406 2593 insidiis
1426 2564 1679 2592 circumvenerunt.
1704 2560 1823 2588 Attende

1030 2620 1095 2640 vero
1118 2612 1163 2639 hic
1184 2619 1304 2647 quoque,
1325 2616 1354 2638 ut
1374 2610 1515 2637 oraculum
1537 2609 1681 2637 Christum
1697 2608 1821 2643 praadicit

1031 2658 1332 2694 comprehendendum,
1350 2656 1422 2692 quod
1436 2655 1620 2684 sane'Christi
1633 2654 1754 2683 secundo
1770 2654 1820 2681 ad-

1031 2705 1125 2733 ventui
1136 2703 1339 2732 accommodari
1354 2711 1408 2730 non
1424 2702 1521 2738 possit,
1536 2710 1618 2738 quem
1635 2702 1785 2738 gloriosum
1796 2704 1823 2727 ct

1031 2758 1093 2778 cum
1122 2758 1207 2786 regno
1230 2750 1325 2778 divino
1353 2748 1495 2780 futurum,
1524 2748 1684 2784 prophetica
1711 2746 1822 2775 oracula

1030 2798 1184 2825 enuntiant.
1217 2797 1391 2832 Quapropter
1414 2803 1526 2823 necesse
1549 2799 1591 2823 est
1612 2794 1722 2823 Judwos
1746 2794 1828 2822 aber-

1032 2852 1105 2878 rare,
1122 2845 1169 2880 qui
1183 2852 1214 2872 oa
1226 2852 1286 2879 qum
1298 2844 1331 2872 ad
1344 2843 1495 2872 secundum
1510 2842 1583 2870 illius
1599 2842 1745 2870 adventum
1760 2849 1820 2877 per-

1137 2924 1157 2938 “
1171 2923 1251 2952 Hebr.
1270 2931 1310 2957 ιιι,
1331 2923 1372 2951 ll.
1413 2921 1546 2951 “Thrcn.
1569 2929 1605 2955 tv,
1621 2920 1666 2949 20.
