  <div class='ocr_page' id='page_1' title='image "/cluster/home/n/w/nwhite01/storage/ocr_20150623/22/hvd.32044073501140/167.png"; bbox 0 0 4158 6418; ppageno 0'>
   <div class='ocr_carea' id='block_1_1' title="bbox 480 326 648 423">
    <p class='ocr_par' dir='ltr' id='par_1_1' title="bbox 480 326 648 423">
     <span class='ocr_line' id='line_1_1' title="bbox 480 326 648 423; baseline 0 0"><span class='ocrx_word' id='word_1_1' title='bbox 480 326 482 329; x_wconf 21' lang='grc' dir='ltr'><strong>Ι</strong></span> <span class='ocrx_word' id='word_1_2' title='bbox 543 370 648 423; x_wconf 67' lang='grc'><strong>319</strong></span> 
     </span>
    </p>
   </div>
   <div class='ocr_carea' id='block_1_2' title="bbox 1178 349 2104 422">
    <p class='ocr_par' dir='ltr' id='par_1_2' title="bbox 1178 358 2104 422">
     <span class='ocr_line' id='line_1_2' title="bbox 1178 358 2104 422; baseline -0.009 0"><span class='ocrx_word' id='word_1_3' title='bbox 1178 365 1450 422; x_wconf 81' lang='lat' dir='ltr'><strong>EL&#39;SEBII</strong></span> <span class='ocrx_word' id='word_1_4' title='bbox 1482 359 1968 420; x_wconf 67' lang='grc' dir='ltr'><strong>ϐίΕὸΑΜ-ΕΝΞΙΞ</strong></span> <span class='ocrx_word' id='word_1_5' title='bbox 2007 358 2104 416; x_wconf 68' lang='grc' dir='ltr'><strong>ΟΡ]</strong></span> 
     </span>
    </p>
   </div>
   <div class='ocr_carea' id='block_1_3' title="bbox 2208 349 3122 422">
    <p class='ocr_par' dir='ltr' id='par_1_3' title="bbox 2208 349 3122 413">
     <span class='ocr_line' id='line_1_3' title="bbox 2208 349 3122 413; baseline -0.008 0"><span class='ocrx_word' id='word_1_6' title='bbox 2208 355 2396 413; x_wconf 75' lang='lat' dir='ltr'><strong>PARS.</strong></span> <span class='ocrx_word' id='word_1_7' title='bbox 2437 357 2503 413; x_wconf 85' lang='grc'><strong>11.</strong></span> <span class='ocrx_word' id='word_1_8' title='bbox 2526 385 2598 395; x_wconf 90' lang='lat'><strong>-—-</strong></span> <span class='ocrx_word' id='word_1_9' title='bbox 2618 349 3122 410; x_wconf 72' lang='lat' dir='ltr'><strong>APOLOGETICA.</strong></span> 
     </span>
    </p>
   </div>
   <div class='ocr_carea' id='block_1_4' title="bbox 3697 349 3812 404">
    <p class='ocr_par' dir='ltr' id='par_1_4' title="bbox 3697 349 3812 404">
     <span class='ocr_line' id='line_1_4' title="bbox 3697 349 3812 404; baseline 0 -1"><span class='ocrx_word' id='word_1_10' title='bbox 3697 349 3812 404; x_wconf 72' lang='lat'><strong>520</strong></span> 
     </span>
    </p>
   </div>
   <div class='ocr_carea' id='block_1_5' title="bbox 541 461 2104 558">
    <p class='ocr_par' dir='ltr' id='par_1_5' title="bbox 541 479 2104 558">
     <span class='ocr_line' id='line_1_5' title="bbox 541 479 2104 558; baseline -0.004 -16"><span class='ocrx_word' id='word_1_11' title='bbox 541 489 720 542; x_wconf 90' lang='lat' dir='ltr'><strong>tinent</strong></span> <span class='ocrx_word' id='word_1_12' title='bbox 745 487 904 558; x_wconf 84' lang='lat' dir='ltr'><strong>quasi</strong></span> <span class='ocrx_word' id='word_1_13' title='bbox 940 486 1008 540; x_wconf 91' lang='lat' dir='ltr'><strong>de</strong></span> <span class='ocrx_word' id='word_1_14' title='bbox 1043 483 1222 555; x_wconf 89' lang='lat' dir='ltr'><strong>primo</strong></span> <span class='ocrx_word' id='word_1_15' title='bbox 1252 485 1432 539; x_wconf 79' lang='lat' dir='ltr'><strong>solent</strong></span> <span class='ocrx_word' id='word_1_16' title='bbox 1461 482 1730 552; x_wconf 87' lang='lat' dir='ltr'><strong>accipere,</strong></span> <span class='ocrx_word' id='word_1_17' title='bbox 1762 495 1887 534; x_wconf 89' lang='lat' dir='ltr'><strong>cum</strong></span> <span class='ocrx_word' id='word_1_18' title='bbox 1913 479 1966 534; x_wconf 91' lang='lat' dir='ltr'><strong>id</strong></span> <span class='ocrx_word' id='word_1_19' title='bbox 1985 495 2104 535; x_wconf 37' lang='lat' dir='ltr'><strong>nus‘</strong></span> 
     </span>
    </p>
   </div>
   <div class='ocr_carea' id='block_1_6' title="bbox 2208 461 3810 558">
    <p class='ocr_par' dir='ltr' id='par_1_6' title="bbox 2219 461 3810 546">
     <span class='ocr_line' id='line_1_6' title="bbox 2219 461 3810 546; baseline -0.004 -16"><span class='ocrx_word' id='word_1_20' title='bbox 2219 475 2375 530; x_wconf 80' lang='grc' dir='ltr'>τοῦτο</span> <span class='ocrx_word' id='word_1_21' title='bbox 2405 473 2811 546; x_wconf 83' lang='grc' dir='ltr'>συγχωροῦντος</span> <span class='ocrx_word' id='word_1_22' title='bbox 2839 470 2933 526; x_wconf 89' lang='grc' dir='ltr'><strong>τοῦ</strong></span> <span class='ocrx_word' id='word_1_23' title='bbox 2969 470 3148 541; x_wconf 82' lang='grc' dir='ltr'><strong>λόγου,</strong></span> <span class='ocrx_word' id='word_1_24' title='bbox 3187 467 3310 522; x_wconf 76' lang='grc' dir='ltr'>ἐπεὶ</span> <span class='ocrx_word' id='word_1_25' title='bbox 3344 467 3420 539; x_wconf 77' lang='grc' dir='ltr'><strong>μή</strong></span> <span class='ocrx_word' id='word_1_26' title='bbox 3443 461 3554 522; x_wconf 73' lang='grc' dir='ltr'>οἷόν</span> <span class='ocrx_word' id='word_1_27' title='bbox 3574 467 3635 522; x_wconf 87' lang='grc' dir='ltr'><strong>τέ</strong></span> <span class='ocrx_word' id='word_1_28' title='bbox 3663 469 3810 524; x_wconf 78' lang='grc' dir='ltr'>ἐστιν</span> 
     </span>
    </p>
   </div>
   <div class='ocr_carea' id='block_1_7' title="bbox 539 571 2118 650">
    <p class='ocr_par' dir='ltr' id='par_1_7' title="bbox 539 571 2118 650">
     <span class='ocr_line' id='line_1_7' title="bbox 539 571 2118 650; baseline -0.004 -17"><span class='ocrx_word' id='word_1_29' title='bbox 539 595 702 650; x_wconf 83' lang='lat' dir='ltr'><strong>quam</strong></span> <span class='ocrx_word' id='word_1_30' title='bbox 729 580 868 633; x_wconf 87' lang='lat' dir='ltr'><strong>ratio</strong></span> <span class='ocrx_word' id='word_1_31' title='bbox 899 577 1166 633; x_wconf 88' lang='lat' dir='ltr'><strong>concedat</strong></span> <span class='ocrx_word' id='word_1_32' title='bbox 1194 595 1207 630; x_wconf 91' lang='lat'><strong>:</strong></span> <span class='ocrx_word' id='word_1_33' title='bbox 1248 577 1450 647; x_wconf 85' lang='lat' dir='ltr'><strong>quippe</strong></span> <span class='ocrx_word' id='word_1_34' title='bbox 1476 590 1602 630; x_wconf 91' lang='lat' dir='ltr'><strong>eum</strong></span> <span class='ocrx_word' id='word_1_35' title='bbox 1631 573 1747 628; x_wconf 89' lang='lat' dir='ltr'><strong>ﬁeri</strong></span> <span class='ocrx_word' id='word_1_36' title='bbox 1769 572 1924 627; x_wconf 91' lang='lat' dir='ltr'><strong>nullo</strong></span> <span class='ocrx_word' id='word_1_37' title='bbox 1953 571 2118 626; x_wconf 89' lang='lat' dir='ltr'><strong>modo</strong></span> 
     </span>
    </p>
   </div>
   <div class='ocr_carea' id='block_1_8' title="bbox 538 665 2121 743">
    <p class='ocr_par' dir='ltr' id='par_1_8' title="bbox 538 665 2121 743">
     <span class='ocr_line' id='line_1_8' title="bbox 538 665 2121 743; baseline -0.005 -17"><span class='ocrx_word' id='word_1_38' title='bbox 538 671 736 743; x_wconf 87' lang='lat' dir='ltr'><strong>possit,</strong></span> <span class='ocrx_word' id='word_1_39' title='bbox 769 679 830 724; x_wconf 93' lang='lat' dir='ltr'><strong>ut</strong></span> <span class='ocrx_word' id='word_1_40' title='bbox 859 679 914 726; x_wconf 90' lang='lat' dir='ltr'><strong>et</strong></span> <span class='ocrx_word' id='word_1_41' title='bbox 944 671 1151 740; x_wconf 82' lang='lat' dir='ltr'><strong>pariter</strong></span> <span class='ocrx_word' id='word_1_42' title='bbox 1197 678 1252 724; x_wconf 89' lang='lat' dir='ltr'><strong>et</strong></span> <span class='ocrx_word' id='word_1_43' title='bbox 1298 668 1600 724; x_wconf 89' lang='lat' dir='ltr'><strong>secundum</strong></span> <span class='ocrx_word' id='word_1_44' title='bbox 1646 665 1814 730; x_wconf 80' lang='lat' dir='ltr'><strong>idem,</strong></span> <span class='ocrx_word' id='word_1_45' title='bbox 1857 665 2012 720; x_wconf 87' lang='lat' dir='ltr'><strong>illum</strong></span> <span class='ocrx_word' id='word_1_46' title='bbox 2064 670 2121 718; x_wconf 85' lang='lat' dir='ltr'><strong>et</strong></span> 
     </span>
    </p>
   </div>
   <div class='ocr_carea' id='block_1_9' title="bbox 537 761 2120 834">
    <p class='ocr_par' dir='ltr' id='par_1_9' title="bbox 537 761 2120 834">
     <span class='ocr_line' id='line_1_9' title="bbox 537 761 2120 834; baseline -0.004 -17"><span class='ocrx_word' id='word_1_47' title='bbox 537 763 838 834; x_wconf 85' lang='lat' dir='ltr'><strong>gloriosum</strong></span> <span class='ocrx_word' id='word_1_48' title='bbox 875 769 930 816; x_wconf 90' lang='lat' dir='ltr'><strong>et</strong></span> <span class='ocrx_word' id='word_1_49' title='bbox 964 761 1240 831; x_wconf 90' lang='lat' dir='ltr'><strong>abjectum</strong></span> <span class='ocrx_word' id='word_1_50' title='bbox 1283 761 1553 832; x_wconf 87' lang='lat' dir='ltr'><strong>ﬁngamus</strong></span> <span class='ocrx_word' id='word_1_51' title='bbox 1603 778 1616 814; x_wconf 91' lang='lat'>:</span> <span class='ocrx_word' id='word_1_52' title='bbox 1674 765 1939 830; x_wconf 69' lang='lat' dir='ltr'><strong>praeterea</strong></span> <span class='ocrx_word' id='word_1_53' title='bbox 1993 772 2120 812; x_wconf 90' lang='lat' dir='ltr'><strong>cum</strong></span> 
     </span>
    </p>
   </div>
   <div class='ocr_carea' id='block_1_10' title="bbox 537 851 2120 924">
    <p class='ocr_par' dir='ltr' id='par_1_10' title="bbox 537 851 2120 924">
     <span class='ocr_line' id='line_1_10' title="bbox 537 851 2120 924; baseline -0.004 -14"><span class='ocrx_word' id='word_1_54' title='bbox 537 855 748 910; x_wconf 87' lang='lat' dir='ltr'><strong>honore</strong></span> <span class='ocrx_word' id='word_1_55' title='bbox 782 862 836 908; x_wconf 91' lang='lat' dir='ltr'><strong>et</strong></span> <span class='ocrx_word' id='word_1_56' title='bbox 865 869 1054 924; x_wconf 88' lang='lat' dir='ltr'><strong>regno,</strong></span> <span class='ocrx_word' id='word_1_57' title='bbox 1088 863 1142 909; x_wconf 92' lang='lat' dir='ltr'><strong>et</strong></span> <span class='ocrx_word' id='word_1_58' title='bbox 1170 861 1365 908; x_wconf 86' lang='lat' dir='ltr'><strong>contra</strong></span> <span class='ocrx_word' id='word_1_59' title='bbox 1419 867 1532 907; x_wconf 87' lang='lat' dir='ltr'><strong>non</strong></span> <span class='ocrx_word' id='word_1_60' title='bbox 1588 851 1882 906; x_wconf 79' lang='lat' dir='ltr'><strong>habentem</strong></span> <span class='ocrx_word' id='word_1_61' title='bbox 1939 863 2120 919; x_wconf 85' lang='lat' dir='ltr'><strong>neque</strong></span> 
     </span>
    </p>
   </div>
   <div class='ocr_carea' id='block_1_11' title="bbox 538 940 2119 1016">
    <p class='ocr_par' dir='ltr' id='par_1_11' title="bbox 538 940 2119 1016">
     <span class='ocr_line' id='line_1_11' title="bbox 538 940 2119 1016; baseline -0.004 -15"><span class='ocrx_word' id='word_1_62' title='bbox 538 947 776 1016; x_wconf 84' lang='lat' dir='ltr'><strong>speciem</strong></span> <span class='ocrx_word' id='word_1_63' title='bbox 811 961 989 1015; x_wconf 89' lang='lat' dir='ltr'><strong>neque</strong></span> <span class='ocrx_word' id='word_1_64' title='bbox 1035 944 1224 1012; x_wconf 89' lang='lat' dir='ltr'><strong>decus,</strong></span> <span class='ocrx_word' id='word_1_65' title='bbox 1275 945 1371 1001; x_wconf 92' lang='lat' dir='ltr'><strong>sed</strong></span> <span class='ocrx_word' id='word_1_66' title='bbox 1407 950 1783 1014; x_wconf 88' lang='lat' dir='ltr'><strong>contemptum</strong></span> <span class='ocrx_word' id='word_1_67' title='bbox 1832 957 1945 1012; x_wconf 64' lang='lat' dir='ltr'><strong>prae</strong></span> <span class='ocrx_word' id='word_1_68' title='bbox 1990 940 2119 995; x_wconf 91' lang='lat' dir='ltr'><strong>ﬁliis</strong></span> 
     </span>
    </p>
   </div>
   <div class='ocr_carea' id='block_1_12' title="bbox 538 1032 2120 1108">
    <p class='ocr_par' dir='ltr' id='par_1_12' title="bbox 538 1032 2120 1108">
     <span class='ocr_line' id='line_1_12' title="bbox 538 1032 2120 1108; baseline -0.004 -15"><span class='ocrx_word' id='word_1_69' title='bbox 538 1040 821 1093; x_wconf 85' lang='lat' dir='ltr'><strong>hominum</strong></span> <span class='ocrx_word' id='word_1_70' title='bbox 862 1058 875 1093; x_wconf 92' lang='lat'>:</span> <span class='ocrx_word' id='word_1_71' title='bbox 903 1055 1096 1095; x_wconf 81' lang='lat' dir='ltr'><strong>rursus</strong></span> <span class='ocrx_word' id='word_1_72' title='bbox 1131 1037 1473 1094; x_wconf 88' lang='lat' dir='ltr'><strong>Salvatorcm</strong></span> <span class='ocrx_word' id='word_1_73' title='bbox 1497 1045 1552 1093; x_wconf 89' lang='lat' dir='ltr'><strong>et</strong></span> <span class='ocrx_word' id='word_1_74' title='bbox 1582 1035 2004 1108; x_wconf 83' lang='lat' dir='ltr'><strong>Redemptorem</strong></span> <span class='ocrx_word' id='word_1_75' title='bbox 2037 1032 2120 1088; x_wconf 85' lang='lat' dir='ltr'><strong>ls-</strong></span> 
     </span>
    </p>
   </div>
   <div class='ocr_carea' id='block_1_13' title="bbox 538 1125 2118 1198">
    <p class='ocr_par' dir='ltr' id='par_1_13' title="bbox 538 1125 2118 1198">
     <span class='ocr_line' id='line_1_13' title="bbox 538 1125 2118 1198; baseline -0.002 -15"><span class='ocrx_word' id='word_1_76' title='bbox 538 1130 671 1193; x_wconf 89' lang='lat' dir='ltr'><strong>rael,</strong></span> <span class='ocrx_word' id='word_1_77' title='bbox 703 1136 756 1184; x_wconf 90' lang='lat' dir='ltr'><strong>et</strong></span> <span class='ocrx_word' id='word_1_78' title='bbox 787 1140 976 1185; x_wconf 89' lang='lat' dir='ltr'><strong>contra</strong></span> <span class='ocrx_word' id='word_1_79' title='bbox 1006 1130 1437 1184; x_wconf 91' lang='lat' dir='ltr'><strong>circumventum</strong></span> <span class='ocrx_word' id='word_1_80' title='bbox 1467 1129 1537 1183; x_wconf 89' lang='lat' dir='ltr'><strong>ab</strong></span> <span class='ocrx_word' id='word_1_81' title='bbox 1563 1128 1694 1191; x_wconf 88' lang='lat' dir='ltr'><strong>illis,</strong></span> <span class='ocrx_word' id='word_1_82' title='bbox 1717 1134 1770 1182; x_wconf 86' lang='lat' dir='ltr'><strong>et</strong></span> <span class='ocrx_word' id='word_1_83' title='bbox 1787 1125 1944 1198; x_wconf 88' lang='lat' dir='ltr'><strong>quasi</strong></span> <span class='ocrx_word' id='word_1_84' title='bbox 1961 1140 2118 1182; x_wconf 87' lang='lat' dir='ltr'><strong>ovem</strong></span> 
     </span>
    </p>
   </div>
   <div class='ocr_carea' id='block_1_14' title="bbox 538 1221 2118 1292">
    <p class='ocr_par' dir='ltr' id='par_1_14' title="bbox 538 1221 2118 1292">
     <span class='ocr_line' id='line_1_14' title="bbox 538 1221 2118 1292; baseline 0.003 -21"><span class='ocrx_word' id='word_1_85' title='bbox 538 1223 764 1278; x_wconf 84' lang='lat' dir='ltr'><strong>ductum</strong></span> <span class='ocrx_word' id='word_1_86' title='bbox 811 1223 880 1277; x_wconf 88' lang='lat' dir='ltr'><strong>ad</strong></span> <span class='ocrx_word' id='word_1_87' title='bbox 919 1223 1275 1287; x_wconf 87' lang='lat' dir='ltr'><strong>occisionem,</strong></span> <span class='ocrx_word' id='word_1_88' title='bbox 1328 1230 1383 1278; x_wconf 90' lang='lat' dir='ltr'><strong>et</strong></span> <span class='ocrx_word' id='word_1_89' title='bbox 1411 1223 1480 1277; x_wconf 86' lang='lat' dir='ltr'><strong>ab</strong></span> <span class='ocrx_word' id='word_1_90' title='bbox 1512 1221 1792 1292; x_wconf 77' lang='lat' dir='ltr'><strong>antiquis,</strong></span> <span class='ocrx_word' id='word_1_91' title='bbox 1847 1221 1939 1291; x_wconf 90' lang='lat' dir='ltr'><strong>qui</strong></span> <span class='ocrx_word' id='word_1_92' title='bbox 1975 1221 2118 1276; x_wconf 83' lang='lat' dir='ltr'><strong>inter</strong></span> 
     </span>
    </p>
   </div>
   <div class='ocr_carea' id='block_1_15' title="bbox 534 1313 2116 1379">
    <p class='ocr_par' dir='ltr' id='par_1_15' title="bbox 534 1313 2116 1379">
     <span class='ocr_line' id='line_1_15' title="bbox 534 1313 2116 1379; baseline 0.001 -10"><span class='ocrx_word' id='word_1_93' title='bbox 534 1315 757 1370; x_wconf 88' lang='lat' dir='ltr'><strong>eosdem</strong></span> <span class='ocrx_word' id='word_1_94' title='bbox 790 1315 922 1379; x_wconf 92' lang='lat' dir='ltr'><strong>sint,</strong></span> <span class='ocrx_word' id='word_1_95' title='bbox 953 1315 1212 1370; x_wconf 91' lang='lat' dir='ltr'><strong>traditum</strong></span> <span class='ocrx_word' id='word_1_96' title='bbox 1235 1315 1303 1369; x_wconf 89' lang='lat' dir='ltr'><strong>ad</strong></span> <span class='ocrx_word' id='word_1_97' title='bbox 1333 1313 1738 1370; x_wconf 87' lang='lat' dir='ltr'><strong>mortem.Cum</strong></span> <span class='ocrx_word' id='word_1_98' title='bbox 1767 1320 1948 1368; x_wconf 88' lang='lat' dir='ltr'><strong>autem</strong></span> <span class='ocrx_word' id='word_1_99' title='bbox 1981 1313 2116 1370; x_wconf 84' lang='lat' dir='ltr'><strong>satis</strong></span> 
     </span>
    </p>
   </div>
   <div class='ocr_carea' id='block_1_16' title="bbox 535 1402 2114 1476">
    <p class='ocr_par' dir='ltr' id='par_1_16' title="bbox 535 1402 2114 1476">
     <span class='ocr_line' id='line_1_16' title="bbox 535 1402 2114 1476; baseline -0.001 -18"><span class='ocrx_word' id='word_1_100' title='bbox 535 1407 823 1461; x_wconf 82' lang='lat' dir='ltr'><strong>commode</strong></span> <span class='ocrx_word' id='word_1_101' title='bbox 874 1422 941 1461; x_wconf 84' lang='lat' dir='ltr'><strong>ex</strong></span> <span class='ocrx_word' id='word_1_102' title='bbox 993 1407 1200 1461; x_wconf 85' lang='lat' dir='ltr'><strong>nostris</strong></span> <span class='ocrx_word' id='word_1_103' title='bbox 1249 1407 1599 1472; x_wconf 84' lang='lat' dir='ltr'><strong>rationibus,</strong></span> <span class='ocrx_word' id='word_1_104' title='bbox 1653 1402 2114 1476; x_wconf 88' lang='lat' dir='ltr'><strong>quemadmodum</strong></span> 
     </span>
    </p>
   </div>
   <div class='ocr_carea' id='block_1_17' title="bbox 533 1496 2115 1568">
    <p class='ocr_par' dir='ltr' id='par_1_17' title="bbox 533 1496 2115 1568">
     <span class='ocr_line' id='line_1_17' title="bbox 533 1496 2115 1568; baseline -0.001 -16"><span class='ocrx_word' id='word_1_105' title='bbox 533 1498 652 1566; x_wconf 87' lang='lat' dir='ltr'><strong>ipsa</strong></span> <span class='ocrx_word' id='word_1_106' title='bbox 686 1513 865 1552; x_wconf 89' lang='lat' dir='ltr'><strong>rerum</strong></span> <span class='ocrx_word' id='word_1_107' title='bbox 898 1499 1168 1568; x_wconf 71' lang='lat' dir='ltr'><strong>inspectio</strong></span> <span class='ocrx_word' id='word_1_108' title='bbox 1198 1499 1461 1564; x_wconf 84' lang='lat' dir='ltr'><strong>declarat,</strong></span> <span class='ocrx_word' id='word_1_109' title='bbox 1513 1497 1772 1554; x_wconf 81' lang='lat' dir='ltr'><strong>vaticinia</strong></span> <span class='ocrx_word' id='word_1_110' title='bbox 1804 1497 1871 1553; x_wconf 90' lang='lat' dir='ltr'><strong>de</strong></span> <span class='ocrx_word' id='word_1_111' title='bbox 1893 1496 2115 1551; x_wconf 85' lang='lat' dir='ltr'><strong>Christo</strong></span> 
     </span>
    </p>
   </div>
   <div class='ocr_carea' id='block_1_18' title="bbox 533 1590 2116 1663">
    <p class='ocr_par' dir='ltr' id='par_1_18' title="bbox 533 1590 2116 1663">
     <span class='ocr_line' id='line_1_18' title="bbox 533 1590 2116 1663; baseline 0 -19"><span class='ocrx_word' id='word_1_112' title='bbox 533 1591 590 1644; x_wconf 85' lang='lat' dir='ltr'><strong>in</strong></span> <span class='ocrx_word' id='word_1_113' title='bbox 618 1591 727 1645; x_wconf 92' lang='lat' dir='ltr'><strong>duo</strong></span> <span class='ocrx_word' id='word_1_114' title='bbox 759 1606 959 1661; x_wconf 84' lang='lat' dir='ltr'><strong>genera</strong></span> <span class='ocrx_word' id='word_1_115' title='bbox 990 1591 1343 1647; x_wconf 88' lang='lat' dir='ltr'><strong>dividantur:</strong></span> <span class='ocrx_word' id='word_1_116' title='bbox 1399 1608 1463 1648; x_wconf 91' lang='lat' dir='ltr'><strong>ea</strong></span> <span class='ocrx_word' id='word_1_117' title='bbox 1506 1593 1728 1663; x_wconf 89' lang='lat' dir='ltr'><strong>quidem</strong></span> <span class='ocrx_word' id='word_1_118' title='bbox 1765 1607 1888 1662; x_wconf 64' lang='lat' dir='ltr'><strong>qum</strong></span> <span class='ocrx_word' id='word_1_119' title='bbox 1912 1590 1978 1644; x_wconf 88' lang='lat' dir='ltr'><strong>ad</strong></span> <span class='ocrx_word' id='word_1_120' title='bbox 2012 1591 2116 1645; x_wconf 81' lang='lat' dir='ltr'><strong>hu-</strong></span> 
     </span>
    </p>
   </div>
   <div class='ocr_carea' id='block_1_19' title="bbox 531 1684 2110 1756">
    <p class='ocr_par' dir='ltr' id='par_1_19' title="bbox 531 1684 2110 1756">
     <span class='ocr_line' id='line_1_19' title="bbox 531 1684 2110 1756; baseline 0 -20"><span class='ocrx_word' id='word_1_121' title='bbox 531 1698 751 1737; x_wconf 86' lang='lat' dir='ltr'><strong>manam</strong></span> <span class='ocrx_word' id='word_1_122' title='bbox 801 1684 950 1740; x_wconf 87' lang='lat' dir='ltr'><strong>illius</strong></span> <span class='ocrx_word' id='word_1_123' title='bbox 1005 1692 1259 1740; x_wconf 88' lang='lat' dir='ltr'><strong>naturam</strong></span> <span class='ocrx_word' id='word_1_124' title='bbox 1292 1692 1543 1756; x_wconf 87' lang='lat' dir='ltr'><strong>spectant</strong></span> <span class='ocrx_word' id='word_1_125' title='bbox 1572 1685 1930 1754; x_wconf 86' lang='lat' dir='ltr'><strong>tristioraque</strong></span> <span class='ocrx_word' id='word_1_126' title='bbox 1959 1693 2110 1746; x_wconf 88' lang='lat' dir='ltr'><strong>sunt,</strong></span> 
     </span>
    </p>
   </div>
   <div class='ocr_carea' id='block_1_20' title="bbox 533 1773 2109 1846">
    <p class='ocr_par' dir='ltr' id='par_1_20' title="bbox 533 1773 2109 1846">
     <span class='ocr_line' id='line_1_20' title="bbox 533 1773 2109 1846; baseline 0.001 -20"><span class='ocrx_word' id='word_1_127' title='bbox 533 1773 589 1826; x_wconf 92' lang='lat' dir='ltr'><strong>in</strong></span> <span class='ocrx_word' id='word_1_128' title='bbox 615 1773 796 1843; x_wconf 85' lang='lat' dir='ltr'><strong>priore</strong></span> <span class='ocrx_word' id='word_1_129' title='bbox 827 1773 976 1829; x_wconf 88' lang='lat' dir='ltr'><strong>illius</strong></span> <span class='ocrx_word' id='word_1_130' title='bbox 1008 1774 1245 1830; x_wconf 89' lang='lat' dir='ltr'><strong>adventu</strong></span> <span class='ocrx_word' id='word_1_131' title='bbox 1278 1775 1550 1846; x_wconf 83' lang='lat' dir='ltr'><strong>completa</strong></span> <span class='ocrx_word' id='word_1_132' title='bbox 1575 1791 1699 1831; x_wconf 88' lang='lat' dir='ltr'><strong>esse</strong></span> <span class='ocrx_word' id='word_1_133' title='bbox 1734 1773 2062 1829; x_wconf 88' lang='lat' dir='ltr'><strong>conﬁtemur</strong></span> <span class='ocrx_word' id='word_1_134' title='bbox 2094 1790 2109 1840; x_wconf 89' lang='lat'><strong>;</strong></span> 
     </span>
    </p>
   </div>
   <div class='ocr_carea' id='block_1_21' title="bbox 2221 561 3810 640">
    <p class='ocr_par' dir='ltr' id='par_1_21' title="bbox 2221 561 3810 640">
     <span class='ocr_line' id='line_1_21' title="bbox 2221 561 3810 640; baseline -0.006 -16"><span class='ocrx_word' id='word_1_135' title='bbox 2221 568 2356 640; x_wconf 79' lang='grc' dir='ltr'>ὁμοῦ</span> <span class='ocrx_word' id='word_1_136' title='bbox 2405 569 2499 623; x_wconf 79' lang='grc' dir='ltr'>καὶ</span> <span class='ocrx_word' id='word_1_137' title='bbox 2546 567 2688 621; x_wconf 86' lang='grc' dir='ltr'>κατὰ</span> <span class='ocrx_word' id='word_1_138' title='bbox 2739 566 2800 620; x_wconf 88' lang='grc' dir='ltr'><strong>τδ</strong></span> <span class='ocrx_word' id='word_1_139' title='bbox 2844 565 2978 619; x_wconf 76' lang='grc' dir='ltr'>αὐτὸ</span> <span class='ocrx_word' id='word_1_140' title='bbox 3033 563 3246 628; x_wconf 72' lang='grc' dir='ltr'>ἔνδοξον</span> <span class='ocrx_word' id='word_1_141' title='bbox 3289 561 3450 616; x_wconf 84' lang='grc' dir='ltr'>αὐτὸν</span> <span class='ocrx_word' id='word_1_142' title='bbox 3491 562 3585 616; x_wconf 73' lang='grc' dir='ltr'><strong>καὶ</strong></span> <span class='ocrx_word' id='word_1_143' title='bbox 3625 561 3810 629; x_wconf 78' lang='grc' dir='ltr'>ἄδοξον</span> 
     </span>
    </p>
   </div>
   <div class='ocr_carea' id='block_1_22' title="bbox 2220 655 3812 729">
    <p class='ocr_par' dir='ltr' id='par_1_22' title="bbox 2220 655 3812 729">
     <span class='ocr_line' id='line_1_22' title="bbox 2220 655 3812 729; baseline -0.006 -12"><span class='ocrx_word' id='word_1_144' title='bbox 2220 662 2606 717; x_wconf 62' lang='grc' dir='ltr'>ὑποτίθεσθαν</span> <span class='ocrx_word' id='word_1_145' title='bbox 2654 661 2749 715; x_wconf 71' lang='grc' dir='ltr'>καὶ</span> <span class='ocrx_word' id='word_1_146' title='bbox 2795 660 3010 729; x_wconf 74' lang='grc' dir='ltr'>ἔντιμον</span> <span class='ocrx_word' id='word_1_147' title='bbox 3062 658 3157 712; x_wconf 79' lang='grc' dir='ltr'>καὶ</span> <span class='ocrx_word' id='word_1_148' title='bbox 3209 656 3456 728; x_wconf 83' lang='grc' dir='ltr'><strong>βασιλέα,</strong></span> <span class='ocrx_word' id='word_1_149' title='bbox 3495 655 3590 710; x_wconf 75' lang='grc' dir='ltr'>καὶ</span> <span class='ocrx_word' id='word_1_150' title='bbox 3645 655 3812 708; x_wconf 75' lang='grc' dir='ltr'>πάλιν</span> 
     </span>
    </p>
   </div>
   <div class='ocr_carea' id='block_1_23' title="bbox 2219 747 3811 826">
    <p class='ocr_par' dir='ltr' id='par_1_23' title="bbox 2219 747 3811 826">
     <span class='ocr_line' id='line_1_23' title="bbox 2219 747 3811 826; baseline -0.005 -18"><span class='ocrx_word' id='word_1_151' title='bbox 2219 757 2318 810; x_wconf 85' lang='grc' dir='ltr'>οὐκ</span> <span class='ocrx_word' id='word_1_152' title='bbox 2339 755 2532 826; x_wconf 80' lang='grc' dir='ltr'>ἔχοντα</span> <span class='ocrx_word' id='word_1_153' title='bbox 2562 750 2701 819; x_wconf 77' lang='grc' dir='ltr'>εἶδος</span> <span class='ocrx_word' id='word_1_154' title='bbox 2729 754 2853 808; x_wconf 84' lang='grc' dir='ltr'>οὐδὲ</span> <span class='ocrx_word' id='word_1_155' title='bbox 2882 751 3098 816; x_wconf 84' lang='grc' dir='ltr'>κάλλος,</span> <span class='ocrx_word' id='word_1_156' title='bbox 3125 751 3239 804; x_wconf 80' lang='grc' dir='ltr'>ἀλλ’</span> <span class='ocrx_word' id='word_1_157' title='bbox 3279 750 3472 821; x_wconf 80' lang='grc' dir='ltr'>ἄτιμον</span> <span class='ocrx_word' id='word_1_158' title='bbox 3494 747 3646 820; x_wconf 84' lang='grc' dir='ltr'>παρὰ</span> <span class='ocrx_word' id='word_1_159' title='bbox 3679 747 3811 812; x_wconf 82' lang='grc' dir='ltr'>τοὺς</span> 
     </span>
    </p>
   </div>
   <div class='ocr_carea' id='block_1_24' title="bbox 2219 841 3812 919">
    <p class='ocr_par' dir='ltr' id='par_1_24' title="bbox 2219 841 3812 919">
     <span class='ocr_line' id='line_1_24' title="bbox 2219 841 3812 919; baseline -0.006 -17"><span class='ocrx_word' id='word_1_160' title='bbox 2219 851 2368 914; x_wconf 80' lang='grc' dir='ltr'>υἱοὺς</span> <span class='ocrx_word' id='word_1_161' title='bbox 2400 849 2510 902; x_wconf 84' lang='grc' dir='ltr'>τῶν</span> <span class='ocrx_word' id='word_1_162' title='bbox 2529 846 2834 919; x_wconf 80' lang='grc' dir='ltr'>ἀνθρώπων</span> <span class='ocrx_word' id='word_1_163' title='bbox 2851 863 2867 880; x_wconf 78' lang='grc'><em>’</em></span> <span class='ocrx_word' id='word_1_164' title='bbox 2896 845 2992 900; x_wconf 79' lang='grc' dir='ltr'>καὶ</span> <span class='ocrx_word' id='word_1_165' title='bbox 3020 842 3177 908; x_wconf 73' lang='grc' dir='ltr'>αὖθις</span> <span class='ocrx_word' id='word_1_166' title='bbox 3209 843 3439 915; x_wconf 79' lang='grc' dir='ltr'><strong>Σωτῆρα</strong></span> <span class='ocrx_word' id='word_1_167' title='bbox 3469 842 3566 896; x_wconf 74' lang='grc' dir='ltr'><strong>καὶ</strong></span> <span class='ocrx_word' id='word_1_168' title='bbox 3589 841 3812 914; x_wconf 85' lang='grc' dir='ltr'>Λυτρω-</span> 
     </span>
    </p>
   </div>
   <div class='ocr_carea' id='block_1_25' title="bbox 2174 930 3812 1012">
    <p class='ocr_par' dir='ltr' id='par_1_25' title="bbox 2174 930 3812 1012">
     <span class='ocr_line' id='line_1_25' title="bbox 2174 930 3812 1012; baseline -0.004 -19"><span class='ocrx_word' id='word_1_169' title='bbox 2174 930 2182 940; x_wconf 78' lang='grc'><em>’</em></span> <span class='ocrx_word' id='word_1_170' title='bbox 2217 940 2315 1012; x_wconf 74' lang='grc' dir='ltr'>τὴν</span> <span class='ocrx_word' id='word_1_171' title='bbox 2355 941 2449 995; x_wconf 90' lang='grc' dir='ltr'><strong>τοῦ</strong></span> <span class='ocrx_word' id='word_1_172' title='bbox 2487 939 2735 1012; x_wconf 85' lang='grc' dir='ltr'>Ἰσραὴλ,</span> <span class='ocrx_word' id='word_1_173' title='bbox 2777 938 2874 994; x_wconf 77' lang='grc' dir='ltr'>καὶ</span> <span class='ocrx_word' id='word_1_174' title='bbox 2925 936 3088 991; x_wconf 81' lang='grc' dir='ltr'>πάλιν</span> <span class='ocrx_word' id='word_1_175' title='bbox 3140 933 3627 1006; x_wconf 74' lang='grc' dir='ltr'>ἐπιϐουλευόμενον</span> <span class='ocrx_word' id='word_1_176' title='bbox 3672 933 3812 1005; x_wconf 77' lang='grc' dir='ltr'>πρὸς</span> 
     </span>
    </p>
   </div>
   <div class='ocr_carea' id='block_1_26' title="bbox 2217 1027 3811 1104">
    <p class='ocr_par' dir='ltr' id='par_1_26' title="bbox 2217 1027 3811 1104">
     <span class='ocr_line' id='line_1_26' title="bbox 2217 1027 3811 1104; baseline -0.006 -14"><span class='ocrx_word' id='word_1_177' title='bbox 2217 1036 2417 1099; x_wconf 77' lang='grc' dir='ltr'>αὐτῶν,</span> <span class='ocrx_word' id='word_1_178' title='bbox 2444 1035 2539 1088; x_wconf 79' lang='grc' dir='ltr'>καὶ</span> <span class='ocrx_word' id='word_1_179' title='bbox 2570 1034 2647 1098; x_wconf 84' lang='grc' dir='ltr'>ὡς</span> <span class='ocrx_word' id='word_1_180' title='bbox 2687 1031 2959 1104; x_wconf 77' lang='grc' dir='ltr'>πρόϐατον</span> <span class='ocrx_word' id='word_1_181' title='bbox 2999 1029 3092 1084; x_wconf 73' lang='grc' dir='ltr'><strong>ἐπὶ</strong></span> <span class='ocrx_word' id='word_1_182' title='bbox 3119 1028 3334 1098; x_wconf 79' lang='grc' dir='ltr'>σφαγὴν</span> <span class='ocrx_word' id='word_1_183' title='bbox 3377 1028 3667 1098; x_wconf 85' lang='grc' dir='ltr'>ἀγόμενον,</span> <span class='ocrx_word' id='word_1_184' title='bbox 3701 1027 3811 1082; x_wconf 79' lang='grc' dir='ltr'><strong>ἀπό</strong></span> 
     </span>
    </p>
   </div>
   <div class='ocr_carea' id='block_1_27' title="bbox 2216 1114 3808 1198">
    <p class='ocr_par' dir='ltr' id='par_1_27' title="bbox 2216 1114 3808 1198">
     <span class='ocr_line' id='line_1_27' title="bbox 2216 1114 3808 1198; baseline -0.005 -16"><span class='ocrx_word' id='word_1_185' title='bbox 2216 1146 2276 1182; x_wconf 89' lang='grc' dir='ltr'><strong>τε</strong></span> <span class='ocrx_word' id='word_1_186' title='bbox 2301 1128 2407 1182; x_wconf 85' lang='grc' dir='ltr'><strong>τῶν</strong></span> <span class='ocrx_word' id='word_1_187' title='bbox 2429 1127 2647 1198; x_wconf 87' lang='grc' dir='ltr'><strong>ἀνόμων</strong></span> <span class='ocrx_word' id='word_1_188' title='bbox 2687 1124 2850 1179; x_wconf 78' lang='grc' dir='ltr'>αὑτὸν</span> <span class='ocrx_word' id='word_1_189' title='bbox 2883 1125 2963 1188; x_wconf 81' lang='grc' dir='ltr'><strong>εἰς</strong></span> <span class='ocrx_word' id='word_1_190' title='bbox 2993 1122 3223 1178; x_wconf 86' lang='grc' dir='ltr'>θάνατον</span> <span class='ocrx_word' id='word_1_191' title='bbox 3255 1120 3702 1192; x_wconf 82' lang='grc' dir='ltr'>παραδιδόμενον.</span> <span class='ocrx_word' id='word_1_192' title='bbox 3731 1114 3808 1174; x_wconf 84' lang='grc' dir='ltr'><strong>Εὖ</strong></span> 
     </span>
    </p>
   </div>
   <div class='ocr_carea' id='block_1_28' title="bbox 2216 1213 3813 1290">
    <p class='ocr_par' dir='ltr' id='par_1_28' title="bbox 2216 1213 3813 1290">
     <span class='ocr_line' id='line_1_28' title="bbox 2216 1213 3813 1290; baseline -0.004 -16"><span class='ocrx_word' id='word_1_193' title='bbox 2216 1221 2274 1274; x_wconf 78' lang='grc' dir='ltr'>δὲ</span> <span class='ocrx_word' id='word_1_194' title='bbox 2307 1219 2427 1274; x_wconf 81' lang='grc' dir='ltr'>καθ’</span> <span class='ocrx_word' id='word_1_195' title='bbox 2459 1219 2627 1290; x_wconf 72' lang='grc' dir='ltr'>ἡμᾶς,</span> <span class='ocrx_word' id='word_1_196' title='bbox 2661 1217 2738 1280; x_wconf 86' lang='grc' dir='ltr'>ὡς</span> <span class='ocrx_word' id='word_1_197' title='bbox 2773 1218 2808 1287; x_wconf 85' lang='grc' dir='ltr'><strong>ή</strong></span> <span class='ocrx_word' id='word_1_198' title='bbox 2840 1214 2950 1269; x_wconf 85' lang='grc' dir='ltr'><strong>τῶν</strong></span> <span class='ocrx_word' id='word_1_199' title='bbox 2978 1213 3318 1286; x_wconf 80' lang='grc' dir='ltr'><strong>πραγμάτων</strong></span> <span class='ocrx_word' id='word_1_200' title='bbox 3351 1213 3471 1284; x_wconf 74' lang='grc' dir='ltr'>ὄψις</span> <span class='ocrx_word' id='word_1_201' title='bbox 3515 1213 3813 1268; x_wconf 78' lang='grc' dir='ltr'>ἐπιδείκνυ-</span> 
     </span>
    </p>
   </div>
   <div class='ocr_carea' id='block_1_29' title="bbox 2219 1301 3800 1380">
    <p class='ocr_par' dir='ltr' id='par_1_29' title="bbox 2219 1301 3800 1380">
     <span class='ocr_line' id='line_1_29' title="bbox 2219 1301 3800 1380; baseline -0.006 -16"><span class='ocrx_word' id='word_1_202' title='bbox 2219 1328 2324 1373; x_wconf 90' lang='grc' dir='ltr'>σιν,</span> <span class='ocrx_word' id='word_1_203' title='bbox 2355 1310 2435 1372; x_wconf 80' lang='grc' dir='ltr'><strong>εἰς</strong></span> <span class='ocrx_word' id='word_1_204' title='bbox 2471 1308 2564 1361; x_wconf 91' lang='grc' dir='ltr'><strong>δύο</strong></span> <span class='ocrx_word' id='word_1_205' title='bbox 2591 1307 2828 1380; x_wconf 80' lang='grc' dir='ltr'><strong>τρόπους</strong></span> <span class='ocrx_word' id='word_1_206' title='bbox 2864 1304 2972 1358; x_wconf 84' lang='grc' dir='ltr'><strong>τῶν</strong></span> <span class='ocrx_word' id='word_1_207' title='bbox 3016 1302 3264 1376; x_wconf 72' lang='grc' dir='ltr'>περὶτοῦ</span> <span class='ocrx_word' id='word_1_208' title='bbox 3298 1301 3536 1375; x_wconf 78' lang='grc' dir='ltr'><strong>Χριστοῦ</strong></span> <span class='ocrx_word' id='word_1_209' title='bbox 3567 1305 3800 1377; x_wconf 79' lang='grc' dir='ltr'>προρρή-</span> 
     </span>
    </p>
   </div>
   <div class='ocr_carea' id='block_1_30' title="bbox 2219 1394 3810 1473">
    <p class='ocr_par' dir='ltr' id='par_1_30' title="bbox 2219 1394 3810 1473">
     <span class='ocr_line' id='line_1_30' title="bbox 2219 1394 3810 1473; baseline -0.004 -18"><span class='ocrx_word' id='word_1_210' title='bbox 2219 1419 2354 1456; x_wconf 89' lang='grc' dir='ltr'>σεων</span> <span class='ocrx_word' id='word_1_211' title='bbox 2375 1399 2792 1473; x_wconf 76' lang='grc' dir='ltr'>διαιρουμένων,</span> <span class='ocrx_word' id='word_1_212' title='bbox 2825 1397 2895 1451; x_wconf 89' lang='grc' dir='ltr'><strong>τά</strong></span> <span class='ocrx_word' id='word_1_213' title='bbox 2927 1395 3030 1468; x_wconf 81' lang='grc' dir='ltr'>μὲν</span> <span class='ocrx_word' id='word_1_214' title='bbox 3068 1394 3529 1468; x_wconf 85' lang='grc' dir='ltr'>ἀνθρωπινώτερα</span> <span class='ocrx_word' id='word_1_215' title='bbox 3554 1395 3648 1448; x_wconf 77' lang='grc' dir='ltr'><strong>καὶ</strong></span> <span class='ocrx_word' id='word_1_216' title='bbox 3681 1412 3810 1449; x_wconf 74' lang='grc' dir='ltr'>σκυο</span> 
     </span>
    </p>
   </div>
   <div class='ocr_carea' id='block_1_31' title="bbox 2217 1485 3810 1567">
    <p class='ocr_par' dir='ltr' id='par_1_31' title="bbox 2217 1485 3810 1567">
     <span class='ocr_line' id='line_1_31' title="bbox 2217 1485 3810 1567; baseline -0.006 -19"><span class='ocrx_word' id='word_1_217' title='bbox 2217 1493 2412 1567; x_wconf 83' lang='grc' dir='ltr'>θρωπὰ</span> <span class='ocrx_word' id='word_1_218' title='bbox 2458 1491 2600 1547; x_wconf 86' lang='grc' dir='ltr'><strong>κατά</strong></span> <span class='ocrx_word' id='word_1_219' title='bbox 2641 1492 2740 1564; x_wconf 82' lang='grc' dir='ltr'>τὴν</span> <span class='ocrx_word' id='word_1_220' title='bbox 2780 1490 3052 1563; x_wconf 85' lang='grc' dir='ltr'>προτέραν</span> <span class='ocrx_word' id='word_1_221' title='bbox 3091 1487 3274 1558; x_wconf 81' lang='grc' dir='ltr'>ἄφιξιν</span> <span class='ocrx_word' id='word_1_222' title='bbox 3315 1485 3482 1541; x_wconf 85' lang='grc' dir='ltr'>αὐτοῦ</span> <span class='ocrx_word' id='word_1_223' title='bbox 3518 1486 3810 1558; x_wconf 84' lang='grc' dir='ltr'>πεπληρῶ-</span> 
     </span>
    </p>
   </div>
   <div class='ocr_carea' id='block_1_32' title="bbox 2217 1578 3812 1658">
    <p class='ocr_par' dir='ltr' id='par_1_32' title="bbox 2217 1578 3812 1658">
     <span class='ocr_line' id='line_1_32' title="bbox 2217 1578 3812 1658; baseline -0.004 -19"><span class='ocrx_word' id='word_1_224' title='bbox 2217 1587 2343 1640; x_wconf 91' lang='grc' dir='ltr'>σθαι</span> <span class='ocrx_word' id='word_1_225' title='bbox 2369 1585 2733 1658; x_wconf 81' lang='grc' dir='ltr'><strong>ὁμολογεῖται,</strong></span> <span class='ocrx_word' id='word_1_226' title='bbox 2767 1583 2837 1636; x_wconf 84' lang='grc' dir='ltr'><strong>τά</strong></span> <span class='ocrx_word' id='word_1_227' title='bbox 2869 1583 2916 1636; x_wconf 80' lang='grc' dir='ltr'>δ’</span> <span class='ocrx_word' id='word_1_228' title='bbox 2953 1581 3268 1652; x_wconf 76' lang='grc' dir='ltr'>ἐνδοξότερα</span> <span class='ocrx_word' id='word_1_229' title='bbox 3293 1579 3389 1633; x_wconf 76' lang='grc' dir='ltr'>καὶ</span> <span class='ocrx_word' id='word_1_230' title='bbox 3421 1578 3668 1650; x_wconf 87' lang='grc' dir='ltr'>θειότερα</span> <span class='ocrx_word' id='word_1_231' title='bbox 3694 1579 3812 1637; x_wconf 87' lang='grc' dir='ltr'>εἰσ-</span> 
     </span>
    </p>
   </div>
   <div class='ocr_carea' id='block_1_33' title="bbox 2217 1671 3809 1750">
    <p class='ocr_par' dir='ltr' id='par_1_33' title="bbox 2217 1671 3809 1750">
     <span class='ocr_line' id='line_1_33' title="bbox 2217 1671 3809 1750; baseline -0.004 -18"><span class='ocrx_word' id='word_1_232' title='bbox 2217 1678 2297 1732; x_wconf 86' lang='grc' dir='ltr'><strong>έτι</strong></span> <span class='ocrx_word' id='word_1_233' title='bbox 2325 1677 2419 1732; x_wconf 89' lang='grc' dir='ltr'><strong>νῦν</strong></span> <span class='ocrx_word' id='word_1_234' title='bbox 2455 1677 2816 1750; x_wconf 80' lang='grc' dir='ltr'>προσδοκᾶται</span> <span class='ocrx_word' id='word_1_235' title='bbox 2870 1674 3012 1729; x_wconf 83' lang='grc' dir='ltr'><strong>κατά</strong></span> <span class='ocrx_word' id='word_1_236' title='bbox 3058 1672 3157 1745; x_wconf 82' lang='grc' dir='ltr'>τὴν</span> <span class='ocrx_word' id='word_1_237' title='bbox 3196 1672 3457 1744; x_wconf 84' lang='grc' dir='ltr'>δευτέραν</span> <span class='ocrx_word' id='word_1_238' title='bbox 3497 1671 3664 1725; x_wconf 80' lang='grc' dir='ltr'>αὐτοῦ</span> <span class='ocrx_word' id='word_1_239' title='bbox 3700 1688 3809 1725; x_wconf 87' lang='grc' dir='ltr'>πα-</span> 
     </span>
    </p>
   </div>
   <div class='ocr_carea' id='block_1_34' title="bbox 2223 1761 3804 1843">
    <p class='ocr_par' dir='ltr' id='par_1_34' title="bbox 2223 1761 3804 1843">
     <span class='ocr_line' id='line_1_34' title="bbox 2223 1761 3804 1843; baseline -0.006 -17"><span class='ocrx_word' id='word_1_240' title='bbox 2223 1773 2460 1843; x_wconf 78' lang='grc' dir='ltr'>ρουσίαν.</span> <span class='ocrx_word' id='word_1_241' title='bbox 2497 1769 2794 1836; x_wconf 79' lang='grc' dir='ltr'>Ἀπόδειξις</span> <span class='ocrx_word' id='word_1_242' title='bbox 2829 1768 2887 1820; x_wconf 82' lang='grc' dir='ltr'>δὲ</span> <span class='ocrx_word' id='word_1_243' title='bbox 2937 1768 3036 1838; x_wconf 79' lang='grc' dir='ltr'>τῆς</span> <span class='ocrx_word' id='word_1_244' title='bbox 3084 1763 3355 1838; x_wconf 79' lang='grc' dir='ltr'>προτέρας</span> <span class='ocrx_word' id='word_1_245' title='bbox 3378 1765 3638 1835; x_wconf 77' lang='grc' dir='ltr'>ἐναργὴς,</span> <span class='ocrx_word' id='word_1_246' title='bbox 3674 1764 3709 1835; x_wconf 77' lang='grc' dir='ltr'><strong>ἡ</strong></span> <span class='ocrx_word' id='word_1_247' title='bbox 3742 1761 3804 1829; x_wconf 77' lang='grc' dir='ltr'>ἐξ</span> 
     </span>
    </p>
   </div>
   <div class='ocr_carea' id='block_1_35' title="bbox 536 1845 2104 1938">
    <p class='ocr_par' dir='ltr' id='par_1_35' title="bbox 536 1866 2104 1938">
     <span class='ocr_line' id='line_1_35' title="bbox 536 1866 2104 1938; baseline 0.001 -21"><span class='ocrx_word' id='word_1_248' title='bbox 536 1880 654 1934; x_wconf 80' lang='lat' dir='ltr'><strong>quae</strong></span> <span class='ocrx_word' id='word_1_249' title='bbox 684 1881 814 1920; x_wconf 88' lang='lat' dir='ltr'><strong>vero</strong></span> <span class='ocrx_word' id='word_1_250' title='bbox 867 1866 1143 1937; x_wconf 55' lang='lat' dir='ltr'><strong>majorem,</strong></span> <span class='ocrx_word' id='word_1_251' title='bbox 1181 1867 1410 1938; x_wconf 81' lang='lat' dir='ltr'><strong>gloriam</strong></span> <span class='ocrx_word' id='word_1_252' title='bbox 1451 1868 1675 1934; x_wconf 86' lang='lat' dir='ltr'><strong>habent,</strong></span> <span class='ocrx_word' id='word_1_253' title='bbox 1734 1882 1800 1922; x_wconf 92' lang='lat' dir='ltr'><strong>ac</strong></span> <span class='ocrx_word' id='word_1_254' title='bbox 1844 1866 2104 1921; x_wconf 81' lang='lat' dir='ltr'><strong>diviniora</strong></span> 
     </span>
    </p>
   </div>
   <div class='ocr_carea' id='block_1_36' title="bbox 2208 1845 3812 1938">
    <p class='ocr_par' dir='ltr' id='par_1_36' title="bbox 2216 1853 3812 1931">
     <span class='ocr_line' id='line_1_36' title="bbox 2216 1853 3812 1931; baseline -0.006 -12"><span class='ocrx_word' id='word_1_255' title='bbox 2216 1865 2474 1918; x_wconf 77' lang='grc' dir='ltr'>ἁπάντων</span> <span class='ocrx_word' id='word_1_256' title='bbox 2517 1863 2624 1916; x_wconf 86' lang='grc' dir='ltr'>τῶν</span> <span class='ocrx_word' id='word_1_257' title='bbox 2669 1860 2839 1914; x_wconf 76' lang='grc' dir='ltr'>ἐθνῶν</span> <span class='ocrx_word' id='word_1_258' title='bbox 2874 1862 2954 1924; x_wconf 75' lang='grc' dir='ltr'>εἰς</span> <span class='ocrx_word' id='word_1_259' title='bbox 2996 1858 3156 1931; x_wconf 76' lang='grc' dir='ltr'>ἔργον</span> <span class='ocrx_word' id='word_1_260' title='bbox 3204 1857 3509 1930; x_wconf 83' lang='grc' dir='ltr'>χωρήσασα</span> <span class='ocrx_word' id='word_1_261' title='bbox 3540 1855 3607 1909; x_wconf 88' lang='grc' dir='ltr'><strong>δι’</strong></span> <span class='ocrx_word' id='word_1_262' title='bbox 3638 1853 3812 1910; x_wconf 86' lang='grc' dir='ltr'>αὑτοῦ</span> 
     </span>
    </p>
   </div>
   <div class='ocr_carea' id='block_1_37' title="bbox 535 1957 2110 2028">
    <p class='ocr_par' dir='ltr' id='par_1_37' title="bbox 535 1957 2110 2028">
     <span class='ocr_line' id='line_1_37' title="bbox 535 1957 2110 2028; baseline 0 -19"><span class='ocrx_word' id='word_1_263' title='bbox 535 1964 683 2020; x_wconf 88' lang='lat' dir='ltr'><strong>sunt,</strong></span> <span class='ocrx_word' id='word_1_264' title='bbox 715 1957 895 2010; x_wconf 89' lang='lat' dir='ltr'><strong>adhuc</strong></span> <span class='ocrx_word' id='word_1_265' title='bbox 936 1973 1110 2028; x_wconf 81' lang='lat' dir='ltr'><strong>usque</strong></span> <span class='ocrx_word' id='word_1_266' title='bbox 1170 1958 1240 2013; x_wconf 87' lang='lat' dir='ltr'><strong>ad</strong></span> <span class='ocrx_word' id='word_1_267' title='bbox 1294 1959 1596 2015; x_wconf 89' lang='lat' dir='ltr'><strong>secundum</strong></span> <span class='ocrx_word' id='word_1_268' title='bbox 1641 1957 1789 2013; x_wconf 91' lang='lat' dir='ltr'><strong>illius</strong></span> <span class='ocrx_word' id='word_1_269' title='bbox 1818 1957 2110 2012; x_wconf 88' lang='lat' dir='ltr'><strong>adventum</strong></span> 
     </span>
    </p>
   </div>
   <div class='ocr_carea' id='block_1_38' title="bbox 535 2047 2104 2118">
    <p class='ocr_par' dir='ltr' id='par_1_38' title="bbox 535 2047 2104 2118">
     <span class='ocr_line' id='line_1_38' title="bbox 535 2047 2104 2118; baseline -0.001 -15"><span class='ocrx_word' id='word_1_270' title='bbox 535 2055 942 2118; x_wconf 67' lang='lat' dir='ltr'><strong>exspectantur.</strong></span> <span class='ocrx_word' id='word_1_271' title='bbox 975 2047 1183 2104; x_wconf 87' lang='lat' dir='ltr'><strong>Prioris</strong></span> <span class='ocrx_word' id='word_1_272' title='bbox 1232 2058 1416 2104; x_wconf 87' lang='lat' dir='ltr'><strong>autem</strong></span> <span class='ocrx_word' id='word_1_273' title='bbox 1457 2050 1854 2105; x_wconf 87' lang='lat' dir='ltr'><strong>demonstratio</strong></span> <span class='ocrx_word' id='word_1_274' title='bbox 1879 2047 2104 2104; x_wconf 87' lang='lat' dir='ltr'><strong>eviden-</strong></span> 
     </span>
    </p>
   </div>
   <div class='ocr_carea' id='block_1_39' title="bbox 533 2142 2107 2213">
    <p class='ocr_par' dir='ltr' id='par_1_39' title="bbox 533 2142 2107 2213">
     <span class='ocr_line' id='line_1_39' title="bbox 533 2142 2107 2213; baseline -0.001 -17"><span class='ocrx_word' id='word_1_275' title='bbox 533 2143 744 2198; x_wconf 85' lang='lat' dir='ltr'><strong>tissima</strong></span> <span class='ocrx_word' id='word_1_276' title='bbox 771 2142 865 2197; x_wconf 90' lang='lat' dir='ltr'><strong>Dei</strong></span> <span class='ocrx_word' id='word_1_277' title='bbox 895 2143 1084 2212; x_wconf 88' lang='lat' dir='ltr'><strong>utique</strong></span> <span class='ocrx_word' id='word_1_278' title='bbox 1112 2157 1211 2213; x_wconf 86' lang='lat' dir='ltr'><strong>per</strong></span> <span class='ocrx_word' id='word_1_279' title='bbox 1243 2143 1397 2196; x_wconf 90' lang='lat' dir='ltr'><strong>illum</strong></span> <span class='ocrx_word' id='word_1_280' title='bbox 1431 2142 1484 2197; x_wconf 92' lang='lat' dir='ltr'><strong>in</strong></span> <span class='ocrx_word' id='word_1_281' title='bbox 1533 2158 1727 2197; x_wconf 90' lang='lat' dir='ltr'><strong>omnes</strong></span> <span class='ocrx_word' id='word_1_282' title='bbox 1757 2151 1946 2212; x_wconf 78' lang='lat' dir='ltr'><strong>gentes</strong></span> <span class='ocrx_word' id='word_1_283' title='bbox 1977 2155 2107 2212; x_wconf 90' lang='lat' dir='ltr'><strong>pro-</strong></span> 
     </span>
    </p>
   </div>
   <div class='ocr_carea' id='block_1_40' title="bbox 533 2234 2107 2306">
    <p class='ocr_par' dir='ltr' id='par_1_40' title="bbox 533 2234 2107 2306">
     <span class='ocr_line' id='line_1_40' title="bbox 533 2234 2107 2306; baseline -0.001 -17"><span class='ocrx_word' id='word_1_284' title='bbox 533 2251 740 2306; x_wconf 87' lang='lat' dir='ltr'><strong>gressa,</strong></span> <span class='ocrx_word' id='word_1_285' title='bbox 791 2243 844 2290; x_wconf 91' lang='lat' dir='ltr'><strong>et</strong></span> <span class='ocrx_word' id='word_1_286' title='bbox 891 2236 1071 2304; x_wconf 88' lang='lat' dir='ltr'><strong>reipsa</strong></span> <span class='ocrx_word' id='word_1_287' title='bbox 1123 2235 1396 2290; x_wconf 85' lang='lat' dir='ltr'><strong>declarata</strong></span> <span class='ocrx_word' id='word_1_288' title='bbox 1426 2235 1689 2305; x_wconf 80' lang='lat' dir='ltr'><strong>cognitio,</strong></span> <span class='ocrx_word' id='word_1_289' title='bbox 1741 2249 1906 2304; x_wconf 90' lang='lat' dir='ltr'><strong>quam</strong></span> <span class='ocrx_word' id='word_1_290' title='bbox 1939 2234 2107 2289; x_wconf 79' lang='lat' dir='ltr'><strong>variis</strong></span> 
     </span>
    </p>
   </div>
   <div class='ocr_carea' id='block_1_41' title="bbox 2217 1948 3810 2026">
    <p class='ocr_par' dir='ltr' id='par_1_41' title="bbox 2217 1948 3810 2026">
     <span class='ocr_line' id='line_1_41' title="bbox 2217 1948 3810 2026; baseline -0.005 -17"><span class='ocrx_word' id='word_1_291' title='bbox 2217 1956 2534 2025; x_wconf 81' lang='grc' dir='ltr'>θεογνωσία,</span> <span class='ocrx_word' id='word_1_292' title='bbox 2571 1954 2639 2026; x_wconf 82' lang='grc' dir='ltr'>ἣν</span> <span class='ocrx_word' id='word_1_293' title='bbox 2668 1953 2937 2025; x_wconf 79' lang='grc' dir='ltr'>διαφόρως</span> <span class='ocrx_word' id='word_1_294' title='bbox 2973 1950 3161 2024; x_wconf 85' lang='grc' dir='ltr'>μυρίαι</span> <span class='ocrx_word' id='word_1_295' title='bbox 3193 1948 3507 2014; x_wconf 80' lang='grc' dir='ltr'>θεσπίζουσι</span> <span class='ocrx_word' id='word_1_296' title='bbox 3539 1965 3810 2021; x_wconf 80' lang='grc' dir='ltr'>προφητι-</span> 
     </span>
    </p>
   </div>
   <div class='ocr_carea' id='block_1_42' title="bbox 2215 2036 3808 2118">
    <p class='ocr_par' dir='ltr' id='par_1_42' title="bbox 2215 2036 3808 2118">
     <span class='ocr_line' id='line_1_42' title="bbox 2215 2036 3808 2118; baseline -0.004 -17"><span class='ocrx_word' id='word_1_297' title='bbox 2215 2049 2306 2101; x_wconf 79' lang='grc' dir='ltr'>καὶ</span> <span class='ocrx_word' id='word_1_298' title='bbox 2328 2047 2522 2118; x_wconf 78' lang='grc' dir='ltr'>φωναὶ,</span> <span class='ocrx_word' id='word_1_299' title='bbox 2553 2043 2860 2116; x_wconf 82' lang='grc' dir='ltr'>ὠσπεροῦν,</span> <span class='ocrx_word' id='word_1_300' title='bbox 2888 2043 2982 2096; x_wconf 77' lang='grc' dir='ltr'>καὶ</span> <span class='ocrx_word' id='word_1_301' title='bbox 3010 2043 3044 2114; x_wconf 84' lang='grc' dir='ltr'>ἡ</span> <span class='ocrx_word' id='word_1_302' title='bbox 3077 2040 3349 2114; x_wconf 87' lang='grc' dir='ltr'>παροῦσα,</span> <span class='ocrx_word' id='word_1_303' title='bbox 3384 2041 3452 2094; x_wconf 88' lang='grc' dir='ltr'><strong>δι’</strong></span> <span class='ocrx_word' id='word_1_304' title='bbox 3475 2036 3544 2111; x_wconf 86' lang='grc' dir='ltr'>ἦς</span> <span class='ocrx_word' id='word_1_305' title='bbox 3565 2039 3808 2113; x_wconf 81' lang='grc' dir='ltr'>εἴρηται,</span> 
     </span>
    </p>
   </div>
   <div class='ocr_carea' id='block_1_43' title="bbox 2212 2131 3809 2210">
    <p class='ocr_par' dir='ltr' id='par_1_43' title="bbox 2212 2131 3809 2210">
     <span class='ocr_line' id='line_1_43' title="bbox 2212 2131 3809 2210; baseline -0.005 -17"><span class='ocrx_word' id='word_1_306' title='bbox 2212 2134 2272 2193; x_wconf 75' lang='grc' dir='ltr'>οὗ</span> <span class='ocrx_word' id='word_1_307' title='bbox 2305 2141 2570 2210; x_wconf 57' lang='grc' dir='ltr'>εἴπαμεν</span> <span class='ocrx_word' id='word_1_308' title='bbox 2620 2157 2638 2190; x_wconf 75' lang='grc' dir='ltr'><strong>ι</strong></span> <span class='ocrx_word' id='word_1_309' title='bbox 2687 2138 2773 2191; x_wconf 82' lang='grc' dir='ltr'><strong>Ἐν</strong></span> <span class='ocrx_word' id='word_1_310' title='bbox 2811 2138 2877 2208; x_wconf 78' lang='grc' dir='ltr'>τῇ</span> <span class='ocrx_word' id='word_1_311' title='bbox 2911 2136 3040 2206; x_wconf 81' lang='grc' dir='ltr'>σκιᾷ</span> <span class='ocrx_word' id='word_1_312' title='bbox 3069 2131 3234 2188; x_wconf 80' lang='grc' dir='ltr'>αὐτοῦ</span> <span class='ocrx_word' id='word_1_313' title='bbox 3294 2132 3573 2206; x_wconf 78' lang='grc' dir='ltr'>ζησόμεθα</span> <span class='ocrx_word' id='word_1_314' title='bbox 3603 2135 3660 2187; x_wconf 85' lang='grc' dir='ltr'>ὲν</span> <span class='ocrx_word' id='word_1_315' title='bbox 3693 2135 3809 2198; x_wconf 82' lang='grc' dir='ltr'>τοῖς</span> 
     </span>
    </p>
   </div>
   <div class='ocr_carea' id='block_1_44' title="bbox 2215 2233 2476 2287">
    <p class='ocr_par' dir='ltr' id='par_1_44' title="bbox 2215 2233 2476 2287">
     <span class='ocr_line' id='line_1_44' title="bbox 2215 2233 2476 2287; baseline -0.008 -1"><span class='ocrx_word' id='word_1_316' title='bbox 2215 2233 2414 2287; x_wconf 76' lang='grc' dir='ltr'>ἔθνεσι.</span> <span class='ocrx_word' id='word_1_317' title='bbox 2457 2252 2476 2284; x_wconf 68' lang='grc' dir='ltr'><strong>ι</strong></span> 
     </span>
    </p>
   </div>
   <div class='ocr_carea' id='block_1_45' title="bbox 532 2321 3802 2400">
    <p class='ocr_par' dir='ltr' id='par_1_45' title="bbox 532 2321 3802 2400">
     <span class='ocr_line' id='line_1_45' title="bbox 532 2321 3802 2400; baseline -0.002 -18"><span class='ocrx_word' id='word_1_318' title='bbox 532 2327 872 2398; x_wconf 79' lang='lat' dir='ltr'><strong>diversisque</strong></span> <span class='ocrx_word' id='word_1_319' title='bbox 895 2328 1072 2384; x_wconf 89' lang='lat' dir='ltr'><strong>modis</strong></span> <span class='ocrx_word' id='word_1_320' title='bbox 1096 2328 1526 2384; x_wconf 89' lang='lat' dir='ltr'><strong>innumerabiles</strong></span> <span class='ocrx_word' id='word_1_321' title='bbox 1549 2337 1756 2384; x_wconf 89' lang='lat' dir='ltr'><strong>canunt</strong></span> <span class='ocrx_word' id='word_1_322' title='bbox 1782 2329 2115 2400; x_wconf 83' lang='lat' dir='ltr'><strong>propheticae</strong></span> <span class='ocrx_word' id='word_1_323' title='bbox 2152 2345 2340 2394; x_wconf 79' lang='lat' dir='ltr'><strong>voces,</strong></span> <span class='ocrx_word' id='word_1_324' title='bbox 2378 2329 2524 2385; x_wconf 89' lang='lat' dir='ltr'><strong>sicut</strong></span> <span class='ocrx_word' id='word_1_325' title='bbox 2548 2327 2629 2382; x_wconf 79' lang='lat' dir='ltr'><strong>vel</strong></span> <span class='ocrx_word' id='word_1_326' title='bbox 2666 2341 2728 2382; x_wconf 89' lang='lat' dir='ltr'><strong>ea</strong></span> <span class='ocrx_word' id='word_1_327' title='bbox 2758 2324 3174 2396; x_wconf 80' lang='lat' dir='ltr'><strong>quamproxime</strong></span> <span class='ocrx_word' id='word_1_328' title='bbox 3217 2321 3532 2388; x_wconf 89' lang='lat' dir='ltr'><strong>citavimus,</strong></span> <span class='ocrx_word' id='word_1_329' title='bbox 3584 2322 3640 2377; x_wconf 92' lang='lat' dir='ltr'><strong>in</strong></span> <span class='ocrx_word' id='word_1_330' title='bbox 3691 2336 3802 2392; x_wconf 86' lang='lat' dir='ltr'><strong>qua</strong></span> 
     </span>
    </p>
   </div>
   <div class='ocr_carea' id='block_1_46' title="bbox 529 2421 3268 2496">
    <p class='ocr_par' dir='ltr' id='par_1_46' title="bbox 529 2421 3268 2496">
     <span class='ocr_line' id='line_1_46' title="bbox 529 2421 3268 2496; baseline -0.004 -16"><span class='ocrx_word' id='word_1_331' title='bbox 529 2423 692 2480; x_wconf 81' lang='lat' dir='ltr'><strong>verba</strong></span> <span class='ocrx_word' id='word_1_332' title='bbox 726 2425 818 2478; x_wconf 91' lang='lat' dir='ltr'><strong>illa</strong></span> <span class='ocrx_word' id='word_1_333' title='bbox 854 2425 1314 2489; x_wconf 86' lang='lat' dir='ltr'><strong>continebantur,</strong></span> <span class='ocrx_word' id='word_1_334' title='bbox 1368 2424 1437 2481; x_wconf 88' lang='lat' dir='ltr'><strong>de</strong></span> <span class='ocrx_word' id='word_1_335' title='bbox 1495 2441 1607 2496; x_wconf 89' lang='lat' dir='ltr'><strong>quo</strong></span> <span class='ocrx_word' id='word_1_336' title='bbox 1659 2426 1938 2482; x_wconf 84' lang='lat' dir='ltr'><strong>diximus:</strong></span> <span class='ocrx_word' id='word_1_337' title='bbox 1975 2445 1991 2479; x_wconf 77' lang='grc' dir='ltr'><strong>ι</strong></span> <span class='ocrx_word' id='word_1_338' title='bbox 2035 2425 2092 2480; x_wconf 94' lang='lat' dir='ltr'><strong>ln</strong></span> <span class='ocrx_word' id='word_1_339' title='bbox 2131 2426 2327 2480; x_wconf 88' lang='lat' dir='ltr'><strong>umbra</strong></span> <span class='ocrx_word' id='word_1_340' title='bbox 2360 2424 2534 2494; x_wconf 91' lang='lat' dir='ltr'><strong>ipsius</strong></span> <span class='ocrx_word' id='word_1_341' title='bbox 2560 2423 2808 2479; x_wconf 89' lang='lat' dir='ltr'><strong>vivemus</strong></span> <span class='ocrx_word' id='word_1_342' title='bbox 2841 2421 2898 2476; x_wconf 90' lang='lat' dir='ltr'><strong>in</strong></span> <span class='ocrx_word' id='word_1_343' title='bbox 2930 2421 3207 2493; x_wconf 78' lang='lat' dir='ltr'><strong>gentibus.</strong></span> <span class='ocrx_word' id='word_1_344' title='bbox 3249 2438 3268 2470; x_wconf 72' lang='grc' dir='ltr'><strong>ι</strong></span> 
     </span>
    </p>
   </div>
   <div class='ocr_carea' id='block_1_47' title="bbox 531 2538 2112 2611">
    <p class='ocr_par' dir='ltr' id='par_1_47' title="bbox 531 2538 2112 2611">
     <span class='ocr_line' id='line_1_47' title="bbox 531 2538 2112 2611; baseline 0.003 -16"><span class='ocrx_word' id='word_1_345' title='bbox 531 2540 686 2610; x_wconf 71' lang='grc'>19],</span> <span class='ocrx_word' id='word_1_346' title='bbox 723 2541 766 2593; x_wconf 85' lang='grc' dir='ltr'><em>Α</em></span> <span class='ocrx_word' id='word_1_347' title='bbox 795 2542 965 2609; x_wconf 87' lang='lat' dir='ltr'><strong>primo</strong></span> <span class='ocrx_word' id='word_1_348' title='bbox 995 2541 1209 2611; x_wconf 79' lang='lat' dir='ltr'><strong>Regum.</strong></span> <span class='ocrx_word' id='word_1_349' title='bbox 1229 2572 1300 2582; x_wconf 94' lang='lat'><strong><em>—</em></strong></span> <span class='ocrx_word' id='word_1_350' title='bbox 1330 2538 1573 2598; x_wconf 63' lang='lat' dir='ltr'><strong>Christus</strong></span> <span class='ocrx_word' id='word_1_351' title='bbox 1597 2547 1912 2600; x_wconf 80' lang='lat' dir='ltr'><strong>nominatim</strong></span> <span class='ocrx_word' id='word_1_352' title='bbox 1937 2563 1969 2599; x_wconf 93' lang='lat' dir='ltr'><strong>a</strong></span> <span class='ocrx_word' id='word_1_353' title='bbox 2003 2545 2112 2600; x_wconf 82' lang='lat' dir='ltr'><strong>Do-</strong></span> 
     </span>
    </p>
   </div>
   <div class='ocr_carea' id='block_1_48' title="bbox 971 2612 1649 2670">
    <p class='ocr_par' dir='ltr' id='par_1_48' title="bbox 971 2612 1649 2670">
     <span class='ocr_line' id='line_1_48' title="bbox 971 2612 1649 2670; baseline 0.006 -4"><span class='ocrx_word' id='word_1_354' title='bbox 971 2614 1114 2667; x_wconf 84' lang='lat' dir='ltr'><strong>mino</strong></span> <span class='ocrx_word' id='word_1_355' title='bbox 1149 2612 1312 2668; x_wconf 84' lang='lat' dir='ltr'><strong>Patre</strong></span> <span class='ocrx_word' id='word_1_356' title='bbox 1356 2615 1649 2670; x_wconf 73' lang='lat' dir='ltr'><strong>exaltatur.</strong></span> 
     </span>
    </p>
   </div>
   <div class='ocr_carea' id='block_1_49' title="bbox 601 2723 2107 2802">
    <p class='ocr_par' dir='ltr' id='par_1_49' title="bbox 601 2723 2107 2802">
     <span class='ocr_line' id='line_1_49' title="bbox 601 2723 2107 2802; baseline 0.009 -27"><span class='ocrx_word' id='word_1_357' title='bbox 601 2742 620 2775; x_wconf 74' lang='grc' dir='ltr'><strong>ι</strong></span> <span class='ocrx_word' id='word_1_358' title='bbox 669 2723 931 2780; x_wconf 92' lang='lat' dir='ltr'><strong>Dominus</strong></span> <span class='ocrx_word' id='word_1_359' title='bbox 965 2727 1211 2783; x_wconf 87' lang='lat' dir='ltr'><strong>ascendit</strong></span> <span class='ocrx_word' id='word_1_360' title='bbox 1240 2727 1296 2781; x_wconf 91' lang='lat' dir='ltr'><strong>in</strong></span> <span class='ocrx_word' id='word_1_361' title='bbox 1341 2729 1510 2783; x_wconf 84' lang='lat' dir='ltr'><strong>ccelos</strong></span> <span class='ocrx_word' id='word_1_362' title='bbox 1541 2738 1597 2785; x_wconf 92' lang='lat' dir='ltr'><strong>et</strong></span> <span class='ocrx_word' id='word_1_363' title='bbox 1623 2732 1800 2786; x_wconf 81' lang='lat' dir='ltr'><strong>tonuit</strong></span> <span class='ocrx_word' id='word_1_364' title='bbox 1829 2751 1843 2786; x_wconf 90' lang='lat'><strong>:</strong></span> <span class='ocrx_word' id='word_1_365' title='bbox 1871 2731 1986 2802; x_wconf 89' lang='lat' dir='ltr'><strong>ipse</strong></span> <span class='ocrx_word' id='word_1_366' title='bbox 2013 2732 2107 2801; x_wconf 87' lang='lat' dir='ltr'><strong>ju-</strong></span> 
     </span>
    </p>
   </div>
   <div class='ocr_carea' id='block_1_50' title="bbox 527 2817 2106 2896">
    <p class='ocr_par' dir='ltr' id='par_1_50' title="bbox 527 2817 2106 2896">
     <span class='ocr_line' id='line_1_50' title="bbox 527 2817 2106 2896; baseline 0.006 -25"><span class='ocrx_word' id='word_1_367' title='bbox 527 2817 731 2874; x_wconf 85' lang='lat' dir='ltr'><strong>dicabit</strong></span> <span class='ocrx_word' id='word_1_368' title='bbox 757 2827 999 2874; x_wconf 80' lang='lat' dir='ltr'><strong>extrema</strong></span> <span class='ocrx_word' id='word_1_369' title='bbox 1023 2829 1202 2885; x_wconf 72' lang='lat' dir='ltr'><strong>terrae,</strong></span> <span class='ocrx_word' id='word_1_370' title='bbox 1229 2821 1322 2892; x_wconf 87' lang='lat' dir='ltr'><strong>qui</strong></span> <span class='ocrx_word' id='word_1_371' title='bbox 1353 2823 1445 2876; x_wconf 91' lang='lat' dir='ltr'><strong>dat</strong></span> <span class='ocrx_word' id='word_1_372' title='bbox 1477 2822 1852 2879; x_wconf 79' lang='lat' dir='ltr'><strong>fortitudinem</strong></span> <span class='ocrx_word' id='word_1_373' title='bbox 1884 2825 2106 2896; x_wconf 78' lang='lat' dir='ltr'><strong>regibus</strong></span> 
     </span>
    </p>
   </div>
   <div class='ocr_carea' id='block_1_51' title="bbox 527 2913 2108 2977">
    <p class='ocr_par' dir='ltr' id='par_1_51' title="bbox 527 2913 2108 2977">
     <span class='ocr_line' id='line_1_51' title="bbox 527 2913 2108 2977; baseline 0.006 -12"><span class='ocrx_word' id='word_1_374' title='bbox 527 2916 752 2977; x_wconf 87' lang='lat' dir='ltr'><strong>nostris,</strong></span> <span class='ocrx_word' id='word_1_375' title='bbox 785 2921 839 2967; x_wconf 91' lang='lat' dir='ltr'><strong>et</strong></span> <span class='ocrx_word' id='word_1_376' title='bbox 864 2913 1128 2968; x_wconf 83' lang='lat' dir='ltr'><strong>exaltabit</strong></span> <span class='ocrx_word' id='word_1_377' title='bbox 1160 2929 1331 2968; x_wconf 88' lang='lat' dir='ltr'><strong>cornu</strong></span> <span class='ocrx_word' id='word_1_378' title='bbox 1363 2915 1564 2971; x_wconf 89' lang='lat' dir='ltr'><strong>Christi</strong></span> <span class='ocrx_word' id='word_1_379' title='bbox 1596 2917 1681 2970; x_wconf 90' lang='lat' dir='ltr'><strong>sui</strong></span> <span class='ocrx_word' id='word_1_380' title='bbox 1709 2919 1776 2971; x_wconf 72' lang='grc'><strong>⁸³.</strong></span> <span class='ocrx_word' id='word_1_381' title='bbox 1810 2937 1828 2969; x_wconf 77' lang='grc' dir='ltr'><strong>ι</strong></span> <span class='ocrx_word' id='word_1_382' title='bbox 1864 2917 2108 2974; x_wconf 82' lang='lat' dir='ltr'><strong>Restitu-</strong></span> 
     </span>
    </p>
   </div>
   <div class='ocr_carea' id='block_1_52' title="bbox 525 3004 2106 3065">
    <p class='ocr_par' dir='ltr' id='par_1_52' title="bbox 525 3004 2106 3065">
     <span class='ocr_line' id='line_1_52' title="bbox 525 3004 2106 3065; baseline 0.006 -9"><span class='ocrx_word' id='word_1_383' title='bbox 525 3004 730 3058; x_wconf 89' lang='lat' dir='ltr'><strong>tionem</strong></span> <span class='ocrx_word' id='word_1_384' title='bbox 790 3004 845 3058; x_wconf 93' lang='lat' dir='ltr'><strong>in</strong></span> <span class='ocrx_word' id='word_1_385' title='bbox 901 3006 1098 3058; x_wconf 68' lang='lat' dir='ltr'><strong>malum</strong></span> <span class='ocrx_word' id='word_1_386' title='bbox 1153 3020 1348 3062; x_wconf 79' lang='lat' dir='ltr'><strong>rursus</strong></span> <span class='ocrx_word' id='word_1_387' title='bbox 1401 3007 1723 3062; x_wconf 88' lang='lat' dir='ltr'><strong>nominatim</strong></span> <span class='ocrx_word' id='word_1_388' title='bbox 1759 3009 1963 3064; x_wconf 83' lang='lat' dir='ltr'><strong>Christi</strong></span> <span class='ocrx_word' id='word_1_389' title='bbox 2012 3017 2106 3065; x_wconf 90' lang='lat' dir='ltr'><strong>aut</strong></span> 
     </span>
    </p>
   </div>
   <div class='ocr_carea' id='block_1_53' title="bbox 523 3095 2099 3171">
    <p class='ocr_par' dir='ltr' id='par_1_53' title="bbox 523 3095 2099 3171">
     <span class='ocr_line' id='line_1_53' title="bbox 523 3095 2099 3171; baseline 0.006 -22"><span class='ocrx_word' id='word_1_390' title='bbox 523 3095 688 3149; x_wconf 88' lang='lat' dir='ltr'><strong>etiam</strong></span> <span class='ocrx_word' id='word_1_391' title='bbox 729 3095 826 3150; x_wconf 89' lang='lat' dir='ltr'><strong>Dei</strong></span> <span class='ocrx_word' id='word_1_392' title='bbox 882 3097 1165 3151; x_wconf 91' lang='lat' dir='ltr'><strong>oraculum</strong></span> <span class='ocrx_word' id='word_1_393' title='bbox 1197 3097 1466 3168; x_wconf 79' lang='lat' dir='ltr'><strong>intelligit,</strong></span> <span class='ocrx_word' id='word_1_394' title='bbox 1501 3099 1857 3171; x_wconf 88' lang='lat' dir='ltr'><strong>ejusdemque</strong></span> <span class='ocrx_word' id='word_1_395' title='bbox 1892 3102 2099 3158; x_wconf 87' lang='lat' dir='ltr'><strong>doctri-</strong></span> 
     </span>
    </p>
   </div>
   <div class='ocr_carea' id='block_1_54' title="bbox 2231 2535 3807 2612">
    <p class='ocr_par' dir='ltr' id='par_1_54' title="bbox 2231 2535 3807 2612">
     <span class='ocr_line' id='line_1_54' title="bbox 2231 2535 3807 2612; baseline -0.006 -14"><span class='ocrx_word' id='word_1_396' title='bbox 2231 2544 2365 2598; x_wconf 75' lang='grc' dir='ltr'><strong>Ἀπὸ</strong></span> <span class='ocrx_word' id='word_1_397' title='bbox 2386 2543 2494 2611; x_wconf 80' lang='grc' dir='ltr'>τῆς</span> <span class='ocrx_word' id='word_1_398' title='bbox 2524 2542 2760 2612; x_wconf 80' lang='grc' dir='ltr'>πρώτης</span> <span class='ocrx_word' id='word_1_399' title='bbox 2777 2541 2896 2596; x_wconf 77' lang='grc' dir='ltr'><strong>τῶν</strong></span> <span class='ocrx_word' id='word_1_400' title='bbox 2935 2539 3292 2612; x_wconf 52' lang='grc' dir='ltr'><strong>βασιλειῶνἶ</strong></span> <span class='ocrx_word' id='word_1_401' title='bbox 3307 2535 3642 2612; x_wconf 76' lang='grc' dir='ltr'>-Χριοντός</span> <span class='ocrx_word' id='word_1_402' title='bbox 3670 2538 3807 2590; x_wconf 78' lang='grc' dir='ltr'><strong>ὀνο-</strong></span> 
     </span>
    </p>
   </div>
   <div class='ocr_carea' id='block_1_55' title="bbox 2353 2609 3739 2685">
    <p class='ocr_par' dir='ltr' id='par_1_55' title="bbox 2353 2609 3739 2685">
     <span class='ocr_line' id='line_1_55' title="bbox 2353 2609 3739 2685; baseline -0.006 -16"><span class='ocrx_word' id='word_1_403' title='bbox 2353 2609 2541 2685; x_wconf 64' lang='grc' dir='ltr'>μαστὶ</span> <span class='ocrx_word' id='word_1_404' title='bbox 2564 2609 2687 2668; x_wconf 69' lang='grc' dir='ltr'><strong>ῖὺπὸ</strong></span> <span class='ocrx_word' id='word_1_405' title='bbox 2712 2609 2939 2681; x_wconf 78' lang='grc' dir='ltr'>Κυρίου</span> <span class='ocrx_word' id='word_1_406' title='bbox 2967 2610 3073 2665; x_wconf 86' lang='grc' dir='ltr'><strong>τοῦ</strong></span> <span class='ocrx_word' id='word_1_407' title='bbox 3104 2609 3337 2678; x_wconf 71' lang='grc' dir='ltr'>Πατρός</span> <span class='ocrx_word' id='word_1_408' title='bbox 3370 2609 3739 2679; x_wconf 71' lang='grc' dir='ltr'><strong>ὑψούμενος.</strong></span> 
     </span>
    </p>
   </div>
   <div class='ocr_carea' id='block_1_56' title="bbox 2290 2722 3803 2800">
    <p class='ocr_par' dir='ltr' id='par_1_56' title="bbox 2290 2722 3803 2800">
     <span class='ocr_line' id='line_1_56' title="bbox 2290 2722 3803 2800; baseline -0.004 -19"><span class='ocrx_word' id='word_1_409' title='bbox 2290 2747 2310 2780; x_wconf 75' lang='grc' dir='ltr'><strong>ι</strong></span> <span class='ocrx_word' id='word_1_410' title='bbox 2339 2727 2542 2800; x_wconf 87' lang='grc' dir='ltr'>Κύριος</span> <span class='ocrx_word' id='word_1_411' title='bbox 2560 2726 2725 2798; x_wconf 75' lang='grc' dir='ltr'>ἀνέϐη</span> <span class='ocrx_word' id='word_1_412' title='bbox 2750 2727 2831 2789; x_wconf 72' lang='grc' dir='ltr'>εἰς</span> <span class='ocrx_word' id='word_1_413' title='bbox 2843 2725 3123 2798; x_wconf 81' lang='grc' dir='ltr'>οὐρανοὺς,</span> <span class='ocrx_word' id='word_1_414' title='bbox 3150 2723 3244 2776; x_wconf 64' lang='grc' dir='ltr'><strong>καὶ⁵</strong></span> <span class='ocrx_word' id='word_1_415' title='bbox 3262 2722 3610 2794; x_wconf 78' lang='grc' dir='ltr'>ἐϐρόντησενο</span> <span class='ocrx_word' id='word_1_416' title='bbox 3640 2722 3803 2785; x_wconf 78' lang='grc' dir='ltr'>αὐτὸς</span> 
     </span>
    </p>
   </div>
   <div class='ocr_carea' id='block_1_57' title="bbox 2215 2811 3803 2891">
    <p class='ocr_par' dir='ltr' id='par_1_57' title="bbox 2215 2811 3803 2891">
     <span class='ocr_line' id='line_1_57' title="bbox 2215 2811 3803 2891; baseline -0.004 -19"><span class='ocrx_word' id='word_1_417' title='bbox 2215 2821 2392 2891; x_wconf 88' lang='grc' dir='ltr'>κρινεῖ</span> <span class='ocrx_word' id='word_1_418' title='bbox 2434 2819 2581 2889; x_wconf 83' lang='grc' dir='ltr'>ἄκρα</span> <span class='ocrx_word' id='word_1_419' title='bbox 2629 2818 2754 2888; x_wconf 80' lang='grc' dir='ltr'>γῆς,</span> <span class='ocrx_word' id='word_1_420' title='bbox 2799 2817 2893 2870; x_wconf 76' lang='grc' dir='ltr'>καὶ</span> <span class='ocrx_word' id='word_1_421' title='bbox 2937 2815 3096 2868; x_wconf 83' lang='grc' dir='ltr'>δώσει</span> <span class='ocrx_word' id='word_1_422' title='bbox 3147 2815 3299 2884; x_wconf 79' lang='grc' dir='ltr'>ἰσχὺν</span> <span class='ocrx_word' id='word_1_423' title='bbox 3335 2816 3449 2876; x_wconf 73' lang='grc' dir='ltr'>τοῖς</span> <span class='ocrx_word' id='word_1_424' title='bbox 3491 2811 3803 2884; x_wconf 80' lang='grc' dir='ltr'>βασιλεῦσιν</span> 
     </span>
    </p>
   </div>
   <div class='ocr_carea' id='block_1_58' title="bbox 2214 2903 3801 2981">
    <p class='ocr_par' dir='ltr' id='par_1_58' title="bbox 2214 2903 3801 2981">
     <span class='ocr_line' id='line_1_58' title="bbox 2214 2903 3801 2981; baseline -0.004 -18"><span class='ocrx_word' id='word_1_425' title='bbox 2214 2909 2391 2981; x_wconf 77' lang='grc' dir='ltr'>ἡμῶν,</span> <span class='ocrx_word' id='word_1_426' title='bbox 2443 2909 2538 2962; x_wconf 70' lang='grc' dir='ltr'>καὶ</span> <span class='ocrx_word' id='word_1_427' title='bbox 2576 2907 2780 2978; x_wconf 74' lang='grc' dir='ltr'>ὑψώσει</span> <span class='ocrx_word' id='word_1_428' title='bbox 2820 2907 2987 2978; x_wconf 85' lang='grc' dir='ltr'>κέρας</span> <span class='ocrx_word' id='word_1_429' title='bbox 3023 2904 3261 2978; x_wconf 81' lang='grc' dir='ltr'>Χριστοῦ</span> <span class='ocrx_word' id='word_1_430' title='bbox 3294 2903 3481 2958; x_wconf 86' lang='grc' dir='ltr'>αὑτοῦ.</span> <span class='ocrx_word' id='word_1_431' title='bbox 3520 2924 3538 2956; x_wconf 71' lang='grc' dir='ltr'><strong>ι</strong></span> <span class='ocrx_word' id='word_1_432' title='bbox 3578 2904 3690 2975; x_wconf 73' lang='grc' dir='ltr'><strong>Τὴν</strong></span> <span class='ocrx_word' id='word_1_433' title='bbox 3723 2903 3801 2969; x_wconf 74' lang='grc' dir='ltr'><strong>εἰς</strong></span> 
     </span>
    </p>
   </div>
   <div class='ocr_carea' id='block_1_59' title="bbox 2213 2994 3800 3074">
    <p class='ocr_par' dir='ltr' id='par_1_59' title="bbox 2213 2994 3800 3074">
     <span class='ocr_line' id='line_1_59' title="bbox 2213 2994 3800 3074; baseline -0.003 -20"><span class='ocrx_word' id='word_1_434' title='bbox 2213 3002 2478 3074; x_wconf 79' lang='grc' dir='ltr'>οὐρανοὺς</span> <span class='ocrx_word' id='word_1_435' title='bbox 2499 3000 2943 3054; x_wconf 78' lang='grc' dir='ltr'>ἀποκατάστασιν</span> <span class='ocrx_word' id='word_1_436' title='bbox 2974 2994 3127 3062; x_wconf 79' lang='grc' dir='ltr'>αὖθις</span> <span class='ocrx_word' id='word_1_437' title='bbox 3152 2999 3412 3066; x_wconf 77' lang='grc' dir='ltr'>ὀνομαστὶ</span> <span class='ocrx_word' id='word_1_438' title='bbox 3439 2996 3532 3051; x_wconf 92' lang='grc' dir='ltr'><strong>τοῦ</strong></span> <span class='ocrx_word' id='word_1_439' title='bbox 3561 2995 3800 3069; x_wconf 83' lang='grc' dir='ltr'>Χριστοῦ</span> 
     </span>
    </p>
   </div>
   <div class='ocr_carea' id='block_1_60' title="bbox 2209 3089 3799 3166">
    <p class='ocr_par' dir='ltr' id='par_1_60' title="bbox 2209 3089 3799 3166">
     <span class='ocr_line' id='line_1_60' title="bbox 2209 3089 3799 3166; baseline -0.003 -18"><span class='ocrx_word' id='word_1_440' title='bbox 2209 3093 2242 3166; x_wconf 78' lang='grc' dir='ltr'><strong>ἢ</strong></span> <span class='ocrx_word' id='word_1_441' title='bbox 2269 3095 2366 3148; x_wconf 73' lang='lat' dir='ltr'><strong>xal</strong></span> <span class='ocrx_word' id='word_1_442' title='bbox 2397 3093 2532 3147; x_wconf 83' lang='grc' dir='ltr'><strong>Θεοῦ</strong></span> <span class='ocrx_word' id='word_1_443' title='bbox 2562 3093 2719 3163; x_wconf 80' lang='grc' dir='ltr'>λόγος</span> <span class='ocrx_word' id='word_1_444' title='bbox 2747 3095 3064 3156; x_wconf 76' lang='grc' dir='ltr'>ἐπινοεῖται,</span> <span class='ocrx_word' id='word_1_445' title='bbox 3091 3093 3188 3164; x_wconf 87' lang='grc' dir='ltr'><strong>τήν</strong></span> <span class='ocrx_word' id='word_1_446' title='bbox 3206 3108 3266 3143; x_wconf 89' lang='grc' dir='ltr'><strong>τε</strong></span> <span class='ocrx_word' id='word_1_447' title='bbox 3288 3089 3612 3155; x_wconf 78' lang='grc' dir='ltr'>ἐξάκουστον</span> <span class='ocrx_word' id='word_1_448' title='bbox 3639 3089 3799 3162; x_wconf 85' lang='grc' dir='ltr'>βρον-</span> 
     </span>
    </p>
   </div>
   <div class='ocr_carea' id='block_1_61' title="bbox 523 3179 2104 3257">
    <p class='ocr_par' dir='ltr' id='par_1_61' title="bbox 523 3187 2104 3257">
     <span class='ocr_line' id='line_1_61' title="bbox 523 3187 2104 3257; baseline 0.006 -17"><span class='ocrx_word' id='word_1_449' title='bbox 523 3202 670 3250; x_wconf 81' lang='lat' dir='ltr'><strong>nam,</strong></span> <span class='ocrx_word' id='word_1_450' title='bbox 709 3202 828 3257; x_wconf 81' lang='lat' dir='ltr'><strong>quae</strong></span> <span class='ocrx_word' id='word_1_451' title='bbox 880 3187 1058 3242; x_wconf 89' lang='lat' dir='ltr'><strong>instar</strong></span> <span class='ocrx_word' id='word_1_452' title='bbox 1103 3189 1310 3244; x_wconf 86' lang='lat' dir='ltr'><strong>tonitru</strong></span> <span class='ocrx_word' id='word_1_453' title='bbox 1347 3191 1416 3244; x_wconf 83' lang='lat' dir='ltr'><strong>ab</strong></span> <span class='ocrx_word' id='word_1_454' title='bbox 1471 3192 1726 3247; x_wconf 90' lang='lat' dir='ltr'><strong>omnibus</strong></span> <span class='ocrx_word' id='word_1_455' title='bbox 1765 3194 2104 3250; x_wconf 78' lang='lat' dir='ltr'><strong>exaudienda</strong></span> 
     </span>
    </p>
   </div>
   <div class='ocr_carea' id='block_1_62' title="bbox 2208 3179 3799 3257">
    <p class='ocr_par' dir='ltr' id='par_1_62' title="bbox 2209 3179 3799 3254">
     <span class='ocr_line' id='line_1_62' title="bbox 2209 3179 3799 3254; baseline -0.001 -18"><span class='ocrx_word' id='word_1_456' title='bbox 2209 3183 2312 3254; x_wconf 83' lang='grc' dir='ltr'>τῆς</span> <span class='ocrx_word' id='word_1_457' title='bbox 2367 3183 2524 3254; x_wconf 82' lang='grc' dir='ltr'>δίκην</span> <span class='ocrx_word' id='word_1_458' title='bbox 2569 3185 2647 3246; x_wconf 84' lang='grc' dir='ltr'>εἰς</span> <span class='ocrx_word' id='word_1_459' title='bbox 2681 3184 2928 3246; x_wconf 74' lang='grc' dir='ltr'>ἅπαντας</span> <span class='ocrx_word' id='word_1_460' title='bbox 2966 3180 3310 3237; x_wconf 80' lang='grc' dir='ltr'>διδασκαλίαν</span> <span class='ocrx_word' id='word_1_461' title='bbox 3351 3181 3537 3244; x_wconf 82' lang='grc' dir='ltr'>αὐτοῦ,</span> <span class='ocrx_word' id='word_1_462' title='bbox 3571 3180 3663 3233; x_wconf 82' lang='grc' dir='ltr'><strong>καί</strong></span> <span class='ocrx_word' id='word_1_463' title='bbox 3699 3179 3799 3252; x_wconf 75' lang='grc' dir='ltr'>τὴν</span> 
     </span>
    </p>
   </div>
   <div class='ocr_carea' id='block_1_63' title="bbox 524 3277 2105 3355">
    <p class='ocr_par' dir='ltr' id='par_1_63' title="bbox 524 3277 2105 3355">
     <span class='ocr_line' id='line_1_63' title="bbox 524 3277 2105 3355; baseline 0.005 -21"><span class='ocrx_word' id='word_1_464' title='bbox 524 3279 615 3343; x_wconf 85' lang='lat' dir='ltr'><strong>sit,</strong></span> <span class='ocrx_word' id='word_1_465' title='bbox 652 3277 779 3334; x_wconf 89' lang='lat' dir='ltr'><strong>item</strong></span> <span class='ocrx_word' id='word_1_466' title='bbox 810 3280 957 3349; x_wconf 92' lang='lat' dir='ltr'><strong>quod</strong></span> <span class='ocrx_word' id='word_1_467' title='bbox 999 3288 1184 3350; x_wconf 89' lang='lat' dir='ltr'><strong>postea</strong></span> <span class='ocrx_word' id='word_1_468' title='bbox 1219 3280 1460 3337; x_wconf 83' lang='lat' dir='ltr'><strong>futurum</strong></span> <span class='ocrx_word' id='word_1_469' title='bbox 1507 3291 1592 3340; x_wconf 90' lang='lat' dir='ltr'><strong>est</strong></span> <span class='ocrx_word' id='word_1_470' title='bbox 1624 3284 1869 3355; x_wconf 88' lang='lat' dir='ltr'><strong>ejusdem</strong></span> <span class='ocrx_word' id='word_1_471' title='bbox 1913 3294 2105 3342; x_wconf 88' lang='lat' dir='ltr'><strong>contra</strong></span> 
     </span>
    </p>
   </div>
   <div class='ocr_carea' id='block_1_64' title="bbox 523 3371 2105 3449">
    <p class='ocr_par' dir='ltr' id='par_1_64' title="bbox 523 3371 2105 3449">
     <span class='ocr_line' id='line_1_64' title="bbox 523 3371 2105 3449; baseline 0.006 -24"><span class='ocrx_word' id='word_1_472' title='bbox 523 3387 717 3427; x_wconf 86' lang='lat' dir='ltr'><strong>omnes</strong></span> <span class='ocrx_word' id='word_1_473' title='bbox 739 3372 1030 3441; x_wconf 88' lang='lat' dir='ltr'><strong>judicium.</strong></span> <span class='ocrx_word' id='word_1_474' title='bbox 1062 3371 1192 3430; x_wconf 80' lang='lat' dir='ltr'><strong>Post</strong></span> <span class='ocrx_word' id='word_1_475' title='bbox 1219 3375 1333 3430; x_wconf 67' lang='lat' dir='ltr'><strong>haac</strong></span> <span class='ocrx_word' id='word_1_476' title='bbox 1361 3383 1544 3432; x_wconf 90' lang='lat' dir='ltr'><strong>autem</strong></span> <span class='ocrx_word' id='word_1_477' title='bbox 1577 3379 1695 3449; x_wconf 90' lang='lat' dir='ltr'><strong>ipse</strong></span> <span class='ocrx_word' id='word_1_478' title='bbox 1718 3378 1981 3435; x_wconf 90' lang='lat' dir='ltr'><strong>Dominus</strong></span> <span class='ocrx_word' id='word_1_479' title='bbox 2008 3381 2105 3436; x_wconf 88' lang='lat' dir='ltr'><strong>da-</strong></span> 
     </span>
    </p>
   </div>
   <div class='ocr_carea' id='block_1_65' title="bbox 525 3463 2104 3537">
    <p class='ocr_par' dir='ltr' id='par_1_65' title="bbox 525 3463 2104 3537">
     <span class='ocr_line' id='line_1_65' title="bbox 525 3463 2104 3537; baseline 0.008 -22"><span class='ocrx_word' id='word_1_480' title='bbox 525 3471 684 3518; x_wconf 89' lang='lat' dir='ltr'><strong>turus</strong></span> <span class='ocrx_word' id='word_1_481' title='bbox 716 3464 888 3518; x_wconf 84' lang='lat' dir='ltr'><strong>robur</strong></span> <span class='ocrx_word' id='word_1_482' title='bbox 920 3463 1126 3520; x_wconf 91' lang='lat' dir='ltr'><strong>dicitur</strong></span> <span class='ocrx_word' id='word_1_483' title='bbox 1150 3467 1372 3537; x_wconf 77' lang='lat' dir='ltr'><strong>regibus</strong></span> <span class='ocrx_word' id='word_1_484' title='bbox 1411 3470 1637 3525; x_wconf 90' lang='lat' dir='ltr'><strong>nostris.</strong></span> <span class='ocrx_word' id='word_1_485' title='bbox 1671 3469 1735 3525; x_wconf 83' lang='lat' dir='ltr'><strong>Hi</strong></span> <span class='ocrx_word' id='word_1_486' title='bbox 1777 3487 1907 3527; x_wconf 86' lang='lat' dir='ltr'><strong>vero</strong></span> <span class='ocrx_word' id='word_1_487' title='bbox 1941 3480 2104 3528; x_wconf 89' lang='lat' dir='ltr'><strong>erunt</strong></span> 
     </span>
    </p>
   </div>
   <div class='ocr_carea' id='block_1_66' title="bbox 522 3555 2103 3634">
    <p class='ocr_par' dir='ltr' id='par_1_66' title="bbox 522 3555 2103 3634">
     <span class='ocr_line' id='line_1_66' title="bbox 522 3555 2103 3634; baseline 0.007 -26"><span class='ocrx_word' id='word_1_488' title='bbox 522 3555 756 3624; x_wconf 73' lang='lat' dir='ltr'><strong>apostoli</strong></span> <span class='ocrx_word' id='word_1_489' title='bbox 799 3555 1025 3621; x_wconf 80' lang='lat' dir='ltr'><strong>Christi,</strong></span> <span class='ocrx_word' id='word_1_490' title='bbox 1055 3557 1122 3611; x_wconf 92' lang='lat' dir='ltr'><strong>de</strong></span> <span class='ocrx_word' id='word_1_491' title='bbox 1149 3559 1349 3629; x_wconf 91' lang='lat' dir='ltr'><strong>quibus</strong></span> <span class='ocrx_word' id='word_1_492' title='bbox 1382 3560 1550 3616; x_wconf 88' lang='lat' dir='ltr'><strong>habes</strong></span> <span class='ocrx_word' id='word_1_493' title='bbox 1593 3562 1647 3616; x_wconf 91' lang='lat' dir='ltr'><strong>in</strong></span> <span class='ocrx_word' id='word_1_494' title='bbox 1700 3577 1845 3617; x_wconf 78' lang='lat' dir='ltr'><strong>vau</strong></span> <span class='ocrx_word' id='word_1_495' title='bbox 1894 3565 2103 3634; x_wconf 86' lang='lat' dir='ltr'><strong>psalmo</strong></span> 
     </span>
    </p>
   </div>
   <div class='ocr_carea' id='block_1_67' title="bbox 523 3643 2102 3724">
    <p class='ocr_par' dir='ltr' id='par_1_67' title="bbox 523 3643 2102 3724">
     <span class='ocr_line' id='line_1_67' title="bbox 523 3643 2102 3724; baseline 0.008 -25"><span class='ocrx_word' id='word_1_496' title='bbox 523 3643 659 3699; x_wconf 64' lang='lat' dir='ltr'><strong>illud</strong></span> <span class='ocrx_word' id='word_1_497' title='bbox 691 3645 735 3678; x_wconf 78' lang='grc'><strong>⁸⁸</strong></span> <span class='ocrx_word' id='word_1_498' title='bbox 770 3663 784 3701; x_wconf 93' lang='lat'><strong>:</strong></span> <span class='ocrx_word' id='word_1_499' title='bbox 819 3666 838 3699; x_wconf 82' lang='lat'><strong>(</strong></span> <span class='ocrx_word' id='word_1_500' title='bbox 883 3646 1146 3707; x_wconf 88' lang='lat' dir='ltr'><strong>Dominus</strong></span> <span class='ocrx_word' id='word_1_501' title='bbox 1165 3650 1323 3706; x_wconf 89' lang='lat' dir='ltr'><strong>dabit</strong></span> <span class='ocrx_word' id='word_1_502' title='bbox 1347 3653 1572 3707; x_wconf 84' lang='lat' dir='ltr'><strong>verbum</strong></span> <span class='ocrx_word' id='word_1_503' title='bbox 1599 3655 2102 3724; x_wconf 83' lang='lat' dir='ltr'><strong>evangelizantibus</strong></span> 
     </span>
    </p>
   </div>
   <div class='ocr_carea' id='block_1_68' title="bbox 522 3737 2101 3813">
    <p class='ocr_par' dir='ltr' id='par_1_68' title="bbox 522 3737 2101 3813">
     <span class='ocr_line' id='line_1_68' title="bbox 522 3737 2101 3813; baseline 0.007 -24"><span class='ocrx_word' id='word_1_504' title='bbox 522 3737 724 3792; x_wconf 84' lang='lat' dir='ltr'><strong>virtute</strong></span> <span class='ocrx_word' id='word_1_505' title='bbox 749 3738 938 3794; x_wconf 79' lang='lat' dir='ltr'><strong>multa.</strong></span> <span class='ocrx_word' id='word_1_506' title='bbox 975 3759 994 3791; x_wconf 75' lang='grc' dir='ltr'><strong>ι</strong></span> <span class='ocrx_word' id='word_1_507' title='bbox 1030 3739 1087 3794; x_wconf 91' lang='lat' dir='ltr'><strong>ln</strong></span> <span class='ocrx_word' id='word_1_508' title='bbox 1117 3741 1221 3796; x_wconf 81' lang='lat' dir='ltr'><strong>hoc</strong></span> <span class='ocrx_word' id='word_1_509' title='bbox 1253 3758 1470 3813; x_wconf 88' lang='lat' dir='ltr'><strong>quoque</strong></span> <span class='ocrx_word' id='word_1_510' title='bbox 1496 3745 1818 3800; x_wconf 88' lang='lat' dir='ltr'><strong>nominatim</strong></span> <span class='ocrx_word' id='word_1_511' title='bbox 1845 3745 1913 3800; x_wconf 89' lang='lat' dir='ltr'><strong>de</strong></span> <span class='ocrx_word' id='word_1_512' title='bbox 1937 3744 2101 3801; x_wconf 92' lang='lat' dir='ltr'><strong>Chri-</strong></span> 
     </span>
    </p>
   </div>
   <div class='ocr_carea' id='block_1_69' title="bbox 523 3832 2102 3904">
    <p class='ocr_par' dir='ltr' id='par_1_69' title="bbox 523 3832 2102 3904">
     <span class='ocr_line' id='line_1_69' title="bbox 523 3832 2102 3904; baseline 0.006 -20"><span class='ocrx_word' id='word_1_513' title='bbox 523 3835 609 3884; x_wconf 85' lang='lat' dir='ltr'><strong>sto</strong></span> <span class='ocrx_word' id='word_1_514' title='bbox 644 3832 976 3886; x_wconf 86' lang='lat' dir='ltr'><strong>mentionem</strong></span> <span class='ocrx_word' id='word_1_515' title='bbox 1007 3833 1158 3897; x_wconf 82' lang='lat' dir='ltr'><strong>facit,</strong></span> <span class='ocrx_word' id='word_1_516' title='bbox 1191 3835 1286 3904; x_wconf 90' lang='lat' dir='ltr'><strong>qui</strong></span> <span class='ocrx_word' id='word_1_517' title='bbox 1321 3842 1378 3889; x_wconf 93' lang='lat' dir='ltr'><strong>ut</strong></span> <span class='ocrx_word' id='word_1_518' title='bbox 1413 3836 1599 3901; x_wconf 89' lang='lat' dir='ltr'><strong>homo,</strong></span> <span class='ocrx_word' id='word_1_519' title='bbox 1631 3835 1884 3892; x_wconf 89' lang='lat' dir='ltr'><strong>Salvator</strong></span> <span class='ocrx_word' id='word_1_520' title='bbox 1914 3847 2102 3894; x_wconf 91' lang='lat' dir='ltr'><strong>noster</strong></span> 
     </span>
    </p>
   </div>
   <div class='ocr_carea' id='block_1_70' title="bbox 519 3920 2101 3995">
    <p class='ocr_par' dir='ltr' id='par_1_70' title="bbox 519 3920 2101 3995">
     <span class='ocr_line' id='line_1_70' title="bbox 519 3920 2101 3995; baseline 0.006 -19"><span class='ocrx_word' id='word_1_521' title='bbox 519 3920 879 3990; x_wconf 81' lang='lat' dir='ltr'><strong>intelligatur,</strong></span> <span class='ocrx_word' id='word_1_522' title='bbox 911 3923 1070 3992; x_wconf 87' lang='lat' dir='ltr'><strong>cujus</strong></span> <span class='ocrx_word' id='word_1_523' title='bbox 1103 3925 1180 3979; x_wconf 90' lang='lat' dir='ltr'><strong>ait</strong></span> <span class='ocrx_word' id='word_1_524' title='bbox 1208 3941 1378 3981; x_wconf 91' lang='lat' dir='ltr'><strong>cornu</strong></span> <span class='ocrx_word' id='word_1_525' title='bbox 1401 3927 1770 3983; x_wconf 84' lang='lat' dir='ltr'><strong>extollendum</strong></span> <span class='ocrx_word' id='word_1_526' title='bbox 1798 3945 1941 3995; x_wconf 88' lang='lat' dir='ltr'><strong>esse,</strong></span> <span class='ocrx_word' id='word_1_527' title='bbox 1970 3929 2101 3986; x_wconf 91' lang='lat' dir='ltr'><strong>dum</strong></span> 
     </span>
    </p>
   </div>
   <div class='ocr_carea' id='block_1_71' title="bbox 520 4014 2101 4094">
    <p class='ocr_par' dir='ltr' id='par_1_71' title="bbox 520 4014 2101 4094">
     <span class='ocr_line' id='line_1_71' title="bbox 520 4014 2101 4094; baseline 0.009 -28"><span class='ocrx_word' id='word_1_528' title='bbox 520 4014 778 4068; x_wconf 68' lang='lat' dir='ltr'><strong>virtutem</strong></span> <span class='ocrx_word' id='word_1_529' title='bbox 818 4016 876 4069; x_wconf 90' lang='lat' dir='ltr'><strong>in</strong></span> <span class='ocrx_word' id='word_1_530' title='bbox 903 4014 995 4070; x_wconf 91' lang='lat' dir='ltr'><strong>illo</strong></span> <span class='ocrx_word' id='word_1_531' title='bbox 1022 4018 1346 4074; x_wconf 87' lang='lat' dir='ltr'><strong>invisibilem</strong></span> <span class='ocrx_word' id='word_1_532' title='bbox 1368 4030 1421 4074; x_wconf 91' lang='lat' dir='ltr'><strong>et</strong></span> <span class='ocrx_word' id='word_1_533' title='bbox 1450 4036 1678 4091; x_wconf 85' lang='lat' dir='ltr'><strong>regnum</strong></span> <span class='ocrx_word' id='word_1_534' title='bbox 1712 4022 1859 4078; x_wconf 91' lang='lat' dir='ltr'><strong>illius</strong></span> <span class='ocrx_word' id='word_1_535' title='bbox 1889 4024 2101 4094; x_wconf 86' lang='lat' dir='ltr'><strong>signiﬁ-</strong></span> 
     </span>
    </p>
   </div>
   <div class='ocr_carea' id='block_1_72' title="bbox 518 4103 2099 4187">
    <p class='ocr_par' dir='ltr' id='par_1_72' title="bbox 518 4103 2099 4187">
     <span class='ocr_line' id='line_1_72' title="bbox 518 4103 2099 4187; baseline 0.008 -28"><span class='ocrx_word' id='word_1_536' title='bbox 518 4113 625 4160; x_wconf 88' lang='lat' dir='ltr'><strong>cat.</strong></span> <span class='ocrx_word' id='word_1_537' title='bbox 651 4103 1064 4163; x_wconf 86' lang='lat' dir='ltr'><strong>Consueverunt</strong></span> <span class='ocrx_word' id='word_1_538' title='bbox 1083 4125 1212 4180; x_wconf 86' lang='lat' dir='ltr'><strong>ergo</strong></span> <span class='ocrx_word' id='word_1_539' title='bbox 1232 4109 1427 4166; x_wconf 84' lang='lat' dir='ltr'><strong>divinae</strong></span> <span class='ocrx_word' id='word_1_540' title='bbox 1447 4113 1640 4168; x_wconf 63' lang='lat' dir='ltr'><strong>litterae</strong></span> <span class='ocrx_word' id='word_1_541' title='bbox 1662 4114 1840 4185; x_wconf 89' lang='lat' dir='ltr'><strong>ipsum</strong></span> <span class='ocrx_word' id='word_1_542' title='bbox 1869 4131 2099 4187; x_wconf 87' lang='lat' dir='ltr'><strong>regnum</strong></span> 
     </span>
    </p>
   </div>
   <div class='ocr_carea' id='block_1_73' title="bbox 519 4198 2101 4274">
    <p class='ocr_par' dir='ltr' id='par_1_73' title="bbox 519 4198 2101 4274">
     <span class='ocr_line' id='line_1_73' title="bbox 519 4198 2101 4274; baseline 0.008 -26"><span class='ocrx_word' id='word_1_543' title='bbox 519 4209 693 4250; x_wconf 89' lang='lat' dir='ltr'><strong>cornu</strong></span> <span class='ocrx_word' id='word_1_544' title='bbox 737 4198 1028 4267; x_wconf 84' lang='lat' dir='ltr'><strong>appellare.</strong></span> <span class='ocrx_word' id='word_1_545' title='bbox 1081 4198 1227 4256; x_wconf 90' lang='lat' dir='ltr'><strong>ldem</strong></span> <span class='ocrx_word' id='word_1_546' title='bbox 1271 4217 1404 4257; x_wconf 87' lang='lat' dir='ltr'><strong>vero</strong></span> <span class='ocrx_word' id='word_1_547' title='bbox 1437 4204 1676 4274; x_wconf 89' lang='lat' dir='ltr'><strong>positum</strong></span> <span class='ocrx_word' id='word_1_548' title='bbox 1713 4214 1798 4261; x_wconf 89' lang='lat' dir='ltr'><strong>est</strong></span> <span class='ocrx_word' id='word_1_549' title='bbox 1846 4204 2010 4261; x_wconf 91' lang='lat' dir='ltr'><strong>etiam</strong></span> <span class='ocrx_word' id='word_1_550' title='bbox 2043 4207 2101 4261; x_wconf 87' lang='lat' dir='ltr'><strong>in</strong></span> 
     </span>
    </p>
   </div>
   <div class='ocr_carea' id='block_1_74' title="bbox 520 4291 2101 4370">
    <p class='ocr_par' dir='ltr' id='par_1_74' title="bbox 520 4291 2101 4370">
     <span class='ocr_line' id='line_1_74' title="bbox 520 4291 2101 4370; baseline 0.011 -31"><span class='ocrx_word' id='word_1_551' title='bbox 520 4302 763 4342; x_wconf 79' lang='lat' dir='ltr'><strong>Lxxxvm</strong></span> <span class='ocrx_word' id='word_1_552' title='bbox 815 4291 1028 4361; x_wconf 86' lang='lat' dir='ltr'><strong>psalmo</strong></span> <span class='ocrx_word' id='word_1_553' title='bbox 1055 4291 1099 4324; x_wconf 81' lang='grc'><strong>⁸⁷</strong></span> <span class='ocrx_word' id='word_1_554' title='bbox 1138 4312 1150 4348; x_wconf 93' lang='lat'><strong>:</strong></span> <span class='ocrx_word' id='word_1_555' title='bbox 1187 4311 1206 4345; x_wconf 76' lang='grc' dir='ltr'><strong>ι</strong></span> <span class='ocrx_word' id='word_1_556' title='bbox 1267 4293 1334 4354; x_wconf 83' lang='grc' dir='ltr'>Ει</span> <span class='ocrx_word' id='word_1_557' title='bbox 1368 4295 1424 4350; x_wconf 91' lang='lat' dir='ltr'><strong>in</strong></span> <span class='ocrx_word' id='word_1_558' title='bbox 1451 4297 1692 4363; x_wconf 89' lang='lat' dir='ltr'><strong>nomine,</strong></span> <span class='ocrx_word' id='word_1_559' title='bbox 1737 4297 1938 4370; x_wconf 90' lang='lat' dir='ltr'><strong>inquit,</strong></span> <span class='ocrx_word' id='word_1_560' title='bbox 1975 4314 2101 4356; x_wconf 89' lang='lat' dir='ltr'><strong>meo</strong></span> 
     </span>
    </p>
   </div>
   <div class='ocr_carea' id='block_1_75' title="bbox 516 4381 1273 4455">
    <p class='ocr_par' dir='ltr' id='par_1_75' title="bbox 516 4381 1273 4455">
     <span class='ocr_line' id='line_1_75' title="bbox 516 4381 1273 4455; baseline 0.005 -21"><span class='ocrx_word' id='word_1_561' title='bbox 516 4381 846 4436; x_wconf 84' lang='lat' dir='ltr'><strong>exaltabitur</strong></span> <span class='ocrx_word' id='word_1_562' title='bbox 872 4397 1044 4438; x_wconf 90' lang='lat' dir='ltr'><strong>cornu</strong></span> <span class='ocrx_word' id='word_1_563' title='bbox 1077 4385 1216 4455; x_wconf 89' lang='lat' dir='ltr'><strong>ejus.</strong></span> <span class='ocrx_word' id='word_1_564' title='bbox 1253 4405 1273 4438; x_wconf 75' lang='grc' dir='ltr'><strong>ι</strong></span> 
     </span>
    </p>
   </div>
   <div class='ocr_carea' id='block_1_76' title="bbox 518 4491 2098 4622">
    <p class='ocr_par' dir='ltr' id='par_1_76' title="bbox 518 4491 2098 4622">
     <span class='ocr_line' id='line_1_76' title="bbox 518 4491 2098 4622; baseline 0.008 -76"><span class='ocrx_word' id='word_1_565' title='bbox 518 4491 561 4547; x_wconf 78' lang='grc' dir='ltr'><strong><em>Α</em></strong></span> <span class='ocrx_word' id='word_1_566' title='bbox 599 4497 771 4564; x_wconf 82' lang='lat' dir='ltr'><strong>primo</strong></span> <span class='ocrx_word' id='word_1_567' title='bbox 803 4495 1017 4622; x_wconf 59' lang='lat' dir='ltr'><strong>Regum.</strong></span> <span class='ocrx_word' id='word_1_568' title='bbox 1047 4530 1119 4540; x_wconf 91' lang='lat'><strong>—-</strong></span> <span class='ocrx_word' id='word_1_569' title='bbox 1145 4499 1386 4555; x_wconf 78' lang='lat' dir='ltr'><strong>Christus</strong></span> <span class='ocrx_word' id='word_1_570' title='bbox 1429 4503 1740 4557; x_wconf 83' lang='lat' dir='ltr'><strong>nominatim</strong></span> <span class='ocrx_word' id='word_1_571' title='bbox 1783 4502 1998 4558; x_wconf 82' lang='lat' dir='ltr'><strong>domum</strong></span> <span class='ocrx_word' id='word_1_572' title='bbox 2030 4504 2098 4574; x_wconf 76' lang='lat' dir='ltr'><strong>ﬁ-</strong></span> 
     </span>
     <span class='ocr_line' id='line_1_77' title="bbox 585 4567 2094 4622; baseline 0.003 -5"><span class='ocrx_word' id='word_1_573' title='bbox 585 4567 754 4620; x_wconf 86' lang='lat' dir='ltr'><strong>delem</strong></span> <span class='ocrx_word' id='word_1_574' title='bbox 785 4585 819 4620; x_wconf 88' lang='lat' dir='ltr'><strong>a</strong></span> <span class='ocrx_word' id='word_1_575' title='bbox 904 4580 1018 4622; x_wconf 81' lang='lat' dir='ltr'><strong>atre</strong></span> <span class='ocrx_word' id='word_1_576' title='bbox 1045 4571 1234 4622; x_wconf 75' lang='lat' dir='ltr'><strong>accivit</strong></span> <span class='ocrx_word' id='word_1_577' title='bbox 1266 4570 1561 4622; x_wconf 72' lang='lat' dir='ltr'><strong>Ecclesium</strong></span> <span class='ocrx_word' id='word_1_578' title='bbox 1601 4591 1778 4622; x_wconf 73' lang='lat' dir='ltr'><strong>suam.</strong></span> <span class='ocrx_word' id='word_1_579' title='bbox 1826 4584 1876 4622; x_wconf 77' lang='lat' dir='ltr'><strong>et</strong></span> <span class='ocrx_word' id='word_1_580' title='bbox 1912 4591 2094 4622; x_wconf 76' lang='lat' dir='ltr'><strong>sacer-</strong></span> 
     </span>
    </p>
   </div>
   <div class='ocr_carea' id='block_1_77' title="bbox 585 4567 2094 4640">
    <p class='ocr_par' dir='ltr' id='par_1_77' title="bbox 585 4567 2094 4640">
     <span class='ocr_line' id='line_1_78' title="bbox 585 4567 2094 4640; baseline 0.007 -22"><span class='ocrx_word' id='word_1_581' title='bbox 585 4567 754 4640; x_wconf 69' lang='lat' dir='ltr'><strong>aelem</strong></span> <span class='ocrx_word' id='word_1_582' title='bbox 785 4585 829 4640; x_wconf 14' lang='lat' dir='ltr'><strong>ar</strong></span> <span class='ocrx_word' id='word_1_583' title='bbox 852 4567 1018 4624; x_wconf 80' lang='lat' dir='ltr'><strong>Patre</strong></span> <span class='ocrx_word' id='word_1_584' title='bbox 1045 4571 1234 4640; x_wconf 86' lang='lat' dir='ltr'><strong>accipit</strong></span> <span class='ocrx_word' id='word_1_585' title='bbox 1266 4570 1561 4626; x_wconf 74' lang='lat' dir='ltr'><strong>Ecclesium</strong></span> <span class='ocrx_word' id='word_1_586' title='bbox 1601 4591 1779 4638; x_wconf 76' lang='lat' dir='ltr'><strong>suam,</strong></span> <span class='ocrx_word' id='word_1_587' title='bbox 1826 4584 1876 4628; x_wconf 82' lang='lat' dir='ltr'><strong>et</strong></span> <span class='ocrx_word' id='word_1_588' title='bbox 1912 4567 2094 4629; x_wconf 72' lang='lat' dir='ltr'><strong>sacer-</strong></span> 
     </span>
    </p>
   </div>
   <div class='ocr_carea' id='block_1_78' title="bbox 582 4637 2090 4715">
    <p class='ocr_par' dir='ltr' id='par_1_78' title="bbox 582 4637 2090 4715">
     <span class='ocr_line' id='line_1_79' title="bbox 582 4637 2090 4715; baseline 0.009 -27"><span class='ocrx_word' id='word_1_589' title='bbox 582 4637 1088 4715; x_wconf 74' lang='lat' dir='ltr'><strong>dotem_ﬁ_delem_in</strong></span> <span class='ocrx_word' id='word_1_590' title='bbox 1113 4637 1270 4696; x_wconf 80' lang='lat' dir='ltr'><strong>omne</strong></span> <span class='ocrx_word' id='word_1_591' title='bbox 1301 4652 1522 4715; x_wconf 82' lang='lat' dir='ltr'><strong>tempus,</strong></span> <span class='ocrx_word' id='word_1_592' title='bbox 1559 4646 1650 4715; x_wconf 82' lang='lat' dir='ltr'><strong>qui</strong></span> <span class='ocrx_word' id='word_1_593' title='bbox 1680 4637 1934 4700; x_wconf 75' lang='lat' dir='ltr'><strong>Ecetesia:</strong></span> <span class='ocrx_word' id='word_1_594' title='bbox 1978 4662 2090 4702; x_wconf 72' lang='lat' dir='ltr'><strong>ante</strong></span> 
     </span>
    </p>
   </div>
   <div class='ocr_carea' id='block_1_79' title="bbox 586 4708 1394 4781">
    <p class='ocr_par' dir='ltr' id='par_1_79' title="bbox 586 4708 1394 4781">
     <span class='ocr_line' id='line_1_80' title="bbox 586 4708 1394 4781; baseline 0.007 -21"><span class='ocrx_word' id='word_1_595' title='bbox 586 4723 706 4762; x_wconf 83' lang='lat' dir='ltr'><strong>cum</strong></span> <span class='ocrx_word' id='word_1_596' title='bbox 743 4708 842 4763; x_wconf 86' lang='lat' dir='ltr'><strong>Dei</strong></span> <span class='ocrx_word' id='word_1_597' title='bbox 870 4712 1164 4781; x_wconf 86' lang='lat' dir='ltr'><strong>cognitione</strong></span> <span class='ocrx_word' id='word_1_598' title='bbox 1191 4714 1394 4778; x_wconf 74' lang='lat' dir='ltr'><strong>pra&#39;sit.</strong></span> 
     </span>
    </p>
   </div>
   <div class='ocr_carea' id='block_1_80' title="bbox 588 4886 2091 4962">
    <p class='ocr_par' dir='ltr' id='par_1_80' title="bbox 588 4886 2091 4962">
     <span class='ocr_line' id='line_1_81' title="bbox 588 4886 2091 4962; baseline 0.011 -26"><span class='ocrx_word' id='word_1_599' title='bbox 588 4904 606 4936; x_wconf 72' lang='grc' dir='ltr'><strong>ι</strong></span> <span class='ocrx_word' id='word_1_600' title='bbox 647 4886 785 4944; x_wconf 87' lang='lat' dir='ltr'><strong>Ecce</strong></span> <span class='ocrx_word' id='word_1_601' title='bbox 816 4888 936 4945; x_wconf 90' lang='lat' dir='ltr'><strong>dies</strong></span> <span class='ocrx_word' id='word_1_602' title='bbox 973 4892 1218 4956; x_wconf 90' lang='lat' dir='ltr'><strong>veniunt,</strong></span> <span class='ocrx_word' id='word_1_603' title='bbox 1251 4901 1306 4948; x_wconf 90' lang='lat' dir='ltr'><strong>et</strong></span> <span class='ocrx_word' id='word_1_604' title='bbox 1338 4893 1562 4962; x_wconf 84' lang='lat' dir='ltr'><strong>perdam</strong></span> <span class='ocrx_word' id='word_1_605' title='bbox 1604 4910 1791 4952; x_wconf 90' lang='lat' dir='ltr'><strong>semen</strong></span> <span class='ocrx_word' id='word_1_606' title='bbox 1824 4902 2001 4960; x_wconf 88' lang='lat' dir='ltr'><strong>tuum,</strong></span> <span class='ocrx_word' id='word_1_607' title='bbox 2036 4905 2091 4953; x_wconf 88' lang='lat' dir='ltr'><strong>et</strong></span> 
     </span>
    </p>
   </div>
   <div class='ocr_carea' id='block_1_81' title="bbox 508 4980 2090 5053">
    <p class='ocr_par' dir='ltr' id='par_1_81' title="bbox 508 4980 2090 5053">
     <span class='ocr_line' id='line_1_82' title="bbox 508 4980 2090 5053; baseline 0.009 -21"><span class='ocrx_word' id='word_1_608' title='bbox 508 4993 699 5033; x_wconf 83' lang='lat' dir='ltr'><strong>semen</strong></span> <span class='ocrx_word' id='word_1_609' title='bbox 729 4980 924 5037; x_wconf 91' lang='lat' dir='ltr'><strong>domus</strong></span> <span class='ocrx_word' id='word_1_610' title='bbox 948 4985 1120 5053; x_wconf 87' lang='lat' dir='ltr'><strong>patris</strong></span> <span class='ocrx_word' id='word_1_611' title='bbox 1149 4985 1228 5038; x_wconf 86' lang='lat' dir='ltr'><strong>tui</strong></span> <span class='ocrx_word' id='word_1_612' title='bbox 1263 5004 1276 5040; x_wconf 88' lang='lat'>:</span> <span class='ocrx_word' id='word_1_613' title='bbox 1309 4995 1364 5041; x_wconf 93' lang='lat' dir='ltr'><strong>et</strong></span> <span class='ocrx_word' id='word_1_614' title='bbox 1393 5002 1500 5041; x_wconf 89' lang='lat' dir='ltr'><strong>non</strong></span> <span class='ocrx_word' id='word_1_615' title='bbox 1535 4989 1640 5043; x_wconf 90' lang='lat' dir='ltr'><strong>erit</strong></span> <span class='ocrx_word' id='word_1_616' title='bbox 1663 5004 1828 5046; x_wconf 76' lang='lat' dir='ltr'><strong>senex</strong></span> <span class='ocrx_word' id='word_1_617' title='bbox 1848 4992 1900 5044; x_wconf 90' lang='lat' dir='ltr'><strong>in</strong></span> <span class='ocrx_word' id='word_1_618' title='bbox 1926 4988 2090 5046; x_wconf 89' lang='lat' dir='ltr'><strong>domo</strong></span> 
     </span>
    </p>
   </div>
   <div class='ocr_carea' id='block_1_82' title="bbox 509 5071 2086 5148">
    <p class='ocr_par' dir='ltr' id='par_1_82' title="bbox 509 5071 2086 5148">
     <span class='ocr_line' id='line_1_83' title="bbox 509 5071 2086 5148; baseline 0.009 -25"><span class='ocrx_word' id='word_1_619' title='bbox 509 5079 600 5123; x_wconf 85' lang='lat' dir='ltr'><strong>tua</strong></span> <span class='ocrx_word' id='word_1_620' title='bbox 626 5072 690 5125; x_wconf 73' lang='grc'><strong>⁸⁸.</strong></span> <span class='ocrx_word' id='word_1_621' title='bbox 728 5093 748 5125; x_wconf 74' lang='grc' dir='ltr'><strong>ι</strong></span> <span class='ocrx_word' id='word_1_622' title='bbox 789 5071 912 5129; x_wconf 56' lang='lat' dir='ltr'><strong>[late</strong></span> <span class='ocrx_word' id='word_1_623' title='bbox 943 5083 1233 5146; x_wconf 89' lang='lat' dir='ltr'><strong>postquam</strong></span> <span class='ocrx_word' id='word_1_624' title='bbox 1292 5077 1362 5133; x_wconf 88' lang='lat' dir='ltr'><strong>ad</strong></span> <span class='ocrx_word' id='word_1_625' title='bbox 1410 5077 1529 5134; x_wconf 87' lang='lat' dir='ltr'><strong>Heli</strong></span> <span class='ocrx_word' id='word_1_626' title='bbox 1581 5080 1718 5136; x_wconf 76' lang='lat' dir='ltr'><strong>dixit</strong></span> <span class='ocrx_word' id='word_1_627' title='bbox 1776 5081 2086 5148; x_wconf 87' lang='lat' dir='ltr'><strong>oraculum,</strong></span> 
     </span>
    </p>
   </div>
   <div class='ocr_carea' id='block_1_83' title="bbox 507 5166 2086 5247">
    <p class='ocr_par' dir='ltr' id='par_1_83' title="bbox 507 5166 2086 5247">
     <span class='ocr_line' id='line_1_84' title="bbox 507 5166 2086 5247; baseline 0.009 -29"><span class='ocrx_word' id='word_1_628' title='bbox 507 5172 705 5234; x_wconf 80' lang='lat' dir='ltr'><strong>praeter</strong></span> <span class='ocrx_word' id='word_1_629' title='bbox 733 5166 840 5220; x_wconf 85' lang='lat' dir='ltr'><strong>alia</strong></span> <span class='ocrx_word' id='word_1_630' title='bbox 875 5171 1157 5235; x_wconf 91' lang='lat' dir='ltr'><strong>nonnulla,</strong></span> <span class='ocrx_word' id='word_1_631' title='bbox 1192 5173 1310 5228; x_wconf 73' lang='lat' dir='ltr'><strong>haec</strong></span> <span class='ocrx_word' id='word_1_632' title='bbox 1336 5173 1497 5229; x_wconf 88' lang='lat' dir='ltr'><strong>etiam</strong></span> <span class='ocrx_word' id='word_1_633' title='bbox 1534 5174 1807 5247; x_wconf 87' lang='lat' dir='ltr'><strong>adjungit,</strong></span> <span class='ocrx_word' id='word_1_634' title='bbox 1842 5177 2032 5232; x_wconf 85' lang='lat' dir='ltr'><strong>dicens</strong></span> <span class='ocrx_word' id='word_1_635' title='bbox 2069 5191 2086 5233; x_wconf 89' lang='lat'><strong>:</strong></span> 
     </span>
    </p>
   </div>
   <div class='ocr_carea' id='block_1_84' title="bbox 511 5254 2087 5340">
    <p class='ocr_par' dir='ltr' id='par_1_84' title="bbox 511 5254 2087 5340">
     <span class='ocr_line' id='line_1_85' title="bbox 511 5254 2087 5340; baseline 0.011 -33"><span class='ocrx_word' id='word_1_636' title='bbox 511 5273 533 5307; x_wconf 71' lang='grc' dir='ltr'><strong>ι</strong></span> <span class='ocrx_word' id='word_1_637' title='bbox 581 5254 647 5309; x_wconf 83' lang='grc' dir='ltr'>Ει</span> <span class='ocrx_word' id='word_1_638' title='bbox 676 5258 957 5314; x_wconf 88' lang='lat' dir='ltr'><strong>suscitabo</strong></span> <span class='ocrx_word' id='word_1_639' title='bbox 1012 5262 1146 5323; x_wconf 88' lang='lat' dir='ltr'><strong>mihi</strong></span> <span class='ocrx_word' id='word_1_640' title='bbox 1188 5264 1294 5334; x_wconf 90' lang='lat' dir='ltr'><strong>ipsi</strong></span> <span class='ocrx_word' id='word_1_641' title='bbox 1340 5267 1682 5322; x_wconf 85' lang='lat' dir='ltr'><strong>sacerdotem</strong></span> <span class='ocrx_word' id='word_1_642' title='bbox 1722 5267 1954 5334; x_wconf 90' lang='lat' dir='ltr'><strong>ﬁdelem,</strong></span> <span class='ocrx_word' id='word_1_643' title='bbox 1992 5271 2087 5340; x_wconf 91' lang='lat' dir='ltr'><strong>qui</strong></span> 
     </span>
    </p>
   </div>
   <div class='ocr_carea' id='block_1_85' title="bbox 505 5347 2088 5424">
    <p class='ocr_par' dir='ltr' id='par_1_85' title="bbox 505 5347 2088 5424">
     <span class='ocr_line' id='line_1_86' title="bbox 505 5347 2088 5424; baseline 0.008 -24"><span class='ocrx_word' id='word_1_644' title='bbox 505 5347 691 5400; x_wconf 88' lang='lat' dir='ltr'><strong>omnia</strong></span> <span class='ocrx_word' id='word_1_645' title='bbox 716 5348 872 5418; x_wconf 85' lang='lat' dir='ltr'><strong>juxta</strong></span> <span class='ocrx_word' id='word_1_646' title='bbox 902 5365 1000 5404; x_wconf 89' lang='lat' dir='ltr'><strong>cor</strong></span> <span class='ocrx_word' id='word_1_647' title='bbox 1032 5367 1212 5408; x_wconf 88' lang='lat' dir='ltr'><strong>meum</strong></span> <span class='ocrx_word' id='word_1_648' title='bbox 1247 5362 1302 5409; x_wconf 87' lang='lat' dir='ltr'><strong>et</strong></span> <span class='ocrx_word' id='word_1_649' title='bbox 1330 5357 1566 5410; x_wconf 89' lang='lat' dir='ltr'><strong>animam</strong></span> <span class='ocrx_word' id='word_1_650' title='bbox 1598 5372 1772 5412; x_wconf 90' lang='lat' dir='ltr'><strong>meam</strong></span> <span class='ocrx_word' id='word_1_651' title='bbox 1812 5357 1998 5424; x_wconf 74' lang='lat' dir='ltr'><strong>faciet,</strong></span> <span class='ocrx_word' id='word_1_652' title='bbox 2032 5364 2088 5414; x_wconf 91' lang='lat' dir='ltr'><strong>et</strong></span> 
     </span>
    </p>
   </div>
   <div class='ocr_carea' id='block_1_86' title="bbox 505 5439 2086 5521">
    <p class='ocr_par' dir='ltr' id='par_1_86' title="bbox 505 5439 2086 5521">
     <span class='ocr_line' id='line_1_87' title="bbox 505 5439 2086 5521; baseline 0.009 -30"><span class='ocrx_word' id='word_1_653' title='bbox 505 5439 786 5494; x_wconf 60' lang='lat' dir='ltr'><strong>aediﬁcabo</strong></span> <span class='ocrx_word' id='word_1_654' title='bbox 815 5440 891 5495; x_wconf 91' lang='lat' dir='ltr'><strong>illi</strong></span> <span class='ocrx_word' id='word_1_655' title='bbox 917 5443 1140 5498; x_wconf 91' lang='lat' dir='ltr'><strong>domum</strong></span> <span class='ocrx_word' id='word_1_656' title='bbox 1177 5445 1413 5514; x_wconf 90' lang='lat' dir='ltr'><strong>ﬁdelem,</strong></span> <span class='ocrx_word' id='word_1_657' title='bbox 1447 5457 1501 5504; x_wconf 90' lang='lat' dir='ltr'><strong>et</strong></span> <span class='ocrx_word' id='word_1_658' title='bbox 1528 5450 1864 5521; x_wconf 81' lang='lat' dir='ltr'><strong>ingredietur</strong></span> <span class='ocrx_word' id='word_1_659' title='bbox 1897 5465 2086 5505; x_wconf 86' lang='lat' dir='ltr'><strong>coram</strong></span> 
     </span>
    </p>
   </div>
   <div class='ocr_carea' id='block_1_87' title="bbox 502 5530 2088 5598">
    <p class='ocr_par' dir='ltr' id='par_1_87' title="bbox 502 5530 2088 5598">
     <span class='ocr_line' id='line_1_88' title="bbox 502 5530 2088 5598; baseline 0.009 -14"><span class='ocrx_word' id='word_1_660' title='bbox 502 5530 726 5585; x_wconf 83' lang='lat' dir='ltr'><strong>Christo</strong></span> <span class='ocrx_word' id='word_1_661' title='bbox 755 5547 875 5587; x_wconf 90' lang='lat' dir='ltr'><strong>meo</strong></span> <span class='ocrx_word' id='word_1_662' title='bbox 906 5548 1098 5591; x_wconf 86' lang='lat' dir='ltr'><strong>omnes</strong></span> <span class='ocrx_word' id='word_1_663' title='bbox 1126 5536 1243 5595; x_wconf 90' lang='lat' dir='ltr'><strong>dies</strong></span> <span class='ocrx_word' id='word_1_664' title='bbox 1287 5538 1353 5594; x_wconf 66' lang='lat'><strong>‘9.</strong></span> <span class='ocrx_word' id='word_1_665' title='bbox 1399 5559 1418 5594; x_wconf 74' lang='grc' dir='ltr'><strong>ι</strong></span> <span class='ocrx_word' id='word_1_666' title='bbox 1458 5539 1594 5596; x_wconf 91' lang='lat' dir='ltr'><strong>Cum</strong></span> <span class='ocrx_word' id='word_1_667' title='bbox 1635 5543 1992 5598; x_wconf 90' lang='lat' dir='ltr'><strong>mutationem</strong></span> <span class='ocrx_word' id='word_1_668' title='bbox 2023 5555 2088 5598; x_wconf 90' lang='lat' dir='ltr'><strong>ac</strong></span> 
     </span>
    </p>
   </div>
   <div class='ocr_carea' id='block_1_88' title="bbox 509 5625 2090 5706">
    <p class='ocr_par' dir='ltr' id='par_1_88' title="bbox 509 5625 2090 5706">
     <span class='ocr_line' id='line_1_89' title="bbox 509 5625 2090 5706; baseline 0.006 -26"><span class='ocrx_word' id='word_1_669' title='bbox 509 5625 862 5696; x_wconf 83' lang='lat' dir='ltr'><strong>rejectionem</strong></span> <span class='ocrx_word' id='word_1_670' title='bbox 890 5627 960 5685; x_wconf 92' lang='lat' dir='ltr'><strong>iis</strong></span> <span class='ocrx_word' id='word_1_671' title='bbox 985 5629 1078 5700; x_wconf 89' lang='lat' dir='ltr'><strong>qui</strong></span> <span class='ocrx_word' id='word_1_672' title='bbox 1108 5645 1217 5686; x_wconf 89' lang='lat' dir='ltr'><strong>non</strong></span> <span class='ocrx_word' id='word_1_673' title='bbox 1244 5642 1392 5689; x_wconf 75' lang='lat' dir='ltr'><strong>reeta</strong></span> <span class='ocrx_word' id='word_1_674' title='bbox 1419 5635 1632 5690; x_wconf 85' lang='lat' dir='ltr'><strong>ratione</strong></span> <span class='ocrx_word' id='word_1_675' title='bbox 1655 5642 1971 5706; x_wconf 87' lang='lat' dir='ltr'><strong>operentur,</strong></span> <span class='ocrx_word' id='word_1_676' title='bbox 2003 5634 2058 5689; x_wconf 92' lang='lat' dir='ltr'><strong>di</strong></span> <span class='ocrx_word' id='word_1_677' title='bbox 2075 5663 2090 5675; x_wconf 88' lang='lat'><strong>-</strong></span> 
     </span>
    </p>
   </div>
   <div class='ocr_carea' id='block_1_89' title="bbox 2129 4546 2176 4607">
    <p class='ocr_par' dir='ltr' id='par_1_89' title="bbox 2129 4546 2176 4607">
     <span class='ocr_line' id='line_1_90' title="bbox 2129 4546 2176 4607; baseline 0 0"><span class='ocrx_word' id='word_1_678' title='bbox 2129 4546 2176 4607; x_wconf 79' lang='grc' dir='ltr'>ι)</span> 
     </span>
    </p>
   </div>
   <div class='ocr_carea' id='block_1_90' title="bbox 2209 3274 3798 3350">
    <p class='ocr_par' dir='ltr' id='par_1_90' title="bbox 2209 3274 3798 3350">
     <span class='ocr_line' id='line_1_91' title="bbox 2209 3274 3798 3350; baseline -0.001 -20"><span class='ocrx_word' id='word_1_679' title='bbox 2209 3276 2350 3349; x_wconf 84' lang='grc' dir='ltr'><strong>μετά</strong></span> <span class='ocrx_word' id='word_1_680' title='bbox 2385 3277 2556 3331; x_wconf 89' lang='grc' dir='ltr'>ταῦτα</span> <span class='ocrx_word' id='word_1_681' title='bbox 2589 3276 2961 3350; x_wconf 83' lang='grc' dir='ltr'>γενησομένην</span> <span class='ocrx_word' id='word_1_682' title='bbox 2990 3274 3156 3330; x_wconf 78' lang='grc' dir='ltr'>αὐτοῦ</span> <span class='ocrx_word' id='word_1_683' title='bbox 3183 3274 3326 3329; x_wconf 87' lang='grc' dir='ltr'><strong>κατά</strong></span> <span class='ocrx_word' id='word_1_684' title='bbox 3362 3275 3582 3329; x_wconf 80' lang='grc' dir='ltr'>πάντων</span> <span class='ocrx_word' id='word_1_685' title='bbox 3614 3274 3798 3347; x_wconf 82' lang='grc' dir='ltr'>κρίσιν</span> 
     </span>
    </p>
   </div>
   <div class='ocr_carea' id='block_1_91' title="bbox 2203 3364 3800 3444">
    <p class='ocr_par' dir='ltr' id='par_1_91' title="bbox 2203 3364 3800 3444">
     <span class='ocr_line' id='line_1_92' title="bbox 2203 3364 3800 3444; baseline -0.004 -20"><span class='ocrx_word' id='word_1_686' title='bbox 2203 3374 2237 3444; x_wconf 82' lang='grc' dir='ltr'>ἡ</span> <span class='ocrx_word' id='word_1_687' title='bbox 2273 3371 2391 3425; x_wconf 79' lang='grc' dir='ltr'>θεία</span> <span class='ocrx_word' id='word_1_688' title='bbox 2409 3372 2600 3444; x_wconf 81' lang='grc' dir='ltr'>Γραφὴ</span> <span class='ocrx_word' id='word_1_689' title='bbox 2635 3371 2898 3435; x_wconf 71' lang='grc' dir='ltr'>θεσπίζει.</span> <span class='ocrx_word' id='word_1_690' title='bbox 2934 3367 3091 3440; x_wconf 82' lang='grc' dir='ltr'><strong>Ἑξῆς</strong></span> <span class='ocrx_word' id='word_1_691' title='bbox 3116 3368 3175 3422; x_wconf 79' lang='grc' dir='ltr'>δὲ</span> <span class='ocrx_word' id='word_1_692' title='bbox 3200 3366 3410 3430; x_wconf 82' lang='grc' dir='ltr'>τούτοις</span> <span class='ocrx_word' id='word_1_693' title='bbox 3441 3367 3603 3430; x_wconf 78' lang='grc' dir='ltr'>αὐτὸς</span> <span class='ocrx_word' id='word_1_694' title='bbox 3626 3367 3654 3418; x_wconf 92' lang='grc' dir='ltr'><strong>ό</strong></span> <span class='ocrx_word' id='word_1_695' title='bbox 3685 3364 3800 3418; x_wconf 88' lang='grc' dir='ltr'><strong>Κύ-</strong></span> 
     </span>
    </p>
   </div>
   <div class='ocr_carea' id='block_1_92' title="bbox 2208 3451 3798 3539">
    <p class='ocr_par' dir='ltr' id='par_1_92' title="bbox 2208 3451 3798 3539">
     <span class='ocr_line' id='line_1_93' title="bbox 2208 3451 3798 3539; baseline -0.004 -20"><span class='ocrx_word' id='word_1_696' title='bbox 2208 3483 2324 3539; x_wconf 89' lang='grc' dir='ltr'>ριος</span> <span class='ocrx_word' id='word_1_697' title='bbox 2344 3463 2536 3520; x_wconf 84' lang='grc' dir='ltr'>δώσειν</span> <span class='ocrx_word' id='word_1_698' title='bbox 2571 3465 2724 3536; x_wconf 73' lang='grc' dir='ltr'>ἰσχὺν</span> <span class='ocrx_word' id='word_1_699' title='bbox 2756 3463 2972 3532; x_wconf 87' lang='grc' dir='ltr'>λέγεται</span> <span class='ocrx_word' id='word_1_700' title='bbox 2998 3465 3111 3527; x_wconf 86' lang='grc' dir='ltr'>τοῖς</span> <span class='ocrx_word' id='word_1_701' title='bbox 3147 3459 3456 3531; x_wconf 86' lang='grc' dir='ltr'>βασιλεῦσιν</span> <span class='ocrx_word' id='word_1_702' title='bbox 3488 3459 3664 3530; x_wconf 85' lang='grc' dir='ltr'>ήμῶν.</span> <span class='ocrx_word' id='word_1_703' title='bbox 3692 3451 3798 3514; x_wconf 77' lang='grc' dir='ltr'><strong>Οὗ-</strong></span> 
     </span>
    </p>
   </div>
   <div class='ocr_carea' id='block_1_93' title="bbox 2203 3542 3797 3623">
    <p class='ocr_par' dir='ltr' id='par_1_93' title="bbox 2203 3542 3797 3623">
     <span class='ocr_line' id='line_1_94' title="bbox 2203 3542 3797 3623; baseline -0.007 -11"><span class='ocrx_word' id='word_1_704' title='bbox 2203 3576 2286 3612; x_wconf 90' lang='grc' dir='ltr'><strong>τοι</strong></span> <span class='ocrx_word' id='word_1_705' title='bbox 2317 3557 2361 3610; x_wconf 77' lang='grc' dir='ltr'>δ’</span> <span class='ocrx_word' id='word_1_706' title='bbox 2391 3557 2456 3611; x_wconf 85' lang='grc' dir='ltr'>ἂν</span> <span class='ocrx_word' id='word_1_707' title='bbox 2477 3553 2586 3610; x_wconf 78' lang='grc' dir='ltr'>εἷεν</span> <span class='ocrx_word' id='word_1_708' title='bbox 2609 3558 2658 3608; x_wconf 88' lang='grc' dir='ltr'><strong>οἱ</strong></span> <span class='ocrx_word' id='word_1_709' title='bbox 2678 3553 2965 3609; x_wconf 85' lang='grc' dir='ltr'>ἀπόστολοι</span> <span class='ocrx_word' id='word_1_710' title='bbox 2995 3553 3091 3606; x_wconf 88' lang='grc' dir='ltr'><strong>τοῦ</strong></span> <span class='ocrx_word' id='word_1_711' title='bbox 3109 3549 3370 3623; x_wconf 82' lang='grc' dir='ltr'>Χριστοῦ,</span> <span class='ocrx_word' id='word_1_712' title='bbox 3404 3550 3532 3622; x_wconf 77' lang='grc' dir='ltr'>περὶ</span> <span class='ocrx_word' id='word_1_713' title='bbox 3557 3542 3632 3603; x_wconf 81' lang='grc' dir='ltr'>ὧν</span> <span class='ocrx_word' id='word_1_714' title='bbox 3652 3547 3797 3620; x_wconf 79' lang='grc' dir='ltr'>ἔχεις</span> 
     </span>
    </p>
   </div>
   <div class='ocr_carea' id='block_1_94' title="bbox 2205 3641 3797 3719">
    <p class='ocr_par' dir='ltr' id='par_1_94' title="bbox 2205 3641 3797 3719">
     <span class='ocr_line' id='line_1_95' title="bbox 2205 3641 3797 3719; baseline -0.006 -17"><span class='ocrx_word' id='word_1_715' title='bbox 2205 3651 2264 3702; x_wconf 84' lang='grc' dir='ltr'><strong>έν</strong></span> <span class='ocrx_word' id='word_1_716' title='bbox 2305 3645 2380 3714; x_wconf 77' lang='grc' dir='ltr'><strong>ξζ¹</strong></span> <span class='ocrx_word' id='word_1_717' title='bbox 2406 3646 2606 3719; x_wconf 76' lang='grc' dir='ltr'>ψαλμῷ</span> <span class='ocrx_word' id='word_1_718' title='bbox 2631 3647 2712 3711; x_wconf 88' lang='grc' dir='ltr'>τὸ,</span> <span class='ocrx_word' id='word_1_719' title='bbox 2744 3665 2763 3698; x_wconf 73' lang='grc' dir='ltr'><strong>ι</strong></span> <span class='ocrx_word' id='word_1_720' title='bbox 2798 3645 3004 3717; x_wconf 85' lang='grc' dir='ltr'>Κύριος</span> <span class='ocrx_word' id='word_1_721' title='bbox 3032 3642 3192 3698; x_wconf 81' lang='grc' dir='ltr'>δώσει</span> <span class='ocrx_word' id='word_1_722' title='bbox 3229 3643 3382 3716; x_wconf 79' lang='grc' dir='ltr'>ῥῆμα</span> <span class='ocrx_word' id='word_1_723' title='bbox 3420 3643 3534 3704; x_wconf 88' lang='grc' dir='ltr'>τοῖς</span> <span class='ocrx_word' id='word_1_724' title='bbox 3567 3641 3797 3709; x_wconf 78' lang='grc' dir='ltr'>εὐαγγε-</span> 
     </span>
    </p>
   </div>
   <div class='ocr_carea' id='block_1_95' title="bbox 2203 3734 3794 3814">
    <p class='ocr_par' dir='ltr' id='par_1_95' title="bbox 2203 3734 3794 3814">
     <span class='ocr_line' id='line_1_96' title="bbox 2203 3734 3794 3814; baseline -0.005 -18"><span class='ocrx_word' id='word_1_725' title='bbox 2203 3742 2506 3814; x_wconf 78' lang='grc' dir='ltr'>λιζομένοις</span> <span class='ocrx_word' id='word_1_726' title='bbox 2543 3741 2769 3812; x_wconf 84' lang='grc' dir='ltr'>δυνάμει</span> <span class='ocrx_word' id='word_1_727' title='bbox 2816 3739 3007 3811; x_wconf 84' lang='grc' dir='ltr'>πολλῇ.</span> <span class='ocrx_word' id='word_1_728' title='bbox 3041 3758 3060 3790; x_wconf 76' lang='grc' dir='ltr'><strong>ι</strong></span> <span class='ocrx_word' id='word_1_729' title='bbox 3098 3739 3219 3794; x_wconf 83' lang='grc' dir='ltr'><strong>Κάν</strong></span> <span class='ocrx_word' id='word_1_730' title='bbox 3251 3737 3430 3807; x_wconf 85' lang='grc' dir='ltr'>τούτῳ</span> <span class='ocrx_word' id='word_1_731' title='bbox 3466 3735 3524 3790; x_wconf 78' lang='grc' dir='ltr'>δὲ</span> <span class='ocrx_word' id='word_1_732' title='bbox 3555 3734 3794 3808; x_wconf 89' lang='grc' dir='ltr'>Χριστοῦ</span> 
     </span>
    </p>
   </div>
   <div class='ocr_carea' id='block_1_96' title="bbox 2202 3828 3795 3908">
    <p class='ocr_par' dir='ltr' id='par_1_96' title="bbox 2202 3828 3795 3908">
     <span class='ocr_line' id='line_1_97' title="bbox 2202 3828 3795 3908; baseline -0.005 -18"><span class='ocrx_word' id='word_1_733' title='bbox 2202 3835 2464 3908; x_wconf 74' lang='grc' dir='ltr'>ὀνομαστὶ</span> <span class='ocrx_word' id='word_1_734' title='bbox 2509 3833 2855 3906; x_wconf 84' lang='grc' dir='ltr'>μνημονεύει,</span> <span class='ocrx_word' id='word_1_735' title='bbox 2906 3831 3002 3886; x_wconf 89' lang='grc' dir='ltr'><strong>τοῦ</strong></span> <span class='ocrx_word' id='word_1_736' title='bbox 3033 3829 3178 3886; x_wconf 87' lang='grc' dir='ltr'><strong>κατά</strong></span> <span class='ocrx_word' id='word_1_737' title='bbox 3203 3829 3294 3884; x_wconf 84' lang='grc' dir='ltr'>τὸν</span> <span class='ocrx_word' id='word_1_738' title='bbox 3326 3828 3613 3900; x_wconf 78' lang='grc' dir='ltr'>ἄνθρωπον</span> <span class='ocrx_word' id='word_1_739' title='bbox 3645 3844 3795 3884; x_wconf 85' lang='grc' dir='ltr'>νοου-</span> 
     </span>
    </p>
   </div>
   <div class='ocr_carea' id='block_1_97' title="bbox 2206 3915 3793 3998">
    <p class='ocr_par' dir='ltr' id='par_1_97' title="bbox 2206 3915 3793 3998">
     <span class='ocr_line' id='line_1_98' title="bbox 2206 3915 3793 3998; baseline -0.006 -19"><span class='ocrx_word' id='word_1_740' title='bbox 2206 3925 2368 3998; x_wconf 89' lang='grc' dir='ltr'>μένου</span> <span class='ocrx_word' id='word_1_741' title='bbox 2405 3927 2656 3998; x_wconf 81' lang='grc' dir='ltr'>Σωτῆρος</span> <span class='ocrx_word' id='word_1_742' title='bbox 2680 3923 2860 3996; x_wconf 82' lang='grc' dir='ltr'>ήμῶν,</span> <span class='ocrx_word' id='word_1_743' title='bbox 2921 3915 2982 3976; x_wconf 78' lang='grc' dir='ltr'>οὗ</span> <span class='ocrx_word' id='word_1_744' title='bbox 3045 3922 3107 3976; x_wconf 80' lang='grc' dir='ltr'>τὸ</span> <span class='ocrx_word' id='word_1_745' title='bbox 3140 3920 3310 3993; x_wconf 85' lang='grc' dir='ltr'>κέρας</span> <span class='ocrx_word' id='word_1_746' title='bbox 3363 3919 3528 3990; x_wconf 83' lang='grc' dir='ltr'>φησὶν</span> <span class='ocrx_word' id='word_1_747' title='bbox 3570 3917 3793 3991; x_wconf 81' lang='grc' dir='ltr'>ὑψωθή-</span> 
     </span>
    </p>
   </div>
   <div class='ocr_carea' id='block_1_98' title="bbox 2204 4009 3793 4088">
    <p class='ocr_par' dir='ltr' id='par_1_98' title="bbox 2204 4009 3793 4088">
     <span class='ocr_line' id='line_1_99' title="bbox 2204 4009 3793 4088; baseline -0.003 -19"><span class='ocrx_word' id='word_1_748' title='bbox 2204 4017 2413 4082; x_wconf 89' lang='grc' dir='ltr'>σεσθαι,</span> <span class='ocrx_word' id='word_1_749' title='bbox 2447 4017 2546 4088; x_wconf 84' lang='grc' dir='ltr'>τὴν</span> <span class='ocrx_word' id='word_1_750' title='bbox 2572 4017 2630 4070; x_wconf 81' lang='grc' dir='ltr'>ἐν</span> <span class='ocrx_word' id='word_1_751' title='bbox 2660 4015 2810 4086; x_wconf 81' lang='grc' dir='ltr'>αὐτῷ</span> <span class='ocrx_word' id='word_1_752' title='bbox 2838 4014 3071 4086; x_wconf 90' lang='grc' dir='ltr'>ἀόρατον</span> <span class='ocrx_word' id='word_1_753' title='bbox 3102 4012 3352 4084; x_wconf 85' lang='grc' dir='ltr'>δύναμιν,</span> <span class='ocrx_word' id='word_1_754' title='bbox 3385 4010 3480 4064; x_wconf 74' lang='grc' dir='ltr'>καὶ</span> <span class='ocrx_word' id='word_1_755' title='bbox 3507 4011 3608 4082; x_wconf 83' lang='grc' dir='ltr'>τὴν</span> <span class='ocrx_word' id='word_1_756' title='bbox 3635 4009 3793 4081; x_wconf 89' lang='grc' dir='ltr'>βασι-</span> 
     </span>
    </p>
   </div>
   <div class='ocr_carea' id='block_1_99' title="bbox 2201 4104 3793 4180">
    <p class='ocr_par' dir='ltr' id='par_1_99' title="bbox 2201 4104 3793 4180">
     <span class='ocr_line' id='line_1_100' title="bbox 2201 4104 3793 4180; baseline -0.003 -18"><span class='ocrx_word' id='word_1_757' title='bbox 2201 4107 2352 4162; x_wconf 85' lang='grc' dir='ltr'>λείαν</span> <span class='ocrx_word' id='word_1_758' title='bbox 2407 4107 2574 4167; x_wconf 76' lang='grc' dir='ltr'>αὐτοῦ</span> <span class='ocrx_word' id='word_1_759' title='bbox 2622 4107 2818 4180; x_wconf 84' lang='grc' dir='ltr'>δηλῶν.</span> <span class='ocrx_word' id='word_1_760' title='bbox 2845 4106 3007 4170; x_wconf 86' lang='grc' dir='ltr'>’Ἐθος</span> <span class='ocrx_word' id='word_1_761' title='bbox 3036 4105 3169 4174; x_wconf 86' lang='grc' dir='ltr'>γοῦν</span> <span class='ocrx_word' id='word_1_762' title='bbox 3195 4107 3261 4176; x_wconf 81' lang='grc' dir='ltr'><strong>τῇ</strong></span> <span class='ocrx_word' id='word_1_763' title='bbox 3291 4105 3483 4176; x_wconf 81' lang='grc' dir='ltr'>Γραφῇ</span> <span class='ocrx_word' id='word_1_764' title='bbox 3510 4104 3611 4176; x_wconf 81' lang='grc' dir='ltr'>τὴν</span> <span class='ocrx_word' id='word_1_765' title='bbox 3635 4104 3793 4175; x_wconf 82' lang='grc' dir='ltr'>βασι-</span> 
     </span>
    </p>
   </div>
   <div class='ocr_carea' id='block_1_100' title="bbox 2199 4197 3793 4275">
    <p class='ocr_par' dir='ltr' id='par_1_100' title="bbox 2199 4197 3793 4275">
     <span class='ocr_line' id='line_1_101' title="bbox 2199 4197 3793 4275; baseline -0.003 -19"><span class='ocrx_word' id='word_1_766' title='bbox 2199 4201 2352 4258; x_wconf 79' lang='grc' dir='ltr'>λείαν</span> <span class='ocrx_word' id='word_1_767' title='bbox 2373 4202 2542 4275; x_wconf 87' lang='grc' dir='ltr'>κέρας</span> <span class='ocrx_word' id='word_1_768' title='bbox 2561 4201 2866 4273; x_wconf 82' lang='grc' dir='ltr'>ὀνομάζειν.</span> <span class='ocrx_word' id='word_1_769' title='bbox 2889 4201 3083 4254; x_wconf 83' lang='grc' dir='ltr'>Κεῖται</span> <span class='ocrx_word' id='word_1_770' title='bbox 3110 4199 3167 4254; x_wconf 85' lang='grc' dir='ltr'>δὲ</span> <span class='ocrx_word' id='word_1_771' title='bbox 3191 4200 3285 4253; x_wconf 74' lang='grc' dir='ltr'>καὶ</span> <span class='ocrx_word' id='word_1_772' title='bbox 3300 4199 3358 4253; x_wconf 78' lang='grc' dir='ltr'>ἐν</span> <span class='ocrx_word' id='word_1_773' title='bbox 3380 4198 3459 4270; x_wconf 85' lang='grc' dir='ltr'>τῷ</span> <span class='ocrx_word' id='word_1_774' title='bbox 3481 4206 3574 4272; x_wconf 61' lang='lat' dir='ltr'><strong>mf</strong></span> <span class='ocrx_word' id='word_1_775' title='bbox 3591 4197 3793 4272; x_wconf 80' lang='grc' dir='ltr'>ψαλμῷ</span> 
     </span>
    </p>
   </div>
   <div class='ocr_carea' id='block_1_101' title="bbox 2200 4292 3794 4370">
    <p class='ocr_par' dir='ltr' id='par_1_101' title="bbox 2200 4292 3794 4370">
     <span class='ocr_line' id='line_1_102' title="bbox 2200 4292 3794 4370; baseline -0.003 -20"><span class='ocrx_word' id='word_1_776' title='bbox 2200 4296 2283 4363; x_wconf 78' lang='grc' dir='ltr'>τὸ,</span> <span class='ocrx_word' id='word_1_777' title='bbox 2319 4316 2339 4349; x_wconf 85' lang='grc'><strong>‹</strong></span> <span class='ocrx_word' id='word_1_778' title='bbox 2375 4297 2488 4351; x_wconf 83' lang='lat' dir='ltr'><strong>Kal</strong></span> <span class='ocrx_word' id='word_1_779' title='bbox 2534 4297 2592 4351; x_wconf 84' lang='grc' dir='ltr'><strong>έν</strong></span> <span class='ocrx_word' id='word_1_780' title='bbox 2634 4295 2718 4370; x_wconf 82' lang='grc' dir='ltr'>τῷ</span> <span class='ocrx_word' id='word_1_781' title='bbox 2742 4293 2965 4366; x_wconf 83' lang='grc' dir='ltr'>ὀνόματι</span> <span class='ocrx_word' id='word_1_782' title='bbox 3005 4311 3108 4366; x_wconf 87' lang='grc' dir='ltr'><strong>μου</strong></span> <span class='ocrx_word' id='word_1_783' title='bbox 3155 4292 3501 4356; x_wconf 74' lang='grc' dir='ltr'>ὑψωθήσεται</span> <span class='ocrx_word' id='word_1_784' title='bbox 3531 4293 3594 4347; x_wconf 81' lang='grc' dir='ltr'>τὸ</span> <span class='ocrx_word' id='word_1_785' title='bbox 3624 4292 3794 4363; x_wconf 84' lang='grc' dir='ltr'>κέρας</span> 
     </span>
    </p>
   </div>
   <div class='ocr_carea' id='block_1_102' title="bbox 2201 4387 2388 4442">
    <p class='ocr_par' dir='ltr' id='par_1_102' title="bbox 2201 4387 2388 4442">
     <span class='ocr_line' id='line_1_103' title="bbox 2201 4387 2388 4442; baseline 0.005 -2"><span class='ocrx_word' id='word_1_786' title='bbox 2201 4387 2388 4442; x_wconf 81' lang='grc' dir='ltr'>αὐτοῦ.</span> 
     </span>
    </p>
   </div>
   <div class='ocr_carea' id='block_1_103' title="bbox 2215 4497 3789 4571">
    <p class='ocr_par' dir='ltr' id='par_1_103' title="bbox 2215 4497 3789 4571">
     <span class='ocr_line' id='line_1_104' title="bbox 2215 4497 3789 4571; baseline -0.001 -14"><span class='ocrx_word' id='word_1_787' title='bbox 2215 4502 2348 4558; x_wconf 80' lang='grc' dir='ltr'><strong>Ἀπὸ</strong></span> <span class='ocrx_word' id='word_1_788' title='bbox 2375 4501 2485 4568; x_wconf 82' lang='grc' dir='ltr'>τῆς</span> <span class='ocrx_word' id='word_1_789' title='bbox 2506 4501 2742 4571; x_wconf 82' lang='grc' dir='ltr'>πρώτης</span> <span class='ocrx_word' id='word_1_790' title='bbox 2761 4499 2880 4556; x_wconf 78' lang='grc' dir='ltr'><strong>τῶν</strong></span> <span class='ocrx_word' id='word_1_791' title='bbox 2898 4497 3248 4555; x_wconf 56' lang='grc' dir='ltr'>Βασιλειῶν.</span> <span class='ocrx_word' id='word_1_792' title='bbox 3266 4531 3336 4540; x_wconf 94' lang='grc'><strong>-</strong></span> <span class='ocrx_word' id='word_1_793' title='bbox 3367 4501 3622 4568; x_wconf 80' lang='grc' dir='ltr'>Χριστὸς</span> <span class='ocrx_word' id='word_1_794' title='bbox 3653 4503 3789 4555; x_wconf 79' lang='grc' dir='ltr'><strong>ὀνο-</strong></span> 
     </span>
    </p>
   </div>
   <div class='ocr_carea' id='block_1_104' title="bbox 2263 4571 3791 4711">
    <p class='ocr_par' dir='ltr' id='par_1_104' title="bbox 2263 4571 3791 4711">
     <span class='ocr_line' id='line_1_105' title="bbox 2263 4571 3791 4653; baseline -0.001 -26"><span class='ocrx_word' id='word_1_795' title='bbox 2263 4574 2453 4644; x_wconf 77' lang='grc' dir='ltr'>μαστὶ</span> <span class='ocrx_word' id='word_1_796' title='bbox 2473 4571 2642 4628; x_wconf 73' lang='grc' dir='ltr'>οἷκον</span> <span class='ocrx_word' id='word_1_797' title='bbox 2657 4573 2878 4627; x_wconf 75' lang='grc' dir='ltr'>πιστὸν</span> <span class='ocrx_word' id='word_1_798' title='bbox 2888 4571 3052 4653; x_wconf 63' lang='grc' dir='ltr'>παρα</span> <span class='ocrx_word' id='word_1_799' title='bbox 3077 4571 3184 4626; x_wconf 87' lang='grc' dir='ltr'><strong>τοῦ</strong></span> <span class='ocrx_word' id='word_1_800' title='bbox 3208 4573 3438 4639; x_wconf 81' lang='grc' dir='ltr'>Πατρός</span> <span class='ocrx_word' id='word_1_801' title='bbox 3466 4571 3791 4642; x_wconf 77' lang='grc' dir='ltr'>λαμϐάνων</span> 
     </span>
     <span class='ocr_line' id='line_1_106' title="bbox 2267 4643 3791 4711; baseline -0.002 -13"><span class='ocrx_word' id='word_1_802' title='bbox 2267 4644 2384 4711; x_wconf 79' lang='grc' dir='ltr'><strong>τὴν</strong></span> <span class='ocrx_word' id='word_1_803' title='bbox 2439 4645 2808 4711; x_wconf 77' lang='grc' dir='ltr'>Ἐκκλησίαν</span> <span class='ocrx_word' id='word_1_804' title='bbox 2865 4645 3055 4697; x_wconf 86' lang='grc' dir='ltr'>αὐτου</span> <span class='ocrx_word' id='word_1_805' title='bbox 3082 4682 3098 4706; x_wconf 91' lang='grc'><strong>,</strong></span> <span class='ocrx_word' id='word_1_806' title='bbox 3154 4643 3255 4695; x_wconf 76' lang='grc' dir='ltr'>καὶ</span> <span class='ocrx_word' id='word_1_807' title='bbox 3317 4643 3509 4710; x_wconf 71' lang='grc' dir='ltr'>ἱερεὺς</span> <span class='ocrx_word' id='word_1_808' title='bbox 3571 4645 3791 4709; x_wconf 80' lang='grc' dir='ltr'>πιστὸς</span> 
     </span>
    </p>
   </div>
   <div class='ocr_carea' id='block_1_105' title="bbox 2269 4661 3791 4786">
    <p class='ocr_par' dir='ltr' id='par_1_105' title="bbox 2269 4661 3791 4786">
     <span class='ocr_line' id='line_1_107' title="bbox 2269 4661 3791 4712; baseline -0.002 -14"><span class='ocrx_word' id='word_1_809' title='bbox 2269 4661 2384 4711; x_wconf 79' lang='grc' dir='ltr'><strong>την</strong></span> <span class='ocrx_word' id='word_1_810' title='bbox 2449 4661 2808 4712; x_wconf 60' lang='grc' dir='ltr'>ιικκκησιαν</span> <span class='ocrx_word' id='word_1_811' title='bbox 2865 4661 3055 4697; x_wconf 88' lang='grc' dir='ltr'>αυτου</span> <span class='ocrx_word' id='word_1_812' title='bbox 3082 4682 3098 4706; x_wconf 91' lang='grc'><strong>,</strong></span> <span class='ocrx_word' id='word_1_813' title='bbox 3154 4661 3255 4695; x_wconf 82' lang='grc' dir='ltr'><strong>και</strong></span> <span class='ocrx_word' id='word_1_814' title='bbox 3317 4661 3509 4710; x_wconf 83' lang='grc' dir='ltr'>ιερευς</span> <span class='ocrx_word' id='word_1_815' title='bbox 3571 4661 3791 4709; x_wconf 80' lang='grc' dir='ltr'>πιστος</span> 
     </span>
     <span class='ocr_line' id='line_1_108' title="bbox 2269 4711 3791 4786; baseline 0 -18"><span class='ocrx_word' id='word_1_816' title='bbox 2269 4714 2465 4769; x_wconf 78' lang='grc' dir='ltr'>πάντα</span> <span class='ocrx_word' id='word_1_817' title='bbox 2514 4715 2628 4786; x_wconf 66' lang='grc' dir='ltr'><strong>Δτὸν</strong></span> <span class='ocrx_word' id='word_1_818' title='bbox 2679 4717 2906 4785; x_wconf 74' lang='grc' dir='ltr'>χρόνον</span> <span class='ocrx_word' id='word_1_819' title='bbox 2951 4711 3062 4782; x_wconf 79' lang='grc' dir='ltr'>τῆς</span> <span class='ocrx_word' id='word_1_820' title='bbox 3106 4714 3474 4782; x_wconf 76' lang='grc' dir='ltr'>Ἐκκλησίας</span> <span class='ocrx_word' id='word_1_821' title='bbox 3523 4715 3791 4786; x_wconf 70' lang='grc' dir='ltr'>γνησίως</span> 
     </span>
    </p>
   </div>
   <div class='ocr_carea' id='block_1_106' title="bbox 2269 4783 2730 4854">
    <p class='ocr_par' dir='ltr' id='par_1_106' title="bbox 2269 4783 2730 4854">
     <span class='ocr_line' id='line_1_109' title="bbox 2269 4783 2730 4854; baseline 0.002 -16"><span class='ocrx_word' id='word_1_822' title='bbox 2269 4783 2730 4854; x_wconf 70' lang='grc' dir='ltr'>προϊστάμενος.</span> 
     </span>
    </p>
   </div>
   <div class='ocr_carea' id='block_1_107' title="bbox 2273 4896 3788 4970">
    <p class='ocr_par' dir='ltr' id='par_1_107' title="bbox 2273 4896 3788 4970">
     <span class='ocr_line' id='line_1_110' title="bbox 2273 4896 3788 4970; baseline 0.001 -20"><span class='ocrx_word' id='word_1_823' title='bbox 2273 4917 2292 4950; x_wconf 84' lang='grc'><strong><em>‹</em></strong></span> <span class='ocrx_word' id='word_1_824' title='bbox 2333 4897 2462 4951; x_wconf 80' lang='grc' dir='ltr'><strong>Ἰδοὺ</strong></span> <span class='ocrx_word' id='word_1_825' title='bbox 2496 4897 2700 4970; x_wconf 84' lang='grc' dir='ltr'>ἡμέραι</span> <span class='ocrx_word' id='word_1_826' title='bbox 2724 4897 2992 4970; x_wconf 83' lang='grc' dir='ltr'>ἔρχονται,</span> <span class='ocrx_word' id='word_1_827' title='bbox 3018 4917 3036 4950; x_wconf 72' lang='grc' dir='ltr'><strong>ι</strong></span> <span class='ocrx_word' id='word_1_828' title='bbox 3066 4897 3233 4966; x_wconf 86' lang='grc' dir='ltr'>λέγει,</span> <span class='ocrx_word' id='word_1_829' title='bbox 3263 4916 3282 4948; x_wconf 74' lang='grc' dir='ltr'><strong>ι</strong></span> <span class='ocrx_word' id='word_1_830' title='bbox 3307 4898 3402 4952; x_wconf 76' lang='grc' dir='ltr'>καὶ</span> <span class='ocrx_word' id='word_1_831' title='bbox 3417 4896 3788 4970; x_wconf 82' lang='grc' dir='ltr'>ὲξολοθρεύσω</span> 
     </span>
    </p>
   </div>
   <div class='ocr_carea' id='block_1_108' title="bbox 2195 4988 3788 5061">
    <p class='ocr_par' dir='ltr' id='par_1_108' title="bbox 2195 4988 3788 5061">
     <span class='ocr_line' id='line_1_111' title="bbox 2195 4988 3788 5061; baseline 0.001 -19"><span class='ocrx_word' id='word_1_832' title='bbox 2195 4989 2258 5042; x_wconf 82' lang='grc' dir='ltr'>τὸ</span> <span class='ocrx_word' id='word_1_833' title='bbox 2281 4989 2502 5060; x_wconf 83' lang='grc' dir='ltr'>σπέρμα</span> <span class='ocrx_word' id='word_1_834' title='bbox 2527 5006 2642 5053; x_wconf 91' lang='grc' dir='ltr'>σου,</span> <span class='ocrx_word' id='word_1_835' title='bbox 2666 4991 2761 5043; x_wconf 77' lang='grc' dir='ltr'>καὶ</span> <span class='ocrx_word' id='word_1_836' title='bbox 2790 4989 3010 5061; x_wconf 87' lang='grc' dir='ltr'>σπέρμα</span> <span class='ocrx_word' id='word_1_837' title='bbox 3032 4988 3182 5042; x_wconf 74' lang='grc' dir='ltr'>οἴκου</span> <span class='ocrx_word' id='word_1_838' title='bbox 3197 4989 3403 5060; x_wconf 86' lang='grc' dir='ltr'>πατρός</span> <span class='ocrx_word' id='word_1_839' title='bbox 3431 5005 3543 5043; x_wconf 73' lang='grc' dir='ltr'>σουο</span> <span class='ocrx_word' id='word_1_840' title='bbox 3577 4989 3673 5044; x_wconf 75' lang='grc' dir='ltr'>καὶ</span> <span class='ocrx_word' id='word_1_841' title='bbox 3686 4991 3788 5043; x_wconf 84' lang='grc' dir='ltr'>οὐκ</span> 
     </span>
    </p>
   </div>
   <div class='ocr_carea' id='block_1_109' title="bbox 2199 5079 3788 5154">
    <p class='ocr_par' dir='ltr' id='par_1_109' title="bbox 2199 5079 3788 5154">
     <span class='ocr_line' id='line_1_112' title="bbox 2199 5079 3788 5154; baseline 0.001 -21"><span class='ocrx_word' id='word_1_842' title='bbox 2199 5081 2349 5134; x_wconf 75' lang='grc' dir='ltr'>ἔσται</span> <span class='ocrx_word' id='word_1_843' title='bbox 2383 5080 2697 5154; x_wconf 77' lang='grc' dir='ltr'>πρεσϐύτης</span> <span class='ocrx_word' id='word_1_844' title='bbox 2729 5082 2787 5134; x_wconf 84' lang='grc' dir='ltr'>ἐν</span> <span class='ocrx_word' id='word_1_845' title='bbox 2813 5081 2892 5152; x_wconf 77' lang='grc' dir='ltr'><strong>τῷ</strong></span> <span class='ocrx_word' id='word_1_846' title='bbox 2913 5081 3047 5152; x_wconf 79' lang='grc' dir='ltr'>οἴκῳ</span> <span class='ocrx_word' id='word_1_847' title='bbox 3081 5097 3202 5152; x_wconf 87' lang='grc' dir='ltr'>μου.</span> <span class='ocrx_word' id='word_1_848' title='bbox 3241 5099 3259 5134; x_wconf 75' lang='grc' dir='ltr'><strong>ι</strong></span> <span class='ocrx_word' id='word_1_849' title='bbox 3305 5079 3491 5134; x_wconf 88' lang='grc' dir='ltr'>Ταῦτα</span> <span class='ocrx_word' id='word_1_850' title='bbox 3526 5081 3662 5154; x_wconf 78' lang='grc' dir='ltr'>πρὸς</span> <span class='ocrx_word' id='word_1_851' title='bbox 3695 5080 3788 5135; x_wconf 81' lang='grc' dir='ltr'><strong>τὸν</strong></span> 
     </span>
    </p>
   </div>
   <div class='ocr_carea' id='block_1_110' title="bbox 2210 5170 3789 5244">
    <p class='ocr_par' dir='ltr' id='par_1_110' title="bbox 2210 5170 3789 5244">
     <span class='ocr_line' id='line_1_113' title="bbox 2210 5170 3789 5244; baseline 0.001 -21"><span class='ocrx_word' id='word_1_852' title='bbox 2210 5170 2358 5224; x_wconf 77' lang='grc' dir='ltr'>Ἠλεὶ</span> <span class='ocrx_word' id='word_1_853' title='bbox 2389 5172 2568 5242; x_wconf 80' lang='grc' dir='ltr'>φήσας</span> <span class='ocrx_word' id='word_1_854' title='bbox 2598 5172 2626 5224; x_wconf 86' lang='grc' dir='ltr'>ὁ</span> <span class='ocrx_word' id='word_1_855' title='bbox 2658 5171 3060 5242; x_wconf 80' lang='grc' dir='ltr'>χρηματισμὸς,</span> <span class='ocrx_word' id='word_1_856' title='bbox 3097 5171 3346 5244; x_wconf 75' lang='grc' dir='ltr'>ἐπιφέρει</span> <span class='ocrx_word' id='word_1_857' title='bbox 3371 5171 3491 5242; x_wconf 79' lang='grc' dir='ltr'>μεθ’</span> <span class='ocrx_word' id='word_1_858' title='bbox 3519 5171 3682 5244; x_wconf 73' lang='grc' dir='ltr'>ἕτερα</span> <span class='ocrx_word' id='word_1_859' title='bbox 3707 5171 3789 5224; x_wconf 85' lang='grc' dir='ltr'><strong>λέ-</strong></span> 
     </span>
    </p>
   </div>
   <div class='ocr_carea' id='block_1_111' title="bbox 2196 5263 3787 5335">
    <p class='ocr_par' dir='ltr' id='par_1_111' title="bbox 2196 5263 3787 5335">
     <span class='ocr_line' id='line_1_114' title="bbox 2196 5263 3787 5335; baseline 0.001 -19"><span class='ocrx_word' id='word_1_860' title='bbox 2196 5279 2311 5332; x_wconf 87' lang='grc' dir='ltr'><strong>γων</strong></span> <span class='ocrx_word' id='word_1_861' title='bbox 2332 5280 2344 5293; x_wconf 91' lang='grc'><strong>·</strong></span> <span class='ocrx_word' id='word_1_862' title='bbox 2381 5284 2399 5315; x_wconf 87' lang='grc'><strong>‹</strong></span> <span class='ocrx_word' id='word_1_863' title='bbox 2436 5263 2548 5317; x_wconf 78' lang='grc' dir='ltr'><strong>Καὶ</strong></span> <span class='ocrx_word' id='word_1_864' title='bbox 2568 5264 2858 5334; x_wconf 82' lang='grc' dir='ltr'>ἀναστήσω</span> <span class='ocrx_word' id='word_1_865' title='bbox 2892 5263 3113 5335; x_wconf 80' lang='grc' dir='ltr'>ἐμαυτῷ</span> <span class='ocrx_word' id='word_1_866' title='bbox 3139 5263 3290 5335; x_wconf 87' lang='grc' dir='ltr'>ἱερέα</span> <span class='ocrx_word' id='word_1_867' title='bbox 3319 5264 3529 5328; x_wconf 87' lang='grc' dir='ltr'>πιστὸν,</span> <span class='ocrx_word' id='word_1_868' title='bbox 3559 5263 3619 5327; x_wconf 81' lang='grc' dir='ltr'>ὃς</span> <span class='ocrx_word' id='word_1_869' title='bbox 3649 5264 3787 5317; x_wconf 79' lang='grc' dir='ltr'>πάν-</span> 
     </span>
    </p>
   </div>
   <div class='ocr_carea' id='block_1_112' title="bbox 2194 5353 3784 5428">
    <p class='ocr_par' dir='ltr' id='par_1_112' title="bbox 2194 5353 3784 5428">
     <span class='ocr_line' id='line_1_115' title="bbox 2194 5353 3784 5428; baseline 0.001 -20"><span class='ocrx_word' id='word_1_870' title='bbox 2194 5374 2264 5410; x_wconf 89' lang='grc' dir='ltr'><strong>τα</strong></span> <span class='ocrx_word' id='word_1_871' title='bbox 2319 5356 2388 5410; x_wconf 77' lang='grc' dir='ltr'><strong>τὰ</strong></span> <span class='ocrx_word' id='word_1_872' title='bbox 2439 5358 2497 5409; x_wconf 79' lang='grc' dir='ltr'><strong>έν</strong></span> <span class='ocrx_word' id='word_1_873' title='bbox 2551 5357 2618 5428; x_wconf 80' lang='grc' dir='ltr'>τῇ</span> <span class='ocrx_word' id='word_1_874' title='bbox 2671 5355 2868 5427; x_wconf 80' lang='grc' dir='ltr'>καρδίᾳ</span> <span class='ocrx_word' id='word_1_875' title='bbox 2903 5373 3024 5427; x_wconf 89' lang='grc' dir='ltr'>μου,</span> <span class='ocrx_word' id='word_1_876' title='bbox 3064 5355 3156 5408; x_wconf 75' lang='grc' dir='ltr'>καὶ</span> <span class='ocrx_word' id='word_1_877' title='bbox 3188 5354 3258 5408; x_wconf 87' lang='grc' dir='ltr'><strong>τά</strong></span> <span class='ocrx_word' id='word_1_878' title='bbox 3293 5356 3351 5408; x_wconf 83' lang='grc' dir='ltr'>ὲν</span> <span class='ocrx_word' id='word_1_879' title='bbox 3396 5358 3460 5426; x_wconf 74' lang='grc' dir='ltr'><strong>τῇ</strong></span> <span class='ocrx_word' id='word_1_880' title='bbox 3490 5353 3635 5426; x_wconf 72' lang='grc' dir='ltr'>ψυχῇ</span> <span class='ocrx_word' id='word_1_881' title='bbox 3679 5373 3784 5426; x_wconf 84' lang='grc' dir='ltr'><strong>μου</strong></span> 
     </span>
    </p>
   </div>
   <div class='ocr_carea' id='block_1_113' title="bbox 2197 5444 3784 5521">
    <p class='ocr_par' dir='ltr' id='par_1_113' title="bbox 2197 5444 3784 5521">
     <span class='ocr_line' id='line_1_116' title="bbox 2197 5444 3784 5521; baseline -0.001 -18"><span class='ocrx_word' id='word_1_882' title='bbox 2197 5452 2433 5520; x_wconf 81' lang='grc' dir='ltr'>ποιήσει,</span> <span class='ocrx_word' id='word_1_883' title='bbox 2485 5449 2578 5502; x_wconf 71' lang='grc' dir='ltr'>καὶ</span> <span class='ocrx_word' id='word_1_884' title='bbox 2630 5449 2972 5520; x_wconf 84' lang='grc' dir='ltr'>οἰκοδομήσω</span> <span class='ocrx_word' id='word_1_885' title='bbox 3033 5447 3182 5521; x_wconf 78' lang='grc' dir='ltr'>αὺτῴ</span> <span class='ocrx_word' id='word_1_886' title='bbox 3229 5444 3375 5502; x_wconf 78' lang='grc' dir='ltr'>οἷκον</span> <span class='ocrx_word' id='word_1_887' title='bbox 3437 5448 3648 5512; x_wconf 82' lang='grc' dir='ltr'>πιστὸν,</span> <span class='ocrx_word' id='word_1_888' title='bbox 3688 5445 3784 5501; x_wconf 72' lang='grc' dir='ltr'><strong>κὰὶ</strong></span> 
     </span>
    </p>
   </div>
   <div class='ocr_carea' id='block_1_114' title="bbox 2195 5537 3784 5622">
    <p class='ocr_par' dir='ltr' id='par_1_114' title="bbox 2195 5537 3784 5622">
     <span class='ocr_line' id='line_1_117' title="bbox 2195 5537 3784 5622; baseline -0.003 -28"><span class='ocrx_word' id='word_1_889' title='bbox 2195 5539 2528 5622; x_wconf 66' lang='grc' dir='ltr'>διελεύσεται</span> <span class='ocrx_word' id='word_1_890' title='bbox 2563 5539 2792 5593; x_wconf 84' lang='grc' dir='ltr'>ἐνώπιον</span> <span class='ocrx_word' id='word_1_891' title='bbox 2833 5537 3070 5611; x_wconf 85' lang='grc' dir='ltr'>Χριστοῦ</span> <span class='ocrx_word' id='word_1_892' title='bbox 3124 5555 3226 5609; x_wconf 87' lang='grc' dir='ltr'><strong>μου</strong></span> <span class='ocrx_word' id='word_1_893' title='bbox 3279 5539 3459 5602; x_wconf 85' lang='grc' dir='ltr'>πάσας</span> <span class='ocrx_word' id='word_1_894' title='bbox 3501 5537 3601 5601; x_wconf 82' lang='grc' dir='ltr'>τὰς</span> <span class='ocrx_word' id='word_1_895' title='bbox 3643 5537 3784 5608; x_wconf 86' lang='grc' dir='ltr'>ἡμέ-</span> 
     </span>
    </p>
   </div>
   <div class='ocr_carea' id='block_1_115' title="bbox 2199 5628 3782 5706">
    <p class='ocr_par' dir='ltr' id='par_1_115' title="bbox 2199 5628 3782 5706">
     <span class='ocr_line' id='line_1_118' title="bbox 2199 5628 3782 5706; baseline -0.003 -18"><span class='ocrx_word' id='word_1_896' title='bbox 2199 5651 2317 5706; x_wconf 86' lang='grc' dir='ltr'>ρας.</span> <span class='ocrx_word' id='word_1_897' title='bbox 2359 5653 2377 5685; x_wconf 81' lang='grc'><strong>›</strong></span> <span class='ocrx_word' id='word_1_898' title='bbox 2420 5633 2765 5688; x_wconf 78' lang='grc' dir='ltr'>Μεταστασιν</span> <span class='ocrx_word' id='word_1_899' title='bbox 2807 5634 2898 5686; x_wconf 76' lang='grc' dir='ltr'>καὶ</span> <span class='ocrx_word' id='word_1_900' title='bbox 2939 5631 3210 5704; x_wconf 76' lang='grc' dir='ltr'>ἀποϐολὴν</span> <span class='ocrx_word' id='word_1_901' title='bbox 3243 5631 3544 5702; x_wconf 84' lang='grc' dir='ltr'>ἀπειλήσας</span> <span class='ocrx_word' id='word_1_902' title='bbox 3581 5632 3611 5684; x_wconf 87' lang='grc' dir='ltr'><strong>ό</strong></span> <span class='ocrx_word' id='word_1_903' title='bbox 3639 5628 3782 5694; x_wconf 75' lang='grc' dir='ltr'>θεῖος</span> 
     </span>
    </p>
   </div>
   <div class='ocr_carea' id='block_1_116' title="bbox 581 5782 2104 5864">
    <p class='ocr_par' dir='ltr' id='par_1_116' title="bbox 581 5782 2104 5859">
     <span class='ocr_line' id='line_1_119' title="bbox 581 5782 2104 5859; baseline 0.008 -23"><span class='ocrx_word' id='word_1_904' title='bbox 581 5785 628 5815; x_wconf 66' lang='grc'>⁸⁸</span> <span class='ocrx_word' id='word_1_905' title='bbox 658 5782 674 5837; x_wconf 88' lang='lat' dir='ltr'><strong>l</strong></span> <span class='ocrx_word' id='word_1_906' title='bbox 710 5783 844 5859; x_wconf 80' lang='lat' dir='ltr'><strong>Reg.</strong></span> <span class='ocrx_word' id='word_1_907' title='bbox 869 5804 929 5856; x_wconf 85' lang='grc' dir='ltr'><strong>ιι,</strong></span> <span class='ocrx_word' id='word_1_908' title='bbox 966 5786 1049 5842; x_wconf 77' lang='grc'><strong>10.</strong></span> <span class='ocrx_word' id='word_1_909' title='bbox 1125 5789 1174 5821; x_wconf 76' lang='grc'><strong>⁸⁸</strong></span> <span class='ocrx_word' id='word_1_910' title='bbox 1203 5805 1346 5848; x_wconf 86' lang='lat' dir='ltr'><strong>vers.</strong></span> <span class='ocrx_word' id='word_1_911' title='bbox 1383 5791 1463 5848; x_wconf 72' lang='lat' dir='ltr'><strong>l9...</strong></span> <span class='ocrx_word' id='word_1_912' title='bbox 1544 5792 1585 5825; x_wconf 84' lang='grc'><strong>⁶⁷</strong></span> <span class='ocrx_word' id='word_1_913' title='bbox 1613 5808 1754 5849; x_wconf 74' lang='lat' dir='ltr'><strong>vers.</strong></span> <span class='ocrx_word' id='word_1_914' title='bbox 1781 5792 1870 5848; x_wconf 73' lang='grc'><strong>25.</strong></span> <span class='ocrx_word' id='word_1_915' title='bbox 1951 5790 2036 5847; x_wconf 71' lang='lat'><strong>“1</strong></span> <span class='ocrx_word' id='word_1_916' title='bbox 2066 5789 2104 5848; x_wconf 73' lang='grc' dir='ltr'><strong>Β</strong></span> 
     </span>
    </p>
   </div>
   <div class='ocr_carea' id='block_1_117' title="bbox 2208 5782 2837 5864">
    <p class='ocr_par' dir='ltr' id='par_1_117' title="bbox 2238 5787 2837 5859">
     <span class='ocr_line' id='line_1_120' title="bbox 2238 5787 2837 5859; baseline -0.005 -12"><span class='ocrx_word' id='word_1_917' title='bbox 2238 5806 2297 5859; x_wconf 83' lang='grc' dir='ltr'><strong>ιι,</strong></span> <span class='ocrx_word' id='word_1_918' title='bbox 2349 5791 2438 5846; x_wconf 76' lang='grc' dir='ltr'><strong>δι.</strong></span> <span class='ocrx_word' id='word_1_919' title='bbox 2512 5790 2553 5822; x_wconf 71' lang='grc' dir='ltr'><strong>ω</strong></span> <span class='ocrx_word' id='word_1_920' title='bbox 2582 5787 2713 5844; x_wconf 90' lang='lat' dir='ltr'><strong>ibid.</strong></span> <span class='ocrx_word' id='word_1_921' title='bbox 2750 5788 2837 5844; x_wconf 79' lang='lat'><strong>55.</strong></span> 
     </span>
    </p>
   </div>
  </div>
