4158 6418
390 327 486 382 3ξί

1314 323 1975 382 ῺἩΜΟΝΒΪΠᾹΤΙΟΝΙΞ
2014 326 2475 385 ΕΥΑΝΕΕΙᾸΟᾹΞ
2516 328 2647 384 LIB.
2688 328 2778 385 Ν.

3560 342 3670 399 5Ξ2

386 445 543 513 λόγος
568 442 685 504 τοῖς
719 440 782 494 ού
816 438 959 494 κατά
999 437 1089 506 τὸν
1120 437 1279 509 όρθὸν
1311 437 1511 510 τρόπον
1548 438 1941 511 λειτουργοῦσιι

2043 439 2267 511 ,νίιιιιιη
2322 441 2565 497 minetur
2622 444 2928 505 oraculum.
2980 444 3148 500 alium
3194 462 3262 502 ex
3313 449 3424 506 alio
3469 467 3670 524 genere

388 536 572 607 ἕτερον
598 531 662 597 ἐξ
686 532 879 603 ἐτέρου
909 529 1098 600 γένους
1126 531 1489 602 καταστήσειν
1526 530 1676 602 ἱερέα
1700 531 1975 600 ’ἐπαγγέλ-

389 628 561 690 λεται,
601 625 663 678 ὃν
702 624 800 679 καί
840 640 973 695 φησι
1006 642 1026 675 ι
1057 622 1423 677 διελεύσεσθαι
1461 622 1692 677 ἐνώπιον
1738 623 1975 695 Χριστοῦ

388 716 572 782 αὐτοῦ,
620 737 638 768 ι
678 716 712 788 ἦ
756 736 775 768 ι
816 716 1287 787 ἐμπεριπατήσειν
1338 717 1416 779 εἰς
1457 715 1746 786 πρόσωπον
1784 714 1977 787 εἰλημ-

392 810 552 885 μένου
568 810 648 882 tl)
666 808 853 863 αὑτοῦ·
881 829 899 860 ι
921 808 995 874 ὼς
1015 811 1043 863 6
1058 807 1286 872 ’Δκύλας
1301 807 1663 880 ήρμήνευσεν,
1685 807 1718 878 ἢ
1737 806 1812 871 ὡς
1836 806 1975 879 Σύμ-

392 919 585 973 μαχος,
621 922 638 953 ι
674 901 1192 974 ἀναστραφήσεσθαι
1232 898 1541 972 ἔμπροσθεν
1589 899 1685 953 τοῦ
1734 898 1969 973 Χριστοῦ

385 998 571 1053 αὐτοῦ.
615 1018 635 1049 ι
667 998 764 1063 Τίς
796 997 841 1052 δ’
867 997 932 1052 ἂν
965 991 1118 1063 οὗτος
1160 996 1280 1068 sit};
1310 996 1418 1058 πᾶς
1444 997 1474 1049 ό
1518 993 1755 1058 εὐσεϐῶς
1799 1011 1971 1066 προσ-

391 1089 486 1145 ιὼν
516 1093 587 1163 τῇ
651 1090 934 1164 ἱερουργίᾳ
965 1088 1062 1144 τοῦ
1090 1087 1328 1163 Χριστοῦ
1362 1086 1456 1142 τοῦ
1482 1086 1640 1153 Θεοῦ,
1672 1080 1718 1156 ᾧ
1749 1085 1840 1141 τὸν
1867 1089 1969 1161 τῆς

396 1182 726 1255 Ἐκκλησίας
757 1179 923 1246 οἰκον,
954 1177 1040 1235 οἷα
1076 1180 1238 1251 σοφὸς
1268 1179 1605 1253 ἀρχιτέκτων
1638 1178 1732 1233 καὶ
1760 1178 1965 1232 οἰκοδό-

386 1294 507 1348 μος,
538 1275 702 1339 αὐτὸς
747 1275 777 1327 6
820 1274 926 1327 τῶν
949 1274 1086 1327 ὅλων
1115 1272 1248 1336 Θεὸς
1281 1272 1656 1343 οἰκοδομήσειν
1691 1272 1967 1341 ὑπισχνεῖ-

381 1386 491 1432 ται,
530 1367 640 1421 οὐδ’
678 1365 837 1420 ἄλλον
870 1360 1015 1419 οἷκον
1048 1364 1330 1436 σημαίνων
1366 1363 1523 1437 ῆτὴν
1553 1362 1676 1418 καθ’
1712 1363 1840 1435 ὅλης
1861 1362 1965 1434 τῆς

376 1459 706 1533 οἰκουμένης
757 1457 834 1529 τῷ
875 1455 1095 1529 Χριστῷ
1128 1455 1384 1527 ὀνομαστὶ
1422 1457 1691 1510 συστᾶσαν
1731 1455 1962 1527 Ἐκκλη-

386 1551 507 1604 σίαν
525 1567 539 1579 ο
567 1549 696 1604 ἔνθα
729 1549 880 1613 πᾶςό
899 1546 988 1602 διὰ
1008 1547 1243 1620 Χριστοῦ
1269 1547 1362 1601 τοῦ
1385 1547 1517 1602 Θεοῦ
1538 1547 1830 1619 ἰερωμένος
1856 1566 1960 1602 κα-

375 1645 445 1699 τὰ
459 1644 558 1709 τὰς
578 1628 955 1715 πνευματικὰς
981 1641 1320 1715 λειτουργίας
1342 1640 1412 1695 τὰ
1435 1641 1744 1714 καταθύμια
1770 1643 1864 1696 καὶ
1890 1640 1962 1696 τὰ

377 1735 521 1790 κατὰ
538 1735 720 1808 ψυχὴν
743 1733 835 1789 τοῦ
859 1731 994 1787 Θεοῦ
1030 1732 1247 1803 λέγεται
1268 1735 1532 1807 ποιήσειν,
1567 1733 1675 1787 τῶν
1699 1733 1766 1788 δι’
1788 1734 1959 1805 αἵμα-

2078 530 2510 587 constituturum
2528 549 2589 589 se
2613 533 2953 589 sacerdotem
2978 538 3285 606 pollicetur,
3311 555 3472 609 quem
3497 547 3664 602 etiam

2077 622 2210 676 dicit
2247 639 2266 673 ι
2313 623 2693 694 ingressurum
2740 625 2796 679 in
2829 637 3131 697 conspectu
3162 627 3364 688 Christi
3402 636 3488 695 sui
3520 655 3540 688 ι
3578 639 3665 695 vel

2082 731 2101 765 ι
2143 713 2611 770 inambulaturum
2648 716 2705 771 in
2749 716 2946 774 faciem
2991 721 3143 775 uncti
3197 723 3308 792 sui,
3345 744 3365 778 ι
3397 729 3665 796 quemad-

2074 806 2295 858 modum
2317 802 2513 874 Aquila
2529 806 2918 876 interpretatus
2936 817 3042 874 est,
3060 811 3165 875 vel,
3191 821 3250 868 ut
3274 815 3661 887 Symmachus,

2079 911 2098 945 ε
2138 904 2489 951 versaturum
2519 905 2651 953 ante
2684 898 2967 955 Christum
2999 918 3182 958 suum.
3214 924 3234 957 ι
3270 903 3377 961 Sed
3399 908 3523 976 quis
3544 916 3662 964 tan-

2071 984 2195 1041 dem
2229 984 2321 1041 hic
2345 987 2497 1042 erit?
2523 986 2717 1045 Omnis
2741 990 3000 1046 nimirum
3034 992 3349 1064 quicunque
3380 996 3449 1051 ad
3477 1013 3662 1055 sacer-

2070 1076 2279 1133 dotium
2307 1076 2512 1135 Christi
2545 1077 2641 1135 Dei
2673 1096 2799 1136 cum
2829 1082 3029 1153 pietate
3056 1087 3372 1144 accesserit.
3405 1089 3505 1144 Cui
3540 1092 3660 1162 qui-

2068 1167 2194 1223 dem
2234 1169 2393 1241 192
2428 1170 2691 1229 Ecclesia
2717 1174 2969 1239 domum,
3010 1183 3269 1247 tanquam
3313 1182 3534 1250 sapiens
3563 1198 3656 1238 ar-

2068 1258 2342 1315 chitectus
2385 1267 2549 1332 atque
2583 1262 2884 1318 aediﬁcator
2935 1265 3053 1332 ipse
3111 1268 3354 1325 universi
3397 1269 3562 1337 Deus,
3593 1292 3654 1331 sc

2065 1348 2463 1406 aedillcaturum
2500 1352 2810 1423 pollicetur,
2858 1371 2967 1411 non
3012 1357 3176 1413 aliam
3210 1361 3397 1432 utique
3425 1363 3649 1420 domum

2066 1441 2384 1511 signiﬁcans
2413 1458 2581 1515 quam
2623 1459 2743 1501 eam
2784 1462 2906 1517 qua:
2938 1452 3260 1506 nominatim
3291 1453 3514 1511 Christo
3553 1472 3652 1527 per

2063 1539 2239 1589 totum
2265 1534 2453 1591 orbem
2487 1543 2760 1592 terrarum
2802 1549 2986 1595 erecta
3017 1552 3121 1607 est,
3158 1542 3463 1600 Ecclesiam
3506 1566 3519 1603 :
3556 1550 3649 1604 ubi

2060 1640 2198 1682 sane
2225 1626 2406 1683 omnis
2430 1623 2745 1700 quicunque
2770 1646 2871 1701 per
2902 1632 3183 1689 Christum
3228 1635 3320 1692 Dei
3353 1654 3648 1696 consecra-

2062 1725 2150 1774 tus
2181 1728 2287 1785 est,
2324 1721 2622 1778 secundum
2653 1723 2961 1794 spiritualia
3005 1726 3335 1795 ministeria,
3368 1749 3491 1802 quae
3526 1734 3645 1805 pla-

372 1845 485 1894 τος,
526 1827 744 1900 ταύρων
791 1827 888 1881 καὶ
918 1827 1157 1900 τράγων,
1210 1825 1353 1881 κατὰ
1392 1825 1492 1898 τὴν
1524 1826 1693 1881 πάλαι
1720 1827 1941 1900 τυπικὴη

2059 1813 2167 1866 cita
2197 1813 2328 1880 sint,
2380 1825 2436 1870 et
2465 1831 2532 1870 ex
2576 1818 2760 1872 animo
2797 1832 2863 1874 ac
2893 1824 3163 1876 sententia
3196 1822 3291 1879 Dei
3321 1826 3524 1883 dicitur
3562 1829 3644 1883 fa—

372 1919 597 1991 ἀγωγὴν
629 1917 1083 1991 ἐπιτελουμένων,
1117 1917 1526 1990 μετατεθεῖσθαι
1557 1918 1663 1972 ύπὸ
1694 1917 1786 1972 τοῦ
1819 1918 1955 1973 Θεοῦ

373 2011 460 2066 διὰ
498 2012 599 2083 τῆς
646 2012 869 2077 Ἡσαΐου
892 2012 1230 2083 προφητείας
1257 2009 1723 2082 ὁμολογουμένων.
1750 2010 1957 2065 Τοσαῦ-

371 2119 439 2156 τα
493 2103 563 2156 δι’
597 2094 675 2155 ὧν
715 2103 744 2155 6
780 2101 1017 2174 Χριστὸς
1044 2101 1301 2174 ὀνομαστὶ
1345 2102 1786 2174 προκεκήρυκτο⁸
1816 2101 1955 2175 πλὴν

371 2193 482 2249 ἀλλ’
516 2194 641 2248 ἐπεὶ
693 2192 784 2248 διὰ
825 2192 936 2247 τῶν
983 2192 1251 2247 πλείστων
1293 2191 1365 2247 τὰ
1405 2192 1551 2265 πάθη
1590 2191 1684 2247 τοῦ
1716 2193 1952 2265 Χριστοῦ

372 2286 640 2357 συνῆπται
665 2287 732 2357 τῇ
766 2283 929 2338 αὐτοῦ
961 2284 1325 2358 προσηγορίᾳ,
1351 2285 1646 2355 ἀναγκαῖον
1677 2285 1946 2339 ἐπαναλα-

371 2375 482 2430 ϐεῖν
533 2375 605 2430 τὰ
630 2375 1006 2448 προειρημένα
1041 2377 1172 2449 περὶ
1199 2376 1301 2448 τῆς
1331 2377 1451 2431 κατ’
1484 2375 1649 2430 αὑτὸν
1677 2374 1949 2448 θεότητος,

368 2468 433 2538 ἢν
474 2468 535 2520 ἐν
576 2465 660 2539 τῷ
697 2468 781 2540 μδ¹
823 2466 1022 2540 ψαλμῷ
1075 2467 1540 2543 ἐπιγεγραμμένῳ
1577 2487 1596 2521 ι
1642 2467 1814 2540 ’Υπὲρ
1855 2467 1951 2522 τοῦ

368 2559 657 2633 ἀγαπητοῦ
698 2580 718 2612 ι
757 2559 1022 2633 φέρεσθαι
1053 2562 1610 2634 προπαρεστήσαμεν,
1645 2558 1773 2615 ἔνθα
1805 2562 1834 2614 6
1859 2558 1950 2613 λό-

364 2668 457 2721 γος
510 2654 570 2707 ἐν
618 2652 860 2725 πρώτοις
901 2654 1066 2719 αὐτὸς
1092 2654 1413 2727 ὑπομνήσας
1447 2654 1524 2717 ὡς
1558 2652 1801 2724 βασιλέα,
1830 2652 1948 2725 μεθ’

361 2744 523 2818 ἕτερα
552 2745 750 2816 ἐπάγει
782 2748 912 2819 περί
938 2745 1189 2819 θεότητος
1205 2746 1298 2800 τοῦ
1319 2744 1577 2819 Χριστοῦ·
1612 2763 1630 2797 ι
1671 2744 1730 2799 '0
1761 2744 1950 2819 θρόνος
1989 2766 2006 2783 ·

364 2853 454 2891 σου
483 2839 514 2891 6
546 2837 683 2903 Θεὸς
712 2839 795 2902 εἰς
827 2838 919 2894 τὸν
957 2839 1126 2894 αἰῶνα
1163 2838 1259 2894 τοῦ
1293 2836 1517 2903 αἰῶνος·
1551 2836 1745 2910 ῥάϐδος
1787 2836 1948 2891 εὐθύ·-

359 2946 518 3001 τητος
566 2932 604 3003 ἢ
654 2931 849 3003 ῥάϐδος
894 2932 992 3005 τῆς
1038 2932 1312 3005 βασιλείας
1346 2948 1460 2985 σου.
1510 2930 1833 3002 Ἠγάπησας
1868 2930 1947 2984 δι-

356 3022 671 3095 καιοσύνην,
698 3023 795 3077 καὶ
818 3024 1086 3096 ἐμίσησας
1106 3024 1321 3079 ἀδικίαν
1337 3041 1353 3054 ο
1378 3023 1466 3077 διὰ
1490 3022 1648 3077 τοῦτο
1675 3022 1860 3094 ἔχρισέ
1885 3039 1945 3076 σε

354 3117 385 3168 6
407 3114 541 3180 Θεὸς
568 3118 598 3169 6
617 3115 750 3181 Θεός
783 3133 876 3170 σου
907 3115 1083 3171 ἔλαιον
1103 3115 1477 3186 ἀγαλλιάσεως
1505 3114 1656 3189 παρά
1688 3118 1815 3179 τοὺς
1844 3132 1943 3189 με-

2059 1912 2253 1961 cturus
2286 1923 2301 1961 :
2333 1906 2558 1977 quando
2613 1907 2651 1962 ii
2700 1909 2794 1979 qui
2842 1926 2943 1981 per
2983 1915 3307 1985 sanguinem
3353 1927 3639 1976 taurorum

2057 2004 2223 2067 atque
2253 1996 2559 2065 hircorum,
2586 2000 2745 2069 juxta
2771 2009 3005 2058 veterem
3040 2005 3094 2059 in
3125 2006 3297 2078 ﬁgura
3332 2012 3521 2081 ritum,
3550 2030 3642 2070 sa-

2056 2107 2151 2148 cra
2178 2094 2552 2164 perﬁciebant,
2582 2097 2638 2152 in
2671 2096 2861 2153 odium
2884 2098 2980 2155 Dei
3011 2099 3293 2167 incidisse,
3325 2122 3421 2176 per
3440 2108 3637 2166 Isaiam

2055 2185 2378 2255 prophetam
2411 2187 2532 2244 sine
2559 2191 2937 2247 controversia
2966 2192 3243 2251 dicuntur.
3275 2196 3553 2257 Hactenus
3572 2220 3639 2257 ea

2055 2277 2112 2331 in
2157 2279 2360 2348 quibus
2404 2282 2729 2337 nominatim
2768 2283 3023 2344 Christus
3073 2288 3372 2359 praedictus
3432 2292 3635 2352 fuerat.

2055 2366 2441 2428 Verumtamen
2491 2374 2620 2443 quia
2682 2373 2934 2444 pluribus
2991 2379 3176 2434 verbis
3235 2396 3358 2451 quae
3416 2383 3638 2441 Christo

2052 2460 2282 2518 adversa
2332 2477 2398 2518 ac
2438 2464 2618 2520 tristia
2670 2469 3039 2539 contigerunt,
3092 2471 3241 2527 illius
3284 2475 3636 2544 appellationi

2052 2553 2262 2610 adnexa
2297 2562 2445 2620 sunt,
2479 2572 2707 2615 necesse
2728 2569 2831 2625 est,
2856 2576 2979 2632 quae
3004 2574 3163 2619 antea
3196 2565 3341 2620 dicta
3368 2578 3517 2634 sunt,
3565 2569 3636 2626 de

2049 2644 2199 2702 illius
2213 2645 2500 2705 divinitate
2514 2660 2780 2720 repetere,
2805 2653 2872 2709 de
2900 2670 3007 2727 qua
3038 2656 3093 2712 in
3121 2673 3246 2712 xuv
3276 2661 3510 2730 psalmo,
3539 2667 3633 2734 qui

2051 2734 2352 2810 inscriptus
2386 2758 2407 2792 ι
2447 2741 2555 2797 Pro
2575 2741 2779 2801 dilecto
2811 2746 2877 2811 ⁷ο,
2916 2767 2935 2800 ι
2962 2751 3188 2805 tractari
3211 2768 3377 2823 supra
3405 2754 3637 2812 demon-

2048 2830 2368 2899 stravimus,
2401 2833 2494 2889 ubi
2519 2837 2803 2892 oraculum
2839 2839 2894 2894 in
2928 2842 3121 2910 primis
3151 2841 3220 2898 de
3252 2844 3346 2899 illo
3370 2854 3632 2917 tanquam

2046 2922 2115 2977 de
2143 2938 2268 2994 rege
2293 2933 2557 2995 tractans,
2598 2938 2722 3001 post
2747 2932 2853 2987 alia
2883 2935 3145 2990 nonnulla
3174 2935 3289 2991 hinc
3316 2937 3384 2994 de
3424 2940 3633 2998 Christ:

2046 3015 2332 3075 divinitate
2353 3021 2632 3094 adjungit:
2668 3042 2687 3075 ι
2721 3022 2891 3082 Sedes
2919 3033 3036 3093 tua,
3070 3026 3235 3093 Deus,
3267 3030 3323 3085 in
3367 3034 3631 3090 saeculum

2048 3111 2231 3164 saeculi
2267 3130 2281 3165 :
2319 3112 2467 3184 virga
2497 3115 2842 3183 directionis,
2873 3119 3023 3190 virga
3046 3125 3197 3191 regni
3231 3124 3350 3195 tui:
3387 3126 3630 3183 dilexisti

352 3208 544 3278 τόχους
595 3225 713 3264 σου.
750 3227 770 3259 ι
816 3207 1012 3278 Σαφῶς
1054 3182 1165 3281 γάρ
1209 3211 1266 3263 ἐν
1312 3208 1542 3273 τούτοις,
1587 3182 1670 3274 ’ὡς
1704 3208 1806 3281 ῆδη
1844 3182 1941 3262 καὶ

2043 3204 2335 3271 justitiam,
2373 3182 2426 3261 et
2457 3207 2621 3262 odisti
2674 3182 3040 3282 iniquitatem,
3067 3182 3357 3286 propterea
3388 3221 3543 3274 unxit
3568 3182 3632 3277 te

353 3302 622 3373 πρότερον
650 3303 1206 3375 προπαρεστήσαμεν,
1237 3295 1320 3366 εἷς
1362 3299 1438 3354 ὣν
1474 3302 1569 3354 καὶ
1591 3300 1754 3365 αὐτὸς
1787 3301 1816 3354 6
1843 3300 1939 3374 δη-

348 3392 615 3466 λούμενος
650 3393 783 3460 Θεὸς
810 3390 948 3448 εἶναι
969 3394 1207 3465 λέγεται,
1253 3392 1564 3467 ἠγαπηκὼς
1589 3393 1937 3467 δικαιοσύνην

348 3488 443 3541 καὶ
473 3486 800 3559 μεμισηκὼς
830 3486 1062 3542 ἀδικίαν.
1106 3487 1221 3543 Kal.
1263 3487 1455 3540 τούτου
1497 3486 1658 3559 χάριν
1699 3486 1789 3557 ὑφ’
1817 3486 1935 3541 ἐτέ-

349 3595 444 3650 ρου
481 3576 732 3649 μείζονος
762 3576 899 3631 Θεοῦ
945 3577 1041 3632 καὶΙ
1085 3577 1293 3651 πατρὸς
1325 3577 1512 3643 αὐτοῦ,
1575 3577 1935 3649 κεχρισμένος

348 3668 515 3741 ἐλαίῳ
548 3669 821 3742 κρείττονι
856 3671 949 3725 καὶ
977 3670 1342 3743 διαφέροντιῆ
1371 3669 1514 3724 κατά
1533 3670 1661 3734 τοὺς
1704 3670 1929 3735 τύπους,

346 3761 424 3832 τῷ
454 3761 777 3833 καλουμένῳ
818 3761 920 3833 τῆς
963 3761 1354 3832 ἀγαλλιάσεως.
1397 3762 1456 3815 'O
1494 3760 1551 3815 δὲ
1598 3760 1677 3833 τῷ
1708 3760 1933 3834 τοιούτῳ

346 3852 590 3925 χρισθεὶς
625 3852 811 3923 ἐλαίῳ,
844 3853 906 3906 οὐ
940 3852 1076 3925 πρὸς
1107 3852 1430 3925 ἀνθρώπων,
1466 3852 1586 3906 οὐδὲ
1618 3852 1687 3906 δι’
1724 3849 1933 3926 ἀνθρώ-

344 3960 483 4008 πων,
510 3945 627 3998 ἀλλ’
660 3945 752 3997 ὑπ’
773 3943 937 3999 αὑτοῦ
969 3944 1064 3998 τοῦ
1099 3945 1377 4000 ἀνωτάτου
1406 3944 1563 4008 Θεοῦ.
1599 3945 1651 3997 τί
1683 3943 1927 4016 ἓτερονῆ

340 4036 577 4108 Χριστὸς
606 4037 831 4102 εἰκότως
862 4037 1223 4109 όνομασθείη;
1257 4036 1452 4091 ούκοῦν
1501 4038 1530 4090 6
1585 4035 1747 4099 αὐτὸς
1790 4035 1926 4107 ὁμοῦ

340 4131 434 4184 καὶ
486 4129 622 4195 Θεὸς
664 4128 939 4184 δείκνυται
982 4129 1392 4202 ὠνομασμένος,
1436 4127 1625 4199 ὥσπερ
1679 4128 1772 4182 καὶ
1822 4128 1923 4200 ἤδη

340 4223 609 4295 πρότερον
647 4221 792 4277 κατά
842 4222 972 4287 τοὺς
1007 4223 1241 4288 οἰκείους
1270 4222 1471 4286 τόπους
1502 4220 1770 4292 παρέστη.
1814 4221 1925 4276 Kal.

337 4314 431 4369 τοῦ
478 4315 703 4370 Ἦσαῖου
754 4313 813 4369 δὲ
854 4316 949 4369 καὶ
994 4314 1169 4370 ταῦτα
1216 4314 1380 4369 πάλιν
1412 4313 1808 4385 ὑπομνηστέον,
1862 4313 1921 4379 ὃς

336 4405 505 4479 ἔφησε
527 4424 542 4438 ·
586 4426 606 4459 ι
648 4405 875 4479 Πνεῦμα
899 4405 1108 4479 Κυρίου
1129 4406 1219 4486 ἐπ’
1243 4404 1366 4479 ἐμὲ,
1399 4400 1461 4462 οὗ
1493 4406 1700 4460 εἵνεκεν
1737 4403 1920 4477 ἔχρισέ

336 4515 405 4571 με
425 4517 440 4530 ·
493 4498 947 4570 εὐαγγελίσασθαι
996 4500 1234 4570 πτωχοῖς
1283 4497 1596 4552 ἀπέσταλκὲ
1639 4514 1728 4569 με,
1765 4497 1921 4551 ἰάσα-

333 4589 455 4645 σθαι
504 4591 637 4657 τοὺς
691 4591 1180 4664 συντετριμμένους
1231 4589 1331 4663 τὴν
1379 4590 1638 4662 καρδίαν*
1680 4590 1916 4662 κηρύξαι

332 4682 703 4755 αἰχμαλώτοις
760 4683 974 4754 ἄφεσιν,
1031 4684 1127 4738 καὶ
1157 4684 1380 4753 τυφλοῖς
1412 4682 1720 4753 ἀνάϐλεψιν.
1755 4701 1774 4734 ι
1831 4683 1915 4736 Ἐσ-

329 4773 616 4847 δείκνυμεν
674 4776 769 4830 καὶ
828 4777 886 4829 ἐν
942 4776 1175 4842 τούτοις,
1239 4776 1315 4841 ὡς
1363 4778 1412 4830 οἰ
1464 4776 1561 4848 μὲν
1604 4774 1664 4841 ἐξ
1705 4774 1915 4848 ἀνθρώ-

328 4887 445 4923 πων
509 4870 679 4924 πάλαι
736 4870 1001 4942 πρότερον
1057 4870 1152 4924 ἐπὶ
1208 4868 1309 4942 τὴν
1378 4868 1473 4923 τοῦ
1532 4868 1691 4923 Θείου
1752 4868 1915 4940 θεραο

328 4959 483 5012 πείαν
508 4958 823 5031 προσιόντες
871 4960 1056 5032 ἰερεϊς,
1112 4957 1277 5030 ἐλαίῳ
1311 4958 1556 5030 ἐχρίοντο
1593 4956 1910 5029 σκευαστῷ⁸

324 5050 424 5106 όδέ
456 5050 548 5104 διὰ
579 5049 681 5120 τῆς
710 5049 1046 5122 προφητείας
1073 5049 1403 5123 δηλούμενος
1433 5053 1499 5122 τῇ
1538 5050 1709 5122 ἐνθέῳ
1752 5052 1914 5106 δυνά-

328 5159 416 5215 μει
444 5143 736 5214 κεχρίσθαι
775 5142 1015 5212 λέγεται.
1055 5143 1228 5196 Τοῦτο
1252 5143 1309 5197 δὲ
1344 5143 1465 5197 ὅλον
1501 5144 1593 5196 ἐπὶ
1631 5144 1723 5196 τὸν
1774 5146 1913 5215 ἠμέ-

322 5248 476 5302 τερον
505 5232 742 5304 Σωτῆρα
780 5233 1073 5304 ἀνεφέρετο
1128 5232 1359 5303 Ἰησοῦν,
1392 5233 1485 5287 τὸν
1534 5233 1694 5304 μόνον
1738 5232 1911 5306 ἀληθῆ

322 5324 556 5399 Χριστὸν
576 5324 675 5380 τοῦ
722 5323 881 5388 Θεοῦ,
925 5325 1022 5389 ὡς,
1052 5326 1145 5380 ἐπὶ
1175 5325 1275 5398 τῆς
1320 5325 1429 5379 τῶν
1477 5323 1747 5379 Ἰουδαίων
1788 5341 1913 5377 συν-

322 5420 544 5490 αγωγῆς
586 5435 719 5472 ποτε
770 5416 952 5472 λαϐὼν
982 5418 1081 5492 τὴν
1128 5418 1499 5491 προφητείαν,
1544 5418 1639 5471 καὶ
1683 5415 1908 5471 διελθὼν

319 5509 413 5581 τὴν
440 5512 759 5566 ἐκτεθεῖσαν
798 5511 1123 5584 περικοπὴν,
1159 5510 1551 5583 πεπληρῶσθαι
1588 5511 1669 5573 εἰς
1710 5508 1905 5562 ἑαυτὸν

321 5602 521 5673 ἐδίδαξε
552 5604 618 5658 τὸ
640 5603 995 5674 ἀνάγνωσμα.
1020 5603 1333 5674 Γέγραπται
1356 5601 1486 5672 γάρ,
1510 5601 1587 5664 ὼς
1610 5598 1737 5671 ἄρα,
1771 5599 1902 5653 ἀνα-

392 5697 439 5728 ’⁸
469 5697 632 5752 Vers.
670 5697 726 5750 ι.
805 5695 847 5727 ⁷⁸
881 5692 1028 5749 Psal.
1085 5709 1236 5758 mv,
1286 5693 1397 5748 7-8.
1443 5693 1489 5725 τ’
1518 5691 1625 5747 lsa.
1680 5706 1792 5759 ωίι,
1842 5691 1895 5747 1.

387 5786 462 5861 (1)
494 5787 903 5860 Εἰλημμένου.
941 5787 1081 5859 Lege
1118 5786 1469 5859 ἡλειμμὲνου.
1509 5783 1666 5838 Eutr.

2046 3294 2207 3361 Deus,
2233 3296 2375 3354 Deus
2392 3301 2651 3357 tuusoleo
2689 3305 3095 3369 exsultationis,
3119 3324 3231 3378 prae
3260 3312 3630 3382 participibus

2043 3387 2152 3443 tuis
2177 3389 2246 3445 ".
2294 3408 2313 3441 ι
2344 3388 2510 3446 Plane
2538 3392 2686 3447 enim
2726 3394 2783 3448 in
2812 3395 2919 3460 his,
2953 3404 3013 3451 ut
3048 3396 3163 3467 jam
3199 3410 3360 3456 antea
3392 3402 3626 3459 demon-

2039 3481 2360 3547 stravimus,
2391 3498 2515 3539 cum
2544 3500 2690 3541 unus
2722 3486 2841 3558 ipse
2864 3504 3084 3560 quoque
3115 3492 3189 3547 sit
3215 3492 3262 3548 is
3286 3494 3355 3550 de
3383 3510 3494 3565 quo
3517 3496 3628 3566 agi-

2039 3581 2149 3636 tur.
2185 3571 2328 3630 Deus
2350 3591 2474 3631 esse
2498 3576 2723 3643 dicitur,
2749 3580 2842 3651 qui
2870 3581 3143 3651 justitiam
3174 3584 3445 3654 dilexerit,
3486 3586 3621 3642 ode-

2036 3664 2217 3733 ritque
2253 3664 2618 3737 iniquitatem,
2651 3677 2816 3741 atque
2855 3672 3020 3742 hujus
3047 3674 3128 3729 rei
3170 3675 3364 3746 gratia,
3402 3678 3472 3735 ab
3498 3678 3626 3749 ipso

2034 3756 2147 3813 Deo
2174 3772 2239 3813 ac
2261 3756 2424 3816 Patre
2447 3776 2550 3817 suo
2577 3770 2779 3821 unctus
2811 3763 2885 3821 sit
2905 3766 3027 3822 oleo
3058 3768 3425 3838 prestantiori
3454 3780 3621 3842 atque

2031 3847 2428 3916 excellentiori,
2464 3867 2628 3923 quam
2674 3861 2820 3912 esset
2855 3855 3170 3928 ﬁguratum,
3225 3875 3312 3927 eo,
3367 3861 3615 3933 inquam,

2029 3937 2172 4003 oleo,
2204 3939 2351 4011 quod
2380 3944 2765 4001 exsultationis
2799 3959 3047 4005 vocatur.
3090 3949 3162 4006 At
3189 3951 3338 4007 enim
3380 3953 3612 4024 quicun-

2028 4046 2135 4101 que
2161 4030 2543 4102 hujuscemodi
2574 4037 2718 4103 oleo,
2740 4054 2852 4094 non
2881 4041 2950 4096 ab
2976 4041 3295 4099 hominibus
3317 4060 3495 4115 neque
3513 4061 3614 4117 per

2029 4121 2299 4190 homines,
2350 4125 2445 4181 sed
2494 4127 2563 4183 ab
2611 4128 2734 4199 ipso
2776 4128 2886 4185 Deo
2929 4131 3091 4189 Patre
3127 4134 3200 4189 sit
3228 4143 3448 4201 unctus,
3477 4138 3613 4208 quid

2024 4215 2175 4270 aliud
2234 4216 2432 4272 merito
2487 4234 2652 4290 quam
2723 4219 2980 4278 Christus
3043 4224 3117 4281 sit
3184 4226 3616 4287 nominandus?

2022 4319 2156 4377 ergo
2210 4305 2464 4363 eumdem
2517 4307 2684 4364 etiam
2746 4308 2917 4366 Deum
2975 4313 3139 4370 simul
3174 4317 3445 4372 nominari
3492 4318 3609 4389 jam

2022 4404 2258 4465 constat,
2321 4400 2782 4470 quemadmodum
2836 4403 3058 4475 quidem
3103 4407 3222 4463 suis
3262 4409 3397 4466 locis
3443 4419 3610 4467 antea

2022 4490 2455 4548 demonstratum
2486 4501 2592 4550 est.
2630 4493 2831 4551 Verum
2859 4513 2982 4571 quae
3003 4501 3144 4571 apud
3175 4500 3368 4558 Isaiam
3399 4504 3605 4575 scripta

2023 4586 2153 4639 olim
2221 4585 2563 4654 citavimus,
2627 4589 2719 4645 hic
2787 4607 3008 4663 quoque
3078 4596 3374 4666 repetenda
3432 4604 3603 4666 sunt,

2025 4679 2115 4735 ubi
2170 4678 2261 4735 ille
2294 4679 2371 4734 ait
2406 4698 2421 4735 :
2466 4700 2486 4732 ι
2522 4679 2761 4753 Spiritus
2792 4682 3006 4740 Domini
3060 4703 3226 4757 super
3267 4703 3387 4754 me,
3443 4688 3607 4758 cujus

2020 4781 2189 4823 causa
2242 4768 2398 4823 unxit
2456 4785 2577 4835 me,
2638 4775 3014 4845 evangelizare
3063 4777 3393 4847 pauperibus
3450 4779 3603 4836 misit

2019 4876 2147 4923 me,
2206 4876 2403 4917 sanare
2447 4864 2719 4922 contritos
2773 4866 2963 4932 corde,
3019 4868 3317 4937 pradicare
3369 4870 3605 4940 captivis

2021 4951 2422 5019 remissionem,
2470 4965 2525 5010 et
2570 4957 2733 5014 caecis
2770 4959 2950 5013 visum
2986 4959 3052 5012 ⁷⁸.
3099 4978 3119 5011 ι
3161 4961 3218 5015 ln
3260 4960 3347 5016 his
3382 4977 3601 5034 quoque

2017 5043 2538 5111 demonstravimus,
2601 5048 2749 5119 quod
2795 5050 2890 5119 qui
2954 5052 3232 5121 quondam
3284 5054 3603 5111 sacerdotes

2011 5151 2078 5191 ex
2124 5134 2463 5202 hominibus,
2507 5139 2576 5194 ad
2631 5141 2709 5196 rei
2739 5142 2939 5198 divinae
2973 5143 3181 5198 cultum
3220 5143 3596 5209 accedebant,

2012 5228 2068 5283 hi
2122 5235 2405 5301 unguento
2475 5231 2775 5289 artiﬁciose
2835 5242 3155 5303 comparato
3227 5234 3594 5305 ungebantur.

2015 5322 2174 5395 193
2206 5325 2276 5379 At
2322 5343 2484 5398 quem
2531 5326 2815 5397 prophetia
2852 5325 3161 5397 signiﬁcat,
3198 5325 3247 5381 is
3276 5326 3479 5381 virtute
3509 5325 3599 5379 di-

2016 5416 2143 5471 vina
2185 5426 2387 5473 unctus
2420 5433 2544 5474 esse
2580 5417 2803 5481 dicitur,
2831 5424 3011 5472 et-noc
3032 5426 3204 5472 totqu
3235 5417 3302 5472 ad
3339 5414 3594 5469 Salvato-

2013 5523 2127 5565 rem
2159 5519 2411 5565 nostrum
2447 5508 2655 5576 Jesum,
2700 5510 2793 5580 qui
2826 5511 2978 5566 solus
3008 5526 3175 5566 verus
3221 5509 3475 5563 Christus
3509 5513 3593 5562 est

2010 5599 2130 5668 Dei,
2159 5602 2503 5660 referebatur
2540 5621 2553 5659 :
2586 5603 2677 5675 qui
2710 5604 2930 5676 quidem
2954 5602 3204 5661 Salvator
3235 5600 3292 5656 in
3317 5606 3593 5656 conventu
