4120 6420
482 352 590 410 333

1122 349 1392 408 EUSEBll
1429 348 1914 407 CJESARIENSIS
1952 350 2331 407 0PP.-PARS.
2369 351 2437 407 ll.
2478 382 2548 393 —
2576 350 3078 410 APOLOGETICA.

3644 357 3751 410 524

478 469 796 527 Judzorum
820 466 1124 538 quondam,
1152 482 1277 523 cum
1309 466 1651 539 prophetiam
1669 467 1992 539 accepisset,
2016 476 2069 523 et

2172 468 2333 536 γνοὺς
2367 470 2459 522 καὶ
2494 466 2697 535 πτύξας
2730 469 2792 522 τὸ
2825 469 3045 540 βιϐλίον,
3085 469 3177 525 καὶ
3224 471 3455 535 ἀποδοὺς
3497 471 3577 542 τῷ
3606 473 3753 546 ύπη-

482 563 663 620 loeum
707 560 1020 633 expositum
1056 559 1285 631 legendo
1324 561 1729 630 percurrisset,
1777 561 1833 615 in
1884 561 2068 631 seipso

481 655 815 727 completum
849 668 994 716 esse,
1041 652 1190 723 quod
1216 653 1420 708 lectum
1458 660 1597 719 erat,
1628 654 1870 709 edocuit.
1906 651 2071 708 Scri—

480 755 634 820 ptum
662 753 750 803 est
786 749 955 811 enim,
989 753 1051 801 ut
1088 761 1213 800 cum
1246 747 1473 817 legisset
1494 747 1701 801 librum
1748 762 1813 801 ac
1843 746 2071 817 plicuis-

481 846 589 905 set,
626 838 993 908 ministroque
1028 837 1381 903 reddidisset,
1413 837 1614 895 deinde
1637 837 1860 902 sederit,
1901 846 2071 910 utque

480 931 730 987 omnium
763 930 909 986 oculi
944 931 1000 984 in
1047 939 1325 987 conventu
1366 932 1423 985 in
1447 931 1600 986 illum
1633 939 1821 988 essent
1850 932 2067 998 intenti,

486 1032 655 1096 atque
692 1031 754 1078 ut
781 1022 978 1080 deinde
997 1024 1228 1094 coeperit
1255 1023 1441 1078 dicere
1461 1023 1530 1078 ad
1564 1024 1713 1089 illos,
1735 1023 1882 1094 quod
1914 1043 1934 1076 c
1971 1024 2071 1080 bo-

487 1117 579 1173 die
628 1118 899 1187 completa
946 1127 1032 1173 est
1089 1115 1373 1188 Scriptura
1423 1117 1539 1172 haec
1591 1116 1647 1171 in
1696 1117 1922 1173 auribus
1972 1132 2069 1172 ve-

483 1210 617 1267 stris
647 1211 715 1266 ".
757 1229 777 1263 ι
811 1206 975 1266 Hisce
1004 1210 1263 1266 omnibus
1305 1211 1374 1265 ad
1406 1219 1713 1267 extremum
1745 1210 1837 1265 illa
1870 1226 2068 1267 rursus

483 1317 608 1374 qua:
637 1301 781 1372 apud
813 1301 1019 1358 Mosem
1047 1302 1281 1374 legimus
1330 1302 1582 1358 addenda
1614 1318 1925 1369 censemus,
1974 1303 2070 1374 qui

483 1411 633 1459 cum,
663 1395 731 1450 ad
779 1396 1059 1465 exemplar
1085 1395 1190 1452 sibi
1223 1395 1684 1461 demonstratum,
1726 1395 1909 1452 Aaron
1958 1395 2071 1451 fra-

482 1493 622 1541 trem
667 1501 827 1541 suum
873 1486 1183 1556 pontiﬁcem
1226 1486 1641 1552 constituisset,
1679 1487 1823 1543 sicut
1874 1502 2070 1543 oracu-

483 1579 598 1633 lum
638 1578 743 1648 ipsi
779 1586 1134 1648 praeceperat,
1185 1579 1333 1651 quod
1377 1579 1538 1647 dixit,
1574 1599 1594 1632 ι
1650 1578 1841 1636 Facies
1885 1580 2068 1636 omnia

484 1670 555 1725 ad
612 1670 894 1741 exemplar
948 1672 1386 1728 demonstratum
1448 1672 1549 1728 tibi
1604 1672 1661 1727 in
1715 1681 1901 1727 monte
1932 1673 2001 1740 ⁷⁸,
2043 1693 2064 1726 ι

486 1764 649 1834 plane
699 1763 1047 1833 signiﬁcavit,
1095 1765 1242 1834 quod
1289 1764 1491 1819 mentis
1545 1764 1743 1828 oculis,
1773 1764 2072 1835 divinoque

2174 559 2325 632 ρέτῃ,
2355 559 2575 614 ἐκάθισε
2600 576 2614 590 ·
2661 560 2755 613 καὶ
2786 562 3005 616 πάντων
3036 563 3086 613 οἰ
3125 560 3394 632 ὀφθαλμοὶ
3426 564 3485 616 ἐν
3515 565 3582 634 τῇ
3625 581 3753 617 συνο

2169 653 2358 722 αγωγῇ
2408 646 2551 722 ἦσαν
2604 650 2940 717 ἀτενίζοντες
2980 650 3162 722 αὐτῷ,
3212 651 3414 723 ἤρξατο
3461 652 3518 706 δὲ
3572 652 3757 723 λέγειν

2170 742 2308 815 πρὸς
2345 743 2575 809 αὐτοὺς,
2611 743 2695 797 ὅτι
2733 761 2752 794 ι
2788 743 3037 816 Σήμερον
3074 742 3431 814 πεπλήρωται
3477 745 3510 815 ἡ
3558 744 3757 819 Γραφὴ

2170 835 2309 907 αῦτη
2326 837 2395 889 ,ἐν
2425 838 2537 900 τοῖς
2560 836 2693 889 ὠσὶν
2718 834 2893 906 ὑμῶν.
2921 854 2942 887 ι
2972 835 3094 888 Ἐπὶ
3118 834 3329 899 τούτοις
3357 834 3530 888 ἅπασι
3566 836 3661 889 καὶ
3684 836 3756 890 τὰ

2168 925 2413 991 Μωσέως
2451 922 2607 991 αὖθις
2649 924 3032 998 παραθετέον,ῆ
3061 924 3123 989 ὃς
3157 925 3299 981 κατὰ
3332 926 3426 979 τὸν
3473 926 3759 999 δειχθέντα

2169 1019 2317 1092 αὐτῷ
2339 1020 2533 1086 τύπον,
2560 1020 2652 1074 τὸν
2696 1018 2826 1073 ῐδιον
2865 1018 3093 1090 ἀδελφὸν
3122 1019 3214 1073 τὸν
3246 1018 3457 1091 ’Δαρὼν
3491 1020 3756 1093 ἀρχιερέα

2169 1113 2674 1184 καταστησάμενος,
2706 1109 3015 1175 ἀκολούθως
3037 1110 3116 1183 τῷ
3147 1111 3382 1183 φήσαντι
3415 1113 3553 1184 πρὸς
3589 1113 3755 1168 αὐτὸν

2170 1207 2423 1281 χρησμῷ,
2457 1225 2477 1260 ι
2506 1207 2761 1273 Ποιήσεις
2791 1206 2968 1261 πάντα
3012 1204 3152 1259 κατά
3193 1205 3284 1260 τὸν
3322 1204 3492 1261 τύπον
3516 1206 3609 1260 τὸν
3639 1207 3755 1261 δει-

2169 1300 2368 1373 χθέντα
2402 1317 2483 1353 σοι
2526 1302 2584 1354 ἐν
2621 1298 2701 1370 τῷ
2729 1299 2883 1371 ὄρει,
2914 1318 2934 1351 ι
2959 1297 3118 1370 δῆλός
3157 1299 3341 1363 ἐστιν,
3378 1298 3454 1363 ὡς
3496 1301 3611 1364 τοῖς
3652 1300 3755 1371 τῆς

2169 1392 2407 1455 διανοίας
2438 1390 2650 1463 ὄμμασι
2687 1389 2885 1462 καὶτῷ
2924 1390 3055 1462 θείῳ
3089 1388 3369 1459 Πνεύματι
3408 1389 3634 1444 συνιδὼν
3659 1391 3754 1445 τὸν

2173 1483 2347 1556 μέγαν
2361 1483 2470 1537 τῶν
2487 1482 2623 1537 ὅλων
2639 1481 2916 1555 ἀρχιερέα,
2930 1482 3021 1536 τὸν
3037 1480 3209 1554 ἀληθῆ
3225 1480 3459 1554 Χριστὸν
3477 1481 3571 1535 τοῦ
3590 1480 3752 1548 Θεοῦ,

2170 1572 2231 1632 οὗ
2257 1576 2395 1650 μετά
2428 1577 2526 1646 τῆς
2582 1574 2748 1646 ἄλλης
2784 1575 3100 1646 σωματικῆς
3125 1574 3220 1627 καὶ
3238 1573 3476 1644 τυπικῆς
3497 1572 3755 1646 λατρείας

2168 1668 2266 1741 τὴν
2294 1670 2478 1723 εἰκόνα
2494 1667 2833 1740 διαγράφων,
2867 1666 2957 1721 τὸν
2978 1666 3285 1738 δηλωθέντα
3306 1669 3372 1739 τῇ
3403 1666 3498 1721 τοῦ
3518 1667 3755 1740 ἀληθοῦς

2170 1761 2409 1835 Χριστοῦ
2446 1760 2807 1834 προσωνυμίᾳ
2844 1760 3129 1831 τετίμηκε.
3159 1758 3331 1813 Τοῦτο
3367 1760 3425 1814 δέ
3455 1760 3756 1833 παρίστησι

483 1856 684 1927 spiritu
715 1869 972 1926 magnum
1017 1856 1258 1911 universi
1291 1856 1602 1926 pontiﬁcem
1630 1856 1847 1922 viderit,
1880 1872 2069 1911 verum

2174 1855 2269 1908 κα)⁵
2288 1856 2317 1907 ό
2344 1854 2486 1919 θεῖος
2514 1852 2828 1917 ἀπόστολος,
2855 1852 3029 1923 λέγων
3062 1854 3190 1926 περὶ
3216 1854 3323 1909 τῶν
3352 1855 3492 1909 κατὰ
3508 1855 3599 1910 τὸν
3621 1858 3754 1911 Μω-

486 1949 674 2020 utique
720 1948 1000 2006 Christum
1050 1948 1167 2015 Dei,
1203 1950 1365 2020 cujus
1411 1950 1541 2005 dum
1591 1949 1884 2020 imaginem
1937 1965 2065 2005 cum

485 2043 590 2098 alia
613 2043 883 2113 corporali
910 2042 1081 2114 ﬁgura
1132 2059 1272 2115 aque
1295 2042 1616 2098 adoratione
1633 2041 1895 2098 describit
1915 2056 2062 2108 eum,

483 2134 577 2202 qui
607 2131 713 2187 sibi
750 2133 823 2187 sit
858 2133 1286 2198 demonstratu's,
1320 2133 1550 2188 alterius
1581 2133 1699 2188 veri
1729 2132 1936 2189 Christi
1965 2150 2065 2205 ap-

484 2222 778 2293 pellatione
831 2222 1138 2280 adornavit.
1183 2224 1365 2296 Ipsum
1415 2224 1521 2279 hoc
1576 2224 1796 2280 divinus
1848 2240 2068 2296 quoque

482 2314 782 2385 Apostolus
820 2318 1163 2387 comprobat,
1202 2317 1295 2372 ubi
1344 2317 1414 2373 de
1466 2317 1634 2374 Mosis
1681 2318 1895 2390 legibus
1935 2320 2067 2375 dicit

486 2406 625 2463 illud
661 2425 676 2463 :
719 2428 737 2459 ι
799 2406 904 2474 Qui
946 2409 1241 2480 exemplari
1287 2416 1453 2480 atque
1504 2409 1711 2465 umbra:
1754 2410 2069 2467 deserviunt

483 2500 953 2569 supercmlestium
982 2501 1049 2556 ⁷⁸.
1088 2521 1107 2553 ι
1146 2500 1213 2555 Et
1251 2516 1444 2558 rursus
1489 2521 1503 2557 :
1557 2521 1575 2553 ι
1613 2501 1875 2557 Umbram
1922 2504 2066 2559 enim

482 2588 695 2646 habens
738 2591 822 2646 lex
875 2590 1183 2647 futurorum
1232 2592 1500 2649 bonorum
1533 2594 1600 2649 ".
1654 2614 1673 2647 ι
1710 2594 1776 2649 Et
1818 2610 2013 2652 rursus
2050 2614 2065 2651 :

489 2698 510 2731 ι
546 2679 719 2737 Nemo
751 2682 918 2753 igitur
956 2698 1054 2738 vos
1078 2682 1289 2752 judicet
1332 2684 1388 2739 in
1419 2685 1544 2740 cibo
1572 2692 1666 2741 aut
1704 2694 1858 2755 potu,
1895 2694 1990 2741 aut
2013 2686 2068 2742 in

482 2780 641 2843 parte
683 2772 791 2829 diei
846 2772 1005 2840 festi,
1040 2781 1135 2828 aut
1180 2775 1498 2840 neomeniae,
1532 2783 1627 2829 aut
1678 2776 2064 2841 Sabbatorum,

482 2879 605 2934 quae
647 2873 776 2922 sunt
826 2866 1022 2921 umbra
1082 2866 1395 2922 futurorum
1426 2869 1492 2924 ".
1531 2888 1550 2921 ι
1584 2867 1720 2925 Nam
1756 2869 1804 2925 si
1847 2884 1969 2939 qua:
1998 2870 2068 2926 ad

480 2958 734 3015 ciborum
768 2957 1191 3014 indiﬁ‘erentiam
1221 2961 1516 3030 pertinent,
1545 2970 1598 3017 et
1631 2978 1753 3032 qua:
1779 2964 1846 3019 de
1873 2963 2067 3021 diebus

485 3047 641 3103 festis
669 3056 725 3104 et
749 3050 993 3106 sabbatis
1026 3050 1141 3122 lege
1198 3053 1409 3107 sancita
1440 3061 1588 3118 sunt,
1615 3058 1773 3125 quasi
1815 3058 2066 3113 umbram

483 3140 761 3210 habentia,
795 3144 1068 3214 picturam
1113 3143 1345 3199 aliarum
1376 3153 1431 3200 et
1461 3161 1712 3203 verarum
1742 3157 1797 3205 ct
1824 3152 2068 3206 occulta-

484 3248 606 3287 rum
637 3248 820 3289 rerum
851 3235 1274 3302 conservabant,
1304 3253 1414 3293 non
1446 3238 1718 3296 immerito
1757 3242 1835 3298 sis
1873 3243 2068 3298 dictu-

484 3341 618 3390 rus,
663 3326 975 3397 pontiﬁcem
1020 3343 1242 3400 quoque
1284 3329 1514 3388 alterius
1563 3332 1841 3403 pontiﬁcis
1892 3334 2071 3391 instar

485 3427 825 3490 assumptum
873 3419 1069 3486 fuisse,
1114 3421 1477 3492 eumdemque
1508 3422 1789 3480 Christum
1822 3409 2087 3483 denomi;

484 3520 698 3579 natum,
739 3513 808 3568 ad
842 3514 1069 3570 alterius
1110 3523 1167 3570 et
1217 3517 1390 3572 solius
1420 3526 1474 3572 et
1502 3518 1614 3574 veri
1643 3518 1848 3576 Christi
1879 3521 2072 3593 imagi-

486 3622 634 3662 nem.
675 3606 778 3674 Qui
814 3615 999 3663 tamen
1032 3623 1062 3661 a
1090 3625 1219 3665 vero
1262 3611 1535 3682 tantisper
1564 3612 1915 3683 relinquitur.
1939 3614 2070 3669 dum

484 3715 648 3754 verus
696 3699 916 3769 quidem
967 3700 1255 3768 Christus,
1303 3702 1373 3757 ab
1418 3702 1657 3758 universi
1713 3703 1822 3760 Deo
1872 3703 2068 3759 audit:

488 3808 511 3843 ι
549 3788 692 3846 Sede
722 3805 753 3844 a
801 3791 1006 3849 dextris
1036 3793 1195 3856 meis,
1228 3794 1405 3849 donec
1435 3810 1632 3865 ponam
1669 3795 1920 3852 inimicos
1950 3804 2074 3852 tuos

483 3883 781 3939 scabellum
805 3884 1003 3955 pedum
1021 3892 1241 3940 tuorum
1256 3887 1323 3941 ⁷⁸.
1339 3905 1357 3938 ι
1381 3884 1445 3939 Et
1467 3887 1598 3942 illud
1618 3906 1660 3943 τι
1681 3887 1759 3941 Ex
1774 3896 1932 3944 utero
1950 3897 2076 3946 ante

483 3971 797 4029 Luciferum
819 3975 979 4045 genui
1003 3976 1135 4031 te".
1163 3996 1181 4029 ι
1207 3975 1269 4029 Et
1287 3977 1416 4031 illud
1439 3998 1451 4032 ε
1473 3997 1492 4028 ι
1516 3961 1725 4034 iuravit
1743 3978 2005 4037 Dominus
2020 3989 2077 4037 et

483 4078 596 4122 non
628 4066 911 4137 paenitebit
937 4082 1082 4123 eum.
1111 4067 1272 4140 194
1319 4069 1400 4123 Tu
1449 4084 1509 4126 es
1538 4071 1797 4127 sacerdos
1833 4072 1890 4127 in
1918 4081 2075 4128 aeter-

484 4174 618 4215 num
653 4159 957 4215 secundum
991 4160 1239 4218 ordinem
1275 4161 1638 4219 Melchisedec
1668 4164 1736 4218 '°.
1777 4184 1796 4217 ι
1827 4163 1933 4221 Per
1955 4179 2076 4237 quae

485 4252 649 4324 plane
694 4267 820 4307 cum
858 4254 1078 4309 soboles
1109 4254 1205 4311 Dei
1254 4270 1319 4310 ac
1349 4254 1522 4312 Filius
1562 4263 1689 4312 ante
1734 4248 2072 4325 Luciferum,

485 4356 650 4415 atque
679 4353 806 4401 ante
832 4361 996 4401 omne
1023 4348 1302 4418 opiﬁcium
1329 4350 1621 4414 exstiterit,
1645 4351 1887 4421 pontifex
1917 4359 2076 4407 aeter-

485 4452 592 4491 nus
633 4444 719 4492 est
751 4436 1087 4495 declaratus.
1130 4439 1299 4497 Mosis
1345 4457 1475 4496 vero
1511 4441 1785 4505 Christus,
1815 4453 2073 4516 tanquam

2169 1947 2307 2011 σέως
2332 1946 2515 2019 νόμον,
2551 1947 2632 2009 τὸ,
2675 1965 2693 1998 ι
2718 1946 2925 2010 Οἴτινες
2968 1945 3328 2018 ὑποδείγματι
3364 1948 3459 2002 καὶ
3491 1950 3615 2020 σκιᾷ
3657 1947 3757 2002 λα·-

2166 2038 2419 2112 τρεύουσι
2440 2037 2547 2090 τῶν
2577 2036 2935 2109 ἐπουρανίων.
2968 2055 2986 2087 ι
3021 2035 3133 2089 Καὶ
3167 2036 3360 2091 πάλιν·
3400 2056 3418 2088 ι
3449 2037 3616 2090 Σκιάν
3643 2036 3756 2109 γὰρ

2168 2133 2306 2207 ἔχων
2338 2134 2367 2186 ὁ
2398 2133 2562 2205 νόμος
2584 2130 2692 2186 τῶν
2746 2130 3047 2203 μελλόντων
3091 2129 3333 2199 ἀγαθῶν.
3365 2149 3383 2181 ι
3412 2131 3524 2185 Καὶ
3552 2129 3714 2186 πάλιν
3735 2146 3750 2159 °

2174 2248 2193 2281 ι
2216 2226 2309 2299 Μὴ
2345 2221 2438 2280 οὖν
2461 2243 2542 2289 τις
2565 2224 2710 2296 ὑμᾶς
2733 2222 2964 2296 κρινέτω
2992 2222 3026 2295 ἢ
3063 2224 3121 2276 ἐν
3170 2220 3391 2295 βρώσει,
3419 2221 3452 2293 ἢ
3479 2225 3538 2277 ἐν
3569 2224 3754 2290 πόσει,

2167 2320 2280 2392 ἢέν
2305 2318 2461 2392 μέρει
2495 2316 2709 2390 ἑορτῆς,
2737 2316 2770 2388 ἢ
2802 2315 3178 2388 νουμηνίας,ῆ
3210 2315 3517 2380 σαϐϐάτων,
3558 2316 3594 2369 ἃ
3633 2317 3750 2370 ἐστι

2171 2411 2297 2466 σκιά
2326 2410 2436 2465 τῶν
2463 2409 2780 2482 μελλόντων.
2817 2427 2836 2460 ι
2863 2409 2927 2461 Εἰ
2957 2408 3066 2481 γὰρ
3097 2408 3165 2462 τά
3193 2409 3321 2480 περὶ⁸
3344 2408 3444 2479 τῆς
3470 2407 3581 2461 τῶν
3607 2408 3767 2480 βρω-.

2171 2503 2358 2573 μάτων
2380 2500 2724 2573 ἀδιαφορίας,
2749 2502 2842 2554 καὶ
2863 2498 2934 2554 τὰ
2967 2501 3095 2571 περὶ
3123 2500 3327 2573 ἑορτῶν
3350 2502 3447 2554 καὶ
3481 2500 3755 2555 σαϐϐάτου

2169 2592 2638 2665 νενομοθετημένα
2657 2632 2673 2658 ,
2705 2590 2782 2656 ὡς
2824 2590 2890 2645 ἂν
2924 2588 3125 2662 σκιώδη
3152 2590 3305 2644 ’ὄντα
3324 2630 3339 2654 ,
3391 2589 3755 2663 ὑπογραμμὸν

2170 2688 2373 2758 ἐτέρων
2406 2684 2621 2758 ἀληθῶν
2666 2684 2763 2738 καὶ
2824 2681 3100 2754 μυστικῶν
3150 2682 3490 2754 πραγμάτων
3528 2682 3754 2748 ἔσωζεν,

2168 2781 2269 2835 οὐκ
2312 2779 2618 2843 ἀπεικότως
2662 2780 2809 2852 ἐρεῖς
2854 2777 2949 2831 κα)⁵
2992 2776 3083 2831 τὸν
3132 2774 3394 2849 ἀρχιερέα
3435 2777 3515 2841 εἰς
3565 2775 3755 2847 ἐτέρου

2167 2874 2470 2946 ἀρχιερέως
2503 2870 2870 2945 παρειλῆφθαι
2900 2868 3190 2941 σύμϐολον,
3214 2869 3309 2925 καὶ
3328 2867 3564 2941 Χριστὸν
3592 2868 3777 2937 αὐτὸν,

2168 2966 2553 3039 ἐπωνομάσθαι
2579 2968 2659 3030 εἰς
2687 2964 2877 3036 ἐτέρου
2919 2963 3013 3018 τοῦ
3045 2962 3207 3036 μόνου
3242 2962 3338 3018 καὶ
3375 2961 3592 3034 ἀληθῶς
3624 2963 3756 3034 Χρι⁴

2171 3057 2298 3113 στοῦ
2323 3075 2337 3089 ·
2369 3056 2621 3112 τοσοῦτον
2650 3073 2714 3126 γε
2756 3056 2863 3129 μὴν
2884 3053 3205 3127 λειπόμενον
3239 3053 3333 3109 τοῦ
3368 3052 3621 3126 ἀληθοῦς,
3656 3070 3757 3108 κα-

2170 3148 2325 3202 θόσον
2376 3148 2405 3200 ὁ
2456 3147 2556 3217 μὲν
2605 3146 2812 3219 ἀληθὴς
2859 3146 3091 3218 Χριστὸς
3140 3146 3278 3217 πρὸς
3321 3143 3414 3198 τοῦ
3462 3144 3573 3199 τῶν
3618 3144 3751 3199 ὃλωι

2170 3237 2305 3291 Θεοῦ
2339 3236 2547 3291 ἀκούει·
2578 3256 2596 3288 ι
2622 3238 2807 3293 Κάθου
2832 3238 2897 3291 ἐκ
2921 3237 3112 3305 δεξιῶν
3144 3255 3269 3309 μου,
3292 3236 3399 3301 ἕως
3426 3236 3491 3291 ἂν
3529 3235 3607 3290 θῶ
3630 3238 3756 3301 τοὺς

2170 3329 2396 3403 ἐχθρούς
2408 3347 2501 3384 σου
2518 3330 2803 3384 ὑποπόδιον
2819 3329 2925 3383 τῶν
2942 3328 3117 3384 ποδῶν
3139 3346 3253 3382 σου*
3280 3347 3297 3382 i
3315 3329 3444 3395 Καὶ,
3456 3348 3474 3379 ι
3499 3330 3755 3383 Κατακυο

2175 3422 2320 3494 ρίευε
2357 3423 2414 3475 ἐν
2445 3421 2596 3494 μέσῳ
2627 3421 2735 3475 τῶν
2768 3421 2977 3495 ἐχθρῶν
3017 3438 3144 3475 σου⁹
3171 3421 3336 3486 οΚαὶ,
3357 3441 3376 3472 ι
3410 3422 3503 3474 Ἐκ
3521 3420 3756 3493 γαστρὸς

2174 3514 2280 3586 πρὸ
2305 3513 2612 3585 Ἑωσφόρου
2655 3513 2921 3585 ἐγέννησά
2945 3531 3004 3567 σε
3023 3532 3036 3544 ·
3060 3533 3079 3566 ι
3113 3514 3222 3567 Καὶ
3257 3533 3275 3566 ι
3303 3515 3507 3584 Ὠμοσε
3527 3511 3755 3585 Κύριος,

2176 3606 2274 3662 καὶ
2290 3608 2350 3660 οὐ
2371 3607 2913 3680 μεταμεληθήσεται*
2930 3609 3003 3661 Σὺ
3032 3608 3208 3680 ἱερεὺς
3224 3609 3303 3672 εἰς
3323 3607 3415 3662 τὸν
3431 3607 3598 3664 αἰῶνα
3618 3609 3760 3664 κατά

2172 3703 2272 3772 τὴν
2302 3698 2453 3764 τάξιν
2484 3698 2841 3771 Μελχισεδέκ.
2897 3719 2915 3751 ι
2935 3701 3013 3752 Δι’
3038 3693 3113 3754 ὧν
3141 3699 3347 3770 σαφῶς,
3390 3701 3635 3774 γέννημα
3662 3704 3758 3757 καὶ

2177 3792 2303 3857 Υἱὸς
2318 3789 2453 3844 Θεοῦ
2471 3792 2575 3868 πρὸ
2588 3792 2923 3863 Ἑωσφόρου,
2945 3792 3040 3847 καὶ
3069 3792 3174 3865 πρὸ
3204 3792 3384 3863 πάσης
3398 3793 3758 3864 δημιουργίας

2177 3885 2440 3949 ὑποστὰς,
2472 3884 2689 3948 αἰώνιος
2721 3884 3011 3957 ἀρχιερεὺς
3034 3882 3431 3955 ἀναπέφανται.
3462 3884 3520 3937 '0
3541 3885 3598 3938 δὲ
3627 3887 3753 3939 Μω-

2179 3978 2320 4043 σέως
2337 3978 2594 4050 Χριστὸς,
2612 3972 2724 4031 οἷον
2740 3980 2796 4031 ἐν
2808 3977 3067 4050 δράματι,
3089 3977 3179 4032 τὸν
3205 3977 3373 4031 τύπον
3389 3977 3643 4050 ἐνβραχεί
3655 3994 3758 4032 κα·-

2177 4070 2656 4145 θυποκρινάμενος
2681 4070 2859 4143 χρόνῳ
2877 4111 2892 4137 ,
2925 4074 3101 4126 κεῖται
3124 4072 3182 4124 ἐν
3216 4070 3428 4142 θνητοῖς
3448 4069 3759 4142 λελογισμέ⁶

2178 4182 2292 4229 νος,
2311 4164 2486 4236 έτέρῳ
2506 4164 2603 4237 τὴν
2620 4164 2877 4237 ἀλήθειαν
2893 4163 2970 4236 τῷ
2985 4164 3130 4235 μόνῳ
3146 4164 3239 4217 καὶ
3254 4163 3445 4237 ἀληθεῖ
3462 4163 3753 4237 παραδούςο

2176 4260 2271 4314 καὶ
2293 4262 2321 4313 ό
2371 4260 2469 4332 μὲν
2490 4259 2698 4332 ἀληθὴς
2721 4258 2955 4332 Χριστὸς
2978 4259 3040 4312 ού
3070 4257 3283 4330 δεηθεὶς
3307 4259 3405 4330 τῆς
3435 4258 3573 4312 κατὰ
3622 4257 3760 4313 Μωσ-

2178 4352 2276 4407 σέα
2301 4353 2554 4426 χρίσεως,
2570 4352 2678 4406 οὐδ’
2707 4350 2887 4406 ἐλαίου
2912 4348 3211 4405 σκευαστοῦ
3232 4348 3328 4403 καὶ
3349 4348 3580 4419 γεώδους
3603 4348 3756 4420 ὕλης.

2175 4447 2327 4518 ὅμως
2370 4446 2471 4517 τῆς
2507 4446 2707 4519 ἀρετῆς
2748 4446 2843 4499 καὶ
2875 4444 2976 4515 τῆς
3026 4443 3411 4515 προσωνυμίας
3451 4443 3551 4515 τῆς
3592 4440 3759 4497 αὑτοῦ

486 4526 543 4581 in
563 4528 787 4583 scenica
811 4529 1046 4593 actione,
1069 4531 1138 4586 ad
1159 4532 1325 4588 breve
1354 4533 1655 4590 adornatus
1677 4536 2069 4608 simulatusque

2176 4538 2276 4610 τὴν
2322 4538 2647 4611 οἰκουμένην
2701 4536 3015 4608 κατέπλησε
3038 4576 3054 4600 ,
3106 4530 3437 4608 παρώνυμον
3489 4534 3654 4589 αὑτοῦ
3697 4534 3760 4588 τὸ

482 4627 702 4690 tempus
755 4621 901 4676 inter
930 4624 1192 4679 mortales
1228 4626 1441 4694 positus
1474 4636 1933 4700 computatusque
1961 4639 2065 4699 est,

483 4714 662 4777 alteri,
697 4715 790 4785 qui
834 4714 985 4771 solus
1011 4724 1098 4771 est
1140 4732 1326 4783 verus,
1357 4719 1558 4773 tradita
1586 4721 1815 4777 veritate
1845 4742 1857 4778 :
1897 4730 1952 4778 et
1980 4740 2073 4780 ve-

482 4822 582 4862 rus
638 4809 857 4878 quidem
902 4809 1201 4876 Christus,
1251 4827 1429 4882 neque
1479 4810 1732 4869 Mosaicae
1768 4816 2068 4881 unctionis,

482 4910 662 4971 neque
690 4901 794 4956 olei
827 4903 1126 4959 artiﬁciose
1164 4904 1422 4969 confecti,
1462 4908 1808 4963 terrestrisve
1834 4909 2067 4979 alicujus

484 4992 727 5048 materiae
777 4993 1063 5064 indigens,
1111 5004 1295 5052 tamen
1334 4998 1538 5054 virtute
1596 5001 2068 5074 appellationeque

481 5098 585 5139 sua
625 5092 800 5140 totum
845 5094 1116 5142 terrarum
1160 5090 1347 5144 orbem
1400 5091 1693 5161 implevit:
1729 5093 1930 5164 quippe
1973 5094 2069 5165 qui

481 5176 900 5234 denominatum
933 5196 963 5235 a
988 5182 1183 5254 seipso
1232 5185 1285 5237 in
1334 5185 1593 5240 omnibus
1632 5188 1884 5256 gentibus
1908 5186 2071 5243 Chri-

482 5270 789 5327 stianorum
826 5272 1127 5330 instituerit
1153 5291 1345 5347 genus.
1369 5276 1538 5335 Mosis
1566 5295 1698 5335 vero
1720 5279 1975 5337 Christus
2002 5296 2073 5337 ne

483 5361 541 5417 in
570 5362 884 5420 hominibus
911 5367 1155 5436 quidem,
1192 5372 1337 5440 quod
1367 5386 1608 5443 unquam
1635 5387 1834 5428 nomen
1865 5373 2075 5428 habue-

482 5458 578 5523 rit,
627 5459 979 5530 perspicuum
1023 5461 1165 5527 fuit,
1223 5465 1326 5521 nisi
1361 5474 1631 5537 quatenus
1677 5467 1853 5538 ipsius
1901 5467 2069 5523 Mosis

482 5552 688 5622 scripta
744 5552 1100 5622 prodiderint.
1157 5556 1222 5611 Et
1271 5559 1359 5614 llic
1406 5560 1627 5631 quidem
1678 5576 1803 5617 sero
1848 5561 2069 5616 tandem

583 5730 798 5815 7I-Lugl
822 5749 929 5815 “ly,-
954 5734 1042 5815 23,
1108 5735 1536 5815 -jf-‘Exodaxv,
1575 5746 1664 5801 40.

483 5816 593 5869 Clx,
627 5803 676 5857 1.
754 5805 799 5836 ⁷⁹
820 5805 951 5862 ibid.
978 5808 1030 5861 5.
1106 5806 1152 5839 ⁸⁰
1172 5808 1303 5864 ibid.
1342 5812 1394 5867 4.

1773 5748 1817 5779 ⁷⁸
1844 5746 2009 5803 Hebr.
2059 5762 2177 5815 vni,
2212 5746 2263 5801 5.

2175 4631 2518 4704 Χριστιανῶν
2538 4632 2693 4700 γένος
2723 4631 2782 4683 ἐν
2805 4630 2939 4684 πᾶσι
2969 4632 3084 4693 τοῖς
3111 4628 3287 4683 ἔθνεσι
3314 4628 3755 4700 συστησάμενος·

2173 4726 2205 4780 ὁ
2270 4724 2327 4778 δὲ
2367 4722 2646 4787 Μωσέως,
2693 4721 2803 4776 οὐδ’
2855 4722 2939 4775 ὅτι
2993 4721 3125 4775 ποτὲ
3173 4723 3233 4775 ἐν
3280 4719 3589 4792 ἀνθρώποις
3628 4720 3762 4773 ώνο-

2176 4817 2380 4890 μάσθη,
2404 4817 2563 4887 δῆλος
2627 4811 2725 4888 ῆν,
2768 4818 2817 4869 εἰ
2853 4815 2928 4888 μὴ
2959 4814 3048 4870 διὰ
3089 4814 3190 4887 τῆς
3232 4814 3476 4878 Μωσέως
3515 4814 3756 4886 γραφῆς.

2173 4912 2278 4966 Ka‘t
2314 4906 2468 4975 οὗτος
2514 4911 2611 4981 μὲν
2651 4909 2753 4979 ὀψέ
2800 4926 2933 4964 ποτε
2975 4908 3113 4981 μετά
3161 4906 3259 4981 τὴν
3303 4906 3480 4975 ἔξοδον
3518 4907 3619 4978 τὴν
3652 4906 3762 4960 ἀπὸ

2171 5005 2448 5074 Αἰγύπτου
2485 5005 2963 5077 περιρῤαντηρίοις
3004 5003 3115 5057 τισὶ
3145 5004 3239 5056 καὶ
3274 5005 3393 5066 ταῖς
3424 5001 3490 5054 δι’
3513 5000 3762 5072 αἱμάτων

2173 5098 2386 5163 θυσίαις
2419 5097 2737 5171 καθαρθεὶς,
2774 5097 2940 5167 ἐλαίῳ
2973 5095 3227 5168 κέχριστο
3289 5093 3593 5165 σκευαστῷ,
3630 5095 3762 5147 Μω-

2174 5191 2316 5255 σέως
2349 5191 2508 5245 αὐτὸν
2546 5190 2863 5263 κεχρικότος
2882 5207 2894 5220 ⁸
2926 5191 2956 5242 ὁ
2983 5189 3041 5242 δὲ
3085 5188 3389 5260 ἀρχέτυπος
3428 5187 3521 5240 καὶ
3554 5185 3760 5258 ἀληθὴς

2175 5283 2414 5356 ἀρχῆθεν
2460 5285 2558 5338 καὶ
2599 5285 2680 5346 εἰς
2726 5283 2952 5354 ἄπειρον
2986 5282 3192 5346 αἰῶνα,
3236 5265 3467 5347 ὄλοςὶδϋ
3500 5280 3620 5334 ὅλου
3665 5280 3762 5335 καὶ

2177 5376 2340 5439 αὐτὸς
2390 5375 2541 5447 αὕτῴ
2587 5375 2657 5430 τά
2711 5375 2889 5428 πάντα
2918 5374 3137 5446 ὅμοιος,
3191 5373 3314 5446 μηδ’
3341 5372 3521 5427 ὁτιοῦν
3552 5370 3764 5442 παραλ-

2175 5466 2406 5530 λάττων,
2441 5467 2677 5539 Χριστὸς
2705 5462 2773 5538 ἦν
2798 5468 2906 5529 ἀεὶ,
2942 5467 3037 5519 καὶ
3072 5466 3179 5539 πρὸ
3218 5466 3319 5537 τῆς
3352 5467 3409 5518 ἐν
3454 5462 3761 5536 ἀνθρώποις

2176 5559 2489 5631 ἐπιδημίας,
2514 5560 2609 5615 καὶ
2639 5562 2754 5631 μετ’
2779 5557 2947 5631 αὐτὴν
2975 5559 3195 5631 ὁμοίως,
3221 5558 3281 5612 οὐ
3306 5558 3443 5631 πρὸς
3471 5553 3762 5628 ἀνθρώπου

2377 5745 2607 5803 7“Ilclir.
2661 5763 2715 5813 x,
2770 5747 2820 5802 l.
2900 5742 3180 5801 "Coloss.
3233 5760 3293 5813 ιι,
3343 5743 3428 5805 16.
3535 5743 3583 5775 ⁷⁸
3606 5741 3755 5802 Psal.
