4158 6418
287 364 392 421 5'25

1226 357 1885 417 DEMONSTRATIONIS
1922 355 2389 414 EVANGELICIE
2429 355 2560 414 LIB.
2594 354 2684 413 IV.

3330 414 3369 459 .
3474 354 3584 412 526

288 480 413 537 οὐδὲ
447 479 516 533 δι’
555 478 696 553 ὕλης
725 480 826 553 τῆς
869 482 928 535 ἐν
961 479 1291 555 ἀνθρώποις,
1329 481 1467 535 ἀλλὰ
1502 481 1639 552 πρὸς
1671 480 1764 533 τοῦ
1796 482 1889 533 ἐπὶ

2010 488 2115 549 post
2156 476 2365 533 exitum
2410 475 2480 531 de
2531 474 2801 548 Egypto,
2842 474 2991 531 vasis
3042 472 3372 545 quibusdam
3430 477 3585 546 puris

297 572 517 629 πάντων
564 571 710 626 Θεοῦ
758 575 827 645 τῇ
867 574 1054 644 άγενεῖ
1097 572 1312 646 θεότητι
1359 573 1739 644 κεχρισμένος.
1782 572 1894 624 Kal.

299 665 602 737 ἐπειδήπερ
648 665 714 720 τὺ
756 665 860 737 τῆς
913 666 1288 739 προσηγορίας
1336 663 1502 719 αὑτοῦ
1558 665 1687 737 παρ’
1738 662 1893 735 ἡμῶν

304 758 651 827 ἐξετάζεται,
678 758 819 812 κτῶν
851 758 1161 830 εἰρημένων
1202 756 1459 811 ἁπάντων
1513 755 1601 828 εἴη
1654 755 1722 810 ἂν
1776 756 1897 808 ἐπι-

307 840 719 923 σφράγισμα’τὺ
740 850 894 921 παρὰ
934 848 1013 921 τῷ
1052 849 1354 922 σοφωτάτῳ
1377 847 1683 920 Σολομῶντι
1717 847 1895 917 λόγιον

307 943 515 1013 φάσκον
544 942 606 996 ὲν
629 940 714 1012 τῷ
741 942 981 1014 ’ᾼσματι
1007 941 1117 997 τῶν
1143 942 1435 1014 ᾀσμάτωνο
1469 960 1489 993 ι
1517 940 1707 1013 Μῦρον
1737 942 1897 994 ἐκκε-

305 1033 474 1088 νωθὲν
499 1032 677 1103 δνομά
714 1048 833 1086 σου.
868 1050 888 1084 ι
913 1026 1078 1096 Οὗτος
1114 1031 1225 1105 γὰρ
1253 1031 1423 1104 ὲνθέῳ
1465 1032 1628 1104 σοφίᾳ
1665 1048 1898 1103 κεχορη-

304 1125 567 1197 γημένος,
603 1125 699 1180 καὶ
746 1123 1101 1192 καταξιωθεὶς
1142 1124 1596 1198 ἅποῤῥητοτέρων
1641 1124 1769 1196 περὶ
1800 1123 1896 1178 τοῦ

305 1216 548 1288 Χριστοῦ
581 1216 679 1269 καὶ
704 1215 805 1288 τῆς
837 1215 1164 1287 Ἐκκλησίας
1191 1215 1357 1270 αὐτοῦ
1387 1215 1780 1288 θεωρημάτων,
1804 1217 1899 1269 καὶ

307 1308 400 1362 τοῦ
428 1309 528 1380 μὲν
561 1308 639 1372 ὼς
669 1308 994 1380 ἐπουρανίου
1039 1307 1295 1380 νυμφίου,
1333 1309 1435 1380 τῆς
1475 1308 1533 1362 δὲ
1572 1308 1648 1372 ὡς
1679 1307 1900 1380 νύμφης

309 1401 474 1455 αὐτοῦ
520 1400 928 1473 μνημονεύσας,
964 1401 1394 1475 ὲπιζητουμένου
1422 1401 1477 1455 τί
1505 1400 1614 1473 ἄρα
1638 1397 1707 1471 ἦν
1728 1401 1900 1471 ὄνομα

304 1493 386 1565 τῷ
408 1495 652 1566 νυμφίῳ,
676 1495 939 1564 ὲπιφωνεϊ
958 1494 1034 1558 ὡς
1056 1493 1192 1565 πρὸς
1221 1494 1385 1548 αὐτὸν
1409 1493 1605 1563 λέγων.
1635 1493 1709 1549 Τὸ
1729 1493 1900 1564 ὄνομά

309 1603 424 1651 σου,
459 1587 687 1658 νυμφίε,
717 1586 887 1659 μύρον
916 1588 1054 1652 ἐστὶ,
1080 1588 1173 1641 καὶ
1201 1586 1372 1661 μύρον
1403 1588 1501 1660 οὐχ
1521 1587 1733 1654 ἁπλῶς,
1764 1587 1902 1642 ἀλλὰ

308 1677 712 1749 κεκενωμένον.
740 1679 901 1733 Ποῖον
927 1679 984 1733 δὲ
1010 1678 1075 1733 ἂν
1099 1681 1325 1751 γένηται
1351 1679 1523 1752 ὄνομα
1548 1679 1723 1753 μύρου
1745 1697 1902 1735 κεκε-

311 1769 559 1841 νωμένου
585 1768 883 1840 δηλωτικὸν
912 1770 947 1842 ἢ
979 1770 1042 1824 τὸ
1074 1769 1170 1824 τοῦ
1206 1754 1446 1842 Χριστοῦ
1472 1771 1675 1843 δνομας
1701 1771 1763 1825 ού
1792 1770 1902 1844 γὰρ

1997 570 2351 640 cruentisque
2398 567 2688 624 sacriﬁciis
2733 576 3020 638 purgatus,
3073 566 3195 621 oleo
3250 574 3451 623 unctus
3501 576 3587 624 est

1997 671 2318 733 comparato
2372 661 2554 732 ipsum
2601 658 2808 716 Mosem
2859 658 3090 717 sortitus
3129 665 3440 715 unctorem.
3489 657 3588 714 llle

1995 770 2130 811 vero
2161 754 2346 810 omnis
2376 752 2567 809 formae
2603 752 2898 824 archetypa
2934 759 2989 808 et
3015 766 3203 817 verus,
3234 751 3305 807 ab
3338 749 3498 805 initio
3526 749 3587 806 in

1997 846 2277 903 inﬁnitum
2326 861 2504 917 usque
2535 861 2734 911 azvum,
2782 852 2932 901 totus
2964 860 3064 915 per
3106 851 3306 911 totum,
3358 844 3591 917 ipseque

1998 940 2106 997 sibi
2136 940 2191 995 in
2228 939 2488 995 omnibus
2517 938 2738 1002 similis,
2771 952 3045 1008 nusquam
3075 937 3377 1010 quidquam
3407 944 3591 992 muta-

1998 1030 2170 1087 tionis
2197 1030 2495 1102 accipiens,
2524 1027 2782 1085 Christus
2808 1044 3023 1099 semper
3052 1027 3178 1092 fuit,
3208 1029 3375 1083 etiam
3401 1029 3591 1099 prius-

1997 1138 2164 1195 quam
2210 1122 2280 1178 ad
2326 1121 2579 1179 homines
2623 1122 2874 1188 venerit,
2914 1128 3082 1191 atque
3129 1120 3317 1178 itidem
3362 1127 3588 1191 postea,

1999 1228 2110 1269 non
2133 1212 2224 1269 ille
2243 1212 2464 1283 quidem
2488 1211 2558 1267 ab
2582 1211 2825 1275 homine,
2849 1225 3028 1281 neque
3050 1210 3164 1267 ulla
3186 1211 3435 1275 materia,
3466 1224 3592 1280 qua

2002 1306 2145 1363 inter
2171 1306 2424 1361 homines
2458 1305 2798 1376 reperiatur,
2834 1304 2933 1360 sed
2986 1319 3018 1359 a
3060 1319 3321 1374 supremo
3355 1303 3469 1360 Deo
3503 1304 3592 1359 ino

2002 1398 2185 1469 genita
2214 1395 2505 1452 divinitate
2532 1405 2752 1451 unctus.
2788 1394 2856 1449 Et
2884 1396 3147 1466 quoniam
3192 1396 3261 1452 de
3308 1396 3459 1451 illius
3492 1411 3592 1467 ap-

2001 1491 2297 1560 pellatione
2349 1491 2408 1567 in
2441 1489 2736 1561 praesentia
2784 1489 3133 1554 disserimus,
3166 1489 3425 1546 omnibus
3468 1504 3597 1561 qua:

2002 1585 2149 1641 dicta
2167 1592 2296 1639 sunt
2314 1582 2477 1654 quasi
2499 1583 2716 1655 signum
2741 1584 3087 1655 imprimatur
3103 1582 3258 1649 illud,
3278 1583 3423 1653 quod
3447 1582 3594 1653 apud

2004 1676 2471 1748 sapientissimum
2496 1676 2846 1734 Salomonem
2866 1684 3068 1743 exstat,
3095 1678 3401 1743 oraculum,
3430 1677 3513 1731 sic
3532 1690 3600 1733 se

2005 1770 2215 1827 habens
2242 1770 2298 1825 in
2327 1767 2558 1825 Cantico
2588 1771 2932 1826 canticorum
2970 1789 2985 1826 :
3027 1787 3047 1820 ι
3085 1767 3434 1840 Unguentum
3463 1783 3597 1823 evao

308 1860 377 1915 ἂν
402 1861 603 1926 ἄλλως,
645 1860 760 1915 οὔτ’
792 1861 861 1917 ἂν
899 1862 1131 1932 γένοιτο,
1165 1860 1278 1916 οὔτ’
1305 1862 1373 1917 ἂν
1405 1850 1735 1937 ὀνομασθείη
1766 1865 1902 1936 Χρι-

2010 1872 2227 1919 cuatum
2263 1876 2465 1919 nomen
2498 1872 2652 1917 tuum
2693 1862 2759 1917 ⁸³.
2802 1882 2821 1915 ›
2849 1861 2986 1917 Nam
3027 1862 3118 1917 hic
3146 1876 3366 1933 quoque
3406 1860 3595 1917 divina

310 1954 456 2019 στδς,
483 1953 517 2025 ἢ
567 1953 741 2025 μύρου
784 1953 1170 2026 προχυθέντος.
1208 1954 1421 2008 Ὁποῖον
1455 1954 1513 2008 δὲ
1550 1954 1711 2009 τοῦτο
1736 1950 1804 2027 ἦν
1838 1954 1901 2008 τὸ

2010 1958 2275 2027 sapientia
2302 1956 2562 2022 donatus,
2591 1965 2648 2012 ct
2677 1954 2876 2028 dignus
2898 1955 3120 2011 habitus
3145 1956 3238 2026 qui
3264 1969 3388 2026 qua:
3410 1969 3599 2009 secre-

312 2046 384 2117 μύ
394 2063 507 2118 ρον,
525 2039 570 2115 ᾧ
592 2046 838 2118 χρισθεὶς
857 2048 886 2100 ὁ
899 2044 1059 2118 δηλού
1067 2063 1227 2118 μενος
1240 2047 1477 2120 Χριστὸς
1494 2047 1899 2117 ἀποπέφανται,

2010 2051 2150 2106 tiora
2180 2055 2311 2103 sunt
2340 2049 2410 2105 de
2440 2047 2660 2104 Christo
2690 2058 2745 2105 et
2790 2048 2858 2104 de
2898 2047 3022 2118 ejus
3056 2046 3298 2103 Ecclesia
3347 2055 3598 2101 contem-

307 2136 399 2192 διὰ
417 2136 530 2193 τῶν
554 2138 792 2210 πρόσθεν
815 2139 947 2209 ἡμῖν
970 2138 1308 2192 ἀποδέδοται.
1341 2136 1625 2192 Τοσούτων
1650 2138 1780 2209 περὶ
1802 2138 1902 2210 τῆς

2010 2141 2290 2212 plaretur;
2344 2140 2597 2211 idemque
2646 2155 2771 2195 cum
2830 2140 2995 2197 unius
3054 2140 3275 2212 quidem
3330 2147 3599 2209 tanquam

309 2230 406 2285 τοῦ
434 2231 675 2305 Χριστοῦ
707 2231 1079 2303 προσηγορίας
1116 2230 1578 2304 διηγορευμένων,
1614 2231 1769 2305 φέρε,
1806 2231 1901 2286 καὶ

2010 2234 2199 2306 sponsi
2232 2234 2669 2305 supercmlestis,
2701 2234 2929 2290 alterius
2959 2245 3216 2304 tanquam
3250 2234 3395 2290 illius
3428 2249 3598 2305 spon-

312 2324 567 2396 περὶτῆς
589 2322 687 2377 τοῦ
724 2323 904 2395 Ἰησοῦ
941 2322 1380 2395 διασκεψώμεθα.

2010 2340 2086 2382 sa:
2141 2326 2474 2382 mentionem
2532 2324 2777 2393 fecisset,
2824 2335 2881 2383 et
2933 2336 3272 2397 quaereretur
3319 2324 3598 2396 quodnam

312 2415 419 2486 ipsi
461 2431 670 2487 sponso
720 2430 922 2473 nomen
960 2408 1137 2485 esset,
1183 2432 1375 2474 vocem
1410 2418 1619 2474 emittit
1647 2417 1811 2489 quasi
1846 2418 1915 2475 ad
1969 2419 2123 2475 illum
2167 2420 2361 2478 dicens
2396 2439 2410 2475 :
2458 2418 2668 2476 Nomen
2731 2428 2910 2487 tuum,
2966 2436 3202 2491 sponse,
3257 2426 3597 2490 unguentum

314 2517 419 2577 est,
449 2519 506 2567 et
531 2520 872 2584 unguentum
902 2529 1009 2569 non
1062 2513 1408 2586 simpliciter,
1442 2528 1633 2569 verum
1662 2522 2010 2570 evacuatum.
2060 2513 2234 2569 Porro
2295 2521 2479 2570 autem
2503 2513 2779 2585 quodnam
2829 2512 3049 2569 tandem
3077 2512 3226 2567 aliud
3275 2511 3348 2567 sit
3396 2525 3601 2567 nomen

313 2613 655 2676 unguentum
687 2615 1010 2662 evacuatum
1045 2606 1385 2677 signiﬁcans,
1412 2605 1521 2663 nisi
1546 2606 1727 2677 ipsum
1766 2604 1976 2662 Christi
2039 2606 2276 2662 nomen?
2330 2620 2459 2661 nam
2490 2605 2695 2676 alioqui
2726 2620 2904 2676 neque
2943 2605 3063 2660 lieri
3104 2619 3283 2674 neque
3327 2603 3602 2659 nominari
3719 2586 3730 2599 ’

315 2704 489 2774 possit
522 2701 781 2759 Christus
810 2743 827 2768 ,
876 2703 922 2759 si
966 2709 1307 2775 unguentum
1356 2701 1603 2759 infusum
1654 2718 1765 2759 non
1813 2704 1904 2759 sit.
1940 2703 2114 2771 Quale
2154 2717 2286 2759 vero
2332 2701 2438 2758 hoc
2491 2708 2642 2757 esset
2695 2706 3063 2773 unguentum,
3133 2713 3244 2769 quo
3288 2706 3487 2755 unctus
3527 2697 3601 2763 is,

315 2795 385 2852 de
436 2811 547 2867 quo
605 2797 824 2869 agitur,
874 2797 1130 2855 Christus
1187 2805 1274 2855 est
1357 2797 1709 2863 declaratus,
1760 2797 1820 2852 in
1874 2796 1943 2854 iis
2006 2812 2129 2868 qua:
2209 2796 2465 2868 superius
2538 2795 2711 2850 habes
2739 2833 2755 2859 ,
2820 2809 2852 2848 a
2910 2793 3071 2849 nobis
3137 2799 3422 2847 ostensum
3489 2798 3599 2846 est.

320 2887 479 2959 195
506 2888 650 2944 Cum
685 2890 855 2962 igitur
885 2888 952 2946 de
993 2888 1204 2945 Christi
1260 2888 1629 2961 appellatione
1693 2888 1960 2946 hactenus
1994 2895 2106 2943 tam
2141 2887 2313 2944 multa
2351 2886 2520 2944 locuti
2553 2900 2768 2949 sumus,
2816 2884 3070 2956 agedum,
3104 2881 3173 2939 de
3227 2880 3357 2939 Jesu
3384 2895 3606 2955 quoque

315 2981 685 3042 disseramus.

1063 3099 1160 3155 lZ’.

2724 3088 2890 3145 XVII.

318 3212 441 3268 Ὅτι
463 3213 565 3293 καί
586 3212 675 3293 τὸ.
687 3213 796 3269 τοῦ
821 3213 1018 3293 Ἰησοῦ
1043 3214 1235 3293 ᾆνομᾳ
1263 3214 1425 3283 παρὰ
1448 3214 1573 3282 τοῖς
1604 3216 1907 3285 πρόπαλαι

2015 3211 2169 3283 Quod
2204 3211 2366 3267 etiam
2386 3210 2519 3268 Iesu
2552 3227 2741 3293 nomen
2764 3208 2914 3293 apud
2938 3209 3140 3293 priscos
3175 3207 3273 3264 Dei
3305 3208 3637 3293 familiares_

384 3284 494 3339 τοῦ
527 3284 679 3340 Θεοῦ
706 3285 1021 3356 γνωρίμοις
1047 3285 1375 3357 ἐτετίμητο.

387 3423 615 3498 Πρῶτος
653 3424 818 3479 πάλιν
859 3424 1101 3496 Μωσῆς,
1142 3424 1281 3496 πρὸς
1319 3424 1411 3478 τὸν
1457 3424 1625 3478 αὑτοῦ
1668 3425 1913 3497 διάδοχον

316 3516 482 3588 ἑτέρᾳ
525 3513 815 3588 χρώμενος
849 3513 1239 3587 προσωνυμίᾳ,
1283 3512 1491 3586 Ἰησοῦν
1534 3518 1909 3589 μετωνόμασε.

314 3610 639 3683 Γέγραπται
682 3609 827 3682 γάρ’
864 3628 885 3661 ι
926 3608 1112 3663 Ταῦτα
1148 3609 1220 3664 τὰ
1257 3609 1498 3680 ὀνόματα
1531 3608 1641 3663 τῶν
1680 3609 1911 3681 ἀνδρῶν,

315 3700 415 3765 οὓς
449 3700 743 3756 ἀπέστειλε
775 3699 984 3771 Μωσῆς
1026 3698 1477 3770 κατασκέψασθαι
1520 3700 1621 3772 τὴν
1661 3699 1789 3771 γῆν,
1820 3699 1915 3753 καὶ

317 3794 647 3865 ἐπωνόμασε
683 3792 893 3864 Μωσῆς
930 3792 1021 3847 τὸν
1056 3792 1281 3863 Ναυσῆν
1317 3792 1431 3846 υἱὸν
1459 3792 1628 3864 ,Ναυῆ
1673 3791 1913 3864 Ἰησοῦν,

318 3887 418 3942 καὶ
442 3885 768 3941 ἀπέστειλεν
794 3884 1010 3949 αὐτούς.
1046 3904 1066 3938 ι
1096 3886 1241 3956 Ὅρα
1268 3883 1334 3957 δὴ
1367 3879 1461 3940 οὖν
1483 3884 1605 3939 τίνα
1633 3885 1835 3957 τρόπον
1854 3884 1915 3939 οὐ

321 3979 496 4053 μικρὰ
529 3979 734 4049 νοήσας
775 3979 903 4051 περὶ
943 3975 1161 4048 φύσεως
1200 3976 1483 4049 ὀνομάτων
1522 3979 1551 4031 ὁ
1596 3978 1916 4049 προφήτης,

318 4072 458 4128 ἀλλὰ
500 4073 602 4127 καὶ
643 4072 875 4125 πλεῖστα
910 4071 1013 4125 ὅσα
1055 4068 1320 4141 περὶτῶν
1349 4069 1481 4140 παρ’
1513 4068 1663 4140 αὑτῷ
1702 4085 1920 4140 μετονο-

324 4165 654 4239 μαζομένων
679 4164 838 4218 θείων
858 4160 1089 4236 ἀνδρῶν,
1112 4163 1207 4216 καὶ
1232 4154 1307 4216 ὧν
1335 4161 1499 4214 ἕνεκα
1529 4161 1922 4233 μετονομάζον-

325 4276 443 4324 ται,
477 4259 856 4329 φιλοσοφήσας
875 4296 890 4321 ,
917 4256 1130 4325 εἰσάγει
1153 4254 1246 4310 τὸν
1284 4253 1540 4326 Ἀϐραὰμ
1570 4252 1803 4308 ἔπαθλον
1832 4253 1920 4306 ἐπ’

319 4354 493 4426 ἀρετῇ
551 4349 1020 4421 ἀπολαμϐάνοντα
1075 4346 1212 4421 πρὸς
1272 4346 1368 4401 τοῦ
1429 4345 1568 4400 Θεοῦ
1631 4344 1729 4417 τὴν
1785 4344 1922 4417 πρὸς

334 4445 593 4517 Ἀϐραὰμ
613 4443 804 4516 ἐντελῆ
830 4442 1232 4517 προσηγορίαν·
1258 4442 1396 4514 ὅπερ
1421 4440 1472 4494 τί
1500 4456 1631 4493 ποτε
1655 4438 1837 4510 δηλοῖ,
1859 4438 1921 4490 ού

2580 3284 2633 3337 in
2658 3282 2827 3352 pretio
2855 3281 3035 3351 fuerit.

2084 3421 2305 3477 Primus
2325 3432 2548 3475 rursum
2566 3415 2768 3482 Moses,
2793 3429 2920 3470 cum
2942 3412 3012 3469 ad
3030 3430 3191 3471 suum
3226 3429 3608 3473 successorem

2017 3512 2124 3567 alia
2156 3519 2402 3567 uteretur
2455 3506 2822 3579 appellatione
2847 3547 2863 3573 ,
2892 3504 3085 3563 Jesum
3130 3520 3256 3561 eum
3289 3505 3609 3561 denomina-

2024 3605 2140 3661 vit:
2168 3603 2445 3674 Scriptum
2494 3610 2581 3657 est
2600 3600 2771 3663 enim,
2812 3617 2832 3649 ι
2874 3596 2990 3652 haec
3012 3607 3144 3653 sunt
3198 3596 3426 3654 nomina
3459 3598 3611 3652 viro—

2019 3711 2161 3762 rum,
2189 3710 2330 3767 quos
2364 3692 2517 3750 misit
2545 3691 2727 3748 Moses
2758 3691 2827 3745 ad
2856 3689 3260 3763 inspiciendam
3281 3682 3519 3754 terram,
3553 3694 3613 3744 et

2019 3788 2395 3847 denominavit
2423 3785 2626 3852 Moses,
2655 3785 2893 3842 Nausem
2921 3784 3093 3840 ﬁlium
3125 3781 3293 3849 Nave,
3328 3780 3538 3844 Jesum,
3558 3789 3613 3835 et

2018 3884 2173 3940 misit
2229 3898 2326 3940 eos
2344 3883 2411 3938 “.
2453 3901 2472 3933 ι
2539 3879 2864 3943 Considera,
2913 3892 3123 3949 quaeso,
3177 3889 3493 3947 parumper,
3550 3877 3615 3927 ut

2020 3979 2286 4053 prapheta
2308 3979 2401 4050 qui
2435 3993 2544 4033 non
2572 3991 2768 4047 parum
2802 3975 2998 4032 doctus
3041 3981 3297 4028 naturam
3328 3969 3612 4026 nominum

2021 4081 2160 4140 erat,
2185 4072 2282 4129 sed
2315 4071 2634 4143 plurimum,
2691 4068 2795 4123 hac
2846 4080 3066 4138 quoque
3091 4064 3147 4119 in
3178 4070 3334 4134 parte
3367 4062 3617 4134 philoso-

2022 4166 2247 4237 phatus,
2294 4173 2357 4220 ut
2399 4179 2469 4221 ex
2508 4163 2579 4218 iis
2628 4159 2839 4216 sanctis
2870 4158 3006 4214 viris
3052 4162 3289 4219 constat,
3327 4169 3468 4225 quos
3496 4155 3616 4224 ipse

2023 4253 2422 4319 deuominavit,
2453 4262 2508 4308 et
2538 4267 2607 4307 ex
2641 4249 2828 4305 causis
2876 4256 3101 4318 propter
3123 4259 3263 4316 quas
3290 4243 3615 4299 denomina-

2023 4350 2124 4412 vit,
2157 4347 2362 4418 quippe
2413 4344 2508 4415 qui
2552 4342 2780 4398 inducat
2835 4338 3139 4402 Abraham,
3195 4334 3289 4406 qui
3330 4334 3617 4405 praemium

2025 4442 2248 4498 virtutis
2280 4454 2310 4493 a
2346 4438 2457 4494 Deo
2495 4435 2720 4507 accipit,
2768 4449 2926 4490 suam
2949 4432 3141 4504 ipsius
3165 4428 3443 4484 Abraham
3472 4426 3616 4482 inte-

320 4540 420 4597 νῦν
446 4540 739 4608 διασαφεῖν
780 4538 992 4609 καιρός.
1036 4534 1196 4590 Οῦτω
1223 4534 1280 4588 δὲ
1310 4534 1406 4588 καὶ
1438 4533 1540 4607 τὴν
1569 4530 1745 4604 Σαραῒ
1773 4531 1907 4605 Σάρ-

2026 4552 2177 4609 gram
2207 4533 2626 4606 appellationem
2652 4570 2667 4595 ,
2699 4528 2847 4602 quod
2881 4544 3016 4584 sane
3051 4525 3314 4599 quidnam
3349 4522 3456 4579 sibi
3487 4521 3620 4576 velit

326 4633 429 4706 ραν
476 4629 859 4702 ἐπονομάσας,
893 4630 990 4683 καὶ
1018 4628 1232 4699 γέλωτα
1265 4627 1357 4681 τὸν
1395 4626 1580 4681 Ἰσαὰκ
1617 4627 1724 4699 πρὸ
1762 4625 1919 4696 γενέ-

326 4743 467 4790 σεως
506 4722 968 4795 ἐπικεκλημένον,
995 4723 1092 4777 καὶ
1127 4722 1218 4777 τὸν
1264 4719 1460 4775 Ἰακὼϐ
1500 4721 1601 4792 τῆς
1638 4719 1816 4790 πάλης
1858 4718 1920 4772 τὸ

2031 4645 2141 4686 non
2167 4636 2253 4685 est
2284 4641 2432 4682 nunc
2469 4622 2884 4681 demonstrandi
2933 4621 3110 4686 locus,
3162 4627 3217 4674 et
3274 4614 3466 4673 eadem
3528 4627 3620 4668 ra-

2033 4725 2184 4780 tione
2214 4704 2761 4777 Saramidenominet
2789 4714 3013 4771 Sarram
3036 4753 3052 4778 ,
3083 4718 3137 4768 et
3166 4709 3339 4774 lsaac,
3367 4721 3493 4764 eum
3523 4705 3621 4776 qui

327 4819 583 4892 βραὸεἰον
610 4817 701 4872 διὰ
729 4818 827 4890 τῆς
846 4815 941 4870 τοῦ
969 4816 1186 4889 Ἰσραὴλ
1203 4815 1520 4887 ἐπωνυμίας
1536 4813 1731 4870 ἀναδού
1740 4830 1907 4885 μενον,

2032 4826 2329 4890 antequam
2368 4817 2713 4877 nasceretur,
2745 4809 2893 4865 risus
2920 4809 3101 4864 dictus
3128 4804 3328 4866 fuerat,
3360 4809 3415 4857 et
3446 4798 3623 4863 Iacob

331 4913 502 4987 μυρία
521 4930 585 4967 τε
606 4910 743 4967 ἄλλα
769 4910 897 4983 περὶ
917 4909 1195 4981 ὀνομάτων
1214 4906 1493 4979 δυνάμεώς
1513 4924 1573 4961 τε
1594 4906 1688 4961 καὶ
1707 4905 1907 4977 φύσεως

2031 4925 2157 4966 eum
2174 4908 2265 4982 qui
2286 4905 2512 4979 praemio
2542 4904 2725 4967 luctat,
2751 4918 2820 4957 ex
2867 4897 3195 4971 cognomine
3211 4892 3378 4949 Israel
3395 4891 3623 4947 decora-

330 4985 582 5083 θειοτερα
612 5006 647 5079 ἢ
680 5006 803 5061 κατ’
823 5004 1131 5076 ἄνθρωπον,
1147 5002 1318 5074 ὲνθέῳ
1338 5001 1501 5074 σοφίᾳ
1526 5003 1621 5056 καὶ⁵
1645 5000 1907 5072 ἐπιστήμας

2034 5010 2147 5059 tus:
2177 5014 2414 5071 cumque
2432 4997 2576 5054 idem
2597 4995 2704 5051 alia
2733 4988 3156 5048 innumerabilia
3177 4987 3245 5043 de
3272 4985 3325 5042 vi
3352 4993 3405 5041 et
3424 4990 3623 5038 natura

330 5072 647 5164 διαλαθὼν,⁷
665 5098 895 5171 μηδενὸς
918 5072 1029 5150 τῶν
1051 5093 1159 5168 πρὸ
1186 5072 1380 5149 ἑαυτοῦ
1412 5072 1521 5148 τῶν
1539 5091 1602 5158 ἐξ
1633 5091 1829 5156 αἰῶνος
1846 5090 1907 5162 τιξ

2034 5091 2342 5157 nominum,
2376 5087 2649 5143 diviniore
2674 5097 2842 5155 Quam
2875 5088 2936 5136 ut
2965 5096 3029 5136 ea
3069 5077 3279 5133 homini
3307 5072 3619 5137 conveniat,

333 5193 425 5248 τοῦ
461 5192 643 5265 Ἰησοῦ
680 5188 1022 5262 κεχρημένου
1057 5187 1323 5259 ὀνόματι,
1346 5185 1563 5258 πρῶτος
1598 5183 1763 5247 αὐτὸς
1798 5183 1907 5254 θείη

2038 5184 2356 5256 Spirituque
2376 5180 2473 5238 Dei
2502 5179 2680 5235 alllata
2718 5173 2990 5245 sapientia
3016 5187 3081 5227 ac
3111 5170 3339 5228 scientia
3364 5174 3619 5240 percepta

335 5258 616 5357 Πνεύματι
649 5258 1033 5353 θεοφορνηθεὶς,
1062 5258 1163 5334 τὸν
1201 5277 1463 5349 μέλλοντα
1495 5273 1907 5344 αὑτοῦίδιάδοχοε

2035 5286 2092 5334 ct
2115 5278 2331 5350 cognita
2357 5273 2605 5336 haberet,
2640 5282 2742 5325 nec
2760 5266 2898 5321 alius
2915 5263 3204 5335 quisquam
3223 5259 3292 5315 ah
3319 5258 3472 5314 initio
3496 5266 3625 5311 ante
3672 5328 3679 5337 ι

333 5380 429 5450 τῆς
458 5349 641 5450 ἀρχῆς
676 5349 774 5428 τοῦ
796 5349 930 5428 λαοῦ
957 5369 1398 5442 καταστήσεσθαι
1418 5410 1433 5435 ,
1465 5369 1637 5441 ἑτέρῳ
1665 5367 1907 5439 πρότεροι

2038 5349 2239 5441 ipsum,
2285 5365 2417 5423 Jesu
2474 5362 2695 5420 nomine
2742 5374 2875 5415 usus
2931 5362 3105 5420 esset,
3160 5352 3373 5424 primus
3434 5349 3624 5404 divino

336 5443 569 5543 ὀνύμαίτι
595 5443 939 5541 κεχρημένον
974 5460 1317 5537 μεταλαϐὼν,
1352 5460 1562 5536 Ἰησοῦν
1598 5458 1787 5515 καλεῖ·
1830 5459 1907 5512 oin

2041 5462 2251 5536 Spiritu
2290 5459 2629 5521 moderante,
2655 5469 2816 5526 quem
2848 5450 2954 5508 sibi
2987 5450 3044 5505 in
3085 5443 3620 5543 'populi‘principatu

338 5536 525 5638 ἀρκεῖν
578 5536 888 5636 ἡγούμενος
940 5536 1039 5631 τὴν
1089 5559 1157 5613 ὲκ
1209 5556 1489 5631 προγόνων
1548 5552 1907 5623 ἐπικληθεῖσαν

2041 5564 2422 5610 successorem
2470 5556 2590 5604 erat
2636 5544 3040 5606 declaraturus,
3082 5539 3191 5593 alio
3220 5536 3372 5608 prius
3403 5536 3624 5588 nomine

340 5626 482 5730 ἀυτῷ
503 5626 791 5728 γενομένῳ
812 5626 1204 5726 προσηγορίαν.
1228 5626 1451 5720 Ιῆιιυσῆν
1479 5648 1548 5719 γᾶ
1557 5666 1588 5721 ρ
1614 5646 1774 5703 αὐτὸν
1800 5644 1907 5717 ὲφώ

2041 5650 2318 5709 vocatum,
2373 5640 2490 5712 ipse
2519 5637 2851 5701 immutans,
2882 5630 3070 5689 Jesum
3102 5626 3488 5687 nominaverit,
3535 5629 3626 5676 ut-

410 5859 633 5915 "Cant.
669 5873 710 5923 ι,
757 5855 816 5911 2.
896 5854 938 5886 "
968 5851 1130 5908 Num.
1166 5866 1285 5919 xm,
1335 5849 1422 5904 l7.
