4120 6420
541 351 648 408 52⁷1

795 387 830 430 ,
1177 349 1449 407 susse"
1485 315 1974 407 CESAMENSIS
2013 351 2112 407 om

2215 350 2410 408 PARS.
2453 351 2519 404 ll.
2556 352 3147 411 —APOLOGETICA.

3695 361 3806 414 528

539 476 670 539 pote
699 466 792 536 qui
825 465 1240 536 appellationem
1266 465 1344 520 illi
1380 480 1410 518 a
1433 465 1736 535 majoribus
1771 467 1900 521 dum
1927 483 2112 521 nasce-

2225 483 2396 538 νησαν
2425 467 2476 520 oi.
2509 469 2870 540 γεννήσαντες
2890 486 2903 501 ·
2933 469 3048 522 ἀλλ’
3076 471 3105 523 ὃ
3130 486 3194 538 γε
3226 470 3510 542 προφήτης
3526 470 3618 525 τοῦ
3645 472 3807 534 Θεοῦ,

538 564 694 613 retur
719 557 1057 626 adjunctam,
1081 572 1188 611 non
1221 557 1356 612 satis
1382 556 1632 611 idoneam
1663 555 1780 610 fore
1803 556 2078 612 censuerit
2101 575 2113 609 :

538 646 816 718 siquidem
847 646 1083 702 Nausem
1138 648 1288 702 illum
1341 657 1597 719 parentes
1649 657 2025 704 vocaverant:
2064 658 2119 703 at

536 756 670 797 vero
699 741 817 811 ipse
837 739 933 796 Dei
967 742 1252 812 propheta,
1302 742 1592 797 immutato
1647 744 1813 798 natali
1875 744 2114 806 nomine,

535 832 716 887 virum
745 832 895 885 illum
925 833 1112 886 divino
1137 831 1344 903 Spiritu
1392 842 1687 898 annuente,
1723 834 1909 890 Iesum
1938 842 2116 895 vocat,

535 933 646 972 non
675 919 834 974 aliter
857 919 1008 973 illum
1041 930 1163 990 post
1223 931 1456 976 mortem
1512 939 1690 986 suam,
1724 926 1871 978 omni
1919 925 2119 994 popqu

537 1025 777 1080 praeesse
809 1021 1066 1081 oportere
1118 1020 1292 1077 ratus,
1327 1030 1452 1068 cum
1484 1015 1671 1086 utique
1697 1017 1938 1072 futurum
1970 1018 2120 1073 vide-

468 1179 470 1182 ν
535 1112 640 1166 ret,
679 1119 817 1173 quas
883 1105 1028 1174 leges
1085 1105 1202 1174 ipse
1261 1109 1538 1176 posuisset
1595 1117 1655 1164 ut
1689 1125 1767 1166 ea!
1823 1110 2120 1181 aliquando

536 1204 906 1258 mutarentur,
936 1197 1096 1270 196
1120 1199 1392 1270 finemque
1442 1203 1773 1271 acciperent,
1825 1213 1880 1258 et
1928 1205 2117 1259 eadem

533 1303 661 1341 cum
693 1288 814 1358 ipso
873 1287 1022 1343 Muse
1073 1289 1284 1344 ratione
1331 1292 1756 1357 quodammodo,
1808 1293 2116 1357 interirent,

535 1393 714 1448 neque
743 1379 910 1432 alium
937 1379 1273 1449 quempiam,
1299 1396 1462 1450 quam
1506 1396 1676 1435 unum
1707 1381 1892 1437 Jesum
1946 1384 2120 1454 ipsius

537 1468 631 1524 Dei
653 1468 954 1533 Christum,
998 1471 1156 1525 alteri
1185 1471 1518 1541 reipublicae,
1570 1489 1694 1542 qua:
1741 1475 1922 1544 priore
1963 1476 2121 1546 longe

533 1562 750 1626 melior,
805 1563 1072 1632 longeque
1138 1565 1485 1632 praestantior
1541 1563 1701 1629 foret,
1736 1567 2114 1636 prafuturum.

531 1652 720 1725 Itaque
747 1653 926 1708 Moses
943 1655 1164 1724 quidem
1189 1658 1434 1711 omnium
1465 1658 1852 1728 prophetarum
1885 1659 2119 1714 maxime

533 1741 914 1816 admirandus,
946 1764 1069 1803 cum
1121 1759 1412 1820 utramque
1452 1748 1756 1806 Salvatoris
1787 1753 1961 1806 nostri
1988 1750 2118 1807 Jesu

2221 558 2282 610 τὸ
2306 560 2371 610 ἐκ
2397 558 2623 630 γενετῆς
2643 560 2882 630 ἀμείψας
2905 560 3093 631 ὄνομα,
3123 559 3330 629 Ἰησοῦν
3356 561 3448 614 τὸν
3474 562 3640 633 ἀνδρα
3665 565 3811 618 κατά

2220 647 2282 700 τὸ
2315 647 2455 700 θεῖον
2476 649 2700 720 Πνεῦμα
2725 649 2901 704 καλεῖο
2936 651 3034 704 οὐκ
3057 650 3232 714 ἄλλως
3259 651 3421 704 αὐτὸν
3443 651 3809 722 καθηγεῖσθαι

2219 739 2314 792 τοῦ
2349 741 2550 804 παντὸς
2578 741 2706 795 λαοῦ
2733 743 2870 814 μετά
2892 744 2991 814 τὴν
3018 745 3211 798 ἐαυτοῦ
3239 743 3516 814 τελευτὴν,
3541 747 3642 816 τῆς
3671 745 3811 818 πρὸς

2222 830 2386 884 αὑτοῦ
2412 831 2662 903 τεθείσης
2689 834 3008 904 νομοθεσίας
3039 837 3519 906 μεταστησομένης
3554 837 3684 890 ποτὲ
3713 838 3809 891 καὶ

2219 923 2372 987 τέλος
2417 924 2706 995 ίσχούσης,
2743 927 2835 979 καὶ
2871 927 3018 997 αὑτῴ
3055 943 3118 995 γε
3159 927 3358 997 ὁμοίως
3391 929 3580 981 Μωσεί
3607 929 3812 1000 τρόπον

2221 1017 2342 1070 τινὰ
2373 1016 2736 1087 τελευτώσης,
2773 1019 2974 1088 μηδένα
2994 1020 3178 1088 ἕτερον
3210 1021 3242 1091 ἢ
3277 1021 3437 1090 μόνον
3483 1021 3689 1090 Ἰησοῦν
3717 1020 3811 1074 τὸν

2221 1108 2453 1180 Χριστὸν
2481 1108 2572 1161 τοῦ
2603 1108 2736 1162 Θεοῦ
2770 1110 3043 1174 πολιτείας
3074 1110 3266 1182 ἐτέρας
3295 1110 3594 1182 ἡγήσεσθαι
3626 1109 3813 1182 κρείτ-

2219 1216 2370 1262 τονος
2406 1199 2438 1269 ἢ
2471 1199 2611 1252 κατά
2659 1199 2756 1270 τὴν
2797 1200 3087 1271 προτέραν.
3120 1199 3275 1253 Οῦτω
3307 1201 3404 1270 μὲν
3441 1200 3503 1270 δὴ
3539 1201 3744 1270 Μωσῆς
3776 1200 3810 1253 ὁ

2224 1291 2444 1344 πάντων
2492 1289 2785 1362 προφητῶν
2826 1289 3306 1360 θαυμασιώτατος,
3350 1286 3665 1362 ἀμφοτέρας
3708 1290 3806 1344 τοῦ

2221 1383 2472 1454 Σωτῆρος
2503 1381 2660 1453 ἡμῶν
2705 1381 2878 1453 Ἰησοῦ
2917 1381 3154 1452 Χριστοῦ
3195 1381 3326 1452 θείῳ
3374 1382 3649 1454 Πνεῦματι
3684 1383 3805 1436 διας

2221 1475 2380 1542 γνοὺς
2413 1473 2512 1537 τάς
2541 1473 2857 1544 ἐπωνυμίας
2876 1515 2890 1538 ,
2916 1474 3141 1537 ταῦταις
3171 1475 3247 1538 ώς
3272 1473 3337 1528 ἂν
3373 1474 3670 1545 βασιλικοῖς
3693 1475 3809 1528 δια-

2221 1568 2284 1637 δή
2295 1583 2428 1638 μασι
2455 1567 2581 1630 τοὺς
2607 1565 2736 1637 παρ’
2760 1566 2921 1619 αὑτὸν
2951 1565 3164 1620 πάντων
3185 1566 3294 1618 τών
3318 1566 3592 1636 ἀρχόντων
3620 1567 3810 1639 ἐκκρί-

2219 1675 2345 1721 τους
2376 1656 2654 1728 ὲτίμησεν,
2686 1657 2836 1709 δυσὶν
2871 1657 3098 1726 ἄρχουσι
3131 1655 3224 1708 καὶ
3268 1655 3500 1725 ἡγεμόσι
3535 1653 3629 1708 τοῦ
3673 1652 3806 1706 λαοῦ

2219 1749 2297 1820 τῷ
2335 1767 2395 1802 τε
2445 1751 2694 1822 ἀρχιερεῖ
2721 1749 2813 1802 καὶ
2839 1747 2915 1818 τῷ
2954 1748 3140 1818 οἰκείῳ
3170 1747 3418 1817 διαδόχῳ,
3447 1747 3538 1800 τὸν
3561 1746 3798 1818 Χριστὸν

531 1839 738 1894 Christi
803 1842 1244 1911 appellationem,
1308 1843 1494 1897 divino
1553 1841 1761 1912 Spiritu
1815 1844 2112 1899 instruente

2222 1843 2314 1896 καὶ
2343 1842 2434 1895 τον
2471 1841 2675 1912 Ἰησοῦν
2705 1841 3046 1912 ἐπιφημίσας
3083 1841 3201 1894 κατ’
3223 1841 3400 1905 ἀξίαν,
3425 1839 3503 1910 τῷ
3539 1840 3637 1910 μὲν
3677 1840 3805 1894 Ἀα-

529 1930 871 1996 distinctam,
894 1932 1276 2002 eognitamque
1299 1933 1523 1988 haberet
1547 1942 1780 2004 utraque
1797 1935 1953 2003 quasi
1978 1936 2113 1988 duo~

528 2021 634 2077 bus
663 2022 829 2092 regiis
857 2021 1182 2076 diadematis
1209 2038 1325 2084 eos,
1361 2023 1452 2092 qui
1489 2022 1634 2092 apud
1667 2039 1726 2078 se
1753 2025 1997 2078 omnium
2026 2039 2114 2079 es-

527 2123 652 2168 sent
705 2113 1014 2183 principum
1077 2113 1526 2183 praastantissimi
1571 2113 1873 2170 decoravit.
1924 2115 2113 2185 Itaque

528 2220 654 2258 cum
703 2205 919 2260 duobus
959 2205 1322 2276 principibus,
1369 2205 1697 2275 duobusque
1735 2204 1971 2262 ducibus
2014 2221 2111 2276 po-

2224 1933 2333 2006 ρὼν
2367 1934 2456 1988 τὸν
2489 1933 2740 2006 Χριστὸν,
2773 1932 2848 2004 τῷ
2868 1933 2924 1986 δὲ
2958 1935 3143 2004 Ναυσῇ
3166 1973 3179 1994 ,
3200 1933 3276 1996 ὡς
3303 1932 3368 1986 ἂν
3394 1933 3490 2004 τὴν
3521 1931 3684 1985 αὐτοῦ
3715 1949 3807 1985 τε-

2221 2026 2411 2096 λευτὴν
2441 2026 2834 2099 διαδεξομένῳ,
2869 2027 2962 2079 τὸν
3004 2026 3210 2097 Ἰησοῦν
3246 2027 3569 2096 ἀπονείμας.
3604 2024 3808 2079 Τοῦτον

2225 2117 2321 2187 μὲν
2337 2113 2429 2171 οὖν
2445 2118 2533 2170 τὸν
2545 2119 2744 2189 τρόπον
2759 2119 2791 2188 ὴ
2811 2116 2974 2171 αὑτοῦ
2991 2117 3234 2181 Μωσέως
3246 2116 3436 2188 Γραφὴ
3451 2119 3568 2180 ταῖς
3581 2114 3674 2167 τοῦ
3689 2114 3807 2168 Σω-

2217 2208 2385 2281 τῆρος
2413 2209 2569 2280 ἡμῶν
2598 2210 2774 2281 Ἰησοῦ
2797 2208 3034 2282 Χριστοῦ
3062 2209 3369 2280 κεκόσμητο
3393 2206 3805 2280 προσηγορίαις,

528 2297 640 2367 puli
683 2299 925 2368 pontifici
967 2299 1092 2368 ipsi,
1130 2315 1195 2354 ac
1244 2315 1346 2355 suo
1398 2299 1572 2370 ipsius
1622 2301 1955 2364 successori,
1992 2301 2272 2356 Christum
2328 2312 2382 2358 et
2426 2302 2612 2360 Jesum
2668 2305 3058 2375 appellationes
3087 2319 3186 2374 pro
3237 2305 3446 2359 meritis
3480 2302 3801 2357 tribuisset:

528 2390 708 2461 ipsum
757 2395 977 2465 quidem
1029 2393 1234 2461 Aaron,
1283 2395 1586 2460 Christum,
1645 2395 1881 2452 Nausem
1943 2411 2093 2461 vero,
2129 2399 2286 2467 quasi
2345 2414 2495 2464 eum,
2551 2399 2647 2470 qui
2697 2409 2820 2470 post
2875 2408 3106 2454 mortem
3156 2414 3314 2453 suam
3349 2397 3453 2454 sibi
3499 2403 3647 2452 esset
3677 2409 3806 2449 suc-

525 2501 812 2552 cessurus,
841 2485 1028 2542 Jesum
1058 2486 1379 2544 nominavit.
1418 2487 1533 2544 Hoc
1582 2490 1748 2561 igitur
1791 2490 1954 2547 modo
2014 2490 2187 2561 ipsius
2222 2490 2388 2548 Mosis
2439 2493 2746 2562 Scriptura,
2785 2491 3082 2547 Salvatoris
3119 2489 3294 2546 nostri
3315 2488 3445 2544 Jesu
3475 2486 3675 2542 Christi
3708 2501 3810 2540 no-

527 2580 771 2637 minibus
807 2581 1071 2654 insignita
1102 2589 1212 2639 est.

525 2697 606 2752 Ab
627 2697 830 2781 Emodo.
856 2729 938 2786 1-
965 2699 1420 2786 Quemadmodum
1443 2702 1500 2756 Μ
1504 2705 1610 2786 os‘is
1635 2722 1910 2786 successor
1935 2705 2116 2786 Iesus,

600 2771 693 2840 qui
716 2769 934 2840 angelus
971 2782 1050 2824 est
1082 2783 1319 2831 uocatus.
1345 2789 1390 2828 et
1411 2776 1591 2843 populi
1612 2775 1722 2828 dua:
1737 2777 1950 2845 futurus
1975 2785 2113 2840 erat,

604 2839 873 2895 reddentis
904 2842 1181 2896 oraculum
1207 2841 1409 2898 Christi
1453 2862 1641 2900 nomen
1664 2847 1802 2916 ferre
1817 2846 1991 2901 dictus
2012 2855 2111 2901 est.

610 3017 792 3073 «Ecce
847 3034 947 3089 ego
986 3019 1142 3076 mitto
1185 3021 1438 3092 angelum
1497 3038 1677 3078 meum
1731 3030 1857 3078 ante
1915 3023 2109 3079 faciem

2235 2699 2378 2756 Ἀπὸ
2414 2697 2525 2767 τῆς
2556 2696 2821 2762 Ἑξόδου.
2857 2696 3035 2760 --Ὧς
3057 2697 3089 2748 ὁ
3109 2692 3364 2767 Μωσέως
3391 2691 3669 2767 διᾴδοχρς
3703 2693 3810 2767 Ἰητ-

2291 2771 2444 2837 σοῦς
2463 2763 2512 2834 ,μ
2543 2769 2808 2839 ἄγγελος
2838 2763 3310 2839 ἐπικεκλημένος
3329 2803 3343 2825 ,
3377 2763 3475 2816 καὶ
3508 2764 3616 2839 τοῦ
3649 2765 3803 2818 λαοῦ

2291 2833 2673 2910 καθήγεῖσθαι
2733 2833 2995 2910 pauor,
3031 2833 3135 2910 ad
3181 2835 3366 2910 ὄνομα
3428 2833 3535 2887 τοῦ
3581 2851 3806 2906 χρημα-

2293 2903 2554 2976 τίζοντος
2584 2903 2842 2978 Χριστοῦ
2871 2903 3251 2976 ἐπιφέρεσθαι
3290 2905 3543 2974 λέγεται.

2295 3048 2313 3082 ι
2349 3028 2478 3082 Ἰδοὺ
2518 3025 2828 3081 ἀποστέλλω
2860 3025 2949 3078 τὸν
2979 3022 3208 3091 ἄγγελόν
3238 3039 3339 3092 μου
3372 3021 3478 3093 πρὸ
3509 3019 3800 3091 προσώπου

527 3112 700 3170 tuam,
735 3114 793 3160 ut
819 3106 1090 3162 custodiat
1127 3118 1178 3164 te
1203 3110 1258 3164 in
1287 3109 1395 3176 via,
1423 3120 1481 3165 ut
1504 3111 1889 3168 introducatte
1917 3114 1972 3170 in
2005 3124 2112 3168 ter-

2221 3137 2335 3184 σου,
2356 3120 2442 3173 ἵνα
2477 3118 2726 3189 φυλάσσῃ
2753 3133 2812 3169 σε
2841 3117 2897 3168 ἐν
2915 3117 2982 3186 τῇ
3004 3112 3126 3184 ὁδῷ,
3156 3114 3304 3177 ὅπως
3333 3112 3602 3186 εἰσαγάγῃ
3629 3130 3686 3166 σε
3709 3115 3789 3178 είς

506 3214 645 3269 _ram
691 3215 854 3270 quam
897 3203 1199 3271 praeparavi
1241 3203 1337 3258 tibi
1386 3220 1399 3255 :
1445 3204 1676 3259 observa
1727 3221 1877 3272 eum,
1911 3215 1965 3262 et
2008 3221 2109 3261 au-

528 3293 712 3348 sculta
735 3293 839 3357 illi,
874 3309 944 3349 ne
979 3293 1152 3351 fueris
1179 3295 1444 3354 adversus
1468 3299 1620 3353 illum
1649 3307 1966 3364 contumax,
1999 3317 2109 3355 non

523 3388 673 3444 enim
730 3390 1009 3445 verebitur
1060 3397 1155 3457 te,
1207 3407 1408 3447 nomen
1463 3394 1611 3448 enim
1668 3410 1851 3450 meum
1913 3403 2000 3451 est
2053 3395 2110 3449 in

526 3481 648 3552 ipso
676 3482 744 3536 ⁸³.
807 3501 826 3535 ι
887 3482 1029 3548 Meo,
1088 3485 1266 3556 inquit
1321 3485 1440 3556 ipse
1496 3485 1783 3552 Dominus,
1852 3491 1942 3558 qui
1994 3489 2110 3544 haec:

525 3573 623 3626 tibi
673 3575 997 3645 respondeo,
1055 3578 1278 3632 nomine
1321 3577 1626 3650 inscriptus
1668 3588 1772 3647 est,
1810 3583 1902 3652 qui
1935 3597 2112 3652 popu-

529 3663 639 3718 lum
665 3666 1082 3724 introducturus
1104 3677 1188 3724 est
1208 3669 1265 3724 in
1283 3677 1485 3726 terram
1510 3672 1897 3742 promissionis
1929 3673 2111 3742 :quod

527 3759 574 3812 si
603 3755 764 3814 Jesus
787 3760 908 3821 fuit.
944 3776 1050 3816 non
1081 3762 1244 3826 alius,
1285 3770 1502 3818 constat
1525 3763 1636 3833 jam
1670 3772 1784 3819 tum
1817 3763 2109 3820 Dominum

524 3849 616 3904 hic
650 3850 854 3917 dicere,
904 3867 1104 3908 nomen
1138 3869 1300 3909 suum
1337 3855 1413 3908 illi
1437 3870 1560 3910 esse
1605 3856 1920 3926 impositum
1956 3873 2109 3912 :non

525 3941 694 4012 igitur
722 3944 922 3998 mirum
947 3951 1054 4008 est,
1088 3946 1135 4000 si
1184 3946 1437 4017 angelum
1461 3961 1681 4018 quoque
1721 3947 1902 4018 ipsum
1925 3957 2106 4012 vocat,

523 4032 746 4102 quando
771 4033 931 4089 etiam
962 4033 1030 4092 de
1059 4034 1292 4101 Joanne,
1325 4038 1418 4107 qui
1458 4039 1622 4094 homo
1657 4038 1779 4104 fuit,
1833 4039 1996 4109 plane
2025 4040 2112 4094 di-

524 4134 674 4180 ctum
705 4136 791 4181 est
824 4127 956 4182 illud
988 4147 1002 4183 :
1033 4145 1053 4180 ι
1093 4127 1233 4186 Ecce
1265 4129 1422 4186 mitto
1481 4131 1736 4200 angelum
1770 4145 1952 4186 meum
1983 4140 2111 4186 ante

525 4215 723 4273 faciem
757 4227 928 4284 tuam,
959 4220 1054 4290 qui
1076 4219 1408 4291 praeparabit
1427 4221 1572 4274 viam
1598 4229 1747 4275 tuam
1765 4229 1893 4276 ante
1923 4229 1978 4277 te
1994 4222 2060 4277 ⁸⁸.
2084 4239 2106 4274 ι

525 4331 569 4386 Α
593 4329 880 4404 Zacltaria.
910 4363 983 4372 —
1005 4333 1159 4400 Quod
1206 4337 1367 4388 etiam
1386 4333 1544 4388 Iesus
1582 4335 1728 4404 [ilius
1765 4334 1987 4390 Iosedec
2013 4354 2110 4390 sa-

597 4402 778 4476 cerdos
810 4420 1056 4474 magnus,
1094 4406 1376 4475 imaginem
1423 4423 1485 4458 ac
1519 4402 1746 4476 ﬁguram
1794 4409 1952 4476 gessit
1985 4405 2110 4460 Sal-

595 4475 793 4546 uatoris
817 4476 1005 4538 nostri,
1041 4477 1132 4544 qui
1154 4485 1395 4535 veterem,
1433 4492 1549 4546 quw
1586 4476 1706 4544 jam
1730 4475 1840 4529 tum
1879 4479 2112 4531 involuc-

597 4553 705 4606 rat,
729 4544 1083 4598 humanarum
1135 4544 1453 4599 animarum'
1489 4549 1809 4612 servitutem,
1845 4548 1914 4600 ad
1940 4547 2107 4602 Deum

598 4625 870 4668 convertit.

601 4729 760 4800 197
790 4747 808 4780 ι
829 4727 894 4782 Et
925 4728 1166 4784 ostendit
1215 4731 1348 4784 mihi
1398 4730 1662 4789 Dominus
1706 4731 1892 4789 Jesum
1925 4748 2113 4789 sacer-

523 4822 710 4877 dotem
729 4836 1008 4892 magnum,
1029 4830 1261 4876 stantem
1285 4829 1409 4877 ante
1431 4821 1625 4878 faciem
1659 4825 1836 4895 angeli
1863 4823 2110 4879 Domini:

527 4921 583 4968 et
613 4914 868 4968 diabolus
917 4915 1097 4968 stabat
1144 4929 1173 4966 a
1228 4914 1438 4970 dextris
1467 4915 1609 4986 ejus,
1644 4926 1703 4971 ut
1726 4917 2114 4973 adversaretur

524 5005 602 5070 ei,
631 5015 684 5059 et
715 5005 852 5059 dixit
883 5003 1150 5060 Dominus
1169 5005 1235 5059 ad
1275 5005 1556 5060 diabolum
1592 5025 1603 5061 :
1633 5007 1884 5079 increpet
1927 5010 2114 5063 Domi-

526 5112 634 5151 nus
656 5094 710 5149 in
741 5104 814 5160 te,
847 5096 1083 5159 diabole,
1131 5104 1186 5150 et
1222 5096 1465 5167 increpet
1500 5096 1766 5154 Dominus
1809 5100 1863 5154 in
1889 5107 1960 5163 te,
2018 5099 2114 5170 qui

524 5189 690 5259 elegit
730 5187 1030 5243 Jerusalem
1090 5209 1102 5244 :
1151 5204 1334 5244 nonne
1388 5204 1518 5245 ecce
1561 5190 1672 5255 hic,
1721 5192 1880 5261 quasi
1943 5193 2111 5246 torris

524 5288 716 5334 erutus
743 5293 808 5332 ex
847 5279 1010 5349 igne?
1038 5277 1101 5332 Et
1126 5288 1245 5334 erat
1277 5277 1439 5334 Jesus
1465 5279 1690 5336 indutus
1722 5283 1968 5337 vestibus
1991 5297 2113 5336 sor-

527 5370 692 5433 didis,
743 5377 798 5424 et
850 5371 1029 5425 stabat
1085 5379 1212 5427 ante
1282 5371 1475 5427 faciem
1543 5373 1720 5443 angeli
1771 5372 2009 5438 Domini,
2056 5381 2108 5427 et

526 5463 832 5534 respondit,
879 5472 932 5517 et
969 5465 1045 5517 ait
1091 5465 1159 5519 ad
1189 5475 1395 5522 stantes
1427 5473 1554 5522 ante
1613 5466 1807 5520 faciem
1832 5507 1846 5530 ,
1874 5467 2064 5523 dicens
2093 5487 2105 5521 :

525 5555 750 5612 Auferte
783 5557 1109 5612 vestimenta
1134 5557 1354 5612 sordida
1389 5559 1458 5613 ab
1477 5573 1564 5624 eo,
1597 5566 1652 5613 et
1681 5559 1820 5614 dixit
1850 5560 1917 5614 ad
1944 5575 2103 5614 eum:

526 5647 666 5704 Ecce
687 5647 889 5704 abstuli
952 5665 983 5702 a
1024 5657 1078 5704 te
1114 5649 1431 5722 iniquitates
1463 5659 1609 5716 tuas,
1642 5663 1694 5707 et
1730 5652 1938 5708 induite
1979 5668 2102 5708 cum

593 5803 642 5836 ⁸³
665 5801 840 5859 Exod.
863 5818 1021 5872 mn,
1063 5804 1154 5860 20.
1227 5803 1459 5860 “Marc.
1509 5821 1546 5874 ι,
1578 5805 1630 5861 2.

2209 3212 2306 3282 τήν
2339 3211 2441 3281 γῆν
2460 3249 2474 3274 ,
2502 3211 2570 3281 ἢν
2597 3207 2874 3280 ἡτοίμασά
2901 3223 3003 3260 σοι.
3030 3205 3271 3277 Πρόσεχε
3295 3205 3505 3277 σεαυτῷ
3525 3247 3538 3270 ,
3567 3206 3660 3260 καὶ
3684 3209 3800 3260 εισ-

2211 3303 2371 3358 ἀκουε
2405 3301 2568 3357 αὑτοῦ
2591 3341 2606 3367 ,
2639 3302 2712 3372 μὴ
2743 3300 2958 3354 ἀπείθει
2987 3298 3136 3370 αὐτῷ
3159 3316 3171 3328 ·
3199 3299 3261 3352 οὐ
3293 3301 3400 3370 γὰρ
3438 3295 3510 3369 μὴ
3545 3299 3799 3353 ὑποστεί-

2210 3394 2368 3467 ληταί
2398 3411 2476 3448 σε.
2505 3394 2578 3447 Τὸ
2599 3393 2707 3465 γὰρ
2726 3392 2901 3463 ὄνομά
2932 3410 3033 3463 μου
3068 3393 3218 3446 ἐστὶν
3243 3391 3331 3445 ἐπ’
3354 3390 3520 3461 αὐτῷ.
3559 3411 3577 3443 ι
3613 3391 3797 3463 Ἐμοῦ,

2211 3487 2375 3557 φησὶν
2395 3485 2555 3549 αὐτὸς
2585 3487 2613 3538 ό
2642 3484 2872 3556 Κύριος,
2893 3483 2985 3538 τοῦ
3022 3484 3107 3536 σοὶ
3136 3483 3310 3539 ταῦτα
3335 3483 3762 3554 χρηματίζοντος
3783 3525 3797 3546 ,

2209 3576 2450 3648 τοῦνομα
2486 3576 2908 3648 ἐπιγέγραπται,
2937 3579 2966 3630 ὁ
3001 3575 3209 3646 μέλλων
3251 3576 3492 3643 είσάγειν
3549 3576 3639 3629 τὸν
3671 3575 3800 3628 λαὸν

2211 3671 2292 3734 είς
2316 3671 2415 3740 τὴν
2447 3669 2549 3740 γῆν
2580 3669 2680 3738 τῆς
2707 3668 3066 3738 ἐπαγγελίαςο
3090 3670 3138 3721 εί
3159 3669 3204 3721 δ’
3227 3669 3391 3731 αὐτὸς
3417 3664 3484 3740 ἦν
3513 3671 3540 3722 ό
3569 3667 3799 3740 Ἰησοῦς,

2211 3762 2312 3815 οῦκ
2353 3760 2546 3824 ἀλλος,
2584 3759 2878 3831 πρόδηλον,
2909 3760 2986 3824 ὠς
3031 3759 3270 3831 τοῦνομα
3314 3760 3376 3812 τὸ
3424 3759 3592 3813 αὐτοῦ
3634 3759 3799 3831 φησὶν

2212 3851 2581 3906 ὲπιτεθείσθαι
2609 3849 2778 3921 αὐτῷ.
2809 3851 2884 3904 υὺ
2910 3850 3220 3921 θαυμαστὸν
3241 3845 3354 3911 οὖν,
3380 3851 3426 3902 εί
3451 3851 3544 3902 καὶ
3571 3849 3800 3918 ἄγγελον

2211 3941 2372 3995 αὐτὸν
2397 3940 2678 4005 ἀποκαλεῖ,
2704 3941 2794 3994 ὅτε
2831 3940 2925 3993 καὶ
2956 3939 3085 4011 περὶ
3117 3939 3364 3992 Ἰωάννου
3390 3939 3676 4011 ἀνθρώπου
3705 3957 3799 4010 γεσ-

2211 4034 2426 4101 γονότος
2452 4033 2696 4086 λέλεκται
2729 4032 2807 4096 τὸ,
2850 4052 2867 4084 ι
2913 4033 3042 4086 Ἰδοὺ
3073 4031 3390 4086 ἀποστέλλω
3432 4033 3522 4085 τὸν
3569 4033 3797 4102 ἄγγελόν

2213 4144 2314 4196 μου
2360 4127 2466 4198 πρὸ
2500 4125 2794 4198 προσώπου
2825 4143 2916 4179 σου
2938 4166 2952 4191 ,
2991 4126 3052 4189 ὃς
3095 4126 3500 4180 κατασκευάσει
3541 4126 3641 4198 τῆν
3678 4127 3799 4182 ὁδόν

2213 4235 2305 4271 σου
2339 4218 2647 4290 ἔμπροσθέν
2680 4236 2793 4272 σου.
2827 4239 2844 4271 ι

2224 4332 2367 4385 Ἀπὸ
2395 4333 2500 4387 τοῦ
2527 4334 2847 4402 Ζαχαρίου.
2873 4364 2943 4373 —
2965 4333 3060 4399 Ὠς
3094 4332 3191 4386 καὶ
3227 4331 3459 4400 Ἰησοῦς
3491 4335 3525 4386 ὁ
3551 4332 3658 4387 τοῦ
3689 4335 3796 4388 Ἰω·

2282 4403 2464 4456 σεδὲκ
2493 4407 2525 4457 ό
2556 4405 2749 4471 ἱερεὺς
2778 4407 2810 4457 ό
2835 4405 3016 4472 μέγας
3048 4405 3254 4457 εἰκόνα
3280 4405 3376 4456 καὶ
3409 4403 3598 4456 τύπον
3623 4404 3798 4472 ἐφεχε

2284 4473 2390 4525 τοῦ
2446 4473 2719 4542 Σωτῆρος
2760 4474 2949 4541 ἡμῶν,
3009 4473 3475 4541 ἐπιστρέφοντος
3531 4473 3631 4526 ἐπὶ
3691 4479 3798 4529 m-

2144 4518 2188 4574 ί)
2293 4544 2442 4598 Θεὸν
2462 4543 2577 4611 τὴν
2588 4518 2771 4598 ἐξάξαι
2783 4518 3290 4612 έπικρατήσαίῖαί
3291 4542 3406 4597 τῶν
3417 4518 3798 4612 ἀνθρωπείων

2291 4618 2380 4682 ψυ
2384 4613 2510 4684 χῶν
2539 4618 2598 4666 al
2601 4617 2975 4684 χμαλωσίαν.

2297 4747 2315 4778 ι
2351 4729 2458 4781 Καὶ
2483 4726 2650 4792 ἔδειξέ
2687 4744 2778 4798 μοι
2807 4726 3013 4799 Κύριος
3052 4726 3257 4797 Ἰησοῦν
3284 4727 3376 4780 τὸν
3405 4726 3554 4800 ἱερέα
3583 4727 3675 4782 τὸν
3703 4730 3797 4799 μέ-

2216 4837 2352 4890 γαν,
2388 4819 2596 4874 ἐστῶτα
2627 4819 2733 4891 πρὸ
2765 4819 3060 4892 προσώπου
3094 4820 3328 4888 ἀγγέλου
3374 4820 3603 4891 Κυρίου.
3630 4821 3741 4874 Καὶ
3767 4824 3797 4873 ό

2213 4913 2459 4977 διάϐολος
2484 4914 2724 4984 εἱστήκει
2745 4914 2809 4967 ἐκ
2837 4912 3026 4978 δεξιῶν
3055 4912 3242 4976 αὐτοῦ,
3265 4913 3600 4966 ἀντικεῖσθαι
3623 4913 3791 4982 αὐτῷ.

2216 5007 2327 5060 Kal.
2370 5003 2491 5059 εἶπε
2540 5006 2744 5077 Κύριος
2793 5006 2928 5077 πρὸς
2969 5005 3059 5060 τὸν
3107 5005 3383 5058 διάϐολον*
3448 5007 3794 5077 Ἐπιτιμήσαι

2215 5098 2420 5171 Κύριος
2453 5101 2510 5151 ἐν
2545 5099 2663 5162 σοι,
2694 5097 2908 5152 διάϐολε
2929 5139 2944 5161 ,
2994 5097 3090 5152 καὶ
3136 5099 3461 5169 ἐπιτιμήσαι
3492 5098 3695 5170 Κύριος
3738 5101 3794 5150 ἐν

2218 5192 2321 5256 σοὶ,
2345 5191 2373 5243 ό
2395 5189 2755 5260 ἐκλεξάμενος
2776 5191 2875 5260 τὴν
2908 5189 3282 5262 Ἰερουσαλήμ.
3310 5189 3446 5260 Οὐχὶ
3469 5183 3620 5253 οὗτος
3637 5188 3796 5252 δαλὸς

2217 5281 2622 5352 ἐξεσπασμένος
2641 5283 2704 5334 ἐκ
2733 5282 2902 5352 πυρός
2930 5298 2944 5345 ;
2967 5282 3076 5334 Καὶ
3104 5277 3172 5351 ἦν
3210 5279 3417 5350 Ἰησοῦς
3449 5279 3795 5350 ἐνδεδυμένος

2219 5375 2411 5446 ἱμάτια
2443 5375 2684 5447 ῥυπαρὰ,
2715 5375 2814 5444 καὶ,
2836 5377 3077 5446 εἱστήκει
3111 5375 3217 5447 πρὸ
3239 5373 3530 5444 προσώπου
3561 5373 3795 5443 ἀγγέλου

2217 5467 2443 5539 Κυρίου,
2467 5467 2562 5521 καὶ
2582 5467 2854 5538 ἀπεκρίθη
2876 5506 2890 5531 ,
2920 5467 3013 5520 καὶ
3042 5462 3163 5521 εἷπε
3192 5468 3329 5538 πρὸς
3353 5469 3477 5530 τοὺς
3500 5465 3796 5537 ἑστηκότας

2216 5561 2324 5630 πρὸ
2343 5559 2662 5631 προσώπου,
2685 5559 2878 5627 λέγων·
2912 5559 3163 5628 ’Δφέλετε
3183 5563 3250 5612 τά
3274 5559 3463 5630 ἱμάτια
3487 5559 3553 5611 τὰ
3574 5561 3795 5630 ῥυπαρὰ

2217 5651 2310 5705 ἀπ’
2339 5650 2526 5704 αὑτοῦ·
2568 5649 2662 5704 καὶ
2694 5645 2815 5704 εἷπε
2851 5648 2987 5720 πρὸς
3017 5650 3198 5704 αὐτόν·
3239 5649 3368 5703 Ἰδοὺ
3398 5649 3656 5720 ἀφῄρηκα
3695 5646 3795 5712 τὰς
