2060 3210
169 179 225 207 329

611 176 941 206 DEMONSTRATIONIS
961 175 1195 204 ΕνΑΝοΕιιοΑξ
1216 175 1281 203 LIB.
1304 175 1348 203 IV.

1747 177 1801 205 ἔδυ

168 239 287 275 ἀνομίας
303 247 360 272 σου,
373 239 419 265 καὶ
435 238 561 265 ἐνδύσατε
576 238 657 265 αὑτὸν
670 239 786 274 ποδήρη,
797 238 844 265 καὶ
853 238 958 265 ἐπίθετε

1012 237 1105 264 tunica
1118 236 1208 269 talari,
1230 239 1258 263 et
1287 235 1417 271 imponite
1441 235 1555 263 Cidarim
1579 236 1709 263 mundam
1720 244 1803 273 super

169 286 280 321 κίραριν
298 285 421 320 καθαρὰν
434 285 481 311 ἐπὶ
496 284 545 319 τὴν
565 284 686 319 κεφαλὴν
702 284 801 317 αὑτοῦ,
818 285 865 311 καὶ
881 293 960 320 περι-

169 332 268 358 έϐαλον
284 331 366 358 αὑτὸν
382 331 487 366 ἰμάτια.
505 340 514 356 i
533 331 588 357 Καὶ
604 331 667 366 ἑξῆς
680 330 815 365 ἐπιλέγει·
835 340 843 356 ι
862 331 960 357 Ἄκουε

168 378 201 413 δὴ
211 397 218 408 ,
242 376 329 413 Ἰησοῦ
347 378 361 403 6
377 377 465 413 ἱερεὺς
481 377 495 402 6
511 377 597 412 μέγας
607 397 614 409 ,
628 377 660 403 σὺ
675 377 722 403 καὶ
733 378 757 403 οἱ
771 377 885 412 πλησίον
901 376 959 408 σοῦ,

170 423 319 458 καθήμενοι
333 423 385 459 πρὸ
401 423 545 459 προσώπου
562 431 607 449 σου
618 442 626 453 ,
646 422 712 448 διότι
732 422 827 458 ἄνδρες
847 431 960 456 τερατο-

171 471 267 496 σῑὸποι
280 468 423 499 εἰσί-διότι
444 468 503 503 ἄγω
523 469 569 495 τδν
585 468 678 495 δοῦλόν
696 477 746 504 μου
771 468 925 504 Ἀνατολήν.
949 478 958 494 ι

171 516 314 550 Καὶμετά
324 514 438 551 βραχέα,
448 515 552 546 τούτοις
566 514 693 550 ἐπιφέρει
701 514 786 548 λέγων
796 522 802 528 ·
813 522 822 539 4
834 514 888 540 Καὶ
902 513 962 547 ὲ.γέ-

170 569 234 587 νετο
249 560 329 594 λόγος
347 561 449 596 Κυρίου
470 560 539 595 πρός
560 569 594 595 με
609 560 695 594 λέγων
708 568 714 574 ·
730 559 803 587 Λάϐε
817 559 851 586 τὰ
865 560 896 586 ἐκ
912 559 961 594 τῆς

170 606 360 641 αἰχμαλωσίας
385 606 459 641 παρὰ
484 605 537 632 τῶν
562 605 701 641 ἀρχόντων
728 605 775 631 καὶ
803 604 879 640 παρὰ
907 604 961 631 τῶν

169 651 303 687 χρησμῶν
318 650 404 686 αὐτῆς
413 671 420 682 ,
432 650 480 677 καὶ⁸
499 650 573 686 παρὰ
587 649 640 676 τῶν
657 649 851 683 ὲπεγνωκότων
865 647 960 684 αὐτὴν,

168 698 217 728 καὶ
238 696 379 732 εἰσελεύσῃ
394 697 422 723 ὲν
442 698 475 732 τῇ
490 696 582 732 ἡμέρᾳ
599 696 691 733 ἐκείνῃ
706 697 746 727 εἰς
761 696 806 722 τὸν
819 693 893 722 οἷκον
914 695 962 721 Συ-

166 743 261 778 φονὶου
276 743 323 769 τοῦ
337 743 450 778 ἥκοντος
464 743 496 769 ὲκ
508 741 677 773 Βαϐυλῶνος,
689 742 735 768 καὶ
744 741 815 776 λήψῃ
829 741 961 776 ἀργύριον

166 789 215 815 καὶ
230 788 341 823 χρυσίον
351 807 358 819 ,
374 788 420 814 καὶ
433 790 558 823 ποιήσεις
575 787 723 822 στεφάνους
736 807 743 818 ,
759 787 806 814 καὶ
821 785 962 821 ἐπιθήσεις

166 834 216 860 ἐπὶ
231 833 280 869 τὴν
297 833 417 869 κεφαλὴν
436 832 522 868 Ἰησοῦ
537 831 584 859 τοῦ
603 832 724 859 Ἰωσεδὲκ
738 831 785 858 τοῦ
808 830 902 867 ίερέως
913 830 960 857 τοῦ

168 880 305 915 μεγάλου,
332 880 378 906 καὶ
401 880 474 914 ἐρεῖς
489 879 557 914 πρὸς
571 878 652 905 αὐτόν
664 886 672 893 ·
686 877 755 904 Τάδε
769 877 843 911 λέγει
860 876 961 912 Κύριος

165 926 366 961 παντοκράτωρ
376 933 383 940 ·
402 925 467 951 Ἰδοὺ
479 924 559 960 ἀνὴρ,
575 923 701 959 ’Δνατολὴ
714 923 799 959 ὄνομα
812 922 896 958 αὐτῷ,
911 922 958 948 καὶ
975 923 995 951 Β

166 971 345 999 ὑποκάτωθεν
361 970 443 998 αὑτοῦ
460 970 600 1002 ἀνατελεῖ,
618 970 663 996 καὶ
676 969 845 1005 οἰκοδομήσει
860 969 906 995 τὸν
916 967 956 995 οἰ-

165 1027 216 1044 κον
228 1018 343 1054 Κυρίου,
357 1018 403 1044 καὶ
411 1017 491 1049 αὐτὸς
501 1015 731 1052 λήψεταιάρετὴν,
743 1016 789 1042 καὶ
801 1014 863 1041 καθί
868 1023 955 1047 σεται,

165 1065 216 1092 καὶ
231 1063 362 1099 κατάρξει
384 1063 431 1089 ἐπὶ
443 1062 489 1089 τοῦ
506 1062 601 1098 θρόνου
621 1060 703 1087 αὐτοῦ
714 1069 720 1075 ·
736 1060 783 1087 καὶ
801 1060 875 1086 ἔσται
891 1061 905 1086 6
918 1061 957 1086 ἰε-

166 1111 232 1146 ρεὺς
246 1111 279 1135 ἐκ
293 1108 388 1141 δεξιῶν
404 1107 485 1135 αὑτοῦ
495 1127 502 1138 ,
519 1108 566 1133 καὶ
584 1106 664 1141 βουλὴ
677 1105 801 1141 εἰρηνικὴ
816 1105 891 1132 ἔσται
906 1104 958 1132 ἀνὰ

167 1156 251 1191 μέσον
264 1153 437 1189 ἀμφοτέρων.
457 1162 466 1179 ι
489 1153 543 1178 Καὶ
563 1152 577 1178 ό
595 1152 623 1178 ἐν
634 1151 673 1187 τῷ
690 1151 802 1186 παρόντι
816 1151 958 1186 προφήτης

167 1202 258 1237 μέγας
272 1202 361 1237 ἱερεὺς
375 1221 382 1232 ,
404 1200 637 1235 ἀναγορευόμενος
656 1198 759 1233 Ἰησοῦς
769 1218 775 1230 ,
792 1198 957 1233 λευκοτάτην

167 1248 260 1275 εἰκόνα
276 1247 323 1273 καὶ
339 1246 472 1281 σύμϐολον
495 1245 611 1281 ὲναργὲς
632 1245 706 1271 δοκεῖ
731 1252 775 1279 μοι
797 1243 892 1275 σώζειν
909 1243 956 1269 τοῦ

168 1293 295 1328 Σωτῆρος
315 1292 393 1327 ἡμῶν
423 1291 510 1327 Ἰησοῦ
533 1291 580 1317 τοῦ
604 1289 739 1325 Χριστοῦ,
766 1290 799 1324 τῇ
821 1297 849 1314 τε
874 1288 956 1314 αὑτοῦ

166 1339 339 1375 προσηγορίᾳ
353 1338 489 1374 τιμηθεὶς,
505 1338 552 1364 καὶ
568 1338 617 1371 τῆς
631 1335 759 1362 ἐπανόδου
774 1335 823 1370 τῆς
837 1335 891 1361 ἀπὸ
904 1335 956 1361 Βα-

166 1385 287 1417 ϐυλῶνος
302 1384 488 1420 αἰχμαλωσίας
501 1383 546 1409 τοῦ
556 1382 621 1409 λαοῦ
634 1381 870 1417 καθηγησάμενος.
880 1380 956 1407 Ἐπεὶ

167 1433 214 1459 καὶ
230 1433 244 1459 ὁ
259 1432 357 1467 Σωτὴρ
373 1430 451 1466 ἡμῶν
468 1429 572 1465 Ἰησοῦς
585 1430 599 1455 ὁ
614 1428 731 1465 Χριστὸς
745 1427 869 1462 ἀφεῖσθαι
885 1427 956 1462 εἴρη-

167 1488 212 1506 ται
224 1478 269 1505 διὰ
286 1478 396 1505 Ἡσαΐου
407 1476 454 1504 τοῦ
468 1476 607 1512 προφήτου
618 1496 624 1507 ,
643 1474 760 1511 κηρύξαι
774 1473 956 1509 αἰχμαλώτοις

167 1526 281 1559 ἄφεσιν,
307 1525 354 1551 καὶ
377 1523 487 1557 τυφλοῖς
516 1521 678 1556 ἀνάϐλεψιν,
707 1520 894 1556 παρακαλέσαι
926 1528 956 1545 τε

168 1572 271 1603 πάντας
285 1572 347 1603 τοὺς
366 1570 543 1602 πενθοῦντας,
564 1570 612 1596 καὶ
625 1569 734 1604 δοθῆναι
751 1569 805 1599 τοῖς
830 1566 955 1594 πενθοῦσι

167 1619 236 1647 Σιὼν
249 1620 309 1645 ἀντὶ
324 1618 421 1646 σποδοῦ
436 1617 556 1653 ἄλειμμα
572 1615 848 1651 εὐφροσύνης.“Εχεις
863 1621 956 1647 τοιγα-

170 1665 232 1702 ροῦν
246 1665 297 1701 ἠδη
309 1665 355 1691 δύο
367 1664 499 1700 μεγάλους
513 1663 660 1698 ἀρχιερεῖς,
685 1661 730 1687 τὸν
743 1660 791 1696 μὲν
802 1658 878 1695 παρὰ
892 1659 957 1685 Μω-

169 1713 211 1739 es?
222 1711 350 1747 Χριστὸν,
360 1711 405 1737 τὸν
421 1710 449 1736 δὲ
466 1709 533 1745 μετὰ
550 1710 643 1744 χεῖρας
658 1706 772 1743 Ἰησοῦν,
787 1705 820 1732 τὰ
836 1704 957 1740 σύμϐολα

167 1757 219 1792 τῆς
234 1757 297 1791 περὶ
308 1757 353 1782 τὸν
367 1755 484 1790 Σωτῆρα
499 1755 546 1781 καὶ
558 1753 659 1788 Κύριον
675 1752 752 1788 ἡμῶν
772 1750 875 1787 Ἰησοῦν
889 1751 956 1785 Χρι-

169 1804 231 1830 στὸν
245 1802 372 1838 ἀληθείας
387 1802 419 1828 δι’
436 1801 526 1828 αὐτῶν
540 1797 860 1835 ὲπενηνεγμένους.“Αλλ“
876 1798 890 1823 ὁ
908 1796 957 1831 μὲν

174 1849 279 1885 Ἀαρὼν
290 1851 305 1875 6
319 1848 394 1884 παρὰ
406 1849 500 1875 Μωσεί
512 1847 639 1882 Χριστὸς,
655 1845 705 1880 τῆς
714 1844 788 1880 παρὰ
797 1843 956 1877 Αἰγυπτίοις

167 1896 326 1928 ἀπαλλάξας
340 1895 385 1921 τὸν
402 1894 465 1920 λαὸν
482 1893 603 1924 δουλείας
614 1912 621 1924 ,
636 1892 680 1918 ἐπ’
697 1891 839 1926 ἐλευθερίᾳ
859 1898 889 1916 τε
909 1889 956 1916 καὶ

168 1943 303 1979 θεραπείᾳ.
317 1941 363 1968 τοῦ
377 1941 426 1976 τῆς
441 1941 487 1967 ἀπ’
504 1939 640 1974 Αἰγύπτου
655 1938 766 1974 πορείας
781 1936 870 1964 αὐτῶν
886 1937 956 1971 ἡγη-

169 1990 302 2024 σάμενος,
316 1988 365 2023 τὴν
382 1986 472 2013 εἰκόνα
492 1985 572 2017 σώζοι
588 1984 620 2011 ἂν
635 1983 681 2010 τοῦ
705 1982 820 2018 ἀληθοῦς
834 1981 936 2017 Κυρίου
947 2000 955 2012 ,

167 2034 198 2066 ὃς
209 2034 258 2069 τῆς
269 2032 456 2067 Αἰγυπτιακῆς
467 2030 686 2066 εἰδωλολατρείας
696 2030 799 2060 πάντας
811 2028 884 2063 ἡμᾶς
893 2027 957 2058 τοὺς

168 2080 200 2113 ἐξ
213 2079 297 2106 ὲθνῶν
310 2077 480 2113 ἐλυτρώσατο
490 2086 496 2092 ι
511 2078 525 2103 6
536 2077 557 2103 δ’
573 2078 601 2103 ἐν
615 2076 653 2111 τῷ
676 2075 804 2111 προῳήτῃ
825 2073 929 2108 ’ῐηπῦς
942 2074 956 2099 ὁ

168 2127 258 2162 ίερεὺς
274 2127 288 2152 6
303 2125 388 2160 μέγας
402 2124 450 2159 τῆς
462 2123 516 2150 ἀπὸ
530 2121 688 2152 Βαϐυλῶνος
701 2120 747 2146 ἐπὶ
758 2120 807 2155 τὴν
824 2119 957 2154 Ἰερουσα-

167 2172 224 2207 λὴμ
240 2170 370 2197 ἐπανόδου
387 2169 518 2205 προέστη,
531 2168 629 2202 δεῖγμα
644 2166 733 2201 φέρων
744 2166 791 2191 καὶ
808 2164 888 2196 αὐτὸς
905 2164 957 2200 Ἰη-

169 2217 216 2244 σοῦ
236 2216 283 2243 τοῦ
301 2215 426 2250 Σωτῆρος
444 2213 538 2250 ἡμῶν,
561 2213 590 2239 ὃν
613 2212 709 2247 ἔχομεν
727 2211 800 2246 ἱερέα
817 2209 903 2246 μέγαν
917 2209 956 2235 δι-

167 2263 316 2300 εληλυθότα
329 2263 390 2293 τοὺς
405 2261 546 2297 οὐρανοὺς,
558 2260 591 2286 δι’
602 2256 633 2285 οὗ
654 2259 700 2285 καὶ
712 2258 798 2289 αὐτοὶ,
813 2258 907 2293 ὥσπερ
923 2257 955 2283 ἐκ

169 2309 326 2340 Βαϐυλῶνος
337 2308 386 2343 τῆς
400 2306 470 2333 κατὰ
483 2307 527 2332 τὸν
542 2305 676 2332 ἐνεστῶτα
689 2303 745 2338 βίον
758 2302 913 2338 συγχύσεώς
927 2311 956 2328 τε
972 2299 994 2326 1)

168 2355 215 2382 καί
230 2352 417 2389 αἰχμαλωσίας
438 2350 688 2385 ἀπολυτρωθέντες,
713 2350 751 2381 εἰς
774 2349 823 2384 τὴν
842 2349 955 2385 οὐρανό-

170 2403 246 2429 πολιν
268 2402 317 2437 τὴν
339 2400 446 2436 ἀληθῶς
466 2398 644 2435 Ἰερουσαλὴμ
667 2397 791 2424 σπεύδειν
815 2397 955 2432 ἐδιδάχθη-

170 2457 230 2484 μεν,
245 2446 365 2478 Εἰκότως
381 2445 408 2472 δὲ
425 2447 439 2472 6
454 2446 503 2480 τὴν
524 2445 615 2471 εἰκόνα
631 2444 679 2479 τῆς
694 2443 822 2478 ἀληθείας
841 2444 874 2470 δι’
889 2445 954 2470 ἑαυ-

166 2494 212 2522 τοῦ
228 2493 319 2529 φέρων
335 2492 438 2528 Ἰησοῦς
456 2492 501 2518 καὶ
517 2490 625 2527 ῥυπαρὰ
639 2489 733 2524 ἱμάτια
750 2489 954 2524 περιεϐέϐλητο,

169 2540 218 2570 καὶ
229 2541 245 2566 6
259 2539 378 2570 διάϐολος
393 2540 425 2565 ὲκ
437 2537 530 2570 δεξιῶν
545 2536 626 2562 αὑτοῦ
644 2535 728 2566 ἑστὼς
740 2536 786 2562 καὶ
799 2535 954 2570 ἀντικείμε-

169 2596 214 2619 νος
228 2585 303 2620 αὺτῷ
313 2585 420 2619 λέγεται
432 2592 438 2598 ·
455 2583 515 2610 ἐπεὶ
529 2583 575 2610 καὶ
586 2583 599 2609 6
612 2581 719 2617 ἀληθῶς
731 2581 824 2617 Σωτὴρ
840 2582 886 2608 καὶ
899 2581 954 2607 Κύ-

169 2641 227 2668 ρως
238 2630 315 2667 ήμῶν
332 2629 491 2665 ἰησοῦς,εἰ;
504 2629 552 2665 τὴν
569 2629 704 2664 ἡμετέραν
719 2627 840 2659 καταϐὰς
854 2628 956 2662 αἰχμα-

167 2678 285 2709 λωσίαν,
298 2676 349 2707 τὰς
363 2675 499 2710 ἁμαρτιας
514 2675 592 2710 ὴμῶν
612 2674 755 2708 ἀνείλησε,
773 2673 820 2700 καὶ
837 2673 883 2698 τὸν
906 2673 953 2699 ὰν-

166 2724 301 2760 θρώπειον
319 2722 404 2758 ῥύπον
426 2721 594 2756 ἀνεμάξατο,
618 2720 652 2746 τά
675 2728 705 2746 τε
728 2719 796 2745 κατὰ
817 2718 847 2744 τὸ
869 2718 953 2749 πάθος

165 2770 248 2805 αἴσχη
267 2768 312 2795 διὰ
333 2767 383 2803 τὴν
405 2767 472 2802 πρὸς
493 2768 566 2803 ἡμᾶς
590 2764 793 2801 φιλανθρωπίαν
814 2764 953 2799 ὑπέμεινε.

166 2817 211 2844 Διό
231 2824 313 2851 φησιν
332 2817 346 2842 ό
369 2814 498 2845 Ἡσαΐας·
521 2822 530 2839 ι
549 2811 632 2845 οὗτος
649 2812 699 2843 τὰς
724 2810 859 2847 ἁμαρτίας
876 2810 954 2846 ἡμῶν

146 2901 150 2909 ι
199 2893 221 2908 ⁸¹
234 2892 348 2919 Zachar.
370 2898 412 2923 tu,
438 2891 494 2918 1-4.
532 2890 633 2918 "ibid.
656 2891 683 2918 8.
721 2889 837 2917 "Zach.
863 2897 900 2920 Vl,
917 2888 990 2916 943.

308 2940 442 2969 Ρλτιιοι.
459 2940 518 2969 Gn.
540 2938 641 2969 XX“.

1011 288 1093 320 caput
1105 284 1174 319 ejus,
1187 288 1214 311 et
1232 284 1378 311 induerunt
1406 283 1483 310 illum
1507 284 1666 311 vestimenta
1684 283 1717 311 ⁸⁸.
1734 293 1744 310 ι
1763 285 1802 311 Ac

1011 330 1108 358 deinde
1122 330 1265 365 adjungit:
1280 339 1289 356 ‹
1309 330 1379 356 Audi
1403 330 1457 364 jam
1484 338 1567 362 nunc,
1583 329 1647 358 Jesu
1673 330 1802 358 sacerdos

1012 383 1121 411 magno,
1140 380 1169 403 tu
1195 382 1221 404 et
1239 376 1357 411 proximi
1388 376 1428 403 tui
1456 375 1583 403 sedentes
1613 380 1675 403 ante
1704 375 1802 403 faciem

1011 427 1097 455 tuam,
1116 423 1245 458 quoniam
1262 423 1314 449 viri
1329 422 1516 458 prodigiorum
1530 422 1699 458 inspectores
1714 428 1779 451 sunt
1792 433 1799 449 ε

1009 470 1140 504 quoniam
1155 477 1205 505 ego
1222 469 1329 496 adduco
1342 477 1450 496 servum
1467 477 1567 501 meum,
1583 469 1721 497 Orientem
1732 470 1772 502 "°;
1787 479 1798 496 a

1011 520 1113 551 etpost
1129 516 1252 551 paulum,
1282 516 1325 543 his
1336 524 1395 551 qua:
1420 515 1494 542 dicta
1524 520 1587 542 sunt
1603 515 1738 551 adiungit,
1759 517 1802 543 di-

1015 569 1100 589 cens:
1117 571 1126 586 ε
1140 561 1172 588 Ει
1184 561 1285 588 factum
1310 565 1352 589 est
1380 561 1492 589 verbum
1512 561 1619 588 Domini
1637 561 1671 589 ad
1700 569 1744 589 me
1757 561 1801 589 di-

1012 616 1079 637 cens
1094 616 1100 633 :
1118 607 1201 635 Sume
1231 615 1263 635 ea
1290 615 1350 643 quae
1372 612 1436 634 sunt
1460 615 1492 634 ex
1518 607 1760 643 transmigrationc
1786 615 1801 634 a

1012 654 1184 690 principibus
1206 661 1233 681 et
1254 654 1375 681 oraculis
1398 654 1470 688 ejus,
1486 658 1514 681 et
1538 654 1572 681 ab
1587 654 1620 681 iis
1635 654 1682 689 qui
1700 661 1801 689 cogno-

1012 704 1110 728 verunt
1138 708 1210 732 eam,
1240 705 1267 727 ct
1286 700 1449 735 ingredieris
1461 701 1489 727 in
1506 700 1550 728 die
1567 700 1612 727 illa
1635 700 1662 727 in
1688 700 1800 728 domum

1013 745 1159 781 Sophonizn
1172 746 1307 774 venientis
1336 747 1370 774 de
1388 746 1535 781 Babylone,
1560 751 1587 774 et
1613 747 1733 781 accipies
1755 754 1802 774 ar-

1011 798 1122 827 gentum
1135 796 1217 827 atque
1231 800 1339 824 aurum,
1351 797 1379 820 et
1391 793 1475 820 facies
1490 800 1619 824 coronas,
1635 797 1662 821 et
1677 793 1801 828 impones

1012 846 1095 873 super
1108 838 1262 873 caputJesu
1282 838 1329 865 ﬁlii
1342 838 1458 866 Josedec
1480 838 1632 867 sacerdotis
1657 839 1800 875 magni,ct

1011 884 1086 912 dices
1108 884 1141 911 ad
1173 892 1234 911 eum
1253 894 1258 911 :
1274 883 1336 911 Haec
1362 883 1429 911 dicit
1457 884 1588 911 Dominus
1614 885 1798 919 omnipotens,

1009 937 1074 958 ecce
1087 930 1140 963 vir,
1155 929 1252 958 Oriens
1279 938 1376 957 nomen
1393 930 1419 958 ei
1431 951 1438 961 ,
1454 934 1481 957 et
1496 930 1589 957 subter
1605 938 1667 958 eum
1684 931 1799 962 orietur,

1011 980 1038 1004 et
1057 976 1202 1004 mdilieabit
1229 977 1341 1004 domum
1360 976 1486 1008 Domini,
1501 980 1528 1004 et
1544 976 1602 1010 ipse
1613 977 1730 1011 accipiet
1744 978 1801 1004 vir-

1011 1026 1108 1054 tutem,
1126 1026 1153 1050 et
1168 1022 1283 1053 sedebit,
1297 1027 1324 1049 et
1338 1022 1520 1057 principatum
1546 1022 1681 1049 obtinebit
1697 1022 1724 1049 in
1736 1024 1801 1050 sede

1011 1076 1060 1096 sua
1078 1077 1084 1095 :
1100 1074 1126 1096 et
1142 1068 1195 1096 erit
1209 1068 1337 1096 sacerdos
1362 1076 1377 1094 ιι
1404 1068 1506 1095 dextris
1520 1068 1590 1102 ejus,
1614 1072 1641 1095 et
1654 1068 1800 1095 consilium

1010 1115 1154 1151 paciﬁcum
1171 1115 1224 1142 erit
1255 1114 1325 1141 inter
1349 1118 1493 1149 utrumque
1504 1114 1537 1140 ⁸⁷.
1555 1123 1564 1140 ›
1577 1113 1635 1141 Hoc
1648 1122 1757 1149 quoque
1772 1115 1800 1141 in

1011 1162 1071 1189 loco
1086 1161 1218 1197 propheta
1235 1167 1351 1195 magnus
1366 1159 1506 1191 sacerdos,
1521 1159 1567 1194 qui
1583 1158 1687 1186 dicitur
1706 1158 1798 1190 Jesus,

1011 1207 1213 1242 apertissimam
1231 1206 1377 1242 imaginem
1400 1209 1427 1233 et
1445 1210 1538 1232 notam
1565 1204 1799 1233 evidentissimam

1011 1261 1121 1282 servare
1129 1253 1195 1280 mihi
1210 1253 1321 1280 videtur
1333 1251 1484 1280 Salvatoris
1501 1252 1588 1279 nostri
1604 1251 1668 1279 Jesu
1682 1251 1798 1285 Christi,

1010 1299 1121 1335 quando
1135 1303 1162 1327 et
1181 1299 1254 1327 illius
1284 1299 1395 1326 nomine
1417 1299 1575 1329 decoratur,
1599 1302 1626 1326 et
1647 1298 1740 1334 populi
1766 1298 1801 1326 de

1010 1344 1148 1380 Babylone
1161 1343 1311 1375 redeuntis,
1326 1344 1372 1378 qui
1388 1344 1513 1378 captivus
1528 1343 1584 1370 il-lic
1594 1343 1692 1375 fuerat,
1702 1343 1800 1370 ductor

1010 1390 1136 1422 exsistit;
1164 1397 1227 1416 nam
1246 1389 1370 1416 Salvator
1387 1397 1496 1424 quoque
1513 1394 1607 1417 noster
1621 1388 1702 1416 .lesus
1717 1388 1798 1416 Chri-

1011 1441 1071 1464 stus
1085 1444 1132 1471 per
1146 1435 1242 1463 Isaiam
1264 1436 1423 1470 prophetam
1445 1435 1546 1463 dicitur
1566 1435 1668 1463 missus
1685 1438 1714 1462 ut
1729 1443 1801 1465 nun-

1010 1482 1060 1509 tiet
1074 1481 1190 1516 captivis
1204 1481 1392 1508 remissionem
1408 1485 1435 1508 et
1450 1481 1529 1508 caecis
1557 1481 1658 1513 visum,
1675 1481 1800 1508 console-

1010 1532 1110 1563 turque
1123 1535 1219 1555 omnes
1232 1528 1278 1562 qui
1301 1527 1328 1554 in
1345 1525 1419 1554 luctu
1444 1527 1509 1559 sint,
1530 1527 1629 1562 detque
1644 1527 1800 1562 lugentibus

1012 1572 1089 1605 Sion,
1105 1573 1218 1608 gloriam
1234 1581 1283 1608 pro
1299 1572 1402 1605 cinere,
1419 1577 1501 1607 atque
1515 1572 1672 1600 unctionem
1689 1572 1799 1600 laetitiae.

971 1626 994 1655 ο
1012 1619 1093 1654 198
1110 1618 1200 1647 Habes
1215 1620 1296 1654 igitur
1314 1619 1371 1654 jam
1396 1619 1465 1646 duos
1487 1626 1602 1654 magnos
1634 1618 1777 1653 pontillces
1789 1626 1804 1649 ε,

1008 1666 1147 1693 Christum
1164 1665 1273 1700 quidem
1290 1665 1361 1700 apud
1377 1664 1490 1695 Mosem,
1506 1663 1598 1692 Jcsum
1626 1668 1717 1692 autem
1736 1672 1800 1692 eum

1008 1710 1043 1738 de
1058 1718 1113 1745 quo
1128 1718 1202 1737 nunc
1224 1710 1326 1745 agitur,
1344 1710 1391 1744 qui
1417 1709 1539 1737 veritatis
1555 1709 1659 1736 circum
1674 1709 1799 1736 Salvato-

1008 1764 1065 1784 rem
1084 1763 1116 1783 ac
1131 1755 1275 1783 Dominum
1300 1760 1423 1783 nostrum
1449 1754 1543 1782 Jesum
1559 1754 1698 1782 Christum
1719 1760 1800 1783 notas

1008 1807 1034 1830 et
1046 1803 1123 1837 signa
1140 1802 1168 1828 in
1180 1802 1279 1836 seipsis
1295 1801 1457 1836 pertulerint
1471 1811 1476 1828 :
1495 1801 1542 1828 sed
1559 1802 1631 1828 enim
1645 1801 1735 1829 Aaron
1751 1802 1799 1837 qui

1008 1847 1080 1882 apud
1096 1846 1197 1874 Mosam
1213 1846 1338 1873 Christus
1356 1849 1418 1877 est,
1444 1853 1506 1872 cum
1533 1845 1696 1880 Egyptiaca
1712 1847 1799 1874 servi-

1008 1897 1065 1920 tute
1077 1893 1205 1928 populum
1219 1892 1382 1923 liberaverit,
1395 1896 1422 1919 et
1433 1892 1467 1919 ad
1482 1892 1633 1920 libertatem
1655 1897 1682 1920 et
1703 1901 1798 1922 curam

1008 1939 1186 1975 profectionis
1200 1939 1234 1965 ab
1249 1938 1367 1974 {Egypto
1385 1938 1493 1965 illorum
1520 1939 1575 1966 dux
1593 1939 1675 1966 fuerit
1689 1947 1696 1965 :
1713 1940 1799 1974 probe

1009 1985 1129 2013 servabit
1161 1985 1307 2020 imaginem
1333 1984 1404 2019 ejus,
1433 1984 1480 2019 qui
1498 1992 1580 2013 verus
1597 1988 1638 2012 est
1653 1984 1795 2014 Dominus.

1007 2030 1075 2058 Nam
1093 2031 1136 2057 hic
1148 2031 1227 2066 plane
1237 2038 1286 2058 nos
1300 2039 1405 2061 omnes,
1420 2031 1467 2065 qui
1479 2030 1512 2057 de
1530 2031 1655 2066 gentibus
1663 2034 1796 2068 assumpti

1008 2086 1115 2109 sumus.
1132 2078 1165 2104 ab
1177 2077 1338 2113 Egyptiaco
1363 2078 1574 2105 simulacrorum
1597 2078 1671 2105 cultu
1695 2079 1796 2106 libera-

1007 2125 1046 2152 vit
1059 2133 1065 2150 :
1082 2128 1109 2150 at
1124 2131 1188 2150 vero
1203 2125 1249 2159 qui
1261 2124 1333 2158 apud
1347 2124 1506 2158 prophetam
1517 2128 1560 2151 est
1572 2123 1653 2152 Jesus
1664 2125 1795 2152 sacerdos

1007 2179 1133 2206 magnus.
1155 2171 1334 2198 redeuntibus
1363 2170 1396 2197 de
1421 2170 1557 2205 Babylone
1574 2171 1601 2197 in
1626 2170 1796 2199 Hierusalem

1007 2217 1126 2252 praefuit,
1138 2217 1245 2252 signum
1274 2216 1333 2252 ipse
1350 2225 1460 2252 quoque
1472 2217 1573 2248 ferens,
1590 2217 1654 2245 Jesn
1672 2217 1796 2245 Salvato-

1007 2264 1047 2291 ris
1064 2263 1162 2293 nostri,
1187 2271 1267 2298 quem
1298 2263 1430 2291 habemus
1456 2265 1625 2291 sacerdotem
1656 2272 1794 2299 magnum.

1009 2308 1055 2343 qui
1068 2308 1178 2343 quidem
1195 2309 1279 2336 cmlos
1305 2309 1379 2344 ipsos
1404 2310 1595 2344 penetraverit,
1626 2318 1640 2337 a
1664 2317 1719 2345 quo
1744 2318 1794 2337 nos

1007 2354 1088 2381 etiam
1106 2354 1156 2388 ipsi
1173 2354 1251 2388 quasi
1267 2354 1301 2382 de
1316 2354 1464 2390 Babylone,
1493 2355 1545 2383 hoc
1573 2359 1616 2382 est
1640 2355 1673 2382 de
1698 2354 1794 2382 confu-

1008 2399 1085 2426 sione
1100 2407 1131 2425 ac
1148 2400 1278 2426 servitute
1304 2399 1366 2426 vitze
1384 2400 1526 2434 praesentis
1554 2399 1673 2431 liberati,
1686 2398 1719 2425 ad
1736 2406 1794 2426 c0:-

1007 2445 1102 2472 lestem
1128 2452 1273 2479 veramque
1292 2444 1461 2472 Hierusalem
1485 2444 1649 2471 contendere
1666 2444 1795 2471 instructi

1007 2499 1115 2518 sumus.
1130 2490 1215 2518 Porro
1227 2495 1316 2518 autem
1330 2496 1426 2519 mento
1451 2492 1496 2526 qui
1509 2490 1634 2517 veritatis
1648 2490 1793 2525 imaginem

1008 2538 1036 2565 in
1052 2538 1142 2572 seipso
1164 2537 1265 2565 ferebat
1279 2537 1371 2569 .lesus,
1397 2536 1514 2565 sordidis
1546 2536 1658 2564 indutus
1672 2536 1791 2563 vestibus

1008 2582 1109 2613 fuerat,
1125 2582 1306 2618 diabolusque
1316 2590 1332 2609 a
1346 2582 1450 2609 dextris
1467 2581 1540 2608 illius
1554 2581 1680 2611 stetisse,
1692 2581 1791 2608 eidem-

1008 2636 1061 2662 que
1077 2628 1239 2656 adversatus
1256 2636 1317 2655 esse
1330 2628 1449 2654 dicitur:
1468 2635 1529 2654 nam
1545 2635 1627 2655 verus
1642 2627 1708 2655 item
1735 2627 1791 2654 Sal-

1008 2677 1085 2700 vator
1097 2680 1129 2700 ac
1141 2672 1272 2700 Dominus
1297 2677 1391 2700 noster
1415 2672 1506 2704 Jesus.
1521 2680 1584 2699 cum
1609 2672 1642 2699 ad
1670 2676 1793 2700 nostram

1007 2727 1095 2754 usque
1107 2719 1277 2746 descenderit
1294 2720 1462 2753 servitutem,
1478 2725 1588 2755 peccata
1609 2725 1701 2748 nostra
1732 2727 1794 2747 sus‘

1008 2766 1079 2798 tulit,
1103 2769 1184 2800 atque
1201 2765 1333 2794 humanas
1355 2766 1450 2798 sordes
1462 2766 1601 2800 abstersit,
1631 2771 1658 2794 et
1683 2774 1743 2802 quae
1753 2765 1793 2793 illi

1007 2811 1036 2838 in
1065 2811 1194 2846 passione
1222 2812 1322 2846 probra
1338 2812 1412 2839 illata
1428 2815 1503 2846 sunt,
1531 2816 1558 2840 et
1583 2812 1794 2840 mansuetudine

1596 2936 1628 2966 11
