  <div class='ocr_page' id='page_1' title='image "/cluster/home/n/w/nwhite01/storage/ocr_20150623/22/hvd.32044073501140/173.png"; bbox 0 0 4120 6420; ppageno 0'>
   <div class='ocr_carea' id='block_1_1' title="bbox 507 297 605 353">
    <p class='ocr_par' dir='ltr' id='par_1_1' title="bbox 507 297 605 353">
     <span class='ocr_line' id='line_1_1' title="bbox 507 297 605 353; baseline 0 -2"><span class='ocrx_word' id='word_1_1' title='bbox 507 297 605 353; x_wconf 65' lang='grc'><strong>³31</strong></span> 
     </span>
    </p>
   </div>
   <div class='ocr_carea' id='block_1_2' title="bbox 1110 271 3765 354">
    <p class='ocr_par' dir='ltr' id='par_1_2' title="bbox 1110 271 3765 354">
     <span class='ocr_line' id='line_1_2' title="bbox 1110 271 3765 354; baseline -0.002 -4"><span class='ocrx_word' id='word_1_2' title='bbox 1110 292 1386 354; x_wconf 80' lang='lat' dir='ltr'><strong>EUSEBII</strong></span> <span class='ocrx_word' id='word_1_3' title='bbox 1423 291 1904 351; x_wconf 57' lang='lat' dir='ltr'><strong>CAESARIENSIS</strong></span> <span class='ocrx_word' id='word_1_4' title='bbox 1936 290 2090 348; x_wconf 61' lang='grc' dir='ltr'>ουρ.</span> <span class='ocrx_word' id='word_1_5' title='bbox 2131 290 2332 349; x_wconf 77' lang='lat' dir='ltr'><strong>PARS.</strong></span> <span class='ocrx_word' id='word_1_6' title='bbox 2375 292 2440 347; x_wconf 90' lang='lat' dir='ltr'><strong>ll.</strong></span> <span class='ocrx_word' id='word_1_7' title='bbox 2477 322 2548 335; x_wconf 90' lang='lat'><strong><em>—</em></strong></span> <span class='ocrx_word' id='word_1_8' title='bbox 2581 271 3105 348; x_wconf 45' lang='lat' dir='ltr'><strong>APOLOGETICA:</strong></span> <span class='ocrx_word' id='word_1_9' title='bbox 3658 290 3765 346; x_wconf 67' lang='grc' dir='ltr'><strong>5ὗί</strong></span> 
     </span>
    </p>
   </div>
   <div class='ocr_carea' id='block_1_3' title="bbox 505 396 2071 487">
    <p class='ocr_par' dir='ltr' id='par_1_3' title="bbox 505 396 2071 485">
     <span class='ocr_line' id='line_1_3' title="bbox 505 396 2071 485; baseline -0.001 -16"><span class='ocrx_word' id='word_1_10' title='bbox 505 396 882 484; x_wconf 69' lang='grc' dir='ltr'>ιειηιιίιαιειῖυο</span> <span class='ocrx_word' id='word_1_11' title='bbox 934 428 1065 485; x_wconf 88' lang='lat' dir='ltr'><strong>erga</strong></span> <span class='ocrx_word' id='word_1_12' title='bbox 1105 429 1208 469; x_wconf 91' lang='lat' dir='ltr'><strong>nos</strong></span> <span class='ocrx_word' id='word_1_13' title='bbox 1255 429 1355 470; x_wconf 89' lang='lat' dir='ltr'><strong>sua</strong></span> <span class='ocrx_word' id='word_1_14' title='bbox 1404 414 1691 471; x_wconf 83' lang='lat' dir='ltr'><strong>sustinuit.</strong></span> <span class='ocrx_word' id='word_1_15' title='bbox 1741 414 2071 485; x_wconf 75' lang='lat' dir='ltr'><strong>QuaprOptei</strong></span> 
     </span>
    </p>
   </div>
   <div class='ocr_carea' id='block_1_4' title="bbox 2175 396 3766 487">
    <p class='ocr_par' dir='ltr' id='par_1_4' title="bbox 2186 412 3766 487">
     <span class='ocr_line' id='line_1_4' title="bbox 2186 412 3766 487; baseline -0.001 -21"><span class='ocrx_word' id='word_1_16' title='bbox 2186 412 2379 484; x_wconf 79' lang='grc' dir='ltr'>φέρει,</span> <span class='ocrx_word' id='word_1_17' title='bbox 2411 414 2506 467; x_wconf 74' lang='grc' dir='ltr'>καὶ</span> <span class='ocrx_word' id='word_1_18' title='bbox 2535 416 2662 486; x_wconf 84' lang='grc' dir='ltr'><strong>περί</strong></span> <span class='ocrx_word' id='word_1_19' title='bbox 2702 416 2859 487; x_wconf 75' lang='grc' dir='ltr'>ήμῶν</span> <span class='ocrx_word' id='word_1_20' title='bbox 2894 416 3147 469; x_wconf 83' lang='grc' dir='ltr'>όδυνᾶται</span> <span class='ocrx_word' id='word_1_21' title='bbox 3169 453 3184 478; x_wconf 90' lang='grc'><strong>,</strong></span> <span class='ocrx_word' id='word_1_22' title='bbox 3214 413 3307 468; x_wconf 73' lang='grc' dir='ltr'><strong>καὶ</strong></span> <span class='ocrx_word' id='word_1_23' title='bbox 3332 414 3492 486; x_wconf 80' lang='grc' dir='ltr'>ήμεῖς</span> <span class='ocrx_word' id='word_1_24' title='bbox 3516 412 3766 481; x_wconf 73' lang='grc' dir='ltr'>ἐλογισά-</span> 
     </span>
    </p>
   </div>
   <div class='ocr_carea' id='block_1_5' title="bbox 506 503 2081 577">
    <p class='ocr_par' dir='ltr' id='par_1_5' title="bbox 506 503 2081 577">
     <span class='ocr_line' id='line_1_5' title="bbox 506 503 2081 577; baseline 0.001 -17"><span class='ocrx_word' id='word_1_25' title='bbox 506 507 676 563; x_wconf 87' lang='lat' dir='ltr'><strong>!saias</strong></span> <span class='ocrx_word' id='word_1_26' title='bbox 702 508 783 563; x_wconf 88' lang='lat' dir='ltr'><strong>sic</strong></span> <span class='ocrx_word' id='word_1_27' title='bbox 817 506 925 560; x_wconf 89' lang='lat' dir='ltr'><strong>ait:</strong></span> <span class='ocrx_word' id='word_1_28' title='bbox 949 522 968 557; x_wconf 78' lang='grc' dir='ltr'><strong>ι</strong></span> <span class='ocrx_word' id='word_1_29' title='bbox 1000 503 1099 560; x_wconf 83' lang='lat' dir='ltr'><strong>Hic</strong></span> <span class='ocrx_word' id='word_1_30' title='bbox 1124 514 1345 577; x_wconf 88' lang='lat' dir='ltr'><strong>peccata</strong></span> <span class='ocrx_word' id='word_1_31' title='bbox 1364 515 1555 563; x_wconf 90' lang='lat' dir='ltr'><strong>nostra</strong></span> <span class='ocrx_word' id='word_1_32' title='bbox 1586 506 1708 570; x_wconf 81' lang='lat' dir='ltr'><strong>fert,</strong></span> <span class='ocrx_word' id='word_1_33' title='bbox 1733 516 1787 561; x_wconf 87' lang='lat' dir='ltr'><strong>et</strong></span> <span class='ocrx_word' id='word_1_34' title='bbox 1805 522 1905 577; x_wconf 88' lang='lat' dir='ltr'><strong>pro</strong></span> <span class='ocrx_word' id='word_1_35' title='bbox 1922 506 2081 561; x_wconf 91' lang='lat' dir='ltr'><strong>nobis</strong></span> 
     </span>
    </p>
   </div>
   <div class='ocr_carea' id='block_1_6' title="bbox 504 601 2081 671">
    <p class='ocr_par' dir='ltr' id='par_1_6' title="bbox 504 601 2081 671">
     <span class='ocr_line' id='line_1_6' title="bbox 504 601 2081 671; baseline -0.003 -12"><span class='ocrx_word' id='word_1_36' title='bbox 504 610 587 671; x_wconf 84' lang='lat' dir='ltr'><strong>est</strong></span> <span class='ocrx_word' id='word_1_37' title='bbox 609 602 664 658; x_wconf 90' lang='lat' dir='ltr'><strong>in</strong></span> <span class='ocrx_word' id='word_1_38' title='bbox 694 601 905 663; x_wconf 85' lang='lat' dir='ltr'><strong>dolore.</strong></span> <span class='ocrx_word' id='word_1_39' title='bbox 935 608 992 658; x_wconf 91' lang='lat' dir='ltr'><strong>et</strong></span> <span class='ocrx_word' id='word_1_40' title='bbox 1014 618 1118 659; x_wconf 89' lang='lat' dir='ltr'><strong>nos</strong></span> <span class='ocrx_word' id='word_1_41' title='bbox 1141 602 1577 659; x_wconf 75' lang='lat' dir='ltr'><strong>existimavimus</strong></span> <span class='ocrx_word' id='word_1_42' title='bbox 1612 617 1736 658; x_wconf 90' lang='lat' dir='ltr'><strong>eum</strong></span> <span class='ocrx_word' id='word_1_43' title='bbox 1758 617 1883 658; x_wconf 83' lang='lat' dir='ltr'><strong>esse</strong></span> <span class='ocrx_word' id='word_1_44' title='bbox 1912 602 1968 656; x_wconf 92' lang='lat' dir='ltr'><strong>in</strong></span> <span class='ocrx_word' id='word_1_45' title='bbox 1999 601 2081 655; x_wconf 80' lang='lat' dir='ltr'><strong>la-</strong></span> 
     </span>
    </p>
   </div>
   <div class='ocr_carea' id='block_1_7' title="bbox 509 694 2083 766">
    <p class='ocr_par' dir='ltr' id='par_1_7' title="bbox 509 694 2083 766">
     <span class='ocr_line' id='line_1_7' title="bbox 509 694 2083 766; baseline -0.003 -15"><span class='ocrx_word' id='word_1_46' title='bbox 509 696 633 752; x_wconf 70' lang='lat' dir='ltr'><strong>‘Jore</strong></span> <span class='ocrx_word' id='word_1_47' title='bbox 645 701 699 750; x_wconf 84' lang='lat' dir='ltr'><strong>et</strong></span> <span class='ocrx_word' id='word_1_48' title='bbox 730 694 784 750; x_wconf 88' lang='lat' dir='ltr'><strong>in</strong></span> <span class='ocrx_word' id='word_1_49' title='bbox 810 694 964 766; x_wconf 82' lang='lat' dir='ltr'><strong>plaga</strong></span> <span class='ocrx_word' id='word_1_50' title='bbox 990 702 1044 751; x_wconf 91' lang='lat' dir='ltr'><strong>et</strong></span> <span class='ocrx_word' id='word_1_51' title='bbox 1063 695 1121 750; x_wconf 91' lang='lat' dir='ltr'><strong>in</strong></span> <span class='ocrx_word' id='word_1_52' title='bbox 1135 694 1456 751; x_wconf 81' lang='lat' dir='ltr'><strong>afﬂictione:</strong></span> <span class='ocrx_word' id='word_1_53' title='bbox 1493 696 1607 765; x_wconf 89' lang='lat' dir='ltr'><strong>ipse</strong></span> <span class='ocrx_word' id='word_1_54' title='bbox 1636 702 1818 749; x_wconf 90' lang='lat' dir='ltr'><strong>autem</strong></span> <span class='ocrx_word' id='word_1_55' title='bbox 1835 695 2083 750; x_wconf 88' lang='lat' dir='ltr'><strong>vulnera-</strong></span> 
     </span>
    </p>
   </div>
   <div class='ocr_carea' id='block_1_8' title="bbox 502 786 2082 858">
    <p class='ocr_par' dir='ltr' id='par_1_8' title="bbox 502 786 2082 858">
     <span class='ocr_line' id='line_1_8' title="bbox 502 786 2082 858; baseline -0.001 -17"><span class='ocrx_word' id='word_1_56' title='bbox 502 795 591 844; x_wconf 92' lang='lat' dir='ltr'><strong>tus</strong></span> <span class='ocrx_word' id='word_1_57' title='bbox 611 793 697 843; x_wconf 89' lang='lat' dir='ltr'><strong>est</strong></span> <span class='ocrx_word' id='word_1_58' title='bbox 727 794 947 857; x_wconf 84' lang='lat' dir='ltr'><strong>propter</strong></span> <span class='ocrx_word' id='word_1_59' title='bbox 978 794 1199 858; x_wconf 82' lang='lat' dir='ltr'><strong>peccata</strong></span> <span class='ocrx_word' id='word_1_60' title='bbox 1229 794 1510 852; x_wconf 90' lang='lat' dir='ltr'><strong>nostra,et</strong></span> <span class='ocrx_word' id='word_1_61' title='bbox 1530 786 1836 844; x_wconf 81' lang='lat' dir='ltr'><strong>inﬁrmatus</strong></span> <span class='ocrx_word' id='word_1_62' title='bbox 1861 795 2082 856; x_wconf 82' lang='lat' dir='ltr'><strong>estpro-</strong></span> 
     </span>
    </p>
   </div>
   <div class='ocr_carea' id='block_1_9' title="bbox 502 875 2085 950">
    <p class='ocr_par' dir='ltr' id='par_1_9' title="bbox 502 875 2085 950">
     <span class='ocr_line' id='line_1_9' title="bbox 502 875 2085 950; baseline 0.001 -16"><span class='ocrx_word' id='word_1_63' title='bbox 502 887 622 949; x_wconf 90' lang='lat' dir='ltr'><strong>pter</strong></span> <span class='ocrx_word' id='word_1_64' title='bbox 658 878 979 950; x_wconf 82' lang='lat' dir='ltr'><strong>iniquitates</strong></span> <span class='ocrx_word' id='word_1_65' title='bbox 1006 886 1225 934; x_wconf 87' lang='lat' dir='ltr'><strong>nostras</strong></span> <span class='ocrx_word' id='word_1_66' title='bbox 1247 879 1328 934; x_wconf 79' lang='grc'><strong>⁸⁸;</strong></span> <span class='ocrx_word' id='word_1_67' title='bbox 1363 899 1382 932; x_wconf 72' lang='grc' dir='ltr'><strong>ι</strong></span> <span class='ocrx_word' id='word_1_68' title='bbox 1433 879 1567 944; x_wconf 87' lang='lat' dir='ltr'><strong>quin</strong></span> <span class='ocrx_word' id='word_1_69' title='bbox 1624 878 1790 935; x_wconf 88' lang='lat' dir='ltr'><strong>etiam</strong></span> <span class='ocrx_word' id='word_1_70' title='bbox 1840 875 2085 935; x_wconf 78' lang='lat' dir='ltr'><strong>Joannes</strong></span> 
     </span>
    </p>
   </div>
   <div class='ocr_carea' id='block_1_10' title="bbox 502 969 2084 1042">
    <p class='ocr_par' dir='ltr' id='par_1_10' title="bbox 502 969 2084 1042">
     <span class='ocr_line' id='line_1_10' title="bbox 502 969 2084 1042; baseline 0.001 -17"><span class='ocrx_word' id='word_1_71' title='bbox 502 971 747 1042; x_wconf 81' lang='lat' dir='ltr'><strong>Baptista</strong></span> <span class='ocrx_word' id='word_1_72' title='bbox 773 1010 793 1037; x_wconf 94' lang='lat'><strong>,</strong></span> <span class='ocrx_word' id='word_1_73' title='bbox 849 986 974 1026; x_wconf 82' lang='lat' dir='ltr'><strong>cum</strong></span> <span class='ocrx_word' id='word_1_74' title='bbox 1040 970 1330 1026; x_wconf 88' lang='lat' dir='ltr'><strong>Dominum</strong></span> <span class='ocrx_word' id='word_1_75' title='bbox 1381 971 1610 1029; x_wconf 84' lang='lat' dir='ltr'><strong>vidisset</strong></span> <span class='ocrx_word' id='word_1_76' title='bbox 1644 1011 1661 1037; x_wconf 97' lang='lat'><strong>,</strong></span> <span class='ocrx_word' id='word_1_77' title='bbox 1701 970 1780 1026; x_wconf 89' lang='lat' dir='ltr'><strong>ait</strong></span> <span class='ocrx_word' id='word_1_78' title='bbox 1815 990 1829 1027; x_wconf 88' lang='lat'><strong>:</strong></span> <span class='ocrx_word' id='word_1_79' title='bbox 1893 989 1913 1024; x_wconf 83' lang='grc' dir='ltr'><strong>ι</strong></span> <span class='ocrx_word' id='word_1_80' title='bbox 1941 969 2084 1026; x_wconf 85' lang='lat' dir='ltr'><strong>Ecce</strong></span> 
     </span>
    </p>
   </div>
   <div class='ocr_carea' id='block_1_11' title="bbox 500 1058 2081 1133">
    <p class='ocr_par' dir='ltr' id='par_1_11' title="bbox 500 1058 2081 1133">
     <span class='ocr_line' id='line_1_11' title="bbox 500 1058 2081 1133; baseline 0 -18"><span class='ocrx_word' id='word_1_81' title='bbox 500 1062 687 1133; x_wconf 84' lang='lat' dir='ltr'><strong>Agnus</strong></span> <span class='ocrx_word' id='word_1_82' title='bbox 722 1058 838 1127; x_wconf 87' lang='lat' dir='ltr'><strong>Dei,</strong></span> <span class='ocrx_word' id='word_1_83' title='bbox 898 1061 993 1132; x_wconf 91' lang='lat' dir='ltr'><strong>qui</strong></span> <span class='ocrx_word' id='word_1_84' title='bbox 1035 1061 1177 1116; x_wconf 92' lang='lat' dir='ltr'><strong>tollit</strong></span> <span class='ocrx_word' id='word_1_85' title='bbox 1225 1069 1451 1132; x_wconf 88' lang='lat' dir='ltr'><strong>peccata</strong></span> <span class='ocrx_word' id='word_1_86' title='bbox 1506 1060 1699 1118; x_wconf 89' lang='lat' dir='ltr'><strong>mundi</strong></span> <span class='ocrx_word' id='word_1_87' title='bbox 1752 1061 1822 1117; x_wconf 77' lang='lat'>&quot;.</span> <span class='ocrx_word' id='word_1_88' title='bbox 1856 1080 1876 1115; x_wconf 73' lang='grc' dir='ltr'><strong>ι</strong></span> <span class='ocrx_word' id='word_1_89' title='bbox 1933 1059 2081 1116; x_wconf 82' lang='lat' dir='ltr'><strong>Pau-</strong></span> 
     </span>
    </p>
   </div>
   <div class='ocr_carea' id='block_1_12' title="bbox 501 1153 2077 1226">
    <p class='ocr_par' dir='ltr' id='par_1_12' title="bbox 501 1153 2077 1226">
     <span class='ocr_line' id='line_1_12' title="bbox 501 1153 2077 1226; baseline 0.001 -19"><span class='ocrx_word' id='word_1_90' title='bbox 501 1155 586 1209; x_wconf 88' lang='lat' dir='ltr'><strong>lus</strong></span> <span class='ocrx_word' id='word_1_91' title='bbox 639 1168 858 1225; x_wconf 89' lang='lat' dir='ltr'><strong>quoque</strong></span> <span class='ocrx_word' id='word_1_92' title='bbox 907 1153 992 1208; x_wconf 84' lang='lat' dir='ltr'><strong>his</strong></span> <span class='ocrx_word' id='word_1_93' title='bbox 1046 1154 1248 1210; x_wconf 84' lang='lat' dir='ltr'><strong>similia</strong></span> <span class='ocrx_word' id='word_1_94' title='bbox 1310 1155 1563 1212; x_wconf 89' lang='lat' dir='ltr'><strong>scribens</strong></span> <span class='ocrx_word' id='word_1_95' title='bbox 1610 1154 1680 1211; x_wconf 90' lang='lat' dir='ltr'><strong>de</strong></span> <span class='ocrx_word' id='word_1_96' title='bbox 1724 1155 1818 1211; x_wconf 92' lang='lat' dir='ltr'><strong>illo</strong></span> <span class='ocrx_word' id='word_1_97' title='bbox 1850 1154 2077 1226; x_wconf 88' lang='lat' dir='ltr'><strong>inquit:</strong></span> 
     </span>
    </p>
   </div>
   <div class='ocr_carea' id='block_1_13' title="bbox 502 1243 2082 1317">
    <p class='ocr_par' dir='ltr' id='par_1_13' title="bbox 502 1243 2082 1317">
     <span class='ocr_line' id='line_1_13' title="bbox 502 1243 2082 1317; baseline 0.001 -21"><span class='ocrx_word' id='word_1_98' title='bbox 502 1265 522 1296; x_wconf 73' lang='grc' dir='ltr'><strong><em>ο</em></strong></span> <span class='ocrx_word' id='word_1_99' title='bbox 546 1243 684 1299; x_wconf 89' lang='lat' dir='ltr'><strong>Eum</strong></span> <span class='ocrx_word' id='word_1_100' title='bbox 709 1244 801 1315; x_wconf 91' lang='lat' dir='ltr'><strong>qui</strong></span> <span class='ocrx_word' id='word_1_101' title='bbox 833 1251 1118 1314; x_wconf 84' lang='lat' dir='ltr'><strong>peccatum</strong></span> <span class='ocrx_word' id='word_1_102' title='bbox 1179 1260 1292 1300; x_wconf 87' lang='lat' dir='ltr'><strong>non</strong></span> <span class='ocrx_word' id='word_1_103' title='bbox 1347 1247 1520 1313; x_wconf 88' lang='lat' dir='ltr'><strong>novit,</strong></span> <span class='ocrx_word' id='word_1_104' title='bbox 1553 1261 1654 1316; x_wconf 90' lang='lat' dir='ltr'><strong>pro</strong></span> <span class='ocrx_word' id='word_1_105' title='bbox 1680 1246 1839 1303; x_wconf 90' lang='lat' dir='ltr'><strong>nobis</strong></span> <span class='ocrx_word' id='word_1_106' title='bbox 1885 1259 2082 1317; x_wconf 90' lang='lat' dir='ltr'><strong>pecca-</strong></span> 
     </span>
    </p>
   </div>
   <div class='ocr_carea' id='block_1_14' title="bbox 499 1335 2077 1410">
    <p class='ocr_par' dir='ltr' id='par_1_14' title="bbox 499 1335 2077 1410">
     <span class='ocr_line' id='line_1_14' title="bbox 499 1335 2077 1410; baseline -0.001 -20"><span class='ocrx_word' id='word_1_107' title='bbox 499 1346 610 1392; x_wconf 89' lang='lat' dir='ltr'><strong>tum</strong></span> <span class='ocrx_word' id='word_1_108' title='bbox 635 1335 783 1398; x_wconf 84' lang='lat' dir='ltr'><strong>l‘ecit,</strong></span> <span class='ocrx_word' id='word_1_109' title='bbox 808 1344 869 1391; x_wconf 85' lang='lat' dir='ltr'><strong>ut</strong></span> <span class='ocrx_word' id='word_1_110' title='bbox 897 1352 998 1393; x_wconf 93' lang='lat' dir='ltr'><strong>nos</strong></span> <span class='ocrx_word' id='word_1_111' title='bbox 1010 1335 1345 1394; x_wconf 85' lang='lat' dir='ltr'><strong>elliceremur</strong></span> <span class='ocrx_word' id='word_1_112' title='bbox 1367 1339 1580 1409; x_wconf 80' lang='lat' dir='ltr'><strong>iustitia</strong></span> <span class='ocrx_word' id='word_1_113' title='bbox 1609 1338 1706 1395; x_wconf 89' lang='lat' dir='ltr'><strong>Dei</strong></span> <span class='ocrx_word' id='word_1_114' title='bbox 1733 1339 1790 1394; x_wconf 89' lang='lat' dir='ltr'><strong>in</strong></span> <span class='ocrx_word' id='word_1_115' title='bbox 1830 1339 1952 1410; x_wconf 92' lang='lat' dir='ltr'><strong>ipso</strong></span> <span class='ocrx_word' id='word_1_116' title='bbox 1974 1339 2077 1406; x_wconf 76' lang='grc' dir='ltr'><strong>⁹⁰;ι</strong></span> 
     </span>
    </p>
   </div>
   <div class='ocr_carea' id='block_1_15' title="bbox 499 1428 2081 1504">
    <p class='ocr_par' dir='ltr' id='par_1_15' title="bbox 499 1428 2081 1504">
     <span class='ocr_line' id='line_1_15' title="bbox 499 1428 2081 1504; baseline 0.001 -19"><span class='ocrx_word' id='word_1_117' title='bbox 499 1433 627 1485; x_wconf 90' lang='lat' dir='ltr'><strong>item</strong></span> <span class='ocrx_word' id='word_1_118' title='bbox 666 1445 680 1481; x_wconf 89' lang='lat'><strong>:</strong></span> <span class='ocrx_word' id='word_1_119' title='bbox 720 1448 737 1480; x_wconf 82' lang='grc' dir='ltr'><strong>ι</strong></span> <span class='ocrx_word' id='word_1_120' title='bbox 762 1428 1016 1485; x_wconf 90' lang='lat' dir='ltr'><strong>Christus</strong></span> <span class='ocrx_word' id='word_1_121' title='bbox 1077 1446 1179 1486; x_wconf 89' lang='lat' dir='ltr'><strong>nos</strong></span> <span class='ocrx_word' id='word_1_122' title='bbox 1214 1432 1444 1488; x_wconf 85' lang='lat' dir='ltr'><strong>redemit</strong></span> <span class='ocrx_word' id='word_1_123' title='bbox 1487 1432 1555 1489; x_wconf 89' lang='lat' dir='ltr'><strong>de</strong></span> <span class='ocrx_word' id='word_1_124' title='bbox 1603 1431 1893 1488; x_wconf 88' lang='lat' dir='ltr'><strong>maledicto</strong></span> <span class='ocrx_word' id='word_1_125' title='bbox 1922 1434 2081 1504; x_wconf 82' lang='lat' dir='ltr'><strong>legis,</strong></span> 
     </span>
    </p>
   </div>
   <div class='ocr_carea' id='block_1_16' title="bbox 498 1518 2084 1593">
    <p class='ocr_par' dir='ltr' id='par_1_16' title="bbox 498 1518 2084 1593">
     <span class='ocr_line' id='line_1_16' title="bbox 498 1518 2084 1593; baseline 0.001 -19"><span class='ocrx_word' id='word_1_126' title='bbox 498 1518 677 1575; x_wconf 75' lang='lat' dir='ltr'><strong>lactus</strong></span> <span class='ocrx_word' id='word_1_127' title='bbox 744 1534 842 1590; x_wconf 89' lang='lat' dir='ltr'><strong>pro</strong></span> <span class='ocrx_word' id='word_1_128' title='bbox 900 1519 1062 1575; x_wconf 86' lang='lat' dir='ltr'><strong>nobis</strong></span> <span class='ocrx_word' id='word_1_129' title='bbox 1118 1520 1466 1576; x_wconf 83' lang='lat' dir='ltr'><strong>maledictum</strong></span> <span class='ocrx_word' id='word_1_130' title='bbox 1522 1522 1590 1578; x_wconf 79' lang='grc'>⁸⁸.</span> <span class='ocrx_word' id='word_1_131' title='bbox 1650 1541 1670 1575; x_wconf 76' lang='grc' dir='ltr'><strong>ι</strong></span> <span class='ocrx_word' id='word_1_132' title='bbox 1731 1521 1857 1578; x_wconf 69' lang='lat' dir='ltr'><strong>Haec</strong></span> <span class='ocrx_word' id='word_1_133' title='bbox 1916 1523 2084 1593; x_wconf 81' lang='lat' dir='ltr'><strong>igitur</strong></span> 
     </span>
    </p>
   </div>
   <div class='ocr_carea' id='block_1_17' title="bbox 499 1610 2086 1687">
    <p class='ocr_par' dir='ltr' id='par_1_17' title="bbox 499 1610 2086 1687">
     <span class='ocr_line' id='line_1_17' title="bbox 499 1610 2086 1687; baseline 0.005 -22"><span class='ocrx_word' id='word_1_134' title='bbox 499 1612 750 1666; x_wconf 82' lang='lat' dir='ltr'><strong>universa</strong></span> <span class='ocrx_word' id='word_1_135' title='bbox 783 1610 913 1665; x_wconf 91' lang='lat' dir='ltr'><strong>dum</strong></span> <span class='ocrx_word' id='word_1_136' title='bbox 960 1613 1107 1666; x_wconf 88' lang='lat' dir='ltr'><strong>canit</strong></span> <span class='ocrx_word' id='word_1_137' title='bbox 1141 1613 1425 1683; x_wconf 82' lang='lat' dir='ltr'><strong>propheta,</strong></span> <span class='ocrx_word' id='word_1_138' title='bbox 1481 1615 1727 1687; x_wconf 85' lang='lat' dir='ltr'><strong>apertius</strong></span> <span class='ocrx_word' id='word_1_139' title='bbox 1776 1631 1840 1671; x_wconf 92' lang='lat' dir='ltr'><strong>ea</strong></span> <span class='ocrx_word' id='word_1_140' title='bbox 1868 1615 1985 1687; x_wconf 87' lang='lat' dir='ltr'><strong>ipsa</strong></span> <span class='ocrx_word' id='word_1_141' title='bbox 2016 1618 2086 1673; x_wconf 84' lang='lat' dir='ltr'><strong>si-</strong></span> 
     </span>
    </p>
   </div>
   <div class='ocr_carea' id='block_1_18' title="bbox 496 1700 2081 1772">
    <p class='ocr_par' dir='ltr' id='par_1_18' title="bbox 496 1700 2081 1772">
     <span class='ocr_line' id='line_1_18' title="bbox 496 1700 2081 1772; baseline 0.005 -16"><span class='ocrx_word' id='word_1_142' title='bbox 496 1700 720 1772; x_wconf 81' lang='lat' dir='ltr'><strong>gniﬁcat</strong></span> <span class='ocrx_word' id='word_1_143' title='bbox 751 1700 842 1755; x_wconf 87' lang='lat' dir='ltr'><strong>ubi</strong></span> <span class='ocrx_word' id='word_1_144' title='bbox 892 1702 968 1754; x_wconf 91' lang='lat' dir='ltr'><strong>ait</strong></span> <span class='ocrx_word' id='word_1_145' title='bbox 998 1721 1012 1755; x_wconf 90' lang='lat'><strong>:</strong></span> <span class='ocrx_word' id='word_1_146' title='bbox 1041 1720 1058 1751; x_wconf 80' lang='grc' dir='ltr'><strong>ι</strong></span> <span class='ocrx_word' id='word_1_147' title='bbox 1090 1701 1155 1755; x_wconf 85' lang='grc' dir='ltr'>Ει</span> <span class='ocrx_word' id='word_1_148' title='bbox 1185 1702 1348 1760; x_wconf 83' lang='lat' dir='ltr'><strong>Jesus</strong></span> <span class='ocrx_word' id='word_1_149' title='bbox 1395 1712 1513 1758; x_wconf 90' lang='lat' dir='ltr'><strong>erat</strong></span> <span class='ocrx_word' id='word_1_150' title='bbox 1556 1706 1783 1762; x_wconf 89' lang='lat' dir='ltr'><strong>indutus</strong></span> <span class='ocrx_word' id='word_1_151' title='bbox 1833 1707 2081 1764; x_wconf 81' lang='lat' dir='ltr'><strong>vestibus</strong></span> 
     </span>
    </p>
   </div>
   <div class='ocr_carea' id='block_1_19' title="bbox 497 1792 2081 1867">
    <p class='ocr_par' dir='ltr' id='par_1_19' title="bbox 497 1792 2081 1867">
     <span class='ocr_line' id='line_1_19' title="bbox 497 1792 2081 1867; baseline 0.002 -20"><span class='ocrx_word' id='word_1_152' title='bbox 497 1792 731 1847; x_wconf 79' lang='lat' dir='ltr'><strong>sordidis</strong></span> <span class='ocrx_word' id='word_1_153' title='bbox 755 1794 841 1858; x_wconf 80' lang='lat'><strong>&quot;;</strong></span> <span class='ocrx_word' id='word_1_154' title='bbox 875 1811 891 1844; x_wconf 73' lang='grc' dir='ltr'><strong>ι</strong></span> <span class='ocrx_word' id='word_1_155' title='bbox 921 1801 1299 1847; x_wconf 84' lang='lat' dir='ltr'><strong>verumtamen</strong></span> <span class='ocrx_word' id='word_1_156' title='bbox 1332 1833 1348 1857; x_wconf 92' lang='lat'><strong>,</strong></span> <span class='ocrx_word' id='word_1_157' title='bbox 1394 1793 1463 1850; x_wconf 88' lang='lat' dir='ltr'><strong>iis</strong></span> <span class='ocrx_word' id='word_1_158' title='bbox 1497 1794 1764 1865; x_wconf 84' lang='lat' dir='ltr'><strong>depositis</strong></span> <span class='ocrx_word' id='word_1_159' title='bbox 1795 1811 1906 1867; x_wconf 91' lang='lat' dir='ltr'><strong>quo</strong></span> <span class='ocrx_word' id='word_1_160' title='bbox 1945 1805 2081 1851; x_wconf 90' lang='lat' dir='ltr'><strong>tem—</strong></span> 
     </span>
    </p>
   </div>
   <div class='ocr_carea' id='block_1_20' title="bbox 496 1885 2081 1958">
    <p class='ocr_par' dir='ltr' id='par_1_20' title="bbox 496 1885 2081 1958">
     <span class='ocr_line' id='line_1_20' title="bbox 496 1885 2081 1958; baseline 0.003 -20"><span class='ocrx_word' id='word_1_161' title='bbox 496 1900 624 1955; x_wconf 78' lang='lat' dir='ltr'><strong>pore</strong></span> <span class='ocrx_word' id='word_1_162' title='bbox 672 1885 727 1938; x_wconf 91' lang='lat' dir='ltr'><strong>in</strong></span> <span class='ocrx_word' id='word_1_163' title='bbox 778 1887 975 1938; x_wconf 69' lang='lat' dir='ltr'><strong>coelum</strong></span> <span class='ocrx_word' id='word_1_164' title='bbox 1042 1886 1349 1958; x_wconf 31' lang='lat' dir='ltr'><strong>ascendit,“</strong></span> <span class='ocrx_word' id='word_1_165' title='bbox 1378 1901 1443 1941; x_wconf 91' lang='lat' dir='ltr'><strong>ac</strong></span> <span class='ocrx_word' id='word_1_166' title='bbox 1496 1886 1564 1942; x_wconf 88' lang='lat' dir='ltr'><strong>de</strong></span> <span class='ocrx_word' id='word_1_167' title='bbox 1611 1888 1872 1943; x_wconf 85' lang='lat' dir='ltr'><strong>servitute</strong></span> <span class='ocrx_word' id='word_1_168' title='bbox 1920 1887 2081 1958; x_wconf 79' lang='lat'><strong>199</strong></span> 
     </span>
    </p>
   </div>
   <div class='ocr_carea' id='block_1_21' title="bbox 496 1964 2079 2051">
    <p class='ocr_par' dir='ltr' id='par_1_21' title="bbox 496 1964 2079 2051">
     <span class='ocr_line' id='line_1_21' title="bbox 496 1964 2079 2051; baseline 0.003 -20"><span class='ocrx_word' id='word_1_169' title='bbox 496 1987 682 2033; x_wconf 88' lang='lat' dir='ltr'><strong>nostra</strong></span> <span class='ocrx_word' id='word_1_170' title='bbox 738 1976 806 2032; x_wconf 89' lang='lat' dir='ltr'><strong>ad</strong></span> <span class='ocrx_word' id='word_1_171' title='bbox 843 1992 907 2032; x_wconf 84' lang='lat' dir='ltr'><strong>ea</strong></span> <span class='ocrx_word' id='word_1_172' title='bbox 938 1993 1058 2047; x_wconf 70' lang='lat' dir='ltr'><strong>qua:</strong></span> <span class='ocrx_word' id='word_1_173' title='bbox 1120 1977 1295 2049; x_wconf 89' lang='lat' dir='ltr'><strong>ipsius</strong></span> <span class='ocrx_word' id='word_1_174' title='bbox 1348 1980 1569 2051; x_wconf 88' lang='lat' dir='ltr'><strong>propria</strong></span> <span class='ocrx_word' id='word_1_175' title='bbox 1631 1989 1782 2044; x_wconf 89' lang='lat' dir='ltr'><strong>sunt,</strong></span> <span class='ocrx_word' id='word_1_176' title='bbox 1825 1964 2079 2036; x_wconf 74' lang='lat' dir='ltr'><strong>reversus</strong></span> 
     </span>
    </p>
   </div>
   <div class='ocr_carea' id='block_1_22' title="bbox 496 2071 2078 2142">
    <p class='ocr_par' dir='ltr' id='par_1_22' title="bbox 496 2071 2078 2142">
     <span class='ocr_line' id='line_1_22' title="bbox 496 2071 2078 2142; baseline 0 -15"><span class='ocrx_word' id='word_1_177' title='bbox 496 2077 603 2136; x_wconf 85' lang='lat' dir='ltr'><strong>est,</strong></span> <span class='ocrx_word' id='word_1_178' title='bbox 668 2077 783 2125; x_wconf 91' lang='lat' dir='ltr'><strong>tum</strong></span> <span class='ocrx_word' id='word_1_179' title='bbox 839 2085 968 2126; x_wconf 88' lang='lat' dir='ltr'><strong>vero</strong></span> <span class='ocrx_word' id='word_1_180' title='bbox 1018 2080 1254 2142; x_wconf 85' lang='lat' dir='ltr'><strong>paternae</strong></span> <span class='ocrx_word' id='word_1_181' title='bbox 1310 2071 1613 2128; x_wconf 88' lang='lat' dir='ltr'><strong>divinitatis</strong></span> <span class='ocrx_word' id='word_1_182' title='bbox 1660 2073 1965 2130; x_wconf 83' lang='lat' dir='ltr'><strong>diademate</strong></span> <span class='ocrx_word' id='word_1_183' title='bbox 1992 2081 2078 2129; x_wconf 91' lang='lat' dir='ltr'><strong>est</strong></span> 
     </span>
    </p>
   </div>
   <div class='ocr_carea' id='block_1_23' title="bbox 498 2161 2077 2234">
    <p class='ocr_par' dir='ltr' id='par_1_23' title="bbox 498 2161 2077 2234">
     <span class='ocr_line' id='line_1_23' title="bbox 498 2161 2077 2234; baseline 0.003 -18"><span class='ocrx_word' id='word_1_184' title='bbox 498 2172 796 2218; x_wconf 88' lang='lat' dir='ltr'><strong>coronatus</strong></span> <span class='ocrx_word' id='word_1_185' title='bbox 816 2200 831 2226; x_wconf 87' lang='lat'><strong>,</strong></span> <span class='ocrx_word' id='word_1_186' title='bbox 860 2168 913 2217; x_wconf 90' lang='lat' dir='ltr'><strong>et</strong></span> <span class='ocrx_word' id='word_1_187' title='bbox 950 2161 1162 2233; x_wconf 81' lang='lat' dir='ltr'><strong>paterni</strong></span> <span class='ocrx_word' id='word_1_188' title='bbox 1192 2162 1413 2218; x_wconf 90' lang='lat' dir='ltr'><strong>luminis</strong></span> <span class='ocrx_word' id='word_1_189' title='bbox 1449 2164 1955 2234; x_wconf 89' lang='lat' dir='ltr'><strong>splendidissimum</strong></span> <span class='ocrx_word' id='word_1_190' title='bbox 1983 2180 2077 2220; x_wconf 86' lang='lat' dir='ltr'><strong>ve-</strong></span> 
     </span>
    </p>
   </div>
   <div class='ocr_carea' id='block_1_24' title="bbox 499 2248 2075 2328">
    <p class='ocr_par' dir='ltr' id='par_1_24' title="bbox 499 2248 2075 2328">
     <span class='ocr_line' id='line_1_24' title="bbox 499 2248 2075 2328; baseline 0.003 -22"><span class='ocrx_word' id='word_1_191' title='bbox 499 2254 814 2307; x_wconf 88' lang='lat' dir='ltr'><strong>stimentum</strong></span> <span class='ocrx_word' id='word_1_192' title='bbox 860 2254 1105 2320; x_wconf 88' lang='lat' dir='ltr'><strong>indutus,</strong></span> <span class='ocrx_word' id='word_1_193' title='bbox 1165 2248 1449 2326; x_wconf 82' lang='lat' dir='ltr'><strong>c&#39;idarique</strong></span> <span class='ocrx_word' id='word_1_194' title='bbox 1484 2255 1707 2325; x_wconf 90' lang='lat' dir='ltr'><strong>divina,</strong></span> <span class='ocrx_word' id='word_1_195' title='bbox 1736 2265 1903 2328; x_wconf 89' lang='lat' dir='ltr'><strong>atque</strong></span> <span class='ocrx_word' id='word_1_196' title='bbox 1951 2257 2075 2311; x_wconf 89' lang='lat' dir='ltr'><strong>aliis</strong></span> 
     </span>
    </p>
   </div>
   <div class='ocr_carea' id='block_1_25' title="bbox 494 2345 2075 2415">
    <p class='ocr_par' dir='ltr' id='par_1_25' title="bbox 494 2345 2075 2415">
     <span class='ocr_line' id='line_1_25' title="bbox 494 2345 2075 2415; baseline 0.003 -15"><span class='ocrx_word' id='word_1_197' title='bbox 494 2345 790 2415; x_wconf 90' lang='lat' dir='ltr'><strong>pontiliciis</strong></span> <span class='ocrx_word' id='word_1_198' title='bbox 815 2348 1153 2401; x_wconf 88' lang='lat' dir='ltr'><strong>ornamentis</strong></span> <span class='ocrx_word' id='word_1_199' title='bbox 1168 2347 1485 2404; x_wconf 89' lang='lat' dir='ltr'><strong>decoratus.</strong></span> <span class='ocrx_word' id='word_1_200' title='bbox 1510 2346 1631 2404; x_wconf 87' lang='lat' dir='ltr'><strong>Non</strong></span> <span class='ocrx_word' id='word_1_201' title='bbox 1652 2358 1735 2405; x_wconf 89' lang='lat' dir='ltr'><strong>est</strong></span> <span class='ocrx_word' id='word_1_202' title='bbox 1760 2359 1940 2405; x_wconf 89' lang='lat' dir='ltr'><strong>autem</strong></span> <span class='ocrx_word' id='word_1_203' title='bbox 1969 2351 2075 2406; x_wconf 80' lang='lat' dir='ltr'><strong>dif-</strong></span> 
     </span>
    </p>
   </div>
   <div class='ocr_carea' id='block_1_26' title="bbox 498 2434 2073 2513">
    <p class='ocr_par' dir='ltr' id='par_1_26' title="bbox 498 2434 2073 2513">
     <span class='ocr_line' id='line_1_26' title="bbox 498 2434 2073 2513; baseline 0.004 -25"><span class='ocrx_word' id='word_1_204' title='bbox 498 2435 637 2491; x_wconf 90' lang='lat' dir='ltr'><strong>ticile</strong></span> <span class='ocrx_word' id='word_1_205' title='bbox 668 2434 832 2491; x_wconf 88' lang='lat' dir='ltr'><strong>etiam</strong></span> <span class='ocrx_word' id='word_1_206' title='bbox 863 2450 927 2489; x_wconf 89' lang='lat' dir='ltr'><strong>ea</strong></span> <span class='ocrx_word' id='word_1_207' title='bbox 967 2450 1086 2506; x_wconf 73' lang='lat' dir='ltr'><strong>quae</strong></span> <span class='ocrx_word' id='word_1_208' title='bbox 1115 2436 1183 2491; x_wconf 91' lang='lat' dir='ltr'><strong>ad</strong></span> <span class='ocrx_word' id='word_1_209' title='bbox 1216 2435 1495 2492; x_wconf 91' lang='lat' dir='ltr'><strong>diabolum</strong></span> <span class='ocrx_word' id='word_1_210' title='bbox 1519 2446 1769 2510; x_wconf 85' lang='lat' dir='ltr'><strong>spectant</strong></span> <span class='ocrx_word' id='word_1_211' title='bbox 1800 2441 2073 2513; x_wconf 63' lang='lat' dir='ltr'><strong>interpreo</strong></span> 
     </span>
    </p>
   </div>
   <div class='ocr_carea' id='block_1_27' title="bbox 491 2525 2074 2597">
    <p class='ocr_par' dir='ltr' id='par_1_27' title="bbox 491 2525 2074 2597">
     <span class='ocr_line' id='line_1_27' title="bbox 491 2525 2074 2597; baseline 0.004 -17"><span class='ocrx_word' id='word_1_212' title='bbox 491 2527 616 2590; x_wconf 89' lang='lat' dir='ltr'><strong>tari,</strong></span> <span class='ocrx_word' id='word_1_213' title='bbox 638 2525 731 2597; x_wconf 90' lang='lat' dir='ltr'><strong>qui</strong></span> <span class='ocrx_word' id='word_1_214' title='bbox 765 2526 984 2597; x_wconf 88' lang='lat' dir='ltr'><strong>quidem</strong></span> <span class='ocrx_word' id='word_1_215' title='bbox 1016 2527 1179 2581; x_wconf 87' lang='lat' dir='ltr'><strong>etiam</strong></span> <span class='ocrx_word' id='word_1_216' title='bbox 1219 2544 1368 2584; x_wconf 93' lang='lat' dir='ltr'><strong>nunc</strong></span> <span class='ocrx_word' id='word_1_217' title='bbox 1396 2528 1525 2584; x_wconf 88' lang='lat' dir='ltr'><strong>dum</strong></span> <span class='ocrx_word' id='word_1_218' title='bbox 1566 2529 1770 2587; x_wconf 88' lang='lat' dir='ltr'><strong>Christi</strong></span> <span class='ocrx_word' id='word_1_219' title='bbox 1807 2532 2074 2587; x_wconf 68' lang='lat' dir='ltr'><strong>doctrinae</strong></span> 
     </span>
    </p>
   </div>
   <div class='ocr_carea' id='block_1_28' title="bbox 491 2617 2075 2695">
    <p class='ocr_par' dir='ltr' id='par_1_28' title="bbox 491 2617 2075 2695">
     <span class='ocr_line' id='line_1_28' title="bbox 491 2617 2075 2695; baseline 0.003 -21"><span class='ocrx_word' id='word_1_220' title='bbox 491 2617 831 2684; x_wconf 83' lang='lat' dir='ltr'><strong>adversatur,</strong></span> <span class='ocrx_word' id='word_1_221' title='bbox 885 2627 1048 2689; x_wconf 89' lang='lat' dir='ltr'><strong>atque</strong></span> <span class='ocrx_word' id='word_1_222' title='bbox 1088 2620 1165 2673; x_wconf 90' lang='lat' dir='ltr'><strong>illi</strong></span> <span class='ocrx_word' id='word_1_223' title='bbox 1201 2618 1478 2688; x_wconf 60' lang='lat' dir='ltr'><strong>Ecclesiae,</strong></span> <span class='ocrx_word' id='word_1_224' title='bbox 1513 2638 1635 2693; x_wconf 72' lang='lat' dir='ltr'><strong>quae</strong></span> <span class='ocrx_word' id='word_1_225' title='bbox 1671 2638 1703 2677; x_wconf 92' lang='lat' dir='ltr'><strong>a</strong></span> <span class='ocrx_word' id='word_1_226' title='bbox 1731 2622 1950 2679; x_wconf 86' lang='lat' dir='ltr'><strong>Christo</strong></span> <span class='ocrx_word' id='word_1_227' title='bbox 1979 2640 2075 2695; x_wconf 90' lang='lat' dir='ltr'><strong>per</strong></span> 
     </span>
    </p>
   </div>
   <div class='ocr_carea' id='block_1_29' title="bbox 484 2712 2068 2787">
    <p class='ocr_par' dir='ltr' id='par_1_29' title="bbox 484 2712 2068 2787">
     <span class='ocr_line' id='line_1_29' title="bbox 484 2712 2068 2787; baseline 0.002 -21"><span class='ocrx_word' id='word_1_228' title='bbox 484 2719 665 2766; x_wconf 88' lang='lat' dir='ltr'><strong>totum</strong></span> <span class='ocrx_word' id='word_1_229' title='bbox 719 2719 987 2766; x_wconf 90' lang='lat' dir='ltr'><strong>terrarum</strong></span> <span class='ocrx_word' id='word_1_230' title='bbox 1035 2712 1222 2769; x_wconf 86' lang='lat' dir='ltr'><strong>orbem</strong></span> <span class='ocrx_word' id='word_1_231' title='bbox 1265 2722 1451 2771; x_wconf 81' lang='lat' dir='ltr'><strong>erecta</strong></span> <span class='ocrx_word' id='word_1_232' title='bbox 1500 2723 1607 2781; x_wconf 90' lang='lat' dir='ltr'><strong>est,</strong></span> <span class='ocrx_word' id='word_1_233' title='bbox 1637 2716 1744 2787; x_wconf 89' lang='lat' dir='ltr'><strong>ipsi</strong></span> <span class='ocrx_word' id='word_1_234' title='bbox 1799 2714 2068 2772; x_wconf 82' lang='lat' dir='ltr'><strong>Salvatori</strong></span> 
     </span>
    </p>
   </div>
   <div class='ocr_carea' id='block_1_30' title="bbox 494 2802 2068 2879">
    <p class='ocr_par' dir='ltr' id='par_1_30' title="bbox 494 2802 2068 2879">
     <span class='ocr_line' id='line_1_30' title="bbox 494 2802 2068 2879; baseline 0.001 -20"><span class='ocrx_word' id='word_1_235' title='bbox 494 2811 687 2861; x_wconf 81' lang='lat' dir='ltr'><strong>nostro</strong></span> <span class='ocrx_word' id='word_1_236' title='bbox 716 2802 1063 2868; x_wconf 86' lang='lat' dir='ltr'><strong>adversatur,</strong></span> <span class='ocrx_word' id='word_1_237' title='bbox 1091 2812 1279 2875; x_wconf 86' lang='lat' dir='ltr'><strong>utpote</strong></span> <span class='ocrx_word' id='word_1_238' title='bbox 1310 2808 1404 2877; x_wconf 91' lang='lat' dir='ltr'><strong>qui</strong></span> <span class='ocrx_word' id='word_1_239' title='bbox 1435 2818 1593 2863; x_wconf 88' lang='lat' dir='ltr'><strong>antea</strong></span> <span class='ocrx_word' id='word_1_240' title='bbox 1624 2823 1844 2879; x_wconf 87' lang='lat' dir='ltr'><strong>quoque</strong></span> <span class='ocrx_word' id='word_1_241' title='bbox 1874 2817 2068 2863; x_wconf 88' lang='lat' dir='ltr'><strong>contra</strong></span> 
     </span>
    </p>
   </div>
   <div class='ocr_carea' id='block_1_31' title="bbox 486 2896 2068 2972">
    <p class='ocr_par' dir='ltr' id='par_1_31' title="bbox 486 2896 2068 2972">
     <span class='ocr_line' id='line_1_31' title="bbox 486 2896 2068 2972; baseline 0.001 -18"><span class='ocrx_word' id='word_1_242' title='bbox 486 2898 645 2954; x_wconf 79' lang='lat' dir='ltr'><strong>illum</strong></span> <span class='ocrx_word' id='word_1_243' title='bbox 676 2896 907 2960; x_wconf 88' lang='lat' dir='ltr'><strong>steterit,</strong></span> <span class='ocrx_word' id='word_1_244' title='bbox 956 2898 1087 2951; x_wconf 89' lang='lat' dir='ltr'><strong>dum</strong></span> <span class='ocrx_word' id='word_1_245' title='bbox 1131 2897 1177 2953; x_wconf 78' lang='lat' dir='ltr'><strong>is</strong></span> <span class='ocrx_word' id='word_1_246' title='bbox 1222 2899 1378 2955; x_wconf 91' lang='lat' dir='ltr'><strong>adest</strong></span> <span class='ocrx_word' id='word_1_247' title='bbox 1426 2916 1529 2957; x_wconf 91' lang='lat' dir='ltr'><strong>nos</strong></span> <span class='ocrx_word' id='word_1_248' title='bbox 1554 2915 1585 2953; x_wconf 90' lang='lat' dir='ltr'><strong>a</strong></span> <span class='ocrx_word' id='word_1_249' title='bbox 1614 2902 1877 2956; x_wconf 89' lang='lat' dir='ltr'><strong>servitute</strong></span> <span class='ocrx_word' id='word_1_250' title='bbox 1906 2916 2068 2972; x_wconf 89' lang='lat' dir='ltr'><strong>quam</strong></span> 
     </span>
    </p>
   </div>
   <div class='ocr_carea' id='block_1_32' title="bbox 493 2988 2069 3062">
    <p class='ocr_par' dir='ltr' id='par_1_32' title="bbox 493 2988 2069 3062">
     <span class='ocr_line' id='line_1_32' title="bbox 493 2988 2069 3062; baseline 0.001 -18"><span class='ocrx_word' id='word_1_251' title='bbox 493 2990 597 3044; x_wconf 90' lang='lat' dir='ltr'><strong>sub</strong></span> <span class='ocrx_word' id='word_1_252' title='bbox 646 2988 752 3044; x_wconf 86' lang='lat' dir='ltr'><strong>hoc</strong></span> <span class='ocrx_word' id='word_1_253' title='bbox 780 2988 1109 3050; x_wconf 80' lang='lat' dir='ltr'><strong>ferebamus.</strong></span> <span class='ocrx_word' id='word_1_254' title='bbox 1145 2991 1479 3048; x_wconf 83' lang='lat' dir='ltr'><strong>liberaturus</strong></span> <span class='ocrx_word' id='word_1_255' title='bbox 1514 3012 1527 3047; x_wconf 90' lang='lat'><strong>:</strong></span> <span class='ocrx_word' id='word_1_256' title='bbox 1572 3008 1765 3062; x_wconf 90' lang='lat' dir='ltr'><strong>nempe</strong></span> <span class='ocrx_word' id='word_1_257' title='bbox 1799 2993 1953 3046; x_wconf 90' lang='lat' dir='ltr'><strong>illum</strong></span> <span class='ocrx_word' id='word_1_258' title='bbox 1981 2994 2069 3047; x_wconf 91' lang='lat' dir='ltr'><strong>hic</strong></span> 
     </span>
    </p>
   </div>
   <div class='ocr_carea' id='block_1_33' title="bbox 2188 503 3768 579">
    <p class='ocr_par' dir='ltr' id='par_1_33' title="bbox 2188 503 3768 579">
     <span class='ocr_line' id='line_1_33' title="bbox 2188 503 3768 579; baseline 0 -21"><span class='ocrx_word' id='word_1_259' title='bbox 2188 504 2327 577; x_wconf 90' lang='grc' dir='ltr'>μεθα</span> <span class='ocrx_word' id='word_1_260' title='bbox 2347 507 2509 561; x_wconf 76' lang='grc' dir='ltr'>αὑτὸν</span> <span class='ocrx_word' id='word_1_261' title='bbox 2538 503 2674 562; x_wconf 81' lang='grc' dir='ltr'>εἶναι</span> <span class='ocrx_word' id='word_1_262' title='bbox 2707 509 2765 564; x_wconf 87' lang='grc' dir='ltr'><strong>ἐν</strong></span> <span class='ocrx_word' id='word_1_263' title='bbox 2792 508 2940 579; x_wconf 84' lang='grc' dir='ltr'>πόνῳ</span> <span class='ocrx_word' id='word_1_264' title='bbox 2969 508 3061 562; x_wconf 70' lang='grc' dir='ltr'><strong>καὶ</strong></span> <span class='ocrx_word' id='word_1_265' title='bbox 3094 510 3154 562; x_wconf 88' lang='grc' dir='ltr'><strong>ἐν</strong></span> <span class='ocrx_word' id='word_1_266' title='bbox 3188 505 3391 578; x_wconf 73' lang='grc' dir='ltr'>πληγῇ,</span> <span class='ocrx_word' id='word_1_267' title='bbox 3438 507 3532 560; x_wconf 70' lang='grc' dir='ltr'><strong>καὶ</strong></span> <span class='ocrx_word' id='word_1_268' title='bbox 3566 508 3624 559; x_wconf 87' lang='grc' dir='ltr'><strong>ἐν</strong></span> <span class='ocrx_word' id='word_1_269' title='bbox 3666 523 3768 558; x_wconf 85' lang='grc' dir='ltr'>κα-</span> 
     </span>
    </p>
   </div>
   <div class='ocr_carea' id='block_1_34' title="bbox 2185 596 3769 673">
    <p class='ocr_par' dir='ltr' id='par_1_34' title="bbox 2185 596 3769 673">
     <span class='ocr_line' id='line_1_34' title="bbox 2185 596 3769 673; baseline -0.001 -22"><span class='ocrx_word' id='word_1_270' title='bbox 2185 596 2385 652; x_wconf 81' lang='grc' dir='ltr'>κώσει·</span> <span class='ocrx_word' id='word_1_271' title='bbox 2446 600 2608 664; x_wconf 76' lang='grc' dir='ltr'>αὐτὸς</span> <span class='ocrx_word' id='word_1_272' title='bbox 2663 600 2718 653; x_wconf 88' lang='grc' dir='ltr'>δὲ</span> <span class='ocrx_word' id='word_1_273' title='bbox 2760 598 3172 673; x_wconf 88' lang='grc' dir='ltr'>ἐτραυματίσθη</span> <span class='ocrx_word' id='word_1_274' title='bbox 3213 597 3303 651; x_wconf 81' lang='grc' dir='ltr'>διὰ</span> <span class='ocrx_word' id='word_1_275' title='bbox 3347 596 3446 661; x_wconf 84' lang='grc' dir='ltr'>τὰς</span> <span class='ocrx_word' id='word_1_276' title='bbox 3491 596 3769 668; x_wconf 81' lang='grc' dir='ltr'>ἁμαρτίας</span> 
     </span>
    </p>
   </div>
   <div class='ocr_carea' id='block_1_35' title="bbox 2184 686 3761 763">
    <p class='ocr_par' dir='ltr' id='par_1_35' title="bbox 2184 686 3761 763">
     <span class='ocr_line' id='line_1_35' title="bbox 2184 686 3761 763; baseline -0.003 -21"><span class='ocrx_word' id='word_1_277' title='bbox 2184 689 2340 762; x_wconf 84' lang='grc' dir='ltr'>ήμῶν</span> <span class='ocrx_word' id='word_1_278' title='bbox 2365 730 2381 756; x_wconf 90' lang='grc'><strong>,</strong></span> <span class='ocrx_word' id='word_1_279' title='bbox 2429 692 2523 745; x_wconf 73' lang='grc' dir='ltr'><strong>καὶ</strong></span> <span class='ocrx_word' id='word_1_280' title='bbox 2552 691 2956 763; x_wconf 86' lang='grc' dir='ltr'>μεμαλάκισται</span> <span class='ocrx_word' id='word_1_281' title='bbox 2999 689 3087 744; x_wconf 86' lang='grc' dir='ltr'><strong>διά</strong></span> <span class='ocrx_word' id='word_1_282' title='bbox 3128 688 3228 754; x_wconf 84' lang='grc' dir='ltr'>τὰς</span> <span class='ocrx_word' id='word_1_283' title='bbox 3256 688 3488 760; x_wconf 78' lang='grc' dir='ltr'><strong>ἀνομίας</strong></span> <span class='ocrx_word' id='word_1_284' title='bbox 3516 686 3695 759; x_wconf 83' lang='grc' dir='ltr'>ήμῶν.</span> <span class='ocrx_word' id='word_1_285' title='bbox 3740 705 3761 738; x_wconf 72' lang='grc' dir='ltr'><strong>ι</strong></span> 
     </span>
    </p>
   </div>
   <div class='ocr_carea' id='block_1_36' title="bbox 2197 776 3767 852">
    <p class='ocr_par' dir='ltr' id='par_1_36' title="bbox 2197 776 3767 852">
     <span class='ocr_line' id='line_1_36' title="bbox 2197 776 3767 852; baseline -0.003 -20"><span class='ocrx_word' id='word_1_286' title='bbox 2197 780 2357 834; x_wconf 83' lang='grc' dir='ltr'>Ἀλλὰ</span> <span class='ocrx_word' id='word_1_287' title='bbox 2389 782 2485 835; x_wconf 81' lang='grc' dir='ltr'><strong>καὶ</strong></span> <span class='ocrx_word' id='word_1_288' title='bbox 2526 782 2777 852; x_wconf 83' lang='grc' dir='ltr'><strong>Ἰωάννης</strong></span> <span class='ocrx_word' id='word_1_289' title='bbox 2818 784 2849 835; x_wconf 99' lang='lat'><strong>6</strong></span> <span class='ocrx_word' id='word_1_290' title='bbox 2895 778 3204 852; x_wconf 82' lang='grc' dir='ltr'>Βαπτιστὴς</span> <span class='ocrx_word' id='word_1_291' title='bbox 3254 777 3378 833; x_wconf 88' lang='grc' dir='ltr'>ἰδὼν</span> <span class='ocrx_word' id='word_1_292' title='bbox 3418 777 3511 830; x_wconf 80' lang='grc' dir='ltr'><strong>τὸν</strong></span> <span class='ocrx_word' id='word_1_293' title='bbox 3557 776 3767 847; x_wconf 80' lang='grc' dir='ltr'>Κύριον</span> 
     </span>
    </p>
   </div>
   <div class='ocr_carea' id='block_1_37' title="bbox 2184 865 3767 942">
    <p class='ocr_par' dir='ltr' id='par_1_37' title="bbox 2184 865 3767 942">
     <span class='ocr_line' id='line_1_37' title="bbox 2184 865 3767 942; baseline -0.001 -20"><span class='ocrx_word' id='word_1_294' title='bbox 2184 865 2367 924; x_wconf 77' lang='grc' dir='ltr'>εἶπεν·</span> <span class='ocrx_word' id='word_1_295' title='bbox 2407 890 2425 921; x_wconf 73' lang='grc' dir='ltr'><strong>τ</strong></span> <span class='ocrx_word' id='word_1_296' title='bbox 2457 870 2563 924; x_wconf 85' lang='grc' dir='ltr'>Ἴδε</span> <span class='ocrx_word' id='word_1_297' title='bbox 2609 874 2638 926; x_wconf 95' lang='lat'><strong>6</strong></span> <span class='ocrx_word' id='word_1_298' title='bbox 2677 871 2736 925; x_wconf 87' lang='lat' dir='ltr'><strong>’A</strong></span> <span class='ocrx_word' id='word_1_299' title='bbox 2748 871 2880 942; x_wconf 79' lang='grc' dir='ltr'>μνὺς</span> <span class='ocrx_word' id='word_1_300' title='bbox 2912 870 3006 924; x_wconf 91' lang='grc' dir='ltr'><strong>τοῦ</strong></span> <span class='ocrx_word' id='word_1_301' title='bbox 3035 869 3169 924; x_wconf 88' lang='grc' dir='ltr'>Θεοῦ</span> <span class='ocrx_word' id='word_1_302' title='bbox 3197 870 3227 923; x_wconf 89' lang='lat'><strong>6</strong></span> <span class='ocrx_word' id='word_1_303' title='bbox 3252 867 3425 938; x_wconf 79' lang='grc' dir='ltr'>αἴρων</span> <span class='ocrx_word' id='word_1_304' title='bbox 3454 865 3553 932; x_wconf 87' lang='grc' dir='ltr'><strong>τάς</strong></span> <span class='ocrx_word' id='word_1_305' title='bbox 3579 867 3767 939; x_wconf 84' lang='grc' dir='ltr'>ἀμαρ-</span> 
     </span>
    </p>
   </div>
   <div class='ocr_carea' id='block_1_38' title="bbox 2184 959 3766 1035">
    <p class='ocr_par' dir='ltr' id='par_1_38' title="bbox 2184 959 3766 1035">
     <span class='ocr_line' id='line_1_38' title="bbox 2184 959 3766 1035; baseline -0.001 -21"><span class='ocrx_word' id='word_1_306' title='bbox 2184 961 2307 1026; x_wconf 91' lang='grc' dir='ltr'>τίας</span> <span class='ocrx_word' id='word_1_307' title='bbox 2337 962 2432 1017; x_wconf 89' lang='grc' dir='ltr'><strong>τοῦ</strong></span> <span class='ocrx_word' id='word_1_308' title='bbox 2460 964 2689 1035; x_wconf 85' lang='grc' dir='ltr'><strong>κόσμου.</strong></span> <span class='ocrx_word' id='word_1_309' title='bbox 2725 984 2744 1016; x_wconf 77' lang='grc' dir='ltr'><strong>ι</strong></span> <span class='ocrx_word' id='word_1_310' title='bbox 2783 963 2895 1017; x_wconf 77' lang='grc' dir='ltr'>Καὶ</span> <span class='ocrx_word' id='word_1_311' title='bbox 2919 961 2948 1014; x_wconf 92' lang='lat'><strong>6</strong></span> <span class='ocrx_word' id='word_1_312' title='bbox 2985 962 3199 1027; x_wconf 80' lang='grc' dir='ltr'>Παῦλος</span> <span class='ocrx_word' id='word_1_313' title='bbox 3225 960 3435 1026; x_wconf 78' lang='grc' dir='ltr'><strong>τούτοις</strong></span> <span class='ocrx_word' id='word_1_314' title='bbox 3467 959 3766 1033; x_wconf 85' lang='grc' dir='ltr'>παραπλη-</span> 
     </span>
    </p>
   </div>
   <div class='ocr_carea' id='block_1_39' title="bbox 2186 1051 3768 1131">
    <p class='ocr_par' dir='ltr' id='par_1_39' title="bbox 2186 1051 3768 1131">
     <span class='ocr_line' id='line_1_39' title="bbox 2186 1051 3768 1131; baseline -0.001 -22"><span class='ocrx_word' id='word_1_315' title='bbox 2186 1055 2317 1120; x_wconf 89' lang='grc' dir='ltr'>σίως</span> <span class='ocrx_word' id='word_1_316' title='bbox 2365 1056 2493 1128; x_wconf 79' lang='grc' dir='ltr'>περὶ</span> <span class='ocrx_word' id='word_1_317' title='bbox 2537 1054 2703 1111; x_wconf 78' lang='grc' dir='ltr'>αὐτοῦ</span> <span class='ocrx_word' id='word_1_318' title='bbox 2752 1057 2980 1131; x_wconf 89' lang='grc' dir='ltr'>γράφων</span> <span class='ocrx_word' id='word_1_319' title='bbox 3028 1056 3196 1129; x_wconf 74' lang='grc' dir='ltr'>φησί’</span> <span class='ocrx_word' id='word_1_320' title='bbox 3233 1075 3254 1108; x_wconf 84' lang='grc'><strong><em>‹</em></strong></span> <span class='ocrx_word' id='word_1_321' title='bbox 3287 1055 3392 1109; x_wconf 80' lang='grc' dir='ltr'><strong>Τὸν</strong></span> <span class='ocrx_word' id='word_1_322' title='bbox 3444 1051 3519 1125; x_wconf 76' lang='grc' dir='ltr'><strong>μὴ</strong></span> <span class='ocrx_word' id='word_1_323' title='bbox 3566 1053 3768 1123; x_wconf 80' lang='grc' dir='ltr'><strong>γνόντα</strong></span> 
     </span>
    </p>
   </div>
   <div class='ocr_carea' id='block_1_40' title="bbox 2184 1148 3769 1222">
    <p class='ocr_par' dir='ltr' id='par_1_40' title="bbox 2184 1148 3769 1222">
     <span class='ocr_line' id='line_1_40' title="bbox 2184 1148 3769 1222; baseline -0.001 -20"><span class='ocrx_word' id='word_1_324' title='bbox 2184 1148 2458 1222; x_wconf 83' lang='grc' dir='ltr'>ἁμαρτίαν</span> <span class='ocrx_word' id='word_1_325' title='bbox 2490 1150 2631 1222; x_wconf 74' lang='grc' dir='ltr'>ὑπὲρ</span> <span class='ocrx_word' id='word_1_326' title='bbox 2655 1148 2812 1222; x_wconf 81' lang='grc' dir='ltr'>ἡμῶν</span> <span class='ocrx_word' id='word_1_327' title='bbox 2854 1149 3130 1222; x_wconf 78' lang='grc' dir='ltr'>ἁμαρτίαν</span> <span class='ocrx_word' id='word_1_328' title='bbox 3157 1150 3442 1222; x_wconf 88' lang='grc' dir='ltr'>ἐποίησεν,</span> <span class='ocrx_word' id='word_1_329' title='bbox 3482 1149 3569 1203; x_wconf 84' lang='grc' dir='ltr'>ἵνα</span> <span class='ocrx_word' id='word_1_330' title='bbox 3601 1150 3769 1221; x_wconf 79' lang='grc' dir='ltr'>ἡμεῖς</span> 
     </span>
    </p>
   </div>
   <div class='ocr_carea' id='block_1_41' title="bbox 2182 1238 3765 1313">
    <p class='ocr_par' dir='ltr' id='par_1_41' title="bbox 2182 1238 3765 1313">
     <span class='ocr_line' id='line_1_41' title="bbox 2182 1238 3765 1313; baseline 0.001 -20"><span class='ocrx_word' id='word_1_331' title='bbox 2182 1238 2498 1312; x_wconf 82' lang='grc' dir='ltr'><strong>δικαιοσύνη</strong></span> <span class='ocrx_word' id='word_1_332' title='bbox 2570 1239 2706 1294; x_wconf 88' lang='grc' dir='ltr'>Θεοῦ</span> <span class='ocrx_word' id='word_1_333' title='bbox 2774 1240 3061 1313; x_wconf 80' lang='grc' dir='ltr'><strong>γινώμεθα</strong></span> <span class='ocrx_word' id='word_1_334' title='bbox 3126 1244 3185 1296; x_wconf 90' lang='grc' dir='ltr'><strong>ἐν</strong></span> <span class='ocrx_word' id='word_1_335' title='bbox 3256 1240 3407 1313; x_wconf 81' lang='grc' dir='ltr'>αὐτῷ</span> <span class='ocrx_word' id='word_1_336' title='bbox 3437 1258 3451 1272; x_wconf 76' lang='grc' dir='ltr'><strong>ο</strong></span> <span class='ocrx_word' id='word_1_337' title='bbox 3511 1259 3530 1293; x_wconf 72' lang='grc' dir='ltr'><strong>ι</strong></span> <span class='ocrx_word' id='word_1_338' title='bbox 3616 1242 3713 1294; x_wconf 79' lang='grc' dir='ltr'>καὶ</span> <span class='ocrx_word' id='word_1_339' title='bbox 3748 1283 3765 1306; x_wconf 90' lang='grc'><strong>,</strong></span> 
     </span>
    </p>
   </div>
   <div class='ocr_carea' id='block_1_42' title="bbox 2190 1331 3765 1407">
    <p class='ocr_par' dir='ltr' id='par_1_42' title="bbox 2190 1331 3765 1407">
     <span class='ocr_line' id='line_1_42' title="bbox 2190 1331 3765 1407; baseline 0.003 -24"><span class='ocrx_word' id='word_1_340' title='bbox 2190 1349 2210 1382; x_wconf 85' lang='grc' dir='ltr'><strong>ι</strong></span> <span class='ocrx_word' id='word_1_341' title='bbox 2253 1332 2488 1404; x_wconf 82' lang='grc' dir='ltr'>Χριστὸς</span> <span class='ocrx_word' id='word_1_342' title='bbox 2525 1332 2675 1404; x_wconf 74' lang='grc' dir='ltr'>ἡμᾶς</span> <span class='ocrx_word' id='word_1_343' title='bbox 2720 1331 3055 1407; x_wconf 74' lang='grc' dir='ltr'><strong>ἐξηγόρασεν</strong></span> <span class='ocrx_word' id='word_1_344' title='bbox 3113 1336 3179 1387; x_wconf 86' lang='grc' dir='ltr'><strong>ἐκ</strong></span> <span class='ocrx_word' id='word_1_345' title='bbox 3217 1334 3315 1405; x_wconf 84' lang='grc' dir='ltr'>τῆς</span> <span class='ocrx_word' id='word_1_346' title='bbox 3360 1332 3607 1407; x_wconf 80' lang='grc' dir='ltr'>κατάρας</span> <span class='ocrx_word' id='word_1_347' title='bbox 3668 1333 3765 1387; x_wconf 86' lang='grc' dir='ltr'><strong>τοῦ</strong></span> 
     </span>
    </p>
   </div>
   <div class='ocr_carea' id='block_1_43' title="bbox 2184 1424 3766 1498">
    <p class='ocr_par' dir='ltr' id='par_1_43' title="bbox 2184 1424 3766 1498">
     <span class='ocr_line' id='line_1_43' title="bbox 2184 1424 3766 1498; baseline -0.001 -18"><span class='ocrx_word' id='word_1_348' title='bbox 2184 1425 2349 1497; x_wconf 83' lang='grc' dir='ltr'>νόμον</span> <span class='ocrx_word' id='word_1_349' title='bbox 2373 1467 2388 1492; x_wconf 94' lang='grc'><strong>,</strong></span> <span class='ocrx_word' id='word_1_350' title='bbox 2437 1426 2726 1498; x_wconf 84' lang='grc' dir='ltr'>γενόμενος</span> <span class='ocrx_word' id='word_1_351' title='bbox 2785 1427 2925 1498; x_wconf 80' lang='grc' dir='ltr'>ὑπὲρ</span> <span class='ocrx_word' id='word_1_352' title='bbox 2984 1426 3143 1498; x_wconf 79' lang='grc' dir='ltr'>ἡμῶν</span> <span class='ocrx_word' id='word_1_353' title='bbox 3212 1425 3447 1498; x_wconf 83' lang='grc' dir='ltr'>κατάρα.</span> <span class='ocrx_word' id='word_1_354' title='bbox 3501 1445 3520 1479; x_wconf 74' lang='grc' dir='ltr'><strong>ι</strong></span> <span class='ocrx_word' id='word_1_355' title='bbox 3577 1424 3766 1478; x_wconf 88' lang='grc' dir='ltr'>Ταῦτα</span> 
     </span>
    </p>
   </div>
   <div class='ocr_carea' id='block_1_44' title="bbox 2185 1512 3764 1590">
    <p class='ocr_par' dir='ltr' id='par_1_44' title="bbox 2185 1512 3764 1590">
     <span class='ocr_line' id='line_1_44' title="bbox 2185 1512 3764 1590; baseline -0.001 -19"><span class='ocrx_word' id='word_1_356' title='bbox 2185 1517 2250 1589; x_wconf 83' lang='grc' dir='ltr'>δὴ</span> <span class='ocrx_word' id='word_1_357' title='bbox 2298 1512 2392 1573; x_wconf 82' lang='grc' dir='ltr'><strong>οῦν</strong></span> <span class='ocrx_word' id='word_1_358' title='bbox 2451 1520 2670 1573; x_wconf 75' lang='grc' dir='ltr'>ἅπαντα</span> <span class='ocrx_word' id='word_1_359' title='bbox 2733 1516 3062 1584; x_wconf 78' lang='grc' dir='ltr'>θεσπίζουσα</span> <span class='ocrx_word' id='word_1_360' title='bbox 3121 1520 3155 1590; x_wconf 76' lang='grc' dir='ltr'><strong>ἡ</strong></span> <span class='ocrx_word' id='word_1_361' title='bbox 3202 1518 3512 1590; x_wconf 77' lang='grc' dir='ltr'>προφητεία</span> <span class='ocrx_word' id='word_1_362' title='bbox 3572 1518 3764 1589; x_wconf 78' lang='grc' dir='ltr'>ἐδήλου</span> 
     </span>
    </p>
   </div>
   <div class='ocr_carea' id='block_1_45' title="bbox 2184 1602 3766 1682">
    <p class='ocr_par' dir='ltr' id='par_1_45' title="bbox 2184 1602 3766 1682">
     <span class='ocr_line' id='line_1_45' title="bbox 2184 1602 3766 1682; baseline 0.001 -20"><span class='ocrx_word' id='word_1_363' title='bbox 2184 1608 2252 1662; x_wconf 85' lang='grc' dir='ltr'>δι’</span> <span class='ocrx_word' id='word_1_364' title='bbox 2287 1602 2362 1663; x_wconf 82' lang='grc' dir='ltr'>ὧν</span> <span class='ocrx_word' id='word_1_365' title='bbox 2396 1626 2560 1681; x_wconf 64' lang='grc' dir='ltr'>φησν</span> <span class='ocrx_word' id='word_1_366' title='bbox 2599 1628 2618 1661; x_wconf 76' lang='grc' dir='ltr'><strong>ι</strong></span> <span class='ocrx_word' id='word_1_367' title='bbox 2655 1610 2766 1665; x_wconf 79' lang='grc' dir='ltr'>Καὶ</span> <span class='ocrx_word' id='word_1_368' title='bbox 2812 1609 3018 1681; x_wconf 87' lang='grc' dir='ltr'>Ἰησοῦς</span> <span class='ocrx_word' id='word_1_369' title='bbox 3059 1604 3128 1682; x_wconf 82' lang='grc' dir='ltr'>ἧν</span> <span class='ocrx_word' id='word_1_370' title='bbox 3173 1609 3518 1681; x_wconf 74' lang='grc' dir='ltr'>ἐνδεδυμένος</span> <span class='ocrx_word' id='word_1_371' title='bbox 3572 1610 3766 1679; x_wconf 75' lang='grc' dir='ltr'>ἱμάτια</span> 
     </span>
    </p>
   </div>
   <div class='ocr_carea' id='block_1_46' title="bbox 2188 1700 3763 1774">
    <p class='ocr_par' dir='ltr' id='par_1_46' title="bbox 2188 1700 3763 1774">
     <span class='ocr_line' id='line_1_46' title="bbox 2188 1700 3763 1774; baseline 0 -21"><span class='ocrx_word' id='word_1_372' title='bbox 2188 1701 2439 1773; x_wconf 78' lang='grc' dir='ltr'>ρυπαρά’</span> <span class='ocrx_word' id='word_1_373' title='bbox 2491 1720 2509 1753; x_wconf 78' lang='grc' dir='ltr'><strong>ι</strong></span> <span class='ocrx_word' id='word_1_374' title='bbox 2548 1702 2687 1774; x_wconf 82' lang='grc' dir='ltr'>πλὴν</span> <span class='ocrx_word' id='word_1_375' title='bbox 2742 1701 2879 1756; x_wconf 82' lang='grc' dir='ltr'><strong>ἀλλά</strong></span> <span class='ocrx_word' id='word_1_376' title='bbox 2916 1701 3089 1755; x_wconf 89' lang='grc' dir='ltr'>ταῦτα</span> <span class='ocrx_word' id='word_1_377' title='bbox 3130 1701 3463 1772; x_wconf 83' lang='grc' dir='ltr'>ἀποθέμενος</span> <span class='ocrx_word' id='word_1_378' title='bbox 3496 1701 3637 1755; x_wconf 86' lang='grc' dir='ltr'><strong>κατά</strong></span> <span class='ocrx_word' id='word_1_379' title='bbox 3663 1700 3763 1772; x_wconf 76' lang='grc' dir='ltr'>τὴν</span> 
     </span>
    </p>
   </div>
   <div class='ocr_carea' id='block_1_47' title="bbox 2112 1764 3763 1868">
    <p class='ocr_par' dir='ltr' id='par_1_47' title="bbox 2112 1764 3763 1868">
     <span class='ocr_line' id='line_1_47' title="bbox 2112 1764 3763 1868; baseline 0.003 -23"><span class='ocrx_word' id='word_1_380' title='bbox 2112 1764 2154 1819; x_wconf 70' lang='grc' dir='ltr'><strong><em>Β</em></strong></span> <span class='ocrx_word' id='word_1_381' title='bbox 2182 1764 2262 1857; x_wconf 81' lang='grc' dir='ltr'><strong>εἰς</strong></span> <span class='ocrx_word' id='word_1_382' title='bbox 2305 1764 2566 1866; x_wconf 73' lang='grc' dir='ltr'>οῦρανοῦς</span> <span class='ocrx_word' id='word_1_383' title='bbox 2607 1764 2826 1860; x_wconf 62' lang='grc' dir='ltr'>ἄνοδλν,</span> <span class='ocrx_word' id='word_1_384' title='bbox 2879 1795 2974 1849; x_wconf 77' lang='grc' dir='ltr'>καὶ</span> <span class='ocrx_word' id='word_1_385' title='bbox 3016 1794 3115 1868; x_wconf 85' lang='grc' dir='ltr'><strong>τὴν</strong></span> <span class='ocrx_word' id='word_1_386' title='bbox 3163 1795 3273 1849; x_wconf 80' lang='grc' dir='ltr'><strong>ἀπὸ</strong></span> <span class='ocrx_word' id='word_1_387' title='bbox 3304 1764 3421 1866; x_wconf 37' lang='grc' dir='ltr'>’τῆς</span> <span class='ocrx_word' id='word_1_388' title='bbox 3445 1764 3579 1850; x_wconf 51' lang='grc' dir='ltr'>καθ’</span> <span class='ocrx_word' id='word_1_389' title='bbox 3613 1764 3763 1867; x_wconf 61' lang='grc' dir='ltr'>ήμές</span> 
     </span>
    </p>
   </div>
   <div class='ocr_carea' id='block_1_48' title="bbox 2180 1885 3763 1958">
    <p class='ocr_par' dir='ltr' id='par_1_48' title="bbox 2180 1885 3763 1958">
     <span class='ocr_line' id='line_1_48' title="bbox 2180 1885 3763 1958; baseline -0.001 -19"><span class='ocrx_word' id='word_1_390' title='bbox 2180 1885 2555 1957; x_wconf 81' lang='grc' dir='ltr'>αἰχμαλωσίας</span> <span class='ocrx_word' id='word_1_391' title='bbox 2587 1889 2666 1951; x_wconf 85' lang='grc' dir='ltr'><strong>εἰς</strong></span> <span class='ocrx_word' id='word_1_392' title='bbox 2704 1887 2773 1941; x_wconf 82' lang='grc' dir='ltr'>τὰ</span> <span class='ocrx_word' id='word_1_393' title='bbox 2802 1888 2977 1941; x_wconf 81' lang='grc' dir='ltr'>οἰκεῖα</span> <span class='ocrx_word' id='word_1_394' title='bbox 3014 1886 3290 1952; x_wconf 90' lang='grc' dir='ltr'>ἐπάνοδον,</span> <span class='ocrx_word' id='word_1_395' title='bbox 3324 1885 3403 1957; x_wconf 85' lang='grc' dir='ltr'>τῷ</span> <span class='ocrx_word' id='word_1_396' title='bbox 3430 1887 3530 1958; x_wconf 84' lang='grc' dir='ltr'>τῆς</span> <span class='ocrx_word' id='word_1_397' title='bbox 3563 1902 3763 1957; x_wconf 83' lang='grc' dir='ltr'>πατρι-</span> 
     </span>
    </p>
   </div>
   <div class='ocr_carea' id='block_1_49' title="bbox 2179 1976 3761 2050">
    <p class='ocr_par' dir='ltr' id='par_1_49' title="bbox 2179 1976 3761 2050">
     <span class='ocr_line' id='line_1_49' title="bbox 2179 1976 3761 2050; baseline 0.001 -20"><span class='ocrx_word' id='word_1_398' title='bbox 2179 1978 2283 2048; x_wconf 78' lang='grc' dir='ltr'>κῆς</span> <span class='ocrx_word' id='word_1_399' title='bbox 2326 1976 2577 2048; x_wconf 83' lang='grc' dir='ltr'>θεότητος</span> <span class='ocrx_word' id='word_1_400' title='bbox 2621 1980 2976 2049; x_wconf 87' lang='grc' dir='ltr'>στεφανοῦται</span> <span class='ocrx_word' id='word_1_401' title='bbox 3013 1978 3324 2050; x_wconf 82' lang='grc' dir='ltr'>διαδήματι,</span> <span class='ocrx_word' id='word_1_402' title='bbox 3358 1980 3453 2031; x_wconf 77' lang='grc' dir='ltr'><strong>καὶ</strong></span> <span class='ocrx_word' id='word_1_403' title='bbox 3486 1976 3582 2049; x_wconf 78' lang='grc' dir='ltr'><strong>τὴν</strong></span> <span class='ocrx_word' id='word_1_404' title='bbox 3620 1978 3761 2049; x_wconf 87' lang='grc' dir='ltr'>λαμ-</span> 
     </span>
    </p>
   </div>
   <div class='ocr_carea' id='block_1_50' title="bbox 2180 2068 3755 2143">
    <p class='ocr_par' dir='ltr' id='par_1_50' title="bbox 2180 2068 3755 2143">
     <span class='ocr_line' id='line_1_50' title="bbox 2180 2068 3755 2143; baseline 0.001 -22"><span class='ocrx_word' id='word_1_405' title='bbox 2180 2068 2456 2141; x_wconf 81' lang='grc' dir='ltr'>προτάτην</span> <span class='ocrx_word' id='word_1_406' title='bbox 2490 2069 2683 2141; x_wconf 76' lang='grc' dir='ltr'>στολὴν</span> <span class='ocrx_word' id='word_1_407' title='bbox 2728 2069 2824 2123; x_wconf 89' lang='grc' dir='ltr'><strong>τοῦ</strong></span> <span class='ocrx_word' id='word_1_408' title='bbox 2861 2069 3127 2143; x_wconf 80' lang='grc' dir='ltr'>πατρικοῦ</span> <span class='ocrx_word' id='word_1_409' title='bbox 3171 2070 3350 2139; x_wconf 81' lang='grc' dir='ltr'>φωτὸς</span> <span class='ocrx_word' id='word_1_410' title='bbox 3396 2070 3755 2143; x_wconf 82' lang='grc' dir='ltr'>περιτίθεται,</span> 
     </span>
    </p>
   </div>
   <div class='ocr_carea' id='block_1_51' title="bbox 2178 2161 3759 2235">
    <p class='ocr_par' dir='ltr' id='par_1_51' title="bbox 2178 2161 3759 2235">
     <span class='ocr_line' id='line_1_51' title="bbox 2178 2161 3759 2235; baseline 0.004 -22"><span class='ocrx_word' id='word_1_411' title='bbox 2178 2161 2390 2233; x_wconf 82' lang='grc' dir='ltr'>κιδάρει</span> <span class='ocrx_word' id='word_1_412' title='bbox 2426 2180 2486 2215; x_wconf 85' lang='grc' dir='ltr'><strong>τε</strong></span> <span class='ocrx_word' id='word_1_413' title='bbox 2519 2162 2707 2234; x_wconf 82' lang='grc' dir='ltr'>ἐνθέῳ,</span> <span class='ocrx_word' id='word_1_414' title='bbox 2741 2163 2835 2216; x_wconf 77' lang='grc' dir='ltr'><strong>καὶ</strong></span> <span class='ocrx_word' id='word_1_415' title='bbox 2867 2165 2976 2226; x_wconf 82' lang='grc' dir='ltr'>τοῖς</span> <span class='ocrx_word' id='word_1_416' title='bbox 3010 2162 3190 2228; x_wconf 82' lang='grc' dir='ltr'>ἄλλοις</span> <span class='ocrx_word' id='word_1_417' title='bbox 3222 2163 3628 2235; x_wconf 80' lang='grc' dir='ltr'>ἀρχιερατικοῖς</span> <span class='ocrx_word' id='word_1_418' title='bbox 3661 2164 3759 2219; x_wconf 64' lang='grc' dir='ltr'>κός</span> 
     </span>
    </p>
   </div>
   <div class='ocr_carea' id='block_1_52' title="bbox 2176 2252 3758 2326">
    <p class='ocr_par' dir='ltr' id='par_1_52' title="bbox 2176 2252 3758 2326">
     <span class='ocr_line' id='line_1_52' title="bbox 2176 2252 3758 2326; baseline 0.003 -21"><span class='ocrx_word' id='word_1_419' title='bbox 2176 2270 2335 2323; x_wconf 89' lang='grc' dir='ltr'>σμοις</span> <span class='ocrx_word' id='word_1_420' title='bbox 2365 2258 2813 2326; x_wconf 82' lang='grc' dir='ltr'>κατακοσμεῖται’</span> <span class='ocrx_word' id='word_1_421' title='bbox 2845 2254 2905 2307; x_wconf 78' lang='grc' dir='ltr'><strong>οὐ</strong></span> <span class='ocrx_word' id='word_1_422' title='bbox 2936 2252 3147 2325; x_wconf 83' lang='grc' dir='ltr'>χαλεπά</span> <span class='ocrx_word' id='word_1_423' title='bbox 3180 2254 3238 2308; x_wconf 83' lang='grc' dir='ltr'>δὲ</span> <span class='ocrx_word' id='word_1_424' title='bbox 3268 2257 3363 2309; x_wconf 68' lang='grc' dir='ltr'><strong>καὶ</strong></span> <span class='ocrx_word' id='word_1_425' title='bbox 3396 2256 3464 2311; x_wconf 85' lang='grc' dir='ltr'><strong>τά</strong></span> <span class='ocrx_word' id='word_1_426' title='bbox 3493 2256 3636 2310; x_wconf 83' lang='grc' dir='ltr'>κατά</span> <span class='ocrx_word' id='word_1_427' title='bbox 3664 2255 3758 2310; x_wconf 79' lang='grc' dir='ltr'><strong>τὸν</strong></span> 
     </span>
    </p>
   </div>
   <div class='ocr_carea' id='block_1_53' title="bbox 2174 2346 3755 2421">
    <p class='ocr_par' dir='ltr' id='par_1_53' title="bbox 2174 2346 3755 2421">
     <span class='ocr_line' id='line_1_53' title="bbox 2174 2346 3755 2421; baseline 0 -20"><span class='ocrx_word' id='word_1_428' title='bbox 2174 2346 2419 2401; x_wconf 79' lang='grc' dir='ltr'>διάϐολον</span> <span class='ocrx_word' id='word_1_429' title='bbox 2456 2346 2769 2410; x_wconf 87' lang='grc' dir='ltr'>ἀποδοῦναι,</span> <span class='ocrx_word' id='word_1_430' title='bbox 2809 2346 2868 2412; x_wconf 81' lang='grc' dir='ltr'>ὃς</span> <span class='ocrx_word' id='word_1_431' title='bbox 2903 2347 2983 2402; x_wconf 78' lang='grc' dir='ltr'>ἔτι</span> <span class='ocrx_word' id='word_1_432' title='bbox 3014 2350 3109 2403; x_wconf 75' lang='grc' dir='ltr'><strong>καὶ</strong></span> <span class='ocrx_word' id='word_1_433' title='bbox 3151 2347 3247 2401; x_wconf 91' lang='grc' dir='ltr'><strong>νῦν</strong></span> <span class='ocrx_word' id='word_1_434' title='bbox 3284 2349 3658 2421; x_wconf 83' lang='grc' dir='ltr'>ἀντικείμενος</span> <span class='ocrx_word' id='word_1_435' title='bbox 3688 2352 3755 2421; x_wconf 78' lang='grc' dir='ltr'>τῇ</span> 
     </span>
    </p>
   </div>
   <div class='ocr_carea' id='block_1_54' title="bbox 2175 2437 3759 2513">
    <p class='ocr_par' dir='ltr' id='par_1_54' title="bbox 2175 2437 3759 2513">
     <span class='ocr_line' id='line_1_54' title="bbox 2175 2437 3759 2513; baseline 0.001 -21"><span class='ocrx_word' id='word_1_436' title='bbox 2175 2439 2269 2494; x_wconf 90' lang='grc' dir='ltr'><strong>τοῦ</strong></span> <span class='ocrx_word' id='word_1_437' title='bbox 2297 2437 2535 2510; x_wconf 75' lang='grc' dir='ltr'>Χριστοῦ</span> <span class='ocrx_word' id='word_1_438' title='bbox 2562 2438 2902 2511; x_wconf 71' lang='grc' dir='ltr'>διδασκαλία,</span> <span class='ocrx_word' id='word_1_439' title='bbox 2932 2440 3027 2494; x_wconf 71' lang='grc' dir='ltr'>καὶ</span> <span class='ocrx_word' id='word_1_440' title='bbox 3054 2442 3119 2511; x_wconf 80' lang='grc' dir='ltr'>τῇ</span> <span class='ocrx_word' id='word_1_441' title='bbox 3152 2440 3275 2493; x_wconf 81' lang='grc' dir='ltr'>καθ’</span> <span class='ocrx_word' id='word_1_442' title='bbox 3299 2440 3428 2513; x_wconf 79' lang='grc' dir='ltr'>ὅλης</span> <span class='ocrx_word' id='word_1_443' title='bbox 3456 2440 3555 2512; x_wconf 80' lang='grc' dir='ltr'>τῆς</span> <span class='ocrx_word' id='word_1_444' title='bbox 3582 2441 3759 2495; x_wconf 84' lang='grc' dir='ltr'>οίκου-</span> 
     </span>
    </p>
   </div>
   <div class='ocr_carea' id='block_1_55' title="bbox 2179 2529 3758 2605">
    <p class='ocr_par' dir='ltr' id='par_1_55' title="bbox 2179 2529 3758 2605">
     <span class='ocr_line' id='line_1_55' title="bbox 2179 2529 3758 2605; baseline 0.001 -22"><span class='ocrx_word' id='word_1_445' title='bbox 2179 2531 2344 2603; x_wconf 80' lang='grc' dir='ltr'>μένης</span> <span class='ocrx_word' id='word_1_446' title='bbox 2398 2529 2489 2585; x_wconf 79' lang='grc' dir='ltr'><strong>ὑπ’</strong></span> <span class='ocrx_word' id='word_1_447' title='bbox 2540 2529 2707 2584; x_wconf 79' lang='grc' dir='ltr'>αὐτοῦ</span> <span class='ocrx_word' id='word_1_448' title='bbox 2761 2531 3067 2605; x_wconf 79' lang='grc' dir='ltr'>ἰδρυνθείσῃ</span> <span class='ocrx_word' id='word_1_449' title='bbox 3117 2530 3435 2603; x_wconf 67' lang='grc' dir='ltr'>Ἐκκλησία,</span> <span class='ocrx_word' id='word_1_450' title='bbox 3483 2530 3632 2602; x_wconf 79' lang='grc' dir='ltr'>αὐτῷ</span> <span class='ocrx_word' id='word_1_451' title='bbox 3677 2531 3758 2602; x_wconf 80' lang='grc' dir='ltr'>τῷ</span> 
     </span>
    </p>
   </div>
   <div class='ocr_carea' id='block_1_56' title="bbox 2176 2623 3756 2697">
    <p class='ocr_par' dir='ltr' id='par_1_56' title="bbox 2176 2623 3756 2697">
     <span class='ocr_line' id='line_1_56' title="bbox 2176 2623 3756 2697; baseline 0.001 -20"><span class='ocrx_word' id='word_1_452' title='bbox 2176 2625 2389 2696; x_wconf 79' lang='grc' dir='ltr'>Σωτῆρι</span> <span class='ocrx_word' id='word_1_453' title='bbox 2441 2623 2600 2696; x_wconf 74' lang='grc' dir='ltr'>ήμῶν</span> <span class='ocrx_word' id='word_1_454' title='bbox 2655 2623 2979 2695; x_wconf 83' lang='grc' dir='ltr'>ἁνθέστηκε,</span> <span class='ocrx_word' id='word_1_455' title='bbox 3041 2626 3129 2680; x_wconf 75' lang='grc' dir='ltr'><strong>καὶ</strong></span> <span class='ocrx_word' id='word_1_456' title='bbox 3182 2624 3441 2696; x_wconf 88' lang='grc' dir='ltr'>πρότερον</span> <span class='ocrx_word' id='word_1_457' title='bbox 3495 2624 3644 2697; x_wconf 79' lang='grc' dir='ltr'>αὐτῷ</span> <span class='ocrx_word' id='word_1_458' title='bbox 3694 2623 3756 2692; x_wconf 82' lang='grc' dir='ltr'><strong>ἐξ</strong></span> 
     </span>
    </p>
   </div>
   <div class='ocr_carea' id='block_1_57' title="bbox 2175 2713 3754 2787">
    <p class='ocr_par' dir='ltr' id='par_1_57' title="bbox 2175 2713 3754 2787">
     <span class='ocr_line' id='line_1_57' title="bbox 2175 2713 3754 2787; baseline -0.001 -18"><span class='ocrx_word' id='word_1_459' title='bbox 2175 2716 2424 2779; x_wconf 80' lang='grc' dir='ltr'>ἐναντίας</span> <span class='ocrx_word' id='word_1_460' title='bbox 2457 2713 2911 2787; x_wconf 80' lang='grc' dir='ltr'>ἐπιστρατεύσας,</span> <span class='ocrx_word' id='word_1_461' title='bbox 2938 2714 3026 2768; x_wconf 80' lang='grc' dir='ltr'>ὅτε</span> <span class='ocrx_word' id='word_1_462' title='bbox 3061 2715 3242 2786; x_wconf 80' lang='grc' dir='ltr'>παρῆν</span> <span class='ocrx_word' id='word_1_463' title='bbox 3270 2716 3416 2785; x_wconf 76' lang='grc' dir='ltr'>ἡμᾶς</span> <span class='ocrx_word' id='word_1_464' title='bbox 3446 2715 3510 2768; x_wconf 87' lang='grc' dir='ltr'><strong>ἐκ</strong></span> <span class='ocrx_word' id='word_1_465' title='bbox 3535 2714 3635 2784; x_wconf 85' lang='grc' dir='ltr'>τῆς</span> <span class='ocrx_word' id='word_1_466' title='bbox 3660 2714 3754 2768; x_wconf 78' lang='grc' dir='ltr'><strong>ὑπ’</strong></span> 
     </span>
    </p>
   </div>
   <div class='ocr_carea' id='block_1_58' title="bbox 2174 2804 3756 2878">
    <p class='ocr_par' dir='ltr' id='par_1_58' title="bbox 2174 2804 3756 2878">
     <span class='ocr_line' id='line_1_58' title="bbox 2174 2804 3756 2878; baseline -0.001 -18"><span class='ocrx_word' id='word_1_467' title='bbox 2174 2806 2337 2861; x_wconf 75' lang='grc' dir='ltr'>αὑτοῦ</span> <span class='ocrx_word' id='word_1_468' title='bbox 2373 2806 2749 2878; x_wconf 75' lang='grc' dir='ltr'>αἰχμαλωσίας</span> <span class='ocrx_word' id='word_1_469' title='bbox 2782 2806 3064 2877; x_wconf 79' lang='grc' dir='ltr'>ῥυόμενος.</span> <span class='ocrx_word' id='word_1_470' title='bbox 3112 2806 3403 2877; x_wconf 86' lang='grc' dir='ltr'>Ἐπείρασε</span> <span class='ocrx_word' id='word_1_471' title='bbox 3431 2804 3562 2874; x_wconf 90' lang='grc' dir='ltr'>γοῦν</span> <span class='ocrx_word' id='word_1_472' title='bbox 3591 2805 3756 2859; x_wconf 82' lang='grc' dir='ltr'>αὐτὸν</span> 
     </span>
    </p>
   </div>
   <div class='ocr_carea' id='block_1_59' title="bbox 2175 2896 3756 2970">
    <p class='ocr_par' dir='ltr' id='par_1_59' title="bbox 2175 2896 3756 2970">
     <span class='ocr_line' id='line_1_59' title="bbox 2175 2896 3756 2970; baseline -0.003 -17"><span class='ocrx_word' id='word_1_473' title='bbox 2175 2900 2270 2953; x_wconf 76' lang='grc' dir='ltr'><strong>καὶ</strong></span> <span class='ocrx_word' id='word_1_474' title='bbox 2298 2898 2582 2970; x_wconf 87' lang='grc' dir='ltr'>πρότερον,</span> <span class='ocrx_word' id='word_1_475' title='bbox 2620 2898 2714 2952; x_wconf 77' lang='grc' dir='ltr'><strong>καὶ</strong></span> <span class='ocrx_word' id='word_1_476' title='bbox 2741 2897 3014 2969; x_wconf 75' lang='grc' dir='ltr'>δεύτερον,</span> <span class='ocrx_word' id='word_1_477' title='bbox 3048 2897 3138 2950; x_wconf 84' lang='grc' dir='ltr'>ὅτε</span> <span class='ocrx_word' id='word_1_478' title='bbox 3173 2897 3315 2951; x_wconf 79' lang='grc' dir='ltr'>κατὰ</span> <span class='ocrx_word' id='word_1_479' title='bbox 3342 2898 3404 2951; x_wconf 84' lang='grc' dir='ltr'>τὸ</span> <span class='ocrx_word' id='word_1_480' title='bbox 3446 2896 3618 2961; x_wconf 81' lang='grc' dir='ltr'>πάθος</span> <span class='ocrx_word' id='word_1_481' title='bbox 3654 2898 3756 2969; x_wconf 79' lang='grc' dir='ltr'>τὴν</span> 
     </span>
    </p>
   </div>
   <div class='ocr_carea' id='block_1_60' title="bbox 2174 2985 3756 3065">
    <p class='ocr_par' dir='ltr' id='par_1_60' title="bbox 2174 2985 3756 3065">
     <span class='ocr_line' id='line_1_60' title="bbox 2174 2985 3756 3065; baseline -0.003 -19"><span class='ocrx_word' id='word_1_482' title='bbox 2174 2992 2463 3065; x_wconf 79' lang='grc' dir='ltr'>ἐπιϐουλὴν</span> <span class='ocrx_word' id='word_1_483' title='bbox 2497 2991 2646 3063; x_wconf 81' lang='grc' dir='ltr'>αὐτῷ</span> <span class='ocrx_word' id='word_1_484' title='bbox 2691 2992 3145 3049; x_wconf 87' lang='grc' dir='ltr'>συνεσκευάσατο.</span> <span class='ocrx_word' id='word_1_485' title='bbox 3184 2991 3298 3060; x_wconf 83' lang='grc' dir='ltr'><strong>Ἐφ’</strong></span> <span class='ocrx_word' id='word_1_486' title='bbox 3333 2985 3415 3051; x_wconf 77' lang='grc' dir='ltr'>οἷς</span> <span class='ocrx_word' id='word_1_487' title='bbox 3452 2990 3624 3045; x_wconf 78' lang='grc' dir='ltr'>ἅπασι</span> <span class='ocrx_word' id='word_1_488' title='bbox 3659 2990 3756 3044; x_wconf 62' lang='grc' dir='ltr'><strong>καὶ⁵</strong></span> 
     </span>
    </p>
   </div>
   <div class='ocr_carea' id='block_1_61' title="bbox 491 3081 2071 3156">
    <p class='ocr_par' dir='ltr' id='par_1_61' title="bbox 491 3083 2067 3156">
     <span class='ocr_line' id='line_1_61' title="bbox 491 3083 2067 3156; baseline 0.001 -17"><span class='ocrx_word' id='word_1_489' title='bbox 491 3083 725 3139; x_wconf 74' lang='lat' dir='ltr'><strong>tentavit</strong></span> <span class='ocrx_word' id='word_1_490' title='bbox 755 3090 809 3138; x_wconf 92' lang='lat' dir='ltr'><strong>et</strong></span> <span class='ocrx_word' id='word_1_491' title='bbox 841 3084 1009 3139; x_wconf 89' lang='lat' dir='ltr'><strong>semel</strong></span> <span class='ocrx_word' id='word_1_492' title='bbox 1044 3084 1217 3154; x_wconf 88' lang='lat' dir='ltr'><strong>prius,</strong></span> <span class='ocrx_word' id='word_1_493' title='bbox 1251 3092 1307 3139; x_wconf 92' lang='lat' dir='ltr'><strong>et</strong></span> <span class='ocrx_word' id='word_1_494' title='bbox 1342 3084 1537 3139; x_wconf 87' lang='lat' dir='ltr'><strong>iterum</strong></span> <span class='ocrx_word' id='word_1_495' title='bbox 1574 3092 1785 3156; x_wconf 86' lang='lat' dir='ltr'><strong>postea,</strong></span> <span class='ocrx_word' id='word_1_496' title='bbox 1815 3101 1938 3140; x_wconf 89' lang='lat' dir='ltr'><strong>cum</strong></span> <span class='ocrx_word' id='word_1_497' title='bbox 1964 3086 2067 3141; x_wconf 88' lang='lat' dir='ltr'><strong>sub</strong></span> 
     </span>
    </p>
   </div>
   <div class='ocr_carea' id='block_1_62' title="bbox 2175 3081 3757 3156">
    <p class='ocr_par' dir='ltr' id='par_1_62' title="bbox 2175 3081 3757 3154">
     <span class='ocr_line' id='line_1_62' title="bbox 2175 3081 3757 3154; baseline -0.002 -17"><span class='ocrx_word' id='word_1_498' title='bbox 2175 3084 2264 3137; x_wconf 76' lang='grc' dir='ltr'>τὸν</span> <span class='ocrx_word' id='word_1_499' title='bbox 2310 3082 2552 3137; x_wconf 78' lang='grc' dir='ltr'>διάϐολον</span> <span class='ocrx_word' id='word_1_500' title='bbox 2599 3084 2693 3137; x_wconf 74' lang='grc' dir='ltr'><strong>καὶ</strong></span> <span class='ocrx_word' id='word_1_501' title='bbox 2740 3085 2863 3147; x_wconf 78' lang='grc' dir='ltr'>τοὺς</span> <span class='ocrx_word' id='word_1_502' title='bbox 2908 3082 3000 3137; x_wconf 80' lang='grc' dir='ltr'>ὑπ’</span> <span class='ocrx_word' id='word_1_503' title='bbox 3037 3081 3185 3152; x_wconf 73' lang='grc' dir='ltr'>αὐτῷ</span> <span class='ocrx_word' id='word_1_504' title='bbox 3233 3082 3444 3146; x_wconf 87' lang='grc' dir='ltr'>πάντας</span> <span class='ocrx_word' id='word_1_505' title='bbox 3488 3081 3757 3154; x_wconf 87' lang='grc' dir='ltr'>ἀοράτους</span> 
     </span>
    </p>
   </div>
   <div class='ocr_carea' id='block_1_63' title="bbox 493 3146 2071 3247">
    <p class='ocr_par' dir='ltr' id='par_1_63' title="bbox 493 3173 2066 3247">
     <span class='ocr_line' id='line_1_63' title="bbox 493 3173 2066 3247; baseline 0.003 -20"><span class='ocrx_word' id='word_1_506' title='bbox 493 3175 667 3244; x_wconf 90' lang='lat' dir='ltr'><strong>ipsam</strong></span> <span class='ocrx_word' id='word_1_507' title='bbox 692 3173 999 3244; x_wconf 83' lang='lat' dir='ltr'><strong>passionem</strong></span> <span class='ocrx_word' id='word_1_508' title='bbox 1029 3174 1107 3229; x_wconf 88' lang='lat' dir='ltr'><strong>illi</strong></span> <span class='ocrx_word' id='word_1_509' title='bbox 1138 3175 1370 3231; x_wconf 86' lang='lat' dir='ltr'><strong>insidias</strong></span> <span class='ocrx_word' id='word_1_510' title='bbox 1389 3177 1751 3247; x_wconf 89' lang='lat' dir='ltr'><strong>comparavit,</strong></span> <span class='ocrx_word' id='word_1_511' title='bbox 1780 3176 1846 3231; x_wconf 89' lang='lat' dir='ltr'><strong>ad</strong></span> <span class='ocrx_word' id='word_1_512' title='bbox 1880 3186 2066 3231; x_wconf 83' lang='lat' dir='ltr'><strong>extre-</strong></span> 
     </span>
    </p>
   </div>
   <div class='ocr_carea' id='block_1_64' title="bbox 2175 3146 3756 3247">
    <p class='ocr_par' dir='ltr' id='par_1_64' title="bbox 2176 3146 3756 3247">
     <span class='ocr_line' id='line_1_64' title="bbox 2176 3146 3756 3247; baseline -0.003 -18"><span class='ocrx_word' id='word_1_513' title='bbox 2176 3175 2400 3247; x_wconf 76' lang='grc' dir='ltr'>ἐχθρούς</span> <span class='ocrx_word' id='word_1_514' title='bbox 2430 3192 2489 3228; x_wconf 86' lang='grc' dir='ltr'><strong>τε</strong></span> <span class='ocrx_word' id='word_1_515' title='bbox 2523 3175 2618 3229; x_wconf 72' lang='grc' dir='ltr'><strong>καὶ</strong></span> <span class='ocrx_word' id='word_1_516' title='bbox 2651 3174 2944 3246; x_wconf 87' lang='grc' dir='ltr'>πολεμίους</span> <span class='ocrx_word' id='word_1_517' title='bbox 2976 3146 3421 3246; x_wconf 71' lang='grc' dir='ltr'>τροπωσάμενος,</span> <span class='ocrx_word' id='word_1_518' title='bbox 3456 3146 3584 3235; x_wconf 80' lang='grc' dir='ltr'>τοὺς</span> <span class='ocrx_word' id='word_1_519' title='bbox 3634 3174 3756 3243; x_wconf 72' lang='grc' dir='ltr'><strong>αἰχ-</strong></span> 
     </span>
    </p>
   </div>
   <div class='ocr_carea' id='block_1_65' title="bbox 488 3265 2073 3338">
    <p class='ocr_par' dir='ltr' id='par_1_65' title="bbox 488 3265 2073 3338">
     <span class='ocr_line' id='line_1_65' title="bbox 488 3265 2073 3338; baseline 0.001 -17"><span class='ocrx_word' id='word_1_520' title='bbox 488 3280 639 3321; x_wconf 87' lang='lat' dir='ltr'><strong>mum</strong></span> <span class='ocrx_word' id='word_1_521' title='bbox 670 3265 761 3320; x_wconf 88' lang='lat' dir='ltr'><strong>ille</strong></span> <span class='ocrx_word' id='word_1_522' title='bbox 800 3280 926 3319; x_wconf 91' lang='lat' dir='ltr'><strong>cum</strong></span> <span class='ocrx_word' id='word_1_523' title='bbox 953 3274 1007 3321; x_wconf 88' lang='lat' dir='ltr'><strong>et</strong></span> <span class='ocrx_word' id='word_1_524' title='bbox 1038 3266 1216 3336; x_wconf 86' lang='lat' dir='ltr'><strong>ipsum</strong></span> <span class='ocrx_word' id='word_1_525' title='bbox 1267 3267 1576 3332; x_wconf 87' lang='lat' dir='ltr'><strong>diabolum,</strong></span> <span class='ocrx_word' id='word_1_526' title='bbox 1617 3275 1671 3323; x_wconf 91' lang='lat' dir='ltr'><strong>et</strong></span> <span class='ocrx_word' id='word_1_527' title='bbox 1699 3283 1795 3323; x_wconf 88' lang='lat' dir='ltr'><strong>eos</strong></span> <span class='ocrx_word' id='word_1_528' title='bbox 1827 3267 1920 3338; x_wconf 87' lang='lat' dir='ltr'><strong>qui</strong></span> <span class='ocrx_word' id='word_1_529' title='bbox 1966 3267 2073 3322; x_wconf 89' lang='lat' dir='ltr'><strong>sub</strong></span> 
     </span>
    </p>
   </div>
   <div class='ocr_carea' id='block_1_66' title="bbox 489 3355 2071 3427">
    <p class='ocr_par' dir='ltr' id='par_1_66' title="bbox 489 3355 2071 3427">
     <span class='ocr_line' id='line_1_66' title="bbox 489 3355 2071 3427; baseline 0 -17"><span class='ocrx_word' id='word_1_530' title='bbox 489 3357 612 3426; x_wconf 82' lang='lat' dir='ltr'><strong>ipso</strong></span> <span class='ocrx_word' id='word_1_531' title='bbox 631 3355 855 3427; x_wconf 89' lang='lat' dir='ltr'><strong>degunt,</strong></span> <span class='ocrx_word' id='word_1_532' title='bbox 888 3356 1192 3420; x_wconf 84' lang='lat' dir='ltr'><strong>universos,</strong></span> <span class='ocrx_word' id='word_1_533' title='bbox 1225 3365 1280 3411; x_wconf 90' lang='lat' dir='ltr'><strong>et</strong></span> <span class='ocrx_word' id='word_1_534' title='bbox 1300 3357 1551 3412; x_wconf 90' lang='lat' dir='ltr'><strong>inimicos</strong></span> <span class='ocrx_word' id='word_1_535' title='bbox 1579 3366 1633 3412; x_wconf 90' lang='lat' dir='ltr'><strong>et</strong></span> <span class='ocrx_word' id='word_1_536' title='bbox 1655 3358 1861 3413; x_wconf 80' lang='lat' dir='ltr'><strong>hostes.</strong></span> <span class='ocrx_word' id='word_1_537' title='bbox 1893 3357 2071 3411; x_wconf 84' lang='lat' dir='ltr'><strong>visum</strong></span> 
     </span>
    </p>
   </div>
   <div class='ocr_carea' id='block_1_67' title="bbox 490 3444 2067 3518">
    <p class='ocr_par' dir='ltr' id='par_1_67' title="bbox 490 3444 2067 3518">
     <span class='ocr_line' id='line_1_67' title="bbox 490 3444 2067 3518; baseline -0.001 -18"><span class='ocrx_word' id='word_1_538' title='bbox 490 3453 743 3503; x_wconf 89' lang='lat' dir='ltr'><strong>nostrum</strong></span> <span class='ocrx_word' id='word_1_539' title='bbox 772 3446 1130 3515; x_wconf 83' lang='lat' dir='ltr'><strong>etl&#39;ugientes,</strong></span> <span class='ocrx_word' id='word_1_540' title='bbox 1166 3446 1221 3501; x_wconf 91' lang='lat' dir='ltr'><strong>in</strong></span> <span class='ocrx_word' id='word_1_541' title='bbox 1248 3444 1432 3518; x_wconf 81' lang='lat' dir='ltr'><strong>fugam</strong></span> <span class='ocrx_word' id='word_1_542' title='bbox 1487 3447 1743 3502; x_wconf 86' lang='lat' dir='ltr'><strong>vertisset</strong></span> <span class='ocrx_word' id='word_1_543' title='bbox 1770 3486 1784 3509; x_wconf 84' lang='lat'><strong>,</strong></span> <span class='ocrx_word' id='word_1_544' title='bbox 1833 3463 1933 3501; x_wconf 90' lang='lat' dir='ltr'><strong>nos</strong></span> <span class='ocrx_word' id='word_1_545' title='bbox 1972 3446 2067 3516; x_wconf 78' lang='lat' dir='ltr'><strong>qui</strong></span> 
     </span>
    </p>
   </div>
   <div class='ocr_carea' id='block_1_68' title="bbox 489 3537 2070 3610">
    <p class='ocr_par' dir='ltr' id='par_1_68' title="bbox 489 3537 2070 3610">
     <span class='ocr_line' id='line_1_68' title="bbox 489 3537 2070 3610; baseline 0.003 -19"><span class='ocrx_word' id='word_1_546' title='bbox 489 3537 690 3608; x_wconf 82' lang='lat' dir='ltr'><strong>captivi</strong></span> <span class='ocrx_word' id='word_1_547' title='bbox 739 3537 1081 3602; x_wconf 88' lang='lat' dir='ltr'><strong>tenebamur,</strong></span> <span class='ocrx_word' id='word_1_548' title='bbox 1117 3553 1248 3594; x_wconf 90' lang='lat' dir='ltr'><strong>suos</strong></span> <span class='ocrx_word' id='word_1_549' title='bbox 1297 3537 1478 3594; x_wconf 85' lang='lat' dir='ltr'><strong>ell‘ecit</strong></span> <span class='ocrx_word' id='word_1_550' title='bbox 1515 3538 1871 3606; x_wconf 84' lang='lat' dir='ltr'><strong>domesticos,</strong></span> <span class='ocrx_word' id='word_1_551' title='bbox 1906 3549 2070 3610; x_wconf 87' lang='lat' dir='ltr'><strong>atque</strong></span> 
     </span>
    </p>
   </div>
   <div class='ocr_carea' id='block_1_69' title="bbox 490 3628 2069 3703">
    <p class='ocr_par' dir='ltr' id='par_1_69' title="bbox 490 3628 2069 3703">
     <span class='ocr_line' id='line_1_69' title="bbox 490 3628 2069 3703; baseline 0.001 -19"><span class='ocrx_word' id='word_1_552' title='bbox 490 3630 558 3686; x_wconf 90' lang='lat' dir='ltr'><strong>de</strong></span> <span class='ocrx_word' id='word_1_553' title='bbox 587 3628 749 3685; x_wconf 88' lang='lat' dir='ltr'><strong>nobis</strong></span> <span class='ocrx_word' id='word_1_554' title='bbox 770 3629 927 3700; x_wconf 91' lang='lat' dir='ltr'><strong>ipsis,</strong></span> <span class='ocrx_word' id='word_1_555' title='bbox 963 3638 1219 3701; x_wconf 89' lang='lat' dir='ltr'><strong>tanquam</strong></span> <span class='ocrx_word' id='word_1_556' title='bbox 1246 3632 1313 3684; x_wconf 91' lang='lat' dir='ltr'><strong>de</strong></span> <span class='ocrx_word' id='word_1_557' title='bbox 1353 3631 1492 3686; x_wconf 87' lang='lat' dir='ltr'><strong>vivis</strong></span> <span class='ocrx_word' id='word_1_558' title='bbox 1523 3632 1819 3703; x_wconf 82' lang='lat' dir='ltr'><strong>lapidibus,</strong></span> <span class='ocrx_word' id='word_1_559' title='bbox 1844 3633 2069 3687; x_wconf 88' lang='lat' dir='ltr'><strong>domum</strong></span> 
     </span>
    </p>
   </div>
   <div class='ocr_carea' id='block_1_70' title="bbox 491 3722 2070 3797">
    <p class='ocr_par' dir='ltr' id='par_1_70' title="bbox 491 3722 2070 3797">
     <span class='ocr_line' id='line_1_70' title="bbox 491 3722 2070 3797; baseline 0.003 -21"><span class='ocrx_word' id='word_1_560' title='bbox 491 3723 607 3790; x_wconf 89' lang='lat' dir='ltr'><strong>Dei,</strong></span> <span class='ocrx_word' id='word_1_561' title='bbox 635 3723 918 3794; x_wconf 84' lang='lat' dir='ltr'><strong>ipsamque</strong></span> <span class='ocrx_word' id='word_1_562' title='bbox 948 3722 1163 3794; x_wconf 90' lang='lat' dir='ltr'><strong>pietatis</strong></span> <span class='ocrx_word' id='word_1_563' title='bbox 1181 3725 1582 3795; x_wconf 74' lang='lat' dir='ltr'><strong>rempublicam</strong></span> <span class='ocrx_word' id='word_1_564' title='bbox 1610 3729 1831 3795; x_wconf 83' lang='lat' dir='ltr'><strong>struxit,</strong></span> <span class='ocrx_word' id='word_1_565' title='bbox 1873 3736 1933 3781; x_wconf 91' lang='lat' dir='ltr'><strong>ut</strong></span> <span class='ocrx_word' id='word_1_566' title='bbox 1946 3727 2070 3797; x_wconf 88' lang='lat' dir='ltr'><strong>jure</strong></span> 
     </span>
    </p>
   </div>
   <div class='ocr_carea' id='block_1_71' title="bbox 489 3817 2068 3890">
    <p class='ocr_par' dir='ltr' id='par_1_71' title="bbox 489 3817 2068 3890">
     <span class='ocr_line' id='line_1_71' title="bbox 489 3817 2068 3890; baseline 0.002 -19"><span class='ocrx_word' id='word_1_567' title='bbox 489 3832 556 3872; x_wconf 84' lang='lat' dir='ltr'><strong>ac</strong></span> <span class='ocrx_word' id='word_1_568' title='bbox 585 3818 780 3872; x_wconf 91' lang='lat' dir='ltr'><strong>merito</strong></span> <span class='ocrx_word' id='word_1_569' title='bbox 806 3817 884 3871; x_wconf 91' lang='lat' dir='ltr'><strong>illi</strong></span> <span class='ocrx_word' id='word_1_570' title='bbox 922 3817 1207 3872; x_wconf 86' lang='lat' dir='ltr'><strong>oraculum</strong></span> <span class='ocrx_word' id='word_1_571' title='bbox 1245 3819 1317 3873; x_wconf 87' lang='lat' dir='ltr'><strong>sit</strong></span> <span class='ocrx_word' id='word_1_572' title='bbox 1346 3820 1897 3888; x_wconf 89' lang='lat' dir='ltr'><strong>accommodandum,</strong></span> <span class='ocrx_word' id='word_1_573' title='bbox 1921 3821 2068 3890; x_wconf 89' lang='lat' dir='ltr'><strong>quod</strong></span> 
     </span>
    </p>
   </div>
   <div class='ocr_carea' id='block_1_72' title="bbox 501 3907 2065 3984">
    <p class='ocr_par' dir='ltr' id='par_1_72' title="bbox 501 3907 2065 3984">
     <span class='ocr_line' id='line_1_72' title="bbox 501 3907 2065 3984; baseline 0.003 -19"><span class='ocrx_word' id='word_1_574' title='bbox 501 3911 580 3965; x_wconf 83' lang='lat' dir='ltr'><strong>ait</strong></span> <span class='ocrx_word' id='word_1_575' title='bbox 612 3928 626 3966; x_wconf 91' lang='lat'><strong>:</strong></span> <span class='ocrx_word' id='word_1_576' title='bbox 668 3929 687 3962; x_wconf 82' lang='grc' dir='ltr'><strong>ι</strong></span> <span class='ocrx_word' id='word_1_577' title='bbox 723 3908 863 3964; x_wconf 63' lang='grc' dir='ltr'>Ρλοε</span> <span class='ocrx_word' id='word_1_578' title='bbox 899 3908 1004 3975; x_wconf 91' lang='lat' dir='ltr'><strong>vir,</strong></span> <span class='ocrx_word' id='word_1_579' title='bbox 1027 3907 1230 3967; x_wconf 84' lang='lat' dir='ltr'><strong>Oriens</strong></span> <span class='ocrx_word' id='word_1_580' title='bbox 1258 3926 1458 3967; x_wconf 86' lang='lat' dir='ltr'><strong>nomen</strong></span> <span class='ocrx_word' id='word_1_581' title='bbox 1478 3912 1552 3976; x_wconf 88' lang='lat' dir='ltr'><strong>ei,</strong></span> <span class='ocrx_word' id='word_1_582' title='bbox 1578 3921 1632 3969; x_wconf 89' lang='lat' dir='ltr'><strong>et</strong></span> <span class='ocrx_word' id='word_1_583' title='bbox 1660 3913 1847 3968; x_wconf 90' lang='lat' dir='ltr'><strong>subter</strong></span> <span class='ocrx_word' id='word_1_584' title='bbox 1887 3914 2065 3984; x_wconf 91' lang='lat' dir='ltr'><strong>ipsum</strong></span> 
     </span>
    </p>
   </div>
   <div class='ocr_carea' id='block_1_73' title="bbox 478 4001 2068 4077">
    <p class='ocr_par' dir='ltr' id='par_1_73' title="bbox 478 4001 2068 4077">
     <span class='ocr_line' id='line_1_73' title="bbox 478 4001 2068 4077; baseline 0.003 -21"><span class='ocrx_word' id='word_1_585' title='bbox 478 4004 719 4068; x_wconf 76' lang='lat' dir='ltr'><strong>orietur,</strong></span> <span class='ocrx_word' id='word_1_586' title='bbox 746 4011 800 4058; x_wconf 90' lang='lat' dir='ltr'><strong>et</strong></span> <span class='ocrx_word' id='word_1_587' title='bbox 823 4001 1114 4058; x_wconf 64' lang='lat' dir='ltr'><strong>editicabit</strong></span> <span class='ocrx_word' id='word_1_588' title='bbox 1143 4003 1366 4058; x_wconf 90' lang='lat' dir='ltr'><strong>domum</strong></span> <span class='ocrx_word' id='word_1_589' title='bbox 1399 4002 1651 4069; x_wconf 90' lang='lat' dir='ltr'><strong>Domini,</strong></span> <span class='ocrx_word' id='word_1_590' title='bbox 1686 4013 1741 4061; x_wconf 95' lang='lat' dir='ltr'><strong>et</strong></span> <span class='ocrx_word' id='word_1_591' title='bbox 1773 4007 1890 4077; x_wconf 85' lang='lat' dir='ltr'><strong>ipse</strong></span> <span class='ocrx_word' id='word_1_592' title='bbox 1920 4007 2068 4062; x_wconf 82' lang='lat' dir='ltr'><strong>acci-</strong></span> 
     </span>
    </p>
   </div>
   <div class='ocr_carea' id='block_1_74' title="bbox 490 4092 2067 4166">
    <p class='ocr_par' dir='ltr' id='par_1_74' title="bbox 490 4092 2067 4166">
     <span class='ocr_line' id='line_1_74' title="bbox 490 4092 2067 4166; baseline 0.004 -20"><span class='ocrx_word' id='word_1_593' title='bbox 490 4092 600 4162; x_wconf 79' lang='lat' dir='ltr'><strong>piet</strong></span> <span class='ocrx_word' id='word_1_594' title='bbox 622 4092 901 4158; x_wconf 87' lang='lat' dir='ltr'><strong>virtutem,</strong></span> <span class='ocrx_word' id='word_1_595' title='bbox 925 4100 982 4147; x_wconf 93' lang='lat' dir='ltr'><strong>et</strong></span> <span class='ocrx_word' id='word_1_596' title='bbox 1012 4092 1244 4162; x_wconf 87' lang='lat' dir='ltr'><strong>sedebit,</strong></span> <span class='ocrx_word' id='word_1_597' title='bbox 1289 4103 1345 4150; x_wconf 87' lang='lat' dir='ltr'><strong>et</strong></span> <span class='ocrx_word' id='word_1_598' title='bbox 1367 4094 1739 4166; x_wconf 89' lang='lat' dir='ltr'><strong>principatum</strong></span> <span class='ocrx_word' id='word_1_599' title='bbox 1770 4097 1977 4153; x_wconf 83' lang='lat' dir='ltr'><strong>tenebit</strong></span> <span class='ocrx_word' id='word_1_600' title='bbox 2010 4099 2067 4153; x_wconf 89' lang='lat' dir='ltr'><strong>in</strong></span> 
     </span>
    </p>
   </div>
   <div class='ocr_carea' id='block_1_75' title="bbox 487 4182 2068 4261">
    <p class='ocr_par' dir='ltr' id='par_1_75' title="bbox 487 4182 2068 4261">
     <span class='ocr_line' id='line_1_75' title="bbox 487 4182 2068 4261; baseline 0.004 -22"><span class='ocrx_word' id='word_1_601' title='bbox 487 4182 618 4241; x_wconf 85' lang='lat' dir='ltr'><strong>sede</strong></span> <span class='ocrx_word' id='word_1_602' title='bbox 632 4199 732 4240; x_wconf 91' lang='lat' dir='ltr'><strong>sua</strong></span> <span class='ocrx_word' id='word_1_603' title='bbox 757 4184 824 4240; x_wconf 79' lang='lat'><strong>“.</strong></span> <span class='ocrx_word' id='word_1_604' title='bbox 866 4203 885 4237; x_wconf 76' lang='grc' dir='ltr'><strong>ι</strong></span> <span class='ocrx_word' id='word_1_605' title='bbox 911 4184 1142 4261; x_wconf 83' lang='lat' dir='ltr'><strong>Attende</strong></span> <span class='ocrx_word' id='word_1_606' title='bbox 1172 4186 1339 4258; x_wconf 85' lang='lat' dir='ltr'><strong>igitur</strong></span> <span class='ocrx_word' id='word_1_607' title='bbox 1364 4187 1678 4259; x_wconf 84' lang='lat' dir='ltr'><strong>diligenter,</strong></span> <span class='ocrx_word' id='word_1_608' title='bbox 1712 4189 2068 4260; x_wconf 83' lang='lat' dir='ltr'><strong>quemadmo-</strong></span> 
     </span>
    </p>
   </div>
   <div class='ocr_carea' id='block_1_76' title="bbox 486 4274 2061 4349">
    <p class='ocr_par' dir='ltr' id='par_1_76' title="bbox 486 4274 2061 4349">
     <span class='ocr_line' id='line_1_76' title="bbox 486 4274 2061 4349; baseline 0.003 -21"><span class='ocrx_word' id='word_1_609' title='bbox 486 4276 618 4330; x_wconf 86' lang='lat' dir='ltr'><strong>dum</strong></span> <span class='ocrx_word' id='word_1_610' title='bbox 649 4274 739 4329; x_wconf 90' lang='lat' dir='ltr'><strong>hic</strong></span> <span class='ocrx_word' id='word_1_611' title='bbox 772 4275 993 4346; x_wconf 85' lang='lat' dir='ltr'><strong>quidem</strong></span> <span class='ocrx_word' id='word_1_612' title='bbox 1056 4277 1327 4346; x_wconf 83' lang='lat' dir='ltr'><strong>spirituali</strong></span> <span class='ocrx_word' id='word_1_613' title='bbox 1358 4280 1596 4349; x_wconf 88' lang='lat' dir='ltr'><strong>quodam</strong></span> <span class='ocrx_word' id='word_1_614' title='bbox 1640 4294 1794 4333; x_wconf 88' lang='lat' dir='ltr'><strong>more</strong></span> <span class='ocrx_word' id='word_1_615' title='bbox 1823 4278 1889 4333; x_wconf 90' lang='lat' dir='ltr'><strong>de</strong></span> <span class='ocrx_word' id='word_1_616' title='bbox 1923 4279 2061 4333; x_wconf 86' lang='lat' dir='ltr'><strong>anti-</strong></span> 
     </span>
    </p>
   </div>
   <div class='ocr_carea' id='block_1_77' title="bbox 487 4365 2065 4442">
    <p class='ocr_par' dir='ltr' id='par_1_77' title="bbox 487 4365 2065 4442">
     <span class='ocr_line' id='line_1_77' title="bbox 487 4365 2065 4442; baseline 0.002 -19"><span class='ocrx_word' id='word_1_617' title='bbox 487 4383 599 4437; x_wconf 89' lang='lat' dir='ltr'><strong>quo</strong></span> <span class='ocrx_word' id='word_1_618' title='bbox 646 4367 878 4439; x_wconf 90' lang='lat' dir='ltr'><strong>loquens</strong></span> <span class='ocrx_word' id='word_1_619' title='bbox 907 4365 1063 4434; x_wconf 86' lang='lat' dir='ltr'><strong>Jesu,</strong></span> <span class='ocrx_word' id='word_1_620' title='bbox 1092 4371 1187 4440; x_wconf 89' lang='lat' dir='ltr'><strong>qui</strong></span> <span class='ocrx_word' id='word_1_621' title='bbox 1239 4371 1532 4442; x_wconf 77' lang='lat' dir='ltr'><strong>imaginem</strong></span> <span class='ocrx_word' id='word_1_622' title='bbox 1573 4372 1688 4427; x_wconf 89' lang='lat' dir='ltr'><strong>veri</strong></span> <span class='ocrx_word' id='word_1_623' title='bbox 1720 4370 1950 4436; x_wconf 79' lang='lat' dir='ltr'><strong>ferebat,</strong></span> <span class='ocrx_word' id='word_1_624' title='bbox 1984 4372 2065 4428; x_wconf 90' lang='lat' dir='ltr'><strong>sic</strong></span> 
     </span>
    </p>
   </div>
   <div class='ocr_carea' id='block_1_78' title="bbox 2179 3263 3753 3339">
    <p class='ocr_par' dir='ltr' id='par_1_78' title="bbox 2179 3263 3753 3339">
     <span class='ocr_line' id='line_1_78' title="bbox 2179 3263 3753 3339; baseline -0.003 -18"><span class='ocrx_word' id='word_1_625' title='bbox 2179 3266 2458 3338; x_wconf 79' lang='grc' dir='ltr'>μαλώτους</span> <span class='ocrx_word' id='word_1_626' title='bbox 2490 3269 2637 3339; x_wconf 81' lang='grc' dir='ltr'>ἡμᾶς</span> <span class='ocrx_word' id='word_1_627' title='bbox 2670 3268 2903 3330; x_wconf 76' lang='grc' dir='ltr'>οἰκείους</span> <span class='ocrx_word' id='word_1_628' title='bbox 2931 3264 3096 3320; x_wconf 75' lang='grc' dir='ltr'>αὐτοῦ</span> <span class='ocrx_word' id='word_1_629' title='bbox 3128 3266 3532 3337; x_wconf 87' lang='grc' dir='ltr'>κατηρτήσατο,</span> <span class='ocrx_word' id='word_1_630' title='bbox 3564 3264 3660 3318; x_wconf 74' lang='grc' dir='ltr'>καὶ</span> <span class='ocrx_word' id='word_1_631' title='bbox 3691 3263 3753 3328; x_wconf 80' lang='grc' dir='ltr'><strong>ἐξ</strong></span> 
     </span>
    </p>
   </div>
   <div class='ocr_carea' id='block_1_79' title="bbox 2175 3350 3754 3427">
    <p class='ocr_par' dir='ltr' id='par_1_79' title="bbox 2175 3350 3754 3427">
     <span class='ocr_line' id='line_1_79' title="bbox 2175 3350 3754 3427; baseline -0.002 -17"><span class='ocrx_word' id='word_1_632' title='bbox 2175 3356 2330 3427; x_wconf 81' lang='grc' dir='ltr'>ἡμῶν</span> <span class='ocrx_word' id='word_1_633' title='bbox 2358 3356 2536 3410; x_wconf 77' lang='grc' dir='ltr'>αὐτῶν</span> <span class='ocrx_word' id='word_1_634' title='bbox 2557 3396 2572 3420; x_wconf 92' lang='grc'><strong>,</strong></span> <span class='ocrx_word' id='word_1_635' title='bbox 2602 3356 2752 3411; x_wconf 81' lang='grc' dir='ltr'>ὡσάν</span> <span class='ocrx_word' id='word_1_636' title='bbox 2782 3357 2845 3409; x_wconf 82' lang='grc' dir='ltr'><strong>ἐκ</strong></span> <span class='ocrx_word' id='word_1_637' title='bbox 2876 3355 3039 3408; x_wconf 82' lang='grc' dir='ltr'>λίθων</span> <span class='ocrx_word' id='word_1_638' title='bbox 3075 3353 3314 3419; x_wconf 78' lang='grc' dir='ltr'>ζώντων,</span> <span class='ocrx_word' id='word_1_639' title='bbox 3360 3356 3451 3408; x_wconf 81' lang='grc' dir='ltr'><strong>τὸν</strong></span> <span class='ocrx_word' id='word_1_640' title='bbox 3478 3350 3625 3408; x_wconf 84' lang='grc' dir='ltr'>οἷκον</span> <span class='ocrx_word' id='word_1_641' title='bbox 3657 3354 3754 3408; x_wconf 90' lang='grc' dir='ltr'><strong>τοῦ</strong></span> 
     </span>
    </p>
   </div>
   <div class='ocr_carea' id='block_1_80' title="bbox 2173 3446 3752 3519">
    <p class='ocr_par' dir='ltr' id='par_1_80' title="bbox 2173 3446 3752 3519">
     <span class='ocr_line' id='line_1_80' title="bbox 2173 3446 3752 3519; baseline -0.001 -18"><span class='ocrx_word' id='word_1_642' title='bbox 2173 3447 2309 3503; x_wconf 85' lang='grc' dir='ltr'>Θεοῦ</span> <span class='ocrx_word' id='word_1_643' title='bbox 2332 3448 2503 3502; x_wconf 75' lang='grc' dir='ltr'>καὶτὸ</span> <span class='ocrx_word' id='word_1_644' title='bbox 2532 3449 2633 3519; x_wconf 77' lang='grc' dir='ltr'>τῆς</span> <span class='ocrx_word' id='word_1_645' title='bbox 2660 3448 2942 3513; x_wconf 72' lang='grc' dir='ltr'>εὐσεϐείας</span> <span class='ocrx_word' id='word_1_646' title='bbox 2969 3447 3272 3519; x_wconf 87' lang='grc' dir='ltr'>πολίτευμα</span> <span class='ocrx_word' id='word_1_647' title='bbox 3300 3449 3586 3519; x_wconf 80' lang='grc' dir='ltr'>ἐστήσατο,</span> <span class='ocrx_word' id='word_1_648' title='bbox 3611 3446 3752 3501; x_wconf 82' lang='grc' dir='ltr'>ὥστε</span> 
     </span>
    </p>
   </div>
   <div class='ocr_carea' id='block_1_81' title="bbox 2172 3539 3753 3615">
    <p class='ocr_par' dir='ltr' id='par_1_81' title="bbox 2172 3539 3753 3615">
     <span class='ocr_line' id='line_1_81' title="bbox 2172 3539 3753 3615; baseline -0.001 -20"><span class='ocrx_word' id='word_1_649' title='bbox 2172 3542 2395 3606; x_wconf 87' lang='grc' dir='ltr'>εἰκότως</span> <span class='ocrx_word' id='word_1_650' title='bbox 2423 3540 2750 3615; x_wconf 77' lang='grc' dir='ltr'>ἐφαρμόζειν</span> <span class='ocrx_word' id='word_1_651' title='bbox 2793 3540 2943 3613; x_wconf 79' lang='grc' dir='ltr'>αὐτῷ</span> <span class='ocrx_word' id='word_1_652' title='bbox 2975 3542 3035 3596; x_wconf 86' lang='grc' dir='ltr'><strong>τὸ</strong></span> <span class='ocrx_word' id='word_1_653' title='bbox 3068 3541 3246 3611; x_wconf 84' lang='grc' dir='ltr'>λόγιον</span> <span class='ocrx_word' id='word_1_654' title='bbox 3277 3541 3506 3612; x_wconf 82' lang='grc' dir='ltr'>φάσκον·</span> <span class='ocrx_word' id='word_1_655' title='bbox 3548 3560 3567 3593; x_wconf 86' lang='grc' dir='ltr'><strong>ι</strong></span> <span class='ocrx_word' id='word_1_656' title='bbox 3621 3539 3753 3594; x_wconf 75' lang='grc' dir='ltr'>Ἰδοὺ</span> 
     </span>
    </p>
   </div>
   <div class='ocr_carea' id='block_1_82' title="bbox 2172 3630 3754 3706">
    <p class='ocr_par' dir='ltr' id='par_1_82' title="bbox 2172 3630 3754 3706">
     <span class='ocr_line' id='line_1_82' title="bbox 2172 3630 3754 3706; baseline -0.003 -18"><span class='ocrx_word' id='word_1_657' title='bbox 2172 3633 2332 3706; x_wconf 82' lang='grc' dir='ltr'>ἀνὴρ,</span> <span class='ocrx_word' id='word_1_658' title='bbox 2376 3632 2632 3706; x_wconf 78' lang='grc' dir='ltr'>Ἀνατολὴ</span> <span class='ocrx_word' id='word_1_659' title='bbox 2661 3634 2830 3705; x_wconf 74' lang='grc' dir='ltr'>ὄνομα</span> <span class='ocrx_word' id='word_1_660' title='bbox 2860 3633 3038 3705; x_wconf 79' lang='grc' dir='ltr'>αὐτῷ’</span> <span class='ocrx_word' id='word_1_661' title='bbox 3075 3634 3171 3686; x_wconf 76' lang='grc' dir='ltr'>καὶ</span> <span class='ocrx_word' id='word_1_662' title='bbox 3191 3631 3543 3686; x_wconf 75' lang='grc' dir='ltr'>ὑποκάτωθεν</span> <span class='ocrx_word' id='word_1_663' title='bbox 3586 3630 3754 3685; x_wconf 84' lang='grc' dir='ltr'>αὑτοῦ</span> 
     </span>
    </p>
   </div>
   <div class='ocr_carea' id='block_1_83' title="bbox 2172 3720 3754 3798">
    <p class='ocr_par' dir='ltr' id='par_1_83' title="bbox 2172 3720 3754 3798">
     <span class='ocr_line' id='line_1_83' title="bbox 2172 3720 3754 3798; baseline -0.004 -15"><span class='ocrx_word' id='word_1_664' title='bbox 2172 3730 2438 3792; x_wconf 74' lang='grc' dir='ltr'>ἀνατελεῖ,</span> <span class='ocrx_word' id='word_1_665' title='bbox 2474 3728 2569 3795; x_wconf 76' lang='grc' dir='ltr'><strong>καὶ</strong></span> <span class='ocrx_word' id='word_1_666' title='bbox 2592 3726 2937 3798; x_wconf 80' lang='grc' dir='ltr'>οἰκοδομήσει</span> <span class='ocrx_word' id='word_1_667' title='bbox 2969 3726 3061 3778; x_wconf 82' lang='grc' dir='ltr'><strong>τὸν</strong></span> <span class='ocrx_word' id='word_1_668' title='bbox 3095 3720 3243 3778; x_wconf 83' lang='grc' dir='ltr'>οἷκον</span> <span class='ocrx_word' id='word_1_669' title='bbox 3274 3723 3501 3795; x_wconf 83' lang='grc' dir='ltr'>Κυρίου·</span> <span class='ocrx_word' id='word_1_670' title='bbox 3530 3725 3623 3777; x_wconf 78' lang='grc' dir='ltr'>καὶ</span> <span class='ocrx_word' id='word_1_671' title='bbox 3653 3724 3754 3778; x_wconf 79' lang='grc' dir='ltr'>αὐ-</span> 
     </span>
    </p>
   </div>
   <div class='ocr_carea' id='block_1_84' title="bbox 2170 3816 3752 3894">
    <p class='ocr_par' dir='ltr' id='par_1_84' title="bbox 2170 3816 3752 3894">
     <span class='ocr_line' id='line_1_84' title="bbox 2170 3816 3752 3894; baseline -0.002 -20"><span class='ocrx_word' id='word_1_672' title='bbox 2170 3822 2261 3886; x_wconf 80' lang='grc' dir='ltr'>τὸς</span> <span class='ocrx_word' id='word_1_673' title='bbox 2287 3821 2518 3893; x_wconf 75' lang='grc' dir='ltr'>λήψεται</span> <span class='ocrx_word' id='word_1_674' title='bbox 2548 3820 2771 3894; x_wconf 84' lang='grc' dir='ltr'>ἀρετὴν,</span> <span class='ocrx_word' id='word_1_675' title='bbox 2801 3821 2894 3875; x_wconf 75' lang='grc' dir='ltr'>καὶ</span> <span class='ocrx_word' id='word_1_676' title='bbox 2925 3818 3218 3882; x_wconf 84' lang='grc' dir='ltr'>καθιεῖται,</span> <span class='ocrx_word' id='word_1_677' title='bbox 3251 3818 3345 3872; x_wconf 78' lang='grc' dir='ltr'><strong>καὶ</strong></span> <span class='ocrx_word' id='word_1_678' title='bbox 3368 3816 3628 3889; x_wconf 85' lang='grc' dir='ltr'>κατάρξει</span> <span class='ocrx_word' id='word_1_679' title='bbox 3659 3819 3752 3871; x_wconf 79' lang='grc' dir='ltr'>ἐπὶ</span> 
     </span>
    </p>
   </div>
   <div class='ocr_carea' id='block_1_85' title="bbox 2169 3907 3752 3986">
    <p class='ocr_par' dir='ltr' id='par_1_85' title="bbox 2169 3907 3752 3986">
     <span class='ocr_line' id='line_1_85' title="bbox 2169 3907 3752 3986; baseline -0.003 -18"><span class='ocrx_word' id='word_1_680' title='bbox 2169 3913 2265 3969; x_wconf 88' lang='grc' dir='ltr'><strong>τοῦ</strong></span> <span class='ocrx_word' id='word_1_681' title='bbox 2300 3914 2511 3986; x_wconf 88' lang='grc' dir='ltr'>Θρόνου.</span> <span class='ocrx_word' id='word_1_682' title='bbox 2557 3933 2576 3965; x_wconf 77' lang='grc' dir='ltr'><strong>ι</strong></span> <span class='ocrx_word' id='word_1_683' title='bbox 2608 3913 2850 3986; x_wconf 86' lang='grc' dir='ltr'>Πρόσχες</span> <span class='ocrx_word' id='word_1_684' title='bbox 2879 3912 2923 3965; x_wconf 79' lang='grc' dir='ltr'>δ’</span> <span class='ocrx_word' id='word_1_685' title='bbox 2957 3907 3051 3966; x_wconf 82' lang='grc' dir='ltr'><strong>οὖν</strong></span> <span class='ocrx_word' id='word_1_686' title='bbox 3076 3910 3370 3983; x_wconf 81' lang='grc' dir='ltr'>ἐπιμελῶς,</span> <span class='ocrx_word' id='word_1_687' title='bbox 3402 3910 3523 3964; x_wconf 85' lang='grc' dir='ltr'>τίνα</span> <span class='ocrx_word' id='word_1_688' title='bbox 3550 3910 3752 3983; x_wconf 79' lang='grc' dir='ltr'>τρόπον</span> 
     </span>
    </p>
   </div>
   <div class='ocr_carea' id='block_1_86' title="bbox 2169 4002 3747 4079">
    <p class='ocr_par' dir='ltr' id='par_1_86' title="bbox 2169 4002 3747 4079">
     <span class='ocr_line' id='line_1_86' title="bbox 2169 4002 3747 4079; baseline -0.005 -17"><span class='ocrx_word' id='word_1_689' title='bbox 2169 4007 2265 4063; x_wconf 88' lang='grc' dir='ltr'><strong>νῦν</strong></span> <span class='ocrx_word' id='word_1_690' title='bbox 2299 4007 2397 4079; x_wconf 85' lang='grc' dir='ltr'><strong>μὲν</strong></span> <span class='ocrx_word' id='word_1_691' title='bbox 2426 4002 2808 4077; x_wconf 84' lang='grc' dir='ltr'>πνευματικῶς</span> <span class='ocrx_word' id='word_1_692' title='bbox 2836 4003 2966 4076; x_wconf 79' lang='grc' dir='ltr'><strong>περὶ</strong></span> <span class='ocrx_word' id='word_1_693' title='bbox 2988 4002 3081 4057; x_wconf 87' lang='grc' dir='ltr'><strong>τοῦ</strong></span> <span class='ocrx_word' id='word_1_694' title='bbox 3114 4002 3283 4056; x_wconf 85' lang='grc' dir='ltr'>πάλαι</span> <span class='ocrx_word' id='word_1_695' title='bbox 3312 4002 3599 4071; x_wconf 82' lang='grc' dir='ltr'>γεγονότος</span> <span class='ocrx_word' id='word_1_696' title='bbox 3640 4002 3747 4073; x_wconf 81' lang='grc' dir='ltr'><strong>’1η-</strong></span> 
     </span>
    </p>
   </div>
   <div class='ocr_carea' id='block_1_87' title="bbox 2170 4093 3750 4169">
    <p class='ocr_par' dir='ltr' id='par_1_87' title="bbox 2170 4093 3750 4169">
     <span class='ocr_line' id='line_1_87' title="bbox 2170 4093 3750 4169; baseline -0.004 -16"><span class='ocrx_word' id='word_1_697' title='bbox 2170 4099 2289 4163; x_wconf 91' lang='grc' dir='ltr'>σοῦ,</span> <span class='ocrx_word' id='word_1_698' title='bbox 2315 4098 2408 4153; x_wconf 90' lang='grc' dir='ltr'><strong>τοῦ</strong></span> <span class='ocrx_word' id='word_1_699' title='bbox 2449 4099 2548 4169; x_wconf 78' lang='grc' dir='ltr'><strong>τὴν</strong></span> <span class='ocrx_word' id='word_1_700' title='bbox 2583 4096 2769 4152; x_wconf 78' lang='grc' dir='ltr'>εἰκόνα</span> <span class='ocrx_word' id='word_1_701' title='bbox 2796 4094 2891 4149; x_wconf 89' lang='grc' dir='ltr'><strong>τοῦ</strong></span> <span class='ocrx_word' id='word_1_702' title='bbox 2931 4094 3165 4166; x_wconf 83' lang='grc' dir='ltr'>ἀληθοῦς</span> <span class='ocrx_word' id='word_1_703' title='bbox 3196 4094 3476 4165; x_wconf 80' lang='grc' dir='ltr'>φέροντος,</span> <span class='ocrx_word' id='word_1_704' title='bbox 3503 4093 3637 4164; x_wconf 86' lang='grc' dir='ltr'><strong>φησί</strong></span> <span class='ocrx_word' id='word_1_705' title='bbox 3666 4094 3750 4156; x_wconf 84' lang='grc' dir='ltr'><strong>τὸ,</strong></span> 
     </span>
    </p>
   </div>
   <div class='ocr_carea' id='block_1_88' title="bbox 2174 4184 3750 4261">
    <p class='ocr_par' dir='ltr' id='par_1_88' title="bbox 2174 4184 3750 4261">
     <span class='ocr_line' id='line_1_88' title="bbox 2174 4184 3750 4261; baseline -0.001 -20"><span class='ocrx_word' id='word_1_706' title='bbox 2174 4209 2193 4241; x_wconf 84' lang='grc' dir='ltr'><strong>ι</strong></span> <span class='ocrx_word' id='word_1_707' title='bbox 2239 4190 2370 4243; x_wconf 73' lang='grc' dir='ltr'>Ἰδοὺ</span> <span class='ocrx_word' id='word_1_708' title='bbox 2411 4189 2571 4261; x_wconf 82' lang='grc' dir='ltr'>ἀνὴρ,</span> <span class='ocrx_word' id='word_1_709' title='bbox 2620 4187 2878 4258; x_wconf 81' lang='grc' dir='ltr'>Ἀνατολὴ</span> <span class='ocrx_word' id='word_1_710' title='bbox 2919 4187 3089 4258; x_wconf 73' lang='grc' dir='ltr'>ὄνομα</span> <span class='ocrx_word' id='word_1_711' title='bbox 3129 4185 3309 4257; x_wconf 79' lang='grc' dir='ltr'>αὐτῷ·</span> <span class='ocrx_word' id='word_1_712' title='bbox 3353 4185 3376 4238; x_wconf 69' lang='grc' dir='ltr'><strong><em>ἰ</em></strong></span> <span class='ocrx_word' id='word_1_713' title='bbox 3415 4184 3641 4258; x_wconf 77' lang='grc' dir='ltr'>ὕστερον</span> <span class='ocrx_word' id='word_1_714' title='bbox 3691 4184 3750 4239; x_wconf 70' lang='grc' dir='ltr'>δὲ</span> 
     </span>
    </p>
   </div>
   <div class='ocr_carea' id='block_1_89' title="bbox 2167 4275 3748 4351">
    <p class='ocr_par' dir='ltr' id='par_1_89' title="bbox 2167 4275 3748 4351">
     <span class='ocr_line' id='line_1_89' title="bbox 2167 4275 3748 4351; baseline -0.002 -18"><span class='ocrx_word' id='word_1_715' title='bbox 2167 4281 2375 4344; x_wconf 77' lang='grc' dir='ltr'>ὑποϐὰς</span> <span class='ocrx_word' id='word_1_716' title='bbox 2420 4280 2496 4345; x_wconf 80' lang='grc' dir='ltr'><strong>ὡς</strong></span> <span class='ocrx_word' id='word_1_717' title='bbox 2537 4279 2668 4351; x_wconf 80' lang='grc' dir='ltr'>περὶ</span> <span class='ocrx_word' id='word_1_718' title='bbox 2701 4278 2889 4349; x_wconf 81' lang='grc' dir='ltr'>ἐτέρου</span> <span class='ocrx_word' id='word_1_719' title='bbox 2931 4277 3084 4341; x_wconf 72' lang='grc' dir='ltr'>ὄντος</span> <span class='ocrx_word' id='word_1_720' title='bbox 3140 4275 3451 4346; x_wconf 81' lang='grc' dir='ltr'>Ἀνατολῆς,</span> <span class='ocrx_word' id='word_1_721' title='bbox 3492 4275 3640 4347; x_wconf 81' lang='grc' dir='ltr'>αὐτῷ</span> <span class='ocrx_word' id='word_1_722' title='bbox 3683 4276 3748 4347; x_wconf 78' lang='grc' dir='ltr'>δὴ</span> 
     </span>
    </p>
   </div>
   <div class='ocr_carea' id='block_1_90' title="bbox 2165 4368 3746 4445">
    <p class='ocr_par' dir='ltr' id='par_1_90' title="bbox 2165 4368 3746 4445">
     <span class='ocr_line' id='line_1_90' title="bbox 2165 4368 3746 4445; baseline -0.004 -18"><span class='ocrx_word' id='word_1_723' title='bbox 2165 4374 2283 4427; x_wconf 86' lang='grc' dir='ltr'>τότε</span> <span class='ocrx_word' id='word_1_724' title='bbox 2319 4372 2546 4445; x_wconf 88' lang='grc' dir='ltr'>παρόντι</span> <span class='ocrx_word' id='word_1_725' title='bbox 2602 4369 2778 4444; x_wconf 90' lang='grc' dir='ltr'>Ἰησοῦ</span> <span class='ocrx_word' id='word_1_726' title='bbox 2808 4370 3087 4425; x_wconf 85' lang='grc' dir='ltr'>λέλεκται·</span> <span class='ocrx_word' id='word_1_727' title='bbox 3137 4389 3156 4421; x_wconf 74' lang='grc' dir='ltr'><strong>ι</strong></span> <span class='ocrx_word' id='word_1_728' title='bbox 3202 4372 3400 4422; x_wconf 81' lang='grc' dir='ltr'>Ἀκουε</span> <span class='ocrx_word' id='word_1_729' title='bbox 3439 4368 3525 4440; x_wconf 81' lang='grc' dir='ltr'>δὴ,</span> <span class='ocrx_word' id='word_1_730' title='bbox 3572 4368 3746 4440; x_wconf 86' lang='grc' dir='ltr'>Ἰησοῦ</span> 
     </span>
    </p>
   </div>
   <div class='ocr_carea' id='block_1_91' title="bbox 487 4458 2071 4553">
    <p class='ocr_par' dir='ltr' id='par_1_91' title="bbox 487 4458 2064 4527">
     <span class='ocr_line' id='line_1_91' title="bbox 487 4458 2064 4527; baseline 0.004 -13"><span class='ocrx_word' id='word_1_731' title='bbox 487 4458 674 4516; x_wconf 89' lang='lat' dir='ltr'><strong>dicat:</strong></span> <span class='ocrx_word' id='word_1_732' title='bbox 700 4479 720 4513; x_wconf 78' lang='grc' dir='ltr'><strong>ι</strong></span> <span class='ocrx_word' id='word_1_733' title='bbox 751 4460 891 4517; x_wconf 84' lang='lat' dir='ltr'><strong>Ecce</strong></span> <span class='ocrx_word' id='word_1_734' title='bbox 904 4462 1008 4527; x_wconf 89' lang='lat' dir='ltr'><strong>vir,</strong></span> <span class='ocrx_word' id='word_1_735' title='bbox 1033 4462 1230 4519; x_wconf 85' lang='lat' dir='ltr'><strong>Oriens</strong></span> <span class='ocrx_word' id='word_1_736' title='bbox 1254 4479 1454 4520; x_wconf 87' lang='lat' dir='ltr'><strong>nomen</strong></span> <span class='ocrx_word' id='word_1_737' title='bbox 1489 4466 1562 4523; x_wconf 94' lang='lat' dir='ltr'><strong>ei.</strong></span> <span class='ocrx_word' id='word_1_738' title='bbox 1590 4485 1610 4519; x_wconf 73' lang='grc' dir='ltr'><strong>ι</strong></span> <span class='ocrx_word' id='word_1_739' title='bbox 1627 4464 1916 4520; x_wconf 88' lang='lat' dir='ltr'><strong>Paululum</strong></span> <span class='ocrx_word' id='word_1_740' title='bbox 1937 4481 2064 4522; x_wconf 88' lang='lat' dir='ltr'><strong>vero</strong></span> 
     </span>
    </p>
   </div>
   <div class='ocr_carea' id='block_1_92' title="bbox 2175 4458 3748 4553">
    <p class='ocr_par' dir='ltr' id='par_1_92' title="bbox 2175 4462 3748 4541">
     <span class='ocr_line' id='line_1_92' title="bbox 2175 4462 3748 4541; baseline -0.004 -19"><span class='ocrx_word' id='word_1_741' title='bbox 2175 4471 2195 4522; x_wconf 74' lang='grc'><strong>5</strong></span> <span class='ocrx_word' id='word_1_742' title='bbox 2232 4470 2412 4541; x_wconf 81' lang='grc' dir='ltr'>ἰερεὺς</span> <span class='ocrx_word' id='word_1_743' title='bbox 2439 4470 2468 4523; x_wconf 90' lang='lat'><strong>6</strong></span> <span class='ocrx_word' id='word_1_744' title='bbox 2495 4468 2690 4540; x_wconf 86' lang='grc' dir='ltr'>μέγας,</span> <span class='ocrx_word' id='word_1_745' title='bbox 2723 4467 2787 4520; x_wconf 78' lang='grc' dir='ltr'><strong>σὺ</strong></span> <span class='ocrx_word' id='word_1_746' title='bbox 2813 4467 2909 4521; x_wconf 83' lang='grc' dir='ltr'>καὶ</span> <span class='ocrx_word' id='word_1_747' title='bbox 2929 4467 2977 4521; x_wconf 76' lang='lat' dir='ltr'><strong>oi</strong></span> <span class='ocrx_word' id='word_1_748' title='bbox 3006 4464 3231 4537; x_wconf 84' lang='grc' dir='ltr'>πλησίον</span> <span class='ocrx_word' id='word_1_749' title='bbox 3255 4463 3371 4529; x_wconf 90' lang='grc' dir='ltr'>σοῦ,</span> <span class='ocrx_word' id='word_1_750' title='bbox 3394 4463 3527 4517; x_wconf 88' lang='grc' dir='ltr'>διότι</span> <span class='ocrx_word' id='word_1_751' title='bbox 3558 4462 3748 4534; x_wconf 79' lang='grc' dir='ltr'>ἄνδρες</span> 
     </span>
    </p>
   </div>
   <div class='ocr_carea' id='block_1_93' title="bbox 484 4553 2063 4631">
    <p class='ocr_par' dir='ltr' id='par_1_93' title="bbox 484 4553 2063 4631">
     <span class='ocr_line' id='line_1_93' title="bbox 484 4553 2063 4631; baseline 0.005 -24"><span class='ocrx_word' id='word_1_752' title='bbox 484 4566 837 4623; x_wconf 69' lang='lat' dir='ltr'><strong>progressus,</strong></span> <span class='ocrx_word' id='word_1_753' title='bbox 870 4555 1029 4624; x_wconf 89' lang='lat' dir='ltr'><strong>quasi</strong></span> <span class='ocrx_word' id='word_1_754' title='bbox 1056 4553 1246 4613; x_wconf 88' lang='lat' dir='ltr'><strong>dealio</strong></span> <span class='ocrx_word' id='word_1_755' title='bbox 1262 4558 1356 4628; x_wconf 89' lang='lat' dir='ltr'><strong>qui</strong></span> <span class='ocrx_word' id='word_1_756' title='bbox 1386 4557 1460 4612; x_wconf 85' lang='lat' dir='ltr'><strong>sit</strong></span> <span class='ocrx_word' id='word_1_757' title='bbox 1484 4556 1702 4623; x_wconf 89' lang='lat' dir='ltr'><strong>Oriens,</strong></span> <span class='ocrx_word' id='word_1_758' title='bbox 1739 4557 1841 4630; x_wconf 91' lang='lat' dir='ltr'><strong>ipsi</strong></span> <span class='ocrx_word' id='word_1_759' title='bbox 1865 4560 1943 4613; x_wconf 89' lang='lat' dir='ltr'><strong>illi</strong></span> <span class='ocrx_word' id='word_1_760' title='bbox 1968 4560 2063 4631; x_wconf 89' lang='lat' dir='ltr'><strong>qui</strong></span> 
     </span>
    </p>
   </div>
   <div class='ocr_carea' id='block_1_94' title="bbox 487 4642 2061 4719">
    <p class='ocr_par' dir='ltr' id='par_1_94' title="bbox 487 4642 2061 4719">
     <span class='ocr_line' id='line_1_94' title="bbox 487 4642 2061 4719; baseline 0.006 -23"><span class='ocrx_word' id='word_1_761' title='bbox 487 4653 624 4697; x_wconf 80' lang='lat' dir='ltr'><strong>tunc</strong></span> <span class='ocrx_word' id='word_1_762' title='bbox 643 4642 854 4709; x_wconf 84' lang='lat' dir='ltr'><strong>aderat,</strong></span> <span class='ocrx_word' id='word_1_763' title='bbox 889 4642 1020 4700; x_wconf 77' lang='lat' dir='ltr'><strong>Jesu</strong></span> <span class='ocrx_word' id='word_1_764' title='bbox 1050 4645 1281 4702; x_wconf 84' lang='lat' dir='ltr'><strong>dixerit:</strong></span> <span class='ocrx_word' id='word_1_765' title='bbox 1316 4665 1336 4698; x_wconf 76' lang='grc' dir='ltr'><strong>ι</strong></span> <span class='ocrx_word' id='word_1_766' title='bbox 1360 4646 1630 4719; x_wconf 81' lang='lat' dir='ltr'><strong>Audijam</strong></span> <span class='ocrx_word' id='word_1_767' title='bbox 1658 4664 1829 4714; x_wconf 90' lang='lat' dir='ltr'><strong>nunc,</strong></span> <span class='ocrx_word' id='word_1_768' title='bbox 1860 4647 2061 4714; x_wconf 79' lang='lat' dir='ltr'><strong>oJesu,</strong></span> 
     </span>
    </p>
   </div>
   <div class='ocr_carea' id='block_1_95' title="bbox 487 4734 2065 4813">
    <p class='ocr_par' dir='ltr' id='par_1_95' title="bbox 487 4734 2065 4813">
     <span class='ocr_line' id='line_1_95' title="bbox 487 4734 2065 4813; baseline 0.008 -26"><span class='ocrx_word' id='word_1_769' title='bbox 487 4734 751 4791; x_wconf 75' lang='lat' dir='ltr'><strong>sacerdos</strong></span> <span class='ocrx_word' id='word_1_770' title='bbox 769 4751 983 4808; x_wconf 88' lang='lat' dir='ltr'><strong>magne,</strong></span> <span class='ocrx_word' id='word_1_771' title='bbox 999 4746 1054 4793; x_wconf 90' lang='lat' dir='ltr'><strong>et</strong></span> <span class='ocrx_word' id='word_1_772' title='bbox 1075 4747 1156 4802; x_wconf 86' lang='lat' dir='ltr'><strong>tu,</strong></span> <span class='ocrx_word' id='word_1_773' title='bbox 1183 4747 1238 4795; x_wconf 90' lang='lat' dir='ltr'><strong>et</strong></span> <span class='ocrx_word' id='word_1_774' title='bbox 1261 4740 1495 4810; x_wconf 80' lang='lat' dir='ltr'><strong>proximi</strong></span> <span class='ocrx_word' id='word_1_775' title='bbox 1530 4744 1610 4795; x_wconf 89' lang='lat' dir='ltr'><strong>tui</strong></span> <span class='ocrx_word' id='word_1_776' title='bbox 1629 4781 1644 4804; x_wconf 91' lang='lat'><strong>,</strong></span> <span class='ocrx_word' id='word_1_777' title='bbox 1675 4742 1936 4813; x_wconf 91' lang='lat' dir='ltr'><strong>quoniam</strong></span> <span class='ocrx_word' id='word_1_778' title='bbox 1960 4743 2065 4799; x_wconf 88' lang='lat' dir='ltr'><strong>viri</strong></span> 
     </span>
    </p>
   </div>
   <div class='ocr_carea' id='block_1_96' title="bbox 483 4825 2064 4907">
    <p class='ocr_par' dir='ltr' id='par_1_96' title="bbox 483 4825 2064 4907">
     <span class='ocr_line' id='line_1_96' title="bbox 483 4825 2064 4907; baseline 0.008 -28"><span class='ocrx_word' id='word_1_779' title='bbox 483 4825 859 4899; x_wconf 79' lang='lat' dir='ltr'><strong>prodigiorum</strong></span> <span class='ocrx_word' id='word_1_780' title='bbox 916 4829 1257 4901; x_wconf 85' lang='lat' dir='ltr'><strong>inspectores</strong></span> <span class='ocrx_word' id='word_1_781' title='bbox 1302 4842 1451 4891; x_wconf 88' lang='lat' dir='ltr'><strong>sunt.</strong></span> <span class='ocrx_word' id='word_1_782' title='bbox 1512 4833 1653 4890; x_wconf 84' lang='lat' dir='ltr'><strong>Ecce</strong></span> <span class='ocrx_word' id='word_1_783' title='bbox 1688 4850 1790 4907; x_wconf 88' lang='lat' dir='ltr'><strong>ego</strong></span> <span class='ocrx_word' id='word_1_784' title='bbox 1852 4835 2064 4892; x_wconf 86' lang='lat' dir='ltr'><strong>adduco</strong></span> 
     </span>
    </p>
   </div>
   <div class='ocr_carea' id='block_1_97' title="bbox 485 4920 2062 4998">
    <p class='ocr_par' dir='ltr' id='par_1_97' title="bbox 485 4920 2062 4998">
     <span class='ocr_line' id='line_1_97' title="bbox 485 4920 2062 4998; baseline 0.008 -26"><span class='ocrx_word' id='word_1_785' title='bbox 485 4932 706 4973; x_wconf 81' lang='lat' dir='ltr'><strong>servum</strong></span> <span class='ocrx_word' id='word_1_786' title='bbox 737 4935 937 4989; x_wconf 88' lang='lat' dir='ltr'><strong>meum,</strong></span> <span class='ocrx_word' id='word_1_787' title='bbox 960 4920 1249 4979; x_wconf 75' lang='lat' dir='ltr'><strong>Orientem</strong></span> <span class='ocrx_word' id='word_1_788' title='bbox 1277 4924 1346 4983; x_wconf 78' lang='lat'><em>&quot;.</em></span> <span class='ocrx_word' id='word_1_789' title='bbox 1381 4924 1442 4981; x_wconf 89' lang='lat' dir='ltr'><strong>Si</strong></span> <span class='ocrx_word' id='word_1_790' title='bbox 1464 4926 1631 4998; x_wconf 84' lang='lat' dir='ltr'><strong>igitur</strong></span> <span class='ocrx_word' id='word_1_791' title='bbox 1652 4943 1833 4985; x_wconf 89' lang='lat' dir='ltr'><strong>sermo</strong></span> <span class='ocrx_word' id='word_1_792' title='bbox 1860 4930 2062 4985; x_wconf 84' lang='lat' dir='ltr'><strong>eratde</strong></span> 
     </span>
    </p>
   </div>
   <div class='ocr_carea' id='block_1_98' title="bbox 486 5010 2061 5094">
    <p class='ocr_par' dir='ltr' id='par_1_98' title="bbox 486 5010 2061 5094">
     <span class='ocr_line' id='line_1_98' title="bbox 486 5010 2061 5094; baseline 0.01 -30"><span class='ocrx_word' id='word_1_793' title='bbox 486 5010 596 5066; x_wconf 88' lang='lat' dir='ltr'><strong>alio</strong></span> <span class='ocrx_word' id='word_1_794' title='bbox 623 5012 721 5082; x_wconf 77' lang='lat' dir='ltr'><strong>qui</strong></span> <span class='ocrx_word' id='word_1_795' title='bbox 749 5025 1011 5072; x_wconf 83' lang='lat' dir='ltr'><strong>venturus</strong></span> <span class='ocrx_word' id='word_1_796' title='bbox 1067 5026 1235 5082; x_wconf 88' lang='lat' dir='ltr'><strong>esset,</strong></span> <span class='ocrx_word' id='word_1_797' title='bbox 1276 5033 1341 5075; x_wconf 87' lang='lat' dir='ltr'><strong>ac</strong></span> <span class='ocrx_word' id='word_1_798' title='bbox 1376 5020 1563 5076; x_wconf 88' lang='lat' dir='ltr'><strong>verius</strong></span> <span class='ocrx_word' id='word_1_799' title='bbox 1593 5037 1757 5093; x_wconf 84' lang='lat' dir='ltr'><strong>quam</strong></span> <span class='ocrx_word' id='word_1_800' title='bbox 1821 5022 1933 5087; x_wconf 77' lang='lat' dir='ltr'><strong>ille,</strong></span> <span class='ocrx_word' id='word_1_801' title='bbox 1964 5024 2061 5094; x_wconf 91' lang='lat' dir='ltr'><strong>qui</strong></span> 
     </span>
    </p>
   </div>
   <div class='ocr_carea' id='block_1_99' title="bbox 488 5104 2061 5186">
    <p class='ocr_par' dir='ltr' id='par_1_99' title="bbox 488 5104 2061 5186">
     <span class='ocr_line' id='line_1_99' title="bbox 488 5104 2061 5186; baseline 0.01 -32"><span class='ocrx_word' id='word_1_802' title='bbox 488 5110 620 5158; x_wconf 89' lang='lat' dir='ltr'><strong>tunc</strong></span> <span class='ocrx_word' id='word_1_803' title='bbox 636 5104 846 5175; x_wconf 86' lang='lat' dir='ltr'><strong>aderat,</strong></span> <span class='ocrx_word' id='word_1_804' title='bbox 866 5108 1063 5165; x_wconf 83' lang='lat' dir='ltr'><strong>Oriens</strong></span> <span class='ocrx_word' id='word_1_805' title='bbox 1075 5111 1465 5179; x_wconf 86' lang='lat' dir='ltr'><strong>nominandus,</strong></span> <span class='ocrx_word' id='word_1_806' title='bbox 1486 5122 1634 5168; x_wconf 90' lang='lat' dir='ltr'><strong>certe</strong></span> <span class='ocrx_word' id='word_1_807' title='bbox 1653 5113 1832 5186; x_wconf 88' lang='lat' dir='ltr'><strong>imago</strong></span> <span class='ocrx_word' id='word_1_808' title='bbox 1846 5117 2061 5171; x_wconf 84' lang='lat' dir='ltr'><strong>venturi</strong></span> 
     </span>
    </p>
   </div>
   <div class='ocr_carea' id='block_1_100' title="bbox 489 5193 2057 5277">
    <p class='ocr_par' dir='ltr' id='par_1_100' title="bbox 489 5193 2057 5277">
     <span class='ocr_line' id='line_1_100' title="bbox 489 5193 2057 5277; baseline 0.01 -30"><span class='ocrx_word' id='word_1_809' title='bbox 489 5193 733 5253; x_wconf 85' lang='lat' dir='ltr'><strong>Orientis</strong></span> <span class='ocrx_word' id='word_1_810' title='bbox 762 5198 853 5254; x_wconf 88' lang='lat' dir='ltr'><strong>ille</strong></span> <span class='ocrx_word' id='word_1_811' title='bbox 873 5208 992 5255; x_wconf 90' lang='lat' dir='ltr'><strong>erat</strong></span> <span class='ocrx_word' id='word_1_812' title='bbox 1020 5218 1035 5255; x_wconf 90' lang='lat'><strong>:</strong></span> <span class='ocrx_word' id='word_1_813' title='bbox 1069 5211 1256 5275; x_wconf 91' lang='lat' dir='ltr'><strong>utpote</strong></span> <span class='ocrx_word' id='word_1_814' title='bbox 1293 5205 1389 5274; x_wconf 90' lang='lat' dir='ltr'><strong>qui</strong></span> <span class='ocrx_word' id='word_1_815' title='bbox 1423 5204 1479 5259; x_wconf 89' lang='lat' dir='ltr'><strong>in</strong></span> <span class='ocrx_word' id='word_1_816' title='bbox 1508 5204 1863 5277; x_wconf 88' lang='lat' dir='ltr'><strong>imaginenon</strong></span> <span class='ocrx_word' id='word_1_817' title='bbox 1880 5208 2057 5263; x_wconf 87' lang='lat' dir='ltr'><strong>solum</strong></span> 
     </span>
    </p>
   </div>
   <div class='ocr_carea' id='block_1_101' title="bbox 484 5287 2063 5370">
    <p class='ocr_par' dir='ltr' id='par_1_101' title="bbox 484 5287 2063 5370">
     <span class='ocr_line' id='line_1_101' title="bbox 484 5287 2063 5370; baseline 0.009 -29"><span class='ocrx_word' id='word_1_818' title='bbox 484 5287 669 5355; x_wconf 82' lang='lat' dir='ltr'><strong>Jesus,</strong></span> <span class='ocrx_word' id='word_1_819' title='bbox 700 5291 796 5347; x_wconf 86' lang='lat' dir='ltr'><strong>sed</strong></span> <span class='ocrx_word' id='word_1_820' title='bbox 834 5293 1000 5349; x_wconf 88' lang='lat' dir='ltr'><strong>etiam</strong></span> <span class='ocrx_word' id='word_1_821' title='bbox 1029 5294 1226 5359; x_wconf 87' lang='lat' dir='ltr'><strong>Oriens</strong></span> <span class='ocrx_word' id='word_1_822' title='bbox 1257 5298 1557 5367; x_wconf 84' lang='lat' dir='ltr'><strong>diceretur,</strong></span> <span class='ocrx_word' id='word_1_823' title='bbox 1586 5299 1633 5356; x_wconf 90' lang='lat' dir='ltr'><strong>si</strong></span> <span class='ocrx_word' id='word_1_824' title='bbox 1664 5298 1884 5370; x_wconf 89' lang='lat' dir='ltr'><strong>quidem</strong></span> <span class='ocrx_word' id='word_1_825' title='bbox 1938 5310 2063 5356; x_wconf 91' lang='lat' dir='ltr'><strong>tan-</strong></span> 
     </span>
    </p>
   </div>
   <div class='ocr_carea' id='block_1_102' title="bbox 486 5378 2054 5460">
    <p class='ocr_par' dir='ltr' id='par_1_102' title="bbox 486 5378 2054 5460">
     <span class='ocr_line' id='line_1_102' title="bbox 486 5378 2054 5460; baseline 0.009 -26"><span class='ocrx_word' id='word_1_826' title='bbox 486 5398 650 5451; x_wconf 87' lang='lat' dir='ltr'><strong>quam</strong></span> <span class='ocrx_word' id='word_1_827' title='bbox 687 5382 756 5437; x_wconf 88' lang='lat' dir='ltr'><strong>ad</strong></span> <span class='ocrx_word' id='word_1_828' title='bbox 782 5383 961 5455; x_wconf 90' lang='lat' dir='ltr'><strong>ipsum</strong></span> <span class='ocrx_word' id='word_1_829' title='bbox 992 5399 1337 5460; x_wconf 69' lang='lat' dir='ltr'><strong>praesentem,</strong></span> <span class='ocrx_word' id='word_1_830' title='bbox 1360 5378 1525 5448; x_wconf 83' lang='lat' dir='ltr'><strong>verba</strong></span> <span class='ocrx_word' id='word_1_831' title='bbox 1558 5392 1650 5446; x_wconf 88' lang='lat' dir='ltr'><strong>illa</strong></span> <span class='ocrx_word' id='word_1_832' title='bbox 1686 5410 1699 5447; x_wconf 89' lang='lat'><strong>:</strong></span> <span class='ocrx_word' id='word_1_833' title='bbox 1737 5411 1757 5445; x_wconf 79' lang='grc' dir='ltr'><strong>ι</strong></span> <span class='ocrx_word' id='word_1_834' title='bbox 1793 5391 1934 5448; x_wconf 88' lang='lat' dir='ltr'><strong>Ecce</strong></span> <span class='ocrx_word' id='word_1_835' title='bbox 1952 5394 2054 5459; x_wconf 90' lang='lat' dir='ltr'><strong>vir,</strong></span> 
     </span>
    </p>
   </div>
   <div class='ocr_carea' id='block_1_103' title="bbox 486 5474 2058 5558">
    <p class='ocr_par' dir='ltr' id='par_1_103' title="bbox 486 5474 2058 5558">
     <span class='ocr_line' id='line_1_103' title="bbox 486 5474 2058 5558; baseline 0.007 -30"><span class='ocrx_word' id='word_1_836' title='bbox 486 5474 685 5530; x_wconf 88' lang='lat' dir='ltr'><strong>Oriens</strong></span> <span class='ocrx_word' id='word_1_837' title='bbox 708 5491 907 5532; x_wconf 89' lang='lat' dir='ltr'><strong>nomen</strong></span> <span class='ocrx_word' id='word_1_838' title='bbox 936 5480 1008 5542; x_wconf 89' lang='lat' dir='ltr'><strong>ei,</strong></span> <span class='ocrx_word' id='word_1_839' title='bbox 1053 5500 1071 5531; x_wconf 79' lang='grc' dir='ltr'><strong>ι</strong></span> <span class='ocrx_word' id='word_1_840' title='bbox 1095 5482 1162 5536; x_wconf 87' lang='lat' dir='ltr'><strong>ad</strong></span> <span class='ocrx_word' id='word_1_841' title='bbox 1188 5483 1339 5538; x_wconf 89' lang='lat' dir='ltr'><strong>illum</strong></span> <span class='ocrx_word' id='word_1_842' title='bbox 1361 5485 1509 5540; x_wconf 88' lang='lat' dir='ltr'><strong>dicta</strong></span> <span class='ocrx_word' id='word_1_843' title='bbox 1547 5493 1698 5540; x_wconf 85' lang='lat' dir='ltr'><strong>sunt.</strong></span> <span class='ocrx_word' id='word_1_844' title='bbox 1732 5482 1926 5541; x_wconf 75' lang='lat' dir='ltr'><strong>Merito</strong></span> <span class='ocrx_word' id='word_1_845' title='bbox 1955 5485 2058 5558; x_wconf 91' lang='lat' dir='ltr'><strong>igi-</strong></span> 
     </span>
    </p>
   </div>
   <div class='ocr_carea' id='block_1_104' title="bbox 2165 4556 3750 4633">
    <p class='ocr_par' dir='ltr' id='par_1_104' title="bbox 2165 4556 3750 4633">
     <span class='ocr_line' id='line_1_104' title="bbox 2165 4556 3750 4633; baseline -0.005 -18"><span class='ocrx_word' id='word_1_846' title='bbox 2165 4559 2559 4633; x_wconf 86' lang='grc' dir='ltr'>τερατοσκόποι</span> <span class='ocrx_word' id='word_1_847' title='bbox 2591 4559 2748 4613; x_wconf 86' lang='grc' dir='ltr'>εἰσίν.</span> <span class='ocrx_word' id='word_1_848' title='bbox 2780 4558 2927 4612; x_wconf 80' lang='grc' dir='ltr'>’Ἰδοὺ</span> <span class='ocrx_word' id='word_1_849' title='bbox 2953 4558 3071 4627; x_wconf 78' lang='grc' dir='ltr'>ἄγω</span> <span class='ocrx_word' id='word_1_850' title='bbox 3102 4558 3193 4611; x_wconf 77' lang='grc' dir='ltr'>τὸν</span> <span class='ocrx_word' id='word_1_851' title='bbox 3232 4556 3416 4610; x_wconf 84' lang='grc' dir='ltr'>δοῦλόν</span> <span class='ocrx_word' id='word_1_852' title='bbox 3453 4574 3555 4627; x_wconf 90' lang='grc' dir='ltr'><strong>μου</strong></span> <span class='ocrx_word' id='word_1_853' title='bbox 3591 4556 3750 4608; x_wconf 80' lang='grc' dir='ltr'>Ἀνα-</span> 
     </span>
    </p>
   </div>
   <div class='ocr_carea' id='block_1_105' title="bbox 2164 4643 3748 4723">
    <p class='ocr_par' dir='ltr' id='par_1_105' title="bbox 2164 4643 3748 4723">
     <span class='ocr_line' id='line_1_105' title="bbox 2164 4643 3748 4723; baseline -0.003 -19"><span class='ocrx_word' id='word_1_854' title='bbox 2164 4650 2349 4723; x_wconf 87' lang='grc' dir='ltr'>τολήν.</span> <span class='ocrx_word' id='word_1_855' title='bbox 2390 4669 2409 4702; x_wconf 74' lang='grc' dir='ltr'><strong>ι</strong></span> <span class='ocrx_word' id='word_1_856' title='bbox 2441 4650 2505 4704; x_wconf 84' lang='grc' dir='ltr'>Εἰ</span> <span class='ocrx_word' id='word_1_857' title='bbox 2537 4648 2601 4721; x_wconf 84' lang='grc' dir='ltr'>δὴ</span> <span class='ocrx_word' id='word_1_858' title='bbox 2633 4645 2725 4703; x_wconf 83' lang='grc' dir='ltr'><strong>οῦν</strong></span> <span class='ocrx_word' id='word_1_859' title='bbox 2758 4650 2787 4702; x_wconf 92' lang='lat'><strong>6</strong></span> <span class='ocrx_word' id='word_1_860' title='bbox 2824 4647 2981 4717; x_wconf 89' lang='grc' dir='ltr'>λόγος</span> <span class='ocrx_word' id='word_1_861' title='bbox 3014 4643 3083 4719; x_wconf 80' lang='grc' dir='ltr'>ἦν</span> <span class='ocrx_word' id='word_1_862' title='bbox 3109 4648 3241 4719; x_wconf 83' lang='grc' dir='ltr'><strong>περὶ</strong></span> <span class='ocrx_word' id='word_1_863' title='bbox 3286 4647 3569 4717; x_wconf 81' lang='grc' dir='ltr'>μέλλοντος</span> <span class='ocrx_word' id='word_1_864' title='bbox 3597 4644 3748 4716; x_wconf 74' lang='grc' dir='ltr'>ἥξειν</span> 
     </span>
    </p>
   </div>
   <div class='ocr_carea' id='block_1_106' title="bbox 2166 4738 3746 4816">
    <p class='ocr_par' dir='ltr' id='par_1_106' title="bbox 2166 4738 3746 4816">
     <span class='ocr_line' id='line_1_106' title="bbox 2166 4738 3746 4816; baseline -0.003 -18"><span class='ocrx_word' id='word_1_865' title='bbox 2166 4743 2377 4816; x_wconf 81' lang='grc' dir='ltr'>ἐτέρου,</span> <span class='ocrx_word' id='word_1_866' title='bbox 2412 4740 2773 4814; x_wconf 80' lang='grc' dir='ltr'>ἀληθέστερον</span> <span class='ocrx_word' id='word_1_867' title='bbox 2810 4738 2964 4814; x_wconf 87' lang='grc' dir='ltr'><strong>παρά</strong></span> <span class='ocrx_word' id='word_1_868' title='bbox 3005 4740 3099 4794; x_wconf 81' lang='grc' dir='ltr'><strong>τὸν</strong></span> <span class='ocrx_word' id='word_1_869' title='bbox 3133 4741 3254 4793; x_wconf 87' lang='grc' dir='ltr'>τότε</span> <span class='ocrx_word' id='word_1_870' title='bbox 3302 4740 3590 4813; x_wconf 82' lang='grc' dir='ltr'>’Λνατολῆς</span> <span class='ocrx_word' id='word_1_871' title='bbox 3627 4743 3746 4795; x_wconf 86' lang='grc' dir='ltr'>ὀνο-</span> 
     </span>
    </p>
   </div>
   <div class='ocr_carea' id='block_1_107' title="bbox 2168 4832 3746 4909">
    <p class='ocr_par' dir='ltr' id='par_1_107' title="bbox 2168 4832 3746 4909">
     <span class='ocr_line' id='line_1_107' title="bbox 2168 4832 3746 4909; baseline -0.002 -19"><span class='ocrx_word' id='word_1_872' title='bbox 2168 4834 2497 4909; x_wconf 78' lang='grc' dir='ltr'>μαζομένου,</span> <span class='ocrx_word' id='word_1_873' title='bbox 2515 4834 2679 4889; x_wconf 83' lang='grc' dir='ltr'>εἰκὼν</span> <span class='ocrx_word' id='word_1_874' title='bbox 2706 4834 2814 4907; x_wconf 80' lang='grc' dir='ltr'>ἄρα</span> <span class='ocrx_word' id='word_1_875' title='bbox 2842 4832 2935 4887; x_wconf 91' lang='grc' dir='ltr'><strong>τοῦ</strong></span> <span class='ocrx_word' id='word_1_876' title='bbox 2965 4833 3250 4905; x_wconf 84' lang='grc' dir='ltr'>μέλλοντος</span> <span class='ocrx_word' id='word_1_877' title='bbox 3278 4833 3429 4903; x_wconf 76' lang='grc' dir='ltr'>ἥξειν</span> <span class='ocrx_word' id='word_1_878' title='bbox 3459 4833 3746 4905; x_wconf 83' lang='grc' dir='ltr'>’Δνατολῆς</span> 
     </span>
    </p>
   </div>
   <div class='ocr_carea' id='block_1_108' title="bbox 2169 4924 3745 5000">
    <p class='ocr_par' dir='ltr' id='par_1_108' title="bbox 2169 4924 3745 5000">
     <span class='ocr_line' id='line_1_108' title="bbox 2169 4924 3745 5000; baseline -0.003 -18"><span class='ocrx_word' id='word_1_879' title='bbox 2169 4930 2375 4992; x_wconf 85' lang='grc' dir='ltr'>ἐκεῖνος</span> <span class='ocrx_word' id='word_1_880' title='bbox 2401 4924 2491 5000; x_wconf 79' lang='grc' dir='ltr'>ἦν,</span> <span class='ocrx_word' id='word_1_881' title='bbox 2523 4927 2600 4991; x_wconf 86' lang='grc' dir='ltr'><strong>ὡς</strong></span> <span class='ocrx_word' id='word_1_882' title='bbox 2630 4928 2689 4981; x_wconf 92' lang='grc' dir='ltr'><strong>ἐν</strong></span> <span class='ocrx_word' id='word_1_883' title='bbox 2723 4928 2893 4980; x_wconf 84' lang='grc' dir='ltr'>εἰκόνι</span> <span class='ocrx_word' id='word_1_884' title='bbox 2929 4926 2990 4980; x_wconf 80' lang='grc' dir='ltr'><strong>οὺ</strong></span> <span class='ocrx_word' id='word_1_885' title='bbox 3029 4924 3187 4996; x_wconf 88' lang='grc' dir='ltr'>μόνον</span> <span class='ocrx_word' id='word_1_886' title='bbox 3233 4924 3458 4996; x_wconf 86' lang='grc' dir='ltr'>Ἰησοῦς,</span> <span class='ocrx_word' id='word_1_887' title='bbox 3491 4924 3626 4980; x_wconf 86' lang='grc' dir='ltr'>ἀλλὰ</span> <span class='ocrx_word' id='word_1_888' title='bbox 3653 4927 3745 4979; x_wconf 72' lang='grc' dir='ltr'>καὶ</span> 
     </span>
    </p>
   </div>
   <div class='ocr_carea' id='block_1_109' title="bbox 2180 5016 3744 5091">
    <p class='ocr_par' dir='ltr' id='par_1_109' title="bbox 2180 5016 3744 5091">
     <span class='ocr_line' id='line_1_109' title="bbox 2180 5016 3744 5091; baseline -0.003 -18"><span class='ocrx_word' id='word_1_889' title='bbox 2180 5017 2438 5090; x_wconf 83' lang='grc' dir='ltr'>Ἀνατολὴ</span> <span class='ocrx_word' id='word_1_890' title='bbox 2487 5018 3045 5091; x_wconf 86' lang='grc' dir='ltr'>προσαγορευόμενος,</span> <span class='ocrx_word' id='word_1_891' title='bbox 3077 5018 3191 5086; x_wconf 80' lang='grc' dir='ltr'>εἴγε</span> <span class='ocrx_word' id='word_1_892' title='bbox 3213 5018 3293 5081; x_wconf 79' lang='grc' dir='ltr'>ὡς</span> <span class='ocrx_word' id='word_1_893' title='bbox 3324 5016 3463 5088; x_wconf 80' lang='grc' dir='ltr'>πρὸς</span> <span class='ocrx_word' id='word_1_894' title='bbox 3502 5017 3744 5088; x_wconf 87' lang='grc' dir='ltr'>παρόντα</span> 
     </span>
    </p>
   </div>
   <div class='ocr_carea' id='block_1_110' title="bbox 2175 5108 3744 5189">
    <p class='ocr_par' dir='ltr' id='par_1_110' title="bbox 2175 5108 3744 5189">
     <span class='ocr_line' id='line_1_110' title="bbox 2175 5108 3744 5189; baseline -0.003 -24"><span class='ocrx_word' id='word_1_895' title='bbox 2175 5109 2340 5165; x_wconf 80' lang='grc' dir='ltr'>αὐτὸν</span> <span class='ocrx_word' id='word_1_896' title='bbox 2369 5111 2449 5176; x_wconf 83' lang='grc' dir='ltr'><strong>τὸ,</strong></span> <span class='ocrx_word' id='word_1_897' title='bbox 2473 5130 2493 5162; x_wconf 83' lang='grc' dir='ltr'><strong>ι</strong></span> <span class='ocrx_word' id='word_1_898' title='bbox 2516 5111 2646 5189; x_wconf 72' lang='grc' dir='ltr'>’ἰδοῦ</span> <span class='ocrx_word' id='word_1_899' title='bbox 2679 5110 2843 5183; x_wconf 75' lang='grc' dir='ltr'>ἀνὴρ,</span> <span class='ocrx_word' id='word_1_900' title='bbox 2880 5108 3138 5180; x_wconf 79' lang='grc' dir='ltr'>’Λνατολὴ</span> <span class='ocrx_word' id='word_1_901' title='bbox 3170 5108 3339 5181; x_wconf 73' lang='grc' dir='ltr'>ὄνομα</span> <span class='ocrx_word' id='word_1_902' title='bbox 3366 5108 3536 5180; x_wconf 80' lang='grc' dir='ltr'>αὐτῷ,</span> <span class='ocrx_word' id='word_1_903' title='bbox 3570 5128 3588 5160; x_wconf 75' lang='grc' dir='ltr'><strong>ι</strong></span> <span class='ocrx_word' id='word_1_904' title='bbox 3622 5108 3744 5161; x_wconf 61' lang='lat' dir='ltr'><strong>eis-</strong></span> 
     </span>
    </p>
   </div>
   <div class='ocr_carea' id='block_1_111' title="bbox 2168 5194 3744 5278">
    <p class='ocr_par' dir='ltr' id='par_1_111' title="bbox 2168 5194 3744 5278">
     <span class='ocr_line' id='line_1_111' title="bbox 2168 5194 3744 5278; baseline 0.008 -17"><span class='ocrx_word' id='word_1_905' title='bbox 2168 5223 2318 5278; x_wconf 76' lang='grc' dir='ltr'>γετο.</span> <span class='ocrx_word' id='word_1_906' title='bbox 2350 5204 2588 5270; x_wconf 84' lang='grc' dir='ltr'>Εἰκότως</span> <span class='ocrx_word' id='word_1_907' title='bbox 2626 5199 2718 5258; x_wconf 82' lang='grc' dir='ltr'><strong>οὖν</strong></span> <span class='ocrx_word' id='word_1_908' title='bbox 2760 5203 2859 5275; x_wconf 83' lang='grc' dir='ltr'>τῆς</span> <span class='ocrx_word' id='word_1_909' title='bbox 2890 5203 3096 5265; x_wconf 74' lang='grc' dir='ltr'>εἰκόνος</span> <span class='ocrx_word' id='word_1_910' title='bbox 3138 5201 3304 5256; x_wconf 67' lang='grc' dir='ltr'>ἕνεκα</span> <span class='ocrx_word' id='word_1_911' title='bbox 3341 5202 3435 5255; x_wconf 68' lang='grc' dir='ltr'><strong>καὶ</strong></span> <span class='ocrx_word' id='word_1_912' title='bbox 3466 5194 3616 5265; x_wconf 72' lang='grc' dir='ltr'>οὗτοι.</span> <span class='ocrx_word' id='word_1_913' title='bbox 3646 5201 3744 5272; x_wconf 77' lang='grc' dir='ltr'><strong>τῆς</strong></span> 
     </span>
    </p>
   </div>
   <div class='ocr_carea' id='block_1_112' title="bbox 2169 5294 3742 5376">
    <p class='ocr_par' dir='ltr' id='par_1_112' title="bbox 2169 5294 3742 5376">
     <span class='ocr_line' id='line_1_112' title="bbox 2169 5294 3742 5376; baseline -0.008 -17"><span class='ocrx_word' id='word_1_914' title='bbox 2169 5304 2424 5376; x_wconf 82' lang='grc' dir='ltr'>Σωτῆρος</span> <span class='ocrx_word' id='word_1_915' title='bbox 2471 5300 2842 5373; x_wconf 85' lang='grc' dir='ltr'>προσηγορίας</span> <span class='ocrx_word' id='word_1_916' title='bbox 2901 5298 3119 5369; x_wconf 76' lang='grc' dir='ltr'>ἠξίωτο,</span> <span class='ocrx_word' id='word_1_917' title='bbox 3165 5294 3451 5367; x_wconf 78' lang='grc' dir='ltr'>ὼσπεροῦν</span> <span class='ocrx_word' id='word_1_918' title='bbox 3499 5298 3595 5349; x_wconf 83' lang='grc' dir='ltr'>καὶ</span> <span class='ocrx_word' id='word_1_919' title='bbox 3643 5295 3742 5366; x_wconf 73' lang='grc' dir='ltr'>τῆς</span> 
     </span>
    </p>
   </div>
   <div class='ocr_carea' id='block_1_113' title="bbox 2178 5385 3739 5464">
    <p class='ocr_par' dir='ltr' id='par_1_113' title="bbox 2178 5385 3739 5464">
     <span class='ocr_line' id='line_1_113' title="bbox 2178 5385 3739 5464; baseline -0.006 -16"><span class='ocrx_word' id='word_1_920' title='bbox 2178 5391 2484 5464; x_wconf 73' lang='grc' dir='ltr'>’Δνατολῆς.</span> <span class='ocrx_word' id='word_1_921' title='bbox 2529 5392 2681 5444; x_wconf 76' lang='grc' dir='ltr'>Ἐπεὶ</span> <span class='ocrx_word' id='word_1_922' title='bbox 2712 5390 2776 5463; x_wconf 80' lang='grc' dir='ltr'>δὴ</span> <span class='ocrx_word' id='word_1_923' title='bbox 2801 5390 3067 5461; x_wconf 82' lang='grc' dir='ltr'>σωτήριον</span> <span class='ocrx_word' id='word_1_924' title='bbox 3098 5386 3232 5441; x_wconf 86' lang='grc' dir='ltr'>Θεοῦ</span> <span class='ocrx_word' id='word_1_925' title='bbox 3267 5390 3347 5452; x_wconf 84' lang='grc' dir='ltr'>εἰς</span> <span class='ocrx_word' id='word_1_926' title='bbox 3378 5387 3479 5459; x_wconf 83' lang='grc' dir='ltr'>τὴν</span> <span class='ocrx_word' id='word_1_927' title='bbox 3518 5385 3739 5440; x_wconf 80' lang='grc' dir='ltr'>Ἐλλάδα</span> 
     </span>
    </p>
   </div>
   <div class='ocr_carea' id='block_1_114' title="bbox 2166 5477 3736 5557">
    <p class='ocr_par' dir='ltr' id='par_1_114' title="bbox 2166 5477 3736 5557">
     <span class='ocr_line' id='line_1_114' title="bbox 2166 5477 3736 5557; baseline -0.008 -17"><span class='ocrx_word' id='word_1_928' title='bbox 2166 5484 2347 5557; x_wconf 83' lang='grc' dir='ltr'>φωνὴν</span> <span class='ocrx_word' id='word_1_929' title='bbox 2387 5484 2451 5538; x_wconf 77' lang='grc' dir='ltr'>τὺ</span> <span class='ocrx_word' id='word_1_930' title='bbox 2488 5482 2583 5536; x_wconf 88' lang='grc' dir='ltr'><strong>τοῦ</strong></span> <span class='ocrx_word' id='word_1_931' title='bbox 2644 5480 2814 5554; x_wconf 73' lang='grc' dir='ltr'>Ἰησοῦ</span> <span class='ocrx_word' id='word_1_932' title='bbox 2859 5477 3203 5554; x_wconf 53' lang='grc' dir='ltr'>μετώηφθέν</span> <span class='ocrx_word' id='word_1_933' title='bbox 3239 5478 3409 5551; x_wconf 75' lang='grc' dir='ltr'>ὄνομα</span> <span class='ocrx_word' id='word_1_934' title='bbox 3453 5477 3736 5551; x_wconf 86' lang='grc' dir='ltr'>σημαίνει·</span> 
     </span>
    </p>
   </div>
   <div class='ocr_carea' id='block_1_115' title="bbox 559 5633 3735 5708">
    <p class='ocr_par' dir='ltr' id='par_1_115' title="bbox 559 5633 3735 5708">
     <span class='ocr_line' id='line_1_115' title="bbox 559 5633 3735 5708; baseline 0.001 -20"><span class='ocrx_word' id='word_1_935' title='bbox 559 5633 1070 5708; x_wconf 53' lang='lat' dir='ltr'><strong>‘flsa._u_n,_6-5.</strong></span> <span class='ocrx_word' id='word_1_936' title='bbox 1133 5636 1378 5708; x_wconf 80' lang='lat' dir='ltr'><strong>_&quot;Joan.</strong></span> <span class='ocrx_word' id='word_1_937' title='bbox 1432 5656 1470 5705; x_wconf 87' lang='lat' dir='ltr'><strong>i,</strong></span> <span class='ocrx_word' id='word_1_938' title='bbox 1534 5642 1623 5700; x_wconf 68' lang='lat'><strong>99.</strong></span> <span class='ocrx_word' id='word_1_939' title='bbox 1704 5642 1817 5698; x_wconf 79' lang='lat' dir='ltr'><strong>“Il</strong></span> <span class='ocrx_word' id='word_1_940' title='bbox 1866 5643 1994 5698; x_wconf 86' lang='lat' dir='ltr'><strong>Cor.</strong></span> <span class='ocrx_word' id='word_1_941' title='bbox 2032 5657 2089 5708; x_wconf 87' lang='lat' dir='ltr'><strong>v,</strong></span> <span class='ocrx_word' id='word_1_942' title='bbox 2134 5639 2227 5697; x_wconf 75' lang='lat'><strong>2|.</strong></span> <span class='ocrx_word' id='word_1_943' title='bbox 2298 5637 2494 5696; x_wconf 77' lang='lat' dir='ltr'><strong>&quot;Gal.</strong></span> <span class='ocrx_word' id='word_1_944' title='bbox 2532 5655 2613 5707; x_wconf 80' lang='lat' dir='ltr'><strong>tu,</strong></span> <span class='ocrx_word' id='word_1_945' title='bbox 2675 5638 2763 5694; x_wconf 74' lang='grc'><strong>15.</strong></span> <span class='ocrx_word' id='word_1_946' title='bbox 2841 5636 3082 5705; x_wconf 78' lang='lat' dir='ltr'><strong>&quot;Zacb,</strong></span> <span class='ocrx_word' id='word_1_947' title='bbox 3128 5652 3212 5704; x_wconf 83' lang='lat' dir='ltr'><strong>l‘ll,</strong></span> <span class='ocrx_word' id='word_1_948' title='bbox 3267 5638 3321 5694; x_wconf 81' lang='lat'><strong>&#39;6.</strong></span> <span class='ocrx_word' id='word_1_949' title='bbox 3399 5636 3446 5670; x_wconf 82' lang='lat'><strong>&quot;</strong></span> <span class='ocrx_word' id='word_1_950' title='bbox 3469 5634 3735 5703; x_wconf 53' lang='lat' dir='ltr'><strong>Zaehnn,</strong></span> 
     </span>
    </p>
   </div>
   <div class='ocr_carea' id='block_1_116' title="bbox 489 5702 1178 5776">
    <p class='ocr_par' dir='ltr' id='par_1_116' title="bbox 489 5702 1178 5776">
     <span class='ocr_line' id='line_1_116' title="bbox 489 5702 1178 5776; baseline 0.009 -19"><span class='ocrx_word' id='word_1_951' title='bbox 489 5704 667 5762; x_wconf 66' lang='lat'><strong>{2-13.</strong></span> <span class='ocrx_word' id='word_1_952' title='bbox 746 5702 977 5760; x_wconf 75' lang='lat' dir='ltr'><strong>&quot;Zacb.</strong></span> <span class='ocrx_word' id='word_1_953' title='bbox 1010 5721 1084 5776; x_wconf 83' lang='grc' dir='ltr'><strong>ιιι¹</strong></span> <span class='ocrx_word' id='word_1_954' title='bbox 1126 5706 1178 5763; x_wconf 77' lang='lat'><strong>8.</strong></span> 
     </span>
    </p>
   </div>
  </div>
