4120 6420
511 365 615 421 33$

655 479 748 535 24.
792 480 866 534 Ab
896 480 935 531 ,4
947 477 1089 536 bdia.

648 551 740 605 25.
778 551 822 605 Α
860 548 904 602 Ζ
909 551 1148 604 acharia.

652 619 742 676 26.
784 622 862 676 Ab
892 619 1092 675 eodem.

652 691 744 746 27.
786 690 865 744 Ab
895 690 1097 745 eodem.

654 761 746 816 28.
788 762 834 814 Α
866 760 1167 815 Μαίαείιὶα.

654 831 742 888 29.
785 831 866 885 Ab
897 836 1100 887 eodem.
1130 887 1140 898 ,

658 902 748 958 50.
788 902 834 955 A
873 900 1135 957 Ieremia.

974 992 1136 1064 202
1206 990 1635 1050 pnoaamuu.

583 1084 722 1142 Cum
770 1084 974 1157 quibus
1032 1083 1211 1140 modis
1272 1082 1341 1140 de
1393 1082 1677 1140 Salvatore
1726 1094 1917 1141 nostro
1962 1082 2092 1141 Iesu

512 1177 736 1233 Christo
766 1184 1089 1239 tractemus,
1125 1174 1163 1230 ii
1201 1175 1310 1231 duo
1339 1175 1498 1232 nobis
1535 1176 1590 1231 in
1616 1178 1878 1247 proximo
1915 1176 2094 1232 Evan-

510 1272 693 1345 gelicae
724 1269 1204 1325 Demonstrationis
1233 1268 1510 1324 volumine
1536 1270 1744 1327 ostensi
1782 1271 1913 1336 sint,
1947 1286 2092 1326 unus

513 1362 734 1433 quidem
761 1375 974 1426 eorum,
1002 1367 1202 1415 natura
1233 1369 1422 1417 nostra
1448 1361 1702 1432 superior
1726 1369 1810 1418 est
1840 1361 2093 1433 ultraque

514 1455 665 1510 illam
697 1452 963 1510 excurrit.
1002 1450 1117 1507 Hoc
1167 1467 1301 1509 sane
1351 1452 1514 1509 modo
1558 1452 1890 1512 allirmamus
1938 1455 2091 1510 illum

511 1561 636 1606 esse
655 1547 881 1603 unicum
909 1544 1003 1601 Dei
1027 1543 1246 1612 Filium,
1271 1546 1387 1602 sive
1407 1546 1505 1602 Dei
1528 1548 1821 1604 essentiam
1847 1548 2091 1605 referens

514 1640 778 1705 Verbum,
815 1638 1174 1709 universique
1206 1638 1371 1709 hujus
1402 1646 1704 1705 auctorem,
1751 1640 1869 1696 sive
1903 1655 2092 1697 essen—

512 1733 648 1787 tiam
677 1731 1095 1800 intelligentem,
1150 1745 1213 1785 ac
1246 1730 1342 1786 Dei
1383 1732 1802 1803 primogenitam
1834 1734 2090 1789 virtutem

1119 366 1301 424 ause
1315 366 1402 422 su
1435 340 1913 425 cmsamsfvsrs
1951 367 2093 426 ore.

2196 369 2324 426 ARS
2363 370 2427 426 ιι.
2468 398 2538 411 -
2558 368 3071 427 'APOLOGETICA.

2120 489 2175 547 Α

2337 483 2432 537 κδ’.
2480 484 2588 539 Τοῦ
2633 485 2908 541 Ἇϐδειοῦ.

2337 560 2435 608 κε’.
2481 554 2593 609 Τοῦ
2625 558 2943 624 Ζαχαρίου.

2334 631 2449 689 κς’.
2478 624 2587 678 Τοῦ
2619 626 2825 680 αὐτοῦ.

2340 694 2443 757 κζ’.
2481 694 2592 748 Τοῦ
2627 694 2834 750 αὐτοῦ.

2334 770 2439 886 2:3:-
2472 764 2590 889 $33

2333 873 2399 955 5.":
2422 873 2436 886 Ο

2768 998 3177 1053 ΠΡΟΟΙΜΙΟΝ.

2274 1085 2489 1158 Ἐπειδὴ
2517 1087 2690 1152 διττὸς
2711 1089 2739 1142 6
2758 1089 2958 1160 τρόπος
2996 1093 3024 1144 ό
3054 1092 3182 1161 περὶ
3205 1089 3299 1143 τοῦ
3335 1088 3586 1163 Σωτῆρος
3605 1091 3766 1162 ἡμῶν

2204 1176 2376 1249 Ἰησοῦ
2399 1179 2634 1250 Χριστοῦ
2660 1181 2931 1250 πέφανται
2961 1183 3018 1236 ἐν
3041 1183 3120 1254 τῷ
3142 1182 3247 1254 πρὸ
3269 1181 3457 1237 τούτου
3481 1182 3767 1255 συγγράμο

2195 1286 2324 1339 ματι
2359 1268 2458 1339 τῆς
2497 1270 2910 1341 Εὑαγγελικῆς
2956 1272 3367 1341 Ἀποδείξεως·
3397 1277 3425 1328 ὁ
3465 1274 3560 1344 μὲν
3594 1275 3767 1344 ὑπερι

2192 1359 2332 1431 φυὴς
2373 1359 2467 1411 καὶ
2506 1359 2781 1413 ἐπέκεινα·
2831 1361 2955 1415 καθ’
2980 1361 3038 1415 ὃν
3078 1361 3372 1434 ὁριζόμεθα
3414 1362 3572 1416 αὐτὸν
3622 1354 3766 1415 εἶναι

2195 1451 2456 1523 μονογενῆ
2484 1451 2618 1506 Θεοῦ
2652 1453 2799 1518 Υἱὸν,
2831 1452 2863 1525 ἧ
2896 1454 3124 1526 οὐσιὼδη
3150 1456 3245 1508 τοῦ
3266 1455 3400 1509 Θεοῦ
3425 1454 3613 1523 Λόγον,
3641 1445 3765 1508 δεύ-

2189 1556 2344 1612 τερον
2376 1540 2483 1594 τῶν
2525 1540 2660 1595 ὅλων
2697 1542 2889 1608 αἴτιον,
2935 1544 2969 1615 ἢ
3010 1544 3196 1597 οὐσίαν
3246 1544 3458 1616 νοερὰν,
3494 1545 3589 1599 καὶ
3625 1543 3765 1598 Θεοῦ

2191 1634 2534 1705 πρωτότοκον
2560 1635 2813 1707 ἐνάρετον
2857 1634 3039 1705 φύσιν,
3088 1638 3187 1708 τὴν
3230 1637 3337 1708 πρὸ
3378 1638 3485 1691 τῶν
3518 1637 3764 1709 γενητῶν

2193 1726 2364 1791 Θείαν,
2392 1729 2485 1783 καὶ
2518 1728 2821 1801 πανάρετον
2852 1726 3157 1803 δύναμιν,ἢ
3195 1730 3295 1801 τῆς
3332 1733 3626 1804 ἁγεννήτου
3660 1732 3764 1802 φύ-

513 1815 679 1894 οιηιιο
710 1830 964 1877 naturam
988 1861 1003 1887 ,
1034 1821 1256 1894 vimque
1287 1822 1549 1888 divinam,
1584 1838 1707 1893 quae
1740 1838 1956 1879 omnem
1987 1823 2090 1877 ba-

2196 1842 2333 1889 σεως
2363 1827 2555 1899 νοερὰν
2585 1827 2785 1881 είκόνα’
2828 1830 2857 1881 6
2887 1827 2944 1880 δὲ
2975 1828 3241 1900 συγγενὴς
3271 1830 3402 1899 ἡμῖν
3437 1829 3530 1881 καὶ
3566 1827 3765 1899 μᾶλλον

513 1916 641 1971 be’at
668 1916 947 1978 virtutem,
984 1921 1035 1969 et
1076 1915 1258 1971 omnia
1287 1929 1407 1985 quae
1440 1913 1584 1969 facta
1616 1915 1746 1979 sint,
1779 1914 2087 1978 antecedat,

515 2008 631 2063 sive
659 2007 912 2076 ingenitae
938 2014 1149 2061 natura:
1174 2008 1567 2078 intelligentem
1599 2005 1910 2076 imaginem.
1941 2005 2091 2060 Alter

513 2114 645 2154 vero
676 2098 873 2154 modus
903 2089 1062 2154 nobis
1091 2099 1264 2170 magis
1296 2104 1583 2170 cognatus,
1615 2095 1901 2167 magisque
1934 2095 2095 2151 fami-

514 2192 670 2248 liaris
703 2191 1044 2262 agnoscitur.
1080 2189 1195 2245 lloc
1240 2191 1385 2245 enim
1428 2189 1721 2245 deﬁnimus
1770 2188 1923 2243 illum
1970 2203 2092 2244 esse

514 2284 611 2339 Dei
643 2282 904 2345 Verbum,
957 2281 1104 2352 quod
1154 2283 1212 2336 in
1242 2281 1465 2335 homine
1506 2285 1789 2351 paternam
1831 2280 2090 2351 pietatem

513 2375 801 2431 denuntiet
832 2392 845 2425 :
872 2389 982 2445 quo
1024 2372 1245 2443 quidem
1297 2372 1458 2427 modo
1503 2372 1777 2443 quondam
1827 2373 1919 2428 ille
1949 2372 2091 2443 apud

515 2470 701 2538 priora
735 2467 934 2524 saacula
965 2466 1023 2520 in
1053 2465 1294 2521 hominis
1324 2465 1536 2531 habitu,
1563 2465 1631 2519 iis
1656 2464 1899 2535 quicum
1926 2463 2094 2520 Abra~

516 2560 662 2627 ham,
686 2559 776 2623 iis,
799 2559 1045 2630 inquam,
1070 2556 1164 2628 qui
1187 2571 1310 2611 cum
1334 2558 1453 2626 ipso
1475 2556 1568 2610 illo
1586 2556 1831 2627 principe
1851 2557 2090 2626 gentium

516 2650 660 2721 apud
687 2650 781 2706 Dei
823 2648 1031 2706 amicos
1067 2656 1354 2718 tantopere
1382 2647 1656 2702 celebrato
1685 2648 1889 2711 vixere,
1925 2661 2090 2717 appa-

516 2744 649 2798 ruit.
683 2741 787 2809 Qui
820 2749 935 2797 tum
971 2756 1167 2796 rursus
1214 2739 1359 2811 apud
1415 2739 1666 2795 homines
1705 2738 1967 2793 visendus
1997 2753 2093 2794 ex-

515 2834 885 2905 spectabatur,
913 2839 967 2888 et
995 2832 1088 2903 qui
1107 2831 1220 2901 jam
1254 2839 1380 2886 ante
1411 2844 1508 2901 per
1542 2826 1780 2887 ho‘minis
1809 2837 2012 2893 ortum,
2036 2838 2092 2884 et

515 2931 707 2979 nostro
737 2921 986 2993 corporis
1029 2921 1207 2976 simile
1239 2934 1465 2988 corpus,
1509 2919 1691 2973 omnia
1733 2919 1932 2990 probra
1962 2934 2089 2989 pas-

516 3031 683 3073 surus
725 3015 1027 3072 dicebatur.
1080 3014 1272 3083 Itaque
1317 3011 1481 3067 nobis
1526 3009 1595 3066 de
1640 3011 1735 3065 illo
1773 3010 2091 3082 prophetica

516 3108 852 3180 exposituris
904 3104 1236 3169 testimonia,
1282 3110 1432 3158 recta
1466 3102 1575 3170 via,
1608 3110 1870 3173 rectoque
1895 3102 2090 3158 ordine

2192 1918 2409 1982 οίκεῖος,
2435 1917 2558 1971 καθ’
2580 1918 2638 1971 ὃν
2672 1918 2834 1971 πάλιν
2870 1918 3030 1972 αὐτὸν
3066 1918 3359 1990 όριζόμεθα
3392 1918 3526 1971 Θεοῦ
3571 1918 3764 1987 Λόγον,

2193 2009 2249 2061 ἐν
2272 2006 2542 2079 ἀνθρώπῳ
2560 2008 2657 2079 τῆς
2679 2006 2773 2060 τοῦ
2800 2008 3010 2080 Πατρὸς
3039 2008 3317 2073 εὐσεϐείας
3341 2008 3764 2078 ἁπαγγελτικὸν,

2192 2099 2313 2154 καθ’
2333 2099 2391 2153 ὃν
2420 2098 2628 2170 πέφηνε
2652 2099 2816 2153 πάλαι
2847 2100 3109 2171 πρότερον
3135 2101 3192 2153 ἐν
3214 2100 3499 2172 ἀνθρώπου
3526 2102 3766 2171 σχήματι

2190 2194 2303 2257 τοῖς
2335 2193 2477 2262 ἀμφὶ
2504 2193 2594 2246 τὸν
2639 2192 2909 2264 Ἀϐραάμ
2953 2193 3112 2246 αὑτὸν
3143 2194 3187 2246 δ’
3214 2195 3420 2247 ἐκεῖνον
3442 2193 3532 2247 τὸν
3559 2193 3768 2265 βοώμε-

2191 2300 2280 2337 νον
2309 2282 2581 2355 ἐθνάρχην
2617 2283 2949 2353 θεονριλὲσιν,
2999 2281 3153 2349 αὖθίς
3194 2301 3254 2339 τε
3295 2285 3666 2357 φανησόμενον
3707 2287 3767 2339 ἐν

2191 2374 2499 2446 ἀνθρώποις
2529 2375 2593 2428 δι’
2619 2374 2905 2447 ἀνθρώπου
2943 2377 3226 2446 γενέσεως,
3262 2379 3354 2431 καὶ
3380 2377 3767 2449 παραπλησίας

2192 2470 2321 2540 ἡμῖν
2346 2468 2567 2539 σαρκὸς,
2596 2467 2850 2538 αἴσχιστα
2878 2469 3159 2522 πείσεσθαι
3195 2471 3505 2542 προείρητο·
3533 2473 3639 2545 ὁδῷ
3670 2476 3767 2528 καὶ

2188 2557 2340 2625 τάξει
2365 2562 2721 2633 προχωρήσαι
2750 2561 2815 2614 ἂν
2839 2564 2969 2632 ἡμῖν
2996 2564 3025 2615 ό
3047 2562 3204 2631 λόγος
3231 2562 3482 2634 μέλλουσι
3506 2565 3606 2630 τὰς
3636 2567 3768 2639 περὶ

2191 2651 2354 2705 αὑτοῦ
2409 2652 2752 2725 προφητικὰς
2795 2654 3102 2709 ἐκτίθεσθαι
3152 2659 3475 2729 μαρτυρίας,
3519 2661 3567 2713 εί
3610 2659 3674 2733 δὴ
3706 2662 3767 2716 ἐν

2191 2741 2449 2814 πρώτοις,
2483 2742 2626 2797 κατά
2654 2744 2723 2797 τὰ
2742 2744 3143 2817 ἐπηγγελμένα,
3172 2749 3232 2801 τὸ
3256 2749 3468 2820 πρῶτον
3492 2750 3767 2816 ἐξετάσαι-

2194 2849 2313 2903 μεν,
2336 2833 2429 2886 καὶ
2448 2833 2546 2905 τὴν
2566 2834 2622 2890 ἐν
2644 2837 2757 2898 τοῖς
2780 2836 3130 2906 Εὐαγγελίοις
3152 2857 3218 2892 πε
3226 2842 3279 2912 ρὶ
3300 2841 3463 2895 αὐτοῦ
3490 2842 3767 2914 θεολογίαν

2190 2924 2297 2978 ἀπὸ
2328 2925 2429 2997 τῆς
2457 2925 2691 2990 παλαιᾶς
2717 2928 2810 2980 καὶ
2839 2931 3182 3002 προφητικῆς
3222 2934 3525 3006 μαρτυρίας
3564 2934 3766 2989 πιστώ-

2193 3029 2406 3084 σαιμεν.
2451 3015 2771 3084 Ἀναγκαῖον
2793 3018 2850 3072 δὲ
2875 3020 3380 3091 προεπισκέψασθαι
3415 3024 3595 3089 ὁποῖός
3629 3043 3762 3080 ποτε

2188 3095 2257 3171 ῆν
2296 3103 2324 3155 ὁ
2356 3102 2554 3174 τρόπος
2579 3104 2678 3175 τῆς
2714 3106 2842 3177 παρ’
2887 3106 3155 3179 Ἑϐραίοις
3186 3110 3293 3163 τῶν
3322 3113 3611 3183 προφητῶν
3650 3113 3743 3168 θεο

516 3199 775 3272 procedet
801 3199 1001 3261 oratio,
1025 3197 1072 3252 si
1101 3196 1213 3267 jam
1248 3195 1472 3250 nuncin
1499 3193 1712 3265 primis,
1738 3195 2092 3265 quemadmo-

2196 3191 2412 3264 ληψίας,
2453 3195 2583 3266 παρ’
2614 3190 2690 3250 ὧν
2728 3196 2921 3251 καὶτὰ
2964 3201 3414 3273 προηγορευμένα
3456 3219 3733 3275 προπεπαι

516 3294 646 3350 dum
664 3306 787 3362 qum
805 3289 1076 3362 promissa
1103 3295 1255 3355 sunt,
1284 3287 1583 3358 postulant,
1606 3284 1659 3339 id
1678 3286 1823 3356 quod
1849 3287 2090 3357 primum

2195 3284 2454 3358 δεύμεθα.

516 3395 622 3454 est,
653 3386 1023 3457 exploremus,
1060 3392 1114 3440 et
1139 3398 1261 3454 qua:
1284 3383 1338 3437 in
1375 3381 1684 3454 Evangeliis
1704 3380 1772 3437 de
1823 3382 1918 3437 illo
1966 3390 2144 3439 exstat
2181 3380 2473 3453 theologia,
2529 3382 2669 3437 hanc
2702 3398 2733 3438 a
2764 3391 3008 3440 veterum
3038 3386 3424 3457 prophetarum
3458 3390 3767 3445 testimonio

512 3478 953 3551 comprobemus.
1007 3477 1113 3534 Sed
1143 3485 1270 3535 ante
1310 3492 1535 3533 necesse
1580 3484 1665 3532 est
1708 3476 2080 3546 considerare,
2119 3479 2375 3550 quisnam
2417 3477 2585 3533 fuerit
2632 3480 2851 3546 modus,
2884 3496 2992 3552 quo
3024 3483 3299 3552 prophetae
3348 3484 3488 3553 apud
3512 3484 3771 3543 Hebraeos

515 3572 612 3627 Dei
639 3571 845 3644 Spiritu
871 3573 1248 3643 implerentur,
1276 3586 1308 3627 a
1337 3571 1538 3643 quibus
1564 3570 1753 3641 utique
1786 3571 1951 3627 etiam
1984 3586 2101 3640 quae
2136 3573 2396 3643 praedicta
2424 3581 2574 3641 sunt,
2609 3574 2840 3628 antehac
2873 3574 3051 3629 edocti
3088 3590 3302 3630 sumus.

518 3668 779 3735 Quisnam
800 3668 986 3723 modus
1016 3668 1196 3735 fuerit,
1219 3684 1322 3739 quo
1345 3665 1485 3737 apud
1518 3665 1771 3739 Hebrcos
1804 3666 2088 3739 prophetae,

588 3740 747 3793 simul
783 3749 833 3793 et
863 3755 980 3809 qua:
1007 3739 1191 3808 futura
1227 3736 1397 3809 essent
1428 3736 1708 3803 canebant,
1738 3747 1786 3791 et
1812 3737 1980 3791 solam
2011 3754 2089 3791 ve-

589 3826 705 3863 ram
740 3808 1057 3880 th‘eotogiam
1093 3808 1457 3864 illustrabant.

589 3899 737 3956 Loca
778 3902 836 3957 in
884 3902 1087 3971 quibus
1119 3909 1173 3956 et
1204 3901 1465 3954 vaticinia
1508 3906 1563 3954 et
1603 3900 1826 3954 oracula
1879 3899 2091 3969 accipe-

520 4002 665 4063 rent,
721 3996 778 4050 in
828 3995 962 4051 orbe
1008 4003 1278 4049 terrarum
1339 3992 1541 4062 passim
1598 3991 1849 4046 instituta
1904 3990 2096 4055 fuisse,

2204 3669 2299 3736 Τίς
2330 3672 2366 3740 ῥ
2398 3671 2616 3740 τρόπος
2651 3664 2734 3740 ἦν
2765 3668 2892 3723 καθ’
2924 3668 2997 3740 ὃν
3033 3670 3087 3721 οὶ
3122 3669 3261 3737 παρ’
3308 3670 3590 3740 Ἑϐραίοις
3622 3684 3766 3740 προς

2266 3738 2446 3808 φῆται
2481 3738 2629 3809 ὁμοῦ
2666 3737 2739 3792 τά
2775 3755 2838 3809 τε
2863 3738 3169 3807 μέλλοντα
3190 3739 3633 3809 προεθέσπιζον,
3670 3737 3771 3796 καὶ

2268 3807 2382 3877 τὴν
2408 3807 2606 3878 μόνην
2642 3807 2837 3878 ἀληθῆ
2879 3810 3191 3880 θεολογίαν
3223 3808 3519 3879 ὲφὼτιζον.

2267 3903 2507 3955 Μαντεία
2558 3902 2652 3954 καὶ
2696 3904 3002 3972 χρηστήρια
3049 3901 3350 3971 πανταχόσε
3376 3901 3477 3969 γῆς
3509 3900 3768 3970 ’Έλληνες

2196 3994 2290 4048 καὶ
2321 3993 2584 4065 βάρϐαροι
2624 3992 3017 4063 μνημονεύουσι
3056 3992 3333 4062 συστῆναι.
3366 3991 3549 4044 Ταῦτα
3575 3989 3632 4043 δέ
3665 4007 3768 4061 φα-

527 4095 637 4140 tam
673 4083 847 4140 Graeci
882 4100 1045 4156 quam
1098 4081 1320 4139 barbari
1368 4080 1715 4153 proﬁtentur.
1766 4080 1937 4135 Porro
1982 4082 2093 4135 hare

2205 4101 2288 4137 σιν
2337 4087 2400 4137 ἐκ
2449 4083 2701 4155 προνοίας
2747 4082 2842 4136 τοῦ
2893 4081 3235 4154 Δημιουργοῦ
3288 4082 3381 4135 ἐπὶ
3439 4082 3631 4153 χρῆσιν
3674 4082 3769 4135 καὶ⁵

528 4182 705 4247 aiunt,
739 4181 1082 4252 providentia
1122 4180 1296 4249 ipsius
1322 4177 1568 4249 Opitieis,
1614 4175 1683 4230 ad
1726 4191 1887 4231 usum
1934 4184 2093 4244 atque

2202 4176 2465 4245 ὠφέλειαν
2503 4175 2612 4229 τῶν
2661 4173 2960 4246 ἀνθρώπων
3009 4173 3443 4245 καταδειχθῆναν
3481 4173 3556 4237 ὡς
3601 4172 3769 4244 μηδὲν

527 4274 816 4330 utilitatem
856 4274 1140 4329 hominum
1181 4271 1395 4342 prodita
1427 4285 1552 4326 esse
1582 4277 1635 4324 et
1668 4282 1953 4323 concessa.
1991 4272 2093 4321 Ita-

2200 4264 2338 4322 εἶναι
2386 4268 2447 4321 τὸ
2497 4267 2750 4338 διαφέρον
2800 4266 2908 4319 τῶν
2963 4267 3089 4337 παρ’
3155 4265 3423 4337 Ἑϐραίοις
3476 4264 3769 4338 προφητῶν

520 4383 629 4440 que
676 4365 956 4438 prophetis
1000 4363 1348 4420 Hebraeorum
1374 4362 1511 4416 nihil
1552 4360 1909 4416 excellentius
1936 4359 2093 4429 203

2202 4361 2340 4433 πρὸς
2386 4360 2455 4413 τὰ
2504 4358 2611 4413 τῶν
2658 4357 2858 4413 λοιπῶν
2905 4356 3071 4413 ἐθνῶν
3126 4362 3449 4430 χρηστήρια.
3524 4360 3610 4422 Ὡς
3660 4355 3769 4427 γὰρ

519 4460 819 4532 contigisse
884 4470 1049 4527 quam
1123 4454 1455 4524 reliquarum
1527 4451 1769 4523 gentium
1834 4452 2093 4505 oraculis.

2215 4451 2480 4525 Ἑϐραίοις
2511 4451 2599 4505 διὰ
2624 4449 2730 4505 τῶν
2764 4448 2979 4504 τοιῶνδε
3006 4450 3320 4522 προφητῶν,
3358 4448 3501 4503 οὓτω
3533 4450 3629 4503 καὶ
3656 4452 3770 4513 τοῖς

521 4551 589 4608 Ut
625 4553 770 4607 enim
806 4548 1048 4605 Hebraeis
1081 4563 1175 4618 per
1219 4545 1491 4617 ejusmodi
1532 4545 1856 4616 praphetas,
1901 4542 1980 4599 sic
2010 4556 2093 4597 re-

2203 4546 2381 4609 ἄλλοις
2411 4545 2585 4598 ἔθνεσι
2618 4543 2706 4597 διὰ
2736 4543 2845 4596 τῶν
2883 4542 3023 4596 κατὰ
3060 4544 3224 4596 τόπον
3256 4542 3522 4613 μαντειῶν
3554 4543 3644 4595 τὸν
3675 4543 3769 4595 ἐπὶ

521 4644 688 4715 liquis
736 4640 991 4714 gentibus
1038 4654 1134 4711 per
1183 4638 1524 4694 diversorum
1575 4637 1819 4691 locorum
1851 4633 2093 4697 oracula,

2204 4638 2419 4692 πάντων
2454 4636 2585 4689 Θεὸν
2622 4636 2779 4707 χρᾷν,
2810 4634 2903 4715 καὶ
2928 4633 2997 4687 τὰ
3026 4633 3369 4704 συμφέροντα
3398 4633 3766 4687 ὑποτίθεσθαι.

523 4714 843 4807 supremum
872 4732 1043 4788 Deum
1083 4730 1441 4801 respondere,
1471 4737 1527 4784 et
1563 4726 1933 4783 conducibilia
1983 4739 2093 4779 mo-

2203 4728 2295 4800 Μὴ
2323 4727 2430 4799 γὰρ
2469 4725 2730 4780 Ἰουδαίων
2766 4714 2924 4795 μόνον
2973 4719 3109 4778 εἶναι
3149 4723 3303 4790 Θεὸν,
3345 4723 3481 4779 ἀλλὰ
3524 4725 3621 4778 καὶ
3664 4723 3769 4778 τῶν

524 4843 658 4885 nere
698 4827 941 4884 solitum.
994 4823 1114 4880 Non
1155 4827 1298 4880 enim
1360 4821 1739 4877 tantummodo
1788 4817 2093 4874 Judaeorum

2203 4820 2403 4874 λοιπῶν
2440 4818 2697 4873 ἁπάντων
2734 4815 3065 4888 ἀνθρώπων’
3106 4818 3201 4869 καὶ
3228 4816 3287 4869 οὐ
3320 4816 3521 4887 μᾶλλον
3546 4816 3769 4870 ἐκείνων

523 4937 667 4987 esse,
726 4920 824 4977 sed
876 4919 1212 4989 reliquorum
1265 4931 1481 4987 quoque
1525 4914 1768 4971 omnium
1816 4912 2093 4967 hominum

2200 4912 2233 4984 ἢ
2252 4911 2452 4965 τούτων
2472 4909 2744 4982 κήδεσθαιο
2773 4909 2989 4964 πάντων
3008 4908 3050 4962 δ’
3068 4907 3127 4973 ἐξ
3144 4908 3255 4961 ἴσου
3278 4912 3542 4983 προνοεῖν,
3555 4908 3771 4979 ὡσπερ-

526 5013 720 5077 Deum,
750 5028 928 5083 neque
958 5011 1060 5067 bos
1088 5010 1259 5080 magis
1283 5023 1446 5079 quam
1465 5008 1589 5063 illos
1619 5021 1835 5073 curare,
1858 5003 1955 5061 sed
1983 5018 2101 5059 om-

526 5107 690 5161 nibus
721 5120 876 5176 mque
904 5102 1210 5174 providere.
1250 5100 1343 5156 Sic
1363 5101 1509 5155 enim
1546 5115 1615 5153 ne
1664 5098 1835 5154 solem
1880 5094 2100 5167 quidem

527 5213 689 5253 suum
723 5195 969 5252 invidere
1014 5193 1290 5264 cuiquam,
1333 5191 1428 5248 sed
1465 5189 1721 5246 onmibus
1751 5188 1967 5244 abunde
1995 5188 2106 5241 lar-

525 5286 655 5359 giri,
686 5300 795 5340 non
828 5284 1071 5340 Hebraeis
1092 5284 1250 5347 solis,
1286 5297 1610 5353 annuosque
1637 5294 1821 5336 rerum
1849 5291 2103 5334 necessa-

526 5382 737 5433 riarum
765 5386 1064 5449 proventus
1117 5376 1490 5449 suppeditare,
1523 5383 1687 5445 atque
1728 5366 1984 5427 ofnnibus
2024 5371 2103 5426 si-

524 5472 655 5527 mile
693 5484 892 5540 corpus
920 5478 1258 5533 construere,
1282 5481 1559 5537 unumque
1590 5463 1853 5520 nascendi
1880 5460 2100 5517 modum

527 5561 804 5627 omnibus,
855 5576 1019 5616 unam
1067 5561 1320 5615 omnibus
1381 5561 1575 5614 animae
1616 5555 1902 5612 rationalis
1947 5561 2103 5608 natu-

522 5669 666 5710 ram.
701 5652 891 5723 Itaque
932 5652 1122 5708 eadem
1162 5654 1373 5708 ratione
1406 5650 1728 5722 providendi
1763 5661 1978 5720 quoque
2007 5659 2101 5699 co—

526 5749 933 5821 gnoscendique
956 5745 1139 5800 futura
1163 5746 1470 5810 scientiam,
1497 5744 1751 5800 omnibus
1786 5739 2099 5797 hominibus

531 5835 744 5900 abunde
768 5840 1034 5907 suﬂicere,
1070 5839 1191 5898 aliis
1228 5837 1447 5911 quidem
1475 5852 1571 5907 per
1593 5837 1741 5892 viros
1770 5833 2085 5907 prophetas,

2202 5004 2294 5058 οὖν
2319 5004 2413 5058 καὶ
2431 5002 2579 5073 ἥλιον
2605 5002 2850 5072 ἀφθόνως
2881 5005 2992 5065 τοῖς
3020 5002 3152 5054 πᾶσι
3178 5000 3531 5073 δεδωρῆσθαι,
3570 4998 3684 5053 ἀλλ’
3706 4999 3768 5052 οὐ

2208 5098 2402 5170 μόνοις⁶
2428 5096 2715 5169 Ἑϐραίοις,
2754 5095 2848 5149 καὶ
2889 5094 2986 5158 τὰς
3026 5093 3272 5166 ἐτησίους
3298 5093 3410 5147 τῶν
3452 5093 3769 5164 ἐπιτηδείων

2205 5188 2486 5262 χορηγίας,
2515 5187 2778 5260 σωμάτων
2797 5203 2857 5240 τε
2882 5189 2993 5249 τοῖς
3027 5186 3173 5239 πᾶσι
3191 5183 3536 5257 κατασκευὴν
3555 5184 3769 5255 όμοίαν,

2206 5283 2302 5336 ἕνα
2320 5299 2379 5335 τε
2403 5281 2670 5350 γενέσεως
2695 5282 2806 5343 τοῖς
2833 5280 2964 5332 πᾶσι
2989 5278 3209 5349 τρόπον,
3243 5277 3337 5330 καὶ
3365 5275 3524 5347 φύσιν
3552 5275 3773 5347 λογικῆς

2205 5372 2384 5443 ψυχῆς
2413 5372 2556 5442 μίαν.
2589 5369 2744 5423 Οὕτω
2770 5370 2826 5422 δὲ
2848 5369 3057 5440 καὶτῆς
3075 5369 3182 5421 τῶν
3206 5367 3504 5439 μελλόντων
3528 5365 3774 5440 προγνώο

2209 5481 2346 5525 σεως
2369 5462 2468 5533 τὴν
2494 5461 2798 5532 ἐπιστήμην
2829 5461 2991 5513 πᾶσιν
3033 5457 3339 5530 ἀνθρώποις
3376 5456 3620 5525 ἀφθόνως
3635 5469 3774 5524 παρο

2209 5552 2372 5621 ἐχειν,
2404 5552 2516 5613 τοῖς
2561 5549 2659 5620 μὲν
2696 5548 2784 5601 διὰ
2826 5548 3118 5619 προφητῶν
3160 5545 3387 5619 ἀνδρῶν,
3427 5549 3540 5609 τοῖς
3575 5545 3631 5598 δὲ
3685 5543 3771 5598 διὰ

2204 5643 2570 5717 χρηστηρίων,
2605 5645 2717 5705 τοῖς
2740 5642 2796 5695 δὲ
2820 5640 2909 5694 διὰ
2938 5640 3164 5713 ὀρνίθων
3198 5642 3475 5711 πτήσεως,
3511 5638 3547 5709 ἦ
3572 5638 3658 5692 διὰ
3682 5636 3746 5690 θυ

2198 5736 2376 5807 τικῆς,
2407 5735 2440 5806 ἢ
2477 5734 2544 5788 δι’
2576 5734 3045 5806 όνειροπομπείας,
3076 5733 3108 5805 ἢ
3143 5731 3230 5785 διὰ
3260 5730 3607 5803 κληδόνων,ἥ
3639 5728 3767 5783 παλι

2203 5828 2341 5901 μῶν,
2387 5828 2421 5899 ἦ
2466 5844 2626 5883 τινων
2673 5825 2873 5898 ἐτέρων
2915 5825 3216 5897 συμϐόλων*
3259 5823 3432 5879 ταῦτα
3467 5822 3575 5894 γάρ
3607 5835 3772 5892 φασιν
