4120 6420
365 386 476 444 357

363 499 677 574 ἀνθρώποις

367 568 536 671 μηδέν
577 593 742 647 πλέον
786 590 930 660 ἔχειν
963 584 1136 637 δοκεῖν
1171 581 1296 641 τοὺς
1345 573 1609 646 Ἐϐραίων
1638 568 1941 671 προφῆτα-ς.

362 658 618 749 Ϋοσιοῦτος
643 683 743 755 μὲν
762 658 853 734 οὖν
873 681 900 732 6
924 677 1052 749 παρ’
1075 673 1297 727 ἐκείνων
1319 670 1493 738 λόγος·
1519 669 1546 719 6
1560 666 1616 720 δὲ
1639 664 1766 736 παρ’
1790 663 1822 731 ἠ
1830 658 1946 731 μῶν

362 773 469 834 ὧδέ
505 795 623 842 πως
646 752 838 836 ἀὐτοῖς
870 769 1261 840 ἀπαντήσεται.
1292 763 1355 816 Εἰ
1380 761 1478 833 μέν
1508 775 1592 821 τις
1619 755 1839 823 συνίστη
1862 752 1946 805 λό-

361 891 461 944 γος
485 871 645 934 θεοὺς
666 865 904 938 άληθῶς,
929 865 963 937 ἢ
986 862 1136 925 θείας
1161 859 1438 928 δυνάμεις,
1470 852 1502 925 ἢ
1529 848 1947 944 δαίμοναςῇάγα-

362 942 492 1031 θοὺς
524 964 817 1035 ἐφεστάναι
843 962 954 1022 τοῖς
980 956 1090 1010 τῶν
1116 951 1420 1025 εἰρημένων
1461 943 1754 1019 μαντείοις,
1779 942 1814 1012 ἢ
1835 942 1946 1004 τοῖς

361 1058 592 1122 οίωνῶν,
633 1057 666 1127 ἢ
702 1058 815 1118 τοῖς
847 1051 1054 1113 λοιποῖς
1087 1042 1620 1116 κατωνομασμένοις,
1643 1033 1711 1110 ἦν
1741 1036 1808 1091 ἂν
1841 1031 1947 1104 χώ-

367 1169 468 1226 ραν
499 1151 791 1219 ἀπονεῖμαι
820 1147 932 1208 τοῖς
968 1139 1300 1210 λεγομένοις,
1345 1136 1419 1198 ὡς
1464 1131 1560 1186 τοῦ
1607 1129 1698 1183 ἐπὶ
1730 1125 1946 1181 πάντων

360 1219 500 1300 θεοῦ
533 1243 763 1297 κάκεῖνα
785 1240 898 1301 τοῖς
927 1234 1229 1308 χρωμένοις
1252 1230 1337 1284 ἐπ’
1370 1224 1606 1296 ὠφελείᾳ
1631 1219 1943 1294 δεδωρημέ-

362 1354 474 1392 νου·
508 1338 556 1389 εί
589 1335 645 1388 δὲ
682 1331 947 1386 ὲντελέσιν
986 1323 1291 1389 ἀποδείξεσι
1330 1320 1425 1375 καὶ
1453 1317 1630 1373 αὐτῶν
1683 1313 1947 1384 Ἑλλήνων

360 1428 678 1502 ὁμολογίαις
716 1423 818 1496 ἤδη
860 1421 1123 1494 πρότερον
1155 1415 1416 1487 δαίμονας
1447 1410 1642 1472 αὐτοὺς
1668 1402 1826 1468 εἶναι,
1853 1401 1947 1456 καὶ

363 1497 471 1579 ούδ¹
493 1521 751 1590 ἀγαθοὺς,
778 1517 957 1586 πάσης
977 1513 1034 1566 δὲ
1058 1509 1262 1583 βλάϐης
1281 1507 1373 1561 καὶ
1401 1501 1699 1576 μοχθηρίας
1721 1497 1944 1590 αἰτίους,

366 1615 484 1679 πῶς
523 1587 589 1669 ἀν
619 1611 867 1666 δύναιντο
904 1606 1038 1661 Θεοῦ
1074 1599 1213 1658 εἶναι
1256 1600 1560 1673 προφῆται;
1605 1593 1846 1653 Φαύλους
1889 1587 1946 1640 δὲ

363 1707 563 1769 αὐτοὺς
594 1707 621 1758 6
648 1704 805 1772 λόγος
836 1699 1084 1772 ἐφώρασε
1115 1695 1205 1749 διὰ
1225 1693 1324 1764 τῆς
1358 1682 1768 1758 Εὐαγγελικῆς
1792 1686 1945 1750 Προ-

364 1795 756 1868 παριασκευῆς
785 1794 849 1846 ἐκ
875 1809 935 1845 τε
956 1791 1061 1862 τῆς
1086 1789 1253 1842 πάλαι
1282 1784 1424 1838 κατὰ
1457 1783 1633 1836 πάντα
1664 1778 1828 1832 τόπον
1854 1775 1947 1829 καὶ
1979 1821 2022 1878 Β

364 1867 519 1947 πόλιν
561 1889 657 1942 καί⁵
696 1886 876 1957 χώραν
918 1879 1343 1951 συντελουμένης
1374 1877 1558 1938 αὐτοῖς
1589 1867 1942 1942 ἀνθρωποθυ-

365 1985 506 2048 σίας,
540 1983 604 2037 ἐκ
643 1999 702 2036 τε
746 1973 819 2034 ὧν
852 1977 1078 2048 ἡπάτων
1108 1975 1235 2037 τοὺς
1274 1969 1594 2044 ἐρωτῶντας
1627 1962 1821 2034 ἀγνοίᾳ
1849 1961 1942 2014 τοῦ

368 2076 674 2149 μέλλοντος,
709 2072 774 2126 ἐκ
807 2089 868 2126 τε
910 2063 986 2124 ὧν
1034 2067 1318 2140 ἡλίσκοντο
1381 2061 1548 2133 μυρία
1602 2057 1940 2128 ψευδόμενοι,

362 2170 484 2224 τοτὲ
507 2167 606 2239 μὲν
633 2167 698 2220 ὲκ
725 2163 817 2218 τοῦ
851 2160 1181 2235 προφανοῦς,
1203 2157 1324 2212 τοτὲ
1350 2156 1407 2209 δὲ
1436 2153 1523 2208 διὰ
1549 2152 1650 2222 τῆς
1671 2151 1780 2204 τῶν
1809 2165 1944 2219 χρη-

363 2259 519 2331 σμῶν
553 2255 900 2329 ἀμφιϐολίας,
946 2253 1011 2307 δι’
1049 2247 1117 2325 ἧς
1154 2250 1282 2313 τοὺς
1321 2246 1640 2319 πρόσφυγας
1672 2240 1942 2302 πλείστοις

361 2349 681 2411 πλειστάκις
706 2344 1123 2419 περιϐάλλοντες
1163 2343 1353 2402 κακοῖς
1376 2335 1817 2407 ἁπηλέγχθησαψ
1851 2331 1943 2385 καὶ

357 2443 485 2497 ἀπεὶ
505 2439 968 2514 προαπεδείκνυτο
1003 2435 1195 2508 μιαρὸν
1215 2431 1394 2486 αὐτῶν
1419 2430 1514 2483 καὶ
1544 2428 1850 2496 ἀκάθαρτον
1882 2423 1942 2477 τὸ

359 2536 550 2607 φῦλον,
587 2536 654 2588 ὲκ
683 2531 778 2586 τοῦ
815 2530 1024 2603 χαίρειν
1059 2528 1312 2597 αίσχραῖς
1345 2523 1437 2578 καὶ
1470 2521 1786 2583 ἀκολάστοις
1814 2518 1942 2589 περὶ

358 2627 543 2683 αὐτῶν
580 2623 902 2695 λεγομέναις
945 2620 1128 2692 ᾠδαῖς,
1181 2617 1274 2671 καὶ
1301 2615 1510 2687 ὕμνοις,
1559 2613 1654 2667 καὶ⁴
1695 2611 1944 2683 μυθικοῖς

358 2725 717 2796 διηγήμασιν,
757 2719 1018 2790 ἱστορίαις
1043 2733 1103 2769 τε
1140 2714 1397 2784 ἀσέμνοις
1436 2710 1530 2764 καὶ
1568 2707 1939 2770 ὲπιϐλαϐέσιν,

358 2820 429 2882 ἃς
465 2817 560 2871 καὶ
608 2814 728 2870 κατ’
758 2813 938 2868 αὐτῶν
981 2809 1294 2882 πυροῦντες,
1347 2805 1442 2860 καὶ
1485 2803 1560 2868 ὡς
1604 2802 1821 2873 ἀληθεῖς
1853 2799 1943 2870 βεα

364 2909 647 2972 ϐαιοῦντες
683 2907 930 2979 ἣλωσαν·
976 2905 1071 2958 καὶ
1101 2901 1254 2963 τέλος
1284 2899 1537 2954 ἁπάντων
1580 2895 1800 2967 ἔλεγχος
1841 2893 1943 2964 τῆς

366 3003 629 3079 ἀδρανοῦς
657 2999 835 3055 αὐτῶν
866 2998 1078 3068 φύσεως
1104 2991 1172 3068 ἦν
1207 2995 1270 3048 τὸ
1304 2992 1594 3063 σϐεσθῆναι
1622 2990 1716 3043 καὶ
1749 2988 1940 3060 μηκέθ’

363 3097 565 3170 ὁμοίως
591 3097 749 3168 χρᾷν·
773 3093 868 3147 καὶ
890 3091 1176 3161 σϐεσθῆναι
1201 3087 1274 3162 μὴ
1295 3085 1531 3156 άλλοτεῆ
1559 3083 1666 3138 ἀπὸ
1689 3083 1796 3137 τῶν
1823 3082 1942 3154 χρό-

1256 349 1912 420 ῡΕΜοΝετιιΑτιοΝιδ
1949 343 2408 400 ΕῩΛΝΟΕΙΛΟᾹΞ
2448 344 2576 400 LIB.
2609 345 2676 400 V.

702 497 768 550 ικ
789 492 889 564 τῆς
919 489 1012 544 τοῦ
1042 486 1176 542 Θεοῦ
1205 481 1459 556 προνοίας
1491 471 1848 547 δεδωρῆσθαι,
1872 467 1944 530 ὡς

2051 464 2173 520 aliis
2220 480 2351 520 vero
2402 480 2498 534 per
2549 463 2897 520 oraculorum
2955 481 3241 538 responsa,
3268 478 3323 526 et
3366 469 3489 528 aliis
3528 489 3622 542 per

3517 349 3622 404 553

2047 560 2226 613 avium
2257 559 2471 612 volatus
2511 565 2605 612 aut
2646 573 2742 627 per
2762 567 3009 614 extorum
3042 561 3098 615 in
3127 563 3410 622 sacriﬁciis
3440 567 3618 638 inspe-

2045 654 2304 714 ctionem.
2345 659 2438 706 aut
2473 668 2569 723 per
2597 653 2935 709 somniorum
2987 656 3376 726 immissiones,
3401 671 3493 715 aut
3530 677 3624 731 per

2046 760 2109 800 ea
2143 761 2264 816 quae
2296 744 2576 810 dicuntur,
2608 747 2812 814 omnia,
2846 759 2939 803 aut
2980 765 3075 820 per
3121 754 3513 808 concussiones
3562 769 3622 810 ac

2047 846 2333 902 tremores,
2362 846 2457 891 aut
2487 853 2582 908 per
2602 839 2708 892 alia
2732 840 2978 910 quadam
3015 841 3134 912 ejus
3165 844 3382 914 generis
3423 845 3578 918 signa
3607 866 3621 902 :

2049 930 2166 986 haec
2188 932 2331 986 enim
2363 932 2518 986 aiunt
2549 931 2895 988 Providentia
2930 932 3112 989 divina
3139 939 3351 994 cunctis
3379 938 3624 994 homini-

2048 1024 2153 1079 bus
2175 1039 2298 1080 esse
2321 1023 2545 1090 donata,
2575 1025 2761 1106 itaque
2788 1026 2923 1080 nihil
2955 1027 3191 1098 amplius
3228 1029 3429 1086 habere
3451 1031 3622 1087 videri

2049 1117 2398 1172 Hebraeorum
2425 1119 2716 1190 pr0phetas
2746 1136 2760 1172 :
2785 1119 2902 1175 haec
2931 1137 3062 1176 sane
3084 1121 3300 1177 illorum
3333 1135 3416 1179 est
3443 1125 3584 1180 ratio
3609 1142 3620 1177 :

2048 1224 2148 1264 nos
2173 1223 2304 1263 vero
2336 1209 2482 1264 illius
2511 1209 2591 1264 sic
2625 1210 2840 1266 obviam
2877 1210 3004 1265 ituri
3027 1227 3237 1267 sumus.
3279 1211 3334 1267 Si
3364 1215 3474 1268 ulla
3506 1214 3628 1285 qui-

2048 1301 2170 1356 dem
2204 1303 2348 1356 ratio
2381 1303 2681 1370 convincit,
2715 1319 2772 1358 re
2797 1319 2924 1359 vera
2948 1305 3101 1371 deos,
3140 1322 3235 1361 seu
3276 1307 3490 1363 divinas
3525 1324 3625 1379 po-

2047 1402 2296 1461 testates,
2345 1396 2460 1451 sive
2507 1397 2682 1452 bonos
2715 1397 2929 1469 aliquos
2964 1397 3238 1454 daemones
3275 1415 3506 1470 pneesse
3534 1417 3628 1456 eo-

2049 1505 2192 1555 rum,
2225 1489 2294 1544 dc
2333 1490 2534 1560 quibus
2561 1491 2764 1545 dictum
2800 1499 2905 1555 est,
2950 1492 3203 1558 oraculis,
3231 1493 3314 1548 vel
3357 1493 3623 1564 auguriis,

2049 1583 2133 1639 vel
2167 1585 2378 1640 caneris
2399 1600 2518 1655 qua:
2545 1594 2700 1640 antea
2725 1584 2964 1640 diximus
2996 1605 3008 1640 :
3038 1601 3333 1656 possumus
3363 1602 3496 1643 sane
3523 1589 3628 1642 ali-

2047 1690 2210 1746 quem
2251 1676 2430 1731 locum
2463 1677 2569 1731 illis
2597 1676 2860 1741 tribuere,
2891 1685 3151 1748 tanquam
3179 1678 3273 1733 illo
3295 1694 3512 1751 quoque
3538 1695 3629 1735 su-

2051 1783 2272 1838 premus
2309 1767 2455 1824 Deus
2481 1769 2546 1824 iis
2574 1770 2666 1839 qui
2706 1769 2833 1822 talia
2864 1776 3152 1840 usurpent,
3182 1770 3412 1842 largitus
3443 1771 3546 1839 sit;
3581 1770 3629 1830 εἰ

2049 1875 2180 1916 vero
2211 1860 2469 1932 perfectis
2499 1862 3084 1926 demonstrationibus,
3108 1869 3162 1919 et
3202 1862 3450 1935 ipsorum
3480 1863 3629 1921 Grae-

2050 1971 2239 2010 corum
2289 1954 2752 2021 confessionibus,
2785 1956 2898 2026 jam
2946 1964 3129 2020 antea,
3180 1958 3457 2015 daemones
3507 1975 3629 2017 esse

2050 2064 2158 2103 non
2195 2047 2316 2104 illos
2341 2048 2558 2118 quidem
2584 2048 2789 2117 bonos,
2809 2047 2904 2104 sed
2933 2050 3113 2104 omnis
3149 2049 3409 2120 perniciei
3437 2053 3628 2124 nequi-

2050 2143 2247 2213 tiaeque
2284 2151 2540 2199 auctores
2564 2142 2930 2212 convicimus,
2967 2145 3060 2215 qui
3092 2143 3208 2200 fieri
3235 2151 3415 2215 potest
3445 2153 3506 2200 ut
3533 2143 3627 2202 Dei

2049 2236 2330 2307 prophetae
2371 2233 2712 2292 habeantur?
2744 2236 2954 2295 Etenim
2989 2236 3111 2318 illos
3149 2253 3272 2293 esse
3311 2239 3487 2296 malos
3534 2254 3628 2311 per

2051 2329 2429 2402 Evangelicam
2458 2329 2917 2402 Prwparationem
2972 2333 3113 2386 ratio
3147 2331 3526 2402 deprehendit,
3562 2349 3627 2388 cx

2048 2438 2114 2478 eo
2145 2439 2277 2479 sane
2300 2423 2445 2494 quod
2491 2424 2690 2494 priscis
2739 2425 3084 2496 temporibus
3124 2425 3178 2480 in
3212 2425 3362 2481 omni
3409 2426 3552 2494 loco,
3577 2436 3628 2482 et

2049 2515 2270 2572 civitate
2301 2531 2366 2571 ac
2396 2518 2639 2588 regione,
2668 2515 2922 2571 humanae
2961 2515 3069 2571 illis
3100 2515 3334 2571 victimae
3355 2517 3628 2573 sacriﬁca-

2048 2615 2280 2676 rentur;
2319 2609 2448 2665 item
2481 2626 2547 2665 ex
2581 2624 2648 2664 eo
2674 2609 2819 2678 quod
2859 2625 3044 2665 rerum
3077 2609 3386 2664 futurarum
3418 2610 3629 2681 ignora-

2049 2702 2196 2756 tione
2232 2703 2579 2759 sciscitantes
2613 2703 2947 2774 deciperent,
2982 2710 3035 2759 et
3064 2703 3210 2774 quod
3254 2703 3309 2758 in
3341 2702 3628 2760 mendacio

2048 2793 2248 2850 millies
2291 2808 2357 2850 ac
2399 2795 2601 2852 millies
2658 2795 2986 2866 deprehensi
3018 2797 3146 2862 sint,
3197 2798 3359 2852 modo
3405 2797 3628 2869 quidem

2049 2898 2234 2961 aperte
2278 2902 2343 2944 ac
2388 2888 2586 2960 palam,
2616 2888 2779 2944 modo
2826 2904 2955 2945 vero
2986 2889 3228 2960 ipsorum
3276 2891 3625 2947 oraculorum

2049 2986 2305 3056 ambiguo
2339 3000 2612 3048 sermone,
2652 3000 2749 3054 per
2788 3000 2948 3054 quem
2987 2999 3082 3038 cos
3112 2983 3204 3054 qui
3242 2983 3308 3038 ad
3353 3001 3412 3041 se
3441 2982 3628 3040 confu-

2047 3079 2277 3149 gissent,
2316 3077 2569 3148 plurimis
2609 3077 2912 3148 saepissime
2952 3078 3109 3133 malis
3140 3087 3302 3146 atque
3334 3077 3629 3133 incommo-

368 3208 469 3244 νων
509 3190 613 3260 τῆς
655 3185 978 3258 ἐπιφανείας
1022 3183 1115 3237 τοῦ
1151 3181 1402 3252 Σωτῆρος
1443 3177 1600 3251 ἡμῶν
1643 3175 1816 3248 Ἰησοῦ
1847 3173 1940 3228 τοῦ

2049 3171 2132 3226 dis
2192 3170 2508 3234 involvisse,
2562 3169 2798 3226 convicti
2843 3176 3011 3225 sunt:
3045 3184 3260 3224 necnon
3307 3168 3454 3240 quod
3511 3169 3624 3239 jam

367 3280 623 3356 Χριστοῦο
655 3279 713 3346 ἐξ
742 3272 804 3332 οῦ
841 3277 948 3350 γάρ
980 3278 1060 3340 είς
1093 3275 1270 3329 πάντα
1302 3274 1370 3326 τὰ
1411 3271 1536 3344 ἔθνη
1583 3269 1871 3342 διέδραμεν
1917 3270 1945 3321 6

363 3374 464 3444 τῆς
491 3370 850 3441 εύαγγελικῆς
876 3365 1223 3428 διδασκαλίας
1254 3362 1414 3418 αὑτοῦ
1445 3362 1620 3431 λόγος,
1653 3360 1711 3427 ἐξ
1736 3360 1942 3413 ἐκείνου

366 3465 462 3519 καὶ
485 3464 550 3517 τὰ
572 3464 876 3535 χρηστήρια
897 3459 1120 3523 διέλιπε,
1145 3457 1239 3510 καὶ
1265 3454 1533 3526 δαιμόνων
1559 3453 1777 3507 θάνατοι
1805 3467 1942 3522 μνη-

371 3555 703 3628 μονεύονται.
725 3553 910 3606 Πάντα
928 3551 985 3604 δὲ
1010 3544 1102 3603 οὖν
1131 3545 1199 3620 ἦν
1231 3548 1426 3609 ταῦτα,
1457 3544 1552 3598 καὶ
1577 3543 1711 3598 ἄλλα
1734 3539 1945 3603 τούτοις

369 3649 723 3722 παραπλήσια
755 3645 940 3717 μυρία,
971 3643 1035 3696 δι’
1070 3635 1145 3696 ὧν
1175 3639 1401 3711 πονηροὶ
1433 3637 1685 3706 δαίμονες
1713 3633 1865 3698 ὄντες
1894 3635 1942 3686 οἱ

366 3741 497 3812 περὶ
523 3732 597 3792 ῶν
627 3740 656 3791 6
685 3737 842 3805 λόγος
863 3737 919 3788 ἐν
946 3735 1057 3796 τοῖς
1082 3733 1181 3802 τῆς
1200 3725 1616 3798 Εὑαγγελικῆς
1641 3728 1946 3793 Προπαρα-

363 3831 596 3900 σκευῆς
627 3828 1069 3901 άπηλέγχθησαν.
1110 3824 1176 3877 Et
1204 3823 1268 3893 δὴ
1301 3816 1394 3874 οὖν
1421 3819 1614 3872 τοιοίδε
1640 3818 1786 3880 τινὲς
1812 3833 1944 3885 τυγ-

365 3928 608 4001 χάνουσι,
640 3925 724 3990 τίς
756 3926 900 3994 αἱρεῖ
924 3922 1081 3990 λόγος
1111 3917 1206 3972 τοῦ
1248 3916 1339 3970 ἐπὶ
1382 3914 1599 3970 πάντων
1631 3913 1765 3968 Θεοῦ
1809 3930 1943 3984 μαν-

363 4021 515 4085 τείας
540 4017 679 4072 εἶναι
711 4016 960 4089 ἡγεῖσθαι
999 4013 1069 4067 τὰ
1099 4013 1206 4067 τῶν
1229 4011 1498 4082 δαιμόνων
1522 4009 1870 4080 χρηστήριας
1905 4005 1939 4077 ἢ

362 4118 478 4178 τοῖς
490 4112 584 4167 τοῦ
609 4110 743 4166 Θεοῦ
765 4111 1072 4182 προφήταις
1090 4105 1160 4160 τὰ
1181 4106 1301 4161 κατ’
1318 4104 1518 4167 αὐτοὺς
1541 4101 1938 4175 παραϐάλλειν;

364 4207 614 4262 ﬂorum).
638 4205 696 4259 δὲ
718 4204 894 4258 αὐτῶν
923 4207 978 4257 αἱ
1003 4202 1353 4276 προρρήσεις,
1374 4198 1460 4264 ἃς,
1494 4199 1581 4252 ὅτε
1610 4196 1703 4249 καὶ
1727 4194 1941 4248 ἐδόκουν

364 4301 684 4370 ὑφεστάναι,
713 4316 778 4350 πε
789 4300 840 4370 pl.
860 4298 985 4360 τοὺς
1014 4295 1332 4368 ἐρωτῶντας
1360 4290 1670 4354 ὲποιοῦντο;
1696 4284 1803 4360 ἆρα
1821 4284 1942 4356 οὐχὶ

366 4392 495 4464 περὶ
522 4391 772 4463 ἀσέμνων
802 4387 1072 4442 ταπεινῶν
1101 4403 1161 4441 τε
1193 4389 1288 4441 καί
1322 4383 1555 4438 εὐτελῶν
1584 4379 1812 4452 ἀνδρῶν,
1838 4394 1942 4430 πυ-

366 4482 528 4547 κτῶν,
553 4481 707 4553 φέρε,
733 4480 766 4550 ἡ
790 4495 951 4532 τινων
980 4475 1255 4541 τοιούτων,
1282 4475 1375 4539 οὒς
1405 4474 1612 4537 θυσίαις
1640 4471 1806 4541 τιμᾷν
1829 4467 1942 4522 ὲκέ-

364 4575 551 4640 λευον;
574 4574 709 4627 Ποῖα
725 4573 781 4626 δὲ
799 4572 867 4625 τά
891 4571 1017 4642 περὶ
1036 4569 1138 4640 τῆς
1159 4567 1607 4639 ἀνθρωποθυσίας
1626 4565 1937 4636 νενόμιστο;

365 4668 658 4739 κεφάλαιον
698 4666 807 4737 γὰρ
848 4663 911 4736 δὴ
956 4662 1117 4717 τοῦτο
1158 4662 1266 4716 τῶν
1300 4660 1622 4733 είρημένων.
1658 4655 1806 4731 *Αρά
1836 4676 1940 4712 τινι

364 4761 650 4833 πράγματι
682 4756 869 4828 φαύλῳ
915 4754 1206 4809 κατέλιπον
1250 4752 1480 4815 ἀτοπίας
1519 4751 1858 4824 ὑπερϐολήν;
1891 4751 1938 4804 εί

365 4850 429 4923 δὴ
455 4851 503 4911 οἱ
530 4849 777 4921 σωτῆρες
806 4846 1108 4920 ἀνθρώπων
1136 4845 1245 4900 θεοί
1271 4863 1329 4899 τε
1354 4846 1448 4898 καὶ
1469 4845 1662 4915 ἁγαθοὶ
1687 4844 1940 4916 δαίμονες

361 4943 488 5008 τοὺς
541 4942 725 5006 ἱκέτας
766 4941 942 4995 αὐτῶν
988 4942 1082 4994 καὶ
1115 4940 1358 5005 εὐσεϐεῖς
1404 4940 1725 5012 πρόσφυγας
1774 4954 1941 4992 κατα-

368 5039 619 5108 σφάττειν
676 5036 745 5091 τὰ
793 5035 1001 5090 ἑαυτῶν
1050 5035 1299 5106 φίλτατα,
1337 5033 1576 5104 ὡσπερεί
1632 5049 1754 5086 τινα
1805 5031 1938 5086 ἄλλα

367 5131 674 5204 θρέμματα,
710 5128 1158 5202 παρεκελεύοντο,
1190 5128 1447 5199 ἄντικρυς
1483 5125 1835 5198 ἀνθρωπείων
1862 5125 1942 5176 ai-

366 5225 549 5295 μάτων
574 5223 712 5294 ὑπὲρ
741 5224 917 5276 πᾶσαν
951 5220 1152 5293 θηρίων
1180 5221 1339 5290 φύσιν
1361 5219 1640 5290 διψῶντες,
1671 5218 1766 5271 καὶ
1787 5216 1948 5269 οὐδὲν

363 5315 490 5370 ἄλλο
526 5316 559 5387 ἢ
608 5316 911 5387 αἱμοπότας
948 5316 1039 5368 καὶ
1078 5313 1526 5386 ἁνθρωποϐόρους
1565 5311 1840 5374 ἀπωλείας
1879 5319 1974 5367 τει

364 5409 550 5478 φίλους
575 5405 712 5464 εἶναι
745 5411 883 5480 σφᾶς
915 5410 1112 5473 αὐτοὺς
1131 5408 1541 5479 ἀπελέγχοντες.
1578 5408 1648 5460 Ἣ
1677 5403 1880 5474 λεγέτω
1911 5405 1944 5456 6

365 5501 706 5574 βουλόμενος,
742 5505 789 5555 εί
835 5503 946 5572 ἔχοι
990 5503 1182 5573 σεμνόν
1215 5519 1268 5555 τι
1300 5503 1394 5556 καὶ
1427 5501 1626 5573 ἀρετῆς
1658 5498 1808 5564 ἀξιον
1827 5499 1938 5553 τῶν

361 5592 700 5666 δηλουμένων
728 5594 1064 5666 ὲπιδεῖξαι,ἢ
1099 5593 1355 5664 μαντείας
1384 5594 1482 5648 καὶ
1503 5594 1836 5666 προρρήσεις
1857 5594 1940 5656 είς

367 5701 472 5753 πᾶν
499 5699 649 5769 γένος
676 5699 977 5770 ἀνθρώπιον
1007 5705 1407 5766 συντεινούσας,
1435 5699 1468 5770 ἢ
1491 5701 1688 5768 νόμους
1711 5701 1801 5756 καὶ
1836 5717 1935 5754 πο-

362 5794 573 5858 λιτικάς
593 5794 884 5862 διατάξεις,
909 5795 1028 5849 καθ’
1056 5795 1148 5861 οὓς
1169 5797 1306 5868 χρῆν
1332 5797 1477 5869 βιοῦν
1506 5799 1708 5864 πάντας
1735 5799 1938 5872 ἀνθρὼ-

1973 4529 2018 4584 ο

2050 3274 2206 3320 antea
2235 3264 2668 3320 demonstratum
2706 3263 2798 3327 sit,
2834 3262 3050 3317 illorum
3085 3277 3255 3332 genus
3290 3260 3494 3315 fuadum
3525 3261 3629 3317 im-

2047 3358 2422 3428 mundumque
2443 3375 2587 3425 esse,
2613 3373 2680 3413 ex
2720 3373 2785 3412 eo
2814 3355 2960 3427 quod
2989 3357 3247 3412 obscenis
3287 3370 3352 3410 ac
3381 3354 3624 3419 lascivis,

2046 3450 2208 3523 20!.
2239 3466 2359 3524 qum
2398 3451 2466 3506 de
2499 3451 2635 3521 ipsis
2658 3450 2923 3513 ferantur,
2960 3450 3191 3506 canticis
3217 3447 3453 3522 gaudere
3496 3463 3630 3503 con-

2046 3546 2360 3613 suevcrint;
2391 3547 2517 3601 item
2558 3545 2776 3618 hymnis
2824 3561 2887 3601 ac
2919 3544 3182 3600 fabulosis
3219 3543 3629 3600 narrationibus

2046 3639 2402 3711 historiisque
2443 3640 2753 3696 inhonestis
2803 3654 2868 3694 ac
2912 3638 3260 3710 perniciosis,
3310 3651 3449 3711 quas
3478 3635 3626 3708 quod
3683 3693 3686 3696 .

2044 3743 2234 3786 contra
2268 3733 2479 3803 seipsos
2524 3742 2675 3788 ratas
2705 3732 3016 3797 habuerint,
3061 3741 3114 3788 et
3161 3741 3418 3801 tanquam
3467 3744 3627 3785 veras

2045 3827 2544 3898 comprobaverint,
2577 3827 2691 3898 jam
2722 3828 2881 3898 plane
2903 3825 3179 3897 redarguti
3204 3835 3352 3880 sunt.
3381 3822 3627 3893 Denique

2045 3920 2264 3975 illorum
2309 3920 2503 3978 inertis
2538 3920 2934 3991 imbecillasque
2967 3927 3178 3974 naturae
3219 3917 3515 3972 maximum
3545 3931 3627 3970 ar-

2045 4025 2381 4086 gumentum,
2423 4014 2571 4086 quod
2603 4015 2871 4070 exstincta
2893 4014 3000 4069 sint
3035 4012 3279 4077 oracula,
3308 4025 3484 4082 neque
3511 4025 3628 4063 am-

2044 4110 2189 4180 plius
2217 4117 2278 4163 ut
2322 4108 2452 4163 olim
2486 4109 2884 4179 respondeant;
2919 4113 2975 4163 et
3021 4106 3294 4163 exstincta
3327 4120 3434 4159 non
3489 4103 3623 4156 alias

2044 4221 2209 4276 quam
2239 4204 2342 4260 sub
2369 4203 2663 4259 adventum
2707 4200 3008 4256 Salvatoris
3033 4199 3207 4254 nostri
3235 4197 3365 4254 Jesu
3393 4195 3622 4259 Christi;

2043 4314 2109 4354 ex
2138 4311 2246 4367 quo
2275 4295 2421 4351 enim
2459 4295 2606 4350 illius
2637 4295 2692 4348 in
2735 4308 2924 4348 omnes
2952 4298 3142 4363 gentes
3177 4288 3505 4361 evangelicae
3532 4285 3624 4341 do-

2045 4393 2236 4447 ctrinas
2265 4390 2573 4461 penetravit
2601 4387 2850 4451 verbum,
2882 4401 2949 4442 ex
2976 4385 3068 4439 illo
3101 4383 3230 4439 item
3268 4382 3490 4437 oracula
3531 4379 3623 4434 dc-

2047 4485 2315 4550 fecerunt,
2342 4492 2396 4540 et
2420 4483 2730 4538 dmmonum
2756 4488 2959 4534 mortes
3002 4485 3394 4532 memorantur.
3428 4473 3623 4528 Omnia

2046 4579 2209 4650 igitur
2237 4578 2352 4633 haac
2386 4584 2440 4632 et
2469 4571 2888 4630 innumerabilia
2909 4572 3013 4626 alia
3035 4570 3121 4624 his
3148 4567 3350 4628 similia
3378 4566 3618 4625 fuerunt,

2043 4689 2110 4729 ex
2154 4671 2355 4744 quibus
2403 4671 2569 4735 illos,
2608 4667 2676 4723 de
2725 4665 2926 4737 quibus
2970 4663 3400 4734 nunc'agimus,
3447 4659 3621 4714 malos

2043 4781 2164 4820 esse
2193 4765 2466 4820 daemones
2489 4760 2807 4831 Evangelica
2841 4757 3172 4827 P-rwparatio
3202 4751 3640 4826 demonstravit.-

2043 4857 2200 4925 Quod
2234 4857 2279 4911 si
2314 4855 2455 4911 tales
2503 4855 2626 4910 illos
2655 4869 2778 4909 esse
2812 4853 2924 4922 jam
2958 4857 3192 4916 constat,
3219 4865 3340 4919 quae
3360 4847 3502 4901 ratio
3526 4861 3622 4900 un-

2042 4965 2205 5020 quam
2238 4947 2526 5015 obtinebit,
2568 4954 2628 5003 ut
2656 4947 2893 5017 supremi
2930 4945 3024 4999 Dei
3057 4944 3179 4999 illas
3209 4942 3379 4998 fuisse
3407 4941 3621 4996 divina-

2043 5046 2221 5100 tiones
2245 5057 2588 5106 censeamus,
2621 5057 2743 5112 quae
2773 5041 3086 5096 daemonum
3120 5045 3298 5094 sortes
3325 5036 3618 5108 perhiben-

2041 5154 2150 5207 tur,
2179 5148 2272 5196 aut
2299 5155 2418 5211 quae
2448 5139 2515 5195 de
2549 5139 2658 5195 illis
2688 5137 2960 5199 feruntur,
2988 5134 3081 5188 Dei
3106 5133 3497 5205 prophetarum
3528 5147 3621 5186 va-

2039 5234 2247 5288 ticiniis
2274 5247 2396 5287 esse
2425 5227 2835 5300 comparanda?
2859 5225 3141 5281 Caeterum
3177 5222 3364 5294 quanti
3397 5220 3618 5278 tandem

2041 5327 2257 5380 illorum
2300 5323 2681 5394 prazdictiones
2740 5318 3021 5382 faciendae,
3079 5330 3234 5386 quas,
3287 5329 3411 5370 cum
3473 5321 3621 5368 stare

2039 5422 2383 5481 videbantur,
2419 5414 2828 5474 sciscitantibus
2861 5411 3300 5484 respondebant?
3327 5408 3521 5464 Nonne
3552 5408 3619 5463 de

2041 5516 2344 5571 inhonestis
2383 5521 2546 5584 atque
2584 5510 2882 5565 humilibus
2922 5517 2976 5564 et
3017 5508 3220 5562 nullius
3269 5506 3428 5577 pretii
3460 5504 3614 5566 viris,

2039 5609 2336 5680 pugilibus,
2387 5605 2619 5677 exempli
2655 5605 2865 5675 gratia,
2909 5610 3002 5657 aut
3054 5601 3177 5656 aliis
3218 5600 3420 5654 talibus
3462 5596 3615 5652 reddi

2041 5703 2232 5759 solitas
2265 5701 2538 5762 novimus,
2578 5713 2716 5769 quos
2761 5695 2978 5769 quidem
3025 5694 3275 5749 homines
3327 5689 3615 5748 sacrificiis

2039 5796 2319 5855 honestari
2349 5793 2651 5868 iubebant?
2681 5792 2872 5860 Qualia
2906 5805 3072 5862 porro
3099 5801 3220 5861 qua:
3250 5785 3318 5841 de
3364 5781 3616 5839 humanis
