4100 6430
409 253 513 309 559

994 245 1267 302 EUSEBII
1306 246 1792 303 CAESARIENSIS
1829 247 1980 303 OPP.
2015 245 2222 302 PARS.
2261 245 2326 300 ll.
2367 279 2436 289 —-
2472 242 2973 302 APOLOGETICA.

3577 247 3683 304 560

411 368 649 426 victimis
689 367 962 430 feruntur,
997 365 1309 422 censenda?
1332 366 1506 437 Caput
1549 367 1693 422 enim
1727 368 1828 422 hoc
1875 383 1993 422 om-

2104 383 2260 429 πους,
2305 365 2746 437 διαγορευούσας,
2789 365 2823 436 ἢ
2862 363 3180 432 φιλοσοφίας
3211 363 3456 434 δόγματά
3485 380 3547 416 τε
3588 363 3685 416 καὶ

413 463 562 517 nium
611 475 801 536 eorum
843 474 965 529 quae
1012 459 1161 514 dicta
1192 469 1356 515 sunt:
1392 477 1522 514 num
1571 461 1740 530 igitur
1781 461 1891 514 ulla
1934 477 1994 516 re

415 568 582 623 prava
622 553 804 606 locum
850 565 1004 606 nova:
1045 551 1372 608 absurditati
1420 551 1798 622 reliquerunt?
1837 548 1993 616 Quod

411 643 459 700 si
485 643 574 699 isti
601 642 882 695 hominum
909 648 1348 706 conservatores,
1378 649 1430 695 et
1455 639 1528 694 dii
1551 649 1604 693 et
1634 639 1761 694 boni
1794 639 1997 692 daemo-

411 750 532 799 nes,
573 734 674 804 qui.
705 733 774 786 ad
804 748 863 787 se
892 732 1214 803 suppliciter
1241 741 1295 787 et
1324 748 1447 788 cum
1481 732 1680 802 pietate
1710 729 1994 800 confugie-

413 834 564 891 Dant,
601 841 696 881 eos
746 840 1088 895 quacunque
1134 825 1460 880 charissima
1511 824 1795 887 haberent,
1839 824 1998 894 quasi

413 919 640 988 reliquis
679 918 880 973 similia
913 933 1112 988 pecora
1157 926 1398 972 mactare
1443 918 1803 986 imperabant,
1835 917 1997 986 plana

411 1011 559 1082 quod
589 1010 814 1066 humani
855 1011 1146 1080 sanguinis
1197 1026 1359 1080 supra
1393 1025 1609 1065 omnem
1640 1010 1866 1064 ferinam
1899 1024 1998 1062 na-

414 1116 594 1166 turam
628 1104 917 1169 sitibundi,
944 1119 1121 1174 neque
1152 1103 1448 1174 quidquam
1474 1103 1621 1157 aliud
1654 1117 1815 1173 quam
1841 1109 1997 1172 poto-

412 1214 502 1254 res
536 1196 821 1267 sanguinis
854 1203 908 1251 et
950 1195 1303 1252 devoratores
1334 1196 1616 1250 hominum
1647 1197 2000 1266 perditionis-

413 1302 521 1358 que
554 1286 715 1347 amici
762 1292 970 1347 essent,
1012 1285 1232 1355 ipsimet
1279 1284 1637 1341 declarabant
1671 1301 1684 1336 :
1717 1293 1810 1340 aut
1853 1285 2000 1340 dicat

412 1378 546 1432 mihi
576 1392 710 1433 sane
736 1376 940 1447 quivis,
974 1392 1105 1431 num
1137 1377 1204 1432 de
1241 1376 1351 1432 illis
1385 1377 1560 1447 possit
1588 1377 1803 1434 honesti
1834 1377 1997 1449 quid-

415 1475 582 1541 piam,
611 1476 705 1523 aut
738 1468 885 1538 quod
914 1483 1039 1523 cum
1073 1469 1274 1524 virtute
1297 1471 1654 1539 conjunctum
1687 1473 1779 1536 sit,
1814 1478 2000 1527 osteno

411 1565 583 1619 dere:
628 1568 722 1616 aut
767 1560 1165 1626 divinationes,
1221 1577 1284 1618 ac
1327 1563 1731 1632 praedictiones,
1769 1580 1889 1634 qua;
1929 1565 1997 1620 ad

413 1670 575 1709 omne
625 1653 910 1708 hominum
953 1669 1126 1724 genus
1163 1655 1569 1724 spectaverint:
1603 1665 1698 1710 aut
1721 1657 1889 1727 leges,
1914 1659 1999 1711 in-

2103 458 2399 529 μαθήματα
2421 457 2682 529 πρὸςτῶν
2702 457 2838 510 θεῶν
2860 455 3276 527 προϐεϐλημένα
3299 458 3410 519 τοῖς
3427 456 3686 526 ἐρασταῖς

2100 550 2435 620 φιλοσοφίας.
2457 549 2593 601 Ἀλλ’
2610 550 2710 602 οὐκ
2727 549 2791 603 ἂν
2808 548 2918 619 ἔχοι
2933 565 3016 612 τις
3034 546 3445 616 φάναιτοιοῦτον
3462 545 3684 600 πώποτε

2099 640 2377 711 ὑπῆρχθαι
2401 640 2479 711 τῷ
2507 641 2606 712 βίῳ
2633 641 2696 693 ἐκ
2717 640 2824 694 τῶν
2874 640 3211 712 περιϐοήτων
3231 637 3600 710 χρηστηρίων.
3619 638 3685 690 El

2099 731 2207 804 γὰρ
2227 727 2292 802 ἦν
2312 732 2506 795 ταῦτα,
2531 733 2630 785 ούκ
2668 731 2732 785 ἂν
2768 719 3045 802 διαφόροις
3069 731 3369 803 ἐχρήσαντο
3393 730 3487 782 καὶ
3512 745 3686 799 μαχο-

2104 825 2284 895 μένοις
2299 824 2482 895 νόμοις
2509 823 2604 878 ἀνθ
2614 841 2784 894 ρωποι
2801 822 2906 876 ύπδ
2927 822 3066 876 θεῶν
3083 820 3549 893 νομοθετούμενοι·
3571 818 3686 873 θεοὶ

2099 917 2208 988 γὰρ
2223 917 2374 980 ὅντες
2389 919 2482 970 καὶ
2500 917 2712 986 ἀγαθοὶ,
2731 916 2849 980 πῶς
2863 917 2961 969 οὐκ
2979 917 3042 970 ἂν
3054 918 3167 978 τοῖς
3182 916 3364 980 αὐτοῖς
3382 915 3687 986 ἐχρήσαντο

2099 1009 2462 1080 διατάγμασι;
2498 1009 2615 1072 πῶς
2639 1009 2683 1062 δ’
2706 1009 2826 1079 οὐχὶ
2850 1011 2970 1071 ταῖς
3000 1006 3240 1079 σώφροσι
3281 1008 3375 1061 καὶ
3409 1006 3688 1061 δικαιοτάιι

2098 1119 2220 1167 ταις
2275 1102 2650 1174 νομοθεσίαις
2699 1103 2796 1167 Τίς
2827 1097 2920 1156 οὖν
2952 1101 3047 1155 τοῦ
3082 1101 3337 1167 Σόλωνος,
3373 1100 3406 1173 ἢ
3441 1101 3682 1172 Δράκον-

2098 1214 2230 1262 τος,
2275 1197 2309 1269 ἢ
2348 1197 2457 1251 τῶν
2499 1196 2672 1251 ἀλλων
2705 1195 3010 1267 ἀνθρώπων
3049 1195 3273 1267 Ἕλλησί
3326 1213 3386 1249 τε
3420 1198 3514 1250 καί
3548 1195 3684 1268 βαρ-

2093 1286 2289 1362 ϐάροις
2333 1289 2634 1360 νομοθετῶν
2670 1289 2828 1362 χρεία
2861 1285 2950 1362 ἦν,
3001 1289 3138 1345 θεῶν
3179 1290 3344 1358 ἐγγὺς
3376 1289 3680 1360 παρόντων,

2104 1385 2199 1438 καὶ
2223 1383 2311 1437 διὰ
2331 1383 2439 1437 τῶν
2467 1385 2730 1456 χρησμῶν
2760 1386 3190 1458 διαταττομένων
3204 1385 3272 1438 τὰ
3297 1385 3484 1439 δέοντα
3503 1401 3516 1450 ;
3535 1385 3599 1437 El
3624 1383 3683 1437 δέ

2099 1477 2164 1548 δὴ
2182 1478 2314 1549 φαίη
2340 1495 2422 1542 τις
2441 1478 2636 1541 αὐτοὺς
2663 1480 2756 1532 καὶ
2778 1481 2884 1533 οὐδ’
2923 1479 2999 1551 (l)
3023 1479 3214 1542 ἄλλους
3237 1473 3376 1532 εἶναι
3407 1477 3536 1540 τοὺς
3561 1476 3682 1529 καθ’

2101 1573 2334 1626 ἕκαστον
2361 1571 2512 1635 ἔθνος
2533 1572 2836 1644 ἀνθρώπων
2868 1572 3312 1644 νομοθετοῦντας,
3337 1573 3432 1626 καὶ
3464 1571 3547 1636 τίς
3574 1566 3684 1642 ἆρα

2103 1667 2310 1730 ἐκεῖνος
2341 1669 2435 1721 καὶ
2470 1668 2733 1732 ποταπὸς,
2757 1668 2983 1733 εἰπάτω,
3011 1668 3150 1731 θεὸς,
3184 1669 3212 1722 6
3237 1666 3489 1730 Σκύθαις,
3526 1665 3681 1735 φέρε,

413 1748 839 1822 stitutionesquc
861 1746 1069 1810 civiles,
1111 1763 1232 1817 qua:
1262 1762 1370 1817 quo
1407 1748 1570 1803 modo
1600 1763 1790 1804 omnes
1825 1749 2000 1805 homi-

2103 1756 2540 1829 ἀνθρωποὸορεῖν
2580 1756 2990 1828 διαταξάμενος,
3026 1759 3058 1828 ἢ
3093 1759 3122 1810 6
3168 1757 3437 1829 μητράσιν
3477 1756 3684 1827 ἑτέροις

415 1856 514 1914 nes
542 1842 725 1895 vivere
758 1847 1029 1910 oporteat,
1068 1840 1427 1910 praeceperint
1456 1855 1471 1890 :
1508 1850 1600 1894 aut
1643 1839 2000 1910 philosophia:

414 1936 635 1990 decreta
682 1948 745 1987 ac
779 1933 1121 2003 disciplinas,
1164 1949 1286 2003 qua:
1334 1933 1696 2004 philosophia:
1737 1933 2001 1987 amatori.

415 2029 518 2082 bus
559 2027 628 2080 ab
658 2026 794 2096 ipsis
821 2025 928 2081 diis
962 2041 1201 2095 unquam
1248 2025 1528 2095 proposita
1560 2024 1764 2080 fuerint
1801 2044 1814 2079 :
1850 2026 2002 2095 atqui

415 2135 576 2175 nemo
630 2127 715 2174 est
756 2120 848 2192 qui
894 2116 1066 2189 possit
1087 2116 1357 2172 aﬂirmare
1399 2118 1508 2174 tale
1559 2133 1799 2189 unquam
1839 2118 2000 2188 quid-

413 2227 578 2284 quam
621 2213 703 2265 vel
750 2211 1234 2267 celeberrimorum
1295 2212 1643 2267 oraculorum
1697 2211 1997 2278 beneficio,

413 2303 574 2376 205
601 2303 726 2359 vitae
752 2303 1032 2357 hominum
1070 2303 1411 2374 contigisse;
1448 2319 1576 2358 nam
1612 2306 1658 2359 si
1699 2303 1832 2357 talia
1859 2302 2000 2358 fuis-

416 2407 558 2461 sent,
592 2411 871 2466 nunquam
904 2394 1174 2460 homines,
1201 2396 1400 2465 quibus
1422 2411 1452 2449 a
1481 2395 1587 2451 diis
1614 2396 1758 2466 leges
1786 2395 2001 2450 tradita:

415 2494 565 2550 sunt,
611 2486 844 2543 diversis
886 2486 968 2540 usi
1001 2496 1189 2541 essent
1222 2494 1388 2558 atque
1423 2487 1565 2542 inter
1612 2503 1671 2543 se
1709 2487 2003 2558 pugnanti-

415 2581 518 2636 hus
567 2579 780 2651 legibus
812 2599 824 2633 :
859 2594 986 2632 nam
1034 2579 1129 2649 qui
1177 2579 1252 2633 dii
1282 2587 1470 2636 essent
1503 2589 1560 2635 et
1602 2579 1677 2635 dii
1725 2579 1873 2644 boni,
1907 2580 2001 2649 qui

417 2672 529 2727 ﬁeri
565 2679 750 2742 posset
790 2680 848 2726 ut
880 2687 987 2726 non
1023 2673 1194 2742 aequis
1225 2654 1665 2729 institutionibus
1693 2681 1994 2739 uterentur,

413 2780 584 2835 quare
626 2773 808 2818 autem
858 2778 970 2816 non
1017 2764 1437 2820 modestissimis
1477 2779 1541 2820 ac
1573 2764 1897 2834 justissimis
1924 2765 2002 2820 le-

415 2857 610 2928 gibus?
667 2855 803 2927 Quis
854 2871 986 2926 ergo
1041 2866 1135 2910 aut
1176 2854 1414 2921 Solonis,
1450 2864 1545 2911 aut
1585 2856 1876 2922 Draconis,
1909 2865 2003 2913 aut

2105 1850 2198 1902 καὶ
2224 1849 2528 1921 θυγατράσι
2568 1849 2857 1920 μίγνυσθαι
2884 1847 3272 1919 νομοθετήσας,
3310 1847 3343 1918 ἢ
3371 1850 3398 1901 6
3430 1849 3558 1901 κυσὶ
3580 1864 3686 1899 πα-

2107 1941 2393 2012 ραϐάλλειν
2437 1942 2565 2004 τοὺς
2605 1941 3001 2012 γεγηρακότας,
3059 1941 3134 2003 ὼς
3181 1938 3402 2007 ἀγαθὸν,
3437 1936 3686 1990 διατετα-

2101 2034 2320 2104 γμένος,
2359 2033 2391 2104 ἦ
2430 2037 2458 2087 6
2497 2033 2791 2106 ἐπιτρέψας
2822 2031 3056 2102 ἀδελφὰς
3091 2035 3287 2102 γαμεῖν
3331 2031 3423 2083 καὶ
3449 2030 3684 2102 ἄρρενας

2101 2127 2326 2198 ἄρρεσιν
2360 2126 2777 2196 ὲπιμίγνυσθαι;
2803 2127 2912 2180 Καὶ
2945 2127 2998 2179 τί
3035 2142 3100 2196 με
3122 2125 3203 2177 δεῖ
3224 2125 3351 2188 τοὺς
3381 2123 3684 2194 ἐκθέσμους

2100 2218 2209 2272 τῶν
2247 2221 2379 2291 παρ’
2407 2219 2631 2290 Ἕλλησι
2668 2220 2761 2272 καὶ
2797 2219 3093 2292 βαρϐάροις
3127 2218 3317 2287 λόγους
3349 2217 3682 2289 ἀπαριθμεῖν

2078 2312 2182 2392 ,είς
2215 2310 2433 2381 ἔλεγχον
2453 2309 2546 2363 τοῦ
2584 2312 2656 2381 μὴ
2685 2310 2839 2376 θεοὺς
2865 2310 3167 2380 γεγονέναι,
3199 2311 3468 2382 πονηροὺς
3497 2308 3552 2362 δὲ
3587 2310 3686 2364 καὶ

2103 2404 2416 2474 ἀλιτηρίους
2468 2401 2750 2473 δαίμονας,
2797 2407 2924 2466 τοὺς
2967 2402 3312 2474 θαυμαστοὺς
3344 2401 3521 2457 αὐτῶν
3546 2418 3686 2474 χρη.

2107 2495 2388 2567 σμοδὸτας,
2425 2496 2516 2548 ἐπὶ
2567 2494 2638 2548 τὰ
2680 2495 2832 2568 παρά
2865 2495 3025 2565 φύσιν
3075 2497 3402 2568 ἀτοπήματα
3435 2495 3496 2549 τὸ
3533 2512 3687 2568 τρισ·

2103 2587 2285 2642 άθλιον
2317 2587 2424 2642 τῶν
2473 2588 2774 2658 ἀνθρώπων
2806 2588 2960 2657 γένος
2993 2587 3500 2659 καταϐεϐληκὸταςς
3531 2587 3684 2643 ὁπότ’

2103 2676 2212 2730 οὐδ’
2256 2680 2304 2732 οἱ
2363 2681 2497 2750 παρ’
2537 2679 2760 2750 Ἕλλησι
2809 2677 3128 2749 βεϐοημένοι
3177 2675 3289 2730 θεοὶ
3335 2679 3428 2731 καὶ
3463 2677 3685 2748 μάντεις

2100 2772 2424 2845 ὀνησιφόρον
2456 2791 2509 2826 τι
2542 2775 2637 2826 καὶ
2662 2773 2936 2838 λυσιτελὲς
2969 2776 3048 2839 είς
3073 2775 3252 2846 ψυχῆς
3283 2771 3550 2841 ὠφέλειαν
3573 2773 3687 2835 τοῖς

2104 2864 2406 2935 χρωμένοις
2446 2866 2858 2920 ἀποδείκνυνται
2899 2867 3323 2939 παρεσχημένοι.
3355 2866 3419 2918 Τί
3453 2865 3563 2936 γὰρ
3587 2864 3685 2936 δή-

415 2949 642 3002 aliorum
686 2945 778 3016 qui
819 2946 902 3000 vel
945 2945 1149 3003 Graacis
1187 2946 1272 3001 vel
1308 2947 1561 3002 barbaris
1611 2947 1760 3020 leges
1795 2946 2000 3007 descri-

2106 2974 2235 3010 ποτε
2292 2959 2685 3023 καταλιπόντες
2731 2959 2922 3032 ἄνδρες
2955 2959 3214 3031 ’Έλληνες
3259 2958 3355 3030 τὴν
3407 2957 3464 3024 ἐξ
3505 2957 3685 3012 αὐτῶν

415 3041 645 3111 pserint,
679 3057 814 3097 usus
849 3040 1064 3106 fuisset,
1105 3056 1229 3096 cum
1265 3040 1321 3094 in
1359 3040 1608 3110 proximo
1638 3042 1891 3100 adessent
1922 3041 1999 3098 dii

414 3135 509 3189 ιιιζί
539 3135 778 3193 oraculis
809 3141 1034 3204 possent
1069 3149 1191 3207 qua:
1235 3133 1464 3188 honesta
1494 3141 1548 3188 et
1578 3134 1889 3190 necessaria
1915 3135 1999 3190 vi-

414 3233 629 3295 derent,
676 3227 1010 3300 prwcipere?
1051 3225 1214 3292 Quod
1249 3227 1296 3282 si
1329 3228 1454 3297 quis
1501 3226 1648 3281 dicat
1688 3227 1849 3298 plane
1877 3227 1998 3282 illos

416 3324 564 3397 ipsos
607 3335 724 3378 non.
753 3321 890 3375 alios
917 3319 1107 3386 fuisse,
1139 3320 1230 3390 qui
1274 3336 1370 3390 per
1397 3319 1646 3390 singulas
1683 3327 1873 3390 gentes
1901 3319 2002 3374 ho-

414 3413 658 3474 minibus.
684 3413 829 3484 leges
857 3411 1125 3479 dederint,
1151 3412 1297 3466 dicat
1338 3411 1526 3476 etiam,
1567 3427 1775 3482 quaeso,
1809 3411 2001 3482 ecquis

417 3509 506 3563 ille
537 3517 629 3563 aut
653 3507 964 3578 cuiusmodi
995 3505 1339 3574 lueritdeus,
1365 3508 1457 3576 qui
1484 3504 1740 3576 Scythas,
1765 3505 2000 3575 exempli

415 3601 612 3667 gratia,
632 3601 896 3655 devorare
924 3598 1179 3655 homines
1216 3597 1487 3660 docuerit,
1526 3605 1619 3652 aut
1652 3598 1743 3668 qui
1775 3597 2004 3651 nonnul-

417 3695 483 3748 :is
517 3694 672 3764 leges.
693 3693 924 3757 dederit,
981 3699 1040 3746 ut
1065 3690 1336 3748 matribus
1367 3706 1430 3745 ac
1460 3689 1676 3746 ﬁliabus
1704 3690 2000 3745 misceren-

417 3799 525 3855 tur,
557 3796 652 3842 aut
688 3787 783 3857 qui
821 3803 916 3842 eos
950 3788 1039 3858 qui
1083 3787 1522 3851 consenuissent,
1571 3784 1800 3840 canibus
1833 3785 2002 3856 proji-

417 3898 561 3946 cere,
592 3883 751 3953 quasi
785 3897 900 3937 rem
935 3881 1133 3937 bonam
1174 3881 1544 3951 imperaverit,
1580 3888 1674 3934 aut
1704 3880 1796 3949 qui
1841 3895 1999 3935 soroo

417 3990 506 4029 res
558 3974 761 4029 habere
809 3973 865 4027 in
912 3973 1263 4028 matrimonio
1313 3972 1648 4043 permiserit,
1693 3979 1787 4025 aut
1819 3987 2000 4029 mares

416 4067 661 4124 maribus
691 4067 1061 4122 commisceri.
1093 4065 1159 4121 Et
1180 4066 1312 4137 quid
1339 4081 1425 4121 me
1465 4073 1700 4138 Oportet,
1732 4066 2003 4120 narratio~

417 4177 523 4217 nes.
552 4176 582 4215 a
622 4160 836 4232 legibus
874 4168 929 4216 et
969 4160 1116 4214 omni
1152 4161 1277 4230 jure
1310 4161 1519 4216 alienas
1564 4161 1631 4216 de
1665 4160 1734 4216 iis
1763 4175 1884 4232 quae
1911 4167 2004 4213 aut

417 4251 561 4322 apud
584 4249 824 4317 Graecos,
856 4259 950 4305 aut
972 4251 1115 4322 apud
1150 4251 1422 4310 barbaros.
1447 4250 1667 4317 ﬁerent,
1689 4266 2000 4318 numerare,

418 4351 477 4396 ut
503 4351 757 4401 auctores
783 4344 908 4399 illos
933 4343 1281 4400 oraculorum
1314 4344 1614 4410 mirabiles,
1643 4344 1786 4415 apud
1817 4355 1998 4401 utros-

2103 3050 2392 3120 ὠφέλειαν,
2433 3053 2527 3106 ἐπὶ
2568 3052 2665 3125 τὴν
2707 3053 2978 3126 βάρϐαρον
3015 3052 3322 3106 ἐστέλλοντο
3361 3053 3483 3122 γῆν,
3515 3054 3687 3122 ἐμπο-

2109 3141 2229 3213 ρίαν
2274 3128 2613 3214 μαθημάτων
2647 3143 2844 3210 ἔξωθέν
2885 3142 3047 3196 ποθεν
3083 3141 3472 3214 ἐρανιζόμενοι,
3512 3141 3686 3213 παρὸν

2101 3235 2441 3300 διδασκάλοις
2465 3239 2578 3301 τοῖς
2601 3237 2743 3301 θεοῖς
2773 3237 3039 3309 χρῆσθαι;
3070 3235 3217 3290 Θεῶν
3252 3235 3360 3307 γὰρ
3394 3235 3426 3306 ἢ
3455 3234 3549 3287 καὶ
3567 3233 3683 3286 δαι-

2105 3328 2281 3400 μόνων
2305 3330 2523 3399 ἀγαθῶν
2557 3330 3023 3402 χρηματιζόντων,
3051 3330 3146 3383 καὶ
3179 3328 3307 3382 τοτὲ
3345 3327 3442 3398 μὲν
3467 3325 3552 3379 διὰ
3586 3325 3685 3396 τῆς

2102 3423 2464 3498 προγνώσεως
2503 3425 2594 3478 καὶ
2634 3423 2734 3494 τῆς
2781 3422 2948 3494 ἄλλης
2985 3420 3437 3493 παραδοξοποιίας
3473 3419 3571 3492 τὴν
3605 3418 3685 3472 ol-

2101 3521 2254 3576 κείαν
2289 3519 2516 3588 δύναμιν
2557 3516 3028 3586 παραφαινὸντων,
3065 3513 3187 3566 τοτὲ
3211 3513 3266 3567 δὲ
3287 3513 3376 3566 διὰ
3407 3514 3507 3584 τῆς
3529 3513 3684 3567 ἀδια-

2103 3610 2313 3666 πτὼτου
2347 3609 2454 3663 τῶν
2494 3608 2831 3680 μαθημάτων
2871 3605 3127 3678 ἀληθείας
3159 3606 3256 3676 τὴν
3281 3603 3453 3675 ἀληθῆ
3491 3604 3684 3673 σοφίαν

2101 3701 2546 3762 ἐκδιδασκόντων,
2583 3699 2635 3753 τί
2667 3700 2784 3753 ποτ’
2813 3693 2880 3770 ἦν
2913 3699 3021 3770 ἄρα
3045 3697 3106 3750 τὸ
3150 3696 3222 3771 μὴ
3255 3695 3463 3760 τούτοις
3504 3694 3682 3767 μαθη-

2100 3794 2357 3865 τευθῆναι
2396 3793 2700 3863 φιλοσόφων
2734 3791 2947 3855 παῖδας,
2983 3789 3156 3844 ἀλλων
3193 3789 3250 3842 δὲ
3291 3789 3384 3842 ἀπ’
3408 3787 3566 3842 ἄλλου
3594 3787 3682 3840 δο-

2102 3885 2326 3956 γμάτων
2358 3884 2519 3938 τινῶν
2546 3881 2785 3946 ἐπινοίας
2811 3881 3201 3955 ποριζομένων,
3237 3884 3300 3935 ἐκ
3334 3881 3432 3952 τῆς
3467 3881 3684 3952 μακρᾶς

2103 3977 2398 4047 διαφωνίας
2445 3976 2694 4040 ποικίλας
2741 3974 2982 4045 αἱρέσεις
3028 3973 3332 4044 φιλοσόφων
3382 3973 3685 4044 συστῆναις

2115 4067 2254 4120 Ἀλλ’
2301 4070 2350 4121 εί
2391 4066 2465 4139 μὴ
2509 4070 2794 4139 προσεῖχον
2822 4066 3006 4128 αὐτοῖς
3037 4066 3086 4118 οἱ
3115 4064 3299 4118 πολλοὶ
3334 4065 3442 4118 τῶν
3478 4064 3688 4137 ἀνθρώμ-

2104 4178 2242 4226 πων,
2272 4160 2398 4224 τοὺς
2423 4160 2667 4223 εὐσεϐεῖς
2700 4158 2746 4212 δ’
2764 4155 2854 4211 οὖν
2881 4158 2976 4211 καὶ
3020 4156 3160 4220 θεοῖς
3190 4157 3514 4229 προσιόντας
3549 4157 3687 4230 χρῆν

2102 4252 2277 4323 δήπου
2310 4251 2371 4304 τὸ
2402 4250 2736 4305 ἀδιάπτωτον
2775 4251 2839 4303 ἐκ
2869 4250 2968 4321 τῆς
2993 4249 3100 4302 τῶν
3124 4247 3259 4302 θεῶν
3285 4248 3557 4317 ὠφελείας
3585 4264 3684 4302 πε-

2105 4343 2381 4416 πορίσθαι.
2421 4341 2578 4405 Τίνες
2614 4337 2706 4394 οὖν
2739 4334 2917 4405 οὗτοι;
2964 4338 3057 4402 οὒς
3083 4338 3191 4410 γὰρ
3216 4337 3280 4392 ἀν
3311 4341 3439 4409 φῇς,
3464 4337 3688 4402 τούτους

419 4449 526 4502 quo
572 4450 683 4488 non
724 4435 878 4498 deos,
932 4434 1025 4490 sed
1059 4449 1255 4506 pravos
1287 4449 1352 4488 ac
1390 4435 1686 4491 sceleratos
1726 4435 2000 4491 daamones

2108 4435 2464 4506 ἀπελέγχουσι
2510 4433 2894 4503 πλανωμένους
2934 4432 2985 4484 οἱ
3037 4430 3486 4498 ἀντιδοξάζοντες.
3528 4428 3690 4482 Ἀλλά

419 4524 591 4582 fuisse
613 4526 1027 4582 demonstrem?
1050 4527 1253 4598 quippe
1271 4527 1363 4598 qui
1388 4527 1826 4588 infelicissimum
1859 4545 2006 4583 mor-

418 4616 610 4672 talium
644 4633 839 4689 genus,
875 4615 931 4671 in
959 4618 1331 4674 absurditates
1373 4619 1439 4672 ab
1466 4621 1614 4680 omni
1655 4627 1849 4674 natura
1874 4620 2006 4674 alie-

420 4723 524 4763 nas
553 4708 888 4778 conjecerint
917 4710 1170 4780 :quando
1201 4725 1270 4764 ne
1302 4709 1378 4763 dii
1404 4711 1624 4780 quidem
1654 4711 1731 4766 illi
1757 4719 1810 4766 et
1831 4719 2002 4776 vates,

419 4801 512 4870 qui
547 4800 691 4871 apud
722 4800 944 4857 Graacos
980 4801 1116 4855 fama
1169 4803 1538 4870 celebrantur,
1571 4813 1631 4858 ut
1661 4805 2004 4864 conducibile

419 4893 716 4963 quidquam
749 4903 802 4949 et
828 4911 930 4950 suo
960 4895 1131 4966 pretio
1153 4896 1558 4962 aestimandum,
1587 4898 1654 4953 ad
1677 4900 1870 4954 anima:
1897 4900 2005 4953 uti-

421 4988 630 5040 litatem
669 4987 736 5041 iis
785 4988 1133 5050 tradiderint,
1166 4988 1259 5058 qui
1291 4989 1357 5042 ad
1403 4991 1624 5044 oracula
1656 4991 2001 5059 accederent,

421 5078 788 5135 demonstrari
821 5081 1073 5150 possint?
1101 5080 1213 5136 Cur
1246 5083 1391 5136 enim
1421 5099 1659 5153 unquam
1701 5082 1876 5139 Graeci
1905 5085 2004 5138 ho.-

419 5173 620 5237 mines,
650 5172 840 5226 relicto
864 5173 1083 5228 illorum
1129 5191 1255 5238 usu,
1296 5175 1583 5230 barbaram
1617 5183 1818 5231 terram
1853 5185 2003 5246 pete-

416 5284 476 5324 rc
515 5265 666 5321 soliti
714 5271 878 5330 sunt,
930 5273 990 5320 ut
1036 5275 1400 5322 mercatorum
1444 5269 1650 5332 instar,
1685 5270 2005 5340 disciplinas

418 5359 771 5416 extrinsecus
809 5357 1030 5414 aliunde
1058 5361 1465 5430 conquirerent,
1503 5377 1626 5416 cum
1663 5361 1716 5415 in
1756 5364 2006 5432 proximo

417 5463 611 5508 essent
665 5452 740 5506 dii
790 5453 992 5524 quibus
1035 5453 1315 5523 magistris
1372 5455 1703 5509 uterentur?
1757 5453 1813 5508 Si
1861 5455 2005 5509 enim

415 5547 485 5599 dii
552 5555 645 5601 aut
693 5547 854 5602 etiam
928 5546 1057 5600 boni
1117 5547 1394 5603 dtcmones
1449 5547 1907 5620 respondissent,
1953 5554 2006 5602 et

419 5638 561 5694 alias
577 5639 795 5707 quidem
823 5639 1253 5695 divinationibus
1279 5641 1510 5709 aliisque
1533 5641 1814 5698 miraculis
1829 5648 2006 5696 osten-

495 5735 570 5806 (1)
619 5733 777 5789 Οὐδ’.
821 5732 982 5788 Forte
1015 5735 1134 5786 οὐκ.
1168 5733 1324 5788 Eun.

2107 4528 2236 4600 γὰρ,
2265 4527 2340 4592 ὡς
2373 4527 2538 4592 ἔοικε,
2570 4525 2839 4596 δαιμόνων
2866 4521 2935 4596 ἦν
2973 4524 3220 4597 μαντεία,
3259 4523 3420 4596 μέχρι
3453 4522 3688 4577 κλέπτου

2110 4623 2320 4693 φωρᾶς,
2350 4620 2382 4692 ἦ
2430 4619 2659 4683 σκεύους
2683 4617 2977 4682 ἀπωλείας,
3029 4618 3062 4689 ἥ
3087 4634 3233 4680 τινος
3257 4615 3414 4670 ἄλλου
3446 4615 3688 4671 τοιούτου

2108 4713 2397 4782 φθάνοντα,
2420 4707 2494 4765 ὧν
2525 4712 2627 4768 οὐκ
2658 4710 2883 4774 ἀπεικὸς
2913 4706 2980 4781 ἦν
3001 4709 3217 4772 αὐτοὺς,
3250 4709 3306 4760 ἐν
3337 4708 3415 4780 τῷ
3441 4708 3568 4779 περὶ
3585 4707 3690 4776 γῆν

2107 4805 2230 4879 ἀέρι
2263 4803 2362 4868 τὰς
2391 4802 2674 4876 διατριϐὰς
2701 4801 3077 4873 ποιουμένους,
3111 4801 3210 4872 τὴν
3232 4800 3434 4872 εἴδησιν
3455 4797 3690 4875 ἐσχηκέο

2106 4916 2226 4960 ναιο
2269 4896 2432 4952 καλοῦ
2465 4897 2522 4950 δὲ
2573 4897 2666 4958 καὶ
2713 4894 2876 4965 σοφοῦ
2923 4893 3146 4966 μηδενὸς
3199 4892 3499 4963 ἐπηϐόλους
3549 4888 3690 4944 εἶναι

2106 4992 2373 5063 δόγματος
2420 4989 2729 5060 φιλοσόφου,
2790 4989 2864 5061 μὴ
2895 4987 3186 5052 πολιτείας,
3233 4985 3307 5056 μὴ
3343 4984 3503 5054 νόμου
3544 4981 3694 5054 ὀρθῷ

2107 5083 2249 5155 λόγῳ
2269 5084 2520 5155 κειμένου
2541 5101 2552 5112 ·
2581 5081 2778 5154 μᾶλλον
2805 5081 2882 5146 δὲ,
2906 5082 2954 5134 εί
2981 5079 3084 5151 χρὴ
3113 5077 3373 5150 ἐλευθέρᾳ
3404 5079 3555 5147 φωνῇ
3587 5075 3684 5128 τά-

2107 5177 2268 5250 ληθὲς
2302 5179 2495 5240 εἰπεῖν,
2532 5176 2753 5238 τούτους
2785 5174 3029 5236 ἅπαντας
3052 5172 3395 5244 ἀρχεκάκους
3433 5168 3682 5250 ηγεῖσθαι

2108 5273 2242 5347 χρῆν
2265 5270 2575 5340 γεγονέναι·
2599 5270 2648 5321 οἱ
2681 5268 2744 5340 δὴ
2775 5266 2909 5338 περὶ,
2927 5263 3075 5335 σφῶν
3103 5263 3300 5328 αὐτῶν,
3328 5263 3571 5333 μοιχείας
3592 5262 3689 5316 καὶ

2107 5359 2508 5436 ἀρρενομιξίας,
2568 5357 2948 5430 μητρογαμίας
2999 5371 3079 5417 τε,
3124 5353 3219 5406 καὶ
3259 5351 3500 5420 ἀδελφῶν
3531 5349 3691 5402 ἐκθέ-

2111 5474 2279 5529 σμους
2310 5453 2610 5517 κοινωνίας,
2637 5451 2731 5505 καὶ
2757 5447 2955 5520 μυρίας
2973 5447 3134 5511 ἄλλας
3161 5445 3474 5516 θεομαχίας,
3494 5442 3692 5514 ἔχθρας

2108 5567 2165 5604 τε
2224 5551 2315 5603 καὶ
2371 5547 2638 5618 πολέμους
2696 5544 2831 5598 θεῶν
2882 5543 3018 5615 πρὸς
3069 5540 3243 5603 θεοὺς,
3288 5536 3588 5609 ἀνθρώπων
3629 5553 3689 5588 τε

2109 5642 2272 5715 ᾠδαῖς
2325 5643 2415 5696 καὶ
2467 5639 2656 5712 ὕμνοις
2701 5639 2792 5692 καὶ
2834 5637 3150 5715 διηγήμασι,
3190 5631 3502 5704 μυστηρίων
3536 5645 3596 5683 τε
3631 5629 3688 5682 ἐν
