4100 6430
365 429 473 484 541

1247 421 1898 481 DEMONSTRATIONIS
1936 381 2389 475 ﬂammea:
2429 416 2556 474 LIB.
2595 417 2661 475 v.

3507 423 3614 478 342

361 549 694 619 ἀπορρήτοις
751 547 990 611 τελεταῖς
1042 547 1302 617 λεγόντων
1355 546 1711 618 ἀκροιὶιμενοι.
1757 545 1933 608 Οὐδεὶς

2043 543 2255 599 dissent
2293 543 2402 596 vim
2440 557 2626 609 suam,
2668 539 2804 595 alias
2839 556 2967 596 vero
2993 556 3060 598 ex
3093 541 3369 599 constanti
3419 549 3472 597 et
3517 559 3617 599 ne-

359 639 494 707 γοῦν
529 638 706 692 αὐτῶν
733 639 950 692 πώποτε
977 640 1066 692 ἐπὶ
1093 641 1204 701 τοῖς
1235 637 1562 710 εἰρημένοις,
1596 637 1670 699 ὡς
1696 637 1781 688 ἐπ’
1810 638 1937 689 ἀκο-

358 731 600 795 λάστοις,
653 733 748 785 καὶ
802 731 936 802 μηδὲ
985 730 1255 802 σώφροσιν
1305 728 1608 800 ἀνθρώποις
1639 726 1935 798 ἁρμόζουσι

362 823 580 892 φρονεῖν
613 821 648 892 ἢ
680 820 858 889 λέγειν
890 819 958 874 τὰ
983 820 1222 884 τοιαῦτα,
1257 820 1642 889 ἀγανακτήσας
1669 817 1931 887 φαίνεται.

360 916 471 968 Καὶ
503 915 555 966 τί
583 931 652 984 με
681 915 787 986 χρὴ
814 914 1190 978 διατείνεσθαι,
1226 913 1396 984 παρὸν
1423 912 1481 977 ἐξ
1507 912 1627 976 ἐνὸς
1659 911 1752 964 τοῦ
1784 912 1936 982 μεγί-

365 1022 488 1057 στου
519 1006 958 1075 παραδείγματος
999 1006 1060 1058 τὸ
1107 1006 1252 1075 ὠμὸν
1289 1005 1382 1058 καὶ
1417 1003 1798 1076 ἀπάνθρωπον,
1842 1002 1936 1056 καὶ

363 1096 438 1157 ὡς
458 1096 675 1167 ἀληθῶς
705 1096 1028 1168 μιαρὸν-τῶν
1059 1096 1400 1167 δηλουμένων
1427 1099 1684 1168 συνορᾷν;
1712 1095 1854 1164 λέγω
1877 1094 1933 1147 δὲ

361 1188 426 1238 ἐκ
474 1186 576 1256 τῆς
618 1186 1079 1258 ἀνθρωποθυσίας.
1136 1188 1208 1240 Τὸ
1261 1185 1368 1258 γὰρ
1412 1187 1484 1258 μὴ
1534 1188 1690 1258 μόνον
1727 1187 1934 1256 ἀλόγων

361 1275 516 1339 ζώων
574 1281 810 1346 σφαγαῖς
863 1279 1097 1350 χαίρειν,
1145 1277 1281 1332 ἀλλὰ
1332 1280 1426 1332 καὶ
1483 1278 1784 1350 ἀνθρώπων
1829 1279 1935 1331 ἀπ-

358 1369 598 1434 ωλείαις,
614 1370 765 1432 ποίας
777 1369 1056 1441 ὠμότητος
1071 1370 1374 1442 ὑπερϐολὴν
1397 1371 1494 1441 οὐχ
1508 1370 1898 1442 ὑπερηκόντισε
1915 1387 1928 1434 ;

355 1462 529 1515 ταῦτα
575 1463 682 1534 γὰρ
722 1460 812 1534 ἦν,
842 1463 916 1525 ῶς
947 1462 1102 1534 ἔφην,
1127 1463 1194 1517 τὰ
1228 1463 1315 1517 διὰ
1350 1465 1448 1535 τῆς
1475 1463 1931 1535 προπαραηευῆς

359 1553 416 1617 ἐξ
435 1551 614 1606 αὐτῶν
644 1552 754 1606 τῶν
792 1551 1114 1623 Ἑλληνικῶν
1143 1551 1440 1620 φιλοσόφων
1474 1567 1531 1602 τε
1563 1551 1656 1604 καὶ
1691 1565 1931 1619 συγγρα-

359 1640 504 1706 φέων
544 1640 1008 1712 μεμαρτυρημένα
1030 1658 1042 1670 ο
1079 1638 1139 1704 ἐξ
1172 1633 1248 1695 ὧν
1284 1641 1377 1692 καὶ
1416 1640 1648 1711 μάλιστα
1681 1639 1931 1710 δαίμονες

355 1733 508 1797 ὄντες
534 1735 759 1805 πονηροὶ
807 1733 1160 1798 πολυπλόκοις
1203 1736 1486 1804 μηχαναῖς,
1525 1734 1644 1786 τοτὲ
1682 1733 1778 1802 μὲν
1811 1737 1931 1798 ταῖς

355 1825 447 1878 διὰ
482 1826 768 1897 μαντειῶν,
802 1827 922 1880 τοτὲ
948 1827 1004 1880 δὲ
1030 1829 1149 1890 ταῖς
1173 1827 1238 1880 δι’
1258 1827 1461 1880 οἰωνῶν
1492 1827 1524 1898 ἢ
1563 1826 1864 1897 συμϐόλων,
1894 1827 1927 1898 ἢ

356 1916 634 1986 θυμάτων,
671 1917 704 1988 ἢ
754 1918 863 1971 τῶν
915 1918 1334 1990 παραπλησίων,
1361 1919 1422 1971 τὸ
1453 1916 1787 1988 ἀνθρώπειον
1818 1919 1934 1971 δια-

357 2009 680 2080 στρέφοντες
705 2011 860 2079 γένος
891 2011 1212 2065 δείκνυνται.
1246 2012 1443 2082 Διόπερ
1475 2011 1811 2080 ἀποφαντέον
1845 2011 1934 2064 αὑ-

352 2100 466 2153 τῶν
499 2101 566 2153 τὰ
605 2102 912 2172 χρηστήρια
971 2101 1044 2172 μὴ
1089 2099 1183 2154 τοῦ
1237 2101 1328 2154 ἐπὶ
1375 2099 1592 2154 πάντων
1649 2100 1930 2170 γεγονέναι

353 2191 513 2244 Θεοῦ.
578 2192 784 2246 Οὐκοῦν
843 2193 964 2245 οὐδὲ
1013 2193 1320 2266 συγκρίνειν
1355 2191 1494 2246 αὑτά
1519 2194 1630 2256 τοῖς
1667 2191 1930 2265 Ἑϐραίων

353 2285 661 2354 προφήταις
694 2283 908 2355 θεμιτὸν
955 2285 1018 2339 ἂν
1055 2284 1162 2356 εἴη,
1189 2278 1262 2338 ὧν
1294 2287 1322 2338 ὁ
1362 2285 1575 2356 πρῶτος
1610 2283 1931 2354 ἱεροφάντης

350 2377 449 2428 καὶ
477 2376 724 2444 θεολόγος
756 2377 992 2446 γεγονὼς
1024 2378 1244 2448 Μωσῆς,
1288 2377 1384 2431 θέα
1426 2378 1565 2430 ὅσων
1600 2375 1821 2445 ἀγαθῶν
1849 2376 1943 2448 τῷ-

350 2467 455 2541 βίῳ
487 2468 772 2539 παραίτιος
799 2469 1055 2539 κατέστη.

2043 638 2278 694 cessaria
2324 635 2736 705 disciplinarum
2766 633 3014 693 veritate.
3067 649 3252 689 veram
3295 633 3613 690 docuissent

2044 728 2398 798 sapientiam,
2448 726 2578 797 quid
2627 722 2844 778 tandem
2890 724 3276 794 impedimento
3319 725 3511 780 fuisset
3546 743 3613 779 ne

2043 820 2110 874 ab
2157 819 2265 875 illis
2305 818 2754 889 philosophorum
2797 815 2890 871 [iiii
2938 816 3389 880 instituerentur,
3435 825 3495 872 ut
3537 819 3611 872 ita

2043 911 2151 966 illis
2197 911 2496 974 institutis,
2542 924 2809 979 nusquam
2850 907 2968 962 alia
3015 908 3084 962 ab
3121 909 3242 965 aliis
3282 909 3609 978 opiniones,

2042 1001 2161 1056 alia
2209 1003 2522 1062 sententia,
2569 1001 2676 1054 alia
2729 998 2948 1056 decreta
3007 998 3392 1063 traderentur,
3436 1014 3614 1068 neque

2042 1109 2275 1148 veroex
2330 1094 2490 1163 longa
2539 1091 2890 1156 diversitate,
2943 1091 3107 1144 varia
3162 1090 3612 1160 philosophorum

2041 1195 2205 1241 secta
2249 1184 2646 1240 nascerentur?
2691 1183 2846 1249 Quod
2902 1183 2947 1236 si
2993 1181 3115 1236 illos
3166 1181 3444 1252 popularis
3496 1190 3614 1237 tur—

2039 1276 2108 1331 ba
2151 1293 2258 1331 non
2300 1275 2653 1338 attendebat,
2707 1283 2762 1328 at
2820 1275 3012 1329 saltem
3076 1273 3182 1342 piis
3239 1274 3614 1345 religiosisque

2039 1363 2372 1429 hominibus,
2405 1364 2499 1434 qui
2523 1363 2645 1418 illos
2667 1361 3037 1425 consulerent,
3062 1369 3404 1416 constantem
3428 1377 3616 1432 quam-

2039 1457 2162 1512 dam
2192 1456 2496 1510 doctrinam
2515 1499 2529 1522 ,
2560 1455 2823 1510 beneficio
2852 1454 3068 1507 illorum
3102 1453 3436 1523 suppeditari
3459 1471 3617 1525 opor-

2039 1547 2203 1603 tebat.
2235 1548 2397 1619 206
2427 1547 2528 1602 Sed
2558 1549 2651 1619 qui
2683 1556 2812 1602 sunt
2831 1546 2884 1599 hi
2909 1544 3165 1600 tandem?
3189 1560 3311 1600 nam
3339 1562 3618 1616 quoscun-

2036 1655 2143 1712 que
2171 1640 2378 1696 diseris
2417 1641 2575 1706 tales,
2610 1655 2705 1695 eos
2741 1648 2800 1694 ut
2833 1649 3082 1696 errantes
3120 1640 3458 1711 redarguunt
3485 1641 3612 1712 qui~

2037 1747 2252 1803 cunque
2283 1732 2496 1788 diversa
2530 1742 2626 1787 aut
2655 1732 2930 1788 contraria
2961 1733 3221 1788 sentiunt.
3256 1733 3524 1790 Caterum
3553 1742 3616 1789 ut

2037 1840 2136 1895 par
2183 1831 2287 1887 est,
2335 1823 2640 1878 daemonum
2683 1831 2842 1879 erant
2888 1824 3144 1890 oracula,
3176 1841 3298 1895 qua
3328 1841 3501 1897 usque
3543 1825 3613 1881 ad

1963 1900 2173 1971 Bfuris
2232 1915 2696 1985 compilationem,
2757 1927 2851 1970 aut
2897 1916 3249 1986 supellectilis
3303 1917 3608 1983 interitum,

2037 2016 2130 2061 aut
2170 2006 2316 2060 aliud
2349 2006 2627 2077 quidpiam
2656 2008 2898 2078 ejusdem
2929 2009 3146 2080 generis
3176 2009 3284 2063 vim
3317 2025 3471 2064 suam
3494 2025 3616 2080 por-

2034 2101 2294 2170 rigerent,
2327 2115 2560 2169 quarum
2587 2115 2720 2156 sane
2758 2115 2942 2156 rerum
2978 2100 3120 2154 haud
3167 2101 3488 2158 incredibile
3529 2112 3614 2159 est

2034 2192 2178 2253 illos,
2217 2199 2404 2262 utpote
2435 2193 2529 2262 qui
2581 2193 2636 2247 in
2671 2194 2774 2248 hoc
2797 2209 2922 2249 aere
2952 2193 3043 2262 qui
3077 2201 3278 2249 terram
3305 2196 3493 2260 ambit,
3518 2212 3614 2251 va-

2035 2284 2150 2353 gari
2185 2283 2589 2349 consueverint,
2619 2284 2877 2341 habuisse
2909 2287 3222 2352 scientiam;
3253 2287 3495 2344 honestae
3515 2303 3614 2343 au—

2033 2383 2140 2431 tem
2171 2385 2369 2431 etcum
2407 2377 2672 2446 sapientia
2708 2377 3016 2447 conjuncta
3038 2378 3137 2442 rei,
3167 2379 3281 2434 sive
3331 2381 3614 2435 sententia

2033 2474 2195 2537 atque
2235 2467 2371 2522 artis
2421 2467 2735 2524 inventores
2769 2469 2960 2534 fuisse,
3009 2485 3288 2540 nunquam
3323 2471 3610 2538 ostendes;

349 2581 461 2621 non
495 2567 829 2635 reipublicae,
863 2580 972 2619 non
1014 2565 1148 2630 legis
1183 2580 1211 2618 a
1237 2572 1383 2619 recta
1444 2564 1652 2618 ratione
1715 2561 1990 2645 profecta,
2025 2578 2134 2617 non
2194 2561 2430 2618 instituti
2485 2562 2789 2632 cujuspiam
2843 2564 3133 2620 laudabilis
3171 2607 3184 2629 ,
3244 2565 3354 2620 imo
3383 2565 3510 2621 vero
3565 2567 3612 2621 si

347 2659 636 2728 aliquanto
693 2658 918 2713 liberius
975 2657 1156 2712 dicere
1200 2663 1455 2728 oportet,
1509 2655 1632 2710 illos
1683 2654 1925 2710 omnium
1966 2654 2232 2708 malorum
2277 2665 2529 2713 auctores
2572 2663 2627 2710 et
2687 2657 2963 2726 principes
3027 2657 3301 2712 exstitisse
3341 2657 3612 2713 aﬂirmare

348 2767 582 2808 necesse
639 2760 722 2807 est
791 2770 804 2805 :
865 2751 961 2821 qui
995 2749 1061 2806 de
1103 2749 1301 2820 seipsis
1345 2749 1647 2814 adulteria,
1687 2757 1741 2805 et
1779 2747 2084 2818 impudicos
2144 2750 2377 2804 marium
2432 2751 2677 2815 abusus,
2727 2759 2781 2804 et
2831 2766 2956 2806 cum
3004 2751 3272 2805 matribus
3349 2761 3400 2806 et
3455 2767 3610 2808 soro-

349 2849 507 2903 ribus
552 2846 808 2918 nuptias,
863 2843 1298 2915 concubitusque
1337 2842 1615 2910 nefarios,
1679 2849 1734 2897 et
1796 2842 1901 2896 alia
1952 2840 2370 2898 innumerabilia
2401 2859 2522 2914 qua
2554 2844 2780 2898 deorum
2821 2853 3032 2899 natura
3083 2845 3462 2910 adversantur,
3500 2847 3607 2902 iui-

352 2940 704 3009 micitiasque
731 2945 785 2994 et
805 2938 943 2994 bella
965 2935 1190 2992 deorum
1240 2933 1504 2990 adversus
1539 2933 1784 2999 deos,,in
1834 2933 2076 3002 ipsorum
2135 2933 2416 2989 hominum
2476 2935 2707 2992 canticis
2759 2943 2924 3006 atque
2954 2936 3170 3007 hymnis
3199 2945 3254 2992 et
3290 2938 3609 2993 narrationi'

351 3039 457 3094 bus
481 3045 537 3094 et
569 3052 854 3094 sacrorum
884 3035 1102 3091 arcanis
1131 3033 1352 3099 ritibus,
1387 3032 1519 3089 ferri
1563 3048 1674 3088 non
1699 3038 2038 3095 recusarent,
2077 3045 2142 3086 ac
2181 3032 2362 3102 potius
2395 3033 2754 3090 libentissime
2796 3033 3067 3088 audirent.
3118 3033 3280 3089 Certe
3329 3049 3610 3105 nunquam

350 3147 542 3188 eorum
584 3133 875 3204 quisquam
926 3146 986 3186 se
1033 3137 1226 3186 contra
1273 3129 1536 3184 homines.
1567 3126 1938 3198 indignatione
1966 3135 2278 3196 correptum
2313 3128 2577 3192 ostendit,
2608 3127 2970 3199 quod'qualia
3013 3127 3157 3182 dicta
3190 3141 3218 3180 a
3253 3127 3411 3183 nobis
3458 3136 3607 3193 sunt,

354 3229 485 3282 talia
519 3229 655 3298 ipsis
683 3235 776 3282 aut
811 3225 1139 3298 cogitando,
1181 3232 1286 3280 aut
1320 3223 1560 3280 dicendo
1582 3223 1740 3294 quasi
1799 3221 2044 3292 nequitia
2095 3222 2280 3291 plena,
2337 3239 2520 3296 neque
2579 3225 2690 3278 ulla
2726 3221 2993 3278 modestia
3036 3221 3235 3278 referta
3279 3222 3608 3278 tribuerunt.

355 3322 422 3377 Et
454 3323 586 3394 quid
618 3338 705 3378 me
732 3328 948 3393 oportet
974 3321 1223 3376 oratione
1255 3320 1507 3390 progredi
1531 3319 1784 3390 longius?
1837 3332 1963 3372 cum
1997 3316 2157 3388 plane
2207 3317 2276 3373 de
2307 3319 2694 3375 uno-omnium
2729 3319 3100 3389 exemplorum
3159 3318 3420 3382 maximo,
3451 3319 3608 3374 liceat

356 3421 411 3470 et
446 3413 822 3468 crudelitatem
861 3411 1333 3469 etimmanitatem
1377 3417 1432 3465 et
1471 3416 1672 3465 tetrum
1735 3423 1796 3464 re
1852 3425 1980 3464 vera
2014 3411 2325 3468 institutum
2375 3409 2592 3464 illorum
2637 3409 2869 3464 intueri?
2902 3408 3024 3464 dico
3055 3416 3236 3464 autem
3261 3408 3330 3465 de
3361 3419 3612 3463 mactan-

357 3508 553 3562 dorum
576 3507 874 3562 hominum.
918 3507 1048 3562 ritu.
1097 3504 1253 3571 Quod
1308 3504 1453 3561 enim
1506 3520 1616 3558 non
1669 3503 1846 3559 solum
1900 3506 2189 3560 brutorum
2245 3503 2563 3560 animalium
2637 3502 2921 3560 sacrificiis
2988 3503 3329 3575 gauderent,
3416 3517 3605 3558 verum

355 3600 520 3654 etiam
552 3598 832 3654 hominum
880 3601 1124 3670 ipsorum
1175 3599 1418 3663 interitu,
1451 3597 1610 3668 cujus
1667 3597 1886 3654 tandem
1945 3599 2285 3656 crudelitatis
2345 3612 2630 3654 excessum
2690 3613 2798 3652 non
2850 3597 3241 3668 superaverit?
3295 3595 3420 3651 Hac
3465 3596 3611 3650 enim

355 3699 536 3758 erant,
569 3697 631 3745 ut
664 3691 798 3757 dixi,
833 3707 954 3762 qua
991 3691 1050 3746 in
1096 3692 1493 3762 praeparatione
1551 3700 1607 3746 et
1648 3691 1956 3763 philosophi
1995 3700 2048 3747 et
2105 3692 2350 3748 historici
2407 3690 2549 3762 apud
2583 3688 2802 3745 Gracos
2835 3691 3112 3745 memoria
3145 3689 3480 3761 prodiderint
3506 3707 3519 3742 :
3545 3704 3611 3744 ex

347 3772 557 3858 quibus
594 3789 832 3844 maxime
874 3803 1038 3858 quam
1092 3788 1387 3856 perniciosi
1443 3787 1554 3843 sint
1611 3787 1924 3853 damones,
1964 3803 2238 3859 quamque
2287 3785 2681 3857 multiplicibus
2724 3785 3012 3849 machinis,
3067 3786 3228 3841 modo
3247 3785 3462 3856 quidem
3488 3800 3614 3839 ora-

356 3883 562 3947 culum,
600 3883 762 3938 modo
793 3884 1338 3955 veroauspiciorum,
1370 3892 1463 3938 aut
1497 3884 1798 3955 signorum,
1833 3892 1927 3939 aut
1960 3885 2298 3948 hostiarum,
2341 3893 2435 3938 aut
2465 3884 2696 3938 aliorum
2740 3881 3018 3948 similium,
3065 3882 3346 3937 hominum
3392 3897 3614 3953 perver-

357 3985 478 4031 tant
541 3985 705 4048 atque
765 3979 1043 4049 implicent
1102 3995 1314 4050 genus,
1391 3979 1927 4037 demonstrabantur.
1969 3980 2150 4048 Quare
2198 3980 2612 4043 aﬂirmandum,
2664 3979 2878 4034 illorum
2937 3979 3215 4033 oraculum
3269 3993 3609 4049 nequaquam

357 4084 670 4140 supremum
702 4071 870 4128 Deum
901 4081 1176 4129 auctorem
1205 4073 1486 4129 habuisse.
1522 4074 1708 4146 Neque
1761 4077 1926 4147 igitur
1958 4076 2048 4130 illa
2111 4076 2389 4147 prophetis
2448 4074 2798 4130 Hebraeorum
2863 4087 3180 4143 comparare
3213 4072 3294 4128 fas
3329 4081 3435 4139 est,
3475 4089 3612 4144 quo-

357 4181 481 4220 rum
526 4168 736 4237 primus
784 4168 1030 4234 initiator
1072 4184 1136 4224 ac
1173 4169 1462 4241 theologus
1516 4171 1727 4227 exstitit
1790 4171 1986 4227 Moses.
2027 4171 2129 4238 Qui
2190 4171 2409 4242 quidem
2461 4177 2791 4244 quantorum
2840 4168 3190 4237 qualiumque
3236 4167 3501 4221 bonorum
3557 4167 3611 4220 in

356 4263 468 4318 vita
495 4273 684 4320 auctor
708 4262 890 4330 fuerit,
910 4264 1022 4335 jam
1049 4264 1176 4319 hinc
1199 4263 1357 4320 facile
1377 4266 1733 4336 contemplari
1762 4275 1938 4338 potes.

429 4377 649 4448 Πρῶτον
667 4380 764 4449 μὲν
782 4379 1065 4460 δογμάτων
1080 4379 1446 4449 εὐαγγελικῶν
1465 4381 1556 4434 καὶ
1572 4380 1787 4452 ἀληθῶν
1804 4400 1870 4437 πε
1877 4384 1930 4455 ρί

2102 4382 2262 4452 207
2276 4380 2519 4437 Primum
2538 4381 2858 4448 sententias,
2872 4379 3263 4451 Opinionesque
3274 4378 3612 4450 evangelica:

356 4467 453 4522 τοῦ
479 4469 702 4540 ποιητοῦ
731 4471 825 4523 καὶ
842 4469 1172 4543 δημιουργοῦ
1200 4471 1308 4525 τῶν
1336 4473 1590 4528 ἁπάντων
1619 4473 1778 4539 Θεοῦ,
1801 4474 1950 4547 περί⁴

356 4575 418 4612 τε
443 4558 537 4612 τοῦ
562 4559 816 4631 δευτέρου
851 4561 1024 4613 αἰτίου
1067 4560 1176 4614 τῶν
1231 4564 1347 4638 μετ’
1381 4563 1542 4617 αὑτὸν
1573 4564 1804 4633 λογικῶν
1837 4563 1932 4620 καὶ

359 4650 562 4722 νοερῶν
584 4650 802 4715 οὐσιῶν,
834 4652 961 4722 περί
993 4668 1053 4704 τε
1082 4655 1441 4724 κοσμογονίας
1466 4657 1559 4712 καὶ
1584 4655 1680 4709 ἀνθ
1690 4671 1932 4728 ρωπογο-

361 4743 479 4806 νίας
506 4742 726 4814 Γραφὴν
770 4742 920 4814 ἱερὰν
966 4742 1248 4809 ἐξέδωκεν,
1299 4743 1379 4797 ἔτι
1408 4762 1469 4798 τε
1519 4744 1626 4798 τῶν
1665 4744 1931 4798 θεοσεὸῶν

363 4834 600 4907 ἱστορίας
626 4834 734 4888 τῶν
765 4834 931 4888 πάλαι
959 4835 1219 4905 θεοφιλῶν
1257 4835 1546 4907 Ἐϐραίων,
1572 4837 1760 4909 ῶσπερ
1781 4836 1932 4902 τινὰς

359 4928 567 4998 ἀρετῶν
619 4928 830 4992 εἰκόνας
894 4927 1426 4998 ὐππυπωσάμενος,
1469 4931 1548 4992 εἰς
1608 4927 1769 4998 ζῆλον
1823 4929 1932 4982 τῶν

361 5017 579 5085 ἀγαθῶν
606 5018 814 5090 ἀνδρῶν
839 5019 965 5082 τοὺς
992 5018 1274 5090 ὑπηκόους,
1298 5019 1583 5090 ἀνεκίνησε
1603 5036 1616 5051 ·
1649 5021 1744 5073 καὶ
1773 5036 1932 5090 νομο-

362 5110 546 5174 θεσίας
596 5110 779 5164 ἐνθέου
813 5111 905 5164 καὶ
951 5110 1284 5182 καταλλήλου
1317 5114 1427 5174 τοῖς
1481 5112 1600 5164 τότε
1632 5111 1933 5183 χρωμένοις

361 5203 537 5270 τρωτὸς
583 5202 864 5274 ἀπήρξατο
914 5203 1120 5272 λόγων
1165 5207 1258 5258 καὶ
1302 5203 1596 5276 θρησκείας
1646 5203 1933 5267 θεοσεϐοῦς

361 5289 600 5359 πέφηνεν
649 5290 1012 5360 εἰσαγωγεύςο
1059 5294 1152 5346 καὶ
1202 5293 1295 5346 ἐπὶ
1349 5295 1485 5346 πᾶσι
1534 5292 1642 5346 τῶν
1704 5297 1934 5365 μακροῖς

362 5380 586 5452 ὕστερον
623 5383 836 5453 χρόνοις
867 5381 1084 5436 ἔσεσθαι
1131 5382 1429 5454 μελλόντων
1470 5384 1569 5447 τάς
1601 5385 1934 5456 προρρήσεις

360 5475 807 5546 ἀναπεφώνηκεν,
829 5477 904 5541 ῶς
933 5478 1126 5549 μικρὸν
1153 5477 1376 5550 ὕστερον
1407 5480 1931 5551 μνημονευθήσεται.

363 5567 474 5620 Καὶ
505 5568 743 5632 τοιοῦτος
780 5569 880 5639 μὲν
925 5561 1110 5634 οὗτοςο
1145 5570 1284 5624 κατά
1328 5569 1400 5625 τὰ
1454 5571 1596 5626 αὐτὰ
1642 5572 1700 5626 δὲ
1755 5573 1848 5626 καὶ
1885 5575 1934 5626 οξ

367 5662 482 5728 μετ’
510 5659 672 5714 αὑτὸν
714 5661 1005 5731 προφῆται,
1046 5663 1320 5736 πάρεργον
1381 5663 1511 5735 μὲν,
1555 5665 1708 5718 εἵπου
1733 5682 1785 5717 τι
1826 5664 1934 5718 τῶν

364 5752 655 5823 ἐφημέρων
689 5752 949 5823 ἐζητεῖτο,
991 5754 1263 5809 καὶτοῦτο
1296 5754 1591 5826 προῠλεγον
1642 5759 1752 5820 τοῖς
1793 5759 1929 5828 ἐρω-

365 5840 524 5894 τῶσι·
573 5842 632 5896 rb
680 5841 736 5895 δὲ
769 5841 1060 5912 κεφάλαιον
1111 5846 1206 5916 τῆς
1253 5847 1584 5918 προφητείας
1618 5847 1797 5911 αὐτοῖς
1841 5848 1951 5900 ἐπί

2033 4487 2098 4527 ac
2124 4488 2282 4528 veras
2337 4472 2584 4542 protulit,
2611 4471 2680 4526 de
2709 4470 2951 4526 omnium
2980 4485 3163 4526 rerum
3192 4476 3415 4524 auctore
3446 4477 3610 4539 atque

2031 4563 2225 4635 opifice
2251 4561 2391 4630 Deo;
2433 4571 2550 4617 tum
2573 4563 2642 4618 de
2667 4561 2910 4633 ejusdem
2935 4558 3072 4616 Filio
3093 4605 3106 4629 ,
3148 4559 3499 4616 rationalium
3529 4559 3615 4613 in-

2033 4656 2506 4727 telligentiumque
2544 4662 2864 4710 naturarum
2893 4663 3137 4714 auctore.
3164 4667 3352 4708 earum
3381 4651 3570 4722 utique
3595 4691 3611 4716 ,

2031 4766 2152 4821 qua
2183 4759 2306 4820 post
2353 4750 2532 4822 ipsum
2593 4749 2858 4806 exsistere
2909 4748 3325 4819 intelliguntur:
3370 4745 3498 4800 item
3548 4744 3616 4800 do

2033 4843 2221 4897 mundi
2275 4849 2438 4913 atque
2482 4843 2722 4898 hominis
2766 4843 3078 4905 creatione,
3133 4837 3475 4910 Scripturam
3527 4851 3616 4892 sa-

2033 4948 2182 4986 cram
2211 4934 2455 4990 exaravit
2499 4941 2663 5005 atque
2722 4934 2913 4989 edidit.
2948 4931 3388 4986 Pratereacum
3442 4927 3618 4982 histo-

2033 5024 2145 5079 rias
2173 5024 2550 5094 religiosorum
2601 5025 2882 5081 hominum
2908 5063 2924 5087 ,
2957 5031 3011 5078 et
3040 5021 3136 5093 qui
3181 5020 3310 5075 olim
3338 5017 3447 5072 Deo
3476 5017 3614 5088 grati

2035 5113 2176 5183 apud
2226 5112 2483 5170 Hebraos
2525 5115 2798 5178 vixerint,
2838 5113 2994 5185 quasi
3049 5109 3294 5183 quaedam
3354 5107 3615 5167 virtutum

2035 5205 2363 5275 exemplaria
2401 5206 2771 5276 expresserit,
2841 5219 2942 5262 eos
2967 5204 3058 5274 qui
3106 5202 3209 5257 sibi
3258 5199 3484 5255 dictanti
3520 5213 3618 5270 pa-

2034 5305 2252 5360 rerent,
2301 5299 2370 5357 ad
2410 5299 2767 5356 imitationem
2797 5299 3041 5352 virorum
3097 5297 3365 5351 bonorum
3401 5293 3615 5348 excita-

2034 5390 2134 5444 vit.
2172 5388 2299 5460 Legi
2333 5405 2462 5446 vero
2486 5390 2705 5452 divina,
2735 5397 2897 5461 atque
2943 5387 3011 5442 iis
3039 5387 3130 5459 qui
3167 5394 3300 5442 tunc
3332 5391 3616 5440 uterentur

2036 5477 2479 5543 accommodata,
2511 5480 2722 5549 primus
2749 5477 3015 5532 orationis
3064 5476 3409 5546 splendorem
3458 5473 3615 5530 adhi-

2036 5569 2154 5623 buit
2179 5569 2660 5640 adorationemque
2691 5569 2999 5640 religiosam
3038 5584 3102 5623 ac
3139 5583 3324 5623 veram
3361 5565 3615 5622 introdu-

2037 5660 2134 5714 xit.
2162 5659 2445 5716 Postremo
2478 5661 2565 5724 iis,
2595 5661 2686 5732 qui
2719 5674 2839 5733 post
2871 5678 2930 5718 se
2963 5662 3149 5716 multis
3183 5661 3398 5715 saeculis
3445 5657 3614 5716 futuri

2043 5763 2218 5820 erant,
2265 5755 2642 5824 pradictiones
2682 5756 3014 5818 enuntiavit,
3052 5755 3194 5810 sicut
3229 5753 3390 5823 paulo
3425 5758 3547 5820 post
3575 5737 3613 5802 ἐι

2043 5848 2200 5905 nobis
2259 5851 2816 5907 commemorabitur:
2857 5858 2908 5906 et
2957 5851 3044 5906 hic
3075 5849 3293 5915 quidem
3339 5847 3481 5904 talis.
3531 5842 3613 5897 Ad
