4100 6430
471 321 577 376 543

1039 322 1314 380 EUSEBII
1344 323 1822 380 CESARIENSIS
1861 323 2010 382 OPP.
2052 325 2258 382 PARS.
2294 323 2362 379 ll.
2401 355 2472 366 —
2503 324 3010 384 APOLOGETICA.

3617 331 3721 387 3M

472 433 722 490 eumdem
747 448 880 490 vero
907 429 1129 488 modum
1150 437 1312 492 etiam
1337 437 1615 507 prophetm
1635 439 1726 508 qui
1755 447 1876 508 post
1893 439 2020 492 illun

2153 437 2408 508 μεγάλοις
2465 438 2817 490 συνετελεῖτο.
2851 439 2926 491 Οὑ
2957 438 3066 509 γὰρ
3097 439 3190 492 ἐπὶ
3231 442 3455 512 μαντεία
3491 441 3600 494 τῶν
3628 444 3726 512 ἑφ-

467 529 819 584 exstiterunt.
882 529 1150 584 Caeterum
1194 539 1354 586 extra
1399 535 1734 601 prop0§tum
1765 533 2044 588 existime-

467 627 578 688 tur,
607 620 784 675 sicubi
813 636 1003 676 eorum
1035 622 1313 692 quidpiam
1352 639 1475 693 quae
1500 625 1552 676 in
1575 623 1718 678 diem
1755 627 1923 694 quaeri
1951 641 2043 680 so-

465 709 596 774 lent,
635 709 739 778 ipsi
771 709 1185 779 respondissent
1213 712 1648 770 sciscitantibus.
1690 712 1913 768 Summa
1938 731 2039 768 au-

462 809 570 856 tem
608 800 788 856 omnis
815 802 1030 857 illorum
1060 804 1358 874 prophetiae
1381 804 1436 858 in
1473 805 1636 860 rebus
1667 807 1878 877 magnis
1907 823 2037 861 con.

462 894 802 949 sumebatur.
835 894 951 949 Non
987 896 1132 950 enim
1166 897 1221 950 in
1248 897 1585 953 divinatione
1609 912 1791 951 rerum
1828 914 1952 968 quae
1984 899 2039 952 in

460 985 603 1040 diem
647 995 742 1042 aut
771 989 824 1044 in
859 1004 1098 1058 praesens
1148 998 1362 1060 tempus
1403 999 1804 1060 quaererentur,
1864 1006 2040 1061 neque

459 1079 646 1148 parvis
675 1088 768 1134 aut
802 1081 1099 1136 humilibus
1153 1083 1385 1152 negotiis
1438 1097 1596 1137 suum
1619 1123 1634 1146 ,
1681 1084 1824 1152 quod
1861 1098 1892 1136 a
1929 1081 2039 1140 Deo

460 1180 805 1242 acceperant,
847 1189 1066 1236 munus,
1097 1173 1320 1244 dignum
1373 1176 1654 1242 putabant.
1718 1176 1824 1231 Sed
1875 1193 2039 1249 super

457 1266 605 1320 omni
631 1281 830 1335 genere
854 1265 1134 1320 hominum
1183 1266 1356 1322 divini
1404 1267 1460 1321 in
1507 1268 1614 1323 illis
1647 1265 1884 1338 Spiritus
1915 1271 2039 1325 illu-

457 1361 652 1415 stratio
680 1361 870 1430 ingens
898 1360 1143 1428 amplexa
1193 1367 1313 1414 erat
1339 1369 1719 1430 argumentum
1743 1402 1758 1423 .
1805 1378 1912 1417 non
1945 1364 2035 1417 illa

458 1451 674 1521 quidem
706 1459 766 1505 ut
814 1451 882 1505 de
913 1452 1228 1520 aegrotantis
1270 1452 1509 1506 hominis
1541 1467 1772 1522 corpore
1793 1494 1808 1517 ,
1861 1471 2036 1525 neque

455 1546 522 1600 de
553 1544 880 1614 temporaria
907 1542 1008 1596 hac
1038 1551 1091 1598 et
1124 1544 1378 1598 omnibus
1404 1543 1612 1599 morbis
1639 1544 1872 1598 obnoxia
1903 1547 2031 1612 vita,

454 1636 847 1690 divinationem
899 1635 1286 1704 proﬁteretur:
1326 1649 1428 1690 nec
1467 1635 1672 1705 alioqui
1705 1637 1773 1691 de
1804 1637 2034 1706 quibus-

453 1728 577 1781 dam
615 1727 809 1782 mediis
844 1735 1009 1796 atque
1057 1727 1515 1789 indiﬂ'erentibus,
1550 1743 1670 1796 quae
1721 1745 1930 1800 neque,
1983 1731 2028 1785 si

2147 529 2367 599 ημέρων
2387 530 2480 586 καὶ
2507 529 2642 602 πρὸς
2659 531 2748 582 τὸν
2781 529 3022 602 παρόντα
3045 531 3232 602 καιρὸν
3260 532 3721 604 ἐπιζητουμένων,

2145 619 2265 672 οὑδέ
2297 637 2361 688 γε
2410 622 2658 692 σμικρῶν
2711 622 2808 675 κα)⁵
2856 623 3124 676 ταπεινῶν
3171 625 3239 677 τὰ
3287 625 3386 695 τῆς
3433 625 3722 697 θεοφορίας

2143 712 2417 782 ἠξιοῦντο·
2449 715 2562 766 ἀλλ’
2589 715 2682 768 ἐπὶ
2738 715 2831 768 τοῦ
2879 717 3077 780 παντὸς
3128 717 3428 788 ἀνθρώπων
3470 721 3662 787 γένους
3686 723 3719 790 ἡ

2142 803 2234 856 τοῦ
2263 803 2405 857 θείου
2434 805 2748 875 Πνεύματος
2794 806 2851 857 ὲν
2896 806 3081 869 αὑτοῖς
3119 807 3382 877 ἐλλαμψις
3405 847 3418 872 ,
3457 809 3720 879 μεγίστην

2143 894 2394 948 ὑπόθεσιν
2425 897 2770 968 περιέχουσα,
2805 897 2866 949 οὑ
2890 897 3014 968 περὶ
3043 895 3322 961 νοσοῦντος
3351 898 3637 969 ἀνθρώπου
3659 901 3722 952 τὸ

2144 986 2323 1057 σῶμα,
2357 988 2478 1041 οὑδὲ
2531 988 2660 1059 περὶ
2707 987 2809 1057 τῆς
2852 990 3184 1061 προσκαίρου
3232 991 3326 1042 καὶ
3373 989 3720 1054 πολυπαθοῦς

2139 1081 2340 1151 ταύτης
2387 1080 2532 1152 ζωῆς
2583 1081 2682 1152 τὴν
2729 1080 3027 1153 πρόρρησιν
3087 1081 3560 1155 ἐπαγγελλομένη,
3597 1084 3720 1137 οὑδὲ

2139 1171 2267 1242 περί
2290 1188 2432 1234 τινος
2462 1171 2821 1238 ἀπολωλότος,
2847 1171 2953 1224 οὐδ’
2983 1172 3158 1235 ἄλλως
3184 1174 3310 1244 περί
3346 1191 3505 1227 τινων
3537 1175 3718 1245 μέσων

2138 1265 2230 1317 καὶ
2277 1263 2585 1336 ἀδιαφόρων
2609 1307 2624 1332 ,
2661 1265 2696 1318 ἃ
2751 1265 2874 1318 οὔτε
2933 1267 3173 1338 παρόντα
3221 1267 3397 1338 ψυχῆς
3437 1267 3716 1338 βελτιώσει

2139 1357 2542 1428 συμϐάλλεται,
2595 1357 2718 1411 οὑτε
2777 1358 2852 1429 μὴ
2895 1360 3137 1431 παρόντα
3183 1358 3385 1431 ζημίαν
3434 1360 3466 1430 ἢ
3509 1359 3715 1429 βλάϐην

2137 1453 2411 1521 περιποιεῖ
2451 1448 2605 1522 (ἀλλ’
2653 1446 2722 1522 ἦν
2760 1452 2880 1522 μὲν,
2922 1452 2998 1515 ὡς
3045 1452 3203 1522 ἔφην,
3256 1454 3344 1506 ὅτε
3392 1453 3486 1505 καὶ
3540 1451 3714 1505 ταῦτα

2137 1542 2458 1614 προύλεγον,
2482 1545 2542 1597 οὑ
2573 1545 2712 1597 κατά
2733 1544 2823 1597 τὸν
2852 1545 3260 1617 προηγούμενον
3286 1545 3343 1597 δὲ
3367 1544 3548 1609 λόγον’
3576 1536 3714 1598 ἀλλὰ

2135 1635 2276 1688 κατά
2307 1635 2625 1689 ἀκολουθίαν
2658 1637 2756 1708 τῆς
2781 1638 2888 1691 τῶν
2917 1637 3240 1709 κρειττόνων
3273 1635 3670 1707 καταλήψεως)
3695 1653 3710 1669 ·

2136 1724 2354 1795 μείζονα
2379 1729 2475 1798 μὲν
2498 1728 2798 1800 ὑπόθεσινῆ
2819 1729 2959 1782 κατά
2977 1730 3044 1782 τὰ
3063 1729 3322 1800 εἰρημένα
3338 1731 3628 1800 περιεῖχεν.
3646 1729 3712 1782 ΕΞ

453 1820 656 1884 adsint,
688 1821 753 1874 ad
788 1819 1086 1890 profectum
1119 1820 1316 1874 anima:
1349 1819 1715 1874 conducibilia
1741 1860 1756 1882 ,
1809 1796 2020 1892 neque.

2133 1817 2176 1869 δ’
2188 1814 2281 1871 οῦν
2303 1796 2389 1883 τις
2403 1819 2499 1891 τὴν
2516 1822 2692 1874 πᾶσαν
2705 1796 2966 1891 περιοχὴν
2981 1821 3078 1891 τῆς
3102 1796 3344 1882 Μωσέως
3359 1796 3597 1892 γραφῆς,
3617 1820 3711 1872 καὶ

453 1913 497 1966 si
525 1927 635 1966 non
663 1911 880 1975 adsint,
911 1912 1168 1966 damnum
1199 1911 1420 1980 aliquod
1451 1920 1544 1965 aut
1569 1913 1863 1981 perniciem
1899 1914 2028 1968 alle-

452 2013 614 2064 raut,
660 2005 876 2060 tametsi
917 2019 1308 2073 nonnunquam
1349 2003 1461 2057 hac
1512 2019 1728 2073 quoque
1767 2005 2024 2074 prmdice-

450 2094 602 2158 bant,
636 2111 745 2150 non
773 2096 1030 2165 primaria
1061 2095 1294 2164 quadam
1323 2096 1566 2160 ratione,
1619 2093 1714 2149 sed
1748 2095 1895 2170 quod
1940 2111 2026 2150 re-

448 2203 568 2240 rum
605 2188 915 2258 graviorum
947 2187 1350 2256 perceptionem
1385 2187 1804 2252 comitarentur,
1835 2188 2026 2257 eisque

447 2287 631 2334 essent
661 2279 936 2348 adjuncta.
988 2279 1057 2332 At
1100 2293 1228 2333 vero
1254 2294 1374 2348 qua:
1422 2280 1476 2332 in
1513 2279 1697 2334 causis
1741 2278 1910 2333 divini
1956 2280 2024 2334 ab

447 2374 555 2428 illis
582 2373 880 2443 accipiendi
919 2371 1196 2442 Spiritus,
1241 2371 1308 2426 ad
1356 2372 1764 2427 vaticinandum
1818 2373 2023 2442 princi-

447 2482 565 2533 pem
597 2466 776 2520 locum
801 2465 1145 2525 obtinerent,
1175 2480 1239 2519 ea
1269 2465 1447 2534 majus
1475 2465 1746 2536 quoddam
1773 2467 2022 2520 contine-

446 2557 576 2608 bant
604 2563 1007 2626 argumentum,
1034 2570 1196 2624 quam
1231 2563 1289 2609 ut
1327 2557 1392 2610 ad
1426 2572 1490 2616 ea
1517 2573 1637 2628 qua:
1689 2557 1832 2611 dicta
1860 2565 2016 2622 sunt,

442 2649 718 2716 pertinere
748 2656 992 2717 possent.
1026 2648 1182 2714 Quod
1215 2650 1259 2703 si
1283 2651 1410 2719 quis
1434 2658 1602 2704 totum
1633 2651 1789 2720 quasi
1817 2665 2019 2720 corpus

441 2755 630 2795 eorum
659 2755 779 2811 quae
813 2756 841 2793 a
873 2739 1022 2796 Mosa
1064 2748 1117 2795 et
1147 2742 1271 2796 aliis
1300 2752 1422 2811 post
1477 2742 1678 2796 Mosem
1736 2743 2018 2812 prophetis

439 2835 644 2904 scripta
674 2843 824 2899 sunt,
866 2835 1285 2906 diligentissime
1312 2837 1596 2905 exploret,
1654 2836 1899 2905 profecto
1954 2854 2015 2892 ea

443 2931 573 2983 nihil
608 2929 756 2983 aliud
786 2929 1031 2998 amplexa
1078 2928 1336 2988 inveniat.
1363 2944 1525 2998 quam
1575 2930 2013 2985 adhortationem

440 3031 605 3092 atque
627 3023 931 3077 doctrinam
966 3021 1134 3075 divini
1165 3021 1348 3075 cultus
1371 3062 1384 3081 .
1437 3023 1529 3090 qui
1588 3020 1695 3075 Deo
1749 3024 2008 3087 universi,

437 3117 542 3186 ipsi
575 3116 761 3186 utique
789 3113 966 3183 opiﬁci
1015 3127 1197 3167 rerum
1228 3113 1468 3168 omnium
1505 3114 1576 3166 sit
1630 3114 1971 3170 exhibendus
1995 3158 2008 3179 ,

438 3210 913 3280 cognitionemque
963 3219 1027 3260 ac
1063 3205 1385 3276 theologiam
1419 3221 1729 3274 supremam
1763 3207 1829 3261 de
1857 3205 2014 3262 Filio.

436 3303 528 3368 qui
561 3316 666 3354 una
715 3315 838 3352 cum
881 3296 1040 3352 Patre
1073 3298 1188 3367 ipse
1233 3314 1453 3368 quoque
1501 3314 1681 3352 rerum
1710 3301 1779 3352 sit
1805 3307 2013 3355 auctor.

436 3394 604 3464 208
632 3391 899 3446 Praeterea
925 3390 1359 3446 deliortationem
1399 3399 1563 3460 atque
1606 3391 1943 3446 eversionem
1985 3408 2016 3446 a

438 3487 616 3543 fallaci
654 3486 950 3541 multorum
1003 3485 1235 3542 deorum.
1259 3485 1409 3538 cultu
1432 3523 1448 3546 ,
1507 3484 1574 3537 ad
1611 3484 1724 3539 haec
1775 3493 2015 3539 veterum

437 3584 749 3632 sanctorum
794 3576 1070 3639 virorum,
1131 3575 1222 3644 qui
1274 3576 1434 3646 primi
1482 3576 1645 3630 talem
1698 3577 2015 3646 religionem

436 3669 880 3732 observaverint,
918 3668 1237 3724 memoriam
1299 3668 1788 3740 praedictionesque
1836 3679 1890 3726 et
1927 3686 2014 3725 re-

436 3776 638 3832 sponsa
669 3759 736 3816 de
784 3759 853 3815 iis
901 3759 1002 3829 qui
1049 3758 1237 3812 multis
1263 3766 1386 3827 post
1425 3760 1643 3814 saeculis
1683 3759 1750 3813 ad
1797 3759 2013 3814 illorum

437 3855 564 3909 vitae
593 3853 861 3924 regulam,
887 3866 1043 3908 suam
1069 3851 1173 3922 ipsi
1205 3851 1369 3906 vitam
1406 3850 1673 3906 directuri
1709 3859 1888 3915 erant,
1920 3869 2016 3924 per

436 3941 725 3996 adventum
751 3939 843 3996 Dei
861 3940 927 3995 ad
953 3940 1204 3996 homines
1231 3948 1396 4012 atque
1427 3941 1795 4011 praesentiam,
1817 3943 2011 4013 ipsius,

435 4035 683 4107 inquam,
716 4033 860 4098 Filii,
888 4043 942 4090 et
967 4036 1084 4106 ipse
1117 4033 1362 4104 ejusdem
1380 4035 1640 4090 docendaa
1665 4037 1884 4105 pietatis
1905 4052 2010 4091 mn-

433 4143 563 4183 nere
617 4125 924 4192 functurus,
961 4136 1014 4182 et
1057 4127 1125 4181 ad
1151 4126 1383 4182 salutem
1421 4127 1546 4182 vitae
1574 4127 1852 4182 hominum
1883 4127 2014 4183 all‘e-

434 4220 658 4276 rendam
690 4229 974 4283 venturus,
1005 4220 1059 4274 in
1094 4220 1376 4290 responsis
1397 4220 1703 4285 dicebatur,
1733 4220 1891 4290 cujus
1920 4221 2016 4278 be-

435 4313 632 4370 neﬁcio
666 4314 740 4369 illi
772 4314 990 4370 cunctis
1017 4314 1274 4386 gentibus
1301 4320 1356 4369 et
1389 4311 1596 4370 Graecis
1620 4315 1782 4369 simul
1813 4324 1865 4370 et
1887 4315 2014 4369 bar-

432 4407 613 4473 baris,
663 4407 914 4462 eumdem
959 4407 1130 4461 divini
1164 4407 1345 4462 cultus
1376 4423 1604 4473 morem,
1654 4423 1816 4478 quem
1869 4419 2016 4464 vete-

2133 1911 2241 1965 τῶν
2271 1913 2386 1982 μετ’
2415 1913 2574 1966 αὑτὸν
2603 1912 2846 1984 ἀκριϐῶς
2872 1913 3284 1984 διερευνήσειεν,
3307 1911 3457 1982 εὖροι
3480 1911 3545 1965 ἀν
3572 1928 3710 1982 προ-

2133 2005 2340 2076 τροπὴν
2372 2006 2464 2058 καὶ
2504 2004 2844 2059 διδασκαλίαν
2891 2004 3170 2068 εὐσεϐείας
3205 2005 3304 2074 τῆς
3350 2006 3429 2067 εἰς
3459 2004 3550 2058 τὸν
3599 2005 3710 2058 τῶν

2131 2094 2267 2146 ὅλων
2293 2093 2446 2156 Θεὸν,
2471 2094 2631 2147 αὑτὸν
2663 2095 2727 2166 δὴ
2776 2097 2867 2148 τὸν
2899 2095 3225 2167 δημιουργὸν
3259 2096 3516 2149 ἁπάντων
3550 2113 3707 2167 περι-

2132 2185 2357 2255 έχουσαν
2376 2228 2388 2250 ,
2415 2186 2614 2254 γνῶσίν
2647 2204 2706 2238 τε
2745 2188 2838 2240 καὶ
2874 2185 3151 2254 θεολογίαν
3173 2187 3272 2258 τὴν
3317 2188 3575 2240 ἀνωτάτω
3607 2184 3704 2239 τοῦ

2129 2276 2380 2350 δευτέρου
2414 2279 2607 2341 αίτίου,
2643 2281 2822 2350 πάσης
2847 2279 2904 2332 δὲ
2947 2278 3206 2332 πολυθέου
3239 2279 3448 2349 πλάνης
3480 2279 3706 2350 ἀποτρο-

2131 2370 2258 2442 πὴν,
2288 2369 2404 2426 εἶτα
2431 2372 2540 2424 τῶν
2601 2372 2770 2425 πάλαι
2807 2370 3070 2440 θεοφιλῶν
3107 2370 3317 2442 ἀνδρῶν
3364 2370 3470 2424 τῶν
3503 2371 3566 2439 δὴ
3609 2372 3706 2423 καὶ⁹

2129 2463 2524 2536 ἀπαρξαμένων
2596 2463 2699 2532 τῆς
2752 2463 3045 2533 εἰρημένης
3105 2461 3384 2524 εὐσεϐείας
3440 2463 3702 2532 μνήμην,

2127 2559 2461 2629 προρρήσεις
2491 2573 2550 2609 τε
2598 2556 2692 2609 καὶ
2726 2555 3100 2625 ἀναφωνήσεις
3143 2554 3283 2606 κατὰ
3329 2554 3420 2607 τὸν
3480 2553 3706 2608 ἐκείνων

2127 2647 2271 2719 βίον,
2319 2650 2565 2719 ὑστέροις
2615 2648 2744 2700 ποτε
2783 2647 2993 2718 χρόνοις
3037 2646 3336 2716 μελλόντων
3391 2643 3702 2714 βιώσεσθαι,

2124 2741 2190 2794 δι’
2229 2740 2547 2811 ἐπιφανείας
2583 2739 2674 2792 καὶ
2721 2739 3023 2810 παρουσίας
3079 2739 3157 2800 είς
3198 2735 3518 2806 ἀνθρώπους
3541 2733 3701 2800 Θεοῦ,

2128 2834 2296 2888 αὑτοῦ
2336 2835 2400 2904 δὴ
2436 2833 2530 2886 τοῦ
2561 2832 2814 2902 δευτέρου
2849 2830 3051 2898 Κυρίου
3077 2871 3092 2893 ,
3132 2831 3224 2882 καὶ
3255 2827 3388 2881 Θεοῦ
3439 2827 3575 2897 μετά
3611 2827 3704 2880 τὸν

2122 2928 2380 2980 ἀνωτάτω
2415 2926 2653 2996 Πατέρα,
2690 2925 2782 2977 καὶ
2806 2923 2968 2978 αὑτοῦ
2993 2922 3419 2996 χρηματίζοντος
3448 2921 3704 2975 διδασκάο

2121 3016 2211 3068 λου
2239 3016 2338 3086 τῆς
2363 3015 2534 3085 αὑτῆς
2559 3014 2860 3077 εὐσεϐείας,
2891 3013 2984 3066 καὶ
3022 3013 3271 3082 Σωτῆρος
3301 3009 3702 3081 ἐπιφανησομέ-

2119 3125 2210 3162 νου
2255 3107 2332 3178 τῷ
2365 3108 2475 3161 τῶν
2529 3105 2828 3178 ἀνθρώπων
2871 3105 2991 3174 βίῳ,
3037 3103 3103 3156 δι’
3129 3096 3190 3156 οῦ
3227 3104 3358 3156 πᾶσι
3392 3105 3500 3166 τοῖς
3550 3101 3701 3154 ἔθνε-

2119 3215 2239 3263 σιν,
2293 3198 2550 3269 Ἔλλησιν
2601 3197 2736 3268 όμοῦ
2789 3197 2883 3250 καὶ
2935 3195 3246 3267 βαρϐάροις,
3281 3192 3576 3263 προῦλεγον
3609 3193 3701 3247 τὸν

2117 3292 2216 3361 τῆς
2239 3289 2548 3353 θεοσεϐείας
2573 3288 2680 3343 τῶν
2709 3289 2875 3342 πάλαι
2909 3286 3170 3356 θεοφιλῶν
3207 3284 3472 3357 Ἐϐραίων
3500 3286 3701 3356 τρόπον

2119 3378 2611 3452 παραδοθήσεσθαι.
2647 3379 2831 3432 Ταῦτα
2860 3379 3098 3448 Μωσῆς,
3152 3375 3325 3429 ταῦτα
3372 3377 3429 3431 δὲ
3472 3377 3699 3432 καὶτῶν

2117 3474 2316 3528 λοιπῶν
2344 3471 2639 3544 προφητῶν
2662 3471 2868 3534 παῖδες,
2899 3471 2947 3524 οῖ
2979 3470 3177 3533 πάντες
3202 3467 3264 3535 ἐξ
3290 3470 3408 3532 ἐνὸς
3435 3471 3700 3539 στόματος

2119 3567 2543 3637 προεκήρυττον.
2578 3565 2686 3618 Καὶ
2730 3562 2872 3616 τοῦτ’
2906 3558 2974 3633 ἦν
3007 3563 3066 3616 τὸ
3117 3562 3215 3634 τῆς
3259 3564 3338 3625 εἰς
3381 3561 3700 3633 ἀνθρώπους

2116 3659 2208 3712 τοῦ
2240 3658 2383 3711 θείου
2419 3656 2735 3728 Πνεύματος
2765 3656 3035 3727 ἐπιφορᾶς
3085 3657 3291 3718 αίτιον,
3327 3653 3532 3719 διδάξαι
3579 3653 3698 3706 θεο-

2116 3750 2350 3820 γνωσίαν
2381 3747 2718 3819 ἀνθρώπους,
2752 3746 2845 3798 καὶ
2882 3745 2978 3816 τὴν
3023 3745 3281 3798 ἀνωτάτω
3310 3743 3439 3816 περὶ
3488 3741 3698 3814 Πατρδς

2117 3844 2210 3896 καὶ
2246 3841 2375 3895 Υίοῦ
2423 3838 2734 3907 θεολογίαν,
2772 3836 3060 3890 παιδεῦσαί
3113 3853 3174 3889 τε
3219 3837 3419 3905 τρόπον
3464 3835 3697 3904 ἀληθοῦς

2115 3933 2419 3997 εὑσεϐείας,
2456 3931 2551 3985 κα)⁵
2585 3929 2955 4001 μνημονεῦσαι
2980 3929 3087 3982 τῶν
3125 3929 3291 3982 πάλαι
3333 3926 3694 3997 κατωρθωκό-

2114 4045 2242 4088 των,
2269 4025 2359 4078 τόν
2385 4042 2443 4077 τε
2471 4022 2608 4094 μετά
2633 4020 2836 4074 τούτων
2859 4020 3077 4090 ἔλεγχον
3103 4017 3190 4071 διὰ
3213 4017 3440 4089 μακρῶν
3464 4018 3694 4086 ἐκφᾶναι

2115 4119 2306 4186 λόγων,
2330 4117 2584 4170 θεσπίσαι
2611 4132 2669 4167 τε
2701 4115 2800 4186 τὴν
2840 4113 3141 4183 παρουσίαν
3167 4111 3259 4164 τοῦ
3304 4111 3554 4183 Σωτῆρος
3597 4107 3694 4161 κα)⁸

2114 4207 2434 4263 διδασκάλου
2457 4206 2550 4260 τοῦ
2587 4205 2788 4268 παντὸς
2808 4203 3110 4276 ἀνθρώπων
3136 4203 3346 4271 γένους,
3374 4202 3467 4256 καὶ
3505 4200 3602 4271 τὴν
3621 4199 3693 4253 δ.⁹

2114 4302 2278 4368 αὑτοῦ
2305 4302 2404 4372 τῆς
2431 4300 2668 4363 παλαιᾶς
2683 4298 2740 4365 ἐξ
2774 4297 3041 4370 Ἐϐραίων
3064 4296 3372 4360 θεοσεϐείας
3398 4297 3476 4358 εἰς
3519 4294 3694 4348 πάντα

2114 4395 2183 4448 τά
2235 4394 2362 4464 ἔθνη
2404 4392 2687 4464 μετάδοσιν
2741 4388 3104 4461 προκηρύξαι.
3168 4388 3354 4458 ταῦτα
3411 4382 3479 4458 ἦν
3522 4385 3589 4439 τά
3633 4385 3692 4451 ἐξ

430 4515 520 4554 res
551 4497 901 4554 Hebraeorum
949 4499 1232 4570 religionis
1286 4508 1558 4555 amatores
1615 4510 2009 4564 servaverant,

2124 4487 2306 4550 αἰῶνος
2351 4483 2571 4556 στήλαις
2607 4483 2702 4536 καὶ
2743 4482 2942 4553 βίϐλοις
3010 4483 3182 4553 ἱεραῖς
3224 4481 3332 4532 τῶν
3399 4477 3693 4550 προφητῶν

430 4591 768 4661 prodendum
821 4607 943 4646 esse
1000 4592 1289 4646 canebant.
1332 4592 1457 4647 Haec
1488 4591 1689 4658 Moses,
1731 4593 1845 4649 hzec
1881 4593 2007 4648 reli-

429 4683 523 4752 qui
578 4683 704 4738 item
758 4682 1056 4755 prophetae,
1088 4684 1182 4755 qui
1241 4700 1432 4741 omnes
1466 4685 1519 4739 in
1556 4700 1666 4739 uno
1695 4699 1826 4749 ore,
1861 4687 2006 4756 quod

430 4784 547 4829 erat
575 4775 838 4837 futurum,
864 4775 1226 4844 nuntiabant;
1266 4776 1560 4846 atquehaec
1581 4785 1700 4832 erat
1721 4791 2008 4840 causacur

430 4866 653 4924 divinus.
669 4867 907 4938 Spiritus
931 4866 1138 4922 amaret
1166 4867 1416 4924 homines
1466 4877 1521 4922 et
1573 4869 1877 4939 corriperet
1897 4909 1912 4933 ,
1947 4877 2008 4923 ut

435 4958 692 5014 videlicet
720 4957 814 5013 Dei
845 4958 1215 5028 cognitionem
1262 4959 1432 5030 ipsos,
1493 4976 1913 5032 supremamque
1941 4962 2008 5018 de

429 5047 593 5104 Patre
621 5065 686 5104 ac
719 5048 860 5104 Filio
889 5051 1219 5122 theologiam
1254 5052 1508 5120 doceret,
1554 5052 1858 5124 iisdemque
1897 5064 2008 5115 tra-

429 5139 584 5195 deret
613 5156 754 5196 verae
799 5142 947 5199 illius
971 5144 1190 5212 pietatis
1223 5159 1427 5202 morem
1457 5183 1472 5205 ,
1506 5152 1561 5200 et
1581 5145 1649 5200 ad
1693 5147 2008 5201 memoriam

428 5232 703 5302 redigeret
731 5248 828 5289 eos
857 5235 953 5305 qui
983 5233 1259 5304 quondam
1281 5249 1471 5290 omnes
1496 5233 1798 5290 honestatis
1827 5241 2011 5306 partes

427 5323 886 5396 complevissent.
920 5341 1136 5386 necnon
1172 5343 1267 5383 eos
1316 5327 1409 5396 qui
1437 5327 1847 5398 posterioribus.
1875 5335 2013 5382 tem-

428 5413 655 5483 poribus
679 5429 708 5468 a
730 5414 932 5485 pietate
961 5417 1178 5486 rituque
1206 5416 1474 5486 majorum
1511 5430 1737 5470 suorum
1773 5413 2011 5470 excidis-

427 5517 583 5571 sent,
627 5523 832 5578 eosque
878 5508 1040 5579 longa
1073 5509 1325 5566 oratione
1369 5507 1832 5577 reprehenderet:
1883 5505 2012 5560 item

428 5610 650 5656 caneret
693 5601 985 5656 adventum
1033 5600 1335 5657 Salvatoris
1377 5617 1440 5656 ac
1472 5600 1720 5658 Doctoris
1774 5598 2013 5654 universi

429 5691 655 5748 humani
689 5695 928 5765 generis,
961 5702 1016 5750 et
1048 5710 1146 5764 per
1173 5694 1327 5749 illum
1355 5694 1411 5748 in
1443 5702 1674 5748 cunctas
1708 5701 1895 5764 gentes
1919 5707 2018 5746 ano

430 5787 596 5864 tique
611 5783 964 5841 Hebraeorum
984 5785 1263 5859 religionis
1283 5785 1731 5859 propagationem
1754 5783 2020 5858 futuram,

2111 4579 2416 4652 συμφώνως
2459 4575 2958 4648 ἀναπεφωνημένα.
3000 4573 3150 4626 Αὑτά
3195 4571 3258 4643 δὴ
3284 4570 3488 4632 ταῦτα,
3532 4569 3567 4624 ἀ
3597 4569 3691 4624 καὶ

2109 4675 2274 4745 ἡμῖν,
2327 4673 2508 4734 αὑτοῖς
2551 4669 2848 4740 ὀφθαλμοῖς
2899 4665 3035 4738 μετά
3073 4666 3166 4719 τὸν
3218 4665 3429 4736 μακρὸν
3480 4662 3688 4726 αίῶνσ,

2109 4768 2279 4822 εἰσέτι
2332 4766 2425 4820 νῦν
2487 4763 2838 4836 πληρούμενα
2886 4762 3176 4832 συνορᾶται
3205 4776 3219 4790 ⁸
3281 4760 3380 4830 μιᾷ
3438 4757 3494 4810 δὲ
3539 4757 3689 4826 φωνῇ

2110 4866 2308 4929 πάντες
2347 4858 2490 4918 οὗτοι
2522 4863 2616 4917 καὶ
2637 4862 2767 4933 θείῳ
2794 4859 3076 4930 Πνεύματι
3115 4859 3358 4929 κάτοχοι,
3394 4859 3560 4910 πᾶσιν
3598 4858 3692 4910 ἀν-

2110 4957 2347 5029 θρώποις
2391 4957 2452 5010 τὸ
2499 4955 2614 5026 φῶς
2663 4954 2761 5024 τῆς
2804 4949 3036 5024 ἀληθοῦς
3087 4951 3491 5024 προεκήρυττον
3537 4949 3691 5001 εὑσε-

2110 5049 2292 5112 ϐείαςι
2329 5048 2551 5116 ἁγνείαν
2591 5063 2650 5099 τε
2686 5045 2864 5115 ψυχῆς
2905 5043 2998 5097 καὶ
3033 5041 3305 5111 σώματος,
3351 5039 3586 5111 παντελῆ
3629 5057 3688 5094 τε

2110 5140 2374 5212 κάθαρσιν
2396 5139 2654 5202 διανοίας,
2677 5137 2744 5209 ἣν
2769 5135 2922 5191 αὑτοὶ
2945 5134 3207 5206 πρότερον
3229 5133 3551 5204 ἠσκηκότες,
3579 5133 3691 5193 τεῖς

2113 5232 2371 5304 ὑπηκόοις
2397 5227 2794 5302 προύϐάλλοντο
2816 5268 2830 5291 ,
2882 5225 3060 5297 πάσης
3093 5224 3391 5278 ἀκολάστου
3440 5223 3690 5292 πράξεως

2112 5326 2234 5389 τοὺς
2284 5323 2604 5396 προσιόντας
2653 5320 3008 5392 ἀπείργοντες
3043 5357 3056 5380 ,
3107 5317 3240 5388 μηδὲ
3271 5319 3369 5386 τῆς
3427 5313 3688 5368 πολυθέου

2114 5418 2321 5488 πλάνης
2357 5412 2751 5485 ἀπομιμεῖσθαι
2782 5411 2880 5474 τὰς
2925 5409 3224 5479 ἐκθέσμους
3278 5404 3685 5476 ἐπιτηδεύσεις,

2115 5505 2495 5580 προτροπάδην
2511 5503 2567 5557 δὲ
2589 5502 2809 5572 φεύγειν
2819 5499 3158 5562 διδάσκοντες
3179 5499 3357 5551 πᾶσαν
3371 5494 3688 5566 δαιμονικὴν

2116 5599 2448 5670 ἐγχείρησιν,
2475 5595 2570 5649 καὶ
2604 5594 2703 5657 τὰς
2734 5591 2899 5645 πάλαι
2938 5589 3433 5660 περισπουδάστους
3473 5588 3686 5651 ὲκείνας

2116 5689 2600 5762 ἀνθρωποθυσίας,
2658 5683 2759 5751 τάς
2809 5702 2868 5737 τε
2914 5683 3145 5754 αίσχράς
3211 5681 3306 5735 καὶ
3360 5680 3685 5751 ὲπιρῤήτους

2122 5785 2246 5856 περὶ
2286 5781 2430 5837 θεῶν,
2461 5780 2736 5852 διηγήσεις
2757 5772 2875 5856 ,ὧν
2920 5777 3271 5848 ἀπείργοντες
3292 5814 3310 5845 ,ι
3345 5772 3488 5845 μόνῳ
3521 5785 3686 5843 προσα
