4100 6430
319 382 426 437 363

1234 383 1883 441 DEMONSTRATIO‘NIS
1922 383 2381 440 EVANGELICIE
2416 383 2546 438 LIB.
2587 383 2653 438 ν.

3473 384 3577 444 546

316 503 533 574 ἀνέχειν
583 505 966 561 συντϐούλευον
1013 506 1090 580 τῷ
1114 508 1333 563 πάντων
1374 507 1690 578 δημιουργῷ
1746 507 1863 578 Θεῷ

1991 507 2292 562 nuntiaret.
2347 505 2472 560 Haec
2504 512 2630 561 sunt
2663 519 2784 575 quae
2823 504 2892 560 ab
2947 504 3107 559 initio
3131 511 3184 558 et
3215 504 3406 559 titulus
3436 513 3488 560 et
3510 505 3579 559 li-

314 590 405 648 οἵα
437 596 617 667 ὲφόρῳ
663 599 754 652 xui
802 601 960 672 κριτῇ
1010 601 1328 672 τυγχάνοντι
1356 593 1463 653 τῶν
1497 603 1554 653 ὲν
1583 599 1889 670 ἀνθρώποις

315 689 704 762 πραττομένων
723 706 738 720 ·
775 691 907 761 μηδὲ
938 693 1150 760 ἀγνοεῖν
1177 692 1269 745 τὸν
1302 691 1563 762 μέλλοντα
1590 693 1667 754 είς
1689 690 1890 762 ἀνθρώ-

313 795 450 842 πους
496 780 780 850 ἐπιδημεῖν
813 781 1045 854 Χριστὸν
1086 782 1181 836 τοῦ
1230 781 1386 846 Θεοῦ,
1420 782 1644 852 Σωτῆρα
1691 781 1889 846 παντὸς

307 869 503 937 γένους
553 869 877 942 ἀνθρώπων,
911 873 1006 925 xui
1054 872 1367 927 διδάσκαλον
1416 872 1703 944 βαρϐάρων
1753 871 1887 942 ὁμοῦ

304 961 407 1019 καὶ
444 960 710 1032 Ἐλλήνων
739 962 1020 1027 εὐσεϐείας
1073 965 1169 1035 τῆς
1215 963 1446 1035 ἀληθοῦς
1477 963 1888 1033 καταστησόμε-

301 1067 420 1106 νον.
451 1052 715 1108 Τοσοῦτόν
741 1071 793 1107 τι
832 1050 901 1128 ἦν
929 1055 990 1108 τὸ
1015 1055 1268 1128 διάφορον
1300 1056 1406 1110 τῶν
1451 1057 1554 1110 ὐπὸ
1605 1055 1696 1110 τοῦ
1743 1055 1886 1109 θείου

304 1143 628 1215 Πνεύματός
651 1146 897 1216 κατόχων
945 1147 1038 1200 καί
1089 1147 1196 1200 τῶν
1247 1148 1352 1202 ὑπὸ
1395 1147 1712 1219 δαιμονικῆς
1739 1149 1888 1220 ἐνερ-

302 1237 466 1304 γείας
499 1236 852 1308 μαντεύεσθαι
889 1239 1388 1311 προσποιουμένων.
1417 1236 1550 1294 Εἶτα
1579 1240 1642 1292 τὸ
1666 1240 1762 1310 μὲν
1787 1256 1888 1292 πο-

298 1329 471 1399 νηρὸν
525 1329 819 1400 δαιμόνιον,
862 1325 952 1385 οἷα
1013 1331 1236 1394 σκότους
1285 1332 1503 1397 οἰκεῖον,
1551 1331 1739 1386 σκότον
1792 1331 1887 1384 xui

297 1417 474 1487 ἀχλὺν
505 1418 826 1489 περιϐάλλον
851 1422 918 1490 τῇ
946 1419 1089 1492 ψυχῇ
1125 1420 1211 1473 διὰ
1236 1421 1336 1490 τῆς
1369 1421 1767 1492 ὲμφοιτήσεως,
1792 1419 1884 1473 τοῦ

300 1508 590 1580 ὑποφήτου
636 1504 724 1563 οἷα
773 1511 964 1583 νεκρὸν
1015 1511 1248 1584 ὲξήπλου
1293 1512 1388 1566 τοῦ
1437 1512 1578 1566 κατά
1611 1512 1770 1582 φύσιν
1796 1512 1883 1565 λο-

293 1597 503 1668 γισμοῦ
544 1603 1034 1672 παρενηνεγμένον,
1067 1603 1176 1656 οὐδ’
1209 1604 1469 1674 ἑπόμενον
1506 1607 1618 1666 τοῖς
1660 1603 1885 1676 λεγομέ-

295 1706 414 1752 νοις
443 1689 477 1760 ἢ
511 1691 906 1762 πραττομένοις
935 1694 1001 1747 δι’
1027 1693 1214 1760 αὐτοῦ,
1250 1696 1526 1761 παντελῶς
1555 1697 1600 1750 δ’
1626 1697 1884 1770 ἀναίσθη-

291 1793 391 1832 τον
417 1779 509 1831 xui
541 1780 893 1852 παράφροναο
929 1784 1056 1855 παρ’
1089 1783 1118 1836 ὃ
1144 1783 1239 1837 xui
1271 1786 1548 1855 μαντείαν,
1582 1785 1770 1858 ῶσπερ
1795 1804 1878 1839 τι-

1991 597 2106 652 bris
2139 597 2314 653 sacris
2343 595 2728 667 prophetarum
2754 635 2770 658 ,
2802 594 3059 649 concordi
3113 609 3245 649 voce
3296 596 3575 650 enuntiata

1990 687 2236 750 fuerunt;
2263 689 2399 759 ipsa,
2431 688 2674 758 inquam,
2705 685 2840 752 bzec,
2861 702 2981 756 qua:
3002 688 3165 742 etiam
3190 703 3293 742 nos
3318 689 3575 758 postlon-

1989 783 2276 854 gissimum
2321 789 2557 851 tempus,
2592 778 2859 833 hodierno
2895 778 3014 847 ipso
3041 778 3132 842 die
3153 780 3414 847 compleri
3441 795 3574 834 ocu-

1991 875 2058 930 lis
2089 874 2290 930 nostris
2320 873 2615 927 intuemur.
2647 869 2712 924 I‘li
2744 886 2872 926 vero
2899 885 3090 926 omnes
3111 885 3222 924 uno
3243 886 3359 937 ore,
3386 870 3574 927 divino

1991 964 2198 1035 Spiritu
2227 965 2414 1030 amati,
2451 964 2665 1019 cunctis
2695 962 3009 1017 hominibus
3056 962 3237 1016 lumen
3281 978 3423 1017 vera:
3467 964 3574 1035 pie-

1989 1057 2117 1111 tatis
2149 1056 2483 1126 aperiebant,
2517 1061 2679 1124 atque
2712 1054 2907 1106 animm
2951 1059 3005 1106 et
3061 1051 3308 1122 corporis
3356 1052 3573 1107 castita-

1989 1157 2095 1203 tem
2137 1147 2542 1218 perfectamque
2573 1144 2771 1200 mentis
2799 1144 3181 1213 purgationem
3217 1143 3571 1196 commcnda-

1987 1237 2138 1292 bant.
2174 1238 2346 1304 Quam
2372 1253 2496 1292 cum
2521 1237 2623 1306 ipsi
2651 1237 2803 1306 prius
2826 1235 3220 1296 exercuissent,
3251 1234 3318 1288 iis
3341 1233 3433 1302 qui
3463 1233 3566 1307 sibi

1988 1330 2399 1392 auscultarent,
2449 1327 2860 1399 proponebant,
2899 1334 2953 1381 et
2987 1327 3054 1381 ab
3083 1326 3230 1381 omni
3263 1327 3444 1380 minus
3473 1327 3568 1379 lio-

1987 1429 2141 1475 nesta
2170 1423 2383 1475 actione
2409 1436 2505 1474 eos
2534 1419 2625 1490 qui
2651 1419 2716 1472 ad
2747 1433 2804 1473 se
2831 1417 3172 1481 accederent,
3206 1411 3567 1486 prohibebant

1987 1510 2460 1582 deterrebantque,
2491 1525 2556 1564 ne
2589 1509 2770 1563 studia
2815 1507 2906 1560 illa
2953 1507 3156 1560 nefaria
3217 1507 3567 1559 imitarentur

1985 1620 2114 1674 quae
2127 1604 2193 1658 ab
2217 1619 2398 1658 errore
2416 1593 2631 1657 colendi
2652 1599 2854 1655 multos
2872 1600 3003 1655 deos
3035 1599 3276 1670 profecta
3305 1597 3518 1652 fuerant
3546 1615 3559 1649 :

1985 1707 2101 1752 tum
2133 1697 2396 1767 prazcipiti
2429 1696 2669 1767 quodam
2700 1711 2868 1752 cursu
2895 1694 3184 1756 docebant,
3226 1701 3286 1746 ut
3315 1691 3564 1760 fugerent

1985 1803 2204 1842 omnem
2217 1787 2575 1842 daemonicam
2594 1784 3295 1853 traditionem,priscasque
3312 1782 3432 1836 illas
3450 1795 3563 1834 om-

291 1869 364 1923 νά
400 1869 622 1940 μανίαν,
651 1871 876 1937 είκότως
911 1874 1121 1928 ἐοίκασι
1164 1875 1261 1946 τὴν
1290 1874 1497 1929 τοιάνδε
1529 1877 1863 1929 κατάπτωσιπ

1983 1880 2038 1933 ni
2057 1879 2240 1933 studio
2253 1878 2846 1933 celebratashominum
2866 1874 3249 1937 mactationes,
3264 1873 3561 1927 obscenas-

291 1961 717 2035 ἀπικεκληκέναι
737 1982 750 1995 ·
777 1964 840 2017 τὸ
885 1965 942 2019 δέ
984 1984 1046 2036 γε
1074 1967 1289 2036 ἀληθῶς
1311 1969 1405 2021 xui
1427 1967 1603 2021 ἔνθεον
1635 1969 1877 2040 Πνεῦμα,

292 2057 604 2124 ᾳωτοειδὲς,
640 2057 839 2128 μᾶλλον
863 2059 919 2112 δὲ
949 2059 1064 2130 φῶς
1094 2061 1224 2114 αὐτὸ
1259 2063 1544 2132 τυγχάνον,
1637 2062 1700 2116 ἂν
1731 2063 1882 2116 ἐπέλ-

290 2147 363 2220 θη
388 2147 559 2219 ψυχῇ,
586 2149 776 2221 καινὴν
806 2152 1142 2224 παραχρῆμα
1173 2155 1265 2207 xui
1293 2154 1681 2227 λαμπροτάτην
1703 2156 1880 2226 φωτὸς

294 2237 510 2308 ἡμέραν
557 2240 614 2291 ἐν
661 2240 799 2312 αὐτῇ
829 2242 1239 2314 κατειργάζετο,
1273 2244 1656 2316 διαυγεστέραν
1688 2263 1746 2300 τε
1785 2247 1878 2300 xui

293 2329 778 2403 θεωρητικωτέραν
824 2334 958 2388 πολὺ
1007 2333 1169 2388 πλέον
1220 2335 1316 2389 νῦν
1355 2336 1388 2408 ἢ
1423 2338 1684 2410 πρότερον
1707 2338 1876 2408 αὐτὴν

290 2419 462 2488 αὐτῆς
484 2422 804 2490 ἀποφαῖνον,
850 2423 990 2476 ὥστε
1009 2427 1201 2496 νήφειν
1225 2427 1318 2480 xui
1337 2428 1718 2500 ἐγρηγορέναι,
1749 2446 1876 2482 συν-

287 2512 424 2582 ορᾷν
452 2529 512 2564 τε
531 2514 748 2568 πάντων
782 2515 1016 2586 μάλιστα
1050 2519 1142 2572 καὶ
1176 2519 1486 2590 συγκρίνειν
1519 2519 1589 2574 τά
1628 2521 1876 2585 θεσπιζό-

289 2615 463 2668 μενα·
496 2605 624 2671 παρ’
651 2604 678 2656 ὅ
707 2621 796 2674 μοι
826 2605 1089 2677 δοκοῦμεν
1117 2603 1175 2662 εὖ
1208 2609 1302 2662 xui
1334 2609 1547 2680 ἀληθῶς
1592 2616 1874 2683 προφήτας

285 2693 583 2746 ἀποκαλεῖν
606 2697 730 2761 τους
751 2698 1012 2760 τοιούσδε,
1033 2699 1184 2770 παρὰ
1203 2701 1266 2754 τὸ
1291 2702 1607 2774 προφαίνειν
1629 2705 1722 2759 xui
1743 2723 1874 2776 προ-

286 2785 548 2852 φωτίζειν
576 2787 632 2839 ὲν
662 2787 845 2853 αὐτοῖς
872 2791 933 2842 τὸ
959 2789 1098 2843 θεῖον
1127 2791 1349 2863 Πνεῦμα
1379 2795 1452 2866 μὴ
1479 2795 1638 2861 μόνον
1663 2795 1730 2848 τὰ
1766 2813 1871 2849 πα-

287 2877 474 2948 ρόντα,
502 2877 638 2932 ἀλλά
681 2881 776 2933 xui
824 2880 933 2933 τῶν
987 2881 1288 2951 μελλόντων
1332 2883 1503 2956 ἀληθῆ
1538 2885 1631 2938 xui
1669 2886 1869 2958 ἀκριϐῆ

286 2965 512 3033 γνῶσιν.
545 2967 824 3037 Σκέψασθε
852 2969 908 3022 δὲ
937 2971 986 3023 εί
1019 2972 1093 3042 μή
1126 2971 1259 3026 πολὺ
1298 2975 1560 3046 κρείττων
1588 2969 1742 3039 οὗτος
1777 2976 1870 3030 xui

282 3059 495 3132 ἀληθὴς
523 3062 552 3114 ό
579 3061 754 3132 λόγος,
787 3062 1011 3132 φάσκων
1063 3065 1285 3136 Πνεῦμα
1334 3065 1474 3120 θεῖον
1505 3068 1707 3138 ψυχαῖς
1751 3069 1871 3121 ὲπι-

1989 1980 2094 2035 que
2124 1965 2192 2020 de
2211 1965 2320 2020 diis
2352 1973 2405 2020 et
2439 1965 2706 2020 nefandas
2738 1963 3118 2018 narrationes:
3153 1979 3182 2016 a
3212 1963 3411 2031 quibus
3435 1976 3558 2016 cum

1981 2055 2231 2110 homines
2252 2056 2624 2124 prohiberent,
2646 2071 2815 2110 unum
2834 2054 3072 2108 universi
3096 2053 3343 2124 epiliccm
3361 2051 3556 2118 Deum,

1980 2146 2146 2217 209
2177 2149 2333 2216 quasi
2366 2148 2650 2217 prazsidem
2687 2161 2751 2200 ac
2785 2144 3028 2215 judicem
3063 2145 3306 2199 omnium
3335 2159 3455 2214 qua:
3487 2144 3556 2199 ab

1981 2236 2295 2289 hominibus
2341 2243 2594 2304 agantur,
2645 2243 2704 2288 ut
2735 2233 3098 2297 attenderent,
3142 2233 3552 2288 hortabantur:

1978 2336 2143 2398 atque
2197 2329 2416 2382 interim
2469 2344 2538 2382 ne
2577 2329 2895 2398 ignorarent
2944 2341 3090 2390 eum,
3143 2327 3237 2396 qui
3289 2333 3555 2388 venturus

1975 2426 2092 2472 erat
2124 2419 2190 2471 ad
2217 2418 2484 2481 homines,
2523 2418 2802 2473 Christum
2841 2419 3027 2488 utique
3068 2416 3181 2482 Dei,
3213 2416 3551 2470 Salvatorem

1977 2509 2219 2564 universi
2258 2509 2481 2562 humani
2506 2511 2746 2579 generis,
2779 2525 2842 2563 ac
2870 2509 3156 2564 Doctorem
3207 2523 3316 2562 non
3365 2507 3551 2560 minus

1975 2597 2223 2654 barbaris
2272 2615 2435 2670 qunm
2489 2600 2692 2654 Graecis
2744 2617 2881 2655 vera:
2931 2601 3147 2671 pietatis
3193 2601 3547 2654 destinatum.

1974 2689 2100 2746 Haec
2153 2706 2285 2746 sane
2337 2697 2456 2746 erat
2510 2691 2820 2746 dilferentia
2855 2692 2999 2747 inter
3027 2707 3123 2746 eos
3155 2692 3248 2760 qui
3283 2689 3547 2760 Spiritum

1974 2782 2071 2839 Dei
2097 2792 2436 2854 receperant,
2469 2792 2523 2840 et
2552 2801 2647 2840 eos
2677 2785 2768 2855 qui
2815 2785 3118 2838 daemonico
3172 2785 3434 2838 instinctu
3462 2781 3548 2837 di-

1972 2875 2303 2929 vinationem
2365 2874 2784 2944 profitebantur.
2836 2873 3040 2928 Deinde
3069 2889 3294 2944 pravum
3326 2870 3544 2942 quidem

1973 2966 2402 3037 unumquodque
2470 2966 2796 3021 dtemonium
2866 2975 3124 3034 tanquam
3195 2963 3543 3017 tenebrarum

1970 3060 2227 3126 amicum,
2275 3059 2516 3112 animum
2563 3058 2804 3112 tenebris
2843 3066 2898 3112 et
2953 3057 3184 3126 caligine
3239 3055 3543 3121 involvens,

283 3153 478 3222 φοιτᾷν
514 3151 973 3225 κεκαθαρμέναις,
1002 3154 1096 3208 xui
1141 3155 1217 3227 νῷ
1267 3157 1469 3229 λογικῷ
1517 3159 1612 3212 xui
1658 3159 1863 3229 διαυγεῖ

1971 3165 2198 3206 accessu
2239 3165 2340 3207 suo
2368 3165 2753 3222 quemcunque
2789 3146 2893 3202 sibi
2929 3147 3260 3217 subjecerat,
3306 3143 3542 3198 naturali

281 3240 422 3313 πρὸς
446 3241 709 3314 ὑποδοχήν
733 3243 828 3296 τοῦ
861 3243 1016 3298 Θείου
1048 3249 1606 3319 παρεσκευασμέναις,
1641 3251 1674 3322 ἢ
1700 3252 1728 3304 ό
1756 3250 1865 3304 τῶν

283 3331 347 3383 ὲν
375 3331 566 3403 ἀψύχῳ
595 3332 695 3406 ὕλῃ
728 3334 820 3387 xui
846 3335 1080 3398 σκοτίοις
1111 3339 1300 3406 μυχοῖς
1324 3337 1778 3392 ὲναποκλειόντων
1805 3337 1867 3391 τὸ

280 3419 458 3487 Θεῖον,
487 3422 544 3474 ἐν
573 3439 632 3475 τε
663 3422 933 3491 γυναικῶν
966 3423 1060 3475 xui
1093 3422 1302 3494 ἀνδρῶν
1354 3425 1413 3476 οὐ
1457 3424 1727 3496 καθαραῖς
1770 3424 1866 3494 ψυ-

282 3514 430 3581 χαῖς,
461 3511 558 3584 ήδη
589 3512 645 3565 δὲ
673 3513 766 3566 xui
795 3513 886 3566 ἐπὶ
913 3514 1154 3586 κόρακας
1185 3514 1531 3586 καὶκίέρακας
1557 3516 1651 3568 xui
1671 3515 1864 3578 ἄλλους

277 3603 525 3668 οἰωνοὺς,
556 3604 648 3657 ἐπί
678 3622 738 3658 τε
767 3601 926 3675 αἶγας
950 3607 1044 3660 xui
1071 3606 1206 3660 ἄλλα
1233 3606 1368 3671 ζῶα,
1396 3607 1484 3662 vui
1517 3607 1623 3677 μὴν
1653 3607 1746 3660 xui
1770 3608 1862 3661 ἐπὶ

279 3693 488 3748 ὑδάτων
529 3696 831 3760 συστάσεις,
862 3695 918 3750 έν
949 3715 1009 3749 τε
1039 3697 1491 3768 ἡπατοσκοπίαις,
1529 3698 1621 3752 xui
1664 3699 1860 3769 αἵμασι

277 3788 518 3860 νοσερῶν
554 3790 648 3841 xui
675 3789 1263 3860 είδεχθῶνακνωδάλων,
1295 3790 1542 3861 ἑρπετῶν
1557 3808 1616 3844 τε
1640 3790 1859 3844 ἰοϐόλων

277 3876 545 3948 σώμασιν,
574 3873 684 3932 οἷον
722 3880 1028 3951 δρακόντων
1076 3881 1171 3934 xui
1215 3881 1416 3951 γαλῶν,
1453 3882 1546 3936 καί
1577 3900 1736 3937 τινων
1765 3882 1859 3936 άλ-

273 3968 382 4022 λων
409 3970 854 4042 τοιουτοτρόπων,
884 3972 951 4025 δι’
980 3966 1055 4024 ὧν
1086 3971 1185 4044 τὴν
1234 3973 1343 4026 τῶν
1394 3973 1694 4044 μελλόντων
1722 3974 1856 4047 πρό-

275 4081 476 4131 γνωσιν
508 4066 557 4117 oi
585 4065 876 4136 θαυμάσιοι
903 4065 996 4120 τὸν
1035 4069 1127 4121 ἐπὶ
1161 4067 1377 4122 πάντων
1406 4068 1540 4122 Θεὸν
1577 4071 1855 4140 ἐκφαίνειν

272 4156 627 4228 ὑπειλήφασι.
660 4157 830 4212 Τοῦτο
872 4159 918 4213 δ’
948 4159 1161 4231 ἀνδρῶν
1202 4155 1270 4232 ἦν
1321 4159 1396 4232 μὴ
1429 4163 1852 4233 συνεωρακότων

269 4248 408 4302 Θεοῦ
441 4248 620 4318 φύσιν,
661 4249 794 4320 μηδέ
823 4267 886 4320 γε
917 4251 1061 4306 θείου
1085 4252 1398 4323 Πνεύματός
1424 4251 1651 4324 δύναμιν
1675 4255 1853 4308 ὲπινε-

267 4341 564 4410 νοηκότων,
599 4341 845 4412 οὐδαμῶς
897 4343 994 4414 μὲν
1049 4343 1530 4416 ὲμφιλοχωροῦσαν
1561 4344 1786 4417 ἀψύχοις
1814 4346 1848 4418 ἢ

265 4431 485 4500 ἀλόγοις
532 4431 710 4497 ζώοις,
743 4432 858 4486 ἀλλ’
885 4435 994 4487 οὐδ’
1025 4436 1082 4488 ὲν
1128 4435 1364 4505 λογικοῖς
1415 4435 1638 4502 άπασιν,
1670 4439 1720 4491 εί
1773 4441 1845 4511 μή

1970 3261 2072 3302 usu
2103 3245 2336 3300 rationis
2367 3245 2738 3307 deturbatum,
2770 3242 2926 3312 quasi
2957 3248 3229 3296 mortuum
3263 3237 3542 3294 distende-

1967 3339 2078 3404 bat.
2118 3335 2307 3408 Itaque
2340 3337 2432 3391 ille
2451 3340 2728 3405 tanquam‘
2753 3335 2901 3389 omni
2937 3348 3100 3387 sensu
3135 3332 3425 3402 spoliatus,
3458 3329 3541 3384 fa-

1964 3438 2196 3498 ctusque
2224 3443 2434 3488 amens,
2465 3426 2595 3496 quid
2634 3441 2664 3478 a
2708 3440 2767 3480 se
2796 3424 2880 3478 vel
2920 3422 3193 3478 diceretur
3225 3423 3309 3478 vel
3344 3437 3535 3490 agere-

1964 3529 2073 3583 tur,
2101 3518 2414 3589 neutiquam
2445 3517 2800 3588 intelligentia
2834 3516 3290 3585 consequebatur.
3329 3513 3405 3569 Ex
3429 3528 3536 3585 qua

1961 3628 2022 3668 re
2056 3612 2252 3667 merito
2287 3609 2599 3666 istiusmodi
2647 3608 2963 3664 alienationi
3011 3623 3208 3662 nomen
3257 3607 3535 3676 imposue-

1961 3712 2112 3768 runt,
2147 3704 2292 3773 quod
2333 3717 2457 3757 cum
2488 3701 2881 3756 divinationem
2928 3698 3212 3770 signiticet.
3271 3713 3303 3752 a
3350 3697 3536 3753 furore

1957 3795 2176 3852 videtur
2217 3810 2339 3852 esse
2379 3793 2695 3850 deductum.
2751 3791 2927 3848 Verus
2975 3801 3156 3846 autem
3205 3790 3535 3862 divinosque

1960 3888 2202 3960 Spiritus
2235 3903 2360 3942 cum
2406 3886 2802 3950 lucidissimus,
2843 3900 2907 3938 ac
2949 3885 3129 3954 potius
3164 3885 3281 3954 ipsa
3315 3885 3409 3938 lux
3438 3885 3531 3948 sit.

1958 3981 2025 4036 ad
2054 3993 2438 4050 quamcunque
2470 3979 2708 4032 animam
2733 3985 3066 4040 accesserat,
3098 3981 3154 4031 in
3179 3992 3242 4031 ea
3269 3979 3531 4032 continuo

1955 4089 2156 4128 novum
2215 4089 2280 4129 ac
2330 4072 2836 4145 splendidissimum
2889 4071 3030 4127 lucis
3071 4072 3214 4127 diem
3247 4086 3531 4142 comparap

1955 4168 2068 4232 bat,
2099 4167 2457 4238 eamdemque
2484 4174 2538 4220 et
2571 4165 2802 4222 nitidam
2843 4172 2898 4220 et
2937 4164 3004 4220 ad
3048 4165 3526 4234 contemplandum

1954 4256 2226 4322 idoneam,
2250 4258 2423 4312 multo
2453 4257 2688 4326 amplius
2717 4271 2865 4311 nunc
2887 4270 3049 4326 quam
3076 4255 3227 4325 prius
3246 4271 3370 4311 esse
3393 4271 3528 4310 con-

1953 4349 2246 4414 suevisset,
2281 4349 2563 4404 reddebat.
2596 4345 2786 4418 Itaque
2819 4362 2943 4402 cum
2979 4348 3214 4402 maxime
3253 4354 3308 4404 et
3351 4347 3524 4402 sobrii

1952 4449 2131 4507 erant,
2155 4449 2210 4497 et
2239 4441 2555 4512 vigilabant,
2587 4449 2641 4496 et
2671 4456 2781 4514 prae
2813 4441 2936 4495 aliis
2982 4440 3237 4496 omnibus
3271 4455 3393 4511 qua:
3425 4454 3522 4494 ca-

265 4541 398 4578 ποτε
471 4525 579 4596 ἄρα
625 4524 658 4596 ή
709 4525 886 4596 μόνων
915 4526 1101 4598 ψυχῶν
1145 4527 1240 4581 xui
1285 4528 1563 4601 ὲναρέτοις
1618 4528 1846 4600 ψυχαῖς,

1965 4536 2176 4600 nebant,
2212 4535 2316 4605 ipsi
2350 4535 2705 4590 intuebantur
2754 4543 2809 4590 et
2856 4535 3268 4605 comparabant.
3305 4533 3383 4590 Ex
3411 4551 3523 4605 quo

261 4615 411 4678 οἵους
457 4616 587 4685 ἡμῖν
633 4616 835 4686 ἀρτίως
863 4618 891 4670 ὁ
913 4616 1068 4685 λόγος
1094 4618 1221 4682 τοὺς
1260 4617 1527 4692 Ἐϐραίων
1563 4620 1847 4692 ὑπέγραψε

265 4709 578 4778 προφήτας
611 4708 705 4772 οὓς
735 4709 829 4762 τοῦ
862 4709 1007 4763 θείου
1038 4710 1353 4783 Πνεύματός
1389 4730 1568 4784 φαμεν
1611 4711 1847 4785 ἀξιωθῆ.

261 4816 350 4852 ναι
388 4800 639 4870 μεγάλων
680 4801 864 4855 ἕνεκεν
897 4803 1239 4873 πραγμάτων
1265 4805 1589 4876 οἰκουμένης
1628 4806 1846 4877 ἀπάσης

260 4889 567 4963 ἀνθρώπων
608 4891 884 4962 βελτιώσει
928 4894 1398 4966 συμϐαλλομένων.
1429 4897 1490 4949 El
1515 4896 1571 4949 δέ
1607 4898 1719 4950 ποτ’
1741 4898 1842 4949 αὐ-

258 4984 374 5046 τοῖς
407 4983 562 5046 σκιᾶς
591 4983 746 5056 δίκην
775 4985 1129 5057 ἐπηκολούθει
1157 4985 1216 5040 τὸ
1242 4987 1335 5040 xui
1362 4987 1430 5040 τὰ
1465 4988 1709 5059 παρόντα
1733 4989 1842 5041 τῶν

265 5071 448 5142 μέσων
475 5073 569 5125 xui
595 5072 900 5145 ἀδιαφόρων
927 5075 1233 5146 γνωρίζειν,
1264 5077 1357 5129 xui
1392 5077 1675 5149 προλέγειν
1703 5078 1841 5132 κατὰ

260 5163 452 5235 καιρδν
491 5165 559 5218 τά
587 5167 923 5238 ἀγνοούμενα
954 5170 1067 5232 τοῖς
1101 5168 1377 5241 ἐρωτῶσιν
1407 5172 1716 5240 ἀναγκαίως
1745 5173 1840 5226 xui

258 5257 418 5312 τοῦτο
455 5262 571 5323 τοῖς
613 5260 782 5314 πάλαι
815 5261 999 5325 αὐτοῖς
1045 5261 1403 5334 πλησιάζουσι
1455 5268 1734 5338 παρεῖχον,
1762 5266 1838 5330 ὡς

257 5347 326 5404 ἂν
360 5350 436 5422 μή
464 5351 670 5407 δοκοῖεν
696 5353 746 5408 οἱ
769 5353 934 5424 λίχνοι
957 5357 1084 5429 περὶ
1106 5356 1206 5421 τὰς
1233 5357 1570 5430 προγνώσεις
1601 5358 1836 5427 εὐλόγως

258 5439 571 5496 ἀποκλίνειν
607 5443 699 5498 ἐπὶ
741 5444 811 5497 τά
840 5445 944 5510 ἔξω
990 5446 1099 5499 τῶν
1145 5447 1456 5517 ἀλλοφύλων
1485 5447 1652 5501 ἐθνῶν
1697 5465 1832 5519 μαν-

257 5537 377 5586 τεῖα
411 5536 603 5589 σπάνει
635 5537 927 5610 προφητῶν
951 5538 1184 5595 οἰκείων.
1205 5539 1364 5594 Ἀλλά
1395 5540 1567 5594 ταῦτα
1604 5540 1701 5611 μὲν
1729 5535 1829 5595 ὦδε

259 5624 408 5690 τέλος
436 5627 626 5696 ἐχέτω,
659 5629 758 5701 τῆς
791 5631 848 5682 ἐν
893 5634 1003 5694 τοῖς
1043 5631 1308 5701 Ἐϐραίων
1345 5635 1649 5704 προφήταις
1681 5632 1830 5698 Θείας

259 5717 536 5788 δυνάμεως
567 5720 694 5774 ὄντα
727 5724 1272 5797 παραστατ.ικά.Ὦρα
1302 5724 1365 5797 δὴ
1389 5719 1480 5778 οὖν
1506 5725 1706 5790 αὐτοῖς,
1741 5721 1828 5779 οἵα

257 5808 320 5880 δή
347 5809 552 5876 ἐνθέοις
576 5811 800 5886 ἀνδράσι
827 5814 918 5868 xui
947 5817 1150 5886 σοφοῖς,
1178 5815 1239 5868 οὐ
1270 5815 1389 5870 κατ’
1417 5815 1703 5889 ἄνθρωπον
1733 5816 1823 5885 γέ-

1949 4621 2083 4676 mihi
2117 4623 2252 4678 bene
2279 4638 2514 4693 vereque
2545 4623 2795 4678 videmur
2831 4639 2927 4680 eos
2970 4624 3065 4696 qui
3112 4625 3248 4681 tales
3296 4625 3523 4681 exstite-

1947 4715 2078 4777 rint,
2110 4730 2308 4790 vocare
2337 4715 2649 4786 prophetas,
2677 4715 2824 4786 quod
2848 4716 3066 4772 divinus
3100 4716 3155 4770 in
3177 4717 3257 4772 eis
3281 4715 3519 4787 Spiritus

1946 4813 2072 4858 ante
2097 4803 2409 4868 ostendere,
2435 4812 2490 4860 et
2521 4805 2726 4861 lumine
2761 4821 2862 4862 suo
2883 4807 3204 4877 anticipare,
3237 4822 3348 4861 non
3376 4823 3516 4878 pra:-

1943 4893 2180 4947 sentium
2231 4891 2415 4958 modo,
2467 4907 2651 4947 verum
2705 4894 2866 4948 etiam
2937 4893 3245 4948 futurorum
3307 4909 3510 4960 veram,

1941 4996 2255 5055 certamque
2270 4986 2644 5056 cognitionem
2667 4985 3030 5040 consueverit.
3066 4985 3357 5049 Cancrum,
3382 5002 3516 5042 con—

1940 5077 2299 5146 templamini,
2334 5093 2539 5148 quaeso,
2578 5076 2808 5146 longene
2860 5075 3054 5130 melior
3087 5076 3202 5132 hinc
3237 5085 3291 5131 et
3331 5079 3514 5133 verior

1937 5171 2132 5235 oratio,
2164 5185 2285 5240 qua:
2313 5171 2390 5224 ait
2412 5170 2654 5226 divinum
2688 5169 2950 5240 Spiritum
2988 5170 3043 5224 in
3077 5171 3288 5225 animas
3310 5185 3512 5241 expur-

1937 5271 2113 5334 gatas,
2149 5271 2203 5318 et
2231 5263 2295 5318 ad
2333 5263 2740 5334 suscipiendam
2767 5263 3114 5318 Divinitatem
3147 5261 3508 5332 intelligentia

1935 5363 1990 5412 et
2023 5357 2234 5410 ratione
2277 5357 2447 5410 nitida
2500 5366 2866 5427 comparatas,
2917 5355 3125 5427 ingredi
3159 5354 3403 5416 solitum,
3437 5370 3504 5408 an

1933 5463 2122 5503 eorum
2156 5447 2248 5518 qui
2292 5448 2345 5501 in
2377 5450 2604 5503 materia
2645 5448 2887 5502 inanima
2917 5456 2972 5502 et
3010 5447 3372 5502 tenebricosis
3414 5462 3504 5499 se-

1929 5541 2199 5605 cessibus,
2251 5539 2494 5595 divinum
2545 5542 2690 5611 quod
2742 5541 2833 5605 sit,
2880 5539 3408 5607 includuntzatque
3442 5539 3496 5590 in

1930 5633 2255 5687 feminarum
2287 5633 2638 5703 virorumque
2671 5633 2902 5704 impuris
2927 5634 3148 5698 animis,
3192 5648 3402 5688 necnon
3437 5629 3494 5684 in

1929 5727 2108 5783 corvis
2163 5734 2325 5795 atque
2373 5726 2725 5797 accipitribus
2757 5728 3057 5798 avibusque
3094 5727 3327 5789 caeteris,
3362 5739 3499 5795 pra:-

1929 5827 2074 5882 terea
2107 5815 2162 5872 in
2194 5817 2374 5890 capris
2395 5824 2444 5874 et
2478 5818 2706 5889 reliquis
2737 5819 3086 5884 animalibus,
3119 5817 3417 5891 quinetiam
3441 5814 3497 5872 in
