4100 6430
555 378 662 435 δι’]

1174 376 1449 434 EUSEBII
1485 370 1969 434 CASSARIENSIS
2006 377 2155 434 OPP.
2190 378 2387 435 PARS.
2429 379 2497 437 lt.
2535 410 2605 421 -—-
2635 376 3134 435 APOLOGETICA.

3703 377 3822 433 διδ

556 508 821 566 aquarum
847 494 1284 559 collectionibus,
1313 495 1370 549 in
1393 494 1720 566 extispiciis,
1754 496 1809 550 in
1839 496 2133 552 cruoribus

2238 496 2501 568 νομένοις,
2516 497 2635 550 κατ’
2654 496 2938 551 ἐπίπνοιαν
2958 495 3016 550 δὲ
3034 494 3178 548 θείου
3196 492 3337 546 Πνεύ
3346 509 3512 564 ματος
3528 492 3819 548 πείθεσθαι

555 588 869 643 odiosarum
905 603 969 642 ac
1001 586 1327 642 deformium
1383 587 1712 652 belluarum,
1744 588 1801 642 in
1831 595 2132 644 venenato-

555 695 677 732 rum
708 682 1045 749 serpentium
1077 680 1425 750 corporibus,
1449 687 1509 734 ut
1531 678 1832 734 draconum
1855 690 1909 735 et
1932 688 2137 734 muste-

554 770 755 837 larum,
785 780 840 826 et
871 771 1105 827 aliorum
1150 771 1393 841 ejusdem
1416 770 1654 842 generis,
1692 786 1788 841 per
1818 787 1940 842 quae
1988 768 2139 824 futu-

555 878 741 920 rarum
776 878 960 919 rerum
991 864 1359 934 cognitionem
1395 879 1427 917 a
1459 878 1718 933 supremo
1758 862 1870 918 Deo
1899 862 2135 918 indicari

555 957 610 1006 et
638 951 818 1021 prodi,
841 954 1190 1010 admirabiles
1214 953 1304 1009 isti
1328 961 1381 1009 et
1404 953 1607 1023 egregii
1632 961 1913 1020 auctores,
1940 959 2133 1007 contra

554 1058 694 1112 quos
723 1043 981 1109 dicimus,
1027 1055 1379 1115 putaverunt.
1414 1045 1579 1116 210
1610 1044 1783 1100 Porro
1847 1045 1993 1099 istuc
2034 1043 2136 1100 ho—

556 1135 766 1189 minum
796 1134 900 1189 fuit
929 1136 1134 1190 nullam
1160 1137 1360 1192 divinae
1385 1147 1595 1192 natura:
1636 1137 1907 1192 rationem
1934 1136 2136 1191 baben-

556 1230 715 1293 tium,
757 1245 935 1299 neque
966 1245 1095 1285 vero
1126 1245 1376 1300 quaenam
1429 1229 1499 1285 sit
1545 1228 1714 1284 divini
1763 1228 1999 1300 Spiritus
2025 1228 2131 1293 vis,

556 1321 1050 1388 considerantium,
1080 1339 1203 1394 qua:
1232 1323 1383 1377 nullo
1409 1320 1572 1377 modo
1595 1322 1837 1376 inanima
1860 1322 2133 1391 brutaque

556 1412 816 1466 animalia
854 1413 1091 1468 incolere
1136 1413 1356 1485 gaudet,
1391 1427 1455 1466 ac
1489 1428 1559 1468 ne
1592 1412 1881 1466 rationalia
1912 1410 2132 1482 quidem

557 1510 776 1567 cuncta,
803 1503 897 1558 sed
926 1518 989 1558 ea
1018 1512 1227 1558 tantum
1258 1504 1313 1558 in
1343 1519 1578 1574 quorum
1612 1504 1809 1559 animis
1845 1503 2019 1558 virtus
2048 1501 2134 1556 in-

556 1593 630 1648 sit
676 1595 941 1664 perfecta,
983 1596 1172 1665 quales
1205 1596 1365 1666 paulo
1402 1607 1527 1650 ante
1554 1596 1850 1665 praphetas
1878 1593 2143 1650 Hebraeo~

554 1698 677 1737 rum
701 1685 880 1739 oratio
902 1694 1093 1741 nostra
1118 1685 1433 1758 descripsit,
1465 1701 1604 1756 quos
1635 1686 1878 1741 diximus
1910 1699 2135 1754 magna-

555 1790 679 1829 rum
712 1791 895 1831 rerum
943 1791 1132 1841 causa,
1171 1777 1356 1833 divino
1393 1776 1601 1847 Spiritu
1632 1777 1827 1847 dignos
1878 1791 2001 1832 esse
2034 1775 2132 1829 ha-

2234 589 2564 654 διδάσκουσι,
2592 586 2939 641 παιδεύεσθαί
2969 604 3029 641 τε
3057 586 3127 640 τά
3158 585 3289 657 παρ’
3316 585 3500 648 αὐτοῖς
3545 583 3818 655 δόγματα,

2237 679 2331 733 καὶ
2373 678 2470 743 τὰς
2502 678 2746 742 εὐσεϐεῖς
2780 679 2874 732 καὶ
2907 676 3275 740 ἀδιαπτώτως
3304 675 3602 745 θεολογίας,
3631 674 3820 730 οὐκέτ’

2235 770 2563 841 ἀμφιϐολίαν
2600 770 2813 842 ἔχοντα,
2846 771 2920 842 μή
2951 787 3027 841 πη
3055 770 3255 841 ἀρετῆς
3296 766 3391 823 καὶ
3431 768 3692 841 ἀληθείας
3716 768 3822 823 ἀλ-

2233 863 2442 936 λότριον
2467 862 2783 932 ἐπάγονται.
2812 863 2935 935 Φέρ⁹
2963 858 3055 916 οὖν
3085 862 3187 933 ἤδη
3213 861 3419 927 λοιπὸν,
3450 861 3821 926 ἀναλαϐόντες

2233 953 2293 1019 ἐξ
2321 953 2573 1025 ὑπαρχῆς
2611 953 2703 1007 τδν
2745 952 2922 1022 λόγον,
2949 952 3047 1025 τὴν
3079 955 3138 1007 ὲν
3164 956 3276 1017 τοῖς
3303 952 3654 1022 Εὐαγγελίοις
3682 950 3822 1025 περὶ

2231 1047 2330 1117 τὴν
2359 1044 2454 1099 τοῦ
2474 1045 2726 1117 Σωτῆρος
2748 1046 2903 1117 ἡμῶν
2929 1045 3104 1117 Ἰησοῦ
3132 1046 3225 1099 τοῦ
3252 1045 3488 1117 Χριστοῦ
3511 1045 3816 1115 θεολογίαν,

2231 1135 2341 1188 ἀπὸ
2396 1136 2495 1208 τῆς
2557 1136 2898 1207 προφητικῆς
2951 1135 3253 1207 μαρτυρίας
3313 1134 3819 1207 πιστωσώμεθα.Ἡ

2236 1227 2335 1299 μὲν
2377 1224 2471 1282 οὖν
2513 1228 3148 1301 εὐαγγελικὴξμαρτυρία
3180 1222 3284 1282 ὧδε
3313 1228 3405 1282 τὸν
3434 1228 3666 1301 Χριστὸν
3695 1227 3820 1282 θεο-

2231 1319 2411 1390 λογεῖ·
2447 1340 2466 1372 ι
2490 1322 2577 1375 Ἐν
2608 1322 2748 1393 ἀρχῇ
2782 1316 2850 1392 ἦν
2896 1323 2924 1375 ό
2966 1319 3156 1389 Λόγος,
3182 1321 3275 1374 καὶ
3311 1321 3340 1373 ό
3378 1320 3548 1388 Λόγος
3573 1316 3641 1392 ἦν
3674 1319 3818 1391 πρὸς

2230 1412 2323 1467 τὸν
2352 1413 2503 1478 Θεὸν,
2530 1415 2623 1468 καὶ
2651 1414 2784 1477 Θεὸς
2815 1409 2882 1485 ἦν
2912 1414 2940 1465 ὁ
2970 1412 3159 1481 Λόγος.
3191 1413 3378 1467 Πάντα
3402 1413 3468 1466 δι’
3500 1412 3661 1467 αὑτοῦ
3690 1412 3818 1482 ὲγὲ-

2228 1511 2375 1587 νετο,
2411 1504 2503 1557 καὶ
2536 1504 2704 1576 χωρὶς
2751 1504 2917 1556 αὐτοῦ
2952 1504 3168 1572 ἐγένετο
3214 1503 3334 1557 οῦδὲ
3361 1504 3441 1558 ἕν.
3476 1522 3495 1557 ι
3542 1503 3715 1557 Καλεῖ
3760 1504 3813 1558 δ’

2232 1596 2393 1650 αὐτὸν
2424 1597 2518 1650 καῖ
2540 1597 2656 1665 φῶς
2679 1597 2884 1667 νοερὸν,
2915 1595 3072 1651 καλεῖ
3112 1596 3170 1649 δὲ
3214 1598 3310 1649 καὶ
3344 1597 3568 1669 Κύριον.
3594 1597 3819 1669 ὡσπερ-

2230 1687 2324 1741 οῦν
2370 1688 2465 1741 καὶ
2509 1688 2660 1741 Θεόν.
2692 1690 2800 1742 Καὶ
2838 1691 2866 1742 ὁ
2914 1688 3200 1752 θεσπέσιος
3250 1689 3308 1743 δὲ
3345 1688 3577 1754 Παῦλος,
3602 1686 3691 1743 οἷα
3715 1688 3815 1743 τοῦ

2231 1780 2467 1852 Χριστοῦ
2505 1779 2751 1852 μαθητὴς
2782 1779 2856 1835 ὢν
2884 1781 2979 1834 καὶ
3008 1779 3326 1844 ἀπόστολος,
3352 1780 3566 1852 συνᾴδει
3596 1782 3661 1852 τῇ
3691 1778 3815 1835 θεο-

552 1867 723 1931 bitos,
753 1875 943 1939 utpote
975 1868 1067 1939 qui
1101 1868 1252 1925 orbis
1286 1868 1529 1923 universi
1562 1868 1880 1922 hominibus
1909 1882 1973 1921 ea
1998 1882 2129 1937 pro~

2232 1872 2410 1943 λογίᾳ,
2442 1872 2617 1926 ταῦτα
2659 1873 2787 1944 περὶ
2824 1870 2988 1926 αὐτοῦ
3029 1869 3239 1938 διεξιών
3259 1889 3273 1903 ·
3312 1873 3442 1935 (Ὃς
3470 1874 3618 1926 ἐστιν
3649 1870 3818 1927 εἰκὼν

556 1957 749 2014 derent
779 1975 901 2029 quae
929 1959 995 2013 ad
1036 1959 1279 2030 ipsorum
1317 1959 1373 2013 in
1421 1962 1625 2015 virtute
1670 1958 1973 2029 profectum
2003 1973 2134 2013 con-

555 2049 852 2118 ducerent;
918 2050 1061 2121 quod
1120 2051 1165 2106 si
1216 2051 1437 2121 quando
1501 2051 1625 2106 illos
1677 2051 1852 2106 instar
1902 2050 2130 2115 umbrae,

555 2141 723 2194 etiam
775 2156 958 2196 rerum
995 2142 1344 2212 praesentium
1392 2157 1457 2197 ac
1488 2141 1793 2197 mediarum
1845 2150 2009 2212 atque
2047 2142 2134 2196 in-

556 2230 923 2287 diﬂ‘erentium
955 2234 1196 2303 cognitio
1228 2234 1488 2289 comitata
1537 2240 1642 2297 est,
1688 2249 1862 2303 usque
1910 2233 2045 2287 adeo
2074 2239 2133 2286 ut

555 2321 981 2378 sciscitantibus.
1022 2339 1143 2394 quae
1190 2324 1524 2393 ignorarent,
1574 2322 1641 2377 ad
1672 2330 1885 2393 tempus
1915 2337 2135 2393 quoque

553 2413 939 2485 pradicerent,
985 2415 1147 2470 etiam
1182 2415 1289 2471 hoc
1322 2416 1499 2487 ipsum
1533 2415 1849 2471 necessario
1887 2415 1997 2470 illis
2039 2415 2132 2485 qui

528 2501 623 2558 ad
662 2504 810 2575 ipsos
841 2503 1199 2570 accederent,
1241 2505 1553 2576 praebebant
1583 2524 1596 2559 :
1651 2505 1910 2560 nimirum
1942 2523 2012 2562 ne
2043 2507 2131 2563 isti

556 2595 762 2650 curiosi
800 2610 864 2649 ac
922 2611 1185 2667 perquam
1234 2597 1377 2652 avidi
1428 2596 1849 2660 divinationum,
1880 2597 2006 2667 jure
2060 2599 2129 2653 ad

557 2694 801 2742 extrema
832 2687 1060 2742 aliarum
1090 2688 1373 2742 nationum
1402 2688 1645 2752 oracula,
1679 2690 1906 2758 penuria
1938 2688 2130 2743 dome-

558 2779 824 2832 sticorum
872 2779 1287 2848 prophetarum,
1342 2778 1600 2835 secedere
1647 2780 1984 2834 viderentur.
2023 2778 2128 2834 Sed

556 2866 674 2922 haec
695 2866 965 2922 hactenus
992 2867 1137 2921 dicta
1169 2868 1300 2933 sint,
1336 2868 1402 2923 ad
1440 2868 1587 2922 illam
1628 2869 1740 2922 vim
1767 2868 2006 2924 divinam
2037 2869 2133 2925 de-

556 2957 971 3014 monstrandam
998 2974 1120 3030 quae
1140 2960 1198 3014 in
1235 2959 1519 3030 pr0phetis
1547 2958 1898 3015 Hebraeorum
1930 2960 2129 3015 inerat.

2233 1966 2326 2019 τοῦ
2356 1963 2489 2022 Θεοῦ
2518 1965 2769 2037 ἀοράτου,
2800 1965 3150 2037 Πρωτότοκος
3176 1964 3614 2035 πάσηςκτίσεως,
3643 1966 3726 2019 δτι
3754 1966 3818 2019 ὲν

2233 2056 2382 2127 αὐτῷ
2400 2055 2620 2127 ἐκτίσθη
2651 2055 2720 2108 τὰ
2735 2056 2929 2120 πάντα,
2943 2056 3013 2109 τά
3030 2058 3086 2109 ὲν
3115 2057 3228 2120 τοῖς
3252 2057 3501 2129 οὐρανοῖς
3516 2057 3609 2110 καὶ
3629 2055 3700 2110 τά
3720 2057 3821 2110 ἐπὶ

2231 2149 2330 2218 τῆς
2362 2149 2483 2220 γῆς,
2502 2149 2612 2202 εἴτε
2639 2147 2840 2221 θρόνοι,
2860 2151 2968 2202 εἴτε
2987 2148 3329 2220 κυριότητες,
3355 2149 3463 2203 εἴτε
3489 2150 3673 2222 ἀρχαὶ.
3703 2150 3817 2204 εἴτε

2233 2239 2492 2304 ἐξουσίαι.
2518 2237 2600 2291 Τά
2632 2238 2808 2291 πάντα
2836 2238 2901 2291 δι’
2935 2238 3102 2292 αὑτοῦ
3130 2239 3223 2294 καῖ
3244 2241 3324 2303 είς
3353 2240 3514 2292 αὐτδν
3547 2238 3814 2303 ἔκτισται,

2232 2332 2324 2385 καὶ
2344 2330 2505 2395 αὑτός
2519 2332 2635 2383 ἐστι
2658 2331 2763 2401 πρὸ
2783 2331 3019 2394 πάντων,
3044 2329 3219 2384 καὶτὰ
3239 2330 3415 2387 πάντα
3432 2331 3499 2383 δι’
3511 2329 3674 2384 αὑτοῦ
3690 2347 3818 2385 συν·

2234 2424 2452 2495 ἔστηκε.
2478 2443 2494 2475 ι
2510 2422 2789 2493 Κέκληται
2823 2424 2917 2477 καὶ
2941 2422 3076 2476 Θεοῦ
3097 2421 3325 2493 δύναμις
3351 2424 3440 2475 καὶ
3460 2422 3592 2476 Θεοῦ
3625 2422 3811 2492 σοφία.

2231 2513 2382 2569 Δὺτά
2415 2514 2478 2585 δὴ
2512 2509 2604 2567 οὖν
2634 2513 2810 2567 ταῦτα
2857 2513 3141 2585 πρόκειται
3169 2513 3262 2567 καὶ
3288 2511 3382 2567 νῦν
3411 2511 3519 2570 ἀπδ
3544 2511 3654 2566 τῶν
3678 2514 3812 2584 παρ’

2244 2605 2514 2677 Ἑϐραίοις
2554 2604 2909 2676 προφητικῶν
2938 2604 3166 2676 γραφῶν
3199 2603 3579 2670 ὲξανθίσασθαι
3598 2642 3613 2667 ,
3637 2603 3714 2667 ὡς
3744 2601 3814 2658 ἂν

2230 2696 2319 2751 διά
2346 2698 2446 2766 τῆς
2478 2701 2535 2751 ὲν
2571 2696 2852 2769 ἑκατέροις
2891 2699 3004 2759 τοῖς
3055 2695 3247 2768 μέρεσι
3282 2697 3601 2767 συμφωνίας
3637 2696 3671 2766 ἡ
3716 2694 3813 2749 τοῦ

2230 2792 2465 2864 ἀληθοῦς
2493 2789 2767 2856 ἀπόδειξις
2801 2791 3197 2864 παρασταθείη.
3225 2792 3346 2863 Χρὴ
3376 2792 3432 2845 δὲ
3462 2792 3537 2863 μὴ
3570 2792 3809 2860 ἀγνοεῖν,

2231 2885 2313 2937 ὅτι
2340 2885 2388 2936 οἱ
2418 2883 2518 2953 μὲν
2547 2882 2680 2936 θεῖοι
2710 2883 2970 2954 χρησμοὶ,
2999 2882 3135 2936 πολὺ
3163 2883 3222 2937 τὸ
3250 2883 3345 2936 καὶ
3375 2882 3512 2954 πρὸς
3540 2881 3685 2947 λέξιν
3714 2883 3811 2939 καὶ

2232 2976 2370 3047 πρὸς
2412 2973 2655 3027 διάνοιαν
2717 2973 2993 3048 ὑπερφυὲς
3029 2976 3096 3045 τῇ
3155 2973 3418 3046 Ἐϐραίων
3463 2977 3613 3046 φωνῇ
3657 2990 3817 3047 περι-

557 3042 799 3121 Tempus
838 3049 1006 3120 igitur
1044 3050 1158 3119 jam
1192 3057 1277 3104 est
1307 3058 1365 3104 ut
1397 3050 1476 3103 illi
1506 3057 1766 3120 tanquam
1805 3050 1843 3105 ii
1884 3050 1978 3121 qui
2026 3051 2131 3104 viri

556 3140 737 3196 divini
775 3140 1182 3210 sapientesque,
1230 3155 1340 3196 non
1389 3141 1630 3195 humano
1680 3156 1855 3205 more,
1899 3141 2133 3198 exstite-

2188 3086 2195 3096 '
2232 3068 2467 3139 ἔχοντες,
2514 3067 2769 3141 διαφόρου
2814 3068 2911 3138 τῆς
2936 3067 3029 3121 ἐπὶ
3073 3067 3132 3121 τὺ
3176 3066 3484 3138 Ἑλληνικὸν
3517 3066 3812 3139 ἑρμηνείας

2231 3162 2583 3233 τετυχήκασι,
2600 3159 2693 3213 τοῦ
2714 3158 3097 3232 δυσθεωρήτου
3126 3158 3304 3231 χάριν.
3340 3160 3402 3213 Oi
3429 3159 3472 3212 δ’
3497 3154 3588 3212 οὖν
3619 3158 3812 3231 ἄνδρες

556 3241 706 3296 runt,
736 3232 828 3287 sed
854 3231 1013 3286 aillati
1037 3233 1222 3288 divino
1248 3232 1473 3304 Spiritu,
1497 3248 1617 3304 quae
1634 3232 1903 3289 credenda
1927 3240 2133 3298 essent,

2237 3231 2447 3324 ἀθρόως
2489 3252 2727 3323 Ἑϐραῖοι
2769 3250 3072 3322 συμφώνως
3113 3251 3281 3314 αὐτὰς
3318 3249 3810 3321 μεταϐεϐλήκασιν,

556 3322 867 3389 docuerint,
928 3339 1029 3379 sua
1078 3325 1322 3395 ipsorum
1373 3325 1615 3389 decreta,
1667 3331 1721 3380 et
1772 3340 1897 3379 cum
1933 3324 2133 3394 pietate

2231 3322 2323 3412 οἷς
2348 3347 2700 3419 μάλιστατὸν
2729 3346 2853 3400 νοῦν
2880 3342 3237 3417 προσέξομεν,
3272 3344 3354 3397 δτι
3392 3342 3457 3415 δὴ
3493 3344 3591 3396 καῖ
3618 3345 3683 3416 τῇ
3712 3340 3808 3395 τοῦ

556 3414 885 3487 coniunctas
916 3419 1377 3489 incorruptasque
1432 3418 1759 3489 theologias,
1813 3419 1933 3473 sine
1981 3418 2131 3472 omni

2233 3414 2470 3513 Χριστοῦ
2517 3439 2814 3509 Ἐκκλησία
2848 3414 3056 3502 τούτοις
3087 3436 3388 3506 κεχρῆσθαι
3429 3414 3602 3504 φίλον.
3643 3414 3707 3487 Et
3749 3431 3809 3487 δέ

555 3526 786 3580 prorsus
810 3511 1170 3581 ambiguitate
1196 3526 1298 3566 nos
1328 3510 1581 3576 doceant,
1607 3520 1667 3565 ut
1695 3512 1978 3567 videamus
1999 3525 2128 3565 num

2234 3510 2336 3586 που
2364 3532 2565 3601 γίνοιτο
2598 3532 2779 3603 χρεία,
2809 3530 2931 3584 οὐδὲ
2957 3528 3055 3594 τάς
3086 3529 3196 3584 τῶν
3234 3527 3374 3601 μετά
3410 3526 3582 3581 ταῦτα
3611 3525 3810 3581 νεωτέ-

556 3619 790 3673 usquam
831 3602 1131 3675 quidquam
1184 3618 1215 3657 a
1273 3603 1475 3658 virtute
1519 3618 1584 3658 ac
1617 3603 1850 3659 veritate
1890 3603 2126 3658 alienum

2232 3644 2339 3698 ρων
2380 3625 2732 3698 ὲρμηνευτῶν
2769 3623 3032 3688 ἐκδόσεις,
3065 3617 3155 3686 αἷς
3194 3621 3365 3675 εἰσέτι
3394 3619 3489 3675 νῦν
3534 3618 3810 3682 Ἰουδαίοις

555 3694 875 3765 importem.
942 3693 1185 3763 Agedum
1247 3692 1414 3762 igitur
1479 3691 1590 3761 jam
1649 3692 1928 3762 deinceps,
1990 3707 2131 3748 novo

2230 3691 2463 3788 χρῆσθαι
2487 3691 2659 3785 (ρίλον,
2692 3713 3162 3787 παραιτησόμεθα*
3183 3713 3258 3777 ὡς
3284 3711 3351 3766 ἂν
3378 3710 3713 3782 πανταχόθεν
3741 3708 3811 3764 τὰ

555 3785 794 3858 quodam
827 3784 1043 3841 dicendi
1072 3785 1229 3839 initio
1251 3795 1556 3854 assumpto.
1591 3800 1713 3855 quae
1741 3784 1798 3838 in
1821 3784 2132 3853 Evangeliis

2381 3805 2706 3872 ἀποδείξεως
2751 3784 2881 3876 ἡμῖν
2924 3784 3282 3875 γβεϐαιοτέρας
3326 3800 3477 3873 τύχοι
3529 3799 3810 3868 παραστά-

557 3878 628 3934 de
660 3877 946 3933 Salvatore
992 3892 1184 3933 nosrro
1227 3876 1354 3932 Jesu
1397 3876 1615 3933 Christo
1644 3877 1915 3948 theologia
1955 3877 2132 3931 conti-

2242 3916 2398 3964 σεως.
2433 3898 2647 3952 Τούτων
2686 3900 2820 3969 ἡμῖν
2853 3894 3425 3967 πεπροοιμιασμένων,
3456 3892 3682 3950 καὶτῶν
3718 3892 3807 3944 ἑν-

552 3978 735 4033 n‘etur,
770 3983 890 4024 eam
938 3968 1273 4039 propheticis
1330 3983 1550 4039 quoque
1598 3968 1929 4023 testimoniis
1978 3984 2131 4023 com-

2238 3989 2373 4043 θέων
2403 3988 2594 4059 φωνῶν
2628 3968 2729 4060 ἤδη
2756 3988 2940 4042 λοιπὸν
2968 3984 3307 4059 squamea.

552 4060 870 4131 probemus.
918 4058 1244 4130 Evangelica
1299 4059 1466 4130 igitur
1507 4059 1820 4114 testiﬁcatio
1865 4061 2024 4115 talem
2071 4059 2139 4115 de

552 4150 773 4208 Christo
820 4153 1026 4224 profert
1081 4153 1408 4217 theologiam
1445 4173 1458 4208 :
1500 4172 1519 4205 ι
1575 4152 1634 4208 In
1684 4154 1955 4223 principio
2000 4160 2120 4208 erat
2159 4149 2423 4215 Verbum,
2479 4157 2535 4205 et
2590 4147 2829 4205 Verbum
2868 4157 2985 4203 erat
3044 4144 3185 4217 apud
3218 4142 3390 4199 Deum
3429 4160 3442 4198 :
3484 4135 3669 4197 omnia
3708 4152 3809 4209 per

551 4243 731 4314 ipsum
764 4244 906 4299 facta
932 4252 1082 4311 sunt,
1129 4253 1185 4301 et
1228 4246 1347 4303 sine
1372 4246 1495 4317 ipso
1531 4245 1737 4300 factum
1763 4252 1849 4303 est
1879 4247 2017 4301 nihil
2038 4246 2106 4306 ".
2148 4265 2168 4299 ι
2206 4244 2380 4300 Vocat
2409 4259 2575 4315 porro
2627 4243 2782 4297 illum
2809 4242 2985 4297 lucem
3010 4240 3427 4310 intelligentem,
3459 4242 3622 4292 vocat
3640 4233 3804 4289 etiam

552 4333 868 4401 Dominum,
925 4336 1069 4393 sicut
1117 4337 1335 4394 interim
1386 4337 1553 4393 Deum
1602 4354 1841 4410 quoque.
1893 4337 2120 4394 Divinus
2159 4345 2341 4393 autem
2387 4334 2613 4400 Paulus,
2674 4342 2933 4403 tanquam
2969 4330 3173 4386 Christi
3219 4327 3523 4398 discipulus
3584 4331 3639 4380 et
3673 4336 3804 4393 apo-

554 4432 750 4498 stolus,
781 4433 956 4489 eidem
990 4434 1283 4505 theologia;
1327 4435 1650 4502 concordat,
1697 4433 1790 4488 ubi
1844 4433 1912 4488 de
1951 4434 2048 4488 illo
2080 4432 2196 4488 haec
2234 4439 2423 4487 narrat
2452 4449 2466 4486 :
2496 4448 2515 4481 ι
2551 4428 2654 4495 Qui
2678 4438 2764 4483 est
2784 4428 2965 4497 imago
2992 4425 3088 4480 Dei
3129 4422 3446 4488 invisibilis,
3476 4416 3806 4493 primogeni-

552 4534 644 4584 tus
674 4530 853 4584 omnis
880 4539 1165 4595 creaturae,
1210 4529 1473 4601 quoniam
1507 4530 1563 4583 in
1593 4530 1714 4599 ipso
1743 4529 1965 4584 condita
2023 4535 2154 4584 sunt
2185 4527 2467 4590 universa,
2530 4524 2586 4579 in
2624 4523 2763 4580 coelo
2787 4532 2842 4577 et
2869 4522 2924 4576 in
2954 4517 3391 4583 terra,-visibilia
3411 4526 3465 4572 et
3486 4509 3800 4573 invisibilia,

553 4617 668 4673 sive
681 4618 889 4687 throni,
905 4621 1020 4675 sive
1037 4621 1460 4683 dominationes,
1498 4619 1613 4675 sive
1632 4620 1999 4691 principatus,
2024 4618 2139 4674 sive
2172 4623 2493 4688 potestates,
2510 4614 2696 4669 omnia
2713 4628 2809 4683 per
2826 4614 3005 4684 ipsum
3026 4620 3081 4667 et
3106 4610 3163 4665 in
3197 4609 3319 4679 ipso
3362 4613 3548 4661 creata
3567 4610 3717 4667 sunt,
3738 4605 3795 4655 et

555 4716 673 4780 ipse
699 4720 783 4767 est
820 4720 947 4767 ante
983 4712 1188 4776 omnia,
1236 4720 1290 4768 et
1335 4713 1521 4767 omnia
1560 4727 1657 4782 per
1694 4712 1873 4782 ipsum
1921 4712 2256 4766 constant".
2283 4729 2302 4762 ι
2338 4706 2582 4763 Vocatur
2611 4712 2794 4762 autem
2843 4712 2897 4760 et
2928 4703 3026 4759 Dei
3077 4706 3251 4757 virtus
3308 4705 3364 4754 et
3397 4696 3491 4752 Dei
3517 4694 3800 4766 sapientia.

551 4803 710 4873 211
747 4803 869 4858 Haec
901 4804 1017 4873 ipsa
1066 4803 1233 4873 igitur
1259 4802 1366 4858 hoc
1426 4812 1670 4874 tempore
1706 4803 1774 4858 de
1816 4802 2151 4873 pr0phcticis
2188 4800 2542 4857 Hebreorum
2583 4799 2988 4865 monumentis,
3038 4796 3196 4867 quasi
3234 4795 3301 4850 de
3360 4791 3531 4848 variis
3578 4789 3802 4845 ﬂoribus

551 4896 853 4966 colligenda
883 4898 1041 4954 nobis
1094 4897 1371 4969 proposita
1426 4906 1557 4953 sunt
1584 4905 1646 4952 ut
1675 4913 1773 4968 per
1813 4898 2097 4968 utriusque
2156 4898 2329 4969 partis
2385 4897 2806 4952 consensionem
2859 4892 3253 4950 demonsrratio
3289 4893 3503 4945 constet
3532 4883 3797 4943 veritatis.

552 4986 842 5055 Caeterum,
898 4989 1153 5060 ignorare
1203 4990 1514 5060 neutiquam
1551 4984 1805 5060 oportet,
1834 4990 2290 5060 quemadmodum
2321 4989 2506 5046 divina
2540 4988 2786 5055 oracula,
2837 5001 2963 5042 cum
2998 4985 3229 5039 multum
3262 4981 3574 5052 quod,,tum
3599 4978 3655 5033 in
3680 4990 3801 5030 ver-

553 5079 661 5144 bis,
692 5085 806 5133 tum
838 5079 894 5133 in
943 5080 1249 5146 sententiis,
1282 5081 1511 5135 mirifice
1546 5081 1795 5147 excellat,
1828 5079 2094 5137 Hebraica
2126 5083 2310 5153 lingua
2343 5082 2681 5147 contineant,
2716 5080 2924 5135 variam
2960 5078 3337 5145 diversamque
3385 5074 3438 5128 in
3480 5071 3666 5127 Graeca
3696 5071 3802 5125 lin-

555 5189 661 5245 gua
692 5173 1222 5242 interpretationem,
1276 5176 1348 5231 ob
1406 5174 1776 5232 difﬁcultatem
1836 5177 2262 5247 contemplandi,
2310 5177 2502 5233 sortita
2558 5177 2688 5232 sint.
2751 5174 2858 5234 Sed
2910 5188 3034 5229 cum
3072 5172 3200 5228 olim
3243 5170 3347 5225 viri
3382 5167 3592 5224 Hebmi
3642 5166 3799 5221 multi

553 5267 720 5321 simul
755 5271 1129 5335 convenerint,
1180 5278 1235 5326 et
1266 5285 1373 5324 una
1431 5269 1730 5341 eademque
1784 5287 1915 5328 voce
1977 5272 2068 5326 illa
2109 5274 2294 5328 omnia
2332 5272 2723 5337 converterint,
2756 5286 2852 5326 eos
2919 5268 3155 5325 maxime
3204 5280 3518 5336 sequemur,
3562 5262 3800 5334 quando-

551 5357 771 5425 quidem
798 5359 1003 5416 Christi
1028 5377 1244 5433 quoque
1276 5361 1534 5417 Ecclesiae
1589 5362 1783 5418 iisdem
1821 5363 1902 5418 uti
1932 5364 2156 5435 placuit.
2204 5363 2390 5419 Sicubi
2421 5372 2602 5420 autem
2648 5378 2752 5418 usu
2807 5361 3039 5425 venerit,
3071 5376 3140 5415 ne
3162 5358 3441 5429 iuniorum
3470 5357 3689 5429 quidem
3717 5356 3799 5409 in-

553 5458 852 5520 terpretum
882 5466 1052 5508 novas
1079 5452 1368 5522 editiones,
1399 5470 1537 5526 quas
1566 5456 1730 5510 etiam
1778 5471 1925 5511 nunc
1965 5456 2135 5511 Judaei
2175 5456 2415 5527 libenter
2434 5462 2719 5526 usurpant,
2785 5454 3171 5509 recusabimus
3216 5471 3230 5507 :
3291 5457 3351 5504 ut
3373 5463 3440 5507 οε
3466 5463 3588 5521 quae
3610 5446 3678 5501 ad
3702 5462 3800 5501 no-

558 5550 731 5595 stram
782 5540 923 5596 hanc
955 5541 1473 5600 demonstrationem
1531 5545 1822 5615 pertinent,
1855 5561 1923 5601 ex
1969 5546 2118 5601 omni
2158 5554 2332 5617 parte,
2357 5546 2610 5602 stabilius
2659 5545 2978 5616 ﬁrmiusque
3031 5543 3359 5600 consistant.
3384 5541 3520 5598 Cum
3545 5539 3800 5596 haechae-

550 5641 716 5692 tenus
739 5633 951 5703 praefati
974 5635 1170 5701 simus,
1206 5637 1480 5708 reliquum
1526 5638 1641 5710 jam
1669 5650 1774 5706 est,
1800 5648 1861 5696 ut
1894 5640 1950 5697 in
1981 5640 2132 5716 ipsas
2164 5641 2380 5699 divinas
2411 5657 2575 5699 voces
2608 5640 2950 5696 insistamus.

624 5746 672 5780 "
694 5745 850 5806 Ioan.
881 5765 921 5817 ι,
955 5748 1067 5806 1ο5.
1144 5749 1191 5781 ⁹⁶
1215 5747 1425 5805 Coloss.
1457 5765 1495 5815 ι,
1535 5749 1725 5807 15-17.
