4100 6430
253 381 358 437 349

783 497 1181 552 ΚΕΦΑΛΑῙΟΝ
1209 500 1290 551 Ᾱ’.

264 610 365 678 Ὠς
389 613 528 680 παρ’
568 610 858 680 Ἐᾷραίοις
881 612 913 661 ό
941 608 1287 677 σοφώτατος
1315 605 1687 680 Σαίομὼνίὲνς
1718 611 1839 660 Πα-

318 678 579 750 perpluit;
607 679 732 735 οἶδέ
772 696 903 733 τινα
934 681 1313 750 πρωτότοκον
1344 678 1450 750 τοῦ
1483 679 1630 732 Θεοῦ
1661 678 1842 750 δύνατ-

320 747 446 822 λιωέ,
480 747 565 818 ἢν
605 753 700 805 καὶ
735 751 958 819 σοφίαν
997 749 1165 822 Θεοῦ,
1207 749 1323 822 καὶ,
1346 747 1608 822 γέννημα
1634 749 1842 822 ἀὐτοῦ

326 818 780 894 προσαγορεύει,
815 818 1134 888 ὠσπεροῦν
1166 820 1265 872 καὶ
1296 819 1468 888 ἡμεῖς
1498 818 1838 888 δοξάζομεν.

334 1023 356 1054 ι
405 1001 550 1072 Ἐγὼ
579 1004 612 1072 ή
631 1000 801 1069 Σοφία
831 998 1221 1070 κατεσκήνωσα
1251 997 1466 1068 βουλήν,
1496 997 1591 1050 καὶ
1619 996 1840 1065 γνῶσιν,

257 1100 356 1151 καὶ
381 1097 594 1150 ἔννοιαν
635 1093 746 1162 ἐγὼ
771 1091 1212 1164 ἐπεκαλεσάμην.
1249 1090 1414 1154 Φόϐος
1448 1089 1653 1161 Κυρίου
1697 1092 1846 1160 μισεῖ

255 1191 498 1252 ἀδικίαν,
525 1187 682 1259 ὓϐριν
711 1203 770 1239 τε
803 1187 898 1240 κα)⁵
931 1183 1332 1256 ὑπερηφανίαν,
1363 1183 1457 1236 καὶ
1488 1183 1641 1246 ὁδοὺς
1673 1198 1843 1253 πονη-

259 1283 391 1354 ρῶν.
423 1280 726 1350 Μεμίσηκα
752 1277 808 1330 δὲ
837 1275 949 1344 ἐγὼ
980 1274 1418 1347 διεστραμμένας
1447 1273 1600 1336 ὁδοὺς
1635 1271 1841 1326 κακῶν,

265 1372 410 1444 Ἐμὴ
468 1370 632 1442 βουλὴ
678 1369 772 1422 καὶ
826 1367 1114 1438 ἀσφάλεια,
1161 1366 1268 1438 ἐμὴ
1316 1366 1597 1437 φρόνησις,
1643 1365 1749 1436 ἐμὴ
1787 1363 1845 1416 δέ

254 1465 438 1536 ἰσχύς.
472 1465 550 1516 Δι’
582 1460 713 1534 ἐμοῦ
740 1460 977 1532 βασιλεῖς
1005 1459 1368 1532 βασιλεύουσι,
1396 1459 1489 1512 καί
1513 1459 1561 1510 οἱ
1590 1457 1846 1510 δυνάσται

252 1559 535 1630 γράφουσι
571 1553 955 1626 δικαιοσύνην·
997 1553 1067 1607 δι’
1113 1551 1248 1624 ἐμοῦ
1298 1555 1623 1623 μεγιστᾶνες
1674 1567 1845 1621 μεγα-

250 1651 534 1714 λύνονται,
577 1649 671 1702 καὶ
696 1647 949 1720 τύραννοι
979 1645 1046 1698 δι’
1076 1645 1210 1717 ἐμοῦ
1256 1643 1516 1715 κρατοῦσι
1561 1644 1663 1714 γῆς
1685 1661 1698 1674 ·
1737 1642 1847 1712 ἐγὼ

250 1747 386 1807 τοὺς
414 1744 518 1814 ἐμὲ
552 1741 840 1812 φιλοῦντας
867 1737 1092 1809 ἀγαπῶ’
1125 1740 1174 1791 οἱ
1197 1738 1254 1791 δὲ
1295 1738 1396 1810 ἐμὲ
1429 1735 1720 1808 ζητοῦντες
1759 1737 1849 1790 εύ-

257 1840 490 1911 ρήσουσι
521 1837 710 1910 χάριν·
747 1835 975 1897 πλοῦτος
1002 1834 1098 1888 καί⁹
1138 1832 1261 1899 δόξα
1290 1832 1416 1903 ἐμοί¹
1458 1831 1714 1903 ὑπάρχει,
1753 1832 1848 1884 καὶ

253 1932 456 2000 κτῆσις
481 1928 691 1982 πολλῶν
721 1928 816 1982 καὶ
843 1925 1175 1998 δικαιοσύνη.
1215 1925 1432 1978 Βέλτιον
1453 1925 1554 1995 ἐμὲ
1583 1924 1846 1996 καρπίζε-

256 2022 385 2074 σθαι
432 2021 573 2092 ὑπὲρ
623 2019 846 2091 χρυσίον
894 2019 988 2072 καὶ
1030 2016 1174 2070 λίθον
1224 2017 1403 2088 τίμιον
1451 2016 1648 2070 πολύνο
1685 2015 1752 2068 τὰ
1790 2016 1846 2069 δὲ

255 2111 371 2181 ἐμὰ
428 2111 746 2182 γεννήματα
805 2113 1055 2181 κρεῖσσον
1102 2107 1362 2180 ἀργυρίου
1417 2105 1698 2162 ἐκλεκτοῦ.
1758 2107 1846 2160 Ἐν

253 2203 402 2266 ὁδοῖς
437 2200 789 2274 δικαιοσύνης
838 2199 1145 2272 περιπατῶ,
1179 2201 1271 2253 καὶ
1309 2201 1367 2252 ὲν
1403 2199 1540 2263 ὁδοῖς
1570 2199 1844 2252 δικαιοσύ-

256 2314 358 2365 νης
405 2296 854 2367 ἀναστρέφομαι,
891 2295 977 2347 ἵνα
1020 2295 1227 2366 μερίσω
1270 2295 1381 2356 τοῖς
1422 2294 1522 2362 ἐμέ
1563 2291 1848 2361 ἀγαπῶσιν

259 2387 523 2459 ὕπαρξιν,
557 2388 652 2440 καὶ
694 2387 820 2450 τοὺς
854 2385 1160 2457 θησαυροὺς
1195 2385 1372 2438 αὐτῶν
1407 2383 1674 2455 ἐμπλήσω
1712 2385 1849 2452 ἁγα-

259 2479 407 2532 θῶν’
440 2479 537 2532 ἐὰν
571 2479 875 2547 ἀναγγείλω
907 2479 1035 2549 ύμῖν
1067 2478 1135 2530 τά
1169 2477 1290 2531 καθ’
1325 2477 1538 2548 ἡμέραν
1566 2477 1843 2547 γινόμενα,

264 2570 630 2643 μνημονεύσω
664 2571 733 2624 τὰ
761 2569 819 2636 ἐξ
850 2569 1042 2632 αἰῶνος
1071 2569 1397 2640 ἀριθμῆσαι.
1433 2567 1636 2640 Κύριος
1667 2569 1846 2623 ἔκτισὲ

263 2680 332 2734 με
362 2664 540 2734 ἀρχὴν
561 2662 698 2716 ὁδῶν
720 2661 884 2716 αὑτοῦ
911 2664 990 2726 είς
1015 2661 1152 2734 ἔργα
1180 2660 1345 2715 αὐτοῦ
1365 2678 1379 2691 ο
1409 2661 1514 2733 πρὸ
1535 2660 1628 2714 τοῦ
1655 2661 1848 2725 αἰῶνος

263 2756 598 2826 ἐθεμελίωσέ
646 2773 736 2827 με,
785 2757 842 2808 ἐν
874 2755 1014 2826 ἀρχῇ
1052 2753 1158 2826 πρὸ
1192 2753 1285 2807 τοῦ
1328 2753 1425 2826 τήν
1460 2754 1565 2823 γῆν
1602 2753 1845 2823 ποιῆσαι,

263 2850 360 2902 καὶ
382 2849 490 2920 πρὸ
509 2848 604 2902 τοῦ
634 2849 732 2911 τὰς
753 2847 1020 2912 άὸύσσους
1048 2847 1292 2918 ποιῆσαι,
1317 2847 1422 2918 πρὸ
1443 2847 1536 2900 τοῦ
1568 2844 1848 2918 προελθεῖν

263 2942 366 3005 τὰς
389 2942 572 3012 πηγὰς
599 2940 707 2994 τῶν
735 2940 960 3005 ὑδάτων,
992 2939 1098 3010 πρὸ
1120 2938 1214 2992 τοῦ
1244 2939 1345 3011 ὅρη
1370 2938 1714 3011 ἑδρασθῆναι,
1743 2938 1850 3010 πρὸ

262 3033 322 3088 δὲ
377 3033 594 3086 πάντων
645 3030 848 3102 βουνῶν
884 3031 1048 3100 γεννᾷ
1095 3047 1184 3100 με.
1221 3029 1426 3101 Κύριος
1474 3029 1697 3098 ἐποίησε
1741 3028 1848 3099 χὼ-

266 3147 372 3200 ρας
399 3129 685 3200 ἀοικήτους
717 3126 812 3180 καὶ
853 3125 997 3197 ἄκρα
1024 3123 1318 3193 οἰκούμενα
1351 3123 1449 3193 τῆς
1477 3122 1568 3175 ὑπ’
1598 3123 1845 3194 οὐρανόν.

1170 375 1828 434 DEMONSTRATIONIS
1858 375 2320 435 EVANGELICE
2361 375 2490 433 LIB.
2535 376 2601 430 Υ.

3415 379 3521 435 350

2570 493 2800 550 CAPUT
2837 495 2876 549 Ι.

1945 611 2401 679 Quemadmodum
2429 610 2570 680 apud
2609 610 2859 665 Iiebra’os
2889 611 3319 678 sapientissimus
3357 611 3518 668 Salo-

2018 700 2158 744 mon,
2196 684 2251 734 in
2287 680 2585 735 Proverbiis
2613 683 2755 735 novit
2793 687 3088 753 quamdant
3116 685 3520 753 primogenitum

2017 753 2114 806 Dei
2136 755 2379 806 virtutem
2400 794 2415 816 ,
2447 769 2603 819 quam
2629 762 2679 805 et
2709 756 3021 821 sapientiam
3054 751 3172 818 Dei,
3209 769 3257 808 et
3286 751 3520 823 ejusdem

2013 824 2244 896 sobolem
2277 823 2520 896 appellat
2552 839 2569 876 :
2625 824 2761 876 sicut
2789 823 3000 876 interim
3028 840 3122 877 nos
3149 841 3351 896 quoque
3375 842 3522 880 eam-

2013 893 2128 949 dem
2146 895 2534 964 gloriﬁcamus.

2019 1025 2039 1058 ι
2077 1006 2190 1077 Ego
2236 1005 2513 1076 Sapientia
2545 1005 2785 1060 habitavi
2817 1005 3129 1069 consilium,
3168 1013 3222 1061 et
3250 1005 3520 1077 cognitio-

1945 1115 2089 1165 nem,
2114 1109 2166 1154 et
2194 1099 2578 1169 cogitationem
2625 1115 2726 1169 ego
2759 1099 3006 1153 invocavi
3035 1118 3046 1154 :
3095 1099 3258 1154 timor
3305 1076 3519 1155 Domini

1944 1192 2060 1246 odit
2088 1192 2432 1261 injustitiam,
2467 1191 2962 1262 contumeliamque
2987 1199 3041 1246 et
3090 1193 3426 1262 superbiam,
3465 1202 3523 1250 et

1947 1286 2062 1340 vias
2093 1300 2385 1355 pravorum
2419 1300 2432 1336 :
2463 1285 2554 1338 odi
2587 1299 2716 1339 vero
2736 1300 2835 1354 ego
2883 1300 3168 1355 perversas
3197 1285 3312 1341 vias
3343 1287 3518 1342 malo-

1947 1391 2067 1429 rum
2105 1395 2116 1430 :
2171 1391 2350 1430 meum
2380 1382 2462 1430 est
2487 1376 2779 1430 consilium
2812 1385 2866 1431 et
2900 1377 3174 1432 stabilitas
3203 1395 3216 1431 :
3274 1393 3397 1432 mea
3436 1387 3522 1435 est

1947 1466 2258 1536 prudentia,
2290 1481 2410 1521 mea
2447 1476 2628 1520 autem
2661 1466 2929 1522 fortitudo
2967 1488 2978 1522 :
3013 1485 3109 1538 per
3136 1485 3222 1524 me
3255 1485 3410 1539 reges
3432 1486 3523 1526 re-

1947 1569 2136 1631 gnant,
2159 1569 2212 1616 et
2246 1572 2492 1631 potentes
2517 1561 3042 1629 scribuntjustitiam
3074 1579 3198 1633 :per
3227 1578 3314 1617 me
3344 1564 3525 1634 magni

1949 1651 2049 1704 viri
2078 1651 2495 1720 magnificantur
2515 1689 2528 1711 ,
2561 1658 2614 1703 et
2643 1650 2860 1720 tyranni
2897 1665 2995 1720 per
3025 1666 3110 1705 me
3137 1649 3390 1705 obtinent
3414 1658 3526 1706 ter-

1950 1760 2066 1798 ram
2099 1763 2111 1799 :
2141 1761 2241 1814 ego
2275 1752 2518 1798 amantes
2572 1757 2658 1796 me
2701 1741 2888 1814 diligo,
2926 1752 2981 1798 et
3009 1743 3101 1814 qui
3149 1751 3401 1814 quazrunt
3440 1759 3527 1800 me

1880 1865 1920 1920 Β
1952 1839 2227 1892 invenient
2257 1837 2486 1906 gratiam
2517 1855 2530 1889 :
2559 1835 2760 1890 divitiae
2786 1842 2840 1890 et
2870 1835 3038 1905 gloria
3059 1835 3191 1890 mihi
3223 1835 3444 1901 adsunt,
3473 1844 3528 1891 et

1950 1930 2227 2001 possessio
2243 1928 2786 1998 multorumjustitia.
2806 1927 3094 1982 Meliuscst
3111 1926 3216 1982 frui
3234 1943 3338 1992 me,
3361 1943 3527 1998 quam

1948 2039 2083 2079 auro
2116 2033 2171 2079 et
2201 2024 2377 2094 lapide
2411 2025 2650 2094 pretioso
2677 2022 2885 2077 multo:
2923 2023 3028 2076 mei
3056 2038 3186 2077 vero
3211 2020 3376 2087 fetus,
3412 2036 3529 2076 me-

1948 2116 2114 2171 liores
2145 2123 2371 2187 argento
2401 2115 2596 2170 electo.
2631 2114 2793 2184 212
2819 2111 2878 2168 In
2905 2113 3252 2183 viisjustitize
3284 2112 3526 2177 ambulo,

1947 2218 2001 2265 et
2035 2209 2179 2264 inter
2201 2210 2318 2264 vias
2347 2209 2595 2264 veritatis
2629 2223 2843 2270 versor,
2880 2216 2940 2260 ut
2971 2205 3211 2260 dividam
3251 2205 3531 2275 diligenti-

1948 2302 2052 2358 bus
2085 2317 2171 2358 me
2200 2303 2590 2364 substantiam,
2623 2309 2677 2357 et
2705 2301 2995 2356 thesauros
3029 2314 3218 2354 eorum
3278 2299 3529 2368 impleam

1947 2393 2144 2449 bonis:
2178 2395 2225 2448 si
2261 2393 2663 2448 annuntiavero
2724 2393 2880 2447 vobis
2926 2407 3045 2462 quae
3073 2389 3319 2460 quotidie
3369 2389 3529 2454 ﬁunt,

1947 2502 2322 2544 memoravero
2369 2502 2492 2558 quae
2535 2502 2566 2540 a
2622 2487 2824 2543 saeculo
2849 2495 2976 2542 sunt
3008 2483 3076 2538 ad
3107 2481 3528 2538 numerandum.

1948 2580 2215 2636 Dominus
2247 2580 2452 2636 creavit
2479 2595 2563 2634 me
2581 2579 2797 2633 initium
2819 2579 3032 2631 viarum
3060 2590 3284 2630 suarum
3317 2575 3372 2628 in
3395 2587 3531 2643 ope-

1947 2687 2011 2726 ra
2045 2686 2142 2726 sua
2181 2690 2194 2725 :
2243 2681 2366 2726 ante
2409 2670 2672 2725 saeculum
2726 2668 2975 2724 fundavit
3007 2683 3127 2731 me,
3171 2667 3226 2721 itt
3259 2664 3532 2736 principio

1950 2771 2238 2833 antequam
2270 2769 2474 2816 terram
2510 2759 2736 2824 faceret,
2771 2767 2826 2814 et
2859 2767 3152 2828 antequam
3177 2757 3409 2828 abyssos
3445 2754 3528 2809 fa-

1949 2862 2117 2919 ceret,
2168 2860 2460 2922 antequam
2502 2850 2786 2921 prodirent
2819 2848 2997 2905 fontes
3045 2863 3334 2918 aquarum,
3369 2854 3526 2901 ante-

1951 2962 2114 3018 quam
2150 2952 2364 3001 montes
2392 2945 2508 3000 suis
2537 2943 2762 2999 sedibus
2791 2941 3158 3000 firmarentur,
3176 2947 3304 2995 ante
3337 2955 3532 2997 omnes

1950 3035 2116 3090 colles
2147 3032 2320 3105 gignit
2350 3047 2468 3088 me:
2497 3029 2761 3087 Dominus
2784 3030 2913 3086 fecit
2940 3031 3210 3102 regiones,
3225 3039 3279 3086 et
3301 3045 3395 3086 eas
3411 3044 3533 3100 qua:

1952 3143 2060 3182 non
2120 3126 2469 3189 habitantur,
2507 3132 2562 3180 et
2608 3125 2847 3180 vertices
2880 3124 2973 3194 qui
3009 3123 3365 3190 habitantur,
3407 3121 3530 3192 ejus

272 3222 472 3274 Ἡνίκα
515 3216 778 3292 ἡτοίμαζε
820 3218 912 3271 τὸν
959 3215 1212 3288 ούρανὸν,
1263 3216 1641 3288 συμπαρήμην
1679 3215 1847 3287 αὐτῷ,

1952 3231 2072 3288 qua}
2103 3217 2207 3272 sub
2238 3216 2378 3272 coelo
2406 3222 2490 3272 est
2521 3234 2536 3272 :
2589 3216 2806 3287 quando
2846 3216 3074 3286 parabat
3104 3215 3328 3281 ctelum,
3367 3214 3532 3270 simul

264 3314 365 3368 καὶ
403 3315 494 3366 ὅτε
544 3311 786 3385 ἀφώριζε
834 3311 926 3364 τὸν
977 3309 1172 3363 ἐαυτοῦ
1225 3308 1412 3380 θρόνον
1458 3310 1546 3362 ἐπ’
1597 3309 1845 3380 ἀνέμων·

265 3405 435 3478 ἡνίκα
483 3405 677 3476 ἰσχυρὰ
709 3403 880 3456 ἐποίει
913 3402 982 3456 τὰ
1009 3402 1121 3455 ἄνω
1165 3402 1322 3472 νέφη,
1354 3403 1449 3454 καὶ
1487 3401 1562 3464 ὡς
1592 3401 1851 3469 ἀσφαλεῖς

267 3497 438 3549 ἐτίθει
471 3496 651 3565 πηγὰς
679 3495 778 3564 τῆς
811 3495 904 3548 ὑπ’
934 3493 1182 3564 οὐρανὸν,
1219 3493 1275 3544 ἐν
1305 3490 1383 3562 τῷ
1411 3489 1621 3543 τιθέναι
1654 3493 1718 3561 τῇ
1756 3491 1852 3544 θα-

265 3589 447 3660 λάσσῃ
474 3586 813 3658 ἀκριόασμὸν
843 3585 1029 3648 αὐτοῦ,
1081 3584 1176 3639 καὶ
1209 3583 1375 3636 ύδατα
1397 3585 1458 3636 ού
1488 3583 1851 3654 παρελεύσον-

264 3699 360 3734 ται
399 3682 574 3752 στόμα
626 3677 788 3740 αύτοῦ
815 3696 829 3708 θ
865 3677 1024 3750 ήνίκα
1073 3677 1269 3749 ἰσχυρὰ
1307 3679 1476 3731 ἐποίει
1509 3676 1578 3729 τὰ
1628 3675 1852 3746 θεμέλια

266 3774 367 3843 τῆς
401 3771 526 3842 γῆς,
560 3771 706 3841 ήμην
741 3770 878 3842 παρ’
927 3769 1076 3840 αύτῷ
1125 3769 1460 3841 ἁρμόζουσα.
1520 3767 1659 3837 Ἐγὼ
1705 3769 1852 3839 ήμην

269 3857 305 3935 ᾗ
329 3860 678 3932 προσέχαιρε.
700 3859 834 3912 Καθ’
857 3859 1068 3930 ἡμέραν
1097 3858 1154 3910 δὲ
1189 3859 1561 3930 εὐφραινόμην
1590 3860 1647 3911 ἐν
1681 3875 1849 3928 προσ-

271 3952 410 4022 ώπῳ
465 3949 652 4012 αὐτοῦ,
701 3949 758 4002 ὲν
807 3949 968 4002 παντὶ
1009 3947 1207 4018 καιρῷ,
1252 3947 1341 3999 ὅτε
1383 3946 1714 4018 ηὐφραίνετο
1753 3944 1850 4016 τὴν

269 4043 596 4113 οίκουμένην
642 4040 979 4110 συντελέσας,
1017 4039 1110 4093 καὶ
1142 4039 1473 4111 ηὐφραίνετο
1504 4040 1561 4091 ἐν
1593 4039 1727 4101 υἱοῖς
1761 4037 1852 4089 άν-

273 4135 531 4207 θρὼπων.
582 4135 645 4187 Ἡ
682 4133 788 4205 πρὸ
822 4133 930 4186 τῶν
957 4132 1230 4204 γεννητῶν
1269 4131 1389 4184 θεία
1417 4131 1512 4184 καὶ
1547 4130 1851 4201 πανάρετος

272 4226 454 4291 οὐσία,
502 4227 536 4296 ή
571 4223 733 4296 νοερὰ
769 4222 863 4276 καὶ
900 4222 1242 4292 πρωτότοκος
1277 4221 1378 4292 τῆς
1419 4223 1717 4290 ἀγεννήτου
1749 4221 1850 4289 φύε

275 4334 415 4381 σεως
451 4315 636 4380 εἰκὼν,
671 4318 699 4369 ὁ
723 4317 944 4386 γνήσιος
976 4314 1070 4367 καὶ
1109 4313 1402 4385 μονογενὴς
1434 4312 1526 4366 τοῦ
1561 4313 1670 4366 τῶν
1715 4312 1853 4366 ὅλων

271 4410 411 4464 Θεοῦ
460 4411 607 4475 Υἱὸς,
662 4406 1010 4478 πολυώνυμός
1060 4423 1142 4471 τις
1186 4405 1282 4472 ῶν,
1331 4403 1427 4460 καὶ
1456 4405 1542 4459 διὰ
1584 4405 1852 4458 πλείστων

272 4506 633 4577 προσρήσεων
668 4501 1102 4572 θεολογούμενος,
1143 4499 1221 4571 τῷ
1271 4499 1372 4570 τῆς
1403 4499 1590 4568 σοφίας
1625 4498 1718 4551 ἐτιῇ⁹
1757 4495 1851 4550 τοῦ

593 4567 860 4666 ἀξιώματί
899 4567 958 4646 τε
1001 4593 1095 4657 καὶ
1145 4567 1488 4662 προσηγορία
1540 4590 1849 4660 τετίμηται.
1883 4567 1928 4622 Ῑ)

271 4689 446 4757 Λόγον
472 4688 529 4741 δὲ
557 4686 690 4740 Θεοῦ
732 4686 914 4749 αὐτὸν,
949 4686 1044 4740 καὶ
1062 4685 1202 4750 Φῶς,
1244 4685 1339 4739 καὶ
1373 4685 1548 4755 Ζωὴν,
1585 4685 1676 4737 καὶ
1700 4683 1853 4753 Ἀλή-

274 4778 450 4842 θειαν,
480 4780 574 4832 xui.
605 4780 697 4840 ἐπὶ
731 4780 864 4832 πᾶσι
897 4778 1128 4850 Χριστὸν
1163 4777 1298 4836 Θεοῦ
1331 4777 1558 4848 δύναμιν
1593 4775 1688 4829 καὶ⁹
1719 4773 1853 4828 Θεοῦ

274 4872 479 4940 Σοφίαν
523 4868 948 4942 προσαγορεύειν
996 4867 1418 4942 μεμαθήκαμεν.
1450 4869 1513 4921 Εἰ
1571 4865 1632 4938 ὀὴ
1675 4861 1767 4919 οῦν
1788 4866 1856 4919 τὰ

278 4962 421 5033 μετὰ
461 4964 648 5033 χεῖρας
691 4961 855 5023 αὐτὸς
885 4959 1013 5031 περὶ
1052 4957 1264 5024 ἐαυτοῦ,
1307 4959 1382 5023 ὼς
1424 4958 1490 5013 ἃν
1520 4957 1653 5014 Θεοῦ
1687 4957 1857 5026 Σοφία

275 5054 428 5119 ζῶσα
467 5054 563 5110 καὶ
595 5053 716 5106 καθ’
747 5053 917 5122 αὐτὴν
952 5051 1264 5120 ὑφεστῶσα,
1296 5051 1384 5105 διὰ
1414 5050 1508 5104 τοῦ
1542 5051 1855 5119 σοφωτάτου

276 5145 620 5217 Σολομῶντος
647 5143 982 5216 διεξέρχεται
1007 5147 1202 5214 λέγων,
1248 5164 1266 5196 ι
1314 5145 1456 5214 Ἐγὼ
1485 5145 1518 5217 ή
1544 5143 1716 5212 Σοφία
1755 5160 1858 5196 κα-

276 5238 596 5306 τεσκήνωσα
652 5235 867 5307 βουλὴν,
931 5237 1024 5289 καί⁸
1053 5236 1274 5306 γνῶσιν,
1331 5235 1428 5290 καὶ
1482 5234 1689 5286 ἔννοιαν
1747 5231 1859 5301 ἐγὼ

276 5328 697 5398 ἑπεκαλεσάμην
751 5347 773 5378 ι
817 5329 911 5381 καὶ
953 5329 1022 5382 τὰ
1074 5328 1284 5392 τούτοις
1330 5329 1680 5400 ἐπαγόμεναο
1723 5325 1859 5378 ἀλλὰ

279 5422 378 5474 καὶ
448 5421 524 5484 ὡς
576 5421 676 5493 τήν
727 5423 836 5488 τῶν
905 5424 1040 5480 ὅλων
1116 5423 1382 5495 διοίκησιν
1463 5423 1556 5475 καὶ
1602 5420 1858 5492 πρόνοιαν

280 5515 705 5590 ἀναδεδεγμένος
751 5516 1036 5588 ἐπιφέρει·
1079 5535 1098 5569 ι
1142 5518 1219 5569 Δι’
1253 5514 1386 5586 ἐμοῦ
1423 5511 1663 5585 βασιλεῖς
1707 5510 1861 5581 βασι-

283 5606 521 5673 λεύουσι,
577 5609 672 5664 καὶ
719 5611 769 5664 οἱ
819 5610 1076 5665 δυνάσται
1142 5609 1411 5680 γράφουσι
1476 5603 1856 5673 δικαιοσύνηνο

283 5699 350 5750 δι’
404 5698 536 5769 ἐμοῦ
593 5703 915 5770 μεγιστᾶνες
983 5701 1403 5772 μεγαλύνονται’
1485 5717 1504 5751 ι
1573 5693 1713 5762 εἶτα,
1785 5695 1860 5746 εἶ’·

358 5855 403 5889 ’⁷
429 5856 588 5914 Prov.
621 5874 738 5925 vnt,
776 5859 963 5916 12-31.

1950 3326 2075 3365 cum
2107 3325 2173 3366 eo
2202 3309 2447 3374 aderam,
2484 3309 2702 3379 quando
2765 3310 3087 3378 segregabat
3137 3305 3338 3366 sedem.
3377 3321 3530 3362 suam

1953 3415 2117 3470 super
2173 3407 2386 3461 ventos,
2429 3401 2651 3469 quando
2702 3398 2874 3455 fortes
2930 3399 3166 3455 faciebat
3221 3400 3534 3469 superiores

1952 3494 2147 3558 nubes,
2176 3499 2228 3546 et
2258 3502 2316 3545 ut
2345 3491 2573 3546 stabiles
2605 3492 2841 3561 ponebat
2877 3491 3058 3546 fontes
3089 3491 3232 3561 ejus,
3283 3505 3406 3561 quae
3429 3490 3534 3547 sub

1951 3586 2092 3639 caelo
2111 3593 2216 3640 est.
2240 3583 2369 3636 dum
2395 3593 2622 3654 poneret
2645 3587 2783 3638 mari
2798 3583 3331 3638 consummationem
3350 3597 3532 3650 suam,

1952 3685 2006 3732 et
2037 3691 2194 3746 aqua:
2228 3691 2337 3730 non
2371 3676 2727 3749 praeteribunt
2759 3690 2822 3730 os
2843 3676 2986 3744 ejus,
3009 3673 3230 3745 quando
3267 3673 3430 3730 fortia
3457 3673 3536 3728 fa-

1952 3769 2131 3823 ciebat
2155 3767 2511 3823 fundamenta
2535 3775 2726 3832 terra},
2765 3783 2913 3823 eram
2940 3768 3083 3835 apud
3115 3767 3265 3821 illum
3311 3781 3535 3838 compo-

1953 3880 2092 3922 nens
2119 3886 2130 3920 :
2155 3879 2254 3934 ego
2283 3879 2429 3918 eram
2463 3861 2606 3933 apud
2628 3875 2792 3932 quam
2823 3860 3114 3931 gaudebat,
3149 3859 3391 3930 quotidie
3405 3873 3536 3914 vero

1953 3958 2176 4012 lmtabar
2210 3951 2264 4008 in
2297 3954 2447 4007 vultu
2497 3953 2642 4008 illius
2692 3952 2746 4005 in
2775 3951 2921 4004 omni
2965 3961 3252 4022 tempore:
3314 3949 3534 4020 quando

1953 4049 2239 4104 lzctabatur
2268 4046 2413 4117 quod
2440 4045 2627 4099 orbem
2665 4053 2935 4098 terrarum
2963 4043 3315 4114 perfecisset,
3352 4051 3406 4098 et
3439 4043 3530 4098 lte-

1953 4140 2248 4195 tabaturin
2293 4138 2420 4192 filiis
2466 4136 2747 4192 hominum
2784 4135 2854 4188 ⁸⁷.
2891 4154 2910 4186 ›
2949 4133 3193 4188 Divinam
3226 4141 3280 4188 et
3315 4147 3531 4188 omnem

1954 4234 2008 4288 in
2039 4247 2097 4288 se
2131 4231 2338 4286 habens
2397 4229 2679 4290 virtutem,
2710 4242 2832 4297 qua:
2857 4226 3072 4282 cunctis
3119 4226 3283 4281 rebus
3334 4226 3536 4292 genitis

1953 4327 2230 4397 antiquior
2259 4330 2342 4379 est
2375 4322 2640 4386 essentia,
2670 4337 2792 4391 qua:
2827 4320 3138 4391 intelligens
3167 4332 3220 4375 et
3259 4320 3534 4390 primoge-

1955 4420 2068 4474 nita
2103 4417 2358 4487 ingenita:
2417 4421 2628 4468 natura:
2685 4413 2865 4483 imago
2894 4419 2976 4467 est
3003 4451 3016 4476 ,
3061 4412 3335 4482 legitimus
3369 4419 3533 4480 atque

1956 4513 2153 4568 unicus
2175 4511 2399 4566 maximi
2423 4510 2515 4563 Dei
2556 4508 2754 4576 Filius,
2792 4509 2883 4578 qui
2911 4508 3099 4563 multis
3127 4506 3438 4562 nominibus
3456 4503 3538 4560 di-

1956 4605 2100 4660 citur
2129 4644 2144 4669 ,
2177 4602 2245 4659 de
2276 4617 2386 4673 quo
2421 4609 2481 4656 ut
2510 4601 2579 4656 de
2610 4600 2722 4656 Deo
2763 4601 3014 4672 pluribus
3075 4598 3535 4670 appellationibus

1956 4697 2251 4768 loquimur,
2284 4695 2388 4750 hoc
2433 4694 2486 4748 in
2522 4695 2642 4748 loco
2675 4692 2967 4763 Sapientia:
2999 4691 3318 4762 dignitatem
3375 4697 3536 4760 atque

1956 4789 2397 4860 appellationem,
2428 4786 2653 4841 honoris
2685 4793 2740 4840 et
2775 4785 3153 4855 amplitudinis
3181 4783 3355 4855 gratia
3377 4795 3538 4837 acce-

1958 4881 2056 4952 pit,
2077 4878 2308 4936 Verbum
2325 4887 2506 4934 autem
2535 4876 2626 4931 Dei
2649 4877 2921 4939 eumdem,
2940 4884 2994 4930 et
3013 4874 3236 4939 Lucem,
3259 4881 3313 4929 et
3331 4871 3534 4934 Vitam,

1923 4980 2010 5025 'et
2047 4968 2364 5029 Veritatem,
2399 4975 2452 5023 et
2482 4975 2759 5037 postremo
2793 4965 3072 5019 Christum
3112 4963 3201 5018 Dei
3248 4961 3535 5026 Virtutem,

1958 5071 2012 5118 et
2044 5062 2138 5116 Dei
2193 5060 2527 5130 Sapientiam
2590 5059 2864 5130 appellare
2893 5057 3004 5126 jam
3050 5054 3388 5109 didicimus:
3420 5053 3536 5123 jam

1961 5155 2125 5225 igitur
2153 5155 2206 5208 in
2240 5154 2326 5209 his
2351 5168 2472 5223 quae
2500 5167 2646 5214 nunc
2671 5153 2723 5206 in
2750 5149 3002 5204 manibus
3027 5155 3173 5210 sunt,
3205 5146 3321 5216 ipse
3355 5145 3422 5200 de
3449 5159 3537 5200 se-

1962 5249 2102 5318 ipso,
2131 5255 2388 5317 tanquam
2415 5245 2508 5300 Dei
2537 5245 2726 5299 vivens
2753 5240 3055 5313 Sapientia,
3081 5250 3133 5294 et
3159 5253 3281 5309 quae
3310 5252 3406 5308 per
3441 5252 3530 5292 se-

1962 5341 2134 5410 ipsam
2195 5339 2493 5400 consistat,
2531 5353 2630 5407 per
2657 5333 3123 5405 sapientissimum
3179 5330 3530 5384 Salomonem

1960 5431 2124 5486 verba
2158 5430 2322 5494 facit,
2392 5428 2521 5482 dum
2556 5427 2688 5481 dicit
2719 5444 2761 5479 :t
2813 5425 2923 5496 Ego
2955 5423 3235 5494 Sapientia
3293 5419 3534 5476 habitari

1963 5525 2276 5589 consilium,
2337 5531 2392 5577 et
2424 5521 2826 5593 cognitionem,
2883 5527 2940 5574 et
2993 5517 3383 5588 cogitationem
3433 5529 3536 5585 ego

1965 5617 2234 5682 invocavi,
2275 5636 2294 5668 ι
2331 5627 2386 5672 et
2415 5631 2537 5686 qua:
2569 5615 2658 5671 his
2705 5613 2960 5684 adjuncta
3016 5619 3166 5668 sunt.
3212 5609 3320 5666 Sed
3368 5608 3534 5664 etiam

1963 5707 2118 5780 quasi
2153 5709 2199 5765 is
2230 5708 2320 5781 qui
2367 5707 2541 5778 ipsius
2594 5707 2833 5767 universi
2891 5704 3425 5762 administrationem
3481 5705 3537 5754 et
