4158 6418
568 330 667 399 ’551

1207 330 1483 399 EUSEBH
1519 336 2005 401 CESARIENSIS
2028 342 2184 400 OPP.
2220 340 2423 399 ΡΑιιε.
2461 342 2532 400 Il.
2570 373 2641 391 ---
2675 342 3176 401 APOLOGE‘I’ICA.

3721 349 3825 408 552

568 456 972 530 providentiam
1008 458 1307 528 acceperit,
1338 459 1608 534 adjungit,
1646 481 1665 514 ι
1721 460 1826 518 Per
1868 476 1958 518 tne
2002 474 2147 531 reges

2260 456 2377 511 πὼν
2452 459 2849 531 μνημονεύσειν
2917 459 2987 514 τά
3058 460 3119 527 ἐξ
3187 460 3415 526 αἰῶνος,
3471 462 3667 533 ἐπάγει
3734 465 3824 520 λέ-

568 558 802 622 reguant
841 591 857 616 ,
899 556 954 605 et
990 558 1241 621 potentes
1278 553 1533 609 scribunt
1566 554 1839 624 justitiam
1871 595 1886 619 ,
1926 569 2025 625 per
2061 568 2151 609 me

569 642 752 713 magni
805 641 907 696 viri
962 641 1430 712 magniﬁcantur;
1478 663 1497 696 ι
1542 646 1740 703 deinde
1780 646 1874 701 ubi
1910 646 2052 702 dixit
2091 661 2151 702 se

567 746 998 795 memoraturum
1030 752 1153 808 qua:
1170 751 1200 791 a
1220 739 1421 793 saeculo
1444 749 1593 804 sunt,
1634 740 1885 812 adjungit
1921 740 2145 796 dicens:

571 846 594 882 ι
644 828 911 885 Dominus
950 830 1158 885 creavit
1197 845 1285 886 me
1324 830 1541 885 initium
1575 830 1789 887 viarum
1828 847 2052 889 suarum
2092 833 2148 887 in

567 936 734 992 opera
773 937 895 986 sua,
956 930 1081 977 ante
1141 923 1400 978 saeculum
1456 922 1706 979 fundavit
1754 941 1858 981 me.
1908 945 1928 979 ι
1983 926 2147 996 213

577 1012 790 1079 Quibus
840 1014 1022 1069 verbis
1079 1014 1296 1069 interim
1340 1015 1579 1085 seipsum
1642 1016 1905 1086 genitum,
1974 1029 2149 1085 neque

565 1104 817 1159 eumdem
863 1120 987 1159 eum
1041 1104 1286 1177 ingenito
1327 1106 1487 1161 docet
1508 1122 1664 1172 esse,
1697 1121 1823 1161 eum
1875 1121 2008 1161 sane
2052 1106 2145 1176 qui

566 1204 696 1251 ante
748 1212 910 1252 omne
948 1212 1121 1252 aevum
1151 1197 1448 1253 essentiam
1494 1199 1787 1269 acceperit,
1830 1205 1884 1253 et
1928 1198 1982 1252 in
2033 1212 2150 1250 mo-

568 1289 699 1345 dum
753 1290 1091 1347 fundamenti
1139 1292 1351 1346 cunctis
1379 1293 1576 1363 genitis
1627 1292 1791 1347 rebus
1832 1292 2148 1361 praemissus

450 1400 457 1405 ί
568 1384 661 1439 sit.
697 1382 772 1437 Ex
806 1399 918 1454 quo
947 1384 1191 1439 divinum
1225 1384 1547 1453 Apostolum
1579 1390 1958 1454 argumentum
1990 1397 2148 1438 acce-

567 1474 720 1545 pisse
745 1474 1007 1529 credibile
1032 1482 1136 1537 est,
1167 1482 1226 1529 ut
1255 1474 1324 1529 de
1352 1475 1447 1527 illo
1477 1473 1707 1536 diceret,
1746 1491 1763 1525 ι
1785 1473 1887 1539 Qui
1919 1479 2003 1527 est
2024 1474 2152 1527 ima-

573 1580 645 1638 go
698 1564 790 1621 Dei
839 1565 1165 1629 invisibilis,
1206 1566 1600 1637 primogenitus
1646 1566 1825 1621 omnis
1866 1573 2147 1633 creaturae,

567 1658 829 1728 quoniam
864 1657 919 1712 in
948 1657 1319 1728 ipsocondita
1368 1668 1496 1714 sunt
1520 1658 1799 1722 universa,
1832 1658 1885 1713 in
1928 1659 2067 1714 coelo
2096 1668 2150 1714 et

566 1748 626 1805 in
670 1758 818 1804 terra
850 1748 917 1801 ".
967 1766 986 1800 ι
1034 1746 1315 1818 Siquidem
1348 1748 1745 1819 primogenitus
1781 1748 1963 1804 omnis
1994 1763 2151 1805 crea-

565 1849 707 1897 turae
734 1841 915 1896 dictus
942 1848 1027 1895 est
1059 1840 1111 1894 in
1147 1840 1280 1897 illo:
1318 1859 1336 1892 ι
1381 1840 1641 1895 Dominus
1680 1840 1884 1895 ereavit
1918 1855 2005 1895 me
2045 1840 2151 1895 ini-

570 1932 712 1987 tium
745 1934 955 1987 viarum
1005 1947 1229 1987 suarum
1266 1933 1321 1987 in
1367 1947 1532 2003 opera
1578 1946 1697 1986 sua.
1739 1952 1757 1983 ι
1793 1929 1926 1986 Jure
1970 1942 2148 1987 autem

569 2023 753 2095 imago
816 2024 911 2081 Dei
964 2024 1327 2095 intelligetur,
1385 2030 1571 2094 utpote
1623 2024 1717 2093 qui
1772 2024 2022 2094 genitura
2078 2024 2150 2078 sit

567 2115 823 2186 ingenita:
854 2125 1081 2171 natura.
1113 2116 1227 2171 lloc
1277 2117 1442 2187 igitur
1499 2116 1553 2170 in
1607 2116 1693 2170 his
1747 2106 1868 2186 qua:
1930 2117 1984 2172 in
2033 2133 2150 2171 ma.

566 2209 734 2265 nibus
765 2217 894 2264 sunt
940 2210 1254 2271 conﬁtetur,
1275 2210 1365 2263 ubi
1389 2210 1463 2263 ait
1492 2229 1505 2264 :
1544 2228 1562 2261 ι
1591 2213 1891 2281 Antequam
1938 2218 2152 2266 montes

572 2304 691 2361 suis
721 2304 944 2359 sedibus
977 2302 1347 2367 ﬁrmarentur,
1382 2322 1400 2354 ι
1428 2310 1504 2367 et,
1536 2322 1555 2355 ι
1581 2303 1719 2358 Ante
1741 2318 1932 2358 omnes
1956 2304 2146 2366 colles,

567 2393 743 2467 gignit
778 2408 884 2449 me.
922 2413 942 2447 ι
974 2393 1107 2449 Inde
1135 2393 1286 2448 illum
1326 2392 1518 2447 Filium
1551 2395 1794 2457 unicum,
1830 2401 1882 2448 et
1912 2393 2147 2465 primum

573 2487 815 2557 genitum
851 2485 945 2542 Dei
977 2485 1215 2541 Verbum
1240 2488 1602 2557 appellamus,
1631 2487 1724 2559 qui
1756 2487 1975 2558 quidem
2005 2487 2146 2543 idem

572 2579 647 2634 sit
676 2592 800 2632 cum
828 2590 892 2632 ea
927 2576 1207 2648 Sapientia
1241 2576 1308 2633 de
1336 2592 1442 2647 qua
1474 2578 1679 2633 dictum
1727 2586 1833 2635 est.
1865 2576 2149 2645 Quomodo

571 2677 753 2723 autem
779 2668 1088 2739 genituram
1113 2669 1267 2723 illum
1300 2685 1423 2725 esse
1453 2669 1547 2726 Dei
1579 2670 1847 2735 dicamus,
1875 2671 2015 2726 alius
2045 2672 2150 2728 erit

566 2765 624 2814 et
647 2760 906 2831 praprius
936 2760 1227 2832 indagandi
1252 2761 1423 2829 locus,
1455 2764 1715 2833 quoniam
1746 2778 1922 2833 neque
1952 2779 2148 2818 secun-

575 2852 706 2908 dim
745 2852 1158 2923 projeetionem,
1191 2869 1368 2925 neque
1411 2854 1709 2909 secundum
1750 2852 2144 2919 diductionem,

571 2950 667 2997 aut
696 2943 1043 3007 divisionem,
1087 2951 1181 2997 aut
1214 2943 1656 3010 diminutionem,
1700 2953 1794 2999 aut
1824 2947 2144 3011 sectionem,

568 3046 664 3090 aut
684 3036 909 3090 omnino
933 3035 1233 3091 secundum
1252 3036 1457 3106 aliquid
1475 3051 1661 3093 eorum
1681 3052 1802 3107 quae
1820 3037 1874 3092 in
1896 3039 2147 3109 genitura

575 3126 789 3182 mortali
838 3126 981 3198 exigi
1032 3127 1229 3191 solent,
1263 3127 1589 3184 inelfabllem
1624 3129 1773 3185 illius
1807 3132 2148 3202 procreatio-
2177 3160 2219 3219 ο

574 3234 699 3272 nem
744 3218 1048 3289 cogitamus
1086 3239 1099 3273 :
1135 3234 1310 3290 neque
1344 3218 1426 3275 fas
1470 3220 1709 3276 est-ullis
1752 3222 1951 3292 genitis
1982 3222 2148 3279 rebus

574 3309 725 3364 illius
762 3316 857 3363 aut
884 3310 1211 3381 genituram,
1252 3320 1346 3366 aut
1376 3313 1845 3383 propagationem,
1880 3331 2003 3386 quae
2026 3316 2150 3386 qui-

568 3401 693 3456 dem
728 3401 892 3457 nullis
923 3402 1319 3472 nequeverbis,
1352 3419 1527 3474 neque
1555 3406 1871 3463 nominibus
1899 3422 2152 3478 compre-

571 3493 732 3549 hendi
761 3502 959 3565 potest,
993 3496 1225 3551 similem
1251 3497 1528 3565 arbitrari,
1554 3514 1731 3569 neque
1758 3514 1886 3555 vero
1910 3500 2147 3571 aliquam

568 3585 649 3640 illi
678 3600 870 3641 eorum
904 3602 1026 3657 quae
1070 3589 1398 3658 temporaria
1430 3596 1483 3645 et
1530 3592 1782 3645 mortalia
1815 3599 1963 3654 sunt,
1998 3607 2149 3646 com-

571 3691 769 3748 parare
808 3679 1098 3750 imaginem
1136 3697 1151 3735 :
1184 3681 1441 3751 quoniam
1477 3696 1655 3752 neque
1706 3683 2007 3739 secundum
2052 3698 2148 3738 eas

571 3764 889 3820 animalium
920 3768 1349 3838 procreationes,
1396 3785 1518 3842 quae
1548 3770 1691 3841 apud
1723 3787 1825 3827 nos
1866 3773 2145 3837 visuntur,

570 3855 868 3912 essentiam
908 3858 977 3913 de
1003 3860 1263 3925 essentia,
1303 3874 1533 3932 eamque
1576 3860 1905 3918 divisibilem
1940 3872 2034 3917 aut
2063 3879 2149 3919 se-

572 3949 896 4020 parabilem,
920 3949 1117 4006 Filium
1148 3951 1216 4008 de
1244 3951 1425 4020 Patre,
1450 3954 1708 4026 patiendo
1731 3966 1825 4010 aut
1856 3955 2148 4013 dividendo

570 4041 863 4114 prodiisse,
896 4043 984 4113 pie
1010 4043 1191 4100 dicere
1221 4059 1516 4117 possumus
1547 4064 1561 4100 :
1585 4055 1769 4117 partes
1796 4048 1942 4103 enim
1969 4048 2147 4104 nullas

571 4135 758 4202 habet,
790 4136 1193 4208 insecabileque
1217 4145 1323 4201 est,
1348 4138 1493 4209 quod
1524 4139 1768 4194 divinum
1791 4148 1895 4204 est,
1922 4156 2032 4195 non
2060 4155 2148 4195 se-

570 4235 750 4297 catur,
784 4243 895 4285 non
943 4229 1223 4295 dividitur,
1262 4245 1373 4284 non
1400 4232 1736 4299 extenditur,
1769 4247 1877 4286 non
1909 4233 2145 4302 corripi-

570 4328 683 4386 tur,
714 4335 826 4377 non
875 4320 1233 4386 dimiuuitur,
1264 4336 1375 4378 non
1418 4322 1618 4394 majus,
1648 4339 1756 4378 non
1806 4324 1987 4394 pejus,
2031 4339 2146 4378 non

570 4415 765 4471 melius
789 4415 881 4483 tit;
904 4430 1011 4469 non
1028 4414 1191 4470 habet
1219 4416 1274 4469 in
1299 4414 1481 4486 seipso
1501 4415 1704 4486 aliquid
1728 4415 1875 4486 quod
1903 4430 1934 4469 a
1963 4417 2145 4486 seipso

2251 563 2385 615 γωνο
2433 565 2453 599 ι
2508 548 2714 621 Κύριος
2758 548 2944 603 ἔκτισέ
2996 567 3066 622 με
3114 551 3288 623 ἀρχὴν
3331 552 3465 608 οδῶν
3516 553 3683 611 αὑτοῦ
3747 558 3825 621 είς

2250 638 2387 709 ἔργα
2451 638 2647 694 αὑτοῦ·
2714 642 2822 713 πρὸ
2869 641 2963 695 τοῦ
3025 643 3220 708 αἰῶνος
3268 644 3596 717 ὲθεμελίωσέ
3653 665 3720 720 με
3755 668 3767 679 ·
3800 670 3820 701 ι

2249 734 2318 786 δι’
2347 726 2422 788 ὧν
2451 733 2586 805 ὁμοῦ
2616 735 2708 790 καὶ
2749 736 2972 807 γενητὸν
3016 737 3228 802 ἑαυτὸν,
3264 738 3383 810 οὐχὶ
3424 738 3483 795 δὲ
3528 741 3618 793 τὸν
3664 743 3824 798 αὐτὸν

2249 824 2376 877 ὄντα
2399 824 2477 896 τῷ
2504 825 2806 897 Ἀγεννήτῳ
2845 825 3102 891 διδάσκει,
3145 826 3251 898 πρὸ
3285 828 3486 893 παντὸς
3512 828 3707 895 αἰῶνος
3732 831 3825 885 ού-

2252 916 2536 988 σιωμένον,
2583 917 2833 989 θεμελίου
2863 936 2921 972 τε
2963 920 3160 992 τρόπον
3189 920 3297 974 τῶν
3331 922 3604 992 γεννητῶν
3648 925 3826 981 ἁπάν-

2249 1025 2356 1061 των
2390 1008 2843 1081 προϐεϐλημένον.
2870 1009 3029 1064 ’Ὅθεν
3050 1010 3141 1065 τὸν
3165 1010 3307 1065 θεῖον
3331 1012 3650 1068 Ἀπόοτολον
3678 1016 3826 1082 εἰκὸς

2248 1099 2569 1172 ὁρμώμενον
2600 1102 2727 1173 περὶ
2768 1102 2931 1155 αὑτοῦ
2964 1102 3127 1173 φάναι
3152 1120 3165 1133 ·
3192 1123 3211 1156 ι
3245 1106 3342 1169 ’⁸ος
3370 1108 3518 1161 ἐστιν
3547 1108 3708 1163 εἰκὼν
3733 1108 3825 1163 τοῦ

2263 1192 2538 1263 Ἀοράτου,
2569 1193 2910 1266 πρωτότοκος
2936 1195 3117 1267 πάσης
3163 1197 3393 1263 κτίσεως
3414 1215 3428 1229 ·
3473 1200 3552 1252 ὃτι
3583 1202 3642 1254 ὲν
3680 1200 3830 1273 αύτῷ

2249 1283 2475 1355 ἐκτίσθη
2506 1283 2576 1338 τά
2610 1285 2806 1351 πάντα,
2844 1285 2912 1339 τὰ
2947 1289 3003 1340 ὲν
3026 1286 3104 1359 τῷ
3128 1288 3340 1360 ούρανῷ
3384 1290 3477 1344 καὶ
3513 1290 3584 1345 τὰ
3609 1292 3702 1346 ἐπὶ
3729 1293 3830 1364 τῆς

2249 1377 2370 1449 γῆς.
2405 1396 2423 1428 ι
2472 1377 2820 1449 Πρωτότοκος
2863 1378 2963 1449 μὲν
3008 1379 3115 1451 γάρ
3160 1382 3341 1453 πάσης
3388 1382 3670 1454 ἀνείρηται
3714 1386 3834 1440 κτί-

2252 1485 2408 1533 σεως,
2442 1469 2581 1524 κατά
2612 1469 2692 1535 τὸ,
2729 1488 2747 1521 ι
2804 1471 3008 1544 Κύριος
3040 1471 3219 1526 ἔκτισε
3251 1490 3319 1544 με
3353 1474 3526 1547 ἀρχὴν
3564 1475 3700 1531 ὁδῶν
3731 1478 3834 1532 αύ-

2248 1559 2342 1613 τοῦ
2368 1562 2446 1624 είς
2469 1559 2604 1633 ἔργα
2629 1560 2794 1615 αὐτοῦ
2819 1578 2832 1591 ·
2875 1581 2895 1615 ι
2934 1565 3104 1617 νοοῖτο
3124 1563 3168 1616 δ’
3198 1564 3263 1617 ἆν
3296 1566 3517 1632 εἰκότως
3548 1567 3711 1624 εἰκὼν
3736 1570 3833 1625 τοῦ

2249 1651 2405 1717 Θεοῦ,
2432 1651 2507 1716 ὡς
2538 1652 2603 1706 ἂν
2639 1653 2883 1724 γέννημα
2908 1654 3008 1726 τῆς
3051 1656 3345 1729 ἁγεννήτου
3377 1657 3592 1728 φύσεως
3630 1663 3835 1733 τυγχά-

2251 1762 2376 1799 νων.
2411 1743 2582 1797 Τοῦτο
2611 1744 2668 1800 δὲ
2702 1741 2794 1798 οὖν
2833 1746 2890 1799 ἐν
2931 1749 3044 1812 τοῖς
3078 1747 3215 1818 μετά
3241 1752 3429 1820 χεῖρας
3464 1750 3735 1821 ὁμολογεῖ,
3761 1752 3834 1807 δι’

2181 1803 2227 1863 Β
2252 1831 2326 1891 ὧν
2359 1856 2489 1910 φησι
2512 1857 2525 1870 ι
2569 1858 2587 1890 ι
2635 1840 2748 1913 Πρὸ
2786 1839 2880 1895 τοῦ
2916 1803 3447 1914 δρηέδρασθῆνάιίι
3497 1803 3837 1917 ﬁt;

2252 1930 2309 1985 δὲ
2355 1931 2573 1985 πάντων
2614 1930 2820 2003 βουνῶν
2860 1933 3022 2003 γεννᾷ
3073 1949 3158 2004 με.
3200 1950 3219 1984 ι
3275 1933 3468 1987 Ἔνθεν
3500 1936 3662 1990 αὑτὸν
3702 1936 3837 1991 Υίδν

2256 2023 2540 2096 μονογενῆ,
2590 2025 2684 2078 καὶ
2726 2024 3068 2096 πρωτότοκον
3111 2022 3203 2078 τοῦ
3251 2023 3388 2077 Θεοῦ
3432 2026 3604 2095 Λόγον
3635 2028 3837 2096 ἀναγο-

2253 2114 2483 2189 ρεύομεν
2509 2115 2598 2168 τὸν
2629 2114 2789 2169 αὐτὸν
2833 2114 2960 2168 ὅντα
2989 2116 3056 2187 τῇ
3093 2113 3395 2189 δηλουμένη
3422 2116 3611 2189 Σοφίᾳ.
3641 2119 3836 2185 Ὅπως

2251 2207 2306 2260 δὲ
2335 2207 2579 2279 γέννημα
2604 2207 2737 2262 Θεοῦ
2782 2208 2942 2261 αὑτὸν
2981 2204 3120 2261 εἷναί
3161 2226 3363 2280 φαμεν,
3404 2210 3540 2275 ἰδίας
3565 2209 3632 2264 ἂν
3659 2211 3838 2267 δέοιτο

2251 2297 2550 2365 ἐξετάσεως
2574 2315 2585 2324 '
2624 2300 2746 2353 ἐπεὶ
2797 2302 2934 2371 μήτε
2968 2301 3110 2355 κατά
3141 2300 3439 2367 διάστασιν,
3471 2302 3506 2375 ἦ
3544 2302 3834 2374 διαίρεσιν,

2251 2391 2284 2462 ἢ
2320 2390 2561 2460 μείωσιν,
2587 2391 2622 2464 ἢ
2658 2390 2847 2462 τομὴν,
2873 2391 2906 2462 ἢ
2939 2392 3082 2445 κατά
3102 2409 3154 2446 τι
3176 2393 3313 2456 ὅλως
3339 2393 3446 2446 τῶν
3472 2393 3565 2447 ἐπὶ
3586 2394 3683 2466 τῆς
3710 2392 3840 2465 θνη-

2249 2479 2349 2551 τῆς
2376 2479 2644 2548 γενέσεως
2688 2479 3139 2552 ἐπιτελουμένων,
3183 2481 3281 2554 τὴν
3321 2482 3628 2556 ἀπόρρητον
3662 2483 3835 2538 αὐτοῦ

2251 2568 2659 2640 γενεσιουργίαν
2702 2569 3041 2638 ἐπινοοῦμεν.
3094 2570 3228 2625 Οὐδὲ
3266 2570 3375 2643 γὰρ
3424 2571 3582 2643 θέμις
3624 2572 3733 2627 τῶν
3773 2576 3835 2629 ὲν

2250 2663 2497 2729 γενητοῖς
2543 2676 2652 2713 τισι
2694 2661 2792 2732 τὴν
2825 2662 3063 2733 ἄρρητον
3110 2662 3205 2715 καὶ
3247 2663 3688 2733 ἀκατονόμαστον
3728 2668 3836 2720 αύ-

2251 2750 2344 2805 τοῦ
2378 2751 2590 2821 γένεσίν
2611 2768 2671 2805 τε
2700 2753 2792 2805 καὶ
2813 2752 3064 2806 ούσίωσιν
3088 2753 3402 2826 ἀφομοιοῦν,
3430 2755 3551 2809 ούδέ
3576 2774 3701 2811 τινα
3720 2758 3836 2813 τῶν

2250 2842 2551 2912 ἐπικαίρων
2601 2841 2696 2894 καὶ
2729 2841 2939 2913 θνητῶν
2990 2843 3357 2915 παραϐάλλειν
3408 2844 3555 2917 αὐτῷ
3599 2846 3832 2903 είκόνασ

2250 2934 2372 2987 ἐπεὶ
2407 2933 2540 3005 μηδὲ
2588 2933 2731 2987 κατὰ
2766 2934 2864 2998 τὰς
2911 2936 3040 3007 παρ’
3068 2938 3201 3008 ἡμῖν
3248 2936 3357 2991 τῶν
3390 2934 3544 3002 ζώων
3584 2938 3836 3007 γενέσεις

2250 3033 2437 3086 ούσίαν
2469 3032 2527 3099 ἐξ
2574 3032 2760 3096 οὐσίας
2788 3032 2929 3085 κατὰ
2961 3032 3130 3098 πάθος
3158 3034 3191 3105 ἢ
3237 3034 3519 3107 διαίρεσιν,
3565 3037 3836 3111 μεριστὴν

2252 3128 2345 3179 καὶ
2375 3125 2647 3198 χωριστὴν
2686 3126 2750 3179 ὲκ
2774 3125 2866 3179 τοῦ
2902 3125 3115 3199 Πατρὸς
3143 3126 3561 3200 προεληλυθέναι
3584 3128 3677 3183 τὸν
3699 3129 3835 3185 Υίὸν

2252 3218 2413 3287 φάναι
2463 3219 2627 3271 ὅσιον.
2682 3217 2909 3290 Ἀμερὲς
2956 3216 3062 3289 γὰρ
3107 3219 3201 3271 καὶ
3228 3218 3428 3290 ἄτομον
3457 3219 3517 3272 τὸ
3558 3219 3732 3286 Θεῖον,
3767 3223 3833 3275 ού

2250 3308 2601 3379 τεμνόμενον,
2646 3307 2705 3361 ού
2751 3306 3143 3379 διαιρούμενον,
3182 3309 3284 3363 οὐκ
3328 3309 3719 3382 ἐκτεινόμενον,
3767 3311 3835 3367 οὐ

2253 3400 2589 3473 μειούμενον,
2620 3400 2680 3453 οὐ
2722 3399 3157 3472 συστελλόμενον,
3192 3402 3253 3455 ού
3298 3401 3500 3472 μεῖζον,
3531 3403 3591 3456 οὐ
3623 3406 3835 3475 χεῖρον,

2250 3492 2310 3545 οὐ
2343 3495 2586 3565 κρεῖττον
2621 3490 2786 3545 αὐτοῦ
2823 3492 3128 3564 γινόμενον,
3171 3492 3272 3547 οὐκ
3317 3492 3435 3571 ἕχον
3479 3511 3530 3553 τι
3570 3495 3628 3552 ὲν
3650 3495 3837 3569 ἑαυτῷ

2248 3579 2433 3652 ἔτερόν
2464 3598 2516 3633 τι
2556 3578 2741 3645 αὑτοῦ,
2778 3580 2863 3634 ἴνα
2891 3580 2984 3634 καὶ
3018 3582 3251 3653 πρόηται
3288 3581 3465 3637 τοῦτο.
3494 3585 3607 3639 Πᾶν
3633 3586 3743 3656 γὰρ
3767 3586 3837 3641 τὸ

2250 3667 2305 3721 εν
2328 3686 2433 3722 τινι
2464 3668 2547 3737 ὃν,
2584 3668 2618 3740 ἢ
2652 3668 2728 3733 ὡς
2755 3669 3121 3741 συμϐεϐηκὸς,
3154 3666 3265 3726 οἷον
3288 3672 3478 3727 λευκὸν
3507 3676 3563 3730 ὲν
3588 3658 3831 3746 σώματι,

2249 3763 2282 3836 ἢ
2309 3763 2384 3827 ὡς
2412 3763 2597 3837 ἓτερον
2628 3765 2685 3817 ὲν
2721 3762 2892 3839 ἑτέρῳ
2923 3763 3198 3839 τυγχάνει,
3239 3764 3315 3829 ὡς
3347 3765 3407 3819 τὸ
3435 3766 3493 3818 ὲν
3521 3769 3588 3839 τῇ
3622 3785 3832 3839 κυοφο-

2253 3856 2420 3930 ρούσῃ
2459 3855 2599 3910 κατά
2640 3855 2875 3928 γαστρὸς
2906 3856 3412 3929 κυοφορούμενον,ἢ
3445 3856 3520 3921 ὡς
3564 3858 3729 3930 μέρος
3769 3862 3832 3915 ὲν

2247 3950 2324 4022 τῷ
2370 3951 2494 4024 ὅλῳ,
2525 3951 2600 4016 ὼς
2629 3950 2694 4006 ἂν
2734 3954 2792 4005 ὲν
2837 3949 3047 4022 σώματι
3074 3949 3196 4022 χεὶρ
3228 3948 3261 4021 ἧ
3288 3949 3443 4014 ποῦς,
3489 3951 3523 4022 ἢ
3565 3950 3831 4018 δάκτυλος

2248 4042 2343 4097 τοῦ
2373 4043 2570 4108 παντὸς
2593 4042 2721 4097 ὄντα
2753 4042 2915 4115 μέρη,
2940 4034 3014 4094 ὧν
3043 4040 3327 4112 ἀποκοπὴν
3356 4041 3539 4115 ῆμτινα
3578 4042 3753 4115 τομὴν
3790 4044 3826 4114 ἦ

2246 4134 2509 4208 διαίρεσιν
2542 4108 2902 4200 πεπονθϐτων,
2928 4132 3114 4196 ἀτελὲς
3137 4133 3230 4186 καὶ
3251 4108 3488 4197 κολοϐδν,
3525 4131 3601 4198 ὡς
3628 4108 3828 4190 ἀνῑτοῦ

2251 4226 2449 4300 μέρους
2467 4224 3005 4298 ὴκρωτηριασμένου,
3028 4224 3411 4280 ἀπολέλειπται
3431 4227 3490 4279 τὸ
3518 4228 3644 4280 πᾶν.
3663 4225 3831 4289 Ἀλλὰ.

2246 4318 2356 4391 γάρ
2394 4319 2488 4373 καὶ
2517 4318 2579 4371 τὸ
2615 4318 2782 4372 εικόνι
2810 4316 2983 4387 τοιᾷδε
3020 4314 3120 4373 καὶ,
3144 4314 3398 4388 ὁμοιώσει
3443 4316 3679 4389 χρῆσθαι
3728 4319 3843 4380 ἐπὶ,

2246 4414 2345 4484 τῆς
2374 4411 2667 4483 ἀγεννήτου
2698 4410 2911 4479 φύσεως
2938 4408 3033 4463 τοῦ
3064 4409 3170 4462 τῶν
3216 4409 3350 4462 ὅλων
3393 4406 3548 4474 Θεοῦ,
3597 4408 3691 4463 καὶ
3720 4410 3829 4481 τῆς

566 4506 641 4563 sit
678 4506 847 4572 aliud,
892 4514 952 4560 ut
973 4505 1104 4560 illud
1140 4506 1321 4576 possit
1354 4507 1595 4575 abjicere
1626 4525 1639 4561 :
1682 4505 1949 4576 quidquid
1992 4508 2138 4561 enim

2246 4504 2338 4557 τοῦ
2398 4501 2734 4573 Μονογενοῦς
2776 4500 2941 4556 αὐτοῦ
2987 4501 3081 4557 καὶ
3122 4501 3472 4573 Πρωτοτόκου
3532 4502 3822 4571 γενέσεως,

568 4598 626 4654 in
652 4598 837 4670 aliquo
869 4606 974 4663 est,
1012 4605 1107 4653 aut
1136 4606 1222 4654 est
1251 4606 1511 4669 tanquam
1542 4598 1821 4663 accidens,
1864 4604 1926 4652 ut
1956 4599 2141 4653 album

568 4687 627 4744 in
659 4703 908 4759 corpore,
944 4695 1039 4743 aut
1078 4698 1337 4759 tanquam
1366 4687 1515 4743 aliud
1563 4688 1620 4743 in
1648 4689 1776 4754 alio,
1807 4696 1868 4743 ut
1913 4689 1969 4743 in
2002 4703 2142 4758 prte-

568 4789 770 4855 gnante
811 4780 954 4838 fetus
994 4797 1157 4853 quem
1199 4783 1255 4836 in
1299 4788 1453 4837 utero
1496 4789 1699 4854 gestat,
1744 4789 1839 4835 aut
1881 4788 2142 4851 tanquam

568 4888 697 4945 pars
721 4873 778 4929 in
811 4880 947 4939 toto,
984 4883 1042 4927 ut
1069 4874 1126 4929 in
1170 4886 1401 4944 corpore
1430 4886 1646 4935 manus,
1681 4870 1763 4925 vel
1793 4886 1910 4941 pes,
1944 4870 2027 4924 vel
2059 4869 2145 4924 di-

568 4966 737 5037 gitus,
767 4980 889 5036 qua:
920 4965 1087 5020 totius
1117 4972 1246 5022 sunt
1278 4974 1481 5035 partes,
1504 4977 1737 5034 quarum
1767 4963 1814 5017 si
1845 4961 2144 5017 abscissio-

568 5071 716 5121 nem,
767 5065 862 5110 aut
905 5057 1204 5112 sectionem
1249 5056 1508 5126 aliquam,
1553 5062 1647 5108 aut
1688 5053 2009 5108 divisionem
2042 5068 2143 5122 pa-

570 5151 778 5203 tiantur
824 5162 1076 5219 corpora,
1121 5146 1498 5217 imperfectum
1547 5160 1612 5200 ac
1660 5144 1911 5198 mutilum
1962 5144 2142 5214 ipsum

570 5243 768 5300 totum,
803 5237 968 5293 veluti
1020 5252 1225 5294 summa
1268 5243 1418 5309 parte
1449 5241 1748 5305 amputata,
1791 5234 2138 5304 relinquitur.

569 5327 641 5381 At
669 5326 814 5382 enim
856 5326 911 5380 in
954 5325 1195 5398 ingenita
1230 5325 1452 5381 maximi
1493 5324 1587 5381 Dei
1619 5333 1846 5389 natura,
1879 5323 2046 5398 214
2087 5333 2141 5382 et

572 5420 626 5475 in
659 5420 807 5474 unici
831 5418 1074 5488 ejusdem
1103 5420 1389 5491 primoque
1402 5419 1568 5490 geniti
1594 5418 1716 5472 Filii
1741 5420 2138 5488 procreatione,

570 5512 734 5567 talem
777 5525 1044 5581 usurpare
1083 5511 1373 5585 imaginem
1423 5519 1517 5566 aut
1543 5510 1979 5574 similitudinem,
2022 5525 2141 5564 om-

571 5604 723 5659 nium
752 5603 1057 5674 quaeimpia
1086 5611 1235 5671 sunt,
1261 5604 1495 5661 maxime
1525 5603 1752 5674 impium
1776 5602 1863 5661 sit.
1898 5599 2018 5657 Non
2041 5601 2142 5673 igi-

644 5788 690 5827 ”
713 5788 895 5847 Colos.
933 5805 972 5857 t,
1016 5788 1105 5845 15.

2245 4596 2461 4649 πάντων
2486 4594 2551 4648 ἂν
2585 4593 2669 4656 εἴη
2697 4592 3076 4648 ἀσεϐέστατον.
3108 4592 3184 4645 Οὐ
3223 4591 3402 4647 τοίνυν
3429 4592 3515 4657 ὡς
3541 4594 3729 4666 ἕτερον
3762 4598 3825 4660 εν

2244 4689 2434 4760 ἑτέρῳ,
2461 4686 2519 4755 ἐξ
2551 4685 2791 4755 ἀπείρων
2841 4686 2936 4739 καὶ
2976 4684 3227 4758 ἀνάρχων
3270 4683 3481 4739 αἰώνων
3519 4681 3588 4757 ἦν
3626 4688 3656 4739 δ
3693 4687 3823 4751 Υἱὸς

2243 4781 2534 4853 ἀγέννητος
2562 4780 2620 4833 ὲν
2641 4779 2718 4851 τῷ
2739 4780 2934 4852 Πατρὶ,
2969 4778 3133 4852 μέρος
3160 4778 3234 4831 ὢν
3272 4778 3458 4843 αὐτοῦ,
3490 4777 3518 4832 ὃ
3549 4779 3826 4851 μεταϐλη-

2244 4871 2333 4926 θὲν
2365 4871 2588 4942 ὕστερον
2614 4871 2709 4926 καὶ
2744 4869 2976 4924 κενωθὲν
3006 4868 3160 4935 ἐκτὸς
3191 4868 3351 4922 αὐτοῦ
3382 4868 3571 4938 γέγονε
3596 4887 3610 4900 ο
3643 4873 3825 4943 τροπῇ

2243 4964 2352 5038 γὰρ
2391 4966 2528 5038 αὐτῇ
2572 4964 2673 5036 ἤδη
2718 4962 2875 5018 τοῦτο
2911 4963 3106 5016 οἰκεῖον
3132 4979 3146 4993 ο
3192 4966 3286 5016 καί⁵
3322 4959 3416 5015 δύο
3449 4962 3501 5031 γ’
3546 4960 3612 5015 ἂν
3642 4960 3819 5025 οῦτως

2243 5057 2511 5128 ἀγέννητα
2538 5051 2668 5121 εἷεν,
2696 5056 2757 5109 τὸ
2795 5053 3166 5127 προϐεϐληκὸς
3204 5053 3298 5106 καὶ
3329 5052 3390 5107 τὸ
3436 5050 3817 5124 προϐεϐλημέ-

2242 5167 2349 5205 νον.
2382 5151 2493 5203 Καὶ
2537 5150 2618 5213 τίς
2641 5145 2709 5221 ἦν
2747 5149 3078 5213 κατάστασις
3120 5148 3381 5220 κρείττων
3406 5164 3420 5213 ;
3448 5143 3595 5218 *Δρα
3634 5148 3675 5219 ἡ
3715 5145 3827 5218 πρὸ

2240 5241 2339 5311 τῆς
2391 5240 2600 5312 τροπῆς
2651 5238 2749 5310 τῆς
2798 5239 2936 5295 κατά
2983 5240 3084 5312 τὴν
3132 5238 3399 5311 προϐολὴν
3446 5238 3819 5304 διαστάσεωςς

2213 5333 2453 5388 Ὀύκουν
2481 5332 2558 5397 ὡς
2591 5331 2753 5405 μέρος
2782 5332 2814 5404 ἢ
2868 5332 3027 5401 μέλος
3072 5331 3384 5403 ἀγεννήτως
3427 5327 3706 5402 ἡνωμένον
3729 5333 3820 5385 ἀεὶ

2242 5425 2523 5497 πρότερον,
2572 5424 2854 5478 ἐπειτα²δὲ
2905 5422 3126 5477 διαστάν
3173 5424 3267 5477 καὶ
3310 5423 3476 5495 χωρὶς
3524 5422 3820 5493 γενόμενον

2240 5516 2333 5572 τοῦ
2362 5517 2504 5581 ὅλου,
2532 5514 2622 5569 τὸν
2653 5515 2780 5569 Υίδν
2824 5515 2933 5569 ἀπὸ
2967 5513 3063 5568 τοῦ
3092 5515 3304 5588 Πατρὸς
3334 5509 3445 5570 οἷόν
3471 5532 3530 5568 τε
3556 5515 3814 5571 ἐπινοεῖν.

2246 5610 2492 5682 Ἀῥρητα
2522 5609 2630 5681 γὰρ
2673 5607 2765 5663 καὶ
2808 5607 3063 5679 ἄντικρυς
3091 5607 3266 5679 ἀσεϐῆ
3312 5606 3505 5675 ταῦτα,
3540 5606 3675 5681 ῦλης
3714 5607 3816 5682 μὶν
