4158 6418
291 422 392 479 353

1220 402 1879 465 DEMONSTltA‘l’IONlS
1918 380 2379 458 ausaausa
2427 389 2559 452 Lm.
2604 390 2672 449 ν.

2042 292 2065 319 ο

3452 390 3559 447 556

287 540 413 594 ὄντα
456 535 730 608 σωμάτων
776 534 971 595 οἰκεῖα,
1013 531 1111 603 τῆς
1139 530 1194 583 δὲ
1228 527 1525 600 ἀσωμάτου
1573 528 1668 580 καὶ
1708 520 1875 580 ἀΰλου

1984 529 2073 576 tur
2105 530 2368 590 tanquam
2417 514 2565 571 aliud
2599 514 2653 569 in
2688 513 2816 577 alio,
2848 524 2914 567 ex
2947 508 3177 566 infinitis
3205 517 3260 566 et
3293 509 3562 581 principio

288 631 499 700 φύσεως
539 626 819 697 ἀλλότρια.
849 622 940 675 Διὸ
986 619 1128 675 κατά
1176 618 1365 690 καιρὸν
1418 617 1642 681 εἰκότως
1685 616 1746 670 ἄν
1786 628 1871 677 τις

288 720 523 777 ἰνταῦθα
553 718 718 773 πάλιν
743 717 824 781 τὺ,
865 735 884 767 ι
913 713 1023 786 Τὴν
1052 714 1267 782 γένεσιν
1305 709 1471 764 αὑτοῦ
1497 709 1580 771 τίς
1610 705 1870 779 διηγήσε-

286 832 405 880 ται;
451 834 470 867 ι
509 810 909 881 ἀναφθέγξαιτο
971 809 1071 862 ἄν’
1124 805 1310 877 ἐπειδὴ
1355 805 1450 858 καὶ
1481 804 1579 875 τὴν
1625 800 1873 855 ὲναντίαν

288 909 462 963 ἐλθεῖν
487 907 589 960 οὑκ
616 905 916 967 ἀκίνδυνον,
948 902 1041 955 καὶ
1073 899 1260 961 ἁπλῶς
1283 896 1457 951 οὑτως
1480 895 1540 962 ἐξ
1578 894 1679 948 οὑκ
1703 893 1876 948 ὄντων

284 999 547 1072 γεννητὸν
613 997 705 1051 τὸν
747 995 874 1048 Υἱὺν
919 994 1034 1058 τοῖς
1082 991 1289 1055 λοιποῖς
1335 989 1613 1059 γεννητοῖς
1673 985 1876 1057 ὁμοίως

283 1089 713 1163 ἀποφήνασθαι·
760 1087 891 1158 άλλη
937 1084 1046 1157 γάρ
1094 1082 1224 1137 Υίοῦ
1274 1080 1507 1151 γένεσις,
1547 1078 1640 1132 καὶ
1671 1078 1804 1149 ἄλλη
1838 1078 1871 1148 ὴ

282 1186 371 1242 διὰ
405 1184 506 1239 τοῦ
550 1182 681 1237 Υἱοῦ
726 1177 1074 1252 δημιουργία.
1123 1175 1283 1230 Ἀλλά
1312 1174 1420 1249 γὰρ
1455 1170 1708 1243 ὥσπερὴ
1756 1170 1877 1224 θεία

283 1276 478 1348 Γραφὴ
509 1274 632 1329 τοτὲ
663 1273 763 1345 μὲν
792 1270 1134 1342 πρωτότοκον
1163 1266 1345 1337 πάσης
1378 1264 1606 1327 κτίσεως
1631 1262 1721 1316 τὸν
1749 1261 1876 1314 Υίδν

285 1367 612 1441 ἀναγορεύει
646 1367 705 1433 ἐξ
733 1362 899 1419 αὑτοῦ
928 1360 1242 1434 προσώπου,
1272 1359 1355 1422 τὸ,
1413 1377 1432 1409 ι
1462 1356 1667 1429 Κύριος
1697 1355 1877 1409 ἔκτισέ

288 1480 353 1535 με
378 1461 561 1532 ἀρχὴν
586 1459 720 1513 ὁδῶν
753 1456 939 1520 αὑτοῦ,
974 1476 991 1507 δ
1031 1453 1313 1524 φάσκουσα
1340 1467 1354 1481 ·
1391 1449 1511 1503 τοτὲ
1544 1447 1599 1502 δὲ
1634 1446 1877 1519 γέννημα

283 1554 374 1609 τοῦ
414 1553 635 1624 Πατρὸς
678 1547 846 1614 εἶναι,
873 1548 1020 1617 λέγει
1061 1546 1201 1600 κατὰ
1235 1544 1314 1611 τὸ,
1362 1564 1380 1597 ι
1420 1544 1534 1615 Πρὸ
1575 1541 1630 1595 δὲ
1664 1541 1879 1595 πάντων

285 1642 497 1717 βουνῶν
531 1644 701 1714 γεννᾷ
738 1658 805 1713 με
834 1658 847 1672 ·
892 1660 908 1691 ι
942 1638 1117 1711 ταύτῃ
1160 1635 1253 1693 κοιλ¹
1297 1638 1424 1708 ἡμῖν
1457 1632 1685 1688 ἕπεσθαι
1713 1631 1880 1701 ὑγιῶς·

284 1737 351 1791 ἂν
389 1737 529 1808 ἔχοι,
560 1734 658 1788 καὶ
689 1734 750 1788 τὸ
783 1732 890 1806 πρὸ
912 1733 1128 1787 πάντων
1153 1729 1363 1783 αἰώνων
1387 1726 1527 1780 εἶναι
1554 1725 1725 1793 Λόγον
1752 1722 1882 1776 ὅντα

280 1830 420 1885 Θεοῦ
454 1826 875 1899 δημιουργικὸν,
902 1825 997 1877 καὶ
1023 1823 1086 1877 τὸ
1113 1821 1290 1893 Πατρὶ
1326 1820 1580 1882 συνεῖναι,
1619 1814 1879 1889 μονογενῆ

282 1939 342 1975 τε
382 1917 517 1974 Υἱὺν
566 1913 707 1970 εἶναι
743 1915 839 1969 τοῦ
882 1914 990 1967 τῶν
1020 1913 1157 1967 ὅλων
1194 1910 1349 1975 Θεοῦ,
1384 1906 1654 1981 ὑπουργόν
1692 1924 1750 1959 τε
1786 1904 1880 1960 καί⁹
1914 1888 1956 1942 Β

284 2010 556 2085 συνεργὸν
588 2009 667 2080 τῷ
699 2008 876 2079 Πατρὶ
911 2006 1008 2078 τῆς
1036 2004 1145 2059 τῶν
1180 2004 1317 2057 ὅλων
1355 1997 1662 2064 οὑσιώσεώς
1700 2016 1758 2053 τε
1787 1999 1881 2053 καὶ⁵

280 2103 708 2172 διακοσμήσεως
752 2097 1147 2168 γεγεννημένον
1189 2094 1489 2166 ὁμολογεῖν.
1524 2093 1587 2145 Ei
1633 2090 1743 2163 γάρ
1788 2086 1880 2144 οὖν

283 2198 382 2250 καὶ
410 2195 544 2251 ἄλλο
565 2212 621 2247 τι
644 2192 885 2265 ἄρρητον
912 2190 1004 2244 καὶ
1029 2187 1411 2258 ἀκατάληπτον
1435 2187 1566 2257 ἡμῖν
1597 2187 1656 2239 ὲν
1680 2187 1746 2255 τῇ
1774 2182 1882 2236 τῶν

281 2291 425 2344 ὅλων
456 2285 846 2342 ἀπολέλειπται
873 2283 1050 2353 φύσει,
1080 2280 1246 2353 μυρία
1276 2280 1332 2333 δὲ
1360 2278 1429 2331 τά
1455 2276 1700 2342 τοιαῦτα,
1725 2277 1882 2329 ὁποῖα

284 2382 384 2437 καὶ
408 2379 481 2433 τά
516 2381 631 2443 τοῖς
661 2376 961 2445 θεοφιλὲσιν
1006 2372 1390 2443 ἐπηγγελμένα
1434 2370 1714 2440 τυγχάνει,
1750 2385 1769 2419 ι
1817 2368 1883 2420 Ἀ

283 2472 574 2545 ὀφθαλμὸς
602 2472 701 2525 οὑκ
723 2465 851 2535 εἶδε,
883 2468 977 2522 καὶ
996 2463 1087 2532 οῦς
1120 2468 1220 2520 οὑκ
1243 2467 1461 2537 ἢκουσε,
1492 2461 1586 2515 καὶ
1623 2462 1714 2514 ἐπὶ
1745 2477 1883 2531 καρ-

282 2566 409 2620 δίαν
436 2561 862 2635 ἀνθρώπουζιύκ
883 2559 1072 2631 ἀνέϐη,
1113 2578 1130 2610 ι
1164 2556 1306 2611 κατὰ
1328 2556 1420 2610 τὸν
1449 2554 1592 2626 ἱερὸν
1629 2553 1884 2606 Ἀπόστο-

284 2659 413 2711 λον·
468 2655 609 2709 πολὺ
654 2654 918 2727 πρότερον
966 2651 1149 2721 πάσης
1197 2648 1406 2711 ὲννοίας
1458 2646 1741 2705 ἐπέκεινα,
1782 2644 1883 2715 ἄῤ-

288 2751 433 2823 ρητα
484 2748 583 2801 καὶ
626 2744 1063 2815 ἀκατονόμαστα,
1109 2739 1439 2810 ἀνεπινόητά
1483 2754 1543 2790 τε
1593 2737 1686 2791 καὶ
1733 2736 1886 2788 ἀνεν-

286 2840 517 2911 ϐὑμητα
548 2837 755 2906 γένοιτο
786 2835 851 2889 ἀν
875 2833 943 2887 τά
966 2834 1095 2906 περὶ
1131 2832 1229 2904 τῆς
1259 2829 1482 2903 πρώτης
1513 2828 1608 2881 τοῦ
1650 2827 1887 2895 Μονογε-

288 2932 419 2996 νοῦς
465 2930 565 2984 τοῦ
604 2928 739 2983 Θεοῦ
778 2927 1059 2997 γενέσεως,
1089 2924 1213 2979 ἄλλο
1265 2923 1429 2995 μηδὲν
1460 2921 1619 2974 πλέον
1652 2920 1885 2989 ἐχόντων

288 3025 324 3094 ἡ
331 3022 457 3094 μῶν
480 3022 614 3094 περὶ
641 3018 806 3073 αὑτοῦ
829 3019 1007 3088 λέγειν
1027 3035 1084 3071 τε
1123 3017 1218 3070 καὶ⁹
1235 3017 1377 3070 νοεῖν
1401 3014 1435 3084 ἦ
1455 3030 1469 3045 °
1515 3031 1534 3063 ι
1561 3013 1671 3084 Τὴν
1693 3011 1885 3080 γενεὰν

312 3067 324 3095 ι

288 3114 464 3171 αὑτοῦ
494 3115 581 3178 τίς
609 3115 959 3186 διηγήσεται;
999 3130 1019 3164 ι
1052 3111 1117 3164 El
1151 3108 1207 3163 δέ
1239 3125 1323 3171 τις
1352 3105 1544 3160 τούτου
1578 3102 1886 3175 περαιτέρω

289 3208 497 3281 χωρῶν
525 3207 703 3280 τόλμῃ
718 3204 1012 3277 προαχθείη
1038 3204 1106 3256 τά
1143 3201 1317 3271 πάντη
1351 3198 1682 3271 ἀπερινόητα
1701 3197 1880 3269 ὁρατι-
1912 3236 1958 3296 C

293 3307 417 3364 κοῖς
447 3302 548 3354 καὶ
582 3300 913 3370 σωματικοῖς
936 3294 1302 3369 παραϐάλλειν
1338 3291 1716 3362 ὑποδείγμασι,
1746 3288 1886 3358 τάχα

292 3398 364 3451 ἂν
398 3395 548 3448 εἴποι
572 3393 673 3463 τῆς
700 3390 793 3445 τοῦ
829 3390 1040 3461 Πατρὸς
1079 3388 1370 3458 ἀγεννήτου
1412 3384 1624 3456 φύσεως
1660 3382 1756 3437 καὶ
1787 3380 1886 3451 τῆς

290 3487 689 3561 ἀνεκφράστου
718 3484 923 3549 οὐσίας,
957 3483 1147 3554 ὥσπερ
1175 3481 1402 3535 εὐωδίαν
1442 3478 1565 3532 τινά
1594 3477 1687 3531 καὶ
1712 3476 1888 3545 φωτὸς

290 3584 473 3655 αὑτὴν
506 3582 599 3635 τὸν
646 3580 776 3633 Υίον
808 3579 865 3646 ἐξ
898 3578 1139 3651 ἀπείρων
1184 3576 1414 3639 αἰώνων,
1455 3573 1653 3645 μᾶλλον
1692 3570 1748 3623 δὲ
1780 3568 1887 3641 πρὸ

293 3676 525 3731 πάντων
575 3672 787 3727 αἰώνων
846 3671 1166 3738 ὑποστῆναι,
1205 3666 1493 3738 γενόμενόν
1538 3682 1595 3718 τε
1627 3667 1883 3725 συνεῖξαι,

299 3769 396 3823 καὶ
437 3764 841 3836 συγγενόμενον
892 3763 980 3816 ἀεὶ
1033 3761 1111 3832 τῷ
1160 3761 1335 3831 Πατρὶ
1392 3759 1467 3821 ὡς
1517 3756 1592 3828 τῷ
1638 3755 1793 3828 μύρῳ
1827 3751 1887 3805 τὸ

297 3859 526 3922 εὑῶδες,
568 3853 770 3926 καὶτῷ
807 3854 947 3923 φωτὶ
1005 3852 1103 3924 τὴν
1144 3850 1337 3922 αὑγὴν,
1372 3848 1485 3902 ἀλλ’
1524 3848 1584 3900 οὑ
1622 3849 1733 3909 τοῖς
1758 3846 1889 3897 ὑπο-

296 3952 561 4021 δείγμασι
595 3947 735 4001 κατά
785 3945 962 3999 πάντα
986 3944 1185 4014 τρόπον
1215 3940 1434 4012 ὁμοίως,
1476 3935 1757 4007 ὡσπεροῦν
1786 3933 1885 4006 ἤδη

299 4045 574 4117 πρότερον
628 4039 863 4112 εἴρηται.
920 4037 1000 4090 Τά
1051 4035 1149 4108 μὲν
1195 4033 1303 4104 γάρ
1335 4033 1515 4103 ἄψυχα
1559 4028 1784 4099 σώματα
1827 4026 1888 4078 τὸ

301 4132 658 4207 συμϐεϐηκὸς
691 4135 747 4183 ὲν
783 4128 1031 4198 ποιότησι
1069 4125 1365 4195 κέκτηνται
1386 4140 1399 4152 ·
1438 4123 1471 4193 ἦ
1497 4138 1553 4175 τε
1578 4120 1687 4192 γὰρ
1710 4119 1849 4189 αὐγὴ
1870 4156 1885 4180 ,

304 4228 593 4302 σύμφυτος
619 4219 753 4278 οὖσα
796 4226 862 4294 τῇ
912 4220 1006 4274 τοῦ
1055 4219 1229 4290 φωτὸς
1272 4216 1450 4286 φύσει,
1486 4214 1577 4267 καὶ
1617 4208 1888 4271 οὑσιωδῶς

303 4300 733 4391 συνυπάρχουσα
784 4312 864 4385 τῷ
892 4312 1051 4382 φωτὶ,
1091 4313 1190 4365 οὑκ
1222 4311 1289 4364 ἂν
1319 4307 1532 4361 δύναιτο
1589 4302 1745 4365 ἐκτὸς
1789 4300 1889 4370 ὑφ-

302 4416 530 4470 εστάναι
561 4410 655 4465 τοῦ
680 4413 738 4464 ὲν
839 4409 984 4461 ἐστιν
1003 4424 1017 4437 ο
1054 4407 1081 4459 6
1109 4404 1166 4458 δέ
1190 4420 1254 4472 γε
1287 4401 1378 4455 τοῦ
1404 4397 1536 4453 Θεοῦ
1569 4397 1740 4464 Λόγος
1762 4391 1885 4447 καθ’

306 4505 504 4563 ἑαυτὸν
530 4501 790 4557 οὑσίωταί
818 4517 876 4552 τε
905 4497 998 4551 καὶ
1032 4496 1325 4566 ὑφέστηκε,
1346 4491 1438 4545 καὶ
1456 4489 1554 4543 οὑκ
1582 4485 1888 4555 ἀγεννήτως

1970 613 2293 669 carentibus
2336 608 2575 676 sacculis,
2600 614 2719 662 erat
2757 604 2930 661 Filius
2964 605 3244 676 ingenitus
3289 605 3346 660 in
3381 603 3561 672 Patre,

1972 708 2065 778 qui
2097 720 2228 776 pars
2258 704 2408 759 illius
2434 698 2682 772 quaedam
2712 705 2880 765 esset,
2902 712 3025 768 quae
3044 697 3263 769 quidem
3286 697 3562 767 posterius

1971 807 2306 855 commutata
2362 804 2418 850 et
2465 793 2638 864 ejecta
2684 797 2840 847 extra
2873 792 3026 845 illum
3075 790 3367 847 secesserit
3397 808 3412 844 :
3440 788 3553 859 jam

1971 890 2117 946 enim
2148 889 2295 945 istud
2327 888 2706 945 conversionis
2734 884 3015 958 proprium
3050 881 3210 949 foret,
3238 889 3294 937 et
3325 882 3406 938 sic
3431 896 3563 937 sane

1973 983 2085 1038 duo
2130 991 2317 1040 essent
2369 982 2642 1055 ingenita,
2681 993 2850 1034 unum
2902 978 2958 1033 id
3003 977 3150 1048 quod
3198 975 3557 1048 projecisset,

1975 1076 2206 1131 alterum
2239 1076 2385 1147 quod
2415 1075 2716 1147 projectum
2756 1072 2936 1128 esset!
2967 1070 3034 1125 Et
3062 1070 3308 1141 quinam,
3350 1084 3560 1141 quaeso,

1977 1174 2154 1223 status
2182 1170 2415 1225 melior?
2439 1166 2581 1223 Num
2614 1166 2661 1221 is
2693 1165 2786 1236 qui
2817 1171 2944 1220 ante
2988 1162 3402 1219 conversionem
3435 1162 3559 1225 fuit,

1978 1277 2086 1333 quo
2114 1276 2211 1331 per
2240 1261 2630 1333 projectionem
2654 1258 2900 1314 diductio
2924 1256 3065 1311 facta
3086 1255 3212 1311 est?
3233 1254 3378 1325 Ergo
3400 1256 3562 1325 quasi

1978 1369 2105 1425 pars
2136 1355 2220 1409 vel
2243 1354 2547 1408 membrum
2577 1358 2737 1407 antea
2758 1364 2974 1420 semper
2994 1349 3230 1418 iugenite
3256 1346 3561 1413 adhaerens,

1978 1445 2176 1501 deinde
2208 1445 2487 1500 diductum
2532 1452 2587 1500 et
2626 1458 2873 1500 seorsum
2910 1441 3098 1497 abiens
3128 1458 3158 1495 a
3183 1448 3322 1506 toto,
3355 1442 3437 1496 sic
3470 1440 3565 1496 Fi-

1981 1539 2087 1594 lius
2128 1553 2157 1592 a
2186 1537 2346 1595 Patre
2395 1538 2623 1610 cogitari
2659 1537 2877 1608 poterit.
2918 1534 3024 1591 Sed
3064 1536 3209 1589 enim
3252 1534 3479 1590 infanda
3508 1542 3564 1589 ett

1980 1644 2209 1700 prorsus
2239 1630 2401 1700 impia
2430 1631 2564 1693 haec,
2591 1646 2713 1701 qua:
2742 1631 2987 1686 materia:
3015 1629 3235 1699 quidem
3265 1643 3562 1699 corporum

1981 1721 2313 1775 conveniunt
2348 1728 2403 1776 et
2434 1720 2714 1776 adhaerent
2744 1727 2804 1774 ut
2853 1719 3096 1791 propria,
3141 1717 3210 1772 ab
3236 1722 3563 1786 incorporea

1981 1828 2113 1867 vero
2149 1822 2203 1868 et
2233 1812 2476 1867 materiae
2513 1819 2735 1882 experte
2768 1819 2985 1875 natura,
3020 1809 3319 1864 abhorrent
3347 1808 3563 1862 aliena-
3634 1838 3639 1841 Α

1983 1922 2089 1977 que
2115 1914 2260 1962 sunt.
2299 1905 2564 1972 Quocirca
2594 1905 2791 1960 merito
2830 1903 3104 1974 quispiam
3133 1903 3235 1956 hoc
3266 1901 3319 1956 in
3353 1902 3474 1956 loco
3508 1909 3564 1956 et

1982 2006 2289 2070 opportune
2321 2013 2517 2053 rursus
2561 1996 2693 2051 illud
2730 1995 2970 2067 proferet
3007 2013 3021 2050 :
3067 2013 3085 2046 ι
3140 1993 3559 2048 Generationem

1981 2092 2102 2161 cjus
2143 2091 2268 2160 quis
2310 2088 2633 2144 enarrabit?
2664 2089 2710 2120 "
2747 2107 2767 2140 ι
2807 2086 3087 2157 Siquidem
3130 2086 3185 2139 in
3227 2086 3560 2141 contrariam

1982 2182 2137 2239 abire
2158 2192 2388 2252 partem,
2425 2189 2477 2234 et
2503 2179 2827 2249 simpliciter
2860 2178 2940 2233 sic
2967 2178 3276 2239 enuntiare,
3301 2191 3368 2231 ex
3392 2176 3563 2231 nihilo

1982 2273 2221 2344 genitum
2253 2287 2375 2328 esse
2402 2269 2600 2325 Filium
2630 2269 2817 2326 eadem
2844 2271 3054 2324 ratione
3074 2284 3180 2338 qua
3210 2269 3416 2338 reliqua
3439 2281 3564 2337 quas

1982 2362 2127 2416 facta
2161 2368 2311 2425 sunt,
2350 2375 2458 2415 non
2493 2361 2703 2430 absque
2740 2358 2988 2429 periculo
3016 2358 3087 2413 sit
3118 2375 3130 2411 :
3165 2357 3268 2418 alia
3301 2365 3386 2413 est
3413 2358 3561 2412 enim

1980 2451 2104 2508 Filii
2152 2453 2450 2524 generatio,
2484 2460 2538 2507 et
2589 2453 2696 2506 alia
2740 2466 2838 2523 per
2860 2449 3055 2504 Filium
3104 2449 3333 2504 aliarum
3380 2463 3563 2504 rerum

1982 2548 2206 2603 creatio.
2234 2546 2418 2614 Quare
2444 2561 2569 2601 cum
2599 2546 2781 2600 divina
2830 2543 3111 2614 Scriptura
3144 2541 3306 2598 modo
3342 2541 3562 2613 quidem

1982 2638 2404 2709 primogenitum
2457 2636 2636 2692 omnis
2681 2647 2945 2692 creaturae
2973 2635 3169 2690 Filium
3201 2636 3455 2706 appellet,
3495 2651 3565 2692 ex

1983 2731 2158 2800 ipsius
2184 2744 2417 2800 persona
2447 2728 2528 2782 sic
2569 2728 2759 2782 dicens
2794 2745 2807 2781 :
2849 2745 2868 2778 ι
2910 2726 3178 2782 Dominus
3227 2728 3434 2782 creavit
3479 2743 3567 2781 me

1983 2820 2196 2874 initium
2231 2820 2441 2873 viarum
2473 2834 2719 2882 suarum,
2760 2838 2780 2870 ι
2818 2817 2981 2873 modo
3028 2825 3210 2873 autem
3257 2819 3564 2889 genituram

1982 2910 2163 2966 Patris
2204 2911 2381 2971 dicat,
2414 2910 2508 2964 ubi
2555 2910 2671 2965 ait:
2715 2928 2733 2960 ι
2776 2908 2842 2963 Et
2875 2917 3006 2964 ante
3051 2924 3243 2965 omnes
3275 2911 3445 2966 colles
3486 2910 3569 2981 gi-

1983 3004 2099 3072 gnit
2131 3019 2235 3066 me,
2279 3022 2298 3055 »
2334 3004 2473 3056 hanc
2505 3002 2632 3057 item
2656 3017 2757 3057 nos
2780 3002 2933 3073 sequi
2965 3002 3082 3058 sani
3102 3003 3294 3073 judicii
3327 3005 3419 3069 sit,
3439 3019 3567 3057 con.

1986 3095 2235 3165 ﬁterique
2263 3103 2390 3151 ante
2419 3097 2601 3151 omnia
2631 3096 2829 3150 saecula
2860 3112 2981 3152 esse
3010 3095 3248 3151 Verbum
3288 3096 3380 3152 Dei
3409 3112 3568 3151 crca-

1988 3188 2123 3241 toris
2156 3186 2564 3250 administrum,
2593 3202 2823 3257 esseque
2858 3202 2967 3242 una
3000 3203 3123 3242 cum
3155 3186 3334 3254 Patre,
3370 3199 3424 3243 et
3451 3187 3570 3241 uni-

1989 3293 2112 3331 cum
2136 3291 2258 3333 esse
2288 3278 2508 3332 maximi
2544 3279 2633 3332 Dei
2659 3277 2877 3344 Filium,
2906 3278 2997 3348 qui
3033 3276 3182 3331 Patri
3204 3278 3294 3333 det
3317 3293 3564 3348 operam,

1987 3368 2215 3437 ejusque
2250 3370 2322 3423 sit
2351 3370 2556 3433 socius,
2602 3369 2731 3422 dum
2781 3370 2965 3423 omnia
2994 3384 3115 3438 qure
3151 3377 3300 3432 sunt,
3342 3369 3471 3424 facit
3507 3380 3567 3424 ut.

1988 3463 2118 3529 sint,
2142 3464 2440 3533 eademque
2460 3462 2719 3533 disponit.
2754 3461 2964 3517 Etenim
2996 3463 3041 3517 si
3076 3464 3203 3517 item
3233 3463 3380 3517 aliud
3404 3465 3567 3534 quid-

1988 3558 2153 3627 piam,
2190 3557 2332 3626 quod
2356 3571 2532 3627 neque
2554 3556 2685 3619 dici,
2721 3571 2898 3624 neque
2927 3556 3313 3625 comprehendi
3341 3572 3370 3610 a
3406 3559 3566 3614 nobis

1989 3648 2183 3718 possit,
2233 3648 2288 3702 in
2332 3657 2527 3702 natura
2568 3648 2809 3702 universi
2860 3648 3122 3701 remansit
3178 3650 3330 3718 (sunt
3382 3658 3565 3705 autem

1989 3737 2407 3791 innumerabilia
2447 3736 2870 3805 hujuscemodi),
2905 3736 3068 3804 quale
3116 3738 3303 3806 utique
3336 3738 3569 3795 habetur

1987 3829 2131 3899 quod
2166 3828 2258 3883 Dei
2285 3829 2476 3883 amicis
2493 3828 2823 3898 promissum
2855 3835 2958 3889 est,
2987 3846 3006 3879 ι
3031 3826 3187 3893 Quod
3222 3829 3418 3884 oculus
3450 3845 3557 3884 non

1988 3922 2142 3986 vidit,
2188 3936 2287 3975 nec
2314 3922 2465 3975 auris
2495 3921 2722 3984 audivit,
2753 3936 2854 3974 nec
2889 3920 2945 3973 in
2971 3935 3067 3975 cor
3093 3921 3335 3977 hominis
3367 3938 3565 3978 ascen-

1988 4013 2087 4078 dit,
2135 4031 2153 4064 ι
2183 4020 2239 4064 ut
2274 4020 2498 4066 sanctus
2527 4012 2602 4064 ait
2629 4010 2925 4080 Apostolus
2958 4012 2997 4075 ί,
3028 4012 3200 4066 multo
3222 4013 3373 4082 prius
3401 4027 3565 4082 supra

1987 4119 2205 4157 omnem
2239 4103 2624 4173 cogitationem
2666 4105 2914 4158 ferantur
2945 4118 3009 4157 ac
3043 4120 3221 4172 neque
3250 4105 3357 4158 dici
3388 4118 3569 4175 neque

1989 4195 2351 4257 denominari,
2384 4211 2560 4265 neque
2584 4195 2834 4266 intelligi,
2860 4210 2962 4250 nec
2989 4197 3171 4250 animo
3200 4197 3411 4265 concipi
3440 4212 3568 4266 pos-

1990 4285 2119 4345 sint,
2158 4300 2279 4354 quae
2316 4283 2382 4338 ad
2419 4286 2652 4356 primam
2691 4287 2837 4365 unici
2876 4284 2968 4339 Dei
3002 4285 3122 4339 Filii
3160 4290 3566 4355 generationem

1988 4375 2279 4444 pertinent.
2309 4375 2382 4431 De
2406 4392 2515 4446 quo
2544 4392 2675 4431 sane
2700 4377 2836 4431 nihil
2871 4377 3136 4432 habemus
3153 4378 3388 4448 amplius
3418 4377 3567 4447 quod

1989 4465 2238 4521 dicamus
2265 4476 2359 4521 aut
2395 4468 2696 4538 cogitemus
2719 4483 2880 4536 quam
2907 4467 3071 4522 illud:
3102 4486 3121 4519 ι
3147 4466 3564 4523 Generationem

308 4550 650 4670 ;VU7:&pxst
678 4594 756 4665 τῷ
784 4594 976 4664 Πατρὶ,
1006 4550 1118 4645 ἀλλ’
1146 4550 1236 4653 ώς⁸
1257 4550 1547 4659 μονογενὴς
1570 4550 1699 4643 Tib;
1731 4550 1885 4650 μόνος

1989 4558 2110 4628 ejus
2128 4550 2288 4628 215
2310 4560 2433 4629 quis
2453 4559 2770 4614 enarrabili
2791 4579 2810 4611 ι
2834 4556 2989 4625 Quod
3005 4558 3050 4611 si
3073 4559 3198 4629 quis
3214 4558 3316 4612 hoc
3339 4559 3569 4613 ulterius

306 4692 415 4765 πρὸ
439 4690 661 4745 πάντων
689 4684 792 4739 τῶν
808 4681 1017 4737 αἰώνων
1043 4682 1105 4734 ὲκ
1122 4678 1212 4734 τοῦ
1232 4676 1443 4748 [ἰατρὸς
1473 4670 1883 4742 γεγεννημένος

305 4761 430 4854 η’τε
456 4780 678 4841 εὐωδία,
702 4775 944 4847 ἀπορροή
960 4790 1043 4837 τις
1074 4767 1208 4825 οὖσα
1238 4764 1520 4838 σωματικὴ
1553 4761 1646 4815 τοῦ
1668 4763 1889 4815 ὑποκει-

313 4851 502 4948 μένου,
539 4871 659 4926 καθ’
691 4870 887 4940 ἑαυτὴν
919 4865 1073 4928 ἐκτὸς
1101 4861 1194 4916 τοῦ
1219 4858 1433 4931 πρώτου
1457 4855 1628 4911 αίτίου
1652 4855 1722 4948 τὸ
1750 4851 1889 4948 πληῖ

313 4965 503 5031 σιάζον
536 4961 839 5035 πληροῦσα,
878 4957 1031 5012 οὐδὲν
1069 4950 1233 5027 ἦττον
1278 4948 1561 5019 σωματικὴ
1621 4941 1754 4999 οὖσα
1796 4942 1891 4996 καὶ

314 5060 455 5133 αὑτὴ
479 5057 758 5129 τυγχάνει.
784 5053 857 5106 Οὑ
886 5048 1057 5126 ταύτῃ
1074 5043 1165 5101 οὖν
1187 5048 1318 5117 ἡμῖν
1346 5042 1667 5112 νοηϐἡσεται
1701 5039 1794 5091 καὶ
1824 5035 1892 5089 τά

317 5153 448 5225 περὶ
497 5149 601 5220 τῆς
658 5144 882 5217 πρώτης
948 5137 1253 5200 οὑσιώσεως
1305 5132 1398 5187 τοῦ
1424 5130 1672 5200 Σωτῆρος
1713 5125 1889 5198 ἡμῶν.

319 5214 455 5298 υἷιδέ
487 5214 596 5312 γάρ
627 5214 717 5301 ἒξ,
736 5214 924 5296 οὐσίας
955 5232 1053 5302 τῆς
1085 5226 1377 5297 ἀγεννήτου
1407 5219 1548 5275 κατά
1573 5236 1625 5272 τι
1655 5215 1822 5312 πάθος
1858 5214 1891 5285 ἢ

317 5308 580 5406 διαίρεσιν
605 5326 956 5396 οὑσιωμένος,
990 5320 1110 5375 οὑδέ
1143 5336 1203 5389 γε
1239 5317 1486 5388 ἀνάρχως
1525 5308 1892 5406 συνυφέστηκε

319 5426 394 5497 τῷ
419 5397 630 5496 ίΙατρίο
661 5418 785 5475 ἐπεὶ
810 5419 839 5470 6
870 5418 965 5487 μὲν
996 5412 1309 5482 ἀγέννητος,
1344 5408 1372 5459 6
1403 5405 1460 5459 δὲ
1484 5401 1771 5473 γεννητός·
1801 5397 1894 5451 καὶ

318 5521 346 5573 6
366 5494 468 5590 μὲν
495 5494 710 5585 Πατὴρ,
758 5513 788 5563 6
823 5508 879 5561 δὲ
911 5507 1056 5570 Υἱός.
1113 5501 1495 5575 Προὺπάρχειν
1527 5497 1604 5590 δὲ-
1627 5494 1720 5590 καί
1756 5509 1893 5564 προ-

320 5586 615 5680 ὔτρεστάναι
652 5600 872 5671 Πατέρα
894 5596 1055 5661 Υίοῦ,
1085 5596 1193 5657 πᾶς
1223 5590 1469 5645 ὁστισοῦν
1489 5586 1890 5680 ὁμολογήσειεν,

321 5674 416 5772 Eia
443 5699 488 5753 δ’
518 5700 587 5753 ἄν
616 5691 799 5762 ταύτῃ
828 5688 922 5743 καὶ
945 5684 1105 5740 εἰκὼν
1139 5682 1295 5751 Θεοῦ,
1327 5680 1582 5753 ἀρρήτως
1613 5675 1772 5731 πάλιν
1802 5674 1894 5729 καὶ

386 5881 431 5914 "
466 5878 573 5935 ιω.
606 5888 733 5938 vm,
765 5869 814 5925 8.
895 5870 913 5900 ‘-
942 5854 1189 5924 [ϐω-(ιι,
1221 5858 1274 5914 9.

1988 4653 2347 4722 prOgreiliens
2397 4668 2463 4706 eo
2518 4652 2852 4722 provehatur
2880 4651 3143 4715 audaciae,
3177 4657 3238 4705 ut
3269 4667 3389 4720 quae
3417 4651 3570 4705 nulla

1991 4760 2223 4815 prorsus
2255 4745 2613 4823 intelligentia
2636 4743 3027 4813 comprehendi
3058 4750 3309 4814 possunt,
3341 4758 3404 4797 ea
3434 4744 3569 4798 visi-

1991 4838 2196 4893 bilibus
2244 4847 2298 4893 et
2352 4837 2636 4906 corporeis
2681 4836 2946 4906 exemplis
2991 4837 3279 4899 assimilet,
3335 4833 3566 4889 forsitan

1992 4930 2159 4995 dicat,
2196 4930 2420 5002 ingeniti
2457 4928 2636 4984 Patris
2676 4937 2884 4983 natura:
2935 4937 3097 4999 atque
3157 4927 3450 4982 inen‘abilis
3477 4942 3566 4981 es-

1993 5026 2202 5089 sentite,
2227 5024 2385 5094 quasi
2412 5022 2767 5093 fragrantiam
2787 5021 3102 5092 quamdam,
3124 5036 3189 5075 ac
3222 5021 3363 5076 lucis
3383 5020 3569 5090 splen-

1994 5117 2202 5180 dorem,
2239 5118 2416 5188 ipsum
2453 5115 2646 5169 Filium
2673 5131 2739 5171 ex
2766 5113 2994 5169 inﬁnitis
3024 5112 3262 5178 saeculis,
3298 5127 3362 5166 ac
3386 5112 3570 5182 potius

1995 5216 2121 5262 ante
2150 5210 2334 5262 omnia
2366 5208 2569 5262 saecula
2601 5205 2917 5271 exstitisse;
2949 5204 3191 5273 dumque
3225 5203 3440 5258 exsistit
3491 5202 3571 5257 si—

1995 5302 2107 5355 mul
2139 5316 2282 5366 esse,
2326 5315 2503 5369 neque
2529 5297 2746 5352 Patrem
2787 5311 3028 5367 unquam
3065 5296 3389 5367 relinquere,
3425 5296 3571 5350 sicut

1994 5408 2097 5448 nec
2126 5400 2460 5463 unguentum
2521 5391 2698 5444 bonus
2733 5389 2903 5452 odor,
2937 5403 3038 5442 nec
3088 5387 3263 5442 lucem
3311 5389 3570 5457 splendor

1995 5489 2288 5558 relinquit;
2319 5500 2505 5541 verum
2524 5483 2771 5554 exempla
2802 5483 2915 5537 haec
2948 5497 3055 5537 non
3082 5482 3396 5537 omnimodo
3427 5482 3569 5535 inte-

1994 5596 2146 5651 gram
2174 5586 2432 5650 praestant
2462 5576 2895 5641 similitudinem,
2926 5575 3021 5631 sed
3041 5575 3313 5646 quomodo
3336 5575 3449 5644 jam
3468 5589 3569 5627 an-

1996 5679 2084 5729 tea
2111 5673 2316 5728 dictum
2350 5678 2430 5726 est
2460 5685 2475 5723 :
2515 5682 2641 5723 nam
2666 5680 2897 5736 corpora
2930 5666 3226 5723 iuanimata
3263 5664 3438 5735 ipsum
3472 5675 3572 5717 ac-

3576 5916 3589 5943 ι
