4100 6430
2062 267 2087 295 Ι

552 347 660 405 355

1197 355 1471 412 EUSEBII
1508 358 1994 416 CESARIENSlS
2034 359 2186 416 OPP.
2224 361 2424 420 PARS.
2468 365 2532 420 ll.
2571 396 2640 406 —
2675 367 3176 426 APOLOGETICA.

3708 371 3820 428 356

548 467 742 524 cidens
775 469 1206 540 inqualitatibus
1238 476 1506 545 retinent;
1539 479 1797 548 splendor
1823 482 2096 544 enim,eul

2201 517 2210 538 ι
2238 481 2660 566 ἀνεπιλργίστως
2697 487 2848 556 ἡμῖν,
2879 486 3077 552 ζῶντος
3104 487 3240 541 Θεοῦ
3267 487 3416 554 ζῶσά
3441 506 3544 553 τις,
3573 490 3665 542 καὶ
3691 484 3819 565 καθ’

552 561 728 631 ipsam
752 563 893 618 lucis
920 573 1170 620 naturam
1207 569 1520 635 comitetur,
1555 588 1657 627 nec
1687 574 1857 644 ipsam
1889 591 2128 645 unquam

548 652 691 710 lucis
718 658 1015 712 essentiam
1073 660 1369 731 relinquat,
1397 670 1555 717 extra
1583 663 1651 719 ad
1691 665 1892 735 ipsum,
1936 667 1990 720 in
2019 683 2129 736 quo

544 755 650 811 est,
675 755 825 804 stare
879 765 988 805 non
1035 759 1214 822 potest
1243 772 1256 807 :
1292 763 1346 808 at
1391 769 1519 809 vero
1547 755 1726 826 ipsum
1761 756 1855 812 Dei
1892 756 2127 812 Verbum

542 851 644 906 per
671 839 913 910 seipsum
945 849 1000 895 et
1047 844 1344 898 essentiam
1379 847 1591 902 obtinet
1619 855 1673 902 et
1717 850 1993 914 consistit,
2027 867 2128 906 nec

543 929 754 1001 absque
778 933 1036 1004 gignendi
1079 937 1294 991 ratione
1323 954 1448 992 cum
1497 939 1660 996 Patre
1690 943 1906 998 exsistit
1938 945 2124 1011 simul,

542 1022 639 1078 sed
670 1031 928 1095 tanquam
975 1027 1172 1084 unicus
1207 1027 1401 1096 Filius,
1435 1033 1527 1101 qui
1565 1035 1717 1090 solus
1764 1043 1892 1090 ante
1939 1039 2124 1093 omnia

539 1115 741 1170 saecula
775 1132 838 1172 ex
869 1116 1029 1173 Patre
1054 1121 1126 1174 sit
1156 1121 1372 1191 genitus
1401 1142 1414 1177 :
1450 1123 1627 1179 bonus
1661 1125 1788 1180 item
1821 1127 1976 1190 odnr,
1996 1143 2122 1182 cum

539 1207 776 1277 subjecti
803 1211 1056 1280 corporis
1094 1214 1369 1268 emanatio
1401 1215 1651 1285 quaedam
1697 1218 1787 1283 sit,
1822 1218 1941 1288 ipsa
1983 1235 2122 1289 quo-

536 1317 644 1371 que
674 1317 964 1373 corporea,
1000 1319 1177 1376 neque
1205 1307 1437 1362 seorsim
1492 1324 1523 1362 a
1580 1310 1754 1380 prima
1803 1325 1970 1367 causa
2025 1330 2121 1384 per

537 1392 776 1462 seipsum
797 1395 1018 1465 impleat
1044 1397 1118 1460 id,
1146 1398 1291 1468 quod
1321 1399 1423 1468 ipsi
1454 1402 1762 1470 proximum
1788 1412 1892 1471 est,
1920 1405 2121 1460 nihilo-

536 1485 720 1541 minus
755 1487 920 1542 etiam
955 1488 1072 1558 ipse
1110 1505 1140 1544 a
1175 1499 1373 1546 natura
1411 1507 1677 1564 corporea
1735 1511 1844 1549 non
1889 1498 2114 1552 recedit.

533 1576 651 1634 Non
683 1581 764 1636 sic
796 1582 962 1652 igitur
992 1599 1021 1636 a
1058 1584 1214 1639 nobis
1242 1601 1306 1641 ea
1349 1603 1486 1657 qua}
1509 1589 1574 1642 ad
1607 1591 1838 1658 primam
1869 1589 2117 1648 Salvato-

533 1670 611 1727 ris
662 1675 839 1728 nostri
903 1678 1352 1747 propagationem
1403 1679 1710 1749 pertinent,
1765 1682 2114 1753 intelligenda

531 1773 700 1832 sunt;
743 1783 922 1838 neque
938 1770 1085 1823 enim
1117 1787 1184 1824 ex
1217 1778 1416 1824 natura
1442 1772 1564 1842 ejus
1584 1774 1677 1843 qui
1710 1773 1982 1844 ingenitus
2005 1783 2111 1841 est,

2236 575 2404 646 αὐτὴν
2457 578 2744 646 ὑφεστῶσα
2803 581 3001 645 ἀΰλως,
3055 584 3149 636 καὶ
3186 582 3516 654 ἀσωμάτως,
3571 587 3664 638 καὶ
3715 585 3816 640 τοῦ

2235 669 2478 722 ἐναντίου
2515 673 2715 737 παντὸς
2765 674 3001 744 ἀμιγῶς,
3036 675 3151 729 ἀλλ’
3177 678 3275 746 οὐχ
3309 678 3396 730 οἶα
3427 695 3510 742 τις
3558 679 3718 732 πάλιν
3777 681 3815 750 ἡ

2234 763 2364 833 παρ’
2400 763 2529 833 ἡμῖν
2583 767 2765 830 εἰκὼν,
2803 767 2990 838 ἕτερον
3021 769 3118 839 μὲν
3147 769 3345 840 ἔχουσα
3365 771 3426 823 τδ
3451 773 3571 824 κατ’
3619 773 3814 826 οὐσίαν

2235 853 2610 925 ὑποκείμενον,
2639 857 2828 928 ἕτερον
2861 859 2916 912 δὲ
2945 861 3005 912 τὸ
3018 857 3179 926 εἶδος,
3215 861 3330 914 ἀλλ’
3344 862 3462 915 ὅλον
3491 861 3642 927 αὐτὸ,
3667 858 3815 928 εἶδος

2231 943 2328 1010 ὢν,
2363 947 2458 1000 καὶ
2517 949 2804 1022 αὐτοουσίᾳ.
2834 951 2914 1023 τῷ
2947 953 3123 1024 Πατρὶ
3161 953 3607 1024 ἀφομοιούμενος,
3649 951 3814 1006 Οῦτω

2229 1035 2286 1088 δὲ
2339 1038 2431 1091 κα)⁸
2484 1038 2833 1112 ζωτικωτάτη
2883 1042 2977 1095 τοῦ
3028 1043 3238 1114 Πατρδς
3297 1043 3494 1097 εὐωδία
3527 1044 3810 1114 τυγχάνει,

2229 1128 2481 1199 ἀρρήτως
2513 1130 2645 1200 ἡμῖν
2695 1130 2854 1183 πάλιν
2887 1132 2981 1184 καὶ
3039 1130 3494 1198 ἀνεπιλογίστωςο
3543 1129 3665 1183 ἐπεὶ
3709 1127 3809 1183 καὶ

2228 1219 2405 1272 πάντα
2436 1220 2536 1273 ὅσα
2559 1221 2674 1273 ἐστὶ
2698 1222 2825 1292 περὶ
2863 1221 3025 1274 αὐτὸν
3053 1220 3248 1292 ἀληθῆ,
3274 1222 3486 1292 ἄρρητα
3512 1219 3576 1274 ἂν
3598 1222 3681 1291 εἴη
3706 1220 3806 1272 ἀν-

2227 1304 2459 1377 θρώπων
2477 1311 2702 1378 φωναῖς,
2733 1310 2827 1363 καὶ
2853 1310 3131 1381 λογισμοῖς
3155 1310 3363 1382 θνητῶν
3393 1310 3804 1378 ἀνεπιλόγιστα,

2225 1395 2365 1449 κατά
2392 1397 2484 1452 τὸν
2517 1399 2717 1471 ἀκριϐῆ
2750 1400 2922 1469 λόγον.
2975 1400 3132 1454 Ἀλλὰ
3171 1401 3279 1473 γὰρ
3311 1401 3386 1465 ὡς
3417 1403 3549 1473 ἡμῖν
3583 1397 3804 1455 ἀκούειν

2224 1487 2396 1556 φίλον,
2445 1489 2668 1543 τοιῶσδε
2727 1493 2819 1545 καὶ
2847 1493 2914 1546 τά
2964 1492 3118 1561 λόγια
3155 1491 3413 1548 παιδεύει.
3455 1494 3524 1546 Ἦ
3552 1495 3671 1564 οὐχὶ
3705 1495 3802 1548 καὶ

2223 1581 2458 1654 Χριστοῦ
2493 1584 2718 1637 εὐωδίαν
2749 1586 2911 1649 αὐτὸς
2940 1587 3151 1652 ἑαυτὸν,
3178 1587 3417 1651 καὶτοὺς
3448 1587 3596 1659 αὐτῷ
3620 1607 3803 1661 παρα-

2222 1673 2481 1746 πλησίους
2545 1676 2574 1726 6
2624 1677 2766 1748 ἱερὸς
2804 1677 3126 1743 Ἀπόστολος
3159 1683 3419 1751 προσεῖπε
3448 1680 3535 1734 διὰ
3553 1681 3652 1753 την
3700 1680 3797 1734 τοῦ

2221 1767 2456 1838 Χριστοῦ
2523 1769 2830 1840 πνεύματος
2874 1771 3142 1843 μετοχήν;
3199 1772 3366 1842 μύρον
3391 1789 3450 1824 τε
3495 1771 3798 1825 ὲκκενωθὲν

530 1856 818 1925 partiendo
841 1858 1155 1928 aliquidaut
1171 1860 1466 1918 dividendo
1496 1872 1747 1918 naturam
1770 1873 1855 1920 est
1876 1877 2070 1923 nactus

2219 1859 2247 1912 6
2273 1860 2518 1931 οὐράνιος
2549 1862 2797 1932 Νυμφίος
2843 1863 2900 1913 ἐν
2940 1867 3049 1926 τοῖς
3091 1865 3364 1935 ’ᾼσμασιν
3396 1864 3792 1935 ἀνηγόρευται;

529 1962 706 2017 neque
739 1965 869 2004 vero
899 1951 1108 2020 absque
1145 1952 1422 2022 principio
1473 1969 1597 2008 cum
1630 1953 1793 2010 Patre
1827 1957 1989 2011 simul
2027 1975 2116 2013 ex-

526 2039 692 2105 stitit,
723 2043 946 2112 quando
978 2044 1070 2098 ille
1099 2045 1320 2114 quidem
1350 2046 1650 2116 ingenitus,
1687 2047 1776 2103 hic
1811 2065 1939 2104 vero
1961 2052 2114 2120 geni-

527 2141 618 2189 tus
648 2141 754 2195 est,
797 2144 851 2189 et
884 2135 974 2188 ille
1027 2134 1209 2200 Pater,
1245 2137 1335 2191 hic
1384 2135 1554 2193 Filius
1591 2157 1602 2192 :
1634 2146 1689 2191 at
1720 2155 1849 2194 vero
1891 2139 2112 2198 Patrem

525 2224 814 2290 exsistere,
852 2233 906 2280 et
937 2236 1187 2281 naturam
1240 2244 1396 2283 suam
1447 2229 1700 2286 obtinere
1734 2248 1840 2286 non
1887 2251 1916 2287 a
1949 2233 2108 2298 Filio,

525 2321 908 2390 unusquisque
941 2320 1100 2376 facile
1131 2322 1500 2387 confitebitur,
1533 2325 1722 2379 eadem
1753 2340 1916 2395 porro
1943 2329 2112 2382 ratio—

525 2425 596 2465 ne
627 2409 804 2481 imago
832 2410 925 2465 Dei
951 2411 1076 2475 erit,
1101 2412 1176 2465 ita
1213 2413 1456 2484 quidem,
1483 2425 1540 2469 ut
1575 2433 1769 2472 rursus
1810 2421 1976 2477 nullis
2013 2437 2110 2476 ne-

521 2517 628 2574 que
670 2503 874 2567 verbis,
908 2519 1085 2573 neque
1127 2505 1456 2572 rationibus,
1515 2511 1792 2579 quomodo
1827 2514 1920 2576 sit,
1958 2529 2110 2570 com-

520 2594 860 2666 prehendere
894 2598 1172 2664 possimus
1195 2637 1209 2660 ,
1237 2598 1440 2668 quippe
1483 2615 1608 2654 cum
1649 2603 1880 2658 viventis
1908 2603 2001 2658 Dei
2024 2607 2110 2659 vi-

521 2701 652 2742 vens
688 2687 804 2756 ipsa
831 2687 904 2741 sit
935 2695 988 2742 et
1029 2703 1124 2757 per
1147 2689 1384 2759 seipsam
1417 2692 1755 2758 consistens,
1787 2695 1905 2750 sine
1934 2705 2107 2752 mate-

519 2777 621 2840 ria,
655 2777 776 2834 sine
808 2793 1062 2848 corpore.
1097 2779 1233 2833 nihil
1274 2797 1503 2850 prorsus
1551 2783 1762 2839 habens
1809 2785 2103 2841 admistum

517 2871 814 2938 contrarii;
842 2887 1020 2941 neque
1057 2887 1188 2926 vero
1231 2875 1541 2942 cujusmodi
1588 2877 1696 2930 ulla
1735 2879 1804 2933 sit
1834 2879 1978 2950 apud
2001 2896 2102 2936 nos

517 2961 719 3034 imago,
757 2979 880 3034 qua:
914 2971 968 3019 et
1018 2963 1164 3017 aliud
1212 2968 1468 3023 essentize
1520 2969 1826 3037 subjectum
1880 2971 2097 3038 habeat,

515 3062 569 3108 et
609 3055 772 3109 aliam
807 3055 1065 3124 speciem,
1091 3055 1188 3109 sed
1213 3071 1336 3125 qure
1373 3065 1487 3111 tota
1521 3058 1638 3128 ipsa
1667 3060 1735 3114 sit
1769 3062 2002 3130 species,
2043 3071 2098 3117 et

515 3161 634 3216 ipsa
681 3146 943 3210 essentia,
1001 3146 1416 3202 similitudinem
1471 3150 1714 3206 referens
1767 3152 1968 3210 Patris.
2002 3154 2093 3210 Sic

2217 1951 2307 2004 Διὸ
2324 1951 2424 2022 τῆς
2461 1953 2625 2006 αὐτοῦ
2653 1954 2998 2018 ὲκκενῶσεως
3053 1955 3120 2008 τὰ
3161 1955 3353 2020 πάντα,
3393 1955 3564 2026 ὁρατά
3595 1973 3653 2008 τε
3696 1957 3814 2008 καὶ·

2213 2044 2439 2114 ἀόρατα,
2495 2045 2721 2118 σώματά
2776 2064 2832 2100 τε
2883 2049 2977 2101 καὶ
3019 2047 3302 2119 ἀσῖιματα,
3353 2048 3544 2117 λογικά
3583 2065 3641 2102 τε
3694 2064 3793 2101 και

2212 2137 2402 2206 ἄλογα,
2442 2140 2798 2210 μετασχόντα,
2827 2141 3107 2210 ἀναλόγως
3131 2141 3462 2211 κατηξίωται
3499 2141 3793 2212 μετουσίας

2212 2231 2305 2282 καὶ
2329 2231 2426 2302 τῆς
2448 2231 2540 2284 τοῦ
2582 2231 2726 2284 θείου
2762 2233 2936 2301 Λόγου
2991 2232 3282 2304 μετείληφε
3317 2234 3619 2298 κοινωνίας.
3644 2234 3792 2286 Ταύ-

2210 2339 2308 2393 της
2327 2339 2388 2391 γε
2423 2323 2521 2394 τῆς
2551 2323 2734 2377 ἐνθέου
2769 2324 2937 2395 πνοῆς
2954 2326 3053 2396 τὴν
3069 2325 3352 2395 ἀντίληψιν
3377 2328 3488 2387 τοῖς
3511 2323 3609 2388 τάς
3640 2324 3791 2391 λογι-

2211 2414 2312 2479 κάς
2365 2416 2641 2488 αἰσθήσεις
2680 2417 2756 2488 μὴ
2807 2419 3223 2491 πεπηρωμένοις
3255 2421 3283 2471 6
3337 2418 3555 2489 σύμπας
3590 2417 3784 2470 ἀποδί-

2207 2507 2337 2561 δωσι
2389 2508 2610 2580 κόσμος,
2669 2510 2746 2573 ὼς
2784 2510 2851 2563 τὰ
2911 2514 2978 2582 τῇ
3013 2510 3173 2580 φύσει
3215 2510 3390 2581 γεώδη
3425 2512 3520 2564 καὶ
3564 2509 3786 2582 φθαρτά

2208 2599 2434 2670 σώματα
2475 2601 2572 2673 τῆς
2619 2603 2782 2656 ἁΰλου
2813 2605 2905 2656 καὶ
2934 2603 3210 2675 ἀκηράτου
3244 2603 3471 2666 εὐωδίας
3494 2604 3780 2664 ἀποπνεῖν,

2208 2693 2542 2764 πηγάζοντος
2573 2696 2670 2766 μὲν
2709 2695 2915 2750 ἀνωθεν
2953 2697 3046 2750 τοῦ
3078 2697 3186 2750 τῶν
3213 2697 3348 2751 ὅλων
3373 2695 3531 2760 Θεοῦ,
3564 2696 3653 2760 ὃς,
3682 2693 3782 2747 τοῦ

2207 2783 2527 2853 μονογενοῦς
2552 2784 2717 2838 αὐτοῦ
2749 2787 2920 2854 Λόγου
2961 2787 3148 2859 Πατὴρ
3188 2787 3285 2850 ῶν,
3337 2787 3497 2849 αὐτὸς
3521 2785 3586 2839 ἂν
3612 2785 3697 2856 εἴη
3719 2785 3786 2838 τὸ

2204 2873 2418 2945 πρῶτον
2454 2875 2545 2928 καὶ
2588 2875 2776 2947 κύριον
2811 2876 2904 2929 καὶ
2953 2877 3110 2947 μόνον
3138 2877 3354 2948 ἀληθῶς
3385 2877 3608 2946 ἀγαθὸν,
3641 2878 3781 2945 ἀγα-

2203 2968 2296 3022 θοῦ
2333 2971 2690 3040 γεννητικὸν,
2737 2970 3146 3042 δευτερεύοντος
3194 2971 3271 3034 δὲ,
3319 2972 3412 3024 καὶ
3463 2971 3613 3024 ῶσάν
3669 2969 3780 3023 ἀπὸ

2199 3060 2422 3132 πρώτης
2454 3061 2547 3114 καὶ
2601 3060 2908 3132 ἡγουμένης
2935 3061 3124 3126 οὐσίας
3161 3060 3652 3132 ἐπιχορηγουμένου
3681 3059 3779 3113 τοῦ

2202 3153 2354 3216 Υίοῦ,
2401 3154 2459 3217 ὃς
2505 3154 2598 3208 καὶ
2627 3155 2786 3225 μόνος
2821 3153 2921 3225 τῆς
2954 3153 3225 3226 πατρικῆς
3257 3154 3442 3217 οὐσίας
3467 3153 3661 3206 εὐωδία
3694 3164 3780 3214 τις

513 3215 698 3292 autem
735 3237 917 3292 Patris
949 3253 1170 3308 quoque
1194 3238 1496 3310 fragrantia
1518 3243 1644 3306 erit,
1683 3260 1802 3314 quae
1829 3245 2094 3303 ellicacis-

2201 3246 2329 3314 ἡμῖν
2388 3245 2673 3316 ἀνείρηται
2722 3244 3029 3297 δουλεύουσι
3079 3243 3242 3313 λογίῳ
3294 3243 3600 3296 παιδεύοντι
3648 3242 3777 3314 περὶ

512 3327 706 3384 simam
749 3329 1041 3398 largiendze
1069 3331 1195 3384 vita:
1238 3330 1349 3383 vim
1383 3331 1602 3400 habeat,
1627 3335 1721 3389 sed
1771 3335 1845 3389 ita
1897 3353 2092 3396 rursus

511 3433 687 3488 neque
715 3418 824 3473 dici
865 3435 895 3473 a
932 3420 1112 3485 nobis,
1139 3435 1318 3490 neque
1356 3423 1663 3479 rationibus
1680 3426 1860 3497 colligi
1880 3429 2088 3496 possit:

511 3510 780 3581 siquidem
811 3513 996 3566 omnia
1032 3527 1373 3583 quaecunque
1403 3514 1469 3569 de
1501 3515 1596 3570 illo
1634 3533 1761 3571 vera
1789 3519 2092 3583 sunt,inel'-

509 3599 693 3657 fabilia
728 3614 856 3658 sunt
888 3606 1170 3659 hominum
1206 3607 1466 3671 vocibus,
1503 3616 1557 3662 et
1594 3610 1906 3664 mortalium
1935 3611 2083 3681 cogi-

509 3697 832 3761 tationibus,
877 3700 1182 3754 secundum
1219 3699 1548 3770 exquisitam
1578 3703 1846 3757 rationem
1881 3703 2089 3774 incogi-

508 3791 713 3846 tabilia.
747 3793 912 3863 216
941 3791 1047 3847 Sed
1097 3793 1242 3847 enim
1282 3809 1503 3864 quoquo
1550 3793 1713 3850 modo
1758 3796 1948 3852 audire
1985 3812 2087 3852 nos

507 3889 678 3952 juvat,
715 3883 901 3938 itidem
959 3900 1115 3938 sacra
1158 3901 1260 3940 nos
1313 3885 1571 3940 erudiunt
1601 3889 1846 3942 oracula.
1886 3889 2085 3945 Annon

506 3974 709 4027 Christi
738 3973 940 4028 bonum
963 3974 1186 4030 odorem
1225 3977 1342 4046 ipse
1382 3977 1647 4048 seipsum,
1671 3990 1718 4034 et
1761 3981 1847 4036 sui
1880 3983 2085 4040 similes

506 4074 729 4122 sanctus
754 4068 1049 4138 Apostolus
1066 4069 1107 4132 ',
1139 4078 1428 4138 propterea
1451 4069 1593 4140 quod
1622 4069 1860 4142 Spiritus
1877 4075 2080 4131 Christi

505 4159 774 4230 particeps
798 4169 965 4225 esset,
997 4163 1332 4231 appellavit?
1361 4161 1553 4220 Nonne
1592 4173 1930 4236 unguentum
1955 4183 2084 4224 eva-

503 4259 724 4306 cuatum
760 4253 877 4322 ipse
929 4255 1171 4310 cmlestis
1205 4254 1450 4325 Sponsus
1490 4257 1545 4310 in
1587 4256 1870 4314 Canticis'
1901 4260 2080 4317 dictus

502 4352 606 4408 est,
633 4345 841 4400 idcirco
887 4346 1033 4415 quod
1078 4361 1202 4402 cum
1247 4349 1392 4402 illam
1438 4349 1611 4419 ipsius
1642 4353 2076 4418 evacuationcm,

501 4450 627 4492 cum
672 4437 932 4493 omnibus
962 4445 1075 4491 tam
1123 4438 1436 4493 visibilibus
1475 4454 1638 4508 quam
1684 4440 2074 4509 invisibilibus,

2196 3335 2382 3401 αὐτοῦ,
2411 3337 2490 3389 ὅτι
2524 3335 2609 3407 δὴ,
2652 3355 2670 3387 ‹
2706 3336 2892 3408 Ἀτμίς
2919 3338 3033 3388 ἐστι
3070 3335 3165 3405 τῆς
3187 3334 3278 3388 τοῦ
3308 3333 3442 3387 Θεοῦ
3474 3335 3774 3404 δυνάμεως,

2193 3428 2288 3480 καὶ
2320 3428 2588 3501 ἀπόρῤοια
2620 3429 2714 3499 τῆς
2763 3429 2856 3482 τοῦ
2892 3428 3337 3501 Παντοκράτορος
3368 3427 3524 3498 δόξης
3549 3426 3774 3496 εἱλικρι-

2193 3521 2308 3592 νὴς,
2350 3521 2444 3574 καὶ
2491 3521 2830 3592 ἀπαύγασμα
2881 3521 3056 3590 φωτὸς
3103 3521 3306 3585 ἀϊδίου,
3362 3520 3454 3573 καὶ
3511 3519 3774 3587 ἔσοπτρον

2192 3612 2524 3682 ἀκηλίδωτον
2568 3615 2666 3684 τῆς
2698 3613 2789 3666 τοῦ
2827 3612 2962 3666 Θεοῦ
2998 3613 3294 3684 ἐνεργείας,
3324 3611 3416 3665 καὶ
3469 3609 3632 3663 εἰκὼν
3675 3609 3774 3680 τῆς

2191 3703 2527 3774 ἀγαθότητος
2573 3705 2758 3758 αὐτοῦ.
2805 3723 2822 3755 ι
2858 3703 3005 3774 Πλὴν
3069 3703 3206 3756 ἀλλὰ
3238 3702 3408 3756 ταῦτα
3443 3701 3551 3771 ὅπη
3588 3701 3652 3754 ἄν
3686 3715 3772 3761 τις

2190 3795 2284 3847 καὶ
2318 3794 2479 3860 θέλοι,
2497 3795 2666 3868 ταύτῃ
2697 3796 2928 3850 τιθέσθω
2953 3816 2963 3825 ·
2991 3799 3120 3867 ἡμῖν
3158 3796 3213 3848 δὲ
3239 3795 3462 3865 ἐξαρκεῖ
3487 3794 3547 3846 τὸ
3571 3793 3770 3864 ἀληθὲς

2189 3887 2366 3940 ἐκεῖνο
2397 3889 2489 3941 καὶ
2537 3889 2755 3954 εὐσεϐὲς
2793 3886 2950 3952 αὖθις
2987 3888 3456 3959 ἐπαναλαμϐάνειν
3499 3887 3669 3958 ῥῆμα,
3699 3883 3770 3938 δι’

2186 3970 2248 4030 οὗ
2288 3981 2381 4032 καὶ
2400 3981 2500 4050 τὴν
2533 3980 2684 4036 λύσιν
2731 3981 3062 4054 ἐπιθήσομεν
3106 3985 3218 4045 τοῖς
3266 3980 3617 4054 ὲξῃτημένοις
3640 3979 3770 4032 πολ-

2186 4068 2342 4131 λάκις
2377 4070 2476 4142 ἤδη
2528 4073 2881 4135 ἐπειπόντεςο
2920 4092 2937 4124 ‹
2977 4072 3087 4143 Τὴν
3131 4070 3323 4140 γενεάν
3381 4072 3545 4126 αὐτοῦ
3582 4073 3664 4136 τίς
3688 4071 3767 4126 δι-

2186 4164 2488 4232 ηγήσεται;
2521 4180 2539 4212 ι
2560 4162 2868 4230 ’Λνέφικτος
2905 4162 3012 4233 γὰρ
3053 4161 3127 4225 ὡς
3155 4160 3392 4233 ἀληθῶς,
3425 4163 3520 4216 καὶ
3550 4162 3648 4214 οὐκ
3665 4163 3762 4215 ἀν-

2184 4255 2422 4326 θρώποις
2439 4255 2596 4326 μόνον
2619 4297 2634 4321 ,
2668 4254 2802 4308 ἀλλά
2830 4255 2922 4307 καὶ
2941 4259 3061 4320 ταῖς
3094 4255 3272 4325 πάσης
3301 4255 3554 4308 ἐπέκεινα
3575 4255 3763 4318 οὐσίας

2181 4345 2496 4417 δυνάμεσιν,
2532 4348 2564 4417 ἡ
2596 4345 2691 4400 τοῦ
2728 4347 3064 4416 Μονογενοῦς
3088 4347 3182 4401 τοῦ
3219 4345 3354 4400 Θεοῦ
3388 4347 3644 4418 τυγχάνει
3671 4347 3764 4416 γέ-

2181 4455 2346 4505 νεσις,
2379 4439 2660 4511 ὼσπεροῦν
2692 4441 2784 4493 καὶ
2814 4440 2974 4504 αὐτὸς
2997 4441 3026 4492 6
3053 4442 3243 4512 Σωτὴρ
3268 4441 3360 4494 καὶ
3379 4440 3582 4512 Κύριος
3600 4439 3761 4512 ἡμῶν

499 4535 610 4582 tam
645 4528 926 4598 corporeis
969 4545 1136 4599 quam
1189 4530 1546 4600 incorporeis,
1583 4540 1693 4586 tam
1716 4533 2076 4588 rationalibus

2201 4531 2307 4594 τοὺς
2335 4533 2566 4596 οἰκείους
2600 4531 2846 4602 μαθητὰς
2886 4533 3026 4586 αὐτά
3063 4532 3125 4602 δὴ
3159 4533 3328 4588 ταῦτα
3359 4531 3759 4604 μυσταγωγῶν,

499 4633 663 4690 quam
715 4619 893 4674 brutis
921 4621 1432 4684 communicaverit,
1485 4630 1601 4677 tum
1654 4639 1720 4680 ea
1770 4627 2071 4681 secundum

499 4711 906 4781 proportionem
931 4710 1095 4782 digna
1115 4710 1302 4765 eﬂ'ecta
1329 4721 1478 4775 sunt,
1507 4730 1628 4784 quae
1656 4715 1709 4769 in
1741 4724 1949 4785 partem
1984 4733 2074 4772 ac-

497 4803 830 4874 ciperentur,
897 4812 952 4858 et
1007 4805 1176 4858 divini
1232 4804 1395 4860 Verbi
1455 4807 1780 4863 liberalitate
1837 4809 2070 4879 quadam

497 4893 852 4951 fruerentur?
877 4895 1052 4965 Hujus
1075 4897 1296 4967 quidem
1329 4899 1499 4952 divini
1523 4899 1737 4955 aﬂlatus
1768 4904 2073 4972 susceptio-

498 5004 644 5054 nem,
677 4989 744 5044 iis
768 4989 860 5059 qui
897 4991 1192 5046 rationales
1234 5006 1429 5046 sensus
1477 4993 1778 5049 diminutos
1823 5011 1932 5050 non
1975 4997 2072 5050 lia-

496 5081 648 5144 bent,
685 5083 976 5140 universus
1031 5084 1274 5154 impertit
1317 5083 1575 5152 mundus,
1612 5103 1786 5158 usque
1837 5090 1973 5144 adeo
2013 5099 2074 5145 ut

496 5190 617 5244 quae
655 5183 869 5230 terrena
913 5187 966 5231 et
1004 5179 1339 5248 corruptioni
1386 5179 1620 5233 obnoxia
1660 5189 1788 5234 sunt
1815 5197 2069 5251 corpora,

495 5266 674 5320 omnis
709 5267 949 5322 materiae
976 5277 1253 5338 expertem
1294 5269 1782 5342 incorruptamque
1815 5271 2067 5344 fragran-

495 5359 627 5412 tiam
661 5357 964 5424 redoleant,
997 5361 1125 5416 dum
1159 5361 1380 5432 quidem
1417 5379 1672 5434 superne,
1701 5365 1876 5423 instar
1900 5367 2067 5424 fontis

496 5459 681 5506 manat
713 5449 856 5506 Deus
888 5452 1149 5520 universi,
1177 5455 1270 5524 qui
1303 5470 1430 5510 cum
1475 5458 1619 5512 unici
1645 5456 1808 5514 Verbi
1857 5460 1942 5514 sui
1995 5462 2068 5515 sit

495 5541 679 5610 Pater,
705 5544 846 5599 idem
880 5545 951 5600 sit
981 5544 1215 5614 primum
1241 5562 1298 5601 re
1328 5562 1455 5602 vera
1499 5549 1725 5616 bonum,
1759 5552 1905 5622 quod
1937 5553 2064 5608 boni

495 5637 747 5708 gignendi
774 5638 880 5693 vim
905 5639 1121 5705 habeat,
1153 5640 1392 5712 dumque
1410 5644 1716 5715 genituram
1753 5647 1986 5716 obtinet,
2010 5657 2065 5705 et

564 5824 585 5852 ¹
619 5819 657 5874 ll
682 5821 806 5876 Cor.
845 5836 904 5876 ιι.
943 5822 1028 5877 15.
1103 5815 1300 5872 'Cant.
1335 5832 1370 5886 ι,
1404 5817 1456 5873 2.

2185 4640 2205 4672 ι
2237 4620 2424 4686 Οὐδεὶς
2459 4621 2622 4689 ἔγνω,
2662 4642 2679 4672 ι
2708 4621 2861 4693 φησὶ,
2888 4641 2906 4672 ι
2935 4621 3026 4674 τὸν
3060 4620 3301 4691 Πατέρα,
3326 4622 3373 4672 εἰ
3401 4619 3474 4692 μὴ
3501 4621 3528 4672 6
3558 4618 3680 4682 Υἱός
3701 4635 3714 4647 ·
3733 4638 3752 4670 ι

2177 4705 2222 4780 ᾧ
2269 4713 2362 4766 καὶ
2403 4712 2673 4780 ἐπιλέγει·
2703 4733 2720 4764 ‹
2769 4714 2877 4766 Καὶ
2907 4712 3080 4776 οὐδεὶς
3116 4713 3256 4780 ἔγνω
3293 4713 3384 4765 τὸν
3417 4711 3566 4777 Υἱδν,
3601 4711 3648 4762 εί
3680 4710 3755 4780 μὴ

2177 4807 2205 4858 6
2235 4806 2444 4877 Πατήρ.
2472 4825 2490 4856 ι
2535 4804 2836 4874 Ἀγνὼστου
2861 4806 3037 4859 τοίνυν
3064 4804 3264 4876 ὁμοίως
3295 4804 3391 4874 τῆς
3418 4820 3476 4855 τε
3495 4803 3622 4876 περὶ
3656 4801 3753 4854 τοῦ

2177 4897 2390 4969 Πατρὸς
2424 4897 2516 4951 καὶ
2576 4898 2674 4968 τῆς
2707 4899 2833 4970 περὶ
2858 4897 2954 4951 τοῦ
2992 4896 3123 4950 Υἱοῦ
3154 4895 3430 4964 θεολογίας
3451 4897 3564 4957 τοῖς
3595 4895 3751 4958 πᾶσι,

2176 4988 2315 5061 πλὴν
2348 4990 2532 5052 αὐτοῖς
2551 4989 2946 5060 τυγχανούσης,
2974 4989 3050 5052 ὡς
3083 4989 3140 5041 ὲν
3175 4988 3504 5060 ἀπορρήτοις
3537 4987 3593 5039 ἐν
3631 4989 3752 5049 ταῖς

2177 5081 2597 5154 παρατεθείσαις
2642 5083 2737 5135 τοῦ
2787 5082 3128 5153 Σολομῶντος
3181 5081 3378 5146 λέξεσι,
3419 5080 3517 5150 τῆς
3552 5079 3751 5148 Σοφίας

2173 5174 2464 5228 ἀκουστέον
2525 5174 2788 5245 λεγούσης
2811 5191 2825 5204 ·
2856 5193 2874 5225 ι
2898 5176 3011 5243 Πρὸ
3036 5173 3130 5226 τοῦ
3166 5173 3266 5246 ὅρη
3299 5171 3624 5244 ἑδρασθῆναι
3657 5173 3750 5224 καὶ

2173 5265 2583 5337 πλασθῆναιτὴν
2603 5265 2727 5336 γῆν,
2749 5266 2855 5336 πρὸ
2874 5266 2930 5318 δὲ
2959 5266 3174 5319 πάντων
3202 5263 3404 5334 βουνῶν
3428 5265 3594 5334 γεννᾷ
3619 5281 3705 5334 με.
3722 5283 3741 5313 ι

2176 5360 2296 5413 Ἔτι
2333 5358 2391 5412 δέ
2437 5376 2570 5429 φησι
2628 5359 2994 5428 συμπαρεῖναι
3046 5356 3123 5428 τῷ
3159 5356 3337 5428 Πατρὶ
3388 5355 3479 5408 τὸν
3518 5354 3747 5427 οὐρανὸν

2171 5448 2666 5515 κατασκευάζοντι·
2700 5468 2718 5500 ι
2759 5450 2950 5504 Ἠνίκα
2973 5449 3376 5522 γοῦνὴτοίμαζε
3396 5448 3744 5521 τδνούρανδν,

2172 5542 2548 5614 συμπαρήμην
2603 5539 2773 5611 αὐτῷ.
2824 5558 2842 5590 ι
2889 5541 2999 5593 Καὶ
3040 5539 3100 5593 τὸ
3141 5539 3201 5605 ἐξ
3239 5539 3480 5611 ἀπείρων
3523 5538 3580 5592 δὲ
3615 5537 3719 5592 αἰῶ

2169 5651 2272 5688 νων
2319 5632 2485 5686 ἀΐδιον
2528 5632 2626 5704 τῆς
2655 5633 2764 5705 ,σὺν
2805 5631 2980 5702 Πατρὶ
3023 5630 3283 5703 διαμονῆς
3326 5629 3578 5701 ἐμφαίνει
3603 5668 3618 5693 ,
3661 5623 3745 5693 οἷς
