4158 6418
270 364 370 421 557
1185 365 1840 424 DEMONSTRATIONIS
1877 362 2338 421 EVANGELICE
2373 362 2502 420 LIB.
2543 363 2611 419 ν.
3433 365 3537 422 558

268 483 534 553 ἐπιλέγειο
595 504 615 538 ι
679 488 864 560 Ἦμην
929 491 1059 561 παρ’
1121 490 1266 562 αὐτῷ
1327 489 1672 562 ἁρμόζουσα’
1738 489 1848 558 ἐγὼ

265 577 411 648 ἥμην
581 581 952 653 προσέχαιρε·
1000 581 1120 635 καθ’
1175 583 1388 654 ἡμέραν
1445 583 1503 636 δὲ
1573 580 1848 654 προσώπῳ

262 669 428 724 αὑτοῦ
473 673 861 744 προσέχαιρον.
912 693 931 726 ι
974 675 1088 729 Καὶ
1133 675 1406 739 ἀϐύσσους
1439 675 1497 728 δὲ
1531 675 1627 727 καὶ
1665 673 1848 744 πηγὰς

264 761 471 816 ὑδάτων
490 801 504 825 ,
541 762 644 834 ὅρη
676 781 737 818 τε
763 764 856 817 καὶ
887 765 1142 835 βουνοὺς,
1171 767 1265 820 καὶ
1293 766 1395 820 ὅσα
1424 765 1559 818 ἄλλα
1585 764 1728 819 κατὰ
1758 765 1849 818 τὸν

200 909 205 914 ,
261 853 424 907 τόπον
469 857 671 918 κοινοῖς
717 857 958 927 ῥήμασιν
991 851 1073 920 οἷς
1103 857 1525 928 ἐπωνόμασται,
1551 858 1670 927 ἦτοι
1717 858 1850 928 περὶ

259 945 360 1015 τῆς
428 945 526 999 τοῦ
587 947 796 1018 κόσμου
859 950 1203 1014 συστάσεως.
1271 953 1335 1004 ὲκ
1377 951 1577 1022 μέρους
1639 951 1699 1004 τὸ
1741 953 1849 1004 πᾶν

258 1031 545 1102 δηλοῦντος
597 1036 921 1101 ἀκουστέον,
967 1038 1000 1110 ἢ
1051 1038 1453 1110 τροπικώτερον
1511 1041 1844 1112 ὲκΑηπτέον,

257 1124 430 1179 ταῦτα
469 1128 850 1200 μεταφέροντα
885 1130 953 1184 τὰ
993 1133 1363 1203 σημαινόμενα
1404 1133 1495 1186 ἐπὶ
1528 1133 1724 1202 νοητὰς
1752 1134 1846 1186 οὐ-

260 1214 381 1278 σίας
426 1217 526 1270 κα)⁸
572 1216 724 1282 θείας
769 1219 1054 1292 δυνάμεις,
1101 1213 1176 1275 ὧν
1229 1221 1450 1276 πάντων
1503 1223 1848 1294 πρωτότοκος

259 1307 427 1376 Σοφία
456 1309 553 1362 καὶ
585 1311 874 1383 μονογενὴς
902 1313 994 1366 καὶ
1022 1315 1364 1386 πρωτόγονος
1391 1313 1486 1367 τοῦ
1519 1313 1655 1366 Θεοῦ
1715 1331 1847 1386 προ-

260 1399 471 1468 ῦπέστη
503 1400 696 1468 Λόγος,
717 1404 896 1457 ὅντινα
912 1405 1143 1476 Χριστὸν
1159 1408 1318 1478 ἡμεῖς
1347 1406 1844 1478 προσαγορεύομεν,

257 1492 567 1564 διδασκάλῳ
617 1495 1042 1568 μαθητευόμενοι
1098 1499 1176 1568 τῷ
1235 1498 1543 1569 Ἀποστόλῳ
1595 1498 1841 1568 λέγοντιο

262 1605 280 1637 ι
307 1584 551 1658 Χριστὸς
584 1587 718 1641 Θεοῦ
741 1588 986 1659 δύναμις,
1005 1590 1100 1645 καὶ
1124 1589 1258 1644 Θεοῦ
1294 1592 1476 1661 σοφία.
1519 1611 1538 1644 ι
1569 1593 1848 1663 Κέκληται

251 1679 309 1731 δὲ
373 1678 614 1732 ἐνταῦθα
661 1679 736 1750 τῷ
776 1681 876 1750 τῆς
918 1681 1115 1751 Σοφίας
1160 1683 1386 1746 εἰκότως
1448 1684 1844 1754 προσρήματι,

255 1770 330 1833 ὡς
363 1769 461 1823 τοῦ
504 1772 671 1841 μόνου
706 1772 871 1842 σοφοῦ
902 1773 1112 1846 Πατρὸς
1141 1775 1237 1838 τὰς
1273 1774 1580 1842 πανσόφους
1608 1775 1700 1826 καὶ
1728 1775 1847 1826 ἐπι-

257 1877 354 1930 στη
365 1861 599 1930 μονικὰς
622 1863 729 1915 τῶν
749 1863 885 1918 ὅλων
917 1865 1148 1938 θεωρίας
1177 1883 1305 1921 τε...
1331 1867 1534 1921 Λείπει
1558 1866 1771 1920 τᾶλλα.

1949 488 2110 559 quasi
2155 503 2188 542 a
2236 487 2415 558 primo
2452 493 2508 542 et
2548 485 2792 556 ingenito
2837 482 2999 542 Patre
3033 486 3301 544 suﬁicitur
3340 489 3538 563 Filius,

1956 580 2050 652 qui
2083 579 2248 634 etiam
2284 577 2436 630 solus
2480 581 2720 644 paterna
2757 575 3011 630 essentia
3061 577 3361 647 fragrantia
3387 595 3537 650 qua-

1955 667 2082 720 dam
2125 666 2309 720 dictus
2349 672 2433 720 est
2469 679 2499 717 a
2530 662 2711 728 nobis,
2762 664 2857 734 qui
2904 666 3128 721 oraculo
3181 667 3538 738 obsequimur

1957 757 2122 812 talem
2155 757 2222 812 de
2249 757 2344 812 illo
2369 756 2678 811 doctrinam
2713 757 2950 811 tradenti
2987 775 3004 813 :
3041 776 3060 808 ι
3100 755 3285 828 Vapor
3321 768 3426 823 est,
3453 763 3536 815 in-

1955 849 2094 919 quit,
2127 849 2348 903 virtutis
2371 847 2486 914 Dei,
2517 855 2572 902 et
2610 849 2883 903 emanatio
2904 848 3092 920 gloria
3125 849 3536 920 Omnipotentis

1955 947 2194 1008 sincera,
2215 951 2269 999 et
2299 943 2555 1015 splendor
2583 944 2724 999 lueis
2748 953 2986 1009 aterna,
3020 953 3074 1000 et
3107 947 3390 1015 speculum
3413 948 3534 1004 sine

1956 1036 2168 1090 macula
2218 1035 2311 1090 Dei
2351 1036 2604 1092 eﬁicacia
2628 1075 2646 1104 ,
2678 1044 2732 1094 et
2775 1037 2955 1108 imago
2984 1037 3398 1108 bonitatis-ejus
3423 1041 3464 1095 ‘.
3502 1059 3523 1092 ι

1953 1126 2346 1184 Verumtamen
2393 1130 2509 1184 hac
2551 1146 2661 1201 que
2706 1130 2826 1184 loco
2865 1130 2989 1200 quis
3023 1130 3174 1195 velit,
3228 1130 3304 1185 ibi
3341 1132 3532 1202 utique

1954 1227 2157 1289 ponat:
2192 1220 2353 1274 nobis
2384 1227 2566 1274 autem
2600 1219 2738 1275 satis
2768 1235 3042 1291 superque
3065 1221 3159 1285 sit,
3181 1235 3371 1276 verum
3397 1220 3531 1277 illud

1954 1327 2018 1367 ac
2057 1314 2206 1382 pium
2227 1328 2420 1368 rursus
2450 1313 2677 1368 verbum
2709 1320 2980 1382 repetere,
3014 1328 3124 1383 quo
3147 1315 3312 1369 etiam
3337 1330 3532 1370 eorum

1953 1405 2020 1460 de
2037 1405 2236 1475 quibus
2259 1406 2546 1475 quasitum
2575 1404 2756 1469 fuerit,
2777 1405 3122 1462 difﬁcultates
3139 1406 3531 1473 dissolvemus,

1954 1497 2134 1568 ipsum
2161 1499 2381 1566 inquam
2422 1496 2578 1560 illud,
2605 1495 2751 1566 quod
2794 1504 2954 1551 antea
2998 1499 3196 1568 sapius
3238 1497 3386 1554 eﬁ'ati
3438 1515 3534 1555 su-

1953 1606 2122 1644 mus:
2165 1606 2182 1639 ι
2229 1587 2647 1643 Generationem
2680 1589 2800 1658 ejus
2847 1589 2972 1659 quis
3017 1591 3339 1646 enarrabit?
3380 1611 3398 1645 ι
3453 1592 3535 1650 Ro

1951 1696 2080 1735 vera
2111 1681 2256 1735 enim
2311 1697 2418 1734 non
2475 1680 2652 1734 solum
2682 1696 2712 1734 a
2754 1682 2920 1737 nullis
2965 1682 3308 1748 hominibus,
3335 1684 3430 1739 sed
3463 1699 3534 1742 ne

1953 1774 2021 1828 ab
2054 1774 2181 1827 ullis
2235 1772 2453 1842 quidem
2505 1773 2893 1842 potestatibus,
2937 1791 3059 1843 qua
3115 1775 3256 1828 ultra
3309 1791 3529 1832 omnem

1951 1873 2200 1918 naturam
2229 1865 2526 1923 evaserint,
2561 1864 2710 1917 unici
2750 1863 2843 1918 Dei
2875 1863 3000 1917 Filii
3041 1866 3320 1935 generatio
3355 1873 3534 1935 potest

255 1956 677 2025 comprehendi,
707 1973 840 2013 sane
882 1975 990 2014 non
1022 1962 1183 2016 aliter
1217 1976 1381 2032 quam
1423 1961 1540 2032 ipse
1582 1961 1830 2016 Salvator
1859 1976 1924 2016 ac
1951 1959 2220 2014 Dominus
2278 1967 2487 2022 noster,
2541 1959 2693 2014 hisce
2755 1960 2889 2030 ipsis
2939 1961 3106 2016 rebus
3137 1977 3268 2017 suos
3304 1961 3531 2018 initians

254 2050 564 2121 discipulos
631 2073 645 2107 :
705 2072 724 2104 ι
776 2053 967 2118 Nemo,
1027 2057 1225 2127 inquit,
1306 2057 1456 2112 novit
1518 2056 1733 2111 Patrem
1781 2055 1889 2111 nisi
1947 2054 2120 2110 Filius
2167 2056 2232 2119 ’ς
2289 2073 2308 2105 ι
2363 2065 2415 2108 et
2500 2054 2748 2123 adjungit
2801 2055 3050 2124 protinus
3098 2073 3111 2109 :
3165 2074 3183 2106 ι
3243 2054 3310 2108 Et
3371 2069 3534 2112 nemo

253 2146 409 2200 novit
437 2145 665 2214 Filium,
690 2149 796 2204 nisi
832 2149 993 2206 Pater
1020 2152 1060 2207 ‘.
1093 2171 1113 2204 ›
1139 2151 1277 2206 Cum
1301 2167 1433 2222 ergo
1460 2153 1731 2222 theologia
1761 2153 1828 2206 de
1858 2151 2017 2205 Patre
2069 2157 2122 2205 et
2164 2149 2304 2204 Filio
2331 2164 2483 2220 aque
2520 2149 2776 2205 omnibus
2796 2193 2810 2216 ,
2856 2160 3052 2220 prater
3084 2165 3225 2206 unos
3255 2151 3426 2221 ipsos,
3449 2151 3536 2206 ino-

253 2243 478 2312 cognita
511 2243 784 2313 sit,_quasi
819 2247 871 2300 in
891 2247 1109 2301 arcanis
1127 2248 1181 2301 in
1208 2248 1316 2304 illis
1345 2247 1658 2303 Salomonis
1680 2247 1862 2302 verbis
1889 2262 2011 2317 qua
2049 2245 2302 2314 superius
2331 2246 2710 2315 apposuimus,
2743 2243 3076 2315 Sapientiam
3097 2246 3288 2300 audire
3315 2254 3536 2316 oportet

252 2334 530 2391 dicentem
548 2355 594 2391 ει
607 2338 910 2410 Antequam
925 2351 1137 2396 montes
1154 2342 1272 2398 suis
1289 2342 1514 2399 sedibus
1530 2342 1881 2397 ﬁrmarentur
1907 2353 1961 2397 et
1974 2341 2364 2396 informaretur
2379 2351 2606 2404 terra,et
2632 2349 2758 2396 ante
2777 2357 2965 2396 omnes
2993 2341 3180 2407 colles,
3196 2342 3367 2412 gignit
3384 2356 3488 2396 me.
3503 2360 3526 2394 ι

252 2430 417 2501 217
463 2432 555 2485 Ait
594 2439 877 2503 praterea,
930 2453 990 2492 se
1023 2451 1132 2491 una
1173 2452 1297 2492 cum
1332 2437 1492 2493 Patre
1527 2437 1716 2504 fuisse,
1767 2452 1891 2491 cum
1931 2437 2128 2491 calum
2162 2437 2462 2492 instrueret
2509 2457 2521 2490 :
2557 2458 2573 2487 ι
2612 2436 2865 2503 Quando,
2915 2437 3111 2506 inquit,
3150 2435 3376 2505 parabat
3415 2449 3532 2488 coe-

252 2521 394 2588 lum,
442 2541 557 2580 una
590 2542 722 2582 cum
774 2545 840 2584 eo
867 2530 1106 2584 aderam.
1143 2549 1162 2582 ι
1201 2529 1404 2586 Deinde
1432 2539 1691 2586 aternam
1728 2531 1798 2585 ab
1835 2529 2065 2585 inﬁnitis
2123 2529 2341 2585 saculis
2373 2545 2498 2584 cum
2545 2528 2709 2584 Patre
2740 2528 3077 2582 mansionem
3111 2527 3404 2597 significat,
3433 2524 3528 2578 ubi

252 2617 552 2691 adjungit:
596 2640 615 2673 ι
663 2623 826 2678 Eram
853 2639 978 2678 cum
1031 2626 1126 2680 illo
1168 2641 1527 2696 componens,
1563 2641 1662 2697 ego
1691 2641 1841 2682 eram
1875 2626 2018 2697 apud
2069 2641 2230 2695 quam
2262 2627 2553 2696 gaudebat,
2584 2625 2831 2697 quotidie
2861 2640 2991 2679 vero
3013 2624 3234 2679 latabar
3279 2623 3334 2677 in
3379 2622 3530 2676 vultu

251 2712 398 2780 ejus.
432 2730 452 2764 ›
499 2711 674 2768 Porro
705 2723 886 2770 autem
925 2715 1154 2787 abyssos
1181 2726 1235 2772 et
1264 2716 1441 2774 fontes
1467 2732 1758 2788 aquarum,
1809 2725 1864 2772 et
1902 2726 2118 2773 montes
2169 2725 2222 2772 et
2262 2718 2454 2783 colles,
2515 2725 2569 2772 et
2611 2717 2718 2771 alia
2758 2733 3102 2788 quacunque
3147 2713 3532 2771 communibus

251 2806 440 2860 verbis
473 2806 578 2861 hoc
621 2809 678 2861 in
709 2808 830 2863 loco
867 2809 1216 2864 denominata
1257 2817 1406 2872 sunt,
1461 2817 1555 2863 aut
1583 2808 1649 2865 de
1678 2809 1869 2864 mundi
1907 2812 2320 2875 constitutione,
2357 2812 2430 2865 ita
2480 2811 2732 2881 accipere
2761 2819 2993 2881 Oportet,
3027 2818 3142 2864 uta
3172 2817 3324 2880 parte
3354 2818 3530 2865 totum

252 2901 637 2972 intelligatur,
693 2915 786 2957 aut
831 2904 938 2958 alio
980 2919 1176 2974 genere
1228 2903 1413 2975 ﬁgura
1460 2905 1832 2974 interpretari,
1902 2905 2285 2960 transferendo
2332 2904 2637 2975 signiﬁcata
2673 2920 2862 2960 eorum
2912 2904 2978 2957 ad
3022 2903 3392 2973 intelligibiles
3441 2919 3532 2958 es~

254 2997 490 3059 sentias,
538 3005 949 3068 potestatesque
995 2999 1210 3054 divinas
1258 3015 1272 3051 :
1315 3016 1452 3071 quas
1495 3015 1686 3054 omnes
1731 3011 1854 3056 ortu
1912 3017 2013 3056 suo
2059 3001 2334 3056 antecedit
2378 3001 2679 3069 Sapientia,
2734 3000 3042 3070 quibusque
3086 2999 3340 3054 omnibus
3389 3000 3532 3052 anti-

251 3089 422 3156 quius
474 3090 686 3144 exstitit
739 3092 981 3154 unicum,
1018 3093 1308 3164 primoque
1369 3093 1608 3164 genitum
1663 3093 1756 3148 Dei
1808 3093 2068 3157 Verbum,
2111 3111 2271 3165 quem
2315 3111 2414 3149 nos
2461 3095 2739 3148 Christum
2797 3095 3070 3163 appellare
3113 3093 3523 3156 consuevimus,

250 3181 441 3237 edocti
491 3196 522 3235 a
564 3184 828 3251 magistro
853 3185 1111 3254 Apostolo
1176 3187 1428 3241 dicente:
1464 3203 1482 3236 ι
1518 3184 1771 3241 Christus
1813 3184 1906 3241 Dei
1941 3187 2115 3241 virtus
2167 3195 2221 3241 et
2279 3184 2373 3240 Dei
2428 3185 2758 3256 sapientia’.
2804 3204 2824 3237 ι
2862 3183 2968 3238 Sed
3021 3183 3110 3237 hic
3161 3183 3524 3253 appellatione

254 3276 560 3348 Sapientia
601 3279 792 3333 merito
826 3289 1052 3336 vocatus
1076 3289 1161 3336 est
1191 3280 1361 3353 [sicut
1415 3283 1586 3338 solius
1613 3284 1879 3354 sapientis
1912 3282 2112 3349 Patris,
2151 3283 2588 3353 sapientissimas
2643 3290 2698 3336 ct
2745 3281 2984 3335 scientia
3019 3287 3272 3348 parentes
3306 3280 3526 3333 univer-

252 3385 448 3426 eorum
476 3371 1062 3444 contemplationes]...
1095 3373 1313 3442 Reliqua
1342 3373 1549 3429 desunt.

796 3464 1187 3517 ΚΕΦΑΛΑΙΟΝ
1239 3465 1314 3518 Β’.

855 3555 1264 3628 (Ἀκέφαλον.)

339 3646 434 3698 Ἔν
479 3645 536 3700 δὲ
576 3645 653 3717 τῷ
693 3645 929 3717 δευτέρῳ
978 3649 1240 3719 σκήπτρῳ
1286 3648 1546 3720 βασιλικῷ
1583 3651 1718 3721 τιμᾷ
1743 3667 1756 3680 ο
1789 3652 1846 3702 ἐν

256 3737 313 3790 δὲ
339 3736 422 3806 τῷ
455 3737 659 3806 τρίτῳ,
686 3736 782 3806 τὴν
818 3737 936 3789 κατ’
967 3737 1166 3808 ἀρετὴν
1201 3737 1347 3808 αὐτῷ
1389 3739 1666 3792 τελείωσιν
1706 3756 1847 3810 μαρ-

256 3833 442 3900 τυρεῖ·
483 3824 584 3880 εἶτ’
619 3829 712 3881 ἐπὶ
739 3828 948 3892 τούτοις
977 3829 1136 3882 αὑτὸν
1165 3830 1228 3899 δὴ
1261 3831 1446 3884 τοῦτον
1476 3831 1566 3883 τὸν
1592 3832 1721 3884 Θεὸν
1755 3833 1848 3884 καὶ

261 3921 489 3990 βασιλέα
515 3919 801 3990 κεκρίσθαι
832 3922 967 3992 πρὸς
998 3921 1092 3973 τοῦ
1126 3922 1398 3975 ἀνωτὰτου
1426 3922 1664 3975 διδάσκει
1688 3921 1844 3983 Θεοῦ,

261 4011 556 4084 καὶταύτῃ
592 4029 655 4080 γε
688 4013 921 4083 Χριστὸν
952 4013 1247 4081 γεγονέναι.
1286 4015 1327 4065 Τ
1335 4015 1349 4065 ί
1375 4015 1481 4086 γὰρ
1515 4014 1580 4067 ἂν
1607 4015 1700 4066 καὶ
1729 4016 1846 4066 ὀιο-

266 4102 501 4172 μάσαιτό
528 4120 615 4165 τις
652 4103 744 4155 τὸν
783 4103 857 4173 μὴ
886 4103 976 4154 ὑπ’
1008 4103 1306 4173 ἀνθρώπων
1329 4105 1448 4174 μὲν,
1483 4105 1573 4156 ὑπ’
1605 4103 1766 4156 αὑτοῦ
1790 4104 1847 4157 δὲ

261 4195 354 4247 τοῦ
386 4196 484 4247 ἐπὶ
520 4196 738 4248 πάντων
778 4195 911 4248 Θεοῦ
948 4197 1336 4266 κεχρισμένον;
1373 4196 1464 4249 ἐπὶ
1507 4195 1680 4266 τούτῳ
1717 4195 1846 4264 γοῦν

263 4304 426 4357 φησιν
443 4304 458 4318 ο
493 4305 513 4337 ι
551 4282 623 4339 Ὦ
645 4287 744 4340 Θεὲ
769 4287 925 4358 (πρὸς
952 4288 1040 4340 τὸν
1069 4288 1360 4358 χρισθέντα
1387 4288 1842 4356 ἀποτεινόμενος),

263 4379 561 4450 ⁴ῂγὰττησιις
605 4378 972 4449 δικαιοσύνην,
1025 4379 1117 4432 καὶ
1162 4379 1430 4450 ἐμίσησας
1473 4379 1719 4432 ἀδικίαν
1758 4377 1847 4431 διὰ

263 4468 420 4522 τοῦτο
447 4469 560 4542 γὰρ
586 4469 770 4540 ἕχρισέ
798 4486 858 4521 σε
884 4471 911 4520 ό
941 4470 1072 4533 Θεὸς
1099 4471 1126 4521 ό
1151 4471 1288 4533 Θεὸς
1321 4488 1436 4524 σου.
1474 4490 1492 4522 ι
1545 4471 1687 4522 Ὠσεὶ
1727 4469 1844 4522 ἕλε-

264 4577 357 4627 γεν
376 4578 388 4590 ·
425 4560 487 4614 '0
523 4559 619 4612 ἐπὶ
664 4561 881 4613 πάντων
909 4560 1042 4624 Θεὸς
1096 4560 1278 4632 ἔχρισέ
1310 4576 1367 4612 σε
1392 4561 1568 4613 ἔλαιον
1591 4559 1846 4628 ἀγαλλιά-

268 4669 404 4715 σεως
438 4651 597 4724 παρὰ
621 4654 747 4716 τοὺς
775 4653 1033 4723 μετόχους
1064 4669 1156 4706 σου
1176 4670 1188 4683 ·
1229 4652 1368 4706 ὥστε
1394 4653 1513 4705 οὐδὲ
1545 4652 1720 4704 κοινὸν
1751 4651 1845 4704 καὶ

267 4743 468 4810 γεῶδες
510 4743 574 4795 τὸ
613 4743 936 4814 δηλούμενον
977 4743 1134 4796 τοῦτο
1160 4745 1367 4814 χρίσμα
1393 4739 1460 4812 ἦν
1481 4782 1494 4804 ,
1521 4743 1639 4795 οὐδὲ
1663 4743 1844 4812 ὅμοιον

269 4808 343 4904 τῷ
368 4834 523 4906 παρὰ
539 4808 728 4888 Μωσεί
747 4808 1222 4905 νενομοθετημένιρ
1251 4808 1344 4887 καὶ
1365 4808 1607 4905 φθαρτῆς
1629 4808 1844 4905 ὲξνῦλης
1871 4808 1913 4865 C

271 4927 781 4997 κατεσκευασμένῳ,
804 4921 848 4995 ᾧ
871 4927 1024 4996 φίλον
1045 4922 1112 4996 ἦν
1139 4929 1263 4988 τοὺς
1285 4924 1546 4988 παλαιοὺς
1582 4925 1845 4997 Ἐϐραίων

273 5023 443 5092 ispén;
487 5021 582 5075 καὶ
617 5021 865 5092 βασιλέας
913 5021 1183 5092 χρίεσθαι.
1213 5020 1403 5073 Ἔνθεν
1449 5022 1579 5090 ἡμῖν
1621 5021 1847 5082 εἰκότως

273 5114 360 5165 καὶ
383 5113 517 5176 Θεὸς
534 5112 670 5184 ὁμοῦ
695 5114 787 5167 καὶ
820 5112 1052 5182 Χριστὸς
1074 5112 1468 5182 ἀνηγόρευται,
1513 5110 1660 5163 ὡσάν
1688 5110 1844 5179 μόνος

276 5205 346 5277 μὴ
380 5207 447 5259 δι’
483 5205 809 5277 ἀνθρώπων,
843 5205 965 5278 μηδ’
989 5205 1048 5270 ἐξ
1072 5203 1372 5275 ἀνθρώπων
1391 5243 1406 5265 ,
1434 5202 1568 5274 πρὸς
1594 5200 1757 5255 αὐτοῦ
1789 5202 1846 5254 δὲ

273 5297 360 5350 τοῦ
381 5298 491 5351 τῶν
509 5299 646 5351 ὅλων
679 5297 912 5368 Ποιητοῦ
937 5298 1035 5368 τῆς
1063 5296 1244 5349 ἐνθέου
1268 5297 1438 5368 χαρᾶς
1468 5295 1562 5347 καὶ
1589 5293 1844 5362 ἀγαλλιά-

273 5405 402 5453 σεως
429 5390 709 5462 ἀσωμάτῳ
732 5389 827 5442 καὶ
851 5389 1140 5458 θεοπρεπεῖ
1173 5385 1429 5458 χρίσματι
1450 5383 1802 5455 κεχρισμένος
1822 5398 1837 5413 ο

275 5479 457 5554 διόπερ
493 5483 720 5545 ἐνδίκως
747 5481 906 5552 μόνος
931 5479 1149 5550 ἀγαθῶς
1178 5479 1271 5532 καὶ
1303 5479 1505 5549 κυρίως
1536 5475 1684 5548 παρὰ
1712 5475 1840 5538 τοὺς

277 5570 695 5644 ὀνομαζομένους
721 5570 885 5624 αὑτοῦ
920 5569 1177 5641 μετόχους
1205 5567 1434 5639 Χριστὸς
1462 5565 1527 5620 ἄν
1547 5565 1842 5636 ἀναγορευ-

282 5663 410 5736 θείη.
441 5670 502 5721 οι
534 5666 757 5738 μέτοχοι
782 5663 838 5717 δὲ
856 5662 1020 5716 αὑτοῦ
1042 5661 1181 5724 τίνες
1205 5659 1272 5714 ἂν
1300 5655 1429 5722 εἷεν,
1445 5658 1479 5728 ἢ
1497 5659 1546 5710 οί
1561 5655 1662 5710 οἷοί
1686 5674 1743 5710 τε
1759 5657 1845 5711 λέ-

345 5823 365 5855 ⁸
390 5823 517 5898 Sap.
558 5842 660 5895 vn,
693 5820 887 5878 25-26.
916 5822 938 5854 ³
972 5819 1158 5878 Matth.
1188 5835 1265 5888 ιι,
1299 5819 1389 5875 27.
1494 5821 1513 5852 ⁸
1542 5820 1672 5876 ibid.

2569 3457 2798 3512 CAPUT
2843 3457 2906 3512 ll.

2509 3550 2656 3622 (Sine
2687 3551 2989 3620 principio.)

2017 3641 2076 3697 In
2110 3643 2352 3698 secundo
2379 3652 2581 3706 autem,
2615 3644 2817 3712 sceptri
2850 3644 3048 3714 regalis
3076 3647 3281 3702 honore
3314 3647 3521 3704 donat:

1949 3733 2004 3788 in
2034 3736 2196 3790 tertio
2218 3751 2347 3790 vero
2379 3735 2633 3804 perfecta
2665 3735 2882 3790 virtutis
2903 3737 2977 3788 illi
3001 3736 3094 3790 dat
3113 3739 3485 3794 testimonium
3505 3784 3524 3808 ,

1949 3833 2136 3895 postea
2178 3828 2354 3903 ipsum
2396 3826 2540 3880 hunc
2574 3841 2739 3896 super
2770 3826 2838 3881 iis
2869 3834 2922 3881 et
2952 3826 3122 3881 Deum
3154 3837 3207 3883 et
3254 3844 3457 3900 regem,
3493 3846 3523 3885 a

1949 3933 2206 3986 supremo
2265 3917 2375 3972 Deo
2435 3927 2660 3972 unctum
2714 3935 2836 3974 esse
2882 3919 3062 3985 docet,
3099 3928 3152 3974 et
3201 3936 3264 3975 ea
3312 3923 3523 3977 ratione

1946 4007 2225 4063 Christum
2251 4011 2527 4065 exstitisse
2564 4029 2576 4064 :
2607 4011 2737 4080 quid
2765 4012 2910 4066 enim
2942 4011 3089 4064 aliud
3122 4012 3388 4082 quispiam
3423 4030 3524 4066 no-

1948 4099 2116 4152 minet
2169 4114 2316 4162 eum,
2350 4100 2441 4169 qui
2498 4115 2607 4154 non
2668 4102 2736 4154 ab
2787 4100 3121 4163 hominibus,
3154 4103 3248 4156 sed
3292 4103 3361 4157 ab
3403 4105 3522 4172 ipso

1947 4203 2203 4258 supremo
2249 4187 2358 4243 Deo
2398 4190 2469 4243 sit
2522 4189 2762 4242 unctus?
2808 4188 2875 4242 de
2920 4189 3024 4242 hoc
3066 4190 3231 4259 igitur
3271 4188 3347 4240 ait
3408 4205 3420 4238 :
3474 4189 3519 4244 Ο

1947 4276 2112 4344 Deus,
2142 4279 2207 4332 ad
2244 4294 2368 4333 eum
2422 4279 2514 4349 qui
2555 4286 2754 4332 unctus
2785 4287 2869 4334 est
2908 4293 3212 4334 sermonem
3253 4277 3516 4346 dirigens.

1950 4365 2217 4422 «dilexisti
2232 4365 2522 4435 justitiam,
2544 4375 2597 4424 et
2646 4368 2810 4423 odisti
2840 4369 3176 4438 iniquitatem
3211 4387 3224 4421 :
3267 4375 3516 4437 propter-

1944 4475 2007 4515 ea
2042 4463 2187 4515 enim
2223 4460 2380 4514 unxit
2444 4469 2496 4516 te
2550 4459 2715 4524 Deus,
2749 4459 2890 4515 Deus
2923 4457 3105 4513 tuus“.
3147 4478 3165 4509 ι
3200 4455 3268 4511 Ut
3295 4458 3338 4513 si
3371 4457 3520 4510 dice-

1945 4559 2059 4619 ret,
2091 4551 2233 4608 Deus
2277 4551 2438 4607 Pater
2483 4553 2637 4606 unxit
2683 4562 2734 4606 te
2787 4553 2908 4606 oleo
2965 4552 3364 4616 exsultationis,
3409 4567 3518 4620 pra

1946 4645 2300 4715 participibus
2331 4646 2441 4700 tuis
2475 4662 2488 4698 :
2521 4643 2594 4698 ita
2631 4659 2806 4715 neque
2828 4659 3117 4699 commune
3150 4652 3203 4698 et
3235 4651 3510 4698 terrenum

1944 4746 2028 4791 est
2057 4737 2159 4791 hoc
2180 4737 2248 4791 de
2283 4751 2391 4806 quo
2417 4736 2594 4807 agitur
2626 4747 2982 4805 unguentum,
3016 4750 3193 4804 neque
3237 4734 3312 4787 illi
3341 4733 3520 4788 simile

1948 4827 2092 4898 quod
2125 4828 2265 4898 apud
2298 4827 2535 4898 Moysem
2567 4828 2684 4898 lege
2709 4829 2978 4883 sancitum
3008 4835 3112 4891 est,
3147 4834 3202 4881 et
3232 4842 3299 4880 ex
3326 4839 3520 4879 corru-

1949 4918 2122 4990 ptioni
2142 4919 2377 4973 obnoxia
2402 4920 2626 4974 materia
2651 4928 3046 4989 comparatum,
3065 4934 3172 4989 quo
3198 4933 3331 4972 sane
3351 4919 3519 4972 moris

1949 5016 2127 5072 fuerat
2155 5025 2364 5071 veteres
2380 5013 2634 5070 Hebraos
2667 5023 2724 5068 et
2757 5013 3069 5069 sacerdotes
3097 5021 3152 5066 et
3176 5027 3330 5082 reges
3352 5011 3518 5065 inun-

1949 5123 2077 5178 gere
2111 5127 2123 5162 :
2160 5108 2286 5163 inde
2335 5107 2493 5162 nobis
2539 5107 2752 5168 merito,
2785 5113 2839 5160 et
2885 5103 3026 5159 Deus
3074 5103 3236 5158 simul
3271 5109 3324 5157 et
3357 5101 3518 5157 Chri-

1951 5209 2068 5256 stus
2104 5200 2409 5271 appellatus
2441 5207 2544 5261 est,
2576 5209 2833 5268 tanquam
2873 5197 2920 5251 is
2946 5197 3037 5266 qui
3069 5195 3237 5257 solus,
3271 5211 3378 5249 non
3421 5211 3518 5266 per

1949 5291 2218 5354 homines,
2278 5306 2454 5360 neque
2502 5290 2570 5344 ab
2619 5289 2952 5351 hominibus,
2985 5287 3053 5340 ab
3094 5286 3210 5356 ipso
3241 5302 3368 5342 vero
3397 5288 3518 5340 uni-

1946 5381 2090 5437 versi
2123 5381 2362 5437 Auctore
2406 5380 2604 5435 divina
2639 5379 2836 5433 latitia
2888 5385 3051 5447 atque
3108 5377 3512 5440 exsultationis,

1945 5479 2268 5545 incorporeo
2295 5481 2349 5530 et
2383 5472 2472 5527 Dei
2498 5472 2784 5542 majestate
2807 5470 2970 5541 digno
2995 5476 3273 5542 unguento
3307 5470 3379 5524 sit
3405 5485 3511 5522 un-

1947 5578 2070 5622 ctus
2114 5586 2127 5622 :
2170 5574 2503 5637 quapropter
2536 5565 2682 5633 juste
2726 5563 2898 5626 solus,
2931 5563 3050 5618 sine
3095 5561 3298 5616 malitia
3340 5561 3514 5625 solus,

1949 5657 2088 5714 bene
2116 5665 2171 5712 et
2201 5657 2366 5726 218
2396 5653 2634 5726 proprie,
2660 5668 2771 5725 pra
2792 5654 2858 5709 iis
2894 5654 2986 5722 qui
3017 5654 3187 5724 ipsius
3218 5652 3509 5722 pazticipes

1793 5823 1812 5853 ⁷
1853 5821 1871 5876 l
1935 5821 2060 5875 Cor.
2096 5835 2135 5887 ι,
2163 5818 2257 5873 24.
2333 5817 2354 5848 ³
2385 5814 2528 5872 Psal.
2563 5830 2712 5880 xLIv,
2747 5815 2800 5870 8.
