4080 6416
466 341 651 398 ’559

1188 333 1461 391 eusser!
1492 304 2160 393 cmsmnmsrs‘orr.
2194 328 2395 388 PARS.
2429 330 2497 387 ιι.
2539 362 2609 374 —
2644 329 3148 389 APOLOGETICA.

3712 327 3817 385 580

530 455 911 517 nominantur,
956 449 1216 507 Christus
1260 450 1583 521 appelletur.
1637 450 1942 523 Participes
1991 467 2124 508 vero

2227 467 2347 520 γειν
2370 467 2386 482 ⁸
2421 469 2442 503 ι
2472 451 2706 522 Μέτοχω
2733 450 2843 524 γὰρ
2864 452 3170 522 γεγόναμεν
3194 447 3435 521 Χριστοῦ
3462 466 3478 515 ;
3517 467 3537 501 ι
3576 449 3706 522 περὶ
3742 443 3817 504 ὧν

527 551 650 620 ejus
671 547 894 618 quinam
922 558 1110 615 quaeso
1143 544 1278 608 sint,
1301 543 1411 599 nisi
1437 544 1478 598 ii
1509 546 1601 615 qui
1633 544 1822 601 dicere
1842 551 2075 616 possunt
2101 562 2119 602 :

540 660 560 693 ι
598 638 904 708 Partieipes
920 637 1065 692 enim
1099 634 1229 690 facti
1250 651 1443 691 sumus
1469 634 1754 692 Christi’?
1781 656 1801 689 ι
1824 635 1901 691 De
1923 636 2123 707 quibus

529 733 737 789 dictum
772 736 857 786 est
891 746 904 781 :
947 748 966 780 ι
1014 726 1193 782 Nolite
1228 736 1453 799 tangere
1489 728 1731 784 christos
1757 743 1929 791 meos,
1969 734 2026 783 et
2065 728 2124 783 in

530 825 815 896 prophetis
865 822 1003 879 meis
1052 818 1223 877 nolite
1272 822 1651 894 malignari”.
1701 842 1721 875 ι
1768 822 1899 877 Item
1957 820 2124 893 igitur

532 930 659 971 cum
698 914 756 969 in
802 913 889 969 his
942 913 1103 983 plane
1137 911 1395 968 Christus
1422 912 1756 982 apparuerit,
1779 920 1834 967 et
1861 911 2120 974 dilectus,

534 1014 590 1063 et
621 1005 788 1071 Deus,
815 1013 872 1060 et
917 1021 1038 1069 rex,
1065 1010 1285 1074 tempus
1308 1003 1377 1058 de
1404 1003 1499 1058 illo
1525 1012 1587 1058 ut
1622 1017 1956 1073 quaeramus,
1983 1016 2123 1072 quo-

532 1098 719 1162 modo,
750 1096 845 1169 qui
864 1104 972 1151 tam
995 1095 1221 1167 grandis
1255 1094 1346 1158 sit,
1379 1094 1632 1151 inimicos
1652 1094 1853 1150 habere
1881 1094 2117 1159 dicatur,

533 1197 590 1245 et
616 1202 886 1261 quosnam
921 1187 1080 1250 istos,
1110 1194 1164 1242 et
1192 1190 1416 1256 pr0ptcr
1442 1199 1603 1255 quam
1640 1198 1886 1245 causam,
1925 1184 2122 1239 adver-

517 1263 632 1340 sus
663 1295 804 1353 quos
848 1293 980 1335 suas
1027 1278 1277 1349 sagittas,
1306 1291 1577 1349 suumque
1607 1278 1848 1349 gladium
1880 1279 2119 1343 exacuit,

534 1382 588 1431 ct
619 1388 729 1445 quo
759 1380 920 1444 pacto
963 1371 1131 1427 nullis
1172 1372 1342 1427 armis
1390 1371 1664 1426 instructa
1692 1372 1832 1437 acie,
1864 1372 1959 1428 sed
1995 1387 2123 1442 pro-

532 1476 657 1539 pter
688 1471 974 1520 verttatem
1006 1473 1059 1519 et
1102 1464 1578 1519 mansuetudinem
1609 1473 1665 1520 et
1708 1462 2005 1534 justitiam,
2038 1464 2118 1519 in-

534 1558 906 1617 numerabiles
935 1557 1040 1614 sibi
1073 1557 1178 1627 ipsi
1212 1558 1492 1629 subegerit
1522 1560 1777 1630 populos.
1814 1558 1917 1626 Qui
1950 1559 2125 1629 igitur

536 1653 654 1709 haec
700 1651 1018 1722 diligentius
1049 1651 1264 1722 quaerit,
1294 1652 1443 1707 hunc
1470 1658 1691 1722 oportet
1722 1667 1788 1706 ea
1821 1652 2125 1707 transferre

536 1745 606 1800 ad
635 1743 974 1799 Salvatorem
1000 1760 1065 1800 ac
1092 1744 1382 1800 Dominum
1411 1753 1662 1800 nostrum
1681 1742 1890 1806 Jesum,
1915 1745 2008 1815 qui
2033 1752 2117 1800 est

535 1834 793 1891 Christus
819 1832 936 1899 Dei,
966 1844 1020 1889 et
1054 1834 1123 1889 ad
1181 1848 1243 1888 ea
1292 1848 1577 1889 recurrere
1624 1849 1746 1905 qua:
1773 1834 1841 1889 de
1875 1834 2023 1890 illius
2054 1836 2121 1890 ad
2153 1818 2195 1872 Β

537 1926 790 1981 homines
845 1922 1079 1979 adventu
1126 1938 1156 1978 a
1188 1924 1350 1979 nobis
1379 1925 1622 1994 exposita
1657 1933 1786 1980 sunt
1817 1943 1834 1981 :
1871 1926 1962 1980 ubi
1994 1941 2120 1980 cum

538 2018 851 2075 hostilestet
878 2015 1056 2070 visum
1098 2025 1352 2071 nostrum
1383 2015 1701 2086 effugientes
1723 2016 2121 2089 ﬂagitiosorum

537 2123 604 2163 ac
635 2108 925 2162 noxiorum
961 2108 1268 2162 daemonum
1303 2122 1707 2178 pravorumque
1735 2119 1900 2180 atque
1940 2111 2120 2182 impu-

536 2215 725 2259 rorum
741 2199 1033 2271 spirituum
1063 2207 1364 2270 potestates
1379 2199 1511 2256 dare
1536 2208 1689 2271 terga
1713 2203 1976 2273 coegerit,
1997 2219 2125 2273 per-

537 2309 701 2366 quam
751 2291 1178 2348 innumerabiles
1219 2293 1327 2349 sibi
1359 2293 1465 2364 ipsi
1496 2309 1564 2349 ex
1597 2294 1854 2350 omnibus
1888 2296 2125 2350 nationi-

534 2386 639 2442 bus
662 2386 893 2457 populos
912 2385 1251 2456 comparavit
1304 2405 1320 2440 :
1368 2401 1532 2456 quem
1557 2387 1683 2442 inde
1712 2387 1879 2442 etiam
1929 2402 2121 2443 verum

536 2476 633 2533 Dei
665 2475 944 2532 Christum
982 2477 1260 2547 appellare
1289 2479 1603 2545 conveniat,
1641 2479 1843 2550 quippe
1872 2478 1966 2550 qui
2012 2496 2123 2534 non

537 2570 816 2625 communi
856 2569 1000 2632 oleo,
1046 2577 1107 2624 ut
1161 2570 1332 2640 prisci
1361 2577 1784 2634 consueverant,
1810 2571 1885 2627 sit
1926 2580 2124 2629 unctus

538 2660 739 2729 (neque
768 2659 936 2715 etiam
970 2661 1075 2716 tale
1112 2661 1410 2734 quidquam
1448 2662 1516 2718 de
1545 2662 1639 2717 illo
1669 2663 1948 2719 memoria:
1998 2680 2125 2733 pro-

536 2750 711 2805 ditum
760 2751 888 2824 est),
953 2753 1046 2808 sed
1093 2755 1461 2824 praestantiori
1525 2754 1763 2824 quodam
1831 2754 2125 2826 divinaque

536 2852 840 2914 mguento,
869 2860 934 2899 ex
961 2860 1071 2915 quo
1100 2846 1287 2915 utique
1311 2847 1475 2902 etiam
1518 2863 1616 2918 per
1645 2846 1865 2912 Isaiam,
1899 2848 1980 2904 sic
2007 2850 2120 2903 ait:

541 2953 562 2987 ι
597 2934 836 3007 Spiritus
883 2934 1101 2991 Domini
1150 2952 1316 3007 super
1358 2954 1467 3002 me,
1518 2948 1742 3010 propter
1775 2940 1923 3010 quod
1967 2941 2128 2995 unxit

535 3029 715 3083 me“.
751 3048 770 3079 ι
806 3027 1078 3093 Quocirca
1128 3027 1271 3083 inter
1326 3044 1520 3084 omnes
1568 3031 1952 3100 potissimum,
2002 3032 2126 3102 qui-

537 3136 754 3191 cunque
793 3135 1044 3215 -unq-uam
1089 3119 1233 3215 apud
1287 3119 1544 3177 Hebraeos
1596 3123 1938 3215 corporalius
1968 3123 2120 3177 uncti
2149 3158 2192 3215 c

539 3220 689 3274 sunt,
727 3209 879 3265 solus
912 3209 967 3262 in
1000 3215 1116 3263 toto
1152 3209 1284 3263 orbe
1328 3215 1603 3264 terrarum
1649 3208 1796 3279 apud
1831 3211 2122 3265 universos

537 3301 744 3358 Christi
794 3300 1017 3355 nomine
1063 3300 1396 3365 celebratur,
1446 3308 1503 3356 et
1551 3298 1997 3355 Christianorum
2053 3300 2125 3356 ab

538 3391 661 3462 ipso
706 3389 938 3446 deducta
989 3391 1374 3461 appellatione,
1406 3398 1577 3447 totam
1630 3407 1751 3462 quae
1804 3392 2125 3448 habitantur

537 3489 742 3535 terram
789 3480 1031 3551 implevit
1069 3499 1082 3535 :
1114 3480 1517 3550 quodammodo
1585 3491 1767 3539 autem
1823 3483 1977 3539 illum
2022 3500 2125 3539 nn-

538 3579 689 3628 ctum
718 3587 841 3628 esse
868 3572 1139 3635 dicamus,
1173 3581 1228 3627 et
1272 3573 1402 3642 quid
1438 3574 1543 3629 hoc
1573 3574 1648 3628 sit
1681 3584 2042 3646 unguentum,
2068 3585 2124 3632 et

537 3664 796 3737 quisnam
871 3664 1152 3718 unctionis
1208 3664 1427 3728 modus,
1492 3664 1710 3722 abunde
1787 3666 1922 3722 satis
1981 3668 2124 3721 libro

539 3760 722 3829 priore
775 3756 1152 3811 tractavimus.
1194 3756 1365 3811 Porro
1425 3757 1479 3813 in
1533 3757 1699 3827 hujus
1749 3758 1912 3814 labiis
1960 3767 2125 3829 atque

541 3851 792 3906 doctrina
822 3857 975 3903 tanta
1008 3847 1180 3903 ellusa
1210 3859 1297 3903 est
1326 3848 1527 3918 gratia,
1564 3857 1624 3903 ut
1666 3850 1818 3904 brevi
1855 3858 2119 3920 tempore,

540 3956 605 3997 ea
637 3957 759 4012 quae
792 3942 861 3996 ab
893 3940 1014 4011 ipso
1038 3939 1365 3996 denuntiata
1389 3948 1495 4007 est,
1529 3942 1893 3998 sanctimonia
1922 3951 1977 4000 et
2008 3944 2123 4014 pie—

540 4041 672 4097 tate,
697 4048 914 4088 omnem
940 4033 1119 4087 locum
1149 4033 1479 4104 impleverit.
1512 4033 1701 4105 Itaque
1730 4035 1843 4104 jam
1876 4051 2024 4089 nunc
2068 4036 2124 4090 in

541 4126 797 4180 omnibus
846 4125 1096 4197 gentibus
1132 4124 1277 4195 apud
1322 4141 1419 4182 eos
1464 4127 1559 4196 qui
1601 4127 1906 4182 doctrinam
1948 4128 2122 4197 ipsius

542 4214 842 4285 accipiunt,
874 4215 1226 4285 comprobata
1278 4216 1401 4285 ejus
1454 4218 1771 4289 prophetiae,
1811 4233 1931 4288 quae
1978 4235 2123 4274 nunc

542 4309 600 4362 in
665 4308 919 4363 manibus
988 4315 1108 4371 est,
1198 4308 1427 4364 veritate
1463 4350 1479 4374 ,
1559 4318 1615 4365 et
1690 4310 1837 4381 regis
1903 4317 1957 4365 et
2026 4308 2121 4365 Dei

543 4396 771 4467 gloriam
840 4394 1069 4464 adeptus
1113 4404 1219 4462 est,
1275 4404 1330 4452 et
1402 4398 1546 4469 apud
1615 4414 1776 4454 omne
1841 4398 2122 4454 hominum

2223 540 2477 613 εἴρηται·
2506 559 2526 591 ι
2563 542 2655 612 Μὴ
2690 541 2926 595 ἅπτεσθε
2949 540 3057 595 τῶν
3082 540 3319 613 χριστῶν
3345 556 3445 611 μου
3465 576 3481 603 ,
3506 538 3602 592 καὶ
3630 541 3689 593 ὲν
3707 542 3817 605 τοῖς

2223 631 2532 704 προφήταις
2562 624 2671 702 μου
2702 631 2778 703 μὴ
2802 631 3195 703 πονηρεύεσθε.
3227 650 3246 683 ι
3276 631 3388 685 Καὶ
3417 630 3482 699 δὴ
3510 628 3816 701 πεφηνότος

2221 722 2311 777 διά
2329 722 2533 777 τούτων
2558 723 2745 794 σαφῶς
2771 722 2864 777 τοῦ
2890 722 3127 795 Χριστοῦ
3162 721 3449 794 ἀγαπητοῦ
3469 762 3483 785 ,
3521 722 3615 775 καὶ
3645 720 3782 775 Θεοῦ
3799 760 3815 783 .

2222 816 2316 870 καὶ
2345 814 2610 886 βασιλέως
2635 854 2649 878 ,
2679 813 2798 886 ὥρα
2839 830 2901 867 σε
2938 815 3143 886 ζητεῖν,
3178 816 3208 868 ὁ
3238 812 3557 885 τηλικοῦτος
3581 812 3701 877 πῶς
3730 815 3820 885 εχ·
3904 870 3914 881 ,

2223 910 2386 981 θροῦς
2415 908 2560 980 ἔχειν
2588 908 2835 979 λέγεται,
2867 909 2963 961 καὶ
2988 907 3162 973 τίνας,
3184 909 3280 963 καὶ
3296 908 3364 962 δι’
3380 908 3448 979 ἢν
3468 908 3669 970 αἰτίαν,
3694 906 3820 961 καθ’

2220 997 2297 1057 ὧν
2328 1001 2398 1056 τὰ
2430 1001 2623 1056 ἑαυτοῦ
2653 1002 2809 1074 βέλη,
2835 999 2930 1056 καί
2962 1003 3062 1073 τὴν
3092 1001 3286 1056 ἑαυτοῦ
3315 1001 3589 1074 ῥομφαίαν
3615 1001 3817 1073 ἠκονή-

2221 1112 2387 1162 σατο,
2434 1096 2584 1159 ὅπως
2614 1112 2676 1148 τε
2721 1096 2782 1149 οὐ
2834 1094 2901 1148 δι’
2937 1094 3224 1167 ὁπλιτικῆς
3267 1093 3657 1166 παρατάξεως,
3698 1091 3816 1146 ἀλλ’

2219 1186 2403 1241 ἕνεκεν
2441 1185 2699 1257 ἀληθείας
2723 1186 2819 1240 καὶ
2850 1186 3157 1257 πραότητος
3201 1184 3296 1237 καὶ
3330 1181 3680 1254 δικαιοσύνης
3723 1199 3820 1253 μυ-

2223 1279 2373 1353 ρίους
2392 1279 2706 1351 ὑπηγάγετο
2720 1278 2899 1350 ἐαυτῷ
2913 1278 3095 1344 λαούς.
3119 1276 3421 1341 Ζητοῦντας
3443 1276 3552 1350 γὰρ
3575 1272 3821 1349 ἀκριϐῶς

2220 1372 2396 1427 ταῦτα
2415 1412 2431 1437 ,
2459 1373 2639 1436 καλῶς
2672 1371 2737 1426 ἂν
2767 1372 2882 1443 ἔχοι
2914 1372 3240 1443 μεταφέρειν
3271 1370 3410 1424 αύτά
3447 1370 3541 1423 ἐπὶ
3574 1368 3666 1423 τὸν
3703 1370 3822 1422 Σω-

2222 1465 2363 1538 τῆρα
2383 1466 2483 1519 καὶ
2504 1464 2707 1536 Κύριον
2736 1466 2769 1537 η
2779 1463 2895 1535 μῶν
2919 1462 3126 1536 Ἰησοῦν
3152 1463 3246 1516 τὸν
3274 1461 3508 1534 Χριστὸν
3539 1460 3633 1515 τοῦ
3658 1460 3820 1524 Θεοῦ,

2223 1556 2589 1628 ἀνατρέχοντα
2611 1555 2706 1610 ἐπὶ
2732 1556 2801 1609 τὰ
2828 1554 3078 1620 διεξωδευ
3085 1555 3222 1627 μένα
3255 1555 3383 1627 περὶ
3399 1554 3500 1626 τῆς
3519 1556 3598 1618 εἰς
3619 1551 3825 1626 ἀνθρώ-

2226 1665 2361 1713 πους
2385 1647 2551 1704 αὐτοῦ
2574 1648 2832 1721 παρόδου,
2858 1648 2981 1703 καθ’
3007 1650 3074 1721 ἣν
3095 1648 3195 1712 τὰς
3217 1647 3419 1720 ἐχθρὰς
3440 1646 3536 1702 καὶ
3554 1648 3827 1721 ἀοράτους

2228 1741 2485 1813 δυνάμεις
2527 1741 2635 1794 τῶν
2681 1740 2972 1813 μοχθηρῶν
3003 1745 3098 1797 καὶ
3138 1739 3484 1811 λυμαντικῶν
3526 1739 3820 1810 δαιμόιων,

2223 1834 2331 1888 τῶν
2362 1851 2422 1887 τε
2460 1831 2713 1905 πονηρῶν
2751 1834 2845 1888 καὶ
2873 1831 3201 1903 ἀκαθάρτων
3235 1831 3566 1902 πνευμάτων
3595 1847 3791 1903 τροπω
3812 1859 3824 1871 -

2224 1926 2490 1996 σάμενος,
2537 1924 2764 1996 μυρίους
2804 1925 2965 1987 ὅσους
3017 1920 3201 1993 ἑαυτῷ
3244 1921 3407 1986 λαοὺς
3457 1919 3519 1985 ἐξ
3563 1921 3825 1975 ἁπάντων

2221 2018 2328 2073 τῶν
2353 2019 2523 2072 ἐθνῶν
2557 2019 2923 2090 συνεστήσατο
2939 2034 2953 2047 ·
2981 2016 3040 2070 ὃν
3064 2017 3157 2070 καὶ
3187 2015 3421 2089 Χριστὸν
3445 2014 3625 2087 ἀληθῆ
3648 2031 3826 2086 προσ-

2223 2111 2345 2182 ήκοι
2377 2110 2442 2165 ἂν
2473 2109 2568 2164 τοῦ
2595 2109 2730 2163 Θεοῦ
2757 2109 3008 2164 ὲνθεῦθεν
3030 2107 3404 2181 ἀναγορεύειν,
3427 2108 3489 2160 οὐ
3522 2107 3688 2177 κοινῷ
3715 2106 3824 2177 μὲν

2222 2202 2387 2273 ἐλαίῳ
2414 2201 2523 2257 τῶν
2551 2202 2722 2257 πάλαι
2774 2200 3022 2273 συνήθως
3045 2201 3336 2273 χρισθέντα
3380 2200 3397 2272 (
3412 2199 3535 2253 οὔτε
3562 2195 3655 2253 οῦν
3683 2200 3828 2252 ἱστο-

2227 2293 2398 2366 ρείταί
2434 2311 2487 2347 τι
2537 2296 2668 2367 περὶ
2707 2295 2872 2348 αὐτοῦ
2911 2294 3194 2365 τοιοῦτον),
3224 2292 3494 2366 κρείττονι
3525 2292 3583 2346 δὲ
3607 2292 3705 2346 καὶ
3734 2293 3827 2345 ὲν-

2225 2387 2334 2457 θέῳ
2388 2386 2675 2459 χρίσματι,
2711 2388 2841 2459 παρ’
2890 2386 2920 2441 ὃ
2978 2387 3043 2458 δὴ
3090 2386 3183 2442 καὶ
3229 2386 3316 2441 διὰ
3366 2385 3589 2439 Ἡσαΐου
3644 2383 3821 2456 φησί·

2230 2496 2249 2529 ι
2291 2478 2517 2549 Πνεῦμα
2547 2478 2755 2549 Κυρίου
2782 2478 2868 2533 ἐπ’
2915 2479 3015 2549 ἐμὲ
3043 2518 3057 2541 ,
3090 2473 3151 2532 οῦ
3194 2479 3404 2532 εἵνεκεν
3442 2475 3624 2549 ἔχρισεζ
3659 2492 3752 2546 με.
3798 2492 3819 2525 ι

2227 2570 2389 2624 Ὅθεν
2406 2572 2500 2626 καὶ
2525 2571 2725 2643 μᾶλλον
2751 2570 3007 2626 ἁπάντων
3026 2571 3133 2626 τῶν
3150 2570 3374 2624 πώποτε
3392 2570 3519 2641 παρ’
3544 2567 3829 2639 Ἑϐραίοις

2227 2660 2682 2735 σωματικώτερον
2708 2661 3046 2734 χρισθέντων
3078 2663 3237 2734 μόνος
3267 2662 3369 2715 ἀνά
3407 2663 3585 2715 πᾶσαν
3615 2659 3717 2729 τὴν
3752 2661 3829 2712 ob

2226 2757 2503 2829 κουμὲνην
2529 2755 2767 2828 Χριστὸς
2794 2755 2945 2827 παρὰ
2971 2758 3084 2819 τοῖς
3123 2755 3256 2808 πᾶσι
3289 2753 3564 2825 βεὸόηται,
3593 2751 3689 2805 καὶ
3717 2749 3829 2822 τῆς

2224 2848 2285 2913 εξ
2330 2848 2494 2903 αὐτοῦ
2539 2848 2881 2920 Χριστιανῶν
2936 2846 3311 2920 προσηγορίας
3366 2844 3465 2915 τὴν
3518 2842 3827 2914 σύμπασαν

2225 2939 2461 3012 ἔπλησεν
2475 2940 2822 3011 οἰκουμένην.
2843 2940 3031 3002 Ὅπως
3047 2937 3102 2990 δέ
3120 2954 3299 3009 φαμεν
3327 2937 3485 2991 αὑτὸν
3506 2934 3827 3006 κεκρίσθαι,

2225 3034 2321 3088 καὶ
2345 3033 2397 3087 τί
2419 3030 2482 3086 τδ
2501 3032 2733 3104 χρίσμα,
2771 3032 2864 3085 καὶ
2887 3030 2972 3094 τίς
3003 3032 3032 3083 ὁ
3064 3031 3163 3101 τῆς
3193 3029 3423 3101 χρίσεως
3453 3028 3680 3100 τρόπος,
3715 3028 3826 3082 αύ-

2225 3125 2444 3195 τάρκως
2470 3125 2528 3177 ὲν
2550 3121 2629 3193 τῷ
2659 3122 2764 3195 πρὸ
2787 3120 2977 3175 τούτου
3008 3121 3402 3193 συγγράμματι
3433 3118 3827 3190 διειλήφαμεν.

2224 3212 2426 3268 Τούτου
2470 3214 2529 3268 δὲ
2562 3216 2619 3269 ὲν
2656 3216 2768 3278 τοῖς
2807 3212 3013 3285 χείλεσι
3046 3212 3139 3265 καὶ
3183 3212 3240 3265 ὲν
3278 3213 3343 3282 τῇ
3381 3208 3702 3280 διδασκαλίᾳ
3738 3226 3830 3262 τοο

2227 3304 2400 3377 σαύτη
2424 3303 2699 3377 κατεχύθη
2728 3304 2888 3377 χάρις
2905 3344 2920 3368 ,
2957 3304 3033 3366 ὡς
3058 3304 3115 3355 ὲν
3147 3302 3311 3372 ὀλίγῳ
3336 3302 3513 3356 πάντα
3536 3302 3699 3354 τόπον
3728 3302 3830 3372 ὲμο

2224 3397 2425 3470 πλῆσαι
2469 3398 2568 3469 τῆς
2611 3396 2748 3468 πρὸς
2793 3395 2958 3450 αὐτοῦ
3006 3393 3468 3465 καταγγελθείσης
3503 3391 3825 3458 εὐσεϐείας·

2223 3488 2362 3543 ὥστε
2380 3489 2480 3560 ἤδη
2502 3490 2559 3542 ὲν
2582 3489 2747 3541 πᾶσιν
2772 3486 2971 3547 ἔθνεσι,
3001 3485 3154 3556 παρὰ
3180 3487 3291 3546 τοῖς
3335 3483 3434 3553 τὴν
3465 3480 3830 3535 διδασκαλίαν

2223 3582 2388 3638 αὐτοῦ
2434 3580 2743 3653 μετιοῦσιν,
2772 3577 3083 3641 ἀκολούθως
3116 3579 3182 3648 τῇ
3218 3574 3357 3646 μετά
3378 3577 3565 3645 χεῖρας
3598 3590 3830 3645 προφη-

2222 3675 2361 3747 τείᾳ,
2389 3674 2484 3728 καὶ
2507 3672 2769 3744 βασιλέως
2785 3671 2881 3726 καὶ
2898 3668 3034 3723 Θεοῦ
3050 3668 3208 3736 δόξαν
3235 3665 3656 3740 περιϐεϐλῆσθαι
3678 3706 3694 3729 ,
3723 3667 3831 3721 καὶ

2225 3765 2375 3839 παρὰ
2388 3767 2551 3820 πᾶσιν
2566 3763 2872 3835 ἀνθρώποις
2886 3762 2927 3816 X
2938 3761 3117 3832 ριστὸν
3137 3756 3581 3831 ἀναγορεύεσθαι.
3599 3758 3829 3829 Πρόδη-

2223 3859 2303 3911 λοι
2328 3857 2387 3911 δὲ
2412 3859 2504 3911 καὶ
2525 3858 2576 3909 oi
2597 3854 2803 3927 ἐχθροὶ,
2821 3856 2883 3908 οὐ
2917 3854 3076 3925 μόνον
3091 3853 3141 3905 οί
3160 3853 3285 3923 πρὶν
3310 3851 3593 3920 γεγονότες
3617 3849 3828 3917 αὐτοῦ,

2223 3951 2358 4005 ἀλλὰ
2393 3952 2488 4005 καὶ
2524 3951 2574 4003 οί
2614 3950 2705 4004 ἀεὶ
2742 3945 3250 4020 προσπολεμοῦντες
3294 3942 3459 3997 αὑτοῦ
3509 3942 3587 4013 τῷ
3628 3941 3825 4014 λόγῳ,

2223 4043 2333 4097 εἴτε
2367 4045 2424 4097 εν
2459 4040 2790 4113 ἀνθρώποις,
2828 4040 2937 4093 εἴτε
2969 4038 3063 4092 καὶ
3105 4038 3163 4090 ὲν
3195 4034 3447 4107 ἀοράτοις
3492 4032 3830 4104 δυνάμεσιν,

2222 4135 2315 4200 οὓς
2339 4134 2555 4208 ἀοράτῳ
2587 4133 2679 4187 καὶ
2709 4131 2966 4204 λεληθυίᾳ
2996 4128 3225 4201 δυνάμει
3254 4127 3486 4183 πάντοτε
3520 4125 3828 4197 καθαιρῶν

2223 4228 2285 4293 ἐξ
2308 4228 2561 4283 ἁπάντων
2585 4225 2693 4279 τῶν
2717 4224 2889 4278 ἐθνῶν
2929 4223 3216 4286 παντοίους
3259 4216 3436 4289 ἐαυτῷ
3480 4218 3645 4280 λαοὺς
3672 4218 3830 4271 ὐπο-

2222 4319 2459 4390 χειρίους
2514 4317 2829 4387 πεποίηται.
2890 4313 2974 4367 Τὰ
3026 4313 3082 4367 δὲ
3145 4312 3271 4383 ἑξῆς
3321 4312 3378 4365 ἐν
3432 4308 3512 4382 τῷ
3564 4308 3826 4380 ψαλμῷ,

2230 4431 2248 4463 ι
2284 4410 2525 4483 Σμύρνα,
2555 4408 2652 4463 καὶ
2675 4406 2900 4478 στακτὴ,
2935 4406 3029 4460 καὶ
3056 4404 3257 4459 κασσία
3282 4403 3390 4457 ἀπὸ
3421 4402 3529 4457 τῶν
3572 4402 3827 4474 ἱματίων

545 4503 718 4559 genus
751 4486 1004 4543 Christus
1032 4489 1356 4559 appellatur.
1387 4487 1527 4544 Sunt
1548 4496 1726 4544 autem
1750 4490 1871 4560 ejus
1905 4507 2123 4561 quoque

2226 4520 2341 4565 σου,
2384 4522 2402 4555 ι
2436 4502 2506 4556 τά
2549 4518 2606 4555 τε
2649 4500 2743 4554 επὶ
2782 4499 3013 4562 τούτοις,
3042 4497 3121 4562 ὡς
3151 4497 3281 4571 περὶ
3315 4494 3581 4567 βασιλίδος
3608 4493 3826 4566 δηλού-

544 4581 755 4635 inimici
808 4579 1102 4647 manifesti,
1147 4595 1257 4636 non
1283 4582 1444 4637 modo
1470 4583 1565 4652 qui
1598 4582 1752 4651 prius
1771 4584 2119 4647 exstiterant,

545 4673 644 4728 sed
693 4674 856 4728 etiam
896 4673 989 4742 qui
1049 4687 1265 4743 semper
1313 4674 1487 4743 ipsius
1538 4676 1705 4730 verbo
1740 4674 2122 4740 adversantur,

543 4764 712 4835 219
746 4765 862 4820 sive
898 4766 975 4819 illi
1015 4768 1072 4821 in
1104 4767 1456 4835 hominibus,
1492 4766 1608 4821 sive
1638 4766 1694 4821 in
1723 4766 2115 4837 eil‘ugientibus

543 4860 723 4915 visum
764 4869 1013 4916 nostrum
1052 4860 1417 4931 potestatibus
1456 4860 1604 4923 sint,
1639 4874 1779 4930 quos
1809 4861 1898 4916 ille
1928 4861 2121 4917 invisi-

546 4952 644 5007 bili
674 4955 998 5024 occultaquc
1033 4954 1236 5011 virtute
1265 4970 1334 5010 ex
1366 4955 1624 5010 omnibus
1663 4956 1920 5025 gentibus
1963 4956 2113 5010 aufe-

548 5056 677 5097 rens
714 5052 768 5097 et
805 5045 1166 5109 subvertens,
1206 5045 1386 5101 omnis
1454 5047 1672 5116 generis
1698 5047 1971 5117 "populos
2009 5047 2117 5103 sibi

549 5132 653 5202 ipsi
683 5136 1059 5192 auscultantes
1087 5135 1289 5192 effecit.
1324 5136 1459 5204 Quae
1487 5153 1616 5193 vero
1657 5138 1715 5192 in
1743 5139 1936 5193 eodem
1967 5139 2115 5210 psal-

548 5239 641 5280 mo
679 5237 1028 5296 sequuntur:
1059 5246 1079 5281 ι
1107 5227 1362 5301 Myrrha,
1415 5238 1472 5286 et
1523 5238 1712 5302 gutta,
1761 5240 1816 5287 et
1860 5231 2039 5288 cassia
2087 5247 2121 5287 a

2227 4612 2365 4666 μενα
2391 4597 2485 4647 καὶ
2513 4592 2782 4665 θυγατρὸς
2812 4592 2903 4647 τὸν
2933 4590 3185 4663 πατρῷον
3222 4586 3369 4644 οἷκον
3404 4587 3824 4661 ἀπολιπούσης,

2225 4689 2317 4741 καὶ
2348 4685 2426 4758 τῷ
2453 4684 2853 4757 προδηλωθέντι
2884 4682 3125 4755 Χριστῷ,
3159 4683 3253 4735 καὶ
3289 4679 3516 4753 βασιλεῖ,
3551 4682 3648 4733 καὶ
3682 4679 3825 4751 Θεῷ

2221 4777 2644 4849 νυμφευθείσης,
2678 4776 2881 4848 Κύριὸν
2908 4792 2969 4829 τε
3011 4774 3172 4828 αὐτὸν
3217 4771 3677 4844 ἀναγορευούσης,
3709 4771 3828 4825 ἐπὶ

2219 4872 2317 4942 τὴν
2348 4869 2408 4935 ἐξ
2432 4870 2600 4924 ἐθνῶν
2639 4868 2986 4942 Ἐκκλησίαν,
3015 4867 3112 4940 τὴν
3144 4864 3402 4939 πατρῴαν
3430 4865 3525 4919 καὶ
3556 4863 3792 4934 δαιμονι.
3814 4896 3827 4905 -

2223 4964 2324 5034 κὴν
2349 4965 2787 5034 ἀποστραφεῖσαν
2814 4962 3040 5032 πλάνην,
3069 4959 3456 5032 καθηραμένην
3493 4974 3575 5019 τε,
3604 4956 3702 5010 καὶ
3732 4958 3821 5029 τῇ

2223 5053 2316 5106 τοῦ
2366 5053 2511 5106 θείου
2550 5053 2706 5122 λόγου
2754 5051 3005 5123 κοινωνίᾳ
3040 5048 3555 5122 καθαρμοσαμένην,
3588 5046 3783 5115 ἀναφέ

2227 5148 2358 5218 ροιτ’
2403 5146 2468 5201 ἂν
2493 5146 2593 5218 τῆς
2632 5144 3015 5217 προσηκούσης
3045 5144 3379 5215 τυγχάνοντα
3413 5141 3552 5196 κατά
3599 5139 3821 5213 σχολὴν

2226 5240 2539 5313 ἑρμηνείας.

548 5366 892 5425 vestimentis
957 5371 1068 5426 tuis
1099 5371 1165 5438 ⁸³,
1196 5390 1215 5424 ι
1241 5380 1295 5428 et
1347 5379 1545 5428 caetera
1582 5371 1875 5441 deinceps,
1918 5387 2040 5443 quae
2078 5372 2338 5428 dicuntur
2393 5370 2551 5442 quasi
2583 5370 2650 5426 de
2706 5371 2891 5441 regina
2924 5380 2977 5426 et
3011 5369 3152 5435 lilia,
3205 5386 3327 5442 quae
3365 5377 3648 5440 paternam
3694 5368 3823 5428 do.

548 5472 697 5512 mum
730 5454 1028 5525 reliquerit,
1057 5468 1285 5524 quaeque
1309 5464 1363 5507 et
1391 5452 1628 5517 Christo,
1663 5460 1716 5505 et
1742 5451 1875 5521 regi,
1901 5459 1955 5505 et
1982 5450 2091 5506 Deo
2121 5450 2187 5505 de
2215 5465 2326 5521 quo
2352 5452 2558 5507 dictum
2593 5461 2696 5517 est,
2729 5452 3052 5523 desponsata
3093 5455 3182 5521 sit,
3219 5455 3619 5527 Dominamque
3644 5458 3829 5518 illum

550 5553 781 5623 appellet
812 5570 826 5605 :
862 5550 929 5606 ad
960 5565 1081 5606 eam
1118 5566 1238 5621 qua:
1265 5549 1331 5605 de
1369 5550 1616 5621 gentibus
1638 5549 1862 5604 collecta
1899 5557 1983 5603 est
2019 5545 2338 5609 Ecclesiam,
2379 5564 2408 5603 a
2440 5548 2617 5619 patrio
2649 5550 3060 5623 daemonicoque
3106 5558 3292 5606 errare
3316 5567 3564 5607 aversam
3595 5568 3837 5624 expur-

553 5660 860 5721 gatamque,
910 5663 974 5703 ac
1011 5646 1179 5704 divini
1214 5647 1362 5701 verbi
1408 5643 1899 5701 communicatione
1949 5657 2248 5698 connexam
2293 5634 2351 5698 ‘et
2379 5646 2733 5714 compositam
2780 5647 2969 5704 referri
3010 5655 3288 5717 poterunt,
3338 5648 3432 5704 ubi
3475 5662 3574 5721 per
3628 5649 3839 5711 otium

556 5745 1020 5802 accommodatam
1056 5742 1159 5800 sibi
1194 5742 1688 5812 interpretationem
1717 5750 1874 5795 nacta
1906 5737 2126 5795 fuerint.
3589 5732 3593 5737 ’

626 5841 650 5879 ⁹
682 5840 842 5899 Hebr.
876 5858 960 5909 ιιι,
992 5843 1078 5899 14.
1157 5842 1201 5873 ⁸ο
1229 5838 1371 5897 Psal.
1405 5855 1515 5913 etv,
1546 5840 1635 5898 15.
1712 5840 1753 5873 ¹¹
1782 5837 1887 5897 Isa.
1913 5855 2025 5904 ut,
2063 5839 2114 5896 l.

2223 5841 2235 5871 ι
2268 5836 2410 5895 Psal.
2439 5853 2585 5903 χιιι,
2619 5838 2670 5895 9.
