4100 6430
296 366 391 429 ωε

819 495 1219 550 ΚΕΦΑΛᾹῙΟΝ
1257 497 1334 552 Ῑ”.

303 577 464 668 Ὠς-ὀ
496 584 679 668 αυτὸς
710 584 1029 668 προφήτης
1045 586 1159 668 καὶ,
1170 586 1349 668 ἐνηρθ¹
1370 587 1728 668 ψαλμῷηδύο
1756 592 1870 668 Κυτ

350 651 840 725 μους-ἐμφανῶςῖ
882 651 1197 725 ὁμολογεῖ·
1231 651 1341 710 ἕνα
1377 651 1741 724 ἱύνᾶτρῶτον
1767 660 1867 713 καὶ

357 721 647 794 (grandior
695 725 878 788 Θεὸν,
927 721 1235 794 δεύτερον,
1286 727 1360 780 δν
1409 721 1592 793 ainde
1646 728 1865 783 ἑαυτοῦ

355 790 707 875 ἐναγορειξει
735 796 982 875 μύρον.
1014 790 1133 875 {Kal
1170 790 1250 863 dic
1289 790 1716 875 γενέσθαῐῠπρ
1756 797 1864 875 τοῦ

358 862 508 935 Θεοῦ
539 863 664 935 πρὸ,
690 864 799 932 τῆς
827 864 935 918 τοῦ
968 868 1198 935 κόσμου
1225 862 1589 935 συστάσεως
1624 868 1723 922 καὶ
1756 871 1864 922 αὺ-

360 930 466 1003 τύς
502 932 611 986 τὸν
638 930 921 1002 δεύτερον
959 930 1179 1002 Κύρὶον
1206 933 1349 1001 οἵδε,
1385 939 1485 990 καὶ
1512 930 1593 1003 die
1620 937 1861 991 αἰώνιον

353 1001 462 1054 τοῦ
480 1004 712 1071 Πατρός
729 1001 904 1072 ιερέα,
920 1007 1015 1058 καὶ
1032 1001 1113 1071 ὡς
1133 1001 1585 1073 σύνθρονοντοῦ
1603 1008 1698 1060 ἐπὶ
1722 1008 1864 1060 πάν-

352 1086 474 1123 των
495 1074 664 1137 Θεοῦ,
683 1074 852 1142 ὅμοια
873 1074 1017 1143 ἡμῖν
1029 1076 1161 1143 περὶ
1180 1075 1286 1129 τοῦ
1306 1075 1563 1144 Χριστοῦ
1577 1077 1859 1142 δοξάζων.

356 1197 379 1233 t
412 1177 584 1236 Εἶπεν
608 1185 637 1236 ὁ
666 1184 868 1256 Κύριος
897 1184 975 1256 τῷ
1002 1186 1189 1257 Κυρίῳ
1223 1204 1325 1258 μου
1346 1204 1359 1218 ο
1385 1188 1567 1242 Κάθου
1583 1191 1647 1243 ὲκ
1673 1183 1861 1255 δεξιῶν

284 1288 409 1342 μου,
443 1272 551 1337 ἕως
587 1274 653 1328 ἂν
680 1274 757 1327 θῶ
779 1277 904 1340 τοὺς
926 1275 1149 1349 ἐχθρούς
1187 1295 1282 1331 σου
1316 1279 1599 1334 ὑποπόδιον
1621 1280 1728 1336 τῶν
1758 1298 1858 1335 πο-

281 1363 386 1417 δῶν
419 1381 538 1418 σου.
577 1366 796 1421 Ῥάὸδον
837 1368 1118 1439 δυνάμεως
1146 1368 1498 1434 ἐξαποστελεί
1529 1388 1613 1424 σοι
1652 1372 1860 1443 Κύριος

276 1454 342 1509 ἑκ
381 1455 549 1520 Σιὼν,
587 1459 681 1511 καὶ
726 1459 1174 1530 κατακυριεύσεις
1218 1463 1276 1515 ὲν
1325 1461 1475 1533 μέσῳ
1511 1462 1619 1516 τῶν
1647 1462 1857 1534 ἐχθρῶν

276 1560 393 1599 σου.
426 1546 585 1600 Μετά
626 1547 718 1602 σοῦ
750 1550 782 1620 ἡ
809 1550 949 1623 ἀρχὴ
985 1551 1042 1603 ὲν
1072 1551 1257 1623 ἡμέρᾳ
1295 1553 1399 1624 τῆς
1431 1553 1712 1624 δυνάμεως
1738 1572 1852 1620 σου,

274 1638 333 1692 ἑν
357 1641 483 1701 ταῖς
507 1638 855 1713 λαμπρότησι
880 1642 988 1694 τῶν
1010 1643 1179 1711 ἁγίων
1209 1660 1323 1697 σου.
1367 1644 1462 1698 Ἐκ
1484 1646 1718 1717 γαστρὸς
1748 1646 1855 1718 πρὸ

1199 377 1850 438 DEMONSTRATIONIS
1879 380 2339 466 EVANGELICJE
2375 383 2504 439 LIB.
2545 384 2611 441 V.

1895 510 1944 564 A

3435 397 3539 453 56?

2572 502 2804 560 CAPUT
2855 505 2946 562 lll.

1975 593 2131 661 Quod
2171 595 2323 671 idem
2340 596 2606 666 Propheta
2629 599 2868 671 etiamin
2888 617 2977 657 εει
3000 604 3206 671 psalmo
3245 606 3322 661 bis
3360 607 3543 666 Domi-

2043 681 2170 717 num
2208 666 2473 721 evidenter
2510 668 2794 736 conﬁtetur
2821 685 2840 724 :
2878 666 3037 726 semel
3060 714 3075 735 ,
3117 690 3234 729 cum
3259 679 3322 731 de
3358 695 3419 735 eo
3458 684 3540 736 to-

2039 736 2222 805 quitur
2238 738 2328 807 qui
2355 748 2406 790 et
2429 737 2570 792 Deus
2599 748 2648 792 et
2684 738 2845 794 Pater
2892 751 3003 806 est;
3034 744 3226 799 iterum
3257 763 3375 802 cum
3396 751 3461 805 de
3480 769 3541 808 eo

2037 821 2192 926 ῗιεηι
2222 809 2330 875 ipse
2349 824 2505 861 suum
2532 819 2796 877 nuncupat
2816 810 3119 869 Dominum.
3151 815 3221 869 Et
3246 820 3382 887 quod
3403 822 3541 877 hunc

2093 877 2327 926 ominum
2356 878 2676 926 ἱυδεσυοίηιε
2697 882 3074 926 nonitnem'mm
3099 898 3342 926 ρςςρηηιο
3357 894 3541 926 morm"

2093 877 2327 951 ominum
2356 878 2676 948 ipsequoque
2697 882 2838 951 novit
2849 883 3074 951 genitum
3099 901 3210 940 esse
3222 877 3342 942 ante
3357 894 3543 948 mundi

2039 948 2488 1010 constitutionem,
2511 958 2563 1002 et
2591 948 2730 1016 quod
2766 948 3022 1006 ostentum
3066 953 3247 1010 Patris
3294 964 3540 1016 sacerdo-

2042 1020 2520 1103 tem,'et‘su_pr.emi
2572 1020 2670 1072 Dei
2707 1036 3083 1103 consessorem,
3118 1028 3343 1083 similem
3358 1033 3541 1103 utique

2038 1087 2329 1153 opinionem
2342 1089 2393 1141 in
2406 1089 2502 1142 hoc
2516 1098 2711 1144 nostra
2722 1092 2847 1158 ﬁdei
2856 1092 2919 1148 de
2930 1090 3140 1150 Christo
3154 1113 3264 1167 pro:
3276 1117 3330 1153 se
3341 1087 3536 1170 ferens.

2047 1215 2067 1248 α
2094 1196 2240 1253 Dixit
2276 1198 2539 1257 Dominus
2578 1199 2810 1259 Domino
2843 1221 2999 1272 meo,
3059 1208 3200 1266 Sede
3243 1227 3275 1266 a
3326 1214 3536 1274 dextris

1966 1288 2108 1346 meis
2133 1329 2148 1354 ,
2192 1290 2368 1347 donec
2406 1308 2604 1363 ponam
2643 1296 2898 1353 inimicos
2935 1306 3058 1355 tuos
3097 1303 3396 1359 scabellum
3437 1322 3536 1378 pe-

1964 1375 2094 1432 dum
2136 1387 2381 1437 tuorum.
2435 1380 2661 1453 Virgam
2700 1384 2921 1443 virtutis
2954 1390 3164 1447 emittet
3198 1393 3299 1449 tibi
3348 1375 3536 1453 Domi-

1962 1484 2069 1524 nus
2096 1485 2165 1525 ex
2197 1470 2330 1526 Sion
2357 1512 2373 1537 ,
2401 1479 2456 1528 et
2483 1473 2856 1532 dominaberis
2882 1478 2937 1533 in
2967 1481 3153 1536 medio
3182 1483 3534 1546 inimicorum

1962 1569 2202 1615 tuorum.
2241 1562 2447 1619 Tecum
2480 1565 2807 1636 principium
2841 1569 2897 1623 in
2928 1569 3019 1626 die
3046 1574 3267 1632 virtutis
3300 1586 3437 1648 tum,
3474 1581 3533 1637 in

1966 1654 2349 1724 splendoribus
2398 1660 2719 1716 sanctorum
2782 1671 3022 1722 tuorum.
3068 1666 3146 1724 Ex
3197 1679 3354 1728 utero
3404 1688 3530 1731 ante

282 1727 600 1802 Ἑωσφόρου
629 1732 932 1803 γεγέννηκά
952 1749 1032 1788 σε.
1067 1735 1270 1805 Ὤμοσε
1294 1735 1517 1807 Κύριος,
1549 1738 1642 1790 καὶ
1663 1739 1722 1791 οὐ
1754 1756 1843 1809 με-

1958 1744 2271 1803 Luciferum
2310 1754 2473 1821 genui
2512 1760 2587 1810 te.
2645 1754 2858 1810 Juravit
2893 1755 3155 1817 Dominus
3180 1770 3233 1817 et
3268 1780 3378 1820 non
3412 1782 3532 1838 pa:-

271 1818 716 1892 ςαμεληθήσεται
738 1838 752 1852 ⁸
804 1823 875 1876 Σὺ
920 1824 1099 1895 ἱερεὺς
1129 1826 1210 1887 εἰς
1254 1823 1348 1878 τὸν
1392 1825 1563 1879 αἰῶνα
1591 1827 1729 1881 κατὰ
1752 1828 1843 1900 τὴν

273 1908 371 1928 ,υ
459 1910 564 1928 ..ς
702 1912 751 1928 μ.
844 1912 923 1928 ...
1086 1916 1098 1928 .
1179 1914 1321 1928 κ--
1596 1918 1656 1928 ....
1741 1920 1778 1928 _

2315 1818 2335 1821 ν
3272 1818 3275 1819 ν
3344 1818 3377 1820 __
3412 1818 3498 1838 τὴ

1955 1839 2152 1894 nitebit
2188 1856 2310 1896 eum
2348 1862 2362 1899 :
2411 1843 2493 1898 Tu
2563 1861 2623 1902 es
2668 1849 2929 1906 sacerdos
2971 1851 3028 1905 in
3085 1860 3387 1922 internum,
3440 1877 3531 1918 se-

270 1908 428 1973 τάξιν
458 1910 811 1980 Μελχισεδέκ.
844 1912 1049 1986 Κύριος
1082 1916 1146 1968 ὲκ
1173 1914 1362 1979 δεξιῶν
1390 1933 1504 1968 σου.
1543 1936 1562 1970 ι
1596 1918 1698 1972 Τὸν
1739 1920 1843 1972 Σω-

1960 1929 2198 1986 cundum
2257 1934 2504 1990 ordinem
2536 1935 2914 1998 Melchisedec.
2966 1940 3229 2003 Dominus
3259 1963 3289 2002 a
3319 1950 3529 2010 dextris
3618 1942 3623 1946 ’

268 2000 416 2070 sip:
440 2002 537 2055 καὶ
567 2003 774 2074 Κύριον
813 2005 993 2078 ήμῶν,
1022 2006 1113 2060 τὸν
1156 2007 1496 2078 πρωτότοκον
1520 2009 1701 2081 πάσης
1730 2012 1843 2064 κτί-

1957 2020 2066 2076 tuis
2103 2020 2167 2076 ¹³.
2194 2041 2213 2074 ι
2241 2021 2577 2081 Salvatorem
2605 2043 2671 2084 ac
2700 2028 2992 2087 Dominum
3022 2045 3270 2092 nostrum
3293 2078 3308 2104 ,
3340 2040 3525 2113 ipsum

270 2106 413 2155 σεως
440 2092 577 2147 Θεοῦ
610 2095 801 2164 Λόγον,
835 2097 932 2168 τὴν
963 2098 1067 2169 πρὸ
1115 2098 1311 2163 αἰῶνος
1359 2101 1571 2171 σοφίαν,
1604 2102 1702 2173 τὴν
1751 2104 1851 2175 ἀρ-

267 2183 371 2253 χὴν
397 2183 507 2237 τῶν
530 2185 666 2239 ὁδῶν
696 2188 790 2241 τοῦ
812 2188 968 2252 Θεοῦ,
997 2189 1059 2242 τὸ
1087 2191 1427 2262 πρωτότοκον
1446 2194 1541 2246 καὶ
1564 2195 1848 2265 μονογενὲς

265 2273 360 2327 τοῦ
394 2274 610 2347 Πατρὸς
637 2274 903 2350 γέννημα,
946 2278 1037 2333 τὸν
1062 2283 1128 2351 τῇ
1172 2280 1265 2334 τοῦ
1313 2282 1553 2356 Χριστοῦ
1597 2284 1846 2356 τιμώμε-

264 2379 356 2417 νον
391 2367 754 2439 προσηγορίᾳ,
779 2368 872 2422 καὶ
893 2371 922 2421 δ
949 2369 1138 2441 παρὼν
1169 2370 1379 2443 ψαλμὺς
1403 2374 1607 2447 Κύριον
1632 2377 1844 2430 ἀποκα-

262 2456 373 2519 λεῖ,
401 2455 666 2512 διδάσκων
698 2458 859 2514 αὑτὸν
908 2455 1048 2514 εἶναι
1082 2462 1370 2537 σύνθρονον
1410 2466 1548 2537 ὁμοῦ
1582 2468 1677 2522 καὶ
1717 2467 1844 2522 Υἰὸν

259 2546 361 2601 τοῦ
396 2547 492 2602 ἐπὶ
518 2548 736 2604 πάντων
775 2550 910 2605 Θεοῦ
942 2569 1001 2605 τε
1028 2554 1121 2609 καὶ
1152 2556 1359 2630 Κυρίου
1388 2557 1496 2610 τῶν
1526 2558 1684 2624 ὅλων,
1714 2559 1846 2613 αἰώ-

258 2639 384 2694 νιόν
407 2656 467 2693 τε
510 2638 605 2693 τοῦ
631 2641 844 2711 Πατρὸς
882 2643 1047 2715 ἱερέα.
1075 2644 1297 2718 Πρῶτον
1321 2646 1384 2717 δὴ
1408 2642 1501 2700 οὖν
1528 2647 1840 2720 ἐπίστησον,

257 2726 343 2791 ὡς
367 2727 468 2799 ἤδη
499 2728 657 2782 τοῦτο
678 2729 926 2802 δεύτερον
955 2733 1199 2805 γέννημα
1221 2734 1357 2787 Θεοῦ
1383 2738 1839 2810 προσηγόρευται,

256 2820 365 2874 καὶ
390 2821 512 2874 ἐπεὶ
551 2820 686 2875 Θεοῦ
721 2839 786 2891 γε
828 2824 1096 2896 πνεύματι
1126 2827 1194 2880 τὰ
1227 2828 1324 2898 τῆς
1352 2829 1688 2901 προφητείας
1711 2832 1842 2903 ἡμῖν

255 2911 519 2981 εἰρῆσθαι
557 2912 928 2980 πεπίστευται,
962 2916 1064 2988 ὅρα
1107 2918 1156 2969 εἰ
1204 2916 1278 2989 μὴ
1305 2918 1436 2971 αὐτὸ
1461 2919 1525 2990 δὴ
1554 2919 1617 2973 τὸ
1660 2923 1717 2975 ὲν
1762 2920 1841 2992 τῷ

258 3004 520 3077 προφήτῃ
586 3004 810 3077 Πνεῦμα
858 3006 1032 3076 ἅγιον,
1086 3008 1281 3063 ἑαυτοῦ
1343 3009 1547 3082 Κύριον
1593 3012 1840 3086 δεύτερον

259 3095 407 3165 μετὰ
438 3096 528 3150 τὸν
552 3096 659 3151 τῶν
684 3097 822 3152 ὅλων
844 3099 1183 3170 ἀναγορεύει·
1220 3120 1239 3152 α
1277 3096 1411 3154 Εἷπε
1444 3121 1463 3153 ι
1496 3101 1627 3173 γὰρ,
1652 3104 1836 3176 φησιν,

262 3206 285 3237 σ
316 3188 349 3240 δ
380 3186 584 3258 Κύριος
609 3188 688 3261 τῷ
719 3190 909 3262 Κυρίῳ
939 3208 1039 3262 μου
1067 3208 1080 3221 °
1112 3191 1297 3247 Κάθου
1323 3194 1387 3246 ὲκ
1419 3194 1609 3259 δεξιῶν
1646 3213 1768 3268 μου.
1811 3217 1830 3251 ι

254 3274 368 3330 τδν
419 3276 635 3348 πρῶτον
691 3277 914 3352 Κύριον,
958 3281 1105 3335 ὡσάν
1152 3282 1382 3337 καθόλου
1428 3284 1536 3337 τῶν
1585 3286 1840 3342 ἁπάντων

254 3368 561 3440 Δεσπότην,
618 3370 855 3443 Ἑϐραῖοι
892 3374 1260 3446 ἀνεκφωνήτῳ
1302 3379 1600 3449 προσρήσει
1645 3381 1711 3449 τῇ
1754 3378 1843 3433 διὰ

255 3459 368 3513 τῶν
385 3461 666 3533 τεσσάρων
687 3465 964 3535 στοιχείων
992 3466 1342 3539 ἀνηγόρευον·
1390 3469 1485 3522 τὸν
1504 3469 1561 3522 δὲ
1589 3470 1840 3543 δεύτερον

253 3551 442 3606 οὐκέθ’
481 3555 702 3625 ὁμοίως,
746 3555 892 3622 ἰδίως
924 3558 968 3611 δ’
997 3559 1159 3613 αὑτὸν
1186 3559 1392 3632 Κύριον
1421 3562 1718 3634 ὠνόμαζον.
1750 3565 1843 3618 Εἰ-

254 3644 436 3708 κότως
459 3640 550 3700 οὖν
578 3649 608 3700 ό
639 3648 832 3719 Σωτὴρ
866 3650 960 3704 καὶ
997 3650 1202 3723 Κύριος
1242 3652 1400 3724 ἡμῶν
1432 3654 1593 3718 αὐτὸς
1635 3655 1841 3725 Ἰησοῦς

253 3734 289 3791 δ
310 3735 547 3809 Χριπδς
573 3737 667 3793 τοῦ
696 3738 854 3804 θεοῦ,
890 3740 1147 3812 ἐρόμενός
1181 3758 1312 3799 ποτε
1339 3746 1465 3809 τοὺς
1486 3746 1835 3818 Φαρισαίους,

262 3847 284 3881 α
306 3829 515 3901 Τίὺμῖν
542 3832 669 3903 περὶ
697 3831 791 3885 τοῦ
819 3831 1056 3904 Χριστοῦ
1083 3832 1266 3901 δοκεῐ;
1296 3836 1441 3901 τίνος
1478 3839 1626 3891 ἐστὶν
1652 3841 1765 3903 υἰὸς
1784 3858 1832 3906 ;›

254 3923 537 3985 εἰπόντων,
569 3921 663 3974 τοῦ
694 3922 876 3987 Δαϐιδ,
912 3922 1175 3993 ἐπιλέγει,
1213 3942 1233 3976 t
1270 3926 1395 3989 Πῶς
1445 3923 1538 3982 οὖν
1582 3929 1747 3983 Δαϐὶδ
1778 3932 1838 3985 ὲν

256 4012 529 4082 πνεύματι
551 4011 752 4086 Κύριον
772 4014 936 4067 αὑτὸν
961 4014 1136 4077 καλεῖ,
1170 4015 1366 4083 λύγων,
1392 4014 1560 4072 Εἶπεν
1583 4021 1612 4071 ό
1636 4019 1839 4092 Κύριος

252 4103 333 4175 τῷ
377 4103 568 4176 Κυρίῳ
614 4122 714 4177 μου
740 4123 753 4135 ·
794 4104 977 4160 Κάθου
1011 4109 1076 4161 ἐκ
1106 4107 1296 4175 δεξιῶν
1324 4126 1423 4180 μου
1448 4126 1463 4174 ;
1493 4130 1512 4161 ι
1557 4115 1837 4183 μονονουχὶ

253 4196 577 4269 ἑρμηνεύων
607 4198 707 4268 τὴν
735 4197 902 4265 λέξιν,
936 4199 1013 4263 ὡς
1044 4200 1107 4254 οὐ
1135 4200 1295 4271 μόνον
1320 4200 1413 4254 τοῦ
1442 4202 1607 4255 Δαϐἰδ
1632 4203 1835 4274 Κύριον

253 4287 417 4341 αὑτὸν
450 4288 904 4360 ἁναγορεύουσαν,
941 4290 1076 4344 ἀλλὰ
1103 4289 1212 4363 γὰρ
1244 4293 1341 4345 καὶ
1385 4292 1480 4345 τοῦ
1509 4294 1566 4345 ὲν
1600 4294 1677 4365 τῷ
1704 4312 1837 4366 προ-

253 4380 402 4450 φήτῃ
446 4378 771 4449 πνεύματος.
818 4381 881 4434 Εἰ
921 4380 979 4433 δὲ
1033 4382 1095 4435 τὸ
1140 4382 1358 4454 πνεῦμα
1399 4383 1459 4436 τὸ
1501 4386 1837 4457 προφητικὸν

250 4469 437 4539 (τοῦτο
458 4469 523 4542 δὴ
569 4472 701 4541 ἡμῖν
731 4468 868 4526 εἶναι
902 4473 1257 4527 πεπίστευται
1298 4474 1357 4528 τὸ
1405 4476 1557 4545 ἅγιον
1589 4477 1835 4550 Πνεῦμα)

248 4561 505 4634 ὁμολογεῖ
530 4562 717 4618 τοῦτον
746 4560 884 4618 εἶναι
923 4566 1146 4638 Κύριον,
1170 4568 1228 4621 ὂν
1261 4567 1545 4641 σύνθρονον
1575 4565 1713 4624 εἶναι
1736 4571 1830 4625 τοῦ
1865 4584 1907 4638 ί)

251 4657 469 4728 Πατρὸς
491 4657 818 4722 ἐκδιδάσκει,
844 4658 938 4712 καὶ
962 4660 1061 4713 ούκ
1087 4660 1390 4728 άπολύτως,
1415 4662 1552 4716 ἀλλὰ
1581 4665 1674 4718 καὶ
1703 4666 1831 4719 ἐαυ-

247 4747 349 4801 τοῦ
377 4748 602 4821 Κύριον,
632 4749 773 4804 κατὰ
820 4750 952 4804 πολὺ
990 4752 1152 4806 πλέον
1202 4754 1297 4806 καὶ
1342 4753 1542 4825 μᾶλλον
1582 4754 1725 4809 τοῦτ’
1764 4755 1832 4810 ἂν

248 4838 457 4894 εἴποιεν
473 4841 531 4892 αἰ
547 4839 685 4912 μετὰ
699 4841 761 4894 τὸ
780 4840 933 4911 ἅγιον
958 4841 1184 4915 Πνεῦμα
1197 4843 1413 4913 λογικαὶ
1427 4845 1703 4918 δυνάμεις,
1719 4848 1756 4920 ἦ
1771 4865 1833 4901 τε

251 4928 521 4999 σύμπασα
547 4929 796 5002 ὁρωμένη
822 4947 882 4983 τε
909 4932 969 4984 ὲν
1007 4930 1241 5003 σώμασι,
1287 4935 1381 4987 καὶ
1421 4936 1478 4988 ἐν
1520 4939 1830 5010 ἀσωμάτοις

251 5020 466 5074 ἑστῶσα
499 5017 933 5094 δημιουργία,ἦς
968 5024 1183 5095 ἁπάσης
1199 5026 1424 5090 εἰκότως
1447 5028 1512 5082 ἂν
1588 5031 1830 5088 καταδει-

252 5106 410 5181 χθείη
437 5111 641 5185 Κύριος
666 5113 695 5163 ὁ
718 5115 877 5184 μόνος
907 5115 1002 5168 τοῦ
1023 5115 1235 5188 Πατρὸς
1262 5117 1567 5187 σύνθρονος,
1585 5120 1649 5172 δι’
1672 5116 1732 5175 οὗ
1758 5120 1827 5175 τὰ

250 5200 544 5275 σύμπαντα
577 5204 813 5273 ἐγένετο,
835 5206 915 5259 ὅτι
948 5205 1190 5279 δὴ,κατὰ
1216 5206 1307 5261 τὸν
1343 5209 1639 5280 θαυμάσιον
1689 5208 1829 5262 ἀπό-

255 5297 463 5359 στολον,
496 5313 517 5347 ι
570 5298 629 5350 ὲν
682 5295 830 5368 αὐτῷ
881 5298 1101 5371 ἐκτίσθη
1140 5298 1209 5353 τὰ
1255 5301 1453 5365 πάντα,
1480 5303 1550 5356 τὰ
1606 5305 1664 5357 ὲν
1715 5306 1827 5368 τοῖς

247 5386 500 5458 οὐρανοῖς
519 5387 699 5443 καὶτὰ
723 5391 817 5444 ἐπὶ
833 5390 931 5462 τῆς
951 5392 1074 5463 γῆς,
1096 5391 1205 5445 εῐτε
1231 5393 1400 5466 δρατὰ
1423 5395 1535 5448 εἴτε
1559 5395 1785 5468 ἀόρατα.
1799 5413 1818 5447 ι

250 5476 430 5533 Μόνον
459 5477 591 5548 γοῦν
630 5482 777 5545 εἰκὸς
805 5482 967 5536 αὑτὸν
1006 5483 1105 5555 τῆς
1140 5483 1233 5538 τοῦ
1274 5486 1487 5558 Πατρὸς
1517 5484 1826 5558 ὁμοιώσεως

249 5568 395 5640 ἔχειν
424 5572 490 5626 τὸ
533 5572 719 5645 κῦρος,
752 5574 900 5629 ὼσὰν
932 5577 1029 5631 καὶ
1066 5578 1227 5648 μόνον
1275 5579 1560 5652 σύνθρονον
1585 5580 1682 5634 τοῦ
1714 5582 1827 5636 Πα-

248 5661 379 5733 τρὸς
403 5662 867 5743 ἀναδεδειγμένον.
911 5668 1183 5741 Πρόδηλον
1221 5667 1338 5735 οὗν,
1368 5672 1451 5726 ὅτι
1497 5671 1674 5727 οὐδενὶ
1720 5672 1829 5726 τῶν

249 5754 526 5826 γεννητῶν
554 5754 846 5829 θέμιςτῶν
874 5757 1063 5833 δεξιῶν
1097 5760 1282 5832 λαχεῖν
1312 5762 1413 5833 τῆς
1458 5780 1830 5833 παντοκράτο-

1960 2113 2383 2185 primogenitum
2410 2120 2590 2176 omnis
2615 2132 2879 2181 creatura:
2900 2126 2995 2182 Dei
3016 2126 3250 2185 Verbum
3270 2171 3286 2196 ,
3317 2136 3529 2205 sapien-

1953 2204 2087 2257 tiam
2132 2221 2255 2276 quae
2297 2216 2383 2263 est
2425 2222 2552 2266 ante
2613 2227 2826 2280 aevum,
2868 2216 3086 2272 initium
3131 2221 3343 2277 viarum
3384 2204 3521 2291 Dei,

1950 2294 2374 2367 primogenitum
2397 2309 2451 2356 et
2471 2303 2691 2358 unicum
2715 2305 2896 2365 Patris
2920 2300 3179 2381 germen,
3203 2314 3368 2385 220
3392 2332 3520 2373 eum

1950 2387 2043 2456 qui
2080 2386 2284 2445 Christi
2315 2393 2680 2463 appellatione
2724 2398 3046 2469 honoratur,
3089 2419 3329 2472 presens
3372 2423 3515 2478 quo-

1948 2493 2056 2549 que
2082 2481 2328 2549 psalmus
2371 2482 2661 2541 Dominum
2702 2498 2893 2559 vocat,
2933 2492 3206 2565 docetque
3241 2511 3365 2552 eum
3398 2513 3522 2556 esse

1949 2583 2327 2629 consessorem
2362 2576 2528 2631 simul
2555 2586 2610 2633 et
2639 2578 2840 2637 Filium
2879 2587 3120 2655 supremi
3152 2586 3278 2656 Dei,
3308 2604 3520 2646 rerum-

1947 2677 2053 2732 que
2083 2666 2330 2720 omnium
2367 2667 2618 2739 Domini,
2652 2684 3026 2748 aeternumque
3054 2677 3233 2736 Patris
3264 2683 3522 2740 sacerdo-

1946 2762 2080 2811 tem.
2136 2756 2384 2814 Primum
2432 2777 2565 2834 ergo
2616 2765 2699 2821 sic
2751 2767 2993 2836 habeto,
3052 2774 3518 2843 quemadmodum

1946 2848 2236 2918 progenies
2271 2850 2364 2906 illa
2406 2854 2647 2909 secunda
2696 2855 2792 2912 Dei
2822 2860 3103 2916 nominata
3132 2871 3252 2932 est,
3291 2874 3347 2921 et
3380 2883 3521 2938 quo-

1945 2937 2093 2992 niam
2135 2940 2320 2996 divino
2363 2958 2585 3015 quoque
2626 2947 2824 3018 spiritu
2869 2951 2962 3006 illa
3007 2954 3306 3025 prophetiae
3349 2937 3517 3016 verba

1947 3030 2073 3086 tidei
2112 3041 2316 3090 nostra:
2341 3038 2636 3094 commissa
2666 3051 2825 3110 sunt;
2863 3043 2986 3100 vide
3017 3061 3146 3100 num
3179 3057 3233 3103 et
3263 3048 3356 3105 ille
3390 3049 3519 3121 Spi-

1943 3122 2082 3179 ritus
2115 3137 2337 3181 sanctus
2371 3128 2426 3182 in
2451 3130 2753 3201 propheta,
2780 3135 2981 3192 suimet
3008 3137 3185 3208 ipsius
3222 3140 3512 3199 Dominum

1868 3239 1910 3297 α
1943 3217 2242 3272 secundum
2269 3228 2395 3289 post
2421 3236 2545 3276 eum
2572 3224 2666 3293 qui
2688 3223 2952 3288 Dominus
3005 3239 3091 3285 est
3134 3235 3517 3291 universorum

1942 3318 2117 3363 vocet.
2155 3329 2174 3361 ι
2207 3309 2354 3366 Dixit
2385 3333 2403 3365 ι
2451 3315 2596 3369 enim
2618 3355 2633 3381 ,
2668 3318 2879 3388 inquit,
2921 3339 2939 3370 ι
2973 3320 3237 3381 Dominus
3287 3325 3517 3383 Domino

1943 3414 2088 3465 meo,
2125 3401 2265 3458 Sede
2295 3419 2324 3458 a
2350 3404 2583 3463 dextris.
2622 3427 2641 3460 ι
2673 3408 2846 3465 Sicuti
2878 3427 3061 3468 rerum
3094 3416 3256 3472 etiam
3296 3419 3517 3476 univero

1942 3489 2043 3545 sim
2087 3494 2331 3549 omnium
2371 3495 2681 3566 Dominum,
2707 3499 2918 3558 Hebraei
2963 3505 3316 3563 inenarrabili
3356 3492 3411 3567 et
3449 3527 3518 3568 ex

1941 3588 2182 3650 quatuor
2212 3584 2498 3643 elementis
2531 3590 2833 3661 composita
2864 3593 3106 3652 dictione
3142 3609 3514 3669 vocaverunt;

1940 3687 2042 3727 nec
2087 3672 2199 3743 jam
2250 3678 2483 3748 amplius
2533 3696 2656 3735 eum
2704 3684 2870 3739 simili
2914 3688 3131 3743 ratione
3172 3692 3513 3760 secundum,

1942 3764 2037 3854 sed
2068 3768 2289 3838 proprie
2318 3768 2610 3827 Dominum
2641 3776 3077 3845 appellaverunt.
3118 3780 3312 3838 Merito
3341 3784 3510 3854 igitur

1943 3852 2193 3910 Salvator
2241 3873 2304 3913 ac
2345 3857 2611 3920 Dominus
2664 3876 2852 3923 noster
2890 3869 3006 3939 ipse
3032 3870 3191 3929 Iesus
3225 3875 3318 3945 qui
3349 3852 3509 3930 Chri-

1940 3953 2058 4001 stus
2115 3957 2201 4004 est
2256 3948 2386 4016 Dei,
2440 3952 2785 4031 interrogans
2839 3961 3129 4031 aliquando
3178 3963 3506 4032 Pharisaeos,

1946 4057 1965 4088 ι
1997 4038 2141 4104 Quid
2203 4042 2360 4098 vobis
2417 4047 2635 4103 videtur
2688 4051 2755 4107 de
2801 4051 3062 4109 Christo?
3101 4058 3261 4127 cujus
3305 4075 3390 4116 est
3444 4064 3511 4116 li-

1938 4130 2047 4185 lius
2085 4131 2176 4186 “?
2211 4152 2230 4184 ι
2278 4149 2402 4190 cum
2460 4143 2916 4211 respondissent,
2974 4145 3193 4206 Davidis
3218 4192 3233 4216 ,
3302 4154 3511 4222 subdit,

1949 4240 1968 4272 ι
1999 4220 2289 4287 Quomodo
2334 4226 2501 4297 igitur
2531 4229 2702 4287 David
2731 4233 2787 4288 in
2817 4237 3016 4306 Spiritu
3060 4236 3348 4297 Dominum
3384 4220 3509 4299 eum

1950 4321 2109 4368 vocat
2129 4354 2144 4378 ,
2178 4313 2386 4380 dicens,
2433 4318 2579 4375 Dixit
2616 4320 2882 4381 Dominus
2910 4323 3139 4382 Domino
3171 4345 3293 4386 meo
3323 4349 3338 4385 :
3371 4330 3512 4390 Sede

1942 4418 1973 4457 a
2016 4404 2225 4461 dextris
2269 4409 2406 4465 meis
2442 4412 2485 4443 ’⁸
2507 4415 2530 4465 't
2556 4434 2574 4465 ι
2600 4415 2993 4485 prepemodum
3019 4417 3386 4491 interpretans
3426 4424 3511 4478 di-

1940 4513 2181 4570 ctionem
2208 4554 2224 4579 ,
2274 4529 2397 4587 quae
2443 4529 2553 4569 non
2599 4515 2761 4569 modo
2802 4513 3060 4583 Davidis,
3101 4534 3292 4575 verum
3334 4524 3505 4577 etiam

1936 4615 2165 4687 spiritus
2199 4615 2255 4670 in
2318 4614 2588 4686 propheta
2604 4614 2958 4683 exsistentis,
3001 4617 3293 4674 Dominum
3324 4625 3511 4693 appel-

1935 4717 2035 4772 lat.
2092 4715 2153 4772 Si
2195 4732 2329 4772 vero
2377 4717 2635 4787 spiritum
2679 4716 2833 4772 illum
2886 4719 3302 4789 propheticum,
3350 4723 3505 4779 illum

1935 4832 2117 4892 certe,
2147 4823 2242 4895 qui
2272 4822 2377 4878 Iide
2405 4832 2593 4879 nostra
2620 4822 2865 4879 creditus
2920 4834 3006 4882 est
3055 4824 3320 4897 Spiritum
3373 4844 3506 4885 san-

1934 4936 2119 4994 ctum,
2160 4926 2357 4983 annuit
2397 4943 2522 4984 esse
2558 4926 2879 4994 Dominum,
2923 4944 3082 5000 quem
3123 4945 3503 4989 consessorem

1933 5029 2112 5086 Patris
2142 5046 2265 5087 esse
2294 5030 2598 5101 proﬁtetur,
2630 5044 2732 5086 nec
2761 5030 3007 5086 absolute
3027 5072 3042 5096 ,
3080 5048 3266 5088 verum
3300 5036 3385 5090 sui
3418 5035 3505 5106 ip-

1935 5135 2049 5191 sius
2088 5134 2379 5190 Dominum
2413 5134 2716 5191 secundum
2749 5134 2804 5190 id
2836 5138 2978 5205 quod
3024 5144 3083 5190 ut
3120 5138 3417 5207 plurimum
3446 5146 3504 5195 et

1932 5241 2107 5311 magis
2151 5241 2396 5295 dicerent
2435 5239 2733 5295 rationales
2764 5238 3051 5297 facultates
3084 5254 3208 5312 post
3239 5242 3505 5315 Spiritum

1934 5358 2224 5416 sanctum,
2273 5360 2441 5420 atque
2477 5364 2638 5405 omne
2676 5350 2955 5421 opiﬁcium
2998 5355 3328 5423 aspectabile
3376 5370 3504 5412 cor-

1928 5450 2112 5522 poreis
2160 5458 2215 5507 et
2264 5452 2608 5523 incorporeis
2652 5462 2944 5520 constans,
2992 5458 3152 5528 cujus
3179 5459 3350 5516 totius
3375 5462 3502 5531 jure

1929 5557 2128 5613 merito
2156 5557 2636 5613 demonstraretur
2654 5555 2916 5615 Dominus
2958 5578 3103 5619 unus
3150 5562 3330 5622 Patris
3368 5582 3501 5623 con-

1928 5675 2134 5724 sessor,
2166 5676 2263 5732 per
2290 5675 2453 5732 quem
2482 5667 2680 5715 cuncta
2712 5660 2855 5716 facta
2882 5672 3010 5719 sunt
3035 5682 3050 5733 ;
3081 5668 3209 5737 quia
3237 5668 3499 5726 nimirum

1930 5766 2231 5823 secundum
2260 5765 2637 5823 admirabilem
2669 5765 3010 5838 Apostolum,
3036 5787 3055 5822 ι
3074 5769 3133 5825 in
3162 5770 3284 5843 ipso
3313 5780 3500 5831 creata

320 5847 365 5880 ”
383 5846 528 5906 Psal.
558 5865 670 5908 cu.
702 5853 815 5907 1-5.
895 5855 940 5886 ιδ
971 5854 1162 5914 Matth.
1197 5873 1335 5926 xm,
1362 5858 1450 5914 49..
1529 5859 1573 5890 ⁸⁸
1606 5858 1740 5915 ibid.
1770 5859 1963 5927 45,44.

578 5944 851 6008 Pauca.
892 5947 1013 6013 Gn.
1059 5948 1268 6012 XXII.

3148 5958 3224 6020 12
