4100 6430
432 3985 444 4043 ε

434 4047 447 4101 ί

576 316 689 375 563

1232 312 1502 369 EL'SEBll
1539 309 2021 370 CESARIENSIS
2056 311 2207 370 OPP.
2247 312 2429 370 PARS
2466 310 2532 370 Il.
2570 342 2640 353 -—
2678 310 3175 372 APOLOGETICA.

3717 309 3827 368 3M

564 446 695 492 sunt
753 447 967 497 omnia,
1012 441 1121 486 tam
1171 445 1292 501 quae
1336 438 1463 485 sunt
1504 429 1561 485 in
1599 429 1788 495 caelis,
1822 445 1986 501 quam
2017 446 2134 502 qum

2244 431 2406 503 ρικῆς
2455 429 2631 503 ἀρχῆς
2655 447 2716 483 τε
2759 430 2855 485 καὶ
2890 429 3188 503 βασιλείας,
3219 427 3269 482 εἰ
3314 426 3389 499 μὴ
3421 426 3529 501 ἄρα
3562 428 3642 481 ἐνὶ
3678 429 3831 501 μόνῳ

562 537 691 583 sunt
721 540 885 597 supra
916 533 1117 579 terram
1139 564 1154 589 ,
1192 524 1308 578 sive
1339 522 1598 589 visibilia,
1620 522 1737 579 sive
1768 523 2090 580 invisibilia.
2118 543 2138 577 ι

564 617 804 690 )Equnm
830 617 993 686 igitur
1018 626 1124 678 est.
1153 615 1330 671 solum
1353 630 1476 670 eum
1498 626 1740 684 paternae
1765 615 2143 671 similitudinis

564 714 765 770 habere
783 710 1084 767 dominium
1103 750 1119 775 ,
1143 709 1287 766 sicut
1305 716 1362 764 et
1380 709 1556 764 solum
1579 723 1703 764 esse
1721 708 1898 766 Patris
1917 724 2143 766 conses-

560 820 741 862 sorem
778 802 1116 858 declaratum
1162 808 1266 857 est.
1298 799 1456 856 Patet
1488 799 1653 871 igitur
1687 800 1824 855 nulli
1863 808 2145 858 creatura-

561 912 684 950 rum
712 895 793 950 fas
813 909 937 949 esse
958 891 1143 949 sortiri
1164 893 1444 947 dexteram
1466 890 1853 967 omnipotentis
1872 890 2145 962 principa-

561 998 652 1044 tus
689 997 742 1043 et
771 985 986 1057 imperii
1009 1024 1025 1051 ,
1059 986 1170 1041 nisi
1199 985 1251 1041 ei
1281 986 1378 1040 uni
1407 984 1511 1051 soli
1542 999 1708 1056 quem
1741 1000 1810 1040 ex
1844 984 2143 1056 praemissis

560 1080 711 1134 varie
743 1085 797 1135 et
825 1077 1132 1149 theologice
1162 1075 1684 1133 demonstravimus.
1717 1077 1877 1147 221
1912 1076 2142 1133 Attende

563 1172 747 1243 igitur,
781 1168 1246 1242 quemadmodum
1289 1169 1381 1225 hic
1423 1185 1595 1225 unum
1639 1178 1695 1226 et
1743 1169 1996 1226 eumdem
2048 1186 2143 1227 su-

561 1277 783 1335 premus
820 1272 875 1318 et
914 1262 1098 1317 omnia
1150 1263 1254 1317 sub
1302 1276 1363 1317 se
1407 1261 1616 1318 habens
1660 1261 1956 1327 Dominus,
2007 1276 2144 1320 voce

564 1356 656 1409 illa
721 1354 929 1419 donat,
974 1373 995 1405 ι
1038 1351 1178 1410 Sede
1238 1368 1271 1407 a
1339 1352 1547 1408 dextris
1611 1353 1786 1421 meis;
1829 1372 1849 1406 ι
1889 1361 1945 1409 et
2007 1353 2140 1422 illa,

567 1468 587 1500 ι
625 1456 750 1502 ante
769 1445 1086 1502 Luciferum
1114 1446 1277 1517 genui
1322 1454 1394 1501 te.
1428 1463 1447 1497 ι
1484 1443 1692 1501 Deinde
1734 1460 1861 1500 cum
1909 1445 2143 1517 jurisju-

560 1540 716 1595 randi
753 1538 1196 1606 conﬁrmatione,
1243 1538 1633 1594 inconcussum
1677 1545 1841 1609 atque
1888 1539 2143 1595 immuta-

564 1634 726 1688 bilem
768 1632 823 1686 in
882 1631 1154 1686 inlinitum
1212 1645 1389 1686 aevum
1441 1632 1791 1701 permansuri
1846 1632 2141 1688 sacerdotii

562 1726 827 1783 honorem
873 1725 923 1780 ei
987 1723 1219 1795 largitur
1249 1741 1264 1778 :
1294 1741 1315 1775 ι
1348 1722 1562 1780 Juravit
1589 1721 1886 1788 Dominus.
1928 1733 1984 1780 et
2028 1741 2142 1781 non

2242 521 2321 594 τῷ
2362 520 2451 576 διὰ
2503 519 2612 574 τῶν
2660 520 3037 592 προκειμένων
3089 518 3349 582 ποικίλως
3399 516 3826 591 θεολογουμὲνῳ.

2255 612 2578 684 Ἐπίστησον
2609 605 2722 675 οῦν,
2750 611 2825 675 ὡς
2858 611 2994 683 πρὸς
3036 612 3132 664 ἕνα
3164 610 3259 664 καὶ
3306 609 3396 663 τὸν
3437 609 3599 663 αὑτὸν
3627 610 3654 662 6
3683 611 3829 663 ἀνω-

2242 704 2389 758 τάτω
2427 703 2523 758 καὶ
2564 703 2657 756 ἐπὶ
2695 702 2912 756 πάντων
2945 701 3148 771 Κύριος
3189 700 3286 754 καὶ
3316 699 3435 772 τὴν,
3474 719 3493 752 ι
3542 700 3728 755 Κάθου
3763 702 3830 755 ὲκ

2241 792 2432 861 δεξιῶν
2461 810 2584 865 μου,
2616 812 2635 846 ι
2660 793 2912 866 δωρεῖται
2946 791 3148 863 φωνὴν,
3184 792 3280 846 καὶ
3302 792 3421 862 τὴν,
3456 810 3476 841 ι
3509 790 3623 863 Πρὸ
3658 791 3833 845 Ἑωσ-

2242 885 2410 957 φόρου
2465 884 2762 956 γενέννηκά
2809 901 2889 938 σε.
2934 902 2954 936 ι
3009 882 3145 938 Μεθ’
3188 884 3353 955 ὅρκου
3399 883 3457 936 δὲ
3504 880 3833 935 διαϐεϐαιώ-

2244 992 2402 1041 σεως,
2427 975 2675 1030 ἄσειστον
2707 974 2803 1029 καὶ
2840 971 3195 1046 ἀπαράϐατον
3226 971 3374 1043 αύτῷ
3413 970 3512 1043 τὴν
3536 970 3701 1042 τιμὴν
3728 970 3831 1041 τῆς

2241 1068 2321 1131 εἰς
2351 1067 2577 1139 ἄπειρον
2602 1066 2774 1120 αἰῶνα
2805 1064 3060 1137 διαρκοῦς
3094 1063 3393 1136 ἱερωσύνης
3424 1062 3825 1134 παραδίδωσιν·

2247 1178 2267 1212 ‹
2304 1161 2507 1231 Ὠμοσε
2529 1158 2752 1231 Κύριος,
2779 1158 2872 1212 καὶ
2896 1159 2958 1212 ού
2981 1155 3485 1230 μεταμεληθήσεται
3505 1172 3519 1185 ⁸
3546 1155 3618 1207 Σὺ
3647 1154 3832 1226 ἱερεὺς

2242 1254 2321 1316 εἰς
2342 1253 2532 1306 αἰῶνα.
2562 1271 2580 1304 ι
2598 1251 2694 1315 Τίς
2725 1251 2770 1305 δ’
2798 1250 2863 1304 ἂν
2892 1252 3190 1317 ὲπινοοῖτος
3216 1248 3332 1302 οὔτι
3361 1248 3425 1320 δὴ
3450 1247 3639 1318 θνητὸς
3660 1246 3832 1319 ἀνὴρ,

2241 1344 2378 1399 ἀλλά
2407 1346 2527 1399 οὐδὲ
2558 1344 2661 1415 τῆς
2691 1342 2986 1414 ἀηελικῆς
3019 1342 3256 1413 φύσεως,
3298 1341 3403 1395 ὑπὸ
3431 1340 3565 1394 Θεοῦ
3610 1326 3711 1413 μὲν
3737 1348 3830 1409 γε.

2241 1438 2590 1511 γεννημένος,
2626 1437 2707 1501 εἰς
2738 1435 2908 1491 αἰῶνα
2945 1434 3003 1488 δὲ
3048 1434 3365 1506 ἰερωμένος,
3415 1434 3444 1487 6
3484 1432 3580 1487 καὶ
3614 1434 3674 1486 ὲν
3713 1430 3831 1490 τοῖς

2243 1530 2475 1605 πρόσθεν
2505 1527 2705 1583 εἰπών’
2742 1546 2762 1580 ι
2805 1525 3009 1598 Κύριος
3038 1525 3219 1580 ἔκτισέ
3256 1542 3322 1597 με
3347 1526 3523 1598 ἀρχὴν
3550 1523 3684 1577 ὁδῶν
3727 1526 3829 1577 αὐ-

2241 1621 2336 1676 τοῦ
2368 1625 2447 1686 εἰς
2477 1621 2615 1695 ἔργα
2641 1618 2832 1675 αὐτοῦ.
2867 1618 2982 1690 Πρὸ
3011 1617 3106 1672 τοῦ
3146 1616 3341 1681 αἰῶνος
3374 1615 3704 1688 ὲθεμελίωσέ
3732 1631 3828 1686 με,

2243 1716 2301 1768 ὲν
2346 1715 2489 1787 ἀρχῇ
2528 1713 2635 1785 πρὸ
2674 1711 2770 1766 τοῦ
2814 1711 2914 1784 ὅρη
2959 1710 3306 1782 ἑδρασθῆναι,
3350 1709 3458 1781 πρὸ
3503 1708 3562 1763 δὲ
3606 1707 3827 1763 πάντων

564 1819 853 1893 prenitebit
882 1833 1044 1874 eum:
1078 1815 1163 1871 Tu
1200 1831 1262 1873 es
1311 1815 1570 1874 sacerdos
1614 1817 1670 1872 in
1699 1827 1983 1873 aeternum.
2020 1838 2039 1870 ι
2069 1820 2134 1872 At

2244 1807 2447 1878 βουνῶν
2492 1810 2657 1880 γεννᾷ
2699 1824 2787 1881 με.
2828 1826 2847 1859 ι
2880 1807 2992 1860 Καὶ
3040 1804 3278 1876 πρόσχες
3322 1801 3380 1855 δὲ
3429 1800 3705 1873 ἐπιμελῶς
3729 1798 3827 1852 τὸν

561 1915 705 1969 enim
759 1912 887 1984 quis
944 1910 1035 1966 hic
1085 1909 1306 1965 tandem
1362 1899 1731 1981 intellig’atur?
1782 1926 1977 1981 nempe
2027 1926 2139 1966 non

560 2008 645 2060 vir
675 2003 923 2060 mortalis
951 2003 1131 2062 ullus.
1162 2016 1227 2056 ac
1255 2016 1325 2057 ne
1372 2003 1634 2073 angelica:
1661 2002 1881 2074 quidem
1930 2011 2139 2060 natura:

559 2099 872 2172 quispiam,
909 2097 1004 2169 qui
1047 2111 1077 2151 a
1118 2094 1233 2152 Deo
1263 2096 1484 2167 quidem
1538 2097 1611 2152 sit
1650 2096 1860 2162 factus,
1897 2098 1953 2151 in
1981 2105 2141 2154 aeter-

565 2209 698 2249 num
750 2206 883 2247 vero
960 2188 1221 2246 sacerdos
1265 2190 1636 2254 constitutus,
1683 2190 1780 2246 sed
1834 2192 1985 2247 solus
2051 2192 2140 2248 ille

560 2283 655 2355 qui
689 2283 747 2338 in
779 2283 850 2338 iis
874 2322 890 2348 ,
923 2297 1046 2354 quae
1088 2288 1249 2337 antea
1303 2281 1590 2337 citavimus
1640 2282 1910 2347 oraculis,
1959 2283 2134 2338 dixit:

567 2397 584 2428 ι
617 2374 837 2431 Creavit
889 2389 974 2429 me
1033 2372 1248 2427 initium
1307 2372 1518 2426 viarum
1579 2386 1806 2427 suarum
1862 2372 1920 2427 in
1971 2387 2137 2443 opera

560 2485 682 2524 sua.
742 2464 884 2521 Ante
946 2464 1204 2519 saeculum
1261 2460 1511 2536 fundavit
1567 2478 1692 2527 me,
1750 2464 1806 2518 in
1865 2464 2138 2534 principio

561 2568 853 2631 antequam
914 2563 1126 2611 montes
1180 2554 1579 2618 stabilirentur,
1646 2561 1702 2609 et
1755 2562 1883 2610 ante
1944 2570 2137 2611 omnes

559 2654 729 2709 colles
762 2651 935 2724 gignit
963 2664 1047 2703 me
1083 2649 1147 2701 η.
1180 2668 1199 2701 ι
1229 2647 1443 2704 Adhibe
1471 2663 1601 2703 vero
1629 2649 1876 2703 animum
1907 2649 2137 2720 diligen-

562 2761 668 2810 ter,
712 2752 767 2802 et
805 2743 1191 2816 cogitationem
1233 2740 1491 2819 intende,
1534 2748 1651 2797 tum
1697 2742 1766 2798 ad
1815 2746 2135 2813 praesentem

559 2837 872 2908 psalmum,
904 2842 1020 2889 tum
1050 2831 1120 2887 ad
1162 2846 1257 2888 eas
1321 2847 1445 2903 qua:
1480 2839 1640 2886 antea
1701 2831 1964 2901 expositae
2007 2838 2137 2886 sunt

562 2944 749 2985 voces.
773 2925 835 2982 In
857 2925 962 2981 hoc
985 2925 1130 2982 enim
1155 2924 1432 2996 ingenitus
1461 2921 1607 2977 Deus
1637 2937 1761 2977 eum
1789 2919 1883 2990 qui
1918 2921 1988 2975 ab
2016 2921 2137 2990 ipso

558 3028 674 3087 est,
701 3027 759 3075 et
800 3026 990 3075 noster
1035 3016 1302 3072 Dominus
1354 3022 1479 3079 est,
1539 3014 1738 3069 sedere
1782 3027 1968 3069 secum
2025 3027 2135 3067 una

548 3114 743 3185 jubet,
794 3111 1023 3167 dicens:
1057 3127 1076 3160 ι
1107 3106 1247 3163 Sede
1290 3122 1322 3161 a
1365 3105 1577 3161 dextris
1610 3104 1766 3159 meis.
1800 3123 1819 3155 ι
1851 3102 1912 3158 ln
1963 3104 2134 3159 altero

2240 1897 2384 1962 νοῦν,
2414 1900 2713 1970 ἐπιστήσας
2741 1897 2821 1969 τῷ
2850 1914 2911 1950 τε
2944 1896 3171 1968 παρόντι
3215 1893 3437 1967 ψαλμῷ,
3471 1895 3568 1948 καὶ
3603 1894 3723 1957 ταῖς
3762 1892 3829 1944 ὲν

2239 1990 2316 2061 τῷ
2344 1991 2449 2064 πρὸ
2486 1990 2675 2044 τούτου
2714 1989 3135 2062 παρατεθείσαις
3173 1991 3395 2059 φωναῖς.
3444 1988 3532 2041 Ἐν
3570 1985 3668 2058 μὲν
3712 1985 3829 2056 γάρ

2239 2083 2412 2155 τούτῳ
2444 2085 2473 2137 6
2504 2083 2764 2138 ἀνωτάτω
2796 2081 2930 2144 Θεὸς
2964 2079 3252 2152 σύνθρονον
3296 2079 3386 2133 τὸν
3424 2078 3696 2150 δεύτερον,
3727 2077 3828 2131 καὶ

2237 2175 2396 2247 ἡμῶν
2423 2175 2648 2247 Κύριον,
2681 2172 2875 2229 ἑαυτοῦ
2908 2172 3214 2242 καθίστησι,
3241 2172 3457 2241 λέγωνυ
3481 2190 3499 2222 ι
3539 2169 3724 2224 Κάθου
3756 2170 3827 2221 ὲκ

2237 2265 2423 2332 δεξιῶν
2454 2284 2592 2339 μου’
2629 2288 2647 2319 ι
2681 2268 2737 2319 ἐν
2785 2265 2844 2318 δὲ
2886 2264 2964 2336 τῷ
3009 2265 3114 2336 πρὸ
3151 2263 3343 2317 τούτου
3376 2263 3468 2317 τὸν
3501 2262 3690 2335 θρόνον
3737 2261 3825 2323 εἰς

2239 2359 2411 2413 αἰῶνα
2443 2361 2638 2425 αἰῶνος
2674 2360 2965 2434 διαμένειν,
2999 2362 3029 2415 6
3059 2359 3214 2429 λόγος
3257 2357 3478 2428 ἔφησεν,
3518 2354 3653 2425 ὁμοῦ
3688 2351 3828 2408 Θεὸν

2240 2450 2400 2505 αὐτὸν
2433 2451 2777 2524 ἀναγορεύων
2809 2453 2875 2506 δι’
2915 2445 2989 2505 ὧν
3022 2467 3216 2522 φησιν’
3253 2468 3273 2502 ι
3316 2448 3375 2500 '0
3409 2447 3596 2517 θρόνος
3634 2462 3749 2509 σου,
3790 2444 3829 2499 ὁ

2238 2543 2389 2607 Θεὸς,
2420 2546 2500 2607 εἰς
2532 2544 2621 2597 τὸν
2652 2544 2824 2598 αἰῶνα
2855 2543 2946 2597 τοῦ
2980 2542 3191 2604 αἰῶνος.
3235 2559 3253 2592 ι
3293 2539 3463 2592 Πάλιν
3495 2539 3554 2590 ὲν
3604 2537 3703 2608 μὲν
3739 2534 3825 2606 τῷ
3931 2587 3938 2593 .

2242 2633 2381 2705 μετὰ
2411 2637 2617 2704 χεῖρας,
2658 2652 2677 2684 ι
2721 2633 2961 2698 Ῥάϐδον,
2998 2653 3017 2685 ι
3050 2632 3204 2704 φησι,
3252 2650 3271 2682 ι
3314 2631 3595 2701 δυνάμεως
3625 2628 3826 2693 ἐξαπο-

2240 2724 2413 2777 στελεί
2446 2742 2526 2777 σοι
2553 2724 2755 2795 Κύριος
2781 2727 2846 2779 ὲκ
2873 2724 3038 2779 Σιών’
3081 2744 3099 2776 ι
3130 2726 3187 2777 ὲν
3212 2724 3257 2777 δ’
3287 2723 3500 2792 ἐκείνῳ,
3535 2740 3554 2772 ι
3599 2720 3822 2783 Ῥἀϐδος

2238 2816 2529 2888 εὐθύτητος
2558 2820 2592 2889 ὴ
2622 2817 2816 2889 ῥάϐδος
2842 2818 2942 2889 τῆς
2976 2817 3251 2889 βασιλείας
3279 2833 3393 2869 σου.
3436 2835 3456 2868 ι
3492 2816 3601 2869 Καὶ
3621 2810 3821 2877 αὖθιςό

2240 2908 2337 2978 μὲν
2387 2908 2576 2979 παρών
2614 2925 2779 2980 φησι·
2817 2928 2835 2961 ι
2876 2909 3060 2963 Κάθου
3107 2911 3172 2962 ὲκ
3211 2906 3401 2974 δεξιῶν
3451 2923 3573 2977 μου,
3609 2906 3715 2970 ἕως
3751 2906 3824 2960 ἂν

2237 2998 2314 3052 θῶ
2344 3000 2472 3064 τοὺς
2510 2998 2737 3072 ἐχθρούς
2777 3016 2870 3053 σου
2909 3001 3200 3056 ὑποπόδιον
3239 3000 3348 3054 τῶν
3374 2999 3549 3053 ποδῶν
3581 3015 3694 3063 σου,
3724 2999 3824 3052 καὶ

2237 3091 2689 3164 κατακυριεύσεις
2732 3093 2791 3144 ὲν
2844 3093 2995 3164 μέσῳ
3037 3093 3146 3147 τῶν
3202 3092 3410 3165 ἐχθρῶν
3456 3109 3585 3145 σου⁹
3635 3111 3654 3143 ι
3702 3093 3731 3145 6
3761 3090 3822 3144 δὲ

560 3220 721 3267 vero,
752 3217 916 3274 quem
960 3207 1087 3255 ante
1117 3199 1264 3254 hunc
1294 3198 1470 3268 ipsum
1513 3196 1870 3267 exposuimus
1892 3235 1907 3259 ,
1945 3194 2130 3250 sedem

2236 3182 2502 3255 πρόσθεν·
2539 3204 2558 3236 ι
2590 3184 2670 3238 Τὰ
2704 3184 2829 3257 βέλη
2864 3201 2957 3238 σου
2989 3184 3323 3257 ἠκονημένα,
3358 3183 3561 3238 δυνατὰ
3593 3186 3651 3237 ὲν
3685 3200 3825 3255 καρ-

558 3300 614 3351 iu
644 3296 903 3351 saeculum
934 3292 1120 3350 saeculi
1164 3305 1420 3354 manere,
1463 3289 1747 3344 oraculum
1795 3287 2130 3351 afﬁrmabat,

558 3389 729 3446 Deum
766 3387 985 3442 interim
1018 3385 1174 3440 illum
1206 3383 1489 3455 appellans
1508 3363 1577 3437 .in
1624 3382 1733 3437 illis
1778 3380 1994 3445 verbis,
2039 3379 2132 3434 ubi

555 3482 676 3538 ait:
718 3499 738 3531 ι
778 3477 948 3534 Sedes
988 3484 1091 3532 tua
1144 3474 1290 3531 Deus
1339 3474 1396 3529 in
1448 3474 1711 3530 saeculum
1767 3471 1955 3528 saeculi
2001 3472 2067 3528 ".
2108 3490 2126 3523 ι

556 3572 774 3630 Rursus
823 3570 879 3625 in
935 3584 1003 3625 eo
1055 3568 1151 3640 qui
1205 3582 1354 3622 nunc
1411 3566 1553 3621 inter
1606 3580 1802 3620 manus
1853 3570 2131 3630 versatur,

561 3684 582 3719 ι
611 3665 852 3735 virgam,
909 3661 1126 3731 inquit,
1167 3658 1392 3714 virtutis
1440 3658 1652 3713 emittet
1704 3656 1801 3711 tibi
1867 3655 2132 3712 Dominus

552 3774 623 3816 ex
656 3757 786 3813 Sion
819 3755 884 3820 “,
927 3774 945 3805 ι
983 3753 1041 3809 in
1089 3752 1184 3806 illo
1229 3757 1412 3805 autem
1438 3791 1454 3816 ,
1505 3768 1526 3802 ι
1561 3750 1717 3820 virga
1765 3747 2085 3804 directionis
2111 3786 2130 3812 ,

546 3850 707 3921 virga
760 3845 916 3919 regni
975 3846 1055 3900 tui
1086 3844 1150 3898 η.
1188 3862 1207 3895 ι
1242 3841 1309 3896 Ει
1358 3856 1554 3898 rursus
1600 3840 1689 3896 hic
1737 3839 1961 3912 quidem
2011 3839 2128 3893 ait:

558 3961 581 3996 ι
611 3940 753 3997 Sede
804 3956 833 3995 a
888 3937 1098 3994 dextris
1154 3935 1333 3997 meis.
1382 3934 1558 3990 donec
1617 3948 1818 4004 ponam
1878 3932 2132 3987 inimicos

553 4044 680 4095 tuos
733 4030 1030 4092 scabellum
1078 4028 1278 4101 pedum
1330 4034 1590 4097 tuorum,
1646 4033 1701 4081 et
1757 4024 2131 4081 dominaberis

442 4174 446 4180 .
554 4126 612 4182 in
645 4122 827 4181 medio
859 4120 1210 4177 inimicorum
1257 4128 1475 4174 tuorum
1506 4118 1576 4172 ³⁸.
1607 4135 1626 4169 ι
1651 4113 1748 4172 Ille
1784 4130 1918 4172 vero
1938 4157 1953 4181 ,
1993 4134 2012 4168 ι
2041 4129 2131 4170 sa-

442 4210 448 4219 ⁴
551 4217 702 4290 gitur.
750 4223 858 4270 tua:
908 4220 1111 4278 acutae,
1162 4218 1417 4283 potentes
1462 4210 1519 4265 in
1565 4208 1734 4266 corde
1780 4208 2126 4263 inimicorum

550 4308 719 4378 regis.
748 4326 767 4360 ι
792 4305 936 4376 Ergo
965 4304 1131 4360 etiam
1162 4318 1225 4359 ea
1255 4317 1376 4374 quae
1402 4301 1470 4356 ad
1500 4300 1642 4371 ejus,
1660 4299 1728 4354 de
1755 4314 1864 4369 quo
1893 4298 2125 4369 agimus,

550 4400 807 4457 inimicos
849 4399 1155 4470 pertinent,
1205 4396 1262 4449 in
1302 4402 1538 4464 utroque
1576 4392 1681 4449 sibi
1729 4393 1847 4462 ipsa
1892 4406 2129 4446 consen-

550 4490 720 4546 tiunt.
746 4487 881 4555 Quis
909 4502 1040 4557 ergo
1068 4487 1231 4541 modo
1261 4485 1380 4541 suis
1405 4482 1583 4539 oculis
1624 4497 1860 4538 cernens
1902 4481 1958 4534 in
2010 4496 2125 4535 me—
2158 4518 2201 4572 ο

549 4583 658 4638 diis
687 4580 919 4636 urbibus
941 4618 958 4641 ,
992 4578 1048 4632 in
1081 4576 1222 4633 vicis
1257 4593 1323 4633 ac
1363 4575 1713 4647 regionibus,
1745 4574 1802 4628 in
1836 4580 1954 4628 tuto
1992 4572 2127 4628 orbe

548 4672 805 4728 ﬂorentes
858 4669 1158 4725 Salvatoris
1207 4668 1383 4724 nostri
1434 4666 1714 4722 Ecclesias
1744 4707 1759 4733 ,
1812 4672 1867 4721 et
1922 4680 2018 4721 eos
2068 4664 2123 4719 in

547 4763 752 4835 quibus
801 4761 1115 4816 dominatur
1163 4759 1430 4831 populos,
1459 4766 1514 4814 et
1544 4757 1932 4813 innumerabili
1975 4756 2126 4811 viro-

430 4872 437 4880 ·
550 4870 671 4908 rum
701 4851 1050 4908 multitudine
1079 4850 1312 4905 refertos
1358 4856 1694 4911 conventus,
1744 4847 1840 4917 qui
1875 4846 1952 4901 illi
1992 4862 2127 4902 con-

550 4944 751 5000 secrati
782 4952 939 5007 sunt,
971 4943 1179 5014 quique
1204 4942 1447 5014 undique
1476 4947 1592 4995 tum
1634 4938 1705 4994 ab
1747 4938 1817 4994 iis
1847 4938 1942 5008 qui
1978 4937 2126 4992 inter

550 5035 799 5091 homines
850 5043 1172 5099 cernuntur,
1224 5044 1336 5089 tum
1388 5033 1457 5087 ab
1509 5030 1894 5101 etl‘ugientibus
1942 5029 2123 5086 visum

548 5135 799 5182 nostrum
820 5165 835 5190 ,
880 5135 933 5181 et
972 5126 1205 5181 occultis
1252 5123 1494 5178 inimicis
1524 5128 1688 5191 atque
1718 5119 1969 5175 hostibus
2001 5119 2122 5189 ejus

548 5216 812 5273 doctrina:
846 5234 968 5289 quae
1001 5233 1031 5271 a
1072 5216 1295 5273 Christo
1331 5214 1530 5269 tradita
1560 5220 1645 5268 est
1670 5254 1684 5275 ,
1722 5212 2118 5277 circumsessi,

549 5325 662 5364 non
693 5308 996 5364 admiretur
1024 5318 1265 5378 prae‘sens
1315 5305 1634 5368 oraculum,
1687 5303 1832 5373 quod
1885 5301 1954 5356 ad
2001 5303 2121 5372 ejus

550 5414 842 5471 personam
871 5400 1213 5453 enuntiatum
1244 5404 1358 5461 est,
1390 5404 1444 5451 et
1474 5394 1542 5450 de
1585 5408 1695 5464 quo
1740 5393 1830 5448 hic
1877 5394 2119 5458 canitur,

548 5491 682 5547 illud
738 5491 964 5561 utique:
1006 5508 1024 5541 ι
1067 5490 1358 5545 Dominare
1414 5488 1470 5542 in
1530 5486 1716 5542 medio
1769 5487 2120 5544 inimicorum

547 5585 814 5640 tuorum?
844 5605 862 5636 ι
895 5583 1097 5639 Deinde
1135 5584 1393 5655 quoniam
1432 5583 1488 5637 in
1528 5599 1593 5637 eo
1640 5586 1735 5653 qui
1786 5584 2118 5648 antecessit,

546 5681 754 5735 dir-tum
783 5687 868 5734 est
900 5679 1051 5733 illum
1098 5686 1325 5732 unctum
1373 5692 1497 5732 esse
1526 5676 1688 5746 222
1716 5676 1838 5731 oleo
1863 5676 2110 5731 exsulta-

619 5795 664 5829 “
701 5793 863 5851 Prov.
902 5810 1020 5859 Vlll,
1054 5794 1243 5850 239.5.
1325 5796 1365 5826 "
1403 5792 1548 5853 Psal.
1576 5809 1722 5861 xuv,
1758 5793 1809 5851 7.
1888 5794 1930 5827 ¹⁸
1964 5792 2103 5851 Psal.

2240 5794 2330 5862 ,2.
2424 5796 2467 5828 ¹⁹
2501 5792 2645 5851 Psal.
2679 5809 2820 5862 xuv,
2864 5795 2916 5851 7.

2232 3276 2320 3347 δία
2342 3275 2449 3329 τῶν
2477 3275 2688 3349 ἐχθρῶν
2730 3276 2824 3330 τοῦ
2854 3275 3137 3347 βασιλέως.
3172 3295 3191 3327 ›
3228 3276 3437 3330 Οὐκοῦν
3468 3273 3562 3329 καὶ
3591 3274 3659 3327 τὰ
3692 3273 3825 3346 περὶ

2232 3367 2341 3421 τῶν
2374 3367 2586 3440 ἐχθρῶν
2609 3368 2701 3422 τοῦ
2745 3368 3075 3441 δηλουμένου
3118 3370 3176 3423 ὲν
3214 3367 3545 3440 ἀμφοτέροις
3584 3367 3819 3438 συνᾴδει.

2233 3460 2330 3525 Τίς
2350 3460 2486 3532 δῆτα
2504 3455 2618 3526 οῦν,
2643 3459 2939 3532 ὀφθαλμοῖς
2958 3460 3101 3533 ὁρῶν
3123 3462 3182 3517 ὲν
3209 3460 3401 3532 μέσαις
3430 3462 3552 3522 ταῖς
3578 3459 3820 3523 πόλεσιν,

2233 3552 2291 3607 ἐν
2305 3571 2363 3607 τε
2383 3552 2599 3624 κώμαις
2616 3552 2709 3607 καὶ
2728 3550 2951 3624 χώραις,
2970 3551 3091 3606 καθ’
3114 3551 3242 3623 ὅλης
3262 3569 3323 3605 τε
3351 3552 3450 3623 τῆς
3473 3550 3821 3622 οἰκουμένης,

2232 3642 2498 3708 ἀνθούσας
2543 3643 2644 3707 τὰς
2685 3643 2781 3697 τοῦ
2821 3644 3075 3716 Σωτῆρος
3123 3641 3280 3715 ἡμῶν
3312 3641 3665 3713 Ἐκκλησίας,
3695 3640 3824 3704 τούς

2231 3753 2291 3789 τε
2328 3736 2464 3808 πρὸς
2504 3735 2669 3789 αὑτοῦ
2713 3736 3133 3807 κυριευομένους
3179 3734 3365 3800 λαοὺς,
3396 3734 3494 3788 καὶ
3516 3733 3823 3807 μυρίανδρα

2234 3827 2415 3901 πλήθη
2431 3827 2539 3881 τῶν
2559 3826 2709 3899 αὐτῷ
2736 3826 3194 3898 καθωσιωμένων,
3216 3827 3551 3898 πανταχόθεν
3577 3828 3685 3882 ὑπὸ
3708 3825 3823 3881 τῶν

2230 3920 2521 3994 ὁρωμένων
2555 3938 2615 3975 τε
2644 3922 2704 3975 ὲν
2742 3920 3073 3994 ἀνθρώποις,
3102 3920 3351 3993 ἀοράτων
3383 3938 3444 3974 τε
3471 3921 3567 3974 καὶ
3592 3918 3819 3989 ἀφανῶν

2231 4012 2462 4085 ἐχθρῶν,
2493 4012 2588 4066 καὶ
2636 4011 2910 4083 πολεμίων
2940 4012 3039 4084 τῆς
3069 4010 3163 4066 τοῦ
3203 4011 3439 4085 Χριστοῦ
3468 4011 3819 4075 διδασκαλίας

2231 4104 2596 4177 κυκλούμενα,
2625 4104 2725 4158 οὐκ
2749 4105 2815 4160 ἂν
2841 4104 3139 4175 θαυμάσειε
3165 4104 3256 4158 τδν
3285 4105 3525 4176 παρόντα
3546 4103 3814 4177 χρησμὸν,

2230 4200 2311 4263 εἰς
2360 4198 2650 4272 πρόσωπον
2682 4198 3110 4270 ἀναφωνηθέντα
3133 4196 3229 4251 τοῦ
3260 4197 3672 4270 θεσπιζομένου,
3714 4198 3777 4251 τό
3798 4215 3811 4227 '

2237 4309 2256 4342 ι
2295 4291 2670 4364 Κατακυρίευε
2718 4292 2776 4344 ἐν
2836 4291 2987 4362 μέσῳ
3039 4291 3149 4344 τῶν
3209 4290 3419 4364 ἐχθρῶν
3466 4309 3597 4359 σου;
3652 4311 3670 4344 ι
3704 4293 3819 4346 Καὶ

2230 4386 2527 4458 ἐπειδήπερ
2569 4387 2627 4438 ἐν
2667 4385 2743 4457 τῷ
2784 4384 3019 4456 πρόσθεν
3067 4385 3352 4457 κεχρίσθαι
3392 4386 3472 4457 τῷ
3522 4386 3686 4457 ἐλαίῳ
3716 4386 3819 4458 τῆς

2230 4478 2599 4547 ἀγαλλιάσεως
2632 4478 2783 4549 παρά
2812 4479 2939 4542 τοὺς
2973 4479 3235 4549 μετόχους
3283 4496 3396 4544 σου,
3428 4480 3618 4553 ἱερέων
3644 4480 3701 4534 δὲ
3734 4481 3816 4533 οἱ·-

2232 4574 2375 4624 κεῖον
2406 4567 2474 4643 ἦν
2506 4572 2638 4644 παρ’
2677 4569 2946 4642 Ἑϐραίοις
2972 4571 3032 4625 τὸ
3058 4571 3333 4645 χρίεσθαι·
3364 4574 3588 4638 εἰκότως
3614 4576 3643 4627 6
3676 4573 3816 4644 μετά

2232 4666 2419 4736 χεῖρας
2467 4664 2567 4736 ήδη
2625 4663 2943 4736 λευκότερον
3014 4665 3164 4736 ἱερέα
3229 4667 3390 4721 αὐτὸν
3453 4666 3773 4737 ἐπιφημίζει
3797 4709 3813 4731 ,

2234 4755 2452 4810 πλείονα
2501 4755 2777 4828 προτιθεὶς
2824 4756 2952 4828 περὶ
3002 4756 3167 4811 αὑτοῦ
3214 4758 3581 4821 διδασκαλίαν,
3636 4760 3704 4812 δι’
3747 4756 3819 4832 ἧς

2178 4860 2183 4871 '
2235 4847 2394 4919 μόνον
2424 4847 2586 4902 αὑτὸν
2618 4848 2772 4920 παρά
2807 4851 2934 4913 τοὺς
2975 4850 3196 4903 πώποτε
3235 4848 3453 4904 αἰώνιον
3484 4851 3634 4923 ἰερέα
3675 4846 3818 4905 εἷναι

2231 4938 2511 5003 παιδεύει,
2556 4942 2693 5012 ὅπερ
2752 4941 2976 5013 οὐδεμιᾷ
3032 4940 3320 5014 ἀνθρώπου
3378 4942 3536 5012 φύσει
3591 4943 3817 4997 δυνατὸν

2234 5029 2584 5103 ἐφαρμόζειν.
2634 5032 2794 5086 Κατά
2839 5032 2938 5104 τὴν
2986 5031 3141 5098 τάξιν
3198 5032 3531 5104 Μελχισεδὲκ
3570 5034 3820 5106 ἱερᾶσθαί

2232 5138 2396 5194 φησιν
2434 5122 2614 5189 αὐτὸν,
2646 5124 2783 5196 πρὸς
2830 5122 3230 5196 ἀντιδιαστολὴν
3261 5122 3354 5176 τοῦ
3390 5124 3529 5177 κατά
3561 5126 3658 5195 τὴν
3691 5126 3821 5180 Μω-

2232 5215 2370 5279 σέως
2393 5214 2631 5281 διάταξιν
2674 5217 2884 5289 ἱερέως,
2917 5218 3034 5287 ήτοι
3064 5215 3161 5270 τοῦ
3202 5216 3434 5287 Ἀαρὼν,
3462 5218 3494 5288 ἢ
3548 5236 3638 5271 και
3670 5236 3818 5283 τινος

2228 5307 2338 5360 τῶν
2366 5308 2423 5375 ἐξ
2448 5309 2656 5362 ἐκείνου
2675 5326 2688 5340 ο
2726 5305 2800 5364 ὧν
2825 5310 3054 5373 ἕκαστος
3099 5309 3173 5381 μὴ
3213 5308 3287 5362 ῶν
3317 5310 3580 5382 πρότερον
3611 5311 3813 5383 ἱερεὺς,

2230 5398 2457 5472 ὕστερόν
2483 5417 2615 5454 ποτε
2638 5400 2706 5454 δι’
2724 5400 3024 5474 ἀνθρώπων
3046 5401 3240 5473 ἀλοιφῇ
3262 5419 3367 5455 τινι
3389 5405 3658 5475 σκευαστῇ
3673 5402 3821 5475 χριό-

2233 5507 2412 5557 μενος,
2453 5492 2528 5553 ὼς
2577 5493 2634 5544 ὲν
2678 5492 2868 5553 τύποις
2897 5495 3070 5547 εἰπεῖν
3103 5495 3196 5547 καὶ
3242 5494 3545 5561 συμϐόλοις,
3580 5494 3818 5567 σκιώδης

2228 5600 2311 5647 τις
2342 5584 2435 5637 καὶ
2474 5584 2737 5648 εἰκονικὸς
2770 5584 3003 5656 Χριστὸς
3040 5584 3383 5639 ἀπετελεῖτο’
3411 5584 3547 5639 ἀλλά
3579 5587 3673 5639 καί
3715 5586 3815 5640 ἅτε

2222 5674 2414 5745 θνητὸς
2443 5677 2520 5729 ὢν
2546 5678 2646 5730 οὐκ
2686 5678 2766 5740 εἰς
2795 5676 3005 5747 μακρὸν
3036 5676 3322 5730 ἀπετίθετο
3352 5677 3451 5745 τὴν
3488 5677 3811 5749 ἱερωσύνην.

3018 5796 3077 5869 ὀμ
3094 5794 3237 5853 Psal.
3267 5810 3377 5889 clx,
3400 5794 3454 5856 2.
