4100 6430
319 377 412 433 363

1200 377 1849 436 DEMONSTRATIONIS
1885 378 2342 440 EVANGELICE
2381 383 2508 440 LIB.
2549 385 2615 441 V.

3448 394 3552 455 566

317 491 413 546 Καὶ
448 491 602 564 παρὰ
669 492 770 562 μὲν
815 491 892 562 τῷ
930 492 1195 546 Ἰουδαίων
1237 493 1381 564 μόνῳ
1436 493 1615 563 ἱερᾶτο
1654 491 1785 563 λαῷ,
1819 490 1881 543 οὐ

1987 491 2151 549 tionis
2180 510 2290 565 pm
2324 496 2680 567 participibus
2710 499 2820 555 tuis
2839 542 2854 569 ,
2881 506 2936 556 et
2965 502 3305 558 sacerdotum
3338 504 3391 559 id
3435 518 3556 562 erat

315 584 410 658 μὴν
446 585 542 636 καὶ
572 584 722 654 παρὰ
753 585 864 647 τοῖς
897 583 1074 647 ἄλλοις
1121 583 1344 638 ἔθνεσιν.
1389 582 1546 637 Ἀλλὰ
1593 583 1712 637 οὐδὲ
1764 583 1880 654 μεθ⁶

313 678 652 748 ὁρκωμοσίας
673 675 805 729 Θεοῦ
842 677 932 730 ἐπὶ
963 677 1060 749 τὴν
1091 676 1428 748 λειτουργίαν
1454 677 1672 749 παρῄει,
1701 676 1881 748 κρίσει

310 771 357 824 δὲ
386 768 693 840 ἀνθρώπων
720 768 1044 840 τιμώμενοςο
1092 771 1167 834 ὡς
1217 771 1310 824 καί
1344 788 1473 824 ποτε
1505 770 1578 842 μὴ
1618 769 1764 836 ἄξιον
1794 771 1882 822 εὑ-

311 860 591 931 ρίσκεσθαι
637 863 694 913 ὲν
737 863 918 925 αὐτοῖς
955 863 1054 934 τῆς
1102 863 1194 915 τοῦ
1235 861 1369 915 Θεοῦ
1415 861 1727 934 θεραπείας,
1772 857 1882 925 οἷος

309 953 717 1024 ἀναγέγραπται
745 957 773 1007 6
806 953 971 1008 Ἡλεί.
1017 955 1137 1007 Ἔτι
1185 955 1319 1026 πρὸς
1346 954 1555 1018 τούτοις
1587 956 1614 1007 6
1653 953 1880 1018 παλαιὸς

307 1048 509 1109 ἐκεῖνος
545 1047 744 1118 ἱερεὺς,
777 1047 804 1098 6
834 1047 971 1100 κατὰ
1011 1047 1110 1118 τὴν
1139 1047 1379 1110 Μωσέως
1398 1047 1655 1112 διάταξιν,
1699 1047 1761 1100 ὲκ
1788 1047 1882 1117 μό-

305 1157 399 1210 νης
427 1140 736 1210 ἐξεκρίνετο
767 1139 936 1211 φυλῆς
973 1141 1072 1210 τῆς
1115 1141 1264 1194 Λευϊ·
1318 1141 1422 1194 ἔδει
1461 1141 1518 1194 δὲ
1555 1141 1614 1206 ἐξ
1645 1142 1880 1206 ἅπαντος

304 1233 396 1286 καὶ
419 1232 482 1285 τὸ
505 1234 662 1300 γένος
684 1235 748 1286 ὲκ
772 1234 870 1304 τῆς
888 1231 979 1285 τοῦ
1006 1232 1212 1306 Ἀαρὼν
1226 1233 1473 1305 διαδοχῆς
1495 1234 1652 1287 αὐτὸν
1669 1235 1875 1305 φέρειν,

305 1324 507 1394 θύμασί
552 1343 612 1378 τε
660 1325 812 1390 ζώων
853 1327 1060 1395 ἀλόγων
1105 1327 1196 1380 καὶ
1230 1329 1443 1398 αἵμασι,
1488 1331 1768 1398 σωματικῇ
1815 1345 1877 1396 γε

303 1417 529 1489 λατρεία
562 1418 884 1487 θεραπεύειν
915 1419 975 1472 τὸ
1003 1419 1163 1472 θεῖον.
1211 1420 1267 1472 '0
1298 1420 1353 1472 δὲ
1388 1420 1719 1491 Μελχισεδὲκ
1747 1422 1880 1475 ὠνο-

308 1509 608 1579 μασμένος,
639 1509 668 1562 ὃ
696 1509 1164 1580 μεταλαμϐάνεται
1192 1512 1270 1573 εἱς
1297 1510 1394 1581 τὴν
1429 1512 1650 1566 Ἐλλάδα
1677 1513 1874 1585 φωνὴν,

304 1600 562 1669 βασιλεὺς
590 1600 951 1670 δικαιοσύνης,
986 1602 1176 1655 ἔπειτα
1212 1602 1463 1673 βασιλεὺς
1495 1603 1704 1677 Σαλὴμ,
1733 1605 1761 1657 ὃ
1787 1606 1878 1659 καὶ

303 1691 437 1742 αὐτὸ
466 1691 534 1744 ἂν
577 1691 662 1763 εἴη
716 1690 966 1761 βασιλεὺς
1010 1695 1264 1767 εἰρήνης,
1318 1699 1567 1770 ἀπάτωρ,
1624 1701 1874 1772 ἀμήτωρ,

299 1780 748 1853 ἀγενεαλόγητος,
776 1786 875 1838 ούκ
913 1785 1049 1856 ἔχων
1079 1789 1217 1842 κατὰ
1248 1788 1346 1861 τὴν
1382 1793 1620 1862 ἱστορίαν
1646 1793 1746 1846 οὐκ
1778 1794 1878 1866 ἀρ-

433 1875 676 1946 ήμερῶν,
711 1877 771 1930 ού
814 1855 971 1950 ζωῆς
1003 1879 1174 1948 τέλος,
1203 1855 1316 1935 ἀλλῖ
1345 1883 1463 1937 οὐδὲ
1495 1855 1672 1938 κοινόν
1701 1903 1752 1938 τι
1782 1855 1878 1956 φέ-
1909 1855 1952 1909 Β

301 1983 416 2036 ρων
467 1967 604 2037 πρὸς
655 1968 746 2021 τὸν
792 1970 891 2041 τῆς
932 1969 1027 2023 τοῦ
1064 1971 1270 2044 Ἀαρὼν
1316 1975 1611 2046 ἱερωσύνης
1656 1977 1876 2046 τρόπον.

299 2057 445 2111 υῦτε
482 2058 591 2130 γὰρ
636 2061 723 2112 ὑπ’
751 2061 1066 2134 ,ἀνθρώπων
1101 2064 1300 2136 ᾕρητο,
1343 2067 1442 2120 οὐκ
1483 2067 1645 2138 ἐλαίῳ
1687 2085 1880 2121 σκευα-

305 2150 420 2220 στῷ
453 2150 738 2222 κέχριστο,
774 2155 836 2207 οὐ
872 2153 946 2225 (l)
972 2155 1128 2224 γένος
1173 2153 1241 2229 ἦν
1286 2158 1394 2210 τῶν
1431 2159 1562 2230 μηδὲ
1608 2161 1880 2229 φανέντων

476 2244 570 2296 καὶ
628 2243 689 2298 τὸ
739 2245 952 2299 πάντων
1000 2263 1064 2315 γε
1109 2247 1564 2321 παραδοξότατον,
1619 2251 1698 2303 ὅτι
1749 2251 1881 2322 μηδὲ

299 2331 406 2404 ἣν
461 2334 639 2406 σάρκα
696 2337 1090 2408 περιτέτμητο,
1145 2339 1239 2391 καὶ
1290 2339 1440 2410 ὅμως
1486 2338 1576 2391 τὸν
1636 2338 1882 2410 Ἀϐραὰμ

300 2425 557 2494 εὐλογεῖ,
614 2429 764 2482 ὠσὰν
832 2430 966 2484 πολὺ
1033 2427 1294 2502 κρείττων
1359 2430 1523 2484 αὐτοῦ
1576 2431 1878 2502 τυγχάνων.

314 2517 480 2570 Ἀλλὰ
538 2519 660 2571 οὐδὲ
713 2519 922 2584 θυσίαις
977 2521 1069 2574 καὶ
1123 2521 1370 2584 σπονδαῖς
1417 2520 1494 2592 τῷ
1543 2521 1748 2592 ὑψίστῳ
1807 2523 1882 2574 ἱε-

305 2611 441 2676 ρᾶτο
471 2610 608 2681 Θεῷ,
647 2612 768 2665 οὐδὲ
817 2613 921 2683 μὴν
975 2612 1126 2686 παρὰ
1174 2612 1252 2684 τῷ
1296 2616 1354 2666 ὲν
1397 2613 1744 2685 Ἰερουσαλὴμ
1771 2614 1882 2685 ναῷ

301 2701 405 2771 τὴν
435 2702 772 2775 λειτουργίαν
814 2705 1072 2769 ἐξετέλειο
1125 2706 1244 2770 πῶς
1287 2706 1396 2778 γὰρ
1439 2706 1514 2778 τῷ
1563 2707 1694 2779 μηδὲ
1737 2706 1880 2772 livet;

300 2791 544 2857 Εἰκότως
558 2790 669 2859 οὖν,
693 2797 814 2848 ἐπεὶ
849 2799 942 2850 καὶ
955 2797 1032 2868 τῷ
1051 2799 1302 2870 ἡμετέρῳ
1322 2799 1531 2870 Σωτῆρι
1545 2799 1622 2878 τῷ
1642 2800 1880 2872 Χριστῷ,

297 2885 460 2938 οὐδὲν
491 2887 592 2956 μὲν
632 2887 710 2958 τῷ
749 2888 953 2962 ’Λαρὼν
996 2891 1234 2962 ἐμφερὲς
1265 2891 1456 2963 ἔμελλε
1491 2894 1878 2966 συμϐήσεσθαι.

305 2979 448 3032 Οὔτε
500 2980 608 3053 γὰρ
668 2983 740 3054 μὴ
784 2982 860 3035 ῶν
903 2984 1204 3058 πρότερον,
1255 2986 1481 3059 ὕστερόν
1527 2987 1661 3040 ποθ’
1706 2991 1883 3062 ἱερεὺς

303 3073 709 3140 ἀναδέδεικται,
765 3077 860 3129 καὶ
917 3076 1094 3147 ἱερεὺς
1138 3079 1198 3132 ού
1251 3079 1566 3151 γενόμενος,
1609 3081 1743 3136 ἀλλὰ
1787 3081 1880 3136 ῶν.

1983 583 2262 653 proprium
2293 586 2437 656 apud
2469 586 2726 644 Hebraeos
2759 599 2819 644 ut
2851 601 3187 663 ungerentur
3213 613 3227 650 :
3266 599 3463 652 merito
3498 599 3552 653 in

1982 691 2048 730 eo
2078 692 2238 746 quem
2272 695 2420 734 nunc
2454 688 2794 746 tractamus,
2842 684 2956 754 jam
3002 687 3207 744 clarius
3249 699 3304 744 et
3349 693 3554 747 certius

1983 766 2134 820 illum
2169 779 2460 826 consecrat
2488 774 2831 830 sacerdotem
2855 815 2870 840 ,
2906 777 3061 846 plura
3087 779 3250 832 etiam
3293 781 3359 836 de
3404 784 3554 840 illius

1982 861 2232 916 doctrina
2264 880 2611 934 proponens,
2657 883 2754 938 per
2791 884 2955 940 quam
3003 872 3180 938 ipsum
3222 874 3398 929 solum
3443 891 3557 947 pm

1982 956 2294 1012 hominibus
2323 960 2416 1028 qui
2448 976 2690 1030 unquam
2721 971 2816 1016 aut
2849 963 3054 1018 fuerint
3081 974 3174 1019 aut
3204 966 3373 1022 futuri
3406 971 3552 1042 sint,

1981 1055 2244 1100 aeternum
2273 1049 2615 1104 sacerdotem
2658 1066 2782 1106 esse
2824 1052 3200 1119 demonstrat,
3245 1058 3391 1126 quod
3423 1075 3555 1116 sane

1980 1153 2252 1209 nusquam
2294 1147 2353 1194 ut
2399 1141 2497 1195 ulli
2547 1151 2756 1198 naturae
2801 1144 3040 1202 hominis
3085 1149 3552 1220 accommodetur,

1983 1229 2098 1285 ﬁeri
2158 1234 2377 1301 poterit.
2418 1231 2730 1290 Secundum
2769 1237 3015 1293 ordinem
3064 1239 3422 1296 Melchisedec
3468 1259 3558 1298 sa-

1979 1326 2255 1382 cerdotem
2318 1331 2582 1384 constitui
2639 1331 2788 1385 illum
2843 1332 2952 1395 ait,
3008 1341 3068 1386 ut
3118 1334 3186 1387 ab
3231 1350 3298 1388 eo
3344 1336 3558 1392 diﬂ‘erat

1985 1417 2080 1485 qui
2111 1418 2409 1472 secundum
2448 1419 2614 1476 Musis
2648 1422 3092 1477 constitutionem
3129 1433 3246 1479 erat
3278 1428 3552 1491 sacerdos,

1978 1509 2072 1577 qui
2107 1510 2324 1579 quidem
2361 1519 2454 1564 aut
2493 1511 2672 1566 Aaron
2721 1506 2816 1566 sit'
2842 1513 3226 1582 accipiendus,
3275 1528 3370 1571 aut
3415 1519 3558 1575 alius

1978 1603 2250 1672 quispiam
2284 1619 2346 1657 ex
2380 1604 2448 1658 iis
2491 1605 2584 1673 qui
2643 1606 2712 1658 ab
2744 1605 2838 1659 illo
2878 1606 3096 1660 oriundi
3131 1608 3284 1663 sint:
3320 1626 3556 1679 quorum

1977 1695 2207 1764 quisque
2236 1709 2359 1748 cum
2391 1695 2543 1764 prius
2572 1695 2831 1751 sacerdos
2875 1713 2984 1751 non
3028 1708 3212 1763 esset,
3273 1704 3552 1770 posterius

1979 1786 2270 1857 aliquando
2316 1801 2412 1856 per
2457 1786 2709 1842 homines
2761 1799 3039 1864 unguento
3094 1794 3332 1862 quodam
3379 1799 3554 1850 artiﬁ-

1980 1878 2129 1935 ciose
2166 1880 2416 1937 confecto
2451 1883 2775 1953 ungebatur,
2817 1889 2872 1936 et
2917 1883 2998 1936 sic
3046 1883 3275 1951 ﬁgurate
3303 1927 3317 1951 ,
3367 1896 3427 1940 ut
3479 1888 3554 1943 ita

1980 1973 2156 2028 dicam
2178 2012 2194 2038 ,
2224 1982 2278 2028 et
2312 1990 2409 2044 per
2435 1977 2590 2044 signa
2622 1975 2867 2044 quaedam
2891 2015 2905 2036 ,
2941 1975 3299 2033 adumbratus
3330 1979 3552 2050 quidam

1979 2072 2033 2119 et
2064 2064 2423 2135 imaginarius
2447 2065 2704 2121 Christus
2732 2064 3066 2120 efﬁciebatur
3096 2085 3107 2120 :
3145 2080 3402 2138 prmterea
3430 2078 3555 2126 tan-

1979 2171 2143 2224 quam
2176 2156 2223 2210 is
2255 2157 2348 2227 qui
2400 2157 2647 2212 mortalis
2683 2166 2864 2223 esset,
2907 2157 3052 2214 haud
3092 2160 3167 2214 ita
3216 2163 3388 2217 multo
3431 2176 3555 2234 post

1983 2247 2352 2302 sacerdotium
2405 2249 2735 2318 deponebat.
2793 2248 2945 2304 Adde
2993 2251 3141 2321 quod
3192 2255 3337 2323 apud
3380 2271 3553 2310 unum

1980 2336 2292 2394 Iudaeorum
2346 2342 2608 2411 p0pulum
2668 2341 2974 2396 sacerdotio
3030 2342 3382 2414 fungebatur,
3443 2364 3554 2402 non

1982 2438 2166 2485 autem
2207 2433 2351 2503 apud
2379 2433 2516 2489 alias
2550 2435 2679 2490 item
2716 2436 2992 2490 nationes.
3033 2435 3222 2506 Neque
3261 2455 3392 2494 vero
3426 2455 3555 2494 cum

1977 2524 2344 2594 jurejurando
2372 2526 2505 2591 Dei,
2539 2527 2606 2583 ad
2637 2528 2803 2583 talem
2853 2528 3188 2584 functionem
3229 2531 3553 2594 accedebat,

1985 2615 2080 2671 sed
2109 2617 2319 2686 judicio
2365 2617 2650 2674 hominum
2681 2618 2906 2674 eleCtus.
2940 2617 3125 2689 Itaque
3163 2636 3556 2691 nonnunquam

1984 2707 2145 2763 etiam
2190 2710 2389 2781 aliquis
2435 2727 2502 2766 ex
2543 2711 2653 2767 illis
2697 2713 2952 2769 inventus
2989 2723 3072 2768 est
3113 2709 3208 2766 tali
3251 2715 3558 2769 ministerio

1984 2816 2095 2855 non
2125 2801 2356 2872 dignus,
2399 2804 2580 2873 qualis
2613 2803 2732 2859 Heli
2776 2805 2937 2874 plane
2981 2805 3293 2876 descriptus
3335 2817 3440 2862 est.
3476 2807 3560 2862 Ad

1985 2895 2132 2960 haec,
2177 2904 2337 2952 vetus
2387 2896 2478 2953 ille
2527 2898 2826 2961 sacerdos,
2871 2899 2964 2968 qui
3017 2914 3048 2952 a
3093 2898 3240 2954 Mose
3271 2898 3560 2954 institutus

1986 2988 2193 3055 fuerat,
2222 3006 2289 3045 ex
2321 2990 2438 3046 sola
2465 2991 2614 3045 tribu
2645 2990 2773 3046 Levi
2807 2992 2930 3063 eligi
2964 2999 3174 3062 poterat
3201 3012 3213 3046 :
3257 3001 3311 3048 et
3338 3000 3564 3062 oporte-

1989 3083 2086 3138 bat
2127 3084 2357 3137 omnino
2387 3083 2538 3136 illum
2585 3098 2760 3150 genus
2804 3099 3022 3153 quoque
3061 3083 3277 3138 trahere
3320 3083 3390 3138 de
3425 3099 3559 3139 suc--

306 3167 642 3237 Προσεκτέον
681 3170 788 3240 γὰρ
832 3171 1105 3242 ἐπιμελῶς
1136 3173 1242 3245 τῷο
1291 3195 1310 3226 ‹
1348 3177 1418 3229 Σὺ
1453 3178 1630 3250 ἱερεὺς
1676 3183 1754 3243 εἱς
1793 3181 1881 3234 τὸν

1989 3175 2240 3230 cessione
2297 3175 2470 3244 ipsius
2524 3173 2707 3229 Aaron
2735 3215 2749 3238 ,
2808 3175 3203 3246 sacriﬁciisque
3269 3175 3556 3229 brutorum

304 3260 499 3313 αἱῶνα.
543 3279 562 3311 ι
599 3261 676 3314 Ού
710 3262 818 3333 γὰρ
849 3263 968 3335 ἔσῃ,
995 3265 1147 3337 φησι,
1183 3266 1256 3338 μὴ
1295 3267 1370 3322 ῶν
1410 3269 1608 3323 πάλαι·
1636 3271 1750 3325 ἀλλ’
1773 3274 1882 3328 οὐδ’

307 3346 452 3421 ἦσθα
483 3353 582 3422 μὲν
604 3354 806 3421 πάλαι,
829 3354 923 3409 νῦν
953 3357 1008 3410 δὲ
1036 3357 1116 3410 ού·
1137 3358 1272 3412 ἀλλὰ
1296 3362 1444 3433 παρὰ
1466 3361 1560 3416 τοῦ
1589 3365 1879 3437 φήσαντος,

315 3462 333 3494 ι
390 3445 532 3514 Ἐγώ
553 3448 666 3518 εἰμι
691 3450 720 3500 6
745 3446 840 3513 ῶν,
884 3467 903 3501 ι
943 3450 1008 3503 σὺ
1038 3446 1122 3516 εἷ,
1151 3454 1244 3507 καὶ
1277 3455 1456 3526 ἱερεὺς
1481 3458 1560 3520 εἱς
1591 3458 1681 3511 τὸν
1711 3459 1882 3514 αἰῶνα

305 3540 598 3610 διαμένεις.
647 3541 797 3595 Ἐπεὶ
827 3538 919 3597 οὖν
945 3543 1069 3598 οὔτε
1101 3548 1209 3602 ἀπὸ
1237 3550 1426 3621 χρόνου
1454 3554 1554 3622 τῆς
1587 3553 1883 3625 ἱερωσύνης

304 3629 611 3700 ἀπήρξατο,
645 3632 767 3687 οὔτε
800 3636 863 3689 ἐκ
889 3637 1064 3708 φυλῆς
1093 3642 1401 3712 ἱερωμένων
1432 3645 1460 3697 ό
1487 3645 1739 3714 Χριστὸς,
1762 3647 1881 3701 οὐδὲ

303 3722 390 3774 διὰ
425 3725 727 3780 σκευαστοῦ
769 3728 861 3781 καὶ
895 3733 1206 3801 σωματικοῦ
1234 3735 1412 3788 ἐλαίου
1443 3737 1728 3808 κέχριστο,
1762 3739 1881 3793 οὐδὲ

302 3816 457 3882 τέλος
484 3817 628 3882 ἕξειν
659 3819 849 3890 ἔμελλε
881 3824 980 3895 τῆς
1017 3826 1312 3897 ἱερωσύνης
1331 3869 1344 3893 ,
1385 3829 1504 3882 οὐδὲ
1533 3830 1712 3900 μόνοις
1751 3834 1880 3885 Ἰου-

303 3911 496 3975 δαίοις,
525 3911 660 3965 ἀλλὰ
676 3913 770 3966 καὶ
788 3917 951 3970 πᾶσιν
973 3916 1148 3971 ἔθνεσι
1183 3923 1613 3993 καταστήσεσθαι
1637 3942 1650 3954 ·
1679 3926 1881 3979 τούτων

302 4002 469 4055 ἕνεκα
504 4003 722 4058 πάντων
748 4007 972 4072 εἰκότως
992 4009 1154 4063 αὑτὸν
1177 4006 1273 4082 τῆς
1301 4011 1398 4082 μὲν
1426 4013 1566 4066 κατὰ
1594 4013 1684 4067 τὸν
1711 4015 1882 4069 τύπον

313 4094 530 4166 Ἀαρὼν
569 4096 908 4171 λειτουργίας
949 4101 1307 4168 ἀπαλλάττει,
1343 4105 1484 4158 κατὰ
1514 4105 1612 4178 τὴν
1642 4106 1793 4174 τάξιν
1825 4107 1881 4160 δὲ

300 4186 642 4257 Μελχισεδὲκ
679 4192 829 4262 ἱερέα
874 4194 1038 4263 φησιν
1077 4193 1314 4249 ἔσεσθαι.
1357 4197 1467 4250 Καὶ
1498 4197 1557 4250 τό
1593 4215 1654 4265 γε
1683 4199 1881 4252 ἀποτέ-

299 4280 482 4350 λεσμα
521 4280 617 4335 τοῦ
672 4285 920 4354 χρησμοῦ
969 4285 1270 4357 θαυμάσιον
1315 4288 1627 4360 συνορῶντι,
1665 4291 1813 4354 ὅπως
1855 4293 1883 4345 6

301 4373 496 4446 Σωτὴρ
517 4375 674 4445 ἡμῶν
707 4376 912 4446 Ἰησοῦς
929 4381 958 4432 ό
980 4380 1208 4450 Χριστὸς
1230 4381 1322 4434 τοῦ
1349 4382 1506 4448 Θεοῦ,
1523 4383 1600 4454 τῷ
1621 4384 1714 4436 τοῦ
1743 4386 1885 4438 Μελ-

299 4463 520 4533 χισεδὲκ
542 4466 727 4537 τρόπῳ
751 4469 818 4522 τὰ
844 4469 940 4539 τῆς
970 4472 1026 4522 ὲν
1051 4470 1356 4543 ἀνθρώποις
1388 4475 1696 4545 ἱερουργίας
1718 4475 1881 4528 εἰσέτι

300 4558 400 4609 καὶ
419 4557 514 4609 νῦν
539 4557 633 4611 διὰ
663 4558 766 4612 τῶν
795 4561 963 4614 αὑτοῦ
999 4562 1344 4636 θεραπευτῶν
1377 4567 1630 4620 ἐπιτελεῖ.
1671 4568 1882 4639 Ὥσπερ

303 4649 414 4722 γὰρ
439 4653 665 4715 ἐκεῖνος,
701 4655 879 4723 ἱερεὺς
905 4653 1074 4708 ἐθνῶν
1093 4657 1392 4726 τυγχάνων,
1428 4660 1664 4730 οὐδαμοῦ
1695 4661 1882 4730 φαίνε-

301 4759 393 4795 ται
433 4742 647 4806 θυσίαις
685 4750 1022 4815 σωματικαῖς
1058 4751 1424 4820 κεχρημένος,
1461 4752 1587 4822 οἴνῳ
1627 4751 1683 4804 δὲ
1735 4753 1880 4823 μόνῳ

302 4837 396 4888 καὶ
430 4836 580 4910 ἄρτῳ
602 4837 691 4890 τὸν
737 4839 985 4911 Ἀϐραὰμ
1014 4842 1267 4912 εὐλογῶν,
1293 4844 1382 4896 τὸν
1409 4845 1569 4897 αὐτὸν
1594 4845 1657 4916 δὴ
1682 4847 1878 4917 τρόπον

302 4928 522 4993 πρῶτος
557 4931 655 4999 μὲν
688 4931 852 4994 αὐτὸς
873 4934 901 4985 6
925 4933 1118 5005 Σωτὴρ
1145 4936 1237 4987 καὶ
1257 4935 1457 5006 Κύριος
1486 4936 1659 5006 ἡμῶν,
1688 4938 1877 4991 ἔπειτα

301 5021 351 5070 οἱ
394 5018 455 5084 ἐξ
490 5020 657 5073 αὑτοῦ
694 5022 894 5087 πάντες
932 5025 1095 5097 ἱερεῖς
1139 5026 1243 5080 ἀνὰ
1281 5027 1456 5079 πάντα
1504 5027 1573 5080 τὰ
1611 5029 1736 5100 ἔθνη
1781 5029 1879 5100 τὴν

303 5112 678 5184 πνευματικὴν
702 5113 1074 5179 ἐπιτελοῦντες
1095 5115 1234 5169 κατὰ
1254 5119 1378 5185 τοὺς
1398 5117 1880 5190 ἐκκλησιαστικοὺς

306 5198 537 5272 θεσμοὺς
575 5204 908 5277 ἱερουργίαν,
935 5206 1061 5278 οἴνῳ
1095 5207 1189 5262 καὶ
1216 5209 1364 5280 ἄρτῳ
1387 5248 1402 5271 ,
1435 5208 1526 5261 τοῦ
1544 5226 1603 5261 τε
1633 5208 1881 5280 σώματος

303 5291 467 5345 αὑτοῦ
502 5295 598 5347 καὶ
623 5295 717 5348 τοῦ
746 5298 1014 5368 σωτηρίου
1051 5299 1281 5370 αἵματος
1313 5301 1631 5354 αἰνίττονται
1670 5301 1738 5354 τὰ
1781 5319 1878 5372 μυ-

304 5385 522 5456 στήρια,
548 5387 643 5439 τοῦ
670 5388 1005 5458 Μελχισεδὲκ
1032 5390 1204 5444 ταῦτα
1227 5390 1497 5461 πνεύματι
1527 5391 1655 5463 θείῳ
1680 5409 1877 5463 προτε-

304 5476 642 5550 θεωρηκότος
659 5521 674 5545 ,
707 5484 803 5534 καὶ
834 5482 940 5534 τῶν
976 5482 1274 5552 μελλόντων
1315 5487 1434 5549 ταῖς
1466 5485 1636 5538 εἰκόσι
1677 5503 1877 5557 προκε-

304 5585 406 5641 χρη
415 5571 577 5641 μένου
596 5613 610 5634 ,
638 5574 715 5636 ὡς
736 5574 770 5643 ή
792 5573 1033 5637 Μωσέως
1079 5575 1267 5646 Γραφὴ
1298 5577 1581 5648 μαρτυρεῖ,
1622 5576 1876 5646 λέγουσαο

307 5682 326 5714 ι
364 5665 474 5718 Καὶ
506 5666 839 5740 Μελχισεδὲκ
873 5666 1124 5737 βασιλεὺς
1156 5667 1342 5741 Σαλὴμ
1368 5667 1658 5746 ἐξήνεγκεν
1681 5672 1878 5748 ἄρτους

370 5786 413 5815 ¹²
444 5777 729 5850 Ειοιιέιιι,
764 5786 852 5840 14.

371 5878 447 5951 (1)
479 5882 575 5938 Οὐ.
603 5883 759 5938 Anne
790 5874 888 5937 οῦῖ
916 5881 1072 5937 Εοιτ.

1988 3267 2304 3320 animalium
2351 3273 2406 3321 et
2446 3267 2768 3331 cruoribus,
2815 3268 3197 3337 corporalique
3235 3267 3559 3322 adorationo

1986 3359 2066 3415 rei
2097 3360 2296 3415 divinze
2329 3359 2619 3416 inservire.
2651 3359 2721 3413 At
2749 3375 2880 3414 vero
2900 3400 2914 3424 ,
2961 3360 3055 3429 qui
3089 3359 3446 3415 Melchisedec
3473 3368 3560 3416 est

1985 3453 2333 3517 nominatus,
2364 3451 2511 3522 quod
2542 3467 2741 3507 nomen
2764 3441 2828 3505 in
2864 3460 3106 3507 nostram
3143 3453 3378 3522 linguam
3424 3467 3558 3507 con-

1984 3560 2210 3601 versum
2235 3585 2250 3608 ,
2290 3560 2470 3616 regem
2511 3543 2737 3613 iustitia:
2770 3542 3075 3615 signiﬁcat,
3119 3551 3173 3599 et
3211 3544 3303 3615 qui
3335 3545 3435 3597 fuit
3463 3559 3560 3598 rex

1987 3637 2166 3691 Salem
2188 3675 2204 3700 ,
2237 3634 2383 3705 quod
2415 3635 2593 3705 ipsum
2623 3635 2752 3688 item
2779 3634 2882 3697 sit,
2931 3649 3024 3689 rex
3065 3634 3218 3704 pacis
3238 3674 3252 3699 ,
3300 3635 3419 3690 sine
3462 3651 3552 3706 pa-

1983 3737 2101 3795 tre,
2142 3729 2262 3783 sine
2305 3735 2510 3791 matre,
2553 3725 2675 3782 sine
2717 3725 2935 3796 generis
2975 3727 3148 3793 serie,
3192 3743 3301 3781 non
3348 3726 3559 3782 habens

1986 3823 2043 3878 in
2086 3821 2358 3886 historia,
2416 3836 2594 3890 neque
2639 3820 2858 3875 initium
2907 3818 3156 3882 dierum,
3210 3835 3388 3890 neque
3435 3821 3560 3874 vitae

1987 3915 2181 3980 ﬁnem,
2215 3929 2279 3968 ac
2322 3929 2392 3967 ne
2427 3911 2674 3968 referens
2717 3911 2940 3982 quidem
2986 3926 3111 3967 cum
3153 3911 3338 3966 Aaron
3371 3926 3561 3966 sacer-

1984 4006 2120 4060 dotii
2163 4006 2274 4060 ritu
2305 4019 2600 4059 commune
2629 4003 2928 4074 quidquam
2963 4003 3262 4058 invenitur.
3295 4000 3430 4056 Nam
3463 4018 3560 4057 ne~

1985 4113 2092 4169 que
2122 4097 2192 4152 ab
2219 4096 2538 4151 hominibus
2567 4095 2773 4149 electus
2805 4093 3020 4158 fuerat,
3052 4107 3231 4163 neque
3261 4092 3382 4146 oleo
3407 4107 3558 4147 com-

1985 4189 2165 4260 posito
2194 4194 2390 4242 unctus
2411 4227 2426 4250 ,
2457 4200 2633 4254 neque
2657 4183 2726 4238 de
2757 4199 2953 4253 genere
2976 4182 3195 4237 illorum
3220 4182 3401 4238 editus
3421 4226 3435 4248 ,
3463 4185 3559 4253 qui

1985 4281 2227 4337 nondum
2251 4281 2608 4335 exstiterant:
2629 4284 2682 4331 et
2703 4275 2849 4346 quod
2865 4276 3107 4330 omnium
3129 4273 3363 4330 maxime
3390 4276 3563 4329 admi-

1984 4371 2158 4427 rabile
2185 4379 2301 4436 est,
2332 4385 2401 4423 ne
2429 4381 2656 4437 corpore
2688 4365 2907 4436 quidem
2937 4373 3056 4420 erat
3085 4365 3475 4430 circumcisus,
3507 4375 3562 4420 et

1985 4474 2168 4518 tamen
2194 4463 2300 4533 ipsi
2325 4461 2599 4515 Abraham
2629 4457 2936 4522 benedicit,
2972 4465 3232 4526 tanquam
3263 4457 3310 4511 is
3339 4457 3431 4526 qui
3466 4457 3560 4510 illo

1914 4542 1958 4596 Ῑ)
1989 4559 2060 4610 sit
2092 4561 2248 4624 I0nge
2275 4550 2642 4624 praestantior.
2687 4548 2843 4604 Adde
2875 4548 3020 4618 quod
3064 4561 3241 4618 neque
3271 4546 3561 4600 sacriﬁciis

1985 4665 2164 4718 neque
2191 4643 2543 4701 lihationibus
2566 4682 2582 4707 ,
2629 4641 2898 4698 altissimo
2921 4641 3032 4698 Deo
3071 4642 3420 4712 operabatur,
3460 4656 3560 4695 ne-

1989 4757 2096 4813 que
2119 4756 2250 4796 vero
2277 4741 2331 4793 in
2360 4737 2563 4808 templo
2585 4736 2731 4807 quod
2759 4735 3154 4805 Hierosolymis
3181 4741 3328 4787 esset
3349 4773 3363 4796 ,
3397 4747 3558 4787 suum

1986 4850 2190 4890 munus
2217 4832 2402 4886 obibat
2426 4849 2438 4884 :
2468 4830 2559 4900 qui
2587 4829 2734 4885 enim
2761 4830 2815 4882 in
2842 4843 2928 4892 eo,
2961 4827 3106 4897 quod
3136 4824 3377 4880 nondum
3406 4825 3564 4879 erat?

1986 4927 2146 4998 223
2181 4925 2246 4978 Et
2277 4923 2472 4978 merito
2523 4936 2686 4985 sane,
2724 4919 2945 4991 quando
2975 4934 3043 4972 ne
3095 4927 3283 4972 nostro
3337 4915 3560 4987 quidem

1986 5019 2259 5075 Salvatori
2311 5017 2529 5072 Christo
2551 5055 2566 5080 ,
2599 5022 2924 5070 eventurum
2959 5011 3255 5082 quidquam
3292 5017 3412 5065 crat
3455 5011 3560 5078 ipsi

1982 5114 2166 5168 Aaron
2219 5109 2416 5166 simile.
2462 5107 2596 5162 Nam
2639 5121 2818 5176 neque
2849 5103 2943 5174 qui
2992 5101 3146 5172 prius
3172 5117 3282 5156 non
3340 5100 3557 5164 fuisset,

1985 5204 2258 5276 posterius
2285 5209 2371 5257 est
2405 5198 2701 5270 aliquando
2726 5195 2988 5252 sacerdos
3005 5194 3318 5248 declaratus
3344 5211 3358 5259 ;
3383 5209 3562 5262 neque

1958 5299 2032 5353 -is
2080 5296 2171 5367 qui
2195 5293 2494 5350 exstitisset
2547 5291 2840 5355 sacerdos,
2873 5286 2971 5343 sed
3004 5287 3097 5356 qui
3127 5293 3230 5340 est.
3261 5283 3564 5354 Diligenter

1987 5391 2133 5446 enim
2166 5386 2559 5444 attendendum
2589 5393 2673 5440 est
2721 5383 2856 5437 illud
2890 5400 2905 5435 ε
2959 5398 2977 5431 ι
3010 5378 3091 5434 Tu
3115 5395 3173 5434 es
3211 5379 3470 5434 sacerdos
3506 5378 3562 5430 in

1987 5491 2272 5540 aeternum.
2301 5499 2321 5533 ι
2354 5478 2475 5534 Non
2505 5479 2670 5541 enim,
2709 5477 2840 5541 eris,
2867 5475 2966 5541 ait,
2993 5473 3087 5544 qui
3123 5473 3254 5526 olim
3279 5487 3390 5526 non
3436 5469 3556 5524 fue-

1987 5581 2087 5642 ris,
2113 5591 2178 5632 ac
2207 5590 2278 5630 ne
2305 5573 2457 5628 fuisti
2487 5571 2706 5642 quidem
2737 5575 2919 5632 antea,
2949 5581 3096 5622 nunc
3129 5575 3308 5620 autem
3333 5579 3443 5618 non
3477 5578 3560 5623 es,

1992 5672 2085 5732 sed
2116 5671 2184 5724 ab
2208 5684 2272 5724 eo
2301 5667 2392 5739 qui
2419 5665 2577 5729 dixit,
2615 5681 2636 5715 ι
2670 5661 2783 5733 Ego
2814 5677 2934 5717 sum
2967 5662 3058 5734 qui
3090 5659 3298 5723 sum”,
3334 5676 3355 5710 ι
3389 5665 3448 5713 ιιι
3479 5671 3564 5723 es,
