4100 6430
547 353 654 412 567

1182 355 1450 412 EUSEBII
1491 356 1602 413 CIE
1611 354 1971 414 SARIENSIS
2007 358 2112 415 0P]

2211 359 2382 416 PARS
2421 359 2483 417 11.
2519 391 2592 404 -
2626 360 3128 419 APOLOGETICA.

3685 368 3793 425 368

544 481 599 528 et
626 472 887 529 sacerdos
915 473 972 528 in
1004 482 1265 529 aeternum
1299 488 1609 544 permanes.
1635 473 1905 541 Quoniam
1943 477 2112 549 igitur

2215 480 2309 534 καὶ
2340 476 2501 535 οἶνον.
2536 476 2645 536 Ἦν
2682 481 2738 553 δὲ
2775 482 2955 556 ἱερεὺς
2987 483 3081 537 τοῦ
3113 482 3248 538 Θεοῦ
3282 484 3376 539 τοῦ
3409 486 3627 557 ὑψίστου
3647 528 3663 552 ,
3697 491 3795 544 καὶ

542 580 721 636 neque
746 581 777 619 a
800 571 1065 637 tempore,
1093 564 1387 621 sacerdotii
1423 566 1639 620 initium
1667 569 1900 639 accepit,
1934 585 2112 641 neque

541 661 610 718 de
643 657 787 713 tribu
842 656 1189 712 sacerdotum
1246 664 1473 711 exortus
1501 664 1586 712 est
1609 656 1883 724 Christus,
1936 676 2114 731 neque

541 750 839 811 artiﬁciose
861 750 1133 806 instructo
1165 750 1553 822 corporalique
1579 752 1701 807 oleo
1726 754 2009 819 inunctus,
2044 769 2114 809 ne

543 848 705 902 tinem
737 844 958 915 quidem
992 843 1146 899 illum
1176 845 1473 900 sacerdotii
1502 854 1588 902 est
1620 847 2115 918 habiturus,neque

541 940 670 994 item
691 938 823 992 solis
867 933 1096 999 Iudaeis,
1132 935 1227 992 scd
1252 937 1512 993 omnibus
1549 934 1809 1009 gentibus
1847 941 2117 996 constitu~

539 1029 737 1085 eudus.
798 1027 1028 1100 Propter
1064 1031 1179 1084 haec
1232 1033 1453 1097 omnia,
1485 1032 1683 1089 merito
1708 1033 1861 1087 illum
1890 1049 1921 1087 a
1951 1033 2116 1087 mini-

540 1124 709 1180 sterio
732 1122 919 1178 Aaron
967 1124 1182 1188 liberat,
1208 1125 1353 1195 quod
1402 1124 1630 1197 ﬁguram
1665 1127 1910 1197 gerebat,
1940 1134 1994 1181 et
2027 1142 2115 1181 se~

531 1215 779 1271 cundum
810 1215 1057 1270 ordinem
1084 1214 1445 1272 Melchisedec
1479 1217 1820 1273 sacerdotem
1869 1218 2113 1273 futurum

537 1307 787 1362 allirmat.
821 1304 888 1360 Et
929 1321 1060 1362 sane
1103 1308 1309 1362 oraculi
1339 1308 1520 1363 exitus
1571 1310 1909 1365 admirabilis
1937 1311 1986 1365 ei
2019 1311 2111 1380 qui

538 1398 936 1468 contempletur
988 1398 1444 1469 quemadmodum
1503 1398 1752 1456 Salvator
1806 1410 1992 1457 noster
2022 1402 2114 1458 Je-

539 1506 656 1553 3us,
690 1492 784 1560 qui
808 1501 892 1546 est
919 1474 1171 1545 Christus
1208 1489 1323 1556 Dei,
1348 1490 1522 1561 ipsius
1583 1491 1942 1549 Melchisedec
1973 1495 2106 1559 ritu,

533 1599 605 1639 ea
633 1600 756 1656 quae
776 1584 845 1640 ad
872 1584 1237 1640 sacerdotium
1262 1584 1314 1638 in
1338 1584 1650 1641 hominibus
1676 1587 1970 1656 gerendum
1989 1604 2114 1660 spe-

532 1684 709 1741 ctant,
741 1692 839 1746 per
867 1690 998 1732 suos
1052 1675 1336 1733 ministros
1388 1677 1653 1747 perﬁciat.
1686 1676 1822 1733 Nam
1850 1680 2113 1749 quemad-

537 1766 759 1821 modum
792 1767 882 1822 ille
922 1771 1018 1837 qui
1073 1766 1332 1824 sacerdos
1360 1768 1601 1839 gentium
1633 1777 1783 1835 erat,
1839 1785 2109 1842 nusquam

2215 572 2474 644 εὑλόγησε
2497 572 2587 628 τὸν
2626 574 2889 647 Ἀϐραάμ.
2923 594 2942 628 ι
2979 575 3219 641 Εἰκότως
3240 572 3333 631 οὖν
3365 579 3458 632 καὶ
3493 581 3609 650 μεθ’
3626 582 3791 653 ὅρκου

2215 664 2580 736 παραλήψεως
2613 666 2758 737 μόνῳ
2792 665 2868 738 τῷ
2911 666 3225 739 δηλουμένῳ
3261 687 3279 720 ι
3321 667 3500 740 ὤμοσε
3530 672 3732 745 Κύριος
3762 676 3795 729 ό

2214 756 2365 818 Θεὸς,
2385 755 2480 809 καὶ
2505 758 2566 810 οὑ
2587 758 3113 830 μεταμεληθήσεταυ
3131 761 3205 816 Σὺ
3217 758 3286 827 εἴ,
3319 781 3337 814 ι
3355 762 3546 831 λέγων,
3571 784 3587 813 ι
3614 766 3795 836 ἱερεὺς

2214 847 2293 909 εἰς
2313 847 2404 902 τὸν
2432 847 2622 914 αἰῶνα,
2647 849 2786 906 κατά
2817 850 2915 922 τὴν
2937 850 3088 917 τάξιν
3110 852 3459 924 Μελχισεδέκ.
3485 874 3504 906 ι
3525 856 3797 911 Ἐπάκουι

2217 954 2307 993 σον
2341 939 2398 992 δὲ
2430 934 2517 994 οἷα
2544 943 2638 995 καὶ
2658 942 2794 1014 περὶ
2814 943 2979 996 τῶνδε
3005 946 3033 996 ὁ
3076 945 3395 1011 Ἀπόστολός
3418 966 3598 1019 φησιν·
3628 968 3649 1000 ι
3701 950 3795 1007 Ἐν

2213 1023 2295 1098 ᾧ,
2343 1034 2726 1105 περισσότερον
2774 1034 3096 1106 βουλόμενος
3143 1040 3172 1090 6
3207 1037 3339 1103 Θεὸς
3381 1040 3642 1105 ἐπιδεῖξαι
3676 1045 3793 1107 τοῖς

2214 1123 2569 1196 κληρονόμοις
2600 1127 2700 1196 τῆς
2726 1126 2995 1197 βασιλείας
3019 1129 3080 1182 τὸ
3106 1130 3436 1200 ἀμετάθετον
3467 1133 3565 1203 τῆς
3595 1133 3795 1205 βουλῆς

2214 1216 2416 1280 αὑτοῦ,
2451 1217 2802 1288 ἐμεσίτευσεν
2840 1218 3020 1290 ὅρκῳ,
3071 1221 3159 1275 ἵνα
3191 1219 3279 1274 διὰ
3319 1220 3411 1274 δύο
3450 1212 3795 1293 πραγμάτων

2214 1307 2587 1379 ἀμεταθέτων,
2620 1311 2677 1363 ἐν
2710 1305 2793 1374 οἷς
2825 1310 3084 1365 ἀδύνατον
3114 1311 3415 1383 ψεύσασθαι
3449 1311 3601 1378 Θεὸν,
3637 1316 3790 1384 ἰσγυ-

2216 1401 2318 1471 ράν
2345 1401 2688 1474 παράκλησιν
2721 1401 2930 1472 ἔχωμεν
2963 1405 3012 1456 οἱ
3046 1404 3559 1476 προκαταφυγόντες
3584 1405 3794 1477 κρατῆ-

2216 1509 2305 1546 σαι
2328 1493 2429 1564 τῆς
2462 1492 2826 1563 προκειμένης
2852 1493 3081 1557 ἐλπίδος.
3120 1514 3139 1545 ι
3179 1495 3286 1548 Καὶ
3305 1494 3555 1566 ἐπιφέρει
3582 1493 3753 1563 λέγων
3772 1510 3790 1525 ο

2218 1604 2238 1637 ι
2280 1585 2390 1637 Καὶ
2422 1585 2471 1638 οἱ
2508 1585 2607 1655 μὲν
2640 1584 2881 1649 πλείονές
2914 1588 3018 1638 εἱσι
3050 1586 3333 1655 γεγονότες
3373 1589 3566 1659 ἱερεῖς,
3600 1586 3688 1641 διὰ
3728 1587 3794 1641 τὸ

2215 1674 2429 1746 θανάτῳ
2451 1673 2754 1728 κωλύεσθαι
2799 1674 3132 1744 παραμένειν
3159 1689 3173 1703 °
3209 1677 3237 1728 6
3269 1675 3325 1728 δὲ
3346 1715 3360 1739 ,
3392 1677 3480 1731 διά
3511 1678 3573 1730 τὸ
3608 1676 3794 1748 μένειν

2213 1766 2374 1819 αὑτὸν
2397 1804 2411 1830 ,
2459 1766 2808 1838 ἀπαράϐατον
2849 1767 2960 1837 ἔχει
3010 1767 3107 1839 τὴν
3147 1768 3462 1840 ἱερωσύνην.
3502 1768 3663 1829 Ὅθεν
3696 1766 3794 1822 καὶ

535 1858 753 1915 videtur
811 1859 1101 1915 sacriﬁciis
1156 1859 1535 1930 corporalibus
1578 1859 1824 1923 functus,
1854 1862 1950 1917 sed
1983 1863 2112 1919 vino

2215 1858 2407 1924 σώζειν
2446 1861 2524 1922 είς
2549 1859 2609 1912 τὸ
2634 1859 2891 1923 παντελὲς
2923 1860 3140 1915 δύναται
3172 1862 3297 1924 τοὺς
3322 1860 3794 1934 προσερχομένους

535 1952 655 2006 solo
681 1957 735 2007 et
776 1965 934 2022 pane,
962 1950 1093 2005 dum
1113 1950 1219 2021 ipsi
1246 1950 1524 2007 Abraham
1549 1951 1847 2020 benedicit,
1884 1955 1959 2008 ita
1983 1971 2112 2013 sane

2216 1950 2282 2003 δι’
2307 1948 2473 2003 αὑτοῦ
2616 1950 2766 2021 Θεῷ,
2814 1950 3045 2006 πάντοτε
3079 1952 3187 2017 ζῶν
3232 1954 3311 2015 είς
3345 1951 3405 2005 τὸ
3444 1953 3794 2023 ἐντυγχάνειν

530 2043 746 2116 primus
776 2045 893 2114 ipse
920 2041 1174 2099 Salvator
1202 2059 1267 2099 ac
1310 2044 1574 2100 Dominus
1629 2056 1816 2101 noster
1843 2086 1859 2111 ,
1914 2047 2112 2103 deinde

2216 2038 2353 2111 ὑπὲρ
2385 2038 2585 2092 αὑτῶν.
2623 2039 2874 2103 Τοιοῦτος
2898 2041 3004 2112 γὰρ
3038 2042 3169 2112 ἡμῖν
3201 2039 3296 2093 καὶ
3329 2039 3565 2112 ἔπρεπεν
3600 2042 3793 2115 ἀρχιε-

532 2137 627 2207 qui
663 2137 733 2192 ab
773 2136 893 2207 ipso
946 2135 1176 2207 profecti
1210 2147 1358 2203 sunt,
1412 2138 1724 2194 sacerdotes
1756 2140 1810 2195 in
1856 2141 2112 2198 omnibus

2219 2133 2376 2204 ρεὺς,
2416 2133 2592 2197 ὅσιος,
2627 2131 2864 2197 ἄκακος,
2914 2133 3193 2203 ἀμίαντος,
3245 2133 3644 2206 κεχωρισμένος
3681 2132 3796 2188 ἀπὸ

524 2226 810 2298 gentibus,
868 2226 1155 2297 spirituale
1188 2229 1491 2283 secundum
1551 2231 1956 2287 ecclesiasticas
1985 2248 2116 2288 sau-

524 2319 747 2374 -ctiones
799 2317 1094 2374 sacerdotii
1136 2333 1337 2374 munus
1377 2320 1663 2385 obeuntes,
1694 2322 1823 2376 vino
1855 2337 1920 2376 ac
1949 2339 2109 2395 pane,

534 2416 589 2463 et
614 2408 863 2478 corporis
894 2406 1045 2463 illius
1069 2418 1123 2462 et
1148 2408 1408 2465 salutaris
1438 2410 1724 2481 sanguinis
1740 2412 2001 2483 mysteria
2021 2430 2111 2469 re-

528 2507 889 2573 praesentant,
938 2515 1060 2570 qua:
1087 2515 1220 2556 sane
1250 2502 1512 2572 mysteria
1571 2501 1931 2559 Melchisedec
1962 2514 2114 2563 tanto

533 2601 662 2648 ante
693 2591 887 2662 spiritu
917 2578 1102 2646 divino
1133 2602 1483 2663 cognoverat,
1515 2603 1568 2649 et
1596 2609 1778 2649 rerum
1804 2595 2110 2652 futurarum

532 2682 862 2755 imaginibus
886 2684 1018 2739 usus
1042 2683 1241 2747 fuerat,
1268 2685 1410 2738 sicut
1436 2684 1599 2739 etiam
1626 2684 1793 2742 Mosis
1816 2684 2106 2757 Scriptura

532 2774 878 2838 testificatur,
910 2773 1001 2828 ubi
1037 2772 1115 2827 ait
1145 2792 1163 2829 ε
1206 2792 1224 2823 ι
1266 2772 1331 2827 Et
1358 2772 1720 2829 Mclchisedec
1760 2791 1856 2830 rex
1904 2775 2112 2841 Salem,

533 2865 762 2937 protulit
791 2879 962 2934 panes
1011 2870 1067 2918 et
1114 2863 1326 2919 vinum.
1354 2861 1489 2918 Erat
1517 2873 1699 2919 autem
1729 2864 1987 2920 sacerdos
2019 2864 2110 2921 Dei

533 2955 813 3020 altissimi,
846 2962 901 3011 et
951 2954 1232 3010 benedixit
1257 2954 1531 3009 Abraham
1556 2956 1624 3008 ¹¹.
1670 2975 1690 3006 ι
1726 2954 1921 3011 Merito
1947 2956 2113 3028 igitur

532 3054 590 3103 et
623 3061 748 3102 cum
771 3044 1137 3115 jurisjurandi
1173 3045 1481 3114 adjectione
1502 3085 1518 3110 ,
1554 3047 1648 3101 uni
1696 3048 1747 3101 ei
1778 3046 1847 3102 de
1875 3064 1984 3118 quo
2021 3048 2111 3105 hic

533 3141 746 3209 agimus
782 3137 911 3191 talia
933 3136 1207 3208 promissa
1237 3144 1367 3191 sunt
1396 3155 1409 3191 :
1446 3154 1465 3189 ι
1494 3135 1728 3204 Iuravit,
1762 3138 1977 3209 inquit,
2010 3137 2112 3194 Do-

532 3231 715 3286 minus
736 3228 915 3306 .Deus,
948 3236 1003 3285 et
1024 3243 1137 3283 non
1170 3229 1455 3299 paenitebit
1476 3244 1602 3285 eum
1629 3250 1642 3286 :
1672 3240 1729 3285 tu
1759 3246 1820 3287 es
1850 3233 2108 3289 sacerdos
2135 3204 2178 3261 θ

533 3338 591 3378 ιιι
639 3330 904 3378 aeternum
964 3320 1267 3377 secundum
1338 3320 1585 3377 ordinem
1650 3321 2034 3378 Melchisedec.
2082 3343 2101 3375 ι

531 3411 674 3467 Audi
716 3426 847 3467 vero
872 3410 1055 3481 qualia
1088 3411 1198 3466 sint
1224 3425 1347 3481 qua:
1395 3412 1463 3467 de
1510 3411 1703 3466 iisdem
1742 3413 1907 3468 rebus
1942 3416 2109 3469 etiam

531 3505 828 3575 Apostolus
859 3501 1006 3557 dicat
1036 3520 1049 3556 :
1081 3520 1100 3554 ι
1129 3500 1187 3556 ln
1221 3517 1329 3572 quo
1354 3501 1722 3558 abundantius
1745 3504 1934 3560 volens
1964 3504 2110 3560 Deus

526 3592 824 3651 ostendere
848 3591 1159 3648 haeredibus
1185 3592 1337 3664 regni
1362 3591 1860 3649 immutabilitatem
1892 3596 2107 3649 consilii

534 3686 643 3751 sui,
668 3685 996 3757 interposuit
1043 3683 1433 3753 jusjurandum
1463 3722 1476 3747 ,
1510 3691 1564 3738 ut
1597 3698 1693 3754 per
1724 3684 1862 3742 duas
1889 3701 1976 3740 res
2002 3689 2108 3741 im-

535 3780 827 3836 mutabiles
856 3779 912 3833 in
940 3777 1145 3848 quibus
1168 3776 1508 3846 impossibile
1541 3785 1626 3831 est
1655 3776 1878 3831 mentiri
1914 3776 2106 3845 Deum,

533 3871 700 3945 224
738 3870 1099 3927 fortissimum
1149 3869 1408 3924 solatium
1469 3867 1805 3933 habeamus,
1853 3869 1948 3940 qui
1978 3885 2112 3925 con-

430 3972 437 4019 ;
533 3963 772 4032 fugimus
802 3960 871 4016 ad
908 3959 1263 4016 obtinendam
1312 3958 1653 4030 propositam
1687 3975 1839 4031 spem
1872 3961 1917 3992 "
1947 4001 1964 4028 ,
2003 3981 2022 4014 ι
2056 3972 2111 4018 et

433 4038 454 4095 ’ξ
534 4053 782 4124 adjuugit
812 4072 826 4108 :
869 4071 887 4104 ε
912 4051 979 4107 Ει
1015 4051 1109 4106 alii
1139 4050 1360 4122 quidem
1392 4050 1578 4121 plures
1610 4051 1742 4106 facti
1765 4061 1894 4108 sunt
1922 4068 2111 4111 sacer-

436 4192 443 4201 .
533 4146 713 4210 dotes,
746 4145 954 4201 idcirco
981 4145 1126 4216 quod
1156 4154 1331 4200 morte
1365 4144 1794 4216 prohiberentur
1820 4162 2109 4218 permane-

440 4232 443 4235 ’
533 4254 635 4294 re:
678 4238 767 4292 hic
801 4245 1005 4303 autem,
1037 4252 1103 4293 eo
1125 4236 1271 4308 quod
1304 4238 1420 4308 ipse
1444 4246 1684 4303 maneat,
1716 4238 2109 4309 sempiternum

532 4329 698 4383 habet
727 4327 1112 4384 sacerdotium.
1140 4326 1218 4382 Ex
1243 4343 1355 4398 quo
1384 4328 1552 4382 etiam
1589 4343 1809 4384 servare
1840 4329 1897 4384 in
1920 4345 2114 4400 perpe-

536 4427 689 4474 tuum
721 4425 901 4490 potest
951 4418 1273 4474 accedentes
1305 4434 1403 4489 per
1440 4419 1621 4490 ipsum
1655 4420 1722 4474 ad
1751 4420 1942 4485 Deum,
1977 4437 2117 4477 sem-

2213 2223 2318 2277 τῶν
2351 2223 2709 2296 ἁμαρτωλῶν,
2741 2225 2838 2278 καλ⁹
2866 2223 3191 2296 ὑψηλότερος
3213 2222 3321 2277 τῶν
3353 2223 3597 2297 οὐρανῶν
3632 2227 3793 2294 γενό-

2216 2334 2394 2386 μενος.
2440 2337 2458 2369 3
2511 2317 2620 2371 Καὶ
2672 2317 2911 2386 ἐπιλέγει
2946 2333 2961 2348 ⁸
3021 2337 3040 2369 t
3075 2317 3383 2386 Κεφάλαιον
3440 2317 3499 2371 δὲ
3538 2317 3631 2369 ἐπὶ
3675 2319 3794 2381 τοῖς

2213 2408 2552 2480 εἰρημένοις,
2603 2405 2840 2459 τοιοῦτον
2885 2405 3080 2478 ἔχομεν
3123 2404 3403 2477 ἀρχιερέα,
3443 2405 3501 2468 ὃς
3538 2404 3795 2458 ἐκάθισεν

2216 2501 2273 2551 ἐν
2313 2498 2463 2569 δεξιᾷ
2515 2498 2615 2569 τῆς
2657 2496 3032 2570 μεγαλοσύνης
3078 2499 3136 2553 ἐν
3173 2497 3415 2569 ὑψηλοῖς,
3461 2496 3571 2550 τῶν
3618 2497 3793 2565 ἁγίων

2211 2591 2541 2663 λειτουργὸς,
2573 2592 2666 2644 καὶ
2697 2592 2795 2662 τῆς
2826 2589 3031 2661 σκηνῆς
3058 2590 3154 2660 τῆς
3186 2589 3463 2661 ἀληθινῆς,
3498 2588 3565 2659 ἣν
3591 2588 3795 2659 ἔπηξεν

2212 2684 2241 2737 6
2266 2683 2488 2756 Κύριος,
2508 2681 2945 2755 οὐχ’ἄνθρωπος.
2986 2703 3005 2734 ι
3036 2681 3218 2734 Ταῦτα
3251 2682 3350 2753 μὲν
3369 2684 3398 2735 6
3443 2682 3789 2747 Ἀπόστολος.

2224 2774 2281 2826 ’0
2301 2773 2356 2825 δὲ
2384 2771 2593 2843 ψαλμὸς
2615 2772 2841 2836 ὑποϐὰς,
2871 2772 2964 2825 καὶ
2990 2771 3051 2824 τὸ
3075 2771 3244 2836 πάθος
3266 2771 3792 2842 ἐπικεκαλυμμένως

2211 2862 2306 2917 τοῦ
2338 2864 2810 2934 προφητευομένου
2841 2863 3011 2935 δηλοῖ,
3036 2862 3208 2931 λέγων
3229 2880 3242 2892 ·
3286 2882 3303 2914 ‹
3357 2863 3451 2915 Ἐκ
3488 2863 3792 2934 χειμάρρου

2212 2956 2269 3007 ἐν
2303 2953 2407 3023 ὀδῷ
2436 2954 2639 3018 πίεται,
2669 2953 2758 3007 διὰ
2785 2953 2942 3007 τοῦτο
2963 2951 3167 3022 ὑψώσει
3200 2951 3458 3024 κεφαλήν.
3492 2971 3510 3002 ι
3547 2952 3795 3024 Χείμαρ-

2212 3047 2303 3113 ρον
2324 3044 2379 3097 δὲ
2404 3044 2494 3097 τὸν
2517 3044 2703 3116 καιρὸν
2724 3042 2831 3097 τῶν
2851 3043 3172 3114 πειρασμῶν
3198 3044 3290 3096 καὶ
3315 3042 3469 3106 ἄλλος
3484 3042 3634 3113 δηλοῖ
3650 3041 3793 3110 ψαλ-

2213 3135 2332 3205 μὸς,
2364 3133 2535 3204 λέγων
2563 3152 2609 3187 ⁸(
2637 3134 2953 3206 Χειμάρρου
2977 3132 3240 3204 διῆλθενή
3269 3131 3414 3204 ψυχὴ
3446 3131 3620 3203 ἡμῶν.
3650 3134 3795 3203 "Ap:

2208 3226 2473 3299 διῆλθενή
2496 3227 2643 3299 ψυχὴ
2677 3228 2834 3298 ⁴ὴμῶν
2859 3228 2919 3279 τὸ
2956 3226 3101 3298 ὑδωρ
3126 3227 3184 3279 τὸ
3209 3225 3601 3278 ἀνυπόστατον.
3630 3245 3649 3278 ι
3703 3226 3792 3279 Ἐν

2207 3315 2285 3389 τῷ
2308 3319 2587 3390 χειμάρρῳ
2600 3317 2778 3370 τοίνυν
2811 3317 3014 3380 πίεται,
3046 3316 3179 3387 φησὶ
3198 3355 3213 3381 ,
3236 3314 3297 3368 τὸ
3324 3316 3580 3387 ποτήριον
3609 3315 3795 3386 δηλον-

2208 3410 2319 3476 ότι,
2346 3410 2375 3463 δ
2408 3410 2652 3482 ᾐνίττετο
2681 3410 2817 3480 πρὸς
2871 3408 2948 3480 τῷ
2980 3409 3157 3483 καιρῷ
3180 3408 3273 3464 τοῦ
3312 3410 3539 3475 πάθους,
3572 3409 3746 3479 λέγων
3772 3426 3792 3443 ·

2216 3525 2234 3557 ς
2260 3505 2462 3576 Πάτερ,
2490 3505 2539 3557 εί
2561 3502 2805 3568 δυνατὸν,
2828 3501 3145 3572 παρελθέτω
3158 3503 3219 3557 τὸ
3236 3504 3492 3575 ποτήριον
3515 3502 3672 3557 τοῦτο
3693 3503 3792 3557 ἀπ’

2210 3597 2395 3667 ἐμοῦ.»
2422 3597 2531 3650 Καὶ
2557 3594 2718 3650 πάλιν
2743 3595 2862 3648 «Et
2898 3596 2973 3666 μὴ
3002 3593 3227 3649 δυνατόν
3251 3597 3397 3649 ἐστιν
3423 3595 3553 3649 αὑτὸ
3586 3594 3793 3669 παρελ-

2211 3689 2341 3753 θεῖν,
2366 3688 2459 3743 ἐὰν
2482 3687 2556 3759 μὴ
2573 3686 2703 3741 αὑτὸ
2729 3686 2857 3752 πίω,
2880 3686 3164 3759 γενηθήτω
3180 3687 3238 3740 τὸ
3257 3685 3468 3757 θέλημά
3489 3704 3603 3741 σου.
3619 3706 3637 3738 ι
3663 3686 3795 3740 Τοῦ-

2209 3798 2270 3835 το
2297 3780 2361 3852 δὴ
2384 3776 2477 3835 οὖν
2504 3779 2710 3834 ἐκπιὼν
2732 3778 2794 3832 τὸ
2835 3781 3094 3851 ποτήριον
3114 3819 3128 3844 ,
3166 3779 3346 3849 ὑψωσε
3382 3779 3621 3851 κεφαλὴν
3642 3820 3657 3845 ,
3693 3782 3791 3834 καὶ

2212 3873 2351 3927 κατά
2370 3871 2461 3925 τὸν
2495 3870 2834 3938 Ἀπόστολον,
2859 3869 2980 3923 ἐπεὶ⁸
3006 3871 3116 3942 γὰρ
3154 3889 3172 3923 ι
3204 3870 3427 3940 γέγονεν
3452 3871 3691 3941 ὑπήκοος
3711 3868 3791 3941 τῷ

2211 3965 2386 4036 Πατρὶ
2408 3963 2570 4035 μέχρι
2591 3961 2840 4027 θανάτου,
2862 3961 3092 4016 θανάτου
3113 3961 3170 4014 δὲ
3190 3960 3446 4033 σταυροῦ,
3466 3959 3554 4014 διὰ
3574 3959 3749 4024 τοῦτο,
3764 3980 3785 4011 ι

2212 4056 2396 4127 φησιν,
2426 4075 2445 4107 ι
2470 4054 2826 4126 ὑπερύψωσεν
2851 4053 3011 4107 αὑτὸν
3036 4054 3064 4106 ό
3095 4051 3247 4116 Θεὸς,
3282 4052 3501 4124 ἐγείρας
3530 4048 3690 4104 ἀυτὸν
3723 4052 3792 4103 ἐκ

2210 4145 2319 4200 τῶν
2339 4144 2546 4217 νεκρῶν
2565 4184 2580 4211 ,
2603 4145 2697 4198 καὶ
2715 4143 2944 4208 καθίσας
2968 4144 3128 4197 αὑτὸν
3155 4145 3210 4195 ἐν
3232 4142 3380 4215 δεξιᾷ
3409 4140 3597 4205 αὑτοῦ,
3619 4141 3792 4210 ὑπερ-

2214 4236 2325 4290 άνω
2358 4235 2536 4307 πάσης
2561 4235 2734 4308 ἀρχῆς
2759 4272 2776 4299 ,
2808 4233 2903 4287 καὶ
2937 4232 3205 4299 ἐξουσίας,
3235 4233 3330 4287 καὶ
3361 4231 3659 4303 δυνάμεως,
3694 4231 3793 4287 καὶ

2212 4328 2560 4400 κυριότητος,
2608 4328 2701 4379 καὶ
2739 4325 2938 4389 παντὸς
2970 4324 3225 4395 ὀνόματος
3258 4320 3656 4393 ὀνομαζομένου
3676 4358 3691 4384 ,
3725 4321 3789 4374 οὑ

2215 4420 2373 4491 μόνον
2407 4421 2463 4473 ἐν
2492 4417 2571 4489 τῷ
2607 4418 2761 4472 αίῶνι
2799 4416 2995 4488 τούτῳ,
3026 4415 3162 4470 ἀλλά
3195 4415 3289 4468 καὶ
3328 4417 3385 4468 ἐν
3412 4414 3489 4485 τῷ
3518 4413 3786 4485 μέλλοντι.

536 4525 634 4582 per
655 4511 842 4567 vivens
896 4510 964 4565 ad
1016 4510 1467 4577 intercedendum
1492 4527 1592 4582 pro
1622 4512 1748 4568 illis.
1781 4512 1930 4569 Talis
1962 4514 2107 4568 enim

2213 4511 2324 4565 Kal.
2346 4512 2520 4565 πάντα
2538 4508 2790 4574 ὑπέταξε,
2819 4509 3030 4580 ιφησὶν,
3053 4527 3072 4560 ι
3096 4496 3201 4560 ὑπὸ
3223 4509 3347 4570 τοὺς
3370 4506 3533 4568 πόδας
3553 4503 3739 4568 αὑτοῦ,
3765 4522 3783 4555 ι

536 4602 764 4658 decebat
793 4617 897 4658 nos
955 4600 1223 4671 pontifex,
1279 4612 1528 4670 sanctus,
1581 4604 1880 4670 innocens,
1915 4605 2109 4675 impol-

532 4695 708 4763 lutus,
757 4702 1075 4766 segregatus
1106 4709 1138 4748 a
1166 4694 1588 4765 peccatoribus,
1622 4702 1676 4750 et
1707 4694 1977 4750 excelsior
2004 4709 2111 4750 coe-

535 4785 607 4840 lis
637 4785 815 4841 factus
840 4786 906 4841 ⁸⁵.
945 4803 964 4837 ι
1001 4783 1203 4840 Deinde
1227 4785 1475 4858 adjungit
1511 4806 1524 4841 :
1558 4805 1577 4838 ι
1607 4786 1785 4857 Caput
1802 4794 1979 4841 autem
2015 4801 2111 4842 su-

536 4892 631 4946 per
662 4877 730 4933 iis
751 4885 871 4947 qua:
898 4876 1044 4931 dicta
1093 4883 1239 4937 sunt.
1276 4877 1461 4934 Talem
1491 4879 1753 4936 habemus
1776 4882 2109 4951 pontiﬁcem,

538 4968 632 5038 qui
665 4968 818 5024 sedet
864 4968 922 5024 in
953 4968 1177 5026 dextera
1220 4971 1535 5042 maiestatis
1567 4973 1625 5028 in
1665 4975 1918 5040 excelsis,
1976 4987 2108 5029 sau-

536 5068 750 5116 ctorum
806 5062 1074 5130 minister,
1135 5070 1190 5118 et
1252 5065 1591 5120 tabernaculi
1629 5067 1765 5132 veri,
1806 5067 1952 5138 quod
1990 5068 2108 5121 lixit

537 5152 704 5217 Deus,
751 5160 805 5208 et
836 5168 944 5209 non
974 5154 1135 5210 homo
1183 5156 1250 5211 ’⁸.
1291 5176 1310 5208 ι
1361 5155 1488 5213 Haec
1519 5157 1739 5228 quidem
1792 5159 2103 5229 Apostolus.

538 5242 790 5301 Psalmus
818 5261 969 5313 vero,
1005 5246 1235 5303 inferius
1285 5263 1642 5320 progressus,
1677 5251 1840 5305 etiam
1879 5265 1943 5305 ea
1987 5266 2108 5321 quae

2212 4603 2352 4655 κατά
2375 4602 2472 4673 τὴν
2499 4601 2633 4673 πρὸς
2660 4602 2820 4655 ἀυτὸν
2841 4600 3194 4669 ἐπαγγελίαν,
3224 4599 3290 4670 ἥν
3316 4597 3403 4652 διὰ
3444 4597 3538 4650 τοῦ
3574 4593 3788 4665 ψαλμοῦ

2210 4691 2526 4764 παρίστησι,
2549 4690 2744 4758 λέγων·
2768 4709 2785 4740 ι
2810 4689 2992 4743 Κάθου
3026 4690 3090 4742 ἐκ
3119 4686 3304 4752 δεξιῶν
3338 4702 3458 4758 μου,
3485 4682 3590 4747 ἕως
3618 4680 3683 4736 ἂν
3711 4681 3790 4734 θῶ

2209 4786 2334 4849 τοὺς
2365 4783 2591 4856 ἐχθρούς
2614 4799 2706 4836 σου
2743 4782 3028 4837 ὑποπόδιον
3049 4780 3158 4834 τῶν
3186 4779 3362 4833 ποδῶν
3396 4794 3508 4831 σου.
3535 4777 3793 4828 Κατακυ-

2214 4876 2360 4951 ρίευε
2386 4878 2442 4929 ἐν
2479 4875 2628 4947 μέσῳ
2650 4874 2757 4928 τῶν
2790 4874 2997 4947 ἐχθρῶν
3028 4890 3143 4927 σου.
3167 4892 3185 4923 ι
3221 4870 3491 4943 Πρόδηλον
3508 4866 3689 4928 παντὶ,
3714 4863 3789 4928 ὡς

2213 4968 2291 5022 ἐτι
2316 4967 2411 5023 νῦν
2433 4970 2466 5039 ἡ
2487 4965 2580 5021 τοῦ
2601 4966 2853 5038 Σωτῆρος
2869 4967 2901 5036 ὴ
2909 4966 3022 5036 μῶν
3041 4964 3266 5035 δύναμις
3283 4964 3375 5016 καὶ
3395 4963 3423 5014 6
3437 4961 3535 5026 τῆς
3549 4957 3791 5012 διδασκα-

2211 5059 2330 5124 λίας
2353 5057 2517 5111 αὑτοῦ
2544 5057 2720 5127 λόγος,
2749 5059 2805 5109 ἐν
2830 5055 3012 5128 μέσοις
3036 5054 3380 5126 τοῖςιέχθροῖς
3401 5052 3494 5105 καὶ
3514 5046 3790 5118 πολεμίοις

2215 5151 2402 5215 αὑτοῦ,
2433 5150 2524 5204 καὶ
2577 5148 2685 5203 τῶν
2738 5146 3174 5201 πεπιστευκότων
3220 5148 3300 5209 εἰς
3328 5144 3489 5200 αὑτὸν
3535 5140 3790 5194 ἁπάντων

2218 5243 2622 5314 κατακυριεύει.

538 5351 804 5411 passurus
826 5345 944 5392 erat
977 5340 1042 5405 is,
1092 5338 1160 5395 de
1185 5355 1296 5411 quo
1353 5341 1712 5407 vaticinatur,
1741 5352 1927 5413 aperte
1965 5341 2257 5414 signiﬁcat,
2291 5338 2481 5393 dicens
2511 5356 2524 5391 :
2556 5355 2574 5387 ι
2610 5333 2686 5389 De
2720 5341 2965 5390 torrente
3016 5333 3072 5388 in
3132 5333 3220 5388 via
3268 5332 3453 5397 bibet,
3501 5341 3793 5403 propterea

540 5428 797 5485 exaltabit
818 5438 984 5501 caput
1015 5432 1081 5486 ".
1125 5450 1143 5484 ι
1176 5431 1498 5489 Torrentem
1520 5450 1708 5505 porro,
1741 5437 2105 5490 tentationum
2147 5445 2361 5504 tempus
2383 5427 2790 5499 intelligendum
2827 5428 2967 5483 alius
3014 5427 3218 5483 indicat
3270 5429 3514 5500 psalmus
3559 5428 3785 5486 dicens;

547 5540 567 5572 ι
611 5518 930 5575 Torrentem
974 5524 1322 5592 pertransivit
1374 5527 1554 5582 anima
1588 5535 1798 5583 nostra.
1847 5524 2104 5582 Forsitan
2142 5524 2465 5598 pertransiit
2513 5522 2696 5578 anima
2724 5532 2912 5577 nostra
2930 5536 3126 5593 aquam
3161 5523 3559 5580 intolerabilem
3587 5525 3656 5580 ".
3690 5542 3711 5577 ι

610 5698 656 5730 ³³
683 5696 818 5751 Gen.
858 5714 971 5772 xiv,
996 5702 1181 5759 18-19.
1266 5704 1310 5736 ³³
1336 5701 1503 5762 Hebr.
1544 5705 1729 5773 \'t,18.
1806 5703 1851 5737 ’³
1889 5704 2051 5760 llebr.
2092 5722 2120 5761 γ

536 5781 729 5836 cum,
758 5773 812 5827 5.

2129 5720 2186 5769 ιι,
2214 5702 2406 5761 25-26.
2439 5786 2461 5791 η
2482 5702 2530 5789 _”
2552 5700 2717 5759 llebr.
2753 5716 2872 5772 vm,
2911 5699 3094 5774 1,2."
3118 5701 3262 5760 Psal.
3288 5718 3399 5771 clx,
3434 5701 3485 5759 7.
3561 5704 3605 5737 ³⁷
3635 5700 3787 5765 Psai.
