4100 6430
316 430 424 487 369
1227 422 1878 483 DEMONSTRATIONIS
1913 418 2374 479 EVANGELICIE'
2407 418 2537 475 LIB.
2573 416 2641 474 V.
3449 413 3554 472 370

318 549 377 605 1n
408 558 656 607 torrente
680 547 850 621 igitur
880 549 1048 613 bibet,
1094 548 1294 620 inquit,
1343 549 1569 604 calicem
1606 544 1879 611 videlicet,
1918 559 2079 616 quem
2118 543 2235 614 ipse
2264 541 2369 598 sub
2406 539 2583 610 ipsum
2619 536 2891 610 passionis
2957 543 3172 606 tempus
3207 530 3553 604 signiﬁcavit,

316 642 548 699 dicens:
588 661 611 695 ι
642 640 827 707 Pater,
863 643 909 699 si
939 641 1199 713 possibile
1226 649 1331 706 est,
1353 649 1597 699 transeat
1624 641 1883 697 calixiste
1917 654 1949 693 a
1979 654 2066 695 me
2090 637 2159 689 “.
2191 656 2210 689 ι
2247 635 2315 690 Et
2356 649 2549 690 rursus
2581 650 2595 687 :
2644 652 2660 685 :
2699 632 2757 687 Si
2817 646 2926 686 non
2989 628 3249 700 possibile
3274 634 3360 681 est
3396 626 3550 681 illum

316 736 578 799 transire,
611 738 720 793 nisi
750 737 903 792 illum
946 738 1167 803 bibam,
1199 738 1290 792 (lat
1317 737 1571 794 voluntas
1603 745 1696 791 tua
1739 736 1807 787 ".
1857 753 1875 786 ι
1914 731 2050 787 Cum
2108 730 2277 801 igitur
2327 729 2474 784 hunc
2527 727 2755 782 calicem
2810 726 3058 789 bibisset,
3123 731 3238 777 tum
3292 720 3548 777 exaltavit

317 836 498 897 caput.
532 827 602 883 Et
629 829 772 885 sicut
804 830 882 885 ait
911 830 1223 900 Apostolus,
1251 830 1510 900 quoniam
1545 848 1566 881 ι
1604 828 1778 883 factus
1831 832 1917 881 est
1949 823 2209 879 obediens
2258 820 2411 876 Patri
2459 835 2632 891 usque
2675 819 2745 873 ad
2809 826 3056 881 mortem,
3094 821 3323 870 mortem
3367 821 3549 868 autem

316 920 522 981 erucis.
576 941 597 974 ι
629 922 855 986 idcirco,
883 922 1082 993 inquit,
1127 941 1145 974 ι
1182 923 1468 1000 exaltavit.
1496 922 1648 976 illum
1710 919 1853 976 Deus
1893 918 1963 982 ³⁸,
2006 916 2279 973 suscitans
2308 916 2458 970 illum
2481 930 2513 970 a
2545 914 2793 977 mortuis,
2824 920 2878 967 et
2918 911 3107 968 sedere
3150 910 3302 964 illum
3332 908 3459 964 fecit
3492 908 3550 965 in

316 1011 543 1067 dextera
578 1028 700 1076 sua,
748 1027 915 1083 supra
944 1027 1159 1068 omnem
1189 1012 1588 1083 principatum,
1646 1018 1701 1065 et
1766 1014 2112 1079 potestatem,
2177 1014 2232 1062 et
2262 1007 2541 1069 virtutem,
2598 1013 2653 1060 et
2702 1004 3148 1068 dominationem,
3180 1011 3236 1058 et
3263 1015 3422 1057 omne
3448 1015 3551 1056 no-

318 1120 441 1160 men
472 1107 621 1177 quod
644 1107 952 1161 nominetur
979 1121 1090 1160 non
1115 1106 1292 1163 solum
1319 1105 1375 1159 in
1407 1106 1510 1159 hoc
1535 1103 1756 1170 saeculo,
1776 1100 1872 1158 sed
1910 1100 2072 1156 etiam
2096 1100 2152 1154 in
2173 1098 2377 1155 futuro.
2412 1098 2477 1153 Et
2513 1100 2697 1154 omnia
2746 1096 2998 1166 subjecit,
3059 1093 3253 1165 inquit,
3294 1094 3396 1149 sub
3447 1108 3545 1163 pe-

317 1199 478 1253 dibus
506 1199 631 1269 ejus
650 1199 716 1263 “,
750 1218 770 1251 ι
808 1199 1106 1255 secundum
1140 1215 1283 1263 eam,
1309 1213 1431 1269 quae
1454 1197 1523 1252 ad
1546 1198 1726 1268 ipsum
1748 1194 1889 1250 facta
1928 1200 2033 1259 est,
2083 1193 2522 1265 promissionem,
2564 1206 2726 1262 quam
2767 1191 2823 1245 in
2867 1189 3077 1260 psalmo
3135 1185 3403 1250 declarat.
3460 1182 3550 1239 ἀί·

316 1306 487 1348 cens:
537 1312 557 1343 ι
596 1290 735 1349 Sede
775 1292 1037 1348 adextris
1096 1293 1256 1358 meis,
1319 1292 1493 1347 donec
1542 1304 1740 1363 ponam
1805 1288 2057 1345 inimicos
2107 1294 2232 1343 tuos
2295 1287 2593 1343 scabellum
2634 1284 2831 1355 pedum
2872 1290 3109 1337 tuorum.
3170 1275 3542 1335 Dominarein

320 1383 499 1438 medio
547 1384 890 1440 inimicorum
950 1392 1189 1439 tuorum.
1232 1404 1250 1437 ι
1282 1383 1512 1440 Constat
1561 1397 1690 1438 vero
1754 1379 2094 1451 planissime,
2123 1379 2578 1450 quemadmodum
2610 1377 2772 1432 hodie
2795 1389 3012 1446 quoque
3038 1370 3336 1427 Salvatoris
3371 1369 3548 1424 nostri

316 1475 517 1543 virtus,
548 1490 613 1530 ac
640 1473 901 1531 doctrinae
930 1475 1075 1532 illius
1109 1476 1359 1542 verbum,
1393 1475 1451 1531 in
1478 1473 1659 1530 medio
1711 1473 2057 1529 inimicorum
2113 1480 2168 1528 et
2221 1470 2461 1527 hostium
2526 1482 2773 1530 suorum,
2828 1464 3087 1520 omnibus
3134 1462 3461 1533 quicumque
3489 1458 3546 1514 in

316 1571 495 1642 ipsum
522 1568 773 1636 credunt,
802 1571 1135 1627 dominatur.

840 1725 1236 1781 ΚΕΦΑΛΑΙΟΝ
1280 1728 1319 1779 Δ
1336 1765 1352 1781 .

326 1860 575 1931 '01,“!
620 1861 889 1927 Ἡσαΐας,
940 1859 1267 1931 προφητῶν
1292 1859 1628 1931 μέγιστος,
1679 1857 1885 1931 σαφῶς

383 1926 529 2001 οἶδε
550 1933 703 2001 Θεὸν
748 1932 819 1985 ἐν
838 1926 1188 2001 Θεῷνεῗναι,
1231 1926 1425 2001 ,λέᾷτού
1480 1926 1692 2001 ὁμοίως
1740 1926 1885 2001 ἡμῖν

384 2000 701 2066 δοξάζουσι
729 2000 961 2070 Πατέρα
989 2003 1060 2056 ἐν
1090 2001 1219 2069 Υίῷ,
1254 1999 1352 2056 καὶ
1391 1999 1529 2055 Υίύν
1557 2000 1628 2053 ὲν
1646 1999 1883 2068 Πατέρι.

390 2194 410 2227 ι
451 2174 594 2247 Ἐγὼ
646 2175 850 2249 Κύριος
893 2177 1128 2250 ἐποίησα
1157 2177 1283 2249 γῆν,
1334 2174 1429 2231 καὶ
1476 2173 1761 2247 ἄνθρωπον
1795 2175 1884 2229 ἐπ’

311 2267 500 2338 αὐτῆς·
530 2266 641 2337 ἐγὼ
662 2271 729 2340 τῇ
761 2268 901 2340 χειρί
926 2286 1029 2339 μου
1060 2267 1366 2340 ὲστερέωσα
1388 2267 1479 2323 τὸν
1503 2269 1746 2341 οὐρανὸν,
1772 2265 1883 2337 ἐγὼ

312 2360 446 2413 πᾶσι
477 2362 588 2421 τοῖς
615 2359 834 2431 ἄστροις
859 2360 1230 2432 ἐνετειλάμην,
1261 2359 1373 2429 ἐγὼ
1396 2361 1593 2432 ήγειρα
1624 2361 1716 2416 τὸν
1744 2360 1882 2432 μετά

308 2450 651 2521 δικαιοσύνης
674 2450 912 2521 βασιλέα,
936 2451 1030 2505 καὶ⁷
1056 2452 1226 2505 πᾶσαι
1251 2451 1306 2504 ai
1330 2450 1440 2505 ὁδοὶ
1466 2451 1631 2505 αὑτοῦ
1654 2452 1875 2505 εὐθεῖαι.

310 2537 480 2606 Οὗτος
508 2542 853 2613 οἰκοδομήσει
883 2542 982 2614 τὴν
1017 2542 1169 2598 πόλιν
1196 2560 1320 2614 μου,
1345 2542 1438 2596 καὶ
1464 2541 1562 2616 τὴν
1604 2542 1880 2613 αἰχμαλω-

244 2658 247 2661 ·
309 2635 429 2689 σίαν
454 2635 548 2689 τοῦ
574 2634 703 2690 λαοῦ
735 2634 1070 2707 ἐπιστρέψει,
1095 2635 1155 2689 ού
1185 2635 1322 2707 μετά
1339 2635 1570 2709 λύτρων,
1595 2636 1715 2689 οὐδὲ
1742 2636 1879 2707 μετά

304 2725 512 2798 δώρων,
540 2723 661 2780 εἷπε
677 2726 880 2799 Κύριος
898 2726 1176 2782 Σαϐαὼθ.»
1206 2727 1355 2792 Τέως
1389 2727 1488 2798 μὲν
1516 2727 1685 2781 ταῦτα
1715 2731 1744 2783 ὁ
1768 2728 1878 2783 τῶν

304 2817 441 2872 ὅλων
468 2818 695 2890 ποιητὴς
718 2818 870 2883 Θεὸς,
897 2820 1024 2890 περί
1055 2836 1200 2883 τινος
1226 2818 1489 2889 βασιλέως
1509 2819 1603 2873 καὶ
1628 2818 1876 2890 Σωτῆρος

309 2908 595 2978 μέλλοντος
635 2910 933 2980 οἰκοδομεῖν
970 2908 1033 2963 τὸ
1068 2909 1169 2980 τῆς
1218 2908 1500 2971 εὐσεϐείας
1542 2907 1872 2979 πολίτευμα,

304 2996 680 3069 λυτρώσασθαι
721 2997 818 3069 τὴν
857 2998 1235 3070 ὲπισυμϐᾶσαν
1278 2996 1586 3070 ἀνθρώποις
1631 2996 1735 3051 ὑπὸ
1777 2998 1875 3068 τῆς

302 3088 621 3161 δαιμονικῆς
663 3090 869 3162 πλάνης
915 3089 1310 3161 αἰχμαλωσίαν,
1335 3088 1425 3143 διὰ
1466 3088 1560 3142 τοῦ
1595 3088 1871 3161 προφήτου

302 3181 586 3246 θεσπίζει·
644 3180 768 3253 ἑξῆς
812 3182 868 3235 δὲ
910 3181 1118 3247 τούτοις
1165 3180 1224 3235 τὸ
1270 3177 1604 3253 προφητικὸν
1658 3180 1873 3252 πνεῦμα

302 3274 401 3345 τὴν
442 3274 718 3345 ὑποταγὴν
762 3274 871 3328 τῶν
903 3273 1212 3343 ἀλλοφύλων
1256 3272 1425 3327 ἐθνῶν
1463 3273 1775 3337 αἰνίττεται,
1804 3272 1872 3344 ἢν

304 3365 732 3436 ὐποταγήσονται
750 3365 826 3436 τῷ
846 3365 1323 3438 προφητεύομένῳ,
1343 3367 1437 3420 καὶ
1462 3366 1537 3429 ὡς
1564 3367 1871 3440 προσκυνή-

305 3474 490 3511 σουσιν
536 3457 684 3528 αὐτῷ
731 3452 820 3511 οἷα
855 3457 973 3529 Θεῷ
1021 3460 1069 3512 οἱ
1118 3457 1604 3530 ύποταγησύμενοι,
1657 3459 1750 3512 καὶ
1795 3460 1871 3525 ὼς

303 3549 690 3622 προσεύξονται
728 3551 787 3603 ὲν
817 3550 985 3622 αύτῷ,
1022 3550 1111 3605 διὰ
1152 3551 1213 3604 τὸ
1248 3551 1470 3623 μείζονα
1512 3555 1781 3606 κατοικεῖν
1812 3555 1871 3608 ὲν

300 3640 452 3711 αὐτῷ
478 3639 630 3702 Θεὸν,
664 3640 755 3693 τὸν
801 3641 1061 3694 ἀνωτάτω
1102 3641 1299 3714 δηλαδὴ
1334 3641 1571 3714 Πατέρα,
1607 3643 1700 3697 καί
1722 3626 1869 3696 *Θεὸν

301 3729 412 3783 τῶν
450 3729 605 3783 ὅλων.
660 3729 740 3784 Τὰ
791 3729 849 3784 δὲ
891 3731 990 3801 τῆς
1038 3727 1233 3795 λέξεως
1262 3730 1433 3797 οὕτως
1476 3732 1619 3804 ἔχει·
1659 3752 1678 3784 ι
1716 3733 1869 3787 Οὕτω

299 3823 449 3893 λέγει
495 3822 732 3896 Κύριος·
785 3824 1100 3876 Ἐκοπίασεν
1142 3823 1449 3893 Αἴγυπτος,
1498 3827 1592 3880 καὶ
1630 3826 1869 3899 ἐμπορία

298 3915 606 3980 Αἰθιόπων,
653 3915 747 3969 καὶ
801 3918 849 3969 οἱ
892 3916 1133 3986 Σαϐαεὶμ
1181 3916 1373 3988 ἄνδρες
1420 3916 1610 3988 ὑψηλοὶ
1658 3917 1753 3971 ἐπὶ
1806 3918 1867 3970 σὲ

296 4007 667 4079 διαϐήσονται,
696 4007 788 4061 καὶ
822 4008 903 4061 col.
937 4006 1148 4061 ἔσονται
1191 4007 1385 4073 δοῦλοι,
1433 4010 1527 4063 καὶ
1557 4009 1732 4063 ὀπίσω
1771 4009 1863 4064 σοῦ

295 4097 755 4168 ἀκολουθήσουσι,
785 4097 1052 4168 δεδεμένοι
1086 4098 1456 4171 χειροπέδαις,
1501 4099 1595 4153 καὶ⁴
1624 4116 1865 4173 προσκυ-

295 4190 523 4261 νήσουσι
565 4190 696 4252 νέοι,
748 4189 840 4243 καὶ
883 4191 940 4242 ὲν
992 4189 1074 4242 σοὶ
1115 4189 1521 4260 προσεύξονται,
1568 4192 1650 4246 ὅτι
1688 4194 1747 4247 ὲν
1782 4195 1865 4247 σοὶ

294 4283 326 4336 ὁ
350 4281 485 4345 Θεύς
516 4282 652 4346 ἐστι,
687 4281 782 4335 καὶ
808 4281 907 4334 ούκ
942 4280 1054 4335 ἔστι
1079 4282 1211 4347 Θεὸς
1248 4281 1386 4354 πλὴν
1420 4281 1535 4337 σοῦ.
1582 4286 1654 4339 Σὺ
1684 4285 1791 4357 γὰρ
1815 4282 1868 4339 εἴ

292 4372 461 4438 Θεὸς,
507 4372 603 4470 καὶ
641 4374 741 4427 οὐκ
786 4373 1026 4444 ᾔδειμεν,
1073 4372 1205 4438 Θεὸς
1246 4373 1338 4427 τοῦ
1393 4375 1608 4447 Ἰσραὴλ
1651 4377 1858 4449 Σωτήρ.
1890 4412 1933 4470 C

289 4464 754 4536 Δίσχυνθήσονται
796 4465 889 4518 καὶ⁵
926 4466 1349 4538 ἐντραπήσονται
1385 4466 1585 4532 πάντες
1628 4469 1677 4522 oi
1710 4469 1859 4522 ἀντι-

298 4558 543 4629 κείμενοι
572 4555 739 4627 αύτῷ,
775 4555 867 4609 καὶ
892 4555 1245 4628 πορεύσονται
1271 4559 1328 4611 ὲν
1361 4558 1639 4630 αἰσχύνῃ.»
1676 4558 1862 4614 Ταῦτα

297 4649 403 4716 μὲν
433 4649 468 4719 ἡ
502 4647 824 4719 προφητεία.
860 4647 971 4717 Οὐχ
1011 4645 1248 4718 ἡγοῦμαι
1287 4648 1345 4701 δὲ
1382 4650 1726 4720 ἀντωπήσειν
1767 4649 1858 4702 δύ-

291 4739 489 4794 νασθαί
529 4756 677 4802 τινα,
707 4738 809 4793 κᾶν
855 4738 1058 4811 σφόδρα
1098 4734 1451 4814 ᾖάγνώμων,
1495 4740 1573 4811 τῷ
1610 4741 1860 4813 προδήλῳ

292 4831 390 4885 καὶ
433 4833 595 4900 σαφεῖ
636 4829 735 4900 τῆς
780 4828 995 4895 λέξεως,
1034 4830 1277 4901 ἐναργῶς
1321 4830 1491 4896 οὕτως
1539 4833 1859 4903 είσαγούσης

293 4921 428 4977 Θεὸν
459 4922 554 4976 τοῦ
589 4922 802 4994 Ἰσραήλ
824 4922 1071 4993 Σωτῆρα,
1096 4923 1190 4975 καὶ
1231 4922 1414 4993 ἕτερον
1441 4924 1498 4976 ὲν
1526 4923 1673 4995 αὐτῷ
1702 4924 1854 4977 Θεὸν·

300 5015 769 5088 «Προσκύνήσούσί
824 5032 940 5079 σοι,
973 5033 992 5067 ι
1051 5016 1235 5086 φησὶν,
1283 5035 1302 5067 ι
1326 5016 1374 5068 οἱ
1416 5015 1629 5081 δίκαιοι,
1665 5017 1759 5072 καὶ
1798 5020 1858 5071 ὲν

218 5150 225 5157 .
294 5106 380 5159 σοὶ
418 5106 837 5179 προσεύξονται,
870 5106 952 5160 ὅτι
992 5109 1049 5161 ὲν
1081 5107 1161 5161 σοὶ
1204 5108 1232 5160 ὁ
1262 5107 1392 5171 Θεός
1424 5109 1571 5173 ἐστι,
1622 5109 1715 5163 καὶ
1757 5110 1857 5163 ούκ

290 5200 408 5253 ἔστι
457 5198 591 5263 Θεὸς
638 5199 773 5271 πλὴν
815 5200 928 5253 σοῦ·
993 5200 1057 5253 σὺ
1110 5200 1215 5273 γὰρ
1264 5196 1316 5254 εἷ
1352 5202 1381 5254 ὁ
1420 5200 1570 5267 Θεὸς,
1622 5203 1715 5257 καὶ¹
1756 5204 1855 5258 ούκ

290 5292 535 5362 ⁴ᾔδειμεν,
570 5289 703 5354 Θεὸς
739 5290 833 5343 τοῦ
874 5289 1085 5363 Ἰσραὴλ
1132 5289 1341 5363 Σωτήρ.
1372 5311 1391 5344 ι
1443 5292 1517 5347 Τὸ
1562 5292 1648 5359 δὲ,
1702 5312 1721 5345 ‹
1755 5295 1865 5349 οὐκ·

292 5382 531 5452 ⁴ᾔδειμεν,
563 5400 582 5433 ι
615 5383 680 5436 ἑκ
708 5380 997 5453 προσώπου
1019 5382 1127 5435 τῶν
1160 5384 1288 5454 πρὶν
1320 5383 1482 5439 αὐτὸν
1512 5385 1587 5457 μὴ
1610 5386 1853 5454 ἐπεγνω-

288 5472 461 5525 κὸτων
506 5469 658 5541 παρά
708 5471 887 5540 μόνοις
937 5472 1047 5534 τοῖς
1104 5471 1499 5543 Ἑϐδομήκοντα
1546 5475 1853 5545 εἰρημένον,

285 5564 486 5636 ἑτέρως
516 5559 627 5633 εἶχε
646 5562 707 5615 τὸ
733 5563 1035 5634 Ἐϐραῖκὸν,
1058 5564 1085 5617 δ
1110 5563 1423 5636 μεταλαϐὼν
1443 5566 1471 5618 δ
1500 5567 1597 5638 μὲν
1624 5568 1849 5633 Ἀκύλας

285 5655 454 5727 φησί’
504 5674 524 5705 ι
565 5654 693 5718 Θεὸς
736 5656 844 5726 ἄρα
895 5655 1111 5728 ἰσχυρὸς
1154 5657 1668 5730 ἀποκρυπτόμενος,
1719 5660 1851 5726 Θεὸς

1912 1723 1963 1781 Α

2588 1707 2815 1767 CAPUT
2848 1706 2935 1763 IV.

1984 1847 2144 1918 225
2171 1846 2323 1913 Quod
2367 1848 2526 1918 etiam
2576 1844 2751 1900 Isaias
2773 1886 2789 1911 ,
2824 1845 3203 1918 prophetarum
3244 1844 3546 1918 maajmtts,

2052 1913 2209 1988 itane
2244 1919 2386 1972 novit
2437 1916 2602 1970 Deum
2627 1933 2761 1988 esse
2813 1913 2868 1969 in
2911 1913 3246 1988 Deguidque
3270 1913 3545 1988 _aﬂ_irma_t,

2056 1981 2191 2042 sicut
2231 1989 2393 2042 etiam
2426 2004 2519 2041 nos
2547 1986 2637 2056 qui
2663 1986 2879 2043 Patrem
2907 1986 2963 2039 iu
2991 1981 3227 2052 Filio,“
3260 1981 3459 2038 Filium
3490 1984 3546 2037 in

2055 2057 2219 2112 Patre
2240 2058 2618 2130 gloriﬁcamus.

2060 2186 2080 2221 ι
2111 2168 2221 2241 Ego
2254 2167 2519 2225 Dominus
2551 2168 2654 2225 feci
2699 2175 2926 2233 terram,
2975 2171 3030 2222 et
3076 2164 3347 2222 hominem
3381 2181 3544 2236 super

1979 2275 2044 2316 ea
2072 2277 2086 2327 ;
2117 2276 2217 2332 ego
2248 2276 2412 2317 manu
2457 2276 2578 2316 mea
2619 2258 2952 2317 consolidavi
2984 2260 3204 2324 cmlum,
3236 2272 3337 2329 ego
3365 2257 3542 2312 omni-

1980 2350 2084 2409 bus
2124 2353 2288 2410 astris
2331 2351 2607 2417 mandavi,
2640 2367 2741 2423 ego
2794 2350 3056 2408 suscitavi
3085 2364 3268 2420 regem
3301 2365 3424 2404 eum
3450 2349 3542 2420 ju-

1979 2444 2151 2510 stitia,
2199 2451 2254 2501 et
2285 2458 2475 2500 omnes
2506 2445 2608 2499 via:
2645 2444 2767 2513 ejus
2795 2450 2976 2498 rectae.
3019 2440 3119 2497 Hic
3155 2440 3443 2497 aediﬁcabit
3469 2440 3543 2495 ci-

1976 2537 2197 2592 vitatem
2246 2550 2446 2601 meam,
2496 2542 2552 2591 et
2598 2536 2967 2608 captivitatem
3008 2534 3193 2607 populi
3236 2538 3538 2599 convertet,

1976 2644 2085 2684 non
2125 2628 2323 2699 pretio,
2355 2644 2530 2699 neque
2579 2628 2918 2695 muneribus,
2954 2627 3092 2683 dixit
3137 2626 3403 2686 Dominus
3441 2625 3541 2685 Sa-

1977 2720 2141 2775 baoth
2167 2721 2235 2778 ”.
2267 2740 2286 2772 ι
2327 2720 2548 2776 Interim
2590 2719 2809 2791 quidem
2852 2720 2969 2776 haec
3009 2706 3249 2778 universi
3289 2722 3543 2777 conditor

1974 2810 2140 2876 Deus,
2194 2812 2262 2867 de
2300 2810 2537 2882 quodam
2576 2826 2701 2883 rege
2738 2826 2801 2867 ac
2837 2809 3139 2877 Salvatore,
3170 2814 3263 2883 qui
3301 2813 3541 2869 aediﬁca-

1973 2911 2134 2959 turus
2157 2904 2229 2961 sit
2258 2903 2646 2975 rempublicam
2675 2904 2915 2974 pietatis,
2948 2914 3003 2961 et
3032 2904 3396 2961 conditionem
3430 2918 3538 2976 qua

1973 2994 2222 3050 homines
2273 3011 2304 3052 a
2363 2994 2662 3054 dazmeuico
2697 3012 2881 3053 errore
2942 2997 3138 3067 captivi
3181 2999 3539 3063 tenebantur,

1904 3067 1946 3125 Β
1975 3086 2365 3155 dissoluturus,
2400 3104 2497 3161 per
2521 3090 2837 3161 prophetam
2873 3090 3184 3161 respondet.
3217 3089 3276 3144 In
3310 3090 3376 3145 iis
3408 3104 3536 3146 vero

1975 3198 2094 3254 qua:
2120 3191 2444 3255 sequuntur,
2486 3193 2833 3239 externarum
2872 3197 3089 3254 quoque
3119 3182 3399 3241 nationum
3439 3182 3537 3237 ob-

1974 3273 2244 3342 sequium,
2294 3287 2404 3343 quo
2442 3272 2493 3329 ei
2558 3281 2686 3329 sunt
2741 3274 3081 3329 obsecutum:
3122 3274 3213 3343 qui
3275 3280 3536 3330 venturus

1972 3366 2213 3429 canitur,
2271 3366 2623 3436 propheticus
2682 3363 2953 3438 signiﬁcat
3002 3366 3225 3437 Spiritus
3268 3387 3281 3424 :
3325 3383 3536 3424 necnon

1970 3456 2426 3527 quemadmodum
2449 3456 2598 3511 illum
2623 3467 2883 3529 tanquam
2914 3457 3083 3514 Deum
3110 3459 3412 3515 adorabunt
3434 3460 3533 3525 illi,

1969 3549 2062 3620 qui
2095 3549 2169 3602 ita
2204 3547 2269 3601 ad
2304 3548 2626 3618 obsequium
2656 3550 2927 3617 venerint,
2955 3557 3009 3607 et
3038 3552 3183 3623 quod
3218 3552 3381 3608 Deum
3412 3567 3537 3606 ora-

1969 3638 2105 3693 bunt
2149 3638 2205 3692 in
2248 3638 2715 3709 ipsozpropterea
2757 3641 2904 3712 quod
2954 3642 3009 3697 in
3063 3656 3130 3697 eo
3167 3642 3283 3711 ipse
3331 3641 3535 3697 habitet

1969 3730 2111 3788 Deus
2148 3747 2455 3802 supremus,
2486 3732 2735 3790 videlicet
2763 3733 2943 3799 Pater,
2980 3734 3330 3805 universique
3368 3732 3531 3791 Deus.

1967 3820 2145 3877 Locus
2172 3830 2351 3879 autem
2371 3823 2450 3879 sic
2464 3840 2523 3879 se
2543 3823 2704 3880 habet
2726 3824 2793 3879 ad
2811 3826 3031 3881 verbum
3057 3844 3070 3880 :
3097 3844 3116 3877 ι
3142 3824 3231 3880 Sic
3263 3824 3395 3879 dicit
3424 3825 3533 3879 Do-

1966 3915 2149 3972 minus
2194 3936 2207 3971 :
2254 3916 2545 3972 Laboravit
2574 3915 2861 3989 Egyptus,
2892 3927 2946 3973 et
2993 3918 3289 3990 negotiatio
3318 3916 3533 3972 )Ethio-

1965 4022 2118 4077 pum,
2163 4017 2217 4064 et
2266 4008 2481 4065 Sabaim
2528 4010 2631 4067 viri
2661 4008 2861 4066 excelsi
2903 4008 2970 4065 ad
3002 4016 3056 4065 te
3099 4009 3433 4073 transibunt,
3478 4017 3532 4065 et

1965 4098 2044 4153 tui
2073 4106 2234 4153 erunt
2259 4099 2425 4165 servi,
2458 4107 2512 4155 et
2556 4114 2585 4154 a
2615 4107 2766 4171 tergo
2796 4107 2849 4154 te
2888 4108 3187 4171 sequentur
3213 4100 3383 4154 vincti
3414 4115 3532 4154 ma-

1964 4188 2127 4257 nicis,
2164 4198 2219 4246 et
2247 4189 2553 4246 adorabunt
2578 4189 2829 4262 juvenes,
2860 4199 2914 4248 et
2946 4192 2999 4246 in
3022 4200 3076 4247 te
3104 4193 3338 4247 orabunt
3360 4211 3373 4246 :
3393 4208 3534 4264 quo-

1965 4281 2111 4334 niam
2136 4281 2191 4335 in
2224 4291 2275 4336 te
2307 4279 2448 4336 Deus
2479 4290 2583 4347 est,
2613 4289 2668 4338 et
2700 4297 2809 4337 non
2844 4290 2929 4338 est
2959 4281 3103 4338 Deus
3137 4292 3329 4352 praeter
3357 4291 3443 4338 te:
3470 4289 3526 4337 tu

1965 4372 2107 4425 enim
2135 4387 2196 4427 es
2234 4371 2399 4433 Deus,
2429 4381 2482 4426 et
2515 4388 2624 4427 non
2660 4388 3006 4436 noveramus,
3044 4372 3187 4429 Deus
3214 4372 3379 4430 Israel
3411 4372 3532 4428 Sal-

1966 4469 2139 4516 vator.
2175 4460 2513 4518 Erubescent
2558 4471 2613 4518 et
2655 4463 3059 4521 confundentur
3085 4480 3275 4521 omnes
3302 4466 3395 4536 qui
3431 4464 3529 4520 ad-

1961 4560 2252 4609 versantur
2272 4554 2344 4618 ei,
2376 4561 2430 4609 et
2460 4555 2816 4611 ambulabunt
2853 4557 2907 4611 in
2940 4557 3148 4627 pudore
3172 4558 3236 4613 ³³.
3280 4577 3297 4609 ι
3332 4556 3527 4614 Hacte-

1961 4661 2065 4701 nus
2104 4646 2220 4716 ipsa
2268 4646 2575 4717 prophetia.
2617 4647 2907 4716 Caaterum,
2948 4650 3262 4721 neutiquam
3296 4651 3529 4707 arbitror

1960 4739 2269 4808 quempiam
2299 4738 2488 4793 contra
2518 4738 2592 4798 id.
2622 4740 2766 4811 quod
2800 4746 2910 4794 tam
2942 4749 3128 4812 aperte
3155 4748 3209 4797 et
3241 4742 3528 4812 perspicue

1959 4830 2196 4894 dicatur,
2224 4832 2307 4886 vel
2337 4832 2528 4887 oculos
2555 4830 2915 4898 directurum,
2951 4832 3202 4904 quamvis
3233 4831 3523 4887 admodum

1959 4921 2031 4975 sit
2078 4921 2345 4992 ingratus,
2394 4923 2489 4978 ubi
2532 4923 2608 4977 ita
2643 4923 2923 4980 evidenter
2962 4924 3203 4994 etplane
3250 4924 3527 4980 inducitur

1957 5013 2104 5069 Deus
2155 5013 2323 5071 isracl
2370 5013 2640 5081 Salvator,
2688 5023 2746 5072 et
2800 5017 2856 5071 in
2912 5016 3007 5071 illo
3052 5015 3233 5073 Deus:
3268 5036 3287 5070 ι
3322 5015 3523 5071 Adora—

1958 5105 2096 5160 bunt
2133 5114 2207 5171 te,
2245 5105 2445 5177 inquit,
2483 5107 2642 5177 justi,
2690 5108 2830 5163 etin
2875 5115 2929 5163 te
2959 5107 3213 5171 orabunt,
3265 5109 3525 5179 quoniam

1957 5200 2012 5254 in
2045 5209 2098 5256 te
2123 5208 2208 5256 est
2240 5199 2405 5265 Deus,
2435 5210 2490 5256 et
2517 5217 2626 5257 non
2650 5208 2736 5257 est
2765 5199 2910 5257 Deus
2940 5214 3136 5271 praeter
3165 5206 3218 5256 te
3249 5220 3261 5255 :
3290 5209 3345 5254 tu
3375 5201 3522 5256 enim

1956 5308 2015 5350 es
2054 5292 2232 5356 Deus,
2282 5303 2336 5349 et
2375 5293 2774 5357 nesciebamus,
2821 5290 2966 5349 Deus
2995 5292 3163 5348 lsrael
3196 5291 3465 5348 Salvator.
3497 5309 3516 5345 ι

1954 5384 2125 5440 Porro
2172 5384 2343 5451 illud,
2399 5402 2419 5435 ι
2450 5384 2863 5450 nesciebamus,
2896 5404 2914 5436 ›
2956 5384 3102 5455 quod
3162 5401 3228 5441 ex
3286 5400 3521 5455 persona

1953 5494 2143 5535 eorum
2177 5478 2273 5548 qui
2300 5477 2455 5549 prius
2499 5478 2651 5534 illum
2680 5494 2792 5534 non
2815 5486 3172 5550 agnoverunt,
3194 5479 3358 5550 226
3378 5478 3519 5549 apud

1954 5570 2103 5628 solos
2133 5569 2276 5624 LXX
2307 5569 2514 5624 dictum
2547 5576 2655 5637 est,
2706 5569 2764 5626 in
2807 5570 3072 5628 Hebraico
3118 5573 3277 5627 aliter
3320 5571 3519 5639 habet;

1954 5663 2099 5734 quod
2131 5678 2265 5720 sane
2292 5662 2485 5733 Aquila
2521 5672 2868 5733 convertens,
2911 5665 2991 5722 sic
3018 5666 3094 5719 ait
3123 5684 3136 5719 :
3170 5683 3188 5717 ι
3219 5664 3360 5720 Deus
3388 5678 3518 5733 ergo

351 5855 399 5888 ³⁸
420 5854 609 5913 Matth.
640 5857 883 5929 xxvl,l39.
971 5859 1154 5913 "ibid.
1194 5858 1281 5914 49.
1335 5860 1378 5893 '°
1396 5858 1626 5934 Philipp.
1661 5877 1720 5925 η,
1754 5862 1870 5917 8-9.
1928 5863 1967 5897 ³¹
1993 5861 2252 5934 Ephcs.l,
2282 5863 2467 5930 20,2l.
2509 5864 2687 5936 f'lsa.
2716 5866 3041 5932 x1.v,l?,l5.
3119 5862 3517 5921 "ibid.i~i~li}.
