4080 6416
497 396 597 454 5η

1134 392 1405 450 EUSEBII
1452 393 1936 454 CJESARIENSIS
1969 393 2347 468 OPP.-PARS
2385 395 2450 450 ll.
2490 426 2562 436 —
2599 385 3100 472 APOLOGETICA.,

3642 398 3746 455 373

498 518 659 575 fortis
679 516 950 579 occultus,
983 515 1127 572 Deus
1154 515 1322 573 lsrael
1350 519 1443 590 qui
1467 520 1648 574 salvos
1670 517 1818 574 facit.
1845 539 1865 572 ›
1893 519 2072 574 ἰΊιιεο⁴

2186 517 2398 589 Ἰσραὴλ
2433 517 2620 582 σώζων
2638 536 2649 548 ·
2675 537 2694 569 ρ
2736 520 2764 571 6
2791 518 2846 572 δὲ
2872 517 3163 572 Θεοδοτίων
3187 534 3200 548 ο
3237 535 3255 568 ι
3282 517 3379 570 Διά
3408 516 3566 571 τοῦτο
3594 516 3746 588 ἰσχυ-
3808 535 3813 543 ·

498 613 684 667 dotion
730 625 901 666 vero:
942 629 960 663 ι
989 609 1284 681 Pr0pterea
1321 611 1476 668 fortis
1531 614 1887 669 absconditus
1930 611 2073 668 Deus

497 718 743 759 servans.
777 722 796 754 ›
837 699 941 756 Ubi
977 716 1110 757 sane
1149 702 1308 758 valde
1338 704 1661 760 mirabiliter
1691 703 2073 759 absconditum

500 797 668 851 Deum
703 795 984 850 Christum
1031 796 1278 850 nominat
1309 815 1322 851 :
1355 812 1566 852 necnon
1593 812 1814 852 causam
1856 811 2074 868 quoque

500 892 814 963 planissime
848 891 1029 956 docet,
1064 901 1285 962 propter
1307 907 1468 962 quam
1501 909 1672 947 unum
1707 893 1908 961 ipsum,
1936 906 2073 960 qua-

500 996 660 1042 tenus
691 987 836 1039 inter
865 1000 928 1039 ea
961 1001 1082 1054 quae
1124 986 1306 1056 genita
1335 993 1485 1054 sunt,
1534 987 1868 1052 nominatur,
1902 984 2072 1040 Deum

500 1087 678 1141 vocat,
713 1080 781 1133 oh
802 1078 980 1134 Patris
1001 1079 1252 1134 videlicet
1274 1080 1328 1134 in
1351 1080 1469 1151 ipso
1498 1080 1890 1134 habitationem
1917 1097 1930 1132 :
1963 1097 1981 1130 ‹
2012 1078 2071 1132 ln

498 1175 618 1242 ipso
651 1172 821 1237 enim,
855 1191 874 1223 ι
906 1180 966 1227 ut
992 1172 1211 1228 divinus
1256 1172 1414 1228 docet
1440 1173 1736 1245 Apostolus
1762 1173 1829 1237 “,
1870 1190 1888 1223 ι
1924 1186 2074 1226 com-

499 1264 709 1334 placuit
739 1280 957 1319 omnem
987 1264 1382 1335 plenitudinem
1408 1265 1714 1322 divinitatis
1742 1265 2010 1320 habitare.
2049 1282 2068 1315 ι

500 1355 615 1409 Hoc
644 1355 823 1426 ipsum
862 1355 1028 1410 verba
1073 1356 1189 1427 ipsa
1237 1357 1538 1423 declarant,
1587 1373 1710 1428 qua:
1743 1357 1824 1411 sic
1873 1371 1932 1410 se
1975 1355 2074 1409 ha-

499 1447 628 1500 bent
657 1465 670 1498 :
708 1463 725 1496 ‹
755 1445 1024 1512 Quoniam
1060 1447 1115 1500 in
1158 1453 1213 1501 te
1245 1445 1389 1502 Deus
1435 1455 1541 1512 est,
1583 1457 1638 1505 et
1679 1463 1787 1502 non
1815 1454 1900 1503 est
1929 1446 2074 1502 Deus

498 1545 695 1605 praeter
729 1543 801 1591 te.
839 1555 856 1587 ι
888 1534 997 1590 Ρι·ο
1029 1536 1122 1591 illo
1145 1551 1276 1591 vero
1319 1538 1466 1607 quod
1512 1545 1616 1602 est,
1656 1555 1674 1587 ι
1713 1544 1908 1608 praeter
1933 1545 2008 1602 te,
2049 1556 2067 1588 ο

497 1627 859 1692 Theodotion,
903 1646 922 1679 ι
955 1637 1151 1698 ρι’ωῐει*
1189 1629 1368 1699 ipsum
1401 1648 1420 1680 ι
1455 1628 1844 1699 interpretatus
1876 1635 1977 1692 est,
2013 1635 2074 1682 ut

497 1722 604 1774 hoc
624 1720 786 1774 modo
810 1721 974 1776 verba
1001 1737 1061 1776 se
1086 1721 1318 1776 habeant
1344 1702 1366 1776 ’τ
1393 1739 1413 1774 ‹
1440 1719 1560 1776 Νοη
1590 1729 1674 1777 est
1707 1719 1852 1777 Deus
1878 1727 2074 1791 prmter

497 1815 700 1885 ipsum,
739 1796 939 1867 reum
991 1813 1249 1869 videlicet
1301 1829 1332 1868 a
1382 1830 1493 1884 quo
1526 1830 1606 1881 es,
1659 1829 1756 1884 per
1805 1827 1966 1882 quem
2011 1819 2068 1865 tu

494 1878 713 1975 (filoque
755 1905 808 1958 id
851 1904 1040 1972 habes,
1084 1913 1144 1958 ut
1181 1904 1352 1961 Filius
1384 1878 1484 1961 sis.
1531 1878 1637 1960 sed
1659 1878 1859 1974 aqua
1887 1905 1963 1956 ita
1993 1903 2070 1956 in—
2100 1878 2143 1934 Β

495 2006 828 2070 terpretatus
854 2006 938 2054 est
971 2017 986 2054 :
1028 2017 1048 2052 ‹
1087 1997 1478 2055 Verumtamen
1512 1999 1567 2054 in
1597 2007 1650 2052 te
1680 1996 1862 2062 fortis,
1887 2004 2069 2051 etnon

495 2100 581 2147 est
627 2091 862 2163 amplius
889 2090 1034 2164 apud
1082 2099 1157 2148 te.
1205 2090 1349 2148 Deus
1405 2107 1535 2162 ergo
1583 2090 1743 2146 fortis
1774 2096 1827 2145 et
1868 2089 2065 2152 latens,

495 2184 642 2240 Deus
683 2184 867 2238 salvos
897 2183 1126 2240 faciens.
1158 2204 1176 2237 ›
1216 2183 1578 2256 Symmachus
1602 2197 1734 2239 vero
1762 2181 1914 2237 solus
1949 2179 2064 2235 sic:

498 2295 519 2327 ι
560 2276 615 2330 In
640 2286 690 2331 te
719 2275 882 2341 Deus,
906 2284 960 2331 ct
989 2293 1097 2332 non
1121 2284 1204 2333 est
1230 2278 1486 2348 amplius,
1506 2293 1685 2348 neque
1707 2275 1862 2330 adest
1885 2273 2066 2329 Deus:

493 2382 621 2421 vere
677 2375 734 2422 tu
779 2367 923 2422 Deus
971 2367 1354 2436 absconditus,
1378 2367 1522 2424 Deus
1553 2367 1721 2424 lsrael
1765 2379 2012 2421 servans.
2044 2382 2063 2415 ι

495 2455 597 2511 Ubi
633 2456 780 2527 quod
811 2457 952 2512 Deus
991 2459 1062 2512 sit
1112 2455 1366 2514 Christus
1412 2456 1526 2524 Dei,
1565 2457 1733 2513 verba
1761 2457 1878 2526 ipsa
1912 2454 2071 2524 plane

494 2550 792 2605 declarant.
844 2569 862 2601 ε
891 2549 1027 2605 Nam
1067 2557 1354 2622 propterea
1383 2551 1528 2622 quod
1552 2551 1606 2604 in
1647 2559 1720 2614 te.
1755 2548 1953 2620 inquit,
1987 2552 2072 2602 est

494 2644 663 2707 Deus,
695 2651 753 2698 tu
809 2659 940 2698 sane
981 2642 1123 2698 Deus
1156 2642 1314 2698 fortis
1359 2650 1413 2696 et
1458 2643 1840 2698 absconditus.
1871 2660 1891 2692 ι
1928 2640 2070 2709 Ergo

490 2751 560 2790 ex
591 2735 696 2799 his,
733 2733 877 2789 Deus
906 2749 1050 2788 unus
1090 2735 1213 2801 erit,
1247 2735 1339 2804 qui
1376 2734 1540 2803 hujus
1575 2732 1957 2803 appellationis
1984 2738 2070 2785 est

494 2824 782 2880 Dominus.
829 2823 1002 2880 Filius
1035 2834 1217 2880 autem
1248 2826 1506 2896 quoniam
1539 2823 1701 2879 Pater
1739 2825 1788 2879 ei
1824 2823 2069 2893 seipsum

495 2917 885 2980 communicat,
941 2917 1010 2972 de
1065 2917 1565 2971 communicatione
1619 2915 1869 2970 veritatis
1920 2915 2068 2968 illius

491 3011 815 3081 dignitatem
846 3009 1078 3080 accepit,
1121 3009 1322 3080 quippe
1375 3009 1469 3077 qui
1495 3023 1670 3077 neque
1692 3022 1721 3060 a
1761 3007 1949 3076 seipso
1973 3006 2063 3070 sit,

494 3117 673 3176 neque
700 3104 768 3158 ab
795 3119 880 3167 eo,
905 3102 996 3174 qui
1021 3103 1197 3171 ipsum
1222 3100 1432 3171 genuit,
1462 3099 1623 3154 Patre
1644 3097 1949 3162 deseratur,
1972 3097 2068 3152 sed

492 3196 598 3250 hoc
628 3197 807 3266 ipsum
840 3203 1040 3258 totum,
1075 3193 1220 3265 quod
1253 3201 1356 3258 est,
1395 3191 1538 3262 quod
1579 3191 1734 3256 vivit,
1766 3191 1908 3261 quod
1939 3189 2070 3245 sub-

492 3285 662 3351 sistit,
709 3285 777 3339 ab
817 3299 882 3339 eo
931 3300 962 3338 a
992 3300 1102 3354 quo
1131 3290 1215 3339 est
1247 3281 1428 3345 Patre,
1465 3281 1727 3346 obtineat,
1758 3281 1853 3352 qui
1892 3296 2069 3352 neque

493 3375 710 3430 Patrem
745 3375 970 3442 deserit,
1014 3383 1069 3430 et
1113 3376 1180 3430 ab
1224 3375 1319 3430 illo
1346 3374 1608 3445 gignitur,
1639 3381 1693 3428 et
1726 3382 1838 3427 tum
1882 3381 1942 3427 ut
1973 3373 2066 3438 sit,

493 3477 611 3521 tum
644 3475 705 3522 ut
734 3467 907 3523 Filius
935 3466 1026 3532 sit,
1061 3483 1173 3522 non
1199 3483 1230 3521 a
1255 3468 1460 3538 seipso,
1502 3466 1596 3520 sed
1627 3480 1657 3520 a
1687 3464 1849 3520 Patre
1881 3466 2066 3520 habet.

491 3562 785 3630 Quocirca,
822 3563 1030 3618 honore
1067 3562 1213 3619 hunc
1263 3576 1478 3635 qucque
1527 3569 1586 3614 ut
1606 3558 1776 3616 Deum
1814 3561 2068 3631 prosequi

486 3657 672 3711 edocti
713 3674 925 3720 sumus,
968 3655 1447 3727 quemadmodum,
1497 3671 1617 3726 qua:
1649 3669 1795 3709 nunc
1828 3663 2070 3709 tractau-

491 3759 604 3816 tur,
647 3748 945 3820 prophetiae
990 3749 1293 3804 declarant.
1329 3746 1399 3802 Ut
1448 3746 1594 3802 enim
1641 3745 1876 3815 alicujus
1922 3747 2068 3818 regis

492 3844 676 3913 imago
706 3843 1058 3897 veneratione
1097 3840 1236 3895 allici
1275 3841 1434 3905 solet,
1462 3847 1688 3910 propter
1723 3840 1874 3894 illum
1909 3840 2068 3909 cujus

493 3935 824 3990 lineamenta
864 3947 1125 4004 expressa
1175 3940 1230 3989 et
1277 3932 1690 3988 similitudinem
1737 3930 1842 3986 fert
1887 3931 2070 4001 (caete-

491 4045 638 4093 rum,
675 4029 926 4099 quamvis
957 4035 1012 4082 et
1053 4027 1233 4096 imago
1277 4025 1443 4094 regis,
1491 4032 1544 4080 et
1579 4024 1696 4094 ipse
1728 4041 1824 4079 rex
1861 4023 2069 4080 honore

493 4118 781 4186 aﬂiciatur,
817 4135 961 4174 unus
991 4126 1173 4172 tamen
1205 4117 1309 4170 erit
1339 4117 1429 4186 qui
1457 4115 1777 4181 honoretur,
1804 4130 1916 4170 non
1935 4116 2063 4171 duo.

489 4208 612 4265 Non
645 4211 788 4266 enim
829 4211 939 4267 duo
970 4227 1150 4282 reges,
1187 4227 1353 4276 unus,
1397 4211 1610 4282 primus
1641 4218 1695 4266 et
1726 4227 1891 4266 verus
1932 4230 1946 4265 :
1990 4211 2069 4264 al-

491 4312 594 4363 ter.
636 4305 727 4374 qui
779 4305 896 4376 ipsa
928 4305 1166 4376 imagine
1199 4305 1272 4360 sit
1324 4320 1640 4376 expressus,
1690 4305 1786 4362 sed
1830 4321 1973 4360 unus
2011 4305 2069 4360 in

491 4404 726 4467 utroque
756 4413 863 4452 non
892 4397 1055 4452 modo
1089 4397 1432 4468 intelligitur,
1460 4413 1650 4452 verum
1695 4397 1859 4453 etiam
1891 4397 2069 4452 nomi-

490 4495 658 4540 natur
686 4497 850 4555 atque
882 4485 1225 4556 honoratur),
1257 4487 1338 4541 sic
1383 4501 1518 4541 sane
1575 4487 1890 4558 unigenitus
1932 4503 2069 4559 quo-

2179 610 2269 680 ρὸς
2314 613 2578 681 κρυφαῖος
2622 610 2753 674 Θεὸς
2813 609 3017 675 σώζων.
3051 630 3070 663 ι
3139 609 3351 681 Σφόδρα
3421 609 3748 681 θαυμαστῶς

2176 704 2439 771 κρυφαῖον
2472 701 2602 754 Θεὸν
2631 702 2721 755 τὸν
2752 703 2983 772 Χριστὸν
3009 702 3292 773 ὀνομάζειδ
3329 703 3421 757 καὶ⁸
3447 703 3544 774 τὴν
3571 701 3748 758 αἰτίαν

2173 794 2250 856 δὲ,
2283 795 2348 846 δι’
2381 794 2448 864 ἢν
2477 794 2610 847 Θεὸν
2635 795 2798 848 αὑτὸν
2831 795 2989 865 μόνον
3021 795 3098 858 ὡς
3127 797 3183 848 ἐν
3207 798 3480 866 γεννητοῖς
3519 795 3656 866 μετά
3689 795 3749 848 τὸ

2175 884 2391 957 πρῶτον
2438 887 2532 939 καὶ
2571 885 2862 957 ἀγέννητον
2893 887 3176 951 ἀποκαλεῖ,
3207 889 3392 957 σαφῶς
3421 890 3745 954 ἐκδιδάσκει,

2174 977 2271 1046 τὴν
2318 977 2411 1028 τοῦ
2467 976 2676 1048 Πατρός
2723 979 2780 1031 ὲν
2829 978 2976 1049 αὑτῷ
3025 978 3361 1050 κατοίκησιψ
3392 1000 3410 1031 ι
3456 982 3544 1035 Ἐν
3575 980 3750 1051 τούτῳ

2174 1067 2334 1140 γάρ,›
2380 1067 2520 1122 κατά
2551 1068 2641 1121 τὸν
2676 1069 2814 1122 θεῖον
2848 1070 3160 1136 ἀπόστολον,
3203 1090 3220 1120 ι
3245 1071 3503 1142 εὑδόκησε
3539 1074 3646 1125 πᾶν
3688 1071 3751 1126 τὸ

2175 1159 2449 1231 πλήρωμα
2487 1159 2594 1228 ,τῆς
2637 1159 2887 1232 θεότητος
2933 1164 3275 1232 κατοικῆσαι.
3309 1182 3326 1214 ι
3385 1162 3553 1216 Τοῦτο
3600 1163 3752 1234 δηλοῖ

2177 1249 2457 1319 φάσκουσα
2497 1253 2530 1321 ἡ
2555 1249 2730 1316 λέξις·
2805 1271 2823 1302 ‹
2861 1253 2982 1306 Ὅτι
3025 1255 3083 1308 ὲν
3129 1254 3213 1307 σοὶ
3264 1257 3293 1305 6
3320 1254 3452 1319 Θεός
3485 1257 3620 1318 ἐστι,
3653 1256 3750 1309 καὶ

2173 1343 2274 1396 οὑκ
2320 1341 2434 1394 ἔστι
2478 1342 2609 1408 Θεὸς
2659 1342 2798 1414 πλὴν
2842 1343 2958 1399 σοῦ,
2995 1363 3013 1396 ι
3090 1346 3234 1398 Ἀντὶ
3277 1347 3334 1399 δὲ
3371 1346 3486 1412 τοῦ,
3552 1367 3571 1398 ‹
3608 1348 3750 1419 πλὴν

2176 1435 2290 1500 σοῦ,
2321 1455 2338 1487 ›
2391 1455 2409 1486 ι
2434 1435 2571 1506 πλὴν
2603 1436 2790 1502 αὑτοῦ,
2810 1455 2827 1488 ι
2861 1439 2890 1490 ὁ
2918 1437 3211 1493 Θεοδοτίων
3243 1440 3559 1510 πεποίηκεν,
3595 1441 3661 1493 ἵν’
3689 1436 3750 1514 ᾖο

2181 1544 2198 1575 ι
2233 1525 2346 1578 Οὑκ
2391 1525 2507 1582 ἔστι
2540 1526 2673 1590 Θεὸς
2719 1528 2857 1599 πλὴν
2907 1529 3104 1596 αὑτοῦ,
3136 1549 3154 1581 ›
3199 1529 3397 1602 δηλαδὴ
3442 1531 3533 1584 τοῦ
3574 1534 3632 1586 ὲν
3667 1533 3754 1588 σοὶ

2173 1615 2328 1681 Θεοῦ,
2374 1617 2439 1670 δι’
2479 1618 2537 1670 ὃν
2580 1619 2674 1671 καὶ
2717 1620 2781 1673 σὺ
2831 1620 3119 1692 τυγχάνεις
3168 1621 3242 1675 ὢν
3287 1622 3440 1687 Θεός.
3488 1625 3646 1677 Κατὰ
3693 1624 3754 1679 δὲ

2172 1707 2263 1760 τὸν
2302 1708 2531 1764 Ἀκύλαν
2579 1709 2753 1774 οὑτως
2800 1711 2947 1782 ἔχει·
3017 1732 3037 1764 ι
3073 1713 3220 1783 Πλὴν
3267 1716 3325 1768 ὲν
3367 1716 3449 1768 σοὶ
3508 1715 3752 1787 ἰσχυρὸς,

2173 1802 2266 1856 καὶ
2317 1803 2417 1856 οὐκ
2462 1802 2606 1856 ἔστιν
2651 1803 2731 1856 ἔτι
2793 1803 2946 1876 παρά
2993 1805 3093 1859 σοί.
3173 1806 3305 1871 Θεὸς
3351 1808 3460 1878 ἄρα
3531 1810 3750 1882 ἰσχυρὸς

2171 1893 2266 1946 καὶ
2312 1892 2813 1964 ἀποκρυπτόμενος,
2862 1895 2993 1960 Θεὸς
3040 1895 3246 1961 σώζων.
3273 1915 3293 1948 ι
3357 1898 3514 1952 Κατὰ
3556 1898 3613 1952 δὲ
3658 1901 3751 1954 τὸν

2170 1985 2468 2056 Σύμμαχον
2504 1986 2681 2056 μόνον·
2725 2005 2744 2038 ι
2790 1985 2880 2041 Ἐν
2919 1989 3001 2040 σοὶ
3032 1988 3184 2054 Θεὸς,
3218 1990 3312 2043 καὶ
3341 1991 3440 2044 οὑκ
3473 1991 3617 2045 ἐστιν
3646 1991 3750 2059 ἔτι,

2169 2077 2278 2131 οὐδ’
2323 2078 2558 2150 ὑπάρχει
2591 2080 2758 2145 Θεόςθ
2802 2079 2971 2143 ὅντως
3013 2082 3078 2135 σὺ
3121 2081 3254 2146 Θεὸς
3291 2088 3584 2156 κρυφαῖος,
3618 2086 3753 2152 Θεὸς

2184 2169 2397 2242 Ἰσραὴλ
2444 2168 2648 2235 σώζων,
2676 2189 2695 2222 ι
2758 2173 2836 2224 Δι’
2871 2165 2946 2226 ὧν
2985 2174 3047 2226 τὸ
3091 2173 3261 2228 αἴτιον
3303 2176 3397 2229 τοῦ
3438 2175 3576 2231 εἶναι
3615 2179 3753 2235 Θεὸν

2169 2261 2261 2314 τὸν
2292 2261 2523 2334 Χριστὸν
2567 2263 2661 2316 τοῦ
2688 2263 2847 2332 Θεοῦ,
2891 2266 3077 2335 σαφῶς
3117 2269 3144 2320 6
3176 2267 3332 2336 λόγος
3384 2271 3756 2343 παρέστησεν.

2179 2370 2197 2404 ι
2220 2352 2371 2404 Ἐπεὶ
2419 2353 2528 2424 γὰρ
2561 2354 2618 2406 ὲν
2649 2353 2752 2417 σοὶ,
2789 2372 2809 2405 ι
2849 2355 3032 2425 φησὶν,
3097 2373 3114 2406 ι
3141 2357 3260 2409 ἐστὶ
3287 2357 3440 2422 Θεὸς,
3466 2358 3552 2412 διὰ
3590 2358 3755 2414 τοῦτο

2174 2446 2238 2498 σὺ
2266 2445 2396 2508 Θεὸς
2423 2446 2639 2517 ἰσχυρὸς
2667 2447 2760 2499 καὶ
2789 2449 3070 2518 κρυφαῖος.
3104 2466 3122 2499 ι
3175 2449 3383 2503 Οὐκοῦν
3415 2450 3502 2503 διὰ
3544 2451 3755 2508 τούτων

2172 2540 2200 2591 ὁ
2237 2539 2336 2610 μὲν
2389 2537 2593 2609 ἀληθὴς
2640 2538 2736 2592 καὶ
2775 2539 2935 2609 μόνος
2977 2539 3128 2605 Θεὸς,
3165 2535 3246 2604 είς
3303 2541 3367 2596 ἂν
3417 2543 3531 2614 εἴη,
3589 2543 3756 2614 μόνος

2173 2630 2378 2702 κυρίως
2421 2630 2702 2700 τυγχάνων
2744 2631 2843 2702 τῆς
2886 2633 3288 2707 προσηγορίας·
3340 2637 3368 2688 6
3407 2635 3462 2688 δὲ
3500 2636 3755 2708 δεύτερος

2176 2721 2434 2794 μετουσίᾳ
2471 2720 2565 2774 τοῦ
2613 2721 2842 2792 ἀληθοῦς
2883 2724 2982 2794 τῆς
3021 2725 3301 2789 κοινωνίας
3342 2726 3588 2796 ἠξίωται,
3626 2729 3755 2782 οὔτε

2171 2815 2246 2870 ὣν
2275 2815 2394 2870 καθ’
2425 2815 2634 2881 ἑαυτὸν,
2658 2816 2780 2871 οὔτε
2814 2817 3060 2887 ὑφεστὼς
3088 2819 3209 2890 δίχα
3247 2821 3341 2874 τοῦ
3379 2821 3755 2889 θεοποιοῦντος

2171 2909 2333 2963 αὑτὸν
2356 2909 2599 2982 Πατρὸς,
2640 2909 2751 2963 οὒτ’
2778 2909 2904 2964 ἄνευ
2932 2911 3026 2964 τοῦ
3060 2913 3276 2983 Πατρὸς
3315 2912 3754 2985 θεολογούμενος,

2171 3001 2286 3055 ἀλλ’
2318 3003 2439 3055 ὅλον
2481 3001 2612 3056 αὑτὸ
2656 3001 2811 3056 τοῦτο
2855 3001 2932 3055 ών
2969 3020 3029 3055 τε
3068 3004 3163 3056 καί¹
3197 3002 3305 3068 ζῶν
3343 3007 3436 3058 καὶ
3478 3005 3753 3076 ὑφεστὼς,

2171 3092 2258 3146 διὰ
2298 3093 2387 3146 τὸν
2426 3094 2485 3147 ὲν
2527 3092 2676 3164 αὑτῷ
2715 3094 2962 3166 Πατέρα,
3013 3094 3183 3148 συνών
3224 3112 3284 3149 τε
3331 3097 3406 3168 τῷ
3430 3098 3624 3170 Πατρὶ,
3658 3098 3756 3153 καὶ

2173 3184 2232 3251 ἐξ
2273 3184 2459 3249 αὑτοῦ,
2504 3185 2598 3238 καὶ
2637 3185 2704 3237 δι’
2743 3185 2902 3238 αὑτὸν
2935 3185 3368 3257 θεοποιοὺμενος,
3408 3188 3469 3241 τό
3506 3207 3565 3242 τε
3609 3186 3754 3245 εἶναι

2173 3274 2309 3347 ὁμοῦ
2343 3278 2438 3330 καὶ
2479 3278 2540 3329 τὸ
2562 3277 2694 3342 Θεὸς
2733 3273 2871 3330 εἶναι
2902 3277 3001 3330 οὑκ
3038 3278 3096 3344 ἐξ
3135 3279 3350 3343 ἑαυτοῦ,
3392 3281 3542 3352 παρὰ
3568 3280 3625 3334 δὲ
3653 3282 3752 3335 τοῦ

2173 3368 2386 3439 Πατρὸς
2416 3368 2684 3439 ἐσχηκώς.
2720 3369 2811 3422 Διὸ
2838 3369 2902 3443 δὴ
2941 3369 3080 3441 μετά
3107 3371 3198 3424 τὸν
3213 3372 3433 3445 Πατέρα
3460 3375 3622 3446 τιμᾷν
3655 3377 3753 3429 καὶ

2173 3460 2335 3514 αὑτὸν
2367 3461 2441 3525 ώς
2473 3461 2603 3516 Θεὸν
2646 3462 3022 3534 ἐδιδάχθημεν,
3055 3464 3141 3518 διὰ
3171 3465 3260 3518 τὸν
3293 3469 3350 3520 ἐν
3386 3467 3532 3538 αὑτῷ
3565 3484 3754 3521 κατοι-

2173 3552 2371 3607 κοῦντα
2400 3554 2553 3620 Θεὸν,
2585 3555 2872 3629 ώσπεροῦν
2910 3556 2966 3610 αἱ
3012 3557 3150 3627 μετά
3196 3561 3384 3632 χεῖρας
3435 3561 3753 3633 περιέχουσι

2172 3649 2516 3717 προφητεῖαι.
2564 3649 2652 3713 Ὠς
2677 3647 2785 3720 γὰρ
2818 3647 2883 3702 ἂν
2916 3649 3170 3721 τιμηθείη
3195 3650 3457 3720 βασιλέως
3475 3650 3636 3705 εἰκὼν
3660 3653 3752 3707 διὰ

2171 3735 2290 3801 τὸν,
2335 3731 2396 3791 οὗ
2433 3739 2560 3800 τοὺς
2601 3739 2957 3810 χαρακτῆρας
2999 3738 3094 3792 καὶ
3137 3739 3236 3812 τὴν
3280 3741 3538 3811 ὁμοίωσιν
3588 3743 3748 3816 φέρει

2172 3829 2506 3900 (τιμωμένης
2541 3830 2596 3883 δὲ
2628 3833 2726 3902 τῆς
2752 3832 2979 3897 εἰκόνος,
3017 3833 3227 3886 καὶτοῦ
3261 3835 3524 3905 βασιλέως
3561 3838 3754 3904 αὑτοῦ,

2171 3917 2250 3985 εἷς
2281 3921 2346 3975 ἂν
2376 3926 2405 3976 6
2431 3921 2737 3994 τιμώμενος
2764 3924 2858 3977 καὶ
2891 3925 2949 3978 οὑ
2979 3923 3072 3977 δύο
3090 3965 3105 3978 .
3134 3927 3207 3978 Οὑ
3233 3927 3338 3998 γὰρ
3365 3928 3456 3980 δύο
3484 3927 3748 3997 βασιλεῖς,

2169 4015 2197 4066 ὃ
2221 4031 2280 4067 τε
2308 4013 2523 4085 πρῶτος
2550 4016 2641 4069 καὶ
2663 4015 2888 4089 ἀληθὴς,
2922 4017 3016 4070 καὶ
3049 4019 3078 4070 ὀ
3106 4018 3197 4070 ἐπὶ
3218 4018 3318 4089 τῆς
3347 4021 3552 4085 εἰκόνος
3585 4040 3746 4076 τετυ-

2171 4107 2440 4178 πωμένος,
2464 4104 2544 4172 εἷς
2563 4109 2608 4162 δ’
2624 4112 2651 4162 ὀ
2675 4111 2792 4163 κατ’
2815 4110 3160 4182 ἀμφοτέρων,
3180 4112 3240 4164 οὑ
3262 4111 3420 4181 μόνον
3441 4114 3558 4166 νοοὺ
3567 4133 3751 4185 μενος,

2171 4200 2307 4254 ἀλλὰ
2325 4202 2419 4254 καὶ
2439 4201 2836 4273 ὀνομαζόμενος
2857 4203 2951 4256 καὶ
2968 4201 3321 4274 τιμώμενος),
3340 4203 3482 4256 οὕτω
3500 4204 3634 4276 δῆτα
3657 4206 3756 4260 καὶ

2170 4295 2199 4346 6
2222 4293 2513 4365 μονογενὴς
2529 4292 2676 4358 Υἱὸς,
2705 4293 2867 4348 εἰκὼν
2891 4291 2966 4348 ὢν
3000 4294 3160 4364 μόνος
3182 4293 3274 4348 τοῦ
3300 4294 3433 4347 Θεοῦ
3462 4295 3554 4349 τοῦ
3584 4299 3756 4370 ἀορά-

2169 4401 2285 4451 του,
2322 4385 2548 4450 εἰκότως
2576 4385 2665 4440 διὰ
2704 4385 2829 4451 τὸν,
2863 4375 2925 4438 οῦ
2974 4386 3130 4458 φέρει
3178 4388 3435 4458 ὁμοίωσιν
3455 4429 3470 4452 ,
3499 4391 3663 4445 εἰκών
3688 4410 3752 4446 τε

2171 4477 2536 4548 ἀνηγόρευται
2570 4477 2665 4529 τοῦ
2693 4478 2924 4548 ἀοράτου
2955 4479 3111 4544 Θεοῦ,
3158 4480 3481 4534 θεοποιεῖταί
3517 4499 3578 4534 τε
3615 4484 3752 4554 πρὸς

491 4593 600 4647 que
648 4575 840 4643 Filius,
894 4593 1020 4631 cum
1076 4578 1226 4632 solus
1269 4577 1342 4632 sit
1383 4577 1562 4648 imago
1610 4577 1706 4634 Dei
1753 4579 2067 4648 invisibilis,

2175 4567 2336 4620 αὑτοῦ
2363 4566 2456 4620 τοῦ
2483 4568 2697 4639 Πατρός
2715 4585 2727 4597 ·
2756 4567 2899 4621 οὕτω
2935 4568 3193 4638 πεφυκὼς
3219 4571 3319 4640 τὴν
3349 4571 3557 4635 οὐσίαν,
3591 4574 3754 4627 αὑτό-

491 4671 654 4741 227
681 4670 876 4724 merito
908 4677 1128 4740 pr0pter
1160 4683 1283 4722 eum
1308 4707 1324 4733 ,
1371 4669 1531 4736 cujus
1586 4668 1691 4724 fert
1752 4670 2072 4726 similitudi-

491 4776 654 4825 nem,
698 4767 754 4814 et
805 4760 985 4830 imago
1026 4759 1330 4828 appellatur
1371 4759 1468 4815 Dei
1518 4759 1848 4825 invisibilis,
1901 4769 1955 4816 et
2001 4762 2071 4816 ab

493 4854 615 4922 ipso
679 4852 840 4908 Patre
888 4851 1118 4907 ellicitur
1150 4869 1164 4904 :
1201 4853 1400 4922 quippe
1460 4852 1553 4922 qui
1602 4853 1697 4906 tali
1746 4853 1946 4909 existat
2017 4860 2072 4909 et

492 4949 692 4997 natura
727 4951 779 4997 et
806 4942 1067 5007 essentia,
1091 4941 1325 5012 indeque
1355 4957 1419 4996 ex
1444 4958 1552 5012 quo
1575 4943 1810 5012 primum
1836 4943 2066 5009 exstitit,

493 5047 608 5086 non
661 5031 1075 5100 acquisititiam,
1136 5028 1231 5086 sed
1280 5029 1586 5083 naturalem
1643 5028 1819 5084 Patris
1870 5029 2065 5099 imagi-

493 5140 620 5181 nem
659 5124 878 5180 referat.
932 5124 1113 5191 Quare
1169 5122 1311 5178 idem
1357 5130 1555 5176 natura
1610 5120 1776 5184 Deus,
1831 5129 1886 5176 et
1926 5122 2071 5176 idem

494 5215 808 5285 unigenitus
854 5213 1023 5269 Filius
1051 5211 1284 5278 exsistit,
1329 5226 1440 5265 non
1495 5218 1675 5265 autem
1738 5218 1798 5264 ut
1830 5210 1939 5274 illi,
1975 5212 2071 5281 qui

491 5307 840 5362 extrinsecus
872 5312 1246 5368 assumuntur,
1288 5303 1597 5372 adoptatus,
1627 5301 1832 5371 quique
1869 5301 2073 5356 adven-

493 5399 676 5454 titium
711 5396 907 5450 divinae
939 5394 1318 5466 appellationis
1371 5395 1633 5450 honorem
1666 5394 1966 5464 possident.
2000 5393 2072 5447 At

492 5491 642 5547 enim
671 5489 772 5543 ctsi
804 5495 998 5542 natura
1030 5488 1341 5558 unigenitus
1371 5485 1563 5552 Filius,
1606 5484 1856 5555 Deusque
1886 5492 2074 5539 noster

494 5584 828 5646 celebratur,
850 5599 958 5636 non
988 5590 1167 5645 tamen
1206 5596 1236 5634 a
1269 5580 1448 5650 seipso
1487 5579 1665 5642 Deus,
1710 5577 1804 5633 sed
1844 5593 1913 5632 ex
1964 5576 2073 5632 Deo

494 5671 661 5734 Patre
693 5674 1006 5744 unigenitus
1037 5671 1230 5738 Filius,
1261 5679 1314 5727 et
1340 5671 1544 5726 idcirco
1575 5669 1739 5726 Deus.
1767 5668 2073 5738 Totumque
2125 5743 2136 5750 _

558 5849 608 5887 ”
635 5848 846 5909 Coloss.
883 5865 920 5915 ι,
956 5847 1039 5902 19.

2175 4658 2265 4712 θεν
2307 4676 2365 4712 τε
2413 4659 2521 4712 ἀπὸ
2572 4658 2797 4731 πρώτης
2835 4660 3123 4733 ὑπάρξεως
3175 4662 3442 4733 φυσικὴν,
3483 4663 3600 4716 ἀλλ’
3650 4666 3752 4732 οὐκ

2174 4749 2462 4820 ἐπίκτητον
2497 4747 2595 4820 τὴν
2638 4749 2820 4804 είκόνα
2865 4749 2959 4803 τοῦ
3006 4751 3216 4823 Πατρὸς
3256 4752 3615 4822 ἐπαγόμενος.
3658 4755 3751 4810 Διὸ

2173 4841 2267 4893 καὶ
2300 4840 2459 4908 φύσει
2506 4840 2638 4904 Θεὸς
2686 4839 2822 4911 ὁμοῦ
2875 4840 2970 4895 καὶ
3004 4840 3295 4913 μονογενὴς
3337 4842 3464 4906 Υἱὸς
3503 4843 3578 4897 ὢν
3620 4862 3752 4916 τυγ-

2172 4931 2343 5002 χάνει,
2382 4932 2503 5002 οὐχὶ
2550 4931 2607 4984 δὲ
2658 4932 2858 5002 ὁμοίως
2905 4933 3015 4995 τοῖς
3071 4930 3267 4996 ἔξωθεν
3296 4934 3748 5005 είσποιουμένοις⁹

2172 5023 2610 5096 ὲπισυμῦεϐηκός
2643 5042 2702 5078 τε
2750 5026 2811 5078 τὸ
2852 5024 3066 5096 ἀξίωμα
3113 5024 3215 5094 τῆς
3261 5026 3355 5078 τοῦ
3389 5027 3522 5080 Θεοῦ
3578 5047 3748 5101 προσ-

2172 5116 2400 5188 ηγορίας
2420 5117 2692 5189 ἐπέχουσι.
2721 5117 2865 5189 Πλὴν
2893 5119 2941 5170 εί
2975 5119 3068 5170 καὶ
3097 5118 3256 5186 φύσει
3289 5121 3580 5191 μονογενὴς
3618 5121 3746 5186 Υίὸς

2173 5213 2269 5264 καὶ
2311 5211 2441 5273 Θεὸς
2484 5209 2642 5282 ἡμῶν
2689 5211 3114 5281 ἀνευφημείται,
3153 5210 3289 5263 ἀλλά
3323 5211 3420 5282 οὑχ
3455 5213 3483 5265 6
3531 5213 3747 5283 πρῶτος

2174 5299 2325 5365 Θεὸς,
2353 5301 2566 5372 πρῶτος
2604 5301 2661 5354 δὲ
2692 5299 2784 5352 τοῦ
2821 5300 2954 5352 Θεοῦ
3007 5301 3302 5372 μονογενὴς
3348 5301 3492 5366 Υἱὸς,
3524 5303 3617 5356 καὶ
3660 5303 3748 5356 διὰ

2174 5395 2332 5445 τοῦτο
2361 5394 2506 5456 Θεός.
2545 5394 2654 5447 Καὶ
2680 5393 2798 5448 ὅλον
2827 5411 2890 5462 γε
2924 5391 3082 5446 τοῦτο
3104 5394 3274 5448 αἴτιον
3303 5393 3369 5447 ἂν
3398 5394 3484 5465 εἴη
3519 5395 3612 5448 τοῦ
3653 5397 3747 5450 καὶ⁸

2175 5484 2334 5537 αὑτὸν
2393 5482 2531 5538 εἶναι
2575 5485 2741 5550 Θεὸν,
2794 5485 2855 5538 τὸ
2897 5487 3054 5557 μόνον
3098 5483 3233 5540 εἶναι
3289 5487 3446 5557 φύσει
3479 5488 3571 5541 τοῦ
3610 5486 3745 5543 Θεοῦ

2177 5575 2331 5641 Υίὸν,
2367 5577 2461 5629 καὶ
2513 5577 2772 5647 μονογενῆ
2815 5575 3214 5649 χρηματίζειν,
3265 5581 3361 5635 καὶ
3402 5581 3463 5634 τὸ
3513 5580 3583 5634 δι’
3625 5582 3744 5638 ὅλου

2180 5667 2370 5732 σώζειν
2396 5667 2485 5722 τοῦ
2513 5669 2672 5739 μόνου
2695 5668 2826 5722 Θεοῦ
2852 5669 2952 5741 τὴν
2981 5669 3220 5741 ἔμψυχον
3240 5673 3331 5726 καὶ
3354 5672 3534 5738 ζῶσαν
3557 5674 3754 5748 νοερὰν
