4100 6430
388 315 490 369 573

1296 319 1952 379 DEMONSTRATIONIS
1990 319 2446 378 ΕνΑΝΟΕιΙΟΑΞ
2488 319 2613 374 LIB.
2665 320 2731 376 ν.

3527 325 3630 380 ΞΗ

385 429 580 492 εἰκόνα,
617 431 756 484 κατὰ
791 431 964 485 πάντα
997 431 1072 502 τῷ
1101 434 1274 505 Πατρῖ
1313 435 1819 506 παρωμοιωμένην,
1861 452 1920 489 κε

2022 433 2162 494 ,Ιιοε
2191 447 2322 488 sane
2360 447 2527 488 causa
2569 433 2715 498 erit,
2768 446 2866 486 cur
2910 433 3025 503 ipse
3054 448 3271 504 quoque
3316 433 3388 489 sit
3443 433 3624 501 Deus,

384 519 474 587 τῆς
511 520 760 592 θεότητός
807 540 865 576 τε
899 524 1065 595 αὐτῆς
1109 524 1206 596 τὴν
1241 527 1496 596 ὁμοίωσιν
1531 527 1949 598 ἐπιφερομένην.

378 608 562 684 Ταύτῃ
585 613 873 684 τοιγαροῦν
905 615 998 668 καὶ
1023 615 1202 680 αὐτὸν,
1230 616 1375 669 ὠσὰν
1405 617 1564 688 μόνον
1591 617 1717 670 Υἰὸν
1746 618 1838 670 καί¹
1859 617 1953 688 μό-

386 720 466 754 νον
504 705 690 757 εἰκόνα
737 705 864 758 ὂντα
918 705 1010 759 τοῦ
1060 707 1229 772 Θεοῦ,
1263 708 1487 778 καὶτῆς
1514 710 1809 780 ἁγεννήτου
1860 709 1950 764 καὶ

382 795 617 864 ἀνάρχου
665 795 758 848 τοῦ
791 797 1004 868 Πατρὸς
1041 799 1230 862 οὐσίας
1269 798 1369 862 τὰς
1419 799 1674 870 δυνάμεις
1707 800 1847 854 κατὰ
1889 801 1950 855 τὸ

380 886 726 956 παράδειγμα
756 887 854 957 τῆς
885 887 1196 957 ὁμοιώσεως
1227 890 1709 963 περιϐεϐλημένον,
1749 893 1853 946 ὑπό
1889 910 1949 946 τε

375 974 465 1027 τοῦ
497 978 718 1030 πάντων
759 979 1151 1047 τεχνικωτάτου
1197 983 1291 1034 καὶ
1331 985 1800 1055 πανεπιστήμονος
1841 986 1948 1050 ζω-

373 1066 585 1137 γράφου
615 1084 674 1120 τε
721 1068 815 1121 καὶ
846 1069 1109 1133 ξωοποιοῦ
1140 1072 1354 1144 Πατρὸς
1387 1075 1465 1138 εἰς
1505 1075 1566 1127 τὸ
1611 1074 1691 1128 ἔτι
1725 1077 1948 1148 ἀκριϐὲς

367 1159 466 1228 τῆς
499 1159 814 1230 ὁμοιώσεως
835 1164 1291 1236 ἀπειργασμένον,
1322 1166 1454 1220 Θεὸν
1487 1168 1712 1234 εἰκότως
1732 1171 1781 1223 οἱ
1813 1171 1947 1225 θεῖοι

362 1249 757 1322 ἀναγορεύουσι
795 1254 964 1324 λόγοι,
991 1255 1068 1319 ὡς
1109 1257 1202 1309 καὶ
1232 1256 1435 1329 ταύτης
1469 1260 1606 1330 μετὰ
1636 1260 1744 1316 τῶν
1771 1262 1945 1317 ἄλλων

364 1343 515 1412 παρὰ
547 1343 644 1396 τοῦ
677 1346 890 1417 Πατρὸς
922 1346 1224 1418 ἠξιωμένον
1258 1352 1650 1424 προσηγορίας,
1685 1353 1943 1426 εἰληφότα

357 1450 438 1496 τε,
469 1434 585 1489 ἀλλ’
607 1437 708 1491 οὐκ
737 1437 1032 1511 ἰδιόκτητον
1073 1439 1242 1513 αὐτὴν
1274 1443 1563 1514 ἐσχηκότα.
1603 1445 1660 1498 Ὀ
1701 1446 1799 1516 μὲν
1833 1448 1942 1522 γὰρ

352 1525 594 1589 δίδωσιν,
624 1529 653 1581 ό
680 1529 737 1582 δὲ
768 1528 1062 1601 λαμϐάνει·
1089 1529 1231 1585 ὥστε
1262 1534 1467 1605 κυρίως
1498 1536 1591 1589 καὶ
1611 1535 1707 1590 ἕνα
1734 1539 1942 1594 ἐκεῖνον

349 1616 497 1675 εἶναι
526 1622 681 1688 Θεὸν,
732 1623 826 1676 καὶ
861 1623 1018 1694 μόνον
1053 1623 1152 1695 μὲν
1181 1625 1275 1678 καί⁹
1317 1624 1476 1695 φύσει
1521 1627 1682 1692 ὄντα,
1727 1630 1822 1683 καὶ
1863 1632 1939 1703 μὴ

354 1712 488 1781 παρ’
523 1712 713 1783 ἐτέρου
749 1712 983 1767 λαϐόντα
1004 1729 1016 1743 ’
1057 1713 1146 1768 τὸν
1178 1715 1236 1768 δὲ
1267 1716 1375 1770 τῶν
1413 1716 1731 1790 δευτερείων
1772 1720 1936 1790 ἠξιῶ-

2053 524 2376 595 ῳιοὰἐοὶιιε
2408 527 2483 580 sit
2506 533 2699 579 natura
2728 523 2821 579 Dei
2853 523 3054 589 Filius,
3089 532 3144 579 et
3184 526 3499 596 unigenitus
3533 541 3630 598 ap-

2054 617 2302 686 pelletur,
2335 626 2389 672 et
2418 618 2562 687 quod
2591 631 2980 687 usquequaque
3002 625 3288 672 conservet
3319 617 3440 687 ejus
3461 659 3476 682 ,
3532 620 3626 690 qui

2055 707 2210 761 solus
2234 713 2317 761 est
2341 705 2506 768 Deus,
2542 705 2833 758 animatam
2860 711 2914 758 et
2950 703 3129 758 vivam
3155 712 3208 759 et
3233 704 3624 775 intelligentem

2053 796 2363 866 imaginem,
2389 803 2443 851 et
2464 796 2518 849 in
2545 794 2800 848 omnibus
2825 793 2928 862 ipsi
2953 791 3103 846 Patri
3135 794 3491 848 assimilatam
3513 834 3528 859 ,
3570 801 3625 849 et

2051 904 2170 945 eam
2202 904 2322 959 quae
2352 887 2447 944 Dei
2496 887 2669 958 ipsius
2714 885 3036 942 substantiae
3067 884 3480 940 similitudinem
3511 900 3626 956 prae

2051 997 2110 1037 se
2141 981 2298 1036 ferat.
2320 980 2432 1035 Hac
2453 996 2580 1050 ergo
2610 980 2676 1034 de
2702 993 2866 1034 causa
2896 979 3074 1047 ipsum
3103 992 3338 1048 quoque,
3362 985 3622 1044 tanquam

2048 1090 2174 1130 eum
2203 1074 2299 1144 qui
2329 1073 2478 1131 solus
2511 1071 2704 1136 Filius,
2737 1083 2790 1126 et
2815 1072 2967 1126 solus
2997 1069 3093 1125 Dei
3126 1070 3305 1139 imago
3327 1069 3421 1134 sit,
3452 1074 3507 1124 et
3532 1070 3621 1124 in—

2048 1166 2215 1236 geniti
2247 1181 2312 1220 ae
2345 1164 2610 1236 principio
2640 1164 2879 1218 carentis
2907 1162 3088 1217 Patris
3126 1161 3380 1218 essentia:
3399 1201 3414 1226 ,
3444 1163 3621 1216 virtu-

2045 1266 2129 1314 tes
2155 1258 2454 1314 secundum
2483 1259 2790 1327 exemplum
2822 1254 3240 1311 assimilationis
3273 1253 3499 1310 indutus
3519 1294 3533 1318 ,
3567 1261 3623 1309 et

2045 1352 2114 1406 ab
2167 1352 2449 1406 hominum
2492 1349 2952 1405 artiﬁciosissimo
2986 1355 3042 1402 et
3087 1346 3457 1403 scientissimo
3496 1346 3622 1401 vitze

2043 1443 2390 1515 designatore
2430 1451 2487 1500 et
2514 1450 2736 1498 auctore
2767 1440 2961 1504 Patre,
3015 1437 3084 1492 ad
3132 1435 3397 1494 amussim
3443 1441 3499 1489 et
3550 1433 3620 1489 ad

2042 1545 2247 1590 certam
2295 1534 2734 1606 exquisitamque
2788 1530 3242 1587 assimilatiouem
3298 1543 3618 1600 expressus.

2040 1627 2211 1684 Deum
2235 1629 2430 1684 merito
2458 1627 2644 1683 divina
2665 1626 2937 1698 appellant
2963 1622 3184 1678 oracula
3204 1660 3223 1686 ,
3264 1628 3324 1687 ut
3354 1636 3462 1675 una
3491 1636 3619 1676 cum

2041 1720 2254 1776 caeteris
2283 1720 2351 1775 ad
2375 1719 2518 1776 hanc
2552 1734 2769 1790 quoque
2798 1714 3180 1788 appellationis
3214 1712 3556 1785 dignitatem,
3585 1728 3618 1766 a

349 1798 502 1864 σθαι,
540 1803 634 1855 καὶ
673 1801 734 1855 τὸ
781 1803 914 1856 Θεὸν
957 1798 1094 1857 εἶναι
1123 1803 1355 1859 λαϐόντα
1401 1807 1550 1878 παρὰ
1590 1807 1684 1861 τοῦ
1722 1809 1920 1883 Πατρὸς

2039 1813 2199 1870 Patre
2227 1821 2532 1885 provectus.
2558 1813 2648 1877 sit,
2671 1825 2902 1881 eamque
2941 1807 3254 1878 acceperit,
3296 1821 3406 1861 non
3435 1815 3617 1860 autem

348 1890 519 1962 ἔχειν,
560 1892 708 1946 ὼσὰν
750 1895 935 1949 εἰκόνα
963 1894 1058 1949 τοῦ
1084 1895 1242 1962 Θεοῦ,
1281 1899 1410 1969 μιᾶς
1435 1901 1523 1952 ἐπ’
1559 1901 1762 1972 ἀμφοῖν
1791 1903 1920 1958 κατᾶ

2033 1922 2100 1962 ex
2131 1906 2354 1977 pmprio
2383 1906 2510 1976 jure
2539 1902 2925 1975 possidendam
2953 1899 3228 1956 habuerit.
3254 1897 3502 1968 Namque
3526 1896 3628 1952 illo

343 1981 410 2034 τὸ
454 1984 809 2055 παράδειγμα
840 1986 938 2057 τῆς
973 1985 1224 2057 θεότητος
1256 1989 1672 2062 ὲπινοουμὲνης,
1709 1993 1827 2057 ἑνός
1870 2012 1920 2048 τε

2032 1997 2249 2068 quidem
2285 1997 2398 2063 dat,
2428 1996 2519 2051 hic
2543 2010 2674 2050 vero
2705 1993 2934 2064 accipit;
2968 1993 3154 2063 itaque
3188 2005 3290 2046 suo
3318 1989 3444 2060 jure
3466 2003 3615 2044 unus

343 2071 501 2137 ὖντος
537 2075 670 2128 Θεοῦ
699 2075 792 2128 τοῦ
834 2077 956 2130 καθ’
986 2079 1175 2132 ἑαυτὸν
1206 2079 1457 2151 ἀνάρχως
1484 2082 1581 2134 καὶ
1621 2083 1930 2157 ἀγεννήτως

341 2163 520 2229 ὄντος,
544 2165 631 2220 διὰ
652 2168 708 2220 δὲ
726 2167 820 2221 τοῦ
846 2167 998 2234 Υἱοῦ,
1032 2169 1180 2224 ὡσὰν
1205 2170 1552 2245 δι’ὲσόπτρου
1582 2176 1676 2228 καὶ
1698 2178 1923 2243 εἰκόνος,

341 2256 840 2330 ἐπιθεωρουμένου.
877 2260 1049 2314 Τοῦτό
1070 2279 1150 2316 τοι
1185 2264 1280 2316 καὶ
1311 2263 1370 2316 τὸ
1399 2268 1766 2337 πνευματικὸν
1797 2287 1924 2323 παι-

337 2349 490 2402 δεύει
539 2351 738 2420 λόγιον,
774 2355 874 2408 οὐκ
912 2355 1086 2420 ἄλλως
1112 2357 1318 2426 φάσκον
1352 2359 1484 2413 Θεὸν
1513 2356 1650 2414 εἶναι
1690 2380 1924 2434 προσκυ-

337 2441 504 2510 νητὸν
524 2444 616 2496 τὸν
641 2446 985 2517 δηλούμενον,
1017 2448 1131 2501 ἀλλ’
1161 2449 1195 2520 ἢ
1222 2448 1310 2503 διὰ
1330 2450 1419 2505 τὸν
1444 2452 1754 2508 ἐνοικοῦντα
1776 2456 1923 2528 αὐτῷ

339 2535 588 2607 Πατέρα·
619 2555 634 2588 ι
665 2539 752 2591 Ἐν
793 2541 876 2593 σοὶ
918 2560 936 2592 ι
975 2540 1105 2612 γὰρ,
1143 2543 1297 2614 φησὶ,
1335 2561 1354 2594 ι
1391 2545 1808 2614 προσεύξονταιο
1838 2549 1918 2603 ὅτι

331 2628 391 2680 ἐν
436 2631 522 2681 σοὶ
547 2631 576 2682 ό
607 2630 740 2695 Θεός
779 2634 916 2686 ἐστι.
949 2653 966 2685 ι
988 2635 1100 2688 Καὶ
1136 2635 1199 2688 σὺ
1224 2636 1282 2689 δὲ
1307 2637 1488 2702 αὐτὸς,
1520 2638 1652 2704 Θεὸς
1683 2639 1778 2706 ὢν,
1806 2642 1917 2694 Σω-

331 2719 440 2789 τὴρ
474 2719 568 2772 τοῦ
621 2722 837 2793 Ἰσραὴλ
882 2725 1202 2795 τυγχάνεις·
1240 2730 1335 2782 καὶ
1377 2729 1463 2782 διὰ
1495 2729 1654 2784 τοῦτο
1701 2732 1920 2803 ἰσχυρὸς

332 2813 431 2865 zz“.
468 2817 733 2883 κρυφαῖος
765 2815 900 2880 Θεὸς
942 2813 1009 2870 εἴ·
1041 2837 1058 2870 ι
1089 2820 1210 2873 ἐπεὶ
1247 2823 1304 2874 ἐν
1335 2822 1418 2875 σοὶ
1445 2823 1473 2874 ὁ
1503 2822 1657 2886 Θεὸς,
1695 2825 1787 2877 καὶ
1818 2827 1918 2879 οὐκ

332 2903 484 2956 ἔστιν
522 2905 605 2956 ἔτι
638 2906 776 2978 πλὴν
822 2909 1011 2962 αὑτοῦ.
1051 2930 1068 2962 ι
1118 2912 1262 2965 Ἀντὶ
1289 2912 1347 2965 δὲ
1389 2913 1519 2979 τοῦ,
1564 2934 1582 2967 ι
1625 2915 1916 2971 ἐκοπίασεν

331 2995 648 3061 Αἴγυπτος,
689 3017 708 3048 ι
752 2997 813 3050 τὸ
863 2999 1180 3071 Ἐϐραῖκὸν,
1240 3004 1332 3056 καὶ
1382 3005 1433 3057 οἰ
1479 3004 1658 3058 λοιποὶ
1715 3007 1916 3072 πάντες

329 3087 692 3155 ἐρμηνευταὶ,
740 3107 757 3139 ι
784 3090 952 3154 κόπος
985 3092 1280 3160 Αἰγύπτου,
1306 3114 1325 3145 ι
1359 3095 1719 3151 ὲκδεδώκασιν
1737 3137 1753 3162 ,
1782 3099 1847 3152 ἵν’

323 3178 389 3234 τὸ
424 3177 719 3250 λεγόμενον
757 3182 1036 3252 τοιοῦτονο,
1057 3204 1076 3236 ι
1097 3186 1186 3239 Σοὶ
1221 3190 1680 3260 προσκυνήσουσι,
1712 3191 1806 3244 καὶ
1829 3192 1912 3247 σοὶ

321 3272 548 3326 ἕπονται
579 3273 792 3339 δοῦλοι,
830 3277 858 3329 ὁ
889 3277 1055 3342 κόπος
1098 3279 1410 3348 Αἰγύπτου,
1441 3283 1534 3336 καὶ
1583 3285 1616 3355 ή
1675 3276 1914 3356 ἐμπορία

321 3363 626 3430 Αἰθιόπων,
658 3366 752 3419 καὶ
777 3369 824 3419 οἱ
860 3369 1138 3440 Σεϐωείμ·
1169 3389 1188 3422 ι
1222 3371 1289 3424 δι’
1308 3364 1384 3428 ὧν
1413 3372 1699 3446 βάρϐαρα,
1734 3372 1907 3447 οἶμαι,

323 3454 425 3506 καὶ
455 3455 650 3526 ἄσημά
682 3473 802 3510 τινα
827 3457 952 3531 ἔθνη
979 3459 1302 3531 δηλοῦσθαι,
1331 3465 1422 3516 καὶ
1464 3465 1641 3518 πάντα
1671 3467 1772 3519 ὅσα
1807 3467 1906 3538 ήδη

321 3545 498 3600 πάλαι
545 3549 810 3620 πρότερον
853 3552 919 3620 τῇ
973 3551 1260 3624 δαιμονικῇ
1303 3553 1609 3626 τετρύχωτο
1656 3555 1909 3620 δεισιδαι-

321 3638 510 3708 μονίᾳ.
556 3639 774 3712 Ἐπειδὴ
812 3641 920 3712 γὰρ
961 3643 1248 3712 Αἰγύπτιοι
1292 3644 1507 3703 ἐδόκουν
1551 3647 1768 3702 πάντων
1797 3647 1907 3704 τῶν

319 3728 496 3782 ἐθνῶν
526 3731 1071 3802 δεισιδαιμονέστατοι
1102 3735 1388 3806 τυγχάνειν
1410 3777 1424 3802 ,
1456 3736 1660 3809 πρῶτοί
1683 3755 1740 3791 τε
1771 3756 1905 3792 κατ-

317 3819 491 3890 άρξαι
544 3824 644 3892 τῆς
688 3822 1076 3894 εἰδωλολάτρου
1109 3825 1338 3900 πλάνης,
1387 3829 1610 3893 εἰκότως
1656 3829 1904 3901 πρώτους

317 3915 524 3977 αὐτοὺς
571 3913 785 3987 τίθησιν
837 3917 1348 3989 ὑποταγησομένους
1392 3919 1469 3991 τῷ
1519 3922 1766 3993 Χριστῷ·
1809 3925 1903 3978 καὶ

313 4006 386 4057 δι’
420 4004 604 4057 αὐτῶν
654 4007 748 4059 καὶ
799 4007 866 4061 τὰ
923 4010 1051 4080 περὶ
1101 4010 1209 4064 τῶν
1252 4010 1453 4064 λοιπῶν
1500 4013 1900 4086 εἰδωλολατρῶν

316 4093 532 4165 φανερά
565 4095 886 4150 καθιστᾶσα.
919 4098 1029 4152 Καὶ
1059 4098 1234 4153 ταῦτα
1281 4099 1635 4172 πεπλήρωται
1679 4104 1772 4157 ἐπὶ
1802 4105 1902 4165 τοῦ,

314 4185 572 4256 Σωτῆρος
601 4187 695 4240 καὶ
717 4188 924 4260 Κυρίου
947 4191 1124 4261 ὴμῶν,
1145 4189 1223 4262 τῷ
1247 4192 1304 4245 ὲν
1335 4193 1498 4246 πᾶσιν
1522 4193 1698 4248 ἔθνεσι
1731 4212 1899 4268 προσ-

314 4275 598 4330 κυνεῖσθαι
629 4279 722 4330 καὶ
759 4278 1029 4333 δουλεύειν
1059 4280 1208 4352 αύτῷ
1245 4283 1415 4354 μυρία
1441 4283 1618 4356 πλήθη
1644 4283 1753 4338 τῶν
1791 4285 1904 4346 ἀνὰ,

313 4365 413 4436 τὴν
446 4369 772 4441 οἰκουμένην
821 4368 1016 4426 ἐθνῶν.
1069 4371 1332 4436 Αἰθίοπας
1379 4372 1437 4425 δὲ
1477 4375 1570 4428 καὶ
1614 4375 1892 4448 Σεϐωεῖμ,

2033 2087 2122 2142 ille
2144 2093 2228 2141 est
2248 2085 2412 2148 Deus,
2431 2084 2525 2154 qui
2556 2099 2664 2140 non
2696 2083 2764 2137 ab
2787 2081 2957 2136 altero
2988 2079 3218 2150 accepit.
3247 2077 3346 2132 llic
3375 2084 3558 2132 autem
3580 2091 3613 2130 a

2029 2169 2191 2226 Patre
2207 2171 2369 2226 habet
2393 2179 2453 2225 ut
2473 2169 2617 2226 Deus
2637 2170 2729 2235 sit,
2749 2178 3009 2239 tanquam
3035 2166 3129 2223 Dei
3154 2166 3333 2237 imago
3359 2186 3372 2221 :
3401 2172 3608 2237 utpote,

2028 2278 2152 2320 cum
2181 2279 2287 2318 una
2316 2265 2371 2318 in
2405 2262 2690 2326 ambobus,
2721 2261 2875 2331 juxta
2892 2259 3220 2329 exemplum,
3248 2257 3610 2313 divinitusin-

2026 2355 2325 2426 telligatur,
2343 2363 2396 2409 et
2410 2369 2554 2409 unus
2571 2354 2641 2408 sit
2655 2352 2820 2418 Deus,
2834 2351 2925 2422 qui
2944 2366 3041 2422 per
3058 2351 3297 2420 seipsum
3319 2350 3437 2405 sine
3451 2350 3607 2420 prin-

2024 2446 2262 2516 cipio,et
2297 2446 2414 2503 sine
2441 2445 2788 2518 generatione
2805 2445 3004 2499 existat
3032 2463 3045 2498 :
3079 2459 3174 2514 per
3187 2441 3380 2496 Filium
3397 2451 3603 2507 autem,

2023 2547 2280 2610 tanquam
2295 2555 2390 2610 per
2399 2539 2676 2609 speculum
2689 2546 2744 2592 et
2759 2537 3072 2607 imaginem,
3086 2536 3482 2592 consideretur.
3493 2534 3604 2590 Hoc

2023 2638 2128 2695 est,
2157 2632 2387 2698 scilicet,
2423 2629 2567 2700 quod
2597 2629 2883 2699 spirituale
2912 2628 3071 2682 docet
3111 2627 3422 2692 oraculum,
3455 2628 3600 2697 quod

2021 2738 2131 2776 non
2161 2722 2295 2776 alias
2317 2721 2449 2775 dicit
2476 2735 2621 2785 eum,
2652 2719 2719 2774 de
2749 2736 2860 2790 quo
2887 2734 3068 2774 sermo
3102 2729 3222 2783 est,
3249 2707 3446 2773 Deum
3475 2734 3600 2774 esse

2021 2815 2357 2870 adorandum
2383 2854 2397 2877 ,
2439 2821 2659 2884 propter
2688 2813 3080 2867 inhabitantem
3111 2811 3165 2865 in
3201 2813 3318 2881 ipso
3351 2811 3592 2866 Patrem.

2024 2925 2044 2957 ι
2068 2906 2127 2960 1η
2155 2914 2207 2961 te
2233 2923 2252 2958 ι
2273 2905 2440 2970 enim,
2467 2905 2694 2975 inquit,¢
2718 2904 2953 2959 orabunt
2977 2921 2989 2958 :
3015 2902 3273 2972 quoniam
3290 2902 3344 2956 in
3365 2911 3418 2957 te
3454 2893 3598 2958 Deus

2018 3006 2120 3054 est.
2163 3016 2182 3050 ι
2221 2995 2327 3052 Sed
2359 3007 2418 3050 tu
2450 3011 2669 3066 quoque
2697 2995 2814 3066 ipse
2843 3009 2970 3050 cum
3002 2993 3147 3050 Deus
3175 2993 3250 3050 sis
3273 3036 3287 3061 ,
3345 2993 3596 3050 Salvator

2018 3088 2184 3144 Israel
2211 3089 2455 3146 exsistis.
2508 3087 2748 3143 Proinde
2783 3086 2941 3143 fortis
2979 3095 3034 3142 et
3065 3085 3420 3143 absconditus
3449 3084 3595 3142 Deus

2015 3196 2076 3236 es
2103 3199 2118 3235 :
2156 3198 2175 3231 ι
2213 3179 2471 3250 quoniam
2512 3179 2566 3234 in
2597 3185 2650 3234 te
2676 3176 2840 3244 Deus,
2865 3187 2918 3234 et
2949 3193 3060 3233 non
3083 3186 3166 3233 est
3188 3176 3422 3248 amplius
3455 3191 3595 3246 prae-

2015 3281 2098 3328 ter
2132 3273 2330 3342 ipsum.
2372 3291 2391 3324 ι
2425 3272 2590 3343 228
2618 3271 2724 3328 Pro
2753 3288 2819 3328 eo
2847 3286 2976 3327 vero
3001 3270 3148 3341 quod
3174 3278 3279 3330 est,
3317 3288 3334 3320 ι
3373 3269 3595 3323 labora-

2013 3363 2090 3417 vit
2121 3361 2410 3435 Egyptus,
2454 3383 2472 3414 ι
2513 3362 2836 3418 Hebraicum
2871 3361 3058 3426 habet,
3096 3371 3150 3416 et
3178 3361 3375 3430 reliqui
3397 3374 3591 3415 omnes

2015 3455 2340 3526 interpretes
2367 3454 2762 3518 reddiderunt,
2813 3472 2832 3505 (
2873 3453 3028 3508 labor
3051 3452 3309 3524 Egypti,
3365 3472 3384 3504 ι
3438 3459 3497 3505 ιιι
3535 3451 3590 3506 id

2011 3551 2156 3619 quod
2187 3549 2387 3603 dicitur
2417 3548 2523 3604 tale
2551 3547 2622 3603 sit
2650 3566 2664 3602 :
2702 3565 2721 3598 ι
2761 3545 2839 3600 Te
2864 3544 3189 3611 adorabunt,
3229 3553 3284 3602 et
3318 3546 3395 3600 tui
3427 3552 3588 3600 erunt

2010 3641 2175 3706 servi,
2205 3641 2360 3696 labor
2393 3639 2609 3712 Egypti
2634 3679 2650 3705 ,
2697 3646 2751 3694 et
2790 3638 3089 3710 negotiatio
3129 3637 3482 3707 Ethiopum,
3531 3643 3588 3690 et

2010 3734 2228 3789 Seboim
2260 3753 2272 3788 :
2313 3753 2332 3786 ι
2371 3734 2572 3804 quibus
2604 3733 2786 3788 verbis
2816 3732 3080 3788 barbaras
3131 3746 3232 3803 ego
3261 3730 3498 3786 arbitror
3529 3737 3586 3785 et

2006 3826 2222 3896 ignotas
2285 3826 2550 3896 quasdam
2623 3827 2875 3881 nationes
2923 3825 3257 3896 signiﬁcari,
3303 3831 3357 3879 et
3395 3838 3584 3879 omnes

2004 3934 2362 3990 quaecumque
2384 3927 2543 3974 antea
2569 3918 2842 3988 quondam
2872 3918 3168 3974 daemonica
3191 3917 3580 3988 superstitione

2003 4011 2364 4067 vexabantur.
2395 4008 2531 4064 Nam
2560 4017 2846 4081 propterea
2870 4007 3015 4079 quod
3049 4007 3289 4080 Egyptii
3321 4007 3422 4062 visi
3448 4013 3578 4063 sunt

2001 4103 2244 4158 omnium
2274 4101 2562 4156 nationum
2602 4099 3132 4170 superstitiosissimi
3181 4114 3334 4164 esse,
3380 4100 3575 4169 primi-

2000 4210 2107 4266 que
2129 4195 2327 4257 errori,
2353 4209 2461 4264 quo
2499 4194 2793 4249 simulacra
2817 4191 3160 4257 colerentur,
3209 4197 3394 4260 portas
3448 4205 3576 4260 ape-

1998 4287 2218 4343 ruisse:
2253 4287 2450 4342 merito
2496 4301 2591 4342 eos
2632 4286 2840 4355 primos
2871 4283 3142 4346 collocat,
3195 4283 3290 4352 qui
3351 4280 3577 4336 Christo

2000 4380 2108 4436 sint
2143 4378 2469 4448 subjiciendi
2498 4397 2511 4432 :
2555 4376 2751 4433 deinde
2782 4393 2879 4448 per
2910 4390 3006 4432 eos
3032 4415 3046 4440 ,
3080 4389 3202 4446 quae
3228 4373 3295 4428 ad
3330 4373 3580 4441 reliquos

312 4460 442 4522 κους
482 4459 716 4518 ἐνταῦθα
745 4463 1140 4534 προσκυνήσειν
1170 4463 1247 4535 τῷ
1300 4465 1521 4538 Χριστῷ
1557 4484 1893 4539 προφητευό-

2022 4471 2420 4526 .imulacrorum
2454 4470 2692 4525 cultores
2725 4469 3030 4540 pertinent,
3074 4475 3134 4522 ut
3191 4474 3374 4537 aperta
3421 4465 3530 4519 sint
3556 4503 3576 4528 ,

316 4549 534 4620 μένους,
565 4551 658 4604 καὶ
699 4551 786 4604 διὰ
813 4551 905 4604 τοῦ
946 4559 1024 4606 οα¹
1058 4551 1273 4624 ψαλμοῦ
1304 4554 1544 4627 ἡγοῦμαι
1581 4556 1890 4628 δηλοῦσθαι,

309 4641 375 4695 δι’
400 4635 476 4696 ὧν
517 4642 756 4716 εἴρηταιο
790 4663 809 4696 ι
849 4644 1108 4699 Ἐνώπιον
1139 4646 1304 4701 αὑτοῦ
1341 4647 1772 4719 προσπεσοῦνται
1803 4653 1896 4705 Αί-

312 4731 521 4800 θίοπες,
562 4735 656 4790 καὶ
683 4735 920 4806 βασιλεῖς
956 4737 1223 4808 Ἀράϐων,
1254 4739 1348 4793 καὶ
1372 4740 1518 4795 Σαϐὰ
1547 4741 1694 4814 δῶρα
1723 4761 1890 4814 προσ-

311 4825 531 4892 άξουσι·
566 4829 660 4882 καὶ
712 4831 1178 4902 προσκυνήσουσιν
1213 4831 1380 4902 αὐτῷ.
1423 4851 1444 4886 ›
1479 4833 1647 4905 Δῆλον
1688 4837 1752 4889 ἐκ
1789 4839 1895 4908 τῆς,

311 4920 698 4992 συμφράσεως,
721 4924 803 4976 ὅτι
836 4923 917 4993 τῷ
945 4925 1002 4977 ὲν
1023 4924 1250 4988 ἐκείνοις
1273 4929 1732 5001 προφητευομένῳ
1754 4931 1888 5002 Χρι-

312 5009 425 5083 στῷ
457 5015 943 5087 προσκυνήσουσιν.

2000 4562 2182 4620 cilicii.
2216 4564 2286 4617 Et
2314 4563 2428 4618 haec
2457 4562 2675 4634 quidem
2707 4563 2763 4617 in
2802 4562 3084 4617 Salvatore
3115 4575 3180 4616 ac
3210 4558 3441 4613 Domino
3469 4571 3572 4611 no-

2001 4664 2117 4713 stro
2138 4662 2514 4725 exspectatum
2536 4655 2743 4710 exitum
2776 4661 2937 4710 nacta
2971 4660 3118 4709 sunt.
3152 4650 3273 4706 Jam
3307 4649 3452 4704 enim
3483 4647 3570 4702 in-

2000 4744 2387 4810 numerabiles,
2419 4758 2521 4815 per.
2548 4744 2733 4800 orbem
2775 4751 3071 4807 terrarum,
3110 4743 3395 4798 nationum
3436 4753 3571 4794 con«

1994 4851 2235 4908 ventus,
2259 4841 2312 4896 in
2343 4842 2613 4898 omnibus.
2629 4840 2884 4912 gentibus
2916 4841 3068 4895 illum
3111 4838 3340 4893 adorant
3381 4833 3573 4902 illique

1993 4933 2256 4987 serviunt.
2289 4930 2579 5002 Aithiopas
2630 4946 2760 4986 vero
2801 4947 2866 4986 ac
2907 4930 3124 4986 Seboim
3156 4944 3251 4985 eos
3276 4969 3290 4991 ,
3341 4927 3434 4998 qui
3477 4926 3567 4980 hic

1993 5023 2272 5078 adoraturi
2303 5021 2584 5079 Christum
2617 5031 2890 5078 canuntur
2910 5062 2924 5086 ,
2962 5037 3089 5076 Lm
3113 5034 3330 5091 quoque
3353 5015 3564 5088 psalmo

311 5102 606 5173 signiﬁcari
647 5115 802 5178 puto,
846 5109 935 5165 ubi
979 5110 1188 5168 dictum
1217 5121 1303 5170 est
1337 5131 1352 5168 :
1400 5133 1418 5167 ι
1457 5114 1654 5170 Coram
1702 5115 1796 5171 illo
1842 5117 2129 5188 procident
2165 5117 2480 5190 Ethiopes,
2533 5125 2587 5173 et
2621 5132 2786 5188 reges
2819 5116 3092 5181 Arabum,
3131 5123 3186 5170 et
3225 5112 3367 5168 Saba
3418 5109 3563 5164 dona

309 5193 581 5285 adducent
610 5217 626 5251 :
658 5209 712 5254 et
739 5199 1045 5259 adorabunt
1071 5219 1196 5261 eum
1229 5205 1294 5260 ³⁸.
1335 5225 1354 5258 ι
1387 5205 1614 5263 Constat
1636 5223 1765 5263 vero
1804 5223 1874 5265 ex
1923 5210 2044 5285 ipso
2085 5219 2364 5278 contextu,
2396 5211 2675 5268 Christum
2717 5225 2839 5267 esse
2887 5209 3211 5265 adoraturos
3254 5220 3417 5269 eum,
3464 5201 3560 5274 qui

308 5284 362 5339 in
396 5286 504 5343 illis
543 5306 787 5361 quoque,
818 5303 876 5348 ut
905 5303 1170 5353 venturus
1200 5298 1416 5355 canitur
1444 5315 1476 5355 a
1501 5299 1800 5371 prophetis.

376 5573 418 5605 ’⁸
450 5573 592 5630 Psal.
622 5593 768 5642 mu,
798 5579 874 5632 l0
