4100 6430
463 278 568 336 575

1078 389 1307 448 CAPUT
1355 390 1414 446 ν.

464 509 510 568 Δ
552 512 756 579 psalmo
788 506 960 563 xxxii.
998 536 1071 579 —_-
1110 505 1266 579 Quo_d
1319 505 1411 561 Dei
1448 505 1674 579 Verbum
1727 521 1882 561 suam
1939 504 2039 557 ha-

536 576 658 633 bens
690 583 973 634 essentiam
1020 577 1178 646 jussu
1209 576 1422 643 Patris,
1459 576 1629 631 David
1666 592 1806 646 teque
1840 590 2037 646 ac__nos

533 650 771 719 opiﬁcem
815 643 1054 719 universi
1079 649 1259 719 novit;
1291 659 1342 702 et
1383 646 1520 718 quod
1572 643 1732 719 idem?
1765 646 1864 719 Dei
1914 643 2041 698 Ver-

534 717 692 781 bum,
735 719 871 773 idem
904 717 1154 786 propheta
1188 718 1257 771 ad
1296 717 1565 771 hominum
1614 717 1871 771 medelam
1928 730 2041 769 esse

535 791 755 844 missum
780 807 812 842 a
841 790 999 843 Patre
1027 789 1343 859 testiﬁcatur
1366 805 1386 851 ;
1413 798 1462 842 et
1490 787 1628 859 quod
1657 787 1794 841 brevi
1815 795 2041 859 tempore

542 861 838 915 universam
868 869 1065 913 terram
1094 855 1193 913 sua
1229 858 1469 913 doctrina
1502 855 1847 927 impleturum
1874 855 2039 908 canit.

548 1120 568 1152 ι
608 1099 788 1156 Verbo
844 1099 1057 1154 Domini
1106 1100 1229 1155 coeli
1276 1099 1475 1154 ﬁrmati
1509 1108 1677 1162 sunt,
1726 1107 1782 1154 et
1845 1099 2042 1170 spiritu

474 1197 588 1251 oris
616 1194 732 1261 ejus
764 1192 941 1247 omnis
973 1194 1147 1247 virtus
1177 1207 1384 1246 eorum.
1415 1211 1435 1244 ι
1470 1190 1525 1245 In
1561 1192 1768 1261 psalmo
1790 1206 1919 1246 vero
1955 1206 2046 1246 ενι

475 1290 558 1342 sic
612 1285 818 1340 dictum
851 1292 976 1337 est:
1014 1299 1033 1333 ι
1072 1282 1217 1337 Misit
1249 1280 1486 1336 Verbum
1539 1298 1699 1337 suum
1728 1289 1783 1336 et
1834 1283 2046 1339 sanavit

474 1394 601 1440 eos,
646 1387 699 1432 et
733 1375 932 1445 eripuit
960 1389 1055 1430 eos
1105 1374 1172 1430 de
1223 1375 1632 1432 interitionibus
1678 1391 1891 1433 eorum.
1926 1396 1944 1430 ›
1981 1375 2048 1430 Et

474 1484 671 1527 rursus
697 1481 874 1521 cx-Lvu
906 1485 920 1521 :
957 1485 976 1521 ι
1024 1464 1127 1532 Qui
1170 1466 1372 1522 emittit
1418 1467 1693 1538 eloquium
1740 1482 1898 1522 suum
1934 1475 2048 1523 ter-

477 1576 585 1624 rae,
628 1559 889 1614 velociter
923 1559 1097 1612 currit
1158 1573 1339 1614 sermo
1383 1558 1524 1629 ejus.
1569 1577 1589 1611 ι
1649 1559 1718 1613 At
1774 1560 1917 1616 enim
1956 1560 2045 1625 ei,

478 1652 572 1721 qui
607 1664 753 1705 nunc
784 1651 841 1703 in
878 1649 1132 1704 manibus
1178 1658 1282 1713 est,
1315 1651 1526 1719 psalmo
1558 1650 1781 1715 dicenti,
1815 1668 1834 1701 ι
1871 1648 2051 1707 Verbo

1128 270 1397 331 EUSEBll
1433 269 1909 334 CESARIENSIS
1931 272 2086 332 OPP.
2115 270 2296 329 PARS
2331 270 2399 327 ιι.
2432 302 2503 312 -
2539 269 3038 329 ΑΡοιοεετιοΑ.

2060 411 2116 468 Δ

3598 276 3723 334 570

2673 386 3066 442 ΚΕΦΑΛΛΙΟΝ
3101 388 3177 444 E'.

2144 504 2397 573 Ψαλμοῦ
2427 505 2547 569 λβν.
2591 534 2662 546 -
2704 503 2797 569 Ὡς
2850 498 2998 573 Θεοῦ
3042 504 3235 572 Λόγον
3276 501 3532 573 οὑσιώόη
3579 503 3720 573 κατ’

2208 568 2598 635 ἐσὶικέλεὺσιν
2651 568 3057 642 τοῦπατρὸς,
3120 568 3333 642 ὁμοίως
3384 568 3529 641 ἡμῖν
3584 568 3722 641 οἵδε

2210 643 2576 715 δημιουργὸν
2608 641 2726 715 ι’ὣρ⁸
2748 642 3029 715 ἁπάντων
3055 645 3089 697 ὁ
3126 641 3334 715 Δᾳϐἰδο
3362 643 3461 715 καί
3500 642 3581 707 ὡς
3603 642 3723 715 τότ

2211 709 2400 769 αὐτόν
2422 709 2529 768 τοῦ
2563 712 2712 769 Θεοῦ
2743 714 2938 782 Λόγον
2972 715 3006 766 ό
3044 713 3227 779 αὐτὸς
3265 711 3575 782 προφήτης
3610 709 3725 765 ἐπὶ

2212 785 2496 853 θεραπείᾳ
2540 783 2662 838 τῶν
2693 781 3021 853 ἀνθρώπων
3059 783 3129 836 ἐκ
3176 782 3283 837 τοῦ
3308 781 3554 851 Πατρός
3599 782 3725 853 ἀπ-

2211 850 2820 934 εοξτάλθάιμαρξυρεζλ
2842 853 2936 934 καὶ
2962 853 3042 918 ὡς
3064 853 3575 934 ἐνηβραχεῒχρόῖῳ
3598 850 3727 919 τὴν

2212 920 2543 994 consumar
2567 921 2683 994 γῆν
2709 922 3054 991 πληρώσειν
3087 920 3203 992 τῆςί
3218 920 3729 979 αὐτοῦήδιδασκα-

2212 942 2543 994 συμπασαν
2644 942 2659 975 ι

2212 996 2352 1061 ,πίας
2380 942 2659 1054 θεσπίὲεί.

2221 1127 2240 1157 σ
2270 1106 2361 1179 Τῷ
2400 1107 2559 1178 Λόγῳ
2587 1106 2792 1178 Κυρίου
2830 1106 2880 1158 oi
2906 1106 3123 1178 οὐρανοὶ⁵
3160 1104 3594 1177 ἐστερεώθησαν,
3620 1103 3729 1159 καὶ

2145 1198 2223 1271 τῷ
2263 1198 2531 1269 πνεύματι
2578 1197 2669 1251 τοῦ
2708 1197 2971 1268 στόματος
3018 1195 3183 1251 αὑτοῦ
3230 1199 3377 1250 πᾶσα
3421 1199 3455 1268 ἡ
3493 1196 3731 1269 δύναμις

2147 1288 2347 1343 αὑτῶν.
2381 1308 2399 1340 ι
2430 1288 2540 1342 Καὶ
2573 1289 2630 1341 ὲν
2668 1293 2755 1359 ρξ’
2780 1287 2836 1340 δὲ
2862 1286 3060 1359 ψαλμῷ
3081 1286 3325 1359 εἴρηταιο
3356 1306 3374 1339 ι
3410 1287 3730 1343 Ἀπέστειλε

2146 1382 2238 1435 τὸν
2272 1381 2446 1449 Λόγον
2473 1378 2661 1443 αὑτοῦ,
2696 1379 2790 1432 καὶ
2837 1379 3024 1432 ἰάσατο
3058 1378 3287 1445 αὑτοὺς,
3317 1379 3411 1432 καὶ
3454 1377 3736 1450 ἐρρύσατο

2150 1474 2346 1537 αὑτοὺς
2398 1473 2462 1525 ὲκ
2499 1471 2606 1525 τῶν
2650 1470 2955 1542 διαφθορῶν
3001 1470 3195 1524 αὑτῶν.
3223 1488 3243 1522 ι
3284 1471 3396 1524 Καὶ
3450 1471 3613 1523 πάλιν
3662 1472 3733 1526 ἐν

2153 1564 2307 1637 PM"
2349 1582 2367 1614 ι
2405 1564 2464 1616 Ὀ
2493 1563 2835 1617 ἀποστέλλων
2858 1562 2918 1615 τὸ
2943 1561 3123 1631 λόγιον
3150 1561 3313 1615 αὑτοῦ
3354 1564 3419 1633 τῇ
3471 1563 3542 1633 γῇ
3566 1602 3580 1626 ,
3616 1559 3737 1627 ἕως

2149 1658 2346 1727 τάχους
2401 1656 2686 1727 δραμεῖται
2731 1657 2759 1710 6
2821 1654 2979 1723 λόγος
3027 1652 3213 1708 αὑτοῦ.
3248 1673 3267 1707 ι
3304 1652 3463 1707 Ἀλλὰ
3489 1654 3599 1725 γὰρ
3646 1652 3736 1725 τῷ

477 1740 696 1796 Domini
753 1740 877 1796 cmli
931 1739 1131 1795 ﬁrmati
1186 1750 1353 1807 sunt,
1408 1762 1427 1795 ι
1482 1744 1780 1798 concordat
1832 1758 2048 1801 sacrum

2165 1747 2293 1802 ιετὰ
2324 1750 2514 1818 χεῖρας
2562 1744 2779 1817 ψαλμῷ,
2829 1744 3109 1814 φάσκοντι,
3181 1761 3200 1794 ι
3225 1742 3316 1814 Τῷ
3384 1744 3544 1815 Λόγῳ
3606 1744 3733 1796 Κυ-

479 1832 910 1904 229'tquoque
961 1830 1343 1903 Evangelium,
1397 1834 1574 1904 palam
1621 1832 1859 1888 dicens:
1917 1851 1937 1886 ι
1989 1833 2051 1889 1n

483 1924 751 1996 principio
773 1931 891 1979 erat
914 1922 1176 1988 Verbum,
1201 1932 1257 1979 et
1277 1923 1516 1980 Verbum
1545 1935 1662 1980 erat
1689 1924 1835 1996 apud
1857 1924 2049 1990 Deum,

480 2025 535 2071 et
558 2014 700 2070 Deus
729 2021 848 2071 erat
875 2013 1138 2071 Verbum.
1191 2014 1307 2071 Hoc
1357 2024 1478 2072 erat
1519 2016 1577 2071 in
1605 2017 1878 2088 principio
1906 2015 2053 2087 apud

484 2105 677 2173 Deum,
713 2108 897 2162 omnia
931 2123 1028 2178 per
1058 2098 1245 2179 ipsum.
1290 2107 1433 2164 facta
1465 2117 1615 2175 sunt,
1658 2117 1712 2165 et
1761 2110 1881 2166 sine
1931 2110 2055 2180 ipso

483 2200 687 2255 factum
708 2208 793 2256 est
810 2199 947 2254 nihil
968 2201 1033 2257 “.
1068 2219 1087 2252 ι
1122 2199 1265 2256 Sane
1293 2202 1487 2257 merito
1508 2201 1857 2274 Evangelium
1884 2200 2056 2258 Deum

484 2291 636 2346 illum
668 2292 913 2346 nominat
954 2310 967 2347 :
1012 2293 1232 2362 quando
1275 2294 1437 2348 etiam
1484 2309 1581 2365 per
1620 2310 1683 2349 ea
1728 2311 1847 2365 quae
1902 2296 2057 2366 prius

486 2384 633 2439 dicta
665 2392 815 2448 sunt,
844 2383 988 2438 idem
1020 2382 1146 2449 hoc,
1183 2384 1329 2454 quod
1359 2400 1507 2440 nunc
1541 2393 1601 2440 ut
1634 2385 1775 2442 Deus
1811 2387 2056 2441 celebra-

485 2484 578 2530 tur
603 2474 864 2539 Verbum,
896 2482 950 2530 et
976 2476 1263 2546 sapientia,
1294 2484 1349 2532 et
1380 2492 1602 2549 germen
1633 2476 1749 2539 Dei,
1777 2490 1831 2532 et
1862 2476 2057 2533 Sacer-

485 2564 609 2629 dos,
657 2572 712 2621 et
762 2563 1039 2628 Christus,
1093 2570 1148 2620 et
1199 2563 1337 2630 Rex,
1382 2572 1435 2621 et
1485 2564 1772 2625 Dominus.
1812 2572 1867 2620 et
1913 2563 2056 2619 Deus

486 2656 665 2729 imago
694 2652 813 2721 Dei,
846 2659 1176 2731 appellatum
1207 2665 1313 2715 est.
1356 2656 1551 2722 Porro,
1587 2665 1647 2712 ut
1690 2658 1781 2728 qui
1832 2664 1885 2713 et
1916 2658 2058 2715 alius

486 2748 561 2806 sit
588 2763 750 2820 quam
782 2748 965 2815 Pater,
992 2757 1047 2805 et
1080 2749 1326 2821 ejusdem
1357 2749 1679 2805 administer
1707 2749 1894 2814 fuerit,
1923 2748 2059 2805 adeo

486 2847 549 2895 ut
571 2840 732 2910 jussu
764 2840 912 2896 illius
945 2842 1065 2911 ipse
1114 2841 1298 2895 omnia
1331 2840 1662 2903 condiderit,
1714 2839 1769 2893 in
1801 2840 2057 2908 praesenti

487 2930 746 3001 deinceps
776 2929 994 2987 Psalmo
1028 2929 1275 3001 adjungit
1317 2947 1333 2985 :
1374 2947 1394 2981 ι
1450 2926 1685 2991 Timeat,
1718 2926 1917 2996 inquit,
1948 2925 2061 2979 Do-

489 3023 700 3079 minum
750 3023 928 3079 omnis
963 3031 1108 3078 terra
1144 3041 1158 3076 :
1210 3022 1278 3077 ab
1310 3034 1378 3076 eo
1404 3029 1585 3074 autem
1614 3025 2061 3073 commoveantur

2154 1841 2270 1912 ρίου
2314 1840 2364 1892 οἰ
2407 1839 2625 1909 οὐρανοὶ
2661 1834 3100 1908 ἐστερεώθησαν,
3148 1854 3167 1886 ι
3213 1834 3427 1907 συνᾴδει
3473 1834 3534 1887 τὸ
3583 1834 3739 1907 ἱερὸν

2151 1929 2502 2000 Εὑαγγέλιον,
2536 1927 2832 2000 διαρρήδην
2858 1926 3015 1995 λέγον
3040 1942 3053 1955 ⁸
3091 1945 3109 1977 ι
3159 1925 3247 1978 Ἐν
3291 1925 3430 1995 ἀρχῇ
3460 1919 3527 1996 ἦν
3572 1926 3601 1977 6
3628 1922 3742 1978 Λό-

2152 2039 2267 2091 γος,
2297 2021 2390 2073 καὶ
2418 2022 2446 2073 ό
2478 2018 2649 2087 Λόγος
2678 2014 2744 2089 ἦν
2787 2016 2923 2088 πρὸς
2967 2016 3058 2068 τὸν
3096 2015 3248 2080 Θεὸν,
3294 2016 3388 2068 καὶ
3428 2014 3558 2078 Θεὸς
3599 2010 3668 2085 ἦν
3698 2013 3741 2068 ὁ

2154 2115 2345 2182 Λόγος.
2376 2106 2543 2174 Οὗτος
2576 2106 2644 2181 ἦν
2675 2112 2731 2163 ἐν
2765 2109 2907 2180 ἀρχῇ
2942 2106 3077 2179 πρὸς
3114 2106 3205 2159 τὸν
3242 2106 3406 2159 Θεόνο
3443 2106 3618 2160 πάντα
3658 2102 3737 2160 δι’

2154 2202 2319 2260 αὑτοῦ
2363 2202 2597 2272 ἐγένετο,
2641 2202 2733 2254 καὶ
2777 2200 2947 2272 χωρὶς
2977 2197 3142 2252 αὑτοῦ
3193 2199 3408 2267 ἐγένετο
3438 2197 3558 2250 οὐδὲ
3585 2196 3666 2250 ἓν.
3703 2214 3731 2251 ι

2154 2297 2288 2351 Θεὸν
2315 2295 2540 2358 εἰκότως
2575 2293 2637 2347 τὸ
2661 2292 2994 2361 Εὑαγγέλιον
3025 2290 3279 2362 ὀνομάζει
3304 2307 3317 2320 ο
3366 2289 3489 2342 ἐπεὶ
3517 2289 3612 2342 καὶ
3642 2287 3739 2342 διὰ

2154 2388 2262 2444 τῶν
2292 2386 2526 2460 πρόσθεν
2558 2386 2719 2448 αὐτὸς
2750 2378 2902 2447 οὗτος
2926 2385 2954 2437 6
2985 2383 3080 2437 νῦν
3100 2382 3512 2454 θεολογούμενος
3538 2383 3735 2452 Λόγος,

2156 2481 2251 2534 καὶ⁵
2278 2479 2459 2549 σοφία,
2494 2478 2589 2531 καὶ
2633 2477 2877 2547 γέννημα
2902 2475 3059 2539 Θεοῦ,
3085 2477 3177 2529 καὶ
3229 2477 3425 2547 ἱερεὺς,
3455 2475 3551 2530 καὶ
3594 2476 3737 2546 Χρι-

2158 2573 2303 2637 στὸς,
2335 2573 2429 2625 καὶ
2457 2570 2726 2641 βασιλεὺς,
2764 2571 2858 2622 καὶ
2884 2567 3107 2639 Κύριος,
3135 2568 3229 2622 καὶ
3257 2568 3406 2633 Θεὸς,
3438 2568 3532 2621 καὶ
3570 2565 3741 2624 εἰκὼν

2158 2664 2493 2735 ἁνηγόρευτο
2515 2660 2609 2714 τοῦ
2634 2659 2791 2714 Θεοῦ.
2819 2660 2929 2714 Καὶ
2955 2661 3037 2713 ὅτι
3064 2676 3150 2728 γε,
3184 2658 3370 2730 ἕτερος
3397 2657 3472 2713 ὢν
3500 2658 3596 2713 τοῦ
3619 2659 3744 2714 Πα-

2157 2753 2307 2823 τρὸς,
2339 2751 2610 2824 ὑπουργὸς
2645 2745 2714 2821 ἦν
2746 2748 2932 2811 αὑτοῦ,
2979 2748 3118 2802 ὥστε
3163 2748 3609 2819 ὲπικελευομένου
3635 2744 3739 2803 τοῖ’»

2163 2845 2406 2919 μείζονος
2448 2842 2608 2896 αὑτὸν
2639 2842 3007 2912 δημιουργεῖν,
3042 2840 3168 2909 ἑξῆς
3199 2840 3339 2893 κατὰ
3369 2840 3459 2893 τὸν
3493 2841 3741 2910 παρόντα

2161 2936 2399 3006 ἐπιλέγει
2448 2934 2695 3006 ψαλμὸν⁸
2748 2953 2766 2984 ι
2800 2933 3093 3004 Φοϐηθήτω
3134 2932 3224 2984 τὸν
3273 2932 3476 3003 Κύριον
3516 2935 3665 2986 πᾶσα
3698 2934 3736 3003 ἠ

2163 3028 2264 3100 γῆ·
2294 3029 2385 3081 ὑπ’
2411 3026 2575 3081 αὑτοῦ
2603 3027 2659 3079 δὲ
2683 3025 3094 3097 σαλευθήτωσαν
3122 3022 3321 3087 πάντες
3342 3025 3391 3076 οἱ
3420 3023 3737 3077 κατοικοῦν-

489 3131 681 3174 omnes
709 3117 1081 3172 inhabitantes
1108 3114 1318 3169 orbem.
1375 3112 1645 3178 Quoniam
1679 3110 1795 3180 ipse
1824 3109 1985 3171 dixit,
2010 3117 2063 3164 et

2165 3139 2257 3185 τες
2285 3119 2626 3190 οἰκουμένην.
2656 3118 2779 3172 Ὅτι
2822 3118 2981 3182 αὐτὸς
3029 3112 3171 3180 εἷπε,
3220 3117 3314 3170 καὶ
3356 3115 3733 3187 ἐγενήθησαν

491 3209 633 3263 facta
683 3218 840 3270 sunt;
909 3208 1026 3279 ipse
1072 3205 1373 3270 mandavit,
1427 3212 1481 3260 et
1523 3211 1705 3259 creata
1754 3212 1882 3259 sunt
1925 3204 1990 3254 ³⁷.
2036 3220 2057 3254 ι

489 3301 720 3357 Constat
748 3300 893 3355 enim
935 3297 1081 3370 quod
1110 3298 1205 3368 qui
1239 3297 1390 3360 dicit,
1427 3297 1494 3351 ad
1527 3296 1757 3349 alterum
1802 3293 1933 3348 dicit
1964 3311 1978 3347 :
2010 3301 2066 3349 et

486 3392 586 3463 qui
635 3388 876 3454 mandat,
916 3389 1072 3443 alteri
1107 3395 1303 3458 praeter
1358 3401 1416 3441 se
1465 3384 1709 3439 mandat.
1770 3380 2066 3452 Perspicue

492 3494 622 3535 vero
650 3487 773 3549 post
816 3478 991 3549 ipsam
1024 3475 1323 3531 Salvatoris
1354 3474 1531 3529 nostri
1579 3475 1830 3527 humana:
1857 3479 2067 3526 natum

494 3571 950 3637 assumptionem,
992 3574 1296 3627 conventus
1327 3582 1393 3622 ex
1428 3564 1577 3619 omni
1611 3573 1778 3628 terra,
1826 3563 1931 3617 hoc
1957 3569 2063 3627 est,

493 3680 560 3719 cx
588 3662 864 3726 omnibus,
910 3677 1031 3733 qua:
1062 3669 1267 3716 terram
1314 3659 1582 3723 incolunt,
1616 3656 1951 3719 nationibus,
1980 3654 2069 3709 in-

494 3756 884 3819 numerabiles,
917 3770 1026 3809 non
1058 3754 1245 3808 itidem
1288 3759 1350 3806 ut
1396 3758 1556 3805 antea
1590 3752 1731 3806 ullos
1765 3750 2065 3814 dzemones,

497 3848 593 3903 sed
622 3848 802 3919 ipsum
838 3846 1130 3902 Dominum
1168 3844 1356 3900 Jesum
1404 3845 1727 3910 timuerunt,
1775 3851 1831 3899 et
1876 3858 2069 3898 omnes

497 3940 805 3996 habitantes
856 3941 1046 3995 orbem
1099 3939 1359 3994 commoti
1406 3945 1557 4001 sunt,
1593 3936 1651 3991 in
1702 3936 1822 4007 ipso
1862 3934 2069 3990 Christi

496 4034 738 4098 nomine,
782 4032 924 4088 sicut
953 4046 1194 4102 praesens
1222 4030 1504 4085 oraculum
1534 4028 1684 4083 canit
1721 4047 1735 4083 :
1774 4045 1794 4079 ‹
1832 4026 2067 4090 Timeat,

497 4125 695 4196 inquit,
730 4124 1019 4179 Dominum
1054 4124 1231 4178 omnis
1275 4129 1442 4187 terra,
1478 4122 1547 4176 ab
1600 4136 1666 4176 eo
1713 4127 1894 4176 autem
1927 4134 2075 4175 com-

498 4223 822 4272 moveantur
847 4230 1039 4272 omnes
1071 4214 1440 4270 inhabitantes
1469 4213 1677 4269 orbem.
1732 4231 1752 4264 ι
1795 4211 2072 4268 Hactenus

499 4324 621 4379 qua:
658 4308 726 4363 de
769 4322 809 4361 ιι
849 4314 903 4363 et
934 4322 1043 4361 xxx
1072 4307 1284 4377 psalmo
1308 4316 1532 4376 accepta
1568 4313 1719 4360 sunt.
1751 4303 2073 4361 Consimilia

498 4415 631 4455 vero
659 4398 746 4454 his
787 4406 842 4453 et
870 4413 1115 4454 consona
1161 4399 1216 4453 in
1247 4399 1460 4468 psalmo
1492 4412 1713 4467 quoque
1753 4413 1957 4452 ωινιιι
1986 4396 2072 4451 in-

497 4492 704 4555 venies,
749 4492 844 4561 qui
883 4490 1043 4545 docet
1074 4504 1185 4544 non
1230 4502 1295 4544 ea
1349 4487 1537 4554 modo,
1586 4502 1707 4557 qua:
1750 4486 1817 4542 ad
1868 4495 2069 4542 terram

498 4585 790 4647 duntaxat,
823 4582 918 4639 sed
949 4581 1115 4637 etiam
1144 4596 1209 4636 ea
1257 4594 1380 4652 quae
1407 4578 1476 4633 ad
1505 4581 1727 4644 cmlum,
1755 4586 1811 4634 et
1838 4579 2075 4635 breviter

498 4673 567 4728 ad
595 4673 907 4728 universam
941 4676 1250 4725 creaturam
1284 4668 1576 4739 pertinent,
1628 4667 1750 4737 ipso
1797 4665 1910 4720 Deo
1942 4665 2072 4719 uni-

497 4766 645 4822 versi
698 4765 927 4836 jubente
955 4761 1256 4818 exstitisse.
1291 4758 1435 4815 Dicit
1476 4760 1643 4830 igitur
1690 4778 1702 4812 :
1754 4776 1773 4809 ι
1827 4756 2075 4812 Laudate

500 4861 790 4915 Dominum
819 4858 888 4914 de
913 4856 1092 4920 cmlis,
1122 4854 1343 4910 laudate
1370 4868 1496 4910 eum
1536 4853 1593 4907 in
1623 4852 1880 4907 excelsis.
1931 4850 2076 4906 Lau-

497 4951 625 5008 date
651 4967 798 5016 eum,
830 4966 1025 5006 omnes
1050 4948 1227 5021 angeli
1259 4947 1414 5018 ejus;
1439 4946 1656 5001 laudate
1687 4961 1835 5011 eum,
1881 4959 2074 5001 omnes

499 5044 732 5100 virtutes
759 5044 901 5114 ejus.
964 5042 1210 5098 Laudate
1239 5056 1385 5106 eum,
1422 5040 1505 5096 sol
1544 5045 1601 5094 et
1654 5039 1806 5105 luna,
1853 5035 2077 5094 laudate

500 5150 649 5199 eum,
694 5140 885 5189 Omnes
915 5133 1086 5189 stellae
1126 5142 1180 5189 et
1210 5132 1397 5187 lumen
1428 5148 1443 5185 :
1478 5129 1741 5200 quoniam
1771 5129 1891 5199 ipse
1915 5127 2075 5194 dixit,

502 5235 558 5282 et
595 5224 736 5282 facta
771 5234 933 5292 sunt;
968 5225 1087 5296 ipse
1116 5223 1418 5291 mandavit,
1458 5230 1515 5279 et
1556 5230 1742 5277 creata
1784 5227 1914 5275 sunt
1943 5220 2010 5274 ³⁸.
2048 5238 2069 5271 ι

504 5316 663 5386 Quod
722 5317 769 5375 si
815 5318 932 5388 ipse
976 5315 1278 5381 mandavit,
1328 5316 1605 5387 quisnam,
1633 5327 1841 5385 quaeso,
1900 5325 2077 5382 usque

505 5411 645 5467 adeo
673 5425 926 5481 magnus,
962 5416 1023 5465 ut
1062 5409 1380 5465 mandatum
1440 5407 1508 5464 de
1554 5407 1723 5463 tantis
1767 5405 1937 5460 rebus
1965 5420 2083 5458 sus-

504 5500 711 5571 ciperet
730 5541 745 5565 ,
795 5508 995 5573 prater
1024 5499 1120 5555 Dei
1173 5499 1451 5557 Verbum?
1481 5499 1630 5570 quod
1669 5497 1820 5552 varie
1852 5499 1908 5551 in
1936 5511 2076 5568 prae—

506 5596 648 5655 senti
698 5611 887 5667 opere,
917 5608 948 5648 a
981 5593 1164 5661 nobis,
1190 5600 1453 5665 tanquam
1481 5589 1626 5671 Deus
1665 5589 1992 5654 celebratur,
2022 5594 2078 5642 et

610 5753 655 5786 ³⁸
686 5751 841 5808 Joan.
876 5768 914 5823 ι,
946 5751 1057 5817 ιβ,

2163 3212 2326 3274 αὑτὸς
2357 3211 2677 3271 ἐνετείλατο,
2710 3210 2804 3262 καὶ
2848 3206 3191 3278 ἐκτίσθησαν.
3234 3226 3255 3259 ι
3296 3205 3567 3278 Πρόδηλον
3603 3205 3739 3277 γὰρ,

2162 3304 2238 3368 ὼς
2279 3304 2308 3356 ὁ
2329 3302 2523 3371 λέγων,
2560 3302 2730 3374 ἑτέρῳ
2753 3301 2899 3369 λέγει
2917 3316 2930 3330 ο
2960 3298 3055 3353 καὶ
3082 3299 3110 3351 ὁ
3135 3299 3531 3369 ἐντελλόμενος,
3564 3295 3747 3367 ἑτέρῳ

2166 3398 2295 3468 παρ’
2326 3395 2516 3448 ἑαυτὸν
2554 3392 2876 3446 ἐντέλλεται.
2906 3389 3099 3459 Σαφῶς
3121 3389 3178 3442 δὲ
3214 3390 3306 3442 ἐπὶ
3342 3392 3409 3459 τῇ
3434 3388 3527 3440 τοῦ

2169 3506 2260 3560 ρος
2286 3486 2445 3559 ἡμῶν
2479 3483 2908 3555 ἐνανθρωπήσει,
2943 3482 3111 3553 μυρία
3136 3480 3317 3552 πλήθη
3338 3483 3403 3533 ὲκ
3435 3480 3612 3550 πάσης
3638 3479 3740 3551 τῆς

2165 3582 2290 3652 γῆς,
2322 3580 2467 3632 τοῦτ’
2502 3577 2645 3630 ἔστιν
2675 3576 2734 3640 ἐξ
2754 3576 3006 3629 ἁπάντων
3031 3574 3140 3627 τῶν
3171 3574 3263 3627 ἐπὶ
3285 3575 3384 3643 τῆς
3412 3572 3517 3643 γῆς
3545 3570 3742 3635 ἐθνῶν,

2166 3672 2349 3728 οὐκέτι
2378 3672 2455 3735 ὡς
2476 3670 2536 3725 τὸ
2560 3670 2690 3741 πρὶν
2716 3669 2840 3732 τοὺς
2865 3667 3141 3738 δαίμονας,
3174 3665 3287 3719 ἀλλ’
3317 3664 3478 3718 αὑτὸν
3501 3662 3741 3734 ἐφοϐήθη

2167 3762 2258 3817 τὸν
2299 3760 2503 3833 Κύριον
2548 3759 2784 3831 Ἰησοῦν
2822 3760 3022 3821 πάντες
3051 3776 3111 3810 τε
3153 3760 3201 3810 οἱ
3236 3754 3613 3817 κατοικοῦντες
3643 3755 3744 3825 τὴν

2172 3856 2494 3929 οἰκουμένην
2534 3852 2901 3924 ἐσαλεύθησαν
2949 3851 3041 3904 ἐπὶ
3093 3849 3170 3921 τῷ
3199 3848 3292 3902 τοῦ
3338 3846 3575 3919 Χριστοῦ
3627 3845 3745 3901 όνό⁴

2178 3966 2327 4020 ματι,
2373 3945 2677 4009 ἀκολούθως
2704 3943 2782 4014 τῷ
2819 3942 2912 3997 νῦν
2958 3942 3219 4012 φάσκοντι
3260 3939 3426 4009 λογίῳ
3450 3956 3462 3968 ·
3518 3958 3537 3989 ι
3570 3937 3747 4009 Φοϐη-

2173 4040 2321 4111 θήτω
2350 4037 2440 4090 τὸν
2474 4036 2676 4108 Κύριον
2706 4036 2857 4088 πᾶσα
2886 4035 2918 4103 ἡ
2955 4034 3048 4103 γῆ,
3078 4032 3170 4086 ὑπ’
3198 4031 3362 4085 αὑτοῦ
3390 4030 3447 4083 δὲ
3480 4029 3744 4101 σαλευθή-

2169 4148 2349 4185 τωσαν
2396 4129 2597 4191 πάντες
2652 4128 2702 4181 οί
2751 4125 3126 4188 κατοικοῦντες
3176 4123 3274 4195 τὴν
3321 4122 3661 4194 οἰκουμένην.
3718 4140 3739 4175 ι

2172 4223 2357 4277 Ταῦτα
2390 4222 2487 4293 μὲν
2513 4215 2604 4272 οῦν
2628 4221 2691 4271 ὲκ
2719 4216 2811 4271 τοῦ
2858 4215 2901 4287 β’
2931 4216 3026 4270 καὶ
3048 4216 3092 4269 λ’
3123 4214 3361 4287 ψαλμοῦ.
3389 4213 3665 4285 Σὺμφωνα
3689 4212 3748 4267 δὲ

2170 4315 2381 4378 τούτοις
2408 4312 2589 4384 εὑροις
2628 4309 2692 4364 ἂν
2726 4310 2820 4362 καὶ
2864 4309 2923 4360 ἐν
2971 4313 3097 4380 ρμη⁹
3139 4306 3359 4377 ψαλμῷ,
3404 4305 3463 4369 ὃς
3507 4305 3749 4360 διδάσκει

2173 4406 2234 4458 οὑ
2259 4403 2328 4458 τὰ
2374 4403 2501 4474 περὶ
2521 4400 2625 4469 γῆν
2654 4400 2810 4470 μόνα,
2845 4397 2980 4452 ἀλλὰ
3022 4397 3203 4452 καὶτὰ
3230 4396 3351 4450 κατ’
3374 4397 3622 4468 οὐρανὸν,
3652 4396 3751 4451 καὶ

2179 4494 2478 4567 συλλήϐδην
2509 4494 2726 4547 ἅπασαν
2762 4491 2860 4562 τὴν
2897 4490 3095 4553 κτίσιν,
3130 4488 3249 4543 κατ’
3282 4488 3624 4542 ἐπικέλέυσιν
3654 4487 3749 4542 τοῦ

2176 4586 2284 4639 τῶν
2325 4585 2462 4638 ὅλων
2502 4583 2638 4635 Θεοῦ
2684 4580 2983 4650 γεγονέναι.
3035 4577 3195 4646 Λέγει
3226 4577 3271 4630 δ’
3304 4572 3428 4630 οὖν·
3484 4596 3501 4627 ι
3540 4578 3750 4631 Αἰνεῖτε

2177 4676 2269 4730 τὸν
2302 4674 2504 4744 Κύριον
2552 4674 2615 4725 ἐκ
2651 4671 2759 4724 τῶν
2802 4668 3066 4741 οὐρανῶν,
3114 4669 3313 4721 αἱνεῖτε
3356 4664 3519 4719 αὑτὸν
3553 4667 3609 4718 ἐν
3637 4666 3751 4729 τοῖς

2180 4768 2441 4839 ὑψίστοις.
2465 4765 2671 4818 Αἰνεῖτε
2700 4761 2861 4815 αὑτὸν
2882 4760 3081 4823 πάντες
3102 4758 3318 4828 ἄγγελοι
3346 4756 3530 4817 αὑτοῦ,
3549 4757 3749 4808 αίνεῖτε

2180 4861 2340 4916 αὑτὸν
2372 4862 2543 4913 πᾶσαι
2585 4859 2638 4912 αἰ
2667 4855 2920 4926 δυνάμεις
2956 4852 3137 4906 αὑτοῦ.
3169 4852 3378 4904 Αἰνεῖτε
3409 4849 3568 4904 αὑτὸν
3601 4847 3751 4918 ἥλιος

2183 4953 2277 5006 καὶ
2309 4950 2527 5021 σελήνη,
2576 4948 2775 5001 αἰνεῖτε
2819 4942 2981 4997 αὑτὸν
3026 4940 3202 4995 πάντα
3238 4940 3308 4995 τὰ
3356 4940 3532 5011 ἄστρα
3568 4938 3664 4991 καὶ
3690 4934 3752 4989 τὸ

2183 5043 2327 5115 φῶςο
2377 5043 2460 5095 ὅτι
2501 5039 2664 5101 αὑτὸς
2703 5032 2855 5101 εἶπε,
2907 5033 3001 5087 καὶ
3047 5029 3413 5103 ἐγενήθησαν·
3462 5028 3624 5099 αὑτὸς
3662 5028 3752 5082 ὲν-

2183 5135 2447 5198 ετείλατο,
2480 5132 2575 5186 καὶ
2594 5126 2937 5198 ἐκτίσθησαν.
2969 5144 2988 5178 ι
3014 5124 3076 5177 Εἰ
3106 5121 3215 5193 γὰρ
3242 5123 3403 5186 αὑτὸς
3431 5120 3751 5185 ἐνετείλατο,

2184 5227 2281 5282 καὶ
2328 5225 2411 5287 τίς
2459 5218 2527 5293 ἦν
2566 5217 2847 5281 τοσοῦτος,
2894 5215 2970 5279 ὼς
3021 5213 3119 5284 τὴν
3175 5213 3302 5284 περὶ
3342 5212 3453 5265 τῶν
3502 5207 3757 5283 τηλικού-

2180 5335 2289 5372 των
2318 5312 2534 5384 ἐντολὴν
2580 5307 2962 5375 ὑποδέξασθαι,
3000 5305 3035 5377 ἢ
3065 5306 3095 5356 6
3139 5302 3233 5357 τοῦ
3290 5302 3426 5356 Θεοῦ
3474 5303 3682 5371 Λόγοςι;
3726 5300 3756 5353 6

2182 5405 2439 5468 ποικίλως
2466 5401 2555 5456 διὰ
2586 5400 2686 5470 τῆς
2729 5396 3013 5470 παρούσης
3050 5396 3185 5466 ἡμῖν
3218 5392 3526 5456 ὑποθέσεως
3572 5389 3754 5444 θεολο-

2180 5494 2464 5566 γοὺμενος,
2511 5491 2607 5546 καὶ
2646 5490 2817 5558 Λόγος
2852 5485 2987 5540 Θεοῦ
3036 5484 3571 5556 προσαγορευόμενος
3612 5479 3755 5535 εικό-

2179 5603 2309 5650 τως,
2333 5586 2415 5638 ὅτι
2457 5581 2520 5654 δὴ
2547 5582 2669 5645 τοὺς
2693 5579 2799 5635 τῶν
2843 5576 3095 5634 ἁπάντων
3123 5576 3185 5647 δη
3194 5573 3542 5647 μιουργικοὺς
3569 5589 3629 5629 τε
3660 5571 3754 5627 καὶ

1166 5750 1216 5825 ,³⁷
1237 5749 1379 5807 Psal.
1410 5748 1584 5819 xxx",
1616 5748 1732 5806 8-9.
1811 5746 1857 5780 ³⁸
1885 5744 2029 5803 Psal.
2060 5758 2285 5813 curm,
2320 5742 2432 5798 1-5.
