4080 6416
261 405 367 467 8⁸⁷7
1188 393 1849 457 DEMONSTRATIONIS
1884 392 2345 453 EVANGELICE
2385 391 2516 451 LIB.
2555 391 2623 448 Υ.
3419 386 3526 446 378

270 521 590 596 ποιητικοὺς
614 522 810 593 λόγους
840 511 892 576 δ’
912 520 1308 593 παντοκράτωρ
1335 520 1395 573 εν
1430 517 1581 590 αὐτῷ
1619 513 1855 573 καταδέρ

1975 512 2202 570 Verbum
2231 511 2329 568 Dei
2354 511 2682 583 appellatur,
2713 507 2911 565 merito
2942 506 3076 563 illud
3108 506 3350 577 quidem,
3398 521 3524 577 pro-

270 616 486 689 ϐληται,
525 613 674 685 λόγῳ
715 612 815 666 καὶ
845 609 996 677 τάξει
1028 610 1096 664 τά
1135 608 1428 681 σύμπαντα
1457 606 1663 681 διέπειν
1704 602 1857 676 αὐτῷ

1975 615 2140 664 tterea
2168 605 2315 677 quod
2349 604 2597 660 omnium
2624 616 2809 660 rerum
2857 600 3185 656 artiﬁciosas
3214 606 3378 670 atque
3416 598 3529 656 elli-

274 709 367 763 καὶ
394 705 763 777 διακυϐερνᾷν
799 703 1091 775 παραδούς.
1134 702 1227 773 Μὴ
1258 701 1368 772 γάρ
1406 695 1501 755 οὖν
1545 716 1627 764 τις
1657 698 1856 753 ὑπολά-

277 801 360 854 6οι
388 799 470 871 τῷ
498 799 655 870 παρά
686 796 994 869 ἀνθρώποις
1033 797 1100 849 ὲκ
1130 792 1410 850 συλλαϐῶν
1446 791 1761 856 συνεστῶτι,
1793 789 1858 845 εκ

277 909 335 944 τε
374 891 660 961 ὀνομάτων
693 890 787 942 καὶ
813 889 1073 960 ῥημάτων
1097 885 1459 957 συγκειμένῳ,
1482 883 1732 956 ὲνάρθρῳ
1764 882 1860 935 καὶ

281 983 601 1055 προφορικῷ
628 982 772 1053 λόγῳ
793 982 884 1036 τὸν
924 979 1016 1034 τοῦ
1042 978 1178 1033 Θεοῦ
1211 979 1510 1050 παρόμοιον
1533 974 1820 1045 τυγχάνειν
1840 988 1856 1004 ⁸

280 1076 360 1131 ὃτι
384 1075 451 1147 δὴ
490 1076 521 1128 ὁ
558 1076 687 1147 παρ’
726 1077 860 1146 ἡμῖν
890 1072 1048 1142 λόγος
1074 1073 1133 1126 ὲν
1173 1073 1378 1141 φωναῖς
1415 1069 1511 1123 καὶ
1548 1065 1858 1130 συλλαᾶιῐς,

280 1170 376 1223 καὶ
403 1170 520 1231 τοῖς
544 1167 634 1222 διὰ
663 1167 865 1221 τούτων
893 1163 1309 1238 σημαινομένοις
1344 1161 1603 1233 κέκτηται
1642 1160 1742 1230 τὴν
1774 1159 1863 1212 οὐ-

285 1260 427 1321 σίαν,
466 1259 559 1312 διὰ
590 1257 835 1329 γλώττης
863 1259 960 1312 καὶ
1007 1255 1303 1328 ἀρτηριῶν,
1347 1252 1627 1325 φάρυγγός
1666 1268 1727 1304 τε
1767 1249 1863 1303 καὶ

287 1352 556 1423 στόματος
592 1351 998 1423 προφερόμενος
1026 1368 1040 1381 ο
1078 1352 1107 1403 ὁ
1147 1350 1204 1403 δὲ
1245 1351 1347 1420 τῆς
1379 1348 1555 1402 ἀϊδίου
1584 1346 1679 1400 καὶ
1714 1346 1862 1399 ἀσω-

288 1444 464 1516 μάτου
506 1442 739 1513 φύσεως,
782 1442 959 1515 πάντη
1000 1440 1139 1495 κατά
1184 1442 1361 1495 πάντα
1398 1436 1493 1493 τοῦ
1545 1438 1667 1494 καθ’
1715 1438 1864 1510 ἡμᾶς

285 1536 761 1609 παρηλλαγμένος,
798 1536 946 1590 οὐδὲν
973 1533 1307 1604 ἀνθρώπειον
1335 1532 1577 1601 ὲπάγοιτ’
1607 1530 1693 1593 ἂν,
1727 1530 1865 1602 μόνῃ

284 1629 625 1701 κεχρημένος
650 1631 716 1700 τῇ
740 1629 838 1699 τῆς
864 1630 1218 1699 προσρήσεως
1238 1624 1525 1697 ὁμωνυμίᾳ
1543 1640 1556 1653 ·
1583 1623 1703 1676 ἐπεὶ
1728 1622 1864 1692 μήτε

285 1719 471 1789 φωνὴν
520 1717 618 1789 τὴν
658 1718 725 1771 δι’
762 1717 923 1789 ἀέρος
959 1715 1235 1788 κρούσεως
1282 1713 1672 1784 ὑφισταμένην,
1730 1712 1866 1782 μήτε

289 1812 533 1883 ῥήματα,
555 1813 694 1883 μήτε
724 1810 1016 1875 συλλαδάςς
1044 1810 1178 1882 μήτε
1208 1808 1474 1878 γλῶτταν,
1505 1808 1642 1878 μήτε
1673 1805 1864 1875 “diu,

290 1907 430 1975 μήτε
470 1904 609 1968 ὅλως
648 1921 701 1958 τι
737 1904 846 1957 τῶν
884 1902 1236 1975 ἀνθρωπείων
1280 1902 1373 1955 καὶ⁵
1404 1899 1613 1973 θνητῶν
1646 1900 1738 1953 ἐπὶ
1771 1899 1866 1952 τοῦ

287 1998 396 2050 τῶν
439 1997 579 2051 ὅλων
621 1995 759 2050 Θεοῦ
810 1993 1209 2069 παραληπτέον.
1246 1994 1437 2063 Ψυχῆς
1477 1991 1584 2065 γὰρ
1625 1990 1692 2045 ἂν
1725 1990 1811 2061 εἴη
1838 1993 1868 2045 ὁ

286 2088 445 2158 λόγος
474 2083 647 2152 οὗτος,
675 2089 704 2141 ὁ
728 2087 978 2158 οὐδαμῶς
1004 2081 1114 2151 οἷός
1150 2103 1210 2139 τε
1240 2084 1361 2139 καθ’
1393 2086 1581 2138 ἑαυτὸν
1608 2083 1730 2154 δίχα
1759 2082 1867 2154 ψυ-

288 2185 392 2251 χῆς
417 2177 576 2245 εἶναι,
607 2180 641 2252 ἢ
679 2179 996 2249 ὑποστῆναι.
1031 2178 1247 2233 Τοιόσδε
1275 2178 1384 2250 γὰρ
1404 2179 1433 2230 ὁ
1460 2178 1518 2229 ὲν
1561 2176 1869 2248 ἀνθρώποις

288 2273 467 2341 λόγος,
501 2272 643 2335 ἰδίως
674 2272 773 2343 μὲν
816 2270 1066 2334 ἀνούσιος
1090 2270 1165 2323 ὣν
1196 2269 1288 2324 καὶ
1327 2268 1719 2333 ἀνυπόστατος,
1747 2267 1865 2322 ὅλον

289 2364 344 2417 δὲ
368 2363 505 2417 αὐτὸ
531 2362 746 2434 κίνησίς
788 2379 848 2415 τε
887 2361 982 2419 καὶ
1014 2360 1264 2432 ἐνέργεια
1291 2358 1528 2422 διανοίας
1561 2359 1863 2429 τυγχάνων.

303 2454 463 2508 Ἀλλά
494 2453 604 2526 γάρ
633 2454 693 2508 ού
728 2454 824 2508 καὶ
850 2456 878 2506 ὁ
908 2452 999 2507 τοῦ
1029 2452 1164 2506 Θεοῦ
1189 2450 1449 2515 τοιοῦτος,
1478 2451 1615 2520 ἔχων
1662 2451 1717 2504 δὲ
1744 2449 1866 2505 καθ’

292 2545 483 2599 ἑαυτὸν
529 2546 735 2599 οἰκείαν
784 2545 1077 2599 ὑπόστασιν
1138 2543 1278 2598 πάνυ
1325 2542 1473 2597 θείαν
1521 2544 1616 2597 καὶ
1641 2542 1868 2615 ’νοεράν,

297 2636 441 2700 ἰδίως
478 2635 578 2707 μὲν
604 2636 947 2706 ὑφεστῶσαν,
979 2636 1123 2699 ἰδίως
1149 2635 1194 2689 δ’
1221 2630 1287 2690 αὖ
1330 2635 1490 2688 πάλιν
1521 2635 1869 2707 ἐνεργοῦσαν,

293 2724 456 2785 ἀῦλόν
485 2747 547 2783 τε
579 2725 747 2783 οὖσαν
788 2729 885 2781 καὶ
926 2727 1244 2799 ἀσώματον,
1281 2728 1377 2782 καὶ
1420 2727 1561 2781 κατὰ
1600 2728 1779 2781 πάντα
1803 2731 1869 2799 τῇ

293 2820 388 2876 τοῦ
433 2820 652 2891 πρώτου
705 2820 800 2874 καὶ
847 2821 1143 2891 ἀγεννήτω
1193 2821 1288 2874 καὶ
1342 2820 1502 2890 μόνου
1541 2819 1675 2873 Θεοῦ
1716 2819 1873 2889 φύσει

296 2914 795 2987 παρωμοιωμένην,
840 2914 967 2978 τοὺς
1007 2912 1117 2967 τῶν
1163 2913 1436 2986 γεννητῶν
1485 2913 1737 2967 ἀπάντων
1782 2913 1874 2966 λό-

300 3025 459 3077 γους,
503 3009 599 3061 καλ⁸
642 3006 739 3072 τὰς
764 3006 872 3060 τῶν
900 3006 1193 3081 ὁρωμένων
1224 3007 1547 3077 ἀσωμάτους
1571 3023 1630 3059 τε
1660 3007 1754 3059 καὶ
1787 3008 1878 3060 ἀο-

303 3101 496 3173 ράτους
529 3098 672 3162 ἰδέας
702 3099 759 3151 ὲν
785 3099 920 3169 αὐτῇ
943 3098 1234 3171 φέρουσαν.
1254 3097 1344 3149 Διὸ
1364 3097 1457 3150 καὶ
1475 3097 1664 3165 σοφίαν
1686 3097 1876 3170 αὐτὴν,

305 3191 396 3244 καὶ
430 3189 568 3244 Θεὸν
605 3189 775 3257 Λόγον
818 3190 869 3241 οἰ
913 3188 1044 3242 θεῖοι
1077 3188 1314 3259 χρησμοὶ
1360 3187 1876 3260 προσαγορεύουσιν.

1954 714 2117 758 caces
2148 699 2416 763 rationes,
2446 695 2792 766 omnipotens
2846 694 2903 748 in
2949 694 3128 764 ipsum
3176 690 3477 762 coniecerit
3509 709 3525 746 :

1944 795 2122 866 230
2181 793 2384 865 quippe
2421 791 2517 863 qui
2553 789 2770 845 ratione
2815 796 2979 858 atque
3030 787 3225 842 ordine
3274 786 3529 841 universa

1958 887 2059 951 illi,
2087 893 2142 942 et
2170 882 2543 955 dispensanda
2568 889 2624 936 et
2653 879 3007 952 gubernanda
3025 877 3333 934 tradiderit.
3358 876 3532 932 Nemo

1957 979 2128 1050 igitur
2157 984 2311 1048 putet
2343 975 2617 1035 humanae,
2664 986 2788 1042 qua:
2816 985 2881 1025 ex
2918 970 3142 1040 syllabis
3190 975 3428 1032 constat,
3479 974 3535 1020 et

1959 1088 2028 1129 ex
2062 1070 2380 1127 nominibus
2405 1078 2459 1124 et
2474 1067 2661 1123 verbis
2683 1065 3055 1134 componitur,
3088 1061 3411 1125 articulatae,
3450 1067 3535 1114 at-

1960 1179 2067 1236 que
2097 1160 2421 1218 enuntiabili
2455 1157 2714 1222 orationi,
2752 1156 2848 1212 Dei
2886 1155 3115 1210 verbum
3148 1151 3327 1209 simile
3359 1167 3482 1207 esse
3515 1168 3531 1206 :

1962 1256 2222 1328 quoniam
2256 1262 2444 1310 nostra
2477 1251 2593 1307 haec
2622 1249 2800 1305 oratiu
2846 1248 2905 1303 in
2950 1246 3178 1302 vocibus
3206 1252 3260 1300 et
3288 1243 3535 1315 syllabis,

1963 1356 2018 1404 et
2051 1349 2119 1403 iis
2139 1362 2262 1417 qua:
2291 1361 2388 1416 per
2420 1345 2534 1400 haec
2562 1341 2966 1414 signiﬁcantur,
2996 1335 3255 1409 quicquid
3280 1336 3399 1406 ipsa
3429 1342 3536 1397 est,

1964 1439 2174 1495 obtinet
2203 1458 2217 1493 :
2250 1445 2462 1507 utpote,
2515 1450 2638 1506 qua:
2680 1449 2778 1504 per
2807 1432 3071 1500 linguam,
3115 1435 3171 1484 et
3199 1428 3452 1491 arterias,
3482 1433 3541 1482 et

1967 1532 2175 1596 fauces,
2212 1541 2266 1586 et
2306 1518 2391 1591 os,
2435 1527 2752 1599 proferatur
2789 1543 2803 1579 :
2836 1524 3187 1594 sempiterna:
3210 1535 3345 1576 vero
3376 1527 3542 1590 atque

1966 1627 2302 1695 incorporea:
2329 1629 2538 1675 natura:
2563 1618 2805 1674 Verbum
2835 1616 2985 1671 omni
3032 1615 3257 1669 omnino
3300 1612 3536 1674 ratione,

1966 1733 2089 1789 quae
2120 1733 2149 1771 a
2184 1716 2343 1771 nobis
2377 1711 2612 1785 proferri
2648 1711 2827 1767 solent
2864 1709 3030 1764 verba
3064 1714 3539 1778 praetergressum,

1966 1811 2104 1867 nihil
2134 1810 2386 1864 humanae
2405 1805 2637 1861 rationis
2661 1818 2772 1875 pra:
2800 1817 2859 1858 se
2892 1800 3052 1868 ferat,
3084 1799 3179 1855 sed
3210 1799 3382 1854 solam
3415 1811 3543 1851 cum

1973 1904 2214 1958 humano
2261 1899 2432 1955 verbo
2484 1910 2834 1953 communem
2888 1890 3307 1963 appellationem
3357 1888 3542 1959 possi-

1972 1993 2097 2049 deat
2138 2011 2152 2047 :
2184 1990 2403 2062 quando
2429 2004 2610 2059 neque
2636 2001 2851 2049 vocem,
2904 1997 3028 2054 qua:
3065 1996 3131 2036 ex
3184 1979 3328 2034 aeris
3378 1978 3541 2048 pulsu

1973 2090 2211 2147 constet,
2241 2097 2418 2153 neque
2444 2080 2715 2137 dictiones
2747 2076 2910 2141 ullas,
2940 2088 3117 2143 neque
3155 2071 3413 2143 syllabas,
3446 2084 3546 2124 ne-

1974 2191 2080 2245 que
2112 2174 2376 2244 linguam,
2414 2184 2593 2240 neque
2624 2183 2711 2232 os,
2758 2181 2936 2235 neque
2984 2163 3210 2218 omnino
3264 2158 3546 2232 quidpiam

1973 2263 2198 2320 humani
2249 2262 2365 2317 sive
2405 2258 2677 2324 mortalis,
2717 2256 2775 2312 iu
2823 2254 2937 2311 Deo
2980 2251 3225 2307 universi
3275 2250 3545 2319 accipere,

1974 2357 2089 2412 sive
2118 2354 2443 2424 intelligere,
2472 2350 2556 2406 ias
2584 2356 2692 2405 est.
2722 2346 2783 2403 1d
2811 2346 2958 2402 enim
2986 2345 3212 2401 verbum
3246 2345 3441 2396 animae
3461 2356 3550 2396 es-

1973 2455 2078 2512 set,
2112 2445 2257 2517 quod
2300 2443 2452 2499 nullo
2482 2439 2646 2495 modo
2676 2452 2775 2510 per
2818 2437 3060 2506 seipsum
3089 2434 3160 2488 ab
3188 2432 3366 2486 anima
3397 2445 3554 2485 seor-

1973 2552 2097 2594 sum
2127 2540 2314 2606 posset
2341 2545 2484 2595 esse,
2528 2536 2623 2583 aut
2652 2528 2976 2583 consistere.
3009 2523 3141 2578 Tale
3180 2521 3326 2577 enim
3359 2520 3555 2575 liumaa-

1973 2645 2105 2685 num
2162 2633 2247 2682 est
2290 2624 2538 2688 verbum,
2584 2619 2732 2692 quod
2783 2618 3036 2691 privatim
3069 2615 3288 2686 quidem
3318 2613 3550 2679 nullam,

1977 2737 2153 2792 neque
2196 2717 2515 2778 essentiam,
2572 2727 2749 2784 neque
2794 2709 3156 2766 substantiam
3209 2706 3392 2768 habet,
3455 2702 3553 2759 sed

1978 2822 2150 2870 totum
2185 2812 2358 2867 libera
2392 2806 2641 2879 quaedam
2672 2802 2845 2858 motio
2876 2809 2983 2864 est,
3034 2807 3091 2856 et
3140 2797 3425 2854 eﬂicientia
3454 2811 3551 2850 co-

1976 2905 2282 2980 gitationis.
2340 2901 2633 2962 Caeterum,
2668 2897 2848 2967 ipsum
2880 2892 2976 2947 Dei
3005 2891 3244 2947 Verbum
3278 2905 3388 2945 non
3421 2889 3551 2955 tale,

1979 3000 2077 3055 sed
2109 3013 2206 3068 per
2239 2996 2482 3065 seipsum
2516 2982 2725 3046 habens
2752 2987 3028 3060 propriam
3052 2984 3555 3045 substantiam,us-

1978 3103 2305 3164 quequaque
2336 3087 2578 3141 divinam
2613 3091 2776 3152 atque
2812 3080 3224 3148 intelligentem,
3273 3090 3394 3145 qua:
3442 3074 3556 3143 pri-

1977 3186 2145 3241 vatim
2188 3181 2406 3251 quidem
2452 3174 2737 3239 subsistit,
2784 3170 3145 3243 privatimque
3190 3166 3332 3221 idem
3371 3164 3553 3227 cilicit,

306 3284 569 3356 quidquid
604 3282 786 3345 eliicit,
817 3296 1006 3336 verum
1035 3282 1278 3335 materia:
1309 3282 1488 3336 omnis
1516 3292 1601 3339 est
1645 3268 1863 3355 expers,
1902 3292 1956 3340 et
1984 3284 2333 3349 incorporea,
2363 3281 2418 3328 et
2457 3270 2606 3326 omni
2664 3268 2878 3322 ratione
2906 3263 3070 3337 primi
3106 3270 3162 3319 et
3190 3260 3439 3333 ingeniti,
3494 3264 3587 3315 et.

308 3379 477 3434 solius
509 3378 604 3435 Dei
652 3382 860 3431 naturae
893 3373 1215 3438 assimilata,
1258 3390 1446 3429 earum
1501 3350 1746 3432 omnium
1815 3393 2001 3434 rerum
2062 3389 2183 3445 qua:
2224 3370 2381 3425 facta:
2451 3370 2599 3428 sunt,
2641 3361 2904 3421 rationes,
2941 3365 2996 3411 et
3048 3370 3237 3411 earum
3286 3367 3408 3424 qua:
3441 3350 3546 3407 sub

307 3473 481 3527 visum
512 3469 736 3533 cadunt,
772 3468 1123 3538 incorporeas
1151 3474 1205 3520 et
1229 3467 1533 3524 invisibiles
1563 3474 1796 3540 Species,
1850 3471 1908 3526 in
1945 3442 2126 3540 seipsa
2195 3464 2394 3519 ferens.
2442 3457 2622 3524 Quare
2656 3456 2805 3510 illam
2852 3460 2909 3508 et
2952 3449 3288 3520 Sapientiam
3347 3453 3401 3501 et
3457 3442 3552 3498 Dei

308 3566 568 3629 Verbum,
599 3562 785 3618 divina
817 3562 1038 3617 oracula
1062 3563 1359 3632 appellant.

835 3655 1231 3709 ΚΕΦΑΛΑΙΟΝ
1266 3657 1357 3722 ς’.

319 3745 413 3825 Ὠς
440 3745 542 3825 καί
590 3745 833 3825 ᾘ-σαΐας
870 3744 981 3825 δῷο
1024 3745 1288 3825 μυρίους
1335 3747 1550 3825 δμοίως
1588 3748 1668 3825 τῷ
1708 3748 1885 3825 Διξόὶδ

381 3814 679 3895 όιέολοτεῖ,
716 3816 817 3895 κᾳί
861 3816 968 3868 τὸν
991 3814 1299 3895 ,δεύτερονί
1335 3815 1697 3895 δῃμέομογόν
1731 3818 1884 3874 εἶναι

384 3883 501 3939 τῶν
532 3885 714 3949 ὅλων,
743 3883 1061 3954 ὡσπεροῦν
1092 3886 1189 3938 καί
1232 3883 1773 3957 αὐτοὶήδοξᾶζομεν.

384 3997 404 4029 ι
441 3977 646 4031 ’Δκουέ
699 3995 823 4048 μου,
865 3975 1172 4031 Ἰακὼόκαί
1207 3979 1443 4051 Ἰσραὴλ,
1462 3980 1520 4033 ὃν
1558 3979 1667 4048 ἐγὼ
1712 3981 1882 4037 καλῶ.

326 4069 464 4140 Ἐγώ
490 4071 608 4141 εἰμι
641 4068 875 4140 πρῶτος,
907 4070 1002 4123 καὶ
1030 4068 1139 4139 ὲγώ
1171 4071 1286 4140 εἰμι
1317 4070 1396 4133 εἰς
1436 4071 1527 4123 τὸν
1567 4071 1759 4136 αἰῶνα,
1790 4072 1886 4126 καὶ

313 4162 348 4233 ἡ
375 4161 499 4233 χείρ
546 4178 647 4230 μου
691 4157 1018 4230 ἐθεμελίωσε
1048 4158 1147 4231 τὴν
1191 4159 1315 4229 γῆν,
1368 4159 1461 4213 καὶ
1501 4162 1535 4231 ἡ
1583 4161 1732 4226 δεξιά
1782 4180 1885 4235 μου

313 4254 611 4326 ἑστερέωσε
649 4253 741 4307 τὸν
779 4252 1025 4324 οὐρανόν.
1085 4252 1315 4306 Καλέσω
1366 4253 1584 4319 αὐτοὺς,
1632 4256 1727 4310 καὶ
1762 4257 1889 4330 στή-

316 4362 499 4399 σονται
544 4346 682 4416 ἅμα,
715 4345 809 4399 καὶ
850 4343 1272 4416 συναχθήσονται
1312 4345 1535 4411 πάντες,
1583 4348 1679 4401 καὶ
1720 4346 1887 4402 ἀκού-

317 4457 518 4505 σονται,
553 4439 635 4502 τίς
664 4439 848 4501 αὐτοῖς
875 4437 1161 4509 ἀνήγγειλε
1191 4438 1384 4494 ταῦτα.
1422 4440 1627 4513 Κύριος
1658 4442 1892 4510 ἀγαπῶν

315 4548 395 4596 σε,
425 4532 648 4600 ἐποίησε
690 4530 751 4584 τὸ
792 4529 1003 4602 θέλημά
1047 4548 1139 4584 σου
1172 4532 1262 4584 ἐπὶ
1292 4533 1606 4599 Βαϐυλῶνα,
1635 4536 1729 4589 τοῦ
1759 4531 1890 4608 ἆραι

316 4620 537 4691 σπέρμα
564 4619 862 4673 Χαλδαίων.
912 4621 1049 4690 Ἐγὼ
1077 4620 1331 4692 ἐλάλησα,
1363 4624 1456 4677 καὶ
1497 4623 1607 4692 ἐγὼ
1632 4626 1887 4680 ἐκάλεσα.

321 4713 565 4781 Ἥγαγον
598 4712 780 4776 αὐτὸν,
812 4713 905 4766 καί
936 4712 1188 4766 εὐώδωσα
1225 4713 1320 4784 τὴν
1349 4715 1467 4769 ὁδὸν
1495 4717 1678 4771 αὐτοῦ.
1715 4718 1891 4789 Προσ-

320 4804 558 4871 ἀγάγετε
584 4802 719 4873 πρὸς
760 4802 848 4872 μὲ,
882 4804 976 4855 καὶ
1012 4801 1279 4855 ἀκούσατε
1306 4804 1496 4858 ταῦτα.
1530 4808 1643 4861 Οὐκ
1673 4807 1767 4860 ἀπ’
1793 4808 1892 4879 ἀρ-

321 4895 417 4966 χῆς
441 4897 501 4948 ἐν
540 4897 722 4965 κρυφῇ
750 4893 1039 4966 λελάληκα.
1083 4896 1275 4950 Ἡνίκα
1304 4897 1539 4965 ἐγένετο,
1581 4899 1698 4952 ἐκεῖ
1719 4902 1887 4972 ήμην.

1906 3661 1952 3723 C

2590 3634 2820 3694 CAPUT
2859 3633 2950 3689 Vl.

1985 3740 2138 3811 Quod
2174 3738 2354 3811 Isaias
2387 3732 2633 3788 similiter
2660 3740 2718 3783 ut
2744 3727 2933 3811 David',
2961 3725 3117 3787 duos,
3140 3720 3355 3805 Patrem
3383 3731 3431 3811 εξ

2053 3791 2187 3867 lium
2211 3791 2519 3877 confitetur,
2558 3811 2609 3877 et
2640 3816 2822 3877 eorum
2864 3797 3093 3851 alterum
3126 3794 3357 3877 universi
3388 3791 3559 3860 Opiﬁ-

2059 3899 2191 3944 cem,
2223 3866 2666 3949 quemadmodum
2693 3871 2796 3940 ipsi
2830 3882 3031 3939 quoque
3061 3866 3347 3919 credimus.

2061 3995 2079 4027 ι
2125 3973 2266 4028 Audi
2316 3987 2425 4035 me,
2474 3968 2664 4030 Jacob,
2718 3970 2772 4019 et
2819 3961 2990 4017 Israel
3034 3973 3197 4030 quem
3246 3972 3350 4027 ego
3395 3969 3554 4011 voco.

1985 4067 2099 4138 Ego
2148 4079 2268 4120 sum
2324 4063 2556 4133 primus,
2612 4063 2667 4111 et
2716 4068 2817 4126 ego
2873 4067 2995 4108 sum
3053 4052 3109 4105 in
3164 4055 3449 4111 aeternum,
3506 4051 3564 4102 et

2972 4184 2987 4209 ,
3062 4141 3221 4211 231
3297 4146 3353 4195 et
3425 4138 3562 4193 dex-

1989 4345 2211 4402 stabunt
2255 4339 2439 4403 simul,
2471 4343 2524 4392 et
2570 4329 3048 4403 congregabuntur
3097 4339 3324 4387 omnes,
3365 4328 3419 4376 et
3463 4335 3564 4375 au-

1988 4438 2159 4501 dient,
2204 4434 2328 4506 quis
2364 4431 2443 4486 eis
2479 4422 2826 4482 annuntiavit
2873 4419 3012 4475 haec.
3048 4416 3314 4471 Dominus
3352 4413 3447 4485 qui
3480 4411 3567 4465 di-

1989 4527 2105 4599 ligit
2134 4531 2188 4579 te
2202 4502 2237 4593 ,v
2261 4520 2388 4578 fecit
2408 4517 2741 4573 voluntatem
2770 4519 2919 4565 tuam
2956 4508 3012 4563 in
3042 4506 3347 4578 Babylone,
3377 4509 3437 4556 ut
3461 4502 3566 4555 tol-

1990 4620 2125 4674 leret
2151 4630 2335 4671 semen
2367 4608 2769 4665 Chaldaeorum.
2806 4603 2921 4675 Ego
2947 4602 3169 4656 locutus
3203 4611 3348 4660 sum,
3373 4602 3426 4650 ct
3465 4609 3567 4664 ego

1991 4710 2178 4766 vocavi
2209 4724 2227 4774 ;
2255 4706 2383 4762 duxi
2418 4719 2539 4758 eum
2562 4742 2577 4765 ,
2629 4707 2683 4756 et
2716 4695 2893 4754 direxi
2944 4694 3087 4750 viam
3118 4691 3278 4762 ejus:
3314 4688 3568 4743 adducite

1992 4803 2059 4859 ad
2090 4819 2198 4867 me,
2228 4808 2283 4857 et
2313 4799 2493 4853 audite
2526 4797 2662 4851 hazc.
2689 4792 2809 4848 Non
2843 4791 2912 4846 ab
2946 4789 3103 4843 initio
3143 4788 3197 4841 in
3242 4783 3456 4840 occulto
3486 4783 3567 4835 lo-

1991 4904 2151 4953 cutus
2192 4908 2334 4949 sum.
2367 4888 2595 4956 Quando
2626 4886 2806 4949 ﬁebat,
2839 4881 2951 4936 illic
2986 4894 3133 4935 eram
3165 4896 3178 4931 :
3214 4883 3268 4931 et
3292 4888 3439 4928 nunc
3459 4872 3568 4927 Do-

322 4965 429 5039 Καί
451 4984 548 5041 νῦν
568 4983 771 5056 Κύριος
793 4985 995 5057 Κύριος
1022 4986 1329 5042 ἀπέσταλκε
1355 5005 1444 5060 με,
1466 4990 1560 5043 καὶ
1588 4991 1648 5044 τὸ

1993 4989 2177 5044 minus
2210 4983 2472 5039 Dominus
2502 4979 2652 5035 misit
2680 4992 2786 5039 me,
2808 4982 2863 5030 et
2886 4971 3111 5042 spiritus
3139 4969 3260 5038 ejus
3287 4967 3350 5019 ³³.
3381 4985 3400 5018 ι
3422 4965 3571 5020 (3οη-

322 5076 506 5132 αύτοῦ.
543 5096 564 5130 ι
602 5077 743 5150 Ὅρα
798 5076 861 5147 δὴ
911 5079 1006 5132 καὶ
1060 5078 1156 5134 νῦν
1205 5080 1325 5133 τίνα
1370 5080 1570 5152 τρόπον
1614 5084 1642 5136 ό
1688 5084 1886 5153 φήσας,

328 5190 345 5221 ι
396 5171 536 5241 Ἑγώ
560 5172 678 5243 εἰμι
708 5172 737 5224 ό
768 5171 1003 5243 πῴπος,
1036 5173 1130 5226 καὶ⁵
1162 5173 1272 5241 ἐγὼ
1298 5175 1411 5244 εἰμι
1439 5177 1518 5238 εἰς
1562 5176 1655 5229 τὸν
1696 5175 1886 5237 αίῶνα,

322 5265 350 5315 c
390 5256 488 5336 τῆν
515 5264 619 5334 γῆν
645 5263 740 5317 καὶ
768 5264 859 5317 τὸν
879 5264 1105 5335 οὐρανὸν
1132 5265 1554 5336 συστησάμενος,
1595 5284 1616 5317 ι
1648 5267 1889 5338 ἐναργῶς

320 5353 490 5419 οὕτως
539 5354 874 5408 ἀπεστάλθαι
926 5355 1181 5426 ὁμολογεῖ
1234 5355 1338 5409 ὑπὸ
1387 5357 1596 5427 Κυρίου
1661 5357 1886 5430 Κυρίου,

322 5444 462 5499 οὕτω
492 5446 585 5500 τὸν
608 5444 831 5517 Πατέρα
876 5445 1118 5519 συνήθως
1150 5447 1230 5513 δὶς
1270 5447 1473 5520 Κύριον
1525 5449 1890 5521 ἀναγορεύων,

325 5536 398 5600 ὡς
424 5536 491 5590 ἂν
515 5537 661 5609 ἔχοις
705 5539 801 5593 καὶ
846 5539 1049 5613 ταύτην
1076 5541 1476 5612 ἀναμφίλεκτον
1513 5540 1604 5594 τοῦ
1632 5539 1895 5613 ζητουμέ-

324 5644 413 5682 νου
439 5628 536 5701 τὴν
571 5629 899 5701 μαρτυρίαν.
934 5631 1157 5702 Πρῶτον
1190 5631 1247 5684 δὲ
1292 5631 1455 5686 αὐτὸν
1495 5631 1570 5695 ὡς
1614 5632 1672 5685 ἐν
1699 5649 1892 5705 γεννη-

327 5725 433 5786 τοῖς
458 5722 701 5786 εὐσεϐῶς
728 5718 865 5776 εἶναι
890 5722 1057 5793 λέγει,
1086 5724 1184 5795 τὴν
1216 5723 1451 5795 ἄναρχον
1482 5725 1575 5778 καὶ
1603 5724 1893 5796 ἀγέννητον

393 5857 435 5890 ³³
456 5857 558 5915 lsa.
597 5872 791 5916 sum.
834 5855 1019 5913 l‘2-16.

1997 5079 2197 5145 sidera,
2224 5090 2430 5148 quaeso,
2459 5074 2571 5138 hic,
2598 5082 2836 5141 quonam
2869 5063 3029 5119 modo
3050 5061 3142 5131 qui
3172 5059 3310 5114 dixit
3338 5073 3352 5110 :
3395 5074 3414 5108 ι
3454 5055 3567 5127 Ego

1996 5189 2117 5229 sum
2148 5172 2377 5242 primus,
2402 5175 2454 5222 et
2479 5179 2580 5235 ego
2631 5176 2752 5217 sum
2784 5160 2838 5212 in
2869 5164 3154 5215 mternum,
3208 5150 3302 5221 qui
3360 5156 3566 5204 terram

1995 5275 2051 5321 et
2075 5241 2273 5320 omlum
2294 5256 2674 5320 condiditnita
2702 5253 2860 5324 plane
2885 5264 2943 5303 se
2964 5247 3191 5301 missum
3216 5257 3339 5301 esse
3366 5241 3569 5296 fatetur

1995 5372 2027 5411 a
2061 5355 2291 5409 Domino
2325 5350 2576 5405 Domino.
2630 5343 2723 5398 Sic
2751 5343 2897 5396 enim
2926 5337 3142 5392 Patrem
3169 5334 3454 5390 consuevit
3481 5331 3569 5388 bis
3654 5320 3669 5333 “

1993 5445 2284 5501 Dominum
2307 5438 2600 5512 appellare.
2630 5433 2815 5503 Itaque
2831 5431 3001 5485 babes
3025 5426 3129 5482 hoc
3161 5440 3379 5497 quoque
3408 5423 3569 5478 indu-

1992 5538 2248 5599 bitatum,
2274 5533 2342 5589 de
2374 5547 2438 5586 eo
2470 5529 2538 5583 de
2569 5541 2677 5598 quo
2703 5523 2990 5596 quzrritur,
3018 5518 3392 5575 testimonium
3448 5513 3568 5569 Pri-

1992 5644 2144 5685 mum
2174 5639 2303 5682 vero
2330 5623 2480 5679 illum
2514 5619 2601 5674 hic
2634 5618 2768 5673 dicit
2802 5631 2926 5672 esse
2961 5613 3225 5685 propheta
3253 5651 3269 5677 ,
3303 5623 3462 5680 quem
3509 5605 3567 5663 in

1945 5778 1953 5789 ,
1995 5724 2062 5779 iis
2091 5735 2211 5792 quae
2239 5718 2420 5791 genita
2450 5722 2578 5773 sunt
2616 5713 2702 5783 pic
2747 5710 2917 5766 colit:
2953 5723 3079 5764 nam
3110 5720 3232 5777 quae
3273 5703 3392 5762 sine
3416 5697 3570 5771 prin-
