4100 6430
486 312 594 372 579

1183 309 1454 367 EUSEBII
1490 301 1971 373 CESARIENSIS
1992 313 2143 371 OPP.
2178 315 2361 373 PARS
2396 318 2465 376 Π.
2502 348 2574 362 -—
2608 316 3106 376 APOLOGETICA.

3637 317 3774 374 380

488 428 634 499 cipio
656 434 761 494 est,
785 443 1016 499 qua-que
1038 429 1220 500 genita
1256 446 1366 486 non
1390 441 1496 497 est,
1525 434 1790 500 essentia,
1814 450 1935 491 eam
1979 442 2061 490 ato

2188 439 2256 493 παὶ
2282 440 2383 512 τὴν
2408 440 2549 513 ὑπὲρ
2573 440 2636 493 τὸ
2668 440 2883 511 πρῶτον
2908 440 3097 493 οὐσίαν
3127 437 3415 510 ἀπονέμων
3443 435 3521 510 τῷ
3546 436 3743 510 Πατρί

488 520 680 576 tribuit
711 518 883 574 Patri.
917 518 1161 575 Primum
1191 522 1336 577 enim
1397 523 1454 577 in
1483 524 1670 595 aliquo
1716 525 1925 598 majore
1964 542 2068 582 nu-

487 627 645 668 mero
695 612 989 677 antecedit,
1024 620 1079 668 et
1114 613 1322 669 honore
1372 622 1536 686 atque
1583 616 1776 673 ordine
1830 618 2075 690 praaponi

491 704 670 760 solet:
700 703 846 773 quod
901 704 1117 773 quidem
1170 707 1487 775 neutiquam
1539 705 1688 762 Patri
1727 710 2065 764 conveniat:

490 809 603 850 non
647 795 792 849 enim
840 809 1030 850 eorum
1076 811 1199 865 qua:
1236 797 1418 867 genita
1450 805 1579 852 sunt
1625 799 1835 869 primus
1869 807 1952 855 est
1982 815 2077 854 su-

491 901 715 958 premus
746 885 916 952 Deus,
953 886 1211 956 quoniam
1247 904 1314 943 ne
1336 889 1660 961 principium
1690 891 1907 961 quidem
1928 891 2075 947 illius

492 977 665 1032 ullum
699 977 997 1048 excogitari
1032 985 1232 1048 potest,
1272 979 1368 1034 sed
1397 988 1483 1035 est
1518 981 1662 1036 ultra
1689 981 1950 1052 primum,
1977 991 2070 1036 ut-

492 1074 620 1135 pote
672 1066 767 1136 qui
825 1066 1060 1136 primum
1106 1067 1222 1137 ipse
1268 1069 1549 1138 genuerit,
1588 1078 1754 1141 atque
1810 1078 1871 1125 ut
1904 1079 2068 1138 esset,

492 1157 684 1213 fecerit
723 1175 738 1212 :
777 1157 1214 1229 quandoquidem
1262 1159 1438 1214 solum
1494 1160 1742 1216 divinum
1790 1159 2069 1227 Verbum,

492 1253 739 1307 omnium
770 1267 960 1308 eorum
984 1267 1106 1323 quae
1134 1252 1317 1324 genita
1343 1262 1491 1321 sunt,
1514 1254 1749 1326 primum
1774 1253 1898 1324 jure
1928 1270 2073 1310 nun~

2175 531 2249 585 Τὸ
2288 532 2398 603 γάρ
2420 549 2503 585 τοι
2546 530 2760 604 πρῶτον
2792 528 3024 603 ἀριθμοῦ
3060 528 3303 592 πλείονος
3336 529 3569 600 ἡγεῖται,
3609 528 3769 598 τιμῇ

2171 623 2269 677 καὶ
2298 623 2447 688 τάξει
2478 622 2915 695 προτεταγμένον
2938 639 2952 652 ·
2988 624 3126 693 ὅπερ
3154 620 3255 673 οὐκ
3286 619 3352 675 ἂν
3383 619 3477 673 ἐπὶ
3506 619 3602 674 τοῦ
3629 620 3770 673 Πα-

2170 715 2301 788 τρὸς
2328 716 2617 786 ἁρμόσειεν
2641 732 2655 745 ’
2687 715 2748 768 οὐ
2797 713 2907 785 γὰρ
2933 714 2997 784 δὴ
3030 711 3306 783 γεννητῶν
3343 710 3559 782 πρῶτος
3595 712 3626 765 ὁ
3652 707 3777 764 ἐπὶ

2173 806 2391 859 πάντων
2418 804 2573 869 Θεὸς,
2603 806 2726 858 ἐπεὶ
2761 805 2884 876 μηδ’
2927 805 3068 875 ἀρχή
3109 821 3196 868 τις
3228 804 3519 857 ἐπινοεῖται
3545 799 3725 855 αὐτοῦ
3748 813 3770 831 ⁸

2172 898 2428 952 ἐπέκεινα
2459 897 2503 950 δ’
2530 898 2596 952 ἂν
2628 897 2711 968 εἴη
2741 896 2835 949 καὶ
2863 894 3122 949 ἀνωτάτω
3160 893 3253 948 τοῦ
3283 894 3519 966 πρώτου,
3559 893 3655 946 ἅτε
3690 890 3773 961 δὴ

2173 985 2337 1052 αὐτὸς
2366 988 2461 1041 καὶ
2490 987 2552 1040 τὸ
2584 985 2799 1056 πρῶτον
2845 986 3114 1056 γεννήσας
3143 985 3238 1038 καὶ
3284 984 3771 1055 ὑποστησάμενος.

2175 1077 2338 1148 μόνου
2382 1075 2477 1131 τοῦ
2522 1075 2670 1130 θείου
2698 1075 2872 1143 Λόγου
2907 1073 3124 1126 πάντων
3153 1072 3258 1126 τῶν
3283 1071 3490 1141 θνητῶν
3533 1069 3775 1142 πρώτου

2171 1167 2621 1241 χρηματίζοντος·
2656 1166 2994 1238 Ζητουμένου
3019 1165 3077 1218 δὲ
3100 1165 3230 1237 ἄρα,
3253 1163 3394 1218 κατὰ
3419 1163 3500 1228 τὸ,
3533 1183 3553 1214 ι
3581 1161 3779 1224 Αὐτὸς

2173 1255 2319 1323 εἶπε,
2349 1259 2443 1313 καὶ
2488 1258 2858 1330 ἐγενήθησαν·
2901 1257 3065 1320 αὐτὸς
3109 1254 3430 1318 ἐνετείλατο,
3472 1252 3566 1307 καὶ
3608 1250 3777 1305 ἐκτι-

492 1358 750 1419 cupatur.
787 1348 920 1403 Cum
948 1364 1080 1418 ergo
1108 1356 1444 1420 quzereretur
1492 1349 1550 1404 in
1580 1349 1695 1415 illo,
1728 1369 1748 1403 ι
1787 1348 1906 1420 Ipse
1931 1349 2072 1405 dixit

2188 1352 2402 1424 τθησαν,
2453 1370 2473 1405 ι
2523 1351 2631 1406 τίνι
2677 1350 2777 1423 τὴν
2821 1348 2928 1404 τῶν
2974 1346 3248 1419 γεννητῶν
3296 1345 3608 1400 ἐντέταλται
3656 1343 3780 1416 δη-

494 1450 549 1496 et
584 1438 729 1493 facta
777 1446 926 1504 sunt,
962 1439 1078 1510 ipse
1122 1440 1401 1495 mandavit
1441 1448 1497 1497 et
1547 1448 1730 1498 creata
1771 1449 1902 1499 sunt
1931 1442 2004 1508 δ’,
2047 1460 2068 1495 ι

2188 1444 2487 1518 μιουργίαν,
2514 1443 2609 1498 νῦν
2636 1441 2824 1514 σαφῶς
2848 1440 3243 1504 ἀποδέδεικται,
3273 1441 3355 1494 ὅτι
3384 1437 3463 1509 τῷ
3492 1439 3775 1509 φήσαντιο

498 1529 716 1584 cuinam
759 1530 1116 1584 creandarum
1150 1544 1335 1585 rerum
1387 1530 1733 1587 mandaverit
1772 1532 2073 1603 opificium,

2188 1553 2201 1588 ι
2248 1535 2315 1588 Ἦ
2343 1535 2465 1607 χείρ
2503 1552 2603 1607 μου
2631 1532 2961 1605 ἐθεμελίωσε
2991 1532 3090 1603 τὴν
3122 1531 3250 1602 γῆν,
3277 1530 3374 1584 καὶ
3396 1530 3432 1601 ἡ
3471 1527 3621 1593 δεξιά
3654 1543 3779 1598 μου

498 1636 648 1676 nunc
680 1621 966 1691 perspicue
998 1621 1427 1678 demonstratum
1470 1629 1589 1690 est,
1638 1622 1786 1694 quod
1825 1624 2078 1680 videlicet

2188 1625 2479 1700 ἐστερέωσε
2508 1627 2601 1681 τὸν
2631 1626 2860 1699 οῦρανόν
2878 1642 2894 1659 ο
2932 1644 2952 1678 ι
2996 1624 3057 1688 ὸς
3098 1623 3193 1678 καὶ
3220 1623 3358 1695 πρὸς
3388 1620 3483 1676 τοῦ
3519 1621 3785 1694 κρείττο-

498 1716 549 1769 ei
581 1714 671 1785 qui
704 1713 843 1769 dixit
883 1733 897 1769 :
950 1734 970 1766 ι
1008 1712 1200 1771 Manus
1262 1729 1382 1769 mea
1438 1712 1689 1771 fundavit
1738 1725 1939 1771 terram
1964 1755 1981 1780 ,
2021 1724 2077 1771 et

2188 1735 2271 1784 νος
2295 1718 2633 1773 ἀπεστάλθαι
2673 1718 2926 1790 ὁμολογεί
2969 1716 3175 1787 λέγων·
3211 1736 3229 1769 ι
3266 1715 3383 1770 Νῦν
3414 1714 3619 1787 Κύριος
3645 1712 3781 1769 Κύ-

498 1783 688 1860 dextra
724 1820 842 1861 mea
873 1805 1231 1862 consolidavit
1260 1805 1457 1861 omium
1487 1826 1505 1859 ι
1526 1807 1619 1877 qui
1656 1807 1819 1862 etiam
1850 1822 1910 1864 se
1929 1804 2080 1861 aPa-

2188 1825 2299 1882 ριος
2337 1808 2647 1863 ἀπέσταλκε
2684 1783 2772 1880 με,
2814 1783 2910 1861 καὶ
2944 1807 3005 1861 τὸ
3043 1783 3271 1876 Ἶπνεῦμα
3298 1783 3544 1858 αὐτοῦ.)
3581 1800 3685 1873 Εῐη
3724 1800 3781 1853 δ’

500 1907 587 1953 tre
616 1897 842 1954 missum
884 1912 1008 1953 esse
1039 1895 1328 1952 conﬁtetur
1359 1897 1452 1951 ubi
1505 1897 1615 1951 ait:
1652 1915 1671 1948 ι
1708 1895 1866 1951 Nunc
1895 1894 2080 1951 Domi-

501 2003 608 2044 nus
649 1987 907 2043 Dominus
941 1987 1090 2042 misit
1119 2002 1227 2052 me,
1253 1994 1307 2041 et
1336 1987 1564 2059 spiritus
1599 1987 1741 2055 ejus.
1780 2005 1799 2040 ι
1838 1985 1953 2039 Erit
1983 2000 2081 2039 au-

502 2087 612 2134 tem
646 2078 785 2133 Deus
821 2077 1052 2134 Verbum
1093 2079 1187 2148 qui
1230 2078 1345 2133 huic
1394 2078 1562 2141 dicat,
1594 2096 1614 2130 ι
1651 2077 1871 2149 quando
1901 2074 2081 2133 Verbo

504 2169 720 2223 Domini
750 2169 873 2223 coeli
909 2168 1107 2223 ﬁrmati
1136 2174 1285 2233 sunt,
1315 2186 1334 2220 ι
1353 2183 1422 2223 ει
1448 2183 1514 2224 eo
1541 2168 1743 2224 Psalmi
1772 2168 1891 2221 loco
1915 2181 2077 2238 quem

502 2276 672 2331 supra
713 2261 1107 2331 opposuimus:
1149 2260 1245 2317 sed
1278 2261 1422 2317 enim
1470 2276 1594 2316 cum
1643 2261 1822 2331 ipsum
1855 2275 2075 2332 quoque

504 2348 602 2404 Dei
636 2348 873 2405 Verbum
895 2390 909 2414 ,
951 2349 1166 2406 Domini
1189 2352 1546 2421 appellatione
1577 2362 1635 2406 ut
1664 2350 1807 2406 Deus
1831 2352 2079 2407 celebre-

504 2450 619 2506 tur,
652 2450 832 2498 tamen
876 2443 1055 2513 ipsum
1099 2450 1309 2515 patrem
1337 2442 1623 2498 Dominum
1644 2483 1660 2508 ,
1695 2444 1931 2498 maxima
1960 2459 2085 2497 cum

504 2536 809 2589 reverentia
838 2549 903 2589 ac
941 2536 1141 2605 pietate
1173 2534 1260 2592 bis
1291 2534 1581 2591 Dominum
1611 2536 1883 2606 appellat,
1933 2543 1996 2591 ut
2027 2536 2085 2591 in

503 2641 574 2681 eo
609 2626 923 2681 diversitate
944 2626 1183 2682 nominis
1213 2633 1418 2681 utatur.
1458 2644 1478 2678 ι
1513 2624 1670 2681 Νιιιιο
1704 2644 1725 2677 ι
1758 2626 1940 2692 enim,
1990 2625 2082 2680 ino-

506 2716 649 2786 quit,
685 2735 704 2768 ι
737 2716 1001 2773 Dominus
1050 2716 1317 2775 Dominus
1352 2719 1500 2775 misit
1528 2734 1614 2772 me
1636 2757 1652 2783 ,
1692 2736 1712 2770 ι
1745 2724 1934 2788 utpote
1961 2733 2088 2773 cum

508 2806 672 2863 Pater
694 2816 748 2864 et
770 2808 911 2865 Deus
938 2811 1029 2875 sit,
1061 2818 1115 2865 et
1147 2821 1254 2865 tam
1284 2811 1371 2866 sui
1407 2809 1674 2881 uuigeniti
1712 2807 1895 2875 Verbi,
1921 2823 2087 2879 quam

508 2916 699 2955 eorum
721 2903 986 2965 omnium,
1009 2901 1169 2972 232
1192 2918 1312 2973 quae
1336 2903 1428 2957 illo
1453 2902 1726 2972 posterius
1756 2899 1898 2956 facta
1929 2908 2082 2969 sunt,

508 3002 741 3056 quorum
772 3002 893 3041 cum
922 2990 1239 3058 potestatem
1270 3005 1333 3044 ac
1355 2989 1653 3045 dominium
1678 3005 1709 3043 a
1731 2988 1892 3046 Patre
1912 2990 2089 3060 ipsum

509 3076 606 3133 Dei
633 3076 871 3134 Verbum
913 3081 1223 3150 acceperit,
1278 3089 1539 3153 tanquam
1580 3082 1649 3146 is,
1675 3084 1769 3154 qui
1800 3095 1857 3139 et
1910 3084 2091 3156 legiti-

2181 1902 2248 1957 ἂν
2280 1904 2309 1957 ὁ
2356 1902 2488 1965 Θεὸς
2536 1901 2709 1970 Λόγος
2753 1900 2849 1954 καὶ
2891 1897 3065 1953 ταῦτα
3112 1898 3358 1968 φάσκων,
3399 1914 3421 1949 ι
3456 1895 3641 1965 ἐπειδὴ
3688 1892 3788 1964 τῷ

2181 1995 2342 2065 Λόγῳ
2378 1993 2586 2064 Κυρίου
2623 1994 2671 2045 oi
2703 1991 2923 2063 οὐρανοὶ
2954 1987 3387 2058 ἐστερεώθησαν,
3429 2005 3449 2039 ι
3485 1985 3628 2040 κατά
3664 1983 3787 2057 τὴν

2182 2085 2292 2139 ἀπὸ
2315 2084 2408 2138 τοῦ
2434 2082 2649 2153 ψαλμοῦ
2683 2081 3006 2153 παράθεσιν.
3043 2079 3191 2151 Πλὴν
3219 2078 3375 2144 ἀλλά,
3399 2079 3449 2132 εἰ
3483 2078 3577 2132 καὶ
3603 2076 3788 2141 αὐτὸς

2184 2178 2213 2229 ὁ
2245 2174 2340 2230 τοῦ
2373 2174 2508 2229 Θεοῦ
2539 2173 2710 2243 Λόγος
2752 2175 2819 2243 τῇ
2863 2173 3081 2239 Κύριος
3117 2167 3448 2238 θεολογεῖται
3495 2181 3787 2238 προσηγο-

2189 2267 2300 2338 ρίᾳ,
2333 2266 2482 2336 ὅμως
2509 2264 2598 2317 τὸν
2623 2262 2884 2317 ἀνωτάτω
2910 2261 3004 2315 καὶ
3029 2259 3314 2331 κρείττονα
3346 2255 3564 2328 Πατέρα
3596 2253 3783 2309 αὐτοῦ

2186 2358 2282 2411 καὶ
2317 2355 2522 2427 Κύριον
2552 2350 2611 2409 εὖ
2646 2353 2792 2426 μάλα
2821 2351 3060 2415 εὐσεῦῶς
3096 2351 3178 2414 δὶς
3206 2349 3409 2421 Κύριον
3440 2347 3603 2401 αὐτὸν
3637 2348 3786 2401 ἀνα·-

2186 2448 2360 2512 καλεῖ,
2377 2446 2454 2518 τῷ
2480 2446 2719 2518 διαφόρῳ
2742 2443 3024 2518 χρώμενος
3038 2443 3123 2495 ἐπ’
3141 2440 3305 2496 αὑτοῦ
3334 2439 3577 2510 ὀνόματι.
3601 2455 3620 2489 ι
3656 2437 3782 2490 Καὶ

2187 2538 2282 2593 νῦν
2309 2558 2328 2591 ι
2348 2539 2477 2609 γὰρ,
2493 2538 2646 2609 φησι,
2685 2556 2704 2588 ι
2727 2535 2931 2606 Κύριος
2952 2532 3154 2605 Κύριος
3181 2528 3487 2585 ἀπέσταλκὲ
3507 2544 3596 2598 με,
3620 2546 3640 2579 ι
3668 2526 3787 2579 ὡσ-

2190 2628 2255 2683 ὰν
2285 2630 2489 2700 κυρίως
2522 2629 2675 2691 ὄντος
2705 2626 2798 2681 τοῦ
2833 2627 2926 2679 ἐπὶ
2959 2625 3175 2678 πάντων
3219 2620 3353 2675 Θεοῦ
3387 2617 3626 2691 πρώτου,
3674 2614 3785 2669 καὶ

2189 2717 2403 2788 ἀληθῶς
2434 2717 2639 2789 Κυρίου
2684 2714 2851 2768 αὐτοῦ
2881 2730 2943 2767 τε
2971 2712 3065 2766 τοῦ
3111 2708 3434 2782 μονογενοῦς
3468 2704 3633 2759 αὐτοῦ
3663 2704 3783 2758 Λό-

2189 2827 2308 2880 γου,
2342 2810 2437 2863 καὶ
2462 2810 2570 2861 τῶν
2606 2810 2723 2879 μετ’
2750 2808 2912 2862 αὑτὸν
2940 2803 3211 2875 γεννητῶν
3241 2800 3513 2867 ἁπάντων,
3542 2796 3663 2852 καθ’
3692 2790 3783 2851 ὧν

2190 2902 2458 2975 δευτέρως
2488 2902 2589 2973 τὴν
2618 2900 2814 2971 κυρίαν
2848 2899 2942 2953 καὶ
2972 2893 3287 2950 δεσποτείαν
3329 2892 3478 2965 παρά
3514 2891 3608 2945 τοῦ
3653 2891 3777 2945 Πα-

2189 2995 2319 3067 τρὸς
2354 2996 2384 3047 ὁ
2415 2992 2508 3048 τοῦ
2547 2991 2683 3046 Θεοῦ
2727 2991 2898 3057 Λόγος
2947 2987 3364 3059 ἀναδεξάμενος,
3413 2981 3503 3040 οἷα
3547 2987 3779 3056 γνήσιος

2195 3089 2322 3151 Υἱὸς
2346 3086 2438 3140 καὶ
2479 3084 2793 3156 μονογενὴς,
2829 3080 3080 3157 δεύτερος
3119 3078 3344 3143 εἰκότως
3378 3077 3470 3132 κα.)⁵
3502 3077 3666 3142 αὐτὸς
3702 3075 3782 3133 ἂν

466 3245 481 3265 .
510 3185 656 3236 mus,
686 3179 739 3224 et
770 3172 964 3226 unicus
992 3170 1162 3229 Filius
1192 3176 1285 3238 sit,
1320 3177 1514 3231 merito
1546 3177 1709 3232 etiam
1734 3178 1851 3247 ipse
1884 3178 1953 3232 ab
1995 3177 2085 3243 iis,

2193 3149 2431 3242 εὐσεϐῶς
2456 3149 2785 3249 ίρηματίξοι
2821 3149 3046 3245 Κύριος.

512 3260 606 3329 qui
636 3268 690 3314 et
724 3261 810 3331 pic
840 3268 894 3316 et
928 3262 1181 3334 religiose
1203 3264 1384 3320 colere
1412 3264 1582 3322 Deum
1610 3268 1820 3334 volunt,
1851 3268 2095 3339 appella-

512 3349 663 3406 bitur
691 3351 979 3410 Dominus.

1114 3468 1344 3525 CAPUT
1385 3468 1496 3526 Vll.

498 3580 558 3635 Ἀ
599 3580 805 3638 Genesi.
837 3611 907 3622 —
936 3580 1089 3646 Quod
1116 3583 1274 3637 etiam
1318 3586 1585 3640 maximus
1631 3585 1727 3640 Dei
1765 3604 1943 3642 servus
1975 3586 2096 3643 Μο-

587 3670 698 3727 ses,
769 3653 824 3706 in
894 3652 1077 3727 mundi
1118 3653 1507 3727 fabricatione,
1577 3658 1815 3727 cognovit
1870 3660 2089 3714 Patrem

589 3721 857 3791 Deumque
898 3721 1149 3785 universi,
1181 3740 1300 3778 cum
1328 3724 1499 3779 altera
1521 3721 1992 3783 communicantem
2025 3728 2090 3784 de

589 3791 813 3864 hominis
833 3792 1075 3864 cpi/icio,
1119 3793 1214 3848 hoc
1252 3810 1410 3864 porro
1439 3796 1675 3851 divinum
1717 3815 1829 3854 esse
1871 3798 2096 3854 Verbum
2156 3820 2157 3827 η

592 3872 714 3916 ante
750 3861 1050 3917 didicimus.

595 4060 615 4093 ι
653 4041 721 4096 Ει
748 4042 887 4098 dixit
917 4043 1059 4101 Deus
1083 4043 1690 4102 :Faciamusbo‘minem
1714 4044 1782 4100 ad
1802 4045 2095 4118 imaginem

518 4151 586 4191 ac
617 4136 1028 4192 similitudinem
1041 4144 1288 4193 nostram
1301 4136 1369 4203 ⁸⁸,
1402 4156 1422 4191 ι
1457 4146 1514 4192 et
1542 4153 1738 4194 rursus
1772 4156 1785 4192 :
1816 4157 1834 4190 ι
1858 4136 1925 4193 Et
1950 4139 2093 4194 dixit

520 4225 687 4295 Deus,
713 4243 821 4283 non
860 4235 944 4284 est
971 4228 1176 4285 bonum
1204 4244 1327 4285 esse
1358 4227 1631 4284 hominem
1678 4229 1854 4284 solum
1875 4269 1891 4293 ,
1928 4228 2097 4284 facia-

519 4335 643 4375 mus
673 4319 750 4373 illi
779 4320 1105 4391 adjutorium
1124 4318 1424 4377 secundum
1448 4320 1627 4390 ipsum
1648 4319 1713 4375 δ’.
1727 4319 1833 4375 »Αο
1856 4335 1926 4376 ne
1944 4321 2091 4393 quis-

520 4411 665 4482 piam
698 4412 1005 4482 suspicetur
1030 4412 1147 4467 baac
1176 4411 1246 4466 ad
1280 4411 1519 4484 Angelos
1559 4411 1706 4466 dicta
1748 4410 1941 4480 fuisse,
1972 4426 2098 4467 con-

2714 3465 3110 3519 ΚΕΦΑΛΑΙΟΝ
3159 3465 3233 3537 Ζυτ

2206 3585 2348 3642 Ἀπὸ
2380 3583 2492 3653 τῆς
2532 3583 2857 3653 Γενέσεως.
2887 3610 2958 3653 —_-
2993 3579 3084 3653 ᾨς
3131 3575 3231 3653 καὶ
3270 3578 3303 3630 ό
3344 3575 3628 3653 μέγιστος
3665 3571 3781 3653 ξοῦ

2267 3639 2412 3710 Θεοῦ
2439 3639 2724 3722 ’θεράπων
2757 3639 2981 3718 Μωσῆς
3026 3639 3098 3702 ei»
3138 3645 3216 3770 ei
3252 3639 3608 3715 κοὰμοποιίᾳ
3646 3639 3782 3697 οἶδε

2269 3724 2496 3770 nua-Ana
2522 3723 2622 3770 καὶ
2658 3721 2807 3770 Θεὸν
2827 3718 2948 3770 τῶν
2972 3718 3151 3770 ὅλων.
3218 3714 3364 3770 τέοω
3385 3714 3780 3770 κοινολογού-

2264 3724 2496 3794 Πατέρα
2513 3714 2807 3794 καὶ-,Θεὸν
2817 3714 2948 3794 fdi?
2972 3718 3151 3794 ἥλων,
3182 3714 3780 3794 ἐτέρφίκοινολογοᾷ-

2260 3783 2448 3866 μενοὲ
2489 3794 2590 3848 ἐπὶ
2621 3783 2697 3860 ἦ
2738 3790 2844 3846 τοῦ
2891 3784 3205 3856 ἀνθρώπου
3237 3783 3585 3856 δήμιουρτιᾳ
3609 3800 3621 3812 ·
3667 3783 3781 3836 τὸν

2265 3866 2428 3921 θεῖον⁵
2475 3862 2545 3918 δὲ
2593 3865 2788 3933 Λόγον
2841 3858 3060 3914 τοῦτον
3107 3854 3260 3912 εἶναι
3315 3851 3777 3927 προμεμαθήκα-

2259 3954 2398 4008 μεν.

2272 4069 2292 4104 ι
2331 4050 2444 4104 Καὶ
2487 4042 2643 4102 εἶπεν
2671 4046 2702 4100 ό
2748 4044 2881 4108 Θεός
2902 4061 2920 4075 ο
2970 4043 3293 4115 Ποιήσωμεν
3336 4039 3620 4110 ἄνθρωπον
3652 4041 3776 4094 κατ’

2197 4140 2665 4213 είκόναήμετέραν
2691 4138 2784 4193 καὶ
2809 4136 2928 4190 καθ’
2954 4133 3232 4206 ὁμοίωσιν-
3255 4132 3390 4187 ικαὶ
3417 4127 3572 4195 αὖθις
3590 4148 3635 4183 ἰ
3659 4132 3778 4186 Καὶ

2198 4228 2348 4289 εἶπεν
2390 4232 2420 4283 ὁ
2454 4229 2593 4293 Θεός
2611 4245 2625 4259 ο
2663 4228 2739 4281 Οὐ
2792 4225 2956 4279 καλὸν
3018 4220 3157 4278 εἶναι
3199 4223 3292 4276 τὸν
3335 4222 3618 4294 ἄνθρωπον
3675 4223 3778 4292 μό-

2198 4341 2308 4390 νον,
2341 4322 2654 4393 ποιήσωμεν
2684 4316 2832 4388 αὑτῷ
2876 4315 3067 4387 βοηθὸν
3109 4315 3232 4370 κατ’
3277 4314 3458 4369 αὐτόν.
3488 4332 3508 4366 ι
3545 4315 3655 4368 Καὶ
3687 4315 3779 4368 ἴνα

2198 4431 2263 4484 γε
2291 4414 2365 4485 μή
2409 4429 2493 4477 τις
2526 4410 2662 4483 πρὸς
2710 4406 2974 4477 ἀγγέλους
3014 4405 3188 4460 ταῦτα
3217 4405 3467 4478 εἰρῆσθαι
3508 4404 3775 4476 νομίσειε,

519 4501 675 4556 tinuo
701 4501 944 4557 declarat
967 4516 1093 4557 eum
1118 4501 1207 4556 cui
1232 4501 1559 4573 imperatum
1585 4502 1677 4568 sit,
1702 4518 1815 4557 non
1845 4518 1970 4560 esse
1999 4518 2086 4557 an-

2199 4502 2540 4577 παραχρῆμα
2586 4499 2737 4573 δηλοῖ
2779 4498 2871 4554 τὸν
2919 4496 3347 4568 κεκελευσμένον
3397 4497 3497 4551 οὐκ
3546 4496 3778 4566 ἄγγελον

520 4593 699 4664 gelum
730 4592 862 4656 Dei,
906 4592 1094 4649 dicens
1130 4613 1143 4648 :
1186 4611 1205 4645 ι
1230 4591 1299 4647 Ει
1327 4593 1457 4650 fecit
1487 4594 1631 4652 Deus
1669 4594 1969 4663 hominem.
2025 4593 2099 4650 ad

520 4685 808 4758 imaginem
832 4684 927 4742 Dei
956 4685 1082 4742 fecit
1106 4686 1280 4741 illum.
1309 4686 1359 4719 "
1398 4705 1419 4740 ι

1090 4801 1320 4881 CAPUT
1359 4800 1496 4856 vm.

521 4910 834 4986 Ab_eadem.
879 4943 949 4953 —
979 4913 1404 4986 ’ρυοᾴμᾳιιὶἀεηι
1440 4911 1612 4986 Moses
1668 4913 2103 4986 bisrplanisaimc

595 4980 899 5107 gzngnrm,
942 4984 1054 5039 sine
1085 4980 1225 5040 ullis
1263 4983 1545 5039 involucris
1571 5023 1587 5048 ,
1640 4980 1921 5056 theologica
1952 5001 2095 5038 com-

679 5070 710 5105 n
751 5070 785 5106 a
813 5094 827 5108 .
1758 5086 1765 5097 .

602 5163 621 5195 ι
661 5141 755 5199 Sol
781 5152 936 5202 ortus
959 5152 1044 5202 est
1071 5162 1235 5218 super
1268 5156 1469 5204 terram
1494 5190 1510 5217 ,
1552 5157 1609 5204 et
1658 5147 1759 5204 Lot
1816 5147 2101 5220 ingressus

521 5243 608 5291 est
636 5236 691 5290 in
720 5234 912 5308 Segor,
938 5246 992 5294 et
1022 5239 1159 5310 pluit
1204 5240 1470 5298 Dominus
1501 5257 1665 5313 super
1702 5240 1936 5297 Sodoma
1982 5242 2096 5298 sul-

524 5327 614 5383 fur
638 5335 693 5383 et
741 5329 916 5399 ignem
952 5345 983 5384 a
1023 5330 1255 5388 Domino
1289 5332 1355 5390 “.
1396 5353 1416 5386 ι
1450 5332 1620 5390 Plane
1672 5333 1759 5391 bis
1805 5333 2096 5389 Dominum

522 5416 795 5481 nominat,
820 5423 875 5472 et
912 5416 1040 5473 huic
1072 5418 1232 5477 doc’et
1260 5422 1329 5478 ab
1363 5423 1455 5479 illo
1483 5424 1801 5481 mandatum
1836 5440 1989 5491 esse,
2036 5432 2098 5479 ut

526 5510 724 5581 impios
757 5510 941 5566 debito
974 5512 1243 5582 supplicio
1288 5514 1484 5571 alliciat
1518 5536 1531 5571 :
1574 5518 1774 5573 etenim
1810 5517 1933 5572 licet
1984 5531 2094 5571 non

526 5604 697 5659 semel
730 5603 1016 5660 Dominum
1045 5614 1231 5674 aperte
1260 5608 1539 5676 dicamus,
1575 5626 1684 5666 non
1713 5618 1895 5665 tamen
1927 5610 2093 5665 simili

2194 4596 2326 4651 ὄντα
2357 4593 2514 4660 Θεοῦ,
2545 4592 2739 4661 λέγων’
2768 4610 2787 4643 ι
2808 4591 2920 4644 Καὶ
2942 4589 3197 4662 ἐποίησεν
3228 4592 3257 4644 ὁ
3285 4590 3419 4654 Θεὸς
3446 4592 3538 4645 τὸν
3561 4590 3775 4662 ἄνθρω-

2196 4706 2295 4744 πον
2321 4704 2337 4720 ο
2381 4685 2499 4765 κατ’
2529 4684 2715 4741 εἰκόνα
2740 4681 2876 4739 Θεοῦ
2900 4683 3154 4754 ἐποίησεν
3172 4682 3355 4737 αὐτόν.
3396 4700 3417 4735 ι

2722 4797 3115 4855 ΚΕΦΑΛΔΙΟΝ
3157 4799 3243 4852 H’.

2213 4914 2348 4971 Ἀπὸ
2375 4912 2485 4983 τῆς
2507 4911 2727 4981 αὐτῆς,
2746 4942 2811 4952 ο-
2844 4912 2943 4977 Ὧς
2969 4914 3003 4965 ό
3044 4910 3227 4983 αὐτὸς
3261 4909 3488 4979 Μωσῆς
3523 4912 3634 4966 δύο
3660 4926 3771 4983 σω-

2271 4981 2563 5055 φέσταταί
2583 4983 2844 5052 Κυρίους
2888 4982 3383 5048 ἁνεπικαλύπτως
3415 4981 3701 5051 θεολοτεῖ.

2278 5160 2299 5196 ι
2339 5141 2397 5196 '0
2434 5140 2585 5213 ἥλιος
2613 5138 2884 5196 ἀνέτειλεν
2911 5138 3005 5193 ἐπὶ
3032 5137 3132 5210 τὴν
3161 5137 3287 5209 γῆν,
3318 5138 3415 5192 καὶ
3441 5137 3567 5192 Λὼτ
3596 5137 3779 5210 εισῆλ-

2201 5235 2292 5290 θεν
2338 5236 2417 5298 εἰς
2439 5230 2654 5304 Σηγὼρ,
2690 5230 2784 5284 καὶ
2805 5228 2993 5302 ἔϐρεξε
3030 5228 3236 5301 Κύριος
3277 5229 3370 5282 ἐπὶ
3397 5228 3604 5300 Σόδομα
3633 5227 3778 5283 θεῖον

2202 5327 2428 5400 καὶπῦρ
2450 5325 2602 5397 παρὰ
2622 5323 2848 5395 Κυρίου.
2882 5341 2901 5374 ι
2938 5321 3131 5391 Σαφῶς
3158 5321 3409 5395 δεύτερον
3431 5320 3777 5394 ἀναγορεύει,

2201 5424 2259 5478 ὃν
2286 5425 2379 5477 καὶ
2414 5421 2654 5476 διδάσκει
2682 5416 2831 5489 παρὰ
2872 5413 2966 5469 τοῦ
2999 5414 3242 5486 μείζονος
3284 5415 3652 5487 ὲπιτρατίντα
3678 5415 3778 5486 τὴν

2204 5515 2344 5570 κατά
2369 5514 2477 5569 τῶν
2522 5510 2734 5567 ἀσεϐῶν
2777 5505 3104 5579 ποιήσασθαι
3148 5508 3438 5579 τιμωρίαν.
3478 5508 3624 5580 Πλὴν
3663 5504 3778 5561 ἀλλ’

2203 5612 2249 5663 εἰ
2274 5610 2366 5663 καὶ
2393 5607 2485 5661 δύο
2509 5606 2745 5677 Κυρίους
2770 5599 3218 5663 ἀνεπικαλύπτως
3249 5599 3637 5672 ὁμολογοῦμεν,
3663 5598 3781 5654 ἀλλ’

595 5760 641 5792 ⁵⁸
669 5759 814 5818 Psal.
840 5777 1008 5831 XXXII,
1048 5762 1100 5819 9.
1178 5763 1219 5796 ὀί
1252 5763 1385 5820 Gen.
1420 5779 1460 5831 ι,
1489 5763 1578 5820 26.
1655 5766 1699 5797 δ’
1728 5765 1862 5821 ch.
1894 5780 1957 5832 ιι,
1991 5764 2056 5820 18

2188 5760 2361 5819 'Gcn.
2395 5778 2433 5828 ι,
2470 5760 2557 5815 ει.
2620 5758 2663 5813 vs
2695 5758 2828 5814 (ἐτη.
2862 5772 2973 5823 ιιι,
3004 5736 3189 5822 25,24.
