4100 6430
294 336 402 392 38!

1237 329 1886 388 DEMONSTBATIONIS
1922 326 2401 386 EVANGELICIE.
2442 325 2570 381 LIB.
2616 325 2678 382 ν.

3434 322 3542 379 382

286 452 351 505 οὐ
388 450 483 504 καὶ
519 450 639 514 ταῖς
677 448 890 519 ὁμοίαις
918 447 1005 501 ἐπ’
1030 446 1359 518 ἀμφοτέροις
1397 445 1657 518 χρώμεθα
1690 444 1852 500 θεολο-

1970 444 2172 516 ubique
2199 443 2404 498 utimur
2429 440 2724 511 theologia,
2757 426 2855 495 sed
2889 436 2975 508 pia
3006 435 3274 508 quadam,
3311 448 3377 490 ac
3408 436 3540 489 reli-

287 543 467 611 γίαις·
491 538 731 605 εὐσεϐῶς
767 539 823 593 δὲ
859 542 926 612 τῇ
953 539 1102 604 τάξει
1144 537 1435 612 χρώμενοι,
1461 539 1554 595 τὸν
1587 537 1688 610 μὲν
1726 540 1866 594 ἀνω-

286 633 436 687 τάτω
470 631 688 704 Πατέρα
714 630 811 685 καὶ
834 629 967 684 Θεὸν
992 620 1335 703 καῖ’Κύριον,
1365 630 1460 685 καὶ
1483 626 1579 684 τοῦ
1609 630 1862 701 δευτέρου

284 718 492 791 Κύριον
536 720 632 773 καὶ
682 719 815 774 Θεὸν
858 715 997 774 εἶναι
1048 719 1482 791 πεπαιδεύμεθα·
1530 719 1622 773 τὸν
1659 719 1718 772 δὲ
1765 718 1862 773 τοῦ

285 804 423 866 Θεοῦ
455 812 651 880 Λόγον,
680 812 772 866 τὸν
798 812 1049 885 δεύτερον
1064 812 1290 885 Κύριον,
1312 811 1421 866 τῶν
1449 811 1549 883 μὲν
1578 811 1670 865 ὑπ’
1699 811 1864 866 αὐτὸν

282 904 575 973 δεσπότην,
606 904 706 958 οὐκ
749 904 829 958 ἔτι
870 904 927 958 δὲ
968 905 1169 976 ὁμοίως
1209 902 1428 959 καὶτοῦ
1478 903 1741 975 μείζονος.
1785 902 1860 958 Ού

283 996 394 1066 γὰρ
425 995 521 1050 τοῦ
568 995 782 1066 Πατρὸς
823 995 1049 1067 Κύριος,
1102 996 1224 1051 οὐδὲ
1269 995 1363 1051 τοῦ
1393 995 1604 1070 Πατρὸς
1645 995 1796 1062 Θεὸς,
1828 997 1859 1049 6

283 1087 416 1151 Θεὸς
443 1087 641 1157 Λόγος,
678 1087 796 1142 ἀλλ’
833 1088 1040 1142 ἐκείνου
1071 1088 1169 1159 μὲν
1195 1087 1378 1155 εἰκὼν,
1420 1088 1515 1143 καὶ
1541 1088 1733 1158 Λόγος,
1764 1089 1859 1143 καὶ

284 1178 473 1247 σοφία,
498 1178 598 1232 καὶ
625 1178 871 1250 δύναμις,
899 1178 1009 1233 τῶν
1033 1180 1090 1233 δὲ
1120 1181 1236 1251 μετ’
1262 1178 1426 1233 αὐτὸν
1449 1179 1716 1250 δεσπότης
1748 1177 1861 1232 Κύ-

286 1285 419 1339 ριος,
455 1270 554 1323 καὶ
577 1269 742 1334 Θεός·
775 1271 805 1323 6
833 1270 890 1323 δέ
923 1287 988 1340 γε
1018 1270 1206 1342 Πατὴρ
1237 1267 1448 1324 καὶτοῦ
1482 1267 1610 1323 Υίοῦ
1644 1269 1856 1341 Πατὴρ,

282 1360 374 1412 καὶ
414 1359 627 1433 Κύριος
670 1362 764 1416 καὶ
806 1360 956 1425 Θεός.
989 1361 1151 1415 Ὅθεν
1199 1361 1422 1424 είκότως
1471 1360 1857 1432 ἀνατρέχουσιν

281 1451 357 1513 είς
387 1450 525 1520 μίαν
551 1453 726 1526 ἀρχήν
743 1470 759 1485 ο
791 1454 884 1508 καὶ
908 1456 988 1518 είς
1014 1454 1112 1508 Eva
1136 1454 1268 1508 Θεὸν
1294 1453 1606 1508 συνίσταται
1629 1453 1760 1524 ἡμῖν
1785 1450 1855 1506 τὰ

279 1540 375 1611 τῆς
395 1542 663 1607 εὐσεϐοῦς
692 1543 988 1615 θεολογίας.

278 1630 367 1685 hic
401 1633 557 1690 illius
593 1642 675 1691 est
717 1634 906 1692 Filius.
931 1637 1111 1704 Quare
1140 1652 1264 1693 cum
1287 1636 1343 1692 hi
1377 1637 1486 1694 duo
1520 1652 1688 1693 unum
1712 1638 1846 1702 sint,
1883 1638 2080 1693 merito
2136 1652 2203 1693 ea
2255 1652 2377 1707 qua:
2434 1635 2503 1691 ad
2537 1634 2850 1706 religiosam
2900 1631 3233 1703 theologiam
3268 1628 3543 1701 pertinent

1965 536 2119 607 giosa
2147 534 2502 591 distinctione
2533 538 2789 595 utentes,
2820 530 2973 585 illum
3012 527 3231 600 quidem
3269 537 3323 583 et
3370 525 3541 584 Deum

1965 637 2018 682 et
2045 625 2333 682 Dominum
2356 664 2374 690 ,
2416 624 2583 693 hujus
2613 621 2779 677 etiam
2813 619 3029 676 Patrem
3058 635 3183 675 esse
3214 616 3394 674 edocti
3448 634 3543 675 su-

1964 733 2131 783 mus;
2168 718 2314 773 hunc
2337 730 2468 772 vero
2493 714 2698 786 ipsum,
2735 728 2897 784 quem
2927 721 2983 768 et
3037 710 3201 767 Verbi
3246 720 3300 765 et
3326 709 3541 766 Domini

1964 810 2325 882 appellatione
2345 807 2653 880 signiﬁcare
2675 804 3086 868 consuevimus,
3104 818 3294 858 eorum
3319 802 3541 873 quidem
3583 802 3591 832 ‘

1962 903 2056 976 qui
2082 910 2204 973 post
2221 902 2420 972 ipsum,
2442 908 2496 955 et
2524 900 2628 955 sub
2653 899 2774 968 ipso
2790 906 2937 961 sunt,
2953 912 3075 951 esse
3089 894 3402 957 Dominum,
3420 896 3542 965 ejus

1964 1002 2146 1049 autem
2166 994 2259 1064 qui
2281 1007 2451 1063 unum
2478 991 2749 1060 cum‘ipso
2768 996 2876 1055 est,
2909 987 3223 1057 neutiquam
3247 985 3496 1041 similiter
3520 1005 3536 1041 :

1964 1085 2126 1156 233
2156 1100 2335 1155 neque
2370 1082 2517 1140 enim
2561 1080 2741 1136 Patris
2782 1078 3076 1142 Dominus,
3132 1092 3309 1147 neque
3357 1073 3542 1133 Patris

1963 1176 2130 1241 Deus,
2161 1178 2210 1232 is
2237 1179 2332 1247 qui
2370 1185 2456 1233 est
2510 1173 2653 1230 Deus
2685 1170 2923 1227 Verbum
2948 1210 2966 1236 ,
3010 1169 3104 1226 sed
3137 1169 3284 1224 illius
3321 1168 3540 1239 quidem

1964 1267 2165 1338 imago,
2200 1275 2257 1323 et
2283 1264 2546 1329 Verbum,
2579 1273 2636 1320 et
2668 1262 2969 1334 Sapientia,
2999 1268 3055 1317 et
3083 1261 3295 1324 virtus,
3348 1273 3541 1315 eorum

1961 1374 2094 1415 vero
2122 1374 2246 1430 qum
2288 1365 2414 1429 post
2460 1358 2639 1428 ipsum
2700 1356 3040 1411 collocantur
3097 1352 3385 1408 Dominum
3444 1352 3543 1405 ha-

1958 1451 2115 1517 hens,
2169 1459 2224 1507 et
2276 1449 2539 1506 Dominus
2581 1458 2635 1505 et
2670 1447 2816 1504 Deus
2851 1467 2865 1503 :
2909 1448 2999 1504 ille
3032 1461 3161 1502 vero
3190 1461 3313 1501 cum
3339 1452 3395 1501 et
3435 1442 3545 1498 Do-

1958 1545 2160 1609 minus,
2194 1551 2249 1600 et
2277 1542 2419 1599 Deus
2459 1543 2565 1607 sit,
2615 1542 2780 1597 etiam
2834 1549 2991 1610 pater
3023 1547 3109 1594 est
3145 1537 3343 1607 hujus,
3396 1534 3543 1590 sicut

3572 1345 3589 1749 ἑ

278 1721 531 1781 bunum
560 1726 883 1800 principium
906 1729 1066 1784 nobis
1099 1729 1386 1796 recidunt,
1421 1740 1476 1786 et
1508 1730 1564 1785 in
1599 1745 1707 1786 uno
1735 1729 1846 1787 Deo
1883 1731 2213 1788 consistunt.

814 1861 1208 1917 ΚΕΦΔΛΑῙΟΝ
1252 1862 1333 1918 Θ’.

289 1991 596 2086 Ἀξξὶῐῆς
618 1994 863 2086 sitis:
884 1996 1082 2086 τῖ’-οξ
1107 1996 1389 2086 ,ὀρφὸς
1406 2085 1413 2086 ,
1428 1999 1729 2086 (ἔεράεῖωεε,
1755 2000 1867 2056 τὸν

346 2064 506 2118 Θεὸν
557 2065 750 2129 Λόγον
773 2064 985 2139 *δηλοῖ
1019 2067 1299 2139 δεύτερον
1347 2064 1502 2123 Θεὸν·
1530 2070 1627 2123 καὶ
1649 2073 1867 2139 Κύριον

344 2136 917 2210 προωνομιιρμένζον,
1076 2137 1389 2210 ἀνθρώπου
1433 2157 1498 2193 τε
1532 2136 1743 2210 μορφῇ
1763 2143 1863 2196 καὶ

346 2200 618 2328 irrigari
640 2200 830 2276 ὦέρθαί
858 2224 921 2261 τε
944 2207 1044 2261 καὶ
1063 2200 1421 2278 χρηματίσαι
1447 2200 1572 2277 τοῖς
1598 2200 1866 2279 Ξτὶιλὶιιοῖς

372 2292 605 2344 στορει.

348 2407 372 2440 ι
428 2389 607 2459 Ὠφθη
639 2388 693 2442 δέ
722 2388 927 2461 Κύριος
958 2390 1037 2462 τῷ
1079 2391 1347 2464 Ἀϐραὰμ,
1371 2395 1465 2447 καὶ
1496 2388 1646 2447 εἶπεν
1675 2394 1861 2466 αὐτῷ·

275 2477 365 2548 Τῷ
399 2478 676 2549 σπέρματί
711 2496 803 2532 σου
847 2479 1003 2535 δώσω
1037 2482 1136 2554 τὴν
1167 2484 1270 2555 γῆν
1297 2483 1526 2557 ταύτην.
1561 2504 1580 2536 ι
1621 2485 1732 2540 Kal
1757 2486 1865 2540 πά-

274 2568 354 2622 λιν
378 2585 393 2597 ·
423 2586 443 2619 ι
489 2568 735 2638 Ἐγένετο
760 2568 1010 2641 Ἀϐραὰμ
1035 2571 1171 2625 ἐτῶν
1194 2573 1543 2645 ἐννενήκοντα
1563 2574 1737 2639 ἐννέα,
1767 2576 1863 2630 καὶ

271 2660 433 2730 ὤφθη
452 2660 658 2732 Κύριος
679 2659 757 2732 τῷ
782 2661 1051 2735 Ἀϐραὰμ,
1080 2664 1171 2717 καὶ
1191 2660 1342 2719 εἶπεν
1376 2666 1545 2738 αὐτῷ·
1581 2666 1721 2738 Ἐγώ
1744 2670 1861 2740 εἰμι

272 2753 476 2816 ὀΘεὸς.
500 2754 794 2825 Εύαρέστει
824 2755 1053 2809 ἐνώπιόν
1098 2774 1221 2829 μου,
1243 2759 1338 2812 καὶ
1364 2760 1517 2828 γίνου
1547 2760 1858 2832 ἄμεμπτος,

273 2844 367 2898 καὶ
381 2844 624 2916 θήσομαι
643 2846 741 2916 τὴν
772 2846 1034 2919 διαθήκην
1051 2866 1151 2919 μου
1170 2849 1272 2904 ἀνὰ
1291 2851 1453 2922 μέσον
1475 2853 1610 2923 ἐμοῦ
1638 2855 1725 2910 καί
1755 2854 1861 2910 ἀνά

276 2938 439 3006 μέσον
454 2955 572 3001 σου,
589 2939 682 2992 καὶ
698 2938 951 3011 πληθυνῶ
966 2957 1025 2993 σε
1039 2941 1295 3012 σφόδρα.»
1317 2944 1426 2997 Kal
1443 2941 1617 3009 αὖθις⁹
1644 2966 1662 2997 ι
1679 2948 1859 3019 Ὠφθη

273 3028 327 3081 δέ
356 3029 386 3079 6
410 3028 549 3092 Θεὸς
577 3028 726 3101 αύτῷ
748 3030 884 3101 πρὸς
920 3035 986 3103 τῇ
1018 3032 1138 3105 δρυῒ
1165 3037 1231 3105 τῇ
1266 3035 1530 3109 Μαμϐρῆ,
1550 3037 1857 3110 καθημένου

272 3120 438 3174 αὐτοῦ
486 3123 582 3175 ἐπὶ
608 3124 707 3194 τῆς
735 3123 903 3194 θύρας
938 3128 1035 3196 τῆς
1076 3128 1279 3199 σκηνῆς
1301 3129 1462 3184 αὐτοῦ
1493 3132 1853 3205 μεσημϐρίας.

2566 1860 2797 1920 CAPUT
2838 1861 2935 1920 IX.

1963 2001 2041 2057 Ab
2079 2000 2376 2058 eadem.—
2401 2000 2553 2067 Quod
2596 2000 2738 2055 idem
2770 1999 2938 2055 Deum
2986 1997 3234 2061 Verbum,
3274 1997 3543 2068 signiﬁcat

2035 2072 2203 2127 Deum
2243 2089 2305 2126 ac
2346 2072 2632 2127 Dominum
2665 2072 2813 2141 prius
2853 2071 3182 2123 nominatum
3226 2077 3278 2122 et
3313 2068 3452 2138 quod
3483 2070 3541 2124 in

2035 2145 2258 2199 hominis
2302 2143 2497 2212 forma,
2538 2153 2587 2197 et
2621 2143 2814 2213 ﬁgura,
2853 2144 3100 2213 eteisum
3140 2154 3272 2203 esse,
3310 2153 3360 2193 et
3396 2141 3541 2194 anti—

2030 2215 2147 2283 quis
2174 2209 2426 2283 responsa
2453 2209 2677 2268 dedisse
2698 2209 3001 2266 conscribit.

2039 2410 2059 2445 ι
2085 2393 2350 2465 Apparuit
2388 2400 2568 2450 autem
2599 2392 2865 2447 Dominus
2897 2391 3152 2455 Abrahae,
3196 2398 3251 2447 et
3281 2390 3419 2444 dixit
3442 2389 3491 2446 ei
3519 2407 3537 2445 :

1964 2481 2169 2537 Semini
2199 2491 2294 2539 tuo
2325 2483 2468 2537 dabo
2494 2490 2696 2537 terram
2724 2480 2944 2536 hanc".
2973 2500 2992 2534 ι
3016 2480 3081 2535 Ει
3110 2495 3304 2535 rursus
3328 2499 3341 2535 :
3363 2498 3383 2531 ι
3410 2478 3541 2534 Erat

1961 2573 2238 2628 Abraham
2282 2589 2555 2629 annorum
2604 2574 2901 2644 nonaginta
2937 2587 3153 2638 novem,
3188 2580 3241 2626 ct
3286 2571 3541 2642 apparuit

1961 2661 2226 2719 Dominus
2272 2664 2525 2726 Abrahae,
2567 2671 2622 2719 et
2673 2663 2812 2718 dixit
2863 2662 2910 2719 ei
2965 2680 2978 2717 :
3041 2661 3153 2734 Ego
3192 2678 3312 2717 sum
3348 2661 3490 2718 Deus
3519 2681 3536 2716 :

1961 2754 2099 2810 bene
2132 2755 2367 2825 placitus
2410 2757 2489 2812 sis
2532 2770 2718 2811 coram
2759 2770 2868 2821 me,
2914 2760 2969 2810 et
3011 2762 3132 2810 esto
3164 2752 3536 2823 inculpabilis,

1961 2855 2014 2902 et
2055 2863 2256 2919 ponam
2303 2855 2690 2904 testamentum
2727 2863 2910 2927 meum
2942 2847 3084 2902 inter
3128 2854 3182 2902 te
3230 2854 3284 2902 et
3330 2862 3439 2916 me,
3482 2852 3539 2902 et

1959 2940 2335 3011 multiplicabo
2382 2949 2436 2997 te
2478 2941 2637 2997 valde
2656 2941 2723 2996 “.
2757 2960 2777 2995 ι
2815 2939 2883 2995 Ει
2929 2955 3125 2994 rursus
3164 2958 3178 2994 :
3217 2958 3236 2990 ι
3275 2937 3539 3010 Apparuit

1962 3043 2139 3090 autem
2163 3033 2307 3090 Deus
2341 3034 2393 3089 ei
2420 3033 2561 3104 apud
2592 3048 2853 3104 quercum
2877 3031 3141 3099 Mambre,
3165 3032 3293 3086 dum
3320 3030 3538 3086 sederet

1962 3128 2018 3182 in
2066 3128 2212 3184 ostio
2252 3126 2595 3182 tabernaculi
2623 3126 2732 3190 sui,
2767 3125 2888 3196 ipso
2937 3125 3203 3180 meridie:
3237 3139 3361 3178 cum
3401 3135 3534 3179 vero

284 3210 623 3282 Ἀναβλέψας
655 3215 712 3268 δὲ
742 3220 854 3281 τοῖς
893 3217 1190 3289 ὀφθαλμοῖς
1218 3218 1403 3282 αὐτοῦ,
1444 3216 1550 3274 εἶδε
1572 3238 1586 3251 ·
1615 3222 1710 3275 καὶ
1742 3224 1852 3276 ίδοὺ

1957 3219 2135 3273 oculis
2168 3219 2285 3274 suis
2315 3221 2668 3289 respexisset,
2699 3218 2855 3282 vidit,
2887 3226 2941 3273 et
2972 3233 3103 3273 ecce
3135 3226 3247 3274 tres
3278 3218 3379 3272 viri
3421 3224 3533 3274 ste-

270 3308 414 3373 τρεῖς
439 3305 633 3377 ἄνδρες
658 3308 998 3380 είστήκεισαν
1019 3309 1202 3363 ἐπάνω
1220 3311 1404 3366 αὐτοῦ.
1422 3312 1528 3365 Kal
1552 3312 1673 3367 ίδὼν
1691 3332 1853 3387 προσ-

271 3397 507 3468 ἑδραμν
567 3399 646 3461 είς
685 3399 1005 3470 συνάντησιν
1042 3401 1225 3465 αὐτοῖς
1263 3402 1370 3456 ἀπὸ
1400 3405 1501 3475 τῆς
1534 3403 1703 3477 θύρας
1753 3406 1852 3478 τῆς

272 3491 498 3561 σκηνῆς,
558 3489 653 3542 κα)⁵
712 3491 1106 3563 προσεκύνησε.
1149 3512 1168 3545 ι
1206 3494 1316 3548 Kal
1374 3495 1503 3569 ἐξῆς
1562 3497 1702 3568 μετὰ
1750 3500 1850 3573 τὴν

270 3580 536 3637 ὀπτασίαν
581 3585 863 3659 ἐπιφέρει·
902 3606 921 3639 ι
959 3587 1019 3641 ’0
1061 3587 1118 3641 δὲ
1182 3590 1388 3662 Κύριος
1423 3587 1607 3646 εἶπεν·
1647 3595 1721 3648 Ού
1773 3597 1848 3669 μὴ

271 3673 463 3743 κρύψω
490 3675 604 3745 ἐγὼ
660 3677 766 3731 ἀπὸ
815 3677 1064 3751 Ἀϐραὰμ
1121 3681 1216 3736 τοῦ
1269 3683 1459 3748 παιδός
1507 3702 1609 3756 μου
1654 3685 1693 3740 ἀ
1741 3686 1854 3756 ἐγὼ

271 3765 431 3818 ποιῶ.
473 3765 726 3838 Ἀϐραὰμ
751 3767 808 3821 δέ
834 3770 1115 3841 γινόμενος
1136 3771 1288 3825 ἐσται
1307 3774 1387 3837 είς
1405 3772 1556 3838 ἔθνος
1586 3779 1731 3847 μέγα
1755 3778 1852 3831 καὶ

272 3852 430 3916 πολὺ,
463 3855 562 3909 καὶ
599 3855 1112 3928 ἐνευλογηθήσονται
1154 3863 1213 3914 ἐν
1237 3862 1387 3934 αὐτῷ
1415 3863 1594 3919 πάντα
1620 3865 1692 3919 τὰ
1718 3864 1848 3937 ἔθνη

269 3944 365 4014 τῆς
397 3947 526 4017 γῆς.
570 3965 590 3997 ι
636 3948 746 4001 Kal
776 3948 983 4014 τούτοις
1013 3947 1167 4016 αὖθις
1192 3952 1433 4023 ἐπιλέγει
1463 3955 1539 4018 ὡς
1576 3957 1706 4030 ιιιςερλ⁸
1728 3958 1848 4011 ἐτέ-

277 4052 365 4106 ρου
392 4054 407 4067 ·
446 4056 465 4088 ι
501 4038 687 4109 ᾜδειν
715 4038 842 4111 γὰρ,
877 4041 960 4095 ὅτι
991 4042 1239 4108 συντάξει
1259 4047 1371 4109 τοῖς
1393 4048 1530 4110 υἱοῖς
1554 4047 1719 4101 αὐτοῦ
1753 4049 1850 4102 καὶ

269 4128 346 4199 τῷ
380 4129 519 4201 οἴκῳ
548 4131 711 4186 αὑτοῦ
745 4133 863 4203 μεθ’
893 4135 1073 4200 αὐτὸν,
1112 4138 1208 4191 καὶ
1241 4137 1534 4207 φυλάξουσι
1571 4140 1671 4205 τὰς
1694 4141 1849 4205 ὁδοὺς

272 4221 501 4294 Κυρίου,
527 4227 700 4278 ποιεῖν
719 4226 1062 4300 δικαιοσύνην
1089 4229 1183 4283 καὶ
1216 4229 1419 4302 κρίσιν,
1449 4232 1598 4297 ὅπως
1634 4234 1847 4302 ἐπαγά-

270 4328 337 4386 γῃ
396 4314 602 4385 Κύριος
648 4317 742 4370 ἐπὶ
783 4318 1031 4391 Ἀϐραὰμ
1076 4319 1112 4374 ἃ
1164 4321 1393 4394 ἐλάλησε
1434 4323 1571 4396 πρὸς
1608 4325 1789 4380 αὐτόν.
1821 4346 1841 4380 ι

271 4405 455 4461 Ταῦτα
489 4407 649 4472 αὐτὸς
674 4409 1085 4482 ἀναγέγραπται
1113 4410 1286 4481 λέγων
1325 4415 1354 4466 6
1381 4416 1736 4488 χρηματίζων
1767 4416 1848 4490 τῷ

280 4495 533 4570 Ἀϐραὰμ
569 4499 791 4571 Κύριος,
824 4501 1010 4574 ἕτερον
1044 4503 1248 4576 Κύριον
1291 4507 1601 4578 ὁμολογῶν,
1642 4509 1845 4582 δηλαδὴ

268 4593 359 4648 τὸν
412 4593 581 4648 αὑτοῦ
626 4594 866 4668 Πατέρα,
902 4598 999 4651 καὶ
1039 4598 1267 4671 ποιητὴν
1298 4599 1395 4654 τοῦ
1421 4602 1644 4679 παντὸς.
1677 4603 1746 4658 Ὅ
1779 4620 1846 4673 γε

272 4687 377 4759 μὴν
417 4686 691 4760 Ἀϐραὰμ,
725 4684 812 4743 οἶα
838 4692 1124 4765 προφήτης
1149 4690 1453 4764 κατάληψιν
1468 4672 1607 4765 exii»;
1639 4672 1840 4767 ἀκριϐῆ

268 4779 359 4831 τοῦ
384 4780 836 4851 χρηματίζοντος,
864 4781 991 4855 eam
1014 4786 1128 4847 τοῖς
1150 4783 1523 4856 προεκτεθεῖσι
1557 4787 1844 4842 ποτνιᾶται

268 4868 438 4939 λέγων
457 4890 472 4904 ·
509 4892 528 4924 ‹
566 4873 677 4927 Kal
704 4873 777 4946 μὴ
804 4875 1173 4949 συναπολέσῃς
1203 4875 1411 4931 δίκαιον
1441 4877 1559 4948 μετ’
1587 4878 1838 4944 ἀσεϐοῦς,

271 4962 359 5013 καὶ
387 4960 539 5016 ἔσται
569 4964 599 5016 6
618 4962 838 5028 ,δίκαιος
860 4964 936 5028 ὡς
963 4964 1185 5038 ἀσεϐής.
1231 4965 1355 5020 Ἐὰν
1374 4960 1479 5021 ὦσι
1503 4968 1842 5040 πεντήκοντα

268 5050 458 5106 δίκαιοι
473 5055 531 5107 ἐν
555 5056 622 5125 τῇ
642 5054 810 5119 πόλει,
844 5055 1063 5121 ἀπολεῖς
1088 5056 1317 5124 αύτούς;
1345 5058 1446 5111 οὐκ
1462 5058 1685 5129 ἀνήσεις
1704 5058 1842 5114 πάν·
1882 5130 1883 5133 η

270 5157 334 5194 τα
364 5144 457 5197 τὸν
488 5145 656 5199 τόπον
686 5145 871 5201 ἕνεκεν
908 5148 1017 5201 τῶν
1066 5149 1400 5221 πεντήκοντα
1427 5148 1684 5216 δικαίων;
1713 5152 1838 5223 Μη-

268 5233 449 5306 δαμιῖις
473 5237 538 5290 σὺ
571 5240 817 5312 ποιήσεις
844 5239 906 5292 τὸ
936 5241 1082 5313 ῥῆμα
1109 5239 1289 5306 τοῦτο,
1312 5241 1406 5295 τοῦ
1432 5242 1745 5296 ἀποκτεῖναι
1767 5243 1841 5296 δί-

268 5345 416 5382 καιον
446 5331 583 5401 μετὰ
604 5330 854 5397 ἀσεϐοῦς,
886 5333 980 5387 καὶ
1001 5332 1151 5388 ἔσται
1175 5336 1204 5388 6
1234 5333 1439 5399 δίκαιος
1457 5335 1534 5399 ὡς
1558 5336 1587 5389 6
1612 5334 1833 5407 ἀσεϐής·

272 5421 548 5493 μηδαμῶς·
581 5424 612 5476 6
635 5424 836 5497 κρίνων
857 5428 1036 5480 πᾶσαν
1069 5426 1168 5499 τὴν
1190 5427 1316 5499 γῆν,
1342 5427 1405 5481 ού
1438 5429 1684 5500 ποιήσεις
1718 5427 1838 5499 κρί-

272 5529 385 5575 etv;
417 5532 436 5567 ι
480 5508 754 5584 Ἀγγέλοις
794 5516 859 5590 δὴ
888 5518 1114 5588 φάσκειν
1134 5517 1329 5583 ταῦτα,
1379 5521 1416 5592 ἡ
1453 5536 1558 5574 τινι
1596 5519 1709 5574 τῶν
1738 5518 1832 5573 τοῦ

271 5604 396 5660 Θεοῦ
440 5606 784 5679 λειτουργῶν.
830 5612 928 5683 οὐχ
979 5609 1217 5683 ήγοῦμαι
1253 5612 1503 5681 λέγεσθαι
1537 5612 1829 5685 ἁρμόζειν·

1951 3319 2132 3367 terant
2178 3326 2343 3382 supra
2392 3327 2516 3366 eum
2544 3329 2562 3369 τ
2592 3319 2648 3366 et
2693 3326 2820 3365 cum
2863 3311 3095 3367 vidisset
3147 3311 3389 3364 accurrit
3426 3311 3529 3365 ob-

1950 3405 2095 3459 viam
2125 3404 2255 3468 illis,
2290 3403 2359 3458 ab
2390 3404 2530 3458 ostio
2557 3403 2918 3466 tabernaculi,
2953 3410 3008 3457 et
3041 3401 3374 3458 adoravit".
3404 3420 3425 3453 ι
3450 3402 3533 3456 Ac

1951 3495 2209 3567 deinceps
2230 3504 2355 3566 post
2378 3496 2645 3551 visionem
2674 3495 2956 3565 adjungit:
2994 3514 3014 3546 ι
3050 3494 3316 3550 Dominus
3346 3500 3527 3547 autem

1948 3587 2107 3652 dixit,
2139 3602 2249 3641 non
2280 3588 2471 3642 celabo
2495 3601 2597 3658 ego
2624 3585 2901 3641 Abraham
2943 3601 3172 3657 puerum
3198 3602 3377 3642 meum
3408 3600 3532 3656 quae

1950 3678 2112 3735 facio.
2143 3679 2418 3733 Abraham
2444 3694 2577 3735 vero
2612 3693 2738 3733 cum
2779 3680 2872 3743 sit,
2901 3679 3009 3733 erit
3057 3677 3114 3733 in
3143 3688 3358 3751 gentem
3413 3693 3533 3732 ma-

1949 3787 2109 3842 gnam
2165 3779 2220 3827 et
2257 3772 2482 3825 multam
2516 3781 2606 3827 :et
2656 3770 3053 3826 benedicentur
3118 3770 3175 3825 in
3225 3786 3293 3826 eo
3337 3785 3530 3827 omnes

1948 3869 2136 3931 gentes
2181 3861 2425 3917 terrae".
2462 3880 2482 3913 ι
2520 3860 2698 3932 Atque
2746 3860 2834 3917 his
2882 3876 3079 3917 rursus
3120 3860 3367 3932 adjnngit
3406 3869 3531 3914 tan-

1950 3969 2112 4024 quam
2144 3953 2213 4010 de
2245 3954 2456 4008 altero:
2487 3971 2506 4004 ι
2534 3951 2670 4008 Novi
2707 3952 2853 4008 enim
2882 3952 3029 4024 quod
3061 3953 3361 4009 constituet
3400 3951 3528 4007 ﬁliis

1950 4048 2088 4112 suis,
2111 4055 2166 4103 et
2191 4047 2378 4102 domui
2406 4061 2539 4114 sua),
2580 4054 2629 4101 cl
2668 4046 2984 4103 custodient
3015 4047 3136 4103 vias
3165 4045 3405 4111 Domini,
3442 4045 3527 4100 fa-

1949 4154 2075 4195 cere
2099 4139 2371 4209 justitiam
2394 4146 2451 4194 et
2479 4137 2768 4209 judicium,
2807 4145 2866 4192 ιιι
2890 4137 3116 4193 inducat
3143 4137 3407 4194 Dominus
3431 4152 3526 4193 su-

1948 4247 2048 4304 per
2108 4231 2383 4286 Abraham
2446 4245 2569 4301 quae
2627 4229 2850 4285 locutus
2903 4236 2991 4285 est
3062 4230 3131 4286 ad
3201 4230 3355 4285 illum
3392 4233 3460 4289 ⁸³.
3500 4250 3519 4284 ι

1949 4324 2113 4398 234
2129 4323 2231 4379 llic
2277 4323 2437 4394 plane
2471 4324 2736 4393 scriptum
2778 4330 2884 4387 cst,
2921 4337 3047 4378 eum
3092 4321 3383 4379 Dominum
3422 4325 3517 4395 qui

1948 4416 2180 4471 Abrahae
2206 4413 2597 4486 respondebat,
2625 4414 2741 4469 haec
2769 4412 2978 4479 dicere,
3007 4413 3104 4469 ubi
3135 4413 3390 4469 videlicet
3420 4414 3531 4470 Do-

1948 4508 2156 4563 minum
2209 4505 2505 4562 conﬁtetur
2559 4503 2783 4562 Patrem
2835 4521 3021 4572 suum,
3072 4513 3127 4561 et
3173 4505 3526 4562 Conditorem

1875 4583 2191 4657 Duniversi
2230 4601 2389 4671 :ipse
2427 4607 2612 4656 tamen
2662 4599 2962 4667 Abraham,
3010 4600 3180 4656 veluti
3233 4600 3521 4672 propheta,

1945 4693 2281 4765 exploratam
2314 4698 2371 4748 et
2397 4703 2605 4749 certam
2638 4693 2761 4764 ejus
2792 4692 2889 4764 qui
2919 4692 3284 4764 respondebat
3314 4692 3526 4765 cogita-

1942 4786 2149 4842 tionem
2171 4785 2405 4852 habens,
2435 4783 2698 4858 deinceps
2726 4801 2852 4841 cum
2883 4784 3235 4841 veneratione
3278 4801 3394 4851 eos,
3425 4785 3521 4858 qui

1943 4886 2072 4936 ante
2110 4878 2346 4950 expositi
2391 4886 2543 4944 sunt,
2588 4887 2732 4945 orat,
2784 4879 3012 4936 dicens:
3041 4896 3060 4931 ι
3092 4877 3171 4935 Ne
3210 4879 3409 4950 perdas
3430 4879 3522 4949 ju-

1943 4979 2090 5027 stum
2138 4971 2305 5029 simul
2349 4985 2476 5026 eum
2520 4971 2714 5043 impio,
2746 4980 2803 5029 et
2851 4972 2956 5029 erit
2978 4970 3166 5042 justus
3215 4971 3375 5042 quasi
3415 4973 3522 5027 im-

1943 5061 2090 5133 pius.
2119 5059 2178 5116 Si
2214 5062 2327 5119 sint
2353 5062 2750 5133 quinquaginta
2775 5062 2913 5132 justi
2947 5062 3001 5116 in
3044 5062 3290 5129 civitate,
3320 5063 3519 5133 perdes

1943 5154 2076 5210 eos?
2105 5168 2286 5210 nonne
2322 5154 2566 5210 dimittes
2592 5170 2810 5209 omnem
2859 5155 3059 5219 locum,
3092 5163 3315 5226 prapter
3352 5155 3517 5225 quin-

1947 5244 2209 5316 quaginta
2233 5243 2815 5316 justos‘lNequaquam
2849 5253 2905 5300 tu
2939 5245 3109 5301 facies
3139 5246 3362 5302 verbum
3384 5247 3511 5312 hoc,

1942 5344 2006 5391 ut
2051 5336 2353 5393 interﬁcias
2380 5336 2591 5408 justum
2655 5352 2779 5393 cum
2828 5336 3028 5408 impio,
3077 5344 3132 5392 et
3180 5339 3285 5393 erit
3328 5337 3512 5408 justus

1940 5428 2099 5500 quasi
2149 5428 2382 5500 impius;
2405 5444 2791 5501 nequaquam:
2823 5429 2917 5502 qui
2943 5429 3163 5498 judicas
3196 5430 3511 5487 universam

1940 5528 2181 5587 terram,
2228 5537 2339 5576 non
2388 5521 2558 5578 facies
2597 5521 2864 5592 judicium
2888 5523 2978 5576 ὀἳ
3007 5540 3027 5575 ι
3062 5522 3234 5578 Porro
3276 5522 3393 5577 haec
3442 5519 3511 5576 ad

1943 5613 2188 5682 angelos,
2217 5623 2311 5667 aut
2356 5613 2423 5668 ad
2465 5615 2773 5685 quempiam
2822 5630 2888 5670 ex
2927 5613 3020 5670 Dei
3067 5614 3337 5669 ministris
3365 5613 3508 5669 dicta

327 5792 368 5824 “
392 5791 525 5851 Gen.
554 5811 651 5865 xu,
685 5795 734 5852 7.
802 5796 845 5830 ⁵⁸
871 5795 1004 5854 Gen.
1041 5813 1174 5867 xm,
1207 5797 1320 5871 1,2.
1368 5797 1425 5877 f’
1451 5798 1584 5857 Gen.
1621 5814 1773 5869 xvm,
1801 5800 1912 5863 l,2.
1984 5799 2026 5834 ⁸⁸
2057 5800 2166 5857 ibid
2227 5802 2314 5872 l7,
2336 5804 2420 5859 l8.
2502 5805 2542 5836 5-"
2573 5805 2704 5873 ibid.
2740 5806 2825 5861 l9.
2903 5806 2947 5838 ⁸ο
2982 5804 3114 5861 ibid.
3132 5803 3328 5873 24,35.
