4100 6430
496 326 605 384 383

1183 324 1453 384 EUSEBH
1490 327 1964 387 CASSARIENSIS
1997 331 2149 389 OPP.
2189 331 2369 388 PARS
2407 329 2472 388 ΙΙ.
2511 363 2580 374 -
2615 295 3111 394 APOLOGE'i'lCA.

3636 335 3768 394 σει

499 462 644 509 esse,
685 453 1054 503 consentanee
1083 445 1191 503 dici
1220 465 1332 506 non
1362 451 1601 508 arbitror
1621 473 1637 510 :
1657 470 1768 511 non
1799 457 1946 512 enim
1975 472 2075 513 cu-

2184 458 2295 512 οὑδὲ
2327 457 2436 529 γὰρ
2476 457 2570 511 τοῦ
2611 457 2864 529 τυχόντος
2902 457 2967 512 ἃν
3001 458 3084 530 εἴη
3125 458 3187 512 τὸ
3214 459 3415 530 κρίνειν
3450 459 3628 512 πᾶσαν
3647 459 3776 530 τὴν

495 538 724 610 juslibet
763 539 881 600 sit;
903 538 1152 608 judicare
1199 549 1404 598 terram
1454 546 1794 604 universam.
1824 548 1932 605 Sed
1973 567 2075 608 nec

502 630 731 701 angelus
760 630 980 700 quidem
1003 639 1088 687 est
1116 633 1454 702 nominatus,
1483 653 1645 709 quem
1671 643 1922 711 superior
1938 644 2078 698 scri-

505 732 666 793 ptura
697 722 987 794 signiﬁcat,
1023 740 1212 780 verum
1242 729 1382 785 alius
1415 731 1687 801 quispiam
1718 736 1910 805 angelo
1938 751 2078 806 prae-

504 815 759 880 stantior,
792 815 936 870 Deus
965 816 1156 888 utique
1186 833 1250 874 ac
1271 818 1558 889 Dominus,
1591 825 1686 894 qui
1708 840 1831 879 cum
1861 827 2078 884 duobus

503 906 716 976 angelis
773 907 828 960 in
888 907 1062 962 forma
1118 909 1397 976 hominis,
1453 913 1522 967 ad
1589 929 1756 985 supra
1817 917 2074 987 scriptam

502 1013 770 1068 quercum
819 1005 902 1053 est
944 1000 1116 1056 visus.
1153 1000 1425 1060 Praeterea
1476 1021 1545 1059 ne
1591 1005 1809 1062 Patrem
1857 1011 2078 1079 quidem

509 1089 676 1144 Deum
707 1090 853 1145 hunc
897 1090 1068 1148 fuisse
1100 1095 1403 1163 putandum
1430 1104 1535 1161 est,
1564 1099 1658 1168 qui
1698 1099 2079 1170 hujuscemodi

505 1184 687 1239 verbis
718 1185 1032 1243 indicatur:
1067 1187 1249 1244 dicere
1273 1192 1442 1255 enim,
1490 1193 1544 1248 id
1585 1197 1782 1250 mutari
1815 1197 1959 1267 quod
1990 1196 2077 1251 di-

505 1275 693 1329 vinum
730 1285 836 1341 est,
861 1283 916 1331 et
949 1277 1170 1348 ﬁgurari
1194 1279 1250 1334 in
1284 1282 1521 1351 speciem
1554 1299 1616 1338 ac
1643 1284 1873 1339 formam
1905 1286 2080 1340 horni-

505 1366 614 1431 nis,
641 1369 958 1438 neutiquam
997 1371 1144 1441 pium
1181 1381 1285 1428 est.
1318 1373 1580 1445 Superest
1610 1376 1778 1447 igitur
1814 1387 1873 1432 ut
1903 1378 2076 1433 conli-

506 1466 722 1512 teamur
755 1461 906 1515 illum
948 1462 1119 1520 fuisse
1147 1465 1239 1521 Dei
1275 1466 1534 1532 Verbum,
1571 1469 1718 1539 quod
1760 1485 1792 1524 a
1835 1473 1995 1527 nobis
2023 1473 2080 1527 in

508 1550 576 1605 iis
606 1568 728 1620 quae
764 1557 998 1611 antehac
1048 1559 1251 1629 scripta
1294 1560 1486 1627 habes,
1525 1561 1620 1618 Dei
1671 1566 1892 1620 nomine
1935 1567 2081 1622 cele-

509 1641 723 1696 hratum
757 1654 842 1700 est
873 1665 884 1700 :
917 1663 1025 1718 qua
1061 1649 1128 1704 de
1159 1666 1324 1707 causa
1355 1653 1517 1708 hodie
1545 1670 1762 1725 quoque
1796 1671 1825 1709 a
1859 1657 2076 1723 vicinis,

505 1740 563 1784 et
591 1732 644 1786 in
691 1737 942 1804 proximo
985 1739 1384 1808 habitantibus,
1418 1743 1575 1813 quasi
1609 1743 1828 1802 divinus
1858 1747 2077 1812 colitur,

2176 548 2301 619 γῆν.
2349 548 2486 600 Ἀλλ’
2527 547 2635 600 οὐδ’
2676 546 2902 616 ἄγγελος
2938 550 2966 602 6
3005 550 3342 620 προγραφεὶς
3368 548 3766 620 ἀνηγόρευται,

2176 641 2439 713 κρείττων
2486 640 2541 694 δέ
2583 658 2666 704 τις
2700 639 2929 708 ἀγγέλου
2965 639 3098 703 Θεὸς
3139 640 3234 693 καὶ
3265 640 3488 712 Κύριος,
3513 642 3650 711 πρὸς
3678 642 3766 714 τῇ

2175 733 2641 806 ἀναγεγραμμένῃ
2667 732 2788 804 δρυῒ
2813 731 2951 803 μετὰ
2985 731 3095 784 τῶν
3122 732 3266 785 δυεῖν
3292 732 3536 802 ἀγγέλων
3566 738 3622 786 ὲν
3651 735 3767 786 ἀν·

2177 825 2396 898 θρώπου
2433 828 2668 897 σχήματι
2703 825 2935 897 ὁραθείς.
2968 824 3136 877 Πάλιν
3164 842 3226 893 γε
3256 823 3359 896 μὴν
3384 825 3504 880 οὐδὲ
3535 825 3625 880 τὸν
3657 826 3765 880 ἐπὶ

2179 919 2396 972 πάντων
2437 918 2570 972 Θεὸν
2601 917 2836 989 ἡγητέον
2874 915 2961 969 διὰ
2997 915 3200 970 τούτων
3233 917 3552 987 δηλοῦσθαι·
3585 936 3767 989 μετα-

2179 1008 2390 1063 ϐάλλειν
2432 1010 2540 1078 γὰρ
2573 1009 2734 1079 φάναι
2779 1009 2842 1062 τὸ
2878 1009 3039 1076 θεῖον,
3075 1009 3169 1063 καὶ¹
3196 1009 3627 1079 χρηματίζεσθαι
3669 1013 3761 1074 είς

2178 1100 2368 1171 ἀνδρὸς
2401 1095 2537 1164 εἶδος
2590 1103 2683 1154 καὶ
2729 1101 2962 1172 μορφὴν,
3006 1100 3105 1153 οὐκ
3137 1101 3350 1167 εὐαγές.
3402 1099 3757 1171 Λείπεταιδὴ

2177 1190 2338 1244 αὑτὸν
2369 1189 2507 1243 εἶναι
2538 1189 2628 1242 τὸν
2646 1189 2740 1242 τοῦ
2774 1189 2908 1242 Θεοῦ
2942 1189 3132 1256 Λόγον,
3153 1189 3242 1241 τὸν
3269 1187 3358 1240 διὰ
3387 1189 3495 1241 τῶν
3515 1189 3757 1261 πρόσθεν

2177 1281 2643 1352 τεθεολογημένον,
2674 1281 2973 1352 ὁμολογεῖν.
3004 1280 3163 1334 Ὅθεν
3192 1281 3364 1334 εἰσέτι
3411 1283 3505 1334 καὶ
3526 1281 3620 1334 νῦν
3645 1299 3757 1334 πα-

2183 1375 2249 1446 ρὰ
2279 1378 2392 1438 τοῖς
2423 1373 2833 1446 πλησιοχώροις,
2877 1372 3024 1426 ώαὰν
3068 1372 3208 1436 θεῖος
3241 1375 3268 1426 6
3299 1373 3461 1435 τόπος
3485 1374 3566 1436 είς
3586 1371 3757 1443 τιμὴν

2178 1465 2287 1519 τῶν
2336 1465 2522 1518 αὐτόθι
2567 1465 2644 1535 τῷ
2689 1463 2936 1536 Ἀϐραὰμ
2971 1463 3339 1533 ἐπιφανέντων
3368 1462 3754 1535 θρησκεύεται,

2180 1559 2271 1610 καὶ
2291 1556 2573 1628 θεωρεῖταί
2609 1573 2671 1625 γε
2702 1557 2782 1618 είς
2814 1554 2972 1626 δεῦρο
2994 1554 3319 1626 διαμένουσα
3350 1557 3382 1625 ή
3409 1553 3753 1624 τερέϐινθοςο

2180 1651 2227 1702 οἱ
2258 1649 2364 1720 γὰρ
2398 1647 2475 1718 τῷ
2511 1647 2758 1719 Ἀϐραὰμ
2792 1646 3223 1712 έπιξενωθέντες,
3252 1646 3344 1698 ἐπὶ
3375 1645 3594 1716 Γραφῆς
3625 1645 3760 1698 ἀνα-

2181 1742 2439 1810 κείμενοι,
2474 1738 2566 1792 δύο
2609 1739 2707 1809 μὲν
2749 1737 3107 1809 ἑκατέρωθεν,
3153 1738 3313 1808 μέσος
3351 1737 3406 1792 δὲ
3439 1739 3468 1790 6
3491 1736 3758 1808 κρείττων

509 1835 672 1896 atque
696 1829 1023 1885 observatur
1063 1834 1111 1888 is
1155 1835 1332 1901 locus,
1362 1836 1588 1892 honoris
1624 1837 1846 1892 illorum
1906 1840 2078 1905 gratia

2184 1831 2462 1902 ὑπερέχων
2491 1834 2557 1902 τῇ
2586 1833 2735 1901 τιμῇ.
2762 1831 2860 1900 Εἴη
2889 1829 2932 1882 δ’
2955 1828 3020 1882 ἂν
3045 1831 3073 1881 6
3097 1828 3462 1901 δεδηλωμένος
3481 1829 3609 1898 ἡμῖν
3635 1825 3757 1879 Κύ-

467 1952 470 1955 λ
507 1917 600 1986 qui
625 1916 856 1973 Abrahm
887 1919 940 1974 in
972 1921 1066 1977 illo
1094 1924 1197 1978 visi
1226 1935 1356 1979 sunt
1382 1929 1399 1994 ξ
1427 1934 1590 1996 atque
1613 1928 1774 1981 etiam
1806 1943 1953 1982 nunc
1978 1929 2081 1983 ibi-

507 2007 631 2062 dem
658 2025 986 2078 permanens
1023 2015 1370 2070 terehinthus
1397 2017 1738 2088 conspicitur
1771 2036 1786 2072 ε
1816 2019 1910 2089 qui
1933 2020 2079 2074 enim

507 2098 580 2152 ab
611 2098 885 2156 Abraham
925 2103 1162 2174 hospitio
1187 2107 1427 2178 suscepti
1459 2117 1610 2170 sunt,
1649 2119 1708 2163 ut
1733 2109 1896 2164 habet
1927 2108 2078 2164 Scri-

509 2195 690 2258 ptura,
744 2193 1124 2250 recumbentes
1163 2204 1320 2250 erant
1369 2197 1478 2252 duo
1526 2197 1746 2269 quidem
1799 2201 2076 2270 utrinque,

510 2280 724 2337 medius
763 2292 945 2338 autem
995 2288 1374 2352 excellentior,
1419 2297 1474 2344 et
1502 2273 1594 2360 qui
1644 2291 1884 2362 reliquos
1931 2302 2082 2347 ante—

507 2373 632 2430 iret.
677 2375 776 2432 Hic
818 2393 946 2432 vero
998 2380 1069 2434 sit
1112 2380 1272 2450 plane
1309 2381 1377 2446 is,
1414 2381 1481 2436 de
1522 2398 1632 2453 quo
1660 2383 1920 2448 diximus,
1963 2384 2081 2454 ipse

511 2465 700 2536 utique
744 2466 1010 2524 Dominus
1055 2484 1120 2523 ac
1162 2470 1415 2525 Salvator
1454 2481 1664 2538 noster,
1700 2490 1860 2544 quem
1913 2474 2077 2528 etiam

2189 1939 2301 1993 ριος
2329 1921 2507 1984 αὐτὸς,
2542 1923 2570 1974 6
2592 1921 2853 1993 ἡμέτερος
2878 1919 3087 1991 Σωτὴρ,
3112 1919 3170 1972 ὃν
3196 1920 3288 1972 καὶ
3312 1920 3361 1971 οί
3393 1918 3631 1987 ἀγνῶτες
3675 1914 3756 1987 (1)

2187 2013 2420 2075 σέϐουσι,
2450 2012 2518 2065 τὰ
2543 2012 2660 2066 θεῖα
2687 2012 2842 2081 λόγια
2869 2011 3234 2082 πιστούμενοι.
3269 2005 3434 2074 Οῦτος
3466 2009 3520 2063 δὲ
3537 2005 3630 2063 οῦν
3660 2010 3761 2063 αὑ-

2181 2106 2294 2169 τὸς,
2328 2106 2385 2172 ἐξ
2416 2107 2620 2161 ἐκείνου
2665 2105 2732 2159 τὰ
2760 2106 2856 2177 τῆς
2889 2104 3164 2167 εὐσεϐείας
3200 2103 3488 2174 σπέρματα
3530 2104 3611 2166 είς
3658 2102 3758 2156 ἀν-

2185 2197 2434 2270 θρώπους
2480 2197 2965 2268 καταϐαλλόμενος,
3019 2195 3350 2267 ἀνθρώπειον
3384 2194 3578 2258 ὑποδὺς
3618 2190 3760 2258 εἶδός

2185 2307 2246 2342 τε
2294 2291 2388 2342 καὶ
2418 2290 2621 2360 σχῆμα,
2653 2290 2730 2360 τῷ
2757 2290 2993 2359 θεοφιλεῖ
3019 2289 3318 2360 προπάτορι
3361 2287 3625 2360 Ἀϐραὰμ,
3660 2287 3756 2340 ὄσ-

2185 2397 2269 2443 τις
2292 2379 2398 2450 εἴη,
2416 2381 2574 2433 αὑτὸν
2602 2380 2846 2450 ἐξέφηνε,
2861 2379 2954 2432 καὶ
2970 2379 3067 2449 τὴν
3086 2378 3180 2431 τοῦ
3203 2377 3411 2451 Πατρὸς
3439 2377 3600 2432 αὐτοῦ
3622 2394 3758 2450 παρ-

2185 2473 2352 2525 εδίδου
2383 2471 2605 2545 γνώμην

508 2560 815 2631 pertinaces
852 2570 906 2617 et
938 2563 1224 2630 increduli,
1277 2565 1459 2620 divina
1502 2567 1725 2622 oracula
1759 2571 2172 2629 conlirmantes.
2203 2576 2534 2622 venerantur
2565 2586 2580 2622 :
2617 2567 2704 2621 hic
2736 2568 2851 2638 ipse
2890 2566 3052 2639 igitur
3092 2585 3155 2624 ex
3228 2568 3342 2633 illo,
3411 2568 3624 2638 pietatis
3679 2567 3761 2635 ja-

507 2657 659 2713 ciens
703 2657 772 2711 ad
821 2658 1072 2716 homines
1137 2661 1369 2726 semina,
1422 2663 1716 2717 humanam
1763 2665 1997 2734 Speciem
2044 2679 2108 2718 ac
2149 2664 2375 2731 liguram
2427 2663 2672 2728 indutus,
2722 2661 2818 2718 Dei
2882 2663 3058 2718 amico
3118 2672 3282 2734 atque
3335 2663 3559 2734 antiquo
3607 2660 3756 2719 Patri

511 2747 740 2806 Abrahae
765 2752 1004 2822 seipsum
1028 2753 1280 2824 quisnam
1301 2764 1468 2821 esset,
1497 2757 1756 2825 ostendit,
1781 2756 2066 2827 Patrisque
2092 2757 2176 2814 sui
2211 2757 2436 2812 tradidit
2465 2757 2810 2811 sententiam.

1029 2869 1189 2940 235
1220 2871 1452 2926 CAPUT
1491 2871 1561 2926 x.

509 2981 900 3055 Abpeadems—
923 2982 1077 3055 Quod
1118 2984 1253 3037 idem
1285 2985 1538 3055 prop/tela
1579 2988 1633 3040 in
1667 2985 1858 3049 Jacob,
1911 3005 2085 3041 mam-

586 3053 771 3122 festius
819 3070 935 3106 eum
979 3054 1190 3123 dequo
1232 3053 1431 3121 agitur,
1484 3057 1684 3110 indicat
1737 3057 2017 3111 Dominum
2062 3074 2082 3112 :

582 3145 730 3197 quem
778 3141 904 3180 sane
949 3134 998 3178 et
1045 3122 1214 3177 Deum
1262 3136 1311 3179 et
1360 3127 1602 3198 angelum
1643 3143 1943 3196 supremum
1986 3129 2084 3182 Dei

581 3208 753 3253 vocat.
945 3221 947 3224 ‘

589 3331 606 3362 ‹
640 3311 706 3365 Et
737 3311 1018 3383 profectus
1040 3318 1124 3366 est
1158 3310 1210 3364 in
1247 3307 1517 3375 Charran,
1542 3317 1596 3366 et
1616 3309 1765 3366 venit
1793 3311 1846 3364 in
1877 3309 2082 3374 locum,

509 3414 565 3460 et
585 3405 839 3458 dormivit
870 3405 978 3458 illic
1015 3423 1030 3461 :
1063 3403 1338 3460 occiderat
1362 3405 1506 3460 enim
1531 3404 1633 3459 sol.
1670 3403 1734 3457 Et
1761 3404 1968 3474 accepit
2001 3405 2084 3457 la-

512 3497 688 3571 pides,
715 3507 768 3552 et
799 3497 982 3567 posuit
1006 3498 1110 3554 sub
1141 3498 1315 3568 capite
1345 3513 1468 3562 suo,
1501 3506 1555 3553 et
1585 3497 1846 3552 dormivit
1874 3497 1930 3551 in
1962 3497 2083 3552 loco

511 3590 627 3652 illo,
652 3597 706 3644 et
738 3589 1030 3644 somniavit
1056 3610 1068 3644 :
1098 3600 1151 3645 et
1183 3605 1311 3645 ecce
1341 3592 1488 3646 scala
1522 3598 1682 3644 terra:
1713 3588 1897 3653 inﬁxa,
1927 3589 2083 3657 cujus

512 3686 678 3750 caput
705 3679 1054 3749 perveniebat
1084 3695 1259 3750 usque
1303 3678 1370 3733 ad
1416 3679 1640 3743 cmlum,
1675 3689 1726 3734 et
1763 3677 1941 3748 angeli
1987 3676 2083 3732 Dei

515 3771 884 3826 ascendebant
913 3786 1010 3840 per
1069 3787 1210 3826 eam.
1247 3771 1314 3826 Et
1357 3769 1621 3825 Dominus
1653 3770 1984 3825 innitebatur
2011 3770 2083 3835 ei,

512 3871 567 3916 et
601 3861 736 3915 dixit
766 3881 778 3916 :
814 3862 926 3933 Ego
971 3861 1236 3918 Dominus
1277 3861 1421 3918 Deus
1451 3861 1723 3916 Abraham
1777 3862 1946 3932 patris
1979 3860 2082 3928 tui,

513 3962 567 4007 et
592 3952 734 4008 Deus
757 3951 931 4015 Isaac,
964 3970 1033 4009 ne
1063 3954 1260 4010 timeas
1295 3973 1309 4009 :
1364 3961 1513 4009 terra
1558 3954 1612 4008 in
1642 3970 1752 4024 qua
1782 3964 1837 4009 tu
1875 3953 2083 4009 dormis

515 4045 572 4100 in
605 4045 743 4116 ipsa,
780 4045 875 4100 tibi
906 4045 1047 4100 dabo
1074 4061 1217 4110 eam,
1262 4052 1316 4100 et
1345 4045 1537 4101 semini
1569 4052 1684 4100 tuo.
1744 4044 1810 4099 Et
1852 4046 1958 4101 erit
1988 4061 2079 4101 se-

515 4154 638 4193 men
667 4148 818 4193 tuum
853 4139 997 4194 sicut
1024 4155 1189 4195 arena
1224 4141 1417 4205 maris,
1449 4148 1502 4196 et
1525 4139 1843 4196 dilatabitur
1876 4140 1943 4195 ad
1969 4156 2086 4196 ma-

513 4247 594 4296 re,
618 4238 672 4285 et
717 4229 1016 4297 Orientem,
1056 4239 1110 4288 et
1144 4231 1212 4286 ad
1248 4233 1493 4297 boream,
1519 4239 1573 4287 et
1611 4231 1864 4286 africum.
1896 4230 1963 4284 Et
1991 4232 2088 4286 be-

514 4324 835 4378 nedicentur
863 4325 918 4378 in
949 4331 1002 4380 te
1045 4339 1237 4381 omnes
1267 4325 1446 4380 tribus
1473 4332 1656 4390 terrae,
1697 4331 1753 4380 et
1786 4324 1842 4377 in
1878 4324 2084 4380 semine

514 4425 631 4472 tuo.
675 4415 742 4470 Et
768 4431 897 4471 ecce
923 4431 1024 4486 ego
1053 4431 1174 4470 sum
1205 4425 1412 4481 tecum,
1438 4416 1754 4473 custodiens
1782 4423 1835 4470 te
1856 4415 1910 4470 in
1933 4415 2084 4470 omni

517 4509 628 4572 via,
664 4523 1013 4579 quacumque
1057 4509 1163 4564 iter
1199 4509 1418 4574 feceris,
1454 4518 1509 4564 et
1555 4518 1875 4565 convertam
1927 4517 1981 4563 te
2029 4509 2084 4562 in

515 4608 718 4654 terram
765 4599 907 4653 hanc
943 4617 956 4654 :
993 4599 1254 4669 quoniam
1285 4615 1394 4654 non
1445 4609 1499 4656 te
1531 4601 1856 4671 relinquam,
1909 4600 2086 4655 donec

516 4689 709 4744 faciam
740 4691 922 4745 omnia
947 4706 1306 4762 quaecumque
1333 4693 1548 4748 locutus
1589 4709 1708 4750 sum
1747 4693 1867 4748 tibi.
1904 4694 1968 4747 Et
1989 4711 2087 4749 ex-

516 4788 800 4853 perrectus
828 4789 912 4838 est
955 4782 1127 4837 Jacob
1167 4799 1197 4837 a
1229 4798 1445 4847 somno,
1478 4795 1533 4838 et
1563 4786 1640 4840 ait
1668 4805 1680 4840 :
1716 4785 1979 4842 Dominus
2001 4795 2088 4842 est

517 4877 574 4930 in
623 4876 744 4930 loco
793 4875 916 4940 hoc,
949 4890 1050 4946 ego
1099 4885 1279 4932 autem
1310 4877 1644 4932 nesciebam.
1680 4877 1747 4932 Et
1795 4879 1998 4942 timuit,
2033 4888 2088 4942 et

517 4967 642 5022 ait:
681 4967 854 5033 Quam
884 4967 1151 5023 terribilis
1197 4976 1282 5024 est
1337 4969 1492 5025 locus
1538 4971 1660 5024 hic!
1710 4985 1821 5025 non
1867 4979 1951 5026 est
1983 4971 2087 5026 hoc

517 5059 685 5122 aliud,
717 5059 824 5114 nisi
853 5059 1050 5115 domus
1097 5060 1212 5126 Dei,
1249 5068 1303 5116 et
1350 5062 1465 5116 haec
1498 5073 1653 5132 porta
1684 5063 1830 5118 caeli.
1864 5063 1930 5116 Et
1959 5080 2085 5119 sur-

518 5151 660 5205 rexit
695 5147 863 5204 Jacob
893 5166 1074 5216 mane,
1109 5159 1163 5207 et
1214 5153 1428 5222 accepit
1460 5153 1716 5223 lapidem,
1760 5171 1920 5222 quem
1957 5171 2085 5224 sup—

520 5241 702 5313 posuit
730 5242 895 5311 capiti
928 5259 1049 5307 suo,
1079 5252 1133 5299 et
1155 5245 1327 5300 erexit
1360 5245 1512 5300 illum
1543 5261 1640 5315 pro
1665 5246 1843 5309 titulo,
1882 5254 1936 5301 et
1957 5245 2087 5300 effu-

520 5329 600 5384 dit
619 5331 797 5400 olcym
829 5331 883 5384 in
915 5348 1189 5387 summum
1220 5334 1389 5397 illius,
1427 5343 1482 5389 et
1506 5335 1719 5390 vocavit
1759 5334 1929 5390 Iacob
1988 5352 2087 5391 no-

521 5439 643 5478 men
669 5423 776 5477 loci
806 5423 973 5487 illius,
1001 5426 1225 5481 domum
1253 5425 1348 5483 Dei
1370 5429 1436 5483 ⁵¹.
1479 5448 1497 5480 ι
1537 5428 1694 5494 Eum,
1725 5430 1817 5500 qui
1841 5429 1944 5485 hoe
1968 5431 2088 5486 loco

518 5523 637 5579 tam
668 5515 853 5570 multis
882 5517 1064 5574 verbis
1107 5521 1400 5590 respondet
1447 5516 1762 5590 Dominum,
1806 5529 1859 5579 et
1895 5521 2085 5592 Deum,

615 5671 658 5700 "
691 5670 827 5728 Gen.
855 5689 1030 5736 xxvii,
1066 5673 1249 5728 lO-l9.

594 5805 671 5878 (1)
706 5809 976 5882 interpres
1005 5811 1214 5885 legebat
1246 5811 1574 5883 ἀγνώμονες.

2720 2872 3120 2926 ΚΕΦΑΛΛῙΟΝ
3156 2874 3213 2927 ι’.

2200 2988 2331 3043 Ἀπὸ
2374 2986 2484 3054 τῆς
2534 2986 2744 3055 αὐτῆς.
2776 3019 2843 3031 -—
2884 2988 2974 3053 Ὡς
3027 2991 3060 3042 ὀ
3097 2987 3278 3053 αὐτὸς
3312 2987 3619 3056 προφήτης
3657 2987 3755 3041 ἐπὶ

2256 3058 2361 3111 τοῦ
2403 3057 2614 3120 Ἰακὼϐ,
2645 3059 3019 3126 σαφέστερον
3042 3059 3310 3126 ἐμφαίνει
3337 3059 3439 3110 τὸν
3468 3058 3757 3125 δηλούμε-

2256 3145 2366 3182 νον
2394 3129 2637 3196 Κύριον,
2667 3128 2738 3181 ὃν
2760 3127 2835 3194 δὴ
2865 3129 2964 3182 καὶ
2997 3128 3164 3194 Θεὸν,
3202 3127 3298 3179 καὶ
3323 3127 3581 3196 ἄγγελον
3607 3129 3759 3182 ἀπο⁴

2108 3201 2151 3257 C
2253 3201 2427 3252 καλεῖ
2446 3198 2551 3253 τοῦ
2578 3198 2675 3251 ἐπὶ
2704 3197 2945 3252 πάντων
2971 3199 3118 3252 Θεοῦ
3157 3197 3514 3266 προσειπών.

2267 3329 2287 3363 ι
2309 3310 2420 3363 Καὶ
2441 3309 2707 3381 ἐπορεύθη
2735 3311 2815 3373 είς
2848 3310 3072 3381 Χαρρὰν
3090 3349 3104 3374 ,
3142 3309 3234 3363 καὶ
3263 3306 3543 3379 ἀπήντησε
3571 3308 3720 3377 τόπῳ
3740 3347 3754 3371 ,

2192 3404 2284 3457 καὶ
2319 3402 2588 3474 ἐκοιμήθη
2615 3403 2756 3454 ἐκεῖο
2789 3401 2877 3454 ἔδυ
2916 3400 3024 3472 γὰρ
3044 3403 3072 3454 6
3097 3401 3266 3471 ἥλιος.
3295 3401 3403 3453 Καὶ
3436 3400 3624 3453 ἐλαϐεν
3651 3400 3758 3452 ἀπὸ

2191 3497 2296 3551 τῶν
2319 3495 2505 3558 λίθων,
2534 3494 2629 3548 καὶ
2661 3493 2824 3563 ἔθηκε
2851 3493 2986 3564 πρὸς
3019 3493 3258 3562 κεφαλῆς
3282 3490 3466 3555 αὑτοῦ,
3494 3493 3589 3545 καὶ
3612 3493 3757 3544 6x0:-

2195 3587 2339 3660 μήθη
2371 3588 2429 3641 ὲν
2458 3586 2534 3657 τῷ
2563 3586 2711 3655 τόπῳ
2745 3584 2956 3655 ἐκείνῳ,
2989 3586 3082 3637 καὶ⁵
3109 3584 3441 3654 ένυπνιάσθη
3463 3601 3475 3613 °
3510 3585 3604 3637 καὶ
3647 3583 3755 3637 ίδοὺ

2192 3681 2394 3754 κλίμαξ
2422 3681 2789 3752 ὲστηριγμένη
2834 3682 2914 3745 εἰς
2943 3679 3042 3750 τὴν
3079 3680 3183 3749 γῆν
3204 3718 3218 3742 9
3247 3675 3314 3751 ἧς
3349 3681 3382 3748 ἢ
3423 3677 3628 3748 κεφαλὴ
3655 3680 3759 3747 ἀφ’

2195 3779 2393 3828 ικνεῐτο
2426 3776 2505 3837 είς
2537 3772 2627 3827 τὸν
2651 3771 2898 3844 οὐρανὸν,
2925 3772 3018 3826 καὶ
3043 3772 3092 3824 οἱ
3119 3770 3338 3840 ἄγγελοι
3367 3769 3459 3822 τοῦ
3491 3769 3626 3823 Θεοῦ
3665 3771 3760 3823 ἀν-

2195 3866 2428 3933 έϐαινον,
2452 3865 2546 3918 καὶ
2573 3865 2892 3918 κατέϐαινον
2919 3865 3004 3917 ἐπ’
3034 3863 3222 3934 αὐτην.
3255 3863 3315 3915 '0
3347 3863 3402 3915 δὲ
3433 3861 3633 3933 Κύριος
3662 3864 3759 3914 έπ-

2191 3959 2479 4029 εστήρικτο
2525 3958 2611 4010 ἐπ’
2657 3945 2860 4027 αὐτῆς,
2901 3956 2996 4009 καὶ
3033 3951 3223 4008 εἶπεν
3279 3953 3420 4023 Ἐγὼ
3471 3953 3674 4024 Κύριος
3727 3954 3756 4005 6

2190 4050 2322 4114 Θεὸς
2359 4049 2608 4122 Ἀϐραὰμ
2648 4049 2742 4104 τοῦ
2773 4048 2978 4120 πατρός
3013 4064 3106 4100 σου
3126 4086 3140 4109 ,
3172 4046 3266 4100 καὶ
3297 4048 3325 4100 6
3366 4044 3495 4108 Θεὸς
3534 4044 3718 4099 Ἰσαὰκ
3738 4086 3752 4108 ,

2195 4138 2269 4210 μὴ
2301 4137 2466 4209 φοϐοῦ
2487 4156 2500 4167 ·
2535 4140 2568 4208 ἡ
2599 4139 2668 4209 γῆ
2707 4139 2791 4207 ἐφ’
2827 4138 2893 4208 ἣν
2932 4138 2998 4190 σὺ
3032 4135 3310 4200 καθεύδεις
3337 4135 3422 4187 ἐπ’
3450 4134 3638 4205 αὐτὴν,
3674 4135 3758 4187 σει

2190 4233 2346 4288 δώσω
2378 4233 2578 4304 αὐτὴν,
2612 4232 2706 4287 καὶ
2747 4231 2825 4302 τῷ
2865 4230 3138 4304 σπέρματί
3187 4247 3302 4283 σου.
3348 4229 3458 4282 Καὶ
3503 4229 3651 4282 ἔσται
3696 4228 3756 4280 τὸ

2194 4323 2413 4395 σπέρμα
2437 4341 2530 4377 σου
2553 4324 2628 4387 ώς
2655 4325 2688 4394 ὴ
2725 4323 2905 4394 ἄμμος
2937 4322 3035 4392 τῆς
3063 4321 3337 4391 θαλάσσης
3357 4359 3370 4384 ,
3403 4319 3496 4373 καί
3523 4320 3762 4373 πλατύν-α

2193 4415 2415 4488 θήσεται
2441 4415 2533 4469 ἐπὶ
2562 4414 2835 4470 θάλασσαν
2865 4415 2957 4468 καὶ
2986 4413 3250 4476 ἀνατολὰς
3269 4453 3283 4477 ,
3315 4413 3409 4465 καὶ
3437 4411 3530 4464 ἐπὶ
3559 4412 3758 4485 βορρᾶν

2191 4506 2286 4560 καὶ
2308 4507 2447 4560 λίϐα.
2475 4507 2586 4560 Καὶ
2619 4507 3130 4577 ένευλογηθήσονται
3164 4507 3222 4558 ἐν
3255 4506 3336 4558 σοὶ
3369 4506 3536 4557 πᾶσαι
3571 4507 3624 4556 ai
3659 4522 3759 4572 φυο

2116 4567 2161 4624 D
2188 4598 2277 4654 λαὶ
2309 4600 2406 4669 τῆς
2443 4599 2547 4668 γῆς
2569 4637 2583 4661 ,
2613 4599 2707 4651 καί
2734 4601 2790 4651 ἐν
2818 4598 2894 4670 τῷ
2924 4597 3197 4669 σπέρματί
3229 4614 3342 4649 σου.
3374 4596 3483 4648 Καὶ
3512 4595 3618 4648 ἰδοὺ
3647 4593 3758 4663 ὲγώ

2188 4695 2302 4762 εἰμι
2347 4691 2484 4762 μετὰ
2510 4693 2602 4744 σοῦ
2623 4730 2639 4756 ,
2667 4691 3045 4759 διαφυλάσσων
3076 4707 3136 4742 σε
3165 4693 3222 4742 ὲν
3253 4692 3319 4760 τῇ
3351 4685 3454 4758 ὁδῷ
3478 4689 3627 4758 πασῃ
3646 4728 3659 4749 ,
3696 4681 3757 4740 οὗ

2185 4784 2250 4838 ἂν
2284 4784 2576 4856 πορευθῇς,
2597 4785 2691 4837 καὶ
2713 4784 3040 4855 ἀποστρέψω
3064 4800 3122 4836 σε
3153 4784 3232 4846 είς
3263 4781 3360 4852 τὴν
3394 4783 3496 4850 γῆν
3529 4781 3752 4850 ταύτην·

2187 4878 2269 4930 ὅτι
2313 4877 2373 4928 οὐ
2420 4878 2492 4948 μή
2546 4895 2605 4930 σε
2651 4878 3062 4945 ὲγκαταλείπω,
3123 4876 3227 4938 ἓως
3269 4873 3360 4926 τοῦ
3415 4871 3637 4942 ποιῆσαί
3688 4887 3756 4941 με

2190 4969 2364 5022 πάντα
2400 4969 2501 5022 ὅσα
2543 4968 2781 5039 ἐλάλησα
2819 4987 2920 5022 σοι.
2958 4969 3068 5021 Καὶ
3109 4966 3376 5038 ἐξηγέρθη
3419 4964 3608 5017 Ἰακὼϐ
3649 4963 3757 5016 ἀπὸ

2187 5061 2282 5114 τοῦ
2313 5061 2480 5115 ὕπνου
2525 5063 2687 5116 αὑτοῦ
2713 5103 2729 5127 ,
2769 5063 2863 5115 καὶ
2892 5057 3072 5125 εἶπεν,
3103 5062 3204 5124 ὅτι,
3249 5060 3404 5110 ’Ἐστι
3442 5057 3645 5126 Κύριος
3699 5055 3756 5106 ὲν

2189 5153 2266 5224 τῷ
2291 5155 2440 5225 τόπῳ
2478 5154 2650 5225 τούτῳ
2673 5195 2687 5220 ,
2724 5152 2833 5223 ἐγὼ
2873 5153 2930 5206 δὲ
2975 5153 3073 5206 οὐκ
3116 5151 3282 5222 ⁴ᾔδειν.
3324 5149 3433 5200 Καὶ
3475 5145 3712 5215 ἐφοϐήθη
3739 5182 3754 5207 ,

2191 5247 2286 5299 καὶ
2344 5242 2528 5300 εἶπεν·
2581 5247 2669 5311 Ὠς
2734 5245 2961 5316 φοϐερὸς
2999 5246 3028 5297 6
3063 5244 3226 5306 τόπος
3270 5235 3455 5304 οὗτοςί
3499 5239 3598 5292 οὐκ
3643 5238 3756 5290 ἐστι

2187 5340 2344 5392 τοῦτο
2372 5341 2484 5394 ἀλλ’
2517 5341 2549 5411 ἢ
2579 5337 2726 5404 οἶκος
2756 5339 2912 5403 Θεοῦ,
2945 5339 3038 5391 καὶ
3069 5337 3205 5406 αὕτη
3236 5339 3269 5406 ή
3307 5335 3448 5406 πύλη
3480 5333 3574 5387 τοῦ
3601 5332 3759 5404 οὐρα-

2187 5431 2300 5486 νοῦ.
2333 5432 2442 5484 Καὶ
2474 5432 2671 5502 ἀνέστη
2716 5430 2909 5484 Ἰακὼϐ
2943 5430 3002 5483 τὸ
3041 5429 3185 5501 πρωϊ
3204 5469 3218 5489 .
3254 5432 3348 5483 καὶ
3372 5426 3530 5480 ἔλαϐε
3561 5423 3651 5478 τὸν
3678 5420 3759 5475 λί-

2194 5522 2315 5591 θον,
2341 5524 2400 5578 ὃν
2441 5523 2681 5595 ὑπέθηκε
2723 5523 2858 5595 πρὸς
2886 5523 3131 5593 κεφαλῆς
3159 5520 3358 5585 αὐτοῦ,
3401 5506 3496 5572 ’καὶ
3534 5517 3759 5585 ἔστησεν
