4100 6430
225 294 345 350 335

1163 291 1820 352 DEMONSTRATIONIS
1854 290 2320 352 EVANGELICE
2361 295 2496 353 LIB.
2536 296 2605 353 ν.

3076 346 3093 379 ,
3404 306 3512 366 388

227 410 416 464 αὑτὸν
451 412 647 482 στήλην
672 451 685 474 ,
722 412 817 465 καὶ
856 411 1081 483 ἐπέχεεν
1113 412 1290 468 ἔλαιον
1318 414 1415 468 ἐπὶ
1451 414 1512 468 τὸ
1540 412 1708 488 ἄκρον
1736 415 1834 471 αὑ-

1936 415 2186 488 angelum
2234 430 2456 486 quoque
2509 413 2607 471 Dei
2658 415 2919 490 deinceps
2974 435 3301 492 progressus
3357 422 3511 480 inve-

225 500 373 570 τῆς,
424 502 517 555 καὶ
546 501 771 555 ἐκάλεσε
809 502 1002 556 Ἰακὼϐ
1031 503 1094 557 τὸ
1126 504 1297 575 ὄνομα
1342 502 1435 557 τοῦ
1465 505 1632 558 τόπου
1683 506 1831 559 ἐκεί-

230 611 360 660 νου,
393 591 546 659 οἶκος
578 594 735 649 Θεοῦ.
772 616 790 647 ι
822 596 1023 650 Τοῦτον
1050 597 1143 650 τὸν
1189 596 1420 652 ἐνταῦθα
1451 598 1540 652 διὰ
1566 599 1833 653 τοσούτων

230 687 661 759 χρηματίζοντα
708 688 913 761 Κύριον
962 689 1057 742 καὶ
1101 690 1253 756 Θεὸν,
1301 690 1528 760 ἄγγελον
1556 690 1649 744 τοῦ
1696 690 1830 745 Θεοῦ

226 779 459 850 προῖὼν
500 780 627 851 ἑξῆς
658 781 912 853 εὑρήσεις
936 822 950 845 ,
986 782 1045 835 ὲν
1078 776 1159 846 οἷς
1186 799 1318 854 φησι
1353 779 1492 854 πρὸς
1521 782 1619 847 τὰς
1650 787 1835 853 γυναῖ-

222 888 341 937 κας
389 872 557 936 αὐτὸς
612 871 833 926 Ἰακώϐ·
866 891 884 924 ι
914 874 1025 926 Καὶ
1076 870 1198 927 εἶπέ
1246 891 1336 946 μοι
1386 875 1416 927 6
1466 874 1696 944 ἄγγελος
1739 877 1831 930 τοῦ

222 964 378 1019 Θεοῦ
406 966 531 1019 καθ’
564 964 733 1019 ὕπνον
752 982 763 996 ·
816 965 1026 1020 Ἰακώϐ.
1097 966 1236 1036 Ἐγὼ
1258 967 1314 1021 δὲ
1339 963 1494 1021 εἶπαο
1540 968 1605 1020 Τί
1636 969 1751 1020 ἐστι
1772 984 1785 1035 ;
1810 988 1829 1020 ι

224 1058 354 1113 Καὶ
388 1058 522 1129 ἑῇς
542 1074 555 1087 ·
580 1078 599 1110 ι
636 1059 906 1133 Ἑώρακα,
940 1079 958 1111 ι
985 1062 1136 1131 φησι,
1163 1080 1181 1113 ι
1206 1061 1383 1116 πάντα
1412 1063 1511 1115 ὅσα
1541 1061 1727 1115 Λάϐαν
1752 1062 1835 1115 σοὶ

228 1151 413 1202 ποιεῖ.
455 1146 600 1219 Ἐγὼ
627 1150 656 1203 6
676 1149 809 1214 Θεὸς
840 1151 869 1202 6
894 1149 1079 1220 ὀφθείς
1115 1168 1197 1204 σοι
1224 1153 1283 1205 ἐν
1310 1152 1483 1224 τόπῳ,
1510 1147 1572 1206 οὗ
1603 1151 1833 1224 ἤλειψας

237 1254 337 1308 μοι
378 1240 505 1293 ἐκεῖ
536 1240 734 1312 στήλην
759 1280 774 1305 ,
824 1242 919 1294 καὶ⁸
962 1240 1110 1313 ηὔξω
1153 1259 1241 1314 μοι
1274 1243 1460 1315 εὐχήν.
1498 1245 1652 1316 »Ἆρ’
1675 1240 1767 1297 οὖν
1806 1246 1836 1297 6

227 1330 510 1402 ἀνωτέρω
538 1333 738 1403 φήσας,
777 1352 796 1384 ι
838 1332 978 1402 Ἐγὼ
1008 1334 1212 1406 Κύριος
1244 1337 1273 1389 6
1302 1335 1433 1401 Θεὸς
1464 1335 1716 1407 Ἀϐραὰμ
1738 1334 1832 1389 τοῦ

228 1424 459 1494 πατρός
480 1440 594 1489 σου,
611 1424 704 1479 καὶ
730 1426 760 1478 6
786 1425 918 1490 Θεὸς
933 1426 1167 1494 Ἰσαὰκ,›
1193 1421 1238 1496 ᾧ
1261 1429 1356 1482 καὶ
1379 1427 1581 1500 στήλην
1609 1428 1837 1501 ἀνέστη-

230 1531 331 1568 σεν
355 1516 392 1569 6
414 1515 691 1590 θεοφιλὴς,
735 1516 868 1582 Θεὸς
904 1518 1004 1590 μὲν
1029 1514 1099 1589 ἦν
1136 1520 1231 1572 καὶ
1273 1519 1479 1592 Κύριος
1530 1520 1702 1592 (αὐτῷ
1725 1522 1835 1594 γὰρ

228 1602 465 1672 λέγοντι
507 1605 873 1676 πιστευτέον),
922 1607 984 1660 οὐ
1025 1604 1129 1678 μὴν
1160 1606 1189 1659 6
1236 1607 1328 1660 ἐπὶ
1371 1606 1588 1660 πάντων
1608 1646 1622 1672 _.
1659 1606 1853 1677 ἀλλἈ

228 1693 463 1747 ἐκείνου
481 1694 759 1769 δεῦτε-περς,
788 1696 856 1749 τὰ
886 1695 982 1750 τοῦ
1017 1696 1230 1769 [ἰατρὸς
1258 1700 1338 1762 είς
1368 1696 1692 1770 ἀνθρώπους
1714 1697 1833 1751 δια-

224 1755 521 1767 ~—__.—

1932 509 2051 564 nies
2081 526 2096 564 :
2144 507 2237 562 ubi
2283 507 2350 563 ad
2386 507 2646 563 mulieres
2673 509 2748 562 ait
2777 510 2896 580 ipse
2923 510 3096 568 Jacob
3130 532 3143 569 :
3209 533 3228 566 ι
3271 512 3338 569 Ει
3366 518 3509 572 dixit

1933 599 2066 654 mihi
2117 598 2342 671 angelus
2390 597 2485 654 Dei
2533 598 2589 653 in
2636 601 2883 666 somnis,‘
2926 601 3121 659 Jacob.
3165 605 3279 678 Ego
3326 616 3509 663 autem

1932 691 2045 746 dixi
2077 706 2091 745 :
2124 690 2265 758 Quid
2307 698 2391 748 est
2418 691 2505 745 "‘i
2536 710 2556 744 ι
2591 690 2656 746 Et
2683 690 2943 764 deinceps
2974 712 2988 750 :
3024 715 3043 747 ι
3078 695 3223 766 Vidi,
3265 718 3284 752 ›
3310 700 3509 770 inquit,

1934 783 2097 855 236
2132 802 2151 835 ι
2182 784 2365 838 omnia
2410 798 2770 856 quaecumque
2808 783 2994 842 Laban
3050 788 3151 843 tibi
3183 789 3330 847 facit.
3395 791 3513 863 Ego

1933 875 2101 941 Deus,
2149 877 2243 947 qui
2285 875 2513 947 apparui
2558 875 2657 931 tibi
2689 876 2747 931 in
2782 877 2924 942 loco,
2970 879 3063 935 ubi
3113 882 3319 938 unxisti
3372 884 3508 939 mihi

1933 969 2175 1033 titulum,
2208 974 2264 1023 et
2284 968 2482 1024 vovisti
2522 969 2656 1025 mihi
2684 976 2871 1025 votum
2896 971 2962 1026 ⁵³.
3005 991 3025 1025 ι
3058 971 3201 1044 Ergo
3226 975 3318 1045 qui
3343 990 3509 1048 supra

1934 1061 2168 1123 dixerat,
2209 1078 2229 1112 ι
2276 1059 2390 1132 Ego
2413 1059 2677 1117 Dominus
2708 1058 2852 1119 Deus
2890 1063 3165 1119 Abraham
3193 1066 3368 1136 patris
3399 1068 3507 1133 tui,

1934 1165 1988 1209 et
2018 1152 2160 1209 Deus
2189 1152 2362 1218 Isaac,
2397 1173 2416 1206 ι
2444 1153 2532 1209 cui
2567 1161 2621 1209 et
2664 1154 2884 1210 titulum
2937 1156 3111 1213 erexit
3146 1156 3243 1213 Dei
3274 1160 3507 1224 amicus,

1934 1245 2079 1302 Deus
2107 1247 2326 1317 quidem
2359 1256 2477 1302 erat
2517 1253 2573 1302 et
2623 1246 2889 1304 Dominus
2932 1249 3061 1321 (ipsi
3112 1250 3259 1305 enim
3305 1250 3509 1307 dicenti

1934 1336 2312 1411 credendum),
2346 1353 2459 1393 non
2490 1346 2670 1394 tamen
2703 1340 2750 1396 is
2780 1340 2873 1410 qui
2899 1339 3062 1395 Pater
3082 1349 3185 1406 est,
3214 1348 3268 1397 et
3302 1356 3331 1396 a
3359 1342 3513 1397 nullo

1933 1438 2038 1497 est,
2076 1429 2172 1486 sed
2200 1430 2294 1501 qui
2320 1444 2406 1495 ea,
2446 1445 2568 1501 quae
2594 1430 2660 1485 ad
2692 1430 2906 1488 Patrem
2939 1432 3235 1503 pertinent,
3273 1432 3512 1489 homini-

1934 1521 2039 1578 bus
2081 1520 2464 1578 subministrat
2502 1529 2558 1577 et
2601 1522 2836 1578 nuntiat.
2891 1522 3162 1590 Quocirca
3209 1523 3373 1580 etiam
3404 1538 3503 1579 an-

1934 1614 2115 1685 gelum
2169 1613 2351 1685 ipsum
2404 1615 2458 1669 in
2512 1613 2767 1684 praesenti
2824 1623 2985 1671 vocat
3043 1614 3213 1671 Iacob
3269 1616 3362 1672 ubi
3408 1616 3507 1680 ait,

1940 1724 1959 1757 ι
1995 1703 2141 1759 Dixit
2171 1704 2305 1760 mihi
2335 1705 2561 1776 angelus
2591 1705 2685 1759 Dei
2711 1705 2768 1760 in
2791 1706 2999 1762 somnis
3019 1706 3185 1761 verba
3217 1705 3371 1762 haec:
3398 1705 3511 1778 Ego

228 1784 578 1857 πονούμενος
608 1787 703 1843 καὶ
723 1787 1073 1857 διαγγέλλων.
1112 1789 1203 1841 Διὸ
1230 1789 1322 1842 καὶ
1350 1787 1580 1857 ἄγγελον
1614 1788 1775 1842 αὐτὸν
1808 1792 1834 1843 6

1937 1808 2058 1849 sum
2087 1792 2253 1859 Deus,
2285 1793 2378 1864 qui
2403 1793 2630 1865 apparui
2650 1793 2747 1849 tibi
2773 1795 2829 1850 in
2858 1796 3000 1851 loco.
3041 1815 3061 1848 ι
3107 1795 3249 1868 Ergo
3275 1797 3418 1853 idem
3457 1807 3513 1853 et

242 1875 458 1930 Ἰακὼϐ
487 1878 581 1932 ἐπὶ
599 1877 693 1932 τοῦ
721 1880 984 1951 παρόντος
1011 1878 1165 1933 καλεῖ
1184 1896 1197 1911 ·
1229 1900 1247 1931 ι
1271 1876 1407 1934 Εἰπέ
1430 1896 1521 1952 μοι
1546 1883 1575 1933 6
1601 1879 1832 1948 ἄγγελος

227 1969 336 2023 τοῦ
386 1969 532 2024 Θεοῦ
585 1972 810 2041 φάσκων
857 1971 980 2026 καθ’
1013 1972 1207 2025 ὕπνον·
1246 1971 1384 2041 Ἐγώ
1432 1973 1547 2043 εἰμι
1578 1971 1606 2022 6
1638 1970 1769 2035 Θεὸς
1804 1973 1832 2024 6

232 2061 438 2131 ὀφθείς
475 2080 560 2117 σοι
597 2066 655 2117 ὲν
691 2063 769 2135 τῷ
810 2064 980 2136 τόπῳ.
1012 2083 1032 2114 ι
1069 2064 1278 2119 Οὐκοῦν
1322 2066 1351 2119 6
1396 2064 1558 2128 αὐτὸς
1601 2064 1833 2134 ἄγγελος

233 2153 461 2226 Κυρίου
481 2156 576 2208 καὶ
600 2155 733 2219 Θεὸς
764 2158 856 2211 καὶ
899 2156 1125 2229 Κύριος,
1158 2156 1345 2227 σαφῶς
1371 2157 1458 2211 διὰ
1506 2157 1709 2212 τούτων
1742 2157 1835 2210 ἀν-

234 2247 571 2318 ηγόρευται.
616 2249 728 2302 Καὶ
763 2250 822 2302 ὲν
864 2250 1062 2322 Ἡσαΐᾳ
1086 2249 1144 2304 δὲ
1166 2249 1245 2321 τῷ
1283 2252 1557 2322 προφήτῃ,
1591 2249 1834 2321 μεγάλης

238 2338 451 2411 βουλῆς
496 2341 722 2411 ἄγγελος
739 2382 754 2405 ,
799 2341 934 2413 ὁμοῦ
974 2342 1030 2395 δὲ
1075 2342 1170 2397 καὶ
1212 2341 1345 2406 Θεὸς
1377 2342 1473 2395 καὶ
1521 2341 1705 2412 ἄρχων
1737 2342 1832 2395 καλ⁸

236 2430 607 2506 ἔξουσιαστὴς
621 2433 1104 2507 προσαγορεύεται,
1124 2435 1183 2487 ἑν
1207 2428 1289 2499 οἷς
1305 2434 1402 2505 τὴν
1422 2435 1501 2497 είς
1514 2432 1831 2506 ἀνθρώπους

237 2523 419 2580 αὐτοῦ
448 2525 662 2593 γένεσιν
690 2526 956 2591 θεσπίζει,
990 2525 1193 2595 λέγων·
1232 2543 1251 2576 ι
1286 2525 1407 2578 Ὀτι
1437 2524 1648 2578 παιδίον
1677 2526 1830 2592 ὲγεν-
1858 2550 1863 2556 -

234 2614 386 2686 νήθη
417 2617 571 2687 ἡμῖν,
602 2617 698 2672 καὶ
739 2617 853 2682 υἱὸς
878 2618 1035 2687 ἐδόθη
1079 2619 1212 2689 ἡμῖν
1235 2658 1250 2683 ,
1291 2610 1351 2670 οὗ
1381 2616 1414 2687 ἡ
1445 2615 1587 2688 ἀρχὴ
1619 2615 1711 2669 ἐπὶ
1738 2614 1831 2669 τοῦ

1936 1885 2164 1955 angelus
2193 1883 2431 1949 Domini,
2456 1892 2513 1941 et
2539 1884 2707 1950 Deus,
2735 1894 2789 1942 et
2828 1885 3114 1954 Dominus,
3147 1888 3307 1960 plane
3335 1889 3392 1944 in
3422 1888 3511 1944 bis

1936 1976 2239 2046 appellatus
2286 1983 2389 2033 est.
2426 1975 2495 2031 Et
2542 1977 2687 2048 apud
2717 1975 2914 2034 Isaiam
2949 1979 3273 2050 prophetam
3325 1979 3510 2051 magni

1936 2066 2153 2122 consilii
2184 2065 2432 2136 angelus,
2468 2065 2798 2139 interimque
2826 2075 2881 2124 et
2923 2066 3086 2133 Deus,
3125 2076 3179 2124 et
3229 2069 3509 2140 princeps,

1939 2167 1992 2213 et
2019 2165 2345 2227 potestatem
2390 2157 2602 2214 habens
2651 2159 2989 2226 nominatur,
3031 2161 3125 2216 ubi
3161 2168 3317 2218 ortus
3358 2161 3510 2219 illius

1940 2249 2087 2304 inter
2110 2245 2673 2319 'homines'canitur,
2699 2266 2728 2305 a
2752 2252 2989 2318 dicente,
3072 2254 3216 2325 quod
3255 2271 3274 2305 ι
3310 2270 3512 2326 pueru-

1937 2342 2025 2397 lus
2056 2350 2219 2397 natus
2249 2351 2334 2397 est
2364 2343 2546 2409 nobis,
2579 2351 2635 2400 et
2672 2342 2816 2398 [ilius
2850 2344 3012 2400 datus
3034 2354 3118 2401 est
3145 2344 3327 2409 nobis,
3349 2347 3509 2416 cujus

1936 2432 2278 2503 principatus
2298 2446 2464 2504 super
2493 2434 2783 2489 humerum
2816 2435 2958 2506 ejus,
2987 2444 3042 2491 et
3064 2446 3291 2492 vocatur
3310 2453 3509 2494 nomen

1938 2524 2059 2594 ejus
2091 2524 2271 2595 magni
2304 2524 2525 2580 consilii
2553 2527 2804 2597 angelus,
2863 2528 3119 2598 princeps
3160 2529 3333 2599 pacis,
3363 2526 3507 2581 Deus

1938 2614 2120 2683 fortis,
2146 2615 2444 2685 potentiam
2471 2615 2703 2682 habens,
2731 2627 2884 2687 pater
2914 2618 3083 2673 futuri
3108 2619 3367 2676 seculi“.
3406 2638 3430 2674 ι

237 2707 405 2779 ὤμου
436 2710 635 2777 αὐτοῦ,
686 2714 779 2765 καὶ
810 2712 1056 2766 καλεῖται
1095 2712 1155 2766 τὸ
1190 2712 1360 2783 ὄνομα
1389 2710 1553 2765 αὑτοῦ
1590 2711 1831 2784 μεγάλης
1869 2709 2064 2781 βουλῆς
2125 2710 2376 2780 ἄγγελος,
2411 2710 2594 2783 ἄρχων
2654 2713 2896 2795 εἰρήνης,
2926 2714 3058 2780 Θεὸς
3091 2715 3326 2790 ἰσχυρὸς,
3357 2714 3510 2782 ἆξον-

238 2806 480 2879 σιαστης
501 2847 517 2872 ,
548 2807 731 2881 πατὴρ
752 2807 848 2862 τοῦ
883 2807 1168 2879 μέλλοντος
1193 2806 1406 2871 αἰῶνος.
1457 2827 1475 2860 ι

781 2925 1174 2979 ΚΕΦΑΛΑΙΘΝ
1210 2926 1314 2979 ῙΑ’.

253 3044 354 3110 Ὠς
386 3042 491 3096 καί
532 3039 732 3096 Ἰακὼό
767 3037 874 3092 τὸν
894 3108 901 3110 ξ
923 3037 1383 3110 προδηλωθέντα
1413 3037 1513 3093 καί
1538 3038 1704 3110 ΑΘεύν
1732 3039 1831 3092 καί

2539 2919 2772 2976 CAPUT
2820 2920 2891 2976 XI
2901 2962 2913 2974 .

1942 3033 2095 3101 Quod
2127 3034 2286 3088 etiam
2308 3030 2477 3105 Jagob
2502 3049 2642 3098 eum,
2684 3034 2748 3087 de
2788 3049 2889 3105 quo
2923 3035 3160 3103 proxime
3186 3035 3386 3091 dictum
3405 3048 3508 3102 est,

315 3103 561 3187 Κύριον,
586 3110 685 3187 καὶ
707 3109 783 3177 δὴ
810 3108 909 3187 καί
936 3103 1215 3187 ἄγγελρν,
1243 3109 1455 3187 ὁμοίιος
1486 3107 1568 3187 τῷ
1601 3109 1834 3187 Ἀϐραὰμ

2015 3114 2066 3157 et
2097 3105 2261 3187 Deum
2291 3113 2341 3157 et
2370 3103 2677 3187 Dominum,
2699 3103 2955 3187 ρςαέιεγεα
2979 3107 3218 3187 angelum
3241 3107 3509 3187 similiter,

315 3177 754 3250 ἐτι-’ἀνθρώπου
791 3178 1053 3248 σχήματι
1099 3177 1300 3247 θεωρεῖ
1338 3177 1438 3233 διὰ
1493 3177 1606 3247 τῆς
1645 3177 1835 3247 οὕτως⁵

319 3256 589 3325 ἐχούσης
615 3251 905 3320 ἱστορίας.

324 3387 345 3419 ι
394 3365 661 3429 Ἀναστὰς
700 3365 757 3420 δὲ
801 3364 901 3436 τὴν
940 3362 1114 3419 νύκτα
1158 3363 1395 3436 ἐκείνην,
1430 3363 1590 3417 ἔλαϐε
1618 3362 1717 3427 τὰς
1742 3364 1836 3419 δύο

243 3462 538 3530 γυναῖκας,
564 3458 658 3512 καὶ
682 3457 781 3521 τὰς
804 3456 897 3510 δύο
925 3457 1237 3521 παιδίσκας,
1265 3457 1360 3510 καὶ
1387 3457 1455 3512 τὰ
1482 3456 1675 3511 ἕνδεκα
1708 3475 1837 3513 παι-

244 3552 336 3606 δία
390 3550 553 3605 αὐτοῦ
573 3591 589 3615 ,
623 3551 722 3604 καί
752 3548 904 3620 διέϐη
931 3549 1029 3620 τὴν
1060 3548 1307 3603 διάϐασιν
1344 3547 1443 3620 τὴν
1480 3548 1674 3603 Ἰακώϐ
1697 3566 1710 3581 ·
1743 3551 1836 3605 καὶ

248 3644 444 3698 ἅλαϐεν
507 3645 735 3707 αὐτοὺς,
787 3642 882 3696 καὶ
927 3640 1200 3695 διεϐίϐασε
1273 3640 1451 3695 πάντα
1501 3642 1570 3696 τὰ
1618 3642 1833 3696 ἑαυτοῦ.

259 3735 597 3806 Ὑπελείφθη
619 3735 677 3788 δὲ
709 3733 901 3788 Ἰακὼϐ
931 3733 1110 3805 μόνος,
1141 3734 1235 3788 καὶ
1263 3732 1493 3787 ὲπάλαιε
1525 3736 1643 3805 μετ’
1669 3733 1834 3789 αὑτοῦ

249 3826 540 3900 ἄνθρωπος
575 3827 681 3890 ἕως
722 3827 887 3899 πρωΐ.
921 3821 1043 3880 Είδε
1097 3826 1183 3891 δὲ,
1225 3826 1305 3879 ὅτι
1344 3826 1404 3879 οὐ
1437 3825 1657 3879 δύναται
1702 3827 1837 3898 πρὸς

250 3921 441 3983 αὐτὸν,
482 3920 577 3973 καὶ
600 3918 778 3990 ἥψατο
806 3918 901 3972 τοῦ
930 3919 1166 3979 πλάτους
1198 3917 1290 3970 τοῦ
1322 3917 1496 3989 μηροῦ
1524 3917 1712 3981 αὐτοῦ,
1742 3919 1837 3972 κα)⁸

250 4015 527 4086 ἑνάρκησε
548 4012 609 4065 τὸ
633 4010 834 4074 πλάτος
854 4010 947 4063 τοῦ
971 4008 1146 4081 μηροῦ
1175 4007 1390 4073 Ἰακὼϐ,
1410 4009 1468 4062 ὲν
1490 4008 1568 4079 τῷ
1588 4008 1837 4063 παλαίειν

250 4105 419 4161 αὑτὸν
468 4105 586 4175 μετ’
627 4101 814 4156 αὑτοῦ.
877 4102 988 4155 Kal
1034 4096 1190 4154 εἶπεν
1237 4099 1423 4171 αὐτῷ*
1497 4100 1837 4156 Ἀπόστειλον

255 4214 362 4268 με·
414 4194 582 4266 ἀνέϐη
614 4193 725 4266 γὰρ
767 4196 796 4248 6
833 4192 1049 4265 ὸρθρος.
1109 4193 1168 4246 '0
1215 4192 1273 4246 δὲ
1327 4189 1514 4246 εἶπενθ
1561 4193 1635 4245 Οὐ
1672 4194 1746 4264 μή
1777 4210 1836 4247 σε

250 4288 591 4352 ἀποστείλω,
629 4287 724 4340 ἐὰν
781 4287 855 4358 μή
915 4302 981 4356 με
1030 4284 1348 4356 εὐλογήσης.
1398 4278 1533 4337 Eine
1575 4285 1622 4338 δ’
1652 4283 1832 4354 αὐτῷ’

251 4378 322 4432 Τί
378 4378 441 4431 τὸ
508 4376 679 4446 ὄνομά
746 4391 870 4440 σου;
928 4373 987 4427 Ὁ
1035 4372 1091 4426 δὲ
1162 4369 1348 4426 εἷπενο
1420 4370 1633 4427 Ἰακώϐ.
1702 4370 1836 4427 Eine

2011 3184 2069 3227 ut
2090 3175 2358 3227 Abraham
2394 3175 2448 3228 in
2473 3175 2700 3227 hontinis
2729 3174 2903 3242 forma
2935 3174 3335 3245 contemplatur,
3369 3179 3424 3233 in
3447 3196 3512 3234 ea

2006 3245 2233 3299 historia
2259 3260 2377 3315 quae
2408 3245 2487 3298 sic
2531 3260 2587 3299 se
2624 3245 2807 3301 habet.

2010 3375 2031 3412 ι
2066 3358 2309 3431 Surgens
2343 3366 2525 3413 autem
2557 3366 2717 3415 nocte
2742 3358 2855 3422 illa,
2881 3359 3090 3430 accepit
3118 3360 3257 3419 duas
3280 3376 3506 3429 uxores,

1935 3464 1999 3507 ac
2042 3451 2180 3507 duas
2228 3450 2486 3515 famulas,
2537 3457 2591 3507 et
2635 3449 2890 3506 undecim
2941 3450 3202 3520 puerulos
3254 3467 3409 3516 suos,
3456 3462 3514 3511 et

1935 3545 2190 3600 transivit
2231 3544 2430 3599 vadum
2483 3542 2677 3609 Iacob,
2709 3550 2766 3599 et
2797 3544 3008 3614 accepit
3039 3558 3156 3612 eos,
3192 3552 3248 3600 et
3268 3546 3511 3602 traduxit

1934 3638 2119 3694 omnia
2171 3652 2293 3693 sua.
2359 3635 2426 3690 Et
2496 3635 2725 3699 relictus
2785 3642 2872 3691 est
2922 3635 3041 3706 ipse
3096 3633 3268 3692 Jacob
3319 3638 3509 3707 solus,

1935 3736 1990 3785 et
2012 3728 2325 3784 luctabatur
2346 3742 2472 3784 cum
2508 3742 2575 3783 eo
2603 3728 2767 3783 homo
2790 3741 2968 3797 usque
2998 3742 3178 3783 mane.
3228 3726 3381 3785 Vidit
3413 3746 3513 3786 au-

1936 3832 2041 3878 tem
2066 3822 2211 3893 quod
2235 3836 2344 3878 non
2366 3828 2552 3893 posset
2573 3821 3038 3886 adversus'illum,
3058 3828 3113 3877 et
3135 3822 3314 3893 attigit
3333 3823 3517 3879 latitu-

1936 3913 2116 3970 dinem
2138 3914 2362 3971 femoris
2374 3915 2515 3985 ejus,
2533 3921 2588 3969 et
2611 3914 2818 3986 torpuit
2833 3913 3066 3970 latitudo
3082 3914 3306 3972 femoris
3320 3914 3513 3985 Iacob,

1936 4004 2066 4059 dum
2095 4005 2399 4060 luctaretur
2425 4004 2516 4059 hic
2545 4019 2671 4060 cum
2702 4004 2816 4060 illo.
2854 4003 2921 4059 Et
2947 4005 3087 4060 dixit
3132 4007 3185 4064 ei
3230 4028 3243 4063 :
3293 4006 3516 4065 Dimitte

1938 4110 2044 4160 me,
2076 4095 2326 4151 ascendit
2352 4095 2499 4150 enim
2534 4110 2756 4151 aurora.
2798 4093 2900 4150 Hic
2931 4112 3061 4153 vero
3090 4096 3228 4153 dixit
3259 4117 3274 4155 :
3305 4096 3427 4155 Non
3455 4106 3515 4156 te

1937 4190 2226 4255 dimittam,
2269 4188 2376 4243 nisi
2419 4187 2554 4245 mihi
2599 4188 2964 4246 benedixeris.
3010 4188 3158 4245 Dixit
3186 4200 3369 4246 autem
3404 4192 3454 4248 ei
3493 4211 3509 4228 ο

1938 4280 2092 4348 Quod
2126 4289 2210 4336 est
2238 4294 2439 4336 nomen
2470 4280 2667 4335 tuum?
2695 4281 2765 4335 At
2794 4280 2885 4337 hic
2916 4281 3055 4337 dixit
3083 4283 3134 4337 ei
3169 4301 3183 4337 :
3226 4281 3417 4340 Jacob.
3445 4282 3516 4342 Et

1937 4373 2074 4429 dixit
2098 4373 2147 4428 ei
2171 4391 2186 4429 :
2214 4371 2336 4427 Non
2361 4373 2595 4444 amplius
2608 4372 2781 4430 Jacob
2801 4374 3084 4431 vocabitur
3110 4390 3310 4431 nomen
3336 4386 3511 4436 tuum.

248 4469 297 4525 δ’
349 4468 514 4541 αὐτῷ’
564 4468 762 4523 υῦκὲτι
808 4464 1004 4521 Ἰακὼϐ
1033 4465 1362 4537 κληθήσεται
1413 4466 1474 4519 τὸ
1498 4466 1669 4538 ὄνομά
1701 4484 1826 4529 σου,

1936 4463 2095 4534 237
2126 4463 2218 4520 sed
2244 4461 2411 4519 Israel
2446 4464 2551 4520 erit
2578 4479 2778 4520 nomen
2806 4472 2959 4519 tuum
3007 4483 3022 4519 :
3058 4467 3315 4537 quoniam
3363 4469 3511 4524 inva-

251 4563 368 4618 ἀλλ’
401 4562 615 4633 Ἰσραὴλ
643 4561 792 4615 ἔσται
816 4559 877 4614 τὸ
905 4559 1078 4630 ὄνομά
1111 4575 1204 4612 σου
1227 4577 1241 4591 ·
1270 4560 1352 4612 ὅτι
1375 4560 1661 4630 ὲνίσχυσας
1693 4558 1829 4631 μετὰ

251 4654 410 4719 Θεοῦ,
443 4656 537 4711 καὶ
571 4653 687 4726 μετ’
720 4650 1019 4725 ἀνθρώπων
1050 4650 1271 4716 δυνατὸς
1316 4650 1433 4723 ἔσῃ.
1481 4651 1833 4724 Ἠρώτησεδὲ

264 4746 481 4812 Ἰακὼϐ,
515 4746 609 4799 καὶ
640 4741 791 4798 εἶπεν
811 4763 825 4777 υ
872 4743 1214 4813 ’Ᾱνάγγειλόν
1263 4760 1352 4815 μοι
1385 4743 1447 4797 τὸ
1484 4744 1656 4815 ὄνομα
1716 4761 1830 4800 σου.

254 4840 364 4893 Καὶ
396 4835 579 4893 εἶπεν·
617 4838 735 4892 Ἴνα
783 4838 837 4891 τί
888 4837 1051 4891 τοῦτο
1103 4838 1331 4907 ἐρωτᾷς,
1368 4837 1427 4891 τὸ
1476 4838 1647 4909 ὄνομά
1698 4855 1833 4909 pou;

258 4932 366 4985 Καὶ
408 4931 703 5003 εὐλόγησεν
756 4930 918 4985 αὑτὸν
978 4933 1113 4995 ἐκεῖ,
1148 4931 1241 4983 καὶ⁹
1288 4929 1510 4984 ἐκάλεσε
1560 4929 1623 4983 τὸ
1665 4930 1834 5001 ὄνομα

254 5020 350 5076 τοῦ
363 5022 528 5075 τόπου
549 5020 758 5074 ἐκείνου
784 5019 999 5085 Ἰακὼϐ,
1017 5016 1195 5086 Εἶδος
1216 5019 1383 5074 Θεοῦ.
1403 5015 1555 5073 Εἶδον
1574 5018 1684 5090 γὰρ
1702 5017 1833 5074 Θεὸν

260 5114 547 5185 πρόσωπον
590 5112 726 5184 πρὸς
772 5112 1081 5182 πρόσωπον,
1112 5112 1210 5164 καὶ
1241 5109 1418 5181 ἐσώθη
1455 5113 1488 5182 ή
1523 5110 1668 5182 ψυχή
1705 5126 1827 5182 μου.

272 5203 528 5258 ’Δνέτειλε
561 5203 616 5257 δὲ
646 5203 794 5274 αὐτῷ
836 5205 865 5256 6
902 5204 1072 5274 ἥλιος,
1105 5204 1266 5274 ἡνίκα
1312 5202 1558 5273 παρῆλθε
1587 5202 1648 5255 τὸ
1694 5197 1832 5265 εἶδος

257 5296 352 5350 τοῦ
374 5296 529 5349 Θεοῦ.
575 5315 595 5349 ι
623 5294 713 5368 Τῷ
748 5298 846 5368 μὲν
894 5298 1083 5352 Μωσεί
1112 5297 1328 5367 εἴρητο·
1366 5314 1385 5346 ι
1417 5294 1604 5359 υύδεὶς
1647 5294 1838 5364 ὄψεται

257 5387 319 5441 τὸ
344 5387 641 5459 πρόσωπόν,
667 5405 769 5461 μου
801 5390 896 5443 καὶ
933 5387 1177 5459 ζήσεταν
1209 5405 1231 5441 ι
1264 5387 1554 5451 ὲνττούτοις
1578 5387 1635 5442 δὲ
1666 5388 1696 5440 6
1739 5385 1841 5440 Ἰα-

260 5477 376 5535 κὼϐ
422 5476 528 5535 εἶδε
576 5479 709 5534 Θεὸν
759 5481 858 5552 οὐχ
907 5479 1117 5545 ἁπλῶς,
1173 5478 1307 5534 ἀλλὰ
1359 5479 1651 5550 πρόσωπον
1703 5478 1839 5549 πρὸς

261 5572 575 5642 πρόσωπον
610 5573 705 5627 καὶ
730 5572 920 5637 σωθείς
950 5589 1015 5642 γε
1036 5572 1098 5626 ού
1130 5573 1193 5627 τὸ
1224 5571 1405 5644 σῶμα,
1438 5571 1575 5630 ἀλλὰ
1604 5570 1704 5643 τὴν
1731 5569 1839 5642 ψυ-

1936 4556 2086 4613 luisti
2110 4572 2235 4612 cum
2286 4555 2418 4624 Deo,
2452 4558 2618 4612 etiam
2650 4573 2776 4612 cum
2805 4557 3123 4615 hominibus
3159 4567 3352 4632 potens
3377 4560 3511 4615 eris.

1940 4648 2303 4719 Interrogavit
2322 4664 2454 4704 vero
2482 4647 2653 4705 Jacob
2679 4659 2731 4705 et
2760 4650 2836 4704 ait
2862 4669 2875 4706 :
2913 4649 3099 4706 Indica
3147 4651 3280 4706 mihi
3312 4667 3513 4708 nomen

1938 4749 2117 4797 tuum.
2168 4741 2236 4794 Et
2277 4742 2352 4796 ait
2393 4762 2406 4797 :
2446 4741 2587 4808 Quid
2634 4743 2708 4798 ita
2737 4744 2937 4814 quaeris
2968 4758 3163 4800 nomen
3194 4743 3416 4800 meum?
3448 4743 3515 4798 Et

1943 4832 2225 4888 benedixit
2256 4833 2306 4887 ei
2346 4832 2402 4886 in
2445 4833 2542 4887 illo
2582 4833 2725 4898 loco,
2770 4842 2824 4889 et
2869 4835 3083 4890 vocavit
3118 4832 3287 4891 Jacob
3312 4850 3513 4892 nomen

1942 4924 2051 4979 loci
2089 4924 2262 4988 illius,
2296 4921 2534 4993 Speciem
2577 4922 2698 4979 Dei.
2730 4925 2935 4996 Aspexi
2965 4925 3111 4981 enim
3159 4923 3331 4979 Deum
3373 4926 3515 4984 facie

1942 5015 2011 5071 ad
2045 5015 2241 5070 faciem
2279 5032 2293 5069 :
2335 5023 2391 5070 et
2418 5023 2635 5071 servata
2683 5025 2768 5073 est
2809 5018 2989 5072 anima
3039 5032 3180 5072 mea.
3235 5015 3402 5073 Ortus
3429 5029 3515 5073 est

1939 5118 2120 5165 autem
2161 5108 2237 5162 illi
2267 5108 2372 5176 sol,
2404 5123 2530 5164 cum
2581 5110 2872 5165 transisset
2920 5110 3129 5180 species
3164 5110 3257 5165 Dei
3287 5111 3355 5166 ⁵⁸.
3394 5103 3515 5165 »Ἐι

1938 5198 2073 5256 Mosi
2092 5198 2308 5270 quidem
2321 5200 2525 5255 dictum
2540 5208 2624 5255 est
2637 5218 2651 5254 :
2662 5217 2682 5252 ι
2702 5198 2894 5255 Nullus
2911 5200 3113 5256 videbit
3129 5199 3319 5256 faciem
3334 5215 3512 5257 meam

1936 5300 1992 5348 et
2024 5266 2169 5346 vixi-ct
2192 5290 2274 5345 “:
2306 5309 2326 5344 ι
2362 5289 2453 5346 hic
2478 5300 2657 5346 autem
2677 5288 2846 5346 Jacob
2877 5290 3014 5346 vidit
3043 5290 3210 5348 Deum
3239 5307 3349 5365 non
3380 5291 3514 5346 sim-

1935 5385 2177 5458 pliciter,
2213 5384 2309 5441 sed
2347 5382 2489 5440 facie
2517 5383 2586 5439 ad
2617 5383 2813 5440 faciem
2859 5404 2872 5437 :
2905 5392 2961 5440 et
2993 5401 3119 5441 cum
3147 5394 3394 5442 servatus
3418 5399 3512 5440 es-

1941 5485 2048 5543 set,
2075 5492 2185 5532 non
2219 5491 2472 5547 corpore,
2500 5475 2596 5533 sed
2613 5476 2819 5542 animo,
2849 5476 2918 5532 ad
2945 5477 3324 5549 appellationis
3343 5473 3517 5534 Israel

1943 5568 2276 5640 dignitatem
2300 5575 2618 5638 assumptus
2641 5573 2748 5633 est,
2781 5581 2903 5639 quze
2925 5580 3056 5622 sane
3083 5563 3371 5636 appellatio
3394 5560 3517 5621 ani-

359 5726 406 5760 "
437 5727 571 5785 Gen.
600 5743 757 5811 xxxi,
787 5727 869 5785 il.
968 5729 1013 5765 ⁵³
1043 5728 1173 5784 ibid.
1216 5726 1299 5796 12,
1327 5728 1419 5819 i5.
1448 5727 1497 5761 “
1523 5726 1630 5786 lsa.
1657 5741 1734 5794 ιχ,
1767 5725 1823 5784 6.
1898 5727 1943 5760 ⁵⁸
1973 5723 2109 5782 Gen.
2143 5737 2321 5792 xxxii,
2354 5721 2551 5781 22-51.
2652 5726 2705 5759 "
2732 5723 2905 5781 Exod.
2940 5734 3117 5788 xxxn,
3143 5717 3234 5778 20.
