  <div class='ocr_page' id='page_1' title='image "/cluster/home/n/w/nwhite01/storage/ocr_20150623/22/hvd.32044073501140/201.png"; bbox 0 0 4080 6416; ppageno 0'>
   <div class='ocr_carea' id='block_1_1' title="bbox 537 318 1011 404">
    <p class='ocr_par' dir='ltr' id='par_1_1' title="bbox 537 318 1011 404">
     <span class='ocr_line' id='line_1_1' title="bbox 537 318 1011 404; baseline -0.008 -25"><span class='ocrx_word' id='word_1_1' title='bbox 537 318 648 379; x_wconf 76' lang='lat'><strong>887</strong></span> <span class='ocrx_word' id='word_1_2' title='bbox 989 363 1011 404; x_wconf 76' lang='grc'>,</span> 
     </span>
    </p>
   </div>
   <div class='ocr_carea' id='block_1_2' title="bbox 1197 315 3127 380">
    <p class='ocr_par' dir='ltr' id='par_1_2' title="bbox 1197 315 3127 380">
     <span class='ocr_line' id='line_1_2' title="bbox 1197 315 3127 380; baseline -0.002 -6"><span class='ocrx_word' id='word_1_3' title='bbox 1197 319 1473 376; x_wconf 82' lang='lat' dir='ltr'><strong>&#39;EUSEBII</strong></span> <span class='ocrx_word' id='word_1_4' title='bbox 1509 320 1987 378; x_wconf 66' lang='lat' dir='ltr'><strong>CIESARIENSIS</strong></span> <span class='ocrx_word' id='word_1_5' title='bbox 2024 321 2175 380; x_wconf 85' lang='lat' dir='ltr'><strong>OPP.</strong></span> <span class='ocrx_word' id='word_1_6' title='bbox 2196 320 2378 376; x_wconf 78' lang='lat' dir='ltr'><strong>PARS</strong></span> <span class='ocrx_word' id='word_1_7' title='bbox 2417 319 2596 374; x_wconf 72' lang='lat' dir='ltr'><strong>II.&#39;~T-</strong></span> <span class='ocrx_word' id='word_1_8' title='bbox 2630 315 3127 374; x_wconf 82' lang='lat' dir='ltr'><strong>APOLOGETICA.</strong></span> 
     </span>
    </p>
   </div>
   <div class='ocr_carea' id='block_1_3' title="bbox 3691 318 3794 374">
    <p class='ocr_par' dir='ltr' id='par_1_3' title="bbox 3691 318 3794 374">
     <span class='ocr_line' id='line_1_3' title="bbox 3691 318 3794 374; baseline -0.01 0"><span class='ocrx_word' id='word_1_9' title='bbox 3691 318 3794 374; x_wconf 77' lang='lat'><strong>388</strong></span> 
     </span>
    </p>
   </div>
   <div class='ocr_carea' id='block_1_4' title="bbox 541 406 2120 512">
    <p class='ocr_par' dir='ltr' id='par_1_4' title="bbox 541 432 2120 506">
     <span class='ocr_line' id='line_1_4' title="bbox 541 432 2120 506; baseline -0.001 -15"><span class='ocrx_word' id='word_1_10' title='bbox 541 449 758 491; x_wconf 90' lang='lat' dir='ltr'><strong>marum</strong></span> <span class='ocrx_word' id='word_1_11' title='bbox 790 432 1135 504; x_wconf 76' lang='lat' dir='ltr'><strong>cognominis</strong></span> <span class='ocrx_word' id='word_1_12' title='bbox 1156 441 1242 488; x_wconf 88' lang='lat' dir='ltr'><strong>est</strong></span> <span class='ocrx_word' id='word_1_13' title='bbox 1268 452 1280 488; x_wconf 92' lang='lat'>:</span> <span class='ocrx_word' id='word_1_14' title='bbox 1316 433 1586 504; x_wconf 85' lang='lat' dir='ltr'><strong>siquidem</strong></span> <span class='ocrx_word' id='word_1_15' title='bbox 1619 436 1799 506; x_wconf 89' lang='lat' dir='ltr'><strong>ipsum</strong></span> <span class='ocrx_word' id='word_1_16' title='bbox 1829 434 2000 493; x_wconf 87' lang='lat' dir='ltr'><strong>Israel</strong></span> <span class='ocrx_word' id='word_1_17' title='bbox 2020 451 2120 492; x_wconf 87' lang='lat' dir='ltr'><strong>no-</strong></span> 
     </span>
    </p>
   </div>
   <div class='ocr_carea' id='block_1_5' title="bbox 2222 406 3790 512">
    <p class='ocr_par' dir='ltr' id='par_1_5' title="bbox 2223 406 3790 506">
     <span class='ocr_line' id='line_1_5' title="bbox 2223 406 3790 506; baseline 0.001 -19"><span class='ocrx_word' id='word_1_18' title='bbox 2223 432 2343 505; x_wconf 76' lang='grc' dir='ltr'>χὴν,</span> <span class='ocrx_word' id='word_1_19' title='bbox 2377 432 2476 504; x_wconf 82' lang='grc' dir='ltr'>τῆς</span> <span class='ocrx_word' id='word_1_20' title='bbox 2525 433 2616 486; x_wconf 77' lang='grc' dir='ltr'>ὲπὶ</span> <span class='ocrx_word' id='word_1_21' title='bbox 2646 433 2758 486; x_wconf 87' lang='grc' dir='ltr'>τὸν·</span> <span class='ocrx_word' id='word_1_22' title='bbox 2783 431 2996 504; x_wconf 83' lang='grc' dir='ltr'>Ἰσραὴλ</span> <span class='ocrx_word' id='word_1_23' title='bbox 3029 406 3413 503; x_wconf 85' lang='grc' dir='ltr'>προσωνυμίας</span> <span class='ocrx_word' id='word_1_24' title='bbox 3441 434 3666 506; x_wconf 77' lang='grc' dir='ltr'><strong>ἠξιώθη,</strong></span> <span class='ocrx_word' id='word_1_25' title='bbox 3703 453 3790 504; x_wconf 74' lang='grc' dir='ltr'><strong>φε-</strong></span> 
     </span>
    </p>
   </div>
   <div class='ocr_carea' id='block_1_6' title="bbox 543 525 2117 600">
    <p class='ocr_par' dir='ltr' id='par_1_6' title="bbox 543 525 2117 600">
     <span class='ocr_line' id='line_1_6' title="bbox 543 525 2117 600; baseline 0.003 -18"><span class='ocrx_word' id='word_1_26' title='bbox 543 543 692 591; x_wconf 90' lang='lat' dir='ltr'><strong>men,</strong></span> <span class='ocrx_word' id='word_1_27' title='bbox 759 527 804 580; x_wconf 88' lang='lat' dir='ltr'><strong>si</strong></span> <span class='ocrx_word' id='word_1_28' title='bbox 863 525 1266 595; x_wconf 89' lang='lat' dir='ltr'><strong>interpreteris,</strong></span> <span class='ocrx_word' id='word_1_29' title='bbox 1313 526 1567 582; x_wconf 74' lang='lat' dir='ltr'><strong>videntem</strong></span> <span class='ocrx_word' id='word_1_30' title='bbox 1612 527 1780 583; x_wconf 87' lang='lat' dir='ltr'><strong>Deum</strong></span> <span class='ocrx_word' id='word_1_31' title='bbox 1826 529 2117 600; x_wconf 79' lang='lat' dir='ltr'><strong>signiﬁcat.</strong></span> 
     </span>
    </p>
   </div>
   <div class='ocr_carea' id='block_1_7' title="bbox 542 613 2122 687">
    <p class='ocr_par' dir='ltr' id='par_1_7' title="bbox 542 613 2122 687">
     <span class='ocr_line' id='line_1_7' title="bbox 542 613 2122 687; baseline 0.003 -17"><span class='ocrx_word' id='word_1_32' title='bbox 542 615 664 671; x_wconf 83' lang='lat' dir='ltr'><strong>Non</strong></span> <span class='ocrx_word' id='word_1_33' title='bbox 696 615 863 687; x_wconf 88' lang='lat' dir='ltr'><strong>igitur</strong></span> <span class='ocrx_word' id='word_1_34' title='bbox 885 623 1093 685; x_wconf 92' lang='lat' dir='ltr'><strong>patrem</strong></span> <span class='ocrx_word' id='word_1_35' title='bbox 1119 613 1290 671; x_wconf 89' lang='lat' dir='ltr'><strong>Deum</strong></span> <span class='ocrx_word' id='word_1_36' title='bbox 1311 615 1468 680; x_wconf 86' lang='lat' dir='ltr'><strong>vidit,</strong></span> <span class='ocrx_word' id='word_1_37' title='bbox 1490 617 1585 673; x_wconf 87' lang='lat' dir='ltr'><strong>sed</strong></span> <span class='ocrx_word' id='word_1_38' title='bbox 1609 616 1779 673; x_wconf 90' lang='lat' dir='ltr'><strong>Deum</strong></span> <span class='ocrx_word' id='word_1_39' title='bbox 1803 617 1993 684; x_wconf 85' lang='lat' dir='ltr'><strong>ﬁlium,</strong></span> <span class='ocrx_word' id='word_1_40' title='bbox 2021 635 2122 674; x_wconf 87' lang='lat' dir='ltr'><strong>cu-</strong></span> 
     </span>
    </p>
   </div>
   <div class='ocr_carea' id='block_1_8' title="bbox 540 707 2115 781">
    <p class='ocr_par' dir='ltr' id='par_1_8' title="bbox 540 707 2115 781">
     <span class='ocr_line' id='line_1_8' title="bbox 540 707 2115 781; baseline 0.003 -19"><span class='ocrx_word' id='word_1_41' title='bbox 540 707 633 778; x_wconf 89' lang='lat' dir='ltr'><strong>jus</strong></span> <span class='ocrx_word' id='word_1_42' title='bbox 663 707 827 764; x_wconf 89' lang='lat' dir='ltr'><strong>etiam</strong></span> <span class='ocrx_word' id='word_1_43' title='bbox 861 707 1139 762; x_wconf 85' lang='lat' dir='ltr'><strong>curiosius</strong></span> <span class='ocrx_word' id='word_1_44' title='bbox 1173 709 1593 778; x_wconf 77' lang='lat' dir='ltr'><strong>appellationem</strong></span> <span class='ocrx_word' id='word_1_45' title='bbox 1627 712 1893 781; x_wconf 67' lang='lat' dir='ltr'><strong>quaerenti</strong></span> <span class='ocrx_word' id='word_1_46' title='bbox 1923 711 2115 778; x_wconf 86' lang='lat' dir='ltr'><strong>Jacob,</strong></span> 
     </span>
    </p>
   </div>
   <div class='ocr_carea' id='block_1_9' title="bbox 544 800 2119 874">
    <p class='ocr_par' dir='ltr' id='par_1_9' title="bbox 544 800 2119 874">
     <span class='ocr_line' id='line_1_9' title="bbox 544 800 2119 874; baseline 0.001 -18"><span class='ocrx_word' id='word_1_47' title='bbox 544 800 787 857; x_wconf 88' lang='lat' dir='ltr'><strong>nondum</strong></span> <span class='ocrx_word' id='word_1_48' title='bbox 823 809 943 856; x_wconf 88' lang='lat' dir='ltr'><strong>erat</strong></span> <span class='ocrx_word' id='word_1_49' title='bbox 978 800 1297 855; x_wconf 86' lang='lat' dir='ltr'><strong>enuntiandi</strong></span> <span class='ocrx_word' id='word_1_50' title='bbox 1343 809 1557 871; x_wconf 88' lang='lat' dir='ltr'><strong>tempus</strong></span> <span class='ocrx_word' id='word_1_51' title='bbox 1608 821 1622 857; x_wconf 89' lang='lat'><strong>:</strong></span> <span class='ocrx_word' id='word_1_52' title='bbox 1672 803 1817 874; x_wconf 91' lang='lat' dir='ltr'><strong>quod</strong></span> <span class='ocrx_word' id='word_1_53' title='bbox 1845 805 1892 859; x_wconf 87' lang='lat' dir='ltr'><strong>si</strong></span> <span class='ocrx_word' id='word_1_54' title='bbox 1927 819 2119 873; x_wconf 90' lang='lat' dir='ltr'><strong>quem-</strong></span> 
     </span>
    </p>
   </div>
   <div class='ocr_carea' id='block_1_10' title="bbox 543 893 2116 965">
    <p class='ocr_par' dir='ltr' id='par_1_10' title="bbox 543 893 2116 965">
     <span class='ocr_line' id='line_1_10' title="bbox 543 893 2116 965; baseline 0.003 -19"><span class='ocrx_word' id='word_1_55' title='bbox 543 894 786 964; x_wconf 76' lang='lat' dir='ltr'><strong>piamex</strong></span> <span class='ocrx_word' id='word_1_56' title='bbox 835 893 1067 964; x_wconf 78' lang='lat' dir='ltr'><strong>angelis,</strong></span> <span class='ocrx_word' id='word_1_57' title='bbox 1099 902 1194 948; x_wconf 91' lang='lat' dir='ltr'><strong>aut</strong></span> <span class='ocrx_word' id='word_1_58' title='bbox 1239 908 1308 948; x_wconf 81' lang='lat' dir='ltr'><strong>ex</strong></span> <span class='ocrx_word' id='word_1_59' title='bbox 1353 894 1441 961; x_wconf 88' lang='lat' dir='ltr'><strong>iis,</strong></span> <span class='ocrx_word' id='word_1_60' title='bbox 1476 895 1568 964; x_wconf 89' lang='lat' dir='ltr'><strong>qui</strong></span> <span class='ocrx_word' id='word_1_61' title='bbox 1606 896 1806 950; x_wconf 64' lang='lat' dir='ltr'><strong>caelum</strong></span> <span class='ocrx_word' id='word_1_62' title='bbox 1846 896 2116 965; x_wconf 90' lang='lat' dir='ltr'><strong>incolunt,</strong></span> 
     </span>
    </p>
   </div>
   <div class='ocr_carea' id='block_1_11' title="bbox 542 985 2117 1058">
    <p class='ocr_par' dir='ltr' id='par_1_11' title="bbox 542 985 2117 1058">
     <span class='ocr_line' id='line_1_11' title="bbox 542 985 2117 1058; baseline 0.003 -18"><span class='ocrx_word' id='word_1_63' title='bbox 542 985 747 1041; x_wconf 86' lang='lat' dir='ltr'><strong>divinis</strong></span> <span class='ocrx_word' id='word_1_64' title='bbox 776 985 1084 1056; x_wconf 90' lang='lat' dir='ltr'><strong>spiritibus,</strong></span> <span class='ocrx_word' id='word_1_65' title='bbox 1118 1001 1242 1042; x_wconf 91' lang='lat' dir='ltr'><strong>eum</strong></span> <span class='ocrx_word' id='word_1_66' title='bbox 1280 990 1374 1058; x_wconf 90' lang='lat' dir='ltr'><strong>qui</strong></span> <span class='ocrx_word' id='word_1_67' title='bbox 1411 989 1620 1044; x_wconf 91' lang='lat' dir='ltr'><strong>sanctis</strong></span> <span class='ocrx_word' id='word_1_68' title='bbox 1672 991 1894 1043; x_wconf 88' lang='lat' dir='ltr'><strong>oracula</strong></span> <span class='ocrx_word' id='word_1_69' title='bbox 1950 991 2117 1045; x_wconf 89' lang='lat' dir='ltr'><strong>mini-</strong></span> 
     </span>
    </p>
   </div>
   <div class='ocr_carea' id='block_1_12' title="bbox 543 1078 2112 1150">
    <p class='ocr_par' dir='ltr' id='par_1_12' title="bbox 543 1078 2112 1150">
     <span class='ocr_line' id='line_1_12' title="bbox 543 1078 2112 1150; baseline 0.003 -18"><span class='ocrx_word' id='word_1_70' title='bbox 543 1079 756 1132; x_wconf 90' lang='lat' dir='ltr'><strong>strabat</strong></span> <span class='ocrx_word' id='word_1_71' title='bbox 807 1078 1008 1149; x_wconf 86' lang='lat' dir='ltr'><strong>aliquis</strong></span> <span class='ocrx_word' id='word_1_72' title='bbox 1047 1080 1359 1149; x_wconf 84' lang='lat' dir='ltr'><strong>suspicetur</strong></span> <span class='ocrx_word' id='word_1_73' title='bbox 1405 1094 1550 1144; x_wconf 89' lang='lat' dir='ltr'><strong>esse,</strong></span> <span class='ocrx_word' id='word_1_74' title='bbox 1596 1081 1757 1150; x_wconf 87' lang='lat' dir='ltr'><strong>plane</strong></span> <span class='ocrx_word' id='word_1_75' title='bbox 1793 1081 2064 1150; x_wconf 84' lang='lat' dir='ltr'><strong>decipitur</strong></span> <span class='ocrx_word' id='word_1_76' title='bbox 2099 1100 2112 1137; x_wconf 94' lang='lat'>:</span> 
     </span>
    </p>
   </div>
   <div class='ocr_carea' id='block_1_13' title="bbox 543 1169 2118 1244">
    <p class='ocr_par' dir='ltr' id='par_1_13' title="bbox 543 1169 2118 1244">
     <span class='ocr_line' id='line_1_13' title="bbox 543 1169 2118 1244; baseline 0.003 -21"><span class='ocrx_word' id='word_1_77' title='bbox 543 1169 650 1224; x_wconf 88' lang='lat' dir='ltr'><strong>hoc</strong></span> <span class='ocrx_word' id='word_1_78' title='bbox 679 1184 744 1224; x_wconf 80' lang='lat' dir='ltr'><strong>ex</strong></span> <span class='ocrx_word' id='word_1_79' title='bbox 776 1169 895 1240; x_wconf 90' lang='lat' dir='ltr'><strong>ipso</strong></span> <span class='ocrx_word' id='word_1_80' title='bbox 929 1172 1214 1241; x_wconf 82' lang='lat' dir='ltr'><strong>probatur,</strong></span> <span class='ocrx_word' id='word_1_81' title='bbox 1247 1170 1391 1241; x_wconf 91' lang='lat' dir='ltr'><strong>quod</strong></span> <span class='ocrx_word' id='word_1_82' title='bbox 1418 1171 1508 1225; x_wconf 89' lang='lat' dir='ltr'><strong>hic</strong></span> <span class='ocrx_word' id='word_1_83' title='bbox 1555 1172 1672 1241; x_wconf 89' lang='lat' dir='ltr'><strong>ipse</strong></span> <span class='ocrx_word' id='word_1_84' title='bbox 1697 1173 1764 1228; x_wconf 89' lang='lat' dir='ltr'><strong>de</strong></span> <span class='ocrx_word' id='word_1_85' title='bbox 1796 1189 1906 1243; x_wconf 94' lang='lat' dir='ltr'><strong>quo</strong></span> <span class='ocrx_word' id='word_1_86' title='bbox 1939 1175 2118 1244; x_wconf 87' lang='lat' dir='ltr'><strong>loqui-</strong></span> 
     </span>
    </p>
   </div>
   <div class='ocr_carea' id='block_1_14' title="bbox 544 1261 2112 1336">
    <p class='ocr_par' dir='ltr' id='par_1_14' title="bbox 544 1261 2112 1336">
     <span class='ocr_line' id='line_1_14' title="bbox 544 1261 2112 1336; baseline 0.004 -21"><span class='ocrx_word' id='word_1_87' title='bbox 544 1277 691 1325; x_wconf 90' lang='lat' dir='ltr'><strong>mur,</strong></span> <span class='ocrx_word' id='word_1_88' title='bbox 742 1272 795 1316; x_wconf 91' lang='lat' dir='ltr'><strong>et</strong></span> <span class='ocrx_word' id='word_1_89' title='bbox 830 1261 1043 1316; x_wconf 90' lang='lat' dir='ltr'><strong>Domini</strong></span> <span class='ocrx_word' id='word_1_90' title='bbox 1077 1271 1132 1318; x_wconf 91' lang='lat' dir='ltr'><strong>et</strong></span> <span class='ocrx_word' id='word_1_91' title='bbox 1181 1263 1278 1318; x_wconf 87' lang='lat' dir='ltr'><strong>Dei</strong></span> <span class='ocrx_word' id='word_1_92' title='bbox 1311 1263 1676 1333; x_wconf 81' lang='lat' dir='ltr'><strong>appellatione</strong></span> <span class='ocrx_word' id='word_1_93' title='bbox 1720 1279 2112 1336; x_wconf 83' lang='lat' dir='ltr'><strong>nuncupatur:</strong></span> 
     </span>
    </p>
   </div>
   <div class='ocr_carea' id='block_1_15' title="bbox 539 1351 2118 1426">
    <p class='ocr_par' dir='ltr' id='par_1_15' title="bbox 539 1351 2118 1426">
     <span class='ocr_line' id='line_1_15' title="bbox 539 1351 2118 1426; baseline 0.004 -20"><span class='ocrx_word' id='word_1_94' title='bbox 539 1351 748 1406; x_wconf 84' lang='lat' dir='ltr'><strong>etenim</strong></span> <span class='ocrx_word' id='word_1_95' title='bbox 780 1357 834 1408; x_wconf 77' lang='lat' dir='ltr'><strong>et</strong></span> <span class='ocrx_word' id='word_1_96' title='bbox 866 1352 1033 1408; x_wconf 87' lang='lat' dir='ltr'><strong>Deum</strong></span> <span class='ocrx_word' id='word_1_97' title='bbox 1066 1354 1243 1424; x_wconf 91' lang='lat' dir='ltr'><strong>ipsum</strong></span> <span class='ocrx_word' id='word_1_98' title='bbox 1293 1355 1478 1409; x_wconf 86' lang='lat' dir='ltr'><strong>divina</strong></span> <span class='ocrx_word' id='word_1_99' title='bbox 1512 1355 1797 1426; x_wconf 87' lang='lat' dir='ltr'><strong>Scriptura</strong></span> <span class='ocrx_word' id='word_1_100' title='bbox 1831 1357 1994 1426; x_wconf 88' lang='lat' dir='ltr'><strong>plane</strong></span> <span class='ocrx_word' id='word_1_101' title='bbox 2021 1371 2118 1412; x_wconf 85' lang='lat' dir='ltr'><strong>vo-</strong></span> 
     </span>
    </p>
   </div>
   <div class='ocr_carea' id='block_1_16' title="bbox 540 1443 2120 1517">
    <p class='ocr_par' dir='ltr' id='par_1_16' title="bbox 540 1443 2120 1517">
     <span class='ocr_line' id='line_1_16' title="bbox 540 1443 2120 1517; baseline 0.004 -19"><span class='ocrx_word' id='word_1_102' title='bbox 540 1444 703 1508; x_wconf 86' lang='lat' dir='ltr'><strong>citat,</strong></span> <span class='ocrx_word' id='word_1_103' title='bbox 739 1451 793 1499; x_wconf 90' lang='lat' dir='ltr'><strong>et</strong></span> <span class='ocrx_word' id='word_1_104' title='bbox 822 1443 1112 1506; x_wconf 89' lang='lat' dir='ltr'><strong>Dominum</strong></span> <span class='ocrx_word' id='word_1_105' title='bbox 1143 1446 1269 1501; x_wconf 89' lang='lat' dir='ltr'><strong>item</strong></span> <span class='ocrx_word' id='word_1_106' title='bbox 1302 1447 1558 1517; x_wconf 82' lang='lat' dir='ltr'><strong>appellat,</strong></span> <span class='ocrx_word' id='word_1_107' title='bbox 1597 1448 1718 1516; x_wconf 87' lang='lat' dir='ltr'><strong>ejus</strong></span> <span class='ocrx_word' id='word_1_108' title='bbox 1749 1449 1987 1506; x_wconf 89' lang='lat' dir='ltr'><strong>nominis</strong></span> <span class='ocrx_word' id='word_1_109' title='bbox 2019 1449 2120 1505; x_wconf 91' lang='lat' dir='ltr'><strong>ho-</strong></span> 
     </span>
    </p>
   </div>
   <div class='ocr_carea' id='block_1_17' title="bbox 545 1533 2120 1609">
    <p class='ocr_par' dir='ltr' id='par_1_17' title="bbox 545 1533 2120 1609">
     <span class='ocr_line' id='line_1_17' title="bbox 545 1533 2120 1609; baseline 0.006 -25"><span class='ocrx_word' id='word_1_110' title='bbox 545 1546 736 1586; x_wconf 88' lang='lat' dir='ltr'><strong>norem</strong></span> <span class='ocrx_word' id='word_1_111' title='bbox 764 1533 841 1586; x_wconf 90' lang='lat' dir='ltr'><strong>illi</strong></span> <span class='ocrx_word' id='word_1_112' title='bbox 884 1533 1153 1600; x_wconf 82' lang='lat' dir='ltr'><strong>tribuens,</strong></span> <span class='ocrx_word' id='word_1_113' title='bbox 1202 1535 1346 1606; x_wconf 86' lang='lat' dir='ltr'><strong>qnod</strong></span> <span class='ocrx_word' id='word_1_114' title='bbox 1389 1538 1531 1606; x_wconf 91' lang='lat' dir='ltr'><strong>apud</strong></span> <span class='ocrx_word' id='word_1_115' title='bbox 1585 1536 1841 1593; x_wconf 70' lang='lat' dir='ltr'><strong>Hebraeos</strong></span> <span class='ocrx_word' id='word_1_116' title='bbox 1883 1547 2120 1609; x_wconf 91' lang='lat' dir='ltr'><strong>quatuor</strong></span> 
     </span>
    </p>
   </div>
   <div class='ocr_carea' id='block_1_18' title="bbox 545 1624 2121 1702">
    <p class='ocr_par' dir='ltr' id='par_1_18' title="bbox 545 1624 2121 1702">
     <span class='ocr_line' id='line_1_18' title="bbox 545 1624 2121 1702; baseline 0.006 -25"><span class='ocrx_word' id='word_1_117' title='bbox 545 1624 747 1682; x_wconf 85' lang='lat' dir='ltr'><strong>litteris</strong></span> <span class='ocrx_word' id='word_1_118' title='bbox 774 1634 1018 1691; x_wconf 90' lang='lat' dir='ltr'><strong>notatur,</strong></span> <span class='ocrx_word' id='word_1_119' title='bbox 1045 1628 1192 1698; x_wconf 85' lang='lat' dir='ltr'><strong>quod</strong></span> <span class='ocrx_word' id='word_1_120' title='bbox 1235 1644 1368 1685; x_wconf 84' lang='lat' dir='ltr'><strong>sane</strong></span> <span class='ocrx_word' id='word_1_121' title='bbox 1402 1631 1458 1683; x_wconf 92' lang='lat' dir='ltr'><strong>in</strong></span> <span class='ocrx_word' id='word_1_122' title='bbox 1495 1645 1604 1685; x_wconf 90' lang='lat' dir='ltr'><strong>una</strong></span> <span class='ocrx_word' id='word_1_123' title='bbox 1642 1630 1906 1686; x_wconf 85' lang='lat' dir='ltr'><strong>ineﬂabili</strong></span> <span class='ocrx_word' id='word_1_124' title='bbox 1955 1639 2121 1702; x_wconf 88' lang='lat' dir='ltr'><strong>atque</strong></span> 
     </span>
    </p>
   </div>
   <div class='ocr_carea' id='block_1_19' title="bbox 545 1717 2119 1796">
    <p class='ocr_par' dir='ltr' id='par_1_19' title="bbox 545 1717 2119 1796">
     <span class='ocr_line' id='line_1_19' title="bbox 545 1717 2119 1796; baseline 0.004 -25"><span class='ocrx_word' id='word_1_125' title='bbox 545 1717 604 1770; x_wconf 88' lang='lat' dir='ltr'><strong>in</strong></span> <span class='ocrx_word' id='word_1_126' title='bbox 660 1717 1043 1773; x_wconf 90' lang='lat' dir='ltr'><strong>inenuntiabili</strong></span> <span class='ocrx_word' id='word_1_127' title='bbox 1099 1719 1193 1776; x_wconf 90' lang='lat' dir='ltr'><strong>Dei</strong></span> <span class='ocrx_word' id='word_1_128' title='bbox 1253 1723 1615 1792; x_wconf 86' lang='lat' dir='ltr'><strong>appellatione</strong></span> <span class='ocrx_word' id='word_1_129' title='bbox 1664 1739 1902 1793; x_wconf 88' lang='lat' dir='ltr'><strong>ponere,</strong></span> <span class='ocrx_word' id='word_1_130' title='bbox 1964 1726 2119 1796; x_wconf 89' lang='lat' dir='ltr'><strong>pueri</strong></span> 
     </span>
    </p>
   </div>
   <div class='ocr_carea' id='block_1_20' title="bbox 2227 522 3797 600">
    <p class='ocr_par' dir='ltr' id='par_1_20' title="bbox 2227 522 3797 600">
     <span class='ocr_line' id='line_1_20' title="bbox 2227 522 3797 600; baseline 0.003 -23"><span class='ocrx_word' id='word_1_131' title='bbox 2227 523 2475 597; x_wconf 89' lang='grc' dir='ltr'>ρωνύμου</span> <span class='ocrx_word' id='word_1_132' title='bbox 2526 522 2712 595; x_wconf 79' lang='grc' dir='ltr'>ψυχῶν</span> <span class='ocrx_word' id='word_1_133' title='bbox 2755 524 3155 595; x_wconf 80' lang='grc' dir='ltr'><strong>προσηγορίας,</strong></span> <span class='ocrx_word' id='word_1_134' title='bbox 3207 523 3260 577; x_wconf 74' lang='grc' dir='ltr'><strong>εί</strong></span> <span class='ocrx_word' id='word_1_135' title='bbox 3305 543 3388 595; x_wconf 89' lang='grc' dir='ltr'><strong>γε,</strong></span> <span class='ocrx_word' id='word_1_136' title='bbox 3442 527 3797 600; x_wconf 78' lang='grc' dir='ltr'>ὲρμηνευθεν,</span> 
     </span>
    </p>
   </div>
   <div class='ocr_carea' id='block_1_21' title="bbox 2223 615 3796 690">
    <p class='ocr_par' dir='ltr' id='par_1_21' title="bbox 2223 615 3796 690">
     <span class='ocr_line' id='line_1_21' title="bbox 2223 615 3796 690; baseline 0.001 -20"><span class='ocrx_word' id='word_1_137' title='bbox 2223 618 2449 685; x_wconf 79' lang='grc' dir='ltr'>ὁρῶντα</span> <span class='ocrx_word' id='word_1_138' title='bbox 2479 616 2625 669; x_wconf 79' lang='grc' dir='ltr'>Θεὸν</span> <span class='ocrx_word' id='word_1_139' title='bbox 2649 615 2710 669; x_wconf 89' lang='grc' dir='ltr'><strong>τὸ</strong></span> <span class='ocrx_word' id='word_1_140' title='bbox 2741 615 2954 687; x_wconf 78' lang='grc' dir='ltr'>Ἰσραὴλ</span> <span class='ocrx_word' id='word_1_141' title='bbox 2975 616 3142 687; x_wconf 73' lang='grc' dir='ltr'>ὄνομα</span> <span class='ocrx_word' id='word_1_142' title='bbox 3158 618 3429 688; x_wconf 74' lang='grc' dir='ltr'><strong>σημαίνει.</strong></span> <span class='ocrx_word' id='word_1_143' title='bbox 3445 619 3558 672; x_wconf 82' lang='grc' dir='ltr'><strong>Οὐκ</strong></span> <span class='ocrx_word' id='word_1_144' title='bbox 3579 618 3687 690; x_wconf 77' lang='grc' dir='ltr'>ἄρα</span> <span class='ocrx_word' id='word_1_145' title='bbox 3703 619 3796 672; x_wconf 87' lang='grc' dir='ltr'><strong>τὸν</strong></span> 
     </span>
    </p>
   </div>
   <div class='ocr_carea' id='block_1_22' title="bbox 2222 701 3794 780">
    <p class='ocr_par' dir='ltr' id='par_1_22' title="bbox 2222 701 3794 780">
     <span class='ocr_line' id='line_1_22' title="bbox 2222 701 3794 780; baseline -0.001 -18"><span class='ocrx_word' id='word_1_146' title='bbox 2222 710 2315 762; x_wconf 75' lang='grc' dir='ltr'><strong>ἐπὶ</strong></span> <span class='ocrx_word' id='word_1_147' title='bbox 2343 709 2558 762; x_wconf 86' lang='grc' dir='ltr'>πάντων</span> <span class='ocrx_word' id='word_1_148' title='bbox 2589 708 2720 762; x_wconf 82' lang='grc' dir='ltr'>Θεὸν</span> <span class='ocrx_word' id='word_1_149' title='bbox 2746 708 2910 780; x_wconf 75' lang='grc' dir='ltr'>ἑώραο</span> <span class='ocrx_word' id='word_1_150' title='bbox 2943 708 3170 780; x_wconf 83' lang='grc' dir='ltr'>ἀόρατος</span> <span class='ocrx_word' id='word_1_151' title='bbox 3194 709 3302 780; x_wconf 83' lang='grc' dir='ltr'>γὰρ</span> <span class='ocrx_word' id='word_1_152' title='bbox 3333 701 3487 772; x_wconf 73' lang='grc' dir='ltr'>οὗτος</span> <span class='ocrx_word' id='word_1_153' title='bbox 3518 710 3612 763; x_wconf 80' lang='grc' dir='ltr'><strong>καὶ</strong></span> <span class='ocrx_word' id='word_1_154' title='bbox 3633 709 3794 780; x_wconf 79' lang='grc' dir='ltr'>ἀτρε-</span> 
     </span>
    </p>
   </div>
   <div class='ocr_carea' id='block_1_23' title="bbox 2221 798 3794 873">
    <p class='ocr_par' dir='ltr' id='par_1_23' title="bbox 2221 798 3794 873">
     <span class='ocr_line' id='line_1_23' title="bbox 2221 798 3794 873; baseline 0.001 -19"><span class='ocrx_word' id='word_1_155' title='bbox 2221 818 2372 864; x_wconf 88' lang='grc' dir='ltr'>πτος,</span> <span class='ocrx_word' id='word_1_156' title='bbox 2396 801 2490 854; x_wconf 75' lang='grc' dir='ltr'>καὶ</span> <span class='ocrx_word' id='word_1_157' title='bbox 2516 798 2764 873; x_wconf 83' lang='grc' dir='ltr'><strong>οὐδαμῶς</strong></span> <span class='ocrx_word' id='word_1_158' title='bbox 2793 800 2859 854; x_wconf 82' lang='grc' dir='ltr'><strong>ἂν</strong></span> <span class='ocrx_word' id='word_1_159' title='bbox 2882 802 2960 864; x_wconf 90' lang='grc' dir='ltr'>εἰς</span> <span class='ocrx_word' id='word_1_160' title='bbox 2984 800 3264 872; x_wconf 84' lang='grc' dir='ltr'>ἄνθρωπον</span> <span class='ocrx_word' id='word_1_161' title='bbox 3294 801 3633 872; x_wconf 88' lang='grc' dir='ltr'>μεταϐάλλοι,</span> <span class='ocrx_word' id='word_1_162' title='bbox 3655 801 3794 855; x_wconf 87' lang='grc' dir='ltr'>ἁπά-</span> 
     </span>
    </p>
   </div>
   <div class='ocr_carea' id='block_1_24' title="bbox 2223 888 3793 964">
    <p class='ocr_par' dir='ltr' id='par_1_24' title="bbox 2223 888 3793 964">
     <span class='ocr_line' id='line_1_24' title="bbox 2223 888 3793 964; baseline 0.001 -20"><span class='ocrx_word' id='word_1_163' title='bbox 2223 910 2321 963; x_wconf 86' lang='grc' dir='ltr'><strong>σης</strong></span> <span class='ocrx_word' id='word_1_164' title='bbox 2358 892 2434 947; x_wconf 86' lang='grc' dir='ltr'>ὣν</span> <span class='ocrx_word' id='word_1_165' title='bbox 2480 893 2739 946; x_wconf 83' lang='grc' dir='ltr'><strong>ἀνωτάτω</strong></span> <span class='ocrx_word' id='word_1_166' title='bbox 2770 893 3207 964; x_wconf 79' lang='grc' dir='ltr'>οὐσίας.Ἔτερον</span> <span class='ocrx_word' id='word_1_167' title='bbox 3239 893 3366 964; x_wconf 84' lang='grc' dir='ltr'>ἄρα,</span> <span class='ocrx_word' id='word_1_168' title='bbox 3401 888 3460 948; x_wconf 82' lang='grc' dir='ltr'><strong>οῦ</strong></span> <span class='ocrx_word' id='word_1_169' title='bbox 3497 895 3590 948; x_wconf 71' lang='grc' dir='ltr'><strong>καὶ</strong></span> <span class='ocrx_word' id='word_1_170' title='bbox 3628 893 3793 947; x_wconf 85' lang='grc' dir='ltr'>πολυ-</span> 
     </span>
    </p>
   </div>
   <div class='ocr_carea' id='block_1_25' title="bbox 2220 979 3796 1058">
    <p class='ocr_par' dir='ltr' id='par_1_25' title="bbox 2220 979 3796 1058">
     <span class='ocr_line' id='line_1_25' title="bbox 2220 979 3796 1058; baseline -0.001 -19"><span class='ocrx_word' id='word_1_171' title='bbox 2220 985 2622 1058; x_wconf 89' lang='grc' dir='ltr'>πραγμονοῦντι</span> <span class='ocrx_word' id='word_1_172' title='bbox 2655 984 2844 1056; x_wconf 91' lang='grc' dir='ltr'>καιρός</span> <span class='ocrx_word' id='word_1_173' title='bbox 2877 1001 2963 1037; x_wconf 89' lang='grc' dir='ltr'><strong>πω</strong></span> <span class='ocrx_word' id='word_1_174' title='bbox 2995 984 3093 1036; x_wconf 76' lang='grc' dir='ltr'>οὐκ</span> <span class='ocrx_word' id='word_1_175' title='bbox 3123 979 3192 1053; x_wconf 85' lang='grc' dir='ltr'>ἦν</span> <span class='ocrx_word' id='word_1_176' title='bbox 3219 983 3450 1053; x_wconf 79' lang='grc' dir='ltr'>ὲκφάναι</span> <span class='ocrx_word' id='word_1_177' title='bbox 3477 984 3554 1054; x_wconf 82' lang='grc' dir='ltr'><strong>τῷ</strong></span> <span class='ocrx_word' id='word_1_178' title='bbox 3601 985 3796 1038; x_wconf 83' lang='grc' dir='ltr'>Ἰακὼϐ</span> 
     </span>
    </p>
   </div>
   <div class='ocr_carea' id='block_1_26' title="bbox 2218 1075 3801 1149">
    <p class='ocr_par' dir='ltr' id='par_1_26' title="bbox 2218 1075 3801 1149">
     <span class='ocr_line' id='line_1_26' title="bbox 2218 1075 3801 1149; baseline -0.001 -19"><span class='ocrx_word' id='word_1_179' title='bbox 2218 1076 2316 1149; x_wconf 82' lang='grc' dir='ltr'><strong>τὴν</strong></span> <span class='ocrx_word' id='word_1_180' title='bbox 2348 1077 2737 1148; x_wconf 86' lang='grc' dir='ltr'>προσηγορίαν.</span> <span class='ocrx_word' id='word_1_181' title='bbox 2759 1077 2822 1129; x_wconf 80' lang='lat' dir='ltr'><strong>El</strong></span> <span class='ocrx_word' id='word_1_182' title='bbox 2854 1075 2910 1128; x_wconf 87' lang='grc' dir='ltr'>δὲ</span> <span class='ocrx_word' id='word_1_183' title='bbox 2934 1076 3176 1145; x_wconf 83' lang='grc' dir='ltr'>ἀγγέλων</span> <span class='ocrx_word' id='word_1_184' title='bbox 3201 1076 3342 1143; x_wconf 77' lang='grc' dir='ltr'>τινὰ,</span> <span class='ocrx_word' id='word_1_185' title='bbox 3369 1077 3402 1148; x_wconf 83' lang='grc' dir='ltr'>ἢ</span> <span class='ocrx_word' id='word_1_186' title='bbox 3431 1077 3538 1130; x_wconf 91' lang='grc' dir='ltr'><strong>τῶν</strong></span> <span class='ocrx_word' id='word_1_187' title='bbox 3567 1076 3688 1130; x_wconf 84' lang='grc' dir='ltr'>κατ’</span> <span class='ocrx_word' id='word_1_188' title='bbox 3709 1077 3801 1130; x_wconf 84' lang='grc' dir='ltr'><strong>οὐ-</strong></span> 
     </span>
    </p>
   </div>
   <div class='ocr_carea' id='block_1_27' title="bbox 2221 1169 3800 1242">
    <p class='ocr_par' dir='ltr' id='par_1_27' title="bbox 2221 1169 3800 1242">
     <span class='ocr_line' id='line_1_27' title="bbox 2221 1169 3800 1242; baseline 0 -19"><span class='ocrx_word' id='word_1_189' title='bbox 2221 1169 2380 1242; x_wconf 85' lang='grc' dir='ltr'>ρανὸν</span> <span class='ocrx_word' id='word_1_190' title='bbox 2405 1169 2562 1222; x_wconf 85' lang='grc' dir='ltr'>θείων</span> <span class='ocrx_word' id='word_1_191' title='bbox 2583 1169 2926 1239; x_wconf 81' lang='grc' dir='ltr'><strong>πνευμάτων,</strong></span> <span class='ocrx_word' id='word_1_192' title='bbox 2945 1169 3035 1222; x_wconf 85' lang='grc' dir='ltr'><strong>τὸν</strong></span> <span class='ocrx_word' id='word_1_193' title='bbox 3055 1173 3166 1233; x_wconf 87' lang='grc' dir='ltr'>τοῖς</span> <span class='ocrx_word' id='word_1_194' title='bbox 3183 1169 3355 1239; x_wconf 82' lang='grc' dir='ltr'><strong>ἁγίοις</strong></span> <span class='ocrx_word' id='word_1_195' title='bbox 3369 1169 3495 1232; x_wconf 81' lang='grc' dir='ltr'>τοὺς</span> <span class='ocrx_word' id='word_1_196' title='bbox 3516 1169 3800 1241; x_wconf 69' lang='grc' dir='ltr'>χρησμοὺς</span> 
     </span>
    </p>
   </div>
   <div class='ocr_carea' id='block_1_28' title="bbox 2219 1258 3796 1334">
    <p class='ocr_par' dir='ltr' id='par_1_28' title="bbox 2219 1258 3796 1334">
     <span class='ocr_line' id='line_1_28' title="bbox 2219 1258 3796 1334; baseline -0.001 -18"><span class='ocrx_word' id='word_1_197' title='bbox 2219 1261 2624 1334; x_wconf 80' lang='grc' dir='ltr'>διακονούμενον</span> <span class='ocrx_word' id='word_1_198' title='bbox 2651 1262 2908 1315; x_wconf 82' lang='grc' dir='ltr'>ὑπολάϐοι</span> <span class='ocrx_word' id='word_1_199' title='bbox 2939 1280 3022 1326; x_wconf 88' lang='grc' dir='ltr'><strong>τις</strong></span> <span class='ocrx_word' id='word_1_200' title='bbox 3047 1258 3203 1328; x_wconf 72' lang='grc' dir='ltr'>εἶναι,</span> <span class='ocrx_word' id='word_1_201' title='bbox 3238 1263 3423 1334; x_wconf 77' lang='grc' dir='ltr'>σαφῶς</span> <span class='ocrx_word' id='word_1_202' title='bbox 3453 1263 3762 1332; x_wconf 66' lang='grc' dir='ltr'>διέψευσται</span> <span class='ocrx_word' id='word_1_203' title='bbox 3781 1279 3796 1292; x_wconf 78' lang='grc'><strong>’</strong></span> 
     </span>
    </p>
   </div>
   <div class='ocr_carea' id='block_1_29' title="bbox 2217 1355 3802 1427">
    <p class='ocr_par' dir='ltr' id='par_1_29' title="bbox 2217 1355 3802 1427">
     <span class='ocr_line' id='line_1_29' title="bbox 2217 1355 3802 1427; baseline 0 -19"><span class='ocrx_word' id='word_1_204' title='bbox 2217 1355 2376 1408; x_wconf 86' lang='grc' dir='ltr'>τοῦτο</span> <span class='ocrx_word' id='word_1_205' title='bbox 2409 1356 2508 1427; x_wconf 84' lang='grc' dir='ltr'><strong>μὲν</strong></span> <span class='ocrx_word' id='word_1_206' title='bbox 2531 1355 2639 1408; x_wconf 76' lang='grc' dir='ltr'><strong>ἀπὸ</strong></span> <span class='ocrx_word' id='word_1_207' title='bbox 2669 1355 2763 1408; x_wconf 88' lang='grc' dir='ltr'><strong>τοῦ</strong></span> <span class='ocrx_word' id='word_1_208' title='bbox 2795 1355 3281 1426; x_wconf 88' lang='grc' dir='ltr'>κυριολεκτεῖσθαι,</span> <span class='ocrx_word' id='word_1_209' title='bbox 3313 1355 3408 1408; x_wconf 71' lang='grc' dir='ltr'><strong>καὶ</strong></span> <span class='ocrx_word' id='word_1_210' title='bbox 3432 1355 3802 1423; x_wconf 80' lang='grc' dir='ltr'>θεολογεῖσθαι</span> 
     </span>
    </p>
   </div>
   <div class='ocr_carea' id='block_1_30' title="bbox 2218 1445 3804 1518">
    <p class='ocr_par' dir='ltr' id='par_1_30' title="bbox 2218 1445 3804 1518">
     <span class='ocr_line' id='line_1_30' title="bbox 2218 1445 3804 1518; baseline -0.002 -18"><span class='ocrx_word' id='word_1_211' title='bbox 2218 1446 2310 1500; x_wconf 88' lang='grc' dir='ltr'><strong>τὸν</strong></span> <span class='ocrx_word' id='word_1_212' title='bbox 2340 1445 2666 1517; x_wconf 88' lang='grc' dir='ltr'>δηλούμενον</span> <span class='ocrx_word' id='word_1_213' title='bbox 2685 1462 2698 1475; x_wconf 82' lang='lat'><strong><em>°</em></strong></span> <span class='ocrx_word' id='word_1_214' title='bbox 2735 1446 2830 1498; x_wconf 76' lang='grc' dir='ltr'>καὶ</span> <span class='ocrx_word' id='word_1_215' title='bbox 2859 1445 2967 1515; x_wconf 86' lang='grc' dir='ltr'>γὰρ</span> <span class='ocrx_word' id='word_1_216' title='bbox 2986 1445 3080 1500; x_wconf 73' lang='grc' dir='ltr'>καὶ</span> <span class='ocrx_word' id='word_1_217' title='bbox 3112 1445 3244 1499; x_wconf 82' lang='grc' dir='ltr'>Θεὸν</span> <span class='ocrx_word' id='word_1_218' title='bbox 3276 1445 3438 1498; x_wconf 81' lang='grc' dir='ltr'>αὑτὸν</span> <span class='ocrx_word' id='word_1_219' title='bbox 3461 1448 3494 1516; x_wconf 84' lang='grc' dir='ltr'>ἡ</span> <span class='ocrx_word' id='word_1_220' title='bbox 3522 1445 3640 1498; x_wconf 89' lang='grc' dir='ltr'>θεία</span> <span class='ocrx_word' id='word_1_221' title='bbox 3661 1446 3804 1518; x_wconf 79' lang='grc' dir='ltr'>Γρα-</span> 
     </span>
    </p>
   </div>
   <div class='ocr_carea' id='block_1_31' title="bbox 2221 1524 3800 1610">
    <p class='ocr_par' dir='ltr' id='par_1_31' title="bbox 2221 1524 3800 1610">
     <span class='ocr_line' id='line_1_31' title="bbox 2221 1524 3800 1610; baseline 0 -19"><span class='ocrx_word' id='word_1_222' title='bbox 2221 1537 2296 1610; x_wconf 67' lang='lat' dir='ltr'><strong>:le</strong></span> <span class='ocrx_word' id='word_1_223' title='bbox 2329 1538 2624 1610; x_wconf 70' lang='grc' dir='ltr'>διαρρήδην</span> <span class='ocrx_word' id='word_1_224' title='bbox 2657 1537 2997 1609; x_wconf 84' lang='grc' dir='ltr'>ἀναγορεύει,</span> <span class='ocrx_word' id='word_1_225' title='bbox 3032 1538 3126 1590; x_wconf 76' lang='grc' dir='ltr'>καὶ</span> <span class='ocrx_word' id='word_1_226' title='bbox 3171 1537 3373 1609; x_wconf 81' lang='grc' dir='ltr'>Κύριον</span> <span class='ocrx_word' id='word_1_227' title='bbox 3412 1538 3696 1603; x_wconf 81' lang='grc' dir='ltr'>ἀποκαλεῖ,</span> <span class='ocrx_word' id='word_1_228' title='bbox 3731 1524 3800 1609; x_wconf 66' lang='grc' dir='ltr'>τῇ</span> 
     </span>
    </p>
   </div>
   <div class='ocr_carea' id='block_1_32' title="bbox 2220 1629 3801 1702">
    <p class='ocr_par' dir='ltr' id='par_1_32' title="bbox 2220 1629 3801 1702">
     <span class='ocr_line' id='line_1_32' title="bbox 2220 1629 3801 1702; baseline 0.001 -19"><span class='ocrx_word' id='word_1_229' title='bbox 2220 1630 2309 1684; x_wconf 77' lang='grc' dir='ltr'>διὰ</span> <span class='ocrx_word' id='word_1_230' title='bbox 2355 1629 2466 1684; x_wconf 87' lang='grc' dir='ltr'><strong>τῶν</strong></span> <span class='ocrx_word' id='word_1_231' title='bbox 2509 1631 2789 1702; x_wconf 82' lang='grc' dir='ltr'><strong>τεσσάρων</strong></span> <span class='ocrx_word' id='word_1_232' title='bbox 2821 1630 2950 1701; x_wconf 88' lang='grc' dir='ltr'>παρ’</span> <span class='ocrx_word' id='word_1_233' title='bbox 2979 1629 3250 1700; x_wconf 90' lang='grc' dir='ltr'>Ἑϐραίοις</span> <span class='ocrx_word' id='word_1_234' title='bbox 3283 1631 3560 1701; x_wconf 79' lang='grc' dir='ltr'>στοιχείων</span> <span class='ocrx_word' id='word_1_235' title='bbox 3603 1634 3801 1701; x_wconf 71' lang='grc' dir='ltr'>ἐπιση-</span> 
     </span>
    </p>
   </div>
   <div class='ocr_carea' id='block_1_33' title="bbox 2225 1719 3804 1792">
    <p class='ocr_par' dir='ltr' id='par_1_33' title="bbox 2225 1719 3804 1792">
     <span class='ocr_line' id='line_1_33' title="bbox 2225 1719 3804 1792; baseline 0 -18"><span class='ocrx_word' id='word_1_236' title='bbox 2225 1719 2447 1792; x_wconf 82' lang='grc' dir='ltr'>μειώσει</span> <span class='ocrx_word' id='word_1_237' title='bbox 2473 1720 2705 1792; x_wconf 82' lang='grc' dir='ltr'>τιμῶσα,</span> <span class='ocrx_word' id='word_1_238' title='bbox 2742 1721 2810 1792; x_wconf 74' lang='grc' dir='ltr'>ἣν</span> <span class='ocrx_word' id='word_1_239' title='bbox 2833 1721 2925 1774; x_wconf 76' lang='grc' dir='ltr'>ἐπὶ</span> <span class='ocrx_word' id='word_1_240' title='bbox 2960 1720 3124 1792; x_wconf 83' lang='grc' dir='ltr'>μόνης</span> <span class='ocrx_word' id='word_1_241' title='bbox 3153 1721 3251 1792; x_wconf 84' lang='grc' dir='ltr'>τῆς</span> <span class='ocrx_word' id='word_1_242' title='bbox 3279 1722 3661 1792; x_wconf 76' lang='grc' dir='ltr'>ἀνεκφωνήτου</span> <span class='ocrx_word' id='word_1_243' title='bbox 3707 1722 3804 1775; x_wconf 79' lang='grc' dir='ltr'>καὶ</span> 
     </span>
    </p>
   </div>
   <div class='ocr_carea' id='block_1_34' title="bbox 546 1805 2120 1883">
    <p class='ocr_par' dir='ltr' id='par_1_34' title="bbox 546 1805 2115 1882">
     <span class='ocr_line' id='line_1_34' title="bbox 546 1805 2115 1882; baseline 0.006 -21"><span class='ocrx_word' id='word_1_244' title='bbox 546 1805 898 1863; x_wconf 67' lang='lat' dir='ltr'><strong>Hebraeorum</strong></span> <span class='ocrx_word' id='word_1_245' title='bbox 929 1820 1334 1865; x_wconf 86' lang='lat' dir='ltr'><strong>consueverunt</strong></span> <span class='ocrx_word' id='word_1_246' title='bbox 1365 1831 1378 1866; x_wconf 91' lang='lat'>:</span> <span class='ocrx_word' id='word_1_247' title='bbox 1413 1814 1675 1882; x_wconf 89' lang='lat' dir='ltr'><strong>probatur</strong></span> <span class='ocrx_word' id='word_1_248' title='bbox 1714 1814 1879 1869; x_wconf 86' lang='lat' dir='ltr'><strong>etiam</strong></span> <span class='ocrx_word' id='word_1_249' title='bbox 1931 1831 1993 1870; x_wconf 85' lang='lat' dir='ltr'><strong>ex</strong></span> <span class='ocrx_word' id='word_1_250' title='bbox 2029 1830 2115 1880; x_wconf 90' lang='lat' dir='ltr'><strong>eo,</strong></span> 
     </span>
    </p>
   </div>
   <div class='ocr_carea' id='block_1_35' title="bbox 2222 1805 3803 1883">
    <p class='ocr_par' dir='ltr' id='par_1_35' title="bbox 2224 1809 3803 1883">
     <span class='ocr_line' id='line_1_35' title="bbox 2224 1809 3803 1883; baseline 0 -19"><span class='ocrx_word' id='word_1_251' title='bbox 2224 1812 2462 1883; x_wconf 75' lang='grc' dir='ltr'>ἀρρήτου</span> <span class='ocrx_word' id='word_1_252' title='bbox 2497 1811 2865 1883; x_wconf 74' lang='grc' dir='ltr'>προσηγορίας</span> <span class='ocrx_word' id='word_1_253' title='bbox 2895 1810 2996 1881; x_wconf 79' lang='grc' dir='ltr'>τῆς</span> <span class='ocrx_word' id='word_1_254' title='bbox 3028 1809 3122 1862; x_wconf 86' lang='grc' dir='ltr'><strong>τοῦ</strong></span> <span class='ocrx_word' id='word_1_255' title='bbox 3167 1809 3300 1863; x_wconf 90' lang='grc' dir='ltr'>Θεοῦ</span> <span class='ocrx_word' id='word_1_256' title='bbox 3337 1811 3635 1864; x_wconf 84' lang='grc' dir='ltr'>συντιθέναι</span> <span class='ocrx_word' id='word_1_257' title='bbox 3673 1813 3803 1864; x_wconf 74' lang='grc' dir='ltr'><strong>παῖ-</strong></span> 
     </span>
    </p>
   </div>
   <div class='ocr_carea' id='block_1_36' title="bbox 543 1900 2114 1977">
    <p class='ocr_par' dir='ltr' id='par_1_36' title="bbox 543 1900 2114 1977">
     <span class='ocr_line' id='line_1_36' title="bbox 543 1900 2114 1977; baseline 0.004 -23"><span class='ocrx_word' id='word_1_258' title='bbox 543 1900 694 1970; x_wconf 91' lang='lat' dir='ltr'><strong>quod</strong></span> <span class='ocrx_word' id='word_1_259' title='bbox 731 1901 1063 1972; x_wconf 86' lang='lat' dir='ltr'><strong>ubicumque</strong></span> <span class='ocrx_word' id='word_1_260' title='bbox 1095 1900 1378 1973; x_wconf 87' lang='lat' dir='ltr'><strong>Scriptura</strong></span> <span class='ocrx_word' id='word_1_261' title='bbox 1409 1906 1630 1975; x_wconf 79' lang='lat' dir='ltr'><strong>angelos</strong></span> <span class='ocrx_word' id='word_1_262' title='bbox 1680 1906 1952 1977; x_wconf 88' lang='lat' dir='ltr'><strong>appellare</strong></span> <span class='ocrx_word' id='word_1_263' title='bbox 1979 1908 2114 1972; x_wconf 83' lang='lat' dir='ltr'><strong>vult,</strong></span> 
     </span>
    </p>
   </div>
   <div class='ocr_carea' id='block_1_37' title="bbox 545 1995 2118 2069">
    <p class='ocr_par' dir='ltr' id='par_1_37' title="bbox 545 1995 2118 2069">
     <span class='ocr_line' id='line_1_37' title="bbox 545 1995 2118 2069; baseline 0.004 -21"><span class='ocrx_word' id='word_1_264' title='bbox 545 2001 731 2065; x_wconf 76' lang='lat' dir='ltr'><strong>aperte</strong></span> <span class='ocrx_word' id='word_1_265' title='bbox 749 1995 849 2050; x_wconf 91' lang='lat' dir='ltr'><strong>hoc</strong></span> <span class='ocrx_word' id='word_1_266' title='bbox 872 1995 1020 2060; x_wconf 80' lang='lat' dir='ltr'><strong>facit,</strong></span> <span class='ocrx_word' id='word_1_267' title='bbox 1048 1998 1377 2068; x_wconf 83' lang='lat' dir='ltr'><strong>angelosqne</strong></span> <span class='ocrx_word' id='word_1_268' title='bbox 1406 1998 1662 2053; x_wconf 89' lang='lat' dir='ltr'><strong>distincte</strong></span> <span class='ocrx_word' id='word_1_269' title='bbox 1690 1999 1981 2069; x_wconf 83' lang='lat' dir='ltr'><strong>signiﬁcat.</strong></span> <span class='ocrx_word' id='word_1_270' title='bbox 2003 1999 2118 2055; x_wconf 92' lang='lat' dir='ltr'><strong>Sic-</strong></span> 
     </span>
    </p>
   </div>
   <div class='ocr_carea' id='block_1_38' title="bbox 548 2086 2113 2159">
    <p class='ocr_par' dir='ltr' id='par_1_38' title="bbox 548 2086 2113 2159">
     <span class='ocr_line' id='line_1_38' title="bbox 548 2086 2113 2159; baseline 0.003 -20"><span class='ocrx_word' id='word_1_271' title='bbox 548 2093 610 2139; x_wconf 88' lang='lat' dir='ltr'><strong>ut</strong></span> <span class='ocrx_word' id='word_1_272' title='bbox 666 2101 761 2140; x_wconf 85' lang='lat' dir='ltr'><strong>cos</strong></span> <span class='ocrx_word' id='word_1_273' title='bbox 801 2086 895 2155; x_wconf 86' lang='lat' dir='ltr'><strong>qui</strong></span> <span class='ocrx_word' id='word_1_274' title='bbox 946 2087 1002 2140; x_wconf 91' lang='lat' dir='ltr'><strong>in</strong></span> <span class='ocrx_word' id='word_1_275' title='bbox 1054 2086 1308 2142; x_wconf 91' lang='lat' dir='ltr'><strong>Sodomis</strong></span> <span class='ocrx_word' id='word_1_276' title='bbox 1351 2096 1529 2153; x_wconf 87' lang='lat' dir='ltr'><strong>erant,</strong></span> <span class='ocrx_word' id='word_1_277' title='bbox 1564 2105 1688 2142; x_wconf 90' lang='lat' dir='ltr'><strong>cum</strong></span> <span class='ocrx_word' id='word_1_278' title='bbox 1720 2089 1872 2159; x_wconf 84' lang='lat' dir='ltr'><strong>impii</strong></span> <span class='ocrx_word' id='word_1_279' title='bbox 1909 2100 2113 2156; x_wconf 85' lang='lat' dir='ltr'><strong>essent,</strong></span> 
     </span>
    </p>
   </div>
   <div class='ocr_carea' id='block_1_39' title="bbox 548 2178 2116 2249">
    <p class='ocr_par' dir='ltr' id='par_1_39' title="bbox 548 2178 2116 2249">
     <span class='ocr_line' id='line_1_39' title="bbox 548 2178 2116 2249; baseline 0.005 -18"><span class='ocrx_word' id='word_1_280' title='bbox 548 2179 596 2234; x_wconf 90' lang='lat' dir='ltr'><strong>is</strong></span> <span class='ocrx_word' id='word_1_281' title='bbox 624 2178 716 2247; x_wconf 89' lang='lat' dir='ltr'><strong>qui</strong></span> <span class='ocrx_word' id='word_1_282' title='bbox 746 2178 979 2233; x_wconf 57' lang='lat' dir='ltr'><strong>Abrahae</strong></span> <span class='ocrx_word' id='word_1_283' title='bbox 1010 2179 1367 2249; x_wconf 88' lang='lat' dir='ltr'><strong>responderat</strong></span> <span class='ocrx_word' id='word_1_284' title='bbox 1398 2180 1542 2236; x_wconf 87' lang='lat' dir='ltr'><strong>Deus</strong></span> <span class='ocrx_word' id='word_1_285' title='bbox 1583 2197 1646 2236; x_wconf 91' lang='lat' dir='ltr'><strong>ac</strong></span> <span class='ocrx_word' id='word_1_286' title='bbox 1694 2181 1978 2246; x_wconf 85' lang='lat' dir='ltr'><strong>Dominus,</strong></span> <span class='ocrx_word' id='word_1_287' title='bbox 2014 2198 2116 2239; x_wconf 88' lang='lat' dir='ltr'><strong>suo</strong></span> 
     </span>
    </p>
   </div>
   <div class='ocr_carea' id='block_1_40' title="bbox 547 2268 2116 2340">
    <p class='ocr_par' dir='ltr' id='par_1_40' title="bbox 547 2268 2116 2340">
     <span class='ocr_line' id='line_1_40' title="bbox 547 2268 2116 2340; baseline 0.003 -18"><span class='ocrx_word' id='word_1_288' title='bbox 547 2268 781 2323; x_wconf 87' lang='lat' dir='ltr'><strong>adventu</strong></span> <span class='ocrx_word' id='word_1_289' title='bbox 822 2271 1136 2339; x_wconf 87' lang='lat' dir='ltr'><strong>neutiquam</strong></span> <span class='ocrx_word' id='word_1_290' title='bbox 1188 2270 1383 2340; x_wconf 83' lang='lat' dir='ltr'><strong>dignos</strong></span> <span class='ocrx_word' id='word_1_291' title='bbox 1426 2271 1607 2337; x_wconf 83' lang='lat' dir='ltr'><strong>etllcit,</strong></span> <span class='ocrx_word' id='word_1_292' title='bbox 1657 2273 2116 2340; x_wconf 87' lang='lat' dir='ltr'><strong>quemadmodum</strong></span> 
     </span>
    </p>
   </div>
   <div class='ocr_carea' id='block_1_41' title="bbox 547 2361 2115 2433">
    <p class='ocr_par' dir='ltr' id='par_1_41' title="bbox 547 2361 2115 2433">
     <span class='ocr_line' id='line_1_41' title="bbox 547 2361 2115 2433; baseline 0.004 -19"><span class='ocrx_word' id='word_1_293' title='bbox 547 2376 739 2416; x_wconf 90' lang='lat' dir='ltr'><strong>rursus</strong></span> <span class='ocrx_word' id='word_1_294' title='bbox 786 2361 919 2416; x_wconf 90' lang='lat' dir='ltr'><strong>dicit</strong></span> <span class='ocrx_word' id='word_1_295' title='bbox 954 2361 1237 2433; x_wconf 89' lang='lat' dir='ltr'><strong>Scriptura</strong></span> <span class='ocrx_word' id='word_1_296' title='bbox 1279 2363 1463 2417; x_wconf 81' lang='lat' dir='ltr'><strong>divina</strong></span> <span class='ocrx_word' id='word_1_297' title='bbox 1498 2382 1512 2418; x_wconf 90' lang='lat'><strong>:</strong></span> <span class='ocrx_word' id='word_1_298' title='bbox 1554 2382 1572 2413; x_wconf 78' lang='grc' dir='ltr'><strong>ι</strong></span> <span class='ocrx_word' id='word_1_299' title='bbox 1609 2362 1871 2420; x_wconf 89' lang='lat' dir='ltr'><strong>Dominus</strong></span> <span class='ocrx_word' id='word_1_300' title='bbox 1899 2365 2115 2431; x_wconf 88' lang='lat' dir='ltr'><strong>quidem</strong></span> 
     </span>
    </p>
   </div>
   <div class='ocr_carea' id='block_1_42' title="bbox 542 2455 2118 2527">
    <p class='ocr_par' dir='ltr' id='par_1_42' title="bbox 542 2455 2118 2527">
     <span class='ocr_line' id='line_1_42' title="bbox 542 2455 2118 2527; baseline 0.003 -18"><span class='ocrx_word' id='word_1_301' title='bbox 542 2455 701 2518; x_wconf 74' lang='lat' dir='ltr'><strong>abiit,</strong></span> <span class='ocrx_word' id='word_1_302' title='bbox 737 2465 1025 2526; x_wconf 85' lang='lat' dir='ltr'><strong>postquam</strong></span> <span class='ocrx_word' id='word_1_303' title='bbox 1056 2455 1219 2510; x_wconf 86' lang='lat' dir='ltr'><strong>desiit</strong></span> <span class='ocrx_word' id='word_1_304' title='bbox 1271 2457 1418 2527; x_wconf 90' lang='lat' dir='ltr'><strong>loqui</strong></span> <span class='ocrx_word' id='word_1_305' title='bbox 1475 2471 1600 2510; x_wconf 91' lang='lat' dir='ltr'><strong>cum</strong></span> <span class='ocrx_word' id='word_1_306' title='bbox 1647 2456 1944 2512; x_wconf 82' lang='lat' dir='ltr'><strong>Abraham.</strong></span> <span class='ocrx_word' id='word_1_307' title='bbox 1999 2457 2118 2513; x_wconf 91' lang='lat' dir='ltr'><strong>Duo</strong></span> 
     </span>
    </p>
   </div>
   <div class='ocr_carea' id='block_1_43' title="bbox 545 2546 2118 2618">
    <p class='ocr_par' dir='ltr' id='par_1_43' title="bbox 545 2546 2118 2618">
     <span class='ocr_line' id='line_1_43' title="bbox 545 2546 2118 2618; baseline 0.001 -18"><span class='ocrx_word' id='word_1_308' title='bbox 545 2561 677 2601; x_wconf 79' lang='lat' dir='ltr'><strong>vero</strong></span> <span class='ocrx_word' id='word_1_309' title='bbox 699 2548 880 2618; x_wconf 84' lang='lat' dir='ltr'><strong>angeli</strong></span> <span class='ocrx_word' id='word_1_310' title='bbox 939 2546 1177 2603; x_wconf 91' lang='lat' dir='ltr'><strong>Sodoma</strong></span> <span class='ocrx_word' id='word_1_311' title='bbox 1211 2547 1462 2602; x_wconf 90' lang='lat' dir='ltr'><strong>abierunt</strong></span> <span class='ocrx_word' id='word_1_312' title='bbox 1508 2547 1722 2617; x_wconf 86' lang='lat' dir='ltr'><strong>vesperi</strong></span> <span class='ocrx_word' id='word_1_313' title='bbox 1783 2547 1850 2601; x_wconf 77' lang='grc'><strong>⁵⁷.</strong></span> <span class='ocrx_word' id='word_1_314' title='bbox 1905 2567 1924 2599; x_wconf 79' lang='grc' dir='ltr'><strong>ι</strong></span> <span class='ocrx_word' id='word_1_315' title='bbox 1982 2546 2118 2602; x_wconf 88' lang='lat' dir='ltr'><strong>ltem</strong></span> 
     </span>
    </p>
   </div>
   <div class='ocr_carea' id='block_1_44' title="bbox 545 2638 2116 2712">
    <p class='ocr_par' dir='ltr' id='par_1_44' title="bbox 545 2638 2116 2712">
     <span class='ocr_line' id='line_1_44' title="bbox 545 2638 2116 2712; baseline 0 -18"><span class='ocrx_word' id='word_1_316' title='bbox 545 2641 652 2710; x_wconf 80' lang='lat' dir='ltr'><strong>ipsi</strong></span> <span class='ocrx_word' id='word_1_317' title='bbox 675 2638 895 2695; x_wconf 52' lang='lat' dir='ltr'><strong>Jacobs</strong></span> <span class='ocrx_word' id='word_1_318' title='bbox 931 2641 1150 2695; x_wconf 78' lang='lat' dir='ltr'><strong>obviam</strong></span> <span class='ocrx_word' id='word_1_319' title='bbox 1188 2648 1454 2695; x_wconf 87' lang='lat' dir='ltr'><strong>venerunt</strong></span> <span class='ocrx_word' id='word_1_320' title='bbox 1482 2641 1660 2712; x_wconf 81' lang='lat' dir='ltr'><strong>angeli</strong></span> <span class='ocrx_word' id='word_1_321' title='bbox 1712 2638 1830 2693; x_wconf 90' lang='lat' dir='ltr'><strong>Dei.</strong></span> <span class='ocrx_word' id='word_1_322' title='bbox 1880 2639 1946 2692; x_wconf 83' lang='lat' dir='ltr'><strong>Et</strong></span> <span class='ocrx_word' id='word_1_323' title='bbox 1991 2655 2116 2694; x_wconf 90' lang='lat' dir='ltr'><strong>cum</strong></span> 
     </span>
    </p>
   </div>
   <div class='ocr_carea' id='block_1_45' title="bbox 543 2727 2118 2794">
    <p class='ocr_par' dir='ltr' id='par_1_45' title="bbox 543 2727 2118 2794">
     <span class='ocr_line' id='line_1_45' title="bbox 543 2727 2118 2794; baseline 0.003 -15"><span class='ocrx_word' id='word_1_324' title='bbox 543 2729 774 2784; x_wconf 74' lang='lat' dir='ltr'><strong>vidisset</strong></span> <span class='ocrx_word' id='word_1_325' title='bbox 818 2729 975 2794; x_wconf 77' lang='lat' dir='ltr'><strong>dixit,</strong></span> <span class='ocrx_word' id='word_1_326' title='bbox 1008 2729 1199 2784; x_wconf 86' lang='lat' dir='ltr'><strong>Castra</strong></span> <span class='ocrx_word' id='word_1_327' title='bbox 1231 2727 1325 2783; x_wconf 89' lang='lat' dir='ltr'><strong>Dei</strong></span> <span class='ocrx_word' id='word_1_328' title='bbox 1358 2729 1494 2793; x_wconf 78' lang='lat' dir='ltr'><strong>haec,</strong></span> <span class='ocrx_word' id='word_1_329' title='bbox 1549 2738 1606 2783; x_wconf 91' lang='lat' dir='ltr'><strong>et</strong></span> <span class='ocrx_word' id='word_1_330' title='bbox 1649 2729 1863 2783; x_wconf 80' lang='lat' dir='ltr'><strong>vocavit</strong></span> <span class='ocrx_word' id='word_1_331' title='bbox 1918 2744 2118 2784; x_wconf 59' lang='lat' dir='ltr'><strong>nomen</strong></span> 
     </span>
    </p>
   </div>
   <div class='ocr_carea' id='block_1_46' title="bbox 546 2819 2120 2888">
    <p class='ocr_par' dir='ltr' id='par_1_46' title="bbox 546 2819 2120 2888">
     <span class='ocr_line' id='line_1_46' title="bbox 546 2819 2120 2888; baseline -0.001 -12"><span class='ocrx_word' id='word_1_332' title='bbox 546 2823 654 2876; x_wconf 81' lang='lat' dir='ltr'><strong>loci</strong></span> <span class='ocrx_word' id='word_1_333' title='bbox 700 2822 872 2888; x_wconf 91' lang='lat' dir='ltr'><strong>illius,</strong></span> <span class='ocrx_word' id='word_1_334' title='bbox 923 2820 1119 2876; x_wconf 87' lang='lat' dir='ltr'><strong>Castra</strong></span> <span class='ocrx_word' id='word_1_335' title='bbox 1146 2821 1212 2875; x_wconf 78' lang='grc'><strong>⁵⁸.</strong></span> <span class='ocrx_word' id='word_1_336' title='bbox 1254 2841 1272 2874; x_wconf 80' lang='grc' dir='ltr'><strong>ι</strong></span> <span class='ocrx_word' id='word_1_337' title='bbox 1307 2819 1398 2875; x_wconf 91' lang='lat' dir='ltr'><strong>Sic</strong></span> <span class='ocrx_word' id='word_1_338' title='bbox 1428 2837 1561 2875; x_wconf 88' lang='lat' dir='ltr'><strong>sane</strong></span> <span class='ocrx_word' id='word_1_339' title='bbox 1592 2819 1686 2876; x_wconf 91' lang='lat' dir='ltr'><strong>Dei</strong></span> <span class='ocrx_word' id='word_1_340' title='bbox 1715 2821 1926 2874; x_wconf 91' lang='lat' dir='ltr'><strong>amicus</strong></span> <span class='ocrx_word' id='word_1_341' title='bbox 1953 2819 2120 2875; x_wconf 79' lang='lat' dir='ltr'><strong>visio-</strong></span> 
     </span>
    </p>
   </div>
   <div class='ocr_carea' id='block_1_47' title="bbox 545 2913 2118 2984">
    <p class='ocr_par' dir='ltr' id='par_1_47' title="bbox 545 2913 2118 2984">
     <span class='ocr_line' id='line_1_47' title="bbox 545 2913 2118 2984; baseline -0.001 -15"><span class='ocrx_word' id='word_1_342' title='bbox 545 2932 646 2970; x_wconf 81' lang='lat' dir='ltr'><strong>nes</strong></span> <span class='ocrx_word' id='word_1_343' title='bbox 675 2915 1020 2970; x_wconf 85' lang='lat' dir='ltr'><strong>discernebat</strong></span> <span class='ocrx_word' id='word_1_344' title='bbox 1047 2934 1060 2970; x_wconf 88' lang='lat'><strong>:</strong></span> <span class='ocrx_word' id='word_1_345' title='bbox 1096 2913 1325 2984; x_wconf 88' lang='lat' dir='ltr'><strong>proinde</strong></span> <span class='ocrx_word' id='word_1_346' title='bbox 1353 2929 1500 2968; x_wconf 85' lang='lat' dir='ltr'><strong>nunc</strong></span> <span class='ocrx_word' id='word_1_347' title='bbox 1531 2914 1753 2984; x_wconf 89' lang='lat' dir='ltr'><strong>quidem</strong></span> <span class='ocrx_word' id='word_1_348' title='bbox 1779 2927 1977 2968; x_wconf 87' lang='lat' dir='ltr'><strong>nomen</strong></span> <span class='ocrx_word' id='word_1_349' title='bbox 2012 2913 2118 2968; x_wconf 85' lang='lat' dir='ltr'><strong>loci</strong></span> 
     </span>
    </p>
   </div>
   <div class='ocr_carea' id='block_1_48' title="bbox 542 3005 2117 3077">
    <p class='ocr_par' dir='ltr' id='par_1_48' title="bbox 542 3005 2117 3077">
     <span class='ocr_line' id='line_1_48' title="bbox 542 3005 2117 3077; baseline 0 -15"><span class='ocrx_word' id='word_1_350' title='bbox 542 3006 738 3062; x_wconf 86' lang='lat' dir='ltr'><strong>Castra</strong></span> <span class='ocrx_word' id='word_1_351' title='bbox 769 3007 1027 3077; x_wconf 87' lang='lat' dir='ltr'><strong>appellat,</strong></span> <span class='ocrx_word' id='word_1_352' title='bbox 1058 3022 1126 3060; x_wconf 82' lang='lat' dir='ltr'><strong>ex</strong></span> <span class='ocrx_word' id='word_1_353' title='bbox 1155 3022 1220 3061; x_wconf 90' lang='lat' dir='ltr'><strong>eo</strong></span> <span class='ocrx_word' id='word_1_354' title='bbox 1249 3005 1396 3076; x_wconf 92' lang='lat' dir='ltr'><strong>quod</strong></span> <span class='ocrx_word' id='word_1_355' title='bbox 1427 3006 1540 3060; x_wconf 90' lang='lat' dir='ltr'><strong>illic</strong></span> <span class='ocrx_word' id='word_1_356' title='bbox 1569 3005 1889 3077; x_wconf 79' lang='lat' dir='ltr'><strong>angelorum</strong></span> <span class='ocrx_word' id='word_1_357' title='bbox 1935 3015 2117 3063; x_wconf 81' lang='lat' dir='ltr'><strong>castra</strong></span> 
     </span>
    </p>
   </div>
   <div class='ocr_carea' id='block_1_49' title="bbox 543 3097 2119 3170">
    <p class='ocr_par' dir='ltr' id='par_1_49' title="bbox 543 3097 2119 3170">
     <span class='ocr_line' id='line_1_49' title="bbox 543 3097 2119 3170; baseline 0 -15"><span class='ocrx_word' id='word_1_358' title='bbox 543 3101 761 3157; x_wconf 74' lang='lat' dir='ltr'><strong>viderit.</strong></span> <span class='ocrx_word' id='word_1_359' title='bbox 795 3100 898 3156; x_wconf 86' lang='lat' dir='ltr'><strong>Ubi</strong></span> <span class='ocrx_word' id='word_1_360' title='bbox 929 3109 1111 3155; x_wconf 89' lang='lat' dir='ltr'><strong>autem</strong></span> <span class='ocrx_word' id='word_1_361' title='bbox 1149 3115 1274 3154; x_wconf 91' lang='lat' dir='ltr'><strong>cum</strong></span> <span class='ocrx_word' id='word_1_362' title='bbox 1326 3100 1446 3170; x_wconf 88' lang='lat' dir='ltr'><strong>ipso</strong></span> <span class='ocrx_word' id='word_1_363' title='bbox 1497 3097 1610 3153; x_wconf 88' lang='lat' dir='ltr'><strong>Deo</strong></span> <span class='ocrx_word' id='word_1_364' title='bbox 1659 3099 1922 3170; x_wconf 87' lang='lat' dir='ltr'><strong>loquitur,</strong></span> <span class='ocrx_word' id='word_1_365' title='bbox 1957 3108 2119 3155; x_wconf 87' lang='lat' dir='ltr'><strong>vocat</strong></span> 
     </span>
    </p>
   </div>
   <div class='ocr_carea' id='block_1_50' title="bbox 547 3191 2118 3262">
    <p class='ocr_par' dir='ltr' id='par_1_50' title="bbox 547 3191 2118 3262">
     <span class='ocr_line' id='line_1_50' title="bbox 547 3191 2118 3262; baseline 0 -14"><span class='ocrx_word' id='word_1_366' title='bbox 547 3209 746 3248; x_wconf 82' lang='lat' dir='ltr'><strong>nomen</strong></span> <span class='ocrx_word' id='word_1_367' title='bbox 775 3193 899 3256; x_wconf 85' lang='lat' dir='ltr'><strong>loci,</strong></span> <span class='ocrx_word' id='word_1_368' title='bbox 935 3191 1180 3262; x_wconf 88' lang='lat' dir='ltr'><strong>Speciem</strong></span> <span class='ocrx_word' id='word_1_369' title='bbox 1207 3191 1322 3258; x_wconf 91' lang='lat' dir='ltr'><strong>Dei,</strong></span> <span class='ocrx_word' id='word_1_370' title='bbox 1373 3192 1459 3246; x_wconf 88' lang='lat' dir='ltr'><strong>bis</strong></span> <span class='ocrx_word' id='word_1_371' title='bbox 1485 3192 1668 3248; x_wconf 83' lang='lat' dir='ltr'><strong>verbis</strong></span> <span class='ocrx_word' id='word_1_372' title='bbox 1704 3211 1718 3246; x_wconf 88' lang='lat'>:</span> <span class='ocrx_word' id='word_1_373' title='bbox 1758 3210 1793 3244; x_wconf 58' lang='grc' dir='ltr'>«ί</span> <span class='ocrx_word' id='word_1_374' title='bbox 1818 3191 1942 3246; x_wconf 79' lang='lat' dir='ltr'><strong>Vidi</strong></span> <span class='ocrx_word' id='word_1_375' title='bbox 1971 3194 2118 3249; x_wconf 90' lang='lat' dir='ltr'><strong>enim</strong></span> 
     </span>
    </p>
   </div>
   <div class='ocr_carea' id='block_1_51' title="bbox 549 3284 2122 3357">
    <p class='ocr_par' dir='ltr' id='par_1_51' title="bbox 549 3284 2122 3357">
     <span class='ocr_line' id='line_1_51' title="bbox 549 3284 2122 3357; baseline -0.002 -15"><span class='ocrx_word' id='word_1_376' title='bbox 549 3288 718 3342; x_wconf 90' lang='lat' dir='ltr'><strong>Deum</strong></span> <span class='ocrx_word' id='word_1_377' title='bbox 752 3284 891 3340; x_wconf 81' lang='lat' dir='ltr'><strong>facie</strong></span> <span class='ocrx_word' id='word_1_378' title='bbox 913 3287 982 3340; x_wconf 89' lang='lat' dir='ltr'><strong>ad</strong></span> <span class='ocrx_word' id='word_1_379' title='bbox 1017 3284 1232 3340; x_wconf 83' lang='lat' dir='ltr'><strong>faciem.</strong></span> <span class='ocrx_word' id='word_1_380' title='bbox 1267 3304 1284 3336; x_wconf 81' lang='grc' dir='ltr'><strong>ι</strong></span> <span class='ocrx_word' id='word_1_381' title='bbox 1319 3285 1463 3352; x_wconf 82' lang='lat' dir='ltr'><strong>Quin</strong></span> <span class='ocrx_word' id='word_1_382' title='bbox 1489 3293 1544 3340; x_wconf 89' lang='lat' dir='ltr'><strong>et</strong></span> <span class='ocrx_word' id='word_1_383' title='bbox 1572 3285 1706 3340; x_wconf 85' lang='lat' dir='ltr'><strong>Mosi</strong></span> <span class='ocrx_word' id='word_1_384' title='bbox 1757 3289 1976 3357; x_wconf 90' lang='lat' dir='ltr'><strong>quoties</strong></span> <span class='ocrx_word' id='word_1_385' title='bbox 2026 3302 2122 3356; x_wconf 88' lang='lat' dir='ltr'><strong>ap-</strong></span> 
     </span>
    </p>
   </div>
   <div class='ocr_carea' id='block_1_52' title="bbox 548 3375 2118 3450">
    <p class='ocr_par' dir='ltr' id='par_1_52' title="bbox 548 3375 2118 3450">
     <span class='ocr_line' id='line_1_52' title="bbox 548 3375 2118 3450; baseline 0.001 -19"><span class='ocrx_word' id='word_1_386' title='bbox 548 3386 705 3448; x_wconf 83' lang='lat' dir='ltr'><strong>paret</strong></span> <span class='ocrx_word' id='word_1_387' title='bbox 718 3378 966 3448; x_wconf 81' lang='lat' dir='ltr'><strong>angelus,</strong></span> <span class='ocrx_word' id='word_1_388' title='bbox 995 3377 1100 3432; x_wconf 87' lang='lat' dir='ltr'><strong>hoc</strong></span> <span class='ocrx_word' id='word_1_389' title='bbox 1119 3377 1296 3447; x_wconf 92' lang='lat' dir='ltr'><strong>ipsum</strong></span> <span class='ocrx_word' id='word_1_390' title='bbox 1310 3377 1492 3431; x_wconf 85' lang='lat' dir='ltr'><strong>divina</strong></span> <span class='ocrx_word' id='word_1_391' title='bbox 1521 3375 1806 3448; x_wconf 87' lang='lat' dir='ltr'><strong>Scriptura</strong></span> <span class='ocrx_word' id='word_1_392' title='bbox 1830 3378 2118 3450; x_wconf 75' lang='lat' dir='ltr'><strong>significat,</strong></span> 
     </span>
    </p>
   </div>
   <div class='ocr_carea' id='block_1_53' title="bbox 546 3470 2122 3542">
    <p class='ocr_par' dir='ltr' id='par_1_53' title="bbox 546 3470 2122 3542">
     <span class='ocr_line' id='line_1_53' title="bbox 546 3470 2122 3542; baseline 0 -15"><span class='ocrx_word' id='word_1_393' title='bbox 546 3473 740 3528; x_wconf 82' lang='lat' dir='ltr'><strong>dicens</strong></span> <span class='ocrx_word' id='word_1_394' title='bbox 792 3490 804 3525; x_wconf 92' lang='lat'><strong>:</strong></span> <span class='ocrx_word' id='word_1_395' title='bbox 844 3471 1009 3541; x_wconf 73' lang='lat'><strong>238</strong></span> <span class='ocrx_word' id='word_1_396' title='bbox 1035 3488 1054 3521; x_wconf 78' lang='grc' dir='ltr'><strong>ι</strong></span> <span class='ocrx_word' id='word_1_397' title='bbox 1084 3470 1350 3540; x_wconf 84' lang='lat' dir='ltr'><strong>Apparuit</strong></span> <span class='ocrx_word' id='word_1_398' title='bbox 1391 3485 1520 3525; x_wconf 89' lang='lat' dir='ltr'><strong>vero</strong></span> <span class='ocrx_word' id='word_1_399' title='bbox 1550 3471 1627 3524; x_wconf 91' lang='lat' dir='ltr'><strong>illi</strong></span> <span class='ocrx_word' id='word_1_400' title='bbox 1654 3472 1879 3542; x_wconf 79' lang='lat' dir='ltr'><strong>angelus</strong></span> <span class='ocrx_word' id='word_1_401' title='bbox 1907 3472 2122 3528; x_wconf 86' lang='lat' dir='ltr'><strong>Domini</strong></span> 
     </span>
    </p>
   </div>
   <div class='ocr_carea' id='block_1_54' title="bbox 549 3559 2124 3634">
    <p class='ocr_par' dir='ltr' id='par_1_54' title="bbox 549 3559 2124 3634">
     <span class='ocr_line' id='line_1_54' title="bbox 549 3559 2124 3634; baseline 0 -15"><span class='ocrx_word' id='word_1_402' title='bbox 549 3565 606 3619; x_wconf 84' lang='lat' dir='ltr'><strong>in</strong></span> <span class='ocrx_word' id='word_1_403' title='bbox 629 3561 846 3617; x_wconf 83' lang='lat' dir='ltr'><strong>ﬂamma</strong></span> <span class='ocrx_word' id='word_1_404' title='bbox 876 3563 1017 3633; x_wconf 83' lang='lat' dir='ltr'><strong>ignis</strong></span> <span class='ocrx_word' id='word_1_405' title='bbox 1045 3562 1167 3617; x_wconf 89' lang='lat' dir='ltr'><strong>rubi</strong></span> <span class='ocrx_word' id='word_1_406' title='bbox 1187 3561 1255 3618; x_wconf 79' lang='lat'><strong>&quot;.</strong></span> <span class='ocrx_word' id='word_1_407' title='bbox 1296 3581 1316 3614; x_wconf 80' lang='grc' dir='ltr'><strong>ι</strong></span> <span class='ocrx_word' id='word_1_408' title='bbox 1343 3559 1570 3628; x_wconf 85' lang='lat' dir='ltr'><strong>Quoties</strong></span> <span class='ocrx_word' id='word_1_409' title='bbox 1603 3578 1732 3618; x_wconf 78' lang='lat' dir='ltr'><strong>vero</strong></span> <span class='ocrx_word' id='word_1_410' title='bbox 1761 3564 1809 3619; x_wconf 90' lang='lat' dir='ltr'><strong>is</strong></span> <span class='ocrx_word' id='word_1_411' title='bbox 1834 3564 1925 3634; x_wconf 91' lang='lat' dir='ltr'><strong>qui</strong></span> <span class='ocrx_word' id='word_1_412' title='bbox 1947 3565 2039 3633; x_wconf 81' lang='lat' dir='ltr'><strong>jus</strong></span> <span class='ocrx_word' id='word_1_413' title='bbox 2067 3572 2124 3621; x_wconf 92' lang='lat' dir='ltr'><strong>et</strong></span> 
     </span>
    </p>
   </div>
   <div class='ocr_carea' id='block_1_55' title="bbox 547 3655 2122 3728">
    <p class='ocr_par' dir='ltr' id='par_1_55' title="bbox 547 3655 2122 3728">
     <span class='ocr_line' id='line_1_55' title="bbox 547 3655 2122 3728; baseline 0.001 -18"><span class='ocrx_word' id='word_1_414' title='bbox 547 3661 876 3728; x_wconf 84' lang='lat' dir='ltr'><strong>potestatem</strong></span> <span class='ocrx_word' id='word_1_415' title='bbox 907 3655 1091 3720; x_wconf 86' lang='lat' dir='ltr'><strong>habet,</strong></span> <span class='ocrx_word' id='word_1_416' title='bbox 1125 3655 1243 3724; x_wconf 88' lang='lat' dir='ltr'><strong>ipse</strong></span> <span class='ocrx_word' id='word_1_417' title='bbox 1277 3655 1469 3725; x_wconf 89' lang='lat' dir='ltr'><strong>utique</strong></span> <span class='ocrx_word' id='word_1_418' title='bbox 1519 3655 1869 3710; x_wconf 88' lang='lat' dir='ltr'><strong>oraculorum</strong></span> <span class='ocrx_word' id='word_1_419' title='bbox 1921 3665 1974 3711; x_wconf 89' lang='lat' dir='ltr'><strong>et</strong></span> <span class='ocrx_word' id='word_1_420' title='bbox 2032 3672 2122 3712; x_wconf 89' lang='lat' dir='ltr'><strong>re-</strong></span> 
     </span>
    </p>
   </div>
   <div class='ocr_carea' id='block_1_56' title="bbox 551 3747 2122 3820">
    <p class='ocr_par' dir='ltr' id='par_1_56' title="bbox 551 3747 2122 3820">
     <span class='ocr_line' id='line_1_56' title="bbox 551 3747 2122 3820; baseline -0.001 -15"><span class='ocrx_word' id='word_1_421' title='bbox 551 3763 881 3820; x_wconf 83' lang='lat' dir='ltr'><strong>sponsorum</strong></span> <span class='ocrx_word' id='word_1_422' title='bbox 909 3755 1123 3810; x_wconf 87' lang='lat' dir='ltr'><strong>auctor,</strong></span> <span class='ocrx_word' id='word_1_423' title='bbox 1155 3747 1232 3801; x_wconf 90' lang='lat' dir='ltr'><strong>ita</strong></span> <span class='ocrx_word' id='word_1_424' title='bbox 1273 3748 1377 3802; x_wconf 88' lang='lat' dir='ltr'><strong>hoc</strong></span> <span class='ocrx_word' id='word_1_425' title='bbox 1405 3747 1630 3818; x_wconf 89' lang='lat' dir='ltr'><strong>planum</strong></span> <span class='ocrx_word' id='word_1_426' title='bbox 1663 3747 1815 3811; x_wconf 81' lang='lat' dir='ltr'><strong>facit,</strong></span> <span class='ocrx_word' id='word_1_427' title='bbox 1859 3756 1918 3802; x_wconf 92' lang='lat' dir='ltr'><strong>ut</strong></span> <span class='ocrx_word' id='word_1_428' title='bbox 1967 3749 2122 3804; x_wconf 90' lang='lat' dir='ltr'><strong>illum</strong></span> 
     </span>
    </p>
   </div>
   <div class='ocr_carea' id='block_1_57' title="bbox 549 3839 2124 3910">
    <p class='ocr_par' dir='ltr' id='par_1_57' title="bbox 549 3839 2124 3910">
     <span class='ocr_line' id='line_1_57' title="bbox 549 3839 2124 3910; baseline -0.001 -12"><span class='ocrx_word' id='word_1_429' title='bbox 549 3850 606 3898; x_wconf 87' lang='lat' dir='ltr'><strong>et</strong></span> <span class='ocrx_word' id='word_1_430' title='bbox 628 3841 916 3896; x_wconf 88' lang='lat' dir='ltr'><strong>Dominum</strong></span> <span class='ocrx_word' id='word_1_431' title='bbox 944 3848 996 3896; x_wconf 90' lang='lat' dir='ltr'><strong>et</strong></span> <span class='ocrx_word' id='word_1_432' title='bbox 1028 3839 1218 3903; x_wconf 90' lang='lat' dir='ltr'><strong>Deum,</strong></span> <span class='ocrx_word' id='word_1_433' title='bbox 1250 3854 1518 3910; x_wconf 88' lang='lat' dir='ltr'><strong>nusquam</strong></span> <span class='ocrx_word' id='word_1_434' title='bbox 1566 3855 1696 3895; x_wconf 82' lang='lat' dir='ltr'><strong>vero</strong></span> <span class='ocrx_word' id='word_1_435' title='bbox 1741 3841 1990 3910; x_wconf 85' lang='lat' dir='ltr'><strong>angelum</strong></span> <span class='ocrx_word' id='word_1_436' title='bbox 2023 3857 2124 3896; x_wconf 86' lang='lat' dir='ltr'><strong>no-</strong></span> 
     </span>
    </p>
   </div>
   <div class='ocr_carea' id='block_1_58' title="bbox 551 3914 2122 4002">
    <p class='ocr_par' dir='ltr' id='par_1_58' title="bbox 551 3914 2122 4002">
     <span class='ocr_line' id='line_1_58' title="bbox 551 3914 2122 4002; baseline 0.001 -14"><span class='ocrx_word' id='word_1_437' title='bbox 551 3932 744 3988; x_wconf 88' lang='lat' dir='ltr'><strong>minet.</strong></span> <span class='ocrx_word' id='word_1_438' title='bbox 793 3930 971 3986; x_wconf 84' lang='lat' dir='ltr'><strong>Simili</strong></span> <span class='ocrx_word' id='word_1_439' title='bbox 1004 3930 1218 3986; x_wconf 91' lang='lat' dir='ltr'><strong>ratione</strong></span> <span class='ocrx_word' id='word_1_440' title='bbox 1269 3931 1432 3985; x_wconf 87' lang='lat' dir='ltr'><strong>etiam</strong></span> <span class='ocrx_word' id='word_1_441' title='bbox 1467 3914 1525 3984; x_wconf 84' lang='lat' dir='ltr'><strong>in</strong></span> <span class='ocrx_word' id='word_1_442' title='bbox 1559 3931 1697 3986; x_wconf 89' lang='lat' dir='ltr'><strong>mari</strong></span> <span class='ocrx_word' id='word_1_443' title='bbox 1741 3930 1928 3987; x_wconf 83' lang='lat' dir='ltr'><strong>Rubro</strong></span> <span class='ocrx_word' id='word_1_444' title='bbox 1962 3933 2122 4002; x_wconf 88' lang='lat' dir='ltr'><strong>plane</strong></span> 
     </span>
    </p>
   </div>
   <div class='ocr_carea' id='block_1_59' title="bbox 551 4020 2123 4094">
    <p class='ocr_par' dir='ltr' id='par_1_59' title="bbox 551 4020 2123 4094">
     <span class='ocr_line' id='line_1_59' title="bbox 551 4020 2123 4094; baseline 0.004 -18"><span class='ocrx_word' id='word_1_445' title='bbox 551 4024 803 4094; x_wconf 89' lang='lat' dir='ltr'><strong>angelum</strong></span> <span class='ocrx_word' id='word_1_446' title='bbox 833 4022 1233 4092; x_wconf 80' lang='lat' dir='ltr'><strong>Dominamque</strong></span> <span class='ocrx_word' id='word_1_447' title='bbox 1249 4020 1555 4092; x_wconf 85' lang='lat' dir='ltr'><strong>distinguit,</strong></span> <span class='ocrx_word' id='word_1_448' title='bbox 1581 4021 1671 4075; x_wconf 91' lang='lat' dir='ltr'><strong>ubi</strong></span> <span class='ocrx_word' id='word_1_449' title='bbox 1704 4023 1780 4076; x_wconf 87' lang='lat' dir='ltr'><strong>ait</strong></span> <span class='ocrx_word' id='word_1_450' title='bbox 1813 4042 1826 4076; x_wconf 88' lang='lat'>:</span> <span class='ocrx_word' id='word_1_451' title='bbox 1865 4042 1884 4075; x_wconf 80' lang='grc' dir='ltr'><strong>ι</strong></span> <span class='ocrx_word' id='word_1_452' title='bbox 1927 4021 2123 4083; x_wconf 92' lang='lat' dir='ltr'><strong>Sustu-.</strong></span> 
     </span>
    </p>
   </div>
   <div class='ocr_carea' id='block_1_60' title="bbox 553 4109 2121 4184">
    <p class='ocr_par' dir='ltr' id='par_1_60' title="bbox 553 4109 2121 4184">
     <span class='ocr_line' id='line_1_60' title="bbox 553 4109 2121 4184; baseline -0.002 -16"><span class='ocrx_word' id='word_1_453' title='bbox 553 4114 724 4184; x_wconf 89' lang='lat' dir='ltr'><strong>litque</strong></span> <span class='ocrx_word' id='word_1_454' title='bbox 753 4129 812 4168; x_wconf 90' lang='lat' dir='ltr'><strong>se</strong></span> <span class='ocrx_word' id='word_1_455' title='bbox 845 4113 1068 4184; x_wconf 88' lang='lat' dir='ltr'><strong>angelus</strong></span> <span class='ocrx_word' id='word_1_456' title='bbox 1098 4109 1194 4165; x_wconf 84' lang='lat' dir='ltr'><strong>Dei</strong></span> <span class='ocrx_word' id='word_1_457' title='bbox 1221 4111 1313 4181; x_wconf 90' lang='lat' dir='ltr'><strong>qui</strong></span> <span class='ocrx_word' id='word_1_458' title='bbox 1344 4109 1656 4164; x_wconf 89' lang='lat' dir='ltr'><strong>ambulabat</strong></span> <span class='ocrx_word' id='word_1_459' title='bbox 1687 4117 1815 4165; x_wconf 91' lang='lat' dir='ltr'><strong>ante</strong></span> <span class='ocrx_word' id='word_1_460' title='bbox 1845 4119 2028 4166; x_wconf 89' lang='lat' dir='ltr'><strong>castra</strong></span> <span class='ocrx_word' id='word_1_461' title='bbox 2057 4112 2121 4165; x_wconf 87' lang='lat' dir='ltr'><strong>li-</strong></span> 
     </span>
    </p>
   </div>
   <div class='ocr_carea' id='block_1_61' title="bbox 551 4201 2123 4274">
    <p class='ocr_par' dir='ltr' id='par_1_61' title="bbox 551 4201 2123 4274">
     <span class='ocr_line' id='line_1_61' title="bbox 551 4201 2123 4274; baseline -0.003 -11"><span class='ocrx_word' id='word_1_462' title='bbox 551 4209 754 4263; x_wconf 91' lang='lat' dir='ltr'><strong>liorum</strong></span> <span class='ocrx_word' id='word_1_463' title='bbox 784 4206 975 4270; x_wconf 88' lang='lat' dir='ltr'><strong>Israel,</strong></span> <span class='ocrx_word' id='word_1_464' title='bbox 1022 4216 1076 4261; x_wconf 91' lang='lat' dir='ltr'><strong>et</strong></span> <span class='ocrx_word' id='word_1_465' title='bbox 1108 4204 1242 4259; x_wconf 88' lang='lat' dir='ltr'><strong>abiit</strong></span> <span class='ocrx_word' id='word_1_466' title='bbox 1289 4211 1412 4274; x_wconf 91' lang='lat' dir='ltr'><strong>post</strong></span> <span class='ocrx_word' id='word_1_467' title='bbox 1442 4218 1556 4258; x_wconf 89' lang='lat' dir='ltr'><strong>eos.</strong></span> <span class='ocrx_word' id='word_1_468' title='bbox 1589 4201 1825 4256; x_wconf 91' lang='lat' dir='ltr'><strong>Sustulit</strong></span> <span class='ocrx_word' id='word_1_469' title='bbox 1855 4211 2034 4258; x_wconf 90' lang='lat' dir='ltr'><strong>autem</strong></span> <span class='ocrx_word' id='word_1_470' title='bbox 2063 4219 2123 4258; x_wconf 89' lang='lat' dir='ltr'><strong>se</strong></span> 
     </span>
    </p>
   </div>
   <div class='ocr_carea' id='block_1_62' title="bbox 553 4296 2123 4362">
    <p class='ocr_par' dir='ltr' id='par_1_62' title="bbox 553 4296 2123 4362">
     <span class='ocr_line' id='line_1_62' title="bbox 553 4296 2123 4362; baseline -0.005 -5"><span class='ocrx_word' id='word_1_471' title='bbox 553 4302 718 4357; x_wconf 90' lang='lat' dir='ltr'><strong>etiam</strong></span> <span class='ocrx_word' id='word_1_472' title='bbox 750 4301 1004 4356; x_wconf 90' lang='lat' dir='ltr'><strong>columna</strong></span> <span class='ocrx_word' id='word_1_473' title='bbox 1036 4299 1198 4353; x_wconf 90' lang='lat' dir='ltr'><strong>nubis</strong></span> <span class='ocrx_word' id='word_1_474' title='bbox 1227 4313 1258 4351; x_wconf 92' lang='lat' dir='ltr'><strong>a</strong></span> <span class='ocrx_word' id='word_1_475' title='bbox 1293 4297 1433 4352; x_wconf 83' lang='lat' dir='ltr'><strong>facie</strong></span> <span class='ocrx_word' id='word_1_476' title='bbox 1463 4311 1654 4352; x_wconf 88' lang='lat' dir='ltr'><strong>eorum</strong></span> <span class='ocrx_word' id='word_1_477' title='bbox 1681 4296 1748 4350; x_wconf 76' lang='lat'><strong>°°.</strong></span> <span class='ocrx_word' id='word_1_478' title='bbox 1794 4316 1814 4349; x_wconf 67' lang='grc' dir='ltr'><strong>ι</strong></span> <span class='ocrx_word' id='word_1_479' title='bbox 1850 4296 2123 4362; x_wconf 86' lang='lat' dir='ltr'><strong>Quemad-</strong></span> 
     </span>
    </p>
   </div>
   <div class='ocr_carea' id='block_1_63' title="bbox 553 4387 2122 4461">
    <p class='ocr_par' dir='ltr' id='par_1_63' title="bbox 553 4387 2122 4461">
     <span class='ocr_line' id='line_1_63' title="bbox 553 4387 2122 4461; baseline -0.003 -12"><span class='ocrx_word' id='word_1_480' title='bbox 553 4392 775 4449; x_wconf 87' lang='lat' dir='ltr'><strong>modum</strong></span> <span class='ocrx_word' id='word_1_481' title='bbox 827 4392 881 4446; x_wconf 94' lang='lat' dir='ltr'><strong>in</strong></span> <span class='ocrx_word' id='word_1_482' title='bbox 915 4391 1290 4461; x_wconf 82' lang='lat' dir='ltr'><strong>superioribus</strong></span> <span class='ocrx_word' id='word_1_483' title='bbox 1333 4389 1597 4444; x_wconf 89' lang='lat' dir='ltr'><strong>Dominus</strong></span> <span class='ocrx_word' id='word_1_484' title='bbox 1657 4387 1831 4442; x_wconf 81' lang='lat' dir='ltr'><strong>forma</strong></span> <span class='ocrx_word' id='word_1_485' title='bbox 1884 4391 2122 4445; x_wconf 90' lang='lat' dir='ltr'><strong>hominis</strong></span> 
     </span>
    </p>
   </div>
   <div class='ocr_carea' id='block_1_64' title="bbox 2220 1899 3804 1972">
    <p class='ocr_par' dir='ltr' id='par_1_64' title="bbox 2220 1899 3804 1972">
     <span class='ocr_line' id='line_1_64' title="bbox 2220 1899 3804 1972; baseline -0.002 -17"><span class='ocrx_word' id='word_1_486' title='bbox 2220 1903 2308 1966; x_wconf 88' lang='grc' dir='ltr'><strong>δες</strong></span> <span class='ocrx_word' id='word_1_487' title='bbox 2345 1901 2608 1972; x_wconf 82' lang='grc' dir='ltr'>Ἐϐραίων</span> <span class='ocrx_word' id='word_1_488' title='bbox 2633 1900 2854 1954; x_wconf 78' lang='grc' dir='ltr'>εἰώθασι</span> <span class='ocrx_word' id='word_1_489' title='bbox 2873 1919 2888 1933; x_wconf 74' lang='grc' dir='ltr'><strong><em>ο</em></strong></span> <span class='ocrx_word' id='word_1_490' title='bbox 2915 1900 3072 1954; x_wconf 83' lang='grc' dir='ltr'>τοῦτο</span> <span class='ocrx_word' id='word_1_491' title='bbox 3097 1900 3150 1953; x_wconf 86' lang='grc' dir='ltr'><strong>δὲ</strong></span> <span class='ocrx_word' id='word_1_492' title='bbox 3173 1901 3266 1954; x_wconf 73' lang='grc' dir='ltr'>καὶ</span> <span class='ocrx_word' id='word_1_493' title='bbox 3288 1900 3394 1953; x_wconf 89' lang='grc' dir='ltr'><strong>ἀπὸ</strong></span> <span class='ocrx_word' id='word_1_494' title='bbox 3417 1900 3509 1952; x_wconf 85' lang='grc' dir='ltr'><strong>τοῦ</strong></span> <span class='ocrx_word' id='word_1_495' title='bbox 3533 1899 3804 1970; x_wconf 81' lang='grc' dir='ltr'><strong>ἀγγέλους</strong></span> 
     </span>
    </p>
   </div>
   <div class='ocr_carea' id='block_1_65' title="bbox 2222 1990 3806 2067">
    <p class='ocr_par' dir='ltr' id='par_1_65' title="bbox 2222 1990 3806 2067">
     <span class='ocr_line' id='line_1_65' title="bbox 2222 1990 3806 2067; baseline -0.003 -17"><span class='ocrx_word' id='word_1_496' title='bbox 2222 1995 2406 2065; x_wconf 80' lang='grc' dir='ltr'>σαφῶς</span> <span class='ocrx_word' id='word_1_497' title='bbox 2437 1994 2711 2067; x_wconf 82' lang='grc' dir='ltr'>διορίζειν,</span> <span class='ocrx_word' id='word_1_498' title='bbox 2745 1997 2834 2048; x_wconf 85' lang='grc' dir='ltr'>ὅτε</span> <span class='ocrx_word' id='word_1_499' title='bbox 2875 1995 2938 2066; x_wconf 85' lang='grc' dir='ltr'>δὴ</span> <span class='ocrx_word' id='word_1_500' title='bbox 2986 1990 3224 2064; x_wconf 84' lang='grc' dir='ltr'>βούλοιτο</span> <span class='ocrx_word' id='word_1_501' title='bbox 3255 1991 3518 2061; x_wconf 84' lang='grc' dir='ltr'>ἀγγέλους</span> <span class='ocrx_word' id='word_1_502' title='bbox 3559 1992 3744 2045; x_wconf 86' lang='grc' dir='ltr'>καλεῖν</span> <span class='ocrx_word' id='word_1_503' title='bbox 3773 1993 3806 2046; x_wconf 97' lang='lat'><strong>6</strong></span> 
     </span>
    </p>
   </div>
   <div class='ocr_carea' id='block_1_66' title="bbox 2219 2084 3806 2159">
    <p class='ocr_par' dir='ltr' id='par_1_66' title="bbox 2219 2084 3806 2159">
     <span class='ocr_line' id='line_1_66' title="bbox 2219 2084 3806 2159; baseline -0.001 -19"><span class='ocrx_word' id='word_1_504' title='bbox 2219 2087 2396 2156; x_wconf 82' lang='grc' dir='ltr'>λόγος,</span> <span class='ocrx_word' id='word_1_505' title='bbox 2431 2086 2618 2159; x_wconf 84' lang='grc' dir='ltr'>ὥσπερ</span> <span class='ocrx_word' id='word_1_506' title='bbox 2649 2088 2776 2151; x_wconf 81' lang='grc' dir='ltr'>τοὺς</span> <span class='ocrx_word' id='word_1_507' title='bbox 2804 2089 2862 2141; x_wconf 79' lang='grc' dir='ltr'><strong>ὲν</strong></span> <span class='ocrx_word' id='word_1_508' title='bbox 2895 2085 3145 2154; x_wconf 85' lang='grc' dir='ltr'>Σοδόμοις</span> <span class='ocrx_word' id='word_1_509' title='bbox 3175 2085 3389 2148; x_wconf 86' lang='grc' dir='ltr'>ἀσεϐεῖς</span> <span class='ocrx_word' id='word_1_510' title='bbox 3411 2084 3589 2150; x_wconf 74' lang='grc' dir='ltr'>ὄντας,</span> <span class='ocrx_word' id='word_1_511' title='bbox 3624 2088 3652 2138; x_wconf 92' lang='lat'><strong>6</strong></span> <span class='ocrx_word' id='word_1_512' title='bbox 3703 2087 3806 2156; x_wconf 78' lang='grc' dir='ltr'><strong>μὲν</strong></span> 
     </span>
    </p>
   </div>
   <div class='ocr_carea' id='block_1_67' title="bbox 2218 2177 3803 2252">
    <p class='ocr_par' dir='ltr' id='par_1_67' title="bbox 2218 2177 3803 2252">
     <span class='ocr_line' id='line_1_67' title="bbox 2218 2177 3803 2252; baseline -0.003 -19"><span class='ocrx_word' id='word_1_513' title='bbox 2218 2180 2296 2251; x_wconf 80' lang='grc' dir='ltr'>τῷ</span> <span class='ocrx_word' id='word_1_514' title='bbox 2330 2181 2578 2252; x_wconf 80' lang='grc' dir='ltr'>Ἀϐραὰμ</span> <span class='ocrx_word' id='word_1_515' title='bbox 2601 2177 2953 2251; x_wconf 80' lang='grc' dir='ltr'>χρηματίζων</span> <span class='ocrx_word' id='word_1_516' title='bbox 2976 2178 3107 2242; x_wconf 82' lang='grc' dir='ltr'>Θεὸς</span> <span class='ocrx_word' id='word_1_517' title='bbox 3136 2178 3230 2231; x_wconf 85' lang='grc' dir='ltr'><strong>καὶ</strong></span> <span class='ocrx_word' id='word_1_518' title='bbox 3265 2177 3468 2248; x_wconf 88' lang='grc' dir='ltr'>Κύριος</span> <span class='ocrx_word' id='word_1_519' title='bbox 3498 2177 3598 2247; x_wconf 81' lang='grc' dir='ltr'>τῆς</span> <span class='ocrx_word' id='word_1_520' title='bbox 3632 2177 3803 2232; x_wconf 75' lang='grc' dir='ltr'>αὑτοῦ</span> 
     </span>
    </p>
   </div>
   <div class='ocr_carea' id='block_1_68' title="bbox 2221 2269 3807 2346">
    <p class='ocr_par' dir='ltr' id='par_1_68' title="bbox 2221 2269 3807 2346">
     <span class='ocr_line' id='line_1_68' title="bbox 2221 2269 3807 2346; baseline -0.001 -19"><span class='ocrx_word' id='word_1_521' title='bbox 2221 2275 2518 2346; x_wconf 81' lang='grc' dir='ltr'>παρουσίας</span> <span class='ocrx_word' id='word_1_522' title='bbox 2555 2274 2805 2345; x_wconf 78' lang='grc' dir='ltr'>οὐδαμῶς</span> <span class='ocrx_word' id='word_1_523' title='bbox 2831 2274 2989 2338; x_wconf 84' lang='grc' dir='ltr'>ἀξιοῖ,</span> <span class='ocrx_word' id='word_1_524' title='bbox 3014 2274 3088 2337; x_wconf 80' lang='grc' dir='ltr'>ὡς</span> <span class='ocrx_word' id='word_1_525' title='bbox 3109 2269 3264 2335; x_wconf 82' lang='grc' dir='ltr'>αὖθις</span> <span class='ocrx_word' id='word_1_526' title='bbox 3293 2274 3324 2343; x_wconf 75' lang='grc' dir='ltr'><strong>ἡ</strong></span> <span class='ocrx_word' id='word_1_527' title='bbox 3348 2272 3467 2324; x_wconf 88' lang='grc' dir='ltr'>θεία</span> <span class='ocrx_word' id='word_1_528' title='bbox 3502 2271 3692 2343; x_wconf 18' lang='grc' dir='ltr'>Γραφλὴ</span> <span class='ocrx_word' id='word_1_529' title='bbox 3716 2272 3807 2325; x_wconf 79' lang='grc' dir='ltr'><strong>λέ-</strong></span> 
     </span>
    </p>
   </div>
   <div class='ocr_carea' id='block_1_69' title="bbox 2219 2364 3808 2438">
    <p class='ocr_par' dir='ltr' id='par_1_69' title="bbox 2219 2364 3808 2438">
     <span class='ocr_line' id='line_1_69' title="bbox 2219 2364 3808 2438; baseline -0.003 -17"><span class='ocrx_word' id='word_1_530' title='bbox 2219 2385 2332 2436; x_wconf 87' lang='grc' dir='ltr'>γει·</span> <span class='ocrx_word' id='word_1_531' title='bbox 2375 2387 2392 2418; x_wconf 76' lang='grc' dir='ltr'><strong>ι</strong></span> <span class='ocrx_word' id='word_1_532' title='bbox 2417 2369 2473 2420; x_wconf 78' lang='grc' dir='ltr'><strong>Ὀ</strong></span> <span class='ocrx_word' id='word_1_533' title='bbox 2517 2368 2616 2438; x_wconf 84' lang='grc' dir='ltr'><strong>μὲν</strong></span> <span class='ocrx_word' id='word_1_534' title='bbox 2656 2369 2861 2438; x_wconf 86' lang='grc' dir='ltr'>Κύριος</span> <span class='ocrx_word' id='word_1_535' title='bbox 2894 2366 3153 2437; x_wconf 77' lang='grc' dir='ltr'>ἀπῆλθεν,</span> <span class='ocrx_word' id='word_1_536' title='bbox 3183 2367 3258 2429; x_wconf 78' lang='grc' dir='ltr'><strong>ὡς</strong></span> <span class='ocrx_word' id='word_1_537' title='bbox 3301 2364 3574 2418; x_wconf 75' lang='grc' dir='ltr'>επαύσατο</span> <span class='ocrx_word' id='word_1_538' title='bbox 3623 2364 3808 2417; x_wconf 82' lang='grc' dir='ltr'>λαλῶν</span> 
     </span>
    </p>
   </div>
   <div class='ocr_carea' id='block_1_70' title="bbox 2218 2457 3807 2532">
    <p class='ocr_par' dir='ltr' id='par_1_70' title="bbox 2218 2457 3807 2532">
     <span class='ocr_line' id='line_1_70' title="bbox 2218 2457 3807 2532; baseline -0.002 -19"><span class='ocrx_word' id='word_1_539' title='bbox 2218 2459 2296 2531; x_wconf 81' lang='grc' dir='ltr'>τῷ</span> <span class='ocrx_word' id='word_1_540' title='bbox 2330 2459 2611 2532; x_wconf 77' lang='grc' dir='ltr'>Ἀϐραάμ’</span> <span class='ocrx_word' id='word_1_541' title='bbox 2655 2461 2705 2513; x_wconf 84' lang='grc' dir='ltr'>οἱ</span> <span class='ocrx_word' id='word_1_542' title='bbox 2749 2460 2805 2512; x_wconf 82' lang='grc' dir='ltr'>δὲ</span> <span class='ocrx_word' id='word_1_543' title='bbox 2837 2459 2930 2513; x_wconf 93' lang='grc' dir='ltr'><strong>δύο</strong></span> <span class='ocrx_word' id='word_1_544' title='bbox 2961 2459 3179 2528; x_wconf 82' lang='grc' dir='ltr'>ἄγγελοι</span> <span class='ocrx_word' id='word_1_545' title='bbox 3213 2457 3450 2528; x_wconf 77' lang='grc' dir='ltr'>ἀπῆλθον</span> <span class='ocrx_word' id='word_1_546' title='bbox 3484 2459 3561 2520; x_wconf 86' lang='grc' dir='ltr'><strong>είς</strong></span> <span class='ocrx_word' id='word_1_547' title='bbox 3592 2457 3807 2527; x_wconf 77' lang='grc' dir='ltr'>Σόδομα</span> 
     </span>
    </p>
   </div>
   <div class='ocr_carea' id='block_1_71' title="bbox 2221 2545 3805 2620">
    <p class='ocr_par' dir='ltr' id='par_1_71' title="bbox 2221 2545 3805 2620">
     <span class='ocr_line' id='line_1_71' title="bbox 2221 2545 3805 2620; baseline 0.001 -19"><span class='ocrx_word' id='word_1_548' title='bbox 2221 2549 2352 2602; x_wconf 84' lang='grc' dir='ltr'>ὲσπέ</span> <span class='ocrx_word' id='word_1_549' title='bbox 2362 2567 2477 2620; x_wconf 87' lang='grc' dir='ltr'>ρας.</span> <span class='ocrx_word' id='word_1_550' title='bbox 2492 2569 2510 2600; x_wconf 79' lang='grc' dir='ltr'><strong>ι</strong></span> <span class='ocrx_word' id='word_1_551' title='bbox 2527 2549 2637 2602; x_wconf 76' lang='lat' dir='ltr'><strong>Kal</strong></span> <span class='ocrx_word' id='word_1_552' title='bbox 2646 2549 2724 2619; x_wconf 83' lang='grc' dir='ltr'>τῷ</span> <span class='ocrx_word' id='word_1_553' title='bbox 2739 2548 2932 2603; x_wconf 85' lang='grc' dir='ltr'>Ἰακὼϐ</span> <span class='ocrx_word' id='word_1_554' title='bbox 2949 2548 3033 2602; x_wconf 73' lang='grc' dir='ltr'><strong>δὲ(</strong></span> <span class='ocrx_word' id='word_1_555' title='bbox 3056 2551 3388 2619; x_wconf 81' lang='grc' dir='ltr'>συνήντησαν</span> <span class='ocrx_word' id='word_1_556' title='bbox 3406 2547 3621 2615; x_wconf 79' lang='grc' dir='ltr'>ἄγγελοι</span> <span class='ocrx_word' id='word_1_557' title='bbox 3639 2545 3805 2602; x_wconf 79' lang='grc' dir='ltr'>Θεοῦ.</span> 
     </span>
    </p>
   </div>
   <div class='ocr_carea' id='block_1_72' title="bbox 2220 2634 3806 2710">
    <p class='ocr_par' dir='ltr' id='par_1_72' title="bbox 2220 2634 3806 2710">
     <span class='ocr_line' id='line_1_72' title="bbox 2220 2634 3806 2710; baseline -0.001 -19"><span class='ocrx_word' id='word_1_558' title='bbox 2220 2639 2331 2691; x_wconf 82' lang='lat' dir='ltr'><strong>Kal</strong></span> <span class='ocrx_word' id='word_1_559' title='bbox 2365 2636 2488 2691; x_wconf 76' lang='grc' dir='ltr'>ἰδὼν</span> <span class='ocrx_word' id='word_1_560' title='bbox 2552 2634 2693 2701; x_wconf 74' lang='grc' dir='ltr'>εἶπε,</span> <span class='ocrx_word' id='word_1_561' title='bbox 2740 2637 3066 2710; x_wconf 84' lang='grc' dir='ltr'>Παρεμϐολὴ</span> <span class='ocrx_word' id='word_1_562' title='bbox 3115 2636 3249 2691; x_wconf 87' lang='grc' dir='ltr'>Θεοῦ</span> <span class='ocrx_word' id='word_1_563' title='bbox 3309 2635 3468 2704; x_wconf 73' lang='grc' dir='ltr'>αὕτη,</span> <span class='ocrx_word' id='word_1_564' title='bbox 3521 2637 3615 2688; x_wconf 77' lang='grc' dir='ltr'><strong>καὶ</strong></span> <span class='ocrx_word' id='word_1_565' title='bbox 3670 2636 3806 2690; x_wconf 63' lang='grc' dir='ltr'><strong>ὲκὰτ</strong></span> 
     </span>
    </p>
   </div>
   <div class='ocr_carea' id='block_1_73' title="bbox 2220 2725 3811 2800">
    <p class='ocr_par' dir='ltr' id='par_1_73' title="bbox 2220 2725 3811 2800">
     <span class='ocr_line' id='line_1_73' title="bbox 2220 2725 3811 2800; baseline -0.001 -18"><span class='ocrx_word' id='word_1_566' title='bbox 2220 2730 2342 2784; x_wconf 82' lang='grc' dir='ltr'>λεσε</span> <span class='ocrx_word' id='word_1_567' title='bbox 2365 2729 2427 2785; x_wconf 84' lang='grc' dir='ltr'><strong>τὸ</strong></span> <span class='ocrx_word' id='word_1_568' title='bbox 2452 2730 2624 2800; x_wconf 76' lang='grc' dir='ltr'>ὄνομα</span> <span class='ocrx_word' id='word_1_569' title='bbox 2650 2729 2742 2782; x_wconf 76' lang='grc' dir='ltr'><strong>τοῦ</strong></span> <span class='ocrx_word' id='word_1_570' title='bbox 2762 2729 3155 2782; x_wconf 63' lang='grc' dir='ltr'>τόπουεὲκείνου</span> <span class='ocrx_word' id='word_1_571' title='bbox 3182 2728 3573 2797; x_wconf 75' lang='grc' dir='ltr'>Παρεμϐολαί.</span> <span class='ocrx_word' id='word_1_572' title='bbox 3603 2747 3622 2779; x_wconf 84' lang='grc'>›</span> <span class='ocrx_word' id='word_1_573' title='bbox 3643 2725 3811 2780; x_wconf 83' lang='grc' dir='ltr'>Οῦτω</span> 
     </span>
    </p>
   </div>
   <div class='ocr_carea' id='block_1_74' title="bbox 2218 2817 3810 2894">
    <p class='ocr_par' dir='ltr' id='par_1_74' title="bbox 2218 2817 3810 2894">
     <span class='ocr_line' id='line_1_74' title="bbox 2218 2817 3810 2894; baseline -0.003 -18"><span class='ocrx_word' id='word_1_574' title='bbox 2218 2823 2277 2876; x_wconf 82' lang='grc' dir='ltr'>δὲ</span> <span class='ocrx_word' id='word_1_575' title='bbox 2302 2825 2333 2878; x_wconf 89' lang='lat'><strong>6</strong></span> <span class='ocrx_word' id='word_1_576' title='bbox 2359 2821 2611 2894; x_wconf 78' lang='grc' dir='ltr'>θεοφιλὴς</span> <span class='ocrx_word' id='word_1_577' title='bbox 2634 2817 2693 2876; x_wconf 80' lang='grc' dir='ltr'>εὖ</span> <span class='ocrx_word' id='word_1_578' title='bbox 2714 2821 2947 2893; x_wconf 86' lang='grc' dir='ltr'>διέκρινε</span> <span class='ocrx_word' id='word_1_579' title='bbox 2968 2821 3066 2884; x_wconf 81' lang='grc' dir='ltr'>τὰς</span> <span class='ocrx_word' id='word_1_580' title='bbox 3088 2821 3372 2883; x_wconf 82' lang='grc' dir='ltr'>ὀπτασίας,</span> <span class='ocrx_word' id='word_1_581' title='bbox 3401 2819 3539 2873; x_wconf 77' lang='grc' dir='ltr'>ὥστε</span> <span class='ocrx_word' id='word_1_582' title='bbox 3571 2819 3666 2872; x_wconf 88' lang='grc' dir='ltr'><strong>νῦν</strong></span> <span class='ocrx_word' id='word_1_583' title='bbox 3704 2820 3810 2888; x_wconf 79' lang='grc' dir='ltr'>μὲν</span> 
     </span>
    </p>
   </div>
   <div class='ocr_carea' id='block_1_75' title="bbox 2219 2893 3811 2986">
    <p class='ocr_par' dir='ltr' id='par_1_75' title="bbox 2219 2909 3811 2986">
     <span class='ocr_line' id='line_1_75' title="bbox 2219 2909 3811 2986; baseline -0.003 -19"><span class='ocrx_word' id='word_1_584' title='bbox 2219 2914 2279 2967; x_wconf 88' lang='grc' dir='ltr'><strong>τὸ</strong></span> <span class='ocrx_word' id='word_1_585' title='bbox 2309 2913 2479 2986; x_wconf 78' lang='grc' dir='ltr'>ὄνομα</span> <span class='ocrx_word' id='word_1_586' title='bbox 2509 2914 2604 2966; x_wconf 87' lang='grc' dir='ltr'><strong>τοῦ</strong></span> <span class='ocrx_word' id='word_1_587' title='bbox 2637 2913 2801 2966; x_wconf 80' lang='grc' dir='ltr'>τόπου</span> <span class='ocrx_word' id='word_1_588' title='bbox 2829 2911 3177 2982; x_wconf 84' lang='grc' dir='ltr'>παρεμϐολὰς</span> <span class='ocrx_word' id='word_1_589' title='bbox 3198 2911 3402 2976; x_wconf 85' lang='grc' dir='ltr'>καλεῖν,</span> <span class='ocrx_word' id='word_1_590' title='bbox 3436 2910 3543 2963; x_wconf 84' lang='grc' dir='ltr'><strong>ἀπὸ</strong></span> <span class='ocrx_word' id='word_1_591' title='bbox 3570 2909 3668 2979; x_wconf 75' lang='grc' dir='ltr'>τῆς</span> <span class='ocrx_word' id='word_1_592' title='bbox 3694 2909 3811 2962; x_wconf 76' lang='grc' dir='ltr'><strong>τῶν</strong></span> 
     </span>
    </p>
   </div>
   <div class='ocr_carea' id='block_1_76' title="bbox 2219 3001 3815 3077">
    <p class='ocr_par' dir='ltr' id='par_1_76' title="bbox 2219 3001 3815 3077">
     <span class='ocr_line' id='line_1_76' title="bbox 2219 3001 3815 3077; baseline -0.003 -18"><span class='ocrx_word' id='word_1_593' title='bbox 2219 3006 2524 3076; x_wconf 77' lang='grc' dir='ltr'>ἀγγελικῶν</span> <span class='ocrx_word' id='word_1_594' title='bbox 2555 3004 2914 3077; x_wconf 86' lang='grc' dir='ltr'>παρεμϐολῶν</span> <span class='ocrx_word' id='word_1_595' title='bbox 2947 3003 3092 3066; x_wconf 83' lang='grc' dir='ltr'>Θέας.</span> <span class='ocrx_word' id='word_1_596' title='bbox 3115 3005 3241 3057; x_wconf 83' lang='grc' dir='ltr'>Ὅτε</span> <span class='ocrx_word' id='word_1_597' title='bbox 3278 3003 3334 3056; x_wconf 86' lang='grc' dir='ltr'>δὲ</span> <span class='ocrx_word' id='word_1_598' title='bbox 3364 3002 3440 3074; x_wconf 79' lang='grc' dir='ltr'><strong>τῷ</strong></span> <span class='ocrx_word' id='word_1_599' title='bbox 3485 3001 3602 3072; x_wconf 79' lang='grc' dir='ltr'><strong>Θεῷ</strong></span> <span class='ocrx_word' id='word_1_600' title='bbox 3634 3018 3815 3074; x_wconf 77' lang='grc' dir='ltr'>προσ-</span> 
     </span>
    </p>
   </div>
   <div class='ocr_carea' id='block_1_77' title="bbox 2219 3093 3809 3171">
    <p class='ocr_par' dir='ltr' id='par_1_77' title="bbox 2219 3093 3809 3171">
     <span class='ocr_line' id='line_1_77' title="bbox 2219 3093 3809 3171; baseline -0.004 -17"><span class='ocrx_word' id='word_1_601' title='bbox 2219 3099 2414 3171; x_wconf 83' lang='grc' dir='ltr'>ομιλεῖ,</span> <span class='ocrx_word' id='word_1_602' title='bbox 2442 3099 2596 3152; x_wconf 86' lang='grc' dir='ltr'>καλεῖ</span> <span class='ocrx_word' id='word_1_603' title='bbox 2609 3099 2670 3151; x_wconf 86' lang='grc' dir='ltr'><strong>τὸ</strong></span> <span class='ocrx_word' id='word_1_604' title='bbox 2688 3099 2854 3169; x_wconf 77' lang='grc' dir='ltr'>δνομα</span> <span class='ocrx_word' id='word_1_605' title='bbox 2874 3097 2968 3151; x_wconf 87' lang='grc' dir='ltr'><strong>τοῦ</strong></span> <span class='ocrx_word' id='word_1_606' title='bbox 2992 3098 3156 3150; x_wconf 86' lang='grc' dir='ltr'>τόπου</span> <span class='ocrx_word' id='word_1_607' title='bbox 3173 3093 3323 3160; x_wconf 67' lang='grc' dir='ltr'>Εἶδος</span> <span class='ocrx_word' id='word_1_608' title='bbox 3339 3094 3494 3158; x_wconf 87' lang='grc' dir='ltr'>Θεοῦ,</span> <span class='ocrx_word' id='word_1_609' title='bbox 3514 3095 3809 3163; x_wconf 75' lang='grc' dir='ltr'>ἐπιλέγων·</span> 
     </span>
    </p>
   </div>
   <div class='ocr_carea' id='block_1_78' title="bbox 2229 3187 3812 3266">
    <p class='ocr_par' dir='ltr' id='par_1_78' title="bbox 2229 3187 3812 3266">
     <span class='ocr_line' id='line_1_78' title="bbox 2229 3187 3812 3266; baseline -0.003 -20"><span class='ocrx_word' id='word_1_610' title='bbox 2229 3214 2247 3246; x_wconf 78' lang='grc' dir='ltr'><strong>ι</strong></span> <span class='ocrx_word' id='word_1_611' title='bbox 2277 3189 2432 3248; x_wconf 80' lang='grc' dir='ltr'>Εἶδον</span> <span class='ocrx_word' id='word_1_612' title='bbox 2462 3193 2570 3266; x_wconf 84' lang='grc' dir='ltr'><strong>γὰρ</strong></span> <span class='ocrx_word' id='word_1_613' title='bbox 2600 3192 2730 3245; x_wconf 87' lang='grc' dir='ltr'>Θεὸν</span> <span class='ocrx_word' id='word_1_614' title='bbox 2759 3192 3048 3262; x_wconf 84' lang='grc' dir='ltr'>πρόσωπον</span> <span class='ocrx_word' id='word_1_615' title='bbox 3083 3189 3218 3260; x_wconf 86' lang='grc' dir='ltr'>πρὸς</span> <span class='ocrx_word' id='word_1_616' title='bbox 3247 3189 3557 3261; x_wconf 82' lang='grc' dir='ltr'>πρόσωπον.</span> <span class='ocrx_word' id='word_1_617' title='bbox 3592 3207 3610 3239; x_wconf 78' lang='grc' dir='ltr'><strong>ι</strong></span> <span class='ocrx_word' id='word_1_618' title='bbox 3645 3187 3812 3241; x_wconf 79' lang='grc' dir='ltr'>Ἀλλὰ</span> 
     </span>
    </p>
   </div>
   <div class='ocr_carea' id='block_1_79' title="bbox 2223 3282 3814 3356">
    <p class='ocr_par' dir='ltr' id='par_1_79' title="bbox 2223 3282 3814 3356">
     <span class='ocr_line' id='line_1_79' title="bbox 2223 3282 3814 3356; baseline -0.003 -16"><span class='ocrx_word' id='word_1_619' title='bbox 2223 3287 2316 3340; x_wconf 56' lang='grc' dir='ltr'><strong>καὶ⁹</strong></span> <span class='ocrx_word' id='word_1_620' title='bbox 2355 3286 2433 3356; x_wconf 84' lang='grc' dir='ltr'><strong>τῷ</strong></span> <span class='ocrx_word' id='word_1_621' title='bbox 2469 3287 2676 3350; x_wconf 76' lang='grc' dir='ltr'>Μωσεῖ,</span> <span class='ocrx_word' id='word_1_622' title='bbox 2718 3285 2793 3338; x_wconf 82' lang='grc' dir='ltr'><strong>ὅτ’</strong></span> <span class='ocrx_word' id='word_1_623' title='bbox 2819 3285 3048 3354; x_wconf 80' lang='grc' dir='ltr'>ἄγγελος</span> <span class='ocrx_word' id='word_1_624' title='bbox 3086 3284 3452 3353; x_wconf 78' lang='grc' dir='ltr'>ἐπιφαίνεται,</span> <span class='ocrx_word' id='word_1_625' title='bbox 3495 3283 3640 3336; x_wconf 78' lang='grc' dir='ltr'>τοῦτ’</span> <span class='ocrx_word' id='word_1_626' title='bbox 3672 3282 3814 3336; x_wconf 77' lang='grc' dir='ltr'>αὐτὸ</span> 
     </span>
    </p>
   </div>
   <div class='ocr_carea' id='block_1_80' title="bbox 2223 3374 3812 3450">
    <p class='ocr_par' dir='ltr' id='par_1_80' title="bbox 2223 3374 3812 3450">
     <span class='ocr_line' id='line_1_80' title="bbox 2223 3374 3812 3450; baseline -0.003 -18"><span class='ocrx_word' id='word_1_627' title='bbox 2223 3380 2314 3432; x_wconf 79' lang='grc' dir='ltr'><strong>καὶ</strong></span> <span class='ocrx_word' id='word_1_628' title='bbox 2343 3378 2517 3450; x_wconf 82' lang='grc' dir='ltr'>ήθεία</span> <span class='ocrx_word' id='word_1_629' title='bbox 2546 3376 2733 3449; x_wconf 75' lang='grc' dir='ltr'>Γραφὴ</span> <span class='ocrx_word' id='word_1_630' title='bbox 2757 3377 3030 3448; x_wconf 81' lang='grc' dir='ltr'>σημαίνει,</span> <span class='ocrx_word' id='word_1_631' title='bbox 3061 3376 3291 3445; x_wconf 82' lang='grc' dir='ltr'>λέγουσα</span> <span class='ocrx_word' id='word_1_632' title='bbox 3316 3391 3328 3406; x_wconf 75' lang='grc'><strong><em>⁸</em></strong></span> <span class='ocrx_word' id='word_1_633' title='bbox 3350 3395 3372 3426; x_wconf 85' lang='grc'><strong>‹</strong></span> <span class='ocrx_word' id='word_1_634' title='bbox 3402 3374 3578 3447; x_wconf 70' lang='grc' dir='ltr'>Ὠφθη</span> <span class='ocrx_word' id='word_1_635' title='bbox 3612 3374 3667 3428; x_wconf 82' lang='grc' dir='ltr'>δὲ</span> <span class='ocrx_word' id='word_1_636' title='bbox 3699 3376 3812 3443; x_wconf 85' lang='grc' dir='ltr'><strong>ἄγ-</strong></span> 
     </span>
    </p>
   </div>
   <div class='ocr_carea' id='block_1_81' title="bbox 2221 3467 3816 3542">
    <p class='ocr_par' dir='ltr' id='par_1_81' title="bbox 2221 3467 3816 3542">
     <span class='ocr_line' id='line_1_81' title="bbox 2221 3467 3816 3542; baseline -0.001 -19"><span class='ocrx_word' id='word_1_637' title='bbox 2221 3471 2375 3540; x_wconf 86' lang='grc' dir='ltr'>γελος</span> <span class='ocrx_word' id='word_1_638' title='bbox 2420 3471 2624 3542; x_wconf 69' lang='grc' dir='ltr'>Κυρίου</span> <span class='ocrx_word' id='word_1_639' title='bbox 2664 3469 2813 3540; x_wconf 86' lang='grc' dir='ltr'>αύτῷ</span> <span class='ocrx_word' id='word_1_640' title='bbox 2855 3473 2913 3523; x_wconf 82' lang='grc' dir='ltr'><strong>ὲν</strong></span> <span class='ocrx_word' id='word_1_641' title='bbox 2950 3470 3108 3538; x_wconf 74' lang='grc' dir='ltr'>φλογὶ</span> <span class='ocrx_word' id='word_1_642' title='bbox 3140 3469 3310 3540; x_wconf 90' lang='grc' dir='ltr'>πυρὸς</span> <span class='ocrx_word' id='word_1_643' title='bbox 3341 3467 3524 3538; x_wconf 86' lang='grc' dir='ltr'>βάτου.</span> <span class='ocrx_word' id='word_1_644' title='bbox 3559 3469 3719 3520; x_wconf 73' lang='grc' dir='ltr'>»Ὅτε</span> <span class='ocrx_word' id='word_1_645' title='bbox 3746 3468 3816 3522; x_wconf 69' lang='grc' dir='ltr'>δὲ</span> 
     </span>
    </p>
   </div>
   <div class='ocr_carea' id='block_1_82' title="bbox 2221 3534 3813 3634">
    <p class='ocr_par' dir='ltr' id='par_1_82' title="bbox 2221 3534 3813 3634">
     <span class='ocr_line' id='line_1_82' title="bbox 2221 3534 3813 3634; baseline -0.001 -18"><span class='ocrx_word' id='word_1_646' title='bbox 2221 3534 2311 3616; x_wconf 74' lang='grc' dir='ltr'><strong>τὸν</strong></span> <span class='ocrx_word' id='word_1_647' title='bbox 2337 3534 2620 3634; x_wconf 72' lang='grc' dir='ltr'>αὐθέντην,</span> <span class='ocrx_word' id='word_1_648' title='bbox 2651 3534 2810 3615; x_wconf 82' lang='grc' dir='ltr'>αὐτὸν</span> <span class='ocrx_word' id='word_1_649' title='bbox 2838 3562 2902 3633; x_wconf 84' lang='grc' dir='ltr'>δὴ</span> <span class='ocrx_word' id='word_1_650' title='bbox 2926 3534 3016 3614; x_wconf 85' lang='grc' dir='ltr'><strong>τὸν</strong></span> <span class='ocrx_word' id='word_1_651' title='bbox 3046 3534 3449 3632; x_wconf 39' lang='grc' dir='ltr'>χρηματίζοντα</span> <span class='ocrx_word' id='word_1_652' title='bbox 3479 3559 3646 3631; x_wconf 87' lang='grc' dir='ltr'>δηλοῖ,</span> <span class='ocrx_word' id='word_1_653' title='bbox 3670 3559 3813 3614; x_wconf 72' lang='grc' dir='ltr'>Θεὸν</span> 
     </span>
    </p>
   </div>
   <div class='ocr_carea' id='block_1_83' title="bbox 2223 3650 3812 3726">
    <p class='ocr_par' dir='ltr' id='par_1_83' title="bbox 2223 3650 3812 3726">
     <span class='ocr_line' id='line_1_83' title="bbox 2223 3650 3812 3726; baseline -0.001 -19"><span class='ocrx_word' id='word_1_654' title='bbox 2223 3656 2317 3708; x_wconf 72' lang='grc' dir='ltr'><strong>καὶ</strong></span> <span class='ocrx_word' id='word_1_655' title='bbox 2349 3653 2572 3726; x_wconf 84' lang='grc' dir='ltr'>Κύριον,</span> <span class='ocrx_word' id='word_1_656' title='bbox 2613 3653 2747 3707; x_wconf 88' lang='grc' dir='ltr'><strong>ἀλλά</strong></span> <span class='ocrx_word' id='word_1_657' title='bbox 2793 3653 2975 3706; x_wconf 77' lang='grc' dir='ltr'>οὐκέτι</span> <span class='ocrx_word' id='word_1_658' title='bbox 3017 3652 3244 3721; x_wconf 82' lang='grc' dir='ltr'>ἄγγελον</span> <span class='ocrx_word' id='word_1_659' title='bbox 3277 3650 3551 3723; x_wconf 75' lang='grc' dir='ltr'>ὀνομάζει.</span> <span class='ocrx_word' id='word_1_660' title='bbox 3570 3652 3812 3723; x_wconf 81' lang='grc' dir='ltr'>Ὁμοίως</span> 
     </span>
    </p>
   </div>
   <div class='ocr_carea' id='block_1_84' title="bbox 2223 3741 3811 3816">
    <p class='ocr_par' dir='ltr' id='par_1_84' title="bbox 2223 3741 3811 3816">
     <span class='ocr_line' id='line_1_84' title="bbox 2223 3741 3811 3816; baseline -0.003 -16"><span class='ocrx_word' id='word_1_661' title='bbox 2223 3748 2316 3800; x_wconf 76' lang='grc' dir='ltr'>καὶ</span> <span class='ocrx_word' id='word_1_662' title='bbox 2363 3747 2455 3799; x_wconf 72' lang='grc' dir='ltr'>ἐπὶ</span> <span class='ocrx_word' id='word_1_663' title='bbox 2503 3746 2601 3816; x_wconf 83' lang='grc' dir='ltr'>τῆς</span> <span class='ocrx_word' id='word_1_664' title='bbox 2639 3744 2905 3816; x_wconf 75' lang='grc' dir='ltr'>Ἐρυθρᾶς</span> <span class='ocrx_word' id='word_1_665' title='bbox 2932 3743 3207 3814; x_wconf 82' lang='grc' dir='ltr'>θαλάσσης</span> <span class='ocrx_word' id='word_1_666' title='bbox 3242 3741 3463 3813; x_wconf 77' lang='grc' dir='ltr'>διορίζει</span> <span class='ocrx_word' id='word_1_667' title='bbox 3501 3745 3686 3812; x_wconf 79' lang='grc' dir='ltr'>σαφῶς</span> <span class='ocrx_word' id='word_1_668' title='bbox 3710 3743 3811 3796; x_wconf 86' lang='grc' dir='ltr'><strong>τὸν</strong></span> 
     </span>
    </p>
   </div>
   <div class='ocr_carea' id='block_1_85' title="bbox 2222 3829 3812 3908">
    <p class='ocr_par' dir='ltr' id='par_1_85' title="bbox 2222 3829 3812 3908">
     <span class='ocr_line' id='line_1_85' title="bbox 2222 3829 3812 3908; baseline -0.005 -14"><span class='ocrx_word' id='word_1_669' title='bbox 2222 3837 2447 3908; x_wconf 83' lang='grc' dir='ltr'>ἄγγελον</span> <span class='ocrx_word' id='word_1_670' title='bbox 2471 3839 2562 3891; x_wconf 77' lang='grc' dir='ltr'><strong>καὶ</strong></span> <span class='ocrx_word' id='word_1_671' title='bbox 2594 3839 2684 3890; x_wconf 90' lang='grc' dir='ltr'><strong>τὸν</strong></span> <span class='ocrx_word' id='word_1_672' title='bbox 2721 3837 2944 3908; x_wconf 85' lang='grc' dir='ltr'>Κύριον,</span> <span class='ocrx_word' id='word_1_673' title='bbox 2977 3836 3044 3888; x_wconf 79' lang='grc' dir='ltr'>δι’</span> <span class='ocrx_word' id='word_1_674' title='bbox 3070 3829 3144 3888; x_wconf 83' lang='grc' dir='ltr'>ὧν</span> <span class='ocrx_word' id='word_1_675' title='bbox 3187 3852 3384 3908; x_wconf 79' lang='grc' dir='ltr'>φησιν·</span> <span class='ocrx_word' id='word_1_676' title='bbox 3422 3854 3440 3886; x_wconf 73' lang='grc' dir='ltr'><strong>ι</strong></span> <span class='ocrx_word' id='word_1_677' title='bbox 3468 3836 3658 3907; x_wconf 79' lang='grc' dir='ltr'>Ἐξῆρε</span> <span class='ocrx_word' id='word_1_678' title='bbox 3687 3835 3742 3889; x_wconf 84' lang='grc' dir='ltr'><strong>δὲ</strong></span> <span class='ocrx_word' id='word_1_679' title='bbox 3779 3839 3812 3890; x_wconf 80' lang='lat'><strong>6</strong></span> 
     </span>
    </p>
   </div>
   <div class='ocr_carea' id='block_1_86' title="bbox 2222 3927 3810 4001">
    <p class='ocr_par' dir='ltr' id='par_1_86' title="bbox 2222 3927 3810 4001">
     <span class='ocr_line' id='line_1_86' title="bbox 2222 3927 3810 4001; baseline -0.003 -18"><span class='ocrx_word' id='word_1_680' title='bbox 2222 3930 2449 3999; x_wconf 78' lang='grc' dir='ltr'>ἄγγελος</span> <span class='ocrx_word' id='word_1_681' title='bbox 2477 3931 2570 3983; x_wconf 85' lang='grc' dir='ltr'><strong>τοῦ</strong></span> <span class='ocrx_word' id='word_1_682' title='bbox 2603 3929 2739 3982; x_wconf 83' lang='grc' dir='ltr'>Θεοῦ</span> <span class='ocrx_word' id='word_1_683' title='bbox 2768 3932 2796 3982; x_wconf 90' lang='lat'><strong>6</strong></span> <span class='ocrx_word' id='word_1_684' title='bbox 2826 3929 3295 4001; x_wconf 85' lang='grc' dir='ltr'>προπορευὸμενος</span> <span class='ocrx_word' id='word_1_685' title='bbox 3316 3927 3416 3998; x_wconf 83' lang='grc' dir='ltr'>τῆς</span> <span class='ocrx_word' id='word_1_686' title='bbox 3448 3928 3810 3999; x_wconf 79' lang='grc' dir='ltr'>παρεμϐολῆς</span> 
     </span>
    </p>
   </div>
   <div class='ocr_carea' id='block_1_87' title="bbox 2221 4019 3813 4094">
    <p class='ocr_par' dir='ltr' id='par_1_87' title="bbox 2221 4019 3813 4094">
     <span class='ocr_line' id='line_1_87' title="bbox 2221 4019 3813 4094; baseline -0.002 -18"><span class='ocrx_word' id='word_1_687' title='bbox 2221 4023 2328 4076; x_wconf 84' lang='grc' dir='ltr'><strong>τῶν</strong></span> <span class='ocrx_word' id='word_1_688' title='bbox 2360 4022 2491 4076; x_wconf 85' lang='grc' dir='ltr'>υίῶν</span> <span class='ocrx_word' id='word_1_689' title='bbox 2522 4022 2758 4094; x_wconf 81' lang='grc' dir='ltr'>Ἰσραὴλ,</span> <span class='ocrx_word' id='word_1_690' title='bbox 2797 4023 2890 4074; x_wconf 76' lang='grc' dir='ltr'>καὶ</span> <span class='ocrx_word' id='word_1_691' title='bbox 2923 4020 3192 4092; x_wconf 81' lang='grc' dir='ltr'>ἐπορεύθη</span> <span class='ocrx_word' id='word_1_692' title='bbox 3227 4022 3292 4072; x_wconf 84' lang='grc' dir='ltr'><strong>ὲκ</strong></span> <span class='ocrx_word' id='word_1_693' title='bbox 3317 4019 3425 4072; x_wconf 88' lang='grc' dir='ltr'><strong>τῶν</strong></span> <span class='ocrx_word' id='word_1_694' title='bbox 3459 4019 3680 4073; x_wconf 74' lang='grc' dir='ltr'>ὄπισθεν</span> <span class='ocrx_word' id='word_1_695' title='bbox 3713 4021 3813 4073; x_wconf 74' lang='grc' dir='ltr'>αὐ-</span> 
     </span>
    </p>
   </div>
   <div class='ocr_carea' id='block_1_88' title="bbox 2221 4112 3808 4187">
    <p class='ocr_par' dir='ltr' id='par_1_88' title="bbox 2221 4112 3808 4187">
     <span class='ocr_line' id='line_1_88' title="bbox 2221 4112 3808 4187; baseline -0.003 -18"><span class='ocrx_word' id='word_1_696' title='bbox 2221 4115 2348 4169; x_wconf 85' lang='grc' dir='ltr'>τῶν.</span> <span class='ocrx_word' id='word_1_697' title='bbox 2368 4117 2557 4187; x_wconf 77' lang='grc' dir='ltr'>Ἐξῆρε</span> <span class='ocrx_word' id='word_1_698' title='bbox 2583 4115 2638 4169; x_wconf 75' lang='grc' dir='ltr'><strong>δὲ</strong></span> <span class='ocrx_word' id='word_1_699' title='bbox 2672 4117 2762 4168; x_wconf 80' lang='grc' dir='ltr'><strong>καὶ</strong></span> <span class='ocrx_word' id='word_1_700' title='bbox 2791 4117 2818 4167; x_wconf 90' lang='lat'><strong>6</strong></span> <span class='ocrx_word' id='word_1_701' title='bbox 2848 4114 3038 4177; x_wconf 86' lang='grc' dir='ltr'>στῦλος</span> <span class='ocrx_word' id='word_1_702' title='bbox 3069 4113 3169 4184; x_wconf 81' lang='grc' dir='ltr'><strong>τῆς</strong></span> <span class='ocrx_word' id='word_1_703' title='bbox 3193 4112 3420 4183; x_wconf 73' lang='grc' dir='ltr'>νεφέλης</span> <span class='ocrx_word' id='word_1_704' title='bbox 3449 4112 3556 4166; x_wconf 88' lang='grc' dir='ltr'><strong>ἀπὸ</strong></span> <span class='ocrx_word' id='word_1_705' title='bbox 3583 4112 3808 4183; x_wconf 82' lang='grc' dir='ltr'>προσώ-</span> 
     </span>
    </p>
   </div>
   <div class='ocr_carea' id='block_1_89' title="bbox 2225 4202 3812 4275">
    <p class='ocr_par' dir='ltr' id='par_1_89' title="bbox 2225 4202 3812 4275">
     <span class='ocr_line' id='line_1_89' title="bbox 2225 4202 3812 4275; baseline -0.002 -16"><span class='ocrx_word' id='word_1_706' title='bbox 2225 4224 2326 4259; x_wconf 89' lang='grc' dir='ltr'><strong>που</strong></span> <span class='ocrx_word' id='word_1_707' title='bbox 2363 4207 2562 4259; x_wconf 77' lang='grc' dir='ltr'>αὐτῶν.</span> <span class='ocrx_word' id='word_1_708' title='bbox 2594 4206 2831 4275; x_wconf 77' lang='grc' dir='ltr'>»Ὥσπερ</span> <span class='ocrx_word' id='word_1_709' title='bbox 2861 4203 2916 4256; x_wconf 83' lang='grc' dir='ltr'>δὲ</span> <span class='ocrx_word' id='word_1_710' title='bbox 2940 4205 3032 4256; x_wconf 71' lang='grc' dir='ltr'>ἐπὶ</span> <span class='ocrx_word' id='word_1_711' title='bbox 3058 4203 3165 4255; x_wconf 88' lang='grc' dir='ltr'><strong>τῶν</strong></span> <span class='ocrx_word' id='word_1_712' title='bbox 3201 4203 3482 4274; x_wconf 83' lang='grc' dir='ltr'>προτέρων</span> <span class='ocrx_word' id='word_1_713' title='bbox 3512 4205 3570 4255; x_wconf 80' lang='grc' dir='ltr'>ὲν</span> <span class='ocrx_word' id='word_1_714' title='bbox 3599 4202 3812 4272; x_wconf 75' lang='grc' dir='ltr'>ἀνθρὼ-</span> 
     </span>
    </p>
   </div>
   <div class='ocr_carea' id='block_1_90' title="bbox 2223 4295 3813 4370">
    <p class='ocr_par' dir='ltr' id='par_1_90' title="bbox 2223 4295 3813 4370">
     <span class='ocr_line' id='line_1_90' title="bbox 2223 4295 3813 4370; baseline -0.002 -19"><span class='ocrx_word' id='word_1_715' title='bbox 2223 4316 2325 4351; x_wconf 93' lang='grc' dir='ltr'><strong>που</strong></span> <span class='ocrx_word' id='word_1_716' title='bbox 2355 4301 2591 4370; x_wconf 79' lang='grc' dir='ltr'>σχήματι</span> <span class='ocrx_word' id='word_1_717' title='bbox 2617 4299 2726 4360; x_wconf 84' lang='grc' dir='ltr'>τοῖς</span> <span class='ocrx_word' id='word_1_718' title='bbox 2756 4296 3003 4358; x_wconf 81' lang='grc' dir='ltr'>παλαιοῖς</span> <span class='ocrx_word' id='word_1_719' title='bbox 3034 4299 3062 4348; x_wconf 90' lang='lat'><strong>6</strong></span> <span class='ocrx_word' id='word_1_720' title='bbox 3084 4295 3285 4366; x_wconf 84' lang='grc' dir='ltr'>Κύριος</span> <span class='ocrx_word' id='word_1_721' title='bbox 3315 4295 3666 4366; x_wconf 76' lang='grc' dir='ltr'>χρηματίζων</span> <span class='ocrx_word' id='word_1_722' title='bbox 3694 4298 3813 4348; x_wconf 87' lang='grc' dir='ltr'>εἰσ-</span> 
     </span>
    </p>
   </div>
   <div class='ocr_carea' id='block_1_91' title="bbox 2222 4387 3809 4461">
    <p class='ocr_par' dir='ltr' id='par_1_91' title="bbox 2222 4387 3809 4461">
     <span class='ocr_line' id='line_1_91' title="bbox 2222 4387 3809 4461; baseline 0 -18"><span class='ocrx_word' id='word_1_723' title='bbox 2222 4391 2406 4461; x_wconf 79' lang='grc' dir='ltr'>ῆκται,</span> <span class='ocrx_word' id='word_1_724' title='bbox 2451 4390 2590 4442; x_wconf 74' lang='grc' dir='ltr'>οὕτω</span> <span class='ocrx_word' id='word_1_725' title='bbox 2616 4390 2708 4442; x_wconf 73' lang='grc' dir='ltr'>καὶ</span> <span class='ocrx_word' id='word_1_726' title='bbox 2738 4388 2968 4442; x_wconf 78' lang='grc' dir='ltr'>ἐνταῦθα</span> <span class='ocrx_word' id='word_1_727' title='bbox 3005 4387 3091 4441; x_wconf 78' lang='grc' dir='ltr'><strong>διὰ</strong></span> <span class='ocrx_word' id='word_1_728' title='bbox 3128 4387 3374 4457; x_wconf 73' lang='grc' dir='ltr'>νεφέλης.</span> <span class='ocrx_word' id='word_1_729' title='bbox 3407 4388 3517 4440; x_wconf 75' lang='grc' dir='ltr'><strong>Καὶ</strong></span> <span class='ocrx_word' id='word_1_730' title='bbox 3554 4387 3809 4443; x_wconf 82' lang='grc' dir='ltr'>λέλεκται</span> 
     </span>
    </p>
   </div>
   <div class='ocr_carea' id='block_1_92' title="bbox 550 4479 2120 4581">
    <p class='ocr_par' dir='ltr' id='par_1_92' title="bbox 550 4482 2120 4555">
     <span class='ocr_line' id='line_1_92' title="bbox 550 4482 2120 4555; baseline -0.001 -17"><span class='ocrx_word' id='word_1_731' title='bbox 550 4483 890 4555; x_wconf 83' lang='lat' dir='ltr'><strong>respondens</strong></span> <span class='ocrx_word' id='word_1_732' title='bbox 935 4482 1174 4552; x_wconf 87' lang='lat' dir='ltr'><strong>antiquis</strong></span> <span class='ocrx_word' id='word_1_733' title='bbox 1225 4482 1538 4546; x_wconf 85' lang='lat' dir='ltr'><strong>inducitur,</strong></span> <span class='ocrx_word' id='word_1_734' title='bbox 1591 4483 1672 4536; x_wconf 88' lang='lat' dir='ltr'><strong>sic</strong></span> <span class='ocrx_word' id='word_1_735' title='bbox 1710 4482 1814 4536; x_wconf 89' lang='lat' dir='ltr'><strong>hoc</strong></span> <span class='ocrx_word' id='word_1_736' title='bbox 1859 4482 1981 4537; x_wconf 92' lang='lat' dir='ltr'><strong>loco</strong></span> <span class='ocrx_word' id='word_1_737' title='bbox 2026 4497 2120 4552; x_wconf 89' lang='lat' dir='ltr'><strong>per</strong></span> 
     </span>
    </p>
   </div>
   <div class='ocr_carea' id='block_1_93' title="bbox 2222 4479 3805 4581">
    <p class='ocr_par' dir='ltr' id='par_1_93' title="bbox 2223 4479 3805 4552">
     <span class='ocr_line' id='line_1_93' title="bbox 2223 4479 3805 4552; baseline -0.003 -17"><span class='ocrx_word' id='word_1_738' title='bbox 2223 4483 2352 4552; x_wconf 89' lang='grc' dir='ltr'>γοῦν</span> <span class='ocrx_word' id='word_1_739' title='bbox 2398 4481 2554 4552; x_wconf 77' lang='grc' dir='ltr'><strong>ἐξῆςο</strong></span> <span class='ocrx_word' id='word_1_740' title='bbox 2589 4501 2606 4532; x_wconf 79' lang='grc' dir='ltr'><strong>ι</strong></span> <span class='ocrx_word' id='word_1_741' title='bbox 2631 4479 2890 4551; x_wconf 78' lang='grc' dir='ltr'>Ἐγενήθη</span> <span class='ocrx_word' id='word_1_742' title='bbox 2932 4479 2986 4532; x_wconf 82' lang='grc' dir='ltr'>δὲ</span> <span class='ocrx_word' id='word_1_743' title='bbox 3033 4481 3092 4532; x_wconf 84' lang='grc' dir='ltr'><strong>ἐν</strong></span> <span class='ocrx_word' id='word_1_744' title='bbox 3130 4482 3194 4550; x_wconf 80' lang='grc' dir='ltr'>τῇ</span> <span class='ocrx_word' id='word_1_745' title='bbox 3231 4479 3442 4549; x_wconf 74' lang='grc' dir='ltr'>φυλακῇ</span> <span class='ocrx_word' id='word_1_746' title='bbox 3482 4482 3546 4549; x_wconf 76' lang='grc' dir='ltr'>τῇ</span> <span class='ocrx_word' id='word_1_747' title='bbox 3577 4479 3805 4549; x_wconf 75' lang='grc' dir='ltr'>ὲωθινῇ,</span> 
     </span>
    </p>
   </div>
   <div class='ocr_carea' id='block_1_94' title="bbox 553 4573 2122 4645">
    <p class='ocr_par' dir='ltr' id='par_1_94' title="bbox 553 4573 2122 4645">
     <span class='ocr_line' id='line_1_94' title="bbox 553 4573 2122 4645; baseline -0.003 -13"><span class='ocrx_word' id='word_1_748' title='bbox 553 4577 792 4632; x_wconf 88' lang='lat' dir='ltr'><strong>nubem:</strong></span> <span class='ocrx_word' id='word_1_749' title='bbox 825 4575 1006 4645; x_wconf 88' lang='lat' dir='ltr'><strong>itaque</strong></span> <span class='ocrx_word' id='word_1_750' title='bbox 1037 4574 1295 4643; x_wconf 89' lang='lat' dir='ltr'><strong>deinceps</strong></span> <span class='ocrx_word' id='word_1_751' title='bbox 1324 4574 1488 4627; x_wconf 84' lang='lat' dir='ltr'><strong>verba</strong></span> <span class='ocrx_word' id='word_1_752' title='bbox 1537 4573 1617 4628; x_wconf 90' lang='lat' dir='ltr'><strong>sic</strong></span> <span class='ocrx_word' id='word_1_753' title='bbox 1647 4574 1847 4628; x_wconf 89' lang='lat' dir='ltr'><strong>habent</strong></span> <span class='ocrx_word' id='word_1_754' title='bbox 1883 4593 1895 4629; x_wconf 87' lang='lat'><strong>:</strong></span> <span class='ocrx_word' id='word_1_755' title='bbox 1943 4592 1963 4623; x_wconf 73' lang='grc' dir='ltr'><strong>ι</strong></span> <span class='ocrx_word' id='word_1_756' title='bbox 2017 4573 2122 4627; x_wconf 83' lang='lat' dir='ltr'><strong>Fa-</strong></span> 
     </span>
    </p>
   </div>
   <div class='ocr_carea' id='block_1_95' title="bbox 554 4664 2124 4736">
    <p class='ocr_par' dir='ltr' id='par_1_95' title="bbox 554 4664 2124 4736">
     <span class='ocr_line' id='line_1_95' title="bbox 554 4664 2124 4736; baseline -0.003 -13"><span class='ocrx_word' id='word_1_757' title='bbox 554 4676 704 4724; x_wconf 91' lang='lat' dir='ltr'><strong>ctum</strong></span> <span class='ocrx_word' id='word_1_758' title='bbox 734 4677 818 4722; x_wconf 90' lang='lat' dir='ltr'><strong>est</strong></span> <span class='ocrx_word' id='word_1_759' title='bbox 845 4677 1024 4721; x_wconf 90' lang='lat' dir='ltr'><strong>autem</strong></span> <span class='ocrx_word' id='word_1_760' title='bbox 1050 4669 1104 4720; x_wconf 88' lang='lat' dir='ltr'><strong>in</strong></span> <span class='ocrx_word' id='word_1_761' title='bbox 1130 4667 1312 4736; x_wconf 86' lang='lat' dir='ltr'><strong>vigilia</strong></span> <span class='ocrx_word' id='word_1_762' title='bbox 1345 4664 1634 4730; x_wconf 90' lang='lat' dir='ltr'><strong>matutina,</strong></span> <span class='ocrx_word' id='word_1_763' title='bbox 1668 4673 1722 4720; x_wconf 91' lang='lat' dir='ltr'><strong>et</strong></span> <span class='ocrx_word' id='word_1_764' title='bbox 1751 4667 1990 4735; x_wconf 78' lang='lat' dir='ltr'><strong>respexit</strong></span> <span class='ocrx_word' id='word_1_765' title='bbox 2014 4665 2124 4720; x_wconf 76' lang='lat' dir='ltr'><strong>Do-</strong></span> 
     </span>
    </p>
   </div>
   <div class='ocr_carea' id='block_1_96' title="bbox 557 4757 2125 4828">
    <p class='ocr_par' dir='ltr' id='par_1_96' title="bbox 557 4757 2125 4828">
     <span class='ocr_line' id='line_1_96' title="bbox 557 4757 2125 4828; baseline -0.001 -14"><span class='ocrx_word' id='word_1_766' title='bbox 557 4761 740 4815; x_wconf 89' lang='lat' dir='ltr'><strong>minus</strong></span> <span class='ocrx_word' id='word_1_767' title='bbox 771 4760 826 4813; x_wconf 92' lang='lat' dir='ltr'><strong>in</strong></span> <span class='ocrx_word' id='word_1_768' title='bbox 864 4765 1046 4813; x_wconf 88' lang='lat' dir='ltr'><strong>castra</strong></span> <span class='ocrx_word' id='word_1_769' title='bbox 1076 4757 1455 4828; x_wconf 62' lang='lat' dir='ltr'><strong>Egyptiornm</strong></span> <span class='ocrx_word' id='word_1_770' title='bbox 1487 4757 1542 4810; x_wconf 89' lang='lat' dir='ltr'><strong>in</strong></span> <span class='ocrx_word' id='word_1_771' title='bbox 1576 4757 1831 4811; x_wconf 90' lang='lat' dir='ltr'><strong>columna</strong></span> <span class='ocrx_word' id='word_1_772' title='bbox 1855 4759 2037 4822; x_wconf 89' lang='lat' dir='ltr'><strong>nubis,</strong></span> <span class='ocrx_word' id='word_1_773' title='bbox 2069 4767 2125 4813; x_wconf 88' lang='lat' dir='ltr'><strong>et</strong></span> 
     </span>
    </p>
   </div>
   <div class='ocr_carea' id='block_1_97' title="bbox 556 4847 2125 4922">
    <p class='ocr_par' dir='ltr' id='par_1_97' title="bbox 556 4847 2125 4922">
     <span class='ocr_line' id='line_1_97' title="bbox 556 4847 2125 4922; baseline -0.004 -15"><span class='ocrx_word' id='word_1_774' title='bbox 556 4867 651 4922; x_wconf 87' lang='lat' dir='ltr'><strong>per</strong></span> <span class='ocrx_word' id='word_1_775' title='bbox 704 4859 873 4907; x_wconf 90' lang='lat' dir='ltr'><strong>totam</strong></span> <span class='ocrx_word' id='word_1_776' title='bbox 910 4849 1112 4906; x_wconf 85' lang='lat' dir='ltr'><strong>deserti</strong></span> <span class='ocrx_word' id='word_1_777' title='bbox 1161 4847 1437 4918; x_wconf 82' lang='lat' dir='ltr'><strong>regionem</strong></span> <span class='ocrx_word' id='word_1_778' title='bbox 1490 4847 1547 4901; x_wconf 89' lang='lat' dir='ltr'><strong>in</strong></span> <span class='ocrx_word' id='word_1_779' title='bbox 1599 4848 1851 4901; x_wconf 89' lang='lat' dir='ltr'><strong>columna</strong></span> <span class='ocrx_word' id='word_1_780' title='bbox 1897 4864 1992 4918; x_wconf 89' lang='lat' dir='ltr'><strong>per</strong></span> <span class='ocrx_word' id='word_1_781' title='bbox 2019 4865 2125 4902; x_wconf 89' lang='lat' dir='ltr'><strong>nu-</strong></span> 
     </span>
    </p>
   </div>
   <div class='ocr_carea' id='block_1_98' title="bbox 556 4938 2124 5012">
    <p class='ocr_par' dir='ltr' id='par_1_98' title="bbox 556 4938 2124 5012">
     <span class='ocr_line' id='line_1_98' title="bbox 556 4938 2124 5012; baseline -0.002 -12"><span class='ocrx_word' id='word_1_782' title='bbox 556 4945 680 5000; x_wconf 87' lang='lat' dir='ltr'><strong>bem</strong></span> <span class='ocrx_word' id='word_1_783' title='bbox 710 4945 778 5009; x_wconf 60' lang='lat' dir='ltr'><strong>‘l,</strong></span> <span class='ocrx_word' id='word_1_784' title='bbox 811 4963 832 4996; x_wconf 80' lang='grc' dir='ltr'><strong>ι</strong></span> <span class='ocrx_word' id='word_1_785' title='bbox 876 4943 1020 4998; x_wconf 91' lang='lat' dir='ltr'><strong>Deus</strong></span> <span class='ocrx_word' id='word_1_786' title='bbox 1055 4941 1192 4996; x_wconf 77' lang='lat' dir='ltr'><strong>Mosi</strong></span> <span class='ocrx_word' id='word_1_787' title='bbox 1231 4939 1548 5010; x_wconf 89' lang='lat' dir='ltr'><strong>respondet.</strong></span> <span class='ocrx_word' id='word_1_788' title='bbox 1579 4938 1747 4995; x_wconf 91' lang='lat' dir='ltr'><strong>Plane</strong></span> <span class='ocrx_word' id='word_1_789' title='bbox 1793 4941 1957 5012; x_wconf 87' lang='lat' dir='ltr'><strong>igitur</strong></span> <span class='ocrx_word' id='word_1_790' title='bbox 1988 4959 2124 5011; x_wconf 91' lang='lat' dir='ltr'><strong>quo-</strong></span> 
     </span>
    </p>
   </div>
   <div class='ocr_carea' id='block_1_99' title="bbox 556 5031 2124 5106">
    <p class='ocr_par' dir='ltr' id='par_1_99' title="bbox 556 5031 2124 5106">
     <span class='ocr_line' id='line_1_99' title="bbox 556 5031 2124 5106; baseline -0.001 -16"><span class='ocrx_word' id='word_1_791' title='bbox 556 5037 659 5092; x_wconf 88' lang='lat' dir='ltr'><strong>ties</strong></span> <span class='ocrx_word' id='word_1_792' title='bbox 681 5037 859 5106; x_wconf 86' lang='lat' dir='ltr'><strong>angeli</strong></span> <span class='ocrx_word' id='word_1_793' title='bbox 890 5045 1141 5090; x_wconf 89' lang='lat' dir='ltr'><strong>naturam</strong></span> <span class='ocrx_word' id='word_1_794' title='bbox 1172 5033 1348 5088; x_wconf 87' lang='lat' dir='ltr'><strong>oratio</strong></span> <span class='ocrx_word' id='word_1_795' title='bbox 1399 5031 1709 5104; x_wconf 77' lang='lat' dir='ltr'><strong>signiﬁcare</strong></span> <span class='ocrx_word' id='word_1_796' title='bbox 1761 5035 1897 5098; x_wconf 87' lang='lat' dir='ltr'><strong>vult,</strong></span> <span class='ocrx_word' id='word_1_797' title='bbox 1946 5049 2124 5104; x_wconf 91' lang='lat' dir='ltr'><strong>neque</strong></span> 
     </span>
    </p>
   </div>
   <div class='ocr_carea' id='block_1_100' title="bbox 557 5124 2126 5198">
    <p class='ocr_par' dir='ltr' id='par_1_100' title="bbox 557 5124 2126 5198">
     <span class='ocr_line' id='line_1_100' title="bbox 557 5124 2126 5198; baseline 0 -18"><span class='ocrx_word' id='word_1_798' title='bbox 557 5125 749 5188; x_wconf 87' lang='lat' dir='ltr'><strong>Deum,</strong></span> <span class='ocrx_word' id='word_1_799' title='bbox 791 5142 967 5197; x_wconf 88' lang='lat' dir='ltr'><strong>neque</strong></span> <span class='ocrx_word' id='word_1_800' title='bbox 1017 5125 1332 5191; x_wconf 89' lang='lat' dir='ltr'><strong>Dominum,</strong></span> <span class='ocrx_word' id='word_1_801' title='bbox 1364 5126 1458 5181; x_wconf 83' lang='lat' dir='ltr'><strong>sed</strong></span> <span class='ocrx_word' id='word_1_802' title='bbox 1487 5124 1693 5198; x_wconf 89' lang='lat' dir='ltr'><strong>absque</strong></span> <span class='ocrx_word' id='word_1_803' title='bbox 1729 5127 1838 5180; x_wconf 90' lang='lat' dir='ltr'><strong>ulla</strong></span> <span class='ocrx_word' id='word_1_804' title='bbox 1870 5127 2126 5182; x_wconf 77' lang='lat' dir='ltr'><strong>obscuri—</strong></span> 
     </span>
    </p>
   </div>
   <div class='ocr_carea' id='block_1_101' title="bbox 558 5213 2124 5288">
    <p class='ocr_par' dir='ltr' id='par_1_101' title="bbox 558 5213 2124 5288">
     <span class='ocr_line' id='line_1_101' title="bbox 558 5213 2124 5288; baseline -0.002 -19"><span class='ocrx_word' id='word_1_805' title='bbox 558 5225 668 5270; x_wconf 87' lang='lat' dir='ltr'><strong>tate</strong></span> <span class='ocrx_word' id='word_1_806' title='bbox 715 5218 962 5288; x_wconf 86' lang='lat' dir='ltr'><strong>angelum</strong></span> <span class='ocrx_word' id='word_1_807' title='bbox 998 5214 1243 5271; x_wconf 90' lang='lat' dir='ltr'><strong>nominat</strong></span> <span class='ocrx_word' id='word_1_808' title='bbox 1272 5230 1287 5270; x_wconf 89' lang='lat'>:</span> <span class='ocrx_word' id='word_1_809' title='bbox 1335 5215 1549 5284; x_wconf 85' lang='lat' dir='ltr'><strong>quoties</strong></span> <span class='ocrx_word' id='word_1_810' title='bbox 1589 5230 1719 5270; x_wconf 86' lang='lat' dir='ltr'><strong>vero</strong></span> <span class='ocrx_word' id='word_1_811' title='bbox 1752 5213 2042 5270; x_wconf 88' lang='lat' dir='ltr'><strong>Dominum</strong></span> <span class='ocrx_word' id='word_1_812' title='bbox 2070 5219 2124 5268; x_wconf 82' lang='lat' dir='ltr'><strong>et</strong></span> 
     </span>
    </p>
   </div>
   <div class='ocr_carea' id='block_1_102' title="bbox 563 5305 2125 5382">
    <p class='ocr_par' dir='ltr' id='par_1_102' title="bbox 563 5305 2125 5382">
     <span class='ocr_line' id='line_1_102' title="bbox 563 5305 2125 5382; baseline -0.005 -17"><span class='ocrx_word' id='word_1_813' title='bbox 563 5311 753 5380; x_wconf 80' lang='lat' dir='ltr'><strong>Deum,</strong></span> <span class='ocrx_word' id='word_1_814' title='bbox 781 5327 904 5366; x_wconf 87' lang='lat' dir='ltr'><strong>eum</strong></span> <span class='ocrx_word' id='word_1_815' title='bbox 935 5309 1027 5382; x_wconf 90' lang='lat' dir='ltr'><strong>qui</strong></span> <span class='ocrx_word' id='word_1_816' title='bbox 1067 5317 1297 5382; x_wconf 89' lang='lat' dir='ltr'><strong>apparet</strong></span> <span class='ocrx_word' id='word_1_817' title='bbox 1327 5309 1600 5380; x_wconf 86' lang='lat' dir='ltr'><strong>intelligit,</strong></span> <span class='ocrx_word' id='word_1_818' title='bbox 1658 5307 1745 5362; x_wconf 87' lang='lat' dir='ltr'><strong>his</strong></span> <span class='ocrx_word' id='word_1_819' title='bbox 1777 5307 1912 5376; x_wconf 86' lang='lat' dir='ltr'><strong>ipsis</strong></span> <span class='ocrx_word' id='word_1_820' title='bbox 1943 5305 2125 5375; x_wconf 89' lang='lat' dir='ltr'><strong>palam</strong></span> 
     </span>
    </p>
   </div>
   <div class='ocr_carea' id='block_1_103' title="bbox 561 5396 2128 5467">
    <p class='ocr_par' dir='ltr' id='par_1_103' title="bbox 561 5396 2128 5467">
     <span class='ocr_line' id='line_1_103' title="bbox 561 5396 2128 5467; baseline -0.003 -11"><span class='ocrx_word' id='word_1_821' title='bbox 561 5402 733 5456; x_wconf 86' lang='lat' dir='ltr'><strong>utitur</strong></span> <span class='ocrx_word' id='word_1_822' title='bbox 790 5402 1183 5459; x_wconf 89' lang='lat' dir='ltr'><strong>locutionibus.</strong></span> <span class='ocrx_word' id='word_1_823' title='bbox 1244 5401 1402 5467; x_wconf 84' lang='lat' dir='ltr'><strong>Quod</strong></span> <span class='ocrx_word' id='word_1_824' title='bbox 1438 5415 1568 5456; x_wconf 85' lang='lat' dir='ltr'><strong>vero</strong></span> <span class='ocrx_word' id='word_1_825' title='bbox 1600 5397 1887 5454; x_wconf 87' lang='lat' dir='ltr'><strong>Dominum</strong></span> <span class='ocrx_word' id='word_1_826' title='bbox 1927 5396 2128 5452; x_wconf 87' lang='lat' dir='ltr'><strong>Deum-</strong></span> 
     </span>
    </p>
   </div>
   <div class='ocr_carea' id='block_1_104' title="bbox 559 5489 2130 5567">
    <p class='ocr_par' dir='ltr' id='par_1_104' title="bbox 559 5489 2130 5567">
     <span class='ocr_line' id='line_1_104' title="bbox 559 5489 2130 5567; baseline -0.003 -18"><span class='ocrx_word' id='word_1_827' title='bbox 559 5510 668 5567; x_wconf 89' lang='lat' dir='ltr'><strong>que</strong></span> <span class='ocrx_word' id='word_1_828' title='bbox 698 5510 804 5550; x_wconf 92' lang='lat' dir='ltr'><strong>non</strong></span> <span class='ocrx_word' id='word_1_829' title='bbox 831 5509 954 5548; x_wconf 89' lang='lat' dir='ltr'><strong>eum</strong></span> <span class='ocrx_word' id='word_1_830' title='bbox 992 5495 1259 5565; x_wconf 86' lang='lat' dir='ltr'><strong>signiticet</strong></span> <span class='ocrx_word' id='word_1_831' title='bbox 1282 5491 1374 5564; x_wconf 87' lang='lat' dir='ltr'><strong>qui</strong></span> <span class='ocrx_word' id='word_1_832' title='bbox 1404 5499 1557 5563; x_wconf 89' lang='lat' dir='ltr'><strong>pater</strong></span> <span class='ocrx_word' id='word_1_833' title='bbox 1582 5498 1684 5558; x_wconf 88' lang='lat' dir='ltr'><strong>est,</strong></span> <span class='ocrx_word' id='word_1_834' title='bbox 1718 5491 1848 5561; x_wconf 67' lang='lat' dir='ltr'><strong>ipsae</strong></span> <span class='ocrx_word' id='word_1_835' title='bbox 1881 5489 2130 5560; x_wconf 87' lang='lat' dir='ltr'><strong>Scriptu-</strong></span> 
     </span>
    </p>
   </div>
   <div class='ocr_carea' id='block_1_105' title="bbox 657 5743 1426 5816">
    <p class='ocr_par' dir='ltr' id='par_1_105' title="bbox 657 5743 1426 5816">
     <span class='ocr_line' id='line_1_105' title="bbox 657 5743 1426 5816; baseline -0.013 -8"><span class='ocrx_word' id='word_1_836' title='bbox 657 5750 700 5783; x_wconf 81' lang='lat'><strong>&quot;</strong></span> <span class='ocrx_word' id='word_1_837' title='bbox 735 5747 866 5807; x_wconf 85' lang='lat' dir='ltr'><strong>Gen.</strong></span> <span class='ocrx_word' id='word_1_838' title='bbox 903 5762 1056 5814; x_wconf 80' lang='lat' dir='ltr'><strong>xvnt,</strong></span> <span class='ocrx_word' id='word_1_839' title='bbox 1091 5747 1186 5816; x_wconf 77' lang='lat'><strong>55;</strong></span> <span class='ocrx_word' id='word_1_840' title='bbox 1227 5760 1342 5811; x_wconf 75' lang='grc' dir='ltr'>ιιι,</span> <span class='ocrx_word' id='word_1_841' title='bbox 1377 5743 1426 5798; x_wconf 84' lang='lat' dir='ltr'><strong>l.</strong></span> 
     </span>
    </p>
   </div>
   <div class='ocr_carea' id='block_1_106' title="bbox 1535 5733 2140 5808">
    <p class='ocr_par' dir='ltr' id='par_1_106' title="bbox 1535 5733 2140 5808">
     <span class='ocr_line' id='line_1_106' title="bbox 1535 5733 2140 5808; baseline 0.002 -19"><span class='ocrx_word' id='word_1_842' title='bbox 1535 5741 1580 5789; x_wconf 66' lang='grc' dir='ltr'><strong>υ</strong></span> <span class='ocrx_word' id='word_1_843' title='bbox 1610 5738 1744 5795; x_wconf 82' lang='lat' dir='ltr'><strong>Gen.</strong></span> <span class='ocrx_word' id='word_1_844' title='bbox 1787 5735 2046 5808; x_wconf 70' lang='lat' dir='ltr'><strong>xxxn,l,</strong></span> <span class='ocrx_word' id='word_1_845' title='bbox 2085 5733 2140 5790; x_wconf 73' lang='lat'><strong>2.</strong></span> 
     </span>
    </p>
   </div>
   <div class='ocr_carea' id='block_1_107' title="bbox 2225 4572 3807 4644">
    <p class='ocr_par' dir='ltr' id='par_1_107' title="bbox 2225 4572 3807 4644">
     <span class='ocr_line' id='line_1_107' title="bbox 2225 4572 3807 4644; baseline -0.003 -16"><span class='ocrx_word' id='word_1_846' title='bbox 2225 4576 2319 4628; x_wconf 78' lang='grc' dir='ltr'>καὶ</span> <span class='ocrx_word' id='word_1_847' title='bbox 2361 4572 2628 4641; x_wconf 69' lang='grc' dir='ltr'>ἐπέϐλεψε</span> <span class='ocrx_word' id='word_1_848' title='bbox 2677 4572 2876 4642; x_wconf 78' lang='grc' dir='ltr'>Κύριος</span> <span class='ocrx_word' id='word_1_849' title='bbox 2915 4574 2994 4635; x_wconf 87' lang='grc' dir='ltr'>εἰς</span> <span class='ocrx_word' id='word_1_850' title='bbox 3026 4573 3124 4644; x_wconf 77' lang='grc' dir='ltr'><strong>τὴν</strong></span> <span class='ocrx_word' id='word_1_851' title='bbox 3171 4572 3518 4643; x_wconf 79' lang='grc' dir='ltr'>παρεμϐολὴν</span> <span class='ocrx_word' id='word_1_852' title='bbox 3562 4573 3669 4625; x_wconf 87' lang='grc' dir='ltr'><strong>τῶν</strong></span> <span class='ocrx_word' id='word_1_853' title='bbox 3701 4575 3807 4625; x_wconf 73' lang='lat' dir='ltr'><strong>Al-</strong></span> 
     </span>
    </p>
   </div>
   <div class='ocr_carea' id='block_1_108' title="bbox 2226 4665 3810 4737">
    <p class='ocr_par' dir='ltr' id='par_1_108' title="bbox 2226 4665 3810 4737">
     <span class='ocr_line' id='line_1_108' title="bbox 2226 4665 3810 4737; baseline -0.001 -17"><span class='ocrx_word' id='word_1_854' title='bbox 2226 4669 2469 4736; x_wconf 85' lang='grc' dir='ltr'>γυπτίων</span> <span class='ocrx_word' id='word_1_855' title='bbox 2501 4668 2557 4719; x_wconf 78' lang='grc' dir='ltr'>ἐν</span> <span class='ocrx_word' id='word_1_856' title='bbox 2583 4665 2758 4736; x_wconf 80' lang='grc' dir='ltr'>στύλῳ</span> <span class='ocrx_word' id='word_1_857' title='bbox 2803 4665 2970 4737; x_wconf 85' lang='grc' dir='ltr'>πυρὸς</span> <span class='ocrx_word' id='word_1_858' title='bbox 3009 4668 3102 4718; x_wconf 74' lang='grc' dir='ltr'><strong>καὶ</strong></span> <span class='ocrx_word' id='word_1_859' title='bbox 3142 4666 3388 4735; x_wconf 71' lang='grc' dir='ltr'>νεφέληςο</span> <span class='ocrx_word' id='word_1_860' title='bbox 3435 4684 3454 4716; x_wconf 74' lang='grc' dir='ltr'><strong>ι</strong></span> <span class='ocrx_word' id='word_1_861' title='bbox 3480 4665 3547 4718; x_wconf 82' lang='grc' dir='ltr'>δι’</span> <span class='ocrx_word' id='word_1_862' title='bbox 3577 4666 3705 4734; x_wconf 75' lang='grc' dir='ltr'>ὅλης</span> <span class='ocrx_word' id='word_1_863' title='bbox 3745 4665 3810 4717; x_wconf 72' lang='grc' dir='ltr'>δὲ</span> 
     </span>
    </p>
   </div>
   <div class='ocr_carea' id='block_1_109' title="bbox 2225 4758 3810 4830">
    <p class='ocr_par' dir='ltr' id='par_1_109' title="bbox 2225 4758 3810 4830">
     <span class='ocr_line' id='line_1_109' title="bbox 2225 4758 3810 4830; baseline -0.001 -17"><span class='ocrx_word' id='word_1_864' title='bbox 2225 4760 2328 4828; x_wconf 86' lang='grc' dir='ltr'>τῆς</span> <span class='ocrx_word' id='word_1_865' title='bbox 2357 4761 2562 4830; x_wconf 81' lang='grc' dir='ltr'>ἐρήμου</span> <span class='ocrx_word' id='word_1_866' title='bbox 2608 4760 2665 4812; x_wconf 75' lang='grc' dir='ltr'><strong>ἐν</strong></span> <span class='ocrx_word' id='word_1_867' title='bbox 2697 4759 2869 4830; x_wconf 82' lang='grc' dir='ltr'>στόλῳ</span> <span class='ocrx_word' id='word_1_868' title='bbox 2908 4759 3008 4830; x_wconf 79' lang='grc' dir='ltr'>τῆς</span> <span class='ocrx_word' id='word_1_869' title='bbox 3038 4758 3266 4827; x_wconf 69' lang='grc' dir='ltr'>νεφέλης</span> <span class='ocrx_word' id='word_1_870' title='bbox 3313 4761 3341 4812; x_wconf 91' lang='lat'><strong>6</strong></span> <span class='ocrx_word' id='word_1_871' title='bbox 3389 4758 3517 4821; x_wconf 85' lang='grc' dir='ltr'>Θεὸς</span> <span class='ocrx_word' id='word_1_872' title='bbox 3557 4758 3634 4828; x_wconf 84' lang='grc' dir='ltr'><strong>τῷ</strong></span> <span class='ocrx_word' id='word_1_873' title='bbox 3675 4761 3810 4812; x_wconf 81' lang='grc' dir='ltr'><strong>Μω-</strong></span> 
     </span>
    </p>
   </div>
   <div class='ocr_carea' id='block_1_110' title="bbox 2230 4849 3810 4924">
    <p class='ocr_par' dir='ltr' id='par_1_110' title="bbox 2230 4849 3810 4924">
     <span class='ocr_line' id='line_1_110' title="bbox 2230 4849 3810 4924; baseline -0.003 -18"><span class='ocrx_word' id='word_1_874' title='bbox 2230 4855 2312 4906; x_wconf 86' lang='grc' dir='ltr'>σεῐ</span> <span class='ocrx_word' id='word_1_875' title='bbox 2338 4850 2709 4923; x_wconf 77' lang='grc' dir='ltr'>χρηματίζων.</span> <span class='ocrx_word' id='word_1_876' title='bbox 2749 4851 3013 4923; x_wconf 83' lang='grc' dir='ltr'>Ἀκριϐῶς</span> <span class='ocrx_word' id='word_1_877' title='bbox 3047 4852 3155 4923; x_wconf 80' lang='grc' dir='ltr'>ἄρα</span> <span class='ocrx_word' id='word_1_878' title='bbox 3181 4851 3269 4904; x_wconf 79' lang='grc' dir='ltr'><strong>ὅτε</strong></span> <span class='ocrx_word' id='word_1_879' title='bbox 3306 4849 3403 4920; x_wconf 81' lang='grc' dir='ltr'><strong>μὲν</strong></span> <span class='ocrx_word' id='word_1_880' title='bbox 3434 4849 3669 4918; x_wconf 83' lang='grc' dir='ltr'>ἀγγέλου</span> <span class='ocrx_word' id='word_1_881' title='bbox 3703 4850 3810 4924; x_wconf 68' lang='grc' dir='ltr'><strong>φύ-</strong></span> 
     </span>
    </p>
   </div>
   <div class='ocr_carea' id='block_1_111' title="bbox 2231 4943 3814 5015">
    <p class='ocr_par' dir='ltr' id='par_1_111' title="bbox 2231 4943 3814 5015">
     <span class='ocr_line' id='line_1_111' title="bbox 2231 4943 3814 5015; baseline -0.002 -16"><span class='ocrx_word' id='word_1_882' title='bbox 2231 4965 2314 5000; x_wconf 86' lang='grc' dir='ltr'><strong>σιν</strong></span> <span class='ocrx_word' id='word_1_883' title='bbox 2339 4948 2368 4998; x_wconf 86' lang='grc' dir='ltr'>ὁ</span> <span class='ocrx_word' id='word_1_884' title='bbox 2393 4947 2547 5014; x_wconf 84' lang='grc' dir='ltr'>λόγος</span> <span class='ocrx_word' id='word_1_885' title='bbox 2569 4945 2763 5015; x_wconf 85' lang='grc' dir='ltr'>δηλοῦν</span> <span class='ocrx_word' id='word_1_886' title='bbox 2791 4943 3057 5015; x_wconf 80' lang='grc' dir='ltr'>βοῦλεται,</span> <span class='ocrx_word' id='word_1_887' title='bbox 3093 4945 3346 4997; x_wconf 80' lang='grc' dir='ltr'>οὐδέποτε</span> <span class='ocrx_word' id='word_1_888' title='bbox 3382 4943 3514 4995; x_wconf 81' lang='grc' dir='ltr'>Θεὸν</span> <span class='ocrx_word' id='word_1_889' title='bbox 3538 4943 3657 4996; x_wconf 75' lang='grc' dir='ltr'>οὐδὲ</span> <span class='ocrx_word' id='word_1_890' title='bbox 3691 4944 3814 4996; x_wconf 49' lang='lat'><strong>193-.</strong></span> 
     </span>
    </p>
   </div>
   <div class='ocr_carea' id='block_1_112' title="bbox 2233 5033 3811 5113">
    <p class='ocr_par' dir='ltr' id='par_1_112' title="bbox 2233 5033 3811 5113">
     <span class='ocr_line' id='line_1_112' title="bbox 2233 5033 3811 5113; baseline -0.003 -20"><span class='ocrx_word' id='word_1_891' title='bbox 2233 5057 2364 5113; x_wconf 91' lang='grc' dir='ltr'>ριον,</span> <span class='ocrx_word' id='word_1_892' title='bbox 2392 5039 2508 5093; x_wconf 80' lang='grc' dir='ltr'>ἀλλ’</span> <span class='ocrx_word' id='word_1_893' title='bbox 2540 5038 2986 5101; x_wconf 80' lang='grc' dir='ltr'>ἀνεπικαλύπτως</span> <span class='ocrx_word' id='word_1_894' title='bbox 3032 5037 3256 5105; x_wconf 73' lang='grc' dir='ltr'>ἄγγελον</span> <span class='ocrx_word' id='word_1_895' title='bbox 3300 5033 3586 5107; x_wconf 79' lang='grc' dir='ltr'>ὀνομάζει·</span> <span class='ocrx_word' id='word_1_896' title='bbox 3625 5035 3712 5088; x_wconf 84' lang='grc' dir='ltr'>ὅτε</span> <span class='ocrx_word' id='word_1_897' title='bbox 3745 5035 3811 5089; x_wconf 77' lang='grc' dir='ltr'>δὲ</span> 
     </span>
    </p>
   </div>
   <div class='ocr_carea' id='block_1_113' title="bbox 2229 5127 3810 5205">
    <p class='ocr_par' dir='ltr' id='par_1_113' title="bbox 2229 5127 3810 5205">
     <span class='ocr_line' id='line_1_113' title="bbox 2229 5127 3810 5205; baseline -0.003 -19"><span class='ocrx_word' id='word_1_898' title='bbox 2229 5134 2432 5205; x_wconf 86' lang='grc' dir='ltr'>Κύριον</span> <span class='ocrx_word' id='word_1_899' title='bbox 2457 5134 2550 5186; x_wconf 77' lang='grc' dir='ltr'><strong>καὶ</strong></span> <span class='ocrx_word' id='word_1_900' title='bbox 2581 5132 2713 5185; x_wconf 87' lang='grc' dir='ltr'>Θεὸν</span> <span class='ocrx_word' id='word_1_901' title='bbox 2735 5129 2840 5184; x_wconf 71' lang='grc' dir='ltr'>οἶδε</span> <span class='ocrx_word' id='word_1_902' title='bbox 2879 5132 2968 5184; x_wconf 89' lang='grc' dir='ltr'><strong>τὸν</strong></span> <span class='ocrx_word' id='word_1_903' title='bbox 2991 5130 3424 5199; x_wconf 78' lang='grc' dir='ltr'>ἐπιφαινόμενον,</span> <span class='ocrx_word' id='word_1_904' title='bbox 3457 5127 3678 5200; x_wconf 85' lang='grc' dir='ltr'>ταύταις</span> <span class='ocrx_word' id='word_1_905' title='bbox 3706 5128 3810 5181; x_wconf 78' lang='grc' dir='ltr'>αύ-</span> 
     </span>
    </p>
   </div>
   <div class='ocr_carea' id='block_1_114' title="bbox 2228 5218 3810 5296">
    <p class='ocr_par' dir='ltr' id='par_1_114' title="bbox 2228 5218 3810 5296">
     <span class='ocr_line' id='line_1_114' title="bbox 2228 5218 3810 5296; baseline -0.006 -17"><span class='ocrx_word' id='word_1_906' title='bbox 2228 5229 2348 5289; x_wconf 83' lang='grc' dir='ltr'>ταῖς</span> <span class='ocrx_word' id='word_1_907' title='bbox 2381 5224 2565 5294; x_wconf 79' lang='grc' dir='ltr'>σαφῶς</span> <span class='ocrx_word' id='word_1_908' title='bbox 2587 5228 2846 5296; x_wconf 85' lang='grc' dir='ltr'>κέχρηται</span> <span class='ocrx_word' id='word_1_909' title='bbox 2875 5224 2992 5285; x_wconf 85' lang='grc' dir='ltr'>ταῖς</span> <span class='ocrx_word' id='word_1_910' title='bbox 3021 5223 3374 5293; x_wconf 85' lang='grc' dir='ltr'>προσρήρεσι.</span> <span class='ocrx_word' id='word_1_911' title='bbox 3399 5219 3601 5292; x_wconf 82' lang='grc' dir='ltr'>Κύριον</span> <span class='ocrx_word' id='word_1_912' title='bbox 3626 5218 3682 5270; x_wconf 79' lang='grc' dir='ltr'><strong>δὲ</strong></span> <span class='ocrx_word' id='word_1_913' title='bbox 3707 5220 3810 5271; x_wconf 70' lang='grc' dir='ltr'>καὶ</span> 
     </span>
    </p>
   </div>
   <div class='ocr_carea' id='block_1_115' title="bbox 2229 5311 3808 5389">
    <p class='ocr_par' dir='ltr' id='par_1_115' title="bbox 2229 5311 3808 5389">
     <span class='ocr_line' id='line_1_115' title="bbox 2229 5311 3808 5389; baseline -0.006 -17"><span class='ocrx_word' id='word_1_914' title='bbox 2229 5319 2360 5372; x_wconf 87' lang='grc' dir='ltr'>Θεὸν</span> <span class='ocrx_word' id='word_1_915' title='bbox 2384 5320 2465 5371; x_wconf 81' lang='grc' dir='ltr'>ὅτι</span> <span class='ocrx_word' id='word_1_916' title='bbox 2494 5318 2567 5389; x_wconf 84' lang='grc' dir='ltr'>μὴ</span> <span class='ocrx_word' id='word_1_917' title='bbox 2595 5317 2686 5370; x_wconf 89' lang='grc' dir='ltr'><strong>τὸν</strong></span> <span class='ocrx_word' id='word_1_918' title='bbox 2711 5318 2878 5370; x_wconf 72' lang='grc' dir='ltr'>αἴτιον</span> <span class='ocrx_word' id='word_1_919' title='bbox 2901 5315 3069 5386; x_wconf 84' lang='grc' dir='ltr'>δηλοῖ,</span> <span class='ocrx_word' id='word_1_920' title='bbox 3092 5313 3382 5384; x_wconf 79' lang='grc' dir='ltr'>προφανῶς</span> <span class='ocrx_word' id='word_1_921' title='bbox 3404 5311 3681 5376; x_wconf 78' lang='grc' dir='ltr'>ἐπέδειξαν</span> <span class='ocrx_word' id='word_1_922' title='bbox 3701 5311 3808 5381; x_wconf 81' lang='grc' dir='ltr'><strong>τῆς</strong></span> 
     </span>
    </p>
   </div>
   <div class='ocr_carea' id='block_1_116' title="bbox 2233 5401 3807 5482">
    <p class='ocr_par' dir='ltr' id='par_1_116' title="bbox 2233 5401 3807 5482">
     <span class='ocr_line' id='line_1_116' title="bbox 2233 5401 3807 5482; baseline -0.006 -18"><span class='ocrx_word' id='word_1_923' title='bbox 2233 5411 2381 5475; x_wconf 89' lang='grc' dir='ltr'>θείας</span> <span class='ocrx_word' id='word_1_924' title='bbox 2410 5410 2632 5482; x_wconf 80' lang='grc' dir='ltr'>Γραφῆς</span> <span class='ocrx_word' id='word_1_925' title='bbox 2675 5411 2730 5462; x_wconf 84' lang='grc' dir='ltr'><strong>αί</strong></span> <span class='ocrx_word' id='word_1_926' title='bbox 2770 5407 2962 5472; x_wconf 82' lang='grc' dir='ltr'>λέξεις,</span> <span class='ocrx_word' id='word_1_927' title='bbox 2994 5406 3219 5474; x_wconf 78' lang='grc' dir='ltr'>ἄγγελον</span> <span class='ocrx_word' id='word_1_928' title='bbox 3247 5404 3380 5458; x_wconf 80' lang='grc' dir='ltr'>Θεοῦ</span> <span class='ocrx_word' id='word_1_929' title='bbox 3409 5401 3807 5476; x_wconf 78' lang='grc' dir='ltr'>προσειποῦσαι</span> 
     </span>
    </p>
   </div>
   <div class='ocr_carea' id='block_1_117' title="bbox 2232 5496 3804 5570">
    <p class='ocr_par' dir='ltr' id='par_1_117' title="bbox 2232 5496 3804 5570">
     <span class='ocr_line' id='line_1_117' title="bbox 2232 5496 3804 5570; baseline -0.006 -14"><span class='ocrx_word' id='word_1_930' title='bbox 2232 5503 2322 5556; x_wconf 86' lang='grc' dir='ltr'><strong>τὸν</strong></span> <span class='ocrx_word' id='word_1_931' title='bbox 2343 5503 2434 5556; x_wconf 80' lang='grc' dir='ltr'><strong>ἐπὶ</strong></span> <span class='ocrx_word' id='word_1_932' title='bbox 2452 5501 2546 5556; x_wconf 88' lang='grc' dir='ltr'><strong>τοῦ</strong></span> <span class='ocrx_word' id='word_1_933' title='bbox 2576 5501 2768 5554; x_wconf 82' lang='grc' dir='ltr'>Ἰακὼϐ</span> <span class='ocrx_word' id='word_1_934' title='bbox 2786 5499 2988 5569; x_wconf 83' lang='grc' dir='ltr'>Κύριον</span> <span class='ocrx_word' id='word_1_935' title='bbox 3013 5501 3108 5552; x_wconf 81' lang='grc' dir='ltr'><strong>καὶ</strong></span> <span class='ocrx_word' id='word_1_936' title='bbox 3132 5498 3264 5551; x_wconf 87' lang='grc' dir='ltr'>Θεὸν</span> <span class='ocrx_word' id='word_1_937' title='bbox 3285 5496 3804 5570; x_wconf 85' lang='grc' dir='ltr'>προωνομασμένον.</span> 
     </span>
    </p>
   </div>
   <div class='ocr_carea' id='block_1_118' title="bbox 2219 5716 3737 5798">
    <p class='ocr_par' dir='ltr' id='par_1_118' title="bbox 2219 5716 3737 5798">
     <span class='ocr_line' id='line_1_118' title="bbox 2219 5716 3737 5798; baseline -0.007 -14"><span class='ocrx_word' id='word_1_938' title='bbox 2219 5732 2265 5768; x_wconf 79' lang='grc'><strong>⁸⁸</strong></span> <span class='ocrx_word' id='word_1_939' title='bbox 2301 5729 2470 5785; x_wconf 77' lang='lat' dir='ltr'><strong>Exod.</strong></span> <span class='ocrx_word' id='word_1_940' title='bbox 2508 5745 2590 5798; x_wconf 85' lang='lat' dir='ltr'><strong>nt,</strong></span> <span class='ocrx_word' id='word_1_941' title='bbox 2621 5728 2675 5783; x_wconf 75' lang='lat'><strong>2.</strong></span> <span class='ocrx_word' id='word_1_942' title='bbox 2787 5724 2832 5757; x_wconf 81' lang='lat'><strong><em>°°</em></strong></span> <span class='ocrx_word' id='word_1_943' title='bbox 2859 5722 3027 5778; x_wconf 79' lang='lat' dir='ltr'><strong>Exod.</strong></span> <span class='ocrx_word' id='word_1_944' title='bbox 3062 5738 3173 5789; x_wconf 75' lang='lat' dir='ltr'><strong>xxv,</strong></span> <span class='ocrx_word' id='word_1_945' title='bbox 3207 5722 3293 5779; x_wconf 80' lang='lat' dir='ltr'><strong>l9.</strong></span> <span class='ocrx_word' id='word_1_946' title='bbox 3373 5721 3430 5798; x_wconf 67' lang='lat'><strong>_“</strong></span> <span class='ocrx_word' id='word_1_947' title='bbox 3465 5719 3597 5775; x_wconf 89' lang='lat' dir='ltr'><strong>ibid.</strong></span> <span class='ocrx_word' id='word_1_948' title='bbox 3636 5716 3737 5774; x_wconf 66' lang='lat' dir='ltr'><strong>2L</strong></span> 
     </span>
    </p>
   </div>
  </div>
