4080 6416
277 321 375 378 583

281 533 415 602 μετὰ
459 532 550 586 τὸν
587 533 939 604 παμϐασιλέα
983 537 1075 588 καὶ
1114 535 1246 588 Θεὸν
1277 536 1384 590 τῶν
1408 537 1573 590 ὅλωνο
1599 535 1684 607 εἴη
1714 537 1758 588 δ’
1787 538 1852 589 ἂν

277 619 429 688 οὗτος
461 627 488 679 6
519 625 628 697 πρὸ
657 627 868 682 αἰώνων
896 629 989 682 τοῦ
1019 629 1151 683 Θεοῦ
1185 631 1374 698 Λόγος,
1415 631 1443 682 6
1471 620 1855 700 κρείττωνμὲν

276 715 308 786 ἢ
336 717 484 768 πᾶσα
510 714 780 788 ἀγγελικὴ
805 716 986 787 φύσις,
1021 719 1188 789 μείων
1222 719 1279 772 δὲ
1308 717 1342 790 ἢ
1373 717 1514 772 κατά
1548 716 1610 771 τὸ
1643 717 1858 789 πρῶτον

278 825 476 862 αιτιον.

1181 323 1834 380 DEMONSTIIATIONIS
1875 322 2331 378 EVAN‘GELICE
2373 322 2503 378 LIB.
2549 322 2614 378 γ.

277 439 537 495 Λείπεταί
562 459 651 504 τις
695 442 805 510 ἀρα
842 441 916 496 ὢν
949 444 1004 496 ἐν
1036 444 1149 507 τοῖς
1193 439 1312 497 οὖσι
1344 444 1476 508 Θεὸς
1525 405 1619 498 ttat
1667 444 1851 515 Κύριοι

1970 457 2045 496 rze
2076 441 2277 497 divinae
2310 442 2618 498 locutiones
2645 441 2702 497 in
2736 441 3113 513 superioribus
3140 443 3548 502 evidentissima
3662 488 3675 498 .

3443 331 3548 387 390

1955 535 2272 599 ostendunt,
2320 535 2412 588 ubi
2460 535 2713 605 angelum
2763 533 2858 590 Dei
2904 537 3174 607 appellant
3224 554 3371 606 eum,
3421 541 3517 612 qui

1963 642 2088 682 cum
2117 625 2185 682 de
2212 624 2384 682 Jacob
2416 641 2600 682 sermo
2627 634 2797 693 esset,
2844 625 3110 685 Dominus
3151 640 3206 685 et
3261 631 3408 689 Deus
3457 640 3545 689 est

1974 720 2315 775 nominatus.
2353 718 2618 790 Superest
2643 720 2810 791 igitur
2842 728 2902 776 ut
2931 737 3262 792 quaeramus,
3287 725 3542 795 quisnam

1976 813 2070 880 sit,
2108 814 2162 868 in
2196 814 2265 869 iis
2289 829 2409 884 quae
2435 823 2582 878 sunt,
2619 812 2763 870 Deus
2803 825 2857 870 et
2894 813 3180 881 Dominus,
3227 824 3422 887 praeter
3446 831 3545 887 pa-

1977 915 2114 963 trem
2135 908 2402 971 omnium,
2426 915 2480 963 et
2502 923 2684 975 regem
2698 907 2978 979 Deumque
2994 911 3236 968 universi
3264 930 3278 968 :
3306 911 3413 968 erit
3436 927 3540 967 au-

272 1003 378 1050 tem
407 996 501 1052 hic
533 996 773 1054 Verbum
800 997 896 1055 Dei
920 1001 1066 1072 quod
1094 1007 1178 1056 est
1215 1009 1343 1055 ante
1375 1001 1600 1067 smcula,
1635 1000 1888 1072 superior
1920 1004 2140 1075 quidem
2166 1005 2314 1059 omni
2336 1002 2582 1075 angelica
2611 1009 2825 1070 natura,
2854 1003 3135 1074 profectus
3177 1015 3356 1061 autem
3381 1005 3449 1060 ab
3475 1022 3544 1060 eo

271 1093 361 1163 qui
387 1102 547 1164 pater
583 1105 689 1154 est.

801 1169 1201 1222 ΚΕΦΑΛΑῘΟΝ
1239 1170 1339 1224 IB'.

2560 1180 2789 1237 CAPUT
2828 1180 2944 1236 XII.

282 1253 376 1322 Ὠς
402 1252 579 1323 αὖθις
607 1259 706 1312 ἐπὶ
748 1261 854 1350 τρί’)
881 1260 1079 1315 Ἰακὼϐ
1099 1261 1376 1350 ᾅεύτερον
1418 1262 1566 1316 Θεὸν
1595 1263 1803 1332 σαφῶς
1831 1268 1851 1315 ε

1971 1274 2124 1342 Quod
2162 1291 2347 1329 rursus
2393 1275 2449 1328 in
2497 1271 2666 1350 Jacob
2720 1275 2950 1350 genitum
2991 1273 3187 1341 Deum,
3234 1278 3390 1344 plane
3422 1282 3538 1350 ipsa

762 1333 943 1399 λόγος
968 1335 1364 1398 παρίστησιν.

341 1436 361 1470 ι
383 1413 525 1471 Εἷπε
553 1419 609 1472 δὲ
643 1422 672 1473 6
694 1422 826 1486 Θεὸς
857 1423 1069 1476 Ἱακώὸο
1103 1424 1373 1487 Ἀναστὰς
1400 1423 1631 1496 ἀνάϐηθι
1669 1425 1750 1486 είς
1773 1420 1864 1474 τὸν

267 1510 432 1563 τόπον
473 1511 699 1582 autem,
733 1516 828 1568 καὶ
856 1516 994 1570 οἴκει
1027 1518 1159 1582 ἐκεῖ,
1195 1518 1289 1570 καὶ
1321 1516 1546 1586 ποίησον
1569 1515 1863 1585 θυσιαστή-

2481 1346 2651 1398 oratio
2678 1359 2789 1413 pra:
2824 1361 2878 1399 se
2913 1346 3035 1414 fert.

2045 1450 2064 1483 ι
2103 1431 2248 1486 Dixit
2279 1437 2462 1487 autem
2484 1430 2629 1488 Deus
2659 1432 2727 1486 ad
2759 1431 2928 1488 Jacob
2966 1452 2978 1488 :
3013 1432 3186 1506 Surge
3215 1444 3270 1492 et
3302 1440 3540 1497 ascende

1966 1523 2022 1578 in
2049 1523 2228 1578 locum
2258 1523 2465 1590 Bethel,
2497 1531 2552 1579 et
2591 1525 2774 1579 habita
2803 1525 2938 1590 illic,
2983 1526 3153 1581 ct‘fac
3215 1529 3384 1585 altare
3432 1531 3542 1587 Deo

272 1614 383 1668 ριον
412 1599 491 1670 τῷ
529 1601 672 1672 Θεῷ,
701 1602 780 1674 τῷ
806 1603 1024 1672 ὀφθέντι
1058 1623 1138 1658 σοι
1171 1606 1228 1657 έν
1255 1603 1332 1675 τῷ
1360 1604 1775 1676 ἀποδιδράσκειν
1808 1620 1851 1656 σε

1967 1615 2062 1684 qui
2091 1616 2190 1668 tibi
2221 1616 2493 1685 apparuit,
2520 1630 2644 1671 cum
2686 1615 2902 1686 fugeres
2927 1631 2958 1670 a
3000 1615 3138 1672 facie
3181 1617 3322 1673 Esau
3353 1620 3542 1678 fratris
3583 1681 3592 1700 ι

267 1691 372 1744 ἀπὸ
433 1693 728 1763 προσώπου
812 1696 984 1750 Ἡσαῦ
1044 1697 1140 1751 τοῦ
1188 1697 1414 1766 ἀδελφοῦ
1466 1715 1580 1750 σου.
1636 1693 1768 1749 Eius
1807 1696 1851 1748 δὲ

1967 1703 2066 1760 tui.
2104 1704 2169 1758 Et
2197 1705 2336 1759 dixit
2359 1704 2528 1759 Jacob
2553 1705 2738 1760 domui
2771 1722 2902 1768 suae,
2933 1716 2986 1761 et
3005 1709 3258 1763 omnibus
3289 1711 3381 1780 qui
3412 1726 3539 1766 cum

282 1781 480 1836 Ἰακὼϐ
532 1784 611 1854 τῷ
659 1785 792 1857 οἴκῳ
841 1787 1008 1841 αὐτοῦ
1057 1789 1152 1841 καὶ
1195 1791 1328 1841 πᾶσι
1360 1791 1473 1851 τοῖς
1508 1787 1628 1859 μεθ’
1659 1788 1851 1840 αὐτοῦ’

1966 1796 2086 1867 ipso
2112 1805 2270 1851 erant
2302 1815 2316 1850 :
2342 1797 2539 1851 Tollite
2563 1797 2695 1853 deos
2736 1797 2945 1852 alienos
2967 1797 3036 1852 de
3058 1799 3234 1854 medio
3264 1803 3453 1868 vestri,
3484 1812 3543 1858 et

272 1877 476 1946 Ἄρατε
507 1878 646 1941 ξτοὺς
679 1877 835 1944 θεοὺς
876 1881 1002 1945 τοὺς
1036 1881 1346 1954 ἀλλοτρίους
1391 1882 1455 1933 ὲκ
1487 1880 1650 1949 μέσου
1683 1880 1856 1951 ὑμῶν,

268 1965 360 2017 καὶ
387 1964 786 2037 καθαρίσασθε,
818 1970 909 2022 κα)⁵
940 1968 1202 2036 ἀλλάξατε
1227 1968 1326 2031 τὰς
1350 1969 1544 2032 στολὰς
1567 1969 1595 2020 ὑ
1604 1968 1740 2039 μῶν,
1762 1969 1858 2021 καὶ

267 2059 600 2122 ἀναστάντες
647 2059 934 2132 ἀναδῶμεν
979 2064 1059 2125 είς
1109 2061 1690 2133 Βαιθήλοποιήσωμεν
1740 2063 1857 2114 ἐκεῖ

269 2151 656 2222 θυσιαστήριον
687 2152 764 2223 τῷ
792 2154 1000 2226 Κυρίῳ,
1029 2153 1395 2206 ὲπακούσαντί
1440 2171 1540 2224 μου
1588 2155 1645 2207 ἐν
1677 2154 1858 2225 ἡμέρᾳ.

271 2245 529 2314 θλίψεως,
560 2245 619 2308 ὃς
648 2240 715 2317 ἦν
755 2249 871 2317 μετ’
901 2246 1054 2317 ἐμοῦ,
1090 2247 1182 2299 καὶ
1213 2245 1384 2299 ἔσωσέ
1418 2264 1483 2316 με
1511 2248 1568 2298 ἐν
1596 2248 1658 2316 τῇ
1685 2245 1790 2315 ὀδῷ

275 2337 605 2408 ἐπορεύθην.
633 2357 652 2388 ι
675 2337 934 2391 Ἐνταῦθα
957 2341 985 2390 6
1013 2335 1144 2401 Θεὸς
1167 2338 1329 2401 αὐτὸς
1355 2338 1382 2390 ὁ
1406 2336 1514 2390 τῶν
1538 2337 1694 2400 ὅλων,
1717 2339 1744 2389 ὁ
1771 2337 1858 2405 μό-
1890 2368 1902 2380 ο

269 2445 360 2490 νος
378 2429 680 2498 άγέννητος
714 2430 808 2482 καὶ
838 2430 1096 2482 ἀνωτάτω
1128 2430 1364 2493 πάντων,
1383 2430 1482 2482 οὐκ
1502 2428 1704 2497 ὀφθεὶς,
1721 2427 1857 2482 ἀλλά

266 2521 374 2590 γάρ
406 2522 657 2591 ἀοράτως
692 2521 1036 2592 χρηματίσας
1060 2521 1138 2593 τῷ
1170 2521 1384 2587 Ἰακὼϐ,
1419 2522 1646 2592 δυνάμει
1673 2538 1732 2574 τε
1765 2521 1856 2592 ἀρ-

267 2614 416 2683 ρήτῳ
444 2613 609 2666 αὑτὸν
638 2615 987 2685 ἀνακινήσας,
1024 2614 1152 2686 περὶ
1186 2614 1374 2685 ἐτέρου
1407 2614 1593 2684 σαφῶς
1623 2616 1853 2666 ποιεῖται

262 2705 358 2758 τὸν
389 2705 571 2773 λόγον.
601 2702 736 2757 Εἶπε
758 2706 889 2774 γοῦν
914 2709 942 2759 6
971 2706 1102 2770 Θεὸς
1131 2704 1280 2776 αὐτῷ
1300 2722 1313 2736 ο
1353 2724 1371 2757 ι
1403 2705 1633 2775 Ποίησον
1668 2704 1855 2757 θυσια-

263 2798 486 2870 στήριον
514 2795 593 2867 τῷ
624 2796 742 2866 Θεῷ
768 2796 847 2867 τῷ
871 2797 1086 2866 ὀφθέντι
1125 2814 1228 2852 σοι.
1255 2797 1377 2860 »Τίς
1395 2797 1441 2850 δ’
1461 2793 1528 2870 ἦν
1552 2799 1579 2850 6
1609 2812 1854 2867 προγρα-

263 2887 386 2953 ipsi;
438 2879 618 2953 ὦφθαι
670 2884 839 2955 αὐτῷ,
874 2886 1076 2957 ἀρτίως
1109 2887 1553 2958 παρεστήσαμεν,
1594 2885 1684 2938 τὸν
1721 2884 1852 2938 Θεὸν

261 2977 436 3045 Λόγον
463 2972 604 3029 εἶναι
625 2976 1036 3040 ἀποδείξαντες.

797 3090 1192 3146 ΚΕΦΑΛΑῘΟΝ
1216 3091 1315 3143 II".

273 3207 324 3260 Ἀ
335 3207 409 3260 πὸ
431 3205 542 3272 τῆς
587 3205 853 3270 Ἐξόδου.
879 3237 950 3249 --
984 3206 1078 3271 Ὦς
1103 3207 1134 3258 ὁ
1167 3203 1266 3256 ἐπὶ
1286 3201 1526 3255 πάντων
1550 3203 1714 3268 Θεὸς,
1732 3205 1850 3272 ,αὺ-

339 3277 440 3345 ζός
475 3270 563 3329 ὧν
594 3280 627 3330 ό
666 3277 739 3328 δι’
788 3270 1060 3345 ἀγγέλου
1092 3274 1172 3339 τῷ
1217 3271 1446 3345 Μωσεῐρ
1458 3270 1846 3345 χρηματίζων,

338 3341 526 3415 ὧςὲθαι
573 3346 695 3417 τοῖς
723 3341 1049 3417 gnat-pawn
1086 3343 1284 3398 οὐκέτι
1319 3342 1392 3396 δι’
1420 3341 1697 3417 ἀγγέλου,
1753 3342 1851 3395 διὰ

337 3417 406 3470 δὲ
428 3417 537 3470 τοῦ
558 3416 694 3471 fici}
707 3415 1000 3470 διδάσκει.

343 3550 360 3579 ι
384 3532 494 3583 Καὶ
520 3530 726 3600 Μωσῆς
760 3524 828 3599 ἦν
849 3527 1151 3598 ποιμαίνων
1180 3526 1250 3579 τά
1272 3524 1521 3594 πρόϐατα
1537 3522 1736 3596 ’ῐωθὼρ
1754 3522 1847 3577 τοῦ

258 3623 516 3695 γαμὸροῦ
548 3621 711 3675 αὑτοῦ
731 3639 744 3652 ο
782 3623 874 3675 καὶ
921 3617 1082 3692 ἦλθεν
1109 3622 1186 3683 είς
1212 3618 1270 3671 τὸ
1294 3618 1418 3689 ὅρος
1441 3617 1502 3670 τὸ
1533 3617 1589 3669 ἐν
1621 3616 1846 3686 Χωρήὸ.

262 3716 447 3787 Ὠφθη
474 3716 532 3769 δὲ
566 3714 712 3784 αὑτῷ
759 3712 990 3782 ἄγγελος
1028 3711 1233 3782 Κυρίου
1261 3712 1317 3762 ὲν
1341 3708 1473 3779 πυρὶ
1509 3708 1705 3778 φλογὸς
1752 3707 1848 3778 βά-

259 3825 383 3862 του.
425 3827 445 3859 ι
483 3808 594 3861 Ka‘t
625 3806 744 3877 μεθ’
776 3807 970 3876 ἕτεραι
1013 3823 1033 3855 ι
1070 3804 1156 3866 Ὠς
1187 3801 1242 3855 δὲ
1284 3796 1443 3865 εἶδεν,
1471 3801 1553 3853 ὅτι
1587 3801 1849 3871 προσάγει

262 3899 420 3963 ἰδεῖν,
469 3899 727 3952 ἐκάλεσεν
780 3897 940 3950 αὐτὸν
975 3898 1039 3949 ὲκ
1091 3893 1254 3964 μέσου
1306 3891 1407 3962 τῆς
1440 3891 1600 3962 βάτου
1640 3890 1845 3958 λέγων’

260 3991 464 4061 Μωσῆ,
503 3990 699 4061 Μωσῆ,
736 3989 811 4060 μὴ
854 3986 1079 4058 ὲγγίσῃς
1127 3978 1248 4038 ὧδε.
1282 3981 1455 4036 Λῦσαι
1486 3981 1548 4034 τὸ
1599 3981 1849 4052 ὑπόδημα

262 4081 447 4135 ποδῶν
492 4098 617 4134 σουο
646 4083 674 4135 6
709 4081 817 4152 γάρ
844 4079 1006 4142 τόπος
1031 4080 1088 4130 εν
1121 4069 1164 4144 ᾧ
1195 4077 1258 4130 σὺ
1291 4074 1549 4145 ἕστηκας,
1598 4075 1669 4144 γῆ
1720 4074 1850 4141 ἁγία

262 4174 407 4227 ἔστί.
449 4192 466 4225 ι
493 4175 605 4227 Καὶ
635 4175 750 4243 μετ’
780 4172 937 4240 ὀλίγα
958 4187 972 4200 ο
1009 4188 1028 4221 ι
1062 4170 1170 4223 Καὶ
1199 4164 1320 4221 εἷπε
1354 4166 1556 4238 Κύριος
1582 4165 1717 4238 πρὸς
1750 4166 1848 4218 αὐ-

259 4264 392 4318 τόν’
451 4262 592 4332 Ἐγώ
641 4264 756 4332 εἰμι
798 4263 826 4315 6
900 4258 995 4313 ὧν.
1045 4278 1064 4311 ι
1116 4259 1226 4311 Καὶ
1280 4253 1470 4319 αὖθις’
1519 4273 1537 4306 ι
1591 4255 1848 4324 Ἐλάλησε

262 4356 474 4427 Κύριος
522 4353 660 4422 πρὸς
695 4351 924 4420 Μωσῆν,
971 4350 1066 4404 καὶ
1112 4344 1232 4402 εἷπε
1282 4348 1418 4419 πρὸς
1456 4345 1648 4400 αὐτόν’
1711 4344 1848 4413 Ἐγὼ

261 4447 475 4520 Κύριος
497 4444 684 4515 ὤφθην
704 4443 841 4515 πρὸς
872 4441 1141 4514 Ἀϐραὰμ,
1167 4440 1260 4493 καὶ
1285 4439 1488 4503 Ἰσαὰκ,
1517 4437 1610 4492 καὶ
1637 4436 1845 4501 Ἰακὼϐ,

263 4541 401 4602 Θεὸς
422 4538 498 4591 ὦν
520 4536 717 4600 αὐτῶν,
742 4535 835 4588 καὶ
855 4533 917 4587 τὸ
940 4534 1110 4604 ὄνομά
1130 4549 1233 4603 μου
1255 4532 1352 4584 οὑκ
1371 4530 1616 4602 ἐδήλωσα
1646 4530 1845 4592 αὐτοῖς,

263 4633 363 4685 καὶ
386 4631 592 4700 ἕστησα.
623 4629 718 4698 τὴν
750 4626 1013 4696 διαθήκην
1049 4642 1152 4696 μου
1187 4623 1324 4694 πρὸς
1344 4621 1557 4685 αὐτούς.
1593 4641 1610 4672 ι
1645 4621 1852 4691 Ὠσπερ

263 4721 496 4776 ἐπὶτῶν
531 4723 586 4773 ἐν
620 4717 926 4789 ἀνθρώποις
966 4715 1281 4789 προψητῶν,
1321 4715 1564 4777 Ἡσαΐου,
1610 4713 1739 4784 φέρε
1775 4715 1852 4766 εί-

263 4819 411 4878 πεῖν,
443 4813 535 4866 καὶ
593 4811 876 4882 Ἱερεμίου,
917 4810 1010 4862 καὶ
1047 4808 1155 4861 τῶν
1187 4806 1608 4879 παραπλησίων,
1647 4803 1851 4876 ἄνθρω-

265 4923 367 4970 πος
404 4906 505 4975 μὲν
538 4900 604 4974 ἦν
635 4904 697 4955 τὸ
747 4900 1043 4972 ὁρώμενον,
1077 4899 1208 4962 Θεὸς
1248 4899 1304 4950 δὲ
1349 4900 1376 4951 ὁ
1411 4898 1499 4951 διὰ
1535 4897 1629 4949 τοῦ
1664 4913 1848 4964 φαινο-

267 4997 456 5067 μένου,
501 4994 648 5046 ὼσάν
702 4992 767 5044 δι’
814 4991 1045 5063 ὀργάνου
1107 4988 1374 5053 θεσπίζων
1398 5005 1411 5018 ·
1455 4988 1549 5040 xal.
1589 4987 1706 5040 τοτὲ
1747 4987 1845 5056 μὲν

264 5087 505 5161 Χριστοῦ
569 5085 891 5156 πρόσωπον,
963 5082 1086 5136 τοτὲ
1150 5081 1206 5135 δὲ
1266 5079 1583 5150 Πνεύματος
1653 5077 1806 5146 ἀγίου
1827 5117 1842 5142 ,

263 5181 386 5233 τοτὲ
425 5179 487 5232 δὲ
532 5177 626 5231 τοῦ
683 5177 778 5230 ἐπὶ
838 5175 1052 5229 πάντων
1105 5171 1240 5226 Θεοῦ
1292 5167 1382 5243 ἦν,
1436 5171 1525 5224 διά
1580 5167 1673 5223 τοῦ
1714 5185 1846 5239 προ-

265 5274 439 5341 φήτου
487 5267 856 5340 χρηματίζονο
921 5266 1063 5319 οὕτω
1124 5264 1188 5336 δὴ
1226 5264 1320 5317 καὶ
1365 5261 1459 5316 νῦν
1503 5258 1844 5330 εἰσαγομένῳ

262 5363 341 5434 τῷ
383 5363 576 5417 Μωσεί
615 5363 644 5415 6
704 5359 962 5414 ἀνωτάτω
1023 5357 1118 5412 καὶ
1173 5357 1267 5410 ἐπὶ
1319 5356 1535 5411 πάντων
1575 5352 1708 5415 Θεὸς
1756 5349 1844 5404 διὰ

261 5454 356 5507 τοῦ
417 5453 674 5522 φανέντος
731 5452 965 5520 ἀγγέλου
1032 5450 1101 5504 τά
1165 5448 1500 5521 προκείμενα
1564 5442 1838 5508 θεσπίζει·

265 5540 338 5599 ὧν
382 5546 593 5614 γένοιτο
637 5543 704 5596 ἂν
733 5545 762 5596 6
808 5541 931 5606 νοῦς
972 5541 1208 5594 τοιόσδε·
1257 5539 1347 5592 Σοὶ
1383 5537 1501 5608 μὲν,
1535 5529 1580 5588 ὦ
1632 5535 1844 5607 προφῆο

263 5655 350 5701 τα,
400 5638 548 5691 ὠσάν
603 5634 942 5706 εἰσαγομένῳ
983 5634 1075 5688 καὶ
1126 5631 1286 5703 μηδὲν
1329 5627 1490 5682 πλέον
1547 5624 1843 5696 ἀγγελικῆς

363 5761 407 5793 ⁶¹
434 5759 570 5816 Gen.
612 5772 781 5822 xxxv,
811 5755 924 5810 1.3.
1025 5755 1068 5786 ⁸³
1100 5752 1266 5808 Exod.
1302 5768 1383 5816 Ill,
1417 5751 1466 5804 l.

1965 1889 2292 1959 purgamini,
2324 1897 2378 1943 et
2400 1897 2605 1943 mutate
2628 1888 2846 1944 habitus
2877 1897 3110 1954 vestros,
3133 1899 3188 1945 et
3219 1908 3534 1963 surgamus,

1965 1981 2436 2050 ascendamusque
2469 1981 2524 2035 in
2553 1979 2745 2035 Bethel
2781 1999 2794 2034 :
2830 1987 2884 2035 et
2910 1981 3174 2037 faciamus
3215 1984 3379 2054 239
3425 1987 3538 2042 illic

1964 2073 2135 2127 altare
2166 2072 2418 2136 Domino,
2449 2073 2542 2143 qui
2575 2071 2853 2126 exaudivit
2888 2087 2974 2126 me
3002 2073 3054 2126 in
3099 2073 3188 2128 die
3229 2077 3542 2132 tribulatio-

1963 2165 2070 2227 nis,
2095 2166 2188 2234 qui
2219 2165 2321 2219 l‘uit
2349 2180 2585 2228 mecum,
2611 2172 2666 2218 et
2696 2164 2934 2219 servavit
2958 2180 3065 2227 me,
3098 2165 3152 2218 in
3179 2167 3264 2219 via
3288 2184 3393 2236 qua
3420 2185 3546 2238 pro-

1963 2257 2138 2312 fectus
2167 2272 2287 2311 sum
2313 2257 2380 2310 ".
2421 2276 2440 2309 ι
2473 2255 2587 2310 Iloc
2619 2257 2742 2310 loco
2797 2254 2942 2309 Deus
2990 2257 3105 2326 ipse
3150 2257 3410 2325 universi,
3441 2262 3536 2331 qui

1964 2349 2135 2410 solus,
2174 2365 2348 2420 neque
2380 2348 2580 2413 factus,
2628 2365 2804 2420 neque
2837 2350 3074 2420 genitus,
3132 2356 3185 2404 et
3247 2367 3542 2420 supremus

1961 2441 2209 2495 omnium
2243 2451 2345 2504 est,
2389 2456 2498 2496 non
2528 2443 2701 2507 visus,
2754 2442 2850 2498 sed
2889 2442 3242 2497 invisibiliter
3275 2443 3414 2497 dans
3450 2460 3540 2499 re-

1961 2549 2162 2603 sponsa
2190 2533 2294 2602 ipsi
2316 2531 2510 2596 Jacob,
2543 2542 2598 2588 et
2628 2535 2833 2589 virtute
2860 2534 3120 2588 ineITabili
3149 2535 3388 2604 seipsum
3416 2552 3538 2591 mo-

1960 2641 2113 2690 vens,
2141 2625 2208 2680 de
2246 2626 2352 2679 alio
2390 2627 2552 2680 verba
2585 2625 2716 2681 facit
2746 2627 3084 2695 planissime.
3122 2627 3266 2680 Dixit
3295 2645 3426 2698 ergo
3455 2629 3533 2684 illi

1960 2717 2104 2773 Deus
2137 2737 2149 2772 :
2197 2737 2214 2769 ι
2253 2717 2362 2773 Fac
2397 2720 2568 2774 altare
2598 2718 2711 2774 Deo
2752 2721 2845 2790 qui
2875 2721 3133 2790 apparuit
3159 2721 3276 2774 tibi.
3337 2741 3356 2774 ›
3400 2720 3538 2788 Quis

1961 2817 2142 2864 autem
2175 2809 2265 2864 hic
2295 2811 2388 2873 sit,
2416 2811 2509 2880 qui
2537 2812 2777 2880 scriptus
2806 2821 2890 2866 est
2928 2828 3095 2882 supra
3139 2813 3216 2866 illi
3251 2814 3538 2882 apparuis-

1961 2915 2040 2963 se,
2070 2901 2232 2969 paulo
2264 2909 2392 2955 ante
2417 2902 2794 2971 exposuimus,
2828 2901 2922 2956 ubi
2948 2900 3114 2956 Deum
3145 2899 3382 2956 Verbum
3412 2917 3536 2957 esse

1959 2991 2478 3048 demonstravimus.

2539 3083 2768 3138 CAPUT
2806 3080 2945 3140 XIII.

1948 3195 2275 3268 Ab_Ea:odo.
2309 3230 2379 3238 —
2406 3197 2556 3263 Quod
2608 3199 2747 3251 Deus
2781 3196 2964 3261 Pater,
2995 3215 3112 3251 cum
3148 3196 3287 3251 Mosi
3319 3215 3535 3268 respon-

2019 3265 2154 3319 derit
2201 3284 2291 3336 per
2337 3268 2574 3336 angelum
2639 3285 2692 3322 se
2765 3270 3003 3336 patribus
3053 3265 3534 3337 apparuisse,'uon

2019 3337 2245 3405 amplius
2278 3353 2370 3406 per
2398 3341 2657 3409 angelum,
2683 3337 2772 3391 sed
2793 3353 2884 3406 per
2912 3337 3114 3392 Filium
3133 3340 3299 3394 docet.

2025 3534 2044 3567 ι
2091 3515 2158 3569 Ει
2186 3515 2364 3572 Moses
2390 3525 2508 3571 erat
2537 3532 2770 3587 pascens
2796 3532 2925 3571 oves
2949 3516 3142 3572 .Iothor
3183 3518 3355 3572 soceri
3396 3516 3485 3573 sui
3510 3536 3527 3575 :

1947 3613 2003 3662 et
2029 3607 2178 3662 venit
2200 3608 2266 3662 ad
2306 3617 2543 3662 montem
2575 3606 2669 3662 Dei
2712 3608 2766 3662 in
2805 3607 3038 3664 Choreb.
3070 3608 3136 3661 Et
3195 3609 3444 3678 apparuit
3478 3608 3532 3664 ei

1950 3703 2174 3771 angelus
2203 3699 2415 3754 Domini
2446 3699 2502 3754 in
2548 3698 2765 3753 ﬂamma
2796 3698 2938 3768 ignis
2988 3699 3110 3754 rubi
3140 3699 3205 3752 ".
3254 3717 3272 3751 ι
3308 3698 3374 3753 Et
3405 3706 3532 3770 post

1950 3792 2093 3847 alia:
2132 3810 2151 3842 ι
2191 3789 2257 3845 Et
2286 3800 2345 3846 ut
2389 3790 2525 3845 vidit
2572 3789 2716 3861 quod
2749 3790 3032 3846 accederet
3079 3791 3147 3844 ad
3195 3790 3484 3846 videndum
3510 3831 3528 3854 ,

1948 3883 2162 3938 vocavit
2197 3883 2350 3937 illum
2379 3881 2449 3936 de
2483 3881 2662 3937 medio
2710 3881 2832 3935 rubi
2889 3881 3082 3937 dicens
3114 3899 3128 3936 :
3164 3880 3341 3938 Moses
3365 3921 3380 3945 ,
3415 3881 3532 3936 Mo-

1949 3991 2072 4040 ses,
2123 3990 2192 4030 ne
2225 3973 2450 4044 prOpius
2500 3973 2611 4030 huc
2641 3975 2961 4029 accesseris.
2997 3972 3157 4029 Solve
3189 3975 3529 4030 calceamen-

1949 4072 2063 4118 tum
2094 4063 2289 4134 pedum
2321 4070 2542 4116 tuorum
2575 4082 2588 4118 :
2627 4064 2781 4119 locus
2809 4064 2952 4118 enim
2979 4063 3033 4117 in
3064 4077 3173 4133 quo
3200 4072 3334 4129 stas,
3380 4071 3526 4118 terra

1949 4161 2139 4209 sancta
2167 4160 2252 4208 est
2274 4151 2447 4205 ⁸⁸.»Ει
2475 4159 2599 4222 post
2631 4168 2825 4222 pauca,
2863 4171 2880 4204 ι
2919 4163 2972 4207 et
3004 4152 3141 4207 dixit
3168 4153 3431 4208 Dominus
3456 4155 3528 4209 ad

1948 4244 2100 4298 illum
2128 4262 2142 4298 :
2200 4242 2312 4312 Ego
2369 4257 2488 4297 sum
2519 4243 2611 4312 qui
2631 4259 2751 4298 sum
2773 4244 2840 4298 ⁸⁸.
2873 4242 2975 4296 »Ει
3003 4259 3196 4300 rursus
3218 4245 3263 4278 “
3295 4263 3309 4300 :
3357 4264 3375 4296 ι
3415 4244 3522 4300 Lo-

1949 4343 2108 4390 cutus
2136 4343 2218 4389 est
2249 4334 2508 4389 Dominus
2541 4333 2609 4388 ad
2654 4333 2856 4389 Mosem
2892 4353 2904 4388 :
2935 4333 3001 4387 Et
3044 4335 3180 4390 dixit
3229 4335 3295 4390 ad
3330 4337 3478 4392 illum
3507 4357 3521 4392 :

1951 4428 2063 4498 Ego
2093 4427 2355 4482 Dominus
2385 4427 2537 4482 visus
2587 4442 2708 4480 sum
2757 4427 2826 4480 ab
2855 4425 3153 4492 Abraham,
3188 4435 3242 4483 et
3267 4427 3436 4492 Isaac,
3468 4437 3524 4482 et

1949 4519 2139 4582 Jacob,
2171 4535 2293 4574 cum
2327 4534 2516 4574 eorum
2556 4519 2658 4573 sim
2698 4518 2860 4585 Deus,
2888 4527 2942 4574 et
2973 4533 3171 4575 nomen
3198 4535 3376 4575 meum
3412 4536 3524 4575 non

1950 4611 2186 4668 iudicavi
2255 4612 2382 4677 illis,
2446 4617 2500 4666 et
2543 4610 2802 4666 constitui
2832 4619 3213 4666 testamentum
3242 4627 3424 4665 meum
3453 4612 3522 4664 ad

1950 4707 2091 4761 illos.
2126 4724 2144 4756 ι
2168 4701 2638 4770 Quemadmodum
2662 4702 2804 4772 apud
2826 4702 3118 4773 prophetas
3136 4703 3189 4756 in
3209 4703 3522 4758 hominibus

1949 4804 2254 4859 versantes,
2277 4795 2426 4851 verbi
2463 4793 2660 4864 gratia,
2711 4793 2906 4848 Isaiam
2945 4801 2999 4848 et
3023 4790 3338 4858 Jeremiam,
3371 4803 3424 4848 et
3443 4793 3521 4847 si-

1948 4889 2126 4953 miles,
2153 4889 2314 4942 homo
2336 4885 2555 4956 quidem
2596 4894 2735 4948 erat,
2764 4887 2818 4940 id
2851 4887 2998 4956 quod
3029 4885 3314 4940 videbatur
3333 4925 3346 4949 ,
3378 4884 3520 4940 Deus

1954 4989 2135 5034 autem
2166 4979 2258 5048 qui
2285 4993 2380 5048 per
2407 4978 2459 5031 id
2495 4978 2638 5046 quod
2672 4978 2985 5048 apparebat,
3015 4985 3271 5046 tanquam
3307 4992 3406 5046 per
3434 4977 3520 5032 in-

1951 5077 2315 5127 strumentum
2347 5069 2671 5138 loquebatur
2699 5087 2714 5135 ;
2747 5078 2800 5124 et
2837 5067 2996 5122 modo
3026 5066 3230 5122 Christi
3264 5083 3515 5137 persona,

1949 5163 2112 5218 modo
2142 5160 2318 5218 sancti
2347 5159 2603 5232 Spiritus,
2639 5159 2798 5214 modo
2835 5157 3074 5228 supremi
3103 5156 3198 5212 Dei
3223 5165 3362 5224 erat,
3398 5175 3520 5229 qua:

1948 5268 2046 5323 per
2074 5252 2396 5322 prophetam
2430 5265 2690 5321 responsa
2745 5249 2943 5316 dabat;
2996 5247 3076 5304 sic
3118 5249 3306 5319 utique
3352 5252 3514 5305 etiam

1949 5359 2095 5399 nunc
2128 5342 2283 5406 Mosi,
2316 5343 2407 5414 qui
2457 5341 2859 5406 introducitur,
2909 5356 3198 5412 supremus
3248 5349 3302 5397 et
3332 5343 3516 5397 omnia

1950 5437 2054 5492 sub
2085 5452 2144 5492 se
2171 5436 2379 5492 habens
2408 5433 2572 5501 Deus,
2595 5449 2691 5504 per
2715 5448 2838 5488 eum
2869 5435 2962 5504 qui
2993 5442 3215 5504 apparet
3241 5435 3511 5504 angelum,

1947 5544 2013 5584 ea
2080 5545 2202 5600 qua:
2262 5529 2540 5598 proposita
2603 5534 2778 5589 sunt,
2850 5525 3017 5579 canit.
3095 5523 3335 5591 Quorum
3401 5524 3514 5579 haec

1949 5622 2112 5694 240
2138 5622 2406 5677 sententia
2441 5619 2512 5677 sit
2544 5633 2675 5674 sane
2700 5638 2712 5672 :
2745 5617 2866 5673 Tibi
2897 5616 3138 5689 quidem,
3167 5632 3200 5672 ο
3230 5616 3518 5688 propheta,

1556 5748 1601 5782 “
1637 5747 1770 5804 ibid.
1802 5746 1857 5810 4,
1883 5746 1936 5801 5.
2017 5748 2060 5779 ⁸⁵
2093 5744 2224 5801 ibid.
2256 5745 2342 5800 14.
2419 5744 2464 5775 ⁸⁸
2495 5741 2666 5797 Exod.
2703 5757 2778 5808 Vt,
2813 5739 2928 5794 2-4.
