4080 6416
496 360 596 418 591

1158 353 1425 413 EUSEBII
1464 350 1943 411 CAESARIENSIS
1981 348 2133 405 OPP.
2176 342 2357 403 PARS
2394 345 2459 402 ll.
2500 377 2566 387 —
2604 343 3102 402 APOLOGETlCA.

3640 324 3781 401 τοτ’

401 452 413 461 ε
496 487 757 550 unquam
783 459 832 531 ei
854 472 948 545 qui
974 473 1153 528 adhuc
1180 472 1448 538 eruditur,
1482 478 1537 528 et
1564 471 1657 543 qui
1690 470 1828 526 nihil
1857 468 2071 526 visione

2175 465 2437 529 ὀπτασίας
2478 462 2768 537 χωροῦντι,
2806 463 2945 526 τέως
2989 461 3082 515 τὸν
3130 459 3261 532 ὲμὸν
3313 459 3545 530 ἄγγελον
3600 458 3758 516 ἐϐου-

451 623 459 631 ,
497 568 743 643 angelica
769 566 1004 638 amplius
1026 566 1191 636 capit,
1221 566 1441 621 interim
1475 566 1729 637 angelum
1768 578 1949 620 meum
1981 579 2077 618 ex-

499 665 678 721 biberi
702 661 994 719 videndum
1014 660 1197 728 volui;
1230 660 1326 716 sed
1350 676 1528 715 meum
1552 676 1751 715 nomen
1774 659 1873 713 tibi
1901 658 2077 715 solum

498 763 690 812 notum
716 753 879 818 facio,
910 751 1039 808 dum
1067 750 1237 807 doceo
1268 761 1340 817 te,
1366 767 1451 807 me
1477 767 1602 807 eum
1633 766 1756 806 esse
1781 750 1875 820 qui
1916 765 2037 805 sum
2058 790 2074 815 ,

497 859 552 905 et
579 864 778 905 nomen
809 862 989 902 meum
1021 860 1143 902 esse
1192 845 1506 902 Dominum.
1556 843 1689 899 Tuis
1727 860 1858 900 vero
1907 842 2080 913 patri-

496 939 601 995 bus
634 955 746 994 non
774 938 881 993 hoc
910 938 1087 993 solum
1121 936 1397 1004 indicavi,
1448 935 1544 992 sed
1591 935 1756 991 etiam
1809 935 1914 991 hoc
1958 936 2079 1005 ipso

497 1032 732 1103 amplius
762 1030 990 1100 largitus
1021 1045 1141 1085 sum
1166 1049 1179 1083 :
1210 1045 1336 1083 nam
1367 1029 1436 1084 ab
1465 1029 1574 1085 illis
1595 1043 1717 1084 sum
1738 1028 1911 1084 visus.
1941 1027 2077 1094 Quis

498 1140 626 1181 vero
655 1125 727 1180 sit
756 1123 849 1195 qui
877 1122 1125 1194 patribus
1155 1122 1309 1179 visus
1351 1121 1457 1186 sit,
1500 1127 1554 1176 et
1594 1122 1739 1192 quod
1781 1136 1892 1176 non
1922 1129 2077 1191 pater

496 1216 665 1283 Deus,
690 1223 850 1271 antea
887 1215 1320 1270 demonstratum
1351 1221 1457 1280 est,
1486 1212 1579 1267 ubi
1613 1212 1784 1268 Deum
1813 1223 1868 1269 et
1897 1210 2079 1267 Domi-

497 1327 629 1368 num
659 1309 911 1381 angelum
936 1307 1030 1363 Dei
1056 1308 1394 1362 nominatum
1416 1320 1538 1361 esse
1558 1304 2072 1361 demonstravimus.

497 1404 788 1465 Ceterum,
813 1414 1050 1471 quonam
1073 1398 1236 1454 modo
1254 1398 1366 1465 bic,
1389 1398 1480 1452 ille
1504 1396 1597 1467 qui
1623 1404 1778 1467 pater
1803 1397 1876 1453 sit
1908 1395 2074 1464 Deus,

496 1504 552 1552 et
575 1494 757 1551 omnia
787 1492 890 1549 sub
919 1507 979 1547 se
1004 1490 1223 1555 habeat,
1254 1490 1400 1545 dicat
1430 1505 1490 1546 se
1528 1504 1560 1544 a
1594 1489 1840 1561 patribus
1862 1489 2036 1546 visum
2056 1528 2073 1554 ,

497 1589 694 1652 merito
724 1586 921 1656 aliquis
964 1590 1192 1655 quierat.
1218 1581 1596 1654 Explicabitur
1641 1597 1806 1653 porro
1860 1580 1916 1638 id
1940 1623 1956 1649 ,
2008 1581 2078 1638 de

497 1693 607 1750 quo
631 1675 928 1747 quaeritur,
971 1673 1019 1729 si
1045 1672 1244 1728 divina:
1273 1670 1574 1742 Scriptura:
1623 1670 1961 1741 diligentiam
1992 1679 2076 1727 at-

497 1769 807 1825 tendamus.
836 1764 971 1820 Nam
1008 1780 1133 1820 cum
1186 1764 1330 1836 apud
1364 1764 1719 1835 Septuaginta
1745 1765 1821 1819 ita
1869 1758 2074 1819 dictum

2178 556 2347 629 λήθην
2369 556 2618 627 ὀφθῆναι,
2649 553 2887 627 ἐμαυτοῦ
2921 571 2981 606 τε
3018 553 3255 623 τοῦνομά
3282 568 3365 605 σοι
3397 552 3557 624 μόνον
3579 553 3759 624 ἐμφα-

2178 651 2266 712 νὲς
2295 648 2614 721 καθίστημι,
2647 648 2933 711 διδάσκων,
2965 647 3048 699 ὅτι
3090 645 3200 714 ὲγώ
3226 646 3342 715 είμι
3367 646 3397 698 6
3436 643 3533 710 ὣν,
3554 645 3650 697 καὶ
3672 645 3757 701 ὅτι

2177 743 2237 795 τὸ
2262 741 2433 813 ὄνομά
2466 740 2564 811 μού
2616 742 2735 793 ἐστι
2758 738 2981 810 Κύριος.
3007 737 3131 799 Τοῖς
3158 735 3216 789 δὲ
3249 737 3361 798 σοῖς
3391 734 3663 805 πατράσιν
3693 734 3755 787 οὐ

2174 831 2334 886 τοῦτο
2367 832 2525 904 μόνον
2555 829 2820 902 ἐδήλωσα,
2851 828 2987 882 ἀλλά
3007 828 3102 881 καὶ
3121 826 3312 881 τούτου
3336 825 3516 897 μεῖξον
3549 826 3757 897 ὲδωρη-

2179 923 2358 994 σάμην
2379 940 2392 953 ·
2423 921 2613 994 ῶφθην
2651 920 2761 992 γὰρ
2792 918 2993 984 αὐτοῖς.
3031 919 3129 982 Τίς
3158 918 3205 971 δ’
3238 913 3308 989 ἦν
3348 918 3376 970 6
3400 919 3515 980 τοῖς
3543 918 3761 988 πατρά-

2185 1032 2271 1070 σιν
2317 1013 2523 1084 ὀφθεὶς,
2579 1014 2675 1067 καὶ
2722 1013 2805 1066 ὅτι
2839 1012 2968 1084 μὴὸ
3017 1010 3110 1064 ἐπὶ
3159 1010 3377 1064 πάντων
3425 1007 3580 1072 Θεὸς,
3624 1026 3760 1079 προ-

2180 1106 2578 1170 αποδέδεικται,
2608 1104 2769 1176 ήνίκα
2795 1102 2886 1156 τὸν
2914 1100 3048 1156 Θεὸν
3071 1100 3276 1156 καὶτὸν
3300 1098 3504 1171 Κύριον
3524 1097 3758 1168 ἄγγελον

2173 1201 2311 1255 Θεοῦ
2358 1197 2673 1271 ὠνομάσθαι
2722 1194 3132 1266 ὲπεδείκνυμεν.
3165 1192 3290 1256 Πῶς
3317 1188 3409 1247 οὖν
3449 1191 3686 1246 ἐνταῦθα
3728 1193 3759 1246 6

2177 1293 2434 1349 ἐπέκεινα
2480 1290 2589 1345 τῶν
2650 1289 2810 1354 ὅλων,
2840 1287 3000 1351 αὐτὸς
3023 1286 3098 1340 ὢν
3135 1287 3165 1339 6
3202 1286 3363 1358 μόνος
3401 1284 3499 1338 ἐπὶ
3532 1285 3755 1339 πάντων

2174 1386 2327 1451 Θεὸς,
2376 1380 2557 1454 ὧφθαί
2608 1399 2743 1454 φησι
2785 1384 2900 1447 τοῖς
2944 1379 3238 1453 πατράσιν,
3287 1378 3520 1450 ζητήσαι
3563 1377 3631 1433 ἄν
3670 1394 3757 1441 τις

2176 1477 2418 1543 είκότως.
2450 1476 2652 1547 Λυθείη
2673 1475 2718 1529 δ’
2743 1473 2811 1529 ἂν
2832 1474 2893 1528 τὸ
2918 1471 3172 1544 ζητηθὲν,
3198 1471 3248 1524 εί
3280 1473 3347 1542 τῇ
3375 1468 3631 1542 ἀκριϐείᾳ
3653 1468 3758 1539 τῆς

2176 1570 2327 1635 θείας
2379 1569 2604 1642 Γραφῆς
2656 1568 3074 1639 ὲπιστήσαιμεν.
3120 1562 3430 1634 Λεγομένου
3479 1560 3588 1632 γὰρ
3642 1561 3757 1623 τοῖς

2189 1661 2587 1734 Ἐϐδομήκοντα
2621 1659 2738 1724 τοῦ,
2776 1677 2795 1711 ι
2823 1657 2936 1712 Καὶ
2958 1655 3148 1728 ὤφθην
3178 1654 3314 1726 πρὸς
3343 1651 3615 1724 ’Δὸραάμ,
3657 1649 3758 1705 καὶ

2187 1754 2391 1819 Ἰσαὰκ,
2421 1755 2514 1808 κα)⁵
2551 1750 2766 1816 Ἰακὼϐ,
2791 1750 2923 1813 Θεὸς
2952 1747 3128 1803 αὐτῶν
3156 1746 3250 1812 ὢν,
3284 1764 3303 1798 ι
3337 1745 3366 1797 6
3391 1744 3487 1816 μὲν
3526 1741 3759 1807 Ἀκύλας

500 1865 607 1919 sit:
648 1880 669 1915 ι
711 1861 777 1915 Et
797 1860 949 1916 visus
978 1874 1099 1915 sum
1130 1858 1199 1913 ab
1220 1822 1527 1925 ‘Abrahalm,
1555 1822 1610 1913 et
1642 1855 1829 1922 Isaac,
1878 1865 1933 1912 et
1979 1855 2071 1911 Ja—

2178 1846 2312 1918 φησί
2330 1861 2377 1898 ἰ
2412 1845 2523 1900 Καὶ
2543 1843 2763 1915 ὠράθην
2788 1841 2925 1914 πρὸς
2962 1838 3232 1911 Ἀϐραὰμ,
3261 1837 3355 1891 καὶ⁸
3374 1836 3509 1908 πρὸς
3544 1833 3754 1900 Ἰσαὰκ,

498 1957 625 2024 cob,
654 1969 780 2010 cum
802 1968 992 2009 eorum
1025 1952 1131 2008 sim
1165 1950 1343 2016 Deus,
1400 1969 1421 2003 ι
1476 1950 1672 2020 Aquila
1720 1949 1938 2020 quidem
1994 1948 2076 2006 sic

499 2048 620 2101 ait:
660 2064 678 2097 ι
717 2042 785 2098 Ει
812 2043 966 2099 visus
1026 2056 1149 2096 sum
1211 2042 1282 2096 ab
1349 2040 1662 2109 Abraham,
1715 2047 1771 2096 et
1802 2041 1871 2095 ab
1899 2039 2071 2105 lsaac,

496 2144 554 2192 et
582 2124 651 2190 ab
679 2133 849 2189 Iacob
880 2133 937 2187 in
982 2131 1096 2187 Deo
1140 2130 1276 2187 satis
1314 2131 1521 2196 multo,
1587 2149 1607 2184 ι
1646 2129 1846 2201 quibus
1893 2130 2075 2186 verbis

498 2227 818 2299 planissime
850 2225 1079 2288 indicat,
1109 2238 1219 2278 non
1247 2222 1426 2294 ipsum
1456 2221 1610 2276 illum
1641 2222 1734 2292 qui
1770 2220 1933 2277 Pater
1966 2229 2071 2287 est,

498 2336 596 2391 per
617 2319 857 2388 seipsum
887 2314 1229 2386 apparuisse.
1262 2311 1448 2385 Neque
1478 2328 1609 2369 vero
1638 2315 1782 2368 sicut
1815 2312 1972 2378 Mosi,
2000 2315 2076 2368 ita

498 2412 663 2467 etiam
691 2410 939 2481 patribus
977 2422 1072 2477 per
1101 2406 1378 2477 angelum,
1414 2413 1510 2461 aut
1567 2420 1665 2475 per
1693 2405 1891 2461 rubum
1916 2444 1932 2470 ,
1982 2413 2075 2459 aut

499 2504 702 2574 ignem,
736 2500 832 2557 sed
874 2500 930 2554 in
959 2498 1068 2555 Deo
1098 2498 1235 2555 satis
1266 2499 1440 2552 multo
1488 2498 1713 2553 oracula
1746 2497 2070 2567 praebuisse.

499 2593 680 2662 Quare
703 2592 868 2647 etiam
910 2590 1157 2661 patribus
1203 2605 1302 2661 per
1348 2590 1545 2645 Filium
1589 2590 1740 2645 visus
1764 2596 1850 2645 est
1891 2588 2074 2655 Pater,

499 2682 959 2756 quemadmodum
998 2681 1055 2737 in
1085 2679 1395 2753 Evangeliis
1423 2681 1498 2736 ab
1521 2681 1642 2753 ipso
1668 2680 1876 2737 dictum
1907 2678 2076 2736 babe-

498 2784 591 2829 tur
618 2773 661 2805 "
698 2791 712 2827 :
746 2789 766 2823 ι
803 2772 907 2838 Qui
950 2771 1083 2827 vidit
1138 2786 1254 2836 me,
1306 2770 1441 2826 vidit
1488 2770 1748 2825 Patrem:
1801 2789 1820 2822 ι
1861 2770 1915 2824 in
1956 2770 2076 2839 ipso

499 2866 646 2922 enim
668 2874 723 2921 et
750 2879 845 2935 per
874 2864 1052 2934 ipsum
1090 2861 1273 2917 Patris
1307 2861 1545 2931 cognitio
1586 2860 1936 2931 prodebatur.
1969 2859 2075 2916 Sed

500 2972 625 3012 cum
677 2955 990 3011 hominibus
1032 2953 1290 3009 salutaris
1326 2961 1644 3021 appareret,
1709 2959 1823 3006 tum
1854 2967 1950 3024 per
1978 2952 2071 3009 lilii

500 3050 795 3106 humanam
830 3046 1060 3104 formam
1088 3044 1376 3100 videbatur
1423 3057 1455 3097 a
1489 3042 1584 3099 Dei
1634 3044 1860 3109 amicis,
1913 3050 2076 3116 atque

2175 1940 2269 1995 καὶ
2292 1939 2428 2011 πρὸς
2456 1936 2646 1993 Ἰακὼϐ
2675 1941 2732 1990 ὲν
2758 1935 2878 2007 Θεῷ
2907 1933 3078 2005 ἱκανῷ
3096 1950 3109 1963 ·
3143 1953 3162 1986 ›
3187 1933 3252 1985 δι’
3273 1925 3348 1985 ὧν
3397 1928 3585 2000 σαφῶς
3613 1945 3759 2002 παρ-

2178 2032 2408 2104 ίστησιν,
2433 2033 2515 2086 ὅτι
2544 2032 2619 2103 μὴ
2647 2029 2810 2094 αὐτὸς
2829 2030 2857 2083 6
2883 2028 2975 2082 ἐπὶ
3009 2026 3227 2079 πάντων
3250 2023 3401 2086 Θεὸς,
3427 2024 3456 2075 6
3483 2021 3641 2092 μόνος
3653 2019 3753 2086 ὢν,

2172 2123 2241 2178 δι’
2269 2122 2462 2177 ἑαυτοῦ
2488 2120 2663 2193 ὤφθη.
2703 2119 2842 2174 Ἀλλ’
2877 2118 2985 2173 οὐδ’
3027 2116 3216 2187 ῶσπερ
3259 2113 3338 2184 τῷ
3367 2113 3577 2177 Μωσεῖ,
3609 2110 3758 2165 οὕτω

2174 2217 2269 2272 καὶ
2292 2218 2407 2280 τοῖς
2440 2215 2700 2286 πατράσι,
2730 2214 2797 2268 δι’
2829 2211 3089 2281 ἀγγέλου,
3117 2210 3151 2282 ἢ
3184 2207 3271 2263 διὰ
3296 2207 3479 2278 βάτου,
3502 2205 3535 2278 ἢ
3558 2202 3753 2278 πυρὸς,

2164 2310 2290 2365 ἀλλ’
2318 2312 2376 2363 ὲν
2404 2307 2522 2379 Θεῷ
2548 2305 2717 2377 ἱκανῷ
2745 2303 3138 2378 χρηματίζοντι
3158 2318 3173 2331 ·
3213 2299 3355 2354 ὥστε
3378 2296 3466 2351 διὰ
3487 2294 3583 2351 τοῦ
3615 2293 3755 2350 Υίοῦ

2175 2402 2393 2472 Πατέρα
2418 2402 2511 2455 καὶ
2557 2401 2670 2462 τοῖς
2699 2397 2970 2470 πατράσιν
3020 2392 3314 2465 ἑωρᾶσθαι,
3338 2390 3479 2445 κατά
3515 2389 3577 2443 τὸ
3600 2389 3753 2460 είρηο-

2179 2494 2336 2566 μένον
2361 2495 2419 2547 ἐν
2447 2490 2796 2560 Εύαγγελίοις
2825 2489 2961 2560 πρὸς
2989 2485 3153 2541 αὐτοῦ
3172 2502 3185 2515 ⁸
3225 2503 3244 2537 ι
3291 2485 3350 2538 '0
3372 2479 3631 2553 ἑωρακὼς
3654 2478 3757 2551 ἐμὲ

2175 2587 2387 2658 ἑώρακε
2429 2586 2519 2640 τὸν
2556 2583 2795 2654 Πατέρα·
2824 2601 2842 2633 ι
2875 2583 2932 2634 ἐν
2962 2579 3109 2651 αὐτῷ
3139 2579 3247 2650 γὰρ
3287 2576 3383 2632 καὶ
3413 2575 3481 2628 δι’
3522 2571 3688 2627 αὑτοῦ
3721 2572 3756 2642 η

2174 2679 2267 2734 τοῦ
2322 2678 2535 2752 Πατρὸς
2591 2673 3004 2732 ἀπεκαλύπτετο
3066 2671 3286 2741 γνῶσις.
3345 2667 3484 2722 Ἀλλ’
3527 2668 3614 2721 ὅτε
3658 2665 3758 2736 μὲν

2176 2769 2473 2841 ἀνθρώπων
2513 2768 2778 2839 σωτήριος
2803 2762 3132 2834 ἀπεφαίνετο
3154 2760 3250 2835 (1),
3271 2758 3362 2814 διά
3391 2757 3490 2829 τῆς
3507 2755 3601 2810 τοῦ
3623 2753 3756 2809 Υίοῦ

2175 2861 2517 2933 ἀνθρωπείας
2560 2858 2774 2931 μορφῆς
2811 2858 3038 2929 ἑωρᾶτο,
3069 2858 3181 2919 τοῖς
3223 2852 3494 2921 θεοφιλέσι
3536 2848 3636 2920 τὴν
3674 2847 3757 2911 εις

2176 2953 2493 3027 ἀνθρώπους
2522 2951 2688 3006 αὐτοῦ
2718 2949 2979 3022 ἐσομένην
3005 2946 3276 3017 σωτηρίαν
3302 2946 3414 3008 τοῖς
3446 2942 3580 2995 πᾶσι
3610 2954 3755 3009 παρ-

2176 3044 2342 3099 οῦσαν
2377 3043 2437 3111 ἐξ
2480 3041 2689 3096 ἐκείνου
2735 3037 3363 3112 προαρραϐωνιζόμενος.
3414 3034 3539 3087 Ὅτε
3563 3031 3619 3085 δὲ
3645 3030 3757 3084 τῶν

501 3144 646 3200 inter
674 3141 921 3197 homines
953 3138 1192 3192 futuram
1255 3134 1430 3205 ipsius
1490 3135 1720 3190 salutem
1746 3178 1762 3203 ,
1819 3136 2071 3193 omnibus

2178 3133 2390 3190 ἀσεὸῶν
2417 3130 2680 3205 τιμωρὸς,
2707 3132 2802 3185 καὶ
2831 3127 3097 3201 κολαστὴς
3124 3126 3233 3180 τῶν
3260 3124 3572 3194 Αἰγυπτίων
3596 3120 3755 3192 ἐμελ-

502 3237 847 3305 praeseutem,
880 3244 948 3283 ex
994 3227 1088 3281 illo
1121 3224 1278 3296 quasi
1306 3222 1523 3278 arrham
1555 3231 1610 3279 et
1631 3224 1823 3296 pignus
1854 3224 2075 3281 exhibe-

2178 3228 2268 3282 λεν
2303 3223 2540 3289 ἔσεσθαι,
2581 3223 2765 3277 οὐκέτι
2807 3223 2865 3274 ὲν
2912 3218 3031 3291 Θεῷ
3065 3218 3254 3289 ἱκανῷ,
3282 3215 3397 3270 ἀλλ’
3443 3217 3501 3268 ὲν
3534 3211 3754 3284 ἀγγέλῳ

502 3325 614 3381 bat.
657 3321 794 3377 Cum
846 3333 978 3375 vero
1018 3317 1311 3387 impiorum
1363 3315 1546 3379 ultor,
1605 3323 1661 3369 et
1691 3314 2071 3387 Egyptioruin

2175 3323 2404 3392 διακόνῳ
2451 3320 2553 3391 τῆς
2603 3317 2869 3391 τιμωρίας
2898 3316 2992 3370 καὶ
3043 3315 3102 3367 ὲν
3145 3312 3274 3366 εῖδει
3308 3309 3499 3381 πυρὸς,
3530 3306 3753 3378 καὶτῆς

501 3416 794 3487 castigator
823 3412 1041 3467 futurus
1067 3419 1232 3477 esset,
1285 3424 1396 3464 non
1426 3408 1662 3479 amplius
1692 3409 1748 3464 in
1781 3408 1890 3464 Deo
1940 3411 2071 3467 satis

2176 3417 2298 3469 ὅσον
2318 3412 2469 3467 οὔπω
2502 3410 2798 3483 μελλούσης
2819 3408 3013 3470 αὐτοὺς
3041 3406 3198 3475 δίκην
3231 3402 3427 3476 ἀγρίας
3456 3401 3550 3454 καὶ
3584 3401 3755 3452 ἀκαν-

502 3509 708 3574 multo,
749 3506 845 3563 sed
873 3506 931 3560 in
959 3503 1150 3575 angelo
1182 3500 1433 3573 supplicii
1485 3500 1756 3565 ministro,
1780 3507 1835 3554 et
1865 3500 1919 3556 in
1951 3518 2071 3572 spc-

2178 3504 2377 3569 θὼδους
2411 3503 2543 3575 ῦλης
2560 3500 2867 3556 κατεσθίειν
2895 3497 3090 3568 φλογὸς
3113 3493 3499 3568 παρεφαίνετο.
3515 3489 3758 3544 Αίνίττε-

503 3602 585 3658 cie
609 3599 771 3671 ignis,
802 3604 856 3654 et
905 3595 1167 3661 ﬂammae,
1219 3609 1340 3665 qua:
1383 3592 1493 3648 cito
1521 3592 1698 3648 instar
1725 3594 1959 3664 agreStis
2008 3604 2071 3650 'ac

2180 3595 2304 3651 σθαι
2318 3592 2409 3648 οὖν
2430 3610 2560 3664 φασι
2570 3592 2669 3663 τὴν
2688 3591 2785 3663 μὲν
2799 3589 2980 3660 βάτον,
2991 3589 3091 3659 τὴν
3110 3586 3217 3640 τῶν
3228 3582 3539 3653 Αἰγυπτίων
3554 3579 3757 3651 ἀγρίαν

504 3693 789 3750 senticosa:
823 3689 1065 3745 materia:
1095 3688 1219 3744 illos
1262 3692 1380 3742 erat
1422 3686 1751 3740 devoratura
1774 3723 1790 3749 ,
1845 3700 2071 3755 appare-

2180 3690 2272 3744 καὶ
2290 3687 2471 3759 ἀπηνῆ
2488 3686 2581 3741 καὶ
2597 3686 2866 3756 ἀνήμερον
2887 3680 3204 3753 μοχθηρίανο
3225 3679 3287 3731 τὸ
3307 3677 3365 3730 δὲ
3380 3674 3511 3747 πῦρ,
3526 3673 3625 3745 τὴν
3640 3672 3756 3725 δια-

503 3787 616 3843 bat.
651 3784 850 3839 Dicunt
899 3781 1066 3855 igitur
1111 3795 1208 3852 per
1260 3779 1458 3833 rubum
1504 3777 1723 3849 quidem
1776 3777 2071 3849 signiﬁcari

2179 3779 2439 3835 λωὸῶσαν
2457 3777 2653 3839 αὐτοὺς
2694 3773 2936 3845 τιμωρὸν
2959 3773 3052 3825 καὶ
3103 3768 3458 3840 κολαστήριον
3496 3763 3750 3834 δύναμιν.

505 3879 886 3953 Ᾰεῖίέἳρῑίοΐιιιῐι
923 3881 1190 3948 agrestem
1230 3880 1285 3930 et
1311 3872 1574 3929 immitem
1601 3880 1657 3929 et
1692 3872 1861 3928 feram
1895 3878 2240 3946 pravitatem,
2270 3890 2368 3948 per
2396 3876 2574 3946 ignem
2625 3885 2754 3927 vero
2802 3869 2913 3924 vim
2966 3869 3114 3922 illam
3162 3865 3517 3920 ulciscentem
3562 3866 3618 3915 et
3655 3873 3750 3915 ca-

505 3974 791 4046 stigantem
818 3985 939 4043 quae
966 3970 1089 4025 illos
1125 3968 1344 4023 invasit.

978 4064 1135 4137 241
1172 4060 1404 4119 CAPUT
1437 4060 1580 4116 xw.

505 4160 658 4232 Quod
714 4156 1151 4232 quemadmodum
1190 4153 1429 4232 patribus
1483 4153 1717 4232 humana
1759 4155 2071 4232 fgrmaLsic

575 4234 630 4287 in
655 4224 822 4302 specie
847 4228 998 4283 nubis
1032 4224 1231 4298 Moysi,
1261 4232 1311 4280 et
1333 4233 1521 4278 cuncto
1549 4225 1744 4295 populo
1772 4226 1912 4282 Deus
1946 4225 2072 4282 Ver-

574 4304 696 4356 bum
718 4302 988 4370 apparuit.

571 4418 745 4472 :Dixit
774 4424 953 4472 autem
972 4412 1240 4467 Dominus
1269 4408 1335 4464 ad
1362 4408 1599 4465 Mosam:
1634 4410 1773 4467 Ecce
1792 4428 1893 4483 ego
1913 4414 2072 4468 venio

2696 4049 3091 4113 ΚΕΦΑΛΑΙΟΝ
3130 4049 3206 4101 ΙΔ¹

2180 4157 2279 4221 οΩς
2300 4114 2569 4219 ’καθάπερ
2598 4147 2722 4221 τοῖς
2762 4141 3061 4221 quando“:
3080 4140 3165 4221 Δἐν·
3193 4138 3544 4221 ἀχθρωίτίνιρ
3592 4140 3749 4221 σχή..

2237 4206 2403 4295 itan,
2423 4206 2609 4295 οὕτως
2639 4206 2712 4295 si:
2737 4206 2892 4295 εῖᾷεῐ
2915 4212 3179 4295 regem;
3216 4207 3422 4263 Μωσεῖ
3441 4206 3539 4264 καὶ
3566 4206 3747 4262 παντί

2240 4281 2320 4361 Ζτῷ
2350 4281 2477 4358 λαῷ
2503 4294 2535 4345 ό
2566 4281 2709 4353 Θεὸς
2738 4286 2930 4354 Λόγος
2959 4281 3252 4350 ἐφαίνετο.

2249 4427 2268 4460 ‹
2309 4401 2445 4460 Εἶπε
2483 4402 2541 4456 δὲ
2578 4400 2780 4471 Κύριος
2827 4394 2963 4466 πρὸς
3000 4393 3225 4462 Μωσῆνο
3264 4392 3394 4446 Ἰδοὺ
3421 4390 3532 4459 ἐγὼ
3571 4408 3747 4463 παρα-

502 4511 567 4566 ad
603 4519 656 4565 te
684 4510 742 4563 in
773 4509 1027 4563 columna
1062 4503 1251 4566 nubis,
1292 4507 1354 4556 ut
1382 4500 1570 4555 audiat
1602 4478 1850 4573 papulus'
1867 4518 1953 4557 me
1988 4504 2069 4557 lo-

2175 4499 2388 4567 γίνομαι
2442 4492 2576 4563 πρὸς
2619 4488 2678 4542 σὲ
2709 4489 2767 4541 ὲν
2806 4485 2981 4555 στύλῳ
3024 4481 3273 4553 νεφέλης,
3320 4481 3407 4533 ἵνα
3469 4478 3679 4550 ἀκούσῃ
3717 4483 3746 4532 6

498 4612 752 4677 quentem
779 4600 847 4654 ad
879 4609 951 4664 te,
990 4605 1046 4653 et
1071 4596 1172 4651 tibi
1197 4595 1423 4651 credant
1446 4593 1522 4661 ‘3;
1561 4611 1579 4645 ι
1603 4570 1807 4664 etquae
1831 4609 2070 4663 sequun-

2175 4588 2292 4651 λαὸς
2315 4582 2601 4644 λαλοῦντός
2626 4597 2726 4651 μου
2752 4577 2888 4650 πρὸς
2905 4577 2983 4639 σὲ,
3010 4574 3102 4629 καί
3132 4590 3213 4626 σοι
3242 4570 3574 4626 πιστεύσωσι
3595 4588 3608 4602 ·
3625 4570 3746 4624 »καὶ

499 4658 591 4751 {ur
622 4713 637 4750 :
667 4712 687 4745 ι
722 4691 867 4748 Deus
896 4698 1077 4745 autem
1107 4686 1460 4743 antecedebat
1488 4700 1584 4741 eos
1609 4683 1697 4739 die
1731 4684 1787 4739 in
1815 4685 2069 4739 columna

2175 4677 2293 4745 ἑξῆς
2316 4692 2329 4706 ·
2380 4694 2399 4726 ι
2437 4674 2494 4727 '0
2533 4672 2590 4726 δὲ
2630 4671 2762 4735 Θεὸς
2823 4671 3005 4741 ἠγεῖτο
3046 4665 3222 4720 αὐτῶν
3272 4658 3487 4736 ἡμέρας
3538 4663 3659 4731 μὲν,
3689 4663 3744 4714 ὲν

498 4786 662 4843 nubis
689 4786 745 4840 in
767 4784 876 4848 via,
900 4788 1066 4836 noctu
1091 4792 1222 4835 vero
1243 4776 1301 4835 in
1325 4776 1580 4832 columna
1612 4774 1754 4844 ignis
1776 4781 1837 4828 ut
1865 4774 2071 4830 luceret

2175 4765 2342 4835 πύλῳ
2364 4763 2611 4833 νεφέλης,
2640 4759 2805 4825 δεῖξαι
2833 4760 3016 4820 αὐτοῖς
3047 4755 3145 4827 τὴν
3169 4754 3312 4808 ὁδόν’
3340 4756 3437 4823 τὴν
3466 4751 3523 4805 δὲ
3554 4752 3741 4815 νύκτα,

498 4880 580 4935 eis
599 4879 666 4934 °’.
696 4897 715 4930 ι
736 4876 802 4931 Et
830 4890 1055 4931 rursus:
1083 4890 1102 4925 ι
1131 4869 1422 4928 Descendit
1442 4867 1708 4924 Dominus
1737 4866 1794 4919 in
1816 4865 2069 4920 columna

2175 4859 2223 4910 ὲν
2266 4855 2443 4927 στύλῳ
2487 4850 2687 4924 πυρὸς,
2729 4848 2824 4903 τοῦ
2861 4848 3070 4919 φαίνειν
3110 4847 3312 4909 αὐτοῖς.
3337 4864 3357 4897 ›
3396 4844 3508 4897 Καὶ
3548 4842 3739 4896 πάλινσ

498 4970 661 5027 nubis
686 4969 754 5023 ".
785 4988 805 5021 ι
838 4967 904 5021 Et
924 4980 1155 5022 rursus:
1193 4983 1213 5017 ι
1240 4963 1377 5018 Cum
1404 4969 1582 5016 autem
1612 4962 1894 5030 ingressus
1920 4966 2065 5012 esset

498 5059 677 5116 Moses
703 5058 760 5112 in
785 5054 1226 5121 tabernaculum,
1259 5049 1542 5108 descendit
1580 5051 1836 5104 columna
1877 5046 2061 5112 nubis,

494 5162 550 5208 et
575 5151 727 5206 stetit
751 5152 807 5203 in
832 5147 1041 5203 foribus
1069 5143 1411 5201 tabernaculi
1440 5180 1456 5208 ,
1499 5148 1553 5198 et
1580 5140 1909 5212 loquebatur
1935 5152 2060 5193 cum

498 5239 667 5309 Mose,
703 5246 759 5295 et
797 5239 1053 5295 cernebat
1088 5234 1270 5293 omnis
1294 5233 1528 5306 populus
1557 5233 1866 5290 columnam
1899 5229 2063 5285 nubis

496 5339 734 5390 stantem
761 5332 818 5385 in
858 5328 1072 5387 foribus
1113 5325 1481 5393 tabernaculi,
1519 5332 1575 5380 et
1614 5330 1848 5380 stantem
1878 5321 2058 5377 omnis

495 5425 731 5498 populus
772 5421 1162 5486 adoraverunt,
1209 5417 1591 5489 unusquisque
1642 5430 1675 5470 a
1718 5413 1928 5469 foribus
1971 5411 2061 5467 sui

496 5514 834 5572 tabernaculi
859 5513 927 5567 “.
967 5532 987 5568 ι
1020 5512 1265 5584 Populus
1308 5508 1530 5584 quidem
1562 5504 1820 5562 cernebat
1850 5503 2062 5558 colum-

499 5624 624 5666 nam
666 5609 829 5664 nubis
871 5607 977 5663 hoc
1009 5608 1151 5671 loco,
1193 5618 1321 5661 eum
1345 5601 1498 5659 lose
1540 5613 1673 5657 vero
1710 5595 2058 5669 loquebatur.

2176 4967 2195 5000 ι
2238 4945 2460 5016 Κατέΰη
2499 4945 2703 5014 Κύριος
2746 4943 2803 4994 ἐν
2854 4939 3026 5010 στύλῳ
3066 4937 3313 5007 νεφέλης.
3340 4954 3358 4988 ι
3400 4935 3510 4989 Καὶ
3556 4929 3739 4996 αὖθις⁸

2177 5056 2196 5089 ι
2239 5037 2429 5091 Ἠνίκα
2458 5038 2503 5089 δ’
2545 5036 2611 5088 ἂν
2638 5031 2850 5103 εἰσῆλθε
2893 5029 3097 5100 Μωσῆς
3128 5029 3207 5091 εἰς
3239 5027 3337 5098 τὴν
3358 5024 3584 5096 σκηνὴν,
3612 5040 3743 5078 κατ-

2169 5126 2380 5182 έϐαινεν
2424 5130 2454 5181 6
2499 5126 2689 5188 στῦλος
2731 5124 2831 5193 τῆς
2867 5120 3126 5191 νεφέλης,
3163 5117 3258 5171 καὶ
3284 5116 3468 5170 ἵστατο
3504 5114 3601 5167 ἐπὶ
3646 5112 3745 5175 τάς

2170 5219 2339 5292 θύρας
2362 5220 2462 5291 τῆς
2495 5217 2720 5290 σκηνῆς,
2769 5215 2863 5270 καὶ
2900 5213 3080 5266 ἐλάλει
3122 5210 3198 5281 τῷ
3227 5209 3434 5272 Μωσεί,
3470 5206 3566 5261 καὶ⁵
3596 5194 3743 5274 ἑώρα

2159 5315 2268 5377 πᾶς
2303 5315 2332 5367 6
2354 5311 2481 5377 λαὸς
2515 5311 2606 5364 τὸν
2636 5308 2826 5363 στῦλον
2862 5306 2963 5376 τ’ἡς
2996 5302 3224 5372 νεφέλης
3252 5299 3462 5354 ἑστῶτα
3502 5298 3599 5353 ἐπὶ
3631 5296 3741 5350 τῶν

2160 5405 2340 5479 θυρῶν
2378 5404 2481 5475 τῆς
2521 5402 2753 5474 σκηνῆς⁸
2806 5399 2901 5453 καὶ
2926 5399 3148 5461 στάντες
3194 5395 3303 5458 πᾶς
3345 5394 3373 5447 6
3412 5389 3542 5476 λαὸς
3577 5382 3744 5463 προσ-

2165 5490 2455 5570 εκύνησαν,
2478 5495 2706 5556 ἕκαστος
2727 5492 2835 5547 ἀπὸ
2851 5491 2949 5563 τῆς
2973 5488 3140 5560 θύρας
3166 5486 3265 5558 τῆς
3287 5482 3492 5556 σκηνῆς
3517 5482 3703 5557 αὐτοῦ.
3717 5502 3738 5536 ι

2173 5593 2231 5649 '0
2258 5593 2356 5665 μὶν
2393 5585 2486 5645 οὖν
2512 5587 2639 5650 λαὸς
2668 5584 2814 5657 ἑώρα
2854 5583 2944 5637 τὸν
2974 5580 3162 5636 στῦλον
3190 5581 3289 5652 τῆς
3321 5574 3571 5649 νεφέλης,
3606 5575 3742 5634 Μω-

567 5725 611 5757 ⁶⁷
638 5725 795 5781 Joan.
828 5740 940 5787 xiv,
971 5723 1025 5777 9.
1101 5721 1146 5753 ⁸⁸
1175 5718 1346 5779 Exod.
1368 5734 1485 5785 xix,
1539 5716 1596 5772 9.
1669 5715 1714 5748 “
1747 5711 1918 5769 Exod.
1948 5726 2073 5791 xm,
2094 5708 2189 5768 21.
2266 5707 2321 5783 _"°
2356 5705 2518 5763 Num.
2555 5719 2653 5772 xu,
2687 5701 2739 5758 5.
2816 5701 2860 5733 "
2895 5697 3066 5756 Exod.
3100 5712 3298 5763 xum,
3329 5692 3497 5762 9,1θ.

570 5819 650 5896 (1)
691 5816 1093 5887 Ἀεεφαίνετα
1125 5811 1288 5871 Forte
1315 5809 1655 5881 ἐπεφαίνετο.
1697 5806 1853 5863 Eutr.
