4080 6416
256 287 380 389 ϐω

1194 325 1845 385 DEMONSTRATIONIS
1880 322 2340 382 ενΑΝοΕιιοιε
2377 322 2507 380 LIB.
2549 321 2615 381 ν.

3425 324 3531 385 394

280 451 364 504 es!
388 449 434 503 δ’
458 448 663 504 ἐλάλει.
693 448 789 514 Τίς
815 451 860 504 δ’
887 449 1064 503 ἐλάλει
1085 489 1100 512 ,
1129 450 1163 522 ἢ
1200 448 1441 521 δηλονότι
1468 452 1497 503 6
1536 450 1724 513 στῦλος
1760 450 1858 521 τῆς

1964 446 2096 513 Quis
2125 460 2286 515 porro
2328 441 2696 515 loquebatur?
2727 441 2983 497 columna
3035 441 3199 497 nubis
3252 442 3529 508 videlicet,

285 540 527 611 νεφέλης,
556 542 589 594 6
610 541 872 614 πρότερον
898 544 1012 603 τοῖς
1036 540 1308 612 πατράσιν
1332 542 1390 595 ἐν
1423 539 1712 611 ἀνθρώπου
1753 556 1857 610 φα-

284 634 391 696 νεὶς
417 633 691 704 σχήματις
725 634 1210 706 Προαποδέδεικται
1240 633 1318 695 δὲ,
1344 634 1426 687 ὅτι
1456 633 1529 705 μὴ
1557 634 1586 686 6
1609 633 1702 686 ἐπὶ
1724 633 1861 686 πάν-

284 738 389 776 των
417 722 549 787 Θεὸς
580 716 735 788 οὗτος
766 721 854 797 ἦν,
886 723 1073 796 ἔτερος
1098 723 1176 792 δὲ,
1212 723 1270 777 ὃν
1299 721 1434 776 Θεοῦ
1474 722 1642 791 Λόγον
1682 722 1859 795 ὑπάρ-

284 829 442 885 χοντα
476 815 713 886 Χριστὸν
759 817 921 887 ἡμεῖς
960 814 1473 886 προσαγορεύομεν
1517 812 1577 877 ὃς
1606 814 1701 866 καὶ
1737 813 1858 867 τότε

284 905 374 959 τοῦ
413 905 654 978 πλήθους
685 906 869 960 ἕνεκεν
900 908 1089 960 Μωσεῑ
1122 922 1183 959 τε
1242 905 1390 977 αὐτῷ
1418 905 1511 959 καὶ
1536 904 1614 976 τῷ
1648 905 1762 975 λαῴ
1802 907 1859 959 ἐν

284 997 459 1068 στύλῳ
496 997 725 1068 νεφέλης
752 996 1064 1068 ἐθεωρεῖτο,
1090 995 1180 1049 διὰ
1204 996 1264 1049 τὸ
1303 997 1377 1068 μὴ
1420 999 1619 1067 χωρεῖν
1662 996 1861 1061 αὐτοὺς

282 1087 481 1159 ὁμοίως
520 1091 635 1151 τοῖς
686 1088 958 1159 πατράσιν
993 1087 1051 1139 ὲν
1097 1084 1389 1156 ἀνθρώπου
1440 1087 1677 1157 σχήματι
1726 1087 1860 1159 ὀρᾷν

282 1179 464 1235 αὐτόν.
493 1180 725 1234 Τελείων
771 1179 880 1252 γάρ
902 1197 956 1233 τι
994 1175 1061 1251 ἦν
1087 1179 1150 1233 τὸ
1188 1180 1426 1252 προορᾷν
1459 1178 1718 1233 δύνασθαι
1758 1180 1861 1251 τὴν

284 1270 582 1341 μέλλουσαν
632 1270 848 1324 ἔσεσθαί
908 1286 1037 1324 ποτε
1093 1272 1176 1335 είς
1224 1270 1548 1343 ἀνθρώπους
1599 1270 1860 1342 ἐνσαρκον

282 1364 604 1434 ἐπιφάνειαν
634 1364 822 1427 αὑτοῦ,
858 1365 945 1433 ἣν,
980 1364 1102 1418 ἐπεὶ
1150 1364 1283 1435 μηδὲ
1313 1364 1435 1417 τότε
1484 1359 1595 1427 οἷός
1629 1380 1688 1416 τε
1729 1360 1797 1434 ἦν
1830 1365 1861 1417 6

282 1456 386 1518 πᾶς
413 1454 547 1518 λαὸς
581 1458 800 1527 χωρεῖν,
829 1456 1052 1518 εἰκότως
1078 1456 1200 1508 τοτὲ
1227 1455 1325 1527 μὲν
1354 1457 1537 1519 αὐτοῖς
1559 1453 1648 1509 διὰ
1663 1452 1858 1525 πυρὸς,

282 1542 442 1611 φόϐου
468 1544 631 1614 χάριν
659 1545 753 1597 καὶ
790 1544 1182 1616 καταπλήξεως
1200 1584 1214 1608 ,
1249 1544 1369 1597 τοτὲ
1396 1545 1453 1599 δὲ
1491 1544 1581 1597 διὰ
1608 1544 1858 1615 νεφέλης,

280 1633 426 1688 om
451 1637 899 1708 ἐπεσκιασμένως
945 1639 1039 1691 καὶ
1082 1637 1510 1709 κεκαλυμμὲνως
1558 1637 1861 1709 νομοθετῶν

280 1726 495 1794 αὐτοὺς,
526 1728 718 1802 ὁρῷτο,
740 1730 940 1801 ὁμοίως
970 1729 1027 1783 δὲ
1092 1730 1186 1783 καὶ
1215 1729 1293 1801 τῷ
1334 1733 1522 1785 Μωσεῖ
1546 1730 1612 1783 δι’
1640 1730 1857 1794 αὐτούς.

805 2022 1203 2077 ΚΕΦΔΛΑΙΟΝ
1243 2023 1341 2077 ΙΕ’.

280 2137 410 2195 Ὅτι
437 2136 594 2208 μηδὲ
634 2135 923 2208 dna/tur);
976 2137 1162 2208 φύοζις
1181 2132 1262 2206 ἦν
1291 2135 1449 2208 ἠλτῷ
1485 2138 1689 2193 Μωσεῖ
1714 2158 1858 2207 γρη-

339 2201 694 2335 ιᾶαἱίξουσα,
720 2201 1016 2276 ’κρειτξωιο
1075 2201 1148 2261 δέ
1186 2201 1277 2275 έις
1318 2201 1469 2281 an)
1520 2212 1649 2264 κατ’
1693 2201 1861 2281 δίη.-

388 2297 482 2334 ον.

350 2394 368 2427 ι
401 2372 539 2429 Εῐπε
577 2376 809 2448 Κύριος*
850 2372 979 2427 ’ἰδοῦ
1033 2370 1144 2441 ἐγὼ
1176 2372 1490 2427 ἀποστέλλω
1513 2374 1604 2429 τὸν
1634 2375 1862 2444 ἄγγελόν

278 2483 380 2538 μου
415 2466 523 2538 πρὸ
552 2465 846 2538 προσώπου
886 2482 1012 2536 μου,
1056 2465 1143 2517 ἵνα
1178 2463 1388 2539 φυλάξῃ
1422 2482 1481 2519 σε
1529 2467 1587 2519 ἐν
1615 2470 1683 2539 τῇ
1736 2466 1861 2537 ὁδῷ,

273 2559 423 2622 ὅπως
444 2557 718 2630 εἰσαγάγῃ
736 2574 795 2610 σε
816 2558 896 2621 είς
915 2556 1015 2627 τὴν
1040 2556 1165 2627 γῆν,
1181 2556 1250 2627 ἠν
1272 2556 1545 2628 ⁴ἢτοίριασά
1569 2574 1668 2610 σοι.
1688 2558 1865 2630 Πρόσ-

273 2668 364 2721 εχε
404 2649 553 2721 αὐτῷ
586 2650 679 2703 καὶ
721 2650 972 2703 είσάκουε
1022 2648 1219 2714 αὐτοῦ,
1253 2650 1347 2702 καὶ⁵
1385 2650 1461 2721 μὴ
1505 2650 1720 2704 ἀπείθει
1768 2648 1865 2704 αὐ-

272 2742 351 2813 τῷ
372 2759 386 2771 ·
419 2741 482 2794 οὐ
531 2740 640 2811 γὰρ
676 2739 750 2811 μὴ
784 2738 1170 2811 ὑποστείληται
1202 2756 1288 2792 σε’
1324 2740 1384 2794 τὸ
1421 2740 1529 2813 γάρ
1558 2741 1730 2813 ὄνομά
1762 2761 1862 2815 μου

1962 554 2089 593 cum
2124 538 2266 592 idem
2309 535 2454 591 Deus
2482 547 2643 591 antea
2691 533 2937 604 patribus
2976 534 3034 588 in
3074 533 3312 589 hominis
3355 533 3532 590 forma

1962 630 2327 701 apparuisset.
2385 627 2562 699 Supra
2612 640 2742 682 vero
2784 625 2898 696 jam
2940 624 3374 682 demonstratum
3424 635 3531 691 est,

1961 721 2109 794 quod
2139 737 2246 775 non
2284 719 2445 775 Pater
2469 719 2609 773 Dens
2629 718 2717 772 hic
2739 726 2906 781 esset,
2935 718 3016 773 sic
3038 719 3200 783 alter,
3221 733 3382 788 quem
3405 733 3532 780 nos.

1961 828 2086 867 cum
2133 811 2226 867 Dei
2271 812 2343 866 sit
2385 808 2648 875 Verbum,
2682 809 2961 865 Christum
3005 824 3408 880 nuncupamus,
3437 807 3534 881 qui

1961 910 2093 957 tunc
2117 911 2339 971 propter
2361 900 2764 957 multitudinem
2792 902 3092 971 vulgarem,
3151 908 3209 956 et
3237 900 3342 971 ipsi
3372 900 3534 965 Mosi,

1960 1002 2012 1049 et
2052 994 2251 1064 populo
2282 993 2334 1048 in
2376 993 2631 1049 columna
2662 993 2826 1048 nubis
2860 993 3206 1056 cernebatur,
3244 1001 3535 1064 propterea

1962 1084 2105 1155 quod
2155 1100 2262 1139 non
2303 1084 2489 1140 itidem
2521 1094 2580 1139 ut
2607 1094 2813 1154 patres,
2852 1083 3039 1149 videre
3073 1085 3224 1138 illum
3272 1086 3325 1140 in
3360 1084 3535 1141 forma

1962 1176 2222 1239 hominis,
2258 1174 2434 1231 idonei
2457 1184 2661 1231 essent.
2696 1174 3071 1231 Perfectorum
3095 1176 3239 1232 enim
3262 1175 3365 1231 hoc
3390 1185 3533 1244 erat,

1962 1285 2126 1341 posse
2156 1270 2304 1324 illius
2337 1269 2631 1324 adventum
2660 1269 2970 1339 providere,
2998 1270 3092 1339 qui
3121 1269 3253 1324 olim
3276 1272 3330 1324 In
3356 1266 3532 1324 homi-

1961 1360 2125 1416 nibus
2177 1375 2406 1430 corpore
2463 1361 2703 1414 humano
2765 1371 3069 1430 assumpto,
3118 1360 3337 1417 futurus
3388 1369 3531 1425 erat.

1962 1468 2126 1524 quem
2162 1468 2317 1516 sane,
2354 1467 2480 1506 cum
2511 1467 2580 1507 ne
2609 1462 2743 1506 tunc
2771 1453 2992 1522 quidem
3027 1452 3319 1508 universus
3358 1469 3535 1524 popu-

1963 1546 2048 1600 lus
2066 1553 2246 1617 posset
2272 1560 2488 1615 capere,
2516 1544 2710 1600 merito
2728 1545 2864 1601 alias
2881 1545 3102 1616 quidem
3123 1546 3206 1602 eis
3223 1561 3319 1616 per
3333 1547 3535 1617 ignem,

1961 1636 2199 1693 terrendi
2244 1635 2643 1707 cohibendique
2697 1650 2888 1697 causa,
2950 1635 3228 1706 aliaseper
3302 1637 3531 1702 nubem,

1961 1732 2119 1800 quasi
2167 1729 2489 1785 adumbrate
2538 1738 2703 1799 atque
2738 1728 2980 1784 involute
3026 1729 3163 1783 dans
3208 1728 3317 1784 illis
3365 1730 3535 1800 leges.

1886 1816 1928 1873 Β
1957 1821 2303 1885 cernebatur,
2323 1820 2623 1891 eademque
2659 1822 2869 1875 ratione
2910 1818 3045 1875 Mosi
3066 1834 3283 1891 quoque
3315 1829 3538 1893 propter

1963 1914 2106 1967 illos.

2581 2020 2812 2078 CAPUT
2842 2020 2934 2077 XV

1960 2136 2121 2210 2&2
2168 2136 2321 2203 Quod
2354 2137 2590 2207 angelica
2635 2153 2751 2210 non
2782 2138 2961 2210 fuerit
2985 2146 3201 2202 natura,
3234 2150 3354 2208 qua
3395 2132 3538 2210 Mosi

2029 2208 2191 2261 debat
2237 2224 2516 2277 responsa,
2551 2208 2642 2261 sed
2681 2208 3027 2278 praestantior
3062 2223 3222 2278 quam
3254 2217 3312 2262 ut
3347 2208 3417 2262 ad
3447 2225 3541 2263 an.

2025 2282 2197 2349 gelum
2228 2279 2414 2347 referri
2442 2279 2631 2347 possit.

2030 2389 2048 2422 ι
2075 2369 2220 2425 Dixit
2250 2369 2546 2425 Dominus:
2587 2367 2727 2425 Ecce
2746 2385 2851 2441 ego
2883 2371 3044 2426 mitto
3075 2370 3328 2443 angelum
3356 2384 3541 2427 meum

1964 2469 2091 2517 ante
2120 2460 2314 2517 faciem
2361 2469 2534 2526 tuam,
2567 2469 2627 2515 ut
2654 2461 2929 2518 custodiat
2971 2474 3021 2519 te
3043 2464 3097 2519 in
3135 2465 3242 2529 via,
3272 2474 3333 2520 ut
3360 2464 3544 2519 introo

1962 2550 2128 2607 ducat
2157 2565 2209 2608 te
2241 2552 2296 2607 in
2326 2560 2556 2616 terram,
2589 2568 2752 2624 quam
2774 2554 2960 2624 paravi
2979 2555 3078 2611 tibi
3100 2572 3115 2620 ;
3140 2556 3370 2612 observa
3389 2571 3539 2625 eum,

1963 2650 2017 2697 et
2047 2641 2171 2697 audi
2204 2658 2350 2706 eum.
2381 2659 2480 2699 nec
2510 2644 2586 2700 sis
2607 2646 2872 2701 adversus
2895 2645 3048 2700 illum
3066 2656 3360 2702 contumax
3389 2666 3404 2715 ;
3430 2662 3543 2705 non

1963 2734 2110 2789 enim
2132 2734 2371 2791 dimittet
2403 2745 2488 2805 te;
2519 2752 2720 2793 nomen
2741 2738 2886 2793 enim
2912 2752 3090 2793 meum
3112 2747 3198 2795 est
3226 2737 3282 2795 in
3307 2740 3401 2795 illo
3416 2736 3484 2795 θ’.
3514 2759 3537 2794 ι

276 2830 428 2884 ἐστὶν
465 2830 554 2882 ἐπ’
588 2828 756 2900 αὐτῷ.
797 2848 816 2880 ι
863 2830 973 2882 Καὶ
1016 2829 1076 2881 ἐν
1124 2828 1295 2900 ἐτέρῳ
1340 2829 1523 2901 τόπον
1572 2852 1590 2884 ι
1627 2827 1765 2885 Εῐπε
1805 2831 1864 2885 δέ

1967 2825 2034 2881 Et
2065 2827 2122 2882 in
2147 2827 2259 2883 alio
2276 2828 2397 2884 loco
2427 2848 2440 2885 :
2466 2849 2485 2881 ‹
2511 2828 2658 2884 Dixit
2694 2839 2874 2887 autem
2898 2829 3161 2888 Dominus
3207 2832 3275 2887 ad
3303 2832 3538 2890 Mosem:

273 2921 483 2993 Κύριος
536 2918 675 2993 πρὸς
732 2920 966 2992 Μωσῆψ
1009 2920 1254 2985 Βάδισον,
1301 2922 1399 2975 καὶ
1457 2921 1722 2996 ὀδήγησον
1771 2923 1864 2978 τὸν

1968 2916 2142 2981 Vade,
2173 2924 2229 2972 et
2254 2917 2366 2973 dux
2397 2927 2520 2974 esto
2537 2919 2705 2989 hujus
2732 2921 2921 2991 populi
2949 2920 3018 2974 ad
3044 2920 3222 2975 locum
3247 2935 3409 2991 quem
3430 2919 3544 2978 dixi

273 3012 407 3067 λαὸν
437 3014 523 3075 είς
544 3013 637 3065 τὸν
664 3011 828 3065 τόπον
852 3010 910 3064 ὃν
935 3010 1136 3083 εἴρηκά
1162 3028 1244 3066 σοι
1261 3027 1276 3042 ⁸
1315 3011 1422 3067 ίδοὺ
1449 3013 1478 3066 6
1501 3012 1732 3083 ἄγγελός
1762 3031 1864 3087 μου

1965 3008 2086 3076 tibi;
2112 3025 2240 3066 ecce
2278 3011 2505 3081 angelus
2526 3028 2680 3067 meus
2698 3013 2971 3069 antecedit
2998 3013 3132 3069 te".
3164 3032 3185 3066 ι
3212 3012 3280 3067 Et
3301 3028 3495 3071 rursus
3527 3033 3540 3072 :

276 3101 681 3176 προπορεύεται
721 3102 827 3174 πρὸ
846 3101 1138 3173 προσώπου
1166 3121 1280 3157 σου.
1312 3123 1331 3157 ι
1361 3102 1472 3159 Καὶ
1496 3106 1685 3161 πάλιν⁹
1712 3126 1731 3159 ι
1754 3106 1864 3162 Καὶ

1973 3119 1993 3152 ι
2017 3098 2085 3154 Et
2101 3101 2240 3156 dixit
2263 3100 2529 3158 Dominus
2564 3103 2633 3159 ad
2667 3103 2868 3161 Mosem
2888 3124 2900 3159 :
2922 3104 3046 3171 Abi,
3076 3112 3131 3161 et
3150 3105 3388 3162 ascende
3415 3106 3542 3163 binc

272 3192 396 3252 οῐπε
434 3193 643 3269 Κύριος
707 3190 844 3265 πρὸς
883 3192 1093 3264 Μωσῆν
1117 3211 1131 3225 ο
1173 3194 1451 3267 Πορεύου,
1495 3197 1590 3252 καὶ
1630 3197 1864 3271 ἀνάϐηθι

1965 3194 2027 3243 tu
2068 3197 2123 3245 et
2154 3191 2412 3261 populus,
2453 3212 2473 3246 ο
2498 3202 2552 3248 et
2590 3200 2790 3250 caetera
2818 3213 2832 3250 :
2858 3211 2878 3247 ι
2901 3192 2969 3249 Et
3008 3211 3118 3251 una
3160 3195 3373 3252 mittam
3419 3206 3546 3254 ante

278 3288 534 3342 ἐντεῦθεν
588 3286 653 3339 σὺ
689 3285 785 3340 καὶ
827 3286 856 3339 6
893 3285 1049 3350 λαὸς’
1089 3305 1109 3338 ι
1144 3287 1238 3340 καὶ
1279 3286 1349 3341 τά
1372 3287 1519 3359 ἐξῆς’
1559 3290 1708 3344 «Καὶ
1744 3306 1864 3345 συν-

1966 3278 2161 3335 faciem
2192 3290 2344 3336 tuam
2383 3285 2638 3355 angelum
2697 3301 2879 3341 meum
2908 3285 3011 3341 ".i
3063 3285 3159 3344 Hae
3194 3303 3327 3345 sane
3358 3305 3544 3355 voces,

277 3377 564 3434 ἀποστελῶ
614 3377 720 3447 πρὸ
773 3375 1067 3447 προσώπου
1114 3395 1207 3431 σου
1258 3379 1348 3433 τὸν
1400 3380 1631 3450 ἄγγελόν
1673 3398 1798 3453 μου.
1837 3401 1858 3437 ι

1965 3371 2111 3443 quod
2151 3389 2261 3429 non
2302 3376 2480 3447 angeli
2511 3377 2609 3433 sed
2643 3379 2815 3434 solius
2850 3374 2947 3435 Dei
2976 3380 3111 3444 sint,
3145 3382 3441 3454 unicuique
3465 3384 3548 3439 fa—

272 3468 446 3528 Δῦται
490 3472 575 3524 ὅτι
630 3470 705 3541 μὴ
745 3468 1001 3539 ἀγγέλου,
1040 3469 1202 3540 μόνου
1228 3467 1286 3523 δὲ
1334 3470 1468 3526 Θεοῦ
1514 3472 1755 3542 γένοιντο
1801 3473 1864 3530 ἂν

1965 3465 2070 3522 cile
2091 3475 2348 3524 constare
2376 3476 2579 3539 potest.
2607 3468 2783 3540 Cujus
2811 3486 2975 3541 porro
3000 3470 3119 3539 Dei,
3145 3472 3249 3529 nisi
3283 3475 3406 3546 ejus
3448 3483 3546 3546 qut

274 3564 475 3633 φωναὶ,
504 3562 669 3615 παντί
697 3577 778 3631 τῳ
807 3560 1091 3633 πρόδηλον.
1116 3561 1250 3616 Θεοῦ
1279 3562 1336 3617 δέ
1362 3562 1538 3628 τινος,
1572 3564 1607 3636 ἢ
1627 3564 1722 3620 τοῦ
1752 3568 1864 3631 τοῖς

1964 3558 2163 3629 priscis
2184 3560 2439 3630 patribus
2469 3561 2540 3617 sit
2562 3561 2755 3618 visus?
2775 3578 2938 3634 quem
2965 3565 3219 3635 angelum
3248 3564 3345 3623 Dei
3382 3568 3545 3638 plane

272 3655 652 3728 προπάτορσιν
701 3653 1055 3725 ἐωραμένους
1106 3654 1166 3708 ὃν
1218 3656 1446 3725 άγγελον
1490 3657 1623 3711 Θεοῦ
1679 3658 1868 3729 σαφῶς

272 3751 577 3820 προσεῖπεν
605 3750 636 3802 6
668 3747 878 3802 Ἰακώϐ.
907 3740 1077 3811 Οὗτος
1107 3747 1165 3801 δέ
1195 3743 1266 3820 ἦν
1284 3749 1416 3820 ἡμῖν
1441 3752 1470 3805 6
1501 3750 1637 3806 Θεοῦ
1672 3751 1865 3821 Λόγος,

270 3838 425 3892 ὠσάν
462 3839 560 3892 καὶ
590 3837 726 3892 Θεοῦ
757 3840 887 3902 παῖς
908 3837 1369 3905 καίαὺτὸς,Θεδς,
1388 3842 1482 3895 καὶ
1509 3842 1712 3914 Κύριος
1734 3842 1871 3897 ὠνο-

276 3933 587 4006 μασμένος.

796 4022 1193 4079 ιιεοΑΑΑιοΝ
1232 4026 1350 4093 ις’.

284 4116 383 4186 Ὦς
413 4119 450 4172 ό
471 4115 665 4183 αὐτὸς
695 4116 913 4189 Κύριος
940 4114 1075 4189 περὶ
1099 4115 1305 4189 ἐτέρου
1334 4115 1606 4174 διδάσκει
1624 4117 1865 4189 Κυρίου.

743 4187 887 4241 Ἀπὸ
920 4186 1030 4241 τοῦ
1068 4188 1428 4257 unum.

351 4300 372 4334 ι
416 4277 562 4349 Ἐγώ
590 4280 706 4349 ειμι
734 4275 939 4351 Κύριος
962 4279 991 4333 6
1024 4278 1159 4344 Θεός
1188 4296 1306 4343 σου,
1335 4282 1364 4334 6
1389 4280 1671 4350 ἐξαγαγών
1700 4299 1761 4336 σε
1803 4284 1870 4340 ἐκ

279 4373 383 4444 τῆς
407 4373 689 4442 Δίγῦπτου
713 4411 729 4436 ,
782 4373 841 4440 ἐξ
872 4373 1023 4427 οτκου
1070 4372 1329 4438 δουλείας.
1358 4374 1472 4427 Οὐκ
1524 4368 1737 4428 ἔσονταί
1787 4391 1869 4431 σοι

272 4465 390 4521 θοοὶ
418 4465 604 4538 ἐτεροι
619 4464 758 4537 πλὴν
783 4464 939 4537 ἐμοῦ,
966 4484 984 4517 ι
1013 4466 1106 4519 καὶ
1124 4465 1194 4520 τά
1214 4464 1362 4537 ἑξῆς·
1394 4486 1411 4519 ι
1450 4465 1590 4537 Ἐγὼ
1615 4466 1724 4537 γάρ
1752 4468 1868 4538 είμι

1966 3651 2263 3721 appellavit
2306 3649 2500 3710 Iacob.
2549 3653 2667 3710 Hoc
2711 3663 2897 3712 autem
2946 3656 3109 3715 nobis
3163 3656 3257 3714 Dei
3300 3655 3544 3717 Verbum

1967 3742 2090 3811 ft..t,
2122 3752 2313 3818 utpote
2340 3762 2466 3803 cum
2500 3758 2554 3805 et
2588 3747 2682 3806 Dei
2715 3747 2910 3817 Filius,
2931 3760 2985 3807 et
3014 3749 3176 3819 Deus,
3199 3763 3255 3809 et
3281 3750 3548 3813 Dominus

1966 3837 2085 3908 ipse
2118 3839 2191 3894 sit
2217 3839 2556 3898 nominatus.

2568 4021 2802 4080 CAPUT
2838 4022 2975 4082 XVI.

1969 4113 2124 4182 Quod
2151 4109 2290 4170 idem
2306 4112 2564 4172 Dominus
2591 4120 2654 4172 de
2681 4118 2787 4174 alio
2805 4117 2977 4183 docet,
2995 4120 3193 4176 scilicet
3213 4116 3382 4181 Filio.
3406 4152 3478 4166 -
3499 4125 3545 4179 Δ

2425 4185 2602 4242 decem
2638 4190 2913 4260 praeceptis
2936 4190 3088 4260 legis.

2047 4294 2067 4329 ι
2092 4274 2205 4349 Ego
2237 4292 2359 4333 sum
2389 4277 2654 4335 Dominus
2697 4279 2841 4338 Deus
2879 4293 3027 4348 tuus,
3060 4281 3154 4352 qui
3190 4278 3357 4338 eduxi
3392 4294 3446 4340 te
3470 4284 3542 4341 de

1968 4377 2114 4425 terra
2134 4368 2375 4441 Egypti,
2395 4369 2463 4425 de
2494 4371 2658 4427 domo
2687 4373 2990 4428 servitutis.
3017 4371 3138 4429 Non
3160 4381 3322 4430 erunt
3339 4372 3438 4429 tibi
3468 4373 3546 4429 dii

1972 4462 2067 4517 alii
2097 4469 2296 4534 praeter
2324 4478 2431 4527 me,
2455 4481 2476 4516 ι
2511 4471 2567 4519 et
2596 4472 2813 4522 cetera.
2854 4483 2873 4518 ι
2900 4464 3017 4537 Ego
3034 4466 3181 4524 enim
3211 4482 3331 4524 sum
3360 4464 3548 4522 Domi-

276 4556 487 4630 Κύριος
513 4558 544 4609 6
590 4555 724 4621 Θεός
754 4572 868 4622 σου,
900 4555 1033 4621 Θεὸς
1071 4557 1338 4631 ζηλωτής.
1369 4577 1389 4611 ι
1437 4559 1548 4613 Kal.
1593 4558 1864 4630 ἐπιλέγει·

1974 4569 2079 4608 nus
2104 4554 2249 4610 Deus
2277 4564 2401 4609 tuus
2422 4556 2708 4610 aemulator
2724 4555 2826 4621 ",i
2860 4564 2915 4612 et
2945 4556 3227 4629 adjungit:
3262 4576 3280 4610 ι
3303 4555 3423 4613 Non
3455 4573 3551 4613 su«

278 4665 300 4698 ι
326 4648 405 4702 οὗ
433 4646 584 4719 λήψῃ
613 4643 676 4700 τὸ
695 4646 864 4719 ὄνομα
884 4646 1090 4720 Κυρίου
1118 4648 1211 4703 τοῦ
1235 4648 1370 4703 Θεοῦ
1400 4667 1493 4704 σου
1517 4649 1609 4705 ἐπὶ
1631 4651 1865 4724 ματαίῳ.

273 4740 354 4795 οὐ
374 4738 492 4810 γὰρ
518 4739 597 4811 μὴ
629 4739 903 4814 καθαρίσῃ
934 4739 1139 4814 Κύριος
1163 4740 1255 4795 τὺν
1295 4742 1635 4814 λαμϐάνοντα
1661 4743 1722 4798 τὸ
1753 4744 1870 4798 δνο-

277 4848 361 4901 μα
400 4829 571 4884 αὑτοῦ
609 4829 706 4883 ἐπὶ
746 4830 977 4902 ματαίῳ.
1002 4850 1022 4882 ι
1059 4830 1353 4886 Κάνταῦθα
1399 4832 1559 4897 αὐτὸς
1597 4834 1626 4887 6
1666 4832 1869 4907 Κύριος

274 4923 412 4993 περὶ
436 4920 632 4990 ἐτέρου
666 4918 875 4992 Κυρίου
904 4919 975 4975 τὰ
1015 4920 1354 4993 προκείμενα
1379 4921 1640 4976 διδάσκει.
1682 4920 1869 4977 Εἰπὼν

273 5012 448 5082 γοῦν,
482 5028 504 5061 ι
545 5009 690 5079 Ἐγώ
722 5011 838 5082 είμι
872 5010 1077 5083 Κύριος
1120 5013 1149 5064 6
1199 5010 1333 5075 Θεός
1379 5028 1496 5076 σου,
1540 5033 1559 5064 ι
1596 5012 1867 5082 ἐπιλέγει⁹

278 5121 302 5157 ι
328 5103 410 5158 οὐ
434 5101 587 5175 λήψῃ
608 5101 671 5154 τὸ
689 5101 858 5173 ὄνομα
882 5101 1090 5175 Κυρίου
1118 5101 1213 5156 τοῦ
1247 5102 1381 5156 Θεοῦ
1415 5117 1537 5157 σουο
1566 5125 1585 5156 ι
1614 5105 1743 5176 περὶ
1774 5104 1870 5159 τοῦ

274 5191 505 5266 Πατρδς
539 5190 741 5263 δηλαδὴ
765 5193 859 5246 καὶ
887 5191 1022 5246 Θεοῦ
1052 5192 1160 5245 τῶν
1180 5193 1315 5247 ὅλων
1334 5194 1363 5246 ὁ
1384 5192 1633 5266 δεύτερος
1668 5194 1873 5267 Κύριος

272 5286 374 5339 τὸν
405 5284 719 5356 θεράποντα
762 5284 1156 5356 μυσταγωγῶν.
1187 5285 1383 5358 Εὖροις
1412 5286 1457 5340 δ’
1493 5286 1559 5339 ἂν
1598 5289 1692 5342 καὶ
1738 5288 1872 5343 ἄλλα

278 5377 460 5450 μυρία
487 5377 557 5431 δι’
582 5376 715 5449 ὅλης
737 5377 838 5448 τῆς
875 5379 1026 5450 ἱερᾶς
1055 5380 1299 5453 Γραφῆς,
1336 5379 1728 5451 παραπλησίως
1748 5380 1873 5436 τού-

274 5483 401 5534 τοις
440 5469 865 5542 ἐξενηνεγμένα,
904 5470 972 5524 δι’
1000 5456 1076 5526 ὧν
1115 5474 1143 5525 6
1185 5470 1347 5537 Θεὸς,
1393 5472 1469 5536 ὡς
1512 5472 1640 5545 περὶ
1686 5473 1872 5546 ἐτέρου

276 5559 449 5622 Θεοῦ,
481 5561 579 5615 καὶ
612 5561 775 5627 αὐτὸς
808 5562 838 5615 6
874 5562 1095 5635 Κύριος,
1140 5565 1214 5628 ὼς
1250 5565 1378 5635 περὶ
1419 5563 1606 5637 ἐτέρου
1645 5564 1870 5638 Κυρίου,

274 5653 414 5715 τοὺς
446 5653 736 5724 χρησμοὺς
763 5654 1020 5708 ἐποιεῖτο.

1971 4658 2091 4699 mes
2114 4658 2314 4700 nomen
2352 4642 2570 4701 Domini
2597 4646 2690 4703 Dei
2728 4646 2874 4703 tuiin
2920 4663 3119 4703 vanum
3140 4646 3367 4706 ".xh‘ec
3404 4648 3550 4705 enim

1972 4734 2195 4791 habebit
2221 4736 2493 4792 insontem
2516 4734 2781 4795 Dominus
2804 4753 2927 4795 eum
2953 4738 3048 4812 qui
3070 4738 3430 4809 assumpserit
3457 4753 3555 4793 no—

1974 4841 2096 4883 meu
2114 4827 2326 4883 Domini
2341 4828 2425 4885 sui
2440 4827 2661 4885 frustra.
2676 4848 2696 4882 ι
2718 4828 2833 4885 Hoc
2846 4832 3007 4887 etiam
3022 4830 3142 4885 loco
3158 4831 3275 4901 ipse
3289 4827 3553 4886 Dominus

1972 4934 2037 4975 ea
2076 4936 2198 4991 quae
2226 4923 2473 4992 exposita
2501 4930 2631 4978 sunt
2662 4924 2731 4979 de
2768 4924 2875 4978 alio
2890 4922 3071 4978 docet.
3106 4920 3385 4994 Siquidem
3421 4936 3548 4999 cum

1973 5011 2173 5068 (ﬁxerit
2193 5052 2207 5076 ,
2231 5030 2249 5064 ι
2275 5012 2388 5084 Ego
2417 5030 2538 5070 sum
2562 5014 2823 5071 Dominus
2872 5014 3010 5070 Deus
3034 5023 3184 5083 tuus,
3214 5036 3233 5068 ι
3263 5014 3510 5093 adiungit
3533 5031 3553 5071 :

1978 5122 1998 5155 ι
2022 5102 2141 5158 Non
2184 5121 2371 5161 sumes
2399 5122 2600 5163 nomen
2627 5106 2841 5164 Domini
2872 5107 2965 5166 Dei
2981 5109 3095 5164 tui:
3127 5127 3147 5160 ι
3170 5106 3333 5181 243
3351 5107 3557 5179 quippe

1972 5210 2097 5252 cum
2110 5195 2176 5252 de
2201 5195 2365 5254 Patre
2386 5207 2439 5254 et
2462 5197 2572 5256 Deo
2595 5200 2855 5267 universi,
2880 5202 2928 5257 is
2942 5200 3034 5272 qui
3064 5200 3133 5257 ab
3153 5201 3246 5256 illo
3267 5210 3352 5257 est
3374 5199 3557 5257 Domi-

1973 5304 2100 5354 nus,
2134 5305 2292 5344 suum
2316 5306 2534 5347 servum
2562 5294 2734 5349 sacris
2761 5293 2960 5349 initiet.
2976 5290 3097 5348 Alia
3111 5302 3371 5365 praeterea
3390 5292 3553 5348 innu-

1975 5382 2262 5438 tnerabilia
2307 5383 2553 5440 invenies
2586 5400 2682 5456 per
2723 5393 2893 5440 totam
2929 5384 3273 5458 Scripturam
3313 5400 3553 5451 sacram,

1976 5486 2097 5541 quae
2139 5475 2329 5529 eadem
2375 5475 2587 5531 ratione
2614 5492 2722 5545 qua
2769 5476 2885 5532 haec
2921 5479 3215 5539 enuntiata
3259 5487 3412 5545 sunt,
3463 5476 3557 5535 ubi

1974 5561 2136 5620 Pater
2174 5574 2435 5637 tanquam
2486 5568 2553 5621 de
2581 5568 2686 5623 alia
2715 5585 2977 5640 persona,
3024 5580 3078 5627 et
3130 5573 3250 5643 ipse
3293 5571 3558 5628 Dominus

1976 5664 2235 5728 tanquam
2260 5658 2327 5714 de
2372 5658 2480 5714 alio
2527 5662 2787 5731 quodam,
2823 5665 3046 5720 oracula
3077 5666 3362 5722 reddebat.

359 5808 408 5840 "
442 5806 614 5864 Exod.
644 5823 804 5873 xxm,
835 5808 1030 5873 10,2l.
1103 5809 1150 5841 "
1186 5809 1345 5866 Exod.
1388 5828 1561 5879 usu,
1594 5813 1681 5869 5-5.
1758 5815 1803 5847 "
1838 5812 1864 5868 Ε

1964 5815 2007 5871 i.
2040 5831 2234 5884 sunt,
2271 5816 2394 5886 1,2.
2473 5819 2517 5851 τ’
2548 5816 2720 5902 Exod.
2761 5836 2853 5888 xx,
2877 5820 2997 5877 2-5.
3068 5822 3117 5856 "
3154 5821 3293 5877 ibid.
3336 5857 3383 5902 ,ε

615 5903 891 5964 ΡΔτιιοι..
924 5907 1040 5966 (in.
1082 5905 1283 5970 Χτςιι.

3203 5914 3277 5976 13
