4080 6416
546 301 646 359 505

1107 417 1328 478 CAPU'!
1371 417 1536 473 XVII.

543 538 696 607 Quod
727 555 773 592 ts
805 551 989 590 rursus
1013 532 1290 598 Dominus,
1339 533 1426 604 qui
1457 529 1598 607 ιιρεὶ
1639 544 1891 607 responsa
1921 525 2107 607 dabat,

599 611 764 664 alium
808 624 840 661 a
881 622 979 675 quo
1009 615 1122 658 erat
1160 597 1467 675 agnascens,
1500 597 1942 671 Putrem'utique,
1973 597 2111 651 hunc

611 682 780 750 ipsum
812 693 967 730 suum
995 677 1162 730 Deum
1186 675 1428 730 vocabat.

615 814 634 847 ι
660 793 725 847 Et
755 793 892 848 dixit
917 790 1183 846 Dominus
1222 790 1289 845 ad
1321 789 1559 861 Moysem
1587 809 1600 844 :
1627 787 1692 841 Et
1732 787 1836 842 hoc
1866 785 1962 840 tibi
1999 800 2114 839 ver-

541 889 690 950 bum,
728 886 876 957 quod
901 885 1110 948 dixisti,
1141 883 1358 938 faciam.
1398 881 1659 936 Invenisti
1693 879 1838 934 enim
1877 877 2110 948 gratiam

538 995 722 1034 coram
741 994 848 1042 me,
868 986 920 1032 et
936 977 1062 1032 novi
1077 986 1128 1030 te
1143 985 1340 1046 praater
1351 991 1564 1030 omnes.
1579 993 1597 1026 ι
1621 972 1687 1028 Et
1710 973 1848 1027 dixit
1867 971 2109 1044 Moyses:

543 1089 562 1124 ι
583 1070 821 1127 Ostende
841 1071 973 1123 mihi
988 1076 1137 1124 tuam
1157 1069 1407 1137 gloriam.
1424 1087 1441 1117 ›
1460 1066 1525 1120 Ει
1541 1066 1679 1122 dixit
1695 1085 1707 1120 :
1723 1087 1739 1117 ι
1761 1064 1872 1135 Ego
1894 1064 2112 1120 anteibo

539 1163 688 1234 prior
732 1171 784 1218 te
817 1162 990 1232 gloria
1027 1176 1170 1224 mea,
1205 1167 1259 1214 et
1281 1161 1488 1214 vocabo
1525 1159 1579 1213 in
1611 1158 1833 1213 nomine
1857 1172 1976 1212 meo
2003 1155 2111 1210 Do-

537 1235 747 1307 minum
784 1267 967 1307 coram
999 1260 1071 1315 te,
1105 1258 1159 1304 et
1199 1250 1505 1305 miserabor
1536 1249 1916 1318 cujuscunque
1947 1248 2113 1301 mise-

537 1359 684 1409 reor,
732 1351 786 1398 et
832 1344 1075 1398 clemens
1123 1357 1220 1396 ero
1261 1356 1388 1411 erga
1423 1355 1806 1410 quemcunque
1846 1354 1966 1394 sum
2000 1338 2110 1392 cle-

537 1437 774 1490 mens".
804 1455 821 1486 ι
847 1434 911 1487 Ει
939 1445 1061 1505 post
1091 1433 1198 1487 alia
1237 1433 1507 1502 adjungit,
1536 1441 1698 1502 atque
1726 1433 1835 1486 ait:
1862 1450 1880 1482 ι
1923 1430 1986 1484 Ει
2025 1431 2113 1485 de-

537 1528 753 1584 scendit
777 1525 1111 1581 Dominusin
1135 1526 1297 1590 nube,
1326 1533 1380 1580 et
1398 1525 1606 1580 adstitit
1633 1525 1682 1578 ei
1713 1525 1842 1580 illic.
1869 1531 1923 1578 et
1950 1537 2111 1577 voca-

536 1619 628 1693 vit,
656 1618 710 1670 in
780 1617 1002 1671 nomine
1047 1614 1294 1668 Domini:
1347 1621 1400 1668 et
1437 1613 1692 1667 transivit
1741 1611 2003 1664 Dominus
2054 1610 2111 1662 in

536 1710 755 1764 nomine
804 1709 999 1778 ipsius,
1035 1715 1089 1763 et
1129 1707 1378 1762 vocavit:
1403 1705 1652 1768 Domine,
1682 1702 1932 1765 Domine,
1972 1700 2110 1756 Deus

1234 297 1504 356 EUSEBH
1543 291 2018 354 CAESARIENSIS
2055 290 2207 348 OPP.
2249 291 2445 346 PARS.
2486 289 2552 347 Π.
2591 322 2661 332 --
2698 292 3196 354 APOLOGETICA.

2148 411 2190 469 Δ

3692 307 3802 364 596

2748 411 3140 467 ΚΕΦΑΛΑΙΟΝ
3165 415 3265 468 lZ'.

2228 517 2325 602 ’.Ως
2347 519 2726 602 αὐτὸς-αὖθις
2757 528 2790 577 ὁ
2813 523 2916 602 τῷ.
2938 525 3144 580 Μωσεῖ
3163 526 3534 602 erfmr
3554 531 3794 602 Κύριος.

2284 595 2488 669 ἕτερον
2531 595 3099 669 Κύριονλκρείζτονα
3149 595 3367 669 ἑαυτοῦ
3413 597 3520 652 τὸν
3567 595 3802 669 Πάτέρα

2286 660 2652 732 γιγνώσκων,
2681 660 2895 718 τοῦτον
2920 667 3212 734 ἀληθινὸν
3246 667 3394 721 Θεὸν
3425 660 3797 726 ἀνεκωεῖὲο.

2297 794 2316 827 ι
2367 776 2475 830 Kal
2538 771 2657 828 εἷπε
2718 777 2922 848 Κύριος
2961 779 3098 850 πρὸς
3147 781 3390 851 Μωσῆν·
3451 783 3563 836 Kal
3604 783 3796 838 τοῦτόν

2219 886 2302 923 σοι
2353 869 2442 924 τὸν
2493 869 2670 938 λόγον,
2713 869 2773 923 ὃν
2827 871 3074 942 εἴρηκας,
3113 871 3340 942 ποιήσω.
3386 872 3642 945 Εὕρηκας
3685 876 3794 949 γὰρ

2214 963 2374 1034 χάριν
2399 962 2630 1018 ἐνώπιόν
2665 980 2790 1034 μου,
2824 964 2919 1016 καὶ
2940 959 3057 1016 οἶδά
3087 980 3146 1016 σε
3175 965 3325 1036 παρά
3359 966 3586 1030 πάντας.
3629 987 3648 1018 ι
3686 968 3797 1021 Καὶ

2213 1051 2333 1108 εἷπε
2366 1057 2589 1126 Μωσῆςο
2621 1075 2638 1107 ι
2667 1054 2847 1119 Δεῖξόν
2885 1073 2974 1126 μοι
3028 1057 3127 1128 τὴν
3169 1057 3398 1111 σεαυτοῦ
3421 1059 3597 1124 δόξαν.
3637 1078 3658 1110 ›
3684 1061 3796 1114 Καὶ

2215 1143 2399 1199 εἶπεν
2433 1165 2451 1197 ι
2497 1145 2636 1215 Ἐγὼ
2669 1147 3115 1219 προπορεύσομαι
3149 1150 3414 1221 πρότερός
3452 1169 3544 1204 σου
3568 1155 3634 1223 τῇ
3663 1152 3791 1226 δόξῃ

2218 1255 2342 1308 μου,
2365 1239 2460 1292 καὶ
2483 1239 2696 1293 καλέσω
2720 1242 2777 1294 ἐν
2802 1241 3026 1310 ὀνόματί
3052 1259 3154 1312 μου
3177 1242 3379 1314 Κύριον
3405 1245 3646 1298 ἐναντίον
3673 1263 3788 1310 σου,

2213 1335 2306 1386 καὶ
2335 1333 2542 1404 ἐλεήσω
2606 1333 2664 1386 ὃν
2716 1333 2782 1388 ἂν
2823 1334 2978 1397 ἐλεῶ,
3023 1336 3116 1388 καὶ
3169 1338 3490 1408 οἰκτειρήσω
3522 1338 3580 1390 ὃν
3617 1338 3682 1392 ἂν
3714 1341 3794 1392 oi-

2214 1426 2435 1496 κτείρω.
2475 1444 2493 1475 ι
2527 1425 2635 1478 Kal
2697 1427 2815 1496 μεθ’
2861 1425 3023 1497 ἕτερα
3069 1428 3322 1499 ἐπιφέρει
3377 1429 3578 1496 λέγων’
3621 1449 3639 1479 ι
3679 1430 3791 1483 Kal

2214 1521 2416 1590 κατέϐη
2431 1519 2633 1592 Κύριος
2651 1521 2706 1572 ἐν
2726 1520 2947 1593 νεφέλῃ,
2970 1521 3062 1574 καὶ
3080 1522 3329 1594 παρέστη
3357 1522 3506 1593 αὐτῷ
3542 1524 3678 1584 ἐκεῖ,
3698 1525 3794 1577 καὶ

2213 1612 2472 1684 ἐλάλησεν
2506 1615 2564 1666 ἐν
2609 1612 2832 1683 ὀνόματι
2883 1613 3088 1683 Κυρίου
3113 1631 3125 1642 ·
3160 1614 3254 1667 καὶ
3301 1614 3547 1685 παρῆλθε
3585 1615 3794 1686 Κύριος

2213 1707 2271 1759 ἒν
2316 1707 2538 1776 ὀνόματι
2577 1705 2765 1768 αὑτοῦ,
2811 1704 2908 1758 καὶ
2953 1705 3215 1758 ἐκάλεσεο
3258 1705 3450 1776 Κύριε,
3506 1707 3702 1779 Κύριε,
3760 1709 3791 1760 6

535 1802 775 1857 clemens
801 1807 855 1855 et
889 1799 1226 1862 misericors,
1258 1797 1609 1867 longanimis,
1645 1805 1698 1850 et
1727 1795 1910 1847 multa:
1953 1793 2096 1846 mise

2210 1797 2342 1860 Θεὸς
2380 1797 2675 1868 οἰκτίρμων
2735 1799 2828 1850 καὶ
2860 1797 3126 1868 ἐλεήμων,
3177 1797 3529 1869 μακρόθυμος
3563 1799 3658 1851 καὶ
3691 1815 3790 1852 τιο-

534 1891 787 1955 rationis,
831 1896 886 1944 et
931 1903 1119 1955 verax,
1161 1895 1216 1942 et
1260 1886 1532 1956 justitiam
1594 1898 1843 1948 servans,
1899 1881 2106 1936 faciens

534 1981 968 2040 misericordiam
1020 1982 1074 2034 in
1139 1979 1330 2042 millia,
1381 1977 1636 2031 auferens
1694 1975 2012 2045 iniquitates
2052 1982 2106 2028 et

534 2074 853 2145 injustitias,
879 2078 932 2126 et
951 2077 1172 2141 peccata
1208 2084 1220 2120 :
1251 2077 1305 2124 et
1350 2067 1671 2138 purgatione
1694 2081 1804 2120 non
1853 2064 2107 2136 purgabit

534 2179 718 2218 reum:
754 2160 1020 2220 inducens
1055 2167 1276 2230 peccata
1307 2166 1524 2228 patrum
1572 2157 1628 2210 in
1660 2148 1823 2219 ﬁlios,
1870 2167 1922 2209 et
1965 2155 2105 2210 ﬁlios

534 2252 791 2317 ﬁliorum,
827 2253 882 2307 in
923 2253 1139 2307 tertiam
1202 2262 1257 2308 et
1287 2260 1538 2323 quartam
1569 2243 1974 2321 generationem
2005 2269 2016 2303 :
2050 2257 2104 2303 et

531 2357 654 2400 cum
687 2345 1002 2401 festinasset
1060 2345 1258 2410 Moses,
1305 2351 1566 2399 curvatus
1599 2343 1655 2396 in
1688 2346 1888 2398 terram
1910 2343 2105 2397 adora-

530 2437 686 2490 vit".
715 2457 732 2488 ι
765 2435 1238 2508 Contemplamini,
1262 2450 1469 2506 quaeso,
1495 2451 1729 2506 quonam
1756 2435 1915 2489 modo
1941 2436 2102 2489 ctiam

530 2544 678 2584 nunc
732 2531 849 2600 ipse
895 2529 1176 2596 Dominus,
1229 2530 1320 2600 qui
1380 2532 1435 2584 in
1496 2529 1639 2584 nube
1688 2527 1994 2590 descendit,
2049 2538 2104 2582 et

528 2623 666 2678 Mosi
723 2623 934 2678 adstitit
979 2624 1034 2678 in
1081 2624 1299 2678 nomine
1341 2623 1574 2686 Domini,
1616 2622 1889 2677 vocaverit
1935 2623 2099 2675 alium

529 2726 727 2786 printer
759 2717 1023 2786 seipsum,
1059 2717 1152 2786 qui
1189 2717 1383 2772 solitus
1414 2716 1486 2772 sit
1523 2731 1590 2771 ex
1623 2715 2101 2784 conduplicatione

527 2809 612 2862 bis
643 2806 907 2861 Dominus
953 2806 1237 2876 appellari,
1275 2815 1534 2875 tanquam
1577 2821 1723 2868 eum,
1771 2819 1801 2858 a
1835 2820 1943 2874 quo
1982 2805 2099 2872 ipse

527 2901 619 2962 sit,
659 2899 991 2968 reliquorum
1022 2899 1264 2951 omnium
1293 2897 1384 2966 jus
1407 2904 1844 2967 potestatemque
1867 2898 2095 2960 habens,

530 2991 620 3044 Dei
652 2989 873 3043 nomine
901 2988 1227 3048 celebretur,
1246 3001 1406 3040 suum
1442 2985 1628 3055 utique
1653 2983 1866 3038 Patrem
1891 3003 1904 3051 ;
1931 2994 2094 3055 atque

2207 1888 2450 1952 λυέλεος,
2497 1889 2590 1941 καὶ
2629 1888 2916 1958 ἀληθινὸς,
2965 1890 3059 1942 κα)⁸
3105 1889 3446 1960 δικαιοσύνην
3489 1890 3786 1962 διατηρῶν,

2208 1979 2375 2032 ποιῶν
2403 1979 2549 2044 ἔλεος
2577 1981 2656 2042 είς
2696 1979 2958 2049 χιλιάδας,
2983 1980 3230 2052 ἀφαιρῶν
3263 1982 3511 2052 ἀνομίας,
3547 1983 3640 2034 καὶ
3672 1983 3791 2036 ἀδι-

2207 2071 2350 2134 κίας,
2384 2072 2477 2124 καὶ
2509 2071 2815 2142 ἁμαρτίας·
2847 2072 2940 2124 καὶ
2973 2072 3301 2144 καθαρισμῷ
3325 2074 3385 2125 ού
3419 2073 3672 2144 καθαριεῖ
3695 2073 3788 2126 τὸν

2206 2164 2409 2234 ἔνοχον,
2459 2165 2687 2232 ἀπάγων
2733 2164 3010 2235 ἁμαρτίας
3053 2165 3305 2236 πατέρων
3335 2166 3428 2218 ἐπὶ
3457 2166 3645 2229 τέκνα,
3693 2166 3788 2220 καὶ

2205 2256 2373 2310 τέκνα
2397 2257 2622 2319 τέκνων,
2662 2258 2753 2309 ἐπὶ
2782 2258 2971 2328 τρίτην
2996 2257 3088 2310 καὶ
3121 2259 3386 2330 τετάρτην
3412 2259 3604 2324 γενεάν
3635 2277 3647 2288 ·
3688 2261 3786 2312 καὶ

2207 2349 2447 2412 σπεύσας
2492 2351 2729 2419 Μωσῆς,
2781 2349 2958 2419 κύψας
2996 2350 3090 2403 ἐπὶ
3132 2349 3230 2420 τὴν
3279 2349 3382 2419 γῆν
3436 2350 3787 2422 προσεκύνηαι

2206 2456 2316 2494 σεν.
2357 2459 2374 2490 ι
2405 2441 2546 2510 Ὅρα
2580 2439 2643 2510 δὴ
2670 2440 2790 2494 τίνα
2817 2441 3016 2511 τρόπον
3043 2441 3136 2494 καὶ
3160 2440 3254 2493 νῦν
3288 2441 3447 2504 αὐτὸς
3475 2445 3502 2494 6
3529 2442 3733 2513 Κύριος
3755 2443 3787 2495 6

2209 2531 2447 2596 καταϐὰς
2471 2532 2730 2586 ἐκάλεσεν
2774 2533 2833 2584 ἐν
2887 2533 3106 2604 νεφέλῃ,
3141 2533 3235 2586 καὶ
3274 2532 3350 2603 τῷ
3379 2535 3566 2586 Μωσεῖ
3602 2550 3789 2605 παρα-

2205 2623 2336 2686 στάς
2368 2624 2427 2675 ὲν
2487 2622 2709 2692 ὀνόματι
2761 2622 2988 2693 Κυρίου,
3023 2622 3209 2690 ἕτερον
3243 2622 3371 2691 παρ’
3404 2621 3617 2683 ἐαυτὸν,
3655 2638 3786 2673 συν-

2203 2715 2348 2784 ήθως
2377 2713 2518 2768 κατὰ
2559 2713 2924 2767 ἀναδίπλωσιν
2950 2712 3032 2776 δὶς
3079 2712 3280 2784 Κύριον
3328 2713 3779 2783 ἐπικαλούμενον,

2202 2805 2350 2858 ὠσάν
2392 2807 2486 2858 καὶ
2521 2805 2712 2858 ἐαυτοῦ
2745 2808 2837 2858 xal
2864 2805 2971 2858 τῶν
2999 2804 3200 2858 λοιπῶν
3226 2805 3479 2859 ἁπάντων
3510 2806 3784 2877 δεσπότην

2201 2898 2638 2969 θεολογούμενον,
2671 2898 2761 2952 τὸν
2799 2898 2994 2951 ἐαυτοῦ
3041 2900 3288 2971 Πατέρα·
3335 2900 3428 2953 καλ⁵
3473 2903 3553 2952 ὅτι
3605 2917 3668 2968 γε
3724 2903 3784 2953 ἐν

2202 2991 2407 3056 τούτοις
2446 2993 2506 3046 ού
2554 2993 2792 3063 Μωσῆς,
2827 2993 2903 3056 ὡς
2947 2993 3012 3046 ἂν
3058 2993 3316 3047 ὑπολάϐοι
3367 3011 3470 3056 τις,
3503 2991 3639 3046 ἀλλὰ
3671 2993 3785 3064 γὰρ

525 3084 653 3136 ιιιὶιι
677 3082 764 3135 his
794 3095 904 3133 non
956 3077 1154 3140 Moses,
1192 3078 1334 3132 sicut
1359 3077 1588 3132 forsitan
1613 3076 1882 3146 quispiam
1914 3078 2094 3144 suspi-

2202 3085 2363 3148 αὐτὸς
2395 3088 2423 3139 6
2473 3085 2674 3158 Κύριος
2722 3085 2906 3154 ἕτερον
2950 3084 3153 3153 Κύριον
3201 3085 3290 3136 τὸν
3332 3085 3550 3156 Πατέρα
3599 3086 3781 3149 καλεῖ,

525 3183 702 3238 cetur,
743 3172 839 3228 sed
890 3174 1008 3244 ipse
1053 3171 1316 3226 Dominus
1346 3171 1510 3224 alium
1551 3185 1711 3224 suum
1742 3168 1957 3224 Patrem
1995 3186 2094 3224 vo-

524 3278 649 3323 cat:
679 3275 805 3321 ante
848 3266 994 3320 enim
1035 3266 1081 3320 is
1138 3265 1230 3334 qui
1275 3263 1405 3318 Mosi
1442 3264 1741 3334 respondit,
1792 3265 1898 3318 ait:
1938 3283 1956 3316 ι
1984 3264 2094 3335 Ego

521 3360 770 3416 transibo
795 3359 948 3429 prior
980 3365 1034 3413 te
1082 3358 1255 3428 gloria
1294 3373 1434 3422 mea,
1463 3365 1516 3412 et
1538 3357 1746 3411 vocabo
1777 3358 1829 3411 in
1873 3361 2094 3416 nomine

522 3452 757 3508 Domini.
789 3472 807 3504 ι
847 3448 946 3506 Ubi
979 3452 1144 3520 igitur
1177 3450 1280 3504 hoc
1317 3450 1473 3508 dixit.
1526 3449 1806 3519 Scriptura
1837 3451 2092 3523 deinceps

523 3546 696 3600 instar
708 3545 1036 3600 narrationis
1049 3545 1290 3614 adjungit
1311 3541 1494 3615 :2“
1512 3561 1527 3592 ι
1541 3543 1604 3596 Et
1618 3543 1894 3598 descendit
1910 3543 2094 3598 Domi-

522 3654 627 3694 nus
657 3638 710 3692 in
741 3639 905 3701 nube,
931 3645 984 3692 et
1013 3638 1226 3692 adstitit
1247 3639 1297 3692 ei
1323 3639 1453 3702 illic,
1478 3647 1531 3692 et
1555 3639 1767 3692 vocavit
1795 3639 1848 3692 in
1874 3639 2091 3694 nomine

522 3729 790 3783 Domini.»
844 3729 1013 3799 Igitur
1051 3729 1168 3799 ipse
1198 3728 1458 3783 Dominus
1486 3730 1612 3784 dum
1644 3740 1750 3793 est,
1788 3731 1930 3800 quod
1966 3747 2091 3800 pro-

519 3820 762 3882 miserat,
800 3829 1180 3890 praestaturus,
1211 3819 1514 3884 descendit,
1541 3827 1594 3874 et
1627 3821 2087 3891 quemadmodum

517 3911 682 3965 verba
716 3911 830 3981 ipsa
853 3911 1180 3982 signiﬁcant,
1208 3913 1553 3982 pragreditur
1583 3923 1708 3966 ante
1755 3912 1948 3967 faciem
1977 3915 2090 3970 Mo-

518 4003 618 4056 sis.
649 4001 765 4072 lpse
807 4011 987 4057 autem
1029 4003 1292 4057 Dominus
1336 4011 1493 4057 vocat
1533 4004 1755 4058 dicens:
1817 4022 1835 4054 ι
1862 4003 2089 4059 Domine

518 4089 682 4150 Deus.
723 4090 964 4145 clemens
990 4099 1044 4146 et
1070 4093 1403 4155 misericors,
1441 4112 1458 4144 ›
1497 4101 1551 4147 et
1581 4109 1703 4163 qua:
1736 4105 2043 4164 sequuntur
2068 4103 2091 4151 ε’

515 4183 715 4251 quibus
751 4183 932 4238 verbis
978 4185 1138 4254 plane
1180 4185 1295 4253 ipse
1327 4185 1589 4241 Dominus
1630 4203 1788 4242 suum
1845 4205 2084 4256 servum,

515 4282 570 4326 et
599 4273 840 4344 seipsum
867 4275 1122 4344 quisnam
1161 4285 1326 4339 esset,
1360 4286 1413 4332 et
1442 4277 1666 4349 ingeniti
1696 4279 1907 4334 Domini
1943 4283 2082 4335 noti-

515 4362 667 4425 tiam,
702 4364 859 4432 quasi
909 4366 1081 4420 sacris
1117 4366 1342 4420 initians
1385 4367 1564 4421 docet.
1606 4367 1718 4422 Hoc
1753 4386 1879 4424 vero
1905 4371 2082 4440 ipsum

2204 3175 2535 3246 παραλαϐὼν
2581 3175 2740 3239 αὐτὸς
2767 3178 2794 3228 6
2825 3175 3177 3248 χρηματίζων
3218 3174 3295 3244 τῷ
3326 3177 3515 3228 Μωσεῖ
3575 3192 3742 3246 φησιν
3764 3193 3780 3207 ’

2209 3283 2226 3315 ι
2250 3265 2391 3333 Ἐγὼ
2419 3264 2822 3336 παρελεύσομαι
2853 3265 3118 3337 πρότερός
3147 3281 3239 3318 σου
3270 3268 3336 3335 τῇ
3371 3265 3494 3336 δόξῃ
3527 3283 3648 3335 μου,
3681 3283 3785 3320 κα-

2201 3356 2340 3409 λέσω
2386 3359 2443 3408 ἐν
2486 3356 2709 3427 ὀνόματι
2742 3357 2966 3427 Κυρίου.
3011 3375 3029 3407 ι
3078 3356 3246 3408 Τοῦτο
3293 3355 3422 3425 γοῦν
3469 3356 3780 3427 εἰρηκότος,

2200 3450 2325 3520 ἑξῆς
2351 3451 2589 3518 ἐπιλέγει
2623 3453 2654 3522 ή
2679 3451 2866 3522 Γραφὴ
2895 3449 3303 3520 διηγηματικῶς
3325 3468 3340 3481 ο
3373 3469 3391 3502 ι
3430 3450 3540 3503 Kal
3569 3449 3780 3523 κατέϐη

2199 3543 2404 3614 Κύριος
2455 3546 2512 3597 ἐν
2561 3544 2777 3614 νεφέλῃ,
2830 3544 2922 3596 καὶ
2977 3543 3221 3614 παρέστη
3283 3542 3432 3614 αὐτῷ
3487 3545 3622 3606 ἐκεῖ,
3682 3543 3782 3596 καὶ

2199 3635 2456 3688 ἐκάλεσεν
2498 3637 2554 3686 ἐν
2599 3635 2820 3704 ὀνόματι
2864 3635 3089 3706 Κυρίου.
3126 3655 3144 3686 ι
3173 3635 3379 3689 Οὐκοῦν
3413 3635 3576 3698 αὐτὸς
3600 3636 3628 3688 ὁ
3663 3637 3780 3688 Κύ-

2167 3781 2172 3789 ,
2202 3745 2312 3798 ριος
2333 3727 2428 3797 τὴν
2456 3727 2746 3797 ὑπόσχεσιν
2777 3725 2874 3797 τὴν
2899 3726 3061 3779 αὐτοῦ
3086 3727 3390 3798 πληρώσων
3422 3728 3653 3791 κάτεισι,
3682 3729 3779 3784 καὶ

2197 3818 2383 3890 ὥσπερ
2411 3821 2438 3872 6
2470 3819 2623 3887 λόγος
2673 3817 2827 3889 φησὶ,
2873 3818 3085 3888 πρόεισι
3119 3817 3226 3888 πρὸ
3261 3817 3550 3889 προσώπου
3575 3816 3774 3887 Μωσῆ.

2196 3910 2305 3962 Καὶ
2332 3909 2493 3974 αὐτὸς
2522 3909 2586 3980 δὴ
2615 3911 2644 3962 6
2667 3909 2869 3981 Κύριος
2899 3907 3053 3961 καλεῖ
3074 3907 3246 3975 λέγων
3266 3923 3279 3935 ·
3314 3927 3330 3956 ι
3365 3906 3537 3978 Κύριε
3562 3909 3591 3959 6
3619 3907 3775 3971 Θεὸς,

2195 4002 2492 4072 οἰκτίρμων
2540 4001 2634 4055 καὶ
2668 4000 2933 4070 ἐλεήμων,
2993 4019 3012 4049 ι
3059 3999 3152 4052 καὶ
3197 3999 3265 4052 τὰ
3306 3998 3465 4068 ἐξῆςο
3519 3996 3706 4067 σαφῶς
3745 3999 3777 4051 6

2195 4094 2399 4165 Κύριος
2425 4095 2514 4146 τὸν
2555 4093 2878 4165 θεράποντα,
2909 4091 3099 4144 ἑαυτόν
3132 4108 3192 4143 τε
3227 4092 3372 4154 ὅστις
3401 4090 3508 4160 εἴη,
3546 4090 3643 4142 καὶ
3674 4089 3776 4159 τὴν

2193 4187 2287 4240 τοῦ
2317 4189 2621 4258 κρείττονος
2669 4185 2873 4257 Κυρίου
2928 4185 3128 4254 γνῶσιν
3175 4182 3564 4255 μυσταγωγῶν.
3602 4181 3777 4234 Τοῦτο

2193 4279 2248 4334 δέ
2294 4298 2375 4334 σοι
2419 4283 2781 4359 παραστήσει,
2815 4279 2962 4342 ἔνθα,
3015 4277 3450 4350 προσευχόμενος
3492 4275 3634 4347 ὑπὲρ
3674 4275 3774 4329 τοῦ

2192 4372 2341 4437 λαοῦ,
2401 4372 2509 4425 τῶν
2575 4372 2949 4443 προκειμένων
3000 4369 3094 4423 τοῦ
3165 4369 3372 4440 Κυρίου
3437 4368 3773 4439 μνημονεύει

513 4454 610 4508 tibi
647 4455 961 4523 planissime
995 4457 1388 4512 demonstrabit
1420 4459 1532 4528 ipse
1559 4459 1789 4532 Moyses,
1810 4462 1901 4517 ubi
1926 4479 2092 4519 orans

2201 4465 2410 4536 φωνῶν,
2437 4465 2528 4518 τὸν
2550 4465 2752 4535 Κύριον
2785 4462 2956 4516 ταῦτα
2982 4461 3282 4533 εἰρηκέναι,
3306 4459 3421 4513 ἀλλ’
3448 4461 3550 4513 οὐκ
3582 4461 3770 4526 αὑτὸν,

514 4555 613 4615 pro
644 4545 862 4613 pepulo,
901 4560 1065 4613 supra
1106 4547 1382 4615 expositas
1419 4547 1631 4603 Domini
1669 4567 1830 4606 voces
1851 4567 2092 4609 comme-

514 4643 724 4688 morat:
757 4635 868 4689 illic
899 4637 1045 4690 enim
1077 4637 1369 4707 intelliges,
1396 4637 1686 4695 Dominum
1712 4643 1826 4698 tunc
1854 4644 2086 4711 dixisse,

513 4739 621 4780 non
645 4727 822 4796 ipsum
854 4727 1114 4800 Moysem,
1137 4733 1456 4788 cum-dicit:
1483 4753 1500 4785 ι
1523 4734 1589 4788 Et
1624 4751 1770 4790 nunc
1800 4739 2091 4794 extollatur

512 4833 710 4874 manus
737 4827 854 4884 tua,
875 4820 1121 4886 Domine,
1147 4825 1600 4893 quemadmodum
1625 4828 1831 4896 dixisti,
1863 4832 2087 4888 dicens:

511 4909 777 4966 Dominus
824 4913 1178 4983 longanimis,
1223 4926 1276 4971 et
1327 4920 1508 4973 multm
1575 4922 1984 4989 misericordiae,
2037 4933 2091 4980 et

513 5019 699 5070 verax,
720 5005 1312 5076 auferensiniquitatcs
1339 5018 1390 5063 et
1424 5011 1722 5079 injustitias
1753 5021 1805 5068 et
1835 5025 2080 5084 peccata,

513 5104 567 5150 et
620 5097 942 5166 purgatione
980 5115 1088 5152 non
1126 5102 1375 5170 purgabit
1416 5118 1589 5171 reum,
1616 5107 1708 5174 qui
1748 5107 1930 5163 reddis
1961 5125 2087 5177 pec-

514 5193 637 5239 cata
663 5195 878 5255 patrum
915 5189 968 5243 in
1001 5190 1158 5255 ﬁlios,
1201 5207 1374 5261 usque
1405 5193 1458 5249 in
1502 5198 1718 5250 tertiam
1753 5205 1806 5252 et
1834 5209 2085 5268 quartam

513 5277 940 5345 generationem.
969 5300 987 5332 ι
1040 5280 1281 5337 Observa
1325 5293 1506 5338 autem
1554 5302 1790 5356 quonam
1831 5291 1996 5344 modo
2030 5293 2084 5346 in

513 5367 600 5422 bis
631 5368 747 5436 ipse
778 5368 1040 5428 Dominus
1067 5374 1155 5428 ubi
1181 5374 1394 5432 Patrem
1421 5379 1806 5449 longanimcm,
1827 5391 1879 5436 et
1902 5385 2086 5440 multa:

515 5458 904 5517 misericordia:
937 5466 1249 5534 appellavit,
1283 5477 1397 5522 tum
1434 5470 1700 5543 adjungit,
1749 5473 1927 5542 ipsum
1960 5491 2082 5532 esse

509 5567 785 5620 veracem,
827 5557 972 5625 quod
1017 5573 1149 5614 sane
1197 5575 1322 5615 cum
1367 5579 1433 5618 eo
1473 5566 1793 5630 concordat,
1840 5569 1985 5638 quod
2026 5570 2081 5625 in

610 5712 654 5743 ⁷⁷
684 5709 855 5766 Exod.
887 5728 1078 5776 sum,
1109 5715 1291 5773 17-19.
1389 5719 1432 5752 "
1467 5719 1639 5777 Exod.
1673 5738 1868 5790 xxxlv,
1908 5723 1962 5784 Ι.
1999 5724 2119 5783 5-8.

2191 4559 2248 4612 ἐν
2277 4553 2358 4621 οἷς
2381 4574 2544 4627 φησι·
2588 4575 2606 4607 ι
2644 4557 2753 4610 Καὶ
2781 4555 2876 4607 νῦν
2901 4554 3169 4624 ὑψωθήτω
3201 4555 3234 4623 ἡ
3268 4552 3387 4623 χείρ
3424 4569 3540 4612 σου,
3572 4552 3770 4624 Κύριε.

2189 4650 2249 4703 ὃν
2290 4651 2490 4722 τρόπον
2535 4645 2694 4711 εἶπας
2744 4646 2952 4715 λέγων’
3013 4645 3216 4718 Κύριος
3282 4643 3633 4715 μακρόθυμος
3675 4643 3773 4696 καὶ

2190 4742 2495 4806 πολυέλεος,
2527 4741 2621 4794 καὶ
2649 4739 2920 4810 ἀληθινὸς,
2951 4739 3200 4811 ἀφαιρῶν
3260 4737 3488 4808 ἀνομίας
3521 4738 3615 4789 καὶ
3657 4737 3775 4790 ἀδι-

2189 4833 2332 4896 κίας,
2369 4831 2462 4885 καὶ
2493 4831 2796 4902 ἁμαρτίαςο
2831 4830 2922 4882 καὶ
2947 4827 3273 4899 καθαρισμῷ
3299 4829 3356 4880 ού
3394 4828 3648 4898 καθαριεῖ
3677 4827 3772 4879 τὸν

2189 4925 2390 4995 ἔνοχον,
2427 4923 2710 4987 ἀποδιδοὺς
2744 4921 3017 4994 ἁμαρτίας
3063 4921 3313 4992 πατέρων
3344 4920 3436 4972 ἐπὶ
3468 4919 3630 4972 τέκνα
3663 4920 3771 4981 ἕως

2194 5019 2286 5071 ἐπὶ
2311 5019 2501 5088 τρίτην
2532 5016 2625 5069 καὶ
2651 5015 2916 5086 τετάρτην
2941 5013 3150 5082 γενεάν.
3191 5032 3209 5064 ι
3254 5013 3528 5080 Ἐπιτήρει
3562 5009 3619 5062 δὲ
3643 5009 3768 5062 τίνα

2190 5111 2391 5183 τρόπον
2433 5111 2490 5162 ἐν
2539 5108 2744 5171 τούτοις
2774 5107 2932 5170 αὐτὸς
2972 5107 3000 5157 6
3039 5105 3261 5177 Κύριος,
3291 5103 3381 5157 τὸν
3411 5103 3630 5173 Πατέρα
3664 5119 3770 5171 μα-

2193 5201 2464 5273 κρόθυμον
2500 5201 2594 5254 καὶ
2624 5198 2909 5252 πολυέλεον
2941 5195 3202 5260 ἐπειπὼν,
3238 5193 3560 5266 προστίθησι
3591 5193 3770 5260 λέγων

2191 5293 2353 5347 αὑτὸν
2413 5294 2505 5348 καὶ
2568 5291 2860 5364 ἀληθινὸν,
2915 5288 3219 5361 συμφώνως
3287 5286 3383 5357 τῷ,
3440 5306 3458 5338 ι
3499 5287 3615 5338 Ἵνα
3678 5301 3769 5352 γι-

2191 5385 2477 5454 γνώσκωσί
2547 5402 2606 5438 σε
2678 5387 2767 5438 τὸν
2843 5383 3000 5455 μόνον
3075 5381 3327 5452 ἀληθινὸν
3392 5378 3555 5442 Θεὸν,
3623 5396 3642 5427 ι
3708 5376 3769 5427 ἐν

2190 5479 2539 5548 Εὑαγγελίοις
2582 5480 2669 5548 ὑφ’
2699 5478 2832 5539 ἐνὸς,
2859 5475 2953 5530 καὶ
2996 5473 3088 5527 τοῦ
3121 5471 3289 5526 αὑτοῦ
3324 5469 3577 5541 Σωτῆρος
3608 5465 3771 5539 ήμῶν

2190 5574 2481 5646 εἰρημένῳ.
2521 5574 2696 5628 Μόνον
2740 5570 2870 5640 γοῦν
2918 5567 3170 5641 ἀληθινὸν
3202 5564 3333 5620 Θεὸν
3377 5561 3583 5634 σφόδρα
3611 5559 3768 5614 εὐσε-
