4080 6416
312 362 416 431 391

1284 362 1939 432 DEMONSTRA'I‘IONIS
1972 364 2432 431 EVANGELICAE
2467 365 2593 429 LIB.
2636 370 2700 431 ν.

3470 375 3573 428 δατ

316 493 422 556 ϐὦς
450 486 723 551 ἀποκαλεῖ
769 495 866 551 τὸν
899 483 1138 568 Πατέρα,
1175 461 1236 549 τό
1278 495 1558 567 προσῆκον
1602 496 1872 569 ἀπονέμωε

2002 497 2314 568 Evangeliis
2361 497 2570 552 dictum
2600 504 2687 553 est
2724 496 2792 551 ab
2836 506 2947 550 uno
2971 488 3031 550 et
3067 493 3258 550 eodem
3289 491 3571 549 Salvatore

320 584 481 649 σέϐας
508 587 577 658 τῇ
614 585 895 658 ἀγεννήτῳ
931 585 1110 656 φύσει,
1142 579 1209 657 ἦς
1236 585 1399 639 αὐτὸν
1431 585 1615 640 είκόνα
1636 582 1773 640 εἶναι
1802 603 1872 641 κα

2002 595 2226 643 nostro:
2252 606 2273 640 ι
2298 587 2368 644 Ut
2396 597 2733 660 cognoscant
2759 595 2813 643 te
2852 587 3029 642 solum
3054 601 3239 640 verum
3264 584 3430 641 Deum
3453 586 3520 640 τ’.
3547 604 3569 638 υ

318 676 563 748 γέννημα
588 678 639 730 oi
662 670 795 732 θεῖοι
819 677 967 749 λόγοι
996 677 1362 733 παιδεύουσιν.

2004 678 2192 734 Solum
2239 680 2405 752 igitur
2456 694 2646 737 verum
2699 679 2865 736 Deum
2901 677 3193 733 admodum
3228 677 3317 748 pie
3352 692 3416 732 ac
3446 677 3566 733 reli-

316 766 464 836 giose
493 763 713 821 Patrem
745 774 927 833 vocat,
957 775 1017 821 ut
1045 768 1127 823 sic
1163 776 1371 822 naturae
1401 768 1658 839 ingenitae
1698 767 2114 824 convenientem
2170 771 2435 829 honerem
2485 778 2540 828 et
2568 771 2775 827 cultum
2792 771 3079 836 attribuat,
3143 769 3304 841 cujus
3363 778 3572 825 natura

316 867 368 912 et
393 857 573 929 ipsum
606 858 903 931 imaginem
936 874 1060 915 esse
1084 866 1137 914 et
1184 859 1429 914 sobolem
1467 859 1650 914 divina
1687 859 1885 914 docent
1920 861 2164 918 oracula.

832 970 1227 1024 ΚΕΦΑΛΑΙΟΝ
1267 966 1375 1024 ΙΗ’.

2560 966 2790 1028 CAPUT
2827 969 3017 1026 XVIII.

324 1048 463 1116 Ἆπό
494 1057 614 1134 τῷν
658 1059 1179 1134 ᾉριθμῶνε--ᾩς
1210 1061 1317 1116 τὸν
1348 1061 1495 1116 Θεὸν
1532 1059 1611 1134 τῷ
1655 1062 1872 1134 iopas.

1998 1063 2042 1119 A
2077 1060 2349 1120 Numeris.
2377 1096 2449 1105 —
2474 1063 2628 1131 Quod
2660 1063 2825 1118 Deum
2853 1066 2953 1134 ipsi
2984 1062 3160 1118 Israel
3185 1053 3438 1119 visibilem
3460 1066 3567 1121 esse

383 1130 606 1198 ὁρατόν
639 1126 791 1185 sliat
809 1126 861 1200 ἶή
892 1132 1021 1187 θεία
1046 1126 1321 1186 διδᾶσκει
1352 1131 1585 1201 Γραφὴ,
1609 1130 1716 1185 τὸν
1729 1126 1895 1185 ’Θεὸν

378 1202 578 1270 Λόγον
604 1202 1001 1271 αἰνιττομένη,

387 1310 477 1366 Ἐν
515 1315 628 1378 τοῖς
690 1312 967 1387 Ἀριθμοίς
1018 1308 1047 1366 6
1089 1310 1294 1385 Μωσῆς
1352 1312 1644 1385 εὐχόμενός
1692 1324 1889 1383 φησιν·

2068 1135 2251 1189 divina
2294 1135 2442 1190 docet
2466 1135 2765 1204 Scriptura,
2814 1133 2931 1205 qua:
2979 1137 3151 1205 ipsum
3194 1133 3294 1190 Dei
3346 1135 3568 1191 Verbum

2067 1206 2355 1275 signiﬁcat.

2062 1317 2122 1371 In
2175 1316 2430 1375 Numeris
2474 1317 2652 1376 Moses
2712 1332 2879 1377 orans
2917 1321 3021 1375 ait:
3072 1319 3381 1386 «Quoniam
3414 1328 3473 1374 tu
3507 1337 3570 1378 es

314 1406 468 1459 «Ὅτι
493 1407 558 1459 σὺ
577 1402 630 1458 εἴ
654 1406 858 1478 Κύριος
881 1407 938 1459 ἐν
964 1404 1041 1476 τῷ
1067 1404 1181 1476 λαῷ
1200 1405 1394 1476 τούτῳ,
1416 1406 1567 1469 ὅστις
1590 1403 1872 1475 ὀφθαλμοῖς

1991 1407 2258 1464 Dominus
2294 1412 2348 1464 in
2381 1411 2581 1481 populo
2612 1414 2716 1465 hoc
2758 1412 2851 1482 qui
2887 1412 3063 1467 oculis
3101 1412 3169 1466 ad
3194 1413 3385 1467 oculos
3414 1414 3569 1470 vide-

308 1499 423 1551 κατ’
465 1497 779 1568 ὀφθαλμοὺς
809 1497 1015 1570 ὀπτᾶνῃ
1059 1500 1144 1563 σὺ,
1178 1496 1351 1570 Κύριε
1376 1512 1392 1529 ο
1428 1516 1446 1549 ι
1485 1497 1601 1551 ἀνθ’
1629 1490 1691 1550 οὗ
1724 1500 1752 1551 6
1789 1498 1886 1569 μὲν

318 1582 548 1655 Ἃκῦλας
587 1593 884 1659 ἐξέδωκεν⁵
918 1610 937 1645 ι
972 1594 1094 1646 Ὀτι
1148 1593 1212 1646 σὺ
1241 1584 1311 1657 εἴ,
1348 1592 1540 1663 Κύριε,
1576 1592 1633 1644 ὲν
1665 1591 1888 1661 ὲγκάτῳ

304 1683 397 1738 τοῦ
427 1682 560 1737 λαοῦ
598 1682 809 1747 τούτου,
842 1684 900 1748 ὃς
930 1681 1205 1756 ὀφθαλμὸν
1236 1686 1295 1740 ὲν
1323 1682 1617 1755 ὀφθαλμοῖς
1651 1683 1753 1754 ὁρᾷ
1792 1683 1879 1755 σῖρ.

303 1772 476 1844 Κύριε
498 1790 512 1804 ·
562 1792 581 1825 ι
610 1775 638 1826 ὀ
667 1773 723 1827 δὲ
752 1764 1071 1845 Σῦμμαχος⁴
1104 1792 1123 1826 ι
1155 1775 1275 1828 Ὀτι
1311 1776 1375 1829 σὺ
1404 1769 1473 1839 εἴ,
1498 1771 1688 1846 Κύριε.
1720 1792 1742 1825 ι
1773 1771 1885 1825 Καὶ

1990 1500 2069 1555 ris
2104 1509 2185 1565 tu,
2221 1499 2449 1556 Domine
2474 1500 2552 1557 θυι
2591 1521 2610 1554 ι
2636 1517 2736 1573 pro
2760 1518 2869 1574 quo
2902 1518 3034 1558 sane
3062 1502 3259 1573 Aquila
3292 1504 3566 1561 reddidit:

1995 1606 2017 1641 ‹
2047 1589 2318 1656 Quoniam
2349 1598 2407 1646 tu
2434 1606 2521 1657 es,
2554 1591 2802 1661 Domine,
2827 1594 2882 1649 in
2910 1595 3214 1650 visceribus
3248 1597 3431 1666 populi
3463 1597 3568 1651 hu;-

1985 1682 2101 1753 jus,
2148 1684 2240 1753 qui
2291 1684 2513 1738 oculum
2559 1685 2617 1739 in
2664 1687 2839 1741 oculis
2892 1686 3097 1744 videris
3146 1697 3223 1753 tu,
3265 1688 3510 1744 Domine.
3542 1703 3565 1742 ι

1989 1774 2152 1847 245
2179 1774 2543 1847 Symmachus
2566 1786 2748 1832 autem
2785 1795 2800 1832 :
2842 1796 2861 1829 ι
2895 1776 3164 1845 Quoniam
3224 1790 3279 1835 tu
3327 1796 3411 1846 cs,
3458 1780 3566 1835 Dos

303 1865 361 1918 ἐν
397 1865 849 1939 Ἐξόδῳείρηταιδ
879 1886 896 1918 ι
924 1863 1034 1921 Καὶ
1063 1865 1228 1939 ἀνέϐη
1288 1866 1515 1939 Μωσῆς,
1538 1866 1632 1922 καὶ
1656 1863 1865 1937 Ἀαρὼν

1992 1870 2159 1924 mine.
2190 1884 2209 1920 ι
2244 1867 2311 1921 Et
2354 1868 2411 1923 in
2442 1867 2627 1923 Exodo
2656 1869 2862 1925 dictum
2893 1881 2969 1927 est
3001 1890 3058 1927 Et
3080 1871 3145 1926 Et
3178 1874 3425 1929 ascendit
3452 1874 3568 1929 Mo-

303 1948 395 2008 καὶ
456 1955 648 2009 Ναδάϐ
674 1997 688 2021 ,
745 1957 839 2010 καὶ
894 1957 1134 2021 Ἀϐιοὺδ,
1186 1958 1279 2011 καὶ
1338 1957 1711 2030 ἑϐδομήκοντα
1774 1956 1885 2011 τῶν

301 2047 690 2119 πρεσϐυτέρων
729 2047 826 2101 τοῦ
868 2048 1083 2120 Ἰσραὴλ
1102 2087 1117 2112 ,
1147 2049 1241 2102 καὶ
1271 2044 1410 2103 εἶδον
1440 2049 1531 2103 τὸν
1552 2050 1716 2104 τόπον
1749 2050 1884 2104 ὅπου

299 2140 529 2208 ἕστηκεν
578 2141 607 2192 ὀ
647 2133 779 2204 Θεὸς
829 2140 1078 2211 Ἰσραήλο
1118 2160 1137 2194 ι
1175 2141 1289 2195 ἀνθ’
1320 2135 1382 2195 οὗ
1421 2144 1451 2196 ὀ
1494 2142 1594 2213 μὲν
1630 2141 1884 2208 Ἀκύλας

303 2238 324 2283 ι
354 2231 464 2285 Καὶ
520 2227 656 2285 εἶδον
678 2271 692 2293 ,
738 2234 893 2302 φησὶ,
940 2233 1030 2286 τὸν
1080 2233 1213 2288 Θεὸν
1253 2234 1500 2307 Ἰσραήλ·
1534 2254 1552 2286 ι
1588 2237 1617 2288 ὀ
1645 2234 1700 2288 δὲ
1735 2234 1881 2307 Σύμ-

301 2340 473 2394 μαχος
498 2339 514 2353 ο
545 2337 565 2374 ι
605 2323 712 2376 Καὶ
737 2319 876 2377 εἶδον
892 2324 1131 2394 ὁράματι
1159 2324 1252 2378 τὸν
1282 2324 1414 2379 Θεὸν
1454 2326 1691 2398 Ἰσραήλ.
1724 2345 1743 2378 ι
1782 2327 1881 2381 Διὰ

293 2412 373 2478 τὺ,
408 2431 426 2464 ι
446 2412 581 2466 Θεὸν
614 2413 789 2477 οὐδεὶς
814 2412 1023 2485 ἑώρακε
1053 2414 1271 2468 πώποτε
1293 2456 1307 2480 ,
1353 2433 1373 2468 ι
1404 2415 1523 2487 τάχ’
1546 2417 1611 2470 ἄν
1630 2434 1713 2481 τις
1732 2419 1884 2472 ἐνανὁ

291 2504 414 2557 τίαν
443 2500 678 2576 εἶναιτῷ
712 2505 1042 2577 σωτηριώδει
1081 2507 1238 2578 Λόγῳ
1274 2507 1373 2580 τὴν
1418 2508 1702 2581 παροῦσαν
1748 2511 1883 2563 ὀπο-

293 2593 450 2650 λάϐοι
479 2595 657 2662 λέξιν,
690 2596 767 2661 ὡς
802 2598 995 2670 ὁρατὸν
1028 2598 1421 2673 ὑποτιθεμένην
1455 2600 1548 2653 τὸν
1585 2601 1685 2672 τὴν
1719 2601 1880 2671 φύσιν

295 2692 547 2763 ἀόρατον.
592 2688 732 2743 Ἀλλ’
764 2691 815 2743 εί
854 2690 1140 2744 καὶταῦτα
1171 2690 1262 2743 ἐπὶ
1288 2690 1378 2743 τὸν
1400 2692 1571 2759 Λόγον
1592 2691 1682 2744 τοῦ
1707 2690 1842 2745 Θεοῦ
1861 2733 1876 2757 ,

292 2781 382 2833 τὸν
416 2778 743 2851 πολυμερῶς
765 2779 858 2832 καὶ
888 2779 1241 2855 πολυτρόπως
1267 2780 1501 2851 ὀφθέντα
1526 2784 1639 2845 τοῖς
1668 2782 1880 2853 πατρά-

295 2889 378 2925 σιν
425 2870 714 2935 ὲκλάϐοις,
772 2872 973 2943 ὁμοίως
1019 2874 1131 2936 τοῖς
1179 2872 1680 2944 πρωποδειχθείσιν
1723 2877 1875 2946 ἡμῖν,

293 2965 471 3020 οὐκέτ’
512 2966 577 3019 ἂν
597 2965 764 3031 δόξειε
788 2960 902 3029 τοῖς
920 2966 1183 3029 ἐναντίοις
1213 2965 1579 3037 περιπίπτειν.
1605 2965 1737 3021 Θεὸν
1780 2969 1881 3021 Ἶσ-

296 3058 438 3132 ραὴλ
467 3054 679 3112 ἐνταῦθ’
712 3056 984 3128 δρώμενον
1018 3050 1178 3111 αὑτὸν
1201 3059 1405 3110 ἐκεῖνον
1434 3052 1569 3113 εἶναι
1604 3056 1876 3123 διδάσκει,

1987 1976 2076 2017 ses
2104 1967 2159 2016 et
2196 1960 2402 2023 Aaron,
2438 1970 2494 2015 et
2522 1959 2733 2029 Nadab,
2776 1969 2830 2017 et
2867 1963 3066 2027 Ahiud,
3121 1972 3176 2019 et
3213 1958 3566 2037 septuaginta

1983 2067 2053 2111 ex
2083 2053 2391 2110 senioribus
2424 2053 2613 2118 Israel,
2657 2062 2711 2108 et
2748 2052 3007 2109 viderunt
3036 2055 3216 2109 locum
3271 2058 3365 2111 ubi
3398 2066 3566 2114 stete6

1986 2154 2073 2202 rat
2095 2146 2238 2203 Deus
2270 2143 2523 2207 Israel“;
2552 2164 2573 2198 ι
2595 2160 2695 2215 pro
2713 2160 2822 2215 quo
2838 2146 3034 2217 Aquila
3068 2165 3081 2201 :
3124 2165 3144 2198 ι
3183 2147 3249 2204 Et
3282 2150 3558 2216 viderunt,

1984 2237 2185 2309 inquit,
2217 2237 2388 2292 Deum
2422 2235 2626 2304 Israel;
2656 2256 2675 2290 ι
2706 2235 3070 2309 Symmachus
3097 2249 3314 2297 autem:
3342 2261 3360 2293 ‹
3394 2240 3567 2297 Εινίά

1983 2330 2183 2386 derunt
2212 2332 2422 2388 visione
2449 2330 2619 2387 Deum
2649 2328 2838 2386 Israel.
2871 2351 2891 2383 ι
2925 2330 3218 2398 Caeterum,
3244 2347 3468 2406 propter
3494 2338 3530 2390 il
3550 2364 3566 2378 λ

1984 2422 2077 2477 Iud
2102 2441 2115 2477 :
2142 2439 2161 2473 ι
2194 2421 2363 2478 Deum
2385 2437 2547 2477 nemo
2574 2421 2711 2477 vidit
2732 2436 2974 2491 unquam
2997 2422 3066 2488 “,
3093 2442 3112 2475 ι
3142 2422 3378 2480 fortasse
3400 2426 3566 2481 verba

1983 2527 2105 2583 quae
2131 2510 2237 2567 hoc
2264 2512 2387 2566 loco
2415 2513 2593 2581 posita
2625 2519 2777 2576 sunt,
2810 2513 3038 2568 salutari
3069 2510 3249 2568 Verbo
3285 2516 3563 2570 contraria

1981 2617 2103 2658 esse
2152 2602 2425 2673 quispiam
2471 2602 2822 2673 suspicetur:
2858 2612 3067 2673 utpote,
3117 2619 3244 2659 cum
3290 2605 3563 2662 visibilem

1982 2693 2137 2749 illum
2172 2691 2398 2761 faciant,
2429 2694 2521 2765 qui
2545 2703 2744 2749 natura
2772 2696 3067 2751 invisibilis
3098 2706 3203 2752 est.
3236 2695 3343 2753 Sed
3372 2700 3417 2754 si
3448 2700 3562 2755 haec

1980 2785 2049 2841 de
2076 2785 2255 2842 Verbo
2288 2784 2382 2842 Dei
2414 2787 2716 2857 acceperis,
2749 2788 2845 2858 qui
2877 2789 3232 2844 multifariam
3264 2790 3562 2862 multisque

1980 2875 2158 2932 modis
2196 2892 2227 2931 a
2272 2876 2522 2947 patribus
2566 2890 2648 2933 est
2676 2879 2848 2943 visus,
2896 2880 3042 2935 sicut
3083 2895 3187 2936 nos
3233 2881 3291 2935 in
3346 2882 3562 2953 iisquae

1982 2980 2149 3037 supra
2183 2974 2408 3021 ostensa
2436 2974 2567 3022 sunt
2593 2968 2927 3038 accepimus,
2979 2971 3298 3041 neutiquam
3336 2972 3392 3027 in
3420 2987 3560 3028 cona1
3636 3044 3641 3049 κ

1980 3059 2149 3113 traria
2191 3059 2465 3115 videberis
2504 3059 2602 3115 tibi
2655 3051 2919 3116 i’eciderei
2969 3060 3073 3128 Qui
3107 3064 3253 3118 enim
3282 3064 3373 3121 hic
3414 3065 3560 3124 Deus

289 3150 350 3204 δν
386 3151 481 3205 καὶ
522 3149 602 3220 τῷ
645 3150 863 3221 Ἰσραὴλ
899 3144 1149 3219 ὀφθέντα,
1188 3149 1277 3202 ὅτε
1299 3148 1554 3202 ὲπάλαιεν
1590 3149 1872 3221 ἄνθρωπος

1981 3148 2150 3206 Israel
2183 3152 2448 3218 cernitur,
2485 3152 2662 3222 ipsum
2698 3153 2851 3207 illum
2885 3169 3009 3210 esse
3030 3157 3249 3223 docent,
3284 3160 3378 3229 qui
3407 3168 3461 3215 et
3490 3162 3560 3216 ab

298 3241 412 3311 μετ’
433 3240 602 3295 αὑτοῦ
628 3281 643 3305 ,
676 3240 736 3304 ὃς
776 3236 868 3293 καὶ
902 3239 1116 3311 πρῶτος
1152 3238 1317 3293 αὐτοῦ
1356 3241 1454 3310 τὴν
1488 3242 1872 3313 προσωνυμίαν

1981 3240 2151 3297 Israel
2192 3241 2347 3297 visus
2395 3218 2520 3307 est;
2548 3242 2771 3313 quando
2810 3242 2974 3298 homo
3018 3218 3257 3302 luctatus
3300 3218 3391 3303 est
3430 3264 3557 3304 cum

289 3328 358 3389 ὲκ
386 3332 480 3386 τοῦ
522 3328 715 3386 Ἰακὼϐ
744 3330 835 3384 ἐπὶ
854 3330 942 3384 τὸν
973 3329 1188 3403 Ἰσραὴλ
1223 3330 1643 3404 μεταϐέϐληκεν,
1670 3330 1872 3397 εἰπὼν,

298 3442 321 3477 ι
349 3424 469 3478 Ὅτι
515 3423 802 3493 ἐνίσχυσας
846 3421 982 3493 μετὰ
1023 3421 1198 3488 Θεοῦ,
1254 3442 1273 3475 ι
1317 3424 1404 3477 ὅτε
1444 3425 1538 3477 καὶ
1576 3424 1678 3496 τῆς
1724 3424 1875 3491 θείας

286 3508 457 3571 αὐτοῦ
493 3514 778 3585 δυνάμεως
824 3513 1073 3585 αἴσθησιν
1101 3513 1280 3568 λαϐὼν
1320 3516 1348 3568 ὀ
1391 3514 1605 3581 Ἰακὼϐ,
1645 3515 1873 3572 ἐκάλεσε

280 3605 377 3660 τὸν
424 3605 589 3660 τόπον
631 3606 835 3657 ἐκεῖνον
868 3600 1020 3669 Εἶδος
1063 3603 1237 3672 Θεοῦ,
1276 3605 1445 3659 εἰπὼν
1469 3636 1486 3671 ,
1522 3626 1541 3658 ι
1582 3602 1734 3661 Εἶδον
1763 3609 1872 3679 γὰρ

284 3698 420 3752 Θεὸν
467 3698 759 3769 πρόσωπον
802 3696 938 3767 πρὸς
979 3696 1300 3769 πρόσωπον,
1343 3698 1435 3752 καὶ
1466 3697 1643 3770 ἐσώθη
1694 3716 1797 3771 μου
1833 3702 1866 3771 η

283 3783 435 3855 ψυχὴ
454 3823 470 3849 ,
508 3802 528 3835 ι
552 3783 652 3852 οὐχ
691 3782 876 3855 ἕτερον
912 3783 1179 3856 ὑπάρχειν
1208 3784 1302 3838 τοῦ
1332 3785 1469 3841 Θεοῦ
1500 3787 1696 3857 Λόγου,
1731 3788 1871 3842 κατά

281 3875 377 3929 τὸν
406 3876 608 3928 οἰκεῖον
639 3873 828 3944 καιρὸν
856 3872 1304 3945 παρεστήσαμεν.

810 4068 1203 4133 ΚΕΦΑΛΑῘΟΝ
1241 4076 1345 4134 18'.

304 4188 440 4264 Δπρ
466 4190 577 4245 τοῦ
604 4189 797 4264 ἰῃσοῦ
826 4189 935 4245 τοῦ
948 4188 1145 4264 ﬁam}.
1167 4192 1349 4264 -Ὤς
1379 4194 1412 4246 ό
1430 4194 1814 4264 ΘεύςμΛόγος,
1831 4197 1865 4261 ό

346 4259 435 4333 τῷ
450 4252 675 4315 Maiae?
699 4252 1091 4333 χρημᾱτίζὼν,
1108 4252 1340 4333 ’ὁμοίῳξ
1357 4262 1482 4333 τοῖς
1509 4252 1867 4333 πᾶλαίπροὲ

343 4330 678 4399 πάτορσιν,
730 4331 895 4401 ὤφθη
944 4333 1041 4385 καὶ
1083 4330 1277 4401 Ἰησοῦ
1314 4332 1395 4400 τῷ
1422 4332 1683 4401 Μωσέως
1738 4330 1865 4389 6m-

341 4401 512 4471 δόχῳ
539 4402 612 4455 ἐν
640 4399 952 4469 ἀνθρώπου
980 4399 1245 4472 σχήματι
1559 4404 1567 4410 ”

352 4531 375 4566 ι
400 4514 518 4568 Καὶ
550 4511 805 4584 ἐγενήθη,
832 4506 907 4576 ὡς
933 4500 1003 4584 ἦν
1031 4512 1239 4584 Ἰησοῦς
1265 4507 1325 4567 ὲν
1362 4512 1700 4587 ἰεριχὼ,καὶ
1732 4517 1862 4571 ἀνα-

1980 3334 2102 3405 ipso
2135 3353 2150 3389 :
2185 3335 2483 3405 quinetiam
2517 3336 2730 3405 primus
2771 3335 2919 3392 illius
2965 3353 3164 3393 nomen
3196 3341 3450 3405 mutavit,
3488 3357 3555 3398 cx

1977 3425 2147 3483 Iacob
2178 3428 2234 3482 in
2264 3427 2453 3493 Israel,
2483 3428 2712 3485 dicens:
2750 3447 2768 3480 ι
2801 3430 3071 3496 Quoniam
3105 3433 3386 3490 invaluisti
3430 3449 3558 3490 cum

1978 3519 2089 3577 Deo
2112 3520 2180 3586 ⁸⁸,
2210 3541 2228 3574 ι
2258 3537 2368 3592 quo
2398 3529 2643 3593 tempore
2672 3523 2913 3578 divinam
2949 3525 3096 3581 illius
3128 3527 3388 3582 virtutem
3422 3543 3557 3584 sena

1975 3613 2121 3670 tiens
2160 3614 2352 3681 Jacob,
2410 3617 2628 3671 vocavit
2684 3616 2869 3672 locum
2918 3618 3093 3686 illum,
3135 3619 3386 3693 Speciem
3433 3622 3552 3688 Dei,

1974 3718 2101 3759 cum
2135 3703 2312 3760 dixit:
2338 3725 2355 3758 ι
2387 3703 2512 3759 Vidi
2550 3705 2697 3761 enim
2746 3705 2918 3762 Deum
2951 3708 3088 3764 facie
3128 3710 3196 3764 ad
3237 3710 3455 3779 faciem,
3497 3721 3555 3769 et

1973 3802 2190 3851 servata
2221 3803 2307 3851 est
2342 3799 2524 3852 anima
2556 3812 2678 3854 mea
2697 3800 2745 3832 "
2771 3817 2788 3853 :
2817 3819 2837 3852 ι
2874 3812 3037 3870 quem
3070 3814 3204 3858 sane
3234 3801 3405 3860 Deum
3432 3819 3549 3861 non

1972 3888 2141 3943 alium
2187 3904 2313 3945 esse
2361 3905 2528 3961 quam
2564 3890 2660 3948 Dei
2719 3891 2983 3956 Verbum.
3029 3908 3132 3951 suo
3162 3904 3406 3969 tempore
3453 3897 3552 3954 dea

1970 3983 2422 4040 monstravimus.

2550 4096 2782 4154 CAPUT
2822 4097 2967 4156 XIX.

1965 4189 2011 4244 A
2038 4185 2169 4244 Iesu
2198 4174 2370 4246 Nave.
2394 4220 2465 4230 —
2490 4189 2663 4274 Quod.
2692 4190 2788 4245 Dei
2824 4186 3073 4257 Verbum,
3118 4188 3255 4313 quod
3275 4188 3414 4248 Mosi
3445 4184 3549 4249 non

2034 4276 2182 4313 secus
2243 4270 2397 4313 atoue
2457 4270 2690 4313 antiauts
2752 4262 2988 4313 patribus
3046 4261 3117 4313 da
3155 4271 3211 4313 at
3262 4278 3545 4313 νεευοηδαε

2034 4276 2182 4345 secus
2243 4270 2397 4345 atque
2418 4262 2690 4345 “antiquis
2749 4262 2988 4345 patribus
3046 4261 3211 4345 dabat
3253 4278 3545 4345 fugatam,

2032 4332 2195 4412 etiam
2239 4328 2371 4387 1m
2407 4328 2596 4387 Hosis'
2623 4328 2915 4387 successori
2965 4332 3021 4386 in
3066 4332 3292 4387 hominis
3338 4328 3544 4404 forma,

2037 4417 2180 4456 visus
2207 4411 2307 4457 esti

2042 4532 2063 4567 ι
2092 4511 2158 4568 Ει
2189 4512 2396 4569 factum
2430 4522 2534 4580 est,
2576 4513 2670 4569 ubi
2710 4510 2814 4569 fuit
2845 4503 3006 4570 .Iesus
3025 4514 3082 4569 in
3104 4510 3343 4579 Iericho,
3366 4523 3422 4571 et
3455 4526 3545 4569 re-

270 4605 480 4678 ϐλέψας
508 4607 613 4678 ὀρᾷ
635 4604 919 4676 ἄνθρωπον
939 4606 1206 4679 ἑστηκότα
1237 4607 1525 4662 κατέναντι
1555 4607 1743 4675 αὐτοῦ,
1767 4611 1861 4665 καὶ

1976 4606 2208 4678 spiciens
2234 4606 2382 4662 videt
2415 4607 2690 4663 hominem
2735 4613 2972 4662 stantem
3012 4621 3198 4662 coram
3230 4622 3309 4673 se,
3344 4614 3399 4661 et
3431 4607 3546 4678 glas

268 4701 304 4771 ἠ
341 4700 598 4771 ῥομφαία
625 4698 940 4770 ὲσπασμένη
976 4700 1033 4751 ἐν
1061 4702 1126 4770 τῇ
1158 4701 1303 4771 χειρὶ
1334 4700 1521 4755 αὑτοῦ.
1545 4702 1655 4754 Καὶ
1689 4703 1861 4770 προσ-

266 4791 444 4845 ελθὼν
466 4791 497 4843 ὀ
527 4789 735 4862 Ἰησοῦς
760 4784 911 4843 εἶπεν
930 4807 944 4821 ⁸
998 4777 1293 4864 Ἠμέτερος
1317 4789 1387 4856 εἴ,
1426 4792 1458 4864 ἢ
1497 4791 1604 4847 τῶν
1630 4794 1860 4848 ὑπεναν-

266 4883 436 4949 τίωνς
472 4882 589 4936 Καὶ
625 4877 777 4937 εἶπεν
825 4881 974 4953 αὐτῷ
997 4899 1012 4913 ’
1057 4881 1199 4952 Ἐγὼ
1235 4884 1671 4958 ἀρχιστράτηγος
1700 4882 1859 4940 δυνά-

268 4993 419 5047 μεως
452 4973 664 5047 Κυρίου
701 4963 1071 5045 ’τικιραγέγονα⁸
1131 4976 1225 5029 καὶ
1262 4976 1469 5048 Ἰησοῦς
1528 4977 1723 5032 ἔπεσεν
1764 4975 1858 5032 ἐπὶ

267 5067 572 5138 πρόσωπον
600 5067 695 5120 ἐπὶ
718 5065 820 5137 τὴν
848 5054 972 5139 γῆν,
1005 5067 1097 5121 καὶ
1147 5055 1298 5120 εἶπεν
1351 5067 1531 5140 αὐτῷ·
1589 5062 1853 5133 Δέσποτα,

262 5156 318 5210 τι
359 5156 734 5229 προστάσσεις
777 5156 855 5229 τῷ
898 5145 977 5229 σῷ
1028 5158 1251 5230 οίκέτῃ;
1304 5161 1412 5213 Καὶ
1453 5152 1657 5229 λέγειό
1697 5161 1858 5232 ἁρχι-

265 5251 580 5321 στρὰτηγος
608 5249 845 5320 Κυρίουδ
883 5268 903 5300 ι
955 5242 1127 5320 Ἰησοῦ
1147 5282 1163 5317 ,
1187 5248 1346 5306 λῦσαι
1380 5251 1440 5305 τὸ
1467 5252 1720 5324 ὑπόδημα
1745 5252 1857 5306 τῶν

263 5341 446 5395 ποδῶν
481 5358 579 5403 σου
601 5358 613 5370 ·
645 5340 675 5392 ὀ
705 5339 814 5413 γὰρ
844 5333 1007 5407 τόπος
1033 5344 1116 5414 ἐφ’
1151 5336 1196 5411 ᾧ
1229 5343 1293 5396 σὺ
1326 5342 1585 5415 ἕστηκας,
1619 5336 1689 5415 γῆ
1719 5343 1852 5412 ἁγία

261 5433 435 5486 ἐστίν.
460 5451 480 5482 ι
496 5432 647 5485 Λύτὰ
670 5431 735 5503 δὴ
758 5422 933 5486 ταῦτα
958 5433 1052 5488 καὶ
1074 5424 1299 5488 Μωῧσεῖ
1312 5433 1597 5506 ἀρχομένῳ
1610 5432 1856 5504 τῆςθεω-

262 5521 387 5595 ρξας
414 5525 511 5576 ἐπὶ
540 5523 640 5594 τῆς
674 5522 835 5593 βάτου
862 5525 997 5597 πρὸς
1016 5523 1110 5578 τοῦ
1141 5525 1347 5598 Κυρίου
1373 5525 1577 5596 εἴρητο,
1599 5523 1674 5588 ὡς
1701 5522 1852 5595 δηλοῖ

1962 4698 2089 4755 dius
2121 4699 2316 4769 vagina
2350 4706 2548 4755 exutus
2576 4701 2632 4755 in
2667 4715 2836 4756 manu
2878 4701 3020 4771 ejus,
3056 4707 3113 4756 et
3162 4698 3427 4756 accedens
3454 4699 3546 4755 Je-

1962 4806 2061 4848 sus
2081 4789 2251 4847 dixit:
2270 4788 2468 4847 Noster
2489 4808 2569 4859 es,
2597 4807 2668 4847 an
2696 4791 3136 4847 adversariorum
3153 4793 3178 4845 ‘l
3200 4791 3265 4845 Et
3288 4792 3427 4847 dixit
3449 4795 3498 4848 ei
3524 4811 3539 4849 ι

1964 4880 2078 4953 Ego
2108 4883 2364 4954 princeps
2399 4884 2793 4954 imperatorum
2820 4882 3095 4938 exercitus
3125 4880 3363 4950 Domni,
3391 4898 3541 4939 nunc

1960 4973 2108 5028 veni.
2131 4971 2199 5026 Et
2222 4971 2385 5028 Jesus
2421 4972 2619 5028 cecidit
2656 4972 2797 5029 facie
2828 4973 2883 5027 in
2917 4981 3142 5038 terram,
3187 4980 3243 5027 et
3273 4972 3411 5027 dixit
3437 4973 3486 5028 ei
3522 4990 3538 5029 ι

1961 5062 2225 5132 Domine,
2269 5063 2435 5137 256
2462 5063 2596 5135 quid
2648 5064 2888 5134 imperas
2943 5076 3103 5119 servo
3140 5064 3294 5118 tuo?
3348 5063 3429 5118 Et'
3467 5065 3543 5120 ait

1960 5157 2217 5228 princeps
2250 5156 2644 5225 imperatorum
2668 5154 2884 5209 Domini
2920 5153 3109 5218 :Jesu,
3145 5155 3297 5211 solve
3324 5157 3540 5211 calceaa

1959 5253 2206 5301 mentum
2240 5244 2441 5314 pedum
2489 5252 2730 5309 tuorum,
2778 5244 2933 5299 locus
2966 5243 3113 5299 enim
3149 5244 3206 5298 in
3245 5259 3356 5315 quo
3399 5253 3537 5311 stas,
3582 5237 3605 5243 ”

1958 5347 2104 5395 terra
2134 5347 2325 5395 sancta
2354 5345 2438 5393 est
2455 5337 2525 5393 ⁸⁸.
2553 5335 2795 5391 iEadem
2845 5345 2978 5392 sane
3019 5334 3135 5391 haec
3162 5334 3295 5392 Mosi
3322 5352 3539 5408 quoque

1960 5429 2118 5485 initio
2144 5429 2376 5485 visionis
2408 5430 2465 5483 in
2493 5428 2651 5492 rubo,
2688 5427 2758 5482 ab
2786 5427 2905 5497 ipso
2928 5425 3162 5484 Domino
3205 5429 3354 5484 dicta
3385 5438 3535 5495 sunt,

1959 5523 2104 5580 sicut
2143 5520 2429 5593 Scriptura
2469 5520 2715 5576 indicat:
2751 5538 2770 5572 ι
2796 5518 2867 5574 Ut
2892 5535 3025 5576 vero
3064 5521 3202 5576 vidit
3252 5520 3533 5582 Dominus,-

257 5615 297 5685 ιιι
324 5614 525 5687 Γραφη
545 5631 559 5644 ⁸
600 5633 620 5667 ι
670 5610 759 5679 Ὠς
784 5614 841 5668 δὲ
868 5602 976 5670 εἶδε
1008 5615 1246 5689 Κύριος,
1276 5617 1359 5672 ὅτι
1392 5615 1657 5691 προσάγει
1696 5613 1849 5681 ἰδεῖν,

1976 5613 2107 5687 [uod
2141 5612 2430 5670 accederet
2468 5611 2539 5668 ad
2569 5611 2889 5680 videndum,
2921 5613 3138 5669 vocavit
3182 5628 3306 5669 eum
3349 5613 3531 5668 DomiJ

314 5772 371 5803 "‘
398 5770 561 5826 Joan.
601 5786 736 5834 xvii,
767 5772 823 5826 5.

252 5839 343 5897 δο.
427 5843 478 5874 ⁸⁸
500 5842 614 5900 «los.
654 5859 707 5907 ν.
737 5841 923 5900 ὶῦδίθι

923 5773 970 5806 ⁸ο
999 5772 1161 5830 Num.
1191 5790 1304 5841 xiv,
1337 5773 1423 5829 id.
1502 5773 1547 5806 "
1577 5770 1751 5829 Exod.
1784 5785 1935 5839 xxiv,
1967 5767 2137 5841 9,10.
2211 5768 2257 5802 ⁸²
2278 5766 2436 5825 Joan.
2474 5740 2514 5836 ι,
2552 5769 2640 5826 18.
2715 5771 2760 5803 ⁸⁸
2791 5770 2926 5830 Gen.
2953 5786 3131 5839 xxxii,
3159 5769 3249 5826 i8.
3325 5768 3373 5861 ‘5
3398 5765 3534 5827 ibid:
