4080 6416
510 336 614 390 59')
1177 326 1447 382 EUSEBII
1476 284 1955 384 cmssnrénsrs
1992 330 2142 384 oar.
2185 326 2367 383 rans
2399 326 2465 385 ιι.
2505 359 2576 371 .-
2606 323 3099 382 Αροιοοετιοέι.
3669 320 3771 373 too

510 469 616 508 nus
649 450 717 507 de
743 448 922 505 medio
951 444 1098 503 rubi.
1131 443 1359 500 dicens:
1397 442 1595 511 Moses,
1628 443 1828 511 Moses,
1865 462 1935 502 ne
1958 462 2084 517 pro-

2193 447 2440 500 ἐκάλεσεν
2465 444 2624 498 αὑτὸν
2650 445 2679 495 6
2708 442 2910 512 Κύριος
2936 442 2998 493 ὲκ
3027 439 3189 510 μέσου
3222 435 3321 506 τῆς
3360 433 3520 505 βάτου
3558 433 3731 501 λέγων
3754 449 3770 464 ο

507 548 632 616 pius
672 541 977 598 accesseris
1036 540 1145 595 huc
1174 558 1188 595 :
1215 539 1368 595 solve
1415 539 1841 595 calceamentu-m
1888 541 2084 609 pedum

2194 536 2390 607 Μωσῆ,
2426 535 2619 605 Μωσῆ,
2660 533 2733 606 μὴ
2766 532 2995 603 ὲγγίσῃς
3053 524 3174 582 ὦδε.
3204 526 3375 580 Λῦσαι
3402 525 3464 579 τὸ
3515 524 3774 595 ὑπόδημα

509 649 771 704 tuorum,
841 636 995 690 locus
1078 632 1225 689 enim
1307 632 1362 688 in
1436 647 1546 702 quo
1605 639 1666 685 tu
1726 638 1885 694 stas,
1943 640 2089 686 terra

2193 628 2298 682 τῶν
2343 627 2517 681 ποδῶν
2554 643 2679 679 σου·
2711 627 2740 677 6
2767 624 2876 696 γάρ
2912 628 3074 685 τόπος
3108 623 3166 674 ὲν
3203 612 3249 688 ᾧ
3290 619 3361 673 σὺ
3396 617 3639 688 ἕστηκας
3684 617 3771 669 ἐπ’

508 741 699 787 sancta
750 703 835 786 est
853 729 921 783 ⁸⁸.
959 748 978 781 ι
1018 726 1173 783 Unus
1211 740 1341 796 ergo
1394 738 1558 795 atque
1588 724 1730 778 idem
1778 723 1880 777 fuit
1924 721 2087 787 Deus,

2193 719 2352 773 αὑτοῦ
2387 718 2456 789 γῆ
2499 717 2627 787 ἀγία
2669 715 2835 769 ἐστίν.
2865 735 2883 767 ι
2915 708 3008 777 Εἷς
3035 713 3144 785 ἄρα
3163 711 3257 765 καὶ
3285 712 3314 764 6
3335 709 3495 773 αὐτὸς
3515 703 3583 779 ἦν
3608 710 3635 760 6
3660 710 3769 770 τοῖς

509 821 602 892 qui
653 818 919 874 ambobus
970 816 1293 886 respondit,
1346 813 1807 885 quemadmodum
1854 828 1936 879 ex,
1970 812 2091 883 ipso

509 914 784 980 praecepto
810 912 1048 960 constat.
1079 902 1184 959 Sed
1217 918 1364 958 nunc
1396 903 1619 973 quidem
1662 916 1758 972 per
1791 901 2088 972 principem

511 1001 904 1070 imperatorum
949 996 1226 1052 exercitus
1274 995 1431 1065 ejus:
1462 994 1598 1051 Mosi
1643 1009 1774 1050 vero
1824 1010 1923 1064 per
1963 1009 2087 1050 eum

512 1093 761 1163 angelum
793 1089 886 1160 qui
916 1089 1069 1144 visus
1118 1087 1315 1153 fuerat,
1349 1087 1631 1142 oraculum
1663 1086 1901 1142 exhibet.
1948 1084 2092 1139 Mili-

512 1184 599 1239 tiae
627 1195 758 1236 vero
797 1180 996 1235 coelum
1031 1179 1137 1234 sub
1183 1193 1241 1234 se
1270 1177 1541 1240 habentis,
1579 1184 1634 1231 et
1668 1175 1945 1231 exercitus
1971 1177 2090 1246 ipso

509 1274 717 1331 mundo
760 1272 1084 1343 superioris,
1107 1279 1163 1326 et
1194 1270 1488 1340 spirituum
1534 1268 1915 1333 invisibilium,
1951 1268 2092 1323 divi-

511 1382 819 1438 norumque
861 1365 1179 1435 angelorum
1229 1370 1395 1433 atque
1457 1361 1910 1433 archangelorum
1952 1361 2088 1432 regi,

510 1460 860 1532 perfectoque
885 1455 1122 1512 universi
1156 1454 1267 1510 Deo
1296 1452 1706 1508 inservientium
1740 1452 1925 1520 (sicuti
1948 1452 2091 1522 apud

506 1551 788 1607 Danielem
837 1549 1042 1604 dictum
1064 1576 1065 1581 η
1091 1554 1178 1603 est
1205 1565 1218 1601 :
1250 1564 1268 1597 ι
1301 1544 1446 1601 Mille
1482 1544 1655 1600 millia
1706 1543 2092 1599 ministrabant

2190 810 2517 883 ἀμφοτέροις
2546 806 2891 880 χρηματίσας
2921 804 3074 867 Θεὸς,
3115 802 3191 866 ὡς
3220 804 3283 855 ὲκ
3319 799 3413 854 τοῦ
3453 798 3768 871 παραγγέλ-

2194 920 2359 975 ματος
2395 901 2683 955 δείκνυται.
2733 897 2893 952 Ἀλλά
2949 895 3042 948 νῦν
3084 894 3180 965 μὲν
3220 893 3309 946 διὰ
3341 891 3433 945 τοῦ
3475 893 3760 963 ἀρχιστραι

2188 999 2354 1068 τήγου
2382 992 2481 1063 τῆς
2510 992 2790 1062 δυνάμεως
2821 987 3006 1050 αὑτοῦ,
3029 987 3218 1039 Μωσεῖ
3256 984 3313 1037 δὲ
3346 983 3434 1037 διὰ
3456 982 3547 1037 τοῦ
3582 981 3765 1052 ὀφθέν·

2188 1104 2279 1148 τος
2308 1084 2539 1154 ἀγγέλου
2562 1079 2827 1145 θεσπίζει.
2848 1075 3122 1149 Στρατιῶν
3143 1074 3199 1127 δὲ
3222 1072 3653 1146 ὑπερουρανίων,
3678 1070 3771 1124 καὶ

2189 1178 2472 1248 δυνάμεων
2530 1170 2915 1242 ὑπερκοσμίων
2961 1169 3055 1221 καὶ
3107 1164 3434 1235 πνευμάτων
3485 1163 3769 1235 ἀοράτων,

2191 1268 2441 1338 ἀγγέλων
2476 1283 2534 1318 τε
2583 1263 2743 1318 θείων
2788 1261 2882 1315 καὶ
2930 1256 3284 1331 ἀρχαγγέλων
3326 1253 3403 1325 τῷ
3439 1251 3772 1324 παμϐασιλεὶ

2190 1361 2287 1416 καὶ
2342 1356 2677 1427 πανηγεμόνι
2707 1352 2824 1424 Θεῷ
2850 1349 3302 1422 λειτουργούντων
3334 1347 3495 1413 (κατά
3529 1346 3589 1399 τὸ
3618 1348 3773 1412 εἰρηο

2195 1452 2354 1524 μένον
2396 1449 2544 1520 παρὰ
2569 1446 2648 1517 τῷ
2673 1444 2869 1516 Δανιήλ
2891 1461 2905 1476 ο
2948 1461 2967 1494 ι
3008 1440 3189 1496 Χίλιαι
3223 1438 3459 1510 χιλιάδες
3499 1436 3773 1509 ἐλειτούρο

2191 1562 2322 1616 γουν
2349 1541 2498 1614 αὺτῷ
2517 1581 2532 1606 ,
2561 1540 2655 1593 καὶ
2688 1538 2878 1611 μύριαι
2908 1533 3165 1607 μυριάδες
3196 1532 3656 1604 παρειστήκεισαν
3682 1528 3774 1598 ἔμ-

511 1643 583 1708 ei,
616 1647 672 1697 et
700 1640 908 1696 centies
939 1639 1085 1693 mille
1106 1637 1275 1692 millia
1294 1636 1821 1692 assistebantcoram
1847 1651 1912 1691 eo
1931 1634 1975 1666 3'
1998 1639 2036 1705 ):
2062 1654 2083 1688 ι

2200 1636 2439 1710 πρόσθεν
2456 1631 2617 1687 αὐτοῦ
2636 1631 2677 1703 )·
2711 1649 2730 1682 ι
2761 1633 2789 1683 6
2820 1628 3035 1681 πάντων
3060 1627 3318 1680 ἀνωτάτω
3351 1622 3435 1686 τίς
3465 1621 3531 1675 ἂν
3564 1618 3774 1689 γένοιτο

511 1733 781 1794 omnium,
825 1732 1069 1800 inquam,
1114 1728 1304 1782 talium
1349 1742 1661 1797 supremus,
1702 1726 1827 1797 quis
1870 1726 2088 1781 tandem

2195 1729 2381 1801 ἕτερος
2414 1726 2507 1781 τοῦ
2536 1724 2670 1779 Θεοῦ
2709 1722 2906 1790 Λόγου,
2934 1718 3029 1772 καὶ
3055 1718 3152 1788 τῆς
3183 1714 3526 1787 πρωτοτόκου
3551 1710 3773 1779 Σοφίαςν

510 1824 584 1881 sit
619 1823 779 1885 alius,
826 1834 989 1891 quam
1038 1817 1136 1873 Dei
1166 1816 1430 1880 Verbum,
1484 1823 1538 1871 et
1568 1816 1931 1887 primogenita
1985 1815 2085 1870 Sa-

2193 1820 2280 1876 τοῦ
2306 1837 2365 1873 τε
2396 1818 2580 1872 ἐνθέου
2611 1816 2946 1886 γεννήματος
2971 1827 2985 1877 ;
3047 1808 3286 1869 Εἰκότως
3349 1807 3456 1877 ἄρα
3487 1805 3580 1857 καὶ
3612 1804 3776 1874 ἀρχισ-

511 1912 741 1984 piem-ia,
789 1919 845 1966 et
889 1909 1108 1964 soboles
1152 1906 1379 1961 divina?
1412 1905 1621 1973 \Merito
1664 1920 1793 1976 ergo
1832 1905 2087 1976 princeps

511 2006 900 2075 imperatorum
947 2000 1225 2056 exercitus
1266 1997 1479 2053 Domini
1525 1996 1629 2052 hoc
1660 1997 1715 2050 in
1757 1997 1878 2052 loco
1910 1996 2088 2052 dictus

511 2106 618 2166 est,
647 2105 834 2169 utpote
859 2096 954 2167 qui
984 2094 1137 2160 alibi,
1189 2102 1239 2149 et
1274 2090 1456 2161 magni
1495 2088 1716 2144 consilii
1742 2088 1990 2159 angelus,
2033 2095 2089 2142 et

510 2204 804 2246 consessor
834 2186 1015 2242 Patris
1035 2227 1048 2249 ,
1080 2193 1135 2241 et
1180 2192 1418 2240 aeternus
1460 2196 1525 2236 ac
1568 2194 1799 2251 magnus
1831 2180 2089 2235 sacerdos

510 2299 654 2349 esse,
689 2283 760 2338 sit
786 2281 1217 2337 demonstratus.
1253 2275 1360 2331 Sed
1394 2273 1527 2329 illud
1565 2288 1784 2342 quoque
1806 2280 2086 2327 ostensum

510 2383 616 2441 est,
660 2375 807 2447 quod
844 2373 989 2429 idem
1029 2380 1084 2424 et
1121 2368 1405 2432 Dominus,
1441 2373 1497 2422 et
1530 2364 1696 2425 Deus.
1739 2373 1794 2419 et
1834 2363 2088 2419 Christus

511 2468 604 2528 sit.
635 2470 727 2538 qui
759 2482 789 2521 a
807 2465 969 2519 Patre
991 2464 1113 2519 oleo
1133 2458 1517 2517 exsultationis
1550 2465 1637 2513 est
1666 2464 1884 2512 unctus.
1916 2454 2090 2510 Abra-

511 2561 595 2616 hae
628 2559 791 2630 igitur
832 2556 975 2628 apud
1026 2569 1289 2626 quercum
1338 2552 1491 2608 visus
1522 2550 1580 2604 in
1623 2547 1864 2603 hominis
1909 2544 2086 2601 forma

511 2653 717 2725 quieta,
752 2651 1052 2720 habituque
1084 2645 1335 2719 paciﬁca,
1376 2644 1621 2715 seipsum
1666 2638 1928 2701 ostendit,
1960 2652 2087 2692 cum

512 2761 576 2802 ex
608 2744 701 2799 illo
732 2758 905 2813 usque
934 2749 1178 2811 tempore
1220 2739 1518 2795 salutarem
1547 2749 1708 2791 suum
1742 2733 1809 2788 ad
1838 2730 2087 2786 homines

390 2824 403 2837 ’
512 2837 802 2892 adventum
862 2833 1227 2889 exordiretur.
1276 2830 1385 2902 Ipsi
1430 2843 1559 2884 vero
1604 2826 1776 2882 Iacob
1827 2833 2085 2894 tanquam

513 2926 941 2984 exercitahundo
965 2940 1028 2979 ac
1062 2923 1346 2986 certatori,
1375 2922 1469 2992 qui
1495 2920 1762 2976 adversus
1796 2917 2004 2978 hostes,
2031 2922 2086 2969 et

418 3070 423 3073 ,
514 3020 843 3077 luctaturus.
880 3025 935 3074 et
966 3015 1315 3087 praeliaturus
1341 3022 1507 3076 esset,
1539 3010 1707 3066 veluti
1748 3009 1932 3062 homo.
1978 3004 2085 3060 Sed

515 3112 717 3169 Mosem
750 3120 804 3169 et
835 3111 1094 3182 populum
1132 3108 1188 3163 in
1218 3106 1400 3178 specie
1430 3103 1593 3159 nubis
1619 3110 1782 3173 atque
1808 3100 1948 3170 ignis
1982 3098 2087 3154 du-

514 3206 694 3269 cebat,
748 3169 1045 3259 terribilem
1094 3169 1313 3257 interim
1361 3204 1524 3267 atque
1576 3169 1958 3248 adumbratum
2000 3205 2089 3245 se-
2115 3169 2158 3228 C

513 3298 694 3368 ipsum
725 3294 1043 3351 ostendens.
1080 3292 1149 3346 At
1177 3289 1438 3362 quoniam
1471 3285 1639 3340 Mosis
1678 3297 1968 3339 successor
1992 3279 2088 3335 Je-

515 3402 631 3451 sns,
676 3394 872 3441 contra
903 3384 1091 3441 hostes
1138 3389 1258 3438 erat
1301 3378 1682 3442 instruendus,
1730 3375 1824 3446 qui
1854 3373 2088 3429 antehac

516 3486 717 3535 terram
768 3476 1113 3533 Palmstinam
1174 3473 1539 3535 incoluerant,
1582 3478 1839 3524 externas
1897 3466 2088 3536 utique

515 3570 860 3640 maximeque
903 3568 1102 3640 impias
1148 3566 1434 3630 nationes,
1481 3558 1680 3618 merito
1734 3574 1860 3615 cum
1904 3557 2086 3630 gladio

518 3661 711 3733 vagina
738 3669 927 3726 exuto,
969 3669 1024 3716 et
1053 3668 1244 3715 contra
1273 3659 1461 3713 hostes
1504 3666 1735 3709 acumen
1770 3666 1881 3722 pra:
1912 3665 1972 3707 se
2009 3650 2089 3706 fe-

518 3762 670 3810 rente
690 3753 1119 3815 demonstratur,
1148 3752 1245 3806 tali
1267 3749 1660 3822 propemodum
1686 3745 1897 3802 visione
1918 3740 2092 3812 signi-

517 3844 709 3912 ﬁcans,
732 3843 1189 3916 quemadmodum
1213 3844 1331 3915 ipse
1351 3841 1536 3898 divina
1552 3841 1775 3905 virtute,
1788 3834 1947 3908 257
1970 3840 2093 3886 tan-

512 3951 679 4008 quam
710 3935 969 3992 invisibili
998 3934 1199 4007 gladio,
1231 3950 1354 3989 cum
1397 3934 1514 3991 suis
1537 3930 1756 3987 interim
1787 3926 1952 3984 simul
1984 3924 2091 3979 mi-

2195 1915 2504 1988 στράτηγος
2536 1911 2817 1980 δυνάμεως
2846 1905 3050 1977 Κυρίου
3091 1902 3185 1955 ἐπὶ
3214 1900 3307 1955 τοῦ
3337 1898 3602 1970 παρόντος
3635 1894 3776 1949 ἀνεί⁸

2191 2024 2384 2080 ρηται,
2419 2005 2496 2067 ὡς
2529 2003 2623 2057 καὶ
2654 1999 2898 2072 μεγάλης
2927 1997 3121 2068 βουλῆς
3163 1994 3392 2063 ἄγγελος
3426 1994 3482 2045 ὲν
3522 1989 3732 2061 ἑτέροις
3753 2025 3776 2053 ,

2190 2098 2285 2153 καὶ
2318 2096 2603 2169 σύνθρονος
2638 2091 2733 2145 τοῦ
2768 2088 2999 2162 Πατρὸς,
3028 2086 3241 2150 αἰώνιός
3266 2103 3325 2139 τε
3357 2085 3449 2138 καὶ
3473 2083 3646 2155 μέγας
3674 2081 3778 2151 ἀρ-

2189 2188 2420 2262 χιερεύς.
2456 2185 2854 2240 Ἀποδέδεικται
2887 2182 2964 2247 δὲ,
2985 2183 3067 2234 ὅτι
3101 2180 3196 2233 καὶ
3226 2176 3432 2249 Κύριος
3459 2176 3553 2229 καὶ
3579 2173 3712 2235 Θεὸς
3743 2172 3775 2225 6

2189 2282 2349 2345 αὐτὸς
2372 2321 2388 2346 ,
2418 2280 2514 2334 καὶ
2544 2278 2778 2349 Χριστὸς
2810 2275 2914 2329 ὑπὸ
2939 2273 3032 2328 τοῦ
3071 2270 3284 2343 [ἰατρὸς
3320 2268 3486 2340 ἐλαίῳ
3514 2265 3776 2336 ἀγαλλιά‹

2191 2392 2328 2439 σεως
2371 2369 2744 2444 κεχρισμένος.
2784 2367 2874 2439 Τῷ
2925 2368 3022 2438 μὲν
3068 2361 3162 2419 οὖν
3206 2362 3457 2435 Ἀϐραάμ
3506 2359 3655 2432 παρᾶ
3696 2362 3765 2431 τῇ

2187 2465 2309 2538 δρυῒ
2334 2464 2519 2535 φανεὶς
2544 2464 2601 2517 ὲν
2631 2458 2915 2532 ἀνθρώπου
2946 2458 3074 2511 εἴδει
3105 2454 3347 2527 γαληνῷ,
3378 2454 3471 2507 καὶ
3503 2451 3769 2523 είρηναίῳ

2190 2558 2448 2629 σχήματι,
2482 2554 2671 2608 ἑαυτὸν
2686 2550 3048 2612 ὑποδείκνυσι,
3062 2548 3159 2618 τὴν
3182 2547 3444 2618 σωτήριον
3467 2546 3544 2607 εἱς
3567 2543 3663 2597 ἀνθ
3673 2542 3783 2616 ρώ-

2188 2665 2322 2713 πους
2355 2644 2518 2701 αὐτοῦ
2566 2641 2865 2716 παρουσίαν
2901 2640 2960 2707 ἐξ
2993 2638 3203 2694 ἐκείνου
3248 2636 3777 2711 προοιμιαζόμενος·

2186 2737 2265 2810 τῷ
2290 2738 2347 2791 δὲ
2376 2734 2587 2800 Ἰακὼϐ,
2610 2732 2686 2799 ὼς
2706 2731 2915 2803 άσκητῇ
2948 2732 3042 2785 καὶ
3070 2731 3340 2800 ἀγωνιστῇ
3373 2727 3617 2781 παλαίειν
3638 2727 3781 2799 πρὸς

2187 2830 2413 2901 ἐχθροὺς
2453 2827 2548 2881 καὶ
2597 2821 2957 2894 ἀγωνίζεσθαι
3005 2820 3270 2893 μέλλοντι.
3308 2816 3397 2873 οἷα
3437 2818 3760 2890 ἄνθρωπος·

2188 2881 2465 2974 ιιὲᾤσέϊδι
2523 2916 2617 2970 καὶ
2647 2881 2737 2983 ’τῷ
2764 2881 2879 2981 λαῷ
2917 2912 2975 2964 ὲν
3005 2881 3144 2963 ἐἴδει
3190 2908 3422 2980 νεφέλης
3466 2881 3562 2961 καί
3603 2905 3781 2976 πυρὸς
3896 2881 3905 2888 1

2188 3008 2504 3080 καθηγεῖτο,
2566 3001 2794 3075 φοϐερὸν
2843 3000 2979 3073 ὁμοῦ
3022 3000 3118 3054 καὶ
3158 2995 3594 3067 ὲπεσκιασμὲνον
3635 3012 3783 3068 παρ-

2187 3102 2326 3173 έχων
2355 3097 2564 3154 ἑαυτόν.
2582 3095 2733 3149 Ἐπεὶ
2759 3094 2815 3148 δὲ
2844 3095 2872 3146 6
2897 3089 2992 3145 τοῦ
3024 3089 3267 3154 Μωσέως
3297 3088 3535 3159 διάδοχος
3567 3086 3783 3159 Ἰησοῦς

2192 3188 2472 3260 πολεμίοις
2515 3184 2705 3257 ἔμελλε
2747 3179 3184 3254 παρατάττεσθαι
3215 3182 3349 3242 τοῖς,
3395 3179 3456 3232 τὸ
3490 3179 3619 3250 πρὶν
3663 3177 3783 3230 Πα-

2193 3283 2479 3338 λαιστίνων
2500 3280 2603 3351 γῆς
2630 3278 2960 3350 οἰκήτορσιν,
2988 3272 3307 3344 ἀλλοφύλοις
3329 3270 3506 3325 ἔθνεσι
3536 3269 3629 3324 καὶ
3648 3271 3786 3323 ἀσε-

2193 3373 2474 3435 ϐεστάτοις
2494 3409 2509 3433 ,
2541 3368 2766 3432 εἰκότως
2810 3363 2952 3438 μετά
2997 3361 3272 3439 ῥομφαίας
3303 3360 3651 3433 ὲσπασμένης
3682 3358 3787 3414 καὶ

2191 3464 2334 3521 κατά
2362 3463 2470 3518 τῶν
2496 3459 2769 3532 πολεμίων
2796 3456 3140 3530 ὴκονημένης
3176 3451 3556 3522 ὑποφαίνεται,
3578 3468 3779 3523 μονον-

2190 3558 2312 3628 ουχὶ
2353 3555 2442 3611 διὰ
2478 3554 2582 3624 τῆς
2606 3553 2779 3622 ὸψεως
2803 3548 3143 3613 ἀποδεικνὺς,
3170 3548 3256 3600 ὅτι
3282 3545 3345 3617 δὴ
3374 3544 3534 3606 αὐτὸς
3563 3542 3787 3616 ἀοράτῳ

2191 3646 2452 3723 ῥομφαίᾳ,
2475 3643 2641 3714 ὲνθέῳ
2655 3642 2898 3713 δυνάμει,
2928 3641 3053 3704 τοὺς
3074 3636 3288 3701 ἀσεϐεῖς
3306 3634 3542 3708 μετιέναι
3563 3632 3787 3705 ἔμελλε,

2194 3722 2305 3803 τοῖς
2365 3734 2584 3798 οἰκείοις
2648 3729 3142 3803 συστρατευόμενος
3191 3726 3286 3781 καὶ
3338 3722 3787 3795 συναγωνιζόμε-

2195 3846 2304 3893 νος.
2370 3826 2464 3881 Διὸ
2510 3822 2652 3878 κατά
2695 3820 2885 3893 καιρὸν
2956 3818 3052 3873 καὶ
3089 3814 3523 3890 ἀρχιστράτηγον
3569 3812 3786 3885 Κυρίου

2195 3919 2387 3975 ἑαυτὸν
2413 3915 2797 3989 ἀνηγόρευσεν.

518 3997 703 4092 litans,
728 4026 918 4097 eisque
943 3997 1101 4102 opem
1133 3997 1356 4080 assidue
1380 4023 1587 4087 ferens,
1618 4028 1737 4078 erat
1772 4016 1969 4089 impios
2004 4014 2242 4071 ulturus.
2274 4011 2456 4078 Quare
2482 4008 2647 4064 etiam
2690 4009 2998 4076 Opportune
3055 4001 3295 4073 seipsum
3333 3997 3636 4070 principem
3678 3997 3778 4051 im-

520 4127 829 4191 peratorum
860 4115 1074 4172 Domini
1104 4113 1413 4188 appellavit.

1116 4226 1347 4283 CAPUT
1378 4224 1500 4280 XX.

522 4325 598 4380 Ab
625 4324 746 4381 Job.
780 4356 850 4365 —
875 4321 1028 4390 Quod
1052 4270 1298 4375 similiter
1342 4270 1589 4390 ἤμεε-,ίορ
1607 4355 1622 4379 ,
1653 4270 2094 4390 quemadmodum

585 4396 848 4465 patribus,
880 4383 1005 4459 wipse
1044 4390 1233 4465 Opifex
1272 4383 1499 4465 uniuersi
1748 4383 1998 4447 Verbum,
2042 4389 2093 4435 et

590 4457 942 4537 respondisse,
967 4472 1016 4518 et
1043 4457 1211 4517 oculis
1248 4463 1388 4516 risus
1419 4476 1530 4514 esse
1559 4457 1776 4513 dicitur.

2727 4200 3123 4258 ΚΕΦΔΛΑῙΟΝ
3161 4201 3248 4254 K'.

2208 4301 2353 4360 Ἀπὸ
2380 4300 2488 4355 τοῦ
2540 4296 2675 4353 Ἰὼϐ.
2710 4324 2781 4337 --
2817 4295 2911 4359 Ὠς
2943 4291 3157 4361 ὁμοίως
3208 4289 3337 4361 toi;
3374 4289 3638 4361 πατράσι
3683 4291 3789 4345 καὶ

2264 4373 2363 4439 τῷ
2387 4372 2523 4434 ἰὼσς
2573 4365 2757 4439 αὐτὸς
2800 4368 2834 4418 ὁ
2886 4359 3247 4439 Δημῖοιίρτὺς
3269 4359 3390 4439 Ξιῖηε
3432 4360 3594 4439 ὅέωιῖ
3637 4361 3788 4439 θςιές

2264 4428 2477 4513 nam,
2511 4428 2747 4508 ἔχρησέ
2769 4451 2832 4489 τε
2864 4428 3323 4501 καῖ’ὀφθαᾷιμοῒς
3362 4428 3657 4500 ἑωρᾶσθαι
3677 4431 3790 4485 λέ..

2270 4531 2454 4585 τεται.

593 4669 612 4701 ι
640 4647 782 4703 Dixit
810 4653 991 4702 autem
1017 4643 1278 4698 Dominus
1302 4642 1370 4697 ad
1394 4639 1500 4696 Job
1522 4639 1589 4695 de
1616 4637 1833 4692 turbine
1856 4643 1911 4690 et
1937 4632 2092 4689 nubi-

2278 4646 2299 4682 ι
2331 4623 2466 4681 Εἴπε
2495 4623 2552 4678 δὲ
2572 4620 2774 4693 Κύριος
2793 4617 2872 4690 τῷ
2902 4616 3023 4671 Ἰὼϐ
3043 4615 3131 4670 διὰ
3163 4614 3425 4680 λαίλαπος
3450 4616 3543 4670 καὶ
3570 4615 3755 4685 νεφῶν
3772 4633 3788 4648 ·

517 4745 621 4800 bus
647 4760 663 4798 :
691 4738 794 4795 Ubi
827 4754 955 4794 eras
971 4737 1100 4792 dum
1114 4750 1215 4806 ego
1234 4733 1517 4789 fundarem
1537 4739 1737 4785 terram
1763 4728 1786 4782 ?
1808 4724 2097 4796 Responde

523 4835 628 4904 iam
659 4833 816 4900 mihi,
840 4838 1024 4886 utrum
1049 4826 1266 4884 noveris
1298 4825 1659 4886 intellectum,
1701 4820 1824 4892 quis
1850 4817 2096 4890 posuerit

523 4940 809 4982 mensuras
836 4923 956 4994 ejus
978 4921 1024 4979 si
1058 4919 1203 4976 nosti
1232 4919 1299 4981 ⁸⁸,
1331 4938 1348 4970 ι
1377 4924 1431 4972 et
1457 4924 1654 4973 caetera
1686 4935 1700 4970 :
1729 4933 1747 4966 ι
1786 4906 1922 4969 Cum
1955 4911 2096 4965 facta

523 5025 670 5080 sunt,
733 5015 933 5086 inquit,
969 5021 1138 5077 astra,
1192 5008 1555 5064 laudaverunt
1611 5021 1715 5069 me,
1738 5018 1871 5060 voce
1898 5014 2095 5071 magna

524 5123 712 5164 omnes
738 5106 918 5178 angeli
951 5105 1076 5161 mei.
1101 5101 1361 5159 Obstruxi
1386 5106 1573 5155 autem
1601 5111 1752 5152 mare
1770 5096 1945 5166 portis
1965 5092 2009 5123 ⁸⁸
2032 5108 2046 5156 ;
2073 5111 2091 5143 ι

523 5218 586 5256 ac
609 5201 869 5269 deinceps
900 5197 1045 5268 quod
1079 5195 1327 5266 sequitur
1352 5213 1367 5248 :
1406 5211 1425 5243 ι
1450 5190 1590 5245 Num
1617 5204 1741 5246 eras
1773 5196 1830 5242 tu
1877 5183 2097 5256 quando

522 5291 782 5349 constitui
815 5290 996 5345 lumen
1012 5288 1376 5343 matutinum?
1404 5284 1623 5340 Lucifer
1643 5287 1827 5336 autem
1849 5276 2099 5347 despexit

524 5399 684 5439 suum
712 5380 962 5437 ordinem
991 5380 1072 5433 ὀἳ
1108 5401 1125 5431 ι
1160 5379 1226 5434 Ει
1256 5394 1483 5435 rursus:
1517 5396 1535 5428 ι
1572 5374 1713 5430 Num
1747 5380 1831 5440 tu,
1873 5376 2098 5439 accepto

521 5484 682 5531 terrae
713 5473 852 5538 luto,
908 5471 1085 5528 fecisti
1122 5471 1357 5527 animal?
1390 5479 1444 5526 et
1475 5469 1543 5525 ad
1595 5462 1928 5536 loquendum
1978 5461 2097 5518 ido-

523 5582 684 5622 neum
711 5567 889 5634 ipsum
940 5564 1172 5636 posuisti
1215 5564 1272 5619 in
1299 5563 1483 5618 terra?
1533 5557 1808 5617 abstulisti
1854 5570 1984 5612 vero
2031 5555 2098 5609 ab

527 5655 706 5728 impiis
744 5656 976 5712 lumen?
1014 5656 1297 5711 brachium
1336 5664 1517 5710 autem
1566 5650 1928 5724 superborum
1965 5662 2101 5703 con-

2202 4720 2315 4776 Ποῦ
2348 4715 2417 4791 ἦς
2455 4716 2515 4769 ὲν
2548 4712 2626 4785 τῷ
2651 4710 2932 4784 θεμελιὸῶ
2991 4726 3058 4780 με
3091 4707 3191 4779 τὴν
3247 4708 3386 4778 γῆν;
3424 4707 3792 4777 ’Λπάγγειλον

2201 4813 2267 4885 δή
2304 4829 2391 4883 μοι
2425 4802 2473 4862 εἰ
2498 4808 2786 4862 ἐπίστασαι
2829 4801 3061 4864 σύνεσιν,
3092 4798 3176 4862 τίς
3202 4797 3355 4851 ἔθετο
3384 4798 3453 4851 τά
3480 4797 3656 4872 μέτρα
3688 4798 3790 4851 αὐ-

2201 4904 2320 4975 τῆς,
2344 4903 2393 4955 εἰ
2421 4896 2586 4964 οἶδας,
2615 4916 2633 4949 ι
2671 4894 2844 4951 καὶτὰ
2867 4891 3012 4964 ἑξῆς·
3044 4911 3063 4945 ι
3086 4891 3214 4944 Ὅτε
3243 4889 3598 4961 ἐγενήθησαν,
3627 4907 3646 4940 ι
3681 4906 3792 4960 φη-

2204 4994 2309 5059 σιν,
2346 5013 2365 5046 ι
2400 4993 2596 5064 ἀστρα,
2631 4990 2828 5063 ᾔνεσαν
2860 5006 2925 5060 με
2951 4989 3102 5059 φωνῇ
3139 4983 3346 5057 μεγάλῃ
3390 4982 3591 5044 πάντες
3619 4981 3792 5050 ἀγγε-

2197 5087 2279 5141 λοί
2318 5104 2439 5158 μου.
2476 5083 2728 5156 ’Ἑφραξα
2759 5082 2816 5136 δὲ
2845 5081 3120 5135 θάλασσαν
3153 5077 3370 5139 πύλαις.
3411 5094 3429 5126 ο
3464 5073 3575 5128 Καὶ
3622 5073 3787 5143 ἑξῆς·

2204 5199 2221 5231 ι
2257 5175 2332 5234 Ἦ
2367 5180 2458 5232 ἐπὶ
2485 5176 2577 5231 σοῦ
2613 5176 2908 5245 συντέταχα
2938 5172 3138 5243 φέγγος
3162 5167 3430 5240 πρωῖνόν.
3474 5164 3794 5236 Ἐωσφόρος

2198 5272 2255 5325 δὲ
2292 5270 2473 5324 ἐπεῖδε
2518 5269 2614 5340 τὴν
2660 5265 2854 5321 ἑαυτοῦ
2900 5264 3081 5330 τάξιν;
3124 5281 3144 5314 ι
3177 5261 3289 5316 Καδι
3322 5255 3515 5313 πάλιν·
3554 5277 3574 5309 ι
3608 5252 3686 5310 Ἦ
3719 5258 3793 5311 σὺ
3852 5323 3861 5333 ⁸

2199 5361 2380 5418 λαϐὼν
2413 5360 2516 5431 γῆς
2550 5358 2717 5432 πηλὸν
2758 5356 2997 5419 ἔπλασας
3025 5352 3183 5417 ζῶον,
3215 5349 3309 5405 καὶ
3352 5348 3581 5421 λαλητὸν
3620 5348 3795 5402 αὑτὸν

2204 5457 2326 5511 ἔθου
2349 5454 2442 5508 ἐπὶ
2471 5453 2569 5524 τῆς
2608 5449 2741 5522 γῆς;
2777 5448 2994 5518 ἀφεῖλες
3030 5445 3085 5498 δὲ
3128 5444 3235 5499 ἀπὸ
3281 5441 3494 5497 ἀσεϐῶν
3530 5440 3589 5494 τὸ
3633 5439 3791 5509 φῶςς

2207 5548 2464 5621 βραχίονα
2506 5543 2549 5598 δ’
2589 5540 2949 5613 ὑπερηφάνων
2982 5535 3336 5609 συνέτριψας;
3388 5529 3551 5604 ἦλθες
3590 5531 3647 5586 δὲ
3689 5532 3795 5584 ἐπὶ

2206 5643 2386 5714 πηγὴν
2416 5638 2718 5708 θαλάσσης,
2756 5636 2812 5688 ὲν
2848 5632 2904 5686 δὲ
2935 5631 3134 5703 ἴχνεσιν
3177 5627 3411 5682 ἀϐύσσου
3444 5623 3785 5697 περιεπάτη.

596 5814 642 5846 ⁸⁸
673 5813 844 5870 Exod.
888 5829 971 5879 ιιι,
994 5813 1048 5877 4,
1072 5811 1125 5867 5.
1201 5811 1246 5843 "
1278 5808 1413 5864 Dan.
1439 5823 1534 5872 vn,
1576 5807 1661 5864 10.
1741 5809 1787 5841 ⁸⁸
1821 5804 1945 5862 Job.
1973 5819 2092 5862 xxx‘

2193 5800 2413 5865 .t,ts.
2491 5798 2535 5833 ι’
2566 5794 2699 5853 ibid.
2723 5793 2790 5879 .7.
2863 5790 2910 5825 ιο
2959 5789 3090 5848 ibid.
3129 5787 3215 5844 ιε.
