4080 6416
338 362 426 418 ιοι

1229 355 1880 417 DEIONSTRATIONIS
1914 352 2368 411 EVANGELICE
2406 350 2535 408 LIB.
2570 347 2640 407 Υ.

3481 341 3583 398 109

338 495 431 542 σας
452 494 467 543 ;
500 475 808 545 ἀνοίγονται
828 474 885 529 δέ
911 491 993 528 σοι
1019 474 1170 546 φόϐῳ
1192 474 1355 529 πύλαι
1381 474 1641 541 θανάτους
1668 472 1907 546 πυλωροὶ

2009 469 2245 525 trivisti?
2274 466 2469 523 venisti
2500 471 2678 520 autem
2709 461 2777 517 ad
2811 461 3014 517 fontem
3057 457 3228 516 maris
3256 496 3271 521 ,
3308 466 3355 514 et
3383 455 3437 509 in
3483 471 3578 511 ve-

337 570 388 624 δὲ
438 568 564 639 ᾅδου
620 566 820 630 ἰδόντες
865 583 924 620 σε
976 565 1249 636 ἔπτηξανς
1289 584 1309 616 ι
1343 565 1455 619 Καὶ
1500 565 1593 618 ἐπὶ
1636 564 1776 617 τέλει
1815 562 1912 618 τοῦ

342 660 533 724 παντὸς
555 658 808 731 χρησμοῦ
836 657 1184 729 ἀποκρίνεται
1209 656 1333 711 ἰὼϐ
1362 656 1439 727 τῷ
1471 656 1677 728 Κυρίῳ,
1709 656 1908 724 λέγων·

339 769 361 803 ι
398 752 661 804 ’Ἄκουσον
685 748 749 819 δή
786 765 913 819 μου,
943 746 1139 820 Κύριε,
1169 748 1257 802 ἴνα
1281 744 1435 814 κάγὼ
1461 746 1697 817 λαλήσω.
1746 746 1913 817 Ἐρω-

337 845 481 914 τήσω
535 841 593 895 δέ
661 859 744 907 σε,
797 843 862 896 σὺ
908 840 965 894 δέ
1014 857 1080 911 με
1118 838 1346 904 δίδαξον.
1387 839 1580 914 ’Διιοὴν
1629 836 1728 909 μὲν
1776 836 1913 900 ὠτὸς

334 933 529 1005 ἧκουόν
560 949 655 986 σου
679 933 741 986 τὸ
766 932 1048 1004 πρότερον,
1086 931 1179 985 νῦν
1219 932 1276 986 δὲ
1300 934 1330 986 ὁ
1352 930 1625 1001 ὀφθαλμός
1665 947 1765 1002 μου
1811 928 1913 983 ἐὼ-

336 1025 468 1098 ρακέ
502 1041 584 1078 σε.
617 1025 707 1079 Διδ
734 1023 997 1092 ὲφαύλισα
1024 1023 1279 1095 ἐμαυτὸν,
1306 1022 1400 1077 καὶ
1427 1022 1629 1093 ὲτάκην
1648 1039 1661 1053 ³
1691 1022 1907 1093 ἥγημαι

332 1113 386 1167 δὲ
423 1112 666 1184 ἐμαυτὸν
695 1113 798 1183 γῆν
848 1114 942 1167 καὶ
985 1113 1198 1167 σποδόν.
1244 1130 1261 1164 ι
1291 1113 1413 1166 Ὅτι
1443 1111 1542 1183 μὲν
1573 1106 1665 1165 οὖν
1709 1107 1912 1182 Κυρίου

332 1207 426 1260 τοῦ
457 1205 803 1280 Δημιουργοῦ
832 1206 1185 1277 τυγχάνουσιν
1229 1206 1285 1260 αί
1326 1205 1677 1276 προκείμεναι
1719 1203 1912 1274 φωναὶ,

330 1298 433 1351 οὐκ
459 1300 525 1352 ὲκ
545 1298 654 1354 τῶν
683 1297 1050 1370 προτεθέντων
1085 1296 1264 1367 μόνον,
1294 1295 1431 1350 ἀλλὰ
1474 1296 1568 1349 καὶ
1602 1296 1668 1349 ἐκ
1699 1295 1806 1348 τῶν
1833 1310 1915 1347 σοι

332 1388 672 1459 φαινομένων
707 1385 997 1455 διαγνῶναι
1042 1385 1250 1456 ῥᾴδιονο
1290 1384 1372 1438 ὅτι
1419 1385 1477 1439 δὲ
1521 1383 1601 1448 τὸ,
1655 1403 1674 1435 ι
1713 1378 1917 1443 Ἦλθες

331 1481 423 1533 ἐπὶ
448 1480 636 1551 πηγὴν
673 1478 966 1548 θαλάσσης,
1013 1478 1071 1529 ὲν
1116 1476 1174 1530 δὲ
1220 1477 1422 1548 ἴχνεσιν
1471 1474 1710 1529 ἀϐύσσου
1764 1490 1918 1546 περι-

331 1569 646 1641 ιπάτησαςς
682 1588 701 1621 ι
726 1570 820 1623 καὶ
846 1569 926 1632 τὸ,
960 1587 979 1619 ι
1014 1566 1339 1636 Ἀνοίγονται
1374 1566 1431 1620 δέ
1454 1583 1536 1619 σοι
1564 1565 1713 1636 φόϐῳ
1754 1563 1917 1618 πύλαι

331 1660 584 1726 θανάτου;
616 1660 856 1733 πυλωροὶ
889 1660 947 1712 δὲ
985 1660 1109 1732 ᾅδου
1146 1660 1341 1724 ἰδόντες
1369 1677 1427 1713 σε
1456 1658 1720 1729 ἕπτηξανς
1764 1675 1783 1708 ι
1819 1655 1917 1727 τὴν

336 1754 415 1816 εἰς
448 1751 581 1824 ᾅδου
612 1751 836 1806 κάθοδον
862 1751 957 1805 τοῦ
992 1752 1242 1823 Σωτῆρος
1291 1751 1445 1823 ἡμῶν
1477 1749 1743 1815 θεσπίζει,
1777 1748 1918 1804 κατὰ

2013 559 2190 629 stigiis
2223 555 2404 629 abyssi
2461 551 2869 611 dealnbulasli?
2895 548 3317 620 aperiunturque
3362 544 3460 599 tibi
3506 543 3579 598 ti-

2013 667 2165 707 more
2186 659 2355 722 portae
2380 649 2571 704 mortis
2592 645 2613 699 ?
2639 653 2692 700 et
2708 644 2975 715 janitores
2993 640 3292 698 inferorum
3335 638 3581 694 videntes

2014 751 2066 799 te
2095 742 2268 798 territi
2303 747 2432 794 sunt
2462 738 2553 790 "1
2583 757 2600 788 ι
2637 735 2843 792 Deinde
2899 735 2951 789 in
3011 733 3116 787 fine
3146 731 3312 786 totius
3347 726 3580 791 oraculi,

2012 835 2303 906 respondet
2327 830 2429 888 Job
2455 828 2704 892 Domino,
2737 827 2924 882 dicens
2948 842 2962 878 :
2994 843 3015 877 ι
3039 822 3178 879 Audi
3206 823 3318 893 jam
3344 836 3449 887 me,
3476 819 3583 873 ι)οο

2013 927 2179 991 mine,
2209 933 2267 979 ut
2296 924 2460 980 etiam
2491 937 2592 990 ego
2624 921 2838 990 loquar,
2872 926 2926 973 et
2958 914 3301 985 interrogabo
3335 920 3408 979 te,
3441 917 3503 979 et.
3521 919 3581 966 tu

2014 1034 2101 1075 me
2132 1018 2347 1074 docete.
2391 1014 2596 1069 Auditu
2639 1013 2859 1084 quidem
2902 1009 3052 1066 auris
3101 1006 3281 1061 audivi
3311 1013 3363 1060 te
3406 1003 3580 1076 prius,

2013 1126 2159 1168 nunc
2187 1117 2367 1165 autem
2422 1106 2616 1162 oculus
2660 1118 2816 1159 meus
2846 1101 2981 1156 vidit
3011 1108 3083 1156 te.
3118 1098 3385 1167 Quocirca
3422 1097 3581 1153 vilem

2017 1201 2180 1258 habui
2232 1199 2520 1269 meipsum,
2586 1202 2642 1251 et
2695 1191 3021 1264 liquefactus
3076 1206 3219 1255 sum,
3287 1195 3342 1245 et
3398 1183 3582 1260 putavi

2016 1294 2282 1364 meipsum
2314 1298 2514 1346 terram
2563 1294 2617 1343 et
2658 1285 2897 1342 cinerem
2915 1285 2985 1339 ν’.
3017 1301 3038 1335 ι
3076 1280 3289 1337 Domini
3313 1279 3475 1351 igitur
3498 1293 3580 1334 re-

2014 1400 2136 1441 rum
2170 1381 2395 1453 Opificis
2433 1379 2713 1451 expositas
2766 1376 2930 1432 modo
2962 1390 3085 1432 esse
3135 1389 3316 1439 voces,
3342 1387 3452 1427 non
3493 1385 3583 1426 so-

2017 1478 2128 1532 lum
2154 1491 2221 1532 ex
2250 1475 2339 1537 iis,
2368 1488 2489 1544 qua:
2515 1470 2797 1541 proposita
2828 1476 2980 1531 sunt,
3005 1482 3191 1522 verum
3216 1463 3376 1520 etiam
3403 1477 3468 1516 ex
3494 1460 3582 1525 iis,

2016 1584 2137 1641 qua:
2181 1567 2278 1625 tibi
2313 1566 2419 1638 ipsi
2472 1564 2785 1627 videantur,
2832 1562 3153 1631 dignoscere
3185 1556 3342 1613 facile
3361 1563 3446 1617 est
3473 1593 3486 1607 .
3522 1554 3589 1608 il-

2017 1663 2109 1719 lud
2133 1678 2259 1718 vero
2284 1701 2299 1727 ,
2336 1679 2355 1712 ι
2381 1656 2591 1715 Venisti
2621 1656 2689 1711 ad
2719 1654 2922 1711 fontem
2948 1652 3137 1716 maris,
3171 1659 3225 1709 et
3255 1651 3311 1706 in
3342 1647 3585 1719 vestigiis

2019 1754 2204 1826 abyssi
2262 1748 2660 1807 deambulasti?
2693 1767 2721 1800 ι
2760 1755 2815 1802 et
2853 1742 3009 1806 illud,
3046 1761 3065 1795 ι
3094 1742 3426 1812 Aperiuntur
3459 1754 3585 1794 vero

333 1842 422 1897 τδν
473 1844 824 1914 προσήκοντα
866 1842 1055 1914 καιρὸν
1100 1842 1477 1913 ἀποδείξομεν
1518 1840 1770 1897 τοσοῦτον
1818 1840 1908 1894 νῦν

2013 1848 2108 1902 tibi
2140 1847 2333 1901 timore
2359 1851 2530 1915 portae
2559 1841 2750 1896 mortis
2772 1879 2787 1904 ,
2850 1846 2907 1894 et
2960 1837 3229 1907 janitores
3287 1832 3583 1889 inferorum

332 1935 823 2007 ἑπισημηνάμενοι,
861 1934 938 1998 ὡς
981 1934 1180 2005 μᾶλλον
1214 1933 1292 2004 τῷ
1321 1933 1438 2004 Θεῷ
1473 1932 1630 2003 Λόγῳ
1657 1934 1802 2005 ᾗπερ
1829 1931 1908 2004 τῷ

329 2026 448 2097 Θεῷ
462 2026 574 2079 τῶν
595 2026 731 2081 ὅλων
750 2026 819 2080 τὰ
843 2026 982 2082 κατὰ
1001 2026 1091 2080 τὸν
1107 2026 1270 2080 τόπον
1291 2023 1598 2080 ἀνατιθέναι
1619 2024 1898 2096 προσήκει.

342 2117 399 2173 Ὀ
412 2116 547 2187 γοῦν
563 2117 704 2181 Ἰὼϐ,
724 2116 872 2186 ἑξῆς,
894 2116 1094 2186 ὁμοίως
1108 2118 1223 2180 τοῖς
1243 2115 1512 2187 πατράσιν
1528 2114 1687 2168 αὐτὸν
1705 2114 1769 2185 δὴ
1783 2113 1906 2168 τοῦ.

329 2227 419 2264 τον
442 2209 536 2264 τὸν
562 2212 620 2263 ὲν
647 2210 840 2280 ἀρχαῖς
868 2208 953 2261 διὰ
985 2207 1243 2273 λαίλαπος
1282 2208 1376 2262 καὶ
1425 2206 1601 2277 νεφῶν
1642 2206 1907 2279 χρηματί-

331 2298 491 2363 ζοντα
515 2297 665 2368 αύτῷ
693 2298 915 2369 Κύριον,
936 2297 1166 2369 αετοψίᾳ
1192 2297 1589 2370 τεθεωρηκέναι
1621 2299 1901 2370 μαρτυρεῖ,

328 2388 523 2456 λέγων·
552 2407 572 2441 ι
603 2388 866 2441 Ἀκουσον
907 2387 964 2441 δέ
998 2384 1327 2458 μου,Κύριε,
1365 2386 1453 2440 ἵνα
1483 2384 1638 2454 κάγὼ
1665 2386 1900 2457 λαλήσω.

339 2479 633 2551 Ἐρωτήσω
663 2479 717 2532 δέ
752 2495 833 2543 σε,
872 2479 936 2532 σὺ
967 2478 1025 2532 δέ
1056 2495 1122 2549 με
1151 2477 1379 2543 δίδαξον.
1422 2478 1615 2548 Ἀκοὴν
1645 2477 1742 2549 μὲν
1770 2477 1905 2542 ὠτὸς

328 2570 527 2641 ῆκουόν
553 2587 648 2623 σου
685 2569 1058 2641 τοι-πρότερον,
1083 2568 1178 2624 νῦν
1213 2570 1268 2623 δὲ
1310 2571 1337 2622 ὁ
1368 2567 1641 2639 ὀφθαλμός
1676 2585 1774 2640 μου
1802 2566 1904 2621 ἐώ-

333 2662 468 2731 ρακὲ
494 2677 573 2713 σε.
608 2661 699 2714 Διὸ
730 2661 993 2730 ἐφαύλισα
1024 2661 1280 2732 ἐμαυτὸν,
1307 2661 1401 2715 καὶ
1434 2660 1660 2730 ὲτὰκην·
1690 2660 1904 2731 ἥγημαι

326 2752 381 2806 δὲ
407 2752 649 2823 ἐμαυτὸν
679 2753 780 2823 γῆν
812 2752 907 2805 καὶ
939 2753 1149 2806 σποδόν.
1190 2771 1209 2804 ι
1241 2751 1365 2816 Πῶς
1389 2752 1433 2805 δ’
1458 2752 1522 2805 ἂν
1539 2750 1630 2806 τὸν
1648 2751 1905 2833 ἀνωτάτω

325 2842 481 2907 Θεὸν,
509 2844 603 2896 τὸν
623 2843 731 2897 τῶν
753 2844 890 2897 ὅλων
915 2845 1188 2909 ἐπέκεινα,
1215 2844 1311 2916 τὴν
1335 2846 1601 2915 ἄτρεπτον
1626 2844 1719 2897 καὶ
1748 2843 1905 2911 ἀγέν-

326 2953 485 3008 νητον
511 2936 720 2999 οὐσίαν,
752 2937 930 3007 σάρκα
956 2936 1391 3008 περιϐεϐλημένη
1414 2935 1559 3007 ψυχὴ
1588 2935 1681 2989 καὶ
1706 2934 1905 3004 ὀφθαλ-

329 3030 418 3100 μοὶ
455 3029 668 3100 θνητῶν
700 3029 1011 3093 ἐθεάσαντο,
1047 3031 1094 3083 εί
1137 3031 1210 3102 μὴ
1254 3031 1361 3101 ἄρα
1404 3029 1590 3100 σαφῶς
1630 3029 1908 3086 κάνταῦθα

327 3120 692 3176 ὐποϐαίνοντα
729 3122 822 3175 τοῦ
866 3122 1065 3177 οἰκείου
1112 3123 1374 3194 μεγέθους
1411 3123 1502 3176 τὸν
1542 3124 1673 3177 Θεὸν
1711 3122 1901 3192 Λόγον,

322 3213 382 3267 δν
406 3213 679 3285 διαφόρως
700 3213 1091 3285 ἀποδείκνυμεν
1120 3215 1343 3286 Κύριον,
1376 3214 1620 3285 εἴποιμεν
1665 3215 1731 3268 ἂν
1763 3233 1901 3288 παρ-
1929 3194 1970 3252 C

328 3305 616 3368 ίστασθαι,
652 3305 728 3368 ὼς
762 3304 877 3357 ἐστι
916 3307 1008 3358 καὶ
1034 3303 1095 3369 ἐξ
1136 3304 1313 3358 αὐτῶν
1357 3304 1466 3359 τῶν
1506 3303 1763 3376 χρησμῶν
1797 3322 1899 3376 μα-

326 3398 460 3461 θεῖν,
493 3398 562 3450 δι*
597 3390 672 3449 ὧν
710 3393 865 3461 αὖθις
895 3398 924 3449 ό
957 3396 1157 3469 Κύριος
1191 3399 1327 3468 πρὸς
1365 3398 1456 3452 τὸν
1500 3398 1619 3452 Ἰὼϐ
1657 3398 1726 3452 τὰ
1775 3400 1902 3470 περὶ

324 3486 418 3540 τοῦ
467 3485 713 3540 διαϐόλου
759 3486 835 3550 ὡς
888 3487 1015 3559 περὶ
1060 3486 1347 3558 δράκοντος
1398 3486 1546 3542 διιὼν
1593 3488 1900 3559 ἐπεχείρεις

331 3595 352 3630 ι
385 3578 461 3631 Οὐ
504 3577 747 3640 δέδοικας
792 3578 873 3630 ὃτι
902 3576 1225 3647 ἡτοίμασται
1265 3594 1393 3647 μοις
1431 3596 1450 3630 ι
1480 3578 1754 3649 Δράκοντα
1796 3577 1904 3649 γὰρ

323 3665 656 3739 ἡτοιμάσθαι
682 3668 820 3737 ποίῳ
837 3666 1024 3738 Κυρίῳ
1047 3668 1309 3740 προσήκει
1332 3656 1593 3738 νομίζειν,
1624 3667 1656 3737 ἢ
1683 3668 1758 3738 τῷ
1787 3666 1905 3738 Θεῴ

323 3762 485 3831 Λόγῳ
508 3760 604 3813 καὶ
644 3759 853 3832 Σωτῆρι
892 3758 1047 3830 ἡμῶν
1066 3799 1080 3823 ,
1110 3758 1169 3821 ὃς
1197 3759 1287 3810 τὸν
1329 3758 1561 3830 ἄρχοντα
1594 3758 1685 3812 τοῦ
1714 3757 1907 3822 αἰῶνος

327 3852 538 3915 τούτου,
576 3850 741 3905 πάλαι
773 3851 1035 3922 πρότερον
1063 3848 1447 3920 πολιορκοῦντα
1473 3849 1534 3902 τὸ
1557 3848 1666 3903 τῶν
1701 3848 1908 3922 ἀνθρὼ-

327 3962 442 3998 πων
473 3945 651 4012 γένος,
684 3941 921 4006 καθεῖλε,
949 3942 1116 4005 λύσας
1160 3942 1258 4007 τὰς
1295 3942 1488 4007 ὠδῖνας
1515 3941 1607 3997 τοῦ
1646 3942 1903 3997 θανάτουο

323 4036 353 4089 δ
372 4037 469 4090 καὶ
495 4035 660 4099 αὐτὸς
688 4035 984 4105 παρίστησι
1016 4036 1194 4106 φήσας
1212 4076 1226 4099 ,
1257 4055 1275 4087 ι
1312 4031 1512 4098 Ἧλθες
1532 4035 1575 4088 δ’
1607 4036 1699 4089 ἐπὶ
1727 4035 1908 4107 πηγὴν

327 4129 636 4201 θαλάσσης;
671 4130 727 4182 ὲν
751 4128 805 4182 δὲ
833 4129 1029 4199 ἴχνεσιν
1052 4128 1286 4183 ἀϐύσσου
1304 4131 1738 4202 περιεπάτησαςς
1768 4130 1909 4185 ἀνοί-

323 4236 511 4287 γονται
540 4219 600 4272 δέ
631 4235 713 4272 σοι
746 4218 895 4288 φόϐῳ
927 4218 1091 4271 πύλαι
1125 4218 1389 4284 θανάτου;
1418 4218 1655 4291 πυλωροὶ
1693 4219 1751 4273 δὲ
1782 4219 1907 4291 ᾅδου

329 4312 527 4375 ἰδόντες
575 4327 636 4363 σε
686 4310 964 4382 ἔπτηξαν;
1008 4331 1025 4362 ι
1053 4310 1238 4365 Ταῦτα
1289 4310 1344 4363 δὲ
1377 4310 1601 4374 εἰκότως
1648 4311 1783 4384 πρὸς
1820 4312 1910 4368 τὸν

336 4403 456 4457 Ἰὼϐ
490 4402 820 4475 χρηματίζει
859 4401 997 4473 μετὰ
1019 4403 1110 4455 τὸν
1143 4403 1314 4473 μέγαν
1346 4402 1669 4473 πειρασμὸν,
1722 4401 1780 4455 δν
1808 4403 1912 4455 ύπ-

2011 1938 2258 1995 videntes
2278 1945 2331 1993 te
2360 1936 2535 1990 territi
2558 1940 2686 1990 sunt
2711 1931 2735 1986 l
2772 1949 2791 1983 ι
2831 1928 3134 1985 Salvatoris
3165 1928 3339 1982 nostri
3354 1924 3584 1981 descen~

2011 2047 2134 2088 sum
2190 2029 2259 2086 ad
2313 2027 2520 2084 inferos
2578 2023 2911 2096 significare,
2945 2037 3047 2077 suo
3098 2026 3339 2089 tempore
3362 2016 3587 2072 demon-

2011 2124 2328 2187 strabimus,
2363 2122 2411 2178 si
2431 2119 2590 2176 modo
2621 2119 2725 2174 hoc
2747 2118 2869 2173 ioco
2899 2115 2949 2171 id
2977 2129 3144 2170 unum
3174 2112 3543 2168 notaverimus
3569 2129 3581 2165 :

2010 2215 2121 2272 Deo
2153 2214 2329 2271 Verbo
2359 2213 2532 2284 magis
2558 2226 2718 2283 quam
2758 2208 2869 2265 Deo
2890 2205 3061 2274 Patri,
3081 2220 3201 2275 quae
3230 2203 3298 2258 ad
3337 2203 3480 2258 hunc
3506 2201 3586 2256 lo-

2009 2319 2133 2360 cum
2158 2304 2448 2376 pertinent.
2473 2318 2593 2358 esse
2612 2298 2917 2355 tribuenda.
2939 2295 3105 2369 248
3131 2293 3235 2350 Job
3259 2295 3444 2366 igitur,
3477 2294 3586 2350 sic-

2011 2405 2071 2451 ut
2118 2397 2281 2451 etiam
2322 2394 2517 2464 reliqui
2565 2400 2770 2463 patres,
2829 2390 3007 2460 ipsum
3066 2389 3211 2443 hunc
3240 2388 3309 2442 ab
3335 2385 3489 2440 initio
3520 2384 3586 2440 de

2010 2491 2224 2547 turbine
2265 2498 2320 2545 et
2360 2489 2598 2544 nubibus
2645 2486 3066 2557 respondentem
3121 2483 3225 2540 sibi
3273 2482 3583 2547 Dominum,

2009 2598 2192 2639 coram
2214 2596 2272 2638 se
2306 2582 2564 2637 intuitum
2597 2595 2720 2636 esse
2749 2579 3099 2643 testificatur,
3130 2573 3321 2629 dicens
3349 2588 3363 2625 :
3402 2591 3420 2624 ι
3444 2572 3584 2628 Audi

2008 2689 2138 2730 vero
2160 2689 2266 2739 me,
2300 2673 2547 2738 Domine,
2608 2680 2668 2726 ut
2702 2672 2865 2726 etiam
2896 2686 2997 2744 ego
3031 2670 3244 2741 loquar,
3273 2677 3329 2724 et
3351 2665 3587 2723 interro-

2010 2766 2149 2838 gabo
2192 2772 2267 2833 te,
2306 2772 2361 2820 et
2413 2773 2473 2820 tu
2515 2780 2602 2821 me
2654 2764 2850 2821 docete
2883 2780 2897 2816 :
2931 2762 3122 2818 auditu
3166 2761 3387 2833 quidem
3436 2760 3586 2814 auris

2009 2857 2194 2912 audivi
2225 2865 2277 2913 te
2312 2858 2486 2929 prius,
2518 2872 2667 2912 nunc
2711 2866 2892 2911 autem
2921 2854 3117 2911 oculus
3153 2868 3306 2909 meus
3336 2851 3471 2906 vidit
3509 2859 3583 2906 te.

2010 2947 2278 3016 Quocirca
2300 2950 2461 3005 vilem
2490 2948 2657 3003 habui
2686 2948 2978 3018 meipsum,
3008 2955 3062 3002 et
3099 2943 3422 3016 liquefactus
3441 2958 3583 3007 sum,

2008 3049 2064 3096 et
2092 3040 2276 3110 putavi
2309 3039 2579 3109 meipsum
2613 3046 2816 3096 terram
2846 3044 2900 3093 et
2929 3037 3191 3094 cinerem.
3215 3055 3233 3089 ι
3277 3033 3383 3103 Qui
3405 3045 3584 3089 autem

2013 3131 2128 3186 fieri
2157 3138 2357 3201 potest,
2421 3139 2479 3186 ut
2527 3147 2843 3202 supremum
2888 3129 3079 3194 Deum,
3112 3137 3166 3185 et
3208 3144 3332 3184 eum
3372 3127 3466 3199 qui
3498 3134 3585 3182 est

2005 3221 2147 3275 ultra
2175 3220 2380 3286 omnia,
2413 3221 2806 3277 immutabilem
2842 3222 3032 3292 utique
3075 3226 3130 3274 et
3166 3219 3466 3290 ingenitam
3493 3232 3581 3273 es-

2003 3312 2255 3376 sentiam,
2288 3311 2469 3367 anima
2488 3312 2674 3368 induta
2701 3328 2950 3384 corpore,
2974 3320 3029 3367 et
3072 3312 3216 3368 oculi
3259 3310 3566 3365 mortalium

2003 3401 2186 3456 intuiti
2204 3402 2335 3467 sint,
2363 3403 2470 3459 nisi
2501 3403 2662 3475 plane
2707 3404 2811 3459 hoc
2866 3405 3030 3460 etiam
3061 3403 3204 3466 loco,
3253 3400 3437 3473 egredi
3500 3400 3569 3457 de

2004 3494 2222 3566 prepria
2276 3494 2653 3567 magnitudine
2696 3495 2791 3552 Dei
2817 3494 3079 3562 Verbum,
3112 3496 3291 3566 ipsum
3338 3493 3431 3565 qui
3480 3492 3588 3549 Do-

2004 3586 2186 3642 minus
2230 3602 2354 3643 esse
2385 3627 2401 3652 ,
2455 3589 2623 3645 variis
2681 3587 3092 3644 demonstratur
3146 3587 3343 3651 modis,
3405 3601 3578 3656 eoque

2006 3678 2167 3734 modo
2191 3678 2449 3734 exhibere
2491 3695 2550 3735 se
2598 3679 2893 3736 videndum
2948 3679 3284 3744 dixerimus,
3320 3683 3583 3752 quemad-

2006 3769 2226 3827 modum
2255 3770 2382 3828 licet
2418 3772 2503 3827 vel
2550 3787 2617 3827 ex
2660 3772 2794 3843 ipsis
2841 3774 3083 3829 oraculis
3115 3772 3345 3839 discere,
3380 3774 3434 3827 in
3459 3774 3584 3843 quia

2008 3862 2110 3919 bus
2133 3879 2333 3921 rursus
2359 3864 2474 3935 ipse
2498 3863 2762 3920 Dominus
2792 3866 2859 3920 ad
2914 3864 3017 3921 Job
3038 3880 3103 3921 ea
3147 3881 3268 3936 quae.
3295 3865 3360 3921 ad
3390 3865 3583 3920 diabo-

2007 3954 2119 4008 lum
2168 3955 2459 4025 pertinent,
2522 3963 2783 4028 tanquam
2824 3956 2889 4012 de
2931 3957 3173 4013 dracone
3201 3972 3466 4012 enarrans
3502 3957 3578 4012 in~

2008 4044 2212 4111 stabat,
2269 4043 2427 4099 «Non
2460 4045 2621 4100 times
2677 4047 2932 4116 quoniam
2992 4057 3213 4116 paratus
3233 4056 3319 4102 est
3345 4047 3522 4102 mihi?
3559 4066 3579 4102 ο

2007 4132 2107 4189 Cui
2127 4135 2271 4190 enim
2305 4134 2554 4199 Domino,
2581 4135 2874 4193 draconem
2895 4145 3142 4207 paratum
3169 4154 3290 4193 esse
3329 4139 3581 4194 arbitrari

2008 4227 2284 4293 convenit,
2319 4229 2423 4282 nisi
2453 4227 2562 4284 Deo
2591 4227 2770 4284 Verbo
2806 4237 2859 4284 et
2890 4228 3154 4285 Salvatori
3184 4239 3392 4296 nostro,
3421 4246 3580 4303 quem

2008 4319 2305 4391 principem
2336 4320 2497 4391 hujus
2529 4321 2709 4376 saeculi
2749 4321 3072 4392 jampridem
3100 4339 3270 4394 genus
3301 4323 3579 4379 hominum

2009 4412 2423 4482 depopulantem
2459 4415 2703 4479 sustulit,
2745 4414 3028 4471 dissolutis
3058 4416 3251 4471 mortis
3273 4415 3577 4479 doloribus,

324 4494 528 4564 ἔμεινε,
564 4494 660 4547 καὶ
698 4492 903 4562 ἀγῶνα,
933 4494 1195 4547 διδάσκων
1231 4492 1409 4556 αὐτὸν,
1431 4494 1509 4547 ὅτι
1543 4494 1682 4565 ὑπὲρ
1708 4481 1905 4566 μέρους

2009 4496 2154 4595 quod
2201 4500 2419 4569 quidem
2479 4502 2680 4572 ipsum,
2743 4503 2860 4573 ipse
2900 4519 3117 4575 quoque
3164 4505 3311 4560 dicat
3369 4505 3579 4571 dicens,

323 4585 647 4656 ἠγώνισται,
690 4584 784 4639 τοῦ
821 4584 1064 4656 μείζονος
1106 4586 1198 4639 καὶ
1245 4585 1630 4658 κραταιοτέρου
1670 4586 1902 4659 πολέμου

2017 4607 2036 4640 ι
2072 4588 2281 4646 Venisti
2338 4608 2468 4649 vero
2525 4594 2590 4649 ad
2652 4593 2855 4649 fontem
2925 4598 3113 4660 maris,
3161 4606 3214 4652 et
3259 4597 3315 4652 in
3342 4597 3583 4666 vestigiis

325 4678 418 4731 καὶ
448 4677 665 4747 ἀγῶνος
685 4676 831 4747 αύτῷ
860 4675 938 4748 τῷ
968 4677 1159 4750 Κυρίῳ
1199 4678 1615 4749 πεφυλαγμένον
1645 4680 1786 4733 κατὰ
1814 4680 1903 4735 τὸν

325 4769 513 4841 καιρὸν
538 4769 639 4840 τῆς
672 4770 755 4833 εἰς
786 4768 875 4822 τὸν
904 4768 1130 4822 θάνατον
1158 4769 1324 4823 αὐτοῦ
1352 4770 1673 4841 παρουσίας.

2010 4683 2192 4755 abyssi
2235 4684 2630 4744 deambulasti?
2667 4689 2989 4760 aperiuntur
3039 4700 3219 4745 autem
3264 4690 3362 4745 tibi
3389 4690 3583 4746 timore

2007 4787 2179 4847 porta:
2209 4778 2444 4833 mortis?
2472 4788 2527 4833 et
2573 4779 2839 4850 janitores
2895 4779 3196 4836 inferorum
3244 4782 3489 4838 videntes
3531 4789 3583 4837 te

329 4864 499 4918 territi
534 4862 706 4916 sunt?
740 4879 757 4912 ι
790 4859 915 4953 meq
964 4876 1097 4917 sane
1151 4860 1342 4917 merito
1384 4861 1450 4916 ad
1501 4860 1605 4917 Job
1630 4863 1891 4933 loquitur,
1932 4874 2056 4935 post
2118 4884 2372 4939 magnam
2422 4873 2802 4936 tentationem,
2834 4879 3066 4944 postque
3092 4887 3345 4943 magnum
3406 4884 3579 4928 certa-

328 4974 447 5014 men
476 4956 626 5028 quod
657 4956 937 5017 sustinuit,
972 4956 1176 5013 docens
1210 4972 1354 5024 eum,
1402 4957 1548 5028 quod
1595 4974 1692 5028 pro
1740 4970 1892 5030 parte
1930 4964 2241 5032 certaverit,
2276 4981 2400 5021 eum
2468 4966 2686 5024 interim
2724 4967 2902 5037 majus
2921 4965 3235 5033 fortiusque
3270 4965 3470 5023 bellum
3525 4974 3582 5022 et

328 5058 603 5105 certamen
662 5049 765 5119 ipsi
793 5047 1019 5104 Domino
1042 5056 1369 5112 reservetur,
1400 5049 1506 5105 sub
1553 5057 1769 5118 tempus
1812 5050 1899 5106 sui
1936 5052 2003 5108 ad
2041 5062 2271 5112 mortem
2299 5057 2589 5115 adventus.

843 5168 1240 5231 ΚΕΦΑΛΑΙΟΝ
1267 5171 1398 5225 KA'.

338 5259 477 5314 Ἀπὸ
526 5258 636 5314 τοῦ
686 5263 739 5326 ιιι
785 5259 1051 5327 ψαλμοῦ.
1089 5290 1156 5299 —
1194 5259 1310 5330 jac
1339 5261 1449 5315 δύο
1495 5264 1753 5330 κυρίους
1800 5266 1901 5320 καί

647 5332 681 5384 ὀ
725 5326 1112 5399 προκείμενος
1157 5326 1580 5402 οἷδείψαλμός.

397 5440 415 5472 ι
456 5422 581 5475 Ὀτι
633 5420 722 5482 σὺ,
772 5420 964 5491 Κύριε,
993 5420 1146 5485 ἐλπίς
1183 5439 1304 5492 μου,
1348 5423 1437 5476 τὸν
1473 5422 1735 5492 ’Ὕψιστον
1780 5424 1902 5481 ἔθου

2584 5177 2812 5234 CAPUT
2847 5177 2988 5241 XXJ.

2006 5265 2049 5319 Α
2078 5281 2147 5321 xc
2169 5268 2396 5329 psalmo.
2419 5301 2488 5311 —
2506 5268 2660 5337 Quod
2672 5269 2808 5325 dicas
2846 5286 3101 5342 personas
3148 5270 3309 5326 etiam
3341 5272 3580 5342 proposi-

2464 5349 2549 5394 tus
2579 5342 2815 5411 agnoscit
2842 5340 3103 5411 psalmus.

2081 5448 2099 5481 ι
2131 5429 2400 5498 Quoniam
2453 5441 2531 5497 tu,
2580 5431 2826 5498 Domine,
2874 5448 3000 5502 spes
3047 5448 3187 5499 mea,
3234 5430 3577 5488 Altissimum

327 5513 641 5581 καταφυγήν
671 5527 787 5564 σου.
812 5512 886 5564 Ού
922 5512 1338 5583 προσελεύσεται
1362 5513 1496 5583 πρὸς
1524 5515 1582 5567 σὲ
1614 5516 1775 5581 κακὰ,
1809 5519 1904 5572 καὶ

2009 5520 2233 5589 posuisti
2268 5519 2535 5592 refugium
2566 5530 2719 5576 tuum
2749 5540 2763 5575 :
2798 5536 2907 5578 non
2944 5520 3202 5579 accedent
3230 5519 3295 5574 ad
3330 5527 3383 5575 te
3413 5519 3577 5585 mala,

326 5605 514 5673 μάστιξ
548 5605 651 5658 οὐκ
674 5604 850 5671 ὲγγιεῖ
878 5602 954 5675 τῷ
977 5604 1289 5677 σκηνώματί
1321 5622 1412 5659 σου
1434 5623 1449 5636 ο
1480 5607 1559 5659 ὃτι
1593 5611 1703 5671 τοῖς
1734 5609 1901 5679 ἀγγέ-

386 5758 427 5789 ⁹¹
461 5757 566 5814 Job
628 5773 861 5823 surtu,
919 5758 1102 5817 ΙΞ-Γῑ.
1179 5763 1223 5794 ⁸³
1263 5759 1365 5815 Job
1421 5776 1551 5826 xui,
1585 5762 1695 5821 ι-ϐ.

2002 5620 2055 5669 et
2083 5611 2352 5684 flagellum
2384 5629 2493 5670 non
2546 5612 3004 5686 appropinquabit
3052 5613 3405 5671 tabernaculo
3435 5618 3573 5667 tuo:
