4080 6416
499 353 606 408 ιοδ

1173 346 1440 401 EUSEBII
1479 344 1957 402 CASSARIENSIS
1986 343 2134 402 OPP.
2173 340 2354 398 PARS
2383 339 2449 398 ιί.
2485 373 2556 384 —
2578 338 3076 396 APOLOGETICA.

3646 334 3748 390 ιοι

501 465 757 551 quoniam
790 463 994 535 angelis
1019 461 1135 526 suis
1167 461 1442 516 mandavit
1474 463 1540 516 de
1575 470 1647 524 te,
1679 461 1846 534 249
1871 461 1925 515 in
1955 475 2069 514 ma--

2177 457 2286 520 λοις
2326 455 2491 510 αὑτοῦ
2528 457 2818 510 ἐντελεῖται
2864 453 2990 526 περὶ
3029 451 3143 506 σοῦ.
3181 449 3303 503 Ἐπὶ
3333 447 3532 519 χειρῶν
3554 446 3750 551 defici

504 560 666 622 nibus
709 559 898 611 tollent
951 564 1022 618 te,
1081 571 1148 611 ne
1195 557 1414 626 quando
1445 555 1689 611 offendas
1736 557 1801 610 ad
1838 556 2070 624 lapidem

502 651 690 720 pellem
721 657 871 703 tuum
897 669 908 704 :
951 663 1114 718 super
1147 647 1391 717 aspidem
1419 655 1472 702 et
1509 649 1754 718 regulum
1783 647 2068 709 ascendes,

503 724 551 808 et
584 741 934 802 conculcabis
969 741 1180 796 leonem
1237 748 1290 794 ct
1336 739 1629 795 draconem
1661 740 1728 793 ”.
1752 760 1770 793 ι
1812 739 1908 796 His
1941 756 2072 795 sane

503 837 674 902 utitur
735 834 960 890 vocibus
1022 832 1293 895 diabolus,
1352 833 1405 886 in
1453 833 1752 888 tentatione
1808 832 2072 888 adversus

505 925 841 979 Salvatorcm
885 932 1153 978 nostrum.
1187 923 1569 996 Contemplare
1607 924 1696 984 hic
1727 925 1910 994 igitur,
1937 940 2073 995 quo-

505 1032 625 1084 nam
656 1016 816 1069 modo
853 1015 1094 1084 psalmus
1128 1015 1194 1068 ad
1222 1015 1398 1085 ipsum
1431 1014 1717 1082 Dominum
1739 1017 1847 1083 ait:
1880 1035 1899 1068 ι
1923 1016 2072 1083 Quo-

505 1109 646 1164 niam
676 1118 752 1171 tu,
795 1105 1044 1172 Domine,
1095 1122 1220 1176 spcs
1259 1123 1398 1172 mea,
1458 1107 1800 1164 Altissimum
1840 1109 2071 1178 posuisti

507 1197 770 1266 refugium
803 1205 976 1251 tuum.
1013 1203 1094 1251 Tu
1147 1199 1290 1262 enim
1339 1200 1474 1269 ipse,
1523 1201 1718 1269 inquit,
1755 1215 1875 1256 mea
1923 1217 2070 1271 spes,

503 1303 535 1344 ο
564 1289 808 1360 Domine,
847 1290 997 1344 illum
1029 1305 1059 1355 ιι
1089 1307 1197 1362 quo
1218 1291 1334 1360 ipse
1363 1308 1442 1356 es,
1474 1292 1646 1347 Deum
1691 1294 1868 1364 ipsum
1917 1295 2073 1348 altis-

508 1380 699 1443 simum
761 1388 815 1444 et
857 1395 1171 1450 supremum
1224 1367 1273 1435 et
1314 1391 1464 1435 tuum
1515 1381 1753 1446 Patrem,
1804 1382 2072 1454 refugium

507 1473 766 1554 posuisti,
798 1482 1022 1550 propter
1065 1473 1208 1544 quod
1243 1489 1348 1527 non
1393 1475 1652 1529 accedent
1705 1475 1772 1528 ad
1819 1483 1872 1530 te
1909 1477 2070 1540 mala,

507 1567 566 1619 ad
595 1573 667 1627 te,
701 1566 942 1635 inquam,
973 1581 1151 1620 meum
1202 1565 1512 1631 Dominum,
1561 1574 1616 1622 et
1657 1566 1923 1637 ﬂagellum
1967 1584 2072 1624 non

507 1658 963 1733 appropinquabit
993 1660 1346 1724 tabernaculo
1375 1669 1487 1715 tuo.
1520 1680 1538 1712 ι
1567 1658 1702 1714 Nam
1734 1661 1836 1716 etsi
1879 1660 2073 1715 nefarii

507 1750 754 1816 homines
806 1751 1148 1806 conabuntur
1189 1763 1238 1810 te
1278 1753 1549 1816 hominem
1603 1753 1806 1807 factum
1848 1751 2074 1823 ﬂagellis

2183 566 2240 602 σε
2260 592 2273 613 ,
2309 551 2380 620 μή
2410 566 2539 601 ποτε
2567 549 2916 621 προσκόπτῃς
2946 544 3082 617 πρὸς
3121 542 3265 596 λίθον
3301 541 3436 594 πόδα
3468 558 3582 594 σου.
3623 539 3748 592 Ἐπί⁵

2179 641 2380 694 ἀσπίδα
2409 641 2502 694 καὶ
2539 639 2848 710 βασιλίσκον
2881 637 3118 707 ἐπιϐἡσῃ
3147 675 3162 698 ,
3206 633 3299 687 καὶ
3343 631 3748 701 καταπατήσεις

2179 729 2366 784 λέοντα
2385 730 2478 783 καὶ
2498 730 2784 802 δράκοντα.
2815 747 2834 779 ι
2863 726 3100 788 Ταύταις
3125 726 3154 778 6
3175 722 3418 786 διάϐολος
3439 723 3496 774 ἐν
3511 721 3592 792 τῷ
3609 719 3751 774 κατά

2175 821 2271 875 τοῦ
2304 823 2552 894 Σωτῆρος
2568 822 2726 893 ἡμῶν
2760 818 3052 892 πειρασμῷ
3084 817 3348 889 κέχρηται
3370 817 3488 878 ταῖς
3515 813 3745 878 λέξεσιν.

2181 914 2320 986 Ὅρα
2351 914 2415 986 δὴ
2448 911 2541 967 οὖν
2569 914 2690 967 τίνα
2707 913 2908 985 τρόπον
2945 913 2976 964 6
3020 910 3232 981 ψαλμὸς
3275 907 3411 979 πρὸς
3451 905 3612 959 αὐτὸν
3657 904 3749 960 τὸν

2179 1006 2381 1077 Κύριόν
2440 1024 2636 1078 φησιν·
2681 1025 2700 1056 ι
2748 1007 2871 1059 ’Ότι
2910 1005 2974 1058 σὺ
3000 1045 3015 1068 ,
3047 1003 3246 1075 Κύριε,
3283 999 3437 1062 ἐλπίς
3475 1016 3613 1069 μου,
3656 995 3748 1050 τὸν

2182 1101 2440 1170 ’Ὕψιστον
2465 1099 2586 1152 ἔθου
2618 1099 2937 1169 καταφυγήν
2976 1113 3089 1149 σου.
3127 1115 3146 1146 ι
3185 1095 3256 1148 Σὺ
3285 1094 3394 1165 γὰρ
3420 1089 3602 1153 αὐτὸς,
3639 1107 3747 1159 φην

2179 1187 2285 1251 civ,
2313 1187 2346 1257 ἡ
2373 1187 2478 1257 ἐμὴ
2508 1186 2682 1252 ἐλπὶς,
2711 1180 2756 1240 ὦ
2777 1185 2970 1256 Κύριε,
3021 1183 3238 1256 μείζονα
3265 1180 3484 1244 σαυτοῦ,
3506 1179 3595 1236 τὸν
3615 1177 3748 1232 Θεὸν

2179 1278 2340 1330 αὑτὸν
2368 1279 2458 1330 τὸν
2489 1277 2708 1347 ὕψιστον
2747 1279 2837 1331 καὶ
2866 1278 2958 1330 ἐπὶ
2995 1277 3210 1330 πάντων
3265 1275 3360 1327 καὶ
3403 1271 3600 1327 σαυτοῦ
3634 1272 3750 1324 Ila-

2178 1370 2329 1441 τέρα.
2364 1370 2684 1442 καταφυγὴν
2709 1370 2859 1423 ἔθου·
2888 1370 2954 1422 δι’
2977 1369 3036 1424 ὃν
3067 1369 3128 1421 οὐ
3160 1364 3580 1440 προσελεύσεται
3605 1361 3751 1416 κακὰ

2181 1457 2316 1528 πρὸς
2345 1458 2437 1518 σέ,
2465 1456 2602 1529 πρὸς
2637 1458 2695 1510 σέ
2741 1458 2830 1514 τὸν
2869 1457 2999 1528 ἐμὸν
3034 1456 3270 1527 Κύριον,
3305 1454 3398 1506 καὶ
3431 1451 3625 1522 μάστιξ
3651 1452 3752 1504 οὐκ

2179 1550 2352 1618 ἐγγιεί
2381 1549 2458 1619 τῷ
2491 1548 2806 1619 σκηνώματί
2829 1567 2940 1603 σου.
2979 1568 2997 1599 ι
3023 1548 3142 1601 Κᾶν
3173 1547 3286 1618 γὰρ
3315 1546 3531 1608 ἀσεϐεῖς
3558 1544 3753 1614 ἄνδρες

2181 1641 2572 1712 ἐπιχειρήσωσι
2628 1640 3124 1711 ἐνανθρωπήσαντά
3176 1655 3236 1690 σε
3293 1635 3608 1709 μαστίζειν,
3646 1633 3752 1688 κᾶν

2180 1731 2258 1802 τῷ
2292 1732 2506 1811 θανάτῳ
2536 1732 2914 1804 παραδιδόναι,
2941 1732 3054 1785 ἀλλ’
3073 1731 3193 1784 οὔτι
3223 1746 3287 1798 γε
3320 1732 3354 1800 ἡ
3389 1731 3452 1781 ἐκ
3483 1727 3618 1781 Θεοῦ
3647 1727 3752 1798 μάν

507 1845 734 1909 caedere,
766 1845 870 1912 etsi
911 1847 1070 1908 morti
1099 1846 1334 1912 tradere,
1389 1847 1702 1916 neutiquam
1757 1854 1938 1900 tamen
1969 1845 2068 1900 ηας

2177 1823 2290 1889 στιξ
2309 1823 2385 1894 τῷ
2407 1823 2484 1894 σῷ
2507 1825 2822 1894 προσεγγιεῖ
2844 1822 3178 1894 σκηνώματι,
3204 1821 3345 1875 τοῦτ’
3364 1821 3476 1873 ἐστι
3503 1819 3749 1893 σώματι⁸

507 1937 726 2008 gcllum,
763 1937 907 2011 quod
955 1953 984 1991 a
1013 1937 1122 1992 Deo
1150 1948 1253 2003 est,
1284 1946 1378 1994 tuo
1421 1939 1872 2009 appropinquabit
1893 1940 2072 1995 taber-

507 2013 727 2092 naculo,
747 2028 850 2084 hoc
867 2036 970 2092 est,
1006 2039 1099 2084 tuo
1128 2031 1367 2100 corpori,
1419 2046 1528 2100 quo
1580 2031 1830 2084 videlicet
1854 2042 2076 2100 prOpter

507 2134 609 2190 nos
641 2119 802 2175 homo
836 2118 1035 2187 factus,
1079 2120 1304 2176 indutus
1352 2139 1430 2178 es.
1461 2122 1542 2176 Ad
1573 2122 1822 2177 eumdem
1850 2122 2071 2178 modum

505 2210 946 2277 accommodabis
1014 2212 1084 2275 ei,
1118 2227 1238 2282 quae
1297 2214 1350 2267 in
1411 2221 1524 2269 toto
1552 2214 1762 2284 psalmo
1795 2213 2071 2276 dicuntur,

505 2316 626 2383 quae
649 2317 782 2355 sane
817 2317 916 2357 nos
949 2317 1165 2386 quoque
1186 2319 1286 2361 suo
1327 2312 1569 2386 tempore
1604 2303 1990 2376 disquiremus,
2023 2312 2077 2368 et

505 2393 1013 2477 contemplabimur,

595 2576 598 2580 t
1065 2505 1296 2568 CAPUT
1346 2505 1508 2572 xxu.

503 2593 580 2652 Ab
610 2593 759 2652 Osee.
777 2598 939 2655 -.—De
962 2597 1068 2652 Deo
1111 2597 1274 2654 Verbo
1291 2609 1338 2654 et
1371 2598 1553 2664 Patre,
1583 2602 1717 2655 sicut
1743 2601 1806 2656 de
1830 2600 2071 2666 Domino.

577 2773 594 2806 ι
623 2754 743 2810 Νοη
794 2756 1164 2829 derelinquam
1221 2767 1279 2814 ut
1325 2760 1531 2816 doleam
1575 2760 1765 2822 Jacob,
1817 2762 2074 2831 quoniam

504 2843 650 2902 Deus
671 2865 770 2918 ego
805 2865 947 2916 sum,
974 2858 1028 2904 et
1050 2867 1157 2905 non
1191 2850 1356 2905 homo
1401 2853 1453 2906 in
1512 2860 1564 2906 te
1605 2862 1850 2918 sanctus,
1883 2861 1938 2909 et
1966 2868 2076 2908 non

502 2941 780 3010 ingrediar
832 2941 890 2995 in
950 2941 1229 2997 civitatem
1287 2958 1302 2993 :

502 3033 626 3087 labo
661 3033 728 3085 ".
761 3054 778 3085 ι
803 3032 901 3088 Hic
926 3040 979 3088 et
1027 3049 1124 3104 per
1156 3034 1259 3087 alia
1306 3033 1390 3088 his
1419 3035 1636 3100 similia,
1660 3033 1802 3090 Deus
1836 3035 2076 3091 Verbum

501 3121 666 3177 homo
685 3122 880 3188 factus,
915 3123 982 3178 ad
1013 3107 1107 3178 eos
1141 3123 1291 3188 dicit,
1326 3125 1419 3194 qui
1451 3125 1622 3178 virum
1651 3126 1867 3195 quidem
1895 3127 2072 3196 ipsum

1365 2949 1487 3012 post
1540 2942 1825 2997 Dominum
1882 2945 2078 2998 ambu-

2175 1911 2204 1964 ὃ
2249 1911 2487 1982 δηλονότι
2541 1913 2605 1966 δι’
2663 1915 2810 1984 ἡμᾶς
2851 1912 3274 1984 ἐνανθρωπήσας
3334 1909 3750 1982 περιϐέϐλησαι.

2177 2003 2397 2066 Τούτοις
2429 2004 2735 2068 ἀκολούθως
2767 2005 3094 2075 ἐφαρμόσεις
3135 2002 3283 2072 αὐτῷ
3313 2002 3378 2055 τὰ
3405 2001 3471 2054 δι’
3495 2001 3618 2054 ὅλου
3655 1999 3752 2054 τοῦ

2175 2089 2388 2161 ψαλμοῦ
2415 2092 2716 2164 δηλούμενα
2733 2135 2748 2160 ,
2782 2093 2818 2147 ἃ
2846 2095 2938 2148 καὶ
2955 2095 3107 2153 αὐτοὶ
3127 2093 3264 2156 κατά
3295 2092 3384 2146 τὸν
3407 2093 3604 2146 οἰκεῖον
3629 2107 3751 2146 και-

2179 2182 2271 2255 ρὸν
2310 2185 2774 2258 ἐπιθεωρήσομεν.

2683 2501 3078 2553 ΚΕΦΑΛΑΙΟΝ
3110 2501 3238 2566 ΚΒ⁹,

2191 2589 2334 2646 Ἀειό
2369 2591 2476 2645 τοῦ
2515 2588 2704 2656 Ὀσηέ.
2722 2620 2790 2662 έ-
2807 2590 2945 2662 Περὶ
2997 2591 3101 2662 τοῦ
3127 2589 3272 2644 Θεοῦ
3302 2591 3493 2662 Λόγου
3519 2589 3614 2645 καί
3640 2591 3752 2646 τοῦ

2556 2660 2812 2728 Πατρός,
2842 2661 2922 2726 ὡς
2957 2661 3089 2727 περὶ
3125 2662 3365 2728 Κυρίου.

2198 2795 2208 2806 .
2254 2773 2273 2806 ι
2298 2753 2374 2806 Οὐ
2401 2752 2474 2824 μὴ
2491 2753 2864 2821 ἐγκαταλείψω
2888 2753 2981 2805 τοῦ
3006 2753 3379 2824 ἐξαλειφθῆναι
3406 2754 3497 2806 τὸν
3531 2752 3749 2817 Ἰακὼϐ,

2177 2845 2258 2899 δτι
2295 2836 2427 2915 Θεὸς
2455 2843 2564 2913 ἐγώ
2599 2847 2741 2914 εἰμι,
2777 2843 2870 2897 καὶ
2897 2844 2995 2896 οὐκ
3024 2845 3306 2917 ἄνθρωπος
3349 2846 3405 2897 ἐν
3449 2845 3530 2897 σοὶ
3572 2844 3748 2911 ἆγιοςο

2178 2937 2270 2991 καὶ
2303 2938 2402 2990 οὐκ
2440 2936 2814 3006 εἰσελεύσομαι
2847 2937 2925 2998 είς
2957 2937 3108 2988 πόλιν
3133 2953 3146 2968 δ
3200 2936 3373 2990 ὀπίσω
3413 2936 3616 3007 Κυρίου
3652 2955 3748 2990 πο-

2181 3027 2460 3100 ρεύσομαι.
2497 3046 2515 3078 ι
2585 3026 2844 3080 Ἐνταῦθα
2871 3026 2964 3080 καὶ
3000 3027 3086 3080 διὰ
3117 3025 3317 3080 τούτων
3351 3027 3379 3078 ό
3414 3026 3544 3090 Θεὸς
3578 3028 3749 3095 Λόγος

2179 3120 2600 3191 ἐνανθρωπήσας
2672 3120 2808 3190 πρὸς
2851 3120 2978 3182 τοὺς
3017 3119 3300 3186 ἄνθρωπον
3350 3118 3508 3170 αὐτὸν
3571 3119 3746 3186 ἅγιον,

505 3224 776 3278 sanctum,
804 3231 911 3270 non
942 3224 1121 3269 autem
1148 3215 1317 3270 Deum
1348 3232 1469 3271 esse
1500 3215 1861 3272 confitentur:
1885 3237 1902 3269 ι
1933 3219 2069 3274 Deus

2177 3209 2291 3263 ἀλλ’
2317 3211 2376 3264 ού
2406 3210 2536 3263 Θεὸν
2591 3206 2724 3262 εἶναι
2781 3208 3174 3281 ὁμολογοῦντας
3205 3227 3216 3240 ·
3252 3227 3270 3260 ι
3302 3209 3434 3273 Θεὸς
3461 3208 3569 3278 ὲγὼ
3597 3214 3710 3280 εἰμι
3731 3251 3747 3272 ,

501 3322 602 3377 ego
663 3324 807 3370 sum.
861 3309 1054 3378 inquit,
1107 3317 1162 3365 et
1206 3325 1314 3364 non
1371 3309 1532 3364 homo
1563 3310 1614 3362 in
1657 3318 1710 3365 te
1739 3319 2003 3366 sanctus:
2048 3331 2066 3364 ι

502 3397 697 3454 deinde
719 3399 810 3453 ubi
846 3398 1010 3455 Deum
1053 3401 1289 3471 seipsum
1318 3401 1474 3463 dixit,
1500 3399 1786 3456 Dominum
1815 3418 1877 3456 ac
1904 3401 2072 3457 Deum

503 3498 558 3543 et
592 3490 806 3545 Patrem
846 3507 1004 3547 suum
1029 3493 1257 3557 indicat,
1292 3493 1591 3563 adjungens
1623 3513 1636 3548 :
1670 3512 1688 3545 ι
1717 3495 1848 3550 Post
1885 3495 2072 3550 Domi-

503 3599 632 3638 num
665 3581 994 3638 ambulabo:
1039 3604 1058 3637 ι
1097 3584 1226 3638 illud
1253 3591 1431 3640 autem
1461 3599 1475 3636 :
1515 3604 1532 3637 ι
1563 3583 1682 3640 Non
1715 3585 1990 3657 ingrediar
2016 3588 2072 3644 in

411 3675 420 3684 ’
505 3677 807 3738 civitatem,
840 3696 858 3728 ι
888 3676 1210 3748 abnegantis
1243 3692 1373 3733 sane
1409 3677 1570 3733 fuerit
1592 3694 1958 3751 communem,
2009 3697 2074 3746 ac

503 3768 821 3838 popularem
867 3766 1148 3820 hominum
1198 3769 1612 3839 rempublicam,
1669 3784 1699 3821 a
1755 3785 1862 3840 qua
1908 3772 2070 3826 etiam

504 3873 635 3914 suos
663 3857 963 3926 discipulos
1010 3865 1282 3923 avertens,
1329 3860 1441 3913 ait:
1489 3878 1508 3910 ‹
1545 3859 1602 3914 1η
1637 3860 1779 3914 viam
1831 3864 2070 3931 gentium

503 3964 573 4020 ne
602 3947 868 4010 abieritis,
899 3955 952 4002 et
985 3948 1040 4002 in
1087 3949 1358 4004 civitatem
1393 3947 1858 4006 Samaritanorum
1887 3968 1954 4008 ne
1984 3953 2072 4012 in-

502 4039 780 4112 traveritis
807 4040 871 4093 ".
903 4060 922 4093 ι

957 4153 1120 4239 350
1153 4154 1379 4224 CAPUT
1425 4155 1612 4213 xxm.

500 4263 582 4336 Ab
616 4265 796 4337 Amos.
831 4296 900 4307 -—
935 4267 1010 4321 De
1037 4266 1311 4334 Saluatore
1332 4279 1534 4334 nostra,
1567 4271 1702 4333 sicut
1735 4272 1798 4332 de
1827 4271 2066 4337 Domino,

575 4344 623 4418 et
656 4335 720 4389 de
748 4333 931 4418 Pqtre,
968 4339 1100 4391 sicut
1131 4333 1194 4391 de
1226 4339 1332 4393 Deo
1362 4333 1380 4393 ὲ
1410 4354 1459 4394 et
1508 4333 1570 4395 de
1601 4341 1913 4396 Judworum
1948 4333 2072 4415 gen;

573 4415 640 4458 (is
669 4415 951 4462 eversione.

2175 3303 2308 3374 φησὶ
2333 3344 2346 3365 ,
2402 3304 2494 3357 καὶ
2545 3305 2644 3356 οὐκ
2685 3303 2967 3375 ἄνθρωπος
3001 3305 3058 3356 ἐν
3093 3305 3173 3357 σοὶ
3200 3304 3373 3372 ἀγιος·
3412 3324 3429 3355 ι
3468 3299 3585 3357 εἶτα
3615 3303 3748 3356 Θεὸν

2174 3393 2334 3446 αὐτὸν
2378 3393 2545 3446 εἰπὼν
2570 3434 2584 3455 ,
2629 3392 2717 3447 τὸν
2755 3395 2847 3446 ἐπὶ
2880 3397 3094 3450 πάντων
3124 3396 3327 3467 Κύριον
3360 3397 3448 3450 καὶ
3482 3394 3616 3449 Θεὸν
3655 3395 3749 3448 καὶ

2175 3483 2401 3554 Πατέρα
2447 3482 2609 3536 αὑτοῦ
2649 3483 2833 3552 δηλοῖ,
2886 3485 3187 3554 ἐπιλέγωνο
3230 3506 3247 3537 ι
3291 3487 3494 3539 Ὀπίσω
3539 3486 3746 3558 Κυρίου

2175 3573 2526 3644 πορεύσομαι.
2552 3593 2569 3623 ι
2600 3573 2671 3626 Τὸ
2691 3574 2769 3637 δέ,
2803 3593 2822 3624 ι
2855 3574 2967 3627 Οὐκ
3001 3575 3375 3646 εἰσελεύσομαι
3408 3577 3486 3638 είς
3517 3575 3686 3638 πόλιν,
3724 3594 3744 3626 ι

2175 3664 2506 3736 ἀρνουμένου
2529 3662 2594 3716 ἂν
2627 3663 2711 3734 εἴη
2741 3664 2842 3734 τὴν
2867 3664 3051 3735 κοινὴν
3081 3665 3174 3717 καὶ
3191 3664 3409 3734 δημώδη
3447 3662 3748 3734 ἀνθρώπων

2174 3754 2442 3808 πολιτείαν
2465 3771 2479 3783 °
2523 3751 2591 3826 ἧς
2628 3755 2720 3806 καὶ
2754 3756 2879 3818 τοὺς
2919 3755 3080 3820 ἰδίους
3121 3755 3367 3826 μαθητὰς
3402 3756 3746 3827 ἀποτρέπων,

2175 3845 2358 3915 φησίνο
2416 3864 2434 3897 ι
2469 3844 2564 3907 El;
2585 3845 2700 3897 όδὸν
2727 3843 2894 3898 ἐθνῶν
2926 3845 3000 3917 μὴ
3029 3846 3330 3922 ἀπέλθητε,
3364 3846 3455 3900 καὶ
3487 3849 3568 3910 είς
3595 3847 3747 3899 πόλιν

2175 3937 2525 4012 Σαμαρειτῶν
2558 3937 2633 4014 μὴ
2667 3937 2959 4009 εἰσέλθητε.
3002 3957 3022 3990 ι

2679 4117 3071 4219 ΚΕΦᾸΛΑΙΟΝ
3107 4159 3233 4212 ΚΡ.

2185 4271 2327 4326 Ἀπὸ
2352 4269 2456 4325 τοῦ
2491 4271 2783 4339 Ἀμώς.-
2810 4271 2946 4338 Περὶ
2995 4269 3100 4323 τοῦ
3133 4270 3404 4338 Σωτῆρος
3443 4271 3631 4339 ἡμῶν,
3666 4274 3746 4340 ὡς

2243 4343 2373 4409 περὶ
2403 4343 2644 4409 Κυρίου,
2681 4341 2776 4399 καὶ
2793 4341 2896 4394 τοῦ
2924 4341 3174 4408 Πατρός,
3197 4341 3275 4406 ὡς
3298 4343 3425 4409 περὶ
3451 4342 3620 4407 Θεοῦ,
3644 4346 3745 4399 καὶ

2243 4411 2350 4479 τῆς
2382 4411 2790 4466 τοῦἸουὸαἰων
2807 4411 3020 4476 ἔθνους
3059 4409 3494 4481 καταστροφῆς.

578 4514 598 4546 ι
637 4495 815 4551 Everti
843 4515 960 4562 vos,
1016 4501 1158 4554 sicut
1211 4501 1405 4556 evertit
1432 4501 1575 4558 Deus
1607 4502 1841 4560 Sodoma
1875 4513 1929 4561 et
1970 4505 2069 4560 (ἴοι

2248 4523 2266 4554 ι
2294 4503 2646 4581 Κατέστρεψα
2663 4504 2824 4573 ὑμᾶς,
2851 4501 3031 4568 καθὼς
3059 4503 3422 4574 κατέστρεψεν
3447 4506 3474 4556 6
3493 4505 3623 4568 Θεὸς
3645 4506 3746 4560 Σό-

498 4589 720 4642 morrha
747 4609 760 4644 :
796 4598 850 4645 et
869 4591 992 4644 facti
1022 4595 1156 4647 estis
1187 4595 1342 4662 quasi
1375 4596 1542 4651 torris
1574 4607 1792 4668 ereptus
1817 4615 1883 4653 ex
1920 4599 2065 4668 igne.

497 4677 562 4732 Et
585 4695 653 4734 ne
684 4682 762 4734 sic
787 4683 1004 4751 quidem
1037 4688 1285 4741 conversi
1318 4688 1450 4740 estis
1478 4687 1542 4740 ad
1591 4705 1698 4752 me,
1736 4689 1866 4743 dicit
1887 4689 2069 4743 Domi-

497 4787 600 4826 nus
616 4772 684 4824 “.
715 4792 734 4824 ›
773 4771 946 4827 Etiam
975 4774 1076 4831 hoc
1103 4777 1219 4831 loco
1245 4778 1361 4846 ipse
1385 4776 1662 4843 Dominus,
1693 4780 1856 4835 Deum
1881 4797 2070 4854 quein-

494 4863 618 4915 dam
654 4863 729 4916 ait
787 4863 1146 4920 Sodomorum
1189 4869 1490 4926 eversionis
1551 4879 1828 4926 auctorem
1871 4872 2059 4937 fuisse,

495 4967 621 5005 cum
653 4954 793 5011 alius
819 4955 886 5009 sit
940 4957 1057 5025 ipse
1107 4956 1278 5014 Filius
1305 4976 1468 5030 quam
1508 4962 1554 5014 is
1599 4962 1664 5016 de
1695 4979 1802 5038 quo
1834 4964 1947 5033 ipse
1978 4964 2061 5018 lo-

493 5046 698 5114 quitur.
721 5045 890 5103 Porro
922 5049 974 5102 in
1001 5051 1115 5119 ipsa
1144 5051 1504 5107 Sodomorum
1530 5057 1810 5110 eversione
1839 5058 1945 5110 duo
1969 5072 2063 5126 ap-

493 5147 708 5209 parent.
741 5141 960 5208 quando
987 5143 1404 5212 pluit,Dominus
1439 5147 1614 5216 ignem
1655 5163 1682 5200 a
1716 5147 1942 5202 Domino
1969 5165 2064 5203 su-

493 5241 589 5296 per
621 5225 854 5290 Sodoma
896 5239 949 5290 et
987 5231 1308 5288 Gomorrha.
1361 5237 1585 5304 Qualem
1640 5238 1825 5307 igitur,
1863 5239 2058 5308 inquit,

495 5318 729 5373 Sodoma
763 5322 834 5375 ob
860 5332 1042 5394 turpes
1067 5337 1231 5398 atque
1259 5331 1525 5385 absurdos
1555 5332 1883 5400 impietates,
1908 5347 2062 5386 ever-

495 5410 702 5465 sionem
731 5428 986 5482 perpessa
1029 5430 1155 5473 sunt
1175 5423 1354 5485 ;'talia
1382 5439 1479 5478 vos
1507 5441 1725 5494 quoque
1760 5425 2058 5493 patiemini.

499 5516 557 5554 ac
594 5516 661 5554 ne
683 5503 761 5556 sic
795 5507 1010 5574 quidem
1068 5516 1319 5568 conversi
1375 5517 1509 5570 estis
1541 5517 1604 5571 ad
1634 5532 1737 5572 me.
1767 5517 2062 5571 Consuevit

496 5601 670 5663 autem
704 5589 1008 5666 Scriptura,
1041 5608 1254 5674 tempus
1277 5606 1517 5661 futurum
1540 5608 1694 5677 quasi
1730 5608 2060 5678 prseteritum

2174 4597 2310 4666 δομα
2350 4596 2442 4649 καὶ
2473 4595 2755 4674 Γόμορρα,
2789 4595 2882 4660 καὶ
2909 4594 3158 4662 ἐγένεσθε
3195 4594 3269 4658 ὡς
3319 4595 3472 4658 δαλὸς
3516 4596 3745 4662 ἐξεσπα-

2178 4687 2370 4758 σμένος
2401 4688 2465 4739 ἐκ
2491 4685 2679 4762 πυρός,
2719 4686 2825 4747 Καὶ
2865 4685 2970 4738 οὐδ’
3002 4685 3173 4748 οὕτως
3209 4687 3574 4758 ἐπεστρέψατε
3609 4689 3744 4760 πρός

2179 4794 2246 4850 με
2267 4818 2280 4840 ,
2306 4777 2454 4846 λέγει
2479 4776 2700 4849 Κύριος,
2743 4795 2762 4828 ι
2800 4776 3094 4832 Κάνταῦθα
3129 4778 3291 4842 αὐτὸς
3318 4781 3346 4831 6
3370 4779 3573 4851 Κύριος
3610 4773 3742 4832 Θεξν

2176 4870 2298 4923 τινά
2319 4886 2448 4939 φησι
2474 4869 2572 4940 τὴν
2599 4869 2690 4922 ἐπὶ
2703 4867 2947 4939 Σοδόμων
2967 4869 3344 4949 καταστροφὴν
3366 4871 3738 4941 πεποιηκέναι,

2168 4963 2351 5034 ἕτερος
2383 4961 2458 5016 ὢν
2497 4961 2695 5032 δηλαδὴ
2733 4962 2823 5014 τοῦ
2865 4962 2999 5032 πρὸς
3044 4961 3207 5014 αὑτοῦ
3242 4963 3590 5034 δηλουμένου.
3633 4966 3742 5018 Καὶ

2169 5057 2225 5106 ἐν
2259 5057 2320 5124 τῇ
2374 5056 2464 5108 ἐπὶ
2491 5055 2736 5125 Σοδόμων
2770 5055 2824 5107 δὲ
2857 5058 3200 5126 καταστροφῇ
3236 5056 3326 5108 δύο
3362 5056 3554 5127 Κύριοι
3603 5074 3742 5128 παρ-

2172 5147 2439 5208 ίστανται,
2468 5148 2554 5199 ὅτε
2586 5147 2800 5218 ἔϐρεξεν
2823 5149 2850 5200 6
2877 5147 3077 5216 Κύριος
3107 5147 3214 5219 πῦρ
3248 5148 3394 5218 παρά
3418 5148 3618 5219 Κυρίου
3649 5151 3740 5202 ἐπὶ

2170 5239 2377 5309 Σόδομα
2410 5239 2502 5292 καὶ
2527 5239 2794 5308 Γόμορρα.
2835 5238 3050 5292 Ὀποίαν
3079 5239 3391 5310 τοιγαροῦν,
3442 5241 3610 5308 φησὶ,
3649 5241 3738 5294 διὰ

2169 5332 2268 5394 τὰς
2301 5332 2562 5393 ἐκτόπους
2594 5329 2910 5393 δυσσεϐείας
2959 5329 3216 5398 ὑπέμεινε
3244 5331 3622 5402 καταστροφὴν
3670 5333 3738 5385 τά

2170 5423 2374 5493 Σόδομα
2397 5463 2410 5485 ,
2450 5422 2670 5476 τοιαῦτα
2699 5422 2791 5474 καὶ
2822 5423 2977 5492 ὑμεῖς
2996 5460 3009 5481 ,
3037 5415 3082 5472 ὧ
3123 5415 3284 5485 οὗτοι,
3319 5422 3569 5475 πείσεσθε
3593 5464 3608 5486 ,
3644 5425 3739 5476 καὶ

2169 5514 2273 5568 οὐδ’
2311 5513 2483 5576 οὕτως
2533 5512 2896 5584 ἐπεστρέψατε
2954 5513 3088 5582 πρὸς
3133 5531 3220 5583 με.
3273 5513 3508 5584 Σύνηοες
3553 5514 3610 5568 δὲ
3673 5517 3738 5585 τῇ

2169 5609 2358 5681 Γραφῇ
2390 5606 2450 5660 τὸ
2476 5606 2666 5678 μέλλον
2705 5606 2779 5670 ὠς
2816 5602 3182 5675 παρεληλυθὸς
3208 5605 3417 5680 δηλοῦν,
3450 5607 3610 5664 Ὥστε
3647 5607 3740 5660 καὶ

456 5735 467 5776 ’⁸
563 5765 608 5806 ’³
644 5763 785 5836 Ρδτιι.
822 5778 908 5820 xc.
939 5762 1089 5818 9-15.
1155 5763 1199 5794 ’³
1235 5762 1359 5820 05c.
1395 5781 1470 5828 Ix,
1502 5766 1663 5830 9,10.
1740 5766 1786 5798 "
1813 5765 2003 5838 Matth.
2038 5783 2066 5820 χ

2177 5809 2180 5819 .
2258 5765 2303 5798 ⁵⁸
2331 5766 2497 5821 Amos
2529 5779 2611 5833 Iv,
2644 5763 2729 5820 ll.
