4080 6416
307 351 412 406 405

1237 333 1896 395 DEMONSTBATIONIS
1934 332 2390 390 EVANGELICIE
2429 330 2558 386 LIB.
2592 329 2658 386 ν.

3467 326 3566 382 ιυϐ

309 473 380 524 τὰ
420 471 670 542 παρόντα
701 469 901 541 ὁμοίως
929 465 1032 538 χρὴ
1075 465 1236 528 νοεῖν,
1273 461 1403 518 ἀντὶ
1451 460 1550 534 μὲν
1571 460 1688 526 τοῦ,
1730 477 1895 514 κατα-

2001 473 2220 528 ponere.
2277 456 2459 522 Quare
2509 453 2799 525 praesentia
2861 467 3079 524 quoque
3124 451 3312 506 eadem
3363 450 3574 504 ratione

316 563 552 637 στρέψω,
579 562 888 634 μέλλοντος,
917 559 1009 612 τοῦ
1031 557 1432 628 παρῳχημένου
1473 553 1788 627 εἰρημένου,
1807 550 1900 605 τοῦ

320 656 661 728 κατέστρεψα
681 671 696 686 ·
756 654 876 708 ἀντὶ
907 653 964 704 δὲ
989 649 1104 714 τοῦ,
1135 647 1628 720 ἐπιστραφήσεσθε,
1655 642 1773 706 τοῦ,
1804 645 1902 696 ὲπ-

323 748 636 822 εστρέψατε,
660 746 935 817 κειμένου.
953 743 1135 796 Ταῦτα
1160 742 1215 795 δὲ
1243 741 1378 812 πρὸς
1395 740 1456 793 τὸ
1471 739 1737 792 Ἰουδαίων
1751 739 1900 800 ἔθνος

326 841 694 898 ἀποτείνεται,
725 837 762 892 ἃ
793 838 885 892 καὶ
911 837 1018 889 οὐδ’
1045 834 1232 889 ἄλλοτε
1273 833 1306 904 ἢ
1351 832 1487 902 μετὰ
1511 831 1609 903 τὴν
1635 833 1778 886 κατὰ
1805 832 1896 885 τοῦ

325 932 573 1003 Σωτῆρος
603 932 764 1003 ἡμῶν
801 929 1092 1000 ἐπιϐουλὴν
1129 928 1208 991 είς
1245 925 1443 990 αὐτοὺς
1481 922 1800 996 ἐπληροῦτο.
1839 924 1898 978 ’0

323 1025 448 1094 γοῦν
482 1027 629 1097 ἱερὸς
662 1023 840 1078 αὐτῶν
876 1024 971 1076 καὶ
1003 1021 1065 1074 τὺ
1097 1022 1226 1091 πρὶν
1253 1019 1404 1088 ἆγιος
1433 1018 1596 1081 τόπος
1635 1018 1714 1081 εἰς
1741 1016 1898 1071 τοῦτο

323 1115 414 1169 νῦν
443 1115 766 1188 περιῆλθεν,
797 1113 872 1177 ὡς
913 1110 1055 1165 κατὰ
1094 1111 1260 1182 μηδὲν
1294 1110 1392 1180 τῆς
1434 1108 1682 1179 Σοδόμων
1729 1124 1898 1161 κατα-

324 1209 559 1281 στροφῆς
583 1207 821 1261 ἀποδεῖν.
869 1205 1015 1276 Πλὴν
1052 1205 1232 1275 ὃμως,
1272 1201 1473 1272 καίπερ
1510 1198 1778 1253 ἀκόλουθα
1827 1202 1894 1271 τῇ

322 1303 621 1374 προρρήσει
657 1297 1006 1361 πεπονθότες,
1033 1296 1184 1350 οὔπω
1211 1296 1303 1349 καὶ
1340 1297 1419 1358 είς
1450 1292 1607 1365 δεῦρο
1631 1292 1730 1363 τὴν
1757 1290 1895 1362 πρὸς

321 1394 407 1448 τὸν
433 1391 667 1462 Χριστὸν
692 1390 785 1443 τοῦ
808 1388 962 1453 Θεοῦ,
996 1389 1064 1440 δι’
1088 1387 1146 1441 ὃν
1179 1386 1346 1440 ταῦτα
1377 1384 1704 1439 πεπόνθασιν
1725 1424 1739 1447 ,
1774 1384 1894 1436 ὲπι-

324 1482 560 1554 στροφὴν
601 1482 926 1550 ἐποιήσαντο
948 1497 965 1514 ο
998 1480 1072 1543 ὡς
1102 1478 1325 1540 εἰκότως
1358 1478 1451 1531 καὶ
1490 1476 1645 1529 τοῦτο
1670 1474 1760 1530 διὰ
1798 1476 1896 1546 τῆς

321 1575 379 1626 ὲν
420 1574 576 1646 χερσὶ
621 1572 972 1637 θεσπίζεσθαι
1016 1571 1372 1642 προφητείας,
1398 1569 1659 1639 λεγούσης
1687 1585 1701 1600 ο
1743 1587 1761 1616 ι
1787 1567 1895 1621 Kal.

321 1666 432 1719 οὐδ’
462 1665 634 1730 οὕτως
665 1663 1034 1734 ἐπεστρέψατε
1079 1662 1214 1733 πρός
1246 1679 1336 1732 με,
1361 1661 1507 1730 λέγει
1537 1661 1759 1731 Κύριος.
1800 1677 1820 1710 ι

820 1923 1213 1978 ΚΕΦΑΛΑΙΟΝ
1271 1922 1394 1975 KA'.

335 2041 465 2096 Ἀπὸ
519 2041 627 2095 τοῦ
682 2039 964 2095 Ἀϐδειοῦ.
1000 2069 1068 2079 -
1108 2036 1246 2105 Περὶ
1304 2035 1423 2088 τῶν
1467 2034 1575 2105 δύο
1641 2033 1893 2105 Κυρίων,

356 2112 588 2180 Πατρός
620 2110 717 2165 καί
757 2110 911 2172 Υίοῦ,
937 2108 1035 2162 καί
1061 2107 1170 2174 τῆς
1191 2104 1316 2159 τῶν
1342 2104 1533 2160 ἐθνῶν
1561 2104 1856 2170 κλήσεως.

398 2243 417 2276 ι
451 2226 682 2297 Ὂρασις
727 2225 989 2278 Ἀϐδειθῦ.
1036 2223 1172 2277 Τάδε
1206 2219 1353 2288 λέγει
1387 2222 1588 2294 Κύριος
1633 2224 1700 2293 τῇ
1741 2220 1896 2273 Ἰδου-

324 2317 479 2389 μαίᾳ·
514 2318 708 2389 Ἀκοὴν
728 2319 931 2388 ἥκουσα
969 2315 1119 2388 παρὰ
1148 2315 1373 2388 Κυρίου,
1403 2314 1496 2366 καὶ
1528 2313 1786 2385 περιοχὴν
1818 2315 1898 2375 είς

321 2406 389 2458 τὰ
423 2403 549 2476 ἔθνη
580 2405 946 2470 ἐξαπέστειλε.
985 2425 1003 2456 ›
1042 2405 1244 2476 Κύριος
1284 2407 1311 2457 6
1334 2404 1464 2466 Θεὸς
1494 2403 1662 2474 ἀκοὴν
1693 2404 1892 2472 ἤκουσε

319 2497 473 2568 παρὰ
528 2497 753 2568 Κυρίου.
801 2498 909 2551 Καὶ
949 2497 1089 2568 αὕτη
1117 2496 1173 2548 δὲ
1216 2491 1283 2566 ἦν
1313 2494 1440 2566 περὶ
1469 2495 1566 2566 τῆς
1592 2493 1696 2548 τῶν
1728 2493 1896 2548 ἐθνῶν

320 2588 586 2658 κλήσεως.

843 2699 1234 2752 ΚΕΦΛΛΑΙΟΝ
1273 2700 1400 2752 ΚΕ’.

329 2811 463 2895 Ἇξύ
504 2811 1055 2895 τοῦβαχᾳρίουηῖ-
1083 2813 1174 2878 Ὠς
1277 2813 1433 2895 Θεὸς.
1457 2811 1654 2895 Λόγος
1684 2809 1903 2895 Κύριος

385 2881 474 3005 (ἐγ
527 2881 677 2968 πρὸς
723 2880 830 2936 τοῦ
885 2881 1154 2952 μείζονος
1201 2880 1575 2936 ἀπεστάλθαι
1622 2880 1898 2948 ὁμολογεῖ

440 2969 634 3005 υοιου.

440 2969 634 3020 υριου.

391 3105 413 3137 ι
441 3084 578 3138 Τάδε
612 3084 760 3152 λέγει
790 3083 994 3156 Κύριος
1039 3084 1450 3155 παντοκράτωρ·
1489 3082 1694 3135 Ὀπίσω
1739 3081 1894 3152 δόξης

312 3176 628 3232 ἁπέσταλκέ
665 3193 734 3247 με
762 3177 856 3230 ἐπὶ
882 3177 950 3229 τὰ
982 3176 1110 3247 ἔθνη
1155 3176 1222 3230 τὰ
1266 3175 1638 3230 σκυλεύσαντα
1670 3177 1831 3248 ὑμᾶς.
1870 3195 1888 3228 ι
1921 3207 1963 3263 C

313 3271 430 3327 Εἶτ’
461 3272 713 3344 ἐπιφέρει
754 3273 890 3344 μετὰ
929 3272 1134 3345 βραχέα
1179 3273 1351 3341 λέγων
1373 3289 1386 3302 ⁸
1420 3292 1437 3323 ί
1472 3272 1580 3325 Καὶ
1624 3270 1895 3340 γνώσεσθε

311 3367 395 3418 ὅτι
425 3365 630 3437 Κύριος
665 3366 1056 3437 παντοκράτωρ
1088 3365 1395 3418 ἀπέσταλκε
1433 3382 1521 3436 με.
1561 3384 1580 3416 ι
1636 3365 1698 3417 Et
1732 3365 1826 3416 καὶ
1867 3365 1896 3417 6

311 3458 659 3510 ἀποστέλλων
686 3457 887 3529 Κύριός
920 3459 1036 3511 ἐστι
1091 3457 1504 3530 παντοκράτωρ,
1554 3458 1648 3511 καὶ
1698 3460 1726 3512 ὁ
1791 3457 1896 3510 ὰπ-

311 3548 572 3602 autem
604 3548 776 3617 λέγων
803 3548 1084 3613 ὡσαύτως,
1117 3549 1208 3602 δύο
1232 3549 1358 3621 ἄρα.
1395 3548 1588 3616 Σαφῶς
1631 3548 1688 3601 δὲ
1733 3549 1762 3601 6
1789 3549 1894 3601 ἀπ-

313 3641 687 3712 εσταλμένος,
729 3661 746 3692 ι
790 3640 996 3712 Κύριος
1053 3641 1445 3714 παντοκράτωρ
1477 3641 1570 3693 ἐπὶ
1619 3641 1689 3696 τᾶ
1736 3642 1891 3714 ἔθνη,

313 3736 500 3805 φησὶν,
528 3733 840 3787 ἁπέσταλκέ
869 3750 958 3803 με.
994 3752 1012 3784 ι

836 3842 1229 3896 ΚΕΦΑΛΑΙΟΝ
1269 3843 1413 3909 καθ.

399 3957 451 4009 Ὀ
465 3956 671 4021 αὐτὸς,
708 3954 805 4008 καί
839 3955 972 4024 περὶ
1008 3952 1118 4023 τῆς
1148 3952 1266 4007 τῶν
1303 3951 1495 4008 ἐθνῶν
1521 3951 1819 4017 κλήσεως.

394 4070 642 4140 «Τέρπου
683 4067 777 4121 καὶ
801 4059 1119 4136 εὐφραίνου,
1152 4065 1390 4138 θύγατερ
1423 4064 1580 4130 Σιὼν,
1615 4063 1750 4118 διότι
1785 4062 1892 4117 ἰδοὺ

311 4160 427 4229 ἐγὼ
453 4161 708 4232 ἔρχομαι,
747 4159 844 4212 καὶ
888 4157 1294 4228 κατασκηνώσω
1325 4159 1381 4210 ὲν
1414 4157 1564 4228 μέσῳ
1604 4173 1717 4218 σου,
1747 4154 1894 4225 λέγει

312 4255 543 4326 Κύριος.
581 4253 692 4306 Καὶ
721 4251 1148 4321 καταφεύξονται
1178 4251 1304 4322 ἐθνη
1337 4248 1506 4302 πολλὰ
1539 4248 1632 4302 ἐπὶ
1663 4248 1754 4300 τὸν
1780 4245 1893 4299 Κύ-

313 4361 434 4416 ριον
466 4348 524 4399 ἐν
551 4347 620 4414 τῇ
648 4343 828 4414 ἡμέρᾳ
853 4343 1064 4414 ἐκείνῃο
1095 4343 1188 4394 καὶ
1213 4342 1426 4395 ἔσονται
1454 4337 1603 4409 αὐτῷ
1629 4339 1709 4403 είς
1743 4336 1892 4390 λαόν·

308 4439 408 4490 καὶ
426 4435 833 4505 κατασκηνώσει)
852 4438 907 4488 ὲν
928 4435 1076 4504 μέσῳ
1105 4451 1218 4499 σου,
1247 4434 1340 4486 καὶ
1366 4432 1570 4505 γνώσῃ,
1594 4431 1676 4484 ὅτι
1693 4429 1896 4501 Κύριος

2003 556 2215 617 oportet
2245 546 2513 616 accipere,
2543 551 2602 599 ut
2621 544 2873 600 videlicet
2903 559 3000 614 pro
3025 557 3112 609 eo,
3142 540 3286 611 quod
3308 549 3572 604 evertam,

2003 641 2170 696 futuri
2198 639 2459 710 temporis
2480 638 2684 693 dictum
2718 637 2809 700 sit,
2845 635 3040 699 everti,
3071 633 3352 706 praeteriti,
3383 638 3437 687 et
3475 648 3574 703 pro

1999 746 2086 794 eo,
2121 733 2264 800 quod
2283 739 2366 785 est
2394 726 2800 785 convertimini.
2829 724 3079 779 conversi
3105 726 3262 779 estis.
3294 722 3419 776 Ηιεε
3445 737 3575 776 vero

2001 829 2128 877 sunt
2153 821 2218 874 ad
2242 819 2554 875 Iudaeorum
2578 827 2791 888 gentem
2819 815 3021 870 directe
3045 815 3277 888 prolata,
3308 829 3430 884 qua‘
3448 815 3574 882 qui-

1998 915 2120 970 dem
2151 931 2261 969 non
2295 914 2452 978 alias,
2495 927 2656 981 quam
2710 917 2833 981 post
2864 907 3036 963 factas
3077 909 3340 963 adversus
3394 905 3577 960 Salva-

1998 1013 2168 1061 torem
2197 1015 2447 1060 nostrum
2509 1002 2760 1066 insidias,
2815 1002 2870 1056 in
2931 1001 3080 1071 ipsos
3108 1000 3377 1070 completa
3425 1005 3572 1053 sunt.

1999 1096 2209 1151 Etenim
2235 1111 2391 1151 sacer
2424 1095 2669 1166 ipsorum
2709 1101 2762 1149 et
2794 1093 2949 1163 prius
2984 1101 3207 1147 sanctus
3234 1091 3388 1145 locus
3417 1090 3483 1144 ad
3523 1091 3575 1145 id

2001 1188 2253 1242 redactus
2277 1194 2382 1247 est,
2404 1195 2464 1241 ut
2487 1187 2636 1240 nulla
2665 1185 2718 1239 in
2763 1192 2917 1254 parte
2966 1200 2992 1236 ε
3021 1182 3383 1238 Sodomorum
3420 1198 3578 1237 ever-

1999 1281 2151 1336 sione
2179 1277 2473 1348 discrepet.
2516 1276 2926 1339 Verumtamen,
2979 1277 3079 1331 elsi
3133 1290 3196 1331 ea
3242 1273 3388 1344 passi
3427 1285 3576 1336 sunt,

1998 1387 2119 1441 quae
2153 1370 2207 1446 in
2242 1370 2506 1424 vaticinio
2563 1369 2666 1424 sibi
2705 1368 2962 1439 praedicta
2982 1377 3167 1437 aperte
3215 1366 3575 1437 perspiciunt,

1996 1461 2225 1515 necdum
2263 1460 2316 1513 in
2352 1460 2497 1514 hunc
2526 1474 2699 1529 usque
2718 1457 2859 1512 diem
2904 1456 2970 1510 ad
2998 1456 3276 1511 Christum
3307 1455 3422 1520 Dei,
3451 1472 3578 1526 pro-

1997 1562 2115 1624 pter
2172 1568 2332 1626 quem
2371 1552 2502 1606 talia
2558 1550 2852 1621 pertulere,
2907 1550 3118 1620 seipsos
3165 1556 3573 1604 converterunt.

1997 1645 2181 1715 Itaque
2204 1645 2398 1699 merito
2429 1644 2500 1698 ab
2529 1659 2614 1708 ea,
2653 1660 2775 1714 qua:
2803 1658 2949 1697 nunc
2983 1643 3037 1696 in
3062 1642 3312 1696 manibus
3348 1649 3430 1695 est
3447 1656 3575 1710 pro-

1997 1735 2200 1805 phetia,
2235 1733 2286 1789 id
2317 1733 2578 1789 divinitus
2605 1733 2811 1788 dictum
2842 1740 2925 1786 est
2953 1749 2966 1784 :
2994 1749 3011 1780 ι
3052 1731 3116 1784 Et
3151 1745 3218 1784 ne
3252 1728 3332 1784 sic
3355 1727 3573 1800 quidem

1930 1820 1971 1873 Β
2000 1825 2248 1882 conversi
2276 1825 2409 1881 estis
2436 1825 2502 1878 ad
2538 1840 2646 1889 me,
2680 1824 2816 1878 dicit
2852 1822 3138 1877 Dominus.
3167 1841 3185 1872 ι

2450 1939 2608 2009 251
2647 1936 2878 1993 CAPUT
2924 1933 3116 1990 xx1v.

1998 2051 2074 2104 Ab
2105 2050 2300 2106 Abdia.
2330 2083 2400 2092 —
2435 2051 2510 2105 De
2543 2051 2746 2104 duobus
2783 2049 3045 2110 Dominis,
3088 2047 3247 2101 Patre
3286 2048 3483 2102 scilicet
3528 2063 3555 2100 e

2377 2121 2544 2186 Filio,
2568 2131 2618 2175 et
2643 2122 2875 2192 gentium
2908 2121 3196 2174 vocatione.
3544 2147 3548 2150 -

2073 2252 2092 2286 ι
2128 2235 2277 2290 Visio
2303 2233 2512 2290 Abdiaa.
2537 2233 2664 2288 Haec
2688 2233 2818 2287 dicit
2843 2231 3108 2287 Dominus
3141 2230 3209 2285 ad
3238 2229 3526 2285 Idumaaam
3547 2245 3574 2283 ':

1997 2326 2257 2381 Auditum
2299 2326 2481 2381 audivi
2530 2341 2558 2380 a
2599 2324 2850 2387 Domino,
2884 2331 2939 2378 et
2973 2323 3332 2378 munitionem
3387 2323 3440 2378 in
3477 2337 3576 2375 na-

1999 2419 2173 2476 tiones
2219 2419 2402 2475 emisit
2427 2420 2492 2472 ’7.
2536 2417 2845 2472 pDominus
2890 2415 3034 2472 Deus
3082 2415 3327 2469 auditum
3369 2414 3578 2468 audivit

1998 2528 2028 2566 a
2074 2511 2324 2567 Domino.
2379 2509 2432 2567 Is
2477 2525 2609 2566 vero
2635 2510 2858 2565 auditus
2889 2509 2992 2563 fuit
3022 2509 3089 2565 de
3129 2509 3371 2579 gentium
3415 2522 3578 2562 voca-

1997 2602 2166 2657 tione.

2576 2714 2805 2770 CAPUT
2846 2713 3012 2768 XXV.

1999 2830 2039 2882 Α
2070 2829 2356 2884 Zacharia.
2381 2859 2450 2868 —-
2489 2827 2946 2896 Quemadmodum
2987 2825 3124 2880 Deus
3177 2824 3425 2889 Verbum,
3456 2841 3577 2880 cum

2127 2901 2196 2953 sit
2231 2899 2489 2953 Dominus
2554 2901 2774 2954 minam
2809 2915 2864 2954 se
2893 2916 2924 2951 a
2963 2897 3122 2950 Patre
3151 2898 3449 2952 confitetur.

2076 3096 2094 3127 ε
2133 3076 2257 3132 Haec
2299 3076 2433 3131 dicit
2465 3076 2732 3132 Dominus
2756 3076 3104 3148 omnipotens
3139 3093 3151 3129 :
3185 3074 3315 3132 Post
3349 3075 3576 3144 gloriam

1997 3168 2147 3224 misit
2176 3185 2262 3224 me
2297 3169 2365 3224 ad
2404 3178 2614 3241 gentes,
2646 3184 2764 3239 quae
2797 3167 3120 3238 deprtcdataa
3156 3178 3283 3223 sunt
3327 3182 3423 3222 vos
3444 3167 3512 3220 ’⁸.
3553 3185 3571 3218 ι

1997 3259 2203 3316 Deinde
2238 3259 2483 3332 adjungit
2524 3268 2648 3331 post
2697 3274 2868 3332 pauca
2906 3299 2920 3323 ,
2953 3259 3141 3314 dicens
3180 3278 3192 3312 :
3237 3276 3256 3309 ο
3288 3257 3352 3312 Et
3375 3271 3579 3327 cogno-

2001 3355 2167 3409 scetis
2211 3353 2358 3425 quod
2406 3351 2668 3407 Dominus
2725 3352 3075 3421 omnipotens
3132 3351 3280 3407 misit
3327 3365 3412 3405 me
3437 3349 3572 3406 θ’.»

1997 3444 2150 3512 Quod
2182 3445 2228 3500 si
2259 3448 2306 3501 is
2342 3443 2608 3500 Dominus
2636 3445 2729 3514 qui
2763 3445 2950 3508 mittit,
2988 3443 3252 3498 Dominus
3289 3453 3371 3497 est
3398 3441 3577 3497 omni-

1996 3547 2211 3609 potens,
2255 3545 2310 3593 et
2356 3537 2448 3607 qui
2496 3538 2630 3592 dicit
2667 3552 2728 3591 se
2775 3535 3004 3591 missum
3053 3551 3177 3591 esse
3226 3535 3434 3597 itidem,
3468 3533 3577 3589 duo

1996 3631 2181 3702 igitur.
2232 3629 2512 3700 Siquidem
2558 3630 2717 3699 plane
2747 3628 2839 3699 qui
2867 3628 3070 3684 missus
3111 3635 3217 3692 est,
3257 3645 3275 3677 ι
3316 3625 3577 3681 Dominus

1995 3730 2365 3799 omnipotens,
2399 3727 2597 3799 inquit,
2629 3727 2697 3781 ad
2721 3736 2908 3797 gentes
2941 3725 3091 3781 misit
3122 3740 3230 3779 me.
3269 3743 3288 3775 ι
3537 3736 3540 3738 ⁷

2501 3846 2504 3848 ⁷
2557 3839 2787 3894 CAPUT
2828 3837 3018 3896 XXVI.

2240 3951 2409 4017 Idem,
2441 3952 2637 4006 iterant
2671 3950 2734 4004 de
2774 3950 3043 4004 vocatione
3070 3951 3322 4018 gentium.

2069 4086 2089 4120 ι
2128 4065 2316 4121 Gaude
2341 4073 2396 4121 et
2418 4065 2624 4128 laetare,
2655 4064 2762 4118 ﬁlia
2789 4063 2942 4128 Sion,
2970 4063 3098 4133 quia
3121 4079 3250 4120 ecce
3271 4079 3372 4135 ego
3393 4066 3572 4134 venio,

1995 4166 2050 4213 et
2079 4157 2336 4211 habitabo
2372 4157 2429 4210 in
2463 4155 2642 4210 medio
2675 4155 2778 4219 tui,
2808 4154 2941 4208 dicit
2975 4154 3257 4212 Dominus.
3279 4155 3345 4210 Et
3377 4158 3575 4212 contu-

1994 4251 2142 4320 gient
2169 4257 2357 4319 gentes
2388 4247 2573 4301 multa:
2592 4245 2660 4300 ad
2682 4245 2972 4301 Dominum
2997 4246 3051 4302 in
3084 4248 3170 4302 die
3197 4248 3309 4312 illa,
3331 4255 3385 4304 et
3413 4259 3576 4304 erunt

1995 4341 2073 4395 illi
2097 4341 2150 4394 in
2186 4341 2469 4412 populum,
2502 4347 2556 4394 et
2579 4339 2839 4394 habitabo
2866 4339 2918 4392 in
2951 4339 3131 4394 medio
3165 4341 3265 4404 tui,
3288 4348 3343 4396 et
3371 4356 3575 4412 cogno-

1996 4451 2119 4491 sces
2148 4434 2292 4504 quod
2323 4433 2588 4487 Dominus
2611 4433 2961 4502 omnipotens
2991 4432 3140 4487 misit
3169 4447 3253 4486 me
3283 4433 3351 4488 ad
3383 4441 3436 4489 te
3471 4435 3511 4500 ι,
3547 4453 3566 4486 ι

308 4523 710 4596 παντοκράτωρ
731 4521 1098 4588 ὲξαπέσταλκέ
1123 4539 1188 4594 με
1222 4521 1357 4589 πρὸς
1386 4521 1444 4573 σέ
1464 4538 1511 4571 ·›
1551 4520 1640 4573 καὶ
1663 4519 1729 4572 τὰ
1745 4519 1892 4590 ἑξῆς.

1996 4536 2100 4582 etc.
2143 4526 2354 4593 Quibus
2387 4533 2510 4595 post
2555 4524 2662 4578 alia
2704 4524 2951 4594 adjungit
2994 4542 3007 4578 :
3045 4543 3064 4575 ι
3101 4523 3168 4578 Et
3207 4527 3576 4581 corroborabo

307 4613 409 4680 Οἷς
438 4615 560 4687 μεθ’
578 4615 740 4686 ἔτερα
768 4613 1004 4681 ἐπιλέγει
1023 4629 1036 4642 ⁸
1067 4632 1084 4664 ι
1110 4614 1219 4666 Καὶ
1248 4613 1560 4683 κατισχύσω
1592 4611 1788 4675 αὐτοὺς
1829 4614 1906 4664 ἐν’

307 4709 504 4780 Κυρίῳ
525 4706 646 4778 Θεῷ
668 4706 864 4770 αὐτῶν,
883 4705 977 4759 καὶ
997 4707 1053 4757 ὲν
1073 4704 1151 4774 τῷ
1171 4705 1393 4776 ὀνόματι
1411 4703 1576 4758 αὑτοῦ
1599 4705 1892 4775 καυχήσον-

303 4819 429 4865 ται,
450 4801 599 4868 λέγει
625 4799 846 4870 Κύριος.
875 4818 893 4851 ι
929 4797 1039 4851 Καὶ
1058 4797 1230 4851 ταῦτα
1258 4800 1370 4861 τοῖς
1399 4797 1682 4868 προτέροις
1706 4797 1888 4866 ὃμοια,

303 4892 408 4962 τὴν
423 4891 518 4946 τοῦ
538 4890 771 4961 Χριστοῦ
797 4893 874 4953 είς
901 4889 996 4944 ἀνθ
1007 4889 1218 4963 ρώπους
1246 4889 1543 4961 παρουσίαν
1564 4890 1659 4944 καὶ
1678 4890 1775 4959 τὴν
1796 4905 1889 4952 γε-

306 4984 546 5053 νομένην
567 4983 675 5034 τῶν
703 4981 869 5035 ἐθνῶν
894 4986 1156 5052 σωτήριον
1187 4981 1253 5034 δι’
1281 4982 1442 5035 αὐτοῦ
1472 4982 1660 5052 κλῆσιν
1677 4983 1892 5050 ἀναφω-

303 5074 523 5130 νοῦντα·
547 5093 565 5124 ι
591 5071 731 5141 Ἐγὼ
751 5074 848 5143 μὲν
870 5069 960 5127 οὖν
973 5074 1129 5138 αὐτὸς
1152 5077 1179 5126 6
1196 5074 1397 5146 Κύριος
1415 5074 1547 5146 ἥξω,
1573 5075 1754 5145 φησίν.
1773 5074 1897 5126 Ἐπὶ

303 5171 364 5224 δὲ
389 5174 453 5241 τῇ
490 5172 596 5241 ἐμῇ
626 5171 896 5242 παρουσία
915 5170 1095 5224 οὐκέθ’
1120 5172 1148 5222 6
1175 5172 1341 5224 πάλαι
1373 5171 1606 5242 Ἰσραὴλ,
1637 5171 1745 5224 ἀλλ’
1773 5171 1892 5224 οὐδὲ

301 5264 368 5316 ἓν
395 5264 555 5334 μόνον
589 5265 682 5316 ἐπὶ
713 5264 817 5335 γῆς
835 5264 1006 5329 ἔθνος,
1031 5266 1156 5337 ἔθνη
1185 5266 1242 5319 δὲ
1274 5265 1444 5319 πολλὰ
1462 5266 1891 5335 καταφεύξονται

303 5357 401 5408 ἐπὶ
430 5355 525 5408 τὸν
557 5355 845 5426 κρείττονα
887 5358 980 5411 καὶ
1027 5354 1198 5428 μέγαν
1237 5356 1461 5429 Κύριον,
1509 5357 1600 5410 τὸν
1650 5357 1785 5427 ἐμοῦ
1831 5375 1890 5410 τε

301 5444 499 5508 αὐτοῦ,
531 5447 625 5498 καὶ
667 5445 778 5499 τῶν
817 5446 953 5499 ὅλων
985 5447 1134 5513 Θεὸν,
1170 5447 1254 5515 ἐφ’
1279 5446 1338 5500 ὃν
1376 5445 1443 5499 τὰ
1475 5446 1887 5516 καταφεύγοντα

300 5537 434 5608 ἔθνη
475 5537 745 5608 τοσαύτης
775 5537 1020 5604 τεύξεται
1063 5538 1396 5608 εὐεργεσίας,
1429 5537 1504 5601 ὡς
1545 5540 1640 5595 καὶ
1668 5557 1886 5611 χρημα-

301 5629 453 5684 τίσαι
505 5632 601 5685 καὶ
640 5629 891 5700 γενέσθαι
949 5629 1074 5684 λαὸν
1122 5631 1292 5696 Θεοῦ,
1341 5633 1664 5704 κατοικῆσαι
1714 5651 1775 5687 τε
1830 5635 1887 5686 ὲν

1997 4637 2093 4676 eos
2147 4621 2201 4675 in
2247 4618 2478 4675 Domino
2528 4616 2640 4672 Deo
2692 4618 2960 4688 ipsorum,
2995 4626 3048 4673 et
3100 4618 3155 4672 in
3190 4618 3412 4673 nomine
3453 4619 3575 4688 ejus

1992 4715 2394 4786 gloriabuntur,
2426 4712 2561 4767 dicit
2594 4711 2856 4767 Dominus
2887 4713 2928 4767 ².
2966 4731 2984 4764 ι
3024 4710 3148 4766 Haec
3180 4727 3396 4782 quoque
3428 4715 3574 4781 prio-

1995 4808 2150 4861 ribus
2189 4807 2387 4861 similia
2420 4812 2572 4867 snnt,
2607 4819 2729 4875 quae
2751 4803 2955 4858 Christi
2988 4803 3055 4856 ad
3091 4803 3339 4858 homines
3369 4805 3574 4859 adven-

1998 4906 2134 4962 tum,
2196 4905 2250 4953 et
2306 4898 2602 4953 salutarem
2650 4895 2888 4950 I‘utnram
2960 4896 3216 4965 gentibus
3267 4895 3427 4966 252
3479 4911 3575 4966 per

1997 4991 2174 5060 ipsum
2194 4990 2553 5052 vocationem,
2571 4989 2750 5059 palam
2770 4988 3056 5042 enuntiant
3075 5005 3118 5041 ε(
3150 4985 3263 5058 Ego
3280 4988 3574 5059 igituripse

1997 5082 2262 5138 Dominus
2303 5083 2542 5147 veniam,
2579 5083 2776 5152 inquit,
2819 5090 2873 5136 et
2919 5084 2973 5136 in
3028 5098 3150 5136 meo
3182 5084 3419 5138 adventu
3461 5099 3572 5139 non

1993 5176 2226 5245 amplius
2256 5177 2346 5232 ille
2393 5176 2653 5246 antiquus
2681 5174 2881 5241 Israel,
2917 5190 2980 5230 ac
3015 5191 3082 5230 ne
3116 5192 3223 5230 una
3253 5177 3472 5246 quidem
3516 5177 3571 5233 in

1991 5276 2138 5321 terra
2161 5282 2317 5331 gens,
2340 5265 2434 5321 sed
2457 5267 2850 5338 multazgentes
2867 5263 3204 5336 confugient,
3226 5265 3294 5320 ad
3307 5278 3569 5336 praestan-

1991 5357 2184 5412 tiorem
2217 5364 2272 5412 et
2309 5372 2566 5429 magnum
2611 5355 2897 5411 Dominum
2921 5397 2934 5423 ,
2967 5358 3060 5427 qui
3086 5365 3140 5411 et
3175 5372 3329 5413 meus
3371 5359 3568 5429 ipsius,

1992 5458 2046 5505 et
2085 5450 2328 5504 universi
2371 5456 2457 5504 est
2503 5448 2668 5511 Deus,
2717 5449 2785 5502 ad
2831 5464 2992 5519 quem
3048 5449 3429 5521 confugientes
3465 5467 3569 5507 na-

1993 5540 2169 5596 tiones
2229 5545 2442 5593 tantum
2496 5547 2904 5607 consequentur
2952 5538 3317 5607 beneficium,
3385 5549 3446 5596 ut
3507 5549 3564 5596 et

1995 5633 2337 5704 appellentur
2365 5639 2420 5687 et
2447 5630 2557 5686 sint
2589 5631 2973 5705 pOpulusDei,
3004 5643 3060 5689 et
3091 5633 3335 5690 habitent
3363 5633 3421 5690 in
3452 5649 3570 5691 me-

376 5787 420 5818 "
457 5787 597 5842 ΑΜ.
649 5804 704 5848 ι,
757 5786 803 5839 1.
882 5786 927 5816 ⁸⁸
958 5785 1121 5841 Zach.
1155 5803 1213 5851 ll,
1250 5786 1307 5843 8.
1380 5787 1425 5820 ³⁸
1473 5786 1602 5844 ibid.
1641 5790 1690 5844 9.
1776 5790 1787 5818 ¹
1829 5790 1896 5844 ibi

2004 5789 2092 5852 10.
2130 5788 2217 5842 Η.
2295 5789 2314 5818 ²
2347 5786 2513 5842 Zuch.
2552 5804 2603 5853 ι,
2634 5788 2718 5844 I2.
