4100 6430
538 369 647 427 407

1247 358 1515 421 EUSEBII
1542 354 2017 417 CESARIENSIS
2053 351 2201 409 OPP.
2238 350 2418 407 PARS
2458 351 2519 406 II.
2559 382 2628 393 —
2663 348 3168 407 APOLOGE'I‘ICA.

3665 337 3771 397 £03

536 492 630 547 dio
676 486 796 560 ejus
820 501 941 558 qua:
984 483 1335 541 vocaturﬂlia
1365 463 1572 538 Sionf:
1605 477 1720 551 (Sic
1764 478 1908 533 enim
1940 473 2034 529 Dei
2064 472 2100 527 il

2230 473 2377 543 μέσῳ
2417 473 2516 542 τῆς
2555 469 2891 540 καλουμένης
2937 466 3205 537 θυγατρὸς
3236 464 3394 518 Σιών.
3429 481 3448 514 ι
3487 460 3771 560 (ΟῦτωΔδὲ

539 583 696 635 terra.
719 575 1019 631 Ecclesiam
1046 613 1062 638 ,
1088 575 1245 646 quasi
1279 573 1442 628 ﬁliam
1476 569 1762 642 quamdam
1794 567 1934 637 ejus,
1984 579 2106 636 qua:

536 668 590 722 lu
639 666 781 723 celo
817 673 922 729 est,
958 680 1129 721 sacrae
1174 663 1392 720 Litterae
1420 677 1617 719 vocare
1658 658 2103 727 consueverunt.)

539 756 689 812 lianc
722 756 888 812 etiam
919 756 1083 812 veluti
1124 756 1270 811 bono
1308 760 1501 812 nuntio
1527 755 1761 825 gaudere
1787 753 1939 822 jubet
1966 768 2107 806 ora-

538 849 744 912 culum,
774 848 1001 905 dicens:
1036 865 1057 898 ι
1093 846 1280 903 Gaude
1309 854 1361 901 et
1408 848 1611 909 laetare,
1650 846 1757 899 lilia
1800 844 1952 907 Sion,
1977 859 2105 899 ecce

537 954 636 1010 ego
676 942 865 1001 venio,
910 948 964 995 et
995 938 1252 993 habitabo
1295 939 1350 993 in
1396 938 1572 993 medio
1603 938 1700 991 tui.
1763 956 1782 989 ι
1820 938 1878 991 In
1926 936 2105 991 medio

538 1032 680 1086 enim
713 1030 969 1087 Ecclesia:
1000 1028 1167 1086 Deum
1220 1028 1454 1085 Verbum
1502 1029 1749 1084 habitare
1783 1027 2099 1083 credimus:

537 1120 995 1193 quemadmodum
1056 1121 1171 1190 ipse
1222 1121 1498 1192 pollicitus
1549 1130 1631 1174 est
1662 1158 1676 1183 ,
1736 1134 1859 1173 cum
1916 1117 2099 1171 dixit:

543 1231 563 1263 ι
604 1210 746 1267 Ecce
795 1226 896 1281 ego
934 1210 1213 1266 vobiscum
1244 1227 1384 1285 _sum
1428 1226 1622 1266 omnes
1669 1210 1806 1275 dies,
1838 1225 2008 1279 usque
2034 1208 2102 1263 ad

538 1304 1060 1358 consummationem
1082 1301 1266 1357 saeculi
1304 1303 1343 1368 ³,
1396 1323 1414 1356 ι
1450 1310 1499 1356 el
1527 1320 1541 1356 :
1567 1318 1586 1350 ι
1622 1298 1725 1355 Ubi
1756 1300 1863 1354 duo
1880 1306 1972 1352 aut
1995 1310 2106 1354 tres

538 1391 850 1462 congregati
875 1400 1004 1447 sunt
1032 1392 1086 1447 in
1110 1395 1330 1447 nomine
1362 1407 1504 1454 meo,
1543 1391 1654 1445 illic
1691 1406 1810 1447 sum
1845 1392 1898 1444 in
1926 1389 2104 1445 medio

538 1482 909 1542 eorum".i-«
947 1484 1080 1539 Cum
1117 1495 1294 1540 autem
1334 1484 1649 1555 ego,inquit
1676 1485 1790 1554 ipse
1820 1481 2100 1548 Dominus,

537 1587 758 1639 venero,
798 1582 853 1630 et
905 1574 1161 1629 habitabo
1210 1576 1263 1629 in
1302 1576 1478 1630 medio
1517 1576 1620 1640 tui,
1652 1594 1671 1627 ι
1702 1573 1961 1642 majorem
1985 1579 2101 1627 tum

538 1666 903 1736 cognitionem
952 1665 1020 1721 de
1064 1664 1176 1721 Deo
1222 1667 1592 1736 omnipotente
1645 1666 1880 1734 accipies
1920 1681 1934 1717 :
1972 1662 2100 1718 dum

537 1771 637 1827 ego
674 1755 936 1812 Dominus
960 1770 1203 1817 causam,
1235 1772 1335 1810 cur
1366 1756 1433 1811 ad
1471 1755 1720 1811 homines
1744 1755 1946 1809 missus
1974 1753 2099 1818 sim,

2207 563 2304 634 τὴν
2338 563 2431 615 ἐπὶ
2460 562 2562 632 γῆς
2597 560 2919 631 Ἐκκλησίαν
2961 560 3055 614 τοῦ
3086 557 3219 612 θεοῦ
3239 597 3255 621 ,
3294 555 3479 625 ὥσπερ
3508 551 3630 606 τινὰ
3676 550 3773 602 θυ-

2205 653 2412 725 γατέρα
2474 652 2835 722 τυγχάνουσαν
2887 651 2985 721 τῆς
3033 647 3377 721 ἐπουρανίου,
3437 647 3548 709 τοῖς
3601 644 3769 713 ἱεροῖς

2213 743 2501 817 Γράμμασι
2531 743 2823 796 ἀποκαλεῖν
2866 741 3061 811 φίλον.)
3109 739 3324 809 Ταύτην
3369 737 3427 791 δὲ
3469 736 3562 789 καὶ
3605 735 3773 801 εὐαγ-

2202 835 2476 905 γελίζεται
2509 835 2571 887 τὸ
2596 834 2802 903 φάσκον
2836 832 3043 901 λόγιον·
3078 850 3098 883 ι
3133 833 3302 902 Χαῖρε
3335 829 3426 883 καὶ
3453 827 3768 898 εὐφραίνου,

2203 927 2438 1001 θύγατερ
2471 926 2626 991 Σιὼν,
2652 926 2783 981 διότι
2816 924 2921 979 ίδοὺ
2954 923 3202 997 ἔρχομαι,
3236 920 3331 976 καλ⁸
3361 915 3769 988 κατασκηνώσω

2203 1023 2262 1075 ὲν
2299 1020 2446 1092 μέσῳ
2481 1035 2597 1073 σου.
2630 1037 2649 1070 ι
2711 1019 2799 1071 Ἑν
2842 1016 2990 1089 μέσῳ
3032 1013 3141 1088 γὰρ
3184 1015 3283 1084 τῆς
3311 1009 3636 1081 Ἐκκλησίας
3674 1008 3771 1062 τδν

2201 1108 2332 1162 Θεὸν
2387 1108 2556 1176 Λόγον
2603 1106 2975 1177 κατασκηνοῦν
3026 1103 3480 1174 πεττιστεύκαμενιο⁸
3518 1100 3594 1164 ώς
3637 1097 3771 1168 γοῦν

2200 1201 2295 1256 καὶ
2327 1201 2653 1273 ἐπήγγελται
2686 1203 2865 1271 φήσας
2888 1217 2903 1230 ·
2932 1219 2951 1251 ι
2994 1199 3123 1253 ’ἰδοὺ
3163 1197 3274 1268 ἐγὼ
3306 1196 3422 1268 μεθ’
3463 1193 3616 1266 ὑμῶν
3653 1195 3774 1264 είμι

2202 1292 2378 1355 πάσας
2407 1292 2508 1355 τὰς
2539 1291 2752 1363 ἡμέρας
2782 1291 2886 1355 ἓως
2913 1291 3012 1361 τῆς
3043 1288 3348 1351 συντελείας
3372 1286 3465 1341 τοῦ
3501 1285 3715 1349 αἰῶνος*
3743 1302 3768 1338 ι

2201 1385 2315 1436 καί·
2347 1383 2551 1435 «Ὅπου
2583 1380 2729 1452 δύοῆ
2752 1383 2898 1456 τρεῖς
2920 1379 3242 1450 συνηγμένοι
3273 1378 3407 1431 εἰσιν
3440 1378 3518 1439 είς
3543 1376 3605 1429 τὸ
3637 1373 3771 1441 ἐμὸν

2200 1474 2389 1544 δνομα,
2404 1474 2521 1529 ἐκεῖ
2533 1476 2648 1543 εἰμι
2663 1475 2719 1527 ὲν
2735 1474 2885 1544 μέσῳ
2900 1471 3097 1527 αὐτῶν.
3112 1489 3233 1523 ι-ι
3255 1469 3501 1526 Ἐπειδὰν
3522 1468 3580 1524 δὲ
3600 1466 3766 1536 ὲγὼ,»
3870 1496 3893 1511 ι

2202 1562 2365 1635 φησὶν
2393 1563 2553 1627 αὐτὸς
2582 1565 2611 1616 6
2634 1562 2856 1634 Κύριος,
2879 1581 2898 1612 ι
2933 1560 3102 1615 ἐλθὼν
3116 1558 3518 1630 κατασκηνώσω
3545 1561 3604 1613 ὲν
3622 1559 3770 1629 μέσῳ

2204 1671 2319 1717 σου,
2344 1675 2361 1705 ι
2405 1653 2623 1724 μείζονα
2650 1654 2769 1707 τότε
2796 1653 2995 1721 γνῶσιν
3026 1654 3152 1724 περὶ
3179 1653 3273 1706 τοῦ
3303 1650 3436 1707 Θεοῦ
3462 1649 3769 1722 παντοκρά-

2200 1764 2358 1817 τορος
2404 1747 2676 1819 ἀναλήψῃ,
2706 1746 2840 1817 ἐμοῦ
2875 1746 2969 1800 τοῦ
2998 1746 3203 1818 Κυρίου
3231 1746 3329 1816 τὴν
3358 1744 3533 1799 αἰτίαν
3558 1744 3657 1815 τῆς
3687 1746 3769 1807 είς

537 1846 682 1903 Patri
731 1848 823 1917 qui
862 1849 1009 1902 misit
1039 1863 1146 1913 mc,
1168 1847 1456 1903 attribuam
1484 1867 1497 1903 :
1536 1866 1554 1898 ι
1585 1847 1892 1918 Cognosces
1918 1852 2098 1901 autem

2202 1838 2520 1911 ἀνθρώπους
2538 1840 2839 1910 ἀποστολῆς
2868 1838 3206 1902 ἀνατιθέντος
3232 1836 3311 1908 τῷ
3334 1834 3768 1903 ὲξαποστείλαντί

536 1937 682 2008 quod
726 1937 987 1993 Dominus
1024 1937 1371 2007 omnipotens
1414 1937 1561 1993 misit
1601 1951 1688 1990 me
1729 1935 1795 1990 ad
1842 1943 1911 1991 te.
1958 1953 1977 1986 ι
2022 1934 2101 1987 Ac

412 2054 427 2073 ι
536 2024 795 2096 deinceps
825 2025 880 2081 in
910 2025 1057 2080 hunc
1082 2040 1214 2080 sane
1239 2025 1458 2079 modum
1490 2025 1605 2095 ipse
1634 2023 1895 2081 Dominus
1924 2023 2092 2094 loqui-

535 2119 662 2166 tur:
692 2131 711 2166 ι
746 2112 811 2166 Et
829 2113 1199 2169 corroborabo
1227 2128 1322 2170 eos
1357 2114 1411 2168 in
1439 2112 1668 2169 Domino
1696 2114 1803 2169 Deo
1829 2114 2095 2185 ipsorum,

534 2198 589 2257 et
620 2202 674 2257 in
705 2204 925 2260 nomine
958 2204 1131 2275 ipsius
1165 2205 1568 2276 gloriabuntur,
1591 2206 1723 2261 dicit
1752 2205 2036 2262 Dominus.
2073 2224 2094 2258 ι

537 2290 642 2349 Sed
672 2295 767 2365 qui
797 2294 1012 2351 tandem
1050 2302 1179 2353 sunt
1206 2296 1299 2366 qui
1322 2296 1377 2351 in
1410 2294 1641 2352 Domino
1671 2296 2006 2367 gloriantur?

1081 2468 1310 2525 CAPUT
1336 2469 1548 2526 XXVII.

536 2578 689 2651 Quod
722 2595 907 2634 rursus
939 2579 1193 2652 Dominus
1221 2581 1285 2652 de
1328 2580 1436 2635 alio
1474 2581 1724 2652 quodam,
1768 2591 1974 2637 constat
1999 2597 2099 2640 atl-

838 2658 939 2705 tem
962 2649 1100 2720 quod
1129 2650 1193 2706 de
1214 2650 1379 2707 Patre
1401 2649 1497 2707 suo
1531 2654 1783 2724 loquitur.

610 2781 629 2815 ι
650 2762 714 2818 Et
734 2764 970 2819 ostendit
991 2764 1119 2820 mihi
1148 2763 1407 2821 Dominus
1424 2764 1608 2822 Jesnm
1634 2768 1967 2825 sacerdotem
1985 2782 2099 2824 ma-

534 2873 722 2929 gnum,
758 2866 992 2916 stantem
1023 2868 1149 2915 ante
1179 2860 1372 2915 faciem
1405 2863 1581 2929 angeli
1613 2863 1862 2928 Domini,
1898 2871 1953 2919 et
1981 2865 2098 2919 dia-

2203 1947 2270 2001 με
2300 1930 2491 2003 Πατρί.
2524 1949 2541 1981 ι
2573 1932 2613 1983 Γ
2615 1930 2759 2005 νώσῃ
2783 1931 2861 1994 δὲ,
2889 1932 2971 1984 ὅτι
3002 1930 3204 2001 Κύριος
3236 1928 3623 2001 παντοκράτωρ
3658 1930 3768 1982 άπ-

2200 2022 2428 2078 έσταλκέ
2477 2039 2545 2093 με
2566 2022 2699 2095 πρὸς
2733 2021 2813 2077 σέ.
2844 2041 2862 2074 ι
2900 2022 3009 2075 Καὶ
3046 2022 3169 2092 ἑξῆς
3197 2021 3323 2092 περὶ
3360 2020 3543 2091 ἑτέρου
3562 2019 3766 2090 Κυρίου

2201 2112 2297 2166 καὶ
2319 2111 2454 2166 Θεοῦ
2492 2106 2593 2167 ὧδέ
2636 2130 2755 2177 πως
2799 2114 2961 2176 αὐτὸς
2993 2115 3022 2166 6
3044 2112 3246 2183 Κύριος
3290 2110 3528 2179 ὲπιλέγει
3550 2127 3564 2140 ·
3609 2129 3628 2161 ι
3658 2110 3766 2163 Καὶ

2208 2202 2517 2276 κατισχύσω
2553 2206 2749 2270 αὐτοὺς
2790 2208 2847 2259 ὲν
2868 2206 3057 2277 Κυρίῳ
3085 2204 3203 2274 Θεῷ
3238 2202 3436 2267 αὐτῶν,
3463 2203 3558 2257 καὶ
3600 2205 3657 2256 ἐν
3687 2201 3766 2272 τῷ

2197 2294 2422 2366 ὀνόματι
2470 2295 2632 2351 αὐτοῦ
2674 2297 3064 2368 καυχήσονται,
3102 2295 3250 2363 λέγει
3284 2295 3507 2367 Κύριος.
3536 2312 3558 2345 ι
3608 2292 3767 2356 Τίνες

2198 2385 2257 2441 δὲ
2282 2384 2348 2440 ἂν
2376 2380 2486 2440 εἶεν
2520 2387 2570 2441 οἱ
2597 2388 2654 2440 ἐν
2686 2385 2763 2456 τῷ
2788 2386 2975 2457 Κυρίῳ
3002 2384 3373 2455 καυχώμενοις

2706 2478 3094 2534 ΚΕΦΑΛΔΙΟΝ
3132 2478 3256 2531 ΚΖ’.

2211 2590 2308 2659 Ὧς
2330 2587 2505 2659 αὖθις
2536 2593 2750 2660 Κύριος
2783 2589 2916 2659 περὶ
2945 2589 3149 2657 ἐτέρου
3178 2589 3416 2660 Κυρίου,
3449 2586 3644 2654 δῆλον
3668 2584 3761 2653 δὲ,

2376 2658 2627 2730 ὄτιίπερῐ
2653 2658 2757 2716 τοῦ
2785 2658 3013 2730 Πατρός
3042 2659 3251 2723 αὑτοῦ,
3280 2658 3582 2722 διέξεισιν.

2272 2774 2412 2829 «Kal
2440 2772 2608 2839 ἔδειξέ
2641 2791 2733 2843 μοι
2766 2772 2966 2844 Κύριος
3000 2769 3204 2844 Ἰησοῦν
3242 2770 3332 2824 τὸν
3367 2769 3515 2840 ἱερέα
3547 2767 3639 2822 τὸν
3667 2764 3763 2839 μέ-

2194 2881 2319 2934 γαν,
2354 2864 2566 2919 ἑστῶτα
2620 2864 2727 2937 πρὸ
2770 2862 3058 2935 προσώπου
3102 2862 3334 2933 ἀγγέλου
3379 2861 3617 2932 Κυρίου·
3663 2857 3761 2913 καὶ

533 2951 694 3007 bolus
724 2952 902 3007 stabat
940 2968 971 3007 a
1004 2952 1214 3010 dextris
1243 2955 1383 3023 ejus,
1422 2967 1479 3011 ut
1510 2956 1893 3012 adversaretur
1927 2958 1998 3012 ei.
2029 2956 2096 3011 Et

2202 2956 2486 3021 ὑδιάθολος
2517 2958 2756 3028 εἱστήκει
2783 2959 2847 3009 ἐκ
2877 2954 3061 3020 δεξιῶν
3101 2953 3285 3021 αὐτοῦ,
3314 2953 3405 3006 τοῦ
3431 2950 3760 3005 ἀντικεῖσθαι

534 3040 670 3098 dixit
710 3039 973 3098 Dominus
1001 3042 1069 3096 ad
1095 3040 1379 3101 diabolum,
1405 3063 1418 3098 :
1451 3042 1701 3116 Increpet
1731 3044 1995 3099 Dominus
2038 3044 2093 3099 in

2202 3049 2360 3121 αὐτῷ.
2397 3050 2508 3104 Καὶ
2541 3044 2661 3102 εἶπε
2693 3047 2895 3120 Κύριος
2945 3046 3082 3119 πρὸς
3125 3047 3216 3098 τὸν
3245 3043 3515 3098 διάϐολον*
3562 3041 3763 3094 Ἐπιτι-

533 3138 607 3196 te,
631 3130 864 3193 diabole,
892 3138 948 3187 et
987 3131 1229 3203 increpet
1276 3130 1539 3187 Dominus
1586 3132 1643 3186 in
1679 3140 1752 3198 te,
1797 3132 1889 3202 qui
1936 3131 2095 3202 elegit

2202 3138 2366 3211 μήσαι
2393 3139 2595 3210 Κύριος
2633 3139 2689 3191 ὲν
2718 3137 2818 3202 σοὶ,
2842 3134 3072 3197 διάϐολε,
3105 3135 3197 3187 καὶ
3222 3132 3536 3203 ὲπιτιμήσαι
3562 3128 3761 3199 Κύριος

533 3223 694 3297 253
739 3223 1039 3281 Jerusalem
1079 3227 1123 3282 ⁸.
1177 3245 1196 3278 ι
1249 3224 1462 3282 Rursus
1514 3225 1617 3280 hoc
1668 3225 1787 3280 loco
1835 3222 2095 3279 Dominus

2202 3230 2256 3283 ὲν
2287 3231 2388 3292 σοὶ,
2417 3233 2446 3284 6
2478 3228 2833 3298 ἐκλεξάμενος
2861 3228 2959 3299 τὴν
3002 3226 3369 3299 Ἰερουσαλήμ.
3405 3243 3422 3275 ι
3464 3221 3631 3277 Πάλιν
3670 3220 3761 3274 καὶ

533 3317 700 3371 alium
721 3316 1005 3387 quemdam
1037 3318 1451 3390 objurgaturum
1476 3318 1559 3372 ait
1588 3320 1764 3389 ipsum
1798 3316 2093 3379 diabolum,

2202 3319 2429 3375 ἐνταῦθα
2488 3322 2517 3374 6
2562 3321 2765 3392 Κύριος
2816 3319 3001 3391 ἕτερον
3044 3318 3248 3390 Κύριον
3294 3316 3635 3386 ὲπιτιμήσειν
3683 3310 3762 3382 τῷ

534 3406 627 3462 ubi
666 3422 799 3463 sane
823 3424 933 3464 non
958 3409 1096 3481 ipse,
1120 3410 1213 3482 qui
1244 3410 1485 3481 loquitur
1512 3408 1798 3475 Dominus,
1828 3407 2096 3478 increpat,

2202 3414 2425 3486 διαϐόλῳ
2454 3415 2636 3484 φησὶν,
2664 3413 2762 3483 οὐχ
2794 3413 2822 3465 6
2846 3409 3362 3482 προσδιαλεγόμενος
3392 3405 3594 3476 Κύριος
3642 3407 3761 3460 ἐπι-

534 3497 630 3554 sed
655 3498 884 3555 alterum
910 3510 1208 3558 memorat:
1238 3502 1440 3573 quibus
1466 3503 1646 3558 verbis
1669 3502 1828 3572 plane
1846 3508 2098 3558 constare

2202 3506 2393 3578 τιμῶν,
2421 3506 2537 3562 ἀλλ’
2574 3504 2758 3575 ἑτέρου
2787 3502 3135 3575 μνημονεύων
3157 3501 3381 3573 Κυρίου·
3410 3499 3476 3553 δι’
3495 3492 3572 3551 ’ὧν
3601 3498 3761 3570 me.

535 3588 771 3646 arbitror
792 3590 1308 3648 demonstrationem
1339 3593 1406 3650 de
1442 3593 1656 3649 duabus
1691 3595 1961 3663 personis,
1987 3608 2098 3648 uno

2202 3617 2301 3671 μαι
2333 3598 2519 3669 σαφῶς
2556 3594 2918 3669 παρίστασθαι
2968 3594 3093 3665 περὶ
3126 3593 3234 3647 τῶν
3273 3591 3366 3645 δύο
3396 3591 3633 3663 Κυρίων,
3666 3589 3759 3643 τοῦ

532 3677 714 3745 Patre,
740 3681 911 3737 altero
937 3698 1002 3738 eo
1021 3684 1113 3754 qui
1145 3699 1175 3736 a
1196 3682 1358 3739 Patre
1377 3685 1618 3738 omnium
1641 3698 1761 3753 qua:
1789 3682 1926 3737 facta
1948 3690 2095 3749 sunt,

2202 3691 2411 3762 Πατρὸς
2452 3689 2545 3743 καὶ
2570 3687 2705 3742 Θεοῦ
2751 3687 2859 3741 τῶν
2893 3686 3049 3748 ὅλων,
3083 3685 3175 3738 καὶ
3210 3683 3304 3738 τοῦ
3352 3681 3491 3757 μετά
3533 3682 3624 3737 τὸν
3648 3682 3762 3735 Πα-

534 3778 856 3843 potestatem
895 3786 960 3827 ac
997 3774 1422 3832 dominationem
1445 3775 1735 3847 acceperit.

2202 3784 2334 3854 τέρα
2375 3780 2473 3853 τὴν
2505 3780 2647 3835 κατά
2694 3780 2910 3833 πάντων
2958 3779 3065 3831 τῶν
3091 3777 3361 3850 γεννητῶν
3399 3775 3622 3849 κυρείαν
3668 3775 3762 3828 καὶ

2200 3871 2519 3925 δεσποτείαν
2550 3869 2880 3941 διειληφότος
2914 3866 3204 3933 ἀπόδειξιν.

1071 3954 1298 4011 CAPUT
1324 3954 1561 4011 XXVIII.

534 4073 577 4127 Α
607 4068 898 4143 Halaeln'q.
917 4072 1161 4143 -—-_Quod
1182 4073 1425 4143 angelum
1457 4072 2096 4141 Teatamenti‘Christum,

635 4152 687 4195 et
713 4141 949 4197 eumdem
976 4141 1267 4199 Dominum
1293 4145 1617 4213 omnipotens
1650 4144 1791 4200 Deus
1819 4156 1990 4201 uocat.

589 4352 627 4399 Δι
662 4333 802 4391 Ecce
847 4350 950 4406 ego
981 4338 1136 4391 mitto
1177 4338 1425 4406 angelum
1474 4353 1677 4404 meum,
1707 4347 1761 4394 et
1807 4340 2100 4411 prospiciet

526 4428 673 4481 viam
707 4435 833 4482 ante
861 4426 1054 4482 faciem
1088 4443 1288 4494 meam,
1317 4436 1371 4485 et
1400 4437 1622 4500 repente
1652 4430 1830 4485 veniet
1868 4433 1936 4486 ad
1962 4440 2098 4486 tem-

2699 3980 3089 4037 ΚΕΦΑΛΑΙΟΝ
3137 3980 3272 4035 ΚΗ’.

2211 4096 2355 4153 Ἀπὸ
2404 4096 2512 4150 τοῦ
2561 4095 2891 4165 Μαλαχίου.
2924 4124 2992 4134 —
3027 4094 3120 4161 Ὠς
3169 4091 3428 4218 ἇγῖελον
3472 4090 3762 4160 Διαθήκης

2270 4168 2377 4218 τὸν
2405 4167 2686 4218 Χοιστὸν.
2720 4168 2826 4218 τὸν
2858 4163 3045 4218 αὐτὸν
3070 4162 3139 4217 δὲ
3175 4178 3251 4217 κα
3305 4164 3525 4218 Κύριον
3551 4166 3585 4217 ὀ
3611 4179 3756 4217 πάνυ

2270 4168 2377 4220 τὸν
2405 4167 2686 4235 Χριστὸν.
2720 4162 2826 4218 τὸν
2858 4163 3047 4235 αὐτὸν
3070 4162 3139 4217 δὲ
3175 4162 3275 4218 καὶ
3305 4164 3525 4232 Κύριον
3551 4166 3585 4217 ὀ
3611 4179 3756 4217 πάνυ

2269 4233 2564 4304 τοκράτιφ
2593 4235 2738 4302 Θεὸς
2762 4233 3069 4290 ἀποκαλεῖ.

2276 4369 2294 4401 ι
2338 4349 2468 4404 Ἰδοὺ
2504 4347 2878 4417 ἐξαποστέλλω
2900 4347 2991 4400 τὸν
3023 4345 3251 4415 ἄγγελόν
3278 4362 3400 4417 μου,
3429 4347 3522 4399 καὶ
3550 4345 3762 4399 ἐπιϐλέ-

2198 4443 2358 4513 ψεται
2390 4441 2508 4496 ὀδδν
2544 4441 2647 4513 πρὸ
2672 4438 2962 4510 προσώπου
2991 4457 3114 4512 μου,
3137 4440 3231 4493 καὶ
3256 4439 3512 4509 ἐξαίφνης
3537 4439 3656 4510 ἣξει
3686 4440 3764 4503 είς

528 4517 679 4588 plum
708 4516 991 4587 Dominus,
1020 4535 1182 4590 quem
1223 4536 1323 4577 vos
1355 4522 1622 4591 quaeritis,
1654 4529 1708 4577 et
1738 4524 1966 4593 angelus
1993 4523 2097 4579 Te-

2202 4504 2291 4589 τὸν
2323 4536 2449 4591 ναὸν
2477 4504 2698 4606 Κύριος,
2720 4504 2789 4585 ’ὃν
2813 4534 2969 4601 ὑμεῖς
2992 4504 3233 4604 ζητεῖτε,
3252 4504 3345 4586 καὶ
3366 4504 3400 4584 ὁ.
3420 4504 3645 4601 ἄγγελος
3670 4530 3765 4600 τῆς

529 4611 804 4679 stamenti,
823 4628 981 4683 quem
1004 4629 1101 4669 vos
1129 4614 1314 4678 vultis,
1335 4628 1462 4670 ecce
1492 4614 1659 4682 venit,
1682 4614 1812 4670 dicit
1837 4614 2098 4671 Dominus

2202 4623 2494 4694 Διαθήκης,
2524 4621 2583 4675 δν
2611 4621 2768 4692 ὑμεῖς
2805 4619 3006 4673 θέλετε.
3050 4620 3179 4673 Ἰδοὺ
3208 4621 3443 4691 ἔρχεται,
3480 4618 3625 4689 λέγει
3660 4621 3762 4674 Κύο

529 4704 914 4774 omnipotens,
963 4714 1018 4761 et
1079 4706 1203 4777 quis
1258 4707 1552 4764 sustinebit
1604 4708 1745 4764 diem
1818 4708 2097 4778 ingressus

2203 4732 2316 4787 ριος
2352 4713 2765 4785 παντοκράτωρ,
2801 4712 2896 4766 καὶ
2919 4710 3003 4776 τίς
3033 4712 3294 4783 ὑπομενεί
3324 4713 3533 4785 ἡμέραν
3564 4713 3765 4766 εἰσόδου

529 4795 726 4865 ejus“?
755 4814 776 4850 ι
804 4796 977 4851 Etiam
993 4799 1106 4854 haec
1122 4799 1393 4870 prioribus
1420 4801 1616 4856 similia
1643 4808 1789 4856 sunt.
1819 4799 1939 4872 Ipse
1952 4802 2095 4859 enim

2202 4802 2358 4859 αὑτοῦ
2377 4820 2391 4869 ;
2412 4823 2431 4854 ι
2453 4805 2649 4873 Ὅμοια
2670 4802 2764 4855 καὶ
2792 4800 2962 4856 ταῦτα
2980 4804 3089 4865 τοῖς
3112 4802 3414 4875 προτέροις.
3439 4800 3641 4873 Κύριος
3661 4800 3765 4872 γάρ

529 4882 792 4941 Dominus
814 4884 958 4942 Deus
987 4889 1348 4958 omnipotens,
1378 4888 1664 4946 Dominum
1699 4900 1987 4946 venturum
2021 4894 2099 4949 ait

2202 4898 2362 4961 αὐτὸς
2392 4898 2420 4950 ὁ
2454 4897 2587 4962 Θεὸς
2615 4896 3010 4968 παντοκράτωρ
3040 4894 3187 4966 ἥξειν
3218 4896 3379 4965 φησὶν
3411 4896 3492 4958 είς
3522 4895 3612 4948 τὸν
3644 4895 3765 4949 ναὸν

528 4975 586 5030 in
620 4976 881 5047 templum
914 4991 1098 5043 suum,
1126 4979 1342 5034 interim
1373 4980 1442 5035 de
1474 4980 1581 5035 alio
1613 4980 1842 5051 loquens
1875 4998 1891 5035 :
1928 4983 2098 5051 signi-

2202 4987 2363 5042 αὐτοῦ
2396 4987 2631 5061 Κύριον,
2661 4988 2789 5057 περὶ
2822 4988 3009 5060 ἐτέρου
3040 4986 3234 5055 λέγων.
3265 4985 3423 5056 Δηλοϊ
3452 4985 3510 5039 δὲ
3541 4985 3650 5059 ἄρα
3678 4986 3765 5040 τὸν

529 5065 658 5121 licet
685 5083 851 5138 porro
876 5067 1046 5125 Deum
1100 5070 1352 5133 Verbum,
1390 5087 1551 5142 quem
1596 5082 1783 5143 postea
1843 5076 2093 5145 angelum

2202 5080 2330 5134 θεὸν
2352 5081 2542 5150 Λόγον.
2567 5081 2721 5135 Μετά
2743 5078 2901 5134 τοῦτο
2922 5079 2979 5133 δὲ
3010 5080 3105 5133 καὶ
3128 5077 3356 5147 ἄγγελον
3376 5077 3475 5148 τῆς
3496 5077 3763 5150 Διαθήκης

526 5158 860 5216 Tcstamenti
898 5161 1166 5227 nominat,
1197 5178 1470 5234 quemque
1496 5164 1658 5218 etiam
1690 5168 1803 5234 ipse
1834 5165 2096 5223 Dominus

2202 5171 2484 5244 ὀνομάζει,
2529 5171 2589 5225 ὃν
2651 5171 2746 5225 καὶ
2776 5170 2936 5233 αὐτὸς
2970 5171 2997 5223 6
3028 5167 3416 5239 παντοκράτωρ
3451 5166 3652 5240 Κύριος
3682 5166 3763 5231 ἐξ·

524 5256 873 5328 omnipotens
904 5256 1065 5313 docet
1103 5271 1164 5313 se
1194 5257 1411 5313 mittere
1432 5264 1560 5314 ante
1584 5256 1775 5312 faciem
1803 5274 1979 5323 suam,
2010 5259 2096 5314 di-

2202 5262 2546 5316 αποστέλλειν
2577 5262 2684 5333 πρὸ
2716 5259 3005 5333 προσώπου
3039 5257 3233 5313 ἑαυτοῦ
3275 5257 3534 5323 διδάσκει,
3576 5257 3764 5326 λέγων’

523 5364 695 5405 cens:
725 5367 743 5401 ι
774 5347 914 5404 Ecce
940 5363 1040 5419 ego
1070 5349 1228 5403 mitto
1248 5348 1498 5420 angelum
1536 5363 1715 5404 meum
1750 5362 1877 5406 ante
1900 5350 2092 5405 faciem

2205 5373 2224 5405 ι
2268 5353 2399 5409 Ἰδοὺ
2434 5352 2545 5422 ἐγὼ
2567 5350 2940 5419 ἐξαποστέλλω
2968 5349 3195 5420 ἄγγελόν
3219 5366 3318 5421 μου
3340 5349 3446 5421 πρὸ
3478 5348 3764 5423 προσώπου

522 5459 722 5501 meam.
735 5443 926 5515 »Διίιυί
946 5441 1193 5498 eumdem
1207 5441 1369 5510 hunc,
1389 5457 1549 5513 quem
1567 5460 1588 5494 ι
1607 5442 1853 5513 angelum
1869 5456 2047 5496 meum
2067 5460 2087 5495 ι

2203 5463 2324 5518 μου.
2355 5465 2374 5497 ι
2403 5446 2506 5498 Τὸν
2534 5444 2695 5500 αὐτὸν
2726 5444 2784 5497 δὲ
2811 5443 3020 5505 τοῦτον,
3050 5442 3109 5495 ὃν
3135 5460 3155 5495 ι
3192 5441 3423 5510 ἄγγελόν
3479 5457 3582 5512 μου
3617 5458 3637 5491 ›
3665 5440 3761 5492 ἀπο

524 5538 760 5601 vocavit,
820 5551 1015 5592 rursus
1074 5535 1332 5606 deinceps
1372 5535 1663 5592 Dominum
1698 5534 1955 5606 appellat,
1994 5536 2089 5590 ubi

2202 5536 2439 5600 εκάλεσε,
2470 5535 2631 5591 πάλιν
2654 5533 2779 5605 ἑξῆς
2802 5532 3001 5606 Κύριον
3041 5530 3312 5605 ὀνομάζει’
3339 5551 3358 5584 ι
3376 5531 3487 5585 Καὶ
3513 5531 3765 5601 ἐξαίφνης

527 5628 775 5698 adjungit
806 5627 977 5684 illud:
1013 5646 1033 5680 ι
1075 5624 1140 5682 Et
1164 5635 1387 5699 repente
1413 5636 1594 5686 veniet
1621 5628 1954 5684 Dominuset
1991 5644 2089 5681 an—

2202 5628 2315 5693 ἥξει
2345 5627 2568 5698 Κύριος,
2606 5646 2626 5678 ι
2660 5624 2946 5693 ἐπιλέγων,
2977 5644 2995 5676 ι
3023 5625 3119 5679 καὶ
3142 5628 3171 5679 6
3192 5622 3423 5694 ἄγγελος
3453 5622 3552 5694 τῆς
3571 5622 3764 5693 Auliq-

593 5794 614 5829 ’
645 5793 835 5852 Matth.
874 5808 1062 5855 xxuu,
1093 5790 1181 5846 20.
1261 5792 1281 5822 ⁵
1306 5788 1495 5844 Matth.
1526 5804 1677 5850 xvtn,
1713 5788 1804 5843 20.
1883 5789 1903 5821 ⁸
1932 5785 2095 5843 Zuch.

2202 5827 2215 5855 ,
2246 5785 2293 5853 ί,
2317 5785 2373 5841 2.
2452 5784 2472 5817 ⁸
2496 5782 2726 5840 Malach.
2764 5798 2849 5851 In,
2884 5782 3010 5853 l,2.
