4100 6430
290 388 401 444 ωε

1244 382 1899 443 DEMONSTRATIONIS
1931 382 2397 441 EVANGELICE
2433 382 2561 438 UB.
2596 382 2665 439 V.

3436 379 3544 437 ιιι)

289 519 422 573 κης.
455 519 477 554 ι
530 499 670 555 Ἕνα
717 499 774 554 δὲ
802 501 898 555 καὶ
933 499 1025 557 τὸν
1074 499 1236 556 αὑτὸν
1275 502 1552 574 προειπὼν
1592 504 1857 576 ἐπιφέρει·

1965 503 2119 575 gelus
2165 500 2522 558 Testamenti.
2564 520 2583 552 ι
2627 498 2806 554 Unum
2855 512 2984 554 vero
3014 503 3071 553 et
3117 496 3367 552 eumdem
3415 510 3541 551 cum

294 614 316 645 ι
364 594 495 649 Ἰδοὺ
527 594 767 666 ἔρχεται,
816 594 911 648 καὶ
953 594 1039 658 τίς
1085 595 1349 665 ὑπομενεῖ
1392 595 1605 669 ἡμέραν
1660 598 1864 651 είσόδου

287 683 497 750 αὐτοῦς
530 702 552 737 ι
573 684 675 756 τὴν
712 684 972 759 δευτέραν
993 687 1087 739 atat
1110 686 1321 754 ἔνδοξον
1359 689 1661 760 παρουσίαν
1700 687 1863 743 αὑτοῦ

288 774 598 847 σημαίνων.
632 777 690 830 '0
705 777 875 832 ταῦτα
906 777 963 831 δὲ
991 779 1171 834 πάντα
1198 778 1489 847 θεσπίζων,
1513 779 1717 852 Κύριός
1747 781 1865 835 ἐστι

287 867 692 939 παντοκράτωρ
723 868 753 920 6
783 868 890 922 τῶν
917 868 1053 923 ὅλων
1078 869 1230 934 Θεός.

797 1066 1192 1121 ΚΕΦΑΛΑΙΟΝ
1230 1068 1356 1122 Κθί.

300 1179 399 1248 ὀς
435 1181 615 1250 ἥλιον
642 1180 1031 1250 δικαιοσύνης
1063 1182 1170 1251 τὸν
1210 1183 1466 1252 Χριστὸν
1495 1186 1529 1239 ὁ
1559 1183 1679 1240 τῶν
1707 1184 1870 1239 ὅλων

848 1252 993 1319 Θεὸς
1024 1251 1309 1324 ὀνομάζει.

366 1382 386 1416 ι
428 1365 539 1418 Καὶ
559 1365 806 1421 ἀνατελετ
825 1367 936 1431 τοῖς
956 1364 1121 1435 φοϐου
1128 1366 1309 1438 μένοις
1331 1367 1391 1422 τὸ
1410 1368 1579 1441 όνομά
1596 1387 1700 1442 μου
1718 1369 1867 1442 ἦλιος

285 1456 659 1529 δικαιοσύνης,
690 1457 784 1512 καὶ
817 1458 959 1522 ἴασις
985 1458 1134 1513 ἔσται
1156 1461 1214 1513 ἐν
1235 1461 1353 1525 ταῖς
1370 1460 1625 1533 πτέρυξιν
1644 1461 1862 1517 αὐτοῦ.»

297 1547 358 1600 '0
378 1546 640 1612 πολλάκις
656 1548 973 1620 όνομασθεὶς
988 1549 1210 1621 Κύριος,
1233 1551 1324 1604 καί
1338 1549 1488 1615 Θεὸς,
1507 1552 1601 1605 καὶ
1615 1551 1863 1620 ἄγγελος,

285 1639 386 1691 καὶ
398 1640 1085 1712 ἀρχιστράτηγος,Χριο-τός
1097 1658 1154 1694 τε
1168 1642 1260 1695 καὶ
1273 1644 1316 1695 ie
1326 1642 1568 1713 ρεὺς,κα“ι
1579 1642 1868 1712 Λόγος,καὶ

286 1732 457 1800 σοφία
474 1729 630 1797 Θεοῦ,
648 1731 741 1785 καὶ
763 1731 1058 1797 είκὼν,νῢν
1081 1734 1241 1797 αὐτὸς
1262 1728 1414 1799 οὗτος
1439 1734 1588 1805 ἥλιος
1607 1734 1866 1807 κέκληται

281 1821 657 1894 δικαιοσύνης.
690 1822 889 1877 Τοῦτον
915 1824 980 1895 δὴ
1011 1819 1103 1877 οὖν
1132 1824 1290 1879 αὑτὸν
1320 1827 1350 1878 6
1381 1826 1648 1896 γεννήσας
1677 1826 1866 1898 Πατὴρ

1974 595 2313 666 produxerit,
2347 600 2462 647 tum
2492 592 2643 648 addit
2672 611 2684 646 :
2720 611 2738 643 ι
2779 590 2918 646 Ecce
2948 589 3114 650 venit,
3145 599 3198 643 et
3225 587 3350 658 quis
3374 587 3541 643 susti-

1971 688 2123 744 nebit
2144 686 2285 743 diem
2322 687 2602 756 ingressus
2635 683 2797 752 ejus?
2832 701 2851 733 ι
2886 679 3087 751 quibus
3136 678 3315 734 verbis
3347 692 3545 736 secun-

1971 779 2100 833 dum
2138 788 2194 836 et
2236 778 2532 848 gloriosum
2563 775 2709 829 illius
2760 772 3053 827 adventuum
3107 769 3398 840 signiﬁcat.
3436 766 3543 823 Sed

1970 873 2065 942 qui
2093 870 2276 924 omnia
2307 870 2421 924 haec
2448 868 2618 933 canit,
2651 865 2913 920 Dominus
2939 873 3023 920 est
3047 862 3390 931 omnipotens
3419 861 3543 915 uni-

1969 963 2113 1022 versi
2150 962 2315 1019 Deus.

2537 1072 2764 1133 CAPUT
2792 1072 2989 1129 XXIX.

1970 1192 2135 1267 255
2176 1190 2331 1260 Quod
2381 1190 2797 1267 tolem‘juuitia:
2835 1185 3106 1267 Christum
3159 1185 3270 1254 ipse
3313 1184 3541 1239 universi

2536 1261 2674 1316 Deus
2704 1260 2965 1315 nominat.

2045 1397 2065 1430 ι
2098 1376 2162 1431 Et
2187 1375 2393 1429 orietur
2419 1372 2737 1428 timentibus
2768 1386 2962 1427 nomen
2986 1383 3166 1425 meum
3190 1368 3271 1423 sol
3294 1365 3542 1437 justitiaa,

1969 1478 2026 1528 et
2057 1470 2271 1527 sanatio
2295 1469 2399 1524 erit
2432 1467 2485 1521 in
2515 1466 2617 1522 alis
2648 1466 2826 1535 ejus".
2864 1486 2883 1518 ι
2918 1463 3021 1531 Qui
3055 1478 3196 1532 saepe
3230 1460 3544 1515 nominatus

1971 1573 2055 1622 est
2083 1571 2140 1620 et
2172 1562 2457 1627 Dominus,
2493 1567 2548 1617 et
2598 1559 2766 1621 Deus.
2812 1566 2867 1614 et
2899 1557 3149 1627 angelus,
3204 1562 3259 1611 et
3289 1553 3544 1624 princeps

1918 1644 1927 1649 ’
1973 1658 2389 1728 imperatorum,
2424 1662 2479 1711 et
2503 1653 2778 1714 Christus,
2811 1658 2864 1705 et
2892 1647 3173 1709 sacerdos,
3204 1652 3258 1700 et
3280 1642 3542 1708 Verbum,

1971 1757 2027 1804 et
2058 1747 2326 1819 sapientia
2360 1745 2475 1808 Dei,
2510 1752 2564 1800 et
2596 1744 2811 1814 imago:
2845 1756 2992 1797 nunc
3034 1738 3175 1794 idem
3207 1756 3227 1789 ι
3266 1737 3348 1793 sol
3377 1735 3544 1806 justi-

1973 1842 2061 1896 tia:
2096 1860 2114 1893 ι
2152 1840 2374 1895 dicitur.
2401 1839 2556 1893 Hunc
2582 1839 2760 1907 ipsum
2797 1836 2982 1907 igitur,
3018 1835 3064 1890 is
3095 1834 3187 1904 qui
3226 1832 3414 1905 genuit
3439 1831 3546 1885 Pa-

281 1912 352 1964 οὐ
389 1914 502 1977 τοῖς
529 1915 714 1977 πᾶσιν,
748 1913 884 1967 ἀλλά
919 1915 1102 1986 μόνοις
1131 1918 1241 1980 τοῖς
1271 1916 1331 1969 τὸ
1363 1917 1531 1989 ὄνομα
1564 1917 1727 1971 αὑτοῦ
1763 1934 1857 1987 φο-

1964 1943 2067 2000 ter,
2124 1949 2232 1988 non
2284 1932 2538 1987 omnibus
2596 1931 2863 1986 oriturum
2919 1926 3205 1999 promittit,
3269 1925 3362 1981 sed
3412 1924 3544 1981 solis

277 2002 580 2074 ϐουμένοις
613 2004 888 2061 ἀνατελεῖν
920 2006 1338 2077 ἐπαγγέλλεται,
1364 2008 1529 2080 γέρας
1555 2010 1737 2073 αὐτοῖς
1767 2009 1860 2063 τοῦ

278 2096 375 2158 είς
404 2096 565 2149 αὑτὸν
595 2096 755 2167 φόϐου
797 2096 971 2162 διδοὺς
1007 2098 1068 2153 τὸ
1112 2099 1227 2169 φῶς
1260 2099 1352 2153 τοῦ
1387 2102 1485 2172 τῆς
1521 2101 1864 2173 δικαιοσύνης

280 2186 469 2257 ἡλίου.
494 2189 592 2260 Εῐη
622 2188 667 2242 δ’
694 2189 760 2243 ἂν
782 2182 934 2254 οὗτος
962 2191 990 2243 6
1012 2189 1142 2254 Θεὸς
1166 2191 1357 2260 Λόγος,
1384 2193 1413 2245 ὀ
1438 2192 1627 2246 εἰπὼν·
1664 2213 1682 2244 ι
1723 2192 1863 2263 Ἐγώ

278 2278 409 2348 ειμι
436 2277 498 2331 τὸ
529 2278 643 2347 φῶς
674 2277 767 2333 τοῦ
800 2280 1039 2350 κόσμου’
1088 2281 1226 2353 ὅπερ
1269 2278 1337 2354 ἦν
1378 2282 1493 2352 φῶς
1532 2282 1593 2336 τὸ
1634 2284 1862 2353 φωτίζον

282 2368 475 2444 πάντα
503 2369 785 2442 ἄνθρωπον
818 2372 1110 2443 ἐρχόμενον
1134 2374 1213 2438 είς
1237 2374 1327 2426 τὸν
1360 2373 1581 2445 κόσμον.
1614 2394 1633 2427 ι
1664 2374 1862 2429 Τοῦτον

280 2458 359 2531 δὴ
384 2456 497 2524 οὖν,
524 2460 635 2514 ἀλλ’
668 2462 728 2515 οὐ
759 2461 850 2515 τὸν
880 2462 1157 2533 αἰσθητὸν,
1189 2463 1309 2516 οὐδὲ
1341 2464 1433 2517 τὸν
1470 2465 1719 2537 προφανῆ
1749 2468 1863 2530 τοῖς

289 2555 430 2608 πᾶσι
452 2554 685 2622 λογικοῖς
712 2571 769 2609 τε
804 2556 900 2610 καὶ
920 2556 1135 2624 ἀλόγοις
1162 2557 1333 2629 ἥλιον,
1373 2557 1509 2613 ἀλλά
1534 2560 1628 2614 τὸν
1657 2559 1859 2625 ἔνθεον,

289 2647 387 2701 καὶ
410 2647 613 2717 νοερὸν,
647 2649 742 2703 καί⁸
763 2648 942 2718 πάσης
964 2649 1161 2721 ἀρετῆς
1182 2650 1276 2704 καὶ
1298 2650 1641 2724 δικαιοσύνης
1662 2652 1749 2708 αίτ
1760 2669 1859 2719 ιον,

293 2740 479 2812 μόνοις
515 2743 628 2806 τοῖς
670 2740 835 2811 φοϐου
841 2740 1021 2813 μένοις
1070 2742 1230 2797 αὑτὸν
1282 2743 1555 2799 ἀνατελεῖν
1603 2746 1696 2798 ἐπὶ
1766 2743 1858 2800 τοῦ

290 2833 601 2906 παρόντοςὸ
626 2833 755 2898 Θεός
776 2850 961 2906 φησιν,
995 2832 1363 2905 ἀποκρύπτων
1418 2836 1583 2889 αὐτὸν
1610 2836 1718 2891 τῶν
1763 2837 1860 2892 ἀν-

288 2926 478 2992 αξίων
516 2930 642 2997 περὶ
673 2919 747 2980 ὧν
775 2924 1029 2997 ἀλλαχόθι
1054 2942 1156 2978 που
1195 2924 1362 2995 λέγει·
1394 2946 1414 2980 ι
1446 2926 1558 2982 Καὶ
1577 2926 1795 2982 δύσεται
1831 2932 1861 2985 6

286 3016 443 3085 ἥλιος
473 3017 565 3071 ἐπὶ
594 3018 719 3081 τοὺς
754 3018 1038 3090 προφήτας
1075 3016 1203 3081 τοὺς
1247 3015 1561 3083 πλανῶντας
1598 3018 1690 3075 τὸν
1732 3018 1859 3076 λαόν

289 3120 477 3175 μου.»

814 3244 1211 3299 ΚΕΦᾹΛΑΙΟΝ
1247 3245 1326 3300 Λ¹.

297 3352 448 3428 Ἀξό
478 3355 583 3428 τοῦ
624 3357 922 3428 Ἱερεμίου.
940 3387 1011 3397 —
1036 3358 1129 3428 Ὠς
1158 3357 1302 3423 Θεὸς
1328 3359 1520 3428 Λόγος
1544 3358 1755 3426 Κύριος
1774 3358 1861 3428 ᾢν

362 3427 555 3499 tivo/qr
587 3426 671 3499 τῷ
716 3428 900 3499 Πατρί
944 3427 1139 3497 εὐχὴν
1166 3426 1533 3499 deueniret,
1586 3428 1703 3498 τὴν
1740 3427 1861 3485 τῶν

361 3493 550 3548 ἐθνῶν
573 3493 944 3567 ἐπιστροφὴν
971 3493 1282 3560 θεσπίζων.

366 3627 385 3659 ι
414 3607 583 3680 Κύριε
616 3610 650 3679 ἡ
690 3608 839 3681 ἰσχύς
874 3627 995 3683 μου,
1031 3610 1125 3663 καὶ
1161 3610 1382 3681 βοήθειά
1415 3628 1538 3683 μου,
1564 3611 1658 3665 καὶ
1689 3629 1858 3668 κατα-

286 3699 439 3770 φυγή
476 3716 577 3770 μου
608 3701 664 3753 ἐν
697 3701 878 3772 ἡμέρᾳ
909 3699 1173 3771 θλίψεως,
1211 3700 1347 3771 πρὸς
1379 3702 1440 3755 σὲ
1476 3701 1602 3771 ἔθνη
1638 3701 1857 3772 ἥξουσιν

284 3790 385 3843 ἀπ’
411 3790 642 3860 ἐσχάτου
674 3791 774 3860 τῆς
803 3792 924 3862 γῆς,
951 3792 1045 3845 καὶ
1072 3790 1309 3862 ἐροῦσιν·
1346 3783 1444 3856 ’Ὦς
1470 3792 1636 3865 ψευδῆ
1697 3794 1857 3867 ἐκτή-

285 3897 453 3935 σαντο
492 3882 543 3935 oi
587 3883 820 3954 πατέρες
868 3884 1023 3955 ημῶν
1070 3882 1282 3948 εἴδωλα,
1335 3884 1429 3937 καὶ
1471 3885 1572 3938 οὐκ
1612 3884 1757 3939 ἔστιν
1798 3886 1855 3938 ὲν

285 3974 472 4038 αὐτοῖς
520 3972 777 4044 ὠφέλεια.
827 3975 891 4029 El
930 3977 1142 4047 ποιήσει
1174 3974 1322 4046 αὐτῷ
1361 3974 1646 4048 ἄνθρωπος
1678 3975 1853 4042 θεοὺς,

286 4064 383 4117 καὶ
427 4056 571 4117 οὗτοι
616 4064 717 4117 οὐκ
760 4063 867 4118 εἰσὶ
916 4066 1046 4120 Θεοί.
1097 4069 1197 4120 Διά
1242 4063 1401 4119 τοῦτο
1453 4065 1562 4120 ίδοὺ
1603 4064 1713 4134 ἐγὼ
1764 4065 1857 4138 δη-

286 4154 444 4209 λώσω
498 4155 680 4220 αὐτοῖς
719 4157 777 4210 ὲν
818 4155 896 4229 τῷ
936 4156 1112 4230 καιρῷ
1154 4156 1328 4229 τούτῳ
1377 4156 1473 4228 τὴν
1521 4157 1680 4227 χεῖρά
1730 4174 1852 4227 μου,

285 4248 380 4300 καὶ
413 4248 629 4320 γνωριῶ
663 4248 844 4313 αὐτοῖς
877 4249 976 4319 τὴν
1013 4248 1239 4319 δύναμίν
1270 4266 1392 4320 μου,
1436 4249 1530 4303 καὶ
1558 4247 1854 4317 γνώσονται

283 4339 366 4393 ὅτι
396 4337 507 4408 ἐγὼ
531 4338 750 4411 Κύριος.
786 4359 805 4391 ι
836 4339 1038 4412 Κύριος
1065 4341 1239 4412 ἑτέρῳ
1267 4339 1487 4411 εὔχεται
1528 4340 1737 4413 Κυρίῳ,
1777 4339 1855 4411 τῷ

283 4431 463 4503 Ila-:91
502 4430 702 4502 δηλαδὴ
739 4431 833 4485 καὶ
869 4431 989 4503 Θεῷ
1022 4430 1132 4485 τῶν
1169 4432 1326 4494 ὅλων,
1365 4433 1422 4484 ὲν
1448 4426 1530 4495 οἷς
1556 4432 1855 4505 ἀρχόμενός

284 4540 443 4596 φησι*
470 4544 489 4575 ι
514 4524 703 4597 Κύριε,
732 4524 883 4595 ἰσχύς
914 4542 1068 4595 μου,ι
1096 4526 1189 4579 καὶ
1206 4524 1275 4578 τά
1295 4524 1441 4596 ἑξῆς.
1467 4525 1661 4595 Σαφῶς
1683 4526 1738 4579 δὲ
1756 4525 1854 4597 τὴν

279 4617 393 4670 τῶν
423 4615 592 4670 ἐθνῶν
624 4619 687 4669 ἐκ
723 4616 824 4686 τῆς
866 4615 1240 4679 πολυπλανοῦς
1281 4615 1717 4689 εἰδωλολατρείας
1762 4618 1853 4670 ἐπὶ

280 4711 382 4781 τὴν
411 4712 493 4773 είς
526 4710 616 4763 τὸν
652 4710 783 4764 Θεὸν
816 4709 1098 4763 εὐσέϐειαν
1135 4708 1435 4781 μεταϐολὴν
1464 4709 1726 4775 θεσπίζει’
1758 4711 1852 4763 καὶ

280 4803 419 4874 αὕτη
459 4802 516 4856 δὲ
551 4804 597 4874 ἠν
620 4803 924 4876 προφητεία
972 4802 1107 4875 μετά
1144 4803 1241 4875 τὴν
1282 4805 1361 4867 είς
1402 4802 1719 4876 ἀνθρώπους
1756 4804 1850 4858 τοῦ

281 4894 535 4965 Σωτῆρος
570 4894 727 4965 ἡμῶν
779 4894 953 4965 Ἰησοῦ
997 4894 1235 4967 Χριστοῦ
1279 4895 1577 4966 παρουσίαν
1622 4894 1851 4965 ἐναργέ-

285 5001 455 5037 στατα
500 4984 772 5039 δείκνυται
809 4984 1233 5057 πεπληρωμένη.
1275 4985 1435 5039 Ἀλλὰ
1470 4986 1577 5057 γὰρ
1616 4987 1684 5040 δι’
1715 4986 1851 5040 ὅλων

281 5077 572 5149 τριάκοντα
591 5076 944 5149 προφητικῶν
966 5076 1274 5149 κεφαλαίων
1294 5078 1541 5150 δεύτερον
1559 5077 1690 5132 Θεὸν
1714 5078 1852 5150 μετά

279 5169 372 5222 τὸν
412 5169 669 5224 ἀνωτάτω
703 5170 797 5222 καὶ
829 5170 922 5223 ἐπὶ
946 5171 1099 5231 πᾶσι,
1127 5169 1218 5224 τὸν
1254 5170 1481 5242 Σωτῆρα
1517 5168 1611 5224 καῖ⁵
1647 5170 1850 5243 Κύριον

281 5261 438 5333 ἡμῶν
457 5259 547 5313 τὸν
566 5258 659 5314 τοῦ
681 5259 815 5314 Θεοῦ
838 5260 1009 5329 Λόγον
1034 5256 1171 5314 εἶναι
1199 5261 1594 5334 μεμαθηκότες,
1628 5263 1713 5334 ἐφ’
1733 5263 1849 5317 ἑτέ-

284 5373 384 5427 ραν
414 5355 516 5425 τῆς
557 5354 700 5409 κατά
736 5356 897 5410 αὑτὸν
929 5356 1238 5427 οἰκονομίας
1272 5357 1524 5410 ὑπόθεσιν
1554 5356 1853 5430 μεταϐησό-

284 5448 445 5519 μεθα,
466 5447 627 5502 αὐτὸν
649 5447 714 5521 δὴ
734 5448 921 5503 τοῦτον
946 5448 1076 5503 Θεὸν
1097 5451 1177 5508 είς
1199 5448 1518 5521 ἀνθρώπους
1539 5449 1850 5505 ἐλεύσεσθαι

278 5540 413 5597 δ;ῖν.
464 5541 528 5593 ὲκ
571 5538 678 5592 τῶν
720 5539 899 5593 αὐτῶν
941 5540 1092 5615 παρά
1135 5539 1402 5610 Ἑϐραίοις
1445 5540 1605 5612 ίερῶν
1652 5541 1849 5612 βίϐλων

283 5632 656 5701 πατήσοντες.

1970 2042 2167 2081 nomen
2199 2041 2357 2082 suum
2389 2023 2723 2089 timentibus,
2756 2030 2816 2075 ut
2848 2021 2928 2076 sic
2955 2020 3062 2075 illis
3088 2020 3298 2075 timoris
3327 2034 3455 2089 erga
3483 2033 3543 2074 se

1970 2118 2273 2189 praemium,
2304 2117 2438 2173 solis
2470 2115 2701 2186 justitite
2727 2114 2817 2168 det
2852 2114 3056 2167 lumen.
3093 2111 3208 2167 Erit
3239 2119 3419 2167 autem
3450 2111 3542 2167 hic

1970 2210 2113 2266 Deus
2147 2207 2407 2274 Verbum,
2441 2224 2471 2261 a
2499 2224 2608 2279 quo
2642 2207 2773 2263 illud
2814 2206 3021 2259 dictum
3055 2217 3141 2260 est
3172 2223 3187 2260 :
3219 2222 3237 2256 ι
3278 2204 3390 2277 Ego
3419 2220 3539 2260 sum

1967 2302 2059 2356 lux
2090 2301 2337 2365 mundi",
2363 2316 2483 2372 qua:
2509 2308 2626 2355 erat
2657 2300 2747 2353 lux
2777 2299 3093 2356 illuminans
3119 2315 3334 2355 omnem
3366 2299 3542 2354 homi-

1965 2409 2090 2449 nem
2127 2392 2430 2447 venientem
2474 2391 2529 2445 in
2574 2391 2719 2445 hunc
2749 2391 3074 2445 mundum’.
3107 2410 3126 2444 ι
3166 2389 3317 2447 Hanc
3358 2392 3543 2460 itaque

1967 2485 2164 2546 lucem,
2197 2499 2307 2538 non
2339 2490 2520 2537 autem
2549 2482 2699 2537 illum
2732 2482 3047 2538 sensibilem
3080 2490 3135 2539 et
3164 2481 3537 2548 manifestum,

1965 2587 2019 2633 et
2055 2575 2416 2631 rationalibus
2445 2584 2500 2629 et
2536 2575 2715 2631 brutis
2744 2576 2938 2641 solem,
2978 2576 3071 2631 sed
3103 2576 3345 2631 divinum
3379 2585 3541 2647 atque

1965 2669 2449 2739 intelligentem,et
2465 2669 2643 2723 omnis
2666 2667 2883 2723 virtutis
2909 2684 2974 2724 ac
2998 2669 3229 2739 justitiai
3259 2677 3537 2726 auctorem

1965 2762 2100 2818 solis
2140 2762 2319 2831 ipsum
2364 2760 2682 2816 timentibus
2730 2761 3024 2827 oriturum,
3062 2761 3118 2817 in
3164 2762 3421 2834 praesenti
3463 2762 3541 2817 ait

1965 2853 2132 2921 Deus,
2164 2856 2315 2909 illum
2348 2854 2416 2910 iis
2465 2853 2679 2909 interim
2715 2854 3023 2916 occultans,
3060 2855 3153 2925 qui
3186 2856 3280 2910 illo
3327 2853 3540 2925 indigni

1964 2947 2097 3011 sint,
2128 2946 2197 3003 de
2225 2946 2426 3017 quibus
2464 2945 2628 3003 etiam
2660 2944 2790 3000 alibi
2827 2945 2999 3000 dicit:
3035 2964 3053 2997 ι
3091 2945 3159 3001 Et
3195 2946 3408 3003 occidet
3454 2945 3539 3000 sol

1964 3054 2128 3110 super
2144 3038 2459 3109 prophetas,
2491 3037 2586 3108 qui
2614 3038 2896 3108 decipiunt
2925 3038 3185 3109 populum
3221 3052 3403 3095 meum
3426 3035 3525 3090 ".-

2522 3257 2754 3315 CAPUT
2789 3256 2959 3315 XXX.

1960 3376 2039 3433 Αι
2064 3374 2318 3430 Ieremia.
2353 3405 2424 3416 --
2465 3374 2919 3440 Quemadmodum
2976 3374 3113 3428 Deus
3166 3375 3412 3438 Verbum,
3464 3376 3535 3431 ad

2031 3445 2251 3517 Patrem
2283 3446 2700 3514 deprecationem
2734 3447 2946 3509 emittit,
2974 3445 3211 3517 gentium
3239 3449 3534 3501 conversio-

2029 3534 2147 3572 nem
2174 3516 2413 3586 futuram
2443 3516 2772 3587 signiﬁcans.

2033 3645 2053 3678 ι
2084 3626 2308 3683 Domine
2325 3627 2590 3683 fortitudo
2611 3643 2750 3689 mea,
2770 3630 3100 3683 etauxilium
3135 3645 3336 3693 meum,
3369 3638 3423 3685 et
3446 3645 3534 3685 re.

1960 3718 2164 3791 fugium
2197 3736 2400 3784 meum,
2430 3721 2483 3774 in
2519 3720 2606 3775 die
2630 3720 3023 3787 tribulationis,
3054 3721 3120 3775 ad
3156 3730 3208 3775 te
3236 3730 3423 3791 gentes
3449 3738 3534 3777 ve.

1957 3811 2111 3866 nient
2152 3811 2221 3865 ab
2251 3820 2494 3867 extremo
2527 3819 2705 3875 terrae,
2742 3811 2991 3868 etdicent
3022 3832 3034 3867 :
3068 3810 3208 3868 Vere
3234 3813 3369 3869 falsa
3401 3830 3531 3884 pos-

1957 3904 2214 3958 sederunt
2260 3914 2442 3976 patres
2496 3907 2667 3961 nostri
2712 3909 3028 3972 simulacra,
3074 3914 3129 3963 et
3177 3924 3284 3963 non
3327 3918 3413 3964 est
3475 3910 3531 3964 in

1956 3995 2038 4049 eis
2066 3995 2293 4050 utilitas.
2314 3995 2370 4049 Si
2403 3995 2564 4051 faciet
2593 3998 2697 4053 sibi
2722 3998 2884 4052 homo
2913 4000 3067 4063 deos,
3101 4009 3156 4055 et
3184 3999 3239 4054 hi
3269 4014 3377 4054 non
3403 4007 3532 4054 sunt

1956 4086 2052 4141 dii.
2088 4083 2295 4141 Idcirco
2336 4101 2465 4142 ecce
2491 4103 2593 4158 ego
2621 4090 2902 4145 ostendam
2943 4091 3024 4146 eis
3049 4091 3102 4145 in
3135 4100 3379 4163 tempore
3404 4093 3528 4157 hoe,

1955 4185 2009 4233 et
2032 4184 2214 4231 notam
2247 4177 2441 4230 faciam
2472 4180 2552 4234 eis
2593 4193 2812 4233 manum
2846 4196 3043 4243 meam,
3081 4181 3243 4251 255
3271 4192 3323 4236 et
3353 4183 3529 4236 virtu-

1956 4275 2062 4320 tem
2106 4280 2304 4328 meam,
2337 4274 2391 4322 et
2422 4278 2760 4337 cognoscent
2788 4271 2932 4340 quod
2976 4286 3077 4339 ego
3121 4271 3461 4328 Dominus“.
3505 4293 3525 4327 ι

1954 4356 2012 4412 ιη
2044 4358 2130 4412 his
2160 4358 2342 4413 verbis
2373 4357 2635 4416 Dominus
2667 4362 2832 4416 alium
2885 4370 3162 4431 precatur,
3201 4363 3418 4420 Patrem
3450 4367 3531 4419 vi-

1955 4448 2152 4504 delicet
2185 4463 2250 4503 ac
2289 4448 2456 4503 Deum
2494 4451 2760 4516 universi,
2790 4451 2905 4507 illic
2955 4468 3089 4508 sane
3122 4454 3214 4509 ubi
3265 4456 3530 4526 incipiens

1955 4539 2030 4591 ait
2063 4556 2076 4591 :
2107 4555 2127 4585 ι
2164 4537 2415 4605 Domine,
2447 4539 2711 4598 fortitudo
2752 4558 2892 4606 mea,
2928 4563 2946 4597 ι
2973 4551 3029 4599 et
3066 4554 3281 4601 caetera.
3313 4544 3530 4616 Perspi-

1954 4644 2056 4685 cue
2069 4645 2199 4685 Vero
2215 4631 2457 4699 gentium
2489 4632 2558 4687 ab
2576 4634 2884 4690 errabundo
2906 4637 3321 4693 simulacrorum
3353 4638 3526 4699 cultu.

1953 4718 2021 4773 ad
2046 4720 2321 4788 pietatem,
2354 4722 2784 4794 religionemque
2805 4740 2931 4795 erga
2956 4725 3123 4782 Deum
3146 4729 3530 4782 commutatio-

1952 4828 2074 4868 nem
2110 4812 2371 4879 futuram,
2407 4816 2718 4887 signiﬁcat;
2751 4827 2806 4873 et
2839 4820 2951 4874 haec
2973 4820 3189 4874 interim
3221 4806 3525 4889 prophetia,

1950 4910 2075 4972 post
2101 4902 2404 4960 Salvatoris
2430 4907 2605 4960 nostri
2638 4905 2768 4963 Jesu
2804 4906 3011 4963 Christi
3049 4909 3117 4963 ad
3150 4908 3401 4965 homines
3431 4910 3527 4964 ad-

1948 5004 2169 5050 ventum
2192 4997 2597 5054 evidentissime
2618 5001 2883 5070 completa
2914 5008 3271 5056 monstratur.
3290 5000 3358 5054 At
3379 5003 3524 5057 enim

1949 5092 2237 5154 postquam
2270 5085 2537 5142 hactenus
2569 5104 2634 5143 ex
2667 5090 2798 5145 totis
2829 5091 3046 5159 triginta
3078 5091 3408 5160 propheticis
3436 5108 3528 5148 ca-

1954 5177 2179 5248 pitibus,
2216 5176 2406 5242 Deum,
2434 5176 2796 5244 Salvatorem,
2824 5195 2889 5235 ac
2926 5171 3217 5235 Dominum
3252 5192 3523 5248 nostrum,

1953 5264 2050 5321 Dei
2078 5266 2314 5323 Verbum
2342 5284 2467 5325 esse
2506 5269 2839 5336 didicimus;
2869 5269 2936 5324 ad
2973 5270 3204 5325 alterum
3232 5271 3373 5340 ejus,
3405 5286 3526 5341 quae

1952 5359 2018 5413 ad
2052 5357 2303 5414 eumdem
2346 5360 2605 5429 pertinet.
2646 5359 3074 5429 dispensationis
3118 5371 3520 5431 argumentum,

1950 5448 2210 5522 deinceps
2243 5460 2609 5514 transeamus,
2638 5460 2692 5508 et
2736 5452 2882 5506 hunc
2908 5453 3089 5522 ipsum
3122 5452 3290 5508 Deum
3323 5452 3390 5507 ad
3422 5453 3522 5507 bo-

1951 5540 2126 5597 mines
2155 5551 2443 5598 venturum
2496 5543 2688 5608 fuisse,
2723 5559 2786 5599 ex
2840 5544 3031 5600 iisdem
3058 5545 3232 5602 sacris
3263 5544 3521 5602 Hebraeo-

1949 5650 2070 5688 rum
2098 5634 2252 5690 libris
2283 5634 2719 5706 comprobemus.

354 5835 374 5866 '
406 5832 636 5889 Malach.
665 5849 741 5900 tv,
770 5834 825 5888 2.
901 5837 921 5869 ⁸
942 5832 1099 5891 Joan.
1127 5850 1247 5904 \lll,
1281 5835 1366 5891 12.
1441 5836 1464 5871 ⁹
1488 5835 1647 5895 Joan.
1682 5853 1722 5907 ι,
1747 5837 1799 5894 9.

1960 5837 2111 5899 Hicin
2145 5852 2231 5905 ιιι,
2261 5837 2313 5893 6.
2392 5837 2431 5871 "
2464 5836 2574 5894 Jer.
2601 5853 2713 5908 nrt,
2740 5843 2923 5904 l9-2l.
