4080 6416
253 385 342 440 415
1136 381 1784 442 DEMONSTRATIONIS
1820 387 2272 443 EVANGELICE
2307 388 2434 445 LIB.
2472 389 2561 447 Vl.
3350 393 3455 451 ιιι

253 498 369 554 Θεοῦ
392 496 622 567 δύναμιν,
647 497 694 550 οἰ
711 495 842 550 θεῖοι
865 496 1234 568 προηγόρευον
1261 497 1429 566 λόγοι.
1464 499 1527 551 Εἰ
1556 503 1776 568 φανεῖεν
1806 514 1850 563 Α

1839 500 2142 564 μιαίνει-εἰ,
2175 511 2230 556 et
2265 499 2355 557 Dei
2399 501 2662 561 Verbum.
2706 508 2760 557 et
2804 500 2898 557 Dei
2934 501 3208 568 virtutem,
3263 504 3450 562 divina

250 593 329 646 ἐπὶ
353 588 436 644 τοῦ
467 588 718 660 παρόντος
748 589 806 642 αἱ
839 589 1170 660 προφητικαί
1191 589 1507 662 μαρτυρίαι,
1541 591 1672 644 Θεὸν
1698 592 1778 655 εἰς

1878 593 2030 662 prius
2076 593 2419 663 appellabant
2462 595 2704 649 oracula.
2754 593 2812 649 Si
2855 611 2985 665 ergo
3034 596 3138 650 hoc
3182 604 3449 668 tempore,

251 681 535 754 ἀνθρώπους
599 680 881 749 ἀφίξεσθαι
931 681 1192 752 μέλλοντα
1250 683 1736 754 προαναφωνοὶὴαι
1756 723 1773 747 ,

1877 685 2194 756 prophetica
2249 686 2415 740 etiam
2484 687 2796 742 testimonia
2854 687 3020 742 Deum
3080 687 3149 742 ad
3201 689 3451 748 homines

248 773 388 829 παντί
409 791 478 843 τῳ
502 773 655 843 δῆλον
684 773 777 825 ἐπὶ
809 774 930 826 τίνα
972 773 1075 846 χρὴ
1107 774 1206 845 τὴν
1249 774 1528 846 ἀναφορὰν
1556 774 1650 827 τοῦ
1681 793 1776 847 ση-

1878 775 2048 833 fuisse
2091 785 2406 842 venturum,
2455 778 2776 847 praedixisse
2827 778 3232 836 ostenderimus
3276 799 3290 836 :
3337 791 3451 837 tum

251 867 537 938 μαινομένου
567 865 851 920 ποιεῖσθαι·
885 867 971 920 ὅτε
1003 867 1235 938 μάλιστα
1268 868 1356 922 διὰ
1382 868 1489 921 τῶν
1519 868 1773 940 πρόσθεν,

1877 867 2172 937 unicuique
2192 867 2411 938 planum
2447 869 2632 931 tuerit,
2665 869 2732 924 ad
2758 885 2916 940 quem
2948 869 3150 924 referre
3179 880 3449 940 oporteat,

243 960 293 1010 ἐν
339 953 611 1026 ἀνθρώπου
656 959 832 1028 μορφῇ
883 957 976 1010 καὶ
1023 959 1280 1029 σχήματι,
1315 960 1428 1021 τοῖς
1492 958 1634 1028 ἀμφὶ
1683 959 1774 1012 τὸν

1875 956 1927 1011 id
1944 956 2088 1026 quod
2102 955 2548 1027 signiﬁcavimus,
2564 973 2688 1012 cum
2708 973 2806 1028 per
2819 971 2882 1011 ea
2899 957 3133 1011 maxime
3154 972 3274 1026 qua!
3292 965 3451 1014 antea

255 1048 472 1119 Ἀϐραὰμ
510 1047 806 1116 θεοφιλέσιν
838 1049 866 1101 ό
903 1048 1033 1113 Θεὸς
1055 1049 1225 1117 Λόγος
1247 1051 1332 1103 ἐπ’
1366 1049 1628 1120 ὀνόματος
1656 1051 1771 1102 Κυ-

1874 1047 2018 1102 dicta
2040 1056 2192 1111 sunt,
2217 1047 2735 1113 demonstravimus,
2761 1046 2930 1102 Deum
2965 1045 3224 1112 Verbum,
3255 1046 3449 1104 habitu

244 1140 340 1210 ρίου
374 1141 458 1192 καὶ
487 1137 620 1192 Θεοῦ
676 1140 880 1210 πέφηνε
910 1139 1010 1204 τὰς
1062 1141 1141 1202 εἰς
1167 1140 1487 1211 ἀνθρώπους
1509 1141 1775 1204 ὀπτασίας

1875 1137 2096 1208 quidem
2132 1137 2413 1207 formaque
2444 1137 2702 1201 hominis,
2740 1137 2959 1191 nomine
2990 1151 3120 1190 vero
3148 1135 3362 1190 Domini
3386 1151 3451 1192 ac

246 1231 587 1300 πεποιημένος.
603 1232 735 1302 Φέρε
753 1228 842 1284 οὗν
863 1232 1080 1302 ἴδωμεν,
1097 1233 1243 1297 ὅπως
1265 1234 1393 1287 ποτὲ
1419 1235 1516 1304 μὲν
1548 1233 1770 1306 Κύριον,

1877 1228 1990 1290 Dei,
2015 1235 2071 1285 et
2101 1227 2204 1299 ipsi
2232 1228 2487 1292 Abrahae,
2527 1237 2580 1283 et
2609 1229 2822 1283 caeteris
2843 1227 2938 1283 Dei
2963 1228 3156 1282 amicis
3185 1227 3336 1293 viris,
3359 1227 3450 1290 qui

245 1323 350 1376 ποτὲ
396 1322 447 1374 δὲ
491 1321 620 1373 Θεὸν
685 1321 1088 1393 καταϐήσεσθαι
1147 1323 1228 1386 εἰς
1274 1322 1622 1394 ἀνθρώπους.
1679 1324 1774 1378 καὶ

1872 1320 2104 1376 Αὺινιιιιω
2146 1329 2469 1391 tempestate
2509 1320 2816 1387 ﬂoruerint,
2861 1320 3100 1390 seipsum
3156 1318 3450 1374 videndum

244 1415 374 1470 πάλιν
403 1413 759 1484 ἀναϐήσεσθαι
787 1413 1032 1484 ἐναργῶς
1077 1413 1219 1467 οὕτω
1283 1418 1664 1486 προαναφωνεῖ
1705 1416 1774 1469 τὰ

1873 1414 2188 1484 prazbuisse.
2221 1413 2341 1471 Jam
2387 1428 2536 1468 nunc
2576 1413 2743 1482 igitur
2782 1420 2994 1481 tempus
3023 1419 3108 1466 est
3158 1416 3217 1464 ut
3261 1409 3448 1465 videa-

243 1506 347 1576 παρ⁹
372 1503 627 1575 Ἑϐραίοις
657 1505 831 1573 λόγια,
862 1505 956 1558 καὶ
981 1505 1079 1570 τάς
1105 1523 1168 1575 γε
1201 1506 1378 1570 αἰτίας
1404 1507 1502 1577 τῆς
1525 1506 1770 1562 καθόδου.

1873 1524 1996 1564 mus
2025 1522 2133 1578 qua
2175 1508 2408 1572 ratione,
2447 1522 2593 1561 nunc
2630 1505 2942 1568 Dominum,
2981 1519 3129 1558 nunc
3177 1501 3346 1557 Deum
3381 1502 3449 1557 ad

241 1592 487 1663 Σημειὼσῃ
519 1593 655 1656 δ’ὡς
674 1594 792 1646 τινὰ
821 1595 916 1664 μὲν
945 1594 1159 1666 εἴρηται
1184 1595 1250 1648 δι’
1278 1597 1630 1666 αἰνιγμάτων,
1653 1597 1774 1651 τινὰ

1874 1597 2122 1654 homines
2155 1597 2567 1660 descensurum,
2602 1607 2655 1652 et
2690 1609 2884 1651 rursus
2923 1608 3304 1658 ascensurum,
3339 1603 3447 1648 tam

239 1683 665 1756 δὲφανερώτερον.
696 1685 778 1738 Τά
813 1686 910 1756 μὲν
942 1681 1035 1740 οὖν
1055 1688 1122 1740 δι’
1157 1687 1504 1759 ἐπικρύψεως
1537 1689 1773 1760 ἡγοῦμαι

1872 1691 2152 1747 evidenter
2204 1689 2552 1745 Hebrazorum
2609 1690 2832 1743 oracula
2885 1689 3038 1760 prius
3091 1687 3451 1742 denuntiave-

192 1830 196 1832 .
238 1777 323 1828 τῶν
360 1779 416 1829 ὲκ
453 1778 752 1848 περιτομῆς
790 1778 949 1832 ’ἑνεκα
975 1779 1400 1850 κεκαλυμμένως
1421 1781 1773 1837 ἀποδεδόσθαι

1871 1783 2002 1847 rint,
2041 1792 2095 1838 et
2122 1797 2368 1852 quaenam
2399 1780 2630 1848 hujusce
2656 1780 2956 1835 descensus
2983 1793 3164 1834 causa!
3195 1776 3397 1832 fuerint
3430 1791 3445 1830 :

234 1870 305 1922 διὰ
357 1870 416 1923 τὰ
468 1868 834 1961 θεσπιζόμενα
888 1875 1010 1925 κατ’
1072 1872 1250 1926 αὐτῶν
1309 1873 1608 1946 σκυθρωπά
1633 1891 1646 1905 °
1699 1875 1766 1928 δι’
1801 1906 1840 1961 Β

1869 1876 2085 1930 tametsi
2114 1874 2248 1929 illud
2281 1873 2380 1928 tibi
2403 1873 2701 1928 notandum
2733 1882 2840 1937 est,
2874 1871 2980 1926 alia
3004 1871 3223 1941 quidem
3253 1870 3451 1926 obscu~

235 1962 350 2034 ἅπερ
372 1962 507 2026 εἰκὸς
536 1959 605 2035 ἦν
637 1964 731 2016 καὶ
781 1964 1036 2032 ἀφανίσαι
1083 1964 1278 2026 αὐτοὺς
1319 1965 1416 2036 τὴν
1450 1965 1690 2038 Γραφὴν,
1721 1968 1768 2022 εί
1804 1959 1829 1961 7

1874 1969 2010 2031 rius,
2047 1967 2152 2021 alia
2197 1974 2375 2024 autem
2404 1965 2644 2036 apertius
2677 1966 2821 2020 dicta
2867 1965 3118 2018 inveniri.
3146 1963 3322 2033 Atque
3350 1977 3448 2033 ego

233 2056 286 2110 ἐκ
325 2053 406 2106 τοῦ
459 2054 773 2126 προφανοῦς
815 2055 912 2126 τὴν
971 2054 1207 2125 ἐσχάτην
1272 2055 1448 2109 αὐτῶν
1499 2056 1771 2128 ἀποϐολὴν

1873 2060 2090 2130 quidem
2119 2059 2375 2125 arbitror,
2406 2057 2707 2113 occultiora
2739 2057 2830 2110 illa
2858 2065 3080 2126 propter
3102 2053 3341 2118 Judreos,
3375 2054 3449 2108 ita

233 2147 505 2215 ἐσήμαινεν.
547 2146 712 2202 Οὕτω
749 2145 879 2216 γοῦν
932 2145 1029 2200 καὶ
1082 2148 1194 2210 τοῖς
1232 2147 1538 2218 προφήταις
1588 2148 1770 2213 αὐτοῖς

1872 2152 2114 2207 involute
2147 2159 2311 2222 atque
2358 2149 2621 2220 implicite
2657 2148 2870 2204 reddita
2903 2162 3048 2208 esse,
3079 2146 3225 2216 quod
3257 2143 3450 2200 videli-

232 2236 569 2292 ἰπιϐουλεύσαι
589 2239 793 2300 αὐτοὺς
823 2238 1042 2308 κατέχει
1087 2237 1264 2306 λόγος,
1281 2238 1347 2292 δι’
1375 2237 1468 2302 οὒς
1496 2238 1772 2292 ἐποιοῦντο

1872 2252 1960 2300 cet
1979 2244 2156 2299 tristia
2179 2241 2425 2314 quedam
2455 2243 2510 2296 in
2545 2241 2653 2296 illis
2681 2248 2871 2298 contra
2911 2240 3061 2309 ipsos
3095 2246 3448 2300 canerentur,

230 2329 327 2385 κατ’
350 2329 514 2383 αὐτῶν
545 2329 828 2400 ἐλέγχους.
857 2330 923 2382 Αἰ
962 2330 1020 2382 δὲ
1081 2333 1270 2398 σαφεῖς
1317 2334 1638 2402 προφητεῖαι
1673 2331 1771 2401 τὴν

1872 2337 1942 2391 ob
1973 2351 2095 2406 quae
2125 2335 2422 2390 verisimile
2456 2333 2579 2398 fuit,
2603 2336 2754 2403 ipsos
2779 2331 3080 2386 abolituros
3112 2330 3450 2400 perdituros-

229 2420 316 2473 τῶν
359 2421 518 2477 ἐθνῶν
571 2423 771 2492 κλῆσιν
813 2421 1113 2476 λευκότατα
1142 2423 1473 2494 περιέχουσι,
1498 2423 1606 2476 τῶν
1645 2427 1764 2478 κατ’

1871 2441 1976 2496 que
2001 2426 2170 2481 fuisse
2190 2425 2552 2496 Scripturam,
2583 2425 2629 2479 si
2658 2430 2844 2493 aperte
2865 2433 3169 2477 extremum
3203 2420 3445 2490 ipsorum

225 2509 466 2564 εὐσέϐειαν
518 2512 746 2581 ἀγαθῶν
795 2513 891 2575 τὰς
919 2513 1248 2581 ἐπαγγελίας
1286 2513 1346 2571 ού
1377 2513 1452 2583 τῷ
1503 2515 1770 2570 Ἰουδαίων

1870 2515 2151 2571 interitum
2200 2517 2587 2588 significasset.
2638 2513 2729 2568 Sic
2785 2529 2918 2568 sane
2955 2514 3118 2569 etiam
3164 2511 3447 2582 prophetis

227 2600 362 2663 ἔθνει,
390 2604 516 2656 πᾶσι
561 2604 618 2656 δὲ
667 2601 971 2674 ἀνθρώποις
1011 2606 1121 2666 τοῖς
1149 2603 1270 2656 καθ’
1308 2605 1436 2672 ὅλης
1463 2605 1560 2675 τῆς
1592 2607 1771 2657 οἰκουη

1872 2609 2101 2664 infestos
2142 2608 2332 2675 fuisse,
2377 2609 2654 2664 memoria;
2699 2607 2974 2677 proditum
3010 2612 3115 2667 est,
3160 2611 3446 2674 propterea

231 2693 369 2764 μένης
426 2695 915 2764 καταγγέλλουσαι.
949 2689 1046 2747 Ὧν
1077 2693 1248 2758 οὕτως
1304 2696 1554 2766 ἐχόντων,
1580 2696 1770 2769 καιρὸς

1869 2700 2014 2769 quod
2045 2701 2114 2754 ab
2154 2701 2264 2755 illis
2298 2699 2853 2770 reprehenderentur.
2879 2698 3011 2764 Quae
3042 2711 3170 2750 vero
3200 2695 3444 2764 apertius

227 2783 308 2854 ἤδη
337 2787 422 2838 καὶ
447 2787 548 2840 τῶν
586 2786 754 2840 θείων
781 2785 1082 2843 ἐπακοῦσαι
1113 2786 1330 2860 λογίων.

1872 2790 2171 2860 loquuntur
2200 2789 2519 2860 pr0phetiae,
2546 2788 2614 2842 ab
2639 2787 2707 2842 iis
2725 2787 2913 2854 utique
2939 2783 3179 2855 gentium
3209 2782 3444 2848 vocatio,

225 2879 364 2931 nullis
392 2879 626 2933 involuta
687 2878 1134 2941 obscuritatibus,
1169 2879 1478 2933 continetur
1506 2878 1551 2933 ἰ
1599 2879 1907 2950 eaedemque
1964 2883 2232 2937 bonorum
2265 2897 2386 2950 quae
2427 2895 2454 2932 a
2487 2880 2688 2950 pietate
2737 2876 3162 2954 proficiscuntur
3213 2873 3449 2944 promis--

225 2970 400 3036 siones,
437 2987 544 3026 non
595 2971 700 3025 uni
743 2969 982 3024 Judaicm
1026 2970 1193 3041 genti,
1251 2971 1346 3025 sed
1395 2972 1653 3026 omnibus
1696 2988 1792 3041 per
1855 2983 2024 3028 totum
2077 2982 2353 3028 terrarum
2419 2973 2606 3028 orbem
2667 2970 3019 3033 hominibus,
3077 2967 3446 3023 denuntiant:

224 3081 324 3133 qua:
372 3081 488 3121 cum
535 3066 618 3121 sic
675 3081 732 3121 se
767 3080 860 3120 res
913 3064 1170 3129 habeant,
1216 3064 1330 3135 jam
1376 3081 1520 3120 nunc
1549 3067 1770 3122 oracula
1803 3077 2023 3140 qquue
2040 3067 2224 3123 divina
2251 3067 2463 3130 audire,
2493 3074 2710 3136 tempus
2739 3064 2920 3119 fuerit.

733 3180 1127 3234 κεφΑΑΑιοΝ
1167 3182 1248 3236 A'.
1796 3192 1838 3248 ο

1796 3192 1838 3248 c
2395 3185 2559 3255 253
2586 3181 2813 3240 CAPUT
2848 3181 2889 3236 ι.

229 3271 445 3342 Ψαιὶμοῦ
465 3274 552 3337 ιζ’.
573 3303 656 3314 —-—
678 3273 824 3350 Θεοῦ
844 3275 929 3338 είς
945 3275 1292 3350 ᾀνθρῴαους
1316 3275 1575 3350 ᾀξοίξεως
1588 3276 1773 3345 δήλω-

1873 3281 1914 3334 Λ
1946 3281 2152 3350 psalmo
2195 3295 2326 3334 xv".
2351 3308 2418 3317 ——
2445 3278 2543 3330 Dei
2567 3276 2635 3328 ad
2660 3276 2891 3350 homines
2915 3273 3174 3350 adcentus
3207 3272 3443 3327 ostendi-

435 3358 552 3408 σις,
587 3345 692 3398 καί
719 3344 815 3395 ἐπὶ
858 3345 1040 3412 ταύτῃ
1067 3343 1286 3411 κλῆσις
1313 3345 1520 3400 ἐθνῶν.
1653 3343 1658 3345 “
1947 3343 1956 3350 ’

1428 3345 1520 3400 ῖῦν.
1653 3343 1658 3345 ”
1947 3343 1956 3350 ’
2275 3359 2382 3409 tur,
2410 3350 2532 3401 item
2557 3347 2757 3400 vacatio
2785 3345 3039 3414 gentium.

285 3450 302 3484 ι
337 3433 438 3487 Καὶ
469 3434 689 3488 ἔκλινεν
737 3435 1019 3504 οὐρανοὺς,
1061 3433 1154 3486 καὶ
1199 3435 1426 3505 κατέϐη,
1450 3438 1542 3491 καὶ
1569 3439 1772 3510 γνόφος

1947 3459 1966 3492 ι
1996 3440 2062 3494 Et
2099 3441 2382 3495 inclinavit
2406 3441 2577 3495 cmlos
2605 3449 2659 3494 et
2703 3435 3008 3499 descendit,
3045 3444 3097 3489 et
3134 3434 3310 3504 caligo
3344 3431 3446 3487 sub

225 3524 310 3577 ὑπὸ
333 3529 449 3590 τοὺς
472 3529 640 3590 πόδας
681 3526 844 3581 αὑτοῦ
865 3544 878 3557 ο
911 3527 1004 3580 καὶ
1032 3527 1201 3598 ἐπέϐη
1233 3529 1326 3582 ἐπὶ
1360 3531 1642 3602 χερουϐἰμ,
1677 3533 1772 3586 καὶ

1872 3533 2101 3603 pedibus
2129 3533 2286 3601 ejus:
2319 3541 2373 3586 et
2403 3531 2647 3586 ascendit
2682 3545 2845 3598 super
2876 3527 3182 3591 cherubim,
3217 3533 3270 3580 et
3298 3524 3443 3579 vola-

222 3619 497 3690 ὲπετασθη·
561 3620 844 3692 ὲπετάσθη
901 3621 993 3672 ἐπὶ
1042 3619 1328 3692 πτερύγων
1375 3624 1625 3696 ἀνέμωνο
1678 3625 1772 3678 καὶ

1870 3625 1949 3678 vit
1981 3640 1994 3676 :
2031 3625 2233 3679 volavit
2260 3639 2423 3693 super
2455 3637 2662 3693 pennas
2699 3630 2986 3676 ventorum
3023 3637 3036 3673 :
3073 3627 3126 3673 et
3143 3616 3329 3687 posuit
3356 3623 3443 3669 te-

226 3709 349 3762 ἔθετο
395 3713 580 3776 σκότος
636 3713 965 3784 ἀποκρυφὴν
1019 3712 1220 3778 αὑτοῦ,
1271 3715 1455 3786 κύκλῳ
1513 3714 1678 3769 αὑτοῦ
1736 3717 1769 3786 ὴ

1873 3720 2069 3772 nebras
2096 3717 2378 3770 latibulum
2409 3731 2591 3777 suum,
2627 3714 2681 3766 in
2707 3712 2940 3766 circuitu
2968 3709 3088 3780 ejus
3115 3709 3442 3763 tabernacu-

227 3800 369 3873 σκηνὴ
395 3804 575 3858 αὐτοῦ.
619 3823 642 3854 ι
682 3801 956 3874 ’Ἥγοῦμαι
989 3805 1079 3858 διὰ
1121 3807 1324 3862 τούτων
1363 3809 1617 3878 ἄντικρυς
1638 3806 1769 3861 Θεοῦ

1875 3812 1983 3865 lum
2013 3809 2216 3880 ejus".
2263 3828 2280 3860 ι
2331 3808 2582 3862 Arbitror
2631 3822 2696 3860 ex
2738 3805 2826 3859 his
2866 3801 3186 3874 planissime
3227 3799 3323 3854 Dei
3377 3797 3443 3853 de

226 3893 414 3947 κάθοδον
443 3895 744 3968 οὐρανόθεν
774 3899 1157 3969 παρίστασθαι.
1193 3901 1478 3973 Προειπὼν
1501 3901 1609 3973 γὰρ
1642 3901 1772 3955 πολ-

1873 3902 2012 3956 οωιο
2059 3901 2381 3955 descensum
2410 3896 2625 3952 ostendi
2659 3911 2672 3946 :
2720 3902 3008 3964 postquam
3039 3891 3184 3945 enim
3245 3889 3443 3942 multas

223 3980 303 4048 λὶς
325 3984 610 4054 θεολογίας,
663 3987 905 4054 ἐπιλέγει
941 3989 1010 4042 τά
1051 3990 1360 4061 ἐκκείμενα.
1385 3991 1474 4061 Τῷ
1501 3992 1557 4045 δὲ
1595 3992 1771 4061 λέγειν

1874 3993 2176 4061 theologias
2228 3990 2555 4055 enuntiavit,
2597 3998 2710 4042 tum
2750 4002 2814 4042 ea
2864 4000 2987 4056 qum
3032 3983 3281 4051 exposita
3316 3989 3439 4036 sunt

225 4074 392 4128 κλίνειν
411 4077 570 4130 αὑτὸν
597 4078 887 4148 οὐρανοὺς,
918 4080 1010 4131 καὶ
1053 4079 1486 4148 κατεληλυθέναι,
1519 4081 1773 4150 σημαίνει

1869 4085 2136 4154 adjungit.
2171 4082 2345 4136 Porro
2385 4083 2513 4136 dum
2557 4079 2691 4134 dicit
2727 4078 3023 4131 inclinasse
3058 4075 3210 4128 illum
3249 4073 3440 4135 cmlos,

225 4164 303 4234 τὴν
321 4168 608 4241 ὑποστολὴν
636 4173 741 4241 τῆς
755 4169 940 4222 ἐνθέου
974 4169 1152 4240 δόξης,
1185 4173 1250 4241 ἢν
1283 4172 1474 4235 ὁθεῖος
1511 4172 1770 4230 Ἀπόστο-

1910 4175 2028 4229 tsic
2053 4172 2426 4232 descendisse,
2467 4171 2896 4224 contractionem
2937 4165 3132 4220 divina:
3154 4163 3339 4232 gloriae
3369 4164 3443 4216 si-
3516 4220 3521 4224 ,

224 4257 296 4324 λος
315 4265 570 4333 παριστὰς
597 4263 816 4332 ἐλεγενο
851 4283 870 4315 ι
906 4266 1000 4326 ὐς
1019 4267 1078 4316 ἐν
1110 4266 1292 4335 μορφῇ
1323 4263 1457 4316 Θεοῦ
1487 4263 1767 4335 ὑπάρχων,

1869 4267 2111 4338 gnilicat,
2126 4279 2286 4335 quam
2316 4263 2535 4317 divinus
2550 4261 2842 4331 Apostolus
2859 4259 3146 4313 declarans
3164 4255 3270 4308 ait:
3296 4273 3313 4304 ι
3339 4251 3440 4319 Qui

225 4351 302 4422 οὐχ
330 4355 616 4426 ἁρπαγμὸν
677 4357 922 4426 ἡγήσατο
969 4357 1030 4408 τὸ
1059 4351 1196 4408 εἶναι
1225 4355 1315 4412 ίσα.
1344 4356 1482 4426 Θεῷ,
1517 4356 1630 4412 ἀλλ’
1665 4357 1769 4409 αύ-

1871 4374 1995 4412 cutn
2024 4358 2078 4411 in
2107 4357 2276 4411 forma
2307 4355 2400 4411 Dei
2418 4365 2586 4418 esset,
2610 4369 2718 4408 non
2749 4352 2994 4421 rapinam
3035 4348 3331 4402 arbitratus
3359 4352 3441 4398 est

224 4441 297 4494 τὸν
312 4447 552 4510 ἐκένωσε,
581 4445 797 4517 μορφὴν
818 4446 1001 4500 δούλου
1029 4446 1228 4504 λαϐών.
1256 4466 1274 4497 ι
1302 4447 1408 4499 Καὶ
1421 4447 1500 4509 τὸ,
1525 4465 1544 4498 ι
1567 4447 1766 4518 Ἐπέϐη

1870 4466 1993 4504 esse
2023 4465 2081 4503 se
2105 4449 2367 4519 aequalem
2401 4447 2513 4501 Deo
2545 4462 2558 4498 :
2587 4446 2678 4500 sed
2712 4444 2951 4512 seipsum
2977 4438 3296 4501 exinanivil,
3332 4435 3440 4488 ior-

225 4533 361 4590 δὲὲπί
378 4540 664 4610 χερουϐὶμ,
687 4539 777 4592 καὶ
800 4539 1093 4610 ὲπετάσθη,
1123 4558 1140 4590 ι
1160 4538 1487 4593 αἰνίττεσθαί
1516 4556 1604 4609 μοι
1626 4539 1773 4592 δοκεῖ
1804 4551 1836 4604 Ι]

1830 4554 2018 4602 imam
2056 4546 2196 4598 servi
2239 4540 2594 4612 accipiens".
2629 4558 2646 4590 ι
2680 4536 2814 4590 lllud
2854 4540 3035 4588 autem
3068 4570 3082 4595 ,
3127 4549 3145 4581 ι
3183 4525 3441 4584 Ascendit

222 4627 303 4696 τὴν
323 4632 404 4682 ἐπὶ
432 4631 524 4684 τοῦ
552 4629 695 4684 Θεοῦ
717 4630 869 4703 δόξαν
898 4631 1360 4694 ἀποκατάστασιν,
1387 4631 1451 4702 ἣν
1476 4631 1768 4702 πεποίηται

1877 4649 2041 4702 super
2062 4631 2366 4694 cherubim,
2399 4636 2454 4685 et
2482 4629 2708 4690 volavit,
2744 4645 2762 4678 ι
2798 4623 3108 4694 signiticare
3127 4619 3258 4673 mihi
3292 4615 3441 4670 vide-

225 4718 508 4787 ἁγγελικαῖς
567 4724 666 4776 καὶ
721 4723 891 4787 θείαις
947 4723 1206 4793 δυνάμεσι
1265 4721 1762 4794 δορυφορούμενος’

1874 4733 1982 4787 tur,
2014 4725 2156 4794 quod
2199 4724 2384 4794 gloria:
2423 4721 2517 4776 Dei
2546 4726 2694 4774 esset
2737 4713 3131 4776 restituendus,
3175 4717 3338 4779 atque
3369 4708 3451 4761 in-

223 4807 246 4860 ὃ
273 4812 352 4862 καὶ
398 4814 527 4866 αύτὸ
559 4811 851 4884 δηλοῦσθαι
883 4831 972 4884 μοι
1001 4813 1144 4866 δοκεῖ
1165 4813 1249 4868 διά
1277 4813 1396 4866 τοῦ·
1417 4833 1435 4866 ι
1461 4813 1762 4884 Ἐπτάσθη

1873 4818 2030 4872 terim
2087 4816 2348 4887 angelicis
2402 4813 2713 4882 divinisque
2757 4807 2930 4879 copiis
2985 4801 3374 4872 constipandus
3423 4812 3439 4849 :

226 4897 299 4950 ἐπὶ
325 4904 601 4974 πτερύγων
645 4905 880 4975 ἀνέμων.
913 4923 930 4955 ι
969 4905 1041 4957 Τὸ
1075 4905 1130 4957 δὲ
1158 4905 1346 4968 σκότος
1371 4904 1762 4977 τεθεῖσθαιτὴν

1869 4907 2014 4979 quod
2055 4909 2182 4962 item
2223 4906 2353 4962 mihi
2395 4904 2674 4958 declarare
2703 4900 2834 4954 illud
2872 4897 3086 4951 videtur
3125 4913 3138 4948 :
3172 4913 3190 4943 ι
3231 4891 3440 4946 Volavit

225 4989 514 5066 ἀποκρυφὴν
546 4994 740 5054 αὐτοῦ,
779 4996 871 5052 καὶ
896 4995 1091 5064 γνόφον
1122 4995 1225 5048 ὑπὸ
1252 4997 1376 5058 τοὺς
1416 4995 1577 5060 πόδας
1603 4996 1770 5050 αὑτοῦ

1870 5017 2034 5071 super
2060 5014 2268 5071 pennas
2296 5006 2603 5059 ventorum.
2638 5015 2656 5046 ι
2687 4993 2844 5064 Quod
2868 4998 3046 5045 autem
3082 4987 3336 5042 tenebras
3366 4984 3467 5036 la-.

226 5079 468 5149 λέγεσὺαι,
521 5086 932 5158 παραστατικὸν
977 5085 1043 5140 ἂν
1103 5087 1188 5157 εἴη
1229 5087 1328 5157 τῆς
1385 5088 1616 5158 κρυφίου
1675 5087 1770 5142 καὶ

1867 5093 2100 5148 tibulum
2147 5107 2306 5146 suum
2337 5089 2604 5159 posuerit,
2636 5098 2688 5142 et
2741 5085 3026 5154 caliginem
3073 5081 3174 5135 sub
3213 5077 3441 5148 pedibus

226 5173 504 5248 ἀπορρήτου
560 5179 895 5248 οἰκονομίας,
938 5180 1055 5232 καθ’
1089 5181 1154 5250 ἢν
1193 5180 1365 5232 ταῦτα
1409 5181 1584 5234 πάντα
1622 5180 1769 5251 αὐτῷ

1868 5183 1987 5250 ejus
2021 5181 2236 5243 dixerit,
2261 5180 2519 5236 nimirum
2552 5178 2657 5229 huc
2695 5177 2782 5237 sit,
2827 5172 3092 5227 occultam
3120 5177 3172 5221 et
3204 5166 3447 5221 incil'abi-

225 5263 444 5320 ἐτελεῖτο.
488 5287 507 5318 ι
545 5267 750 5338 Κύκλῳ
797 5269 854 5322 δὲ
878 5269 1042 5329 αὐτοῦ
1077 5273 1108 5341 ἡ
1167 5271 1336 5341 σκηνὴ
1372 5271 1558 5334 αὑτοῦ,
1597 5292 1615 5324 ι
1647 5274 1767 5326 τίνα

1869 5278 1972 5330 lem
2014 5273 2478 5344 dispensationem
2525 5267 2842 5328 indicantis,
2901 5261 3202 5318 secundum
3252 5274 3439 5329 quam,

224 5351 444 5422 λέγεσθαι
502 5362 772 5432 προσήκει
809 5361 1036 5432 νοεῖν,ῆ
1090 5362 1188 5430 τὴν
1235 5362 1396 5428 ἁγίαν
1455 5361 1617 5414 αὑτοῦ
1677 5364 1768 5416 καὶ

1874 5369 2126 5422 universa
2176 5367 2289 5420 hate
2319 5366 2388 5418 ab
2423 5367 2544 5434 ipso
2590 5359 2828 5432 perfecta
2856 5363 2983 5411 sunt
3017 5371 3029 5406 :
3064 5352 3208 5422 quod
3261 5359 3439 5405 autem

223 5449 483 5522 καθολικὴν
516 5453 864 5523 Ἐκκλησίαν,
895 5455 1002 5506 εἴτε
1024 5453 1123 5524 τὴν
1157 5454 1246 5506 ἐπὶ
1262 5454 1356 5524 τῆς
1376 5455 1498 5523 γῆς,
1532 5454 1640 5514 είτε
1673 5453 1771 5526 τὴν

1878 5478 1896 5510 ι
1934 5459 1992 5514 In
2023 5458 2254 5514 circuitu
2310 5457 2430 5525 ejus
2461 5452 2871 5510 tabernaculum
2905 5448 3025 5517 ejus
3057 5465 3075 5498 ι
3111 5445 3316 5498 dictum
3349 5442 3440 5505 sit,

221 5539 269 5590 έν
290 5543 552 5614 οὐρανοῖς
601 5547 757 5616 Ἑξῆς
787 5545 843 5599 δὲ
872 5546 1013 5600 κατά
1040 5548 1128 5606 τὸν
1160 5548 1318 5600 αὑτὸν
1347 5548 1557 5619 ψαλμὸν
1592 5548 1772 5601 τελευ-

1870 5553 2004 5607 nihil
2050 5566 2150 5619 ego
2199 5550 2346 5604 aliud
2397 5547 2626 5618 intelligi
2665 5551 2920 5614 oportere
2969 5540 3226 5600 arbitror,
3277 5550 3439 5606 quam

220 5633 311 5686 τῶν
330 5639 355 5687 ὁ
371 5637 543 5706 λόγος,
566 5639 706 5708 ὁμοῦ
732 5639 1057 5710 παραίτησιν
1078 5640 1172 5698 τοῦ
1201 5642 1465 5714 προτέρου
1500 5641 1649 5706 λαοῦ,
1679 5643 1771 5699 καὶ

1872 5648 2117 5699 sanctam
2164 5641 2340 5712 ipsius
2369 5647 2423 5696 et
2455 5637 2783 5694 catholicam
2813 5631 3142 5697 Ecclesiam,
3175 5629 3289 5684 sive
3321 5641 3439 5682 eam

279 5809 315 5841 "
344 5811 481 5869 l’sal.
513 5830 652 5880 xvtt,
689 5815 870 5871 10·ιὲ.
953 5818 994 5849 ’³
1031 5815 1259 5882 Philipp.
1293 5832 1352 5880 ιι,
1381 5816 1436 5873 6.
