4080 6416
589 361 697 416 ιιε

1229 352 1497 411 ausam:
1520 306 1998 409 CESARIENSIS
2034 349 2175 405 ore,

2278 347 2408 405 ΑΚΒ
2439 347 2504 403 ll.
2541 378 2613 391 -—
2644 344 3141 403 APOLOGETICA.

3741 350 3837 404 ιιε

591 498 713 553 quae
738 484 793 537 in
818 480 1001 546 terris,
1035 479 1151 535 sive
1186 492 1307 531 eam
1340 491 1462 547 quae
1492 476 1548 531 in
1579 476 1721 531 cmlo
1746 483 1997 531 versatur
2031 473 2175 528 acci-

2278 472 2374 543 τὴν
2430 471 2625 542 κλῆσιν
2666 471 2775 524 τῶν
2821 467 2990 523 ἐθνῶν
3041 466 3415 541 προθεσπίζει,
3454 466 3525 520 δι’
3567 460 3645 521 ὧν
3684 485 3833 540 φησι·

594 578 731 645 pias.
767 572 1032 641 Deinceps
1051 585 1181 625 vero
1206 570 1262 623 in
1291 569 1482 624 eodem
1515 566 2038 638 psalmoubi-oratio
2068 575 2174 619 ter-

593 669 854 732 minatur,
877 667 1038 720 simul
1070 672 1123 720 et
1148 662 1493 732 rejectionem
1523 661 1721 732 prioris
1751 660 1956 731 pepuli,
1988 665 2043 713 et
2076 673 2174 711 vo-

592 761 863 815 cationem
894 759 1135 829 gentium
1166 753 1611 826 praedivinat,liis
1635 752 1817 807 verbis
1842 768 1857 803 :
1901 768 1920 801 ι
1958 748 2173 818 Eripies

595 869 681 909 me
710 854 777 910 de
822 850 1349 909 contradictionibus
1398 847 1609 919 populi,
1646 844 1951 900 constitues
1995 856 2083 895 me
2112 840 2170 893 in

596 958 762 1022 caput
788 947 1052 1019 gentium.
1086 943 1327 1013 Populus
1367 955 1527 1011 quem
1552 953 1661 993 non
1685 935 1917 1007 cognovi
1947 930 2173 988 servivit

598 1019 753 1107 mihi,
802 1042 855 1095 in
912 1037 1102 1092 auditu
1157 1035 1308 1090 auris
1350 1031 1593 1087 obcdivit
1640 1028 1773 1083 mihi
1813 1043 1826 1078 :
1870 1025 1965 1079 lilii
2006 1019 2171 1078 alieni

2281 584 2301 618 ι
2345 562 2509 635 Ῥύσῃ
2531 580 2598 634 με
2620 561 2680 628 εξ
2697 560 3013 630 ἀντιλογιῶν
3032 559 3184 626 λαοῦ,
3201 560 3565 629 καταστήσεις
3588 562 3839 630 μεείςχε.

2276 655 2450 725 φαλάς
2476 652 2665 708 ἐθνῶν.
2696 652 2837 716 Λαὸς
2866 651 2927 705 ὃν
2959 651 3059 705 ούκ
3085 650 3256 719 ἔγνων
3285 648 3563 704 ἐδούλευσέ
3596 666 3707 720 μοι,
3741 651 3838 704 υίοὶ

2274 746 2540 819 ἀλλότριοι
2572 743 2869 806 ἐψεύσαντό
2915 760 3027 814 μοι,
3060 742 3168 795 υίοὶ
3200 741 3471 814 ἀλλότριοι
3504 739 3839 814 ἐπαλαιώθηο

2276 855 2395 904 σαν,
2428 837 2520 890 καὶ
2545 833 2816 907 ὲχώλαναν
2854 834 2962 888 ἀπὸ
2986 834 3095 887 τῶν
3127 832 3328 904 τρίϐων
3356 831 3558 887 αὑτῶν.
3603 849 3624 884 ο
3661 830 3838 886 Ταῦτα

2274 927 2331 981 δέ
2358 926 2546 990 ὁποίας
2568 925 2808 989 διανοίας
2840 923 3043 997 εχεται,
3060 923 3205 978 κατὰ
3230 922 3321 978 τὸν
3349 923 3699 996 προσήκοντα
3736 940 3841 977 καιο

2278 1017 2372 1090 ρὸν
2396 1014 2837 1086 ἐξετασθήσεται.

597 1102 812 1195 mentiti
862 1145 992 1191 sunt
1037 1131 1193 1198 mihi,
1241 1130 1337 1185 lilii
1384 1126 1545 1183 alieni
1595 1123 1881 1180 inveterati
1915 1129 2065 1182 sunt,
2115 1123 2170 1173 et
2197 1113 2642 1170 claudicaverunt
2669 1126 2700 1165 a
2730 1110 2941 1168 semitis
3000 1109 3205 1166 suis“.
3247 1127 3269 1163 ο
3321 1106 3449 1164 Haec
3468 1116 3649 1165 autem
3705 1102 3840 1180 quo-

598 1250 725 1291 nam
782 1247 948 1290 sensu
974 1231 1291 1300 accipienda
1328 1227 1459 1288 sint,
1487 1237 1590 1279 suo
1619 1231 1863 1291 tempore
1889 1213 2271 1288 inquirendum
2311 1226 2340 1264 a
2364 1208 2522 1264 nobis
2550 1208 2676 1263 erit.

1113 1341 1278 1413 259
1316 1335 1543 1395 CAPUT
1584 1334 1651 1392 ιι.

602 1462 644 1517 Α
678 1460 883 1529 psalmo
907 1472 1049 1529 aut.
1083 1484 1154 1496 —
1179 1456 1442 1529 Ascensus
1472 1451 1566 1505 Dei
1595 1451 1685 1520 qui
1710 1450 1860 1519 prius
1890 1444 2172 1529 descende-

673 1521 756 1585 rat
782 1545 800 1583 :
829 1546 891 1583 ac
912 1527 1151 1593 deinceps
1186 1525 1389 1579 vacatio
1429 1531 1740 1593 cunctarum
1768 1521 2024 1590 gentium,
2055 1532 2172 1587 qua:

674 1613 833 1652 unum
855 1609 903 1653 et
935 1592 1107 1652 solum
1139 1594 1307 1653 Deum
1342 1602 1494 1648 erant
1524 1592 1834 1662 cognitane.

677 1709 697 1744 ι
731 1693 929 1746 Omnes
954 1696 1165 1762 gentes,
1215 1686 1454 1757 plaudite
1485 1683 1762 1747 manibus,
1796 1679 2025 1752 jubilate
2062 1677 2173 1733 Deo

600 1782 652 1839 ir
692 1779 1252 1843 voce'exsultationis,
1284 1776 1541 1848 quoaiam
1556 1772 1820 1828 Dominus
1845 1770 2168 1833 altissimus,

2813 1322 3208 1377 ΚΕΦΑΛΔῙΟΝ
3243 1322 3322 1376 B’.

2280 1452 2531 1523 Ψαλμοῦ
2562 1460 2677 1575 μᾷ.
2708 1483 2781 1496 —-
2811 1452 3121 1519 Ἀγάϐασις
3150 1450 3299 1506 Θεοῦ
3330 1449 3845 1521 προκατεληλυθό-

2349 1542 2470 1575 του.
2487 1542 2563 1575 κα
2604 1523 2926 1575 ἐπίκλησιο
2952 1522 3142 1575 ἐθνῶν
3161 1520 3463 1575 ἁπάντων.
3490 1522 3598 1575 τὸν
3618 1519 3727 1574 ἕνα
3752 1519 3845 1573 καί

2349 1519 2470 1589 τοξι,
2487 1519 2586 1577 καὶ
2604 1519 2926 1590 ἐπίκλησις
2952 1522 3142 1577 ἐθνῶν
3161 1519 3463 1586 ἁπάντων,
3490 1522 3598 1575 τὸν
3618 1519 3727 1574 ἕνα
3752 1519 3845 1573 και

2346 1595 2537 1663 μόνον
2561 1594 2706 1648 Θεὸν
2737 1592 3249 1663 ἐπιγνωσομένων.

2352 1704 2371 1736 ι
2400 1685 2583 1740 Πάντα
2610 1684 2681 1738 τὰ
2704 1684 2828 1756 ἔθνη
2861 1685 3164 1758 κροτήσατε
3192 1686 3378 1755 χεῖρας
3397 1722 3411 1748 ,
3448 1680 3750 1746 άλαλάξατε
3774 1679 3848 1753 τῷ

2275 1775 2392 1847 Θεῷ
2423 1778 2481 1830 ἐν
2513 1780 2661 1850 φωνῇ
2693 1776 3061 1846 ἀγαλλιάσεως
3081 1816 3095 1836 .
3117 1778 3198 1830 ὅτι
3237 1774 3440 1847 Κύριος
3464 1773 3720 1844 ὕψιστος,
3758 1789 3849 1842 φο-

600 1872 885 1936 terribilis,
920 1887 1013 1927 rex
1046 1885 1275 1940 magnus
1319 1883 1482 1938 super
1526 1880 1742 1920 onmem
1776 1871 1997 1918 terram.
2027 1860 2173 1915 Sub-

2278 1868 2452 1941 6ερὸς,
2486 1868 2735 1939 βασιλεὺς
2768 1869 2938 1940 μέγας
2972 1868 3062 1923 ἐπί
3094 1869 3276 1921 πᾶσαν
3299 1866 3399 1938 τὴν
3429 1866 3553 1937 γῆν.
3584 1864 3847 1930 Ὑπέταξε

600 1963 730 2036 iecit
764 1964 991 2033 populos
1023 1962 1199 2025 nobis,
1228 1968 1281 2016 et
1298 1969 1489 2031 gentes
1516 1958 1617 2014 sub
1644 1955 1877 2028 pedibus
1912 1954 2118 2009 nostris
2153 1972 2167 2009 :

601 2056 763 2126 elegit
792 2053 951 2109 nobis
978 2051 1346 2106 hmreditatem
1390 2049 1515 2112 sibi,
1545 2047 1780 2118 speciem
1812 2044 1982 2099 Iacob
2006 2058 2170 2113 quam

603 2146 811 2201 dilexit.
862 2143 1121 2200 Ascendit
1149 2143 1291 2199 Deus
1319 2145 1373 2197 in
1396 2141 1593 2212 juhilo,
1631 2137 1895 2195 Dominus
1938 2136 1995 2190 in
2044 2149 2174 2189 voce

604 2239 768 2293 tubaz.
804 2236 1025 2292 Psallite
1083 2235 1193 2291 Deo
1240 2243 1454 2299 nostro,
1488 2233 1739 2304 psallite,
1800 2229 2015 2301 psallite
2058 2226 2172 2298 regi

605 2339 814 2393 nostro,
847 2330 1080 2400 psallite.
1117 2327 1373 2398 quoniam
1422 2341 1517 2380 rex
1561 2324 1743 2379 omnis
1799 2330 1960 2376 terra:
2008 2317 2172 2382 Deus,

604 2423 819 2494 psallite
870 2422 1184 2493 sapienter:
1247 2419 1495 2490 regnavit
1546 2416 1691 2472 Deus
1744 2430 1909 2485 super
1963 2419 2172 2483 gentes,

603 2513 746 2569 Deus
777 2512 926 2567 sedet
968 2527 1133 2583 super
1152 2510 1337 2566 sedem
1372 2520 1616 2565 sanctam
1668 2520 1847 2561 suam.
1894 2501 2177 2571 Principes

603 2604 927 2674 populorum
988 2601 1302 2672 congregati
1364 2608 1494 2654 sunt
1541 2614 1664 2654 cum
1711 2596 1821 2650 Deo
1858 2592 2129 2646 Abraham
2158 2630 2172 2652 ,

603 2693 860 2765 quoniam
904 2692 1076 2763 ipsius
1105 2691 1201 2747 Dei
1255 2692 1424 2747 fortes
1450 2709 1477 2745 a
1513 2699 1656 2745 terra
1685 2687 2035 2743 vehementer
2062 2682 2176 2737 ele—

603 2786 713 2839 vati
744 2792 874 2841 sunt
906 2787 971 2842 ¹⁸.
1006 2805 1025 2837 ι
1062 2784 1203 2851 Quid
1226 2783 1444 2837 tandem
1476 2781 1620 2835 aliud
1653 2793 1763 2849 pra:
1793 2792 1851 2832 se
1871 2774 2014 2830 ferre
2062 2773 2178 2828 vult

604 2878 653 2933 is
679 2876 890 2933 Domini
922 2893 985 2932 ac
1022 2877 1115 2932 Dei
1159 2890 1445 2937 ascensus,
1495 2874 1587 2943 qui
1622 2872 1771 2926 hisce
1802 2867 1983 2923 verbis
2008 2880 2177 2935 expo-

603 2973 743 3024 situs
762 2977 867 3031 est,
898 2983 1058 3039 quam
1099 2976 1259 3021 antea
1290 2964 1639 3021 descendisse
1693 2975 1816 3016 eum
1844 2999 1860 3023 ,
1903 2958 1996 3028 qui
2031 2972 2177 3014 nunc

606 3059 904 3116 ascendat?
935 3068 1057 3131 post
1083 3075 1243 3130 quem
1278 3075 1411 3114 sane
1433 3071 1747 3117 ascensum,
1777 3053 2177 3122 proliuus‘gcn-

605 3154 739 3207 tium
767 3159 1088 3206 cunctarum
1137 3151 1352 3206 vocatio
1408 3148 1644 3210 canitur,
1677 3143 2076 3211 bilaritatisque
2110 3154 2175 3192 ac

607 3244 806 3298 laetitia:
837 3243 1014 3311 signa,
1045 3250 1172 3312 post
1201 3257 1321 3297 eam
1343 3256 1464 3311 qua:
1494 3242 1846 3307 exspectatur
1870 3232 1961 3287 Dei
1981 3229 2173 3301 cogni-

605 3336 832 3396 tionem,
868 3334 1181 3389 nationibus
1215 3331 1487 3386 universis
1536 3323 1875 3383 nuntiatur?
1931 3319 2179 3392 quando-

604 3424 823 3496 quidem
878 3423 1056 3491 ipsum
1083 3419 1371 3476 Dominum
1413 3419 1740 3474 altissimum
1760 3453 1775 3478 ,
1805 3426 1966 3483 quem
1999 3410 2176 3465 solum

608 3516 776 3569 Deum
806 3528 871 3569 ac
898 3529 1079 3584 regem
1109 3513 1375 3567 universae
1399 3520 1560 3567 terra:
1593 3512 1883 3569 confessus
1910 3522 2013 3575 est,
2047 3509 2180 3566 sub-

603 3609 874 3674 iecturum
920 3607 1081 3663 nobis
1136 3605 1364 3676 populos
1410 3603 1543 3658 dicit
1575 3622 1588 3656 :
1626 3605 1784 3659 nobis
1820 3610 2023 3667 autem,
2054 3601 2179 3672 qui-

608 3701 712 3756 bus
741 3699 765 3752 ‘l
792 3700 876 3753 his
903 3714 1054 3762 sane,
1084 3699 1177 3767 qui
1209 3696 1323 3751 haec
1355 3697 1471 3766 ipsa
1506 3696 1787 3751 vaticinati
1812 3703 1941 3750 sunt
1973 3714 1986 3749 :
2031 3693 2178 3764 quod

608 3792 786 3863 ipsum
839 3790 1057 3861 quidem
1080 3790 1193 3859 jam
1224 3803 1371 3843 nunc
1400 3788 1731 3857 completum
1777 3789 1934 3857 plane
1980 3772 2178 3841 intueri

609 3886 754 3945 licet,
778 3882 993 3954 quando
1020 3893 1225 3953 gentes.
1252 3895 1372 3950 qua:
1392 3880 1446 3932 in
1478 3880 1682 3934 Christi
1710 3878 1867 3934 ﬁdem
1889 3886 2177 3943 venerunt,

610 3991 802 4032 omnes
845 3975 1084 4030 oraculis
1126 3973 1514 4043 prophetarum
1572 3973 1801 4027 abdictze
1860 3979 2007 4026 sunt.
2055 3970 2180 4026 Haec

607 4075 789 4122 tamen
814 4068 1025 4132 eadem,
1048 4068 1210 4123 etiam
1228 4083 1295 4122 ex
1318 4066 1688 4136 apostolorum
1734 4061 2036 4118 Salvatoris
2082 4079 2182 4118 no-

613 4161 713 4215 stri
753 4174 984 4231 persona
1020 4159 1128 4214 dici
1158 4166 1412 4230 possunt,
1437 4158 1530 4229 qui
1562 4155 1780 4227 quidem
1813 4155 1865 4209 id
1897 4157 1972 4209 ita
2003 4171 2179 4210 enun-

611 4252 750 4306 tient
776 4268 789 4305 :
824 4268 843 4301 ι
866 4249 1039 4321 Elegit
1066 4251 1221 4305 nobis
1246 4249 1613 4304 [nereditatem
1642 4261 1799 4301 suam
1832 4263 1845 4300 :
1878 4264 1897 4298 ι
1924 4253 2181 4300 caeterum

612 4358 775 4413 quam
804 4344 1019 4398 tandem
1075 4341 1441 4396 hmrcditatem
1475 4339 1724 4409 accipere
1774 4345 2027 4407 oportet,
2077 4336 2182 4392 nisi

609 4435 947 4491 vocationem
983 4435 1222 4505 gentium
1247 4431 1841 4500 universarum?quam
1877 4432 1994 4500 ipse
2023 4429 2183 4484 Chri-

2272 1960 2431 2026 λαοὺς
2455 1963 2617 2033 ἡμῖν,
2665 1961 2761 2015 καὶ
2788 1960 2914 2034 ἔθνη
2957 1959 3062 2016 ὑπὸ
3106 1961 3235 2026 τοὺς
3265 1960 3431 2024 πόδας
3462 1958 3646 2031 ἡμῶν·
3676 1957 3850 2025 ἐξελέ-

2275 2048 2401 2115 ξατο
2428 2053 2559 2122 ἡμῖν
2585 2052 2684 2123 τὴν
2712 2050 3076 2123 κληρονομίαν
3108 2048 3307 2120 ἐαυτῷ,
3337 2049 3435 2121 τὴν
3460 2047 3725 2120 καλλονὴν
3754 2048 3852 2101 Ἰα-

2274 2141 2423 2207 κὼό,
2471 2142 2537 2215 ἣν
2588 2143 2895 2213 ἠγάπησεν.
2948 2142 3139 2214 Ἀνέϐη
3174 2143 3202 2195 6
3245 2141 3378 2206 Θεὸς
3413 2144 3471 2195 ἐν
3514 2139 3850 2212 ἀλαλαγμῷ,

2274 2233 2475 2305 Κύριος
2517 2236 2574 2288 ὲν
2607 2237 2756 2305 φωνῇ
2792 2233 3111 2303 σάλπιγγος.
3140 2234 3358 2288 Ψάλατε
3389 2233 3467 2304 τῷ
3507 2232 3627 2303 Θεῷ
3653 2233 3814 2305 ήμῶν
3835 2270 3850 2295 ,

2273 2325 2497 2396 ψάλατε,
2532 2325 2738 2396 ψάλατε
2764 2324 2841 2396 τῷ
2872 2324 3081 2395 βασιλεῖ
3111 2324 3288 2397 ἡμῶν,
3327 2323 3556 2394 ψάλατε,
3591 2324 3673 2377 ὃτι
3705 2322 3856 2392 βασι-

2274 2416 2399 2481 λεὺς
2424 2417 2601 2489 πάσης
2628 2417 2727 2487 τῆς
2756 2417 2861 2487 γῆς
2892 2419 2920 2471 6
2947 2417 3099 2481 Θεὸς,
3132 2416 3338 2487 ψάλατε
3368 2416 3606 2479 συνετῶς
3627 2432 3643 2446 ·
3671 2415 3856 2468 ἐϐασί-

2275 2507 2465 2560 λευσεν
2486 2508 2514 2558 6
2543 2508 2675 2573 Θεὸς
2702 2508 2793 2560 ἐπὶ
2830 2507 2898 2560 τὰ
2940 2508 3067 2577 ἔθνη
3086 2524 3099 2537 ο
3134 2509 3163 2561 6
3186 2506 3319 2571 Θεὸς
3343 2505 3578 2578 κάθηται
3606 2504 3700 2559 ἐπὶ
3735 2505 3857 2577 θρό-

2277 2615 2368 2652 νου
2402 2600 2557 2669 ἁγίου
2591 2599 2777 2653 αὑτοῦ.
2819 2601 3113 2672 ’Ἄρχοντες
3151 2598 3294 2652 λαῶν
3335 2598 3679 2670 συνήχθησαν
3717 2596 3856 2669 μετά

2275 2688 2370 2743 τοῦ
2403 2690 2536 2744 Θεοῦ
2585 2689 2857 2762 Ἀϐραὰμ,
2888 2691 2968 2744 ὅτι
2990 2689 3084 2743 τοῦ
3106 2688 3239 2743 Θεοῦ
3265 2691 3313 2742 oi
3346 2689 3595 2760 κραταιοι
3620 2687 3725 2757 τῆς
3758 2687 3857 2760 γῆς

2280 2780 2484 2853 σφόδρα
2517 2780 2855 2853 ἐπήρθησαν.
2896 2801 2914 2834 ι
2952 2781 3063 2835 Καὶ
3093 2781 3144 2834 τί
3169 2780 3357 2851 ἕτερον
3383 2778 3630 2850 βούλεται
3663 2777 3859 2850 σημαί-

2277 2889 2389 2925 νειν
2421 2874 2453 2944 η
2491 2872 2578 2926 διὰ
2605 2873 2809 2926 τούτων
2845 2873 3148 2945 δηλουμένη
3206 2871 3409 2943 Κυρίου
3473 2871 3566 2925 τοῦ
3593 2871 3731 2924 Θεοῦ
3769 2871 3859 2925 ἄν·

2275 2964 2413 3029 οδος,
2447 2965 2479 3037 ἦ
2512 2967 2610 3038 τὴν
2642 2965 2746 3037 πρὸ
2762 2966 2862 3035 τῆς
2888 2965 3075 3019 ἀνόδου
3104 2963 3327 3018 κάθοδον
3357 2962 3553 3029 αὑτοῦς
3582 2965 3668 3032 ἐφ’
3757 2963 3861 3018 πά-

2276 3058 2359 3110 λιν
2392 3059 2424 3129 ἡ
2448 3058 2555 3111 τῶν
2583 3058 2750 3111 ἐθνῶν
2773 3058 2989 3112 πάντων
3012 3058 3205 3128 κλῆσις
3233 3057 3565 3122 θεσπίζεται,
3594 3059 3779 3128 χαρᾶς
3801 3074 3860 3111 τε

2279 3150 2371 3203 καὶ
2406 3149 2743 3222 εὐφροσύνης
2785 3153 2984 3222 σημεῖα
3024 3151 3117 3203 ἐπὶ
3152 3152 3219 3221 τῇ
3258 3148 3524 3222 μελλούσῃ
3558 3148 3863 3220 θεογνωσέᾳ

2276 3244 2390 3305 τοῖς
2417 3241 2624 3296 ἔθνεσιν
2655 3242 2857 3296 ἅπασιν
2894 3239 3325 3309 εὐαγγελίζεται,
3357 3241 3446 3294 ὅτε
3469 3240 3673 3312 Κύριος
3691 3240 3862 3304 αὐτὸς

2277 3333 2306 3386 6
2336 3331 2559 3400 ὑφιστος
2580 3372 2594 3396 ,
2625 3333 2784 3403 μόνος
2813 3333 2946 3397 Θεὸς
2977 3332 3071 3386 καὶ
3103 3331 3356 3403 βασιλεὺς
3383 3332 3596 3402 ἁπάσης
3629 3333 3733 3403 τῆς
3762 3333 3864 3401 γῆς

2276 3422 2631 3493 ὁμολογηθεὶς
2651 3463 2665 3485 ,
2698 3423 2988 3490 ὑποτάξειν
3024 3425 3186 3488 λαοὺς
3225 3426 3356 3495 ἡμῖν
3388 3423 3656 3478 λέλεκται.
3692 3424 3863 3495 Ἡμῖν

2276 3516 2334 3569 δὲ
2365 3517 2507 3569 τίσιν
2556 3516 2588 3587 ἢ
2619 3516 2818 3588 δηλαδὴ
2872 3519 2984 3580 τοῖς
3008 3516 3181 3570 ταῦτα
3200 3517 3667 3588 προφητεύουσινζ
3702 3518 3740 3570 ὅ
3769 3518 3865 3571 καὶ

2278 3607 2424 3661 ἔστιν
2456 3609 2698 3679 ἐναργῶς
2732 3610 2857 3662 ἰδεῖν
2892 3609 3336 3681 πεπληρωμένον,
3361 3612 3450 3664 ὅτε
3481 3610 3659 3664 πάντα
3686 3610 3766 3664 τὰ
3788 3613 3866 3674 είς

2278 3702 2513 3773 Χριστὸν
2540 3702 2944 3755 πεπιστευκότα
2985 3702 3111 3775 ἔθνη
3138 3706 3250 3767 τοῖς
3291 3702 3468 3771 λόγοις
3502 3702 3608 3755 τῶν
3640 3719 3866 3776 προφη-

2278 3793 2386 3847 τῶν
2417 3793 2795 3848 ὑποτέτακται.
2838 3794 3064 3863 Λέγοιτο
3088 3794 3134 3847 δ’
3163 3794 3229 3848 ἂν
3260 3796 3431 3848 ταῦτα
3458 3795 3552 3848 καὶ
3585 3796 3649 3848 ἐκ
3680 3811 3862 3868 προσ-

2279 3886 2429 3940 ώπου
2474 3886 2583 3939 τῶν
2629 3887 2943 3941 ἀποστόλων
2985 3886 3081 3941 τοῦ
3130 3888 3383 3960 Σωτῆρος
3427 3888 3614 3961 ἡμῶν,
3661 3889 3716 3943 οἶ
3771 3891 3867 3943 καὶ

2280 3980 2485 4034 εἴποιεν
2522 3978 2589 4034 ἂν
2620 3980 2701 4033 τόσ
2752 3999 2768 4031 ι
2812 3979 3127 4045 Ἐξελέξατο
3179 3983 3312 4052 ἡμῖν
3355 3982 3455 4053 τὴν
3492 3981 3866 4055 κληρονομίαν

2281 4069 2494 4124 ἑαυτοῦ.
2530 4089 2547 4120 ι
2580 4069 2962 4142 Κληρονομίαν
2989 4070 3046 4124 δὲ
3073 4070 3237 4124 αὑτοῦ
3267 4070 3387 4125 τίνα
3407 4073 3510 4143 χρὴ
3535 4075 3677 4126 νοεῖν
3700 4074 3738 4145 ἢ
3766 4075 3867 4144 τὴν

2280 4160 2470 4231 κλῆσιν
2493 4159 2601 4213 τῶν
2627 4159 2795 4212 ἐθνῶν
2827 4160 3116 4226 ἁπάντων;
3155 4163 3220 4230 ἦν
3250 4162 3411 4225 αὐτὸς
3434 4164 3462 4216 6
3494 4163 3733 4234 Χριστὸς
3767 4163 3865 4219 τοῦ

2280 4251 2415 4305 Θεοῦ
2471 4253 2742 4324 παριστὰς
2802 4252 3008 4323 ἔφησε·
3068 4272 3088 4304 ε
3132 4253 3333 4325 Κύριος
3383 4250 3502 4307 εἷπε
3563 4256 3701 4326 πρός
3762 4274 3863 4328 με’

2283 4343 2410 4408 Υἱός
2464 4362 2566 4414 μου
2605 4340 2655 4397 εἴ
2684 4346 2768 4408 σὺ,
2794 4344 2904 4413 ἐγὼ
2926 4347 3166 4417 σήμερον
3198 4347 3499 4417 γεγέννηκά
3528 4365 3608 4401 σε.
3628 4348 3866 4420 Αἵτησαι

2284 4436 2409 4507 παρ’
2443 4434 2577 4507 ἐμοῦ
2599 4477 2613 4498 ,
2640 4437 2733 4489 καὶ
2758 4436 2912 4489 δώσω
2942 4455 3021 4490 σοι
3048 4438 3173 4509 ἔθνη
3208 4438 3304 4509 τὴν
3338 4438 3704 4510 κληρονομίαν
3740 4457 3866 4502 σου,

609 4539 725 4586 stus
768 4528 859 4585 Dei
891 4544 1012 4583 cum
1038 4526 1346 4599 significare
1370 4526 1564 4590 vellet,
1597 4525 1673 4578 ita
1703 4524 1778 4577 ait
1812 4542 1824 4578 :
1859 4541 1878 4573 «ι
1915 4522 2175 4577 Dominus

2280 4528 2370 4579 καὶ
2399 4528 2500 4599 τὴν
2527 4527 2853 4597 κατάσχεσίν
2888 4545 2981 4581 σου
3018 4528 3086 4581 τὰ
3117 4532 3325 4601 πέρατα
3367 4531 3466 4601 τῆς
3492 4532 3617 4600 γῆς.
3652 4551 3671 4582 ι
3719 4531 3867 4585 Ταύο

608 4622 746 4676 dixit
776 4620 840 4675 ad
867 4637 970 4683 me,
1003 4618 1177 4673 Filius
1205 4632 1356 4671 meus
1384 4632 1443 4672 es
1476 4625 1555 4679 tu,
1575 4631 1676 4685 ego
1707 4614 1867 4668 hodie
1892 4614 2053 4685 genui
2085 4621 2173 4678 te;

610 4714 825 4786 postula
854 4728 885 4765 a
913 4728 1019 4776 me,
1049 4720 1102 4766 et
1133 4710 1274 4765 dabo
1296 4710 1389 4763 tibi
1422 4717 1611 4779 gentes
1643 4707 2174 4761 hzereditatemtuam

609 4821 664 4866 et
690 4809 1092 4881 possessionem
1118 4813 1265 4857 tuam
1290 4804 1554 4858 terminos
1584 4809 1742 4855 terra
1768 4801 1828 4852 ".
1869 4820 1888 4853 ι
1917 4799 2050 4867 Qua:
2078 4800 2179 4869 igi-

609 4909 698 4955 tur
725 4899 842 4970 ipsa
869 4912 899 4950 a
938 4895 1097 4949 Patre
1130 4894 1255 4948 data
1283 4900 1366 4947 est
1404 4890 1713 4949 hmreditas.
1746 4890 1885 4944 hanc
1913 4891 2178 4960 apostolis

609 4995 722 5051 suis
764 4999 925 5061 atque
957 4986 1238 5058 prOphetis
1289 4983 1454 5054 260
1502 4983 1758 5051 subjecit,
1793 4983 1920 5036 dum
1951 4982 2180 5051 quicun-

608 5098 712 5152 que
739 5081 841 5151 ipsi
860 5080 1089 5134 credunt
1120 5076 1312 5129 horum
1340 5074 1623 5144 praeceptis
1647 5088 1709 5126 ac
1736 5073 1944 5143 legibus
1962 5080 2173 5142 parent,

609 5171 1058 5244 quemadmodum
1073 5167 1319 5237 exposita
1338 5166 1592 5219 vaticinia
1619 5165 1982 5234 praescribunt
2015 5182 2028 5219 :
2062 5166 2177 5220 haec

610 5279 737 5317 vero
758 5269 974 5320 cuncta,
1007 5272 1131 5311 cum
1152 5256 1293 5311 Deus
1310 5254 1545 5310 Verbum
1569 5255 1671 5308 sub
1692 5254 1984 5309 adventum
2015 5271 2174 5310 suum

609 5352 675 5407 ad
696 5350 961 5412 homines,
1006 5346 1361 5416 compleverit
1386 5361 1449 5399 ac
1478 5345 1801 5415 perfecerit,
1836 5344 1904 5399 de
1925 5360 2034 5416 quo
2069 5344 2178 5400 Deo

614 5445 787 5500 Verbo
805 5444 914 5513 jam
946 5442 1103 5512 plura
1128 5439 1507 5505 tractavimus,
1538 5446 1657 5492 tum
1691 5438 1939 5493 ascendit
1990 5439 2048 5493 in
2092 5438 2181 5507 ju-

611 5537 740 5603 bilo,
770 5534 914 5606 quod
941 5533 1159 5605 quidem
1193 5546 1316 5585 cum
1355 5527 1651 5599 Apostolus
1707 5529 2177 5599 interpretaretur,

612 5627 684 5682 ita
733 5628 849 5681 ait:
883 5644 903 5678 ι
938 5623 1093 5692 Quod
1145 5631 1326 5678 autem
1362 5621 1691 5683 ascenderit,
1743 5620 1875 5691 quid
1928 5630 2033 5685 est,
2076 5622 2182 5697 nisi

2276 4638 2374 4691 την
2408 4616 2498 4675 οὖν
2520 4620 2617 4691 τὴν
2651 4620 2757 4673 ὑπὸ
2794 4620 2889 4673 τοῦ
2933 4622 3145 4693 Πατρὸς
3170 4622 3458 4693 δεδομένην
3484 4622 3636 4693 αύτῴ
3659 4624 3867 4696 κληρο-

2278 4713 2500 4783 νομίαν,
2534 4712 2768 4779 ὑπέταξε
2798 4715 2909 4776 τοῖς
2948 4714 3262 4775 ἀποστόλοις
3293 4713 3457 4767 αὑτοῦ
3504 4715 3599 4768 καὶ
3641 4721 3867 4787 προφή-

2277 4820 2398 4867 ταις
2418 4844 2432 4866 ,
2466 4803 2542 4873 τῷ
2572 4807 2696 4869 τοὺς
2735 4807 2813 4868 εἰς
2858 4806 3019 4858 αὑτὸν
3051 4807 3480 4870 πεπιστευκότας
3510 4811 3624 4871 τοῖς
3652 4808 3871 4863 τούτων

2281 4895 2644 4966 ὑποτετάχθαι
2690 4897 2901 4965 λόγοις,
2954 4897 3261 4962 ἀκολούθως
3310 4901 3420 4961 τοῖς
3473 4902 3871 4971 προκειμένοις

2280 4985 2630 5058 θεσπίσμασι.
2685 4989 2796 5041 Καὶ
2838 4988 3011 5043 ταῦτα
3045 4988 3100 5041 δὲ
3149 4989 3324 5043 πάντα
3375 4989 3729 5061 κατορθώσας
3774 4993 3874 5046 ἐπὶ

2278 5079 2379 5151 τῆς
2406 5082 2485 5144 εἰς
2528 5080 2847 5152 ἀνθρώπους
2879 5081 3044 5135 αὑτοῦ
3094 5083 3394 5153 παρουσίας
3423 5085 3453 5135 6
3480 5084 3615 5146 Θεὸς
3646 5086 3867 5153 Λόγος.

2283 5171 2409 5240 περὶ
2447 5166 2508 5225 οὗ
2555 5171 2778 5224 πλεῖστα
2833 5174 2964 5243 ἡμῖν
3019 5172 3359 5242 διείληπται,
3402 5174 3568 5245 ἀνέϐη
3611 5176 3669 5227 ἐν
3723 5177 3872 5229 ἁλα-

2280 5261 2492 5332 λαγμῷ.
2526 5262 2696 5315 Τοῦτο
2737 5262 2793 5316 δὲ
2837 5263 3153 5334 ἑρμηνεύων
3200 5264 3278 5332 (1)
3321 5265 3640 5330 Ἀπόστολός
3672 5282 3819 5336 φησι
3852 5279 3871 5295 ·

2289 5369 2308 5402 ι
2342 5351 2414 5404 Τὸ
2427 5351 2483 5404 δὲ
2506 5352 2671 5423 ἀνέὄη
2691 5351 2742 5403 τί
2765 5353 2934 5414 ἐστιν,
2968 5353 3015 5405 εἰ
3051 5352 3123 5423 μὴ
3145 5354 3227 5406 ὅτι
3257 5355 3349 5407 καὶ
3365 5354 3568 5425 κατέϐη
3603 5356 3877 5426 πρῶτονς

2284 5445 2362 5506 είς
2410 5443 2478 5495 τὰ
2530 5442 2816 5497 κατώτατα
2861 5444 2999 5515 μέρη
3032 5444 3131 5514 τῆς
3165 5446 3266 5516 γῆς
3302 5448 3330 5499 6
3361 5445 3641 5512 καταϐὰς,
3692 5449 3880 5513 αὑτός

2285 5535 2403 5585 ἐστι
2441 5534 2534 5586 καὶ
2558 5535 2587 5586 ό
2614 5534 2819 5597 ἀναϐὰς
2852 5533 3106 5605 ὑπεράνω
3132 5538 3240 5589 τῶν
3265 5536 3528 5610 οὐρανῶν.
3570 5557 3589 5589 ι
3610 5538 3699 5592 Ἑν
3734 5539 3880 5595 ἁλα-

2285 5621 2482 5694 λαγμῷ
2509 5624 2566 5677 δὲ
2597 5625 2760 5679 αὑτόν
2789 5643 2953 5697 φησιν
2983 5626 3370 5698 ἀνεληλυθέναι
3401 5629 3489 5684 διά
3521 5630 3620 5702 τὴν
3649 5632 3739 5695 εἰς
3782 5633 3885 5689 αῦ-

682 5716 724 5750 ⁸⁸
754 5717 898 5774 Psal.
938 5732 1071 5781 xvu,
1115 5713 1307 5769 ιιι-46.
1382 5714 1425 5746 ⁸³
1457 5711 1600 5768 Psal.
1655 5728 1804 5779 nvi,
1835 5713 1987 5769 2-l0.
2069 5714 2111 5748 ³⁸
2145 5712 2175 5768 P

2278 5756 2290 5770 .
2329 5732 2402 5777 ιι,
2453 5716 2504 5779 7,
2541 5716 2594 5771 8.

685 5812 764 5872 (ιι
790 5810 1141 5867 θεεζᾶειαιιπ
1171 5812 1218 5865 6.
1261 5808 1422 5865 Εοιτ.
