4080 6416
365 365 466 422 ιιτ

1324 365 1969 423 DEMONSTRATIONIS
2010 364 2469 423 EVANGELICE
2506 365 2634 422 LIB.
2656 366 2763 423 οτι.

3508 368 3614 425 M3

367 483 455 538 τὸν
500 481 788 551 θεολογίαν
848 481 952 537 τῶν
1013 482 1452 555 δορυφορούντων
1499 482 1662 535 αὐτὸν
1726 481 1926 534 ἀνιόντι

2045 480 2187 551 quod
2211 488 2266 537 et
2288 479 2632 536 descenderit
2664 482 2895 552 primum
2920 481 2973 537 in
3000 481 3217 539 lnllmas
3263 492 3447 554 partes
3496 494 3611 540 ter-

371 573 634 643 ἀγγέλων
663 576 712 629 οἳ
732 577 829 630 καὶ
865 576 1067 644 ελεγον·
1100 594 1117 626 ι
1135 576 1334 646 ’Λρατε
1361 574 1553 639 πύλας,
1580 576 1629 628 οἱ
1651 576 1932 646 ἄρχοντες,

377 667 543 738 ὃμῶν,
560 668 655 719 καὶ
670 667 965 738 ὲπάρθητε,
986 666 1147 719 πύλαι
1164 663 1391 730 αίὼνιοι,
1417 666 1513 719 καὶ
1536 665 1899 719 εἰσελεύσεται
1913 665 1943 718 ὁ

374 758 623 829 βασιλεὺς
670 759 768 829 τῆς
804 759 979 829 δόξης.
1027 778 1045 811 ι
1078 759 1265 830 Φωνὴν
1310 758 1366 811 δὲ
1401 757 1700 826 σάλπιγγος
1731 757 1830 810 οὐκ
1874 756 1941 809 ἂν

372 851 631 923 σφαλείης
660 851 723 904 τὸ
748 853 1005 922 κήρυγμα
1029 849 1198 904 εἰπὼν
1227 850 1289 903 τὸ
1316 848 1691 917 εὐαγγελικὸν,
1732 851 1812 913 είς
1840 850 1942 902 πᾶ·

372 960 468 997 σαν
496 943 771 1013 ἐξηχῆσαν
803 943 900 1014 τὴν
931 943 1274 1012 οἰκουμένην.
1320 940 1526 1003 Παντὸς
1559 940 1668 1010 γὰρ
1710 941 1939 1012 ὀργάνου

372 1034 630 1106 μουσικοῦ
669 1033 1180 1104 μεγαλοφωνοτέρας
1206 1031 1372 1104 οὔσης
1396 1033 1495 1104 τῆς
1525 1031 1841 1101 σάλπιγγος,
1866 1035 1944 1085 ol-

369 1128 528 1190 κείως
575 1126 940 1199 παρείληπται
984 1126 1045 1179 τὸ
1093 1125 1442 1196 παράδειγμα
1485 1126 1565 1188 είς
1599 1126 1940 1196 παράστασιν

367 1216 457 1271 τοῦ
481 1219 700 1271 πάντων
721 1217 828 1270 τῶν
859 1217 916 1283 ἐξ
943 1216 1136 1280 αἰῶνος
1163 1216 1557 1288 κραταιοτέραν
1588 1216 1681 1269 καὶ
1706 1215 1940 1283 μεγαλο-

370 1309 680 1380 φωνοτέραν
717 1308 816 1380 τὴν
843 1310 969 1380 περὶ
1001 1306 1094 1360 τοῦ
1146 1306 1384 1377 Χριστοῦ
1428 1308 1592 1360 πᾶσιν
1636 1305 1941 1377 ἀνθρώποις

368 1399 735 1471 κατηγγέλθαι
762 1399 1126 1464 διδασκαλίαν,
1172 1399 1239 1452 δι’
1262 1395 1330 1472 ἦς
1368 1397 1557 1467 ὥσπερ
1586 1398 1673 1452 διὰ
1708 1398 1938 1467 σάλπιγ-

366 1506 457 1559 γος
502 1494 587 1554 είς
616 1489 939 1555 ἐξάκουστον
978 1491 1197 1544 πάντων
1222 1490 1332 1543 τῶν
1362 1489 1666 1562 ἀνθρώπων
1711 1490 1806 1561 βοᾷ
1847 1491 1939 1543 καὶ

366 1583 606 1653 κέκραγε
650 1581 709 1635 τὸ
749 1581 971 1652 Πνεῦμα
1006 1582 1064 1634 τὸ
1102 1583 1254 1650 ἆγιον
1283 1580 1351 1633 τὰ
1389 1580 1517 1650 ἑξῆς
1562 1581 1654 1633 τοῦ
1685 1580 1898 1652 ψαλμοῦ
1920 1620 1936 1645 ,

364 1672 425 1728 δι’
473 1666 551 1726 ὧν
604 1673 849 1743 εἴρηται·
886 1692 903 1723 ι
937 1672 1154 1726 Ψάλατε
1185 1670 1261 1743 τῷ
1306 1670 1425 1743 Θεῷ
1452 1671 1639 1742 ἡμῶν,
1689 1671 1896 1741 ψάλατε
1919 1711 1935 1736 ,

363 1764 569 1835 ιάλατε
614 1763 693 1834 τῷ
741 1762 947 1835 βασιλεῖ
991 1763 1167 1835 ἡμῶν,
1217 1763 1423 1833 ψάλατε
1458 1779 1473 1794 ·
1521 1765 1602 1817 ὅτι
1639 1763 1888 1833 βασιλεὺς
1911 1782 1930 1816 ι

2043 587 2117 626 ται
2145 572 2169 626 ?
2193 572 2286 643 qui
2345 572 2650 636 descendit,
2699 572 2815 644 ipse
2852 581 2937 629 est
2970 582 3025 629 et
3046 575 3139 645 qui
3173 576 3417 631 ascendit
3445 592 3612 647 supra

2042 677 2232 719 omnes
2264 665 2434 720 caelos
2459 665 2500 695 ιτ
2535 683 2548 718 ε
2588 683 2607 716 ι
2652 665 2707 719 in
2734 664 2912 735 jubilo
2937 675 3116 720 autem
3142 652 3304 720 illum
3329 667 3464 721 dicit
3517 682 3612 721 as-

2042 752 2313 816 cendisse,
2343 754 2415 808 ob
2437 753 2652 808 divinas
2706 765 2760 807 et
2791 768 2978 808 sacras
3029 770 3158 824 erga
3216 756 3393 824 ipsum
3423 770 3609 820 voces,

2043 845 2219 914 ipsum
2269 844 2397 899 dum
2434 846 2756 900 ascenderet
2793 848 3223 915 constipantium
3266 847 3605 915 angelorum,

2036 936 2134 1006 qui
2159 937 2322 991 etiam
2353 935 2487 990 illud
2519 936 2770 991 dicebant
2808 954 2821 990 :
2862 954 2882 987 σ
2936 936 3132 991 Tollite
3180 945 3386 1006 portas,
3412 938 3612 1009 princi-

2042 1042 2159 1097 pes,
2192 1035 2423 1089 vestras,
2460 1034 2513 1080 et
2537 1027 2845 1093 elevamini,
2879 1037 3048 1097 porta:
3074 1036 3309 1091 aeternae,
3336 1037 3390 1083 et
3438 1030 3610 1084 intro-

2048 1117 2150 1171 ibit
2183 1133 2278 1173 rex
2322 1118 2510 1189 gloria:
2542 1118 2639 1171 ¹⁸.›
2673 1117 2872 1173 Vocem
2903 1129 3081 1174 autem
3114 1121 3256 1174 tuba:
3294 1135 3401 1174 non
3430 1122 3611 1175 admo-

2041 1209 2169 1264 dum
2199 1210 2573 1275 aberraveris,
2624 1211 2670 1265 si
2704 1211 3141 1281 praedicationem
3191 1213 3397 1268 dixeris
3450 1228 3610 1268 evan-

2040 1302 2289 1373 gelicam,
2338 1318 2460 1373 quae
2496 1304 2551 1356 in
2576 1310 2749 1357 totum
2785 1304 3043 1359 exaudita
3087 1314 3169 1360 est
3204 1313 3473 1359 terrarum
3521 1321 3609 1360 or-

2040 1394 2202 1447 bem:
2241 1407 2363 1446 cum
2392 1394 2536 1447 enim
2569 1392 2697 1446 tuba
2742 1393 2891 1446 omni
2935 1393 3044 1446 alio
3090 1392 3457 1447 instrumento
3484 1407 3608 1446 mu-

2040 1483 2156 1539 sico
2179 1482 2422 1537 vocalior
2449 1483 2542 1544 sit.
2569 1482 2705 1537 satis
2722 1483 3127 1538 accommodata
3141 1484 3599 1553 convenientique

2038 1573 2210 1644 figura
2241 1571 2446 1626 dictum
2478 1571 2641 1626 fuerit
2671 1571 2823 1637 illud,
2851 1573 2918 1627 ad
2948 1573 3433 1628 demonstrandum
3456 1572 3604 1643 quod

2038 1664 2294 1720 omnibus
2329 1664 2453 1719 aliis
2500 1679 2622 1734 qua:
2651 1679 2680 1717 a
2726 1665 2945 1719 condito
2992 1680 3106 1719 aevo
3149 1666 3481 1729 exstiterint,
3513 1683 3604 1721 ro-

2040 1755 2250 1811 bustior
2278 1762 2333 1811 et
2357 1756 2602 1810 vocalior
2648 1756 2864 1809 cunctis
2921 1756 3235 1810 hominibus
3280 1756 3600 1812 denuntiata

361 1856 543 1909 ,οὐκέτι
596 1856 757 1926 μόνου
809 1854 903 1907 τοῦ
957 1853 1226 1907 Ἰουδαίων
1268 1853 1471 1918 ἔθνους,
1519 1854 1653 1908 ἀλλὰ
1684 1871 1704 1905 ι
1734 1855 1926 1926 πάσης,

2036 1847 2108 1903 sit
2125 1847 2326 1904 Christi
2356 1847 2627 1910 doctrina,
2651 1863 2747 1916 per
2770 1863 2932 1917 quam
2956 1848 3118 1902 veluti
3149 1864 3246 1919 per
3274 1849 3480 1914 tubam,
3513 1863 3605 1903 us-

358 1947 513 2017 φησὶ,
541 1947 641 2018 τῆς
655 1946 757 2017 γῆς
792 1947 822 1998 ὁ
861 1943 1235 2014 Θεόςυψάλατε
1270 1944 1525 2008 συνετῶς.
1553 1964 1571 1996 ι
1608 1945 1803 1998 Οὐκέτι
1827 1945 1936 2017 γὰρ

357 2039 406 2090 οἱ
437 2037 568 2108 πρὶν
593 2037 862 2107 δαίμονες,
888 2037 1038 2107 φησὶ,
1056 2037 1176 2090 οὐδὲ
1199 2035 1267 2089 τὰ
1290 2036 1541 2108 περίγεια
1568 2036 1661 2090 καὶ
1683 2036 1934 2108 ἀπατηλὰ

357 2127 666 2198 πνεύματα,
695 2128 805 2181 ἀλλ’
831 2128 991 2191 αὐτὸς
1024 2146 1042 2178 ι
1070 2130 1099 2181 ὁ
1127 2126 1259 2191 Θεὸς
1284 2126 1628 2182 ἐϐασίλευσεν
1640 2127 1730 2180 ἐπὶ
1757 2128 1934 2180 πάντα

352 2208 425 2272 τὰ
452 2219 583 2290 ἔθνη
600 2235 649 2270 ἰ
676 2218 850 2282 ὁΘεὸς
865 2219 1046 2283 αὐτὸς,
1082 2237 1101 2270 ι
1126 2219 1184 2282 ὃς
1208 2218 1445 2290 κάθηται
1468 2217 1763 2290 ὲπὶθρόνου
1775 2217 1933 2287 ἁγίου

352 2310 543 2365 αὑτοῦ.
560 2330 578 2361 ι
610 2309 749 2380 Ἤδη
776 2309 831 2362 δὲ
854 2308 1116 2381 πρότερον
1132 2307 1228 2361 τοῦ
1255 2306 1390 2363 Θεοῦ
1414 2307 1587 2376 Λόγου
1608 2308 1698 2360 τὸν
1723 2306 1932 2379 θρόνον,

354 2402 441 2470 ἐφ’
470 2401 530 2454 ὃν
572 2399 899 2464 καθέζεσθαι
948 2402 976 2454 ὁ
1022 2399 1215 2471 Πατὴρ
1263 2396 1412 2469 αὑτῷ
1456 2397 1929 2469 παρεκελεύσατο,

352 2492 568 2557 εἰπὼν,
622 2512 642 2544 ι
677 2492 859 2546 Κάθου
906 2494 970 2545 ὲκ
1023 2491 1210 2557 δεξεῶν
1246 2508 1380 2562 μου,
1424 2491 1529 2554 ἓως
1568 2490 1634 2544 ἂν
1682 2489 1760 2543 θῶ
1805 2490 1930 2553 τοὺς

351 2583 589 2656 ἐχθρούς
615 2600 710 2637 σου
736 2582 1024 2638 ὑποπόδιον
1055 2583 1164 2637 τῶν
1194 2582 1370 2636 ποδῶν
1401 2600 1517 2648 σου,
1544 2601 1562 2634 ι
1590 2581 1679 2636 διὰ
1699 2581 1792 2635 τοῦ
1823 2580 1931 2653 πρὸ

344 2673 546 2727 τούτου
584 2672 1012 2744 συγγράμματος
1039 2673 1478 2745 παρεστήσαμεν.
1513 2670 1586 2725 Τὸ
1609 2665 1701 2736 δὲ,
1751 2690 1770 2723 ι
1798 2672 1931 2745 Ἀρι

344 2781 542 2834 χοντες
566 2763 711 2816 λαῶν
739 2762 1080 2834 συνήχθησαν
1117 2762 1255 2834 μετὰ
1281 2762 1376 2816 τοῦ
1416 2761 1551 2816 Θεοῦ
1587 2760 1868 2834 Ἀὕραὰμ,
1902 2783 1922 2815 ι

345 2855 433 2907 ἐτι
480 2854 813 2927 σαφέστερον
841 2853 991 2924 δηλοί
1035 2854 1443 2927 μετατεθεῖσθαι
1490 2856 1569 2918 εἰς
1601 2854 1693 2907 τὸν
1729 2853 1927 2926 κλῆρον

341 2947 462 3001 ⁸τῶν
502 2946 671 3000 πάλαι
725 2945 984 3017 θεοφιλῶν
1030 2945 1127 2999 τοῦ
1176 2946 1310 2999 Θεοῦ
1357 2946 1648 3018 προφητῶν
1691 2946 1817 3011 τοὺς
1866 2946 1928 3013 ἐξ

343 3038 525 3092 ἐθνῶν
554 3038 821 3108 ἄρχοντας
845 3038 944 3109 τῆς
973 3036 1205 3110 Χριστοῦ
1247 3036 1593 3108 Ἐκκλησίας,
1628 3036 1700 3103 οἳ,
1731 3038 1824 3092 καὶ
1855 3041 1922 3110 τῇ

338 3131 580 3200 δυνάμει
613 3128 709 3182 τοῦ
739 3130 993 3202 Σωτῆρος
1019 3129 1176 3201 ἡμῶν
1204 3128 1638 3200 κραταιωθέντες
1658 3168 1674 3194 ,
1717 3129 1926 3201 σφόδρα

340 3220 673 3293 ἐπήρθησαν
719 3221 932 3285 οὐδενὸς
986 3219 1288 3293 ἀνθρώπων
1339 3220 1665 3274 καταϐαλεῖν
1729 3219 1925 3286 αὐτοὺς

340 3314 447 3366 καὶ
485 3311 817 3367 ταπεινῶσαι
848 3312 1226 3384 δεδυνημένου,
1259 3311 1347 3366 διὰ
1370 3312 1470 3384 τὴν
1497 3310 1802 3381 ὰνυψοῦσαν
1828 3311 1927 3367 αὐ-

338 3407 478 3468 τοὺς
511 3405 608 3458 καὶ
630 3404 969 3474 δυναμοῦσαν
994 3402 1085 3457 τοῦ
1110 3402 1246 3457 Θεοῦ
1274 3402 1479 3468 δεξιάν.
1517 3404 1630 3458 Καὶ
1661 3402 1833 3459 ταῦτα
1864 3403 1923 3459 δὲ

338 3497 441 3550 ἐπὶ
476 3496 674 3567 σχολῆς
701 3495 946 3559 ἐντελοῦς
975 3495 1222 3560 τεύξεται
1252 3494 1576 3567 διηγήσεως.

2035 1953 2141 2008 quc
2169 1938 2305 1992 adeo
2338 1947 2564 1993 sanctus
2606 1939 2825 2002 clamat,
2857 1945 2911 1990 et
2943 1937 3276 1993 vociferatur
3335 1938 3598 2009 Spiritus,

2034 2036 2094 2082 ut
2127 2026 2195 2082 ab
2228 2028 2482 2083 omnibus
2504 2028 2752 2082 exaudiri
2786 2029 2959 2099 possit
3017 2028 3348 2092 hominibus,
3401 2029 3603 2083 clamat

2031 2133 2163 2173 vero
2189 2134 2252 2174 ea
2281 2135 2401 2189 qua:
2432 2119 2486 2173 in
2507 2119 2700 2173 eodem
2724 2121 2933 2190 psalmo
2950 2129 3270 2190 sequuntur,
3325 2120 3378 2174 in
3401 2121 3601 2190 quibus

2032 2209 2273 2265 dicitur:
2310 2229 2330 2263 ι
2368 2209 2590 2266 Psallite
2612 2210 2722 2265 Deo
2745 2219 2952 2276 nostro,
2980 2210 3211 2282 psallite,
3233 2212 3448 2282 psallite
3483 2211 3595 2282 regi

2030 2308 2238 2364 nostro,
2258 2302 2492 2371 psallite,
2525 2303 2783 2373 quoniam
2810 2318 2901 2357 rex
2944 2323 2963 2354 ι
3012 2319 3122 2356 non
3166 2304 3399 2373 amplius
3429 2304 3595 2360 unius

2035 2392 2268 2449 Iudaicae
2297 2395 2494 2465 gentis,
2549 2396 2643 2450 sed
2675 2413 2694 2446 ι
2729 2397 2927 2461 omnis,
2958 2396 3156 2466 inquit,
3216 2405 3375 2451 terra:
3425 2396 3594 2461 Deus,

2028 2486 2243 2556 psallite
2262 2486 2560 2556 sapienter.
2613 2504 2632 2538 ι
2658 2484 2777 2539 Νυη
2799 2487 2945 2541 enim
2981 2487 3237 2557 amplius,
3288 2487 3487 2557 inquit,
3518 2487 3595 2542 illi

2027 2577 2121 2647 qui
2152 2577 2303 2647 prius
2329 2576 2626 2641 daemones,
2658 2592 2836 2647 neque
2864 2579 3071 2634 circum
3101 2588 3300 2635 terram
3315 2592 3599 2637 versantes

2028 2668 2361 2739 fallacesque
2389 2668 2640 2739 spiritus,
2671 2669 2769 2724 sed
2801 2669 2918 2741 ipse
2940 2687 2959 2721 ι
2989 2669 3132 2726 Deus
3158 2673 3407 2744 regnavit
3432 2687 3596 2743 super

2027 2777 2219 2818 omnes
2244 2772 2456 2834 gentes,
2487 2781 2507 2815 ι
2549 2762 2687 2834 ipse,
2723 2763 2970 2834 inquam,
3020 2763 3187 2829 Deus,
3235 2784 3253 2816 ι
3289 2765 3383 2836 qui
3444 2755 3602 2821 sedet.

2028 2868 2194 2924 super
2240 2854 2369 2908 sede
2421 2862 2611 2908 sancta
2645 2869 2765 2908 sua.
2799 2873 2818 2905 ι
2852 2853 3117 2909 Caeterum
3142 2854 3255 2924 jam
3308 2862 3467 2909 antea
3498 2852 3591 2909 Dei

2025 2939 2189 2996 Verbi
2213 2941 2393 2997 sedem
2424 2957 2588 3012 super
2614 2957 2720 3011 qua
2752 2943 2914 2999 Pater
2956 2944 3133 3014 ipsum
3181 2944 3371 3000 sedere
3412 2944 3596 3015 jusse-

2025 3040 2132 3101 rat,
2161 3033 2271 3089 illis
2300 3034 2522 3090 verbis:
2559 3053 2577 3085 ε
2617 3034 2755 3091 Sede
2787 3051 2818 3091 a
2848 3035 3058 3091 dextris
3086 3036 3224 3092 meis
3243 3076 3258 3100 .
3289 3037 3464 3092 donec
3493 3053 3594 3106 po-

2027 3141 2151 3181 nam
2170 3125 2419 3182 inimicos
2448 3133 2572 3181 tuos
2588 3126 2881 3181 scabellum
2913 3126 3109 3197 pedum
3143 3136 3361 3183 tuorum
3395 3126 3493 3192 ",i
3524 3141 3593 3183 eo

2028 3218 2121 3289 qui
2144 3218 2290 3273 hunc
2317 3220 2594 3273 antecedit
2617 3220 2778 3286 libro,
2813 3234 2913 3289 pro
2927 3219 3136 3275 viribus
3165 3218 3588 3275 declaravimus.

2028 3310 2166 3365 Illud
2211 3317 2392 3364 autem
2436 3327 2451 3364 :
2487 3328 2506 3362 ι
2554 3309 2839 3381 Principes
2896 3310 3216 3381 populorum
3276 3310 3593 3381 congregati

2027 3406 2157 3454 sunt
2185 3414 2307 3453 cum
2354 3398 2467 3454 Deo
2515 3399 2811 3464 Abraham,
2844 3418 2865 3452 ι
2890 3399 3067 3454 adhuc
3090 3399 3332 3469 apertius
3364 3398 3592 3454 demon-

2029 3498 2189 3555 strat,
2244 3496 2611 3545 commutatos
2638 3504 2762 3545 esse
2794 3491 2848 3543 in
2875 3488 3071 3544 fortem
3126 3496 3339 3544 uterum
3374 3489 3594 3559 religio-

338 3604 540 3645 sorum
588 3586 687 3642 Dei
746 3588 1151 3657 prophetarum,
1188 3595 1500 3656 assumptus
1544 3585 1612 3641 de
1658 3583 1914 3655 gentibus
1949 3580 2210 3638 Ecclesiae
2252 3579 2458 3637 Christi
2512 3582 2812 3652 principes,
2837 3584 2933 3651 qui
2980 3580 3152 3636 etiam
3218 3582 3421 3637 virtute
3466 3580 3589 3634 Sal-

338 3681 558 3735 vatoris
606 3679 783 3733 nostri
836 3678 1194 3743 corroborati,
1239 3678 1296 3733 in
1338 3679 1572 3735 sublime
1617 3676 1910 3732 admodum
1941 3673 2116 3730 evecti
2138 3681 2287 3737 sunt,
2314 3671 2513 3743 quippe
2564 3686 2704 3741 quos
2758 3686 2919 3725 nemo
2971 3686 3040 3725 ex
3072 3669 3325 3725 omnibus
3355 3668 3592 3723 homini-

337 3774 450 3829 bus
480 3773 719 3842 dejicere
747 3779 842 3826 aut
881 3779 1226 3841 prosternere
1273 3772 1530 3841 potuerit,
1553 3771 1624 3827 ob
1643 3787 1785 3835 eam,
1815 3771 1910 3841 qui
1943 3768 2092 3839 ipsos
2145 3766 2379 3823 extollit;
2408 3765 2686 3835 fortesque
2737 3763 2890 3831 facit,
2941 3762 3141 3819 summi
3169 3760 3266 3818 Dei
3315 3760 3588 3817 dextram.

339 3867 507 3938 361
538 3866 805 3920 Caeterum
844 3864 962 3919 haec
998 3864 1176 3934 majus
1210 3864 1378 3919 otium
1415 3863 1583 3928 nacti,
1609 3863 1912 3919 absolutius
1942 3857 2238 3931 aliquando
2266 3856 2664 3912 enarrabimus.

876 3976 1270 4034 ΚΕΦΔΛΑΙΟΝ
1315 3976 1392 4030 1".

346 4090 492 4148 Ἇπό
527 4090 772 4163 ψαλμοῦ
805 4096 919 4161 μθ.
958 4122 1028 4163 -_—
1060 4090 1154 4156 Ὠς
1187 4084 1463 4163 ἐμφανῶς
1500 4084 1676 4163 ἥξειν
1772 4083 1918 4163 Θεὸς

410 4167 506 4231 εἰς
528 4151 877 4232 ἂνθριὶυῑοῦς
918 4151 1173 4232 λέγεται,
1335 4151 1458 4232 ατᾶρ
1492 4151 1667 4226 γένος
1697 4151 1919 4223 ἀνθρώ-

411 4229 550 4290 mir
581 4229 731 4301 πρὸς
759 4231 975 4285 ἑαυτὸν
1004 4229 1512 4285 ἀνακαλέσασθαι.

416 4369 442 4403 ε
477 4348 611 4410 Θεὸς
638 4345 774 4399 θεῶν
804 4346 1007 4415 Κύριος
1034 4342 1282 4413 ὲλάλησε,
1320 4340 1415 4397 καὶ
1445 4337 1669 4392 ἐκάλεσε
1696 4335 1793 4408 τὴν
1814 4336 1917 4408 γῆν

338 4443 457 4499 ἀπὸ
482 4437 758 4493 ἀνατολῶν
791 4435 942 4507 ἡλίου
982 4434 1078 4489 καὶ
1108 4432 1270 4505 μέχρι
1306 4429 1545 4501 δυσμῶν.
1590 4428 1686 4483 Ἐκ
1712 4425 1849 4481 Σιὼν
1879 4429 1913 4498 ἡ

2618 3962 2847 4020 CAPUT
2898 3962 2985 4017 Ill.

2021 4083 2066 4138 Α
2099 4080 2301 4149 psalmo
2324 4094 2471 4134 χιιι.
2505 4109 2575 4149 τ-
2613 4076 2765 4144 Quod
2788 4075 3066 4145 manifeste
3097 4075 3168 4129 ad
3191 4075 3426 4149 homines
3460 4090 3587 4149 ven:

2094 4142 2240 4204 turus
2274 4149 2472 4202 dicitur
2502 4142 2676 4212 Deus,
2706 4157 2754 4201 et
2792 4142 2943 4199 omne
2992 4161 3154 4215 genus
3200 4145 3466 4199 hominum
3515 4142 3586 4197 ad

2092 4223 2322 4289 seipsum
2361 4227 2716 4271 revocaturus.

2095 4348 2115 4381 ι
2157 4329 2300 4385 Deus
2328 4328 2550 4383 deorum
2582 4325 2842 4381 Dominus
2888 4325 3104 4381 locutus
3147 4332 3252 4386 est,
3286 4331 3339 4379 et
3372 4323 3586 4378 vocavit

2020 4428 2222 4478 terram
2256 4434 2287 4474 a
2318 4419 2451 4475 solis
2496 4426 2620 4473 ortu
2672 4431 2843 4485 usque
2872 4419 2939 4468 ad
2982 4430 3258 4471 occasum.
3319 4413 3398 4469 Ex
3453 4411 3583 4469 Sion

338 4531 649 4604 εὐπρέπεια
680 4528 778 4599 τῆς
810 4504 1135 4598 ιῦραιότητος
1173 4504 1356 4578 αύτοῦ.
1402 4522 1462 4575 '0
1492 4520 1624 4585 Θεὸς
1661 4518 1916 4591 ἐμφανῶς

2029 4512 2232 4583 species
2263 4510 2479 4567 decoris
2511 4509 2632 4578 ejus
2662 4527 2675 4563 :
2721 4508 2861 4562 Deus
2891 4505 3181 4562 manifeste
3206 4505 3407 4568 veniet,
3441 4504 3583 4560 Deus

339 4626 489 4697 ἣξει,
518 4622 548 4675 ὁ
589 4620 721 4683 Θεὸς
762 4618 938 4690 ἡμῶν,
974 4617 1070 4670 καὶ
1101 4616 1161 4670 οὑ
1202 4614 1706 4686 παρασιωπήσεται.
1744 4630 1763 4664 ι
1805 4612 1915 4665 Καὶ

338 4715 469 4787 μεθ’
524 4713 719 4785 ιτερα-
752 4729 773 4762 ι
809 4710 1091 4770 ¹Ἄκουσον,
1137 4705 1289 4778 φησὶ,
1327 4704 1454 4768 λαός
1497 4721 1619 4775 μου,
1673 4704 1769 4757 καὶ
1816 4701 1913 4755 λα-

342 4810 495 4880 λήσω
527 4822 632 4871 σοι,
671 4800 904 4874 Ἰσραὴλ,
936 4799 1031 4854 καὶ
1073 4795 1517 4870 διαμαρτύρομαι
1548 4811 1651 4848 σοι.
1699 4790 1759 4848 '0
1784 4792 1916 4857 Θεὸς

342 4903 373 4954 6
411 4898 551 4961 Θεός
598 4912 691 4950 σου
743 4894 859 4964 εἰμὶ
911 4891 1041 4961 ἐγώ.
1102 4893 1218 4944 Οὐκ
1267 4890 1358 4943 ἐπὶ
1408 4890 1528 4953 ταῖς
1557 4886 1771 4949 θυσίαις
1818 4900 1913 4938 σου

339 4989 550 5059 ἐλέγξω
573 5005 652 5042 σε.
677 4986 759 5040 Τὰ
783 4987 841 5039 δὲ
864 4979 1285 5053 ὁλοκαυτώματά
1306 4996 1397 5032 σου
1429 4972 1655 5031 ἐνώπιόν
1686 4993 1785 5048 μου
1809 4974 1916 5028 εἰσὶ

338 5083 430 5139 διὰ
462 5079 683 5142 παντός.
736 5078 812 5133 Οὐ
850 5076 1070 5146 δέξομαι
1100 5076 1163 5127 ὲκ
1206 5071 1300 5126 τοῦ
1334 5070 1483 5124 οἴκου
1531 5085 1624 5122 σου
1659 5067 1912 5138 μόσχους,

338 5172 461 5227 οὐδὲ
499 5173 569 5225 kx
602 5169 711 5223 τῶν
755 5167 1021 5239 ποιμνίων
1072 5181 1164 5218 σου
1204 5163 1492 5235 χιμάρους,
1529 5161 1612 5213 ὅτι
1646 5158 1756 5228 ἐμά
1797 5160 1913 5210 ἐστι

337 5267 517 5321 πάντα
549 5262 618 5317 τὰ
646 5260 813 5334 θηρία
856 5259 951 5313 τοῦ
996 5256 1224 5329 δρυμοῦ,
1275 5255 1445 5326 κτήνη
1496 5256 1553 5305 ἐν
1598 5254 1709 5314 τοῖς
1739 5250 1910 5321 δρεσι,

333 5358 430 5413 καὶ
475 5355 597 5426 βόες
613 5371 628 5385 ’
663 5354 880 5423 ἔγνωκα
928 5352 1103 5406 πάντα
1145 5348 1213 5402 τὰ
1263 5345 1480 5400 πετεινὰ
1523 5343 1616 5397 τοῦ
1657 5339 1910 5412 οὐρανοῦ,

333 5448 430 5500 καὶ
456 5444 728 5516 ὠραιότης
759 5439 930 5513 ἀγροῦ
963 5439 1077 5511 μετ’
1106 5435 1240 5509 ἐμοῦ
1269 5438 1436 5490 ἐστιν.
1486 5434 1612 5487 Ἐὰν
1646 5432 1906 5494 πεινάσω,

331 5540 390 5593 ὠ
423 5540 501 5610 μή
531 5553 614 5590 σοι
644 5537 786 5589 εἷται)
807 5551 820 5564 ·
852 5532 961 5604 ἐμὴ
987 5531 1095 5602 γάρ
1122 5530 1268 5583 ἐστιν
1304 5530 1339 5599 ἡ
1365 5525 1676 5597 οἰκουμένη,
1717 5523 1810 5577 καὶ
1846 5525 1908 5576 τὸ

330 5634 608 5701 πλήρωμα
640 5625 832 5698 αὐτῆς.
866 5624 958 5696 Μὴ
983 5623 1224 5694 φάγομαι
1254 5620 1395 5692 κρέα
1426 5618 1662 5689 ταύρων,
1693 5617 1725 5687 ἢ
1767 5610 1909 5687 αἷμα

2020 4612 2227 4667 noster,
2257 4609 2311 4655 et
2339 4615 2447 4655 non
2476 4601 2658 4656 silebit
2689 4600 2757 4652 ²⁰.
2797 4618 2816 4651 ι
2855 4598 2917 4653 Et
2948 4605 3069 4668 post
3120 4598 3382 4667 nonnulla
3422 4597 3526 4652 alia
3564 4616 3579 4651 :

2025 4714 2045 4748 ι
2073 4694 2233 4757 Audi,
2264 4693 2460 4763 inquit,
2482 4693 2713 4762 populus
2736 4706 2909 4754 meus,
2942 4700 2997 4745 et
3026 4691 3219 4761 loquar
3253 4689 3372 4752 tibi,
3391 4687 3581 4752 Israel,

2019 4794 2074 4842 et
2109 4785 2446 4841 testificabor
2477 4783 2594 4847 tibi,
2628 4782 2769 4839 Deus
2801 4782 2943 4839 Deus
2974 4792 3100 4837 tuus
3130 4796 3250 4836 sum
3304 4796 3427 4850 ego.
3459 4777 3579 4833 Non

2019 4879 2075 4933 in
2109 4877 2395 4932 sacrificiis
2424 4876 2534 4929 tuis
2559 4889 2783 4945 arguam
2811 4881 2865 4928 te
2896 4891 2911 4928 :
2947 4873 3264 4926 holocausta
3292 4878 3579 4924 autemtna

2020 4972 2077 5026 in
2105 4976 2400 5040 conspectu
2433 4982 2553 5021 meo
2603 4978 2731 5021 sunt
2763 4981 2995 5036 semper.
3052 4962 3171 5017 Non
3223 4962 3487 5031 accipiam
3511 4960 3581 5016 de

2017 5061 2179 5118 domo
2204 5072 2296 5115 tua
2328 5061 2529 5114 vitulos
2564 5099 2580 5123 ,
2631 5073 2807 5128 neque
2841 5057 2894 5109 in
2923 5055 3176 5126 gregibus
3216 5051 3328 5106 tuis
3373 5051 3578 5114 hircos,

2015 5153 2272 5223 quoniam
2308 5166 2439 5207 mea“:
2469 5158 2596 5206 sunt
2624 5163 2814 5204 omnes
2845 5146 2970 5202 ferae
3008 5146 3303 5216 sylvarum,
3329 5141 3579 5211 jumenta

2016 5244 2072 5298 in
2122 5245 2429 5308 montibus,
2462 5255 2515 5298 et
2549 5242 2719 5295 boves
2756 5259 2769 5294 :
2831 5238 3061 5308 cognovi
3107 5235 3288 5289 omnia
3336 5233 3578 5288 volatilia

2017 5337 2164 5401 cmli,
2196 5345 2249 5392 et
2280 5334 2630 5406 pulchritudo
2663 5333 2779 5404 agri
2807 5344 3018 5385 mecum
3057 5335 3161 5382 est.
3199 5324 3255 5381 Si
3307 5325 3576 5391 esuriero,

2018 5444 2127 5484 non
2149 5429 2328 5483 dicam
2359 5427 2490 5495 tibi;
2522 5441 2677 5480 meus
2696 5435 2779 5480 est
2808 5422 2953 5478 enim
2987 5419 3137 5477 orbis
3166 5427 3347 5483 terrae,
3381 5429 3433 5474 et
3466 5418 3581 5487 ple-

2013 5518 2206 5575 nitudo
2226 5520 2366 5589 ejus.
2397 5514 2670 5584 Numquid
2686 5509 3023 5566 ntandncabo
3053 5524 3245 5573 carnes
3260 5515 3540 5561 taurorum
3555 5504 3582 5559 ‘I

2012 5619 2107 5667 aut
2136 5611 2455 5681 sanguinem
2486 5607 2766 5661 hircorum
2796 5601 3000 5674 putabo
3031 5600 3056 5657 ΐ
3092 5600 3314 5656 immola
3338 5597 3449 5653 Deo
3487 5613 3579 5652 sa-

403 5786 447 5819 "
480 5785 684 5849 Ephes.
739 5798 827 5847 tv,
860 5779 948 5837 lo.
1023 5776 1068 5811 "
1094 5775 1239 5834 Psal.
1270 5792 1429 5839 xxm,
1469 5776 1586 5831 7-9.
1667 5776 1708 5808 ¹⁹
1741 5772 1926 5830 PsaLt

2051 5769 2108 5834 2,
2138 5769 2192 5823 5.
2266 5766 2313 5799 ’⁸
2335 5762 2482 5819 Psal.
2506 5777 2655 5829 χιιι,
2698 5761 2812 5818 1-3.
