4080 6416
587 329 692 384 M9

1226 323 1512 386 ῘΕΠΞΕΒῘΙ
1541 324 2024 384 CIESARIENSIS
2063 324 2149 383 ΟΡ

2250 326 2427 384 PARS
2465 327 2530 382 ll.
2566 359 2635 370 —
2667 323 3163 386 APOLOGETICA.

3725 335 3827 393 420

588 420 850 476 crilicium
875 415 1078 482 laudis,
1112 420 1168 471 et
1195 419 1362 471 redde
1383 417 1668 472 Altissimo
1697 427 1823 474 vota
1860 429 1972 484 tua,
1995 430 2048 475 et
2079 421 2149 474 in-

2257 418 2475 488 τράγων
2501 418 2694 489 πίομαι
2717 437 2731 485 ;
2761 420 2933 474 Θῦσον
2957 421 3036 492 τῷ
3064 420 3182 492 Θεῷ
3209 421 3399 478 θυσίαν
3427 424 3708 491 αἰνέσεως,
3740 429 3823 482 καὶ

585 529 720 569 voca
756 527 842 564 me
875 511 930 564 in
974 507 1061 562 die
1087 507 1461 564 tribulationis
1488 509 1554 563 “.
1588 528 1608 561 ι
1644 509 1824 564 Etiam
1875 510 1979 567 hoc
2031 512 2152 567 loco

583 603 766 656 divina
819 599 1096 670 praedictio
1127 599 1284 669 plane
1316 599 1484 654 Deum
1515 599 1802 656 manifeste
1859 609 2154 658 venturum

583 696 750 759 canit,
783 708 906 764 qua:
951 691 1172 762 quidem
1202 706 1313 746 non
1349 693 1516 746 alium
1548 732 1564 757 ,
1615 708 1779 763 quam
1836 693 2013 764 ipsum
2059 693 2156 750 Dei

585 783 822 838 Verbum
857 782 1147 852 signiﬁcat.
1173 781 1321 837 lllius
1351 797 1481 836 vero
1512 781 1777 837 adventus
1792 798 2014 838 causam
2034 797 2154 837 ma-

584 873 937 927 nifestissime
964 871 1188 935 indicat,
1217 885 1280 924 ac
1310 870 1552 941 gentium
1577 886 1792 933 rursus,
1817 886 1936 943 qua:
1956 871 2012 925 in
2043 880 2154 925 tota

585 977 729 1020 terra
767 966 1142 1027 continentur,
1196 963 1537 1017 vocationem
1583 962 1819 1017 futuram
1848 964 2154 1020 denuntiat.

584 1060 774 1128 Itaque
813 1077 831 1108 ι
877 1055 1122 1118 Vocavit,
1155 1054 1352 1124 inquit,
1387 1064 1608 1120 terram,
1647 1056 1714 1109 ab
1749 1064 1869 1110 ortu
1901 1057 2031 1111 solis
2059 1072 2155 1112 us-

584 1167 689 1220 que
715 1150 783 1203 ad
803 1162 1079 1202 occasum.
1107 1167 1124 1199 ι
1155 1147 1290 1201 Miro
1317 1155 1496 1200 autem
1532 1146 1766 1215 quodam
1799 1147 2008 1211 ordine,
2032 1156 2155 1218 post

585 1244 872 1296 adventum
905 1241 1052 1294 illius
1073 1279 1087 1303 ,
1121 1247 1173 1293 et
1205 1249 1326 1309 post
1367 1239 1610 1308 gentium
1636 1238 1997 1303 vocationem,
2033 1239 2158 1308 reji-

583 1334 834 1388 ciendam
875 1348 996 1387 esse
1027 1339 1262 1386 veterem
1310 1330 1459 1383 illam
1504 1328 1724 1399 corpori
1753 1329 1928 1399 magis
1976 1331 2155 1385 inscr-

583 1425 842 1488 vicntem,
865 1439 1028 1492 quam
1055 1422 1290 1492 spiritui,
1313 1437 1378 1475 ex
1414 1421 1530 1490 lege
1559 1421 1756 1492 Moysis
1783 1421 2153 1476 adorationem

585 1517 764 1577 docet,
790 1531 911 1585 qua:
955 1515 1072 1584 ipsa
1102 1528 1319 1583 quoque
1368 1527 1526 1566 suum
1558 1512 1785 1582 contigit
1817 1511 1998 1577 finem,
2033 1519 2156 1581 post

584 1605 679 1661 Dei
705 1604 868 1660 Verbi
908 1604 972 1658 ad
1007 1604 1255 1659 homines
1314 1602 1630 1656 adventum.
1676 1604 1753 1656 Ex
1791 1603 1883 1657 illo
1915 1604 2059 1658 enim
2087 1604 2154 1658 ad

585 1695 732 1749 hunc
763 1707 936 1764 usque
991 1693 1133 1747 diem
1194 1692 1368 1745 vocati
1389 1691 1504 1760 jam
1538 1701 1664 1746 sunt
1709 1708 1900 1748 omnes
1945 1693 2013 1749 de
2040 1703 2154 1750 toto

583 1789 715 1844 orbe
749 1798 1016 1842 terrarum
1068 1785 1314 1840 homines
1342 1825 1358 1851 ,
1405 1799 1704 1854 omnesque
1738 1785 1806 1840 ab
1847 1793 1972 1840 ortu
2022 1787 2153 1843 solis

583 1897 759 1950 usque
790 1880 856 1934 ad
882 1894 1136 1934 occasum
1167 1889 1372 1948 gentes.
1433 1877 1684 1932 Cessavit
1716 1885 1919 1945 autem,
1969 1879 2155 1935 subla-

583 1987 782 2044 tusque
833 1979 918 2028 est
971 1970 1280 2025 Iudaeorum
1311 1971 1495 2034 ritus,
1544 1969 1635 2023 ubi
1687 1985 1752 2024 ex
1782 1969 1932 2024 Novo
1989 1972 2150 2042 262

583 2063 907 2134 evangelica:
952 2061 1358 2130 prmdicationis
1405 2059 1792 2123 Testamento,
1831 2075 1938 2114 non
1969 2071 2150 2116 autem

582 2171 647 2212 ex
664 2157 779 2226 lege
797 2155 1014 2224 Moysis,
1039 2168 1229 2207 omnes
1260 2153 1506 2207 homines
1532 2151 1701 2206 Deum
1730 2153 1930 2217 colere,
1957 2162 2151 2207 etcum

582 2249 782 2318 pietate
821 2247 1001 2302 vivere
1035 2245 1301 2299 admoniti
1347 2245 1639 2314 edoctique
1710 2253 1858 2300 sunt.
1896 2247 2152 2302 Attamen

581 2339 771 2397 eadem
802 2339 916 2394 [nec
945 2338 1012 2392 ad
1045 2338 1345 2393 secundum
1390 2338 1805 2407 gloriosumque
1856 2336 2152 2394 Salvatoris

581 2434 898 2498 adventum,
919 2431 1108 2488 referri
1140 2431 1268 2485 item
1300 2445 1550 2501 possunt.

1189 2542 1417 2600 CAPUT
1456 2543 1542 2600 IV.

583 2660 624 2716 A
672 2659 878 2729 psalmo
903 2673 1226 2729 uxxu.t_.--A-
1249 2657 1686 2729 Quodrvidendus
1712 2659 1927 2711 interra
1956 2658 2153 2712 dicered

653 2727 739 2786 tur
767 2729 927 2796 Deus,
962 2745 1052 2798 per
1080 2727 1279 2782 Christi
1306 2729 1373 2780 ad
1404 2728 1638 2782 hourines
1673 2729 1974 2782 adventum.

657 2927 679 2963 ι
730 2907 1012 2963 Videbitur
1034 2907 1177 2962 Deus
1212 2908 1438 2963 deorum
1470 2910 1524 2963 in
1550 2906 1704 2962 Sion.
1735 2907 1965 2963 Domine
2007 2907 2150 2965 Deus

579 3001 867 3065 virtutum,
893 2999 1089 3054 exaudi
1110 2999 1413 3054 orationem
1433 3014 1632 3062 meam,
1652 2999 1878 3054 auribus
1910 3000 2148 3070 percipe,

582 3092 728 3148 Deus
750 3091 934 3146 Jacob.
964 3089 1246 3144 Protector
1276 3098 1464 3144 noster
1491 3090 1692 3158 aspice,
1734 3087 1896 3154 Deus,
1937 3091 2148 3160 respice

2260 509 2457 573 ἀπόδος
2492 509 2570 580 τῷ
2611 511 2846 583 Ὑψίστῳ
2887 511 2987 576 τὰς
3033 513 3198 583 εῡχάς
3249 531 3362 579 σου,
3391 517 3484 570 καὶ
3513 518 3828 574 ὲπικάλεσαί

2259 619 2326 674 με
2351 604 2408 656 ὲν
2451 603 2630 675 ἡμέρα
2656 603 2900 674 θλίψεως.
2936 623 2956 656 ι
2991 605 3285 659 Κάνταῦθα
3316 608 3348 676 ἡ
3378 604 3496 662 θεία
3529 611 3827 683 πρόρρησις

2257 693 2444 763 σαφῶς
2489 695 2620 752 Θεὸν
2663 695 2920 766 ἐμφανῶς
2960 695 3110 767 ἥξειν
3153 695 3417 762 θεσπίζει,
3463 701 3562 753 οῦκ
3609 701 3826 777 ἄλλονῆ

2253 787 2344 841 τὸν
2371 788 2463 841 τοῦ
2507 787 2642 842 Θεοῦ
2676 789 2845 857 Λόγον
2889 789 3141 860 δηλοῦσα.
3187 785 3296 844 Καὶ
3335 785 3396 844 τὸ
3433 793 3603 848 αἴτιον
3645 795 3702 848 δὲ
3733 795 3828 866 τῆς

2257 877 2556 948 παρουσίας
2588 876 2765 930 αὑτοῦ·
2797 877 3108 946 σαφέστατα
3151 877 3498 949 παρίστησιν,
3540 875 3698 943 αὖθις
3731 879 3828 951 τὴν

2255 968 2445 1040 κλῆσιν
2495 968 2830 1040 σημαίνουσα
2874 966 2982 1020 τῶν
3033 967 3154 1021 καθ’
3203 960 3330 1040 ὅλης
3374 969 3473 1039 τῆς
3509 970 3829 1043 οἰκουμένης

2256 1063 2445 1117 ἐθνῶνο
2490 1082 2508 1114 ι
2568 1063 2824 1116 Ἐκὰλεσε
2879 1061 3029 1130 γοῦν,
3088 1061 3242 1133 φησί,
3277 1062 3374 1134 τὴν
3414 1063 3515 1134 γῆν
3572 1063 3680 1116 ἀπὸ
3706 1063 3831 1116 ἁναδ

2255 1151 2422 1204 τολῶν
2449 1151 2599 1222 ἡλίου
2629 1152 2723 1205 καὶ
2759 1151 2918 1221 μέχρι
2949 1150 3185 1221 δυσμῶν.
3219 1170 3236 1202 ι
3276 1150 3486 1222 Σφόδρα
3525 1151 3583 1204 δὲ
3613 1152 3831 1206 ἀκολούει

2256 1241 2363 1305 θως
2393 1242 2533 1312 μετὰ
2559 1243 2656 1314 τὴν
2701 1243 3023 1311 ἐπιφάνειαν
3058 1241 3243 1307 αὐτοῦ,
3271 1243 3364 1295 καὶ
3405 1243 3542 1314 μετὰ
3577 1243 3674 1314 τὴν
3703 1244 3830 1316 κλῆ‹

2258 1351 2341 1386 σιν
2376 1333 2484 1386 τῶν
2515 1335 2683 1388 ἐθνῶν
2707 1375 2724 1400 ,
2758 1336 2857 1405 τὴν
2899 1335 3227 1407 παραίτησιν
3265 1337 3364 1406 τῆς
3405 1337 3546 1390 κατὰ
3583 1337 3675 1390 τὸν
3700 1340 3831 1392 Μω-

2258 1426 2394 1490 σέως
2420 1428 2581 1497 νόμον
2625 1429 3082 1500 σωματικωτέρας
3112 1428 3362 1500 λατρείας
3392 1429 3651 1494 διδάσκει,
3677 1432 3710 1502 ἡ
3740 1432 3833 1485 καὶ

2255 1517 2389 1588 αὑτὴ
2415 1518 2600 1581 τέλους
2627 1517 2782 1588 ἔτυχε
2814 1518 2948 1588 μετὰ
2989 1518 3084 1589 τὴν
3105 1517 3198 1570 τοῦ
3226 1518 3359 1571 Θεοῦ
3385 1519 3556 1587 Λόγου
3589 1523 3668 1584 εἰς
3702 1522 3837 1574 πάν.

2253 1626 2355 1672 τας
2383 1609 2700 1681 ἀνθρώπους
2727 1611 3068 1679 ἐπιφάνειαν.
3117 1611 3204 1677 Ἐξ
3235 1612 3442 1664 ἐκείνου
3479 1613 3584 1683 γάρ
3619 1630 3700 1666 τοι
3741 1614 3834 1668 καὶ

2255 1705 2334 1765 εἰς
2365 1702 2522 1774 δεῦρο
2571 1703 2861 1775 κέκληνται
2896 1703 2996 1775 μὲν
3035 1703 3235 1767 πάντες
3279 1706 3327 1756 oi
3371 1705 3463 1757 ἐπὶ
3515 1706 3695 1774 πάσης
3736 1707 3830 1776 τῆς

2255 1797 2578 1867 οἰκουμένης
2621 1796 2916 1867 ἄνθρωποι,
2959 1795 3053 1851 καὶ
3095 1795 3271 1850 πάντα
3314 1797 3383 1850 τὰ
3421 1792 3530 1851 ἀπὸ
3561 1797 3833 1851 ἀνατολῶν

2255 1889 2351 1941 καί⁵
2385 1889 2544 1960 μέχρι
2567 1889 2784 1961 δυσμῶν
2819 1890 2966 1962 ἔθνη.
3002 1893 3285 1947 Πέπαυται
3315 1892 3372 1945 δὲ
3404 1892 3497 1945 καὶ
3529 1890 3832 1962 καθῄρηται

2255 1981 2289 2051 ή
2321 1979 2463 2032 κατὰ
2499 1979 2780 2044 Ἰουδαίους
2813 1980 3096 2052 θρησκεία,
3124 1984 3266 2038 κατὰ
3294 1983 3392 2054 τὴν
3424 1983 3616 2053 καινὴν
3643 1982 3776 2035 Διαθ
3789 1983 3842 2053 ῆ-

2255 2091 2356 2143 κην
2387 2071 2478 2126 τοῦ
2511 2073 2861 2142 εὐαγγελικοῦ
2891 2076 3267 2147 κηρύγματος,
3310 2075 3422 2128 ἀλλ’
3462 2075 3522 2128 οὐ
3559 2075 3715 2129 Κατὰ
3741 2075 3836 2127 τὸν

2253 2165 2495 2230 Μωσέως
2529 2166 2714 2236 νόμον,
2771 2166 2988 2222 πάντων
3011 2168 3312 2239 ἀνθρώπων
3342 2167 3584 2221 εὐσεϐεῖν
3609 2180 3834 2239 παρηγέ

2252 2254 2548 2325 γελμένων.
2585 2255 2769 2308 Ταῦτα
2801 2255 2857 2308 δὲ
2903 2258 2996 2310 καὶ
3046 2259 3140 2309 ἐπὶ
3181 2257 3280 2329 τὴν
3320 2256 3576 2327 δευτέραν
3609 2258 3705 2312 καὶ
3749 2258 3839 2311 ἕν-

2252 2346 2400 2411 δοξον
2431 2347 2750 2416 ἐπιφάνειαν
2779 2347 2874 2401 τοῦ
2905 2349 3156 2422 Σωτῆρος
3186 2349 3509 2421 ἀναφέροιτο
3536 2351 3618 2404 ἂν.

2795 2547 3190 2601 ΚΕΦΑΛΑΙΟΝ
3214 2549 3290 2603 Δ⁹.

2263 2655 2422 2744 Ἇίτκὸι
2445 2659 2691 2744 ψαλμοῦ
2722 2661 3074 2744 πῖθι-θ’ος
3110 2663 3368 2744 ᾅτίῇτῆς
3398 2663 3836 2744 ἀρθήσεᾳθῄαιο

2323 2727 2466 2792 Θεὸς
2504 2729 2738 2806 νρέγεται
2771 2727 2876 2806 ςδιὰ
2902 2729 3008 2800 τῆς
3048 2733 3155 2786 τοῦ
3195 2727 3455 2802 Χριὸίτοῦ
3493 2727 3581 2802 είς
3607 2737 3836 2806 ἀνθρώ-ι

2320 2814 2474 2863 πους
2504 2799 2875 2867 ἐπιφανείας.

2326 2928 2344 2960 ι
2393 2910 2717 2982 Ὀφθήσεται
2753 2917 2782 2967 ὁ
2827 2914 2958 2979 Θεὸς
2992 2915 3101 2969 τῶν
3141 2917 3279 2973 θεῶν
3307 2922 3363 2976 ἐν
3407 2920 3565 2976 Σιών.
3599 2923 3778 2995 Κύριε
3806 2928 3836 2979 ό

2248 2997 2380 3061 Θεὸς
2423 3000 2529 3052 τῶν
2565 3001 2866 3073 δυνάμεων,
2895 3007 3208 3062 εἰσάκουσον
3238 3010 3336 3079 τῆς
3367 3015 3670 3084 προσευχῆς
3703 3033 3833 3085 μου,

2250 3087 2522 3155 ὲνώτισαι,
2557 3094 2586 3145 ὁ
2610 3093 2741 3157 Θεὸς
2777 3094 2968 3148 Ἰακώό
2987 3114 3000 3126 ·
3043 3099 3424 3169 ὑπερασπιστὰ
3468 3105 3646 3173 ἡμῶν,
3679 3107 3779 3171 ίδε,
3805 3107 3839 3161 ὀ

582 3184 640 3238 in
671 3182 864 3236 faciem
892 3182 1096 3236 Christi
1126 3182 1205 3235 tui
1232 3184 1296 3236 “.
1327 3201 1345 3234 ι
1387 3181 1682 3250 Postquam
1717 3180 1884 3235 Deum
1919 3182 2144 3237 deorum

2250 3180 2403 3246 Θεὸς,
2434 3184 2530 3236 uoti.
2577 3185 2866 3255 ἐπίϐλεψον
2897 3190 2988 3242 ἐπὶ
3019 3189 3080 3242 τὸ
3128 3192 3420 3262 πρόσωπον
3449 3195 3542 3248 τοῦ
3587 3198 3835 3269 Χριστοῦ

581 3274 874 3329 videndum
906 3274 1175 3343 praedixit,
1204 3283 1319 3329 tum
1366 3282 1488 3328 orat
1519 3274 1812 3329 adventum
1840 3275 1960 3346 ejus
1982 3290 2147 3346 quam

581 3366 864 3420 celerrime
894 3367 1120 3432 adesse,
1183 3365 1404 3420 modum
1438 3382 1548 3437 quo
1575 3366 1844 3435 videndus
1888 3369 1960 3422 sit
2004 3367 2147 3424 inte-

584 3457 687 3511 rim
717 3456 921 3513 docens
962 3458 1072 3514 illis
1105 3458 1285 3514 verbis
1316 3477 1331 3514 :
1364 3480 1383 3511 ‹
1420 3458 1649 3529 Respice
1683 3459 1737 3513 in
1771 3459 1963 3515 faciem
1988 3459 2151 3515 Chri-

583 3550 653 3605 sti
677 3550 776 3615 tui,
819 3569 838 3603 ι
867 3565 976 3604 ηοη
1019 3551 1177 3606 aliter
1207 3567 1369 3621 quam
1421 3553 1658 3623 planius,
1692 3553 1959 3608 dixisset:
2020 3551 2152 3607 Post

582 3642 772 3696 faciem
821 3641 1026 3697 Christi
1074 3643 1153 3697 tui
1204 3645 1384 3713 praebe
1413 3645 1644 3713 teipsum
1669 3645 1980 3700 videndum.
2013 3642 2150 3698 Pro-

581 3742 764 3805 pterea
784 3735 952 3799 enim,
987 3735 1132 3805 quod
1163 3753 1182 3786 ι
1223 3735 1314 3805 qui
1349 3735 1480 3789 vidit
1512 3734 1730 3803 Filium,
1766 3737 1902 3791 vidit
1934 3736 2148 3790 Patrem

580 3826 674 3897 qui
703 3827 852 3881 misit
877 3827 1028 3881 illum
1059 3826 1105 3858 ’³
1139 3845 1152 3882 :
1219 3846 1238 3879 ι
1269 3827 1462 3881 merito
1513 3842 1611 3897 per
1665 3827 1859 3882 faciem
1920 3827 2145 3894 Christi,

581 3935 705 3974 eum
736 3920 831 3989 qui
859 3919 914 3974 in
936 3917 1158 3977 Christo
1172 3919 1398 3984 habitat,
1427 3918 1596 3975 Deum
1616 3918 1840 3974 deorum
1858 3919 2148 3976 videndum

581 4013 884 4068 denuntiat.

1197 4209 1428 4266 CAPUT
1468 4207 1534 4263 V.

581 4325 625 4379 Α
665 4323 872 4394 psalmo
901 4338 1024 4378 xcv.
1055 4351 1128 4366 -—-
1167 4323 1433 4377 Adventus
1482 4323 1698 4379 Domini
1742 4323 1796 4378 in
1828 4332 2022 4394 terram
2066 4339 2149 4377 re-

651 4393 928 4465 gnumque
960 4394 1073 4462 ejus
1122 4395 1258 4448 inter
1298 4403 1508 4465 gentes,
1555 4406 1603 4450 et
1637 4411 1826 4465 novum
1865 4393 2146 4450 Canticum

649 4463 752 4520 non
774 4463 874 4534 ipsi
902 4463 1094 4530 Israel,
1130 4465 1216 4518 sed
1241 4464 1479 4534 gentibus
1509 4464 1876 4522 exhibendum.

655 4665 675 4699 ι
697 4644 926 4702 Cantate
938 4643 1167 4700 Domino
1180 4645 1454 4699 canticum
1472 4660 1693 4711 novum,
1717 4652 1934 4701 cantate
1963 4644 2146 4701 Domi-

580 4752 674 4804 no,
699 4739 1068 4809 omnis’,terra,
1088 4746 1306 4792 cantate
1336 4738 1590 4801 Domino,
1611 4739 1916 4794 benedicite
1933 4741 2141 4794 nomini

576 4833 721 4905 ejus,
751 4833 1068 4887 annuntiate
1127 4833 1195 4886 de
1253 4832 1339 4887 die
1392 4832 1445 4886 in
1502 4832 1644 4887 diem
1696 4835 1936 4888 salutare
1985 4833 2140 4903 ejus,

580 4927 900 4981 annuntiate
948 4925 1092 4978 inter
1143 4931 1332 4994 gentes
1385 4924 1610 4994 gloriam
1642 4924 1794 4994 ejus,
1851 4927 1907 4980 in
1964 4925 2143 4980 omni-

576 5018 681 5073 bus
741 5015 953 5088 populis
1015 5015 1284 5069 mirabilia
1347 5016 1526 5084 ejus:
1587 5017 1847 5086 quoniam
1906 5031 2139 5086 magnus

576 5111 736 5181 263
795 5109 1057 5166 Dominus
1104 5118 1158 5165 et
1201 5109 1486 5164 laudabilis
1517 5111 1702 5175 nimis,
1734 5110 1994 5165 terribilis
2053 5117 2140 5165 est

573 5217 738 5272 super
772 5217 961 5257 omnes
982 5200 1123 5258 Deos
1161 5202 1227 5257 ".
1260 5220 1278 5253 ι
1302 5201 1366 5255 Et
1395 5217 1625 5256 rursus:
1675 5219 1696 5253 ι
1728 5201 1927 5256 Afi'erte
1954 5200 2138 5256 Domi-

577 5309 647 5349 no
670 5296 854 5362 patria
883 5297 1122 5365 gentium
1146 5295 1225 5361 ³³,
1252 5313 1271 5346 ι
1309 5293 1373 5348 Et
1393 5311 1586 5350 rursus
1620 5313 1634 5350 :
1667 5313 1687 5346 ι
1718 5294 1890 5350 Dicite
1919 5293 1974 5348 in
2007 5310 2139 5362 gen-

574 5386 720 5440 tibus
750 5386 894 5456 quod
948 5386 1211 5442 Dominus
1267 5387 1512 5457 regnavit
1550 5389 1617 5442 ".
1654 5406 1673 5440 ι
1706 5386 1787 5441 Ad
1831 5393 2136 5440 extremum

575 5493 704 5534 vero
728 5479 974 5548 adjungit
1005 5498 1018 5534 :
1054 5499 1075 5532 ι
1117 5482 1271 5535 Tunc
1301 5482 1651 5536 exsultabunt
1673 5481 1857 5535 omnia
1880 5480 2023 5552 ligna
2047 5482 2140 5537 silc

573 5576 759 5626 varu'm
777 5585 808 5624 a
825 5569 960 5628 facie
981 5573 1214 5638 Domini,
1231 5573 1488 5644 quoniam
1507 5573 1688 5629 venit:
1713 5571 1970 5644 quoniam
1990 5574 2140 5630 venit

2171 4525 2226 4586 D

2249 3289 2363 3327 σου.
2390 3291 2410 3326 ι
2431 3275 2532 3329 Τὸν
2548 3277 2678 3330 Θεὸν
2701 3278 2807 3330 τῶν
2835 3279 2970 3332 θεῶν
2995 3281 3327 3353 ὀφθήσεσθαι
3349 3287 3644 3356 προειπὼν,
3672 3288 3836 3362 εὔχε-

2246 3384 2335 3421 ται
2363 3367 2462 3440 τὴν
2491 3370 2813 3438 ἐπιφάνειαν
2853 3372 3018 3427 αὐτοῦ
3145 3376 3310 3448 τάχος
3355 3380 3660 3452 ἐπιστῆναι,
3703 3383 3836 3441 καθ’

2245 3459 2305 3513 ὃν
2347 3459 2640 3532 ὀφθήσεται
2666 3463 2865 3534 τρόπον
2908 3465 3175 3521 διδάσκων
3213 3458 3300 3522 διὰ
3346 3471 3474 3525 τοῦ·
3511 3492 3530 3525 ι
3578 3476 3834 3531 Ἐπίὸλεο

2246 3551 2345 3620 ψον
2375 3552 2468 3605 ἐπὶ
2506 3553 2566 3606 τὸ
2595 3555 2884 3627 πρόσωπον
2925 3558 3020 3611 τοῦ
3051 3560 3287 3630 Χριστοῦ
3329 3580 3422 3618 σου
3449 3582 3461 3592 ο
3504 3585 3522 3617 ι
3556 3566 3691 3620 ὡσεὶ
3725 3585 3833 3624 σαί

2249 3643 2505 3715 φέστερον
2559 3647 2800 3717 εἰρήκεν
2852 3648 2950 3702 Διὰ
2997 3650 3086 3704 τοῦ
3132 3652 3420 3724 προσώπου
3465 3657 3560 3711 τοῦ
3587 3660 3830 3731 Χριστοῦ

2251 3752 2344 3789 σου
2391 3738 2704 3810 ἐπιφάνηθι.
2760 3741 2911 3794 Ἐπεὶ
2984 3742 3082 3816 γὰρ
3156 3748 3185 3799 ὁ
3255 3749 3519 3821 ἑωρακὼς
3561 3753 3655 3807 τὸν
3694 3754 3832 3808 Υίὸν

2249 3827 2460 3900 ἑώρακε
2503 3829 2594 3882 τὸν
2641 3831 2862 3904 Πατέρα
2900 3834 2992 3890 τὸν
3039 3837 3328 3909 πέμψαντα
3377 3842 3560 3907 αὑτὸν,
3597 3846 3831 3912 εἰκότως

2246 3919 2335 3973 διὰ
2377 3920 2471 3973 τοῦ
2518 3923 2804 3994 προσώπου
2833 3925 2928 3978 τοῦ
2973 3929 3210 4000 Χριστοῦ
3248 3933 3678 4006 ὲπιφανήσεσθαι
3733 3940 3830 3994 τὸν

2248 4012 2306 4064 ὲν
2349 4012 2427 4084 τῷ
2467 4014 2687 4086 Χριστῷ
2731 4018 3087 4074 κατοικοῦντα
3130 4021 3262 4077 Θεὸν
3311 4025 3420 4081 τῶν
3472 4027 3611 4085 θεῶν
3650 4033 3830 4102 ἐπαγ-ι

2247 4105 2446 4174 γέλλει.

2777 4221 3168 4280 ΚΕΦΑΛΑῙΟΝ
3211 4224 3289 4284 E'.

2415 4331 2664 4419 ψαλμοῦ
2703 4338 2812 4419 ιε’..
2842 4365 2929 4418 —~
2949 4341 3502 4419 [Iapovglajt'vglov
3545 4342 3645 4402 ἐπὶ
3683 4349 3824 4419 γῆς,

2310 4401 2600 4486 ,ςασιλεία
2638 4420 2702 4482 τε
2728 4401 2944 4486 ίᾳρτοῦ.
2969 4401 3066 4486 ea}
3253 4401 3463 4486 ἐθξηῶτ,
3497 4401 3831 4478 staﬁda—'1;

2521 4477 2593 4527 οὐ
2624 4476 2703 4539 τῷ
2757 4476 3026 4546 Ἰσραὴλ,
3067 4479 3226 4536 ἀλλὰ
3253 4482 3377 4550 τοῖς
3407 4476 3613 4542 ἔθνεσι
3645 4476 3830 4559 δοθηζ

2315 4542 2591 4611 σύμενον.

2321 4672 2340 4705 ι
2381 4656 2578 4726 ’ᾼσατε
2602 4657 2678 4728 τῷ
2701 4660 2890 4733 Κυρίῳ
2914 4659 3065 4734 ᾆσμα
3094 4666 3299 4734 καινὸν,
3329 4668 3494 4741 ᾇσατε
3511 4672 3589 4742 τῷ
3605 4675 3824 4748 Κυρίῳ,

2244 4748 2446 4818 πᾶσαὴ
2478 4751 2570 4820 γῆ.
2606 4753 2805 4822 ’ᾼσατε
2835 4754 2913 4825 τῷ
2945 4757 3155 4829 Κυρίῳ,
3184 4759 3512 4831 εὐλογήσατε
3538 4765 3599 4817 τὸ
3646 4767 3823 4838 ὄνομα

2242 4838 2427 4893 αὐτοῦ.
2451 4841 2888 4910 Εὑαγγελίσασθε
2917 4848 3125 4920 ἡμέραν
3146 4852 3204 4915 ἐξ
3229 4853 3442 4925 ἡμέρας
3467 4855 3526 4909 τὸ
3551 4859 3825 4930 σωτήριον

2244 4931 2406 4985 αὐτοῦ
2432 4949 2445 4964 ο
2485 4934 2838 5004 ἀναγγείλατε
2869 4939 2927 4992 ὲν
2960 4943 3071 5004 τοῖς
3095 4942 3270 4996 ἔθνεσι
3297 4947 3396 5016 τὴν
3432 4945 3589 5012 δόξαν
3625 4950 3824 5016 αὐτοῦ,

2245 5024 2302 5076 ὲν
2342 5027 2473 5078 πᾶσι
2509 5030 2618 5091 τοῖς
2659 5029 2806 5093 λαοῖς
2837 5031 2906 5084 τὰ
2949 5033 3226 5104 θαυμάσια
3272 5039 3436 5092 αὑτοῦ
3462 5057 3475 5069 ·
3523 5042 3604 5094 ὅτι
3637 5044 3823 5114 μέγας

2243 5115 2446 5188 Κύριος
2474 5119 2565 5172 καὶ
2599 5122 2806 5185 αἰνετὸς
2830 5124 3051 5197 σφόδρα,
3083 5127 3308 5200 φοϐερός
3345 5135 3489 5187 ἐστιν
3521 5134 3662 5204 ὑπὲρ
3683 5138 3825 5190 πάν-

2242 5225 2341 5271 τας
2381 5212 2506 5274 τοὺς
2546 5211 2716 5276 θεούς.
2762 5233 2780 5267 ι
2824 5217 2934 5269 Καὶ
2973 5219 3131 5272 πάλιν
3157 5235 3170 5250 ·
3209 5240 3228 5272 ι
3279 5223 3563 5292 Ἐνέγκατε
3593 5226 3672 5296 τῷ
3703 5228 3826 5280 Κυα

2247 5299 2346 5372 ρίῳ
2368 5303 2425 5354 αἱ
2453 5308 2678 5374 πατριαὶ
2700 5307 2805 5362 τῶν
2828 5309 3016 5365 ἐθνῶν.
3056 5331 3074 5363 ι
3107 5313 3216 5367 Καὶ
3241 5315 3400 5369 πάλιν
3419 5334 3431 5346 ·
3469 5337 3488 5368 ι
3519 5318 3724 5373 Εἴπατε
3759 5322 3823 5373 ἐν

2240 5395 2356 5457 τοῖς
2382 5393 2610 5460 ἔθνεσιν,
2649 5400 2730 5451 ὅτι
2761 5399 2963 5472 Κύριος
3001 5403 3337 5461 ἐϐασίλευσε.
3369 5427 3388 5460 ι
3434 5409 3542 5463 Καὶ
3587 5410 3679 5463 ἐπὶ
3707 5414 3830 5464 mia

2244 5486 2600 5556 σινὲπιλέγει
2625 5505 2640 5520 °
2687 5509 2706 5542 ι
2741 5491 2875 5545 Τότε
2915 5494 3330 5563 ἁγαλλιάσονται
3363 5501 3537 5556 πάντα
3573 5503 3640 5557 τὰ
3681 5504 3829 5568 ξύλα

2239 5576 2334 5630 τοῦ
2366 5577 2593 5651 δρυμοῦ,
2629 5581 2736 5636 ἀπὸ
2768 5585 3058 5656 προσώπου
3083 5590 3308 5663 Κυρίου,
3350 5594 3430 5647 ὅτι
3452 5594 3669 5666 ἔρχεται
3688 5613 3702 5626 ·
3734 5600 3830 5653 ὅτι

640 5726 688 5760 ⁸⁸
720 5727 862 5787 Psal.
890 5744 1037 5792 χιιι,
1060 5727 1208 5784 7-15.
1285 5728 1488 5785 “Psal.
1511 5743 1717 5798 Luxu,
1750 5729 1903 5786 8-40.
1978 5732 2026 5765 ”
2051 5731 2148 5788 Joa

2250 5750 2341 5801 xu,
2366 5735 2458 5792 45.
2533 5737 2579 5771 ³⁸
2617 5737 2760 5797 Psal.
2799 5756 2917 5811 xcv,
2943 5744 3058 5801 1-4.
3131 5747 3325 5806 "ibid.
3359 5751 3409 5806 7.
3485 5752 3681 5809 “ibid.
3726 5755 3824 5813 ιο.
