4100 6430
301 333 395 387 421

1190 337 1846 394 DEMONSTRATIONIS
1885 339 2343 398 EVANGELICIE
2384 341 2514 399 LIB.
2552 343 2638 398 Vl.

3463 351 3566 404 422

302 453 418 522 ἣκει
447 456 629 523 κρῖναι
653 453 754 525 τὴν
775 452 900 524 γῆν.
927 456 1117 526 Κρινεῖ
1137 456 1235 528 τὴν
1255 457 1576 528 οἰκουμένην
1604 459 1662 509 ἐν
1681 457 1862 512 δικαιο

1980 458 2233 528 judicare
2256 470 2478 515 terram.
2511 459 2786 515 Judieabit
2812 462 3001 517 orbem
3056 469 3218 518 terra:
3241 462 3295 518 in
3321 461 3562 534 justitia,

303 541 458 613 σύνῃ,
491 545 586 596 καὶ
625 543 786 608 λαοὺς
827 547 883 598 ἐν
923 549 988 616 τῇ
1025 546 1251 618 ἀληθείᾳ
1284 547 1470 602 αὐτοῦ.
1512 567 1530 598 ι
1589 547 1881 602 Κάνταῦθα

299 635 462 688 πάλιν
501 638 790 708 ἐρχόμενος
829 640 909 702 είς
949 639 1268 711 ἀνθρώπους
1305 639 1508 712 Κύριος
1568 639 1879 712 προφητεύ-

300 745 440 792 εται,
474 729 659 782 καινόν
682 747 740 782 τε
769 726 920 802 ᾆσμα
940 732 1033 784 ἐπὶ
1060 735 1128 803 τῇ
1148 733 1420 804 παρουσίᾳ
1446 731 1608 785 αὑτοῦ
1627 732 1875 803 ᾅσεσθαι,

295 820 394 889 τὴν
425 821 636 891 Καινὴν
677 823 968 894 Διαθήκην,
1009 824 1070 876 ού
1117 824 1179 876 τὸ
1222 825 1489 877 Ἰουδαίων
1540 824 1710 888 ἔθνος,
1744 825 1880 878 ἀλλά

297 912 480 962 πᾶσαν
523 911 622 982 τὴν
663 913 795 982 γῆν·
848 913 1402 984 εὑαγγελισθήσεσθαί
1449 932 1506 967 τε
1553 915 1738 968 οὐκέτι
1785 916 1878 969 τὸν

307 1001 548 1072 Ἰσραὴλ,
597 1003 731 1057 ἀλλά
782 1005 958 1058 πάντα
1005 1004 1074 1058 τὰ
1126 1005 1286 1075 ἔθνη·
1352 1006 1649 1078 ἐπειδήπερ
1699 1007 1876 1060 αὐτῶν

296 1094 518 1148 ἔσεσθαί
559 1114 690 1167 φησι
727 1096 949 1166 βασιλέα
987 1098 1080 1151 τὸν
1109 1100 1400 1169 ἐρχόμενον
1429 1099 1652 1170 Κύριον.
1689 1100 1784 1163 Τίς
1830 1101 1876 1154 δ’

295 1186 363 1239 ἂν
388 1186 474 1256 εἴη
510 1180 665 1250 οὗτος
691 1189 725 1258 ἢ
760 1190 788 1242 ὁ
830 1188 963 1252 Θεὸς
986 1190 1194 1256 Λόγος;
1234 1189 1294 1253 ὃς
1325 1190 1530 1260 μέλλων
1561 1191 1874 1264 δικαιοσύνῃ

293 1278 393 1348 τὴν
424 1280 768 1350 οἰκουμένην,
800 1281 894 1334 καὶ
932 1280 1157 1352 ἀληθεία
1189 1281 1289 1352 τὴν
1326 1281 1718 1353 ἀνθρωπότητα
1759 1283 1877 1352 κρί-

291 1385 406 1420 νειν
433 1368 618 1440 ἐξίσης
647 1369 892 1434 ἅπαντας
913 1373 1038 1434 τοὺς
1068 1371 1160 1424 ἐπὶ
1190 1370 1291 1440 τῆς
1319 1372 1646 1442 οἰκουμένης
1674 1370 1878 1442 ἀνθρώ-

295 1477 453 1523 πους,
491 1462 589 1532 τῆς
622 1461 784 1514 αὑτοῦ
821 1461 1084 1533 κλήσεως,
1125 1462 1218 1516 καὶ
1256 1462 1356 1532 τῆς
1388 1461 1479 1515 ἐπὶ
1522 1462 1693 1533 ταύτῃ
1729 1462 1876 1532 παρὰ

294 1552 373 1622 τῷ
411 1552 530 1622 Θεῷ
554 1553 825 1624 σωτηρίας
846 1551 1199 1623 κατηξίωσεν.

808 1750 1208 1804 ΚΕΦΑΛΑΙΟΝ
1248 1752 1338 1818 εῖν.

296 1861 438 1944 Ἀπί)
482 1864 730 1944 ψαλιέώ
763 1859 1199 1944 ιιςχ--ιᾌσέια
1254 1868 1484 1944 καινὸν,
1536 1863 1759 1944 γνῶσίς
1808 1883 1872 1944 τε

362 1935 553 1987 ἐθνῶν
585 1935 692 2006 τῆς
722 1935 829 2006 τοῦ
848 1937 1082 2006 ’Κυρίου
1104 1935 1513 2005 δικαιοσύνης,
1547 1937 1872 2006 ἐρχόμενος

363 2021 429 2056 τε
457 2005 641 2071 αὐτὸς
679 2003 884 2073 κριτὴς
915 2004 1032 2058 τῶν
1058 2004 1236 2059 ὅλων.

372 2137 391 2170 ι
420 2120 621 2191 ’ᾼσατε
663 2120 740 2192 τῷ
772 2119 962 2190 Κυρίῳ
1018 2113 1169 2189 ᾆσμα
1219 2118 1424 2182 καινὸν,
1459 2119 1541 2172 ὅτι
1585 2119 1869 2190 θαυμαστὰ

285 2213 543 2282 ἐποίησε,
565 2231 582 2265 ι
604 2211 778 2265 καὶτά
794 2211 940 2282 ἐξῆς·
969 2227 987 2262 ι
1010 2210 1300 2282 Ἐγνώρισε
1317 2208 1519 2281 Κύριος
1530 2211 1589 2264 τὸ
1607 2213 1869 2282 σωτήριον

282 2305 479 2367 αὐτοῦ,
514 2304 753 2356 ἐναντίον
798 2303 1016 2356 πάντων
1063 2302 1170 2355 τῶν
1218 2301 1386 2356 ἐθνῶν
1426 2302 1738 2372 ἀπεκάλυψε
1770 2304 1868 2375 τὴν

278 2395 634 2466 δικαιοσύνην
690 2394 874 2449 αὑτοῦ.
906 2413 924 2445 ι
961 2393 1070 2447 Καὶ
1120 2393 1314 2446 πάλιν
1361 2409 1384 2446 ε
1416 2392 1640 2446 Εῖδοσαν
1691 2393 1868 2447 πάντα

281 2488 360 2540 τὰ
383 2488 592 2558 πέρατα
611 2486 707 2556 τῆς
738 2487 840 2556 γῆς
863 2484 922 2537 τὸ
949 2485 1212 2555 σωτήριον
1237 2483 1331 2536 τοῦ
1359 2483 1493 2536 Θεοῦ
1520 2483 1699 2555 ἡμῶν.
1717 2483 1868 2538 Ἀλα-

280 2579 486 2646 λάξατε
530 2579 608 2650 τῷ
654 2577 843 2649 Κυρίῳ
873 2579 1020 2630 πᾶσα
1051 2578 1084 2646 ἡ
1112 2575 1206 2645 γῆ.
1232 2594 1250 2626 ι
1281 2576 1391 2630 Καὶ
1416 2576 1510 2628 ἐπὶ
1541 2577 1672 2629 πᾶσι
1691 2593 1704 2606 ο
1736 2594 1758 2628 ι
1785 2577 1866 2630 Τά

283 2671 391 2742 ἧρη
425 2669 837 2738 ἀγαλλιάσονται
879 2668 985 2722 ἀπὸ
1013 2666 1301 2740 προσώπου
1339 2667 1561 2738 Κυρίου,
1592 2668 1672 2720 ὅτι
1709 2667 1864 2739 ἔρχεο

283 2779 401 2824 ται,
429 2765 508 2815 ὅτι
541 2763 664 2829 ἦκει
695 2764 878 2832 κρῖναι
919 2759 1015 2831 τὴν
1043 2760 1168 2830 γῆν.
1195 2760 1387 2828 Κρινεῖ
1410 2758 1509 2828 τὴν
1543 2759 1862 2829 οἰκουμένην

289 2856 349 2905 ἐν
385 2852 723 2926 δικαιοσύνῃ,
753 2852 846 2904 καὶ
875 2851 1036 2914 λαοὺς
1058 2853 1114 2903 ἐν
1141 2849 1412 2919 εύθύτητι.
1440 2870 1459 2901 ι
1491 2849 1707 2902 Πολλῶν
1727 2851 1863 2918 ἀγα-

290 2947 400 3000 θῶν
428 2948 578 3000 αἰτία
605 2948 696 2999 κα)⁵
726 2946 812 2999 διὰ
835 2944 1038 2998 τούτων
1059 2946 1092 3015 ἡ
1114 2943 1206 2996 τοῦ
1236 2942 1436 3014 Κυρίου
1462 2943 1730 3014 παρουσία
1751 2946 1862 3007 τοῖς

290 3041 468 3094 ἔθνεσι
501 3039 822 3109 γεγενῆσθαι
853 3037 1250 3110 προφητεύεται
1269 3054 1282 3066 ο
1310 3036 1346 3090 ἃ
1370 3037 1463 3090 καὶ
1494 3035 1580 3090 διὰ
1610 3037 1709 3107 τῆς
1741 3039 1860 3090 ἐπι-

1979 557 2035 606 et
2055 552 2286 621 populos
2311 552 2365 606 in
2399 552 2629 606 veritate
2649 568 2748 606 sua
2775 554 2840 608 ’⁷.
2881 573 2900 605 ι
2928 552 3042 608 Hoc
3066 555 3192 608 item
3217 555 3336 611 loco
3371 565 3566 610 ventu-

1980 659 2075 697 rus
2110 644 2176 696 ad
2212 645 2458 699 homines
2492 645 2828 714 promittitur
2887 645 3151 701 Dominus
3173 687 3187 710 ,
3251 664 3562 719 novumque

1979 731 2035 786 in
2066 733 2356 788 adventum
2385 733 2506 803 ejus
2523 734 2829 788 canendum
2861 750 2982 788 esse
3011 736 3316 800 canticum,
3347 735 3558 790 Novum

1979 826 2233 881 videlicet
2264 825 2699 889 Testamentum,
2727 842 2834 880 non
2867 828 2935 880 ab
2963 843 3068 881 una
3100 827 3325 882 Judaica
3378 839 3558 900 gente,

1978 918 2074 973 sed
2104 918 2172 970 ab
2221 918 2368 970 omni
2403 926 2568 978 terra,
2591 916 2994 986 Evangelioque
3024 918 3407 972 illustrandum
3449 935 3558 972 non

1978 1011 2211 1079 amplius
2239 1010 2417 1078 ipsum
2466 1008 2653 1073 Israel,
2688 1009 2780 1062 sed
2824 1024 3015 1062 omnes
3041 1018 3231 1078 gentes
3262 1028 3274 1064 :
3311 1011 3558 1078 quando-

1977 1101 2194 1171 quidem
2229 1099 2344 1154 fore
2377 1102 2619 1170 ipsorum
2653 1116 2831 1170 regem
2873 1101 2948 1153 ait
2981 1116 3103 1153 eum
3128 1140 3142 1162 ,
3178 1101 3270 1169 qui
3295 1111 3556 1155 venturus

1978 1195 2049 1246 sit
2086 1192 2373 1248 Dominus.
2407 1192 2542 1258 Quis
2570 1208 2734 1263 porro
2766 1194 2853 1246 hic
2887 1195 2956 1246 sit
2999 1193 3162 1254 alius,
3199 1209 3359 1262 quam
3414 1191 3556 1248 Deus

1977 1282 2265 1338 Verbum?
2327 1284 2418 1352 qui
2473 1284 2690 1351 jnstitia
2743 1283 2929 1335 orbem
2984 1291 3164 1348 terrae,
3213 1289 3268 1336 et
3325 1284 3554 1338 veritate

1977 1377 2364 1430 humanitatem
2392 1375 2738 1444 judicaturus
2758 1415 2772 1437 ,
2801 1392 2864 1429 ex
2901 1391 3060 1444 mque
3092 1375 3351 1430 omnibus
3375 1376 3468 1445 qui
3497 1376 3551 1430 in

1975 1468 2159 1522 orbem
2191 1475 2348 1522 terra:
2377 1474 2561 1520 essent
2591 1467 2924 1528 hominibus,
2962 1468 3305 1520 vocationem
3366 1481 3547 1529 suam,

1975 1569 2027 1615 et
2053 1567 2173 1629 post
2206 1558 2546 1614 vocationem
2566 1599 2583 1626 ,
2631 1560 2861 1614 salutem
2893 1574 2923 1613 a
2955 1558 3067 1614 Deo
3131 1558 3550 1630 impertiendam

1974 1665 2096 1704 esse
2125 1648 2356 1717 putavit.

2579 1759 2809 1815 CAPUT
2848 1759 2937 1815 Vl.

1973 1872 2015 1926 Α
2071 1872 2276 1942 psalmo
2323 1887 2490 1926 xcvn.
2551 1901 2624 1913 —
2673 1871 2951 1926 Canticum
3013 1889 3234 1939 novum,
3289 1875 3549 1943 gentium-

2041 1961 2138 2012 que
2168 1943 2403 2026 .cognitio
2422 1943 2670 2013 justitiaz,
2711 1953 3054 2014 venturasque
3092 1946 3200 2011 ipse
3219 1944 3388 2013 judea:
3428 1947 3550 1999 uni-

2042 2030 2199 2067 versi.
3126 2041 3129 2050 ι

2047 2144 2065 2176 ι
2099 2129 2324 2184 Cantate
2354 2123 2582 2179 Domino
2616 2125 2885 2179 canticum
2910 2139 3131 2189 novum,
3158 2126 3413 2195 quoniam
3443 2127 3546 2180 mi-

1970 2217 2161 2270 rabilia
2203 2217 2350 2279 fecit,
2391 2235 2409 2268 ι
2446 2223 2498 2270 et
2537 2225 2727 2269 caetera
2763 2234 2775 2269 :
2815 2234 2833 2266 ι
2873 2214 3068 2269 Notum
3104 2215 3229 2270 fecit
3283 2218 3545 2273 Dominus

1971 2308 2210 2362 salutare
2255 2322 2438 2368 suum,
2471 2306 2526 2360 in
2559 2315 2854 2375 conspectu
2890 2307 3130 2375 gentium
3179 2308 3433 2361 revelavit
3455 2307 3545 2376 ju-

1969 2398 2172 2452 stitiam
2232 2413 2387 2452 suam
2405 2398 2468 2451 ³⁸.
2512 2417 2530 2448 ι
2581 2395 2646 2449 Ει
2703 2413 2939 2452 rursus:
2981 2417 2998 2448 ι
3039 2396 3302 2452 Viderunt
3354 2412 3544 2458 omnes

1970 2490 2186 2544 termini
2233 2497 2390 2543 terra:
2429 2489 2666 2544 salutare
2693 2487 2786 2543 Dei
2810 2489 3001 2554 nostri,
3027 2489 3255 2559 jubilate
3290 2489 3541 2556 Domino,

1968 2580 2145 2634 omnis
2171 2581 2392 2633 terra”.
2433 2597 2451 2628 ι
2484 2577 2549 2631 Et
2577 2577 2644 2632 ad
2677 2585 2978 2632 extremum
3012 2595 3024 2631 :
3060 2597 3078 2630 ι
3116 2577 3325 2634 Montes
3353 2582 3540 2635 exsul-

1967 2671 2160 2726 tabunt
2181 2686 2210 2724 a
2233 2678 2526 2742 conSpectu
2549 2669 2783 2731 Domini,
2814 2670 3068 2740 quoniam
3096 2670 3262 2732 venit,
3284 2672 3538 2742 quoniam

1966 2762 2114 2818 venit
2133 2762 2382 2831 judicare
2413 2767 2638 2815 terram.
2660 2758 2935 2813 Judicabit
2966 2759 3151 2814 orbem
3185 2767 3342 2814 terra:
3371 2761 3426 2813 in
3451 2759 3543 2830 ju-

1966 2855 2136 2917 Stitia,
2173 2863 2226 2909 et
2270 2853 2498 2923 populos
2548 2853 2602 2904 in
2647 2849 2959 2920 aaquitate’o
3001 2869 3014 2903 :
3060 2869 3078 2900 ι
3119 2850 3410 2904 multorum
3442 2849 3540 2904 bo-

1965 2964 2164 3004 norum
2210 2946 2518 3002 eﬂectorem
2566 2944 2778 2998 Domini
2809 2943 3099 2997 adventum
3134 2943 3386 3012 gentibus
3408 2957 3540 2996 con-

1969 3040 2179 3110 tigisse,
2211 3038 2324 3092 haec
2367 3037 2530 3090 verba
2576 3033 2880 3104 praedicunt
2912 3071 2926 3095 ,
2960 3047 3080 3102 quae
3124 3033 3340 3101 quidem
3371 3032 3536 3096 bona,

290 3133 515 3203 φανείας
533 3131 626 3185 τοῦ
641 3131 890 3201 Σωτῆρος
913 3129 1068 3201 ἡμῶν
1099 3130 1189 3182 ἐπὶ
1211 3129 1383 3201 πέρας
1402 3128 1635 3200 ἀχθέντα
1658 3129 1859 3184 δείκνυ-

1963 3149 2059 3204 per
2099 3130 2351 3186 eumdem
2402 3125 2700 3181 Salvatoris
2747 3124 2917 3178 nostri
2965 3123 3276 3186 adventum,
3330 3123 3537 3178 exitum

287 3243 396 3278 ται.
417 3223 507 3287 Ἐξ
535 3223 742 3276 ἐκείνου
773 3221 882 3293 γάρ
922 3239 1004 3275 τοι
1039 3221 1132 3274 καὶ
1168 3221 1230 3274 οὐ
1263 3221 1547 3293 πρότερον,
1577 3221 1637 3275 τὸ
1680 3224 1862 3277 καινὸν

1964 3223 2244 3294 accepisse
2282 3227 2680 3276 monstrantur.
2734 3213 2854 3272 Non
2901 3216 3052 3287 prius
3117 3215 3283 3280 enim,
3322 3214 3415 3269 sed
3467 3231 3534 3268 ex

287 3312 442 3386 ᾆσμα
494 3314 592 3384 τῆς
623 3313 834 3382 Καινῆς
874 3311 1146 3383 Διαθήκης
1188 3313 1269 3374 είς
1312 3310 1520 3376 πάντας
1548 3311 1864 3383 ἀνθρώπους

285 3407 493 3477 ᾅδεται,
525 3404 704 3458 καὶτὰ
735 3403 1014 3474 θαυμάσια
1045 3402 1208 3456 αὐτοῦ
1243 3402 1330 3456 διά
1360 3404 1459 3474 τῆς
1489 3405 1597 3457 τῶν
1624 3405 1864 3473 Εὐαγγέ-

285 3496 416 3549 λίων
443 3495 658 3566 γραφῆς
687 3492 937 3564 γνώριμα
967 3493 1062 3546 καὶ
1095 3491 1392 3561 ἐξάκουστα
1415 3497 1522 3558 τοῖς
1555 3497 1687 3548 πᾶσι
1719 3497 1862 3564 γίνε-

281 3607 397 3642 ται.
427 3590 501 3642 οὐ
547 3589 652 3659 μὴν
691 3586 826 3640 ἀλλὰ
859 3586 953 3640 καὶ
989 3586 1050 3638 τὸ
1087 3587 1370 3658 σωτήριον,
1402 3587 1463 3640 τὸ
1501 3587 1642 3640 κατὰ
1669 3587 1764 3659 τὴν
1797 3591 1860 3641 ἐκ

281 3680 496 3754 νεκρῶν
540 3679 834 3733 ἀνάστασιν
883 3676 1070 3742 αὑτοῦ,
1127 3679 1292 3732 πᾶσιν
1338 3678 1694 3750 ἀπεκαλύφθη
1749 3682 1858 3744 τοῖς

282 3773 487 3836 ἔθνεσι,
535 3772 632 3824 καὶ
682 3773 716 3841 ἡ
767 3769 975 3841 ἀληθὴς
1024 3769 1358 3841 δικαιοσύνη,
1404 3770 1470 3824 δι’
1500 3765 1568 3841 ἧς
1615 3771 1857 3842 ἐναργῶς

289 3865 608 3936 ἀπεδείχθη,
641 3867 723 3919 ὅτι
759 3864 834 3937 μὴ
877 3863 1143 3918 Ἰουδαίων
1166 3866 1194 3918 ὁ
1219 3864 1352 3928 Θεὸς
1406 3865 1581 3934 μόνον,
1609 3864 1741 3917 ἀλλά
1767 3866 1856 3918 καὶ

287 3955 478 4011 ἐθνῶν·
519 3976 536 4009 ι
560 3958 820 4028 Ἐπείπερ
848 3952 927 4020 εἷς
954 3958 982 4009 ὁ
1006 3957 1189 4021 Θεὸς,›
1221 3956 1363 4010 κατά
1399 3957 1488 4011 τὸν
1523 3957 1663 4026 ἱερὸν
1696 3957 1748 4009 Ἀ
1760 3957 1856 4008 πό-

284 4051 492 4113 στολον,
534 4069 552 4100 ι
580 4050 638 4113 ὃς
682 4048 962 4104 δικαιώσει
1004 4047 1303 4120 περιτομὴν
1342 4049 1408 4102 ἐκ
1447 4049 1695 4112 πίστεως.
1730 4069 1748 4099 ›
1783 4050 1856 4102 Τὸ

282 4143 362 4205 δὲ,
404 4143 558 4196 «Ὅτι
589 4142 804 4212 ἔρχεται
828 4143 1008 4212 κρῖναι
1037 4141 1135 4211 τὴν
1167 4141 1293 4210 γῆν,
1328 4160 1347 4193 ι
1378 4140 1572 4210 γένοιτ’
1596 4141 1660 4196 ἂν
1683 4140 1854 4213 δηλω-

281 4235 434 4289 τικὸν
460 4235 556 4288 καὶ
582 4231 680 4304 τῆς
707 4233 963 4305 δευτέρας
986 4231 1157 4286 αὑτοῦ
1183 4231 1503 4302 παρουσίας.

818 4525 1212 4579 ΚΕΦΑΛΑΙΟΝ
1249 4526 1322 4580 Z'.

291 4638 426 4694 Ἀπὸ
457 4638 700 4710 ψαλμοῦ
723 4647 832 4708 pd.
869 4671 939 4680 —
982 4640 1174 4710 Λόγος
1206 4638 1354 4692 Θεοῦ
1384 4641 1470 4705 εὶς
1501 4636 1848 4710 ἀνθρώπους

349 4713 873 4779 ἀποστελλόμενος
896 4709 995 4762 ἐπὶ
1023 4711 1302 4776 θεραπείᾳ
1331 4709 1428 4762 καὶ
1452 4709 1712 4776 σωτηρίᾳ
1739 4713 1849 4778 ym-

352 4779 492 4850 χῶν,
525 4781 642 4834 τῶν
671 4780 854 4834 πάλαι
879 4781 948 4833 ἐν
975 4779 1209 4844 κακίαις
1238 4779 1710 4847 τετρυχωμένων.

355 4910 374 4942 ι
399 4890 1012 4961 Ἐξομολογησάσθωσαν
1053 4890 1131 4962 τῷ
1175 4891 1363 4963 Κυρίῳ
1410 4891 1478 4945 τὰ
1503 4891 1623 4964 ἐλέη
1657 4892 1842 4956 αὑτοῦ,

277 4984 368 5036 καὶ
391 4983 459 5036 τὰ
487 4982 767 5053 θαυμάσια
786 4982 951 5037 αὑτοῦ
972 4985 1084 5047 τοῖς
1113 4983 1246 5045 υἱοῖς
1268 4981 1374 5035 τῶν
1407 4981 1503 5035 ἀνθ
1513 4981 1708 5054 ρώπων
1727 4999 1740 5012 ·
1766 4983 1848 5036 ὅτι

277 5075 565 5146 συνέτριψε
595 5074 768 5138 πύλας
797 5073 1021 5145 χαλκᾶς,
1052 5075 1146 5126 καὶ
1185 5073 1411 5143 μοχλοὺς
1445 5072 1694 5142 σιδηροῦς
1726 5089 1850 5126 συν-

276 5168 519 5222 έθλασεν.
537 5167 880 5222 ’Δντελάσετο
921 5167 1096 5220 αὐτῶν
1137 5165 1195 5230 ἐξ
1225 5164 1344 5218 ὁδοῦ
1378 5166 1604 5234 ἀνομίας
1630 5164 1806 5218 αὐτῶν
1827 5181 1843 5195 ⁸

272 5259 361 5312 διά
411 5260 520 5330 γὰρ
569 5259 668 5322 τὰς
714 5259 943 5329 ἀνομίας
992 5259 1170 5311 αὐτῶν
1217 5255 1687 5326 ἐταπεινώθησανο
1737 5257 1844 5309 πᾶν

275 5353 471 5425 βρῶμα
504 5351 817 5416 ἐὸδελύξατο
859 5353 891 5422 ἡ
934 5351 1078 5422 ψυχὴ
1125 5350 1322 5412 αὐτῶν,
1350 5349 1442 5402 καὶ
1478 5349 1710 5420 ἤγγισαν
1739 5349 1844 5410 ἕως

270 5439 382 5492 ⁸ιῶν
417 5439 601 5493 πυλῶν
631 5440 724 5494 τοῦ
753 5441 1003 5504 θανάτου,
1039 5441 1132 5492 καὶ
1157 5438 1458 5510 ἐκέκραξαν
1486 5438 1621 5509 πρὸς
1641 5438 1843 5510 Κύριον

272 5535 332 5586 ἐν
363 5533 440 5602 τῷ
471 5532 743 5586 θλίϐεσθαι
776 5533 991 5597 αὐτοὺς,
1025 5533 1119 5585 καὶ
1148 5533 1210 5584 ἐκ
1238 5533 1345 5585 τῶν
1375 5530 1626 5599 ἀναγκῶν
1663 5530 1842 5584 αὐτῶν

271 5625 473 5678 ἔσωσεν
487 5625 699 5689 αὐτούς.
719 5624 1026 5679 Ἀπέστειλε
1051 5624 1142 5678 τὸν
1157 5623 1312 5692 λόγον
1328 5622 1515 5687 αὑτοῦ,
1533 5623 1627 5677 καὶ
1653 5622 1841 5676 ἰάσατο

1879 4481 1926 4536 D

1963 3317 2056 3372 illo
2105 3315 2390 3375 duntaxat,
2445 3326 2644 3365 novum
2694 3309 2828 3362 Novi
2877 3306 3213 3362 Testamenti
3262 3307 3534 3360 canticum

1963 3403 2107 3475 apud
2135 3418 2326 3458 omnes
2353 3401 2602 3455 homines
2632 3399 2868 3461 canitur,
2895 3405 2947 3450 et
2979 3397 3252 3450 mirabilia
3291 3397 3410 3466 ejus
3440 3412 3536 3466 per

1961 3499 2287 3566 scripturam
2317 3493 2731 3564 Evangeliorum
2763 3487 2924 3560 264
2946 3494 3072 3542 nota
3105 3487 3262 3552 ﬁunt,
3288 3497 3340 3541 et
3362 3504 3532 3541 exau-

1959 3591 2186 3646 diuntur
2223 3589 2292 3643 ab
2323 3585 2599 3642 omnibus.
2632 3582 2944 3648 Quinetiam
2979 3581 3236 3647 salutare,
3272 3579 3415 3649 quod
3447 3595 3535 3634 se-

1958 3683 2198 3739 cundum
2229 3680 2464 3735 reditum
2489 3678 2633 3732 illius
2658 3677 2710 3729 in
2742 3677 2905 3728 vitam
2932 3672 3251 3743 percipitur,
3276 3672 3530 3726 omnibus

1958 3773 2290 3844 patefactum
2333 3777 2416 3825 est
2454 3767 2728 3838 gentibus,
2763 3775 2815 3819 et
2853 3779 2976 3819 cum
3016 3778 3082 3818 eo
3116 3777 3243 3818 vera
3292 3761 3527 3830 iustitia,

1957 3880 2053 3935 per
2083 3879 2246 3934 quam
2279 3861 2558 3916 evidenter
2579 3865 2859 3913 ostensum
2882 3866 2986 3920 est,
3005 3855 3148 3924 quod
3173 3870 3279 3909 non
3313 3852 3530 3910 Judae-

1955 3971 2076 4010 rum
2105 3955 2281 4009 solum
2314 3952 2384 4006 sit
2421 3950 2581 4015 Deus,
2617 3948 2708 4004 sed
2742 3945 2970 4000 aliarum
3000 3959 3214 4016 quoque
3246 3945 3525 4016 gentium:

1959 4063 1980 4097 ι
2017 4041 2489 4112 Quandoquidem,
2526 4054 2669 4092 unus
2718 4036 2880 4101 Deus,
2923 4055 2942 4088 ι
2992 4044 3215 4091 sanctus
3269 4035 3344 4089 ait
3382 4035 3527 4104 Apo-

1955 4136 2150 4199 stolus,
2203 4151 2223 4185 ι
2260 4133 2352 4202 qui
2403 4130 2723 4202 justiﬁcabit
2766 4128 3240 4182 circumcisionem
3285 4143 3351 4181 ex
3398 4127 3521 4191 ﬁde,

1953 4235 2007 4284 et
2027 4225 2349 4298 praeputium
2367 4239 2462 4292 per
2475 4222 2634 4276 [idem
2651 4221 2713 4274 ⁸¹.
2731 4240 2748 4272 ι
2771 4219 2903 4273 Illud
2924 4227 3101 4273 autem
3120 4215 3172 4271 :‘r
3201 4216 3354 4283 Quod
3378 4219 3527 4271 venit

1947 4319 2197 4390 judicare
2250 4325 2474 4378 terram,
2508 4333 2526 4366 ι
2565 4314 2727 4368 etiam
2779 4313 3008 4366 alterum
3047 4310 3192 4366 illius
3233 4308 3522 4365 adventum

1953 4409 2262 4482 signiﬁcare
2281 4407 2500 4478 poterit.

2543 4516 2772 4574 CAPUT
2816 4516 2926 4573 Vll.

1952 4635 1996 4689 A
2019 4634 2224 4702 psalmo
2268 4649 2376 4688 cvr.
2401 4665 2471 4674 —-
2527 4633 2750 4688 Verbum
2785 4633 2882 4687 Dei
2927 4634 2996 4685 ad
3031 4632 3264 4687 homines
3305 4632 3524 4702 missum

2021 4701 2090 4758 ad
2123 4705 2378 4758 medelam
2410 4715 2458 4758 et
2493 4705 2716 4758 salutem
2746 4706 3064 4766 animarum,
3100 4719 3216 4773 qua:
3255 4701 3524 4772 quondam

2023 4787 2221 4830 vexatae
2247 4791 2603 4844 oppressazque
2627 4785 2776 4828 erant
2802 4775 2855 4827 in
2882 4774 3060 4828 malis.

2027 4909 2046 4940 ι
2067 4890 2441 4946 Conﬁteantur
2463 4889 2692 4944 Domino
2712 4886 3102 4944 misericordia
3122 4885 3263 4956 ejus,
3284 4893 3337 4941 et
3355 4887 3522 4940 mira-

1953 4980 2081 5034 bilia
2129 4981 2248 5050 ejus
2297 4979 2421 5036 [iliis
2472 4981 2803 5034 hominum:
2850 4979 2975 5048 quia
3025 4977 3282 5032 contrivit
3334 4987 3524 5048 portas

1947 5087 2140 5135 aereas,
2175 5079 2229 5127 et
2261 5079 2444 5127 vectes
2474 5071 2681 5127 ferreos
2711 5070 3000 5140 confregit.
3047 5068 3298 5139 Suscepit
3324 5084 3420 5124 eos
3453 5069 3522 5124 de

1948 5164 2034 5216 via
2064 5164 2368 5234 iniquitatis
2395 5179 2606 5226 eorum,
2643 5179 2768 5217 nam
2796 5173 3014 5234 propter
3044 5163 3342 5231 injustitias
3392 5177 3522 5216 suas

1947 5251 2216 5306 hnmiliati
2239 5262 2365 5308 sunt
2394 5273 2407 5307 :
2437 5267 2652 5307 omnem
2673 5269 2854 5309 escam
2887 5255 3190 5308 abominata
3219 5260 3303 5309 est
3338 5253 3519 5307 anima

1947 5361 2159 5411 eorum,
2182 5354 2236 5401 et
2269 5347 2842 5419 appropinquaverunt
2865 5363 3038 5416 usque
3067 5347 3132 5400 ad
3160 5355 3347 5417 portas
3370 5361 3519 5401 mor-

1946 5440 2040 5504 tis,
2081 5447 2137 5494 et
2186 5439 2558 5495 clamaverunt
2590 5439 2655 5492 ad
2699 5437 2986 5492 Dominum
3019 5453 3142 5491 cum
3187 5438 3520 5492 tribularen-

1947 5539 2058 5594 tur,
2077 5539 2132 5586 et
2156 5529 2224 5586 de
2249 5530 2670 5587 necessitatibus
2696 5545 2884 5586 eorum
2915 5530 3163 5585 liberavit
3191 5546 3285 5586 eos
3319 5549 3333 5585 :
3369 5531 3521 5586 misi-

1945 5624 2172 5684 verbum
2203 5639 2362 5680 suum
2389 5630 2441 5680 et
2473 5623 2688 5680 sanavit
2731 5638 2848 5689 eos,
2877 5629 2930 5678 et
2965 5623 3167 5695 eripuit
3197 5638 3294 5681 eos
3328 5622 3395 5679 de
3426 5622 3516 5678 in-

341 5781 383 5812 "
428 5779 571 5837 Psal.
610 5797 730 5848 xcv,
768 5781 849 5846 l2,
889 5783 970 5836 13.
1047 5781 1092 5814 ’⁸
1125 5779 1268 5835 Psal.
1305 5795 1475 5846 xcvn,
1511 5778 1640 5844 1,2.
1715 5779 1760 5811 ”
1791 5776 1924 5835 ibid.
1962 5779 2016 5836 3.
2095 5779 2142 5838 ἐ
2171 5779 2306 5836 ibid.
2343 5779 2402 5845 8,
2431 5779 2484 5835 9.
2564 5781 2605 5814 ³¹
2646 5782 2804 5838 Rom.
2836 5796 2921 5846 in,
2955 5781 3044 5839 30.
