4080 6416
575 320 679 373 425

1208 310 1478 371 EUSEBII
1509 308 1987 368 CESARIENSIS
2023 306 2177 366 OPP.
2220 306 2401 362 PARS
2440 305 2502 361 ﬂ.
2543 332 2614 349 -ι-
2641 304 3142 366 Αυοιοεετιω.

3734 313 3837 370 ιιι

572 436 923 493 teritionibus
979 444 1167 489 eorum
1186 431 1251 487 ”.
1291 452 1310 484 ι
1351 430 1417 486 Et
1469 439 1593 503 post
1640 432 1791 485 alia:
1828 448 1848 482 ι
1900 428 2127 485 Exalten

2250 425 2466 489 αὐτοὺς,
2514 427 2607 479 καὶ
2651 425 2920 499 ἐρρύσατο
2948 427 3147 491 αὐτοὺς
3176 426 3240 480 ἐκ
3271 426 3381 482 τῶν
3399 426 3705 499 διαφθορῶν
3737 431 3834 482 αύ-

575 545 699 585 eum
732 548 744 583 :
770 527 849 600 [in
874 527 1118 582 Ecclesia
1147 522 1352 595 populi,
1388 531 1443 577 et
1486 524 1543 577 in
1572 520 1849 577 cathedris
1874 520 2153 576 seniorum

576 619 798 674 laudent
829 615 1195 685 eum,lpusuit
1215 613 1440 667 ﬂumina
1471 614 1525 667 in
1557 613 1859 677 desertum,
1891 624 1946 667 et
1972 611 2154 667 exitus

574 722 840 779 aquarum
894 707 947 759 in
991 708 1159 768 suim,
1203 713 1405 759 terram
1442 701 1781 756 fructiferam
1828 703 1881 756 in
1911 701 2153 771 salsugi-

574 818 722 865 nem,
759 818 789 854 a
823 799 1026 853 malitia
1060 797 1480 853 inhabitantium
1510 799 1566 851 in
1600 811 1662 852 ea
1695 815 1708 851 :
1745 796 1930 865 posuit
1964 795 2153 850 deser-

570 900 683 946 tum
748 893 802 945 in
848 898 1040 960 stagna
1075 905 1361 960 aquarum,
1402 899 1456 945 et
1503 897 1705 942 terram
1750 886 1870 942 sine
1912 899 2053 955 aqua
2096 885 2151 939 in

567 985 747 1038 exitus
804 997 1092 1052 aquarum,
1139 989 1192 1035 et
1224 981 1514 1034 collocavit
1566 980 1678 1034 illic
1727 979 2055 1044 esurientes,
2095 984 2152 1031 et

566 1075 971 1129 constituerunt
1014 1074 1289 1127 civitatem
1322 1073 1675 1128 habitationis
1692 1072 1757 1127 ³³.
1786 1092 1805 1124 ι
1838 1070 2004 1126 Plane
2036 1072 2151 1126 haec

566 1182 784 1237 quoque
835 1166 1155 1219 nominatim
1204 1165 1298 1220 Dei
1335 1164 1496 1220 Verbi
1529 1165 1597 1219 de
1639 1166 1780 1219 caelo
1819 1163 2146 1219 descensum

567 1259 915 1320 :unmntiant,
967 1273 1371 1328 prospequue
1423 1258 1669 1325 ejusdem
1712 1258 1981 1312 adventus
2021 1271 2149 1312 suc-

564 1368 755 1407 cessus
792 1370 804 1405 :
848 1369 867 1401 ι
907 1350 1073 1414 Misit,
1126 1351 1322 1419 inquit,
1356 1348 1590 1404 Verbum
1630 1366 1812 1415 suum,
1838 1358 1892 1403 et
1933 1351 2148 1405 sanavit

562 1458 678 1497 eos.
722 1462 740 1495 ι
782 1439 1017 1497 Verbum
1064 1452 1245 1496 autem
1277 1440 1372 1497 Dei
1410 1457 1510 1496 nos
1549 1443 1710 1512 plane
1742 1442 1846 1497 hoc
1883 1441 2142 1505 dicimus,

561 1532 706 1604 quod
754 1533 948 1589 salutis
978 1549 1145 1588 causa
1181 1533 1248 1587 ad
1269 1550 1457 1589 omnes
1492 1534 1740 1590 homines
1763 1550 1793 1588 a
1819 1533 1980 1590 Patre
2008 1534 2144 1588 mis-

560 1644 682 1684 sum
716 1636 799 1683 est
831 1646 844 1682 :
877 1628 1130 1699 quodque
1169 1644 1234 1683 ex
1279 1628 1453 1683 sacris
1510 1625 1816 1699 Evangeliis
1867 1630 2144 1685 celebrare

560 1727 621 1774 ut
671 1718 863 1783 Deum,
893 1719 1072 1775 edocti
1123 1736 1336 1775 sumus.
1367 1718 1528 1791 265
1570 1718 1851 1790 Signiﬁcat
1884 1735 2140 1791 praeterea

2257 512 2386 568 τῶν.
2419 533 2437 566 ι
2475 515 2585 568 Καὶ
2611 514 2727 586 μεθ’
2760 515 2955 588 ἕτερα·
2994 533 3013 567 ι
3036 516 3442 586 ’Υψωσάτωσαν
3463 516 3629 571 αὐτόν
3647 534 3662 548 ·
3689 517 3836 571 ἔθετο

2254 609 2535 678 ποταμοὺς
2558 610 2639 672 είς
2666 607 2892 680 ἔρημον,
2922 610 3016 663 καὶ
3040 609 3304 674 διεξόδους
3333 608 3540 663 ὑδάτων
3562 612 3642 674 είς
3662 610 3830 680 δίψος,

2253 699 2360 770 γῆν
2408 700 2755 772 καρποφόρον
2800 704 2880 765 εἰς
2925 701 3104 773 ἅλμην
3146 702 3253 755 ἀπὸ
3287 702 3486 764 κακίας
3511 703 3621 756 τῶν
3649 721 3833 756 κατοι-

2254 790 2490 844 κούντων
2537 792 2594 844 ἐν
2636 792 2997 864 αὐτῇ.Ἕθετο
3025 792 3125 865 τὴν
3150 793 3355 865 ἔρημον
3379 796 3457 857 εἰς
3480 794 3677 866 λίμνας
3707 798 3834 851 ὑδά-

2251 901 2380 948 των,
2406 884 2499 937 καὶ
2530 884 2633 955 γῆν
2661 884 2887 957 ἄνυδρον
2913 888 2992 949 είς
3023 884 3287 952 διεξόδους
3316 885 3522 939 ὑδάτων
3543 903 3556 917 ο
3587 887 3682 939 καὶ
3706 904 3835 941 κατ-

2250 971 2449 1044 ῴκισεν
2477 975 2592 1028 ἐκεῖ
2618 974 2933 1039 πεινῶντας,
2951 976 3045 1029 καὶ
3072 980 3467 1047 συνεστήσαντο
3492 976 3671 1038 πόλεις
3702 994 3832 1029 κατ-

2251 1066 2513 1131 οικεσίας.
2549 1088 2567 1119 ι
2619 1069 2728 1122 Καὶ
2769 1068 2940 1122 ταῦτα
3018 1068 3203 1137 σαφῶς
3249 1069 3508 1138 ὀνομαστὶ
3551 1067 3650 1139 τὴν
3695 1067 3832 1121 Θεοῦ

2249 1159 2423 1228 Λόγου
2448 1160 2507 1225 ἐξ
2533 1159 2782 1232 οὐρανῶν
2825 1160 3048 1215 κάθοδον
3085 1160 3510 1230 εὐαγγελίζεται,
3540 1161 3609 1214 τά
3639 1176 3701 1213 τε
3732 1162 3832 1232 τῆς

2251 1251 2554 1322 παρουσίας
2607 1252 2772 1306 αὐτοῦ
2807 1252 3224 1325 κατορθώματα.
3262 1272 3281 1303 ι
3325 1252 3636 1306 Ἀπέστειλε
3677 1252 3829 1322 γοῦν,

2249 1344 2406 1414 φησὶ,
2451 1344 2543 1397 τὸν
2569 1344 2741 1414 Λόγον
2774 1345 2963 1409 αὐτοῦ,
2999 1346 3094 1399 καὶ
3149 1344 3336 1398 ἰάσατο
3360 1343 3577 1407 αὐτούς.
3605 1364 3625 1395 ι
3657 1344 3831 1413 Λόγον

2246 1439 2304 1491 δὲ
2334 1437 2469 1491 Θεοῦ
2496 1441 2659 1510 ἡμεῖς
2690 1438 2876 1508 σαφῶς
2901 1437 3089 1491 τοῦτόν
3118 1454 3300 1508 φαμεν
3330 1436 3420 1490 τὸν
3451 1434 3589 1507 πρὸς
3608 1437 3702 1490 τοῦ
3724 1437 3833 1489 Πα-

2245 1531 2374 1602 τρὸς
2408 1531 2782 1585 ἀποσταλέντα
2816 1533 2980 1584 πᾶσιν
3010 1528 3317 1600 ἀνθρώποις
3347 1528 3575 1600 Σωτῆρα
3594 1547 3609 1561 ·
3640 1529 3700 1583 ὃν
3734 1524 3830 1583 καὶ

2245 1622 2333 1675 διὰ
2364 1622 2473 1675 τῶν
2499 1623 2658 1695 ἱερῶν
2692 1623 3043 1693 Εὑαγγελίων
3091 1621 3358 1691 θεολογεῖν
3392 1621 3824 1693 πεπαιδεύμεθα.

2244 1712 2548 1767 Αίνίττεται
2578 1714 2632 1767 δὲ
2678 1715 2773 1767 καὶ
2802 1715 2899 1786 τὴν
2946 1714 3108 1787 μέχρι
3137 1713 3367 1768 θανάτου
3404 1714 3628 1769 κάθοδον
3658 1712 3827 1769 αὑτοῦ

560 1809 708 1867 illius
757 1827 929 1881 usque
963 1810 1031 1865 ad
1081 1819 1313 1867 mortem
1364 1813 1714 1876 descensum,
1759 1828 1869 1883 quo
1922 1824 2130 1884 propter

2239 1803 2327 1857 διά
2368 1804 2496 1868 τοὺς
2568 1803 2875 1873 ἐφθακότας
2936 1806 3014 1868 είς
3061 1803 3248 1856 τοῦτον
3289 1804 3688 1876 γεγενημένην·
3731 1802 3828 1856 καὶ

558 1919 674 1967 eos,
709 1905 801 1975 qui
837 1904 902 1958 ad
956 1905 1095 1959 hanc
1126 1913 1253 1960 ante
1297 1906 1476 1976 ipsum
1516 1915 1801 1969 venerant,
1838 1922 1971 1962 usus
2006 1916 2090 1961 est
2123 1925 2136 1961 :

556 1997 720 2051 etiam
758 1997 1024 2051 adventus
1057 1997 1231 2067 ipsius
1266 2012 1490 2053 causam
1522 1999 1703 2061 docet,
1736 1999 1926 2070 utique
1961 2009 2017 2053 ut
2044 2014 2139 2055 eos

558 2087 835 2149 liberaret,
859 2087 952 2158 qui
1003 2103 1099 2157 per
1147 2090 1326 2158 ipsum
1375 2089 1630 2144 servandi
1667 2100 1843 2145 erant.
1881 2089 2015 2144 Nam
2044 2106 2139 2147 eos

555 2180 648 2250 qui
699 2185 826 2234 ante
873 2179 1073 2250 ipsum,
1112 2195 1288 2250 usque
1328 2180 1397 2234 ad
1433 2188 1622 2250 portas
1657 2182 1849 2237 mortis
1879 2199 2140 2253 pervene-

554 2280 699 2334 rant,
748 2272 864 2342 ipse
915 2272 1066 2327 solus
1114 2273 1375 2334 servavit,
1429 2281 1594 2343 atque
1642 2272 1864 2329 eosdem
1914 2275 2136 2330 sanitati

551 2362 965 2423 restituens,de
1017 2363 1426 2418 interitionibus
1482 2365 1731 2435 ipsorum
1785 2366 2005 2435 eripuit,
2041 2383 2136 2421 ne-

550 2470 659 2527 que
706 2456 809 2511 hoc
854 2455 1016 2511 aliter
1066 2454 1313 2527 perfecit,
1350 2470 1513 2526 quam
1567 2472 1662 2512 eas
1717 2458 1911 2512 mortis
1949 2465 2137 2530 portas

552 2557 863 2614 conterens,
905 2564 1027 2619 quae
1078 2564 1234 2603 terea:
1263 2548 1545 2615 dicuntur,
1582 2558 1637 2605 et
1665 2560 1850 2606 vectes
1890 2551 2138 2605 confrin-

549 2658 707 2715 gens,
762 2644 855 2713 qui
900 2640 1059 2697 ferrei
1093 2662 1105 2697 :
1134 2657 1197 2696 ac
1230 2642 1489 2713 deinceps
1537 2650 1659 2713 post
1701 2643 1815 2698 haec
1855 2652 2005 2699 certo
2043 2658 2136 2697 or-

550 2736 679 2792 dine
724 2735 953 2798 divinat,
991 2750 1087 2789 eos
1129 2750 1255 2790 esse
1287 2735 1343 2789 in
1385 2734 1736 2790 solitudinem
1784 2738 2130 2807 redigendos,

551 2824 645 2895 qui
691 2823 870 2895 ipsum
922 2825 1229 2879 venientem
1276 2840 1385 2878 non
1454 2826 1816 2896 susceperint,
1868 2846 1887 2879 ι
1942 2827 2134 2883 Posuit

547 2918 718 2981 enim,
750 2918 946 2988 inquit,
971 2916 1194 2972 ﬂumina
1225 2918 1279 2972 in
1307 2917 1607 2981 desertum,
1638 2925 1694 2971 et
1742 2917 1922 2973 exitus
1964 2934 2134 2990 aqua-

550 3025 671 3065 rum
719 3013 774 3064 in
824 3011 995 3073 sitim,
1028 3017 1233 3064 terram
1270 3009 1612 3065 fructiferam
1650 3013 1706 3066 in
1733 3012 2065 3083 salsuginem
2098 3026 2131 3068 a

549 3101 755 3156 malitia
814 3100 1235 3155 inhabitantium
1283 3102 1339 3155 in
1385 3115 1470 3156 ea.
1508 3120 1527 3154 ι
1561 3100 1693 3168 Quae
1719 3103 1942 3174 quidem
1968 3104 2129 3174 plane

547 3191 764 3263 cognita
796 3193 1042 3255 habebis,
1063 3194 1111 3248 si
1135 3193 1473 3264 percurreris
1501 3194 1650 3249 illam
1678 3193 1921 3251 Iudaicae
1949 3198 2128 3267 gentis

546 3283 848 3353 antiquitus
879 3283 1210 3338 celebratam
1239 3282 1542 3340 Jerusalem
1562 3328 1577 3352 ,
1606 3286 1837 3356 ejusque
1872 3287 2125 3358 gloriam,

546 3387 612 3426 ac
645 3372 844 3427 divinae
897 3372 1072 3444 frugis
1133 3386 1479 3443 proventum,
1511 3391 1701 3430 eorum
1756 3377 1945 3448 utique
1997 3394 2128 3434 san-

544 3472 757 3517 ctorum
818 3464 1101 3519 hominum
1158 3464 1361 3536 Deique
1420 3468 1758 3533 amicorum,
1802 3469 1896 3540 qui
1956 3471 2011 3525 in
2061 3487 2126 3527 ea

545 3554 801 3616 vixerint,
847 3573 1012 3626 quam
1064 3559 1253 3630 utique
1305 3560 1361 3614 in
1414 3561 1669 3631 praesenti
1724 3563 1982 3620 omnibus
2040 3564 2126 3621 his

542 3648 708 3700 rebus
761 3647 1025 3717 privatam
1076 3651 1472 3722 spoliatamque
1514 3653 1779 3709 invenies.
1832 3652 1967 3709 Nam
1998 3663 2124 3725 post

545 3739 748 3795 Clu-isti
779 3740 1252 3804 adventum,l‘acta
1280 3751 1364 3800 est
1396 3760 1519 3800 vere
1549 3745 1893 3802 infructuosa
1924 3756 1978 3802 et
2006 3751 2125 3804 sine

546 3844 709 3900 aqua,
742 3838 797 3887 et
823 3833 1047 3887 omnino
1069 3833 1309 3897 deserta,
1343 3842 1419 3899 et,
1458 3844 1516 3891 ut
1561 3837 1637 3892 ait
1678 3838 1959 3908 prophetia
2005 3858 2024 3891 ι
2067 3839 2120 3893 in

546 3920 877 3992 salsuginem
922 3938 954 3977 a
1006 3925 1214 3980 malitia
1263 3925 1681 3983 inhabitantium
1722 3929 1778 3983 in
1824 3944 1908 3984 ea.
1947 3948 1967 3981 ι
2022 3927 2120 3985 His

544 4013 784 4068 adnectit
805 4014 1085 4086 deinceps,
1120 4023 1283 4088 atque
1316 4016 1606 4073 admodum
1648 4029 1800 4075 certo
1825 4019 2019 4077 ordine
2064 4030 2119 4079 et

543 4107 863 4179 prophetico
886 4123 1036 4168 more
1061 4111 1336 4181 proponit,
1363 4110 1484 4180 ejus
1508 4128 1630 4183 qua:
1661 4113 1789 4167 olim
1817 4114 2036 4169 deserta
2062 4121 2117 4170 et

539 4200 822 4256 siticulosa
873 4212 1012 4266 erat,
1059 4202 1174 4258 sive
1216 4203 1360 4258 hanc
1407 4204 1844 4279 uniuscujusque
1877 4206 2114 4264 hominis

2158 3157 2201 3217 C

2241 1898 2341 1967 τήν
2373 1913 2437 1964 γε
2484 1896 2664 1949 αἰτίαν
2705 1896 2807 1966 τῆς
2850 1895 3090 1965 ἀφίξεως
3140 1896 3305 1949 αὐτοῦ
3355 1895 3691 1968 παρίστησι,
3725 1897 3827 1966 τὴν

2242 1987 2618 2061 ἀπολύτρωσιν
2650 1989 2928 2060 ἐμφαίνων
2953 1988 3061 2043 τῶν
3087 1990 3153 2043 δι’
3176 1987 3342 2043 αὑτοῦ
3405 1987 3823 2060 σωθησομένων.

2240 2080 2381 2146 Τούς
2423 2080 2534 2153 γὰρ
2576 2080 2882 2151 ὲφθακότας
2923 2081 3028 2144 ἓως
3068 2081 3180 2135 τῶν
3230 2080 3416 2137 πυλῶν
3448 2080 3544 2135 τοῦ
3591 2080 3824 2134 θανάτου

2240 2173 2411 2227 ἔσωσε
2439 2174 2596 2246 μόνος
2627 2172 2841 2237 αὐτούς.
2877 2172 3112 2237 Τούτους
3141 2173 3197 2227 δὲ
3229 2175 3322 2227 καὶ
3362 2173 3632 2246 ἐρρύσατο
3663 2175 3825 2227 ἰασά-

2244 2282 2403 2336 μενος
2432 2267 2496 2318 ὲκ
2527 2264 2639 2318 τῶν
2678 2264 2987 2336 διαφθορῶν
3027 2265 3233 2319 αὐτῶν·
3267 2266 3361 2320 καὶ
3403 2264 3731 2336 διεπράξατο
3759 2281 3825 2332 γε

2236 2357 2413 2412 ταῦτα
2436 2359 2534 2411 οὐκ
2557 2358 2730 2421 ἄλλως
2759 2357 2792 2429 ἢ
2818 2358 2912 2412 τοῦ
2940 2356 3170 2412 θανάτου
3199 2358 3301 2422 τὰς
3323 2357 3622 2430 λεγομένας
3646 2356 3826 2420 πύλας

2236 2452 2444 2523 χαλκᾶς
2489 2452 2802 2525 συντρίψας,
2833 2452 2929 2507 καὶ
2962 2455 3089 2518 τοὺς
3127 2452 3377 2526 σιδηροῦς
3416 2453 3645 2525 μοχλοὺς
3687 2470 3826 2520 συγ-

2238 2545 2464 2611 κλάσας.
2493 2546 2604 2601 Καὶ
2645 2545 2709 2619 δὴ
2746 2545 2884 2618 μετά
2927 2546 3099 2601 ταῦτα
3138 2546 3447 2610 ἀκολούθως
3485 2545 3824 2618 προφητεύει

2235 2637 2334 2710 τὴν
2360 2641 2441 2704 είς
2471 2638 2676 2712 ἔρημον
2721 2641 3054 2695 κατάστασιν
3089 2640 3200 2695 τῶν
3247 2644 3322 2713 μὴ
3372 2642 3592 2696 ἐλθόντα
3636 2658 3825 2715 παρα-

2235 2729 2543 2802 δεξαμένων
2580 2731 2762 2785 αὑτόν·
2795 2751 2813 2784 ι
2858 2732 3049 2786 Ἔθετο
3078 2732 3206 2804 γὰρ,
3239 2734 3393 2804 φησι,
3430 2736 3710 2805 ποταμοὺς
3736 2736 3824 2799 είς

2235 2821 2459 2894 ἔρημον,
2493 2823 2587 2877 καὶ
2606 2823 2869 2891 διεξόδους
2901 2825 3109 2879 ὑδάτων
3140 2827 3220 2889 είς
3263 2826 3444 2895 δίψος,
3470 2827 3574 2898 γῆν
3602 2845 3822 2901 καρπο·

2234 2915 2398 2987 φόρον
2420 2916 2498 2977 είς
2515 2916 2692 2988 ἅλμην
2714 2917 2821 2969 ἀπὸ
2839 2917 3037 2980 κακίας
3062 2916 3171 2970 τῶν
3197 2916 3595 2973 κατοικούντων
3632 2920 3690 2972 ἐν
3721 2921 3823 2976 αὑ·

2232 3010 2320 3080 τῇ.
2346 3028 2365 3060 ι
2401 3010 2468 3061 Ἀ
2482 3008 2577 3062 καὶ
2599 3010 2813 3079 νοήσεις
2843 3009 3172 3082 ἀναδραμὼν
3200 3008 3298 3064 τοῦ
3332 3010 3599 3065 Ἰουδαίων
3625 3012 3822 3080 ἔθνους

2234 3100 2327 3154 ἐπὶ
2357 3100 2458 3172 τὴν
2479 3100 2645 3154 πάλαι
2680 3100 2959 3172 βοωμένην
2986 3102 3291 3174 Ίερουσαλὴ
3302 3118 3361 3171 μ,
3387 3102 3482 3156 καὶ
3521 3103 3622 3173 τὴν
3650 3104 3821 3171 δόξαν

2233 3194 2422 3265 αὐτῆς,
2451 3194 2545 3247 καὶ
2570 3193 2668 3265 τὴν
2689 3181 2859 3247 ἐθνῶν
2875 3211 2945 3246 κα
2954 3194 3273 3266 ρποφορίαν,
3294 3195 3402 3249 τῶν
3419 3197 3479 3248 ὲν
3498 3197 3635 3268 αὐτῇ
3655 3197 3819 3252 πολι-

2228 3282 2536 3357 τευομένων
2593 3287 2765 3356 ἁγίων
2822 3288 2917 3341 καὶ¹
2968 3287 3233 3356 θεοφιλῶν
3291 3288 3501 3361 ἀνδρῶν
3551 3292 3648 3346 ἐπὶ
3714 3290 3817 3347 τοῦ

2230 3379 2496 3451 παρόντος
2529 3380 2925 3452 ὑστερημένην.
2959 3381 3113 3434 Μετὰ
3158 3380 3269 3454 γὰρ
3312 3382 3412 3454 τὴν
3439 3382 3536 3436 τοῦ
3566 3385 3817 3456 Χριστοῦ

2228 3472 2528 3545 παρουσίαν
2564 3472 2785 3543 γέγονεν
2825 3470 3042 3545 ἀληθῶς
3081 3472 3358 3546 ἄκαρπος,
3413 3475 3507 3528 καὶ
3556 3474 3814 3547 ἄνυδρος,

2228 3564 2323 3616 καὶ
2338 3561 2616 3624 παντελῶς
2631 3561 2729 3635 ἔρη
2740 3581 2858 3634 μος,
2876 3567 2991 3628 καὶ,
3013 3562 3089 3628 ῶς
3102 3581 3265 3637 φησιν
3280 3567 3313 3636 ὴ
3333 3566 3660 3638 προφητεία,
3679 3585 3702 3620 ε
3729 3571 3814 3634 είς

2214 3653 2403 3725 ίᾶλμην
2426 3655 2535 3709 ἀπὸ
2554 3655 2751 3721 κακίας
2784 3656 2893 3711 τῶν
2924 3656 3320 3712 κατοικούντων
3336 3658 3398 3712 ἐν
3422 3661 3582 3730 αὑτῇ.
3622 3679 3641 3711 ι
3666 3659 3812 3716 Tod-

2222 3763 2339 3812 τοις
2366 3747 2721 3801 ὲπισυνάπτει
2757 3748 2961 3820 σφόδρα
2983 3749 3292 3815 ἀκολούθως
3320 3751 3646 3823 προφητικῷ
3678 3754 3811 3824 τρό-

2223 3856 2311 3910 πῳ
2332 3839 2701 3912 αίνιττόμενος
2722 3843 2823 3912 τῆς
2864 3841 3030 3895 πάλαι
3063 3842 3270 3914 ἐρήμου
3303 3843 3398 3897 καὶ
3420 3842 3657 3914 διψάδος,
3681 3846 3808 3918 ἦτοι

2222 3931 2404 4003 πάσης
2437 3931 2724 4003 ἀνθρώπου
2742 3932 2944 4004 ψυχῆς,
2978 3933 3012 4005 ἢ
3052 3936 3151 4005 τῆς
3177 3933 3237 4000 ὲξ
3265 3933 3435 3989 ἐθνῶν
3472 3935 3806 4010 Ἐκκλησίας

2218 4023 2317 4096 τὴν
2346 4026 2427 4089 είς
2454 4022 2736 4080 εὐσέϐειαν
2765 4026 3084 4097 μεταϐολὴν,
3110 4028 3209 4099 τήν
3234 4042 3295 4081 τε
3318 4028 3378 4082 ὲν
3412 4028 3577 4094 θείοις
3617 4029 3804 4101 λόγοις

2219 4120 2628 4193 καρποφορίαν·
2674 4119 2711 4176 ἃ
2753 4122 2848 4176 καὶ
2894 4120 3175 4194 προδήλως
3206 4121 3524 4187 αἰνίττεται,
3577 4122 3757 4193 λέγων
3780 4140 3796 4158 ·

2222 4229 2242 4265 ι
2271 4212 2463 4266 Ἐθετο
2502 4212 2708 4286 ἔρημον
2748 4214 2828 4278 είς
2867 4213 3063 4285 λίμνας
3097 4213 3327 4273 ὑδάτων.
3350 4234 3368 4265 ι
3398 4214 3495 4269 καὶ¹
3529 4213 3599 4269 τά
3629 4215 3796 4288 ἐξῆςο

537 4293 799 4358 animam,
865 4292 982 4348 sive
1032 4294 1101 4349 de
1155 4295 1408 4365 gentibus
1459 4297 1746 4352 collectam
1807 4296 2112 4354 Ecclesiam

2234 4302 2358 4375 ὶπερ
2389 4306 2578 4375 νοῆσαι
2608 4305 2770 4376 μόνου
2809 4304 2903 4359 τοῦ
2938 4305 3091 4378 παρά
3116 4305 3235 4378 Θεῷ
3260 4304 3458 4376 γένοιτ’
3492 4305 3559 4362 ἂν
3592 4308 3794 4378 σοφοῦ,

522 4384 765 4456 dixeris,
809 4384 951 4455 ejus,
997 4386 1243 4457 inquam,
1291 4388 1776 4444 commutationem
1806 4388 1860 4444 in
1890 4401 2111 4449 sanctos

2234 4396 2356 4450 ιατὰ
2389 4397 2488 4469 τὴν
2510 4397 2602 4450 ἐπὶ
2635 4396 2779 4451 τέλει
2805 4394 2902 4450 τοῦ
2934 4396 3151 4469 ψαλμοῦ
3193 4399 3441 4471 φήσασαν
3471 4402 3792 4474 ἐπαγωγὴν·

533 4491 736 4541 mores,
777 4493 988 4534 necnon
1033 4478 1089 4533 in
1126 4478 1328 4535 divinis
1362 4481 1706 4537 sermonibus
1757 4493 2104 4552 proventum,

2218 4507 2238 4539 ι
2269 4489 2365 4553 Τίς
2395 4488 2574 4560 σοφὸς,
2598 4490 2692 4544 καὶ
2723 4490 2946 4561 φυλάξει
2969 4490 3170 4558 ταῦτα;
3202 4510 3219 4542 ι
3242 4493 3336 4547 καὶ
3368 4492 3439 4547 τά
3463 4492 3611 4565 ἑξῆς.

532 4584 652 4639 qua:
702 4572 868 4624 etiam
915 4571 1129 4640 planius
1161 4570 1363 4635 innuit,
1414 4570 1603 4628 dicens
1644 4592 1657 4628 ε
1699 4592 1718 4625 ι
1752 4572 1942 4630 Posuit
1974 4576 2252 4632 desertum
2288 4579 2341 4633 in
2399 4588 2589 4652 stagna
2648 4595 2940 4651 aquarum,
2972 4600 2992 4633 ι
3037 4590 3169 4645 etc.,
3204 4596 3327 4651 quae
3358 4584 3545 4653 utique
3587 4585 3795 4640 intelli-

530 4662 710 4732 gentia
767 4662 1028 4733 consequi
1078 4663 1199 4733 ejus
1247 4664 1410 4719 unius
1440 4679 1562 4720 esse
1602 4674 1796 4736 potest,
1838 4668 1930 4736 qui
1972 4669 2114 4739 apud
2168 4668 2335 4725 Deum
2377 4670 2450 4725 sit
2503 4672 2743 4743 sapiens,
2782 4674 2925 4729 sicut
2959 4688 3024 4729 ea
3053 4672 3299 4729 inductio
3341 4675 3526 4741 habet,
3576 4692 3700 4747 qua
3734 4678 3791 4735 in

532 4759 636 4812 line
683 4757 879 4827 psalmi
926 4757 1001 4810 ait
1058 4776 1070 4812 :

1105 4865 1335 4923 CAPUT
1375 4865 1513 4926 Vlll.

523 4961 568 5015 Α
636 4962 843 5029 psalmo
896 4975 1022 5014 cxvr
1085 4969 1135 5014 et
1191 4975 1360 5015 cxvn.
1416 4992 1488 5002 —
1569 4959 1813 5016 Gentium
1877 4961 2101 5024 vacatio,

601 5033 837 5099 Deusqtte
891 5030 1167 5099 manifeste
1227 5047 1508 5100 apparens,
1562 5042 1613 5087 et
1665 5032 1965 5087 benedictus
2013 5033 2104 5101 qui

593 5104 728 5157 venit
764 5105 817 5155 in
854 5104 1063 5156 nomine
1093 5101 1328 5156 Domini.

599 5234 615 5266 ι
649 5214 891 5271 Laudate
948 5215 1262 5282 Dominum,
1294 5232 1484 5274 omnes
1523 5225 1733 5290 gentes,
1784 5225 1838 5289 et
1893 5217 2102 5271 collau-

520 5307 645 5365 date
668 5323 815 5371 eum,
839 5324 1029 5364 omnes
1061 5310 1270 5380 pepuli,
1300 5312 1558 5380 quoniam
1581 5311 1745 5382 266
1774 5310 2096 5365 conﬁrmata

520 5408 603 5456 est
653 5415 819 5469 super
871 5417 972 5456 nos
1022 5403 1400 5458 misericordia
1423 5402 1624 5472 ejus“,
1661 5420 1681 5454 ι
1739 5412 1793 5457 et
1840 5410 2034 5458 caatera
2078 5420 2092 5457 :

524 5509 545 5545 ε
580 5490 625 5548 Ο
680 5491 927 5558 Domine,
979 5496 1190 5549 salvum
1241 5494 1327 5549 fac
1375 5495 1485 5563 iam
1530 5510 1697 5562 nunc,
1740 5510 1774 5548 ο
1838 5494 2090 5559 Domine,

518 5580 589 5641 da
638 5584 939 5655 profectum
977 5586 1090 5655 jam
1133 5601 1302 5642 nunc.
1344 5585 1673 5644 Benedictus
1705 5588 1797 5659 qui
1837 5587 1989 5643 venit
2036 5589 2090 5642 in

1132 4775 1151 4807 ι
1216 4755 1351 4822 Quis
1401 4756 1638 4827 sapiens,
1684 4764 1740 4812 et
1799 4758 2072 4815 custodiet
2103 4759 2322 4815 hac“?
2354 4780 2373 4813 ο
2406 4770 2513 4818 etc.

2137 4873 2181 4926 D

2737 4871 3133 4925 ΚΕΦΑΛΑΙΟΝ
3170 4873 3253 4927 Η’.

2220 4932 2630 5038 Ἀπὸ-ψαλμοῦ
2648 4963 2764 5032 ρις¹
2787 4963 2885 5038 καὶ
2900 4965 3029 5033 ριρ.
3049 4994 3117 5004 -—-—
3134 4962 3353 5038 Ἐθνῶν
3370 4964 3613 5038 κλῆσις,
3641 4970 3793 5038 Oed;-

2278 5048 2343 5107 τε
2361 5032 2681 5107 ἐπιφανὴς,
2736 5036 2835 5089 καὶ
2873 5036 3282 5106 εὐλογημένος
3303 5039 3336 5091 ό
3362 5032 3688 5107 ἐρχόμενος
3718 5032 3790 5095 ἐκ

2278 5103 2521 5173 ὀνόματι
2547 5107 2791 5173 Κυρίου.

2279 5236 2299 5270 ‹
2330 5219 2536 5273 Αἰνεῖτε
2565 5219 2658 5272 τὸν
2698 5219 2922 5291 Κύριον,
2954 5221 3133 5276 πάντα
3161 5222 3232 5276 τὰ
3263 5222 3412 5293 ἔθνη,
3442 5225 3538 5278 καί⁹
3570 5226 3791 5281 ἐπαινε-

2205 5308 2454 5364 σάτωσαν
2489 5311 2652 5364 αὐτὸν
2691 5311 2891 5376 πάντες
2921 5315 2970 5366 oi
3013 5313 3158 5367 λαοί·
3201 5315 3286 5368 ὅτι
3317 5315 3663 5389 ἐκραταιὼθη
3698 5319 3785 5388 ἐφ’

2200 5404 2349 5472 ἡμᾶς
2365 5402 2427 5455 τὸ
2450 5400 2598 5467 ἕλεος
2623 5403 2810 5467 αὐτοῦ,
2825 5424 2843 5455 ι
2870 5407 2964 5458 καὶ
2988 5405 3058 5458 τὰ
3081 5406 3208 5477 ἑξῆς
3232 5427 3245 5461 :
3265 5403 3365 5461 «Ὦ
3385 5407 3581 5480 Κύριε,
3609 5411 3787 5464 edas-3v

2198 5491 2282 5562 δὴ,
2310 5485 2355 5544 ὦ
2389 5491 2584 5564 Κύριε,
2619 5492 2882 5546 εὐόδωσον
2903 5494 2988 5567 δή.
3021 5495 3397 5568 Εὐλογημένος
3425 5498 3455 5550 ὁ
3485 5498 3785 5569 ἐρχόμενος

2199 5588 2258 5640 ἐν
2301 5587 2527 5658 ὀνόματι
2588 5588 2816 5659 Κυρίου.
2872 5588 3006 5654 Θεὸς
3050 5589 3277 5662 Κύριος,
3346 5592 3440 5644 καὶ
3507 5591 3786 5663 ἐπέφανεν

588 5744 630 5776 ³⁸
659 5741 804 5801 Psal.
824 5758 934 5809 ενι,
973 5742 1156 5798 15—20.
1230 5745 1276 5776 ³³
1305 5742 1438 5799 ibid.
1472 5742 1663 5799 32-37.
1739 5741 1784 5775 “
1815 5739 1949 5798 ibid.
1977 5740 2067 5797 ιδ.

2234 5739 2365 5797 Psal.
2394 5756 2540 5806 cm,
2565 5741 2686 5807 ιβ.
