4100 6430
332 349 438 408 893

1230 342 1887 404 DEMONSTRATIONIS
1927 338 2393 399 EVANGELICE
2427 339 2558 395 UB.
2602 338 2700 398 VI.

3473 337 3577 394 £26

329 473 480 545 ἡμῖν.
505 490 525 524 ο
554 472 665 526 Καὶ
686 469 874 526 τούτου
903 470 1173 543 μέμνηται
1200 471 1233 541 ἡ
1268 470 1389 542 ἱερὰ
1424 469 1518 523 τοῦ
1555 468 1890 538 Εὐαγγελίου

2013 462 2222 518 mmine
2249 460 2490 517 Domini.
2521 460 2666 517 Deus
2696 458 2962 516 Dominus
2987 467 3042 516 et
3069 458 3249 515 illuxit
3274 457 3438 516 nobis
3455 459 3519 514 ³⁸.
3556 480 3576 513 ι

286 616 293 625 ,
328 562 539 638 Γραφὴ,
565 564 751 628 τέλους
776 563 1150 635 τετυχηκότος,
1163 563 1397 635 ὁπηνίκα
1415 562 1444 613 6
1465 562 1654 633 Σωτὴρ
1672 562 1765 614 καὶ
1792 559 1904 612 Κύ-

330 669 445 729 ριος
473 654 632 726 ἡμῶν
656 653 820 719 αὐτὸς
846 653 876 706 6
906 652 1136 725 Χριστὸς
1161 655 1332 727 εἰσῄει
1363 654 1443 718 είς
1459 650 1905 724 τὰἹεροσόλυμα,

328 745 462 801 ⁸ιυολύ
494 763 558 799 τε
592 746 795 819 πλῆθος
831 746 1040 819 ἀνδρῶν
1079 748 1174 801 καὶ
1218 745 1420 800 παίδων
1462 747 1707 817 προῆγεν
1739 742 1906 797 αὐτὸν

332 841 449 912 μετ’
497 839 838 912 εὐφροσύνης
867 839 1207 894 ἐπιϐοώντων
1225 861 1241 870 -
1275 857 1295 886 ο
1332 836 1562 892 Ὡσαννὰ
1592 835 1672 907 τῷ
1698 834 1800 906 υίῷ
1829 833 1908 905 τῷ

330 926 495 981 Δαϐὶδ
512 968 530 992 ,
575 928 936 1001 εὐλογημένος
956 930 985 982 6
1014 929 1310 1001 ἐρχόμενος
1338 929 1396 981 ἐν
1421 927 1644 999 ὀνόματι
1669 926 1906 999 Κυρίου,

338 1019 572 1075 Ὧσαννὰ
595 1021 656 1075 ἐν
682 1024 793 1086 τοῖς
827 1021 1086 1091 ὑψίστοις.
1115 1041 1132 1072 ι
1174 1020 1317 1073 Ἀντὶ
1344 1019 1454 1091 γὰρ
1478 1017 1595 1087 τοῦ,
1614 1040 1634 1071 ι
1656 1013 1912 1090 ὧΚύριε,

332 1112 505 1166 σῶσον
548 1111 635 1184 δὴ,
659 1134 680 1165 ι
707 1113 956 1184 κειμένου
1001 1114 1060 1166 ἐν
1103 1111 1182 1183 τῷ
1205 1110 1424 1183 ψαλμῷ,
1465 1110 1527 1164 τὸ
1564 1128 1584 1162 ι
1622 1108 1851 1163 Ὡσαννὰ
1883 1128 1903 1161 ι

264 1232 269 1235 τ
343 1201 778 1275 Ἑϐραῖκώτερον
810 1204 1108 1272 φάσκοντες
1147 1200 1418 1256 ἐπεϐόων’
1458 1202 1817 1275 ἑρμηνεύεται
1852 1200 1910 1254 δὲ

331 1293 510 1357 τοῦτο,
534 1293 742 1348 «Σῶσον
766 1294 849 1367 δή.
865 1314 883 1346 ι
903 1294 1015 1349 Καὶ
1040 1293 1123 1358 τὸ,
1147 1292 1548 1365 «Εὐλογημένος
1570 1293 1599 1345 6
1619 1291 1909 1365 ἐρχόμενος

330 1387 390 1441 ἐν
410 1386 636 1458 ὀνόματι
650 1386 876 1459 Κυρίου,
903 1405 921 1437 ι
953 1386 1207 1456 διασαφεῖ
1223 1384 1285 1439 τδ
1309 1385 1488 1455 λόγιον
1507 1385 1633 1456 ἑξῆς
1666 1384 1872 1454 φάσκον
1891 1400 1904 1414 ⁸

337 1498 357 1532 ι
379 1479 516 1542 Θεδς
538 1478 759 1549 Κύριος,
789 1479 881 1531 καὶ
903 1478 1172 1549 ἐπέφηνεν
1196 1477 1347 1548 ἡμῖν.
1373 1495 1394 1529 ι
1421 1474 1629 1529 Οὐκοῦν
1655 1469 1736 1538 εἷς
1764 1473 1858 1528 καὶ
1881 1474 1909 1527 6

329 1571 495 1635 αὐτὸς
520 1566 588 1642 ἦν
613 1571 641 1622 6
674 1571 955 1639 ἐπιφανεὶς
999 1571 1128 1641 ἡμῖν
1164 1567 1296 1632 Θεὸς
1331 1567 1554 1639 Κύριος,
1580 1569 1610 1621 6
1634 1566 1729 1620 τοῦ
1774 1563 1908 1619 Θεοῦ

328 1662 531 1734 δηλαδὴ
560 1661 754 1730 Λόγος,
784 1662 812 1715 6
832 1661 924 1714 καὶ
944 1659 1033 1714 διὰ
1062 1659 1220 1713 τοῦτο
1245 1658 1624 1731 εὐλογημένος,
1652 1658 1734 1712 ὅτι
1760 1657 1824 1729 δὴ
1852 1658 1909 1709 ἐν

326 1755 554 1827 ὀνόματι
580 1755 788 1827 Κυρίου
815 1753 909 1807 τοῦ
936 1752 1248 1824 πέμψαντος
1277 1751 1438 1805 αὐτὸν
1468 1750 1682 1822 Πατρὸς
1710 1749 1808 1822 τὴν
1832 1749 1910 1813 είς

2012 556 2304 612 Enimvero
2325 554 2392 611 de
2410 554 2513 610 hac
2540 554 2656 625 ipsa
2674 570 2755 618 re,
2769 553 3223 625 quemadmodum
3247 567 3404 608 suum
3424 553 3584 608 ﬁnem

2013 647 2323 719 contigerit,
2357 647 2522 703 etiam
2562 662 2719 701 sacra
2745 645 3019 717 Evangelii
3038 643 3322 716 Scriptura
3353 647 3588 701 mentio-

2013 756 2138 797 nem
2164 738 2314 804 facit,
2329 754 2439 810 quo
2462 746 2706 809 tempore
2721 736 2970 793 Salvator
2998 753 3062 793 ac
3083 737 3344 794 Dominus
3377 746 3584 803 noster,

2013 834 2131 906 ipse
2154 831 2407 888 Christus
2440 829 2815 901 Hierosolyma
2850 830 3130 901 ingressus
3161 838 3263 899 est,
3297 838 3461 914 atque
3501 830 3587 885 in—

2012 937 2148 996 gens
2182 919 2471 975 multitudo
2502 919 2746 973 virorum
2776 924 2830 974 et
2860 933 3178 989 puerorum,
3210 920 3388 989 ipsum
3432 928 3589 975 ante-

2015 1013 2263 1078 cedebat,
2302 1028 2424 1068 cum
2481 1008 2660 1067 laetitia
2688 1011 3038 1065 clamantium
3075 1029 3090 1065 :
3130 1029 3149 1062 ι
3187 1010 3445 1068 Hosanna
3475 1011 3587 1066 ﬁlio

2014 1101 2208 1166 David,
2271 1100 2592 1157 benedictus
2637 1099 2730 1170 qui
2783 1100 2927 1155 venit
2972 1098 3028 1153 in
3072 1098 3291 1153 nomine
3348 1097 3587 1164 Domini,

2015 1198 2262 1253 hosanna
2299 1194 2355 1249 in
2384 1191 2619 1250 excelsis
2637 1192 2704 1245 ".
2736 1211 2755 1244 ι
2783 1190 2889 1246 Pro
2919 1206 2985 1246 eo
3013 1191 3157 1246 enim
3190 1189 3335 1260 quod
3354 1190 3408 1244 in
3440 1187 3588 1259 psal-

2016 1301 2105 1341 mo
2128 1286 2367 1358 positum
2391 1293 2475 1341 est
2500 1304 2515 1342 :
2545 1283 2620 1340 «Ο
2641 1283 3115 1348 Dominc,.salvum
3142 1281 3227 1336 fac
3244 1283 3355 1351 jam
3376 1296 3540 1348 nunc,
3563 1298 3582 1332 ο

2017 1377 2183 1433 illud:
2207 1398 2226 1431 ι
2258 1376 2540 1441 Hosanna,
2582 1396 2601 1429 ι
2637 1375 2906 1431 Hebraico
2934 1389 3086 1430 more
3106 1373 3504 1435 acclamabant,
3532 1369 3587 1426 id

2017 1480 2197 1528 autem
2245 1471 2301 1526 in
2337 1477 2528 1526 nostra
2577 1470 2786 1540 lingua,
2841 1466 3056 1522 Salvum
3107 1466 3194 1535 [ac
3242 1463 3391 1530 dum,
3435 1462 3591 1519 reddi

2017 1563 2177 1620 solet.
2202 1561 2340 1617 illud
2376 1576 2504 1617 vero
2538 1578 2552 1616 :
2592 1579 2611 1613 ι
2644 1559 2972 1616 Benedictus
2997 1559 3089 1628 qui
3119 1557 3266 1612 venit
3289 1557 3342 1610 in
3365 1555 3591 1626 nomine

2016 1654 2233 1710 Domini
2268 1673 2282 1709 :
2313 1673 2331 1706 ι
2357 1654 2536 1725 ipsum
2568 1651 2812 1706 declarat
2837 1650 3138 1713 oraculum,
3171 1647 3316 1718 quod
3332 1648 3591 1718 deinceps

2017 1747 2092 1802 ita
2128 1747 2204 1801 ait
2240 1766 2254 1801 :
2300 1764 2318 1798 ι
2369 1744 2514 1801 Deus
2543 1743 2827 1808 Dominus,
2848 1752 2902 1799 et
2930 1742 3107 1797 illusit
3161 1741 3342 1798 nobis.
3383 1760 3401 1794 ι
3435 1740 3591 1799 Unus

328 1848 653 1922 ἀνθρώπους
704 1848 869 1903 αὑτοῦ
914 1846 1219 1920 παρουσίαν
1274 1845 1589 1916 ἐποιήσατο.
1645 1842 1911 1913 Ἐλέγχων

2016 1839 2203 1911 igitur,
2238 1838 2492 1908 idemque
2543 1836 2666 1902 fuit,
2702 1835 2797 1906 qui
2852 1837 3092 1905 seipsum
3147 1833 3308 1888 nobis
3349 1834 3592 1889 ostendit

328 1939 462 2011 γοῦν
491 1940 619 2004 τούς
648 1939 1008 2002 ἀπιστοῦντας
1027 1938 1176 2009 αὐτῷ
1202 1937 1310 1991 τῶν
1333 1937 1397 1991 ἐκ
1418 1936 1739 2008 περιτομῆς,
1756 1934 1907 2004 ἔλεγε

328 2033 472 2105 πρὸς
497 2031 723 2095 αὐτούς’
750 2050 768 2083 ι
791 2028 931 2099 Ἐγὼ
953 2025 1114 2101 ἦλθον
1136 2029 1194 2080 ἐν
1223 2026 1300 2098 τῷ
1321 2026 1541 2097 ὀνόματι
1573 2023 1668 2077 τοῦ
1698 2024 1909 2096 Πατρός

333 2142 458 2196 μου,
488 2126 584 2179 καὶ
628 2124 690 2178 οὐ
733 2122 1039 2195 λαμϐάνετέ
1085 2138 1172 2193 με.
1203 2120 1396 2182 ¹Ἄλλος
1437 2119 1531 2173 ἐὰν
1558 2118 1689 2193 ἔλθῃ
1732 2119 1790 2171 ἐν
1829 2116 1908 2188 τῷ

327 2216 554 2288 δνόματι
587 2216 667 2289 τῷ
711 2215 844 2287 ἰδίῳ,
880 2216 1085 2268 ἐκεῖνον
1112 2211 1365 2285 λήψεσθε.
1401 2230 1419 2263 ι
1447 2210 1685 2274 Εἰκότως
1726 2204 1818 2263 οῦν
1847 2209 1909 2262 τὸ

332 2306 557 2379 Πνεῦμα
598 2307 658 2360 τὸ
703 2306 855 2375 ἅγιον
908 2304 1090 2358 οὐκέτι
1133 2303 1211 2374 τῷ
1263 2301 1528 2355 Ἰουδαίων
1576 2300 1721 2372 λαῷ,
1774 2299 1910 2354 ἀλλὰ

330 2402 464 2453 πᾶσι
508 2401 622 2463 τοῖς
659 2398 856 2462 ἔθνεσι,
879 2396 948 2465 τὰ
981 2397 1038 2451 ἐν
1072 2397 1139 2467 τῇ
1170 2396 1314 2467 ἀρχῇ
1344 2393 1438 2447 τοῦ
1487 2392 1703 2464 ψαλμοῦ
1745 2408 1913 2462 προσ-

335 2509 523 2562 φώνει.

2014 1930 2158 1987 Deus
2186 1944 2250 1985 ac
2273 1929 2557 1992 Dominus,
2588 1928 2681 1983 Dei
2710 1925 3402 1992 videlicetVerbum.Quod
3425 1926 3592 1980 etiam

2014 2023 2223 2079 idcirco
2248 2031 2333 2079 est
2354 2020 2723 2085 benedictum,
2738 2020 2995 2090 quoniam
3023 2021 3075 2073 in
3109 2019 3326 2073 nomine
3349 2015 3590 2080 Domini,

2013 2116 2108 2187 qui
2143 2115 2320 2185 ipsum
2352 2113 2523 2174 misit,
2560 2110 2757 2175 Patris,
2787 2126 2945 2166 suum
2985 2110 3053 2166 ad
3086 2109 3336 2164 homines
3389 2107 3593 2162 adven-

2016 2215 2129 2261 tum
2161 2206 2429 2261 exhibuit.
2465 2205 2651 2276 Itaque
2696 2218 2792 2259 eos
2837 2218 3094 2274 arguens,
3124 2202 3218 2273 qui
3253 2202 3354 2271 ipsi
3385 2200 3452 2255 de
3483 2199 3593 2255 cir-

2019 2298 2358 2354 cumcisione
2402 2312 2509 2351 non
2542 2294 2858 2357 credebant,
2891 2293 3105 2349 dicebat
3134 2292 3202 2347 ad
3239 2307 3335 2347 eos
3368 2309 3382 2345 :
3421 2308 3441 2343 ι
3479 2288 3591 2361 Ege

2017 2389 2139 2445 veni
2174 2389 2228 2443 in
2279 2388 2502 2445 nomine
2563 2387 2743 2443 Patris
2800 2385 2926 2447 mei,
2962 2394 3014 2438 et
3046 2399 3155 2438 non
3194 2381 3441 2453 accipitis
3482 2395 3591 2437 me.

2016 2483 2171 2540 Alius
2220 2482 2266 2539 si
2301 2484 2478 2538 veniet
2529 2481 2585 2535 in
2633 2481 2849 2534 nomine
2879 2477 3122 2548 proprio,
3164 2478 3314 2531 illum
3358 2474 3593 2545 accipie—

331 2584 480 2639 tis”.
510 2602 530 2636 ι
566 2580 760 2637 Merito
806 2596 936 2652 ergo
981 2579 1220 2651 Spiritus
1264 2586 1515 2642 sanctus,
1568 2591 1677 2631 non
1714 2575 1950 2648 amplius
2011 2577 2079 2633 ad
2115 2576 2404 2632 Judaicum
2459 2574 2741 2646 populum,
2793 2572 2890 2629 sed
2934 2571 3003 2626 ad
3049 2585 3239 2627 omnes
3284 2577 3493 2643 gentes,
3527 2583 3592 2622 ea

332 2692 451 2750 qua:
482 2676 539 2731 in
570 2675 840 2748 principio
867 2674 1062 2747 psalmi
1089 2675 1363 2746 leguntur,
1397 2672 1665 2729 enuntiat.

858 2794 1253 2849 ΚΕΦΑΛΑΙΟΝ
1297 2793 1373 2848 Θ’.

344 2908 490 2966 Ἀπὸ
528 2882 951 2999 ψςαλμοῦρμγδ.
978 2940 1051 2950 -
1086 2909 1302 2977 Κύριος
1327 2908 1656 2994 οὐρανόθεν
1684 2905 1906 2996 κατιὼν

402 2983 727 3038 ἀνθρώπων
750 2981 1048 3038 σωτηρίας
1072 2979 1296 3038 ἕνεκεν,
1333 2976 1455 3038 ῳδη
1478 2996 1542 3031 τε
1577 2976 1679 3030 ἐπὶ
1710 2992 1901 3038 τουτῳ

402 2992 727 3050 ἀνθρώπων
750 2992 1048 3047 σωτηρίας
1072 2992 1296 3041 ενεκεν,
1333 2992 1455 3046 (per)
1478 2996 1542 3031 τε
1577 2992 1679 3030 sm
1710 2992 1901 3040 τούτῳ

399 3052 682 3123 ᾁδομένη,
714 3050 939 3120 Καινῆς
960 3049 1253 3118 Διαθήκης
1284 3046 1537 3117 δηλαδή.

404 3185 424 3218 ι
448 3166 641 3240 Κύριε,
673 3167 726 3219 τί
759 3168 906 3219 ἐστιν
926 3164 1230 3237 ἄνθρωπος,
1261 3146 1341 3217 δτὶ
1375 3160 1653 3231 ἐγνώσθης
1686 3157 1852 3230 αὐτῷ,
1878 3156 1913 3230 ἢ
1939 3106 1983 3163 c

327 3258 444 3323 υἱὸς
476 3258 784 3329 ἀνθρώπου,
807 3259 888 3311 ὅτι
917 3257 1101 3327 λογίζῃ
1120 3256 1308 3320 αὐτόν;
1343 3254 1538 3325 Κύριε,
1556 3253 1731 3307 κλῖνον
1746 3252 1914 3323 οὐρα-

323 3353 473 3417 νοὺς,
507 3353 600 3405 καὶ
614 3351 881 3422 κατάϐηθι
908 3367 922 3380 ·
956 3351 1089 3419 aqua
1117 3349 1225 3401 τῶν
1253 3348 1444 3419 ὁρέων,
1469 3347 1561 3401 καὶ
1611 3344 1915 3416 καπνισθήσι

324 3461 536 3501 σονται.
560 3464 578 3495 ι
594 3445 703 3497 Καὶ
725 3442 932 3506 ὑποϐὰς
956 3440 1198 3510 ἐπιλέγει
1217 3458 1230 3470 ο
1260 3460 1278 3491 ι
1302 3442 1360 3493 '0
1384 3440 1535 3503 Θεὸς,
1559 3438 1702 3511 ᾠδὴν
1717 3438 1913 3509 καινὴν

324 3532 535 3605 ᾄσομαί
567 3549 671 3587 σοι,
699 3552 717 3584 ι
746 3531 1003 3601 Ἔχεσθαι
1046 3528 1340 3584 καὶταῦτα
1374 3530 1476 3600 τῆς
1512 3527 1913 3600 προσκειμένης

325 3626 641 3688 ὑποθέσεως
669 3623 930 3696 ἠγοῦμαι.
961 3621 1071 3694 Τὴν
1108 3620 1218 3693 γὰρ
1257 3622 1338 3684 είς
1369 3618 1688 3691 ἀνθρώπους
1706 3616 1909 3688 γνῶσιν

322 3712 423 3766 τοῦ
439 3712 574 3765 Θεοῦ
595 3712 764 3781 Λόγου
778 3711 875 3765 θαυ
884 3711 1087 3782 μάζων,
1102 3713 1205 3762 ὑπε
1213 3708 1602 3782 ρεκπλήττεται
1616 3707 1716 3777 τῆς
1728 3706 1915 3775 φιλαν-

326 3803 607 3877 θρωπῐας,
636 3804 702 3857 δι’
725 3800 794 3876 ἦς
830 3804 927 3874 τῆς
958 3803 1208 3873 θεότητος
1230 3800 1437 3865 ὑποϐὰς
1487 3799 1601 3865 καὶ,
1639 3798 1733 3852 τοῦ
1774 3816 1913 3870 συμ-

327 3896 499 3966 φυοῦς
528 3895 788 3967 μεγέθους
821 3894 1011 3947 ἐαυτὸν
1038 3892 1337 3966 σμικρύνας
1358 3931 1372 3954 ,
1405 3891 1605 3962 ἠξίωσε
1649 3891 1750 3960 τῆς
1773 3890 1909 3954 ιδίας

327 3989 584 4059 γνώσεως
624 3988 685 4042 τὸ
734 3986 1067 4059 ἀνθρώπειον
1118 3985 1294 4054 γένος.
1367 3982 1631 4037 Ἐνταῦθα
1678 3983 1776 4053 μὲν
1814 3978 1910 4035 οὖν

327 4080 547 4152 εὐχεται
573 4080 778 4149 λέγων·
816 4100 834 4130 ι
867 4078 1039 4151 Κύριε
1059 4118 1075 4143 ,
1111 4076 1289 4131 κλῖνον
1317 4075 1576 4146 οὐρανοὺς
1607 4073 1703 4127 καὶ
1743 4073 1911 4149 κατά-

327 4172 458 4245 ϐηθι
481 4213 494 4225 .
528 4191 547 4223 ι
598 4172 686 4224 Ἐν
726 4170 782 4224 δὲ
826 4169 904 4242 τῷ
935 4166 1380 4237 ἑπτακαιδεκάτῳ
1419 4163 1618 4235 ψαλμῷ
1661 4162 1905 4234 εἴρηται’

333 4284 353 4316 ι
396 4267 507 4319 Καὶ
532 4263 736 4317 ἔκλινεν
756 4263 1036 4334 οὐρανοὺς,
1072 4263 1168 4315 καὶ
1196 4257 1424 4329 κατέϐη,
1455 4255 1550 4310 καὶ
1580 4254 1777 4323 γνόφος
1803 4253 1907 4306 ὐπὸ

327 4359 455 4419 τούς
486 4354 651 4416 πόδας
684 4352 849 4406 αὐτοῦ
869 4369 882 4382 ·
910 4352 1007 4405 καὶ
1030 4349 1201 4420 ἐπέϐη
1223 4348 1316 4401 ἐπὶ
1337 4344 1622 4419 χερουϐὶμ,
1658 4342 1751 4396 καὶ
1776 4344 1904 4395 ἐπε-

329 4447 501 4519 τάσθη
528 4446 620 4499 ἐπὶ
641 4444 925 4516 πτερύγων
957 4443 1194 4513 ἀνέμων.
1222 4459 1240 4491 ι
1270 4441 1348 4492 Δι’
1372 4432 1450 4493 ὧν
1478 4437 1546 4491 τὰ
1571 4435 1672 4506 τῆς
1693 4433 1902 4497 ἀνόδου,
1940 4462 1983 4517 υ

330 4541 399 4610 ἣν
418 4529 526 4592 ἀπὸ
549 4537 652 4607 γῆς
675 4538 753 4600 είς
781 4535 1043 4608 οὐρανοὺς
1074 4533 1230 4603 ἐποιή
1242 4547 1388 4592 σατο,
1426 4525 1688 4591 θεσπίζει.
1721 4525 1905 4587 Ὅπως

327 4634 387 4687 δὲ
415 4630 639 4685 κάθοδον
664 4630 768 4701 χρὴ
793 4631 937 4681 νοεῖν
972 4627 1067 4680 καὶ
1095 4625 1280 4682 ἄνοδον
1318 4621 1412 4676 τοῦ
1452 4619 1587 4675 Θεοῦ
1617 4618 1812 4687 Λόγου,
1844 4617 1905 4669 οὐ

327 4720 571 4786 τοπικῶς
626 4718 953 4791 μεταϐάσεις
992 4714 1313 4786 ποιουμένου
1338 4751 1353 4775 ,
1391 4708 1663 4784 τροπικῶς
1708 4708 1765 4761 δὲ
1808 4704 1908 4767 τὰς

329 4813 543 4868 τοιάσδε
565 4810 874 4881 οἰκονομίας
907 4806 1070 4863 αὐτοῦ
1094 4804 1282 4859 τοῦτον
1309 4804 1408 4874 τῆς
1436 4800 1657 4873 Γραφῆς
1694 4800 1905 4853 ἀποκα-

330 4907 528 4977 λούσης
561 4904 653 4957 τὸν
687 4903 888 4975 τρόπον
910 4942 923 4968 ,
966 4901 1051 4954 ἐπ’
1082 4898 1288 4961 οἰκείας
1323 4893 1675 4964 ἀποδώσομεν
1690 4888 1904 4961 σχολῆς.

335 5000 483 5055 Ἔδει
510 4999 566 5052 δὲ
599 4995 966 5070 μνημονεῦσαι
990 4995 1047 5047 ἐν
1071 4991 1278 5054 τούτοις
1309 4988 1404 5042 καὶ
1427 4987 1525 5058 τῆς
1550 4982 1760 5052 Καινῆς
1784 4983 1908 5039 Διατ

335 5092 527 5166 θήκης,
559 5093 626 5162 ἢν
650 5088 869 5160 ἔμελλεν
892 5089 927 5159 ὴ
953 5085 1047 5139 τοῦ
1073 5080 1309 5157 Χριστοῦ
1343 5076 1614 5151 παρουσία
1643 5071 1910 5166 προξενήξ

335 5164 449 5240 σειν
470 5183 796 5256 ἀνθρώποις·
821 5179 959 5250 αὐτη
986 5178 1042 5232 δέ
1066 5179 1213 5230 ἐστιν
1236 5176 1270 5246 ἡ
1296 5171 1474 5243 Καινὴ
1497 5167 1735 5256 Διαθήκη
1770 5164 1906 5256 μετὰ

337 5276 432 5349 τὴν
465 5253 704 5329 Παλαιὰν
729 5272 836 5327 ὐπὸ
863 5266 1098 5341 Χριστοῦ
1124 5266 1257 5319 πᾶσι
1281 5264 1391 5326 τοῖς
1424 5260 1600 5314 ἔθνεσι
1623 5253 1904 5349 δεδομένη.

334 5346 425 5423 Διό
440 5385 571 5441 φησι
588 5367 651 5420 τὸ
675 5365 815 5438 μετὰ
833 5368 1018 5436 χεῖρας
1043 5361 1271 5429 λόγιον·ι
1292 5358 1350 5410 '0
1366 5355 1519 5418 Θεὸς,
1545 5351 1688 5424 ᾠδὴν
1712 5346 1904 5418 καινὴν

334 5459 537 5534 ᾁσομαί
570 5474 675 5512 σοι.
714 5476 733 5509 ι
770 5456 845 5509 T6
875 5454 953 5520 δέ,
993 5472 1011 5506 ι
1035 5452 1205 5522 Ἀψαι
1234 5449 1342 5503 τῶν
1360 5445 1555 5518 ὀρέων,
1588 5443 1681 5496 καὶ
1714 5453 1911 5491 καπνι-

336 5532 642 5626 σθήσονται,
657 5568 675 5602 ι
703 5546 1033 5604 αἰνίττεσθαι
1048 5544 1182 5617 ήγοῦ
1190 5561 1284 5615 μαι
1296 5534 1623 5611 ἐμπρησμὸν
1650 5532 1747 5626 κα¹ι
1761 5532 1906 5626 ἀφα-

336 5623 523 5719 νισμὸν
545 5645 724 5716 πάσης
739 5636 1195 5710 είδωλολατρείας,
1220 5635 1341 5705 ἥτις
1358 5629 1508 5702 παρὰ
1520 5629 1632 5690 τοῖς
1658 5623 1907 5684 παλαιοῖς

442 5742 489 5775 ⁸⁸
518 5739 663 5795 Psal.
696 5751 864 5800 cxvu,
894 5733 984 5789 26.

341 5814 425 5877 10,
467 5811 550 5872 Η.
1136 5833 1147 5845 -

613 5903 880 5963 Parnou.
926 5895 1045 5957 Gn.
1093 5889 1298 5953 XXII.

1097 5731 1139 5762 ³⁷
1173 5727 1364 5783 Matth.
1400 5740 1515 5790 xxI,
1547 5722 1602 5779 9.
1678 5719 1723 5751 ³⁸
1752 5716 1911 5772 Joan.
1949 5730 2003 5782 v,
2034 5712 2124 5767 65.

2611 2752 2841 2811 CAPUT
2896 2753 2990 2809 Ix.
3042 2712 3049 2721 ’

2012 2876 2055 2929 Α
2106 2874 2311 2945 psalmo
2367 2886 2559 2928 exuli.
2585 2902 2655 2910 ——
2696 2867 3066 2945 Dominaede
3111 2848 3239 2922 cielo
3275 2869 3589 2924 descendens

2083 2938 2272 3000 salutis
2304 2945 2574 2996 hominum
2606 2941 2801 3010 gratia,
2836 2938 3202 3010 centicunlque
3226 2956 3413 2992 navum
3436 2957 3592 3010 super

2082 3018 2181 3070 hac
2214 3031 2270 3069 re
2297 3007 2780 3075 εαηεηάαηιζΝουὶ
2805 3007 3038 3062 videlicet
3073 3008 3114 3062 Τ
3117 3007 3412 3064 cstamenu'.

2091 3147 2109 3178 ι
2157 3125 2385 3180 Domine
2438 3122 2569 3194 quid
2629 3128 2714 3177 est
2747 3120 2930 3184 homo,
2989 3117 3135 3189 quod
3191 3118 3474 3174 innotuisti
3508 3118 3593 3173 ei?

2014 3229 2111 3275 aut
2142 3218 2287 3273 ﬁlius
2319 3215 2576 3278 hominis,
2623 3211 2769 3283 quod
2809 3217 3030 3280 reputas
3056 3209 3215 3265 eum?
3242 3208 3487 3274 Domine,
3516 3209 3594 3263 in-

2016 3310 2161 3366 clina
2192 3308 2382 3375 cmlos,
2414 3315 2469 3362 et
2498 3305 2767 3361 descende
2795 3321 2809 3358 :
2834 3312 2995 3373 tange
3024 3309 3254 3368 montes,
3276 3308 3330 3356 et
3358 3300 3591 3371 fumiga—

2015 3404 2173 3460 bunt.
2205 3401 2249 3434 ³⁸
2304 3420 2324 3453 ι
2372 3398 2438 3454 Et
2465 3411 2815 3469 progressus,
2848 3393 3137 3464 adjungit:
3169 3411 3187 3445 ι
3222 3392 3386 3459 Deus,
3409 3392 3592 3449 canti-

2015 3511 2140 3551 cum
2165 3508 2366 3550 novum
2385 3490 2620 3546 cantabo
2639 3488 2736 3543 tibi
2750 3488 2816 3541 ⁸⁸.
2841 3506 2859 3539 ι
2882 3486 3006 3542 Haec
3021 3501 3237 3557 quoque
3254 3501 3378 3540 cum
3393 3499 3593 3556 propo-

2016 3585 2125 3642 sito
2148 3587 2473 3655 argumento
2501 3592 2622 3634 esse
2650 3576 3112 3645 conjuncta,sane
3136 3590 3237 3645 ego
3260 3575 3589 3645 putaverim.

2014 3677 2175 3749 267
2205 3672 2585 3746 Cognitionem
2632 3670 2778 3726 enim
2821 3666 3136 3723 hominibus
3189 3665 3446 3721 traditam
3489 3664 3588 3719 Dei

2015 3771 2181 3828 Verbi
2241 3769 2543 3832 admirans,
2593 3767 2769 3837 ipsam
2818 3763 3168 3820 clementiam
3219 3763 3584 3832 obstupescit,

2012 3872 2236 3936 propter
2269 3877 2432 3933 quam
2468 3859 2608 3915 infra
2628 3858 2868 3913 divinam
2899 3872 3055 3912 suam
3084 3866 3336 3911 naturam
3357 3855 3583 3911 descenv

2013 3960 2172 4021 dens,
2208 3971 2377 4024 seque
2410 3955 2591 4023 ipsum
2635 3953 2874 4007 naturali
2915 3966 3016 4005 sua
3064 3948 3445 4019 magnitudine
3488 3948 3590 4001 mi-

2012 4063 2201 4105 norem
2214 4045 2479 4115 efﬁciens,
2498 4043 2719 4114 propria
2750 4042 2923 4112 ipsius
2941 4041 3252 4111 cognitione
3286 4039 3587 4094 humanum

2011 4156 2182 4215 genus
2221 4139 2443 4209 dignum
2492 4134 2845 4191 existimavit.
2892 4131 3079 4201 Itaque
3126 4131 3227 4186 hoc
3269 4130 3390 4185 loco
3443 4139 3587 4194 orat,

2011 4235 2232 4290 dicens:
2270 4249 2289 4282 ι
2332 4228 2583 4290 Domine,
2615 4226 2819 4280 inclina
2844 4225 3016 4280 caelos
3048 4229 3103 4278 et
3125 4221 3416 4277 descende.
3447 4241 3466 4273 ι
3517 4223 3590 4275 At

2010 4326 2155 4383 enim
2187 4324 2242 4378 in
2275 4321 2488 4376 decimo
2514 4317 2747 4388 septimo
2777 4317 2989 4387 psahno
3018 4316 3060 4347 ³¹
3085 4313 3291 4368 dictum
3326 4320 3443 4368 est:
3476 4331 3495 4363 ι
3520 4312 3589 4366 Et

2012 4413 2302 4471 inclinavit
2325 4410 2499 4466 caelos
2521 4417 2575 4465 et
2600 4407 2907 4469 descendit,
2935 4412 2989 4460 et
3014 4405 3191 4473 caligo
3222 4402 3325 4458 sub
3356 4402 3589 4473 pedibus

2009 4509 2168 4580 ejus:
2205 4513 2260 4561 et
2282 4502 2533 4559 ascendit
2563 4514 2731 4570 super
2762 4497 3066 4558 cherubim,
3090 4505 3145 4550 et
3172 4496 3407 4551 volavit:
3443 4497 3590 4552 vola-

2007 4605 2088 4660 vit
2139 4617 2305 4673 super
2345 4613 2556 4671 pennas
2583 4604 2909 4651 ventorum:
2959 4590 3062 4647 iln
3121 4590 3323 4663 quibus
3382 4590 3585 4655 verbis,

2009 4712 2078 4753 ea
2120 4710 2240 4766 quae
2278 4692 2348 4747 ad
2389 4703 2683 4746 ascensum
2719 4692 2991 4758 spectant,
3043 4699 3154 4754 quo
3196 4684 3265 4738 de
3308 4692 3457 4737 terra
3516 4683 3586 4736 ad

2012 4791 2213 4848 coelum
2247 4803 2306 4844 se
2330 4784 2572 4845 snstulit,
2604 4780 2845 4837 divinat:
2876 4778 3020 4849 quod
3052 4784 3232 4831 autem
3257 4775 3584 4830 descensum

2014 4892 2179 4954 atque
2211 4892 2502 4934 ascensum
2536 4874 2631 4930 Dei
2663 4871 2850 4936 Verbi,
2880 4886 2992 4925 non
3033 4867 3300 4939 quosdam
3333 4866 3456 4935 ejus
3489 4881 3588 4935 per

2013 4975 2196 5029 locum
2230 4969 2498 5024 transitus
2536 4964 2788 5034 accipere
2838 4965 3108 5031 Oporteat,
3140 4956 3588 5028 quandoquidem

2009 5067 2065 5122 in
2087 5065 2235 5120 hunc
2260 5060 2484 5116 modum
2517 5056 2804 5126 Scriptura
2830 5054 3034 5117 divina,
3057 5050 3194 5105 tales
3221 5049 3342 5119 ejus
3370 5048 3589 5117 dispen-

2011 5156 2255 5212 sationes
2283 5150 2561 5222 appellare
2598 5144 2907 5207 consuevit,
2938 5155 3040 5197 suo
3078 5140 3200 5194 loco
3237 5137 3472 5193 otiosius
3491 5135 3588 5191 des

2011 5240 2463 5299 monstrabimus.
2507 5236 2733 5306 Oportet
2780 5239 2962 5286 autem
3010 5230 3068 5283 in
3113 5226 3200 5283 his
3242 5227 3407 5282 etiam
3448 5223 3585 5281 Novi

2012 5331 2350 5392 Testamenti
2376 5328 2706 5383 mentionem
2741 5322 2942 5389 facere,
2961 5318 3110 5391 quod
3133 5316 3448 5372 hominibus
3468 5324 3589 5371 erat

2009 5426 2216 5485 Christi
2268 5423 2541 5479 adventus
2582 5416 3017 5474 coneiliaturus:
3058 5411 3164 5466 hoc
3209 5424 3343 5465 sane
3374 5406 3588 5463 Novum

2009 5522 2424 5579 Testamentum
2457 5512 2594 5568 illud
2631 5517 2739 5573 est,
2770 5507 2919 5579 quod
2949 5521 2979 5561 a
3009 5504 3233 5562 Christo
3264 5512 3390 5575 post
3416 5502 3589 5559 Vetus

2009 5618 2240 5673 alterum
2277 5609 2532 5666 omnibus
2574 5603 2831 5677 gentibus
2880 5600 3142 5655 traditum
3189 5606 3295 5656 est.
3344 5594 3588 5652 Proinde

2232 5709 2275 5741 ”
2316 5705 2462 5761 Psal.
2490 5717 2676 5770 chuI,
2711 5703 2768 5767 3,
2805 5698 2857 5753 5.
2957 5696 3002 5729 ⁸⁸
3030 5694 3165 5751 ibid.
3207 5694 3263 5751 9.
3356 5693 3399 5725 “
3441 5706 3589 5751 vers.

3197 5854 3266 5915 th
