4080 6416
555 359 660 413 ιε’]

1202 357 1470 415 EUSEBII
1508 358 1984 415 CIESARIENSIS
2013 339 2173 416 ‘OPP.
2218 359 2397 415 PARS
2432 362 2503 414 Il.
2547 388 2615 399 —-
2653 358 3148 415 Al’OLOGETlCA.
3664 360 3759 418 128

552 476 834 531 oraculum
907 475 1051 546 quod
1112 491 1259 531 nunc
1309 477 1363 531 in
1418 477 1673 532 manibus
1720 486 1824 541 est,
1876 477 1956 532 sic
1998 477 2105 531 ait:

2216 479 2268 531 ὲν
2303 479 2413 540 τοῖς
2454 477 2605 548 ὄρεσι
2655 476 2886 547 μάλιστα
2924 471 3284 538 ἐσπουδάζετο
3309 490 3320 502 ·
3369 470 3505 524 ὥστε
3541 472 3637 542 ἤδη
3674 477 3758 529 καὶ

557 569 765 633 «Deus,
809 570 1082 623 canticum
1133 584 1333 623 novum
1387 569 1622 623 cantabo
1660 568 1759 623 tibi
1810 569 1921 621 ".i
1975 566 2110 622 lllud

2216 568 2412 632 αὐτοὺς
2456 566 2740 630 Ἰουδαίους
2785 563 3210 635 ἀπελέγχεσθαι,
3253 563 3328 626 ὡς
3383 562 3473 614 ἐπὶ
3515 564 3619 614 πᾶν
3652 562 3764 634 ὅρος

551 669 766 716 autem:
811 661 1036 732 (Tange
1080 669 1293 717 montes
1336 669 1390 715 et
1438 660 1848 731 fumigabunti,
1882 660 2110 714 arbitror

2216 660 2437 733 ὑψηλὸν,
2471 658 2611 715 κατά
2646 659 2875 731 μίμησιν
2892 660 2999 712 τῶν
3023 656 3334 727 ἀλλοφύλων
3364 654 3547 721 ἐθνῶν,
3569 655 3763 710 είδωλου

551 752 883 822 signiﬁcare,
918 751 1064 823 quod
1085 752 1328 807 omnium
1358 750 1781 807 simulacrorum
1814 751 1997 805 cultus
2044 750 2110 805 sit

2217 750 2566 824 λατροῦντας.
3726 802 3729 805 .

554 843 931 900 incendendus
979 858 1044 898 ac
1094 843 1382 906 delendus,
1434 843 1527 913 qui
1568 825 2019 914 apud'antiquos
2062 843 2117 897 in
2166 844 2443 899 montibus
2510 845 2742 899 maxime
2809 841 3297 913 frequentabatur;
3343 841 3574 911 denique
3609 841 3763 896 etiam

552 937 657 1006 ipsi
682 934 852 990 Judmi
883 935 1450 1006 reprehendebantur,
1507 937 1650 1007 quod
1712 938 1767 990 in
1800 936 1949 992 omni
1991 945 2173 991 monte
2222 937 2458 999 excelso,
2505 934 2571 989 ad
2608 934 2962 989 imitationem
3004 943 3352 990 externarum
3396 934 3653 1005 gentium.
3685 935 3766 994 si-

552 1030 795 1085 mulacra
822 1030 1087 1084 colerent.

1165 1165 1393 1223 CAPUT
1429 1168 1471 1221 Χ

552 1305 591 1360 Α
625 1304 827 1371 psalmo
853 1318 1053 1359 CXLVII.
1088 1333 1159 1343 ——
1188 1302 1280 1357 Dei
1320 1302 1544 1357 Verbum
1570 1304 1624 1357 in
1648 1310 1841 1357 terram
1866 1304 2112 1368 missum,

589 1373 661 1427 ἐι
691 1373 831 1429 brevi
862 1384 1087 1442 tempore
1118 1389 1426 1442 percurrens
1456 1374 1730 1428 universos
1761 1374 2015 1428 homines.

616 1570 867 1638 (Lauda,
886 1571 1207 1637 Jerusalem,
1230 1574 1540 1641 Dominum,
1561 1575 1722 1631 lauda
1740 1575 1908 1632 Deum
1929 1583 2105 1640 tuum,

549 1663 679 1721 Sion
706 1666 775 1720 ".
802 1684 819 1717 ι
874 1664 1076 1727 Deinde
1122 1667 1397 1736 paululum
1446 1683 1772 1739 progressus
1797 1669 1902 1724 ait:
1946 1686 1965 1721 ι
2006 1669 2108 1736 Qui

548 1759 748 1812 emittit
775 1757 1051 1827 eioquinm
1096 1774 1255 1813 suum
1294 1768 1475 1825 terrae,
1513 1760 1771 1816 velociter
1799 1762 1970 1816 currit
1994 1776 2112 1817 ser—

548 1863 637 1902 mo
666 1848 788 1917 ejus
811 1848 885 1902 “:
925 1866 944 1900 ι
968 1856 1184 1902 constat
1217 1856 1396 1904 autem
1427 1865 1553 1905 eum
1595 1851 1686 1921 qui
1722 1851 1908 1914 mittit,
1938 1852 2007 1907 ab
2044 1867 2110 1907 eo

2755 1177 3146 1231 ΚΕΦΔΛΑΙΟΝ
3184 1177 3240 1233 1⁸.

2226 1317 2369 1370 Ἀπὸ
2395 1313 2639 1392 ψαλμοῖς
2656 1311 2897 1392 ρμζῐς-
2925 1314 3115 1392 Λόχος
3146 1311 3243 1392 επὶ
3276 1311 3386 1392 γῆς
3413 1314 3768 1392 ἀποστελλᾷ-

2285 1382 2502 1456 μενος,
2522 1382 2746 1456 ήκαὶ-ἐν
2798 1382 3021 1451 βραχεῖ
3064 1383 3263 1451 χρόνῳ
3300 1382 3530 1450 πάντας
3559 1385 3766 1455 ἀνθρώ-

2288 1453 2443 1521 πους
2463 1453 2805 1523 διατρέχων.

2290 1610 2308 1642 ι
2356 1590 2594 1644 Ἐπαίνει
2619 1630 2634 1654 ,
2680 1587 3066 1662 Ἰερουσαλὴμ,
3106 1588 3197 1641 τὸν
3241 1589 3480 1661 Κύριον,
3518 1588 3651 1643 αἴνει
3682 1588 3767 1644 τὸν

2214 1680 2345 1735 Θεόν
2376 1698 2492 1748 σου,
2512 1679 2708 1735 Σιὼν.»
2737 1676 2850 1734 Εἶθ’
2874 1679 3080 1744 ὑποϐάς
3110 1697 3291 1752 φησιν’
3320 1700 3337 1733 ι
3363 1681 3418 1735 Ὁ
3443 1681 3768 1736 ἀποστέλλων

2215 1772 2304 1826 τὸν
2330 1772 2484 1842 λόγον
2510 1772 2675 1826 αὐτοῦ
2694 1775 2759 1844 τῇ
2786 1775 2857 1844 γῇ
2873 1789 2887 1802 ·
2916 1772 3025 1838 ἕως
3049 1773 3246 1844 τάχους
3271 1772 3552 1844 δραμεῖται
3575 1774 3603 1826 ὁ
3625 1772 3768 1841 λόγος

2218 1864 2405 1918 αὑτοῦ.
2450 1884 2468 1916 ι
2508 1864 2687 1933 Σαφὲς
2717 1863 2806 1929 δὲ,
2833 1865 2915 1917 ὅτι
2942 1864 3036 1918 τοῦ
3068 1863 3526 1935 ἀποστελλομένου
3571 1866 3600 1918 ὁ
3638 1865 3765 1918 ἀπο-

547 1941 639 2010 qui
666 1940 899 1995 mittitur
919 1955 1043 1996 esse
1068 1940 1363 1997 diversum.
1412 1941 1589 1999 Habes
1612 1944 1777 2014 igitur
1798 1944 1961 1999 etiam
2002 1944 2105 2000 hoc

2216 1955 2440 2009 στέλλων
2471 1955 2655 2028 ἕτερος
2679 1954 2754 2008 ὢν
2775 1955 3050 2026 τυγχάνει.
3106 1956 3286 2027 Ἔχεις
3331 1953 3614 2027 τοιγαροῦν
3645 1955 3767 2009 κάν-

547 2035 692 2097 loco,
738 2049 861 2089 eum
914 2033 1130 2104 quidem
1177 2035 1270 2104 qui
1312 2035 1500 2103 mittit,
1551 2051 1867 2106 supremum
1914 2035 2106 2101 Deum,

545 2126 715 2198 268
741 2142 869 2182 eum
902 2141 1033 2182 vero
1072 2127 1167 2197 qui
1218 2129 1454 2183 mittitur
1493 2145 1830 2185 sermonem:
1862 2129 2108 2201 quicum

547 2220 716 2272 multa
738 2218 934 2274 habeat
960 2219 1202 2283 nomina,
1232 2235 1378 2275 nunc
1407 2219 1704 2292 Sapientia,
1725 2238 1872 2277 nunc
1895 2223 2107 2288 Sermo,

546 2321 601 2367 et
629 2310 901 2366 interdum
934 2310 1098 2377 Deus,
1125 2320 1178 2367 et
1211 2313 1346 2369 alias
1380 2313 1643 2371 Dominus
1670 2317 1725 2370 in
1748 2314 1947 2371 divinis
1986 2331 2110 2371 ora-

545 2404 688 2460 culis
727 2414 1104 2475 nuncupatur;
1146 2406 1291 2476 quod
1338 2406 1386 2461 si
1431 2407 1727 2465 attenderis
1754 2408 2110 2478 quemadmo-

545 2497 675 2552 dum
710 2498 1032 2554 hrevissimo
1061 2505 1325 2569 tempore,
1365 2514 1580 2555 omnem
1626 2511 1896 2557 terrarum
1924 2501 2108 2557 orbem

549 2588 741 2644 Sermo
769 2588 1033 2645 doctrina:
1059 2588 1206 2644 illius
1232 2590 1558 2660 impleverit,
1594 2591 1839 2661 profecto
1860 2593 2104 2649 vaticinii

546 2681 901 2750 obstupesces
962 2686 1218 2737 eventum
1260 2680 1535 2738 dicentis:
1573 2701 1591 2734 ι
1617 2681 1889 2740 Velociter
1935 2683 2109 2738 currit

547 2786 729 2826 sermo
757 2770 894 2842 ejus.
931 2790 950 2822 ι
1002 2830 1009 2835 ,

1148 2905 1378 2961 CAPUT
1412 2906 1503 2963 Xl.

548 3042 591 3097 Α
631 3040 856 3097 secundo
888 3040 1199 3110 Regnorum.
1235 3070 1306 3080 —-
1336 3040 1594 3096 Dominus
1637 3043 1700 3097 de
1735 3044 1863 3097 cmlo
1884 3044 2109 3097 descen-

602 3113 752 3184 dens,
782 3112 871 3183 qui
895 3112 1146 3184 gentium,
1177 3126 1293 3182 qua:
1333 3112 1481 3184 prius
1502 3112 1654 3165 illum
1692 3130 1794 3167 non
1834 3129 2109 3184 cognosce-

611 3182 762 3247 bant,
793 3182 904 3237 dua:
922 3182 1154 3246 exsistit,
1176 3192 1224 3234 et
1256 3198 1289 3234 a
1314 3183 1547 3238 Judaica
1574 3197 1722 3253 gente
1764 3182 1991 3253 seipsum
2032 3193 2109 3237 est

606 3269 907 3309 aversurus.

618 3404 636 3438 ι
671 3385 739 3440 Et
769 3387 986 3442 locutus
1036 3396 1120 3444 est
1154 3386 1323 3444 David
1376 3387 1605 3443 Domino
1639 3390 1805 3445 verba
1847 3388 2108 3445 carminis

546 3479 709 3549 hujus
762 3479 830 3536 δ’.
876 3479 1080 3536 Deinde
1112 3496 1456 3553 progressus,
1491 3483 1564 3536 ita
1586 3482 1662 3536 ait
1698 3497 1712 3533 :
1752 3479 1859 3535 «Et
1885 3481 2112 3537 inclina-

547 3572 625 3625 vit
657 3571 826 3626 cmlos
850 3578 903 3626 et
943 3572 1245 3636 descendit,
1276 3580 1331 3629 et
1362 3573 1537 3644 caligo
1565 3575 1670 3628 sub
1704 3573 1936 3643 pedibus
1958 3572 2107 3643 ejus;

546 3668 601 3716 et
627 3660 870 3717 ascendit
884 3677 1047 3731 super
1078 3662 1378 3728 cherubim,
1398 3672 1452 3719 et
1472 3664 1694 3728 volavit,
1722 3665 1925 3719 volavit
1946 3677 2111 3733 super

545 3766 752 3822 pennas
806 3759 1117 3818 ventorum,
1169 3762 1226 3809 et
1268 3755 1456 3826 posuit
1488 3758 1762 3813 tenebras
1818 3756 2107 3811 latibulum

547 3858 706 3898 suum
740 3863 753 3899 :
785 3863 804 3896 ι
835 3851 949 3898 tum
986 3845 1040 3899 in
1074 3845 1180 3900 line
1195 3846 1436 3914 ejusdem
1466 3849 1722 3903 carminis
1750 3847 1830 3902 “z
1868 3866 1888 3898 ι
1915 3846 2111 3902 Libera

546 3948 655 3999 me,
684 3933 877 4005 inquit,
910 3934 977 3989 de
998 3937 1521 3992 contradictionibus
1552 3939 1760 4007 populi,
1811 3937 2112 3992 constitues

547 4041 634 4082 me
666 4026 722 4080 in
762 4036 925 4096 caput
951 4028 1229 4097 gentium;
1262 4029 1494 4098 populus
1524 4043 1686 4097 quem
1719 4042 1828 4081 non
1857 4026 2107 4097 cognovi,

548 4112 772 4167 servivit
811 4114 981 4178 mihi;
1006 4114 1071 4169 in
1119 4115 1307 4170 auditu
1357 4115 1507 4170 auris
1533 4115 1773 4170 obedivit
1806 4115 1979 4181 mihi;
2016 4114 2110 4169 lilii

548 4204 712 4259 alieni
742 4204 1061 4273 rejicientnr
1090 4208 1154 4262 ‘7.
1190 4227 1216 4260 -›
1244 4206 1347 4273 Qui
1383 4207 1665 4262 inclinavit
1693 4208 1885 4272 ccclos,
1930 4216 1984 4262 et
2018 4206 2113 4263 de-

547 4297 760 4352 scendit
786 4296 951 4360 Deus,
971 4298 1062 4366 qui
1086 4306 1425 4368 assnmptnm
1456 4297 1562 4353 sibi
1590 4278 1865 4353 hominem
1895 4297 2113 4353 inscen-

547 4387 628 4442 dit
662 4387 843 4460 (quem
872 4405 1009 4445 sane
1055 4389 1352 4455 hominem,
1395 4404 1541 4444 nunc
1590 4390 1872 4445 oraculum
1916 4389 2113 4444 cheru-

545 4477 658 4532 bim
680 4477 968 4549 nominat),
996 4478 1197 4532 volavit
1220 4493 1345 4532 cum
1366 4493 1432 4532 eo
1456 4493 1698 4541 sursum,
1722 4477 2113 4533 comitantibus

548 4570 992 4640 stipantibusque
1025 4571 1201 4640 ipsum
1252 4570 1453 4625 divinis
1499 4556 1806 4640 spiritibus,
1840 4570 1935 4638 qni
1966 4584 2114 4625 nunc

2210 2048 2382 2101 ταῦθα
2420 2048 2509 2100 τὸν
2552 2048 2650 2118 μὲν
2677 2047 3071 2101 ἀποστέλλοντα
3096 2048 3208 2115 τὸν,
3236 2048 3328 2101 ἐπὶ
3366 2047 3582 2101 πάντων
3610 2046 3765 2099 Θεόντ

2210 2138 2300 2193 τὸν
2325 2138 2381 2192 δὲ
2403 2138 2875 2212 ἀποστελλόμενον,
2901 2139 2993 2193 τὸν
3018 2138 3194 2208 λόγον’
3224 2139 3282 2203 ὃς
3309 2137 3654 2208 πολυώνυμος
3679 2135 3769 2203 ὣν,

2209 2231 2329 2284 τοτὲ
2362 2231 2459 2303 μὲν
2494 2230 2694 2300 Σοφία,
2719 2230 2839 2284 τοτὲ
2864 2230 2919 2283 δὲ
2936 2230 3135 2299 Λόγος,
3166 2229 3352 2284 ἄλλοτε
3390 2230 3451 2284 δὲ
3482 2229 3612 2294 Θεὸς
3634 2268 3650 2293 ,
3684 2228 3773 2282 καὶ

2211 2324 2371 2378 πάλιν
2406 2323 2608 2396 Κύριος
2651 2322 2735 2377 διὰ
2774 2322 2883 2377 τῶν
2917 2323 3075 2377 θείων
3104 2322 3364 2395 χρησμῶν
3396 2321 3769 2394 ἀνηγόρευται.

2225 2416 2548 2486 Ἐπιστήσας
2580 2415 2658 2481 δὲ,
2691 2415 2813 2469 τίνα
2841 2417 3039 2487 τρόπον
3064 2416 3122 2468 ὲν
3155 2413 3367 2486 ,σφόδρα
3396 2414 3570 2486 χρόνῳ
3594 2412 3774 2484 βραχεῖ

2210 2505 2308 2577 τὴν
2351 2508 2529 2559 πᾶσαν
2579 2505 2903 2577 οἰκουμένην
2953 2504 3186 2576 ἔπλησεν
3229 2506 3258 2557 ὁ
3304 2504 3403 2574 τῆς
3442 2502 3772 2566 διδασκαλίας

2210 2598 2374 2652 αὑτοῦ
2396 2599 2570 2666 λόγος,
2598 2593 2656 2652 εὖ
2681 2594 2775 2653 οἷδ’
2803 2599 2883 2651 ὅτι
2909 2599 2969 2651 τὸ
3000 2596 3340 2668 ἀποτέλεσμα
3366 2596 3665 2668 θαυμάσεις
3681 2596 3773 2667 τῆς

2211 2691 2565 2762 προρρήσεως
2597 2689 2908 2760 φασκούσης
2928 2707 2942 2720 ·
2991 2708 3009 2741 ι
3044 2690 3187 2754 Ἕως
3211 2690 3407 2761 τάχους
3440 2689 3716 2761 δραμεῖται
3744 2686 3775 2740 6

2209 2780 2365 2849 λόγος
2402 2779 2586 2833 αὐτοῦ.
2618 2800 2638 2833 I

2733 2914 3135 2968 ΚΕΦΑΛΑΙΟΝ
3164 2915 3265 2967 IA'.

2224 3048 2368 3104 Ἀπὸ
2402 3048 2512 3118 τῆς
2549 3050 2828 3117 δευτέρας
2864 3047 2983 3103 τῶν
3008 3047 3360 3103 Βασιλειῶν.
3384 3080 3458 3118 έ-
3481 3048 3689 3118 Κύριος
3711 3046 3775 3111 ἐξ

2284 3120 2545 3198 οὐρανοῦ
2564 3117 3452 3198 καῖιὼτεὴτούμεθῖοςέίῖηςμρὲν
3478 3120 3588 3198 ρὺκ
3611 3117 3779 3198 ἐῖνω-

2275 3186 2466 3244 πότων
2510 3191 2695 3245 αὐτόν
2745 3186 2979 3255 ἐθνῶν,
3025 3188 3092 3243 τὸ
3134 3187 3202 3241 δὲ
3266 3188 3571 3243 Ἰουδαίων
3611 3186 3777 3251 ἔθνος

2279 3260 2915 3329 ἀποστραφησόμενος.

2290 3416 2309 3446 ι
2342 3395 2454 3448 Καὶ
2487 3394 2718 3466 ὲλάλησε
2757 3392 2926 3448 Δαδὶδ
2960 3391 3039 3462 τῷ
3070 3391 3257 3463 Κυρίῳ
3288 3390 3417 3454 τοὺς
3460 3389 3648 3458 λόγους
3685 3386 3779 3456 τῆς

2216 3484 2357 3556 ᾠδῆς
2383 3484 2604 3554 ταύτης.
2643 3502 2662 3534 I
2694 3478 2805 3536 Εἶθ’
2841 3481 2965 3553 ἑξῆς
2988 3497 3119 3551 φησι
3146 3497 3160 3510 υ
3201 3498 3219 3529 ι
3247 3479 3357 3531 Καὶ
3387 3477 3599 3531 ἔκλινεν
3623 3476 3779 3547 ούρα-

2217 3578 2341 3641 νοὺς
2377 3577 2471 3630 καὶ
2510 3575 2716 3645 κατέϐη
2736 3614 2752 3639 ,
2793 3573 2887 3627 καὶ
2924 3572 3120 3642 γνόφος
3158 3571 3415 3625 ὑποκάτω
3461 3569 3570 3624 τῶν
3613 3565 3781 3621 ποδῶν

2216 3668 2378 3722 αὐτοῦ
2403 3684 2417 3698 ·
2455 3668 2549 3719 καὶ
2582 3665 2751 3736 ἐπέϐη
2788 3663 2882 3717 ἐπὶ
2909 3661 3172 3735 χερουϐὶμ
3193 3701 3207 3726 ,
3240 3660 3518 3731 έπετάσθη
3543 3660 3634 3714 ἐπὶ
3659 3672 3781 3711 πτι-

2219 3759 2396 3831 ρύγων
2421 3756 2654 3827 ἀνέμων,
2685 3755 2778 3809 καὶ
2802 3753 2953 3808 ἔθετο
2982 3753 3167 3816 σκότος
3189 3752 3517 3824 ἀποκρυφὴν
3547 3747 3726 3804 αὑτοῦ.
3752 3764 3776 3799 ›

2217 3847 2325 3900 Καὶ
2357 3845 2447 3898 ἐπὶ
2473 3845 2614 3899 τέλει
2639 3845 2739 3915 τῆς
2772 3844 2941 3914 αὐτῆς
3185 3861 3206 3894 ι
3250 3840 3418 3913 Ῥύσῃ
3455 3857 3554 3911 με,
3586 3837 3783 3910 φησὶν,

2217 3937 2278 4002 ἐξ
2324 3935 2638 4006 ἀντιλογιῶν
2688 3935 2838 3989 λαοῦ.
2888 3935 3262 4005 Καταστήσεις
3312 3949 3379 4003 με
3426 3933 3508 3995 είς
3553 3928 3783 4000 κεφαλὴν

2217 4028 2405 4082 ἐθνῶν.
2441 4030 2581 4092 Λαδς
2612 4027 2671 4081 ὃν
2703 4026 2804 4081 οὐκ
2833 4027 3024 4096 ἔγνων,
3057 4024 3333 4080 ὲδούλευσέ
3359 4041 3475 4096 μοι,
3511 4026 3591 4088 είς
3622 4021 3782 4094 ἀκοὴν

2217 4120 2378 4173 ὠτίου
2436 4118 2708 4189 ὑπήκουσέ
2767 4136 2888 4188 μου.
2941 4117 3060 4170 Υίοὶ
3126 4115 3391 4187 ἀλλότριοι
3444 4112 3780 4187 ἀποῤῥιφθή-

2221 4228 2422 4265 σονται.
2471 4229 2493 4263 ι
2555 4210 2613 4263 ’0
2664 4209 2853 4273 κλίνας
2895 4208 3157 4280 οὐρανοὺς
3200 4208 3295 4261 καὶ
3337 4206 3585 4271 καταϐὰς
3626 4205 3783 4267 Θεὸς,

2218 4307 2247 4359 ὁ
2274 4304 2468 4368 ἐπιϐὰς
2499 4297 2543 4371 ᾧ
2574 4301 2857 4372 ἀνείληφεν
2876 4298 3164 4372 ἀνθρώπῳ,
3190 4299 3372 4353 ὅντινα
3396 4297 3496 4351 νῦν
3528 4294 3785 4370 χερουσὶμ

2219 4396 2248 4446 ὁ
2283 4395 2437 4462 λόγος
2463 4391 2750 4464 ὀνομάζει,
2784 4392 2989 4461 ἀνέπτη
3024 4392 3119 4444 σὺν
3148 4389 3296 4461 αύτῷ
3328 4389 3425 4460 τὴν
3468 4389 3652 4444 ἄνοδον
3688 4403 3785 4440 περ

2221 4484 2514 4555 ποιημένος
2569 4482 2707 4554 μετά
2759 4481 2867 4537 τῶν
2925 4480 3361 4554 δορυφορούντων
3414 4481 3581 4534 αὐτὸν
3632 4478 3783 4533 θείων

2221 4580 2577 4651 πνευμάτων,
2611 4579 2897 4649 πτερύγων
2936 4578 3150 4650 ἀνέμων
3190 4578 3283 4632 καὶ
3312 4577 3494 4630 αὐτῶν
3528 4589 3785 4647 χρηματιο

548 4661 654 4731 ipsi
684 4676 901 4730 quoque
930 4669 1217 4716 ventorum
1245 4676 1435 4731 penna:
1463 4662 1828 4731 appellantur.
1856 4658 2110 4717 Obscure

2216 4671 2429 4736 ζόντων.
2455 4669 2753 4731 Σκοτεινῶς
2779 4668 2835 4721 δὲ
2867 4667 3037 4722 ταῦτα
3060 4667 3153 4721 καὶ
3175 4669 3232 4720 ὲν
3262 4666 3605 4736 παραϐύστῳ
3628 4677 3778 4731 γεγε-

547 4768 679 4809 vero
714 4753 826 4807 haec
846 4760 901 4808 et
953 4754 1006 4807 in
1039 4752 1361 4809 abscondito
1395 4752 1535 4806 facta
1568 4768 1711 4817 esse,
1739 4768 1836 4822 per
1867 4753 2113 4823 quaedam

550 4862 748 4903 arcana
788 4854 843 4902 et
890 4846 1115 4901 latentia
1159 4846 1323 4900 verba
1367 4844 1660 4915 signiﬁcat,
1716 4844 1806 4900 ubi
1837 4845 1944 4899 ait:
1988 4861 2007 4895 ι
2046 4843 2113 4897 Et

551 4941 734 5012 posuit
770 4940 1026 4995 tenebras
1077 4939 1363 4995 latibulum
1418 4953 1599 4993 suum.
1626 4958 1643 4990 ι
1682 4936 1813 5004 Quae
1854 4951 1985 4992 vero
2024 4951 2113 4991 se-

549 5039 795 5102 quuntur
841 5031 1122 5100 deinceps,
1169 5038 1462 5100 assumpta:
1521 5046 1553 5084 a
1597 5029 1819 5085 Christo
1871 5028 2112 5084 hominis

553 5130 764 5177 natura:
802 5131 1169 5178 consentanea
1211 5129 1359 5184 sunt,
1389 5129 1442 5176 et
1478 5120 1966 5176 contradictionem
1993 5133 2113 5190 qua:

551 5214 818 5269 adversus
858 5214 1008 5268 illum
1048 5212 1189 5268 facta
1217 5221 1301 5269 est
1327 5211 1537 5269 Judaici
1561 5214 1744 5284 p0puli
1786 5213 2110 5284 praecinunt,

552 5321 767 5360 necnon
800 5305 1063 5360 doctrina:
1084 5305 1285 5360 Christi
1325 5314 1513 5376 gentes
1535 5321 1656 5361 esse
1682 5305 2109 5360 auscultatnras:

553 5397 747 5452 iisdem
781 5411 946 5466 porro
974 5398 1153 5452 verbis
1176 5397 1374 5452 similia
1400 5398 1648 5454 invenies
1674 5399 1729 5453 in
1769 5397 1980 5467 psalmo
2018 5397 2115 5453 de-

552 5489 696 5544 cimo
736 5488 1001 5557 septimo:
1038 5490 1092 5542 in
1139 5505 1257 5559 qua:
1292 5489 1436 5561 quod
1467 5489 1625 5546 nobis
1657 5489 1835 5544 visum
1859 5498 1961 5555 est,
1988 5494 2113 5542 ante

550 5582 659 5652 jam
695 5580 953 5635 diximus.

2218 4760 2434 4832 νῆσθαι,
2467 4758 2610 4813 κατά
2666 4775 2815 4821 τινας
2884 4758 3226 4829 ἀπορρήτους
3279 4756 3373 4810 καὶ
3426 4754 3781 4813 λανθάνοντας

2217 4853 2508 4908 αἰνίττεται
2528 4852 2741 4922 λόγους,
2779 4853 3000 4921 φάσκων
3023 4868 3037 4882 '
3079 4870 3096 4903 ι
3123 4851 3233 4906 Καὶ
3256 4849 3407 4904 ἔθετο
3440 4850 3633 4912 σκότος
3655 4848 3783 4900 ἀπο-

2217 4940 2427 5012 κρυφὴν
2487 4940 2672 4995 αὑτοῦ.
2719 4961 2737 4994 I
2800 4941 2880 4994 Τὰ
2928 4941 2985 4994 δὲ
3037 4940 3163 5012 ἑξῆς
3209 4939 3519 5004 ἀκολούθως
3572 4941 3639 5009 τῇ
3693 4933 3783 4988 τοῦ

2216 5032 2448 5105 Χριστοῦ
2494 5033 2901 5105 ὲνανθρωπήσει
2959 5032 3057 5104 τὴν
3114 5032 3233 5087 κατ’
3263 5029 3427 5084 αὑτοῦ
3489 5025 3782 5099 γενομένην

2215 5125 2518 5194 ἀντιλογίαν
2542 5126 2635 5179 τοῦ
2671 5125 2934 5180 Ἰουδαίων
2962 5123 3090 5178 λαοῦ
3119 5123 3401 5195 σημαίνει,
3425 5122 3521 5177 καὶ
3556 5120 3655 5192 τὴν
3680 5115 3782 5171 τῶν

2219 5219 2388 5274 ὲθνῶν
2424 5220 2663 5291 ὲπακοὴν
2686 5221 2784 5291 τῆς
2807 5215 2898 5273 τοῦ
2921 5219 3153 5290 Χριστοῦ
3185 5214 3557 5277 διδασκαλίας.
3588 5209 3783 5270 Ausci;

2218 5309 2274 5363 δὲ
2307 5312 2511 5382 ῥήμασι
2534 5311 2601 5366 τά
2628 5311 2978 5382 παραπλήσια
2998 5309 3173 5381 εὕροις
3199 5308 3265 5361 ἂν
3286 5306 3381 5361 καὶ
3396 5306 3453 5360 ὲν
3472 5298 3785 5359 ὲιττακαιδε⁸

2221 5401 2371 5481 κάτῳ
2391 5401 2609 5475 ψαλμῷ,
2640 5405 2719 5466 είς
2749 5402 2785 5456 ἂ
2820 5401 2888 5455 τὰ
2920 5399 3155 5470 φανέντα
3183 5397 3526 5469 προείρηται.

624 5779 674 5811 δ’
697 5779 840 5835 l’sal.
863 5793 1050 5843 CXLIII,
1075 5782 1125 5837 9.
1188 5779 1233 5813 "
1267 5778 1406 5834 Psal.
1439 5794 1644 5848 chvu,
1680 5781 1766 5837 12.
1845 5780 2053 5853 “ibid.
2084 5779 2169 5836 15.
2247 5779 2291 5812 ⁸⁵
2323 5776 2467 5836 Psal.
2494 5791 2625 5842 vaI,
2654 5779 2703 5830 l.
2780 5777 2826 5809 “
2856 5775 2985 5831 ibid.
3023 5772 3207 5832 10-12.
3283 5772 3329 5807 "
3361 5770 3474 5827 ibid
3527 5767 3718 5825 Διὶ-ιω.
