4100 6430
381 308 487 364 429
1263 316 1915 376 DEMONSTRATIONIS
1955 321 2413 381 EVANGELICIE
2446 325 2575 385 LIB.
2616 326 2704 382 Vl.
2934 318 2961 351 "
3519 327 3625 385 450

898 435 1288 489 ΚΕΦΑΛΑΙΟΝ
1327 435 1426 488 lB'.
1980 458 2027 515 Α

1980 458 2027 515 Α
2546 441 2713 513 239
2749 440 2976 497 CAPUT
3016 440 3132 497 xu.

391 542 533 625 ’.4ίεὺ
566 543 676 611 τῆς
707 547 906 625 rpltnc
930 548 1050 625 τῶν
1072 548 1420 625 Βαρτιλεςῶν.
1444 582 1509 625 -ς
1534 552 1678 625 Θεὸς
1702 556 1945 621 οὐρανό-

2128 556 2172 609 Α
2205 556 2359 609 tertio
2392 554 2707 625 Regnorum.
2733 585 2802 625 τ-
2832 554 2968 608 Deus
2995 554 3060 609 de
3091 553 3219 609 caelo
3247 553 3587 622 descendens,

449 619 551 692 θεν
574 615 815 681 κατιὼν,
848 620 945 670 καὶ
974 622 1101 688 μετ’
1132 620 1460 687 ἀνθρώπων
1480 621 1579 674 ἐπὶ
1610 615 1724 692 γῆς
1749 615 1945 679 κατοι-

448 700 586 736 κων.

1763 615 1945 679 ἱατοι-
2287 634 2338 681 et
2372 615 2491 679 cuni
2524 624 2822 679 hominibus
2853 626 2908 679 in
2939 635 3080 680 terra
3113 624 3382 680 habitans.

452 857 471 888 ι
498 839 609 891 Kal
640 839 756 906 νῦν,
793 842 964 914 Κύριε
1005 845 1034 896 6
1064 844 1195 910 Θεὸς
1230 848 1464 921 Ἰσραὴλ,
1512 851 1838 925 πιστωθήτω
1882 855 1944 929 δὴ

2134 860 2152 893 ι
2185 840 2250 894 Et
2296 855 2442 895 nunc
2469 880 2485 906 ,
2541 840 2767 895 Domiue
2815 839 2960 896 Deus
3011 840 3218 910 Israel,
3264 843 3620 899 confirmetur

376 928 437 984 τδ
464 930 613 1002 βῆμά
644 950 759 996 σου,
793 934 821 987 δ
852 935 1119 1006 mea;
1260 939 1406 993 παιδί
1434 958 1527 995 σου
1571 942 1650 1014 τῷ
1687 945 1849 998 me
1870 928 1946 1019 τῷ

2048 933 2161 1002 jam
2220 932 2446 988 verbum
2495 941 2680 995 tuum,
2736 932 2881 1003 quod
2932 933 3148 989 locutus
3194 950 3254 989 es
3301 950 3471 1004 puero
3525 943 3621 989 tuo

376 1023 540 1094 πατρί
572 1041 707 1094 μου’
742 1025 821 1078 ὅτι
857 1028 903 1080 εἰ
936 1026 1148 1098 ἀληθῶς
1178 1033 1490 1104 κατοικήσει
1522 1033 1654 1098 Θεὸς
1689 1035 1826 1106 μετὰ
1846 1038 1943 1091 ἀν·-

2052 1024 2221 1080 David
2259 1025 2400 1095 patri
2439 1039 2561 1080 meo
2598 1027 2892 1096 :quoniam
2934 1025 2980 1081 si
3014 1042 3138 1081 vere
3171 1026 3440 1082 habitabit
3473 1025 3620 1084 Deus

374 1111 607 1183 θρὼπων
648 1117 742 1169 ἐπὶ
767 1118 889 1188 γῆς,
916 1120 963 1171 εἰ
995 1121 1024 1173 6
1050 1120 1279 1191 ούρανὸς
1306 1124 1398 1176 καὶ
1422 1126 1451 1175 6
1480 1125 1706 1196 οὐρανὸς
1736 1127 1829 1181 τοῦ
1856 1129 1945 1181 ού-

2052 1132 2176 1171 cum
2205 1117 2522 1172 hominibus
2549 1118 2604 1173 in
2631 1130 2774 1175 terra
2793 1159 2807 1184 ,
2840 1120 2885 1174 si
2914 1121 3113 1173 caelum
3135 1159 3150 1183 ,
3177 1127 3233 1173 et
3266 1118 3464 1173 caelum
3493 1111 3616 1172 cmli

377 1204 539 1275 ρανοῦ
580 1206 682 1260 οὐκ
724 1208 1015 1278 ἀρκέσουσί
1047 1228 1146 1264 σοι.
1176 1232 1193 1264 ι
1227 1214 1417 1267 Κεῖται
1448 1216 1619 1270 ταῦτα
1648 1220 1836 1283 αὐταῖς
1861 1220 1946 1274 λέ-

2051 1223 2162 1261 non
2212 1207 2429 1277 capient
2470 1215 2523 1263 te
2557 1208 2624 1261 ⁸⁸.
2655 1230 2672 1261 ι
2708 1209 2893 1266 Posita
2950 1217 3081 1265 sunt
3136 1208 3328 1264 eadem
3385 1209 3500 1263 haec
3550 1209 3616 1261 ad

371 1291 521 1359 ξεσιν
553 1297 646 1350 καὶ
688 1300 744 1353 ὲν
774 1300 1305 1374 Παραλειπομέναις·
1347 1325 1366 1357 ι
1401 1306 1491 1378 Τῷ
1523 1310 1621 1379 μὲν
1657 1306 1750 1364 οὖν
1782 1312 1945 1366 Δαϐὶδ

2048 1301 2274 1355 verbum
2331 1301 2461 1356 item
2538 1302 2593 1356 in
2650 1301 3128 1373 Paralipomenis:
3187 1299 3457 1371 siquidem
3513 1299 3616 1369 ipsi

266 1462 275 1467 κ
367 1387 735 1480 ἐπηγγείλατο
761 1394 789 1445 6
817 1392 949 1457 Θεὸς
988 1396 1311 1480 ἀνμστήσειν
1339 1401 1403 1454 ὲκ
1428 1402 1634 1467 κοιλίας
1655 1405 1817 1458 αὐτοῦ
1848 1405 1885 1476 β‹

2050 1391 2220 1446 David
2274 1393 2553 1463 pollicitus
2611 1394 2788 1449 fuerat
2826 1394 3006 1458 Deus,
3052 1395 3415 1448 excitaturum
3455 1407 3515 1448 se
3551 1391 3618 1446 de

368 1479 544 1545 σιλέα,
575 1475 637 1535 οῦ
668 1484 847 1556 πατὴρ
875 1475 1058 1552 αὐτὸς
1080 1490 1108 1542 6
1156 1490 1287 1555 Θεὸς
1335 1490 1552 1546 ἔσεσθαί
1587 1513 1769 1566 φησιν,
1803 1475 1943 1552 ὥστε

2047 1492 2239 1542 ventre
2276 1486 2449 1556 ipsius
2480 1501 2693 1557 regem,
2739 1486 2900 1557 cujus
2943 1495 3152 1557 patrem
3201 1484 3319 1540 fore
3362 1500 3454 1548 se,
3501 1485 3618 1554 ipse

364 1570 461 1624 τὸν
484 1574 771 1644 γενόμενον
788 1579 853 1631 ὲκ
881 1578 1191 1650 σπέρματος
1216 1582 1399 1650 Δαϐὶδ,
1431 1584 1557 1640 Υἰὸν
1583 1587 1942 1660 ὀνομασθῆναι

2049 1574 2194 1631 Deus
2233 1575 2470 1642 dixerat,
2492 1591 2667 1645 usque
2708 1576 2844 1632 adeo
2882 1583 2944 1631 ut
2982 1579 3030 1630 is
3069 1575 3162 1645 qui
3196 1583 3517 1631 nasceretur
3551 1573 3618 1628 de

366 1661 529 1729 Θεοῦ,
547 1665 733 1738 θρόνον
760 1686 819 1722 τε
842 1669 1114 1740 βασιλείας
1132 1673 1272 1738 ἕξειν
1296 1675 1533 1732 αἰώνιον.
1562 1699 1579 1729 ι
1600 1678 1785 1733 Ταῦτα
1808 1680 1864 1735 δὲ
1884 1684 1942 1736 ὲν

2050 1672 2258 1723 semine
2311 1667 2517 1734 David,
2574 1678 2720 1725 esset
2751 1669 2923 1725 Filius
2972 1667 3067 1724 Dei
3115 1668 3515 1733 nominandus,
3563 1676 3618 1721 et

372 1767 471 1828 μεν
498 1762 566 1830 τῇ
586 1759 809 1832 δευτέρᾳ
840 1763 949 1817 τῶν
979 1765 1270 1820 Βασιλειῶν
1299 1768 1386 1822 διὰ
1412 1769 1597 1824 Νάθαν
1627 1771 1718 1824 τοῦ
1736 1774 1944 1845 προφή-

2049 1762 2246 1816 solium
2287 1762 2443 1831 regni
2482 1770 2747 1817 aeternum
2786 1761 3096 1816 habiturus.
3150 1759 3363 1816 Etenim
3405 1760 3521 1814 haec
3558 1758 3616 1814 in

366 1863 463 1900 του
489 1849 729 1922 ἐχρήσθη
756 1851 834 1922 τῷ
858 1853 1020 1907 Δαϐἰδ
1038 1853 1222 1909 τοῦτον
1244 1855 1334 1910 τὸν
1360 1858 1576 1929 τρόπον·
1600 1881 1616 1910 ι
1638 1862 1748 1915 Καὶ
1775 1861 1944 1927 ἔσται,
1979 1850 1985 1903 Ῑ

1994 1851 2020 1904 Β
2052 1852 2296 1908 secundo
2347 1850 2694 1923 Regnorum,
2751 1866 2850 1921 per
2891 1851 3106 1905 Nathan
3156 1851 3476 1921 prophetam
3522 1864 3613 1905 re-

367 1938 464 1992 ἐὰν
493 1940 854 2013 πληρωθῶσιν
878 1947 932 1998 αἰ
965 1948 1166 2018 ήμέραι
1201 1965 1314 2012 σου,
1347 1950 1440 2003 καὶ
1468 1951 1779 2025 κοιμηθήσῃ
1811 1953 1946 2023 μετὰ

2048 1960 2251 2015 sponsa
2299 1954 2430 2000 sunt
2482 1944 2589 2013 ipsi
2642 1943 2849 2007 David,
2895 1945 2951 1998 in
3001 1944 3148 1998 hunc
3191 1944 3459 1999 modum:
3494 1960 3514 1994 ι
3550 1940 3617 1996 Et

368 2031 476 2085 τῶν
503 2034 756 2106 πατέρων
791 2054 905 2101 σου,
942 2040 1035 2093 καὶ
1059 2041 1345 2113 ἀναστήσω
1364 2043 1423 2096 τὸ
1446 2044 1667 2115 σπέρμα
1691 2061 1784 2098 σου
1809 2048 1946 2116 μετὰ

2046 2034 2171 2099 erit,
2195 2048 2319 2088 cum
2371 2034 2626 2104 completi
2665 2033 2871 2089 fuerint
2910 2034 3028 2089 dies
3071 2033 3185 2095 tui,
3224 2040 3281 2089 et
3322 2033 3614 2089 dormieris

371 2122 457 2175 aé'
487 2124 546 2189 ὃς
578 2126 726 2181 ἔσται
754 2129 819 2183 ἐκ
862 2130 957 2201 τῆς
1007 2131 1212 2195 κοιλίας
1264 2149 1377 2196 σου,
1408 2133 1501 2187 καὶ
1547 2135 1821 2206 ἑτοιμάσω
1846 2136 1944 2208 τὴν

2045 2140 2171 2179 cum
2210 2125 2460 2195 patribus
2498 2126 2640 2189 tuis,
2672 2134 2728 2181 et
2756 2125 3037 2181 suscitabo
3070 2140 3259 2181 semen
3298 2137 3451 2180 tuum
3491 2134 3614 2197 post

368 2215 642 2283 βασιλείαν
667 2219 852 2273 αὐτοῦ.
873 2222 1042 2285 Αὐτὸς
1061 2224 1403 2296 οἰκοδομήσει
1436 2242 1525 2295 μοι
1554 2221 1701 2280 οἶκον
1729 2227 1807 2298 τῷ
1826 2230 1927 2282 ὀνό-

2045 2226 2100 2273 te
2121 2257 2136 2283 ,
2169 2225 2224 2273 et
2256 2216 2400 2288 quod
2435 2218 2538 2272 erit
2565 2232 2631 2271 ex
2662 2226 2851 2272 ventre
2882 2225 3009 2280 tuo,
3044 2225 3097 2272 et
3141 2216 3348 2287 parabo
3385 2232 3612 2288 regnum

368 2308 500 2377 ματί
525 2327 649 2380 μου,
684 2314 777 2365 καὶ
791 2311 1084 2386 ἀνορθώσω
1106 2316 1196 2369 τὸν
1218 2313 1414 2387 θρόνον
1429 2317 1590 2370 αὐτοῦ
1619 2319 1725 2381 ἕως
1753 2322 1832 2383 εἰς
1852 2320 1943 2373 τὸν

2045 2309 2184 2378 ejus.
2233 2306 2355 2379 ipse
2385 2308 2675 2363 aadificabit
2702 2307 2836 2363 mihi
2868 2309 3088 2363 domum
3118 2308 3174 2362 in
3204 2309 3425 2363 nomine
3455 2324 3577 2364 meo
3596 2348 3611 2372 ,

363 2405 557 2459 αἰῶνα.
575 2404 715 2472 Ἐγὼ
736 2404 927 2477 ἔσομαι
948 2406 1098 2478 αὐτῷ
1123 2410 1201 2472 εἰς
1224 2409 1464 2479 Πατέρα,
1491 2411 1586 2463 καὶ
1609 2409 1770 2476 αὐτὸς
1793 2412 1942 2466 ἔσται

2044 2410 2097 2457 et
2126 2401 2329 2472 erigam
2363 2401 2548 2457 sedem
2580 2401 2703 2472 ejus
2752 2416 2925 2471 usque
2973 2400 3039 2455 ad
3084 2399 3500 2469 sempiternum.
3550 2400 3615 2455 Et

367 2514 459 2565 μοι
493 2500 575 2560 εἰς
599 2497 748 2552 Υἱόν.
780 2516 798 2548 ι
836 2498 918 2552 Τὰ
963 2498 1008 2552 δ’
1040 2500 1180 2552 αὐτὰ
1221 2500 1312 2553 καὶ
1342 2502 1397 2553 ὲν
1434 2502 1942 2573 Παραλειπομέναις

2043 2510 2138 2550 ero
2170 2495 2249 2550 illi
2278 2495 2335 2549 in
2365 2493 2581 2550 Patrem
2604 2534 2620 2559 ,
2651 2503 2706 2549 et
2734 2494 2852 2564 ipse
2883 2493 2987 2548 erit
3018 2493 3151 2548 mihi
3183 2493 3240 2547 in
3273 2490 3471 2547 Filium
3499 2492 3564 2546 ".
3588 2512 3608 2546 ι

361 2587 566 2657 ὁμοίως
603 2590 836 2660 εἴρηται.
856 2589 944 2642 Ἐν
972 2589 1027 2642 δὲ
1055 2590 1253 2661 ψαλμῷ
1279 2591 1621 2663 ὀγδοηκοστῷ
1658 2593 1827 2662 ὀγδόῳ
1856 2592 1944 2647 λέα

2044 2583 2246 2640 Eadem
2279 2599 2409 2640 vero
2438 2585 2600 2639 etiam
2636 2584 2691 2638 in
2734 2582 3199 2652 Paralipomenis,
3244 2581 3413 2637 simili
3452 2582 3614 2637 modo

361 2676 581 2730 λεκταιο
615 2698 633 2728 ι
661 2680 827 2743 Αὐτὸς
861 2681 1245 2736 ἐπικαλέσεταί
1275 2700 1341 2753 με
1365 2700 1378 2713 ·
1413 2684 1605 2756 Πατήρ
1636 2703 1738 2756 μου
1767 2682 1820 2739 εἴ
1852 2686 1939 2749 σὺ,

2042 2677 2188 2731 dicta
2217 2684 2344 2731 sunt
2372 2678 2439 2732 ⁸⁸.
2469 2674 2527 2729 In
2556 2676 2769 2746 psalmo
2814 2683 2992 2731 autem
3039 2676 3373 2747 octogesimo
3418 2688 3614 2735 octavo

361 2768 496 2832 Θεός
527 2786 649 2839 μου,
678 2770 772 2822 καὶ
803 2770 1150 2844 ἀντιλήπτωρ
1181 2773 1282 2843 τῆς
1313 2775 1584 2846 σωτηρίας
1617 2793 1740 2847 μου.
1771 2776 1941 2846 Κάγὼ

2043 2771 2250 2826 dictum
2275 2779 2360 2826 est
2384 2790 2397 2825 :
2431 2790 2449 2822 ι
2478 2771 2599 2841 lpse
2625 2771 2900 2826 invocabit
2924 2787 3031 2835 me,
3056 2770 3221 2826 Pater
3244 2785 3402 2826 meus
3427 2784 3488 2827 es
3513 2778 3573 2826 tu
3590 2809 3609 2839 ,

361 2861 710 2932 πρωτότοκον
739 2861 974 2933 θήσομαι
1007 2864 1189 2929 αὐτὸν,
1223 2865 1425 2936 ὑψηλὸν
1459 2866 1608 2938 παρά
1646 2868 1758 2931 τοῖς
1789 2870 1942 2938 βασι-

2041 2863 2186 2919 Deus
2216 2880 2397 2928 meus,
2429 2874 2483 2920 et
2516 2872 2803 2934 susceptor
2830 2864 3023 2920 salutis
3050 2880 3204 2921 meae.
3245 2863 3312 2919 Et
3365 2879 3464 2935 ego
3494 2864 3611 2935 pri-

359 2951 514 3005 λεῦσι
545 2952 643 3023 τῆς
680 2952 812 3024 γῆς·
840 2955 921 3018 εἰς
960 2955 1053 3008 τὸν
1076 2956 1245 3011 αἰῶνα
1278 2957 1496 3027 φυλάξω
1528 2958 1673 3029 αὐτῷ
1707 2960 1767 3012 τὸ
1794 2959 1940 3024 ἔλεός

2041 2955 2374 3026 mogenitum
2422 2959 2620 3025 ponam
2671 2956 2860 3018 illum,
2907 2956 3184 3010 excelsum
3232 2969 3344 3025 prie
3388 2953 3611 3024 regibus

362 3062 493 3115 μου,
523 3046 615 3099 καὶ
654 3048 686 3117 ἡ
709 3046 937 3119 διαθήκη
965 3066 1066 3119 μου
1094 3048 1257 3121 πιστὴ
1282 3049 1428 3121 αὐτῷ
1445 3066 1459 3081 ·
1488 3051 1579 3104 καὶ
1604 3051 1840 3123 θήσομαι
1861 3054 1941 3116 εἰς

2040 3054 2245 3102 terrae:
2309 3046 2365 3100 in
2425 3054 2690 3100 aeternum
2752 3047 2983 3102 servabo
3041 3046 3120 3100 illi
3175 3046 3606 3102 misericordiam

356 3135 451 3187 τὸν
484 3134 655 3189 αἰῶνα
684 3136 778 3189 τοῦ
806 3137 998 3200 αἰῶνος
1021 3139 1080 3192 τὸ
1110 3139 1329 3212 σπέρμα
1357 3140 1540 3204 αὑτοῦ,
1570 3142 1665 3195 καὶ
1691 3142 1782 3197 τὸν
1812 3143 1939 3214 θρό-
1967 3200 1975 3214 Α

1992 3194 2008 3212 ἱ
2041 3149 2254 3198 meam,
2310 3141 2364 3188 et
2418 3141 2805 3189 testamentum
2862 3151 3078 3199 meum,
3140 3135 3298 3191 fidele
3349 3136 3499 3206 ipsi:
3554 3144 3611 3191 et

980 3194 993 3200 -
1219 3194 1267 3212 ,,
1408 3194 1625 3204 ν
1736 3194 1770 3197 η
1848 3194 1899 3214 ,η

356 3244 448 3279 νον
476 3226 640 3280 αὑτοῦ
667 3228 743 3291 ὡς
767 3227 865 3292 τὰς
899 3230 1111 3301 ἡμέρας
1132 3230 1225 3284 τοῦ
1263 3232 1514 3304 ούρανοῦ.
1541 3254 1559 3286 ι
1597 3235 1707 3288 Kal
1736 3234 1896 3288 πάλιν
1916 3253 1929 3266 ·
1966 3200 1975 3246 ⁴

1988 3194 2010 3253 ἶ
2042 3238 2241 3293 ponam
2277 3225 2331 3276 in
2364 3223 2624 3278 saeculum
2661 3224 2846 3279 sazculi
2892 3240 3079 3280 semen
3121 3226 3277 3295 ejus,
3323 3234 3379 3280 et
3424 3224 3607 3282 sedem

362 3336 384 3367 ι
399 3318 608 3388 Ὠμοσα
632 3318 793 3372 Δαϐὶδ
826 3319 904 3389 τῷ
926 3319 1095 3391 δούλῳ
1123 3339 1224 3391 μου
1243 3339 1257 3352 ·
1294 3323 1434 3387 Ἕως
1456 3324 1550 3377 τοῦ
1579 3326 1774 3390 αἰῶνος
1800 3329 1937 3381 ἐτοι-

2040 3315 2161 3385 ejus
2196 3315 2343 3370 sicut
2386 3313 2504 3369 dies
2550 3315 2675 3369 caali
2711 3316 2778 3369 ⁸¹.
2811 3334 2830 3366 ι
2859 3314 2925 3369 Et
2957 3333 3150 3372 rursus
3182 3336 3195 3371 :
3228 3336 3247 3369 ι
3275 3314 3463 3371 Juravi
3506 3315 3612 3369 Da-

360 3408 520 3478 μάσω
546 3408 607 3461 τὸ
637 3410 858 3481 σπέρμα
885 3427 1001 3474 σου,
1032 3413 1125 3465 καὶ
1146 3413 1483 3485 οἰκοδομήσω
1514 3419 1593 3481 εἰς
1625 3419 1817 3484 γενεὰν
1844 3420 1935 3474 τὸν

2039 3405 2131 3461 vid
2163 3421 2321 3461 servo
2361 3419 2522 3461 meo:
2549 3405 2733 3477 Usque
2771 3408 2825 3462 in
2855 3409 3122 3464 saeculum
3163 3407 3481 3479 praeparabo
3524 3422 3612 3462 se-

355 3499 547 3571 θρόνον
578 3517 689 3554 σου.
724 3522 742 3553 ι
781 3504 890 3555 Kal
912 3501 1101 3569 αὖθις·
1144 3506 1356 3572 «Ἃπαξ
1384 3506 1574 3579 ὤμοσα
1596 3512 1653 3564 ὲν
1685 3511 1762 3583 τῷ
1797 3513 1935 3583 ἁγίῳ

2040 3506 2165 3545 men
2192 3502 2384 3557 tuum,
2416 3501 2469 3548 et
2499 3493 2782 3549 aedificabo
2816 3497 2873 3550 in
2905 3498 3313 3567 generationem
3343 3508 3397 3552 et
3443 3511 3608 3567 gene-

362 3609 487 3663 μου,
516 3594 565 3644 εἰ
596 3592 672 3663 τῷ
699 3593 862 3646 Δαϐὶδ
884 3593 1154 3666 ψεύσομαι
1178 3615 1190 3628 ο
1214 3599 1274 3650 τὸ
1298 3599 1516 3671 σπέρμα
1550 3601 1712 3654 αὑτοῦ
1744 3605 1822 3667 εἰς
1843 3603 1935 3658 τὸν

2040 3584 2306 3640 rationem
2369 3585 2555 3641 sedem
2612 3595 2763 3642 tuam
2798 3590 2867 3643 ⁸⁸.
2908 3609 2927 3640 ι
2962 3590 3028 3644 Et
3082 3606 3277 3646 rursus
3313 3610 3327 3644 :
3367 3609 3387 3643 ι
3426 3589 3606 3646 Semel

361 3681 533 3738 αἰῶνα
570 3688 739 3754 μενεῖ,
776 3687 927 3741 καὶκό
953 3687 1141 3759 θρόνος
1169 3690 1330 3744 αὑτοῦ
1358 3690 1432 3755 ὼς
1458 3694 1486 3745 6
1516 3694 1665 3763 ἥλιος
1695 3694 1933 3748 ἐναντίον

2036 3678 2215 3748 juravi
2258 3678 2314 3733 in
2359 3688 2549 3735 sancto
2592 3697 2753 3746 meo,
2803 3682 2849 3737 si
2892 3681 3061 3737 David
3101 3685 3377 3750 mentiar;
3422 3697 3610 3739 semen

359 3792 483 3846 μου,
514 3778 607 3829 καὶ
650 3776 725 3838 ὡς
774 3778 805 3847 ἡ
860 3778 1054 3851 σελήνη
1100 3784 1504 3855 κατηρτισμένη
1538 3787 1618 3849 εἰς
1659 3785 1749 3840 τὸν
1798 3787 1932 3840 αἰῶ-

2039 3772 2160 3841 ejus
2189 3773 2242 3827 in
2275 3773 2535 3828 saeculum
2579 3783 2796 3839 manet,
2830 3785 2884 3829 et
2918 3774 3077 3831 sedes
3105 3776 3227 3846 ejus
3258 3775 3403 3831 sicut
3436 3775 3519 3831 sol
3550 3774 3608 3829 in

355 3885 446 3921 να.
480 3886 499 3918 ι
531 3868 745 3921 Τούτων
772 3870 834 3941 δὴ
870 3873 962 3924 καὶ
1009 3873 1037 3923 6
1087 3874 1374 3938 ἐκατοστὺς
1418 3878 1732 3948 τριακοστὸς
1785 3879 1935 3949 πρῶ-

2040 3874 2337 3936 conspectu
2386 3880 2538 3929 meo,
2591 3874 2645 3921 et
2688 3866 2832 3922 sicut
2878 3868 3006 3921 luna
3052 3868 3289 3938 perfecta
3334 3871 3387 3923 in
3432 3884 3609 3925 saecu-

354 3978 448 4024 τος
477 3959 689 4030 ψαλμὸς
724 3964 1120 4033 μνημονεύσας,
1156 3967 1248 4019 ἐπὶ
1293 3967 1382 4020 τὸν
1415 3969 1647 4039 Χριστὸν
1675 3970 1933 4040 ἀναφέρει

2040 3958 2150 4010 lum
2182 3957 2250 4010 ⁸³.
2288 3977 2307 4007 ι
2342 3957 2505 4025 27o
2532 3955 2705 4012 Porro
2732 3972 2855 4013 cum
2883 3958 3069 4014 eadem
3118 3960 3231 4015 hac
3269 3962 3433 4016 etiam
3477 3978 3609 4019 cen-

354 4053 425 4105 τὰ
451 4053 979 4125 δηλούμενα.Ἀκουε
1006 4057 1051 4110 δ’
1086 4055 1179 4111 οὖν
1207 4060 1299 4113 καὶ
1327 4060 1514 4113 τούτου
1535 4078 1548 4091 ο
1584 4081 1601 4111 ι
1629 4061 1928 4132 Μνήσθητι,

2039 4049 2271 4103 tesimus
2303 4048 2621 4105 tricesimus
2656 4051 2865 4120 primus
2898 4051 3143 4120 psalmus
3171 4060 3566 4110 commemoret
3589 4094 3604 4118 ,

355 4142 551 4215 Κύριε,
584 4145 677 4222 τοῦ
719 4146 901 4211 Δαϐιδ,
943 4148 1035 4201 καὶ
1072 4149 1252 4220 πάσης
1272 4151 1370 4220 τῆς
1395 4152 1700 4222 πραότητος
1732 4153 1927 4207 αὐτοῦ’

2039 4140 2108 4195 ad
2161 4140 2437 4197 Christum
2492 4140 2659 4196 refert
2707 4157 2769 4197 ea
2826 4158 2949 4212 qua:
2996 4141 3188 4196 dictat.
3248 4142 3387 4198 Audi
3440 4146 3610 4218 igitur

352 4232 432 4297 ὠς
469 4232 648 4305 ὤμοσε
683 4237 761 4308 τῷ
796 4240 1003 4309 Κυρίῳ,
1031 4239 1232 4310 ηὔξατο
1267 4241 1346 4313 τῷ
1388 4242 1505 4313 Θεῷ
1541 4244 1751 4299 Ἰακώϐ.
1779 4266 1797 4298 ι
1835 4241 1930 4311 Οἷς

2039 4231 2184 4287 hunc
2236 4247 2496 4303 quoque:
2534 4252 2554 4284 ι
2592 4232 2897 4301 Memento,
2958 4233 3222 4297 Domine,
3280 4234 3450 4291 David
3480 4279 3497 4304 ,
3552 4247 3607 4293 et

358 4323 478 4393 μεθ’
504 4326 665 4397 ἔτερα
703 4327 973 4397 ἐπιλέγει·
1009 4331 1245 4401 «Ὤμοσε
1274 4331 1476 4401 Κύριος
1508 4331 1585 4403 τῷ
1619 4335 1781 4387 Δασιδ
1810 4336 1911 4409 ἁλή

2039 4324 2217 4382 omnis
2248 4326 2687 4381 mansuetudinis
2736 4326 2854 4395 ejus
2896 4347 2909 4381 :
2970 4328 3112 4382 sicut
3164 4328 3371 4398 juravit
3422 4328 3608 4385 Domi-

353 4416 636 4481 Θειαν,καὶ
659 4419 720 4471 ού
750 4419 824 4491 μὴ
858 4420 1096 4493 ἀθετήσῃ
1126 4423 1313 4491 αὑτήν.
1346 4423 1438 4476 Ἐκ
1469 4424 1682 4496 καρποῦ
1705 4427 1803 4496 τῆς
1822 4446 1932 4482 κοι-

2038 4432 2144 4481 no,
2181 4425 2366 4472 votum
2400 4419 2545 4473 vovit
2570 4417 2683 4473 Deo
2713 4418 2884 4473 Jacob
2916 4420 2983 4473 “.
3026 4439 3044 4471 ι
3083 4420 3296 4486 Quibus
3337 4430 3461 4491 post
3500 4423 3605 4477 alia

352 4507 476 4572 λίας
505 4526 595 4562 σου
627 4510 862 4582 θήσομαι
892 4512 983 4565 ἐπὶ
1007 4512 1095 4565 τὸν
1126 4513 1311 4585 θρόνον
1335 4532 1447 4568 σου.
1474 4536 1492 4568 ι
1524 4518 1634 4570 Kal
1663 4519 1930 4574 ύποκατα-
1959 4560 1971 4613 1

1985 4564 2005 4613 )
2039 4507 2299 4579 deinceps
2345 4509 2635 4581 adiungit:
2672 4529 2691 4561 α
2724 4509 2938 4565 Iuravit
2985 4510 3249 4565 Dominus
3296 4509 3469 4566 David
3511 4528 3604 4567 ve-

355 4599 457 4664 es;
482 4601 627 4673 ἑξῆς,
656 4602 748 4656 τὸν
780 4605 843 4656 ἐκ
869 4604 1083 4676 καρποῦ
1116 4606 1321 4670 κοιλίας
1353 4609 1517 4663 Δαόὶδ
1548 4611 1921 4684 ἁναστησόμε-
1959 4599 1974 4613 ¹

1982 4599 2002 4613 ¹
2033 4600 2283 4666 ritatem,
2313 4608 2368 4655 et
2397 4617 2505 4656 non
2549 4600 2907 4656 frustrabitur
2946 4617 3092 4657 eum.
3126 4601 3203 4658 De
3245 4601 3425 4657 fructu
3470 4618 3601 4658 ven-

352 4706 443 4742 νον
475 4689 791 4763 λευκότερον
836 4692 1110 4763 ὀνομάζει,
1157 4694 1332 4765 λέγων
1352 4714 1364 4725 ο
1400 4716 1418 4748 ι
1443 4699 1591 4753 Ἑκεί
1624 4700 1926 4768 ἐξανατελῶ

2033 4689 2136 4745 tris
2183 4691 2262 4745 tui
2305 4706 2500 4761 ponam
2548 4708 2717 4764 super
2767 4692 2950 4748 sedem
3010 4701 3158 4747 tuam
3207 4695 3275 4749 ⁸⁸.
3309 4713 3329 4746 ι
3363 4693 3427 4748 Et
3466 4708 3603 4764 pau-

354 4782 522 4851 κέρας
560 4782 637 4853 τῷ
665 4783 848 4849 Δαὸὶδ,
881 4786 1152 4856 ήτοίμασα
1194 4787 1383 4859 λύχνον
1413 4790 1491 4861 τῷ
1519 4792 1737 4863 Χριστῷ
1783 4810 1884 4862 μου
1907 4809 1921 4823 ο

2032 4782 2143 4835 lum
2177 4798 2502 4854 progressus
2544 4784 2838 4855 deinceps,
2885 4800 3010 4840 eum
3055 4786 3148 4855 qui
3194 4786 3266 4840 sit
3310 4786 3379 4841 de
3418 4785 3600 4841 fructu

352 4876 479 4937 τοὺς
514 4873 739 4946 ἐχθροὺς
786 4875 949 4928 αὐτοῦ
989 4876 1193 4932 ἐνδύσω
1228 4881 1519 4953 αἰσχύνην·
1558 4883 1649 4935 ἐπὶ
1677 4883 1735 4936 δὲ
1765 4883 1925 4937 αὐτὸν

2032 4873 2240 4929 ventris
2292 4872 2460 4929 David
2510 4875 2895 4939 suscitandus,
2948 4876 3169 4945 planius
3216 4876 3466 4931 nominat
3515 4877 3602 4932 di-

353 4963 637 5036 ἐξανθήσει
664 4967 724 5019 τὸ
752 4968 1001 5039 ἁγίασμά
1032 4986 1155 5039 μου.
1194 4989 1214 5021 ι
1241 4970 1423 5025 Ταῦτα
1455 4973 1741 5045 τοιγαροῦν
1764 4972 1922 5027 Σολο-

2032 4980 2163 5022 cens
2193 4986 2205 5020 :
2231 4983 2249 5015 ι
2272 4967 2388 5021 lllic
2416 4968 2714 5036 producam
2752 4983 2924 5022 cornu
2959 4966 3126 5023 David
3146 5007 3163 5033 ,
3198 4969 3385 5038 paravi
3417 4969 3598 5025 lucer-

357 5056 475 5126 μῶν
498 5059 527 5110 6
564 5056 873 5125 σοφώτατος
902 5058 979 5129 τῷ
1016 5059 1211 5112 ἑαυτοῦ
1270 5062 1437 5133 πατρὶ
1468 5062 1773 5133 χρησθέντα
1802 5080 1925 5116 συν-

2032 5072 2159 5111 nam
2204 5056 2427 5112 Christo
2471 5075 2625 5123 meo,
2672 5059 2924 5113 inimicos
2963 5058 3083 5127 ejus
3125 5058 3347 5114 induam
3402 5059 3597 5115 confu-

353 5147 572 5217 νοήσας,
607 5146 681 5218 μὴ
700 5148 891 5219 μικρὰ,
925 5147 1210 5219 μείζοναδὲ
1225 5150 1325 5219 τῆς
1349 5150 1489 5203 κατὰ
1510 5150 1794 5222 ἄνθρωπον
1825 5152 1924 5221 φύ-

2031 5149 2206 5203 sione.
2259 5149 2435 5220 Super
2487 5152 2666 5221 ipsum
2720 5159 2900 5206 autem
2940 5148 3206 5207 eiliorebit
3237 5152 3598 5207 sanctiﬁcatio

355 5254 494 5301 σεως
536 5240 867 5310 τυγχάνοντα
918 5240 1160 5305 συνιδὼν,
1214 5243 1306 5295 καὶ
1364 5242 1563 5313 μᾶλλον
1615 5242 1921 5314 ἁρμόζοντα

2029 5255 2150 5293 mea
2181 5240 2247 5295 ⁸⁸.
2280 5260 2299 5293 ι
2326 5242 2515 5312 itaque
2546 5243 2661 5296 haec
2687 5241 2946 5297 Salomon
2976 5242 3450 5323 sapientissimus,
3478 5260 3599 5315 qua:

353 5329 473 5401 Θεῷ
517 5332 659 5403 ήπερ
707 5331 873 5402 αύτῷ,
909 5333 1108 5405 καίπερ
1132 5333 1243 5386 δντι
1281 5333 1383 5405 υἰῴ
1416 5335 1598 5397 Δαϐὶδ,
1635 5336 1834 5399 συνιείς
1864 5353 1923 5389 τε

2028 5334 2170 5401 patri
2206 5350 2309 5389 suo
2336 5349 2602 5405 responsa
2636 5334 2882 5399 fuerant,
2916 5348 3041 5388 cum
3076 5335 3441 5392 intellexisset
3481 5352 3596 5391 non

350 5418 443 5471 τὸν
476 5421 610 5491 πρὸς
632 5420 725 5473 τοῦ
754 5419 887 5474 Θεοῦ
908 5422 1254 5493 Πρωτότοκον
1286 5424 1688 5495 ὠνομασμένον,
1715 5425 1808 5477 καὶ
1836 5423 1924 5477 τὸν

2030 5420 2105 5475 ita
2139 5438 2303 5492 parva
2333 5439 2487 5487 esse,
2523 5424 2619 5479 sed
2652 5424 2862 5494 majora
2892 5439 3054 5494 quam
3085 5434 3145 5479 ut
3174 5433 3386 5482 natura:
3418 5428 3602 5483 homi-

357 5508 542 5577 σαφῶς
570 5513 1038 5582 προφητευόμενον
1063 5514 1191 5567 Υἰὸν
1230 5513 1385 5576 Θεοῦ,
1420 5514 1761 5586 ὑπεργέγηθε
1806 5517 1926 5577 ταῖς

2032 5513 2122 5568 nis
2162 5516 2452 5570 convenire
2493 5524 2747 5585 possent,
2795 5514 3014 5587 Deoque
3056 5517 3239 5588 potius
3286 5534 3600 5575 accommo-

426 5687 557 5766 ffill
580 5688 977 5766 lieg._vtl‘l._26l
994 5694 1084 5748 27.
1155 5695 1201 5728 δ’
1234 5695 1277 5748 ll
1300 5693 1430 5765 Reg.
1461 5712 1555 5757 vn.
1588 5695 1770 5748 12-”.
1850 5692 1931 5747 ⁸⁸1
1957 5693 2133 5766 Paral.
2158 5710 2292 5754 xm.
2322 5645 2426 5749 10..
2482 5698 2527 5730 “
2569 5697 2712 5753 Psal.
2738 5714 2999 5766 Lxxxvm,
3031 5698 3226 5756 27-30.
3301 5700 3347 5733 "
3380 5698 3510 5755 ibid.
3538 5697 3597 5757 4.

354 5758 402 5790 ⁸³
430 5759 560 5815 ibid.
594 5758 792 5826 56,58.
866 5764 912 5795 ⁸⁸
948 5762 1091 5820 Psal.
1143 5778 1325 5830 cum,
1355 5758 1405 5831 Γ
1430 5766 1484 5821 2.
1561 5767 1607 5798 ⁸⁸
1636 5765 1767 5821 ibid.
1808 5766 1894 5819 il.

866 5764 912 5795 “
948 5762 1091 5820 Psal.
1143 5778 1325 5830 cum,
1355 5758 1405 5831 Γ
1430 5766 1484 5821 2.
1561 5767 1607 5798 ⁸⁸
1636 5765 1767 5821 ibid.
1808 5766 1894 5819 il.
1975 5765 2024 5797 ⁸⁸
2056 5766 2186 5820 ibid.
2234 5766 2323 5831 I7,
2360 5767 2444 5821 18.
