4080 6416
566 365 667 426 451

1216 342 1486 423 ὲυεεειι
1513 353 1991 421 camenas
2026 356 2133 417 om

2234 356 2402 414 PARS
2437 357 2503 414 ll.
2540 388 2607 398 —
2648 354 3154 414 APOLOGETICAI

3724 356 3828 411 ΑΒ

571 484 750 542 danda
780 499 942 555 quam
975 483 1115 549 sibi,
1147 497 1272 537 cum
1305 490 1451 537 esset
1501 497 1719 552 quoque
1769 481 1912 537 filius
1962 478 2131 534 David

2234 476 2638 546 ,ἐπαγγελίαιῇ
2698 475 2793 530 καὶ
2854 477 3170 547 συνεύχεται
3208 474 3560 544 ,πιστωθῆναι
3615 473 3683 528 τὰ
3734 475 3832 548 τῆς

568 580 905 648 vidissetque
956 591 1118 640 eum,
1175 576 1268 646 qui
1317 589 1347 628 a
1389 575 1499 631 Deo
1536 574 1938 646 Primogenitus
1984 572 2167 628 nomi-

569 679 813 733 naretur,
844 667 1043 738 quippe
1076 666 1235 737 plane
1263 665 1406 721 filius
1459 664 1552 720 Dei
1602 664 1876 720 diceretur
1904 664 2158 720 futurus:

569 760 725 815 valde
782 758 983 813 talibus
1033 755 1322 827 promissis
1387 755 1607 828 gavisus
1658 764 1743 811 est
1800 775 1814 811 :
1871 762 1927 810 ct
1981 754 2144 810 simul

569 850 848 921 exoptavit
888 848 1205 905 confirmari
1250 862 1347 914 ea,
1394 862 1517 917 quae
1549 846 1619 902 ad
1660 846 1766 902 hoc
1818 847 2141 902 vaticinium

571 945 944 1015 pertinerent,
997 956 1214 996 necnon
1271 948 1561 996 venturum
1595 940 1746 995 illum
1779 939 1847 995 de
1874 954 1983 1010 quo
2016 954 2144 1009 pro-

570 1035 756 1104 phetia
812 1032 1148 1102 loqueretur,
1195 1030 1636 1101 Primogenitum
1692 1043 1758 1083 ac
1811 1026 1908 1083 Dei
1940 1026 2139 1083 Filium

571 1127 792 1184 interim
844 1126 998 1181 illum
1051 1124 1351 1195 appellans.
1393 1121 1662 1190 Quocirca
1712 1121 1794 1178 sic
1839 1120 1964 1177 ait:
2021 1138 2041 1172 ι
2076 1119 2143 1173 Et

2263 570 2654 641 προρρήσεως,
2700 569 3054 641 ἐπιδημήσειν
3098 585 3158 622 τε
3200 568 3293 622 τὸν
3360 567 3831 641 προφητευόμενον

2261 659 2607 731 Πρωτότοκον
2636 660 2730 713 καὶ
2769 659 2904 712 Θεοῦ
2950 660 3076 713 Υίὸν
3114 658 3479 730 ἀναγορεύων.
3520 657 3610 712 Διό
3657 674 3826 729 φησι·

2257 770 2275 803 ι
2307 753 2417 805 Kal
2446 750 2561 815 νῦν,
2598 753 2626 804 6
2659 751 2793 815 Θεὸς
2831 751 3065 823 Ἰσραὴλ,
3100 750 3423 822 πιστωθήτω
3467 751 3530 821 δὴ
3572 750 3635 804 τὸ
3679 749 3832 822 ῥῆμά

2252 860 2365 910 σου,
2400 842 2427 895 ὃ
2459 842 2727 912 ἐλάλησας
2762 842 2841 914 τῷ
2883 842 3031 896 παιδί
3066 860 3157 896 σου
3189 841 3358 896 Δαϐὶδ
3388 841 3464 913 τῷ
3493 841 3657 914 πατρί
3686 859 3790 911 μου
3809 856 3825 873 ·

2244 934 2327 989 ὅτι
2364 936 2413 988 εί
2441 933 2657 1005 ἀληθῶς
2685 935 3005 1007 κατοικήσει
3048 934 3181 997 Θεὸς
3213 933 3351 1004 μετὰ
3390 932 3693 1005 ἀνθρώπων
3739 934 3829 986 ἐπὶ

2245 1027 2344 1098 τῆς
2369 1028 2490 1098 γῆς,
2521 1029 2569 1079 εί
2594 1030 2622 1080 6
2646 1027 2871 1099 οὐρανὸς
2898 1027 2992 1080 καὶ
3018 1029 3045 1080 6
3077 1026 3305 1099 οὐρανὸς
3338 1025 3433 1079 τοῦ
3458 1023 3688 1097 ούρανοῦ
3728 1025 3828 1078 οὐκ

2249 1119 2541 1191 ἁρκέσουσί
2573 1137 2674 1172 σοι.
2709 1138 2728 1170 ι

570 1235 750 1284 nunc,
799 1216 1028 1273 Domine
1075 1216 1219 1272 Deus
1278 1215 1479 1281 lsrael,
1527 1215 1883 1270 confirmetur
1913 1213 2136 1269 verbum
2169 1220 2358 1275 tuum,
2391 1211 2534 1282 quod
2567 1212 2779 1267 locutus
2826 1226 2887 1267 es
2935 1226 3106 1282 puero
3151 1219 3247 1266 tuo
3275 1209 3444 1267 David
3500 1212 3641 1283 patri
3668 1226 3820 1267 meo:

576 1314 833 1384 quoniam
860 1312 906 1368 si
937 1328 1064 1370 vere
1091 1311 1355 1368 habitabit
1371 1311 1513 1367 Deus
1542 1326 1675 1367 cum
1713 1310 2030 1367 hominibus
2058 1323 2221 1379 super
2249 1316 2450 1364 terram
2471 1348 2486 1373 ,
2518 1308 2566 1364 si
2596 1308 2795 1362 coelum
2826 1316 2880 1363 et
2913 1308 3111 1364 ccelum
3150 1307 3277 1362 caeli
3313 1323 3421 1363 non
3454 1308 3668 1379 capient
3697 1316 3768 1363 te.
3797 1325 3819 1359 ι

1151 1404 1381 1462 CAPUT
1419 1404 1560 1464 XIII.

568 1495 617 1552 Δ
648 1495 895 1551 Μίοίιωα.
916 1525 985 1535 -
1010 1495 1083 1551 De
1113 1496 1366 1551 descensu
1399 1499 1463 1552 de
1493 1497 1618 1552 coelo
1659 1495 1729 1550 ad
1767 1496 2001 1551 homines
2021 1536 2036 1560 ,
2069 1512 2133 1549 ac

641 1567 932 1635 defutura
984 1568 1037 1638 in
1086 1566 1310 1620 adventu
1358 1569 1472 1637 ejus
1512 1566 1753 1621 Iudaica:
1795 1568 1962 1638 gentis
2002 1567 2136 1635 reje-

641 1649 840 1701 ctmne,
871 1647 919 1690 et
944 1637 1265 1706 reliquarum
1295 1642 1526 1691 omnium
1557 1637 1807 1709 gentium
1833 1638 2131 1706 adoptione.

645 1874 664 1905 ι
695 1856 912 1921 Audite,
943 1858 1128 1927 populi
1192 1873 1419 1924 omnes,
1464 1871 1521 1917 et
1559 1863 1803 1918 attendat
1848 1872 2030 1929 terra,
2078 1874 2135 1922 et

562 1963 762 2004 omnes
793 1949 889 2019 qui
919 1948 973 2002 in
1004 1964 1067 2004 ea
1101 1960 1246 2005 sunt.
1287 1951 1353 2005 Et
1384 1953 1490 2008 erit
1542 1954 1805 2012 Dominus
1843 1955 1987 2013 Deus
2037 1973 2135 2013 vc-

558 2048 685 2097 ster
714 2041 770 2094 in
788 2041 1184 2107 testimonium,
1214 2042 1477 2102 Dominus
1502 2046 1568 2102 de
1593 2046 1754 2103 domo
1783 2059 1971 2104 sancta
1999 2066 2131 2106 sua:

567 2132 725 2203 271
763 2131 1019 2202 quoniam
1048 2148 1177 2190 ecce
1202 2133 1465 2192 Dominus
1481 2139 1759 2209 egreditur
1773 2156 1838 2196 ex
1862 2141 1982 2196 loco
2011 2158 2133 2208 suo,

564 2232 621 2278 et
653 2224 948 2280 descendet
977 2240 1144 2295 super
1172 2227 1488 2285 altitudines
1517 2240 1697 2295 terrae,
1730 2240 1785 2287 et
1822 2247 2135 2289 commove-

560 2319 767 2374 buntur
795 2327 1009 2376 montes
1059 2321 1249 2375 subter
1292 2336 1357 2376 eo
1384 2361 1400 2387 ,
1440 2332 1495 2377 et
1529 2324 1699 2381 valles
1748 2325 2050 2395 liquescent
2076 2333 2137 2381 ut

562 2425 688 2466 cera
717 2426 747 2465 a
781 2412 922 2467 facie
944 2412 1106 2483 ignis,
1129 2420 1184 2468 et
1203 2414 1345 2489 sicut
1371 2430 1508 2486 aqua
1533 2434 1654 2487 quae
1696 2418 1936 2474 defertur
1959 2420 2014 2474 in
2037 2424 2136 2476 de-

561 2513 1102 2574 scensumzpropter
1138 2504 1465 2574 impietatem
1511 2505 1681 2563 Jacob
1723 2511 1907 2566 omnia
1976 2513 2133 2573 haec.

558 2599 616 2646 et
650 2599 872 2661 pr0pter
906 2600 1190 2662 peccatum
1219 2592 1415 2651 domus
1433 2594 1680 2653 lsrael".
1702 2618 1720 2650 ι
1742 2598 1898 2657 Nunc
1918 2615 2137 2671 quoque

562 2691 749 2753 aperte
782 2682 1045 2741 Dominus
1080 2685 1225 2742 Deus
1284 2687 1352 2744 de
1404 2690 1544 2744 caelo
1567 2690 1927 2756 descendens,
1959 2694 2135 2765 deque

558 2777 681 2832 loco
704 2792 804 2832 suo
831 2778 1137 2849 egrediens,
1158 2780 1212 2834 in
1240 2780 1306 2836 iis
1323 2796 1444 2850 quae
1471 2784 1747 2852 proposita
1771 2791 1897 2839 sunt
1920 2786 2139 2838 nuntia-

564 2876 690 2922 tur:
724 2869 829 2923 erit
866 2875 1044 2923 autem
1077 2869 1181 2924 hoc
1207 2868 1301 2924 Dei
1330 2870 1587 2939 Verbum,
1621 2872 1766 2943 quod
1800 2874 1856 2927 in
1894 2874 1982 2938 iis,
2016 2890 2139 2945 quas

561 2962 710 3030 prius
739 2960 883 3015 dicta
914 2968 1061 3024 sunt,
1085 2977 1211 3017 cum
1235 2964 1474 3034 genitmn
1506 2965 1595 3024 sit.
1626 2981 1750 3020 eum
1801 2981 1925 3022 esse
1966 2965 2135 3022 Deum

558 3066 623 3107 ac
670 3051 958 3108 Dominum
984 3092 1000 3118 ,
1030 3060 1084 3110 et
1110 3056 1292 3108 omnia
1331 3056 1437 3110 sub
1467 3072 1527 3112 se
1570 3056 1855 3112 habentem
1910 3057 2136 3113 demon~

2755 1403 3150 1456 ΚΕΦΑΛΑΙΟΝ
3190 1403 3288 1456 II".

2246 1495 2392 1550 Ἀπὸ
2437 1493 2544 1565 τοῦ
2596 1494 2837 1565 Μιχαία.
2866 1524 2939 1565 ς-
2967 1493 3110 1565 Περὶί
3161 1493 3270 1562 τῆς
3318 1494 3388 1565 ἐξ
3430 1496 3702 1563 οὐρανῶν
3738 1499 3823 1565 είς

2304 1564 2655 1633 ἀνθρώπους
2704 1564 2995 1634 καθόδου,
3021 1564 3118 1617 καὶ
3143 1566 3273 1632 περὶ
3304 1564 3413 1633 τῆς
3438 1566 3534 1620 ἐπὶ
3574 1565 3683 1634 τῆς
3714 1564 3823 1619 ﬂa-

2298 1637 2553 1705 ρουσιάς
2573 1635 2757 1689 αὐτοῦ
2789 1633 3112 1704 γενομένης
3179 1635 3480 1705 ἀποϐολῆς
3540 1636 3658 1705 μὲν
3716 1636 3824 1690 τοῦ

2317 1704 2611 1759 Ἰουδαίων
2667 1705 2881 1769 ἔθνους
2905 1743 2920 1766 ,
2965 1704 3359 1772 εἰσποιήσεως
3418 1704 3486 1759 δὲ
3524 1704 3643 1760 τῶν
3694 1711 3821 1761 λοι-

2306 1773 2435 1829 πῶν
2469 1774 2747 1828 ἁπάντων
2772 1775 2980 1828 ἐθνῶν.

2314 1889 2333 1919 ι
2356 1867 2669 1933 Ἀκούσατε,
2691 1867 2811 1922 λαοὶ
2839 1868 3059 1932 πάντες,
3092 1869 3187 1923 καὶ
3209 1868 3524 1941 προσεχέτω
3551 1871 3584 1941 ὴ
3610 1869 3703 1939 γῆ,
3728 1870 3818 1923 καὶ

2239 1960 2437 2023 πάντες
2485 1962 2533 2013 of
2578 1959 2636 2013 ἐν
2682 1960 2839 2031 αὐτῇ.
2870 1960 2981 2014 Kal.
3029 1959 3181 2013 ἔσται
3205 1960 3409 2031 Κύριος
3440 1962 3469 2015 6
3495 1961 3626 2025 Θεὸς
3661 1961 3817 2032 ἡμῶν

2236 2056 2317 2118 είς
2354 2052 2670 2125 μαρτύριον,
2706 2052 2908 2124 Κύριος
2959 2051 3018 2117 ἐξ
3064 2054 3214 2107 οἴκου
3258 2054 3409 2122 ἁγίου
3444 2054 3630 2108 αὐτοῦ.
3670 2054 3816 2108 Διότι

2240 2145 2348 2199 ἰδοὺ
2392 2143 2595 2216 Κύριος
2632 2143 2983 2215 ἐκπορεύεται
3030 2145 3094 2198 ἐκ
3134 2144 3227 2197 τοῦ
3266 2146 3429 2199 τόπου
3477 2145 3671 2209 αὐτοῦ,
3718 2147 3813 2200 καὶ

2237 2233 2603 2305 καταϐήσεται
2631 2234 2723 2288 ἐπὶ
2763 2236 2831 2287 τὰ
2872 2233 2982 2306 ὕψη
3008 2234 3106 2304 τῆς
3139 2235 3264 2306 γῆς,
3297 2236 3390 2289 καὶ
3424 2236 3811 2307 σαλευθήσεται

2236 2322 2306 2377 τὰ
2332 2323 2432 2396 ὅρη
2464 2321 2810 2378 ὑποκάτωθεν
2836 2323 3023 2389 αὑτοῦ,
3059 2326 3153 2378 καὶ
3184 2326 3240 2378 αί
3273 2324 3516 2389 κοιλάδες
3544 2329 3808 2399 τακήσον-

2236 2431 2326 2467 ται
2347 2413 2422 2478 ὠς
2454 2414 2623 2486 κηρὸς
2654 2414 2762 2468 ἀπὸ
2785 2414 3075 2486 προσώπου
3101 2416 3291 2489 πυρὸς,
3324 2417 3418 2472 καὶ
3440 2418 3515 2481 CL;
3544 2418 3689 2488 ὕδωρ
3712 2437 3809 2472 κα-

2233 2507 2601 2580 ταφερόμενον
2660 2509 2717 2562 ἐν
2779 2507 3076 2562 καταϐάσει
3103 2524 3117 2537 ⁸
3177 2508 3243 2561 δι’
3304 2509 3556 2564 ἀσέϐειαν
3617 2509 3808 2564 Ἰακὼϐ

2236 2601 2414 2655 πάντα
2438 2599 2629 2665 ταῦτα,
2656 2600 2749 2654 καὶ
2795 2601 2862 2653 δι’
2890 2600 3164 2673 ἁμαρτίαν
3194 2599 3343 2653 οίκου
3387 2602 3619 2675 Ἰσραήλ.
3656 2622 3673 2653 ι
3700 2604 3809 2657 Kal

2236 2691 2332 2746 νῦν
2363 2691 2688 2757 άκαλύπτως
2730 2692 2789 2759 ἐξ
2841 2692 3071 2764 ούρανοῦ
3117 2690 3320 2746 κατιὼν
3358 2692 3562 2766 Κύριος
3593 2696 3621 2747 6
3654 2694 3807 2762 Θεᾷ,

2235 2783 2666 2856 ἐκπορευόμενός
2690 2800 2750 2836 τε
2790 2785 2854 2836 ἐκ
2876 2783 2970 2836 τοῦ
3002 2783 3169 2838 τόπου
3200 2782 3384 2845 αὐτοῦ,
3416 2784 3504 2841 διὰ
3538 2783 3644 2837 τῶν
3677 2801 3811 2856 προ-

2237 2877 2505 2949 κειμένων
2534 2876 2859 2948 κηρύττεται
2882 2892 2893 2905 ·
2938 2874 3023 2946 εἴη
3053 2875 3096 2927 δ’
3147 2874 3212 2928 ἂν
3248 2877 3276 2928 6
3308 2876 3401 2929 τοῦ
3444 2874 3579 2929 Θεοῦ
3612 2876 3805 2945 Λόγος,

2236 2969 2295 3023 ὃν
2333 2968 2492 3040 μόνον
2525 2968 2613 3023 διά
2642 2967 2748 3021 τῶν
2774 2965 3081 3038 ἔμπροσθεν
3104 2967 3359 3037 γεννητὸν
3392 2967 3655 3038 ὑπάρχειν
3674 2966 3806 3021 Θεὸν

2238 3061 2333 3114 καὶ
2360 3059 2563 3132 Κύριον
2597 3058 2734 3131 μετὰ
2765 3059 2853 3111 τὸν
2888 3057 3148 3111 ἀνωτάτω
3174 3058 3270 3112 καὶ
3328 3057 3423 3111 ἐπὶ
3462 3057 3678 3113 πάντων
3711 3061 3807 3111 ἐπ-

556 3145 870 3201 stravimus.
917 3143 1122 3200 Locum
1152 3155 1330 3200 autem
1366 3146 1486 3216 ejus
1519 3163 1630 3202 non
1671 3147 1913 3211 oberres,
1940 3148 1986 3205 si
2016 3164 2129 3205 cte—

2234 3151 2529 3223 εδείξαμεν.
2567 3152 2741 3205 Τόπον
2756 3150 2801 3203 δ’
2826 3149 2991 3203 αὐτοῦ
3013 3151 3113 3204 οὐκ
3141 3150 3206 3204 ἂν
3236 3151 3501 3222 ἁμάρτοις
3526 3150 3697 3220 λέγων
3727 3145 3807 3203 εἴη

556 3237 691 3294 lestc
721 3252 948 3306 regnum
1003 3252 1126 3293 esse
1173 3237 1326 3293 dicas
1350 3278 1366 3302 ,
1396 3238 1796 3310 gloriosamqnc
1823 3241 2124 3299 divinitatis

552 3331 675 3398 eius
707 3330 913 3393 sedem,
946 3344 1110 3399 quam
1168 3330 1472 3401 tbeologice
1532 3332 1801 3388 extollens
1858 3333 2129 3404 Propheta

555 3418 861 3488 psallebat,
923 3431 987 3473 ac
1038 3418 1292 3474 dicebat:
1320 3435 1339 3469 ι
1377 3416 1547 3475 Sedes
1592 3427 1707 3483 tua,
1742 3418 1903 3483 Deus,
1946 3420 2001 3474 in
2033 3435 2132 3476 sa:-

553 3511 735 3566 culum
783 3502 964 3565 sfeculi
1000 3510 1087 3564 “z
1134 3529 1153 3562 ι
1192 3526 1359 3579 super
1389 3526 1496 3580 qua
1531 3512 1706 3582 ipsum
1766 3513 1955 3569 sedere
2005 3523 2131 3569 tan-

553 3617 717 3672 quam
752 3602 971 3656 unicum
1002 3601 1199 3657 Filium
1227 3602 1395 3673 jussit
1418 3602 1580 3659 Pater
1606 3605 1713 3659 illis
1740 3607 1920 3662 verbis
1950 3624 1963 3660 :
1996 3625 2014 3658 ι
2042 3605 2132 3662 Se-

554 3695 624 3751 de
652 3711 682 3749 a
704 3694 908 3750 dextris
940 3696 1078 3751 meis
1107 3695 1174 3747 ⁸⁸.
1221 3714 1241 3748 ι
1275 3693 1409 3749 Nam
1440 3695 1554 3750 haec
1583 3696 1742 3765 plane
1784 3696 1897 3767 jam
1951 3705 2127 3762 antea,

553 3788 623 3843 ad
663 3803 829 3842 unum
869 3786 1205 3842 Salvatorem
1261 3795 1507 3843 nostrum
1568 3787 1737 3844 Deum
1776 3787 2010 3844 Verbum
2044 3805 2131 3846 re-

554 3878 776 3935 ferenda
815 3893 937 3934 esse
991 3878 1212 3949 planum
1268 3878 1517 3934 fecimus.
1550 3878 1707 3935 llunc
1736 3880 1900 3951 igitur
1948 3882 2127 3952 ipsum

557 3984 797 4042 praesens
828 3969 1110 4023 oraculum
1173 3970 1324 4022 canit
1351 3969 1715 4039 egredientem
1746 3971 1815 4027 de
1856 3974 1974 4028 loco
2004 3990 2125 4038 suo,

555 4065 945 4119 descensurum
965 4077 1071 4133 que
1087 4076 1252 4132 super
1267 4060 1583 4118 altitudines
1613 4069 1789 4118 teme.
1841 4062 2010 4120 Porro
2033 4081 2130 4120 au-

556 4166 664 4213 tem
682 4171 928 4228 quamam
944 4156 1026 4211 lue
1046 4155 1178 4219 sint,
1202 4154 1331 4219 nisi,
1347 4154 1403 4209 id
1426 4156 1570 4226 quod
1596 4157 1712 4225 ipsa
1723 4156 1885 4212 verba
1908 4167 2126 4225 sonant,

555 4256 769 4303 montes
796 4246 963 4304 lsrael
989 4257 1045 4303 et
1080 4248 1283 4313 colles,
1338 4246 1406 4301 de
1446 4247 1648 4317 quibus
1702 4248 2129 4306 innumerabiles

555 4340 852 4411 prophetia:
880 4338 1284 4396 vaticinantur?
1310 4337 1538 4410 ipsaque
1559 4337 1882 4404 Jerusalem,
1908 4349 1963 4397 et
2002 4357 2128 4397 eam

551 4448 616 4489 ea
641 4448 797 4488 mons
821 4430 954 4487 Sion
975 4470 991 4495 ,
1015 4430 1072 4484 in
1096 4445 1207 4501 quo
1232 4430 1527 4500 plurimum
1559 4429 1867 4487 diversatus
1894 4440 1978 4488 est
2012 4433 2129 4488 Sal—

548 4532 710 4582 valor
738 4539 803 4578 ac
821 4521 1085 4579 Dominus
1120 4522 1339 4576 noster?
1362 4520 1496 4575 Nam
1516 4521 1630 4578 fore
1663 4524 1852 4577 talium
1884 4523 2128 4580 altitudi-

554 4632 683 4670 num
728 4613 1086 4685 perditionem
1133 4621 1298 4685 atque
1337 4611 1652 4680 interitum,
1704 4616 1851 4668 canit
1899 4614 1955 4668 in
2007 4615 2127 4685 ipso
2161 4613 2203 4669 D

549 4707 757 4764 Christi
784 4708 1058 4782 descensu
1090 4724 1104 4761 :
1141 4714 1196 4761 et
1228 4720 1359 4761 sane
1387 4712 1624 4768 constat,
1657 4715 1780 4775 post
1823 4704 2125 4763 Salvatoris

556 4801 729 4857 nostri
760 4800 1054 4856 adventum
1087 4808 1317 4869 postque
1374 4811 1439 4852 ea
1486 4812 1608 4867 quae
1656 4798 1919 4854 adversus
1974 4799 2123 4854 illum

555 4901 684 4948 sunt
714 4894 856 4956 ausi,
877 4892 1134 4947 universa
1180 4891 1293 4955 illa,
1330 4904 1451 4960 quae
1472 4904 1647 4959 nuper
1668 4889 1812 4944 dicta
1845 4898 1994 4955 sunt,
2025 4890 2125 4947 de-

551 4985 809 5056 populata
841 4983 1033 5049 fuisse,
1073 4992 1128 5038 et
1152 4981 1219 5037 ad
1240 4989 1538 5037 extremam
1589 4980 1937 5037 solitudinem
1969 4981 2127 5038 reda-

549 5084 638 5133 cta
667 5093 789 5133 esse
815 5095 831 5130 :
861 5084 1238 5133 verumtamen
1264 5073 1505 5128 Judaicae
1530 5088 1747 5144 quoque
1777 5076 1953 5146 gentis
1976 5076 2130 5148 prin-

547 5170 722 5242 cipes,
738 5179 794 5225 et
818 5170 961 5241 quod
988 5175 1138 5240 prius
1161 5184 1329 5241 penes
1356 5168 1503 5236 ipsos
1534 5180 1759 5237 regnum
1780 5169 1977 5234 stabat,
1994 5184 2125 5226 nec-

549 5276 661 5316 non
708 5260 1098 5325 sacerdotium,
1126 5269 1183 5316 et
1217 5262 1390 5330 prima
1433 5259 1745 5315 docentium
1776 5259 1966 5325 sedes,
2026 5262 2122 5331 qui

548 5368 697 5409 nunc
740 5360 953 5408 montes
1004 5355 1231 5425 figurate
1286 5354 1672 5420 nominantur,
1727 5353 2118 5410 commovenda

546 5462 672 5501 esse
701 5445 808 5500 dici
839 5455 1069 5517 possunt
1101 5448 1155 5502 in
1185 5447 1308 5519 ipso
1335 5446 1550 5503 Domini
1577 5448 1645 5504 de
1675 5448 1816 5503 coelo
1844 5447 2114 5503 adventu:

546 5546 601 5595 et
628 5538 731 5593 hoc
755 5538 930 5608 ipsum
960 5538 1178 5609 quidem
1211 5539 1369 5595 finem
1404 5554 1564 5594 suum
1619 5540 1945 5612 contigisse,
1995 5540 2119 5610 quis

547 5644 656 5683 non
689 5630 905 5684 tandem
935 5628 1198 5697 fateatur,
1240 5639 1365 5701 post
1418 5631 1720 5687 Salvatoris
1757 5628 1929 5685 nostri
1987 5627 2117 5684 Jesu

545 5720 751 5775 Christi
781 5729 1044 5792 tempora,
1070 5738 1200 5785 ,cum
1228 5725 1409 5777 omnia
1440 5724 1530 5777 illa
1561 5723 1745 5779 videre
1775 5723 1966 5791 possit,
2002 5737 2115 5777 non

617 5837 660 5868 ⁸⁷
691 5836 849 5892 Mich.
887 5855 927 5903 ι,
965 5837 1081 5894 2-5.
1157 5839 1203 5871 ⁸⁸
1228 5839 1373 5895 Psal.
1404 5854 1548 5905 xuv,
1581 5839 1635 5893 7.
1712 5839 1759 5872 ⁸⁹
1797 5839 1942 5893 Psal.
1966 5853 2080 5904 cu,
2118 5838 2167 5895 l.

2241 3262 2327 3299 ναι
2361 3244 2457 3316 τὴν
2484 3246 2539 3298 ἐν
2562 3244 2808 3315 οὐρανοῖς
2832 3242 3126 3314 βασιλείαν,
3153 3242 3243 3294 τόν
3266 3259 3324 3295 τε
3345 3240 3550 3306 ἔνδοξον
3572 3241 3671 3311 τῆς
3699 3241 3808 3295 θεό-

2233 3354 2395 3408 τητος
2429 3334 2593 3389 αὑτοῦ
2638 3335 2847 3407 θρόνον,
2874 3335 2932 3388 ὃν
2967 3332 3231 3402 θεολογῶν
3262 3334 3292 3385 6
3326 3334 3615 3406 Προφήτης
3646 3332 3808 3403 ἔψαλ-

2233 3429 2343 3495 λεν,
2378 3447 2396 3480 ι
2437 3429 2497 3481 Ὀ
2546 3427 2733 3500 θρόνος
2775 3444 2889 3490 σου,
2936 3445 2954 3479 ›
2993 3427 3237 3495 φάσκων,
3278 3443 3297 3476 ι
3342 3427 3370 3477 6
3402 3425 3554 3491 Θεὸς,
3590 3428 3671 3489 είς
3713 3426 3807 3478 τὸν

2232 3517 2402 3572 αἰῶνα
2420 3516 2513 3570 τοῦ
2536 3516 2759 3580 αἰῶνος·
2777 3535 2794 3566 ι
2817 3515 2902 3585 ἐφ’
2931 3514 2987 3567 ὃν
3019 3512 3164 3584 αὑτῷ
3193 3516 3222 3566 6
3254 3514 3461 3586 Πατὴρ,
3510 3514 3657 3567 om
3690 3514 3807 3585 Υἱῷ

2235 3612 2529 3680 μονογενεῑ,
2582 3606 2904 3671 καθέζεσθαι
2930 3605 3367 3678 παρεκελεύσατο
3400 3604 3588 3658 εἰπών’
3635 3624 3654 3656 ι
3684 3606 3805 3658 Κά-

2231 3698 2323 3751 θου
2361 3701 2425 3751 ἐκ
2455 3698 2643 3765 δεξιῶν
2676 3715 2797 3769 μου.
2840 3717 2857 3749 ι
2895 3697 3078 3751 Ταῦτα
3109 3697 3218 3769 γάρ
3265 3696 3450 3764 σαφῶς
3482 3697 3582 3768 ήδη
3614 3697 3810 3768 πρότε-

2231 3808 2324 3863 ρον
2348 3791 2439 3844 ἐπὶ
2462 3791 2622 3861 μόνον
2654 3790 3018 3862 ἀναφέρεσθαι
3041 3790 3130 3845 τὸν
3160 3774 3427 3861 ἡμέτερον
3461 3789 3687 3859 ἃυτῆρα
3712 3788 3805 3842 τὸν

2230 3882 2361 3935 Θεὸν
2399 3883 2569 3950 Λόγον
2609 3883 3051 3954 παρεστήσαμεν.
3095 3881 3265 3933 Αὑτὸν
3310 3880 3373 3952 δὴ
3410 3876 3503 3934 οὖν
3546 3881 3731 3934 τοῦτον
3770 3882 3807 3934 6

2231 3971 2418 4045 παρὼν
2461 3973 2704 4039 θεσπίζει
2749 3974 2907 4043 λόγος
2953 3971 3342 4045 ἐκπορεύεσθαι
3387 3974 3449 4025 ἐκ
3497 3972 3591 4026 τοῦ
3635 3973 3804 4027 τόπου

2229 4064 2417 4131 αὐτοῦ,
2442 4065 2847 4137 καταϐήσεσθαί
2886 4083 2945 4120 τε
2992 4067 3087 4118 ἐπὶ
3113 4067 3184 4118 τὰ
3212 4065 3321 4136 ὕψη
3363 4065 3459 4136 τῆς
3498 4065 3620 4136 γῆς.
3665 4066 3806 4120 Ποῖα

2227 4155 2272 4209 δ’
2310 4156 2376 4209 ἂν
2409 4156 2498 4223 εἴη
2535 4156 2709 4210 ταῦτα
2733 4197 2746 4221 ,
2791 4157 2824 4227 ἢ
2870 4156 3047 4228 ῥητῶς
3078 4156 3177 4227 μὲν
3216 4157 3285 4211 τά
3312 4156 3411 4228 ὅρη
3457 4155 3550 4209 τοῦ
3592 4157 3807 4230 Ἰσραὴλ

2230 4247 2323 4301 καὶ
2354 4250 2402 4301 οἱ
2436 4246 2633 4319 βουνοί,
2678 4250 2806 4320 περὶ
2833 4245 2907 4302 ὦν
2943 4249 3130 4320 μυρίαι
3167 4250 3490 4322 προφητεῖαι
3516 4247 3805 4313 θεσπίζου-

2233 4371 2337 4418 σιν,
2371 4355 2507 4426 αὐτή
2533 4372 2591 4408 τε
2620 4355 2975 4426 Ἰερουσαλὴμ
2999 4355 3093 4408 καὶ
3121 4354 3184 4407 τὸ
3205 4353 3343 4407 Σιὼν
3369 4354 3516 4426 ὅρος,
3540 4355 3598 4407 ἐν
3701 4353 3804 4418 τὰς

2231 4446 2488 4510 πλείστας
2533 4447 2766 4499 ἐποιεῖτο
2809 4444 3091 4518 διατριϐὰς
3133 4447 3162 4499 6
3208 4445 3402 4517 Σωτὴρ
3448 4447 3542 4499 καὶ
3598 4444 3804 4517 Κύριος

2234 4540 2430 4611 ἡμῶν;
2466 4538 2681 4593 Τούτων
2708 4538 2766 4593 δὲ
2811 4538 3106 4610 διαφθοράν
3141 4538 3355 4592 ἔσεσθαι
3389 4539 3483 4592 καὶ
3525 4537 3802 4592 ἀπώλειαν

2228 4633 2321 4687 ἐπὶ
2351 4636 2418 4704 τῇ
2449 4632 2539 4687 τοῦ
2569 4631 2803 4705 Χριστοῦ
2838 4633 3045 4704 καθόδῳ
3079 4632 3339 4697 θεσπίζει.
3370 4633 3481 4685 Kal.
3513 4631 3799 4704 πρόιῖηλον,

2225 4724 2298 4789 ὡς
2331 4723 2467 4795 μετὰ
2494 4723 2592 4795 τὴν
2634 4722 2728 4776 τοῦ
2767 4724 3017 4795 Σωτῆρος
3043 4722 3198 4795 ἡμῶν
3243 4721 3563 4796 παρουσίαν,
3612 4723 3703 4774 καὶ
3731 4719 3801 4774 τά

2227 4818 2346 4871 κατ’
2378 4815 2541 4871 αὐτοῦ
2570 4815 2967 4886 τετολμημένα,
2998 4815 3064 4869 τὰ
3100 4814 3469 4887 προειρημένα
3498 4813 3673 4867 πάντα
3699 4829 3799 4865 πε-

2227 4908 2600 4980 πολιόρκηται,
2639 4909 2734 4962 καὶ
2766 4910 2845 4972 είς
2879 4909 3113 4979 ἐσχάτην
3141 4908 3378 4981 ἐρημίαν
3416 4904 3690 4978 ἐλήλυθεν.
3720 4907 3796 4960 Οὐ

2230 4999 2335 5073 μὴν
2366 5001 2501 5055 ἀλλὰ
2530 5002 2625 5055 καὶ⁵
2650 5002 2699 5055 oi
2720 5003 2977 5071 ἄρχοντες
3000 5000 3092 5055 τοῦ
3134 5001 3399 5055 Ἰουδαίων
3432 4999 3636 5064 ἔθνους,
3669 5000 3704 5071 ἦ
3735 5016 3798 5053 τε

2229 5094 2359 5166 παρ’
2387 5095 2570 5159 αὐτοῖς
2616 5095 2677 5148 τὸ
2724 5095 2854 5166 πρὶν
2887 5094 3193 5148 συνεστῶσα
3223 5092 3484 5164 βασιλεία,
3524 5090 3796 5162 ἱερωσύνη

2222 5210 2283 5247 τε
2310 5193 2405 5247 καὶ
2427 5193 2758 5248 διδασκάλων
2790 5195 3097 5268 προεδρεία,
3130 5195 3231 5267 ὄρη
3260 5194 3355 5248 νῦν
3382 5194 3657 5265 τροπικῶς
3676 5196 3796 5248 ὀνο-

2224 5297 2526 5372 μαζόμενα,
2572 5300 2997 5372 σαλευθήσεσθαι
3025 5300 3272 5366 λέγονται
3315 5300 3408 5353 ἐπὶ
3445 5303 3511 5372 τῇ
3547 5300 3641 5354 τοῦ
3683 5302 3799 5354 Κυ-

2221 5404 2336 5477 ρίου
2371 5405 2429 5473 ἐξ
2450 5407 2691 5479 οὐρανῶν
2715 5408 3002 5481 παρουσία.
3026 5409 3137 5461 Kal.
3163 5407 3320 5461 τοῦτο
3347 5407 3404 5460 δὲ
3431 5408 3579 5469 ὅπως
3603 5407 3797 5470 τέλους

2219 5512 2396 5584 ἔτυχε,
2427 5515 2512 5579 τίς
2538 5514 2636 5568 οὐκ
2670 5514 2734 5568 ἂν
2763 5512 3132 5586 ὁμολογήσειε,
3167 5512 3305 5585 μετὰ
3333 5514 3459 5577 τοὺς
3483 5511 3573 5565 τοῦ
3607 5511 3797 5582 Σωτῆ-

2221 5636 2314 5691 ρος
2340 5618 2494 5691 ἡμῶν
2534 5618 2706 5691 Ἰησοῦ
2732 5618 2967 5691 Χριστοῦ
2994 5618 3237 5690 χρόνους,
3273 5619 3426 5673 πάντ’
3450 5619 3632 5671 ἐκεῖνα
3665 5616 3795 5671 θεω-

2226 5723 2333 5795 ρῶν
2359 5725 2419 5780 οὐ
2456 5725 2614 5797 μόνον
2647 5724 2991 5793 σαλευθέντα,
3035 5723 3171 5779 ἀλλὰ
3201 5725 3295 5780 καὶ
3347 5721 3589 5779 ἐκποδὼν
3628 5736 3793 5792 γεγε-
