  <div class='ocr_page' id='page_1' title='image "/cluster/home/n/w/nwhite01/storage/ocr_20150623/22/hvd.32044073501140/224.png"; bbox 0 0 4100 6430; ppageno 0'>
   <div class='ocr_carea' id='block_1_1' title="bbox 311 362 409 419">
    <p class='ocr_par' dir='ltr' id='par_1_1' title="bbox 311 362 409 419">
     <span class='ocr_line' id='line_1_1' title="bbox 311 362 409 419; baseline 0 0"><span class='ocrx_word' id='word_1_1' title='bbox 311 362 409 419; x_wconf 70' lang='grc' dir='ltr'><strong>ιεδ</strong></span> 
     </span>
    </p>
   </div>
   <div class='ocr_carea' id='block_1_2' title="bbox 1192 356 2637 418">
    <p class='ocr_par' dir='ltr' id='par_1_2' title="bbox 1192 356 2637 418">
     <span class='ocr_line' id='line_1_2' title="bbox 1192 356 2637 418; baseline -0.003 -2"><span class='ocrx_word' id='word_1_2' title='bbox 1192 358 1844 418; x_wconf 72' lang='lat' dir='ltr'><strong>DEMONSTRATIONIS</strong></span> <span class='ocrx_word' id='word_1_3' title='bbox 1875 356 2336 415; x_wconf 65' lang='lat' dir='ltr'><strong>EVANGELICAB</strong></span> <span class='ocrx_word' id='word_1_4' title='bbox 2377 358 2506 415; x_wconf 79' lang='lat' dir='ltr'><strong>LIB.</strong></span> <span class='ocrx_word' id='word_1_5' title='bbox 2547 359 2637 414; x_wconf 74' lang='lat' dir='ltr'><strong>Vl.</strong></span> 
     </span>
    </p>
   </div>
   <div class='ocr_carea' id='block_1_3' title="bbox 3449 357 3566 411">
    <p class='ocr_par' dir='ltr' id='par_1_3' title="bbox 3449 357 3566 411">
     <span class='ocr_line' id='line_1_3' title="bbox 3449 357 3566 411; baseline 0 -1"><span class='ocrx_word' id='word_1_6' title='bbox 3449 357 3566 411; x_wconf 56' lang='grc'><strong>438.</strong></span> 
     </span>
    </p>
   </div>
   <div class='ocr_carea' id='block_1_4' title="bbox 308 474 1879 551">
    <p class='ocr_par' dir='ltr' id='par_1_4' title="bbox 308 474 1879 551">
     <span class='ocr_line' id='line_1_4' title="bbox 308 474 1879 551; baseline 0.003 -24"><span class='ocrx_word' id='word_1_7' title='bbox 308 474 549 546; x_wconf 70' lang='grc' dir='ltr'>νημένας</span> <span class='ocrx_word' id='word_1_8' title='bbox 580 476 840 543; x_wconf 82' lang='grc' dir='ltr'>Κοιλάδες</span> <span class='ocrx_word' id='word_1_9' title='bbox 876 479 933 532; x_wconf 78' lang='grc' dir='ltr'>δὲ</span> <span class='ocrx_word' id='word_1_10' title='bbox 967 480 1134 533; x_wconf 74' lang='grc' dir='ltr'>εἰσέτι</span> <span class='ocrx_word' id='word_1_11' title='bbox 1177 479 1271 533; x_wconf 86' lang='grc' dir='ltr'><strong>νῦν</strong></span> <span class='ocrx_word' id='word_1_12' title='bbox 1311 480 1615 551; x_wconf 64' lang='grc' dir='ltr'>τηκόμεναι</span> <span class='ocrx_word' id='word_1_13' title='bbox 1658 476 1767 533; x_wconf 79' lang='grc' dir='ltr'>εἶεν</span> <span class='ocrx_word' id='word_1_14' title='bbox 1816 480 1879 532; x_wconf 85' lang='grc' dir='ltr'><strong>ἂν</strong></span> 
     </span>
    </p>
   </div>
   <div class='ocr_carea' id='block_1_5' title="bbox 1980 474 3551 551">
    <p class='ocr_par' dir='ltr' id='par_1_5' title="bbox 1984 474 3551 543">
     <span class='ocr_line' id='line_1_5' title="bbox 1984 474 3551 543; baseline -0.002 -10"><span class='ocrx_word' id='word_1_15' title='bbox 1984 479 2160 534; x_wconf 83' lang='lat' dir='ltr'><strong>solum</strong></span> <span class='ocrx_word' id='word_1_16' title='bbox 2190 490 2493 543; x_wconf 69' lang='lat' dir='ltr'><strong>commota,</strong></span> <span class='ocrx_word' id='word_1_17' title='bbox 2511 480 2603 534; x_wconf 91' lang='lat' dir='ltr'><strong>sed</strong></span> <span class='ocrx_word' id='word_1_18' title='bbox 2644 478 2806 535; x_wconf 85' lang='lat' dir='ltr'><strong>etiam</strong></span> <span class='ocrx_word' id='word_1_19' title='bbox 2838 479 3063 534; x_wconf 48' lang='lat' dir='ltr'><strong>sublata;</strong></span> <span class='ocrx_word' id='word_1_20' title='bbox 3084 479 3152 534; x_wconf 85' lang='lat' dir='ltr'><strong>de</strong></span> <span class='ocrx_word' id='word_1_21' title='bbox 3181 476 3396 533; x_wconf 75' lang='lat' dir='ltr'><strong>medio?</strong></span> <span class='ocrx_word' id='word_1_22' title='bbox 3429 474 3551 530; x_wconf 81' lang='lat' dir='ltr'><strong>Val-</strong></span> 
     </span>
    </p>
   </div>
   <div class='ocr_carea' id='block_1_6' title="bbox 305 565 1881 639">
    <p class='ocr_par' dir='ltr' id='par_1_6' title="bbox 305 565 1881 639">
     <span class='ocr_line' id='line_1_6' title="bbox 305 565 1881 639; baseline 0.001 -23"><span class='ocrx_word' id='word_1_23' title='bbox 305 566 357 617; x_wconf 85' lang='grc' dir='ltr'><strong>αί</strong></span> <span class='ocrx_word' id='word_1_24' title='bbox 398 565 520 617; x_wconf 73' lang='grc' dir='ltr'>ἀντὶ</span> <span class='ocrx_word' id='word_1_25' title='bbox 554 566 653 635; x_wconf 84' lang='grc' dir='ltr'><strong>τῆς</strong></span> <span class='ocrx_word' id='word_1_26' title='bbox 687 566 1038 639; x_wconf 83' lang='grc' dir='ltr'>Ἰερουσαλὴμ</span> <span class='ocrx_word' id='word_1_27' title='bbox 1082 569 1178 622; x_wconf 72' lang='grc' dir='ltr'>καὶ</span> <span class='ocrx_word' id='word_1_28' title='bbox 1220 568 1316 621; x_wconf 83' lang='grc' dir='ltr'><strong>τοῦ</strong></span> <span class='ocrx_word' id='word_1_29' title='bbox 1361 567 1499 621; x_wconf 88' lang='grc' dir='ltr'>Σιὼν</span> <span class='ocrx_word' id='word_1_30' title='bbox 1539 568 1697 638; x_wconf 78' lang='grc' dir='ltr'>ὅρους</span> <span class='ocrx_word' id='word_1_31' title='bbox 1741 565 1881 619; x_wconf 80' lang='grc' dir='ltr'>κατᾶ</span> 
     </span>
    </p>
   </div>
   <div class='ocr_carea' id='block_1_7' title="bbox 305 657 1883 731">
    <p class='ocr_par' dir='ltr' id='par_1_7' title="bbox 305 657 1883 731">
     <span class='ocr_line' id='line_1_7' title="bbox 305 657 1883 731; baseline 0.003 -23"><span class='ocrx_word' id='word_1_32' title='bbox 305 657 484 709; x_wconf 69' lang='grc' dir='ltr'>πᾶσαν</span> <span class='ocrx_word' id='word_1_33' title='bbox 513 658 671 711; x_wconf 60' lang='grc' dir='ltr'><strong>¹πᾶλιν</strong></span> <span class='ocrx_word' id='word_1_34' title='bbox 708 660 1038 713; x_wconf 77' lang='grc' dir='ltr'><strong>συνεστῶσαι</strong></span> <span class='ocrx_word' id='word_1_35' title='bbox 1069 659 1245 713; x_wconf 78' lang='grc' dir='ltr'>αὐτῶν</span> <span class='ocrx_word' id='word_1_36' title='bbox 1279 661 1611 729; x_wconf 75' lang='grc' dir='ltr'>συναγωγαὶ,</span> <span class='ocrx_word' id='word_1_37' title='bbox 1642 660 1883 731; x_wconf 85' lang='grc' dir='ltr'>ἀποθρη-</span> 
     </span>
    </p>
   </div>
   <div class='ocr_carea' id='block_1_8' title="bbox 305 747 1883 823">
    <p class='ocr_par' dir='ltr' id='par_1_8' title="bbox 305 747 1883 823">
     <span class='ocr_line' id='line_1_8' title="bbox 305 747 1883 823; baseline 0.003 -23"><span class='ocrx_word' id='word_1_38' title='bbox 305 747 489 801; x_wconf 81' lang='grc' dir='ltr'>νοῦσαι</span> <span class='ocrx_word' id='word_1_39' title='bbox 526 751 624 802; x_wconf 61' lang='grc' dir='ltr'><strong>καί⁵</strong></span> <span class='ocrx_word' id='word_1_40' title='bbox 650 750 1095 822; x_wconf 85' lang='grc' dir='ltr'>ἀποκλαιόμεναι,</span> <span class='ocrx_word' id='word_1_41' title='bbox 1127 752 1222 805; x_wconf 70' lang='grc' dir='ltr'><strong>καὶ</strong></span> <span class='ocrx_word' id='word_1_42' title='bbox 1263 752 1338 815; x_wconf 85' lang='grc' dir='ltr'>ὡς</span> <span class='ocrx_word' id='word_1_43' title='bbox 1372 752 1539 823; x_wconf 84' lang='grc' dir='ltr'>κηρὸς</span> <span class='ocrx_word' id='word_1_44' title='bbox 1568 752 1676 805; x_wconf 86' lang='grc' dir='ltr'><strong>ἀπὺ</strong></span> <span class='ocrx_word' id='word_1_45' title='bbox 1714 767 1883 823; x_wconf 89' lang='grc' dir='ltr'>προσ-</span> 
     </span>
    </p>
   </div>
   <div class='ocr_carea' id='block_1_9' title="bbox 306 840 1882 915">
    <p class='ocr_par' dir='ltr' id='par_1_9' title="bbox 306 840 1882 915">
     <span class='ocr_line' id='line_1_9' title="bbox 306 840 1882 915; baseline 0.002 -23"><span class='ocrx_word' id='word_1_46' title='bbox 306 840 453 895; x_wconf 75' lang='grc' dir='ltr'>ὡπου</span> <span class='ocrx_word' id='word_1_47' title='bbox 480 843 655 915; x_wconf 72' lang='grc' dir='ltr'>πυρὸς</span> <span class='ocrx_word' id='word_1_48' title='bbox 678 844 993 915; x_wconf 79' lang='grc' dir='ltr'>τηκόμεναι,</span> <span class='ocrx_word' id='word_1_49' title='bbox 1017 842 1104 897; x_wconf 77' lang='grc' dir='ltr'>διὰ</span> <span class='ocrx_word' id='word_1_50' title='bbox 1136 842 1312 915; x_wconf 83' lang='grc' dir='ltr'>λύπην</span> <span class='ocrx_word' id='word_1_51' title='bbox 1335 844 1428 897; x_wconf 67' lang='grc' dir='ltr'><strong>καὶ</strong></span> <span class='ocrx_word' id='word_1_52' title='bbox 1456 843 1683 906; x_wconf 81' lang='grc' dir='ltr'><strong>πένθους</strong></span> <span class='ocrx_word' id='word_1_53' title='bbox 1714 844 1882 915; x_wconf 81' lang='grc' dir='ltr'>ὑπερ-</span> 
     </span>
    </p>
   </div>
   <div class='ocr_carea' id='block_1_10' title="bbox 308 933 1882 1009">
    <p class='ocr_par' dir='ltr' id='par_1_10' title="bbox 308 933 1882 1009">
     <span class='ocr_line' id='line_1_10' title="bbox 308 933 1882 1009; baseline 0.002 -23"><span class='ocrx_word' id='word_1_54' title='bbox 308 933 483 1005; x_wconf 75' lang='grc' dir='ltr'>ϐολὴν.</span> <span class='ocrx_word' id='word_1_55' title='bbox 528 935 629 1006; x_wconf 85' lang='grc' dir='ltr'><strong>τῆς</strong></span> <span class='ocrx_word' id='word_1_56' title='bbox 660 953 720 990; x_wconf 90' lang='grc' dir='ltr'><strong>τε</strong></span> <span class='ocrx_word' id='word_1_57' title='bbox 748 936 855 990; x_wconf 90' lang='grc' dir='ltr'><strong>τῶν</strong></span> <span class='ocrx_word' id='word_1_58' title='bbox 895 937 1111 990; x_wconf 72' lang='grc' dir='ltr'>οἰκείων</span> <span class='ocrx_word' id='word_1_59' title='bbox 1136 937 1371 1009; x_wconf 81' lang='grc' dir='ltr'><strong>ἐρημίας</strong></span> <span class='ocrx_word' id='word_1_60' title='bbox 1410 937 1504 990; x_wconf 73' lang='grc' dir='ltr'><strong>καὶ</strong></span> <span class='ocrx_word' id='word_1_61' title='bbox 1534 935 1635 1006; x_wconf 88' lang='grc' dir='ltr'><strong>τῆς</strong></span> <span class='ocrx_word' id='word_1_62' title='bbox 1667 938 1882 1007; x_wconf 78' lang='grc' dir='ltr'>μακρᾶς</span> 
     </span>
    </p>
   </div>
   <div class='ocr_carea' id='block_1_11' title="bbox 307 1025 1881 1091">
    <p class='ocr_par' dir='ltr' id='par_1_11' title="bbox 307 1025 1881 1091">
     <span class='ocr_line' id='line_1_11' title="bbox 307 1025 1881 1091; baseline 0.001 -13"><span class='ocrx_word' id='word_1_63' title='bbox 307 1027 397 1078; x_wconf 73' lang='grc' dir='ltr'><strong>καὶ</strong></span> <span class='ocrx_word' id='word_1_64' title='bbox 430 1025 729 1090; x_wconf 75' lang='grc' dir='ltr'><strong>πολυετοῦς</strong></span> <span class='ocrx_word' id='word_1_65' title='bbox 759 1026 998 1090; x_wconf 83' lang='grc' dir='ltr'>δουλείας</span> <span class='ocrx_word' id='word_1_66' title='bbox 1029 1026 1233 1081; x_wconf 75' lang='grc' dir='ltr'>ἕνεκεν.</span> <span class='ocrx_word' id='word_1_67' title='bbox 1283 1028 1392 1080; x_wconf 73' lang='grc' dir='ltr'><strong>Καὶ</strong></span> <span class='ocrx_word' id='word_1_68' title='bbox 1429 1026 1603 1091; x_wconf 81' lang='grc' dir='ltr'>άλλως</span> <span class='ocrx_word' id='word_1_69' title='bbox 1640 1027 1697 1081; x_wconf 78' lang='grc' dir='ltr'><strong>δὲ</strong></span> <span class='ocrx_word' id='word_1_70' title='bbox 1741 1026 1881 1081; x_wconf 84' lang='grc' dir='ltr'><strong>κατά</strong></span> 
     </span>
    </p>
   </div>
   <div class='ocr_carea' id='block_1_12' title="bbox 306 1115 1880 1189">
    <p class='ocr_par' dir='ltr' id='par_1_12' title="bbox 306 1115 1880 1189">
     <span class='ocr_line' id='line_1_12' title="bbox 306 1115 1880 1189; baseline 0.002 -21"><span class='ocrx_word' id='word_1_71' title='bbox 306 1115 543 1169; x_wconf 81' lang='grc' dir='ltr'>διάνοιαν</span> <span class='ocrx_word' id='word_1_72' title='bbox 590 1119 624 1188; x_wconf 79' lang='grc' dir='ltr'>ἡ</span> <span class='ocrx_word' id='word_1_73' title='bbox 674 1117 766 1170; x_wconf 90' lang='grc' dir='ltr'><strong>τοῦ</strong></span> <span class='ocrx_word' id='word_1_74' title='bbox 809 1119 981 1189; x_wconf 81' lang='grc' dir='ltr'><strong>Λόγου</strong></span> <span class='ocrx_word' id='word_1_75' title='bbox 1032 1119 1127 1172; x_wconf 91' lang='grc' dir='ltr'><strong>τοῦ</strong></span> <span class='ocrx_word' id='word_1_76' title='bbox 1166 1118 1308 1173; x_wconf 84' lang='grc' dir='ltr'>θείου</span> <span class='ocrx_word' id='word_1_77' title='bbox 1362 1120 1633 1184; x_wconf 79' lang='grc' dir='ltr'>ὲπίϐασις,</span> <span class='ocrx_word' id='word_1_78' title='bbox 1679 1121 1880 1174; x_wconf 82' lang='grc' dir='ltr'>ούκ⁶ὲν</span> 
     </span>
    </p>
   </div>
   <div class='ocr_carea' id='block_1_13' title="bbox 309 1208 1882 1282">
    <p class='ocr_par' dir='ltr' id='par_1_13' title="bbox 309 1208 1882 1282">
     <span class='ocr_line' id='line_1_13' title="bbox 309 1208 1882 1282; baseline 0.002 -21"><span class='ocrx_word' id='word_1_79' title='bbox 309 1209 550 1280; x_wconf 78' lang='grc' dir='ltr'>χάσμασι</span> <span class='ocrx_word' id='word_1_80' title='bbox 583 1211 678 1263; x_wconf 74' lang='grc' dir='ltr'>καὶ</span> <span class='ocrx_word' id='word_1_81' title='bbox 725 1208 1074 1282; x_wconf 82' lang='grc' dir='ltr'>κοιλώμασιν,</span> <span class='ocrx_word' id='word_1_82' title='bbox 1111 1212 1217 1265; x_wconf 71' lang='grc' dir='ltr'>οὐδ’</span> <span class='ocrx_word' id='word_1_83' title='bbox 1250 1215 1307 1267; x_wconf 82' lang='grc' dir='ltr'><strong>ὲν</strong></span> <span class='ocrx_word' id='word_1_84' title='bbox 1336 1217 1614 1278; x_wconf 81' lang='grc' dir='ltr'>ταπειναῖς</span> <span class='ocrx_word' id='word_1_85' title='bbox 1648 1213 1743 1266; x_wconf 70' lang='grc' dir='ltr'><strong>καὶ</strong></span> <span class='ocrx_word' id='word_1_86' title='bbox 1783 1229 1882 1282; x_wconf 87' lang='grc' dir='ltr'>χα-</span> 
     </span>
    </p>
   </div>
   <div class='ocr_carea' id='block_1_14' title="bbox 311 1300 1879 1378">
    <p class='ocr_par' dir='ltr' id='par_1_14' title="bbox 311 1300 1879 1378">
     <span class='ocr_line' id='line_1_14' title="bbox 311 1300 1879 1378; baseline 0.004 -27"><span class='ocrx_word' id='word_1_87' title='bbox 311 1300 600 1371; x_wconf 80' lang='grc' dir='ltr'>μαιπετὲσι</span> <span class='ocrx_word' id='word_1_88' title='bbox 625 1302 903 1367; x_wconf 84' lang='grc' dir='ltr'>διανοίαις,</span> <span class='ocrx_word' id='word_1_89' title='bbox 940 1303 1051 1356; x_wconf 87' lang='grc' dir='ltr'>ἀλλ’</span> <span class='ocrx_word' id='word_1_90' title='bbox 1086 1305 1142 1357; x_wconf 79' lang='grc' dir='ltr'>ἐν</span> <span class='ocrx_word' id='word_1_91' title='bbox 1168 1305 1504 1377; x_wconf 77' lang='grc' dir='ltr'>ὲπῃρμέναις</span> <span class='ocrx_word' id='word_1_92' title='bbox 1537 1306 1597 1359; x_wconf 79' lang='grc' dir='ltr'><strong>τὸ</strong></span> <span class='ocrx_word' id='word_1_93' title='bbox 1628 1305 1879 1378; x_wconf 78' lang='grc' dir='ltr'>φρόνημα</span> 
     </span>
    </p>
   </div>
   <div class='ocr_carea' id='block_1_15' title="bbox 307 1392 1879 1469">
    <p class='ocr_par' dir='ltr' id='par_1_15' title="bbox 307 1392 1879 1469">
     <span class='ocr_line' id='line_1_15' title="bbox 307 1392 1879 1469; baseline 0.003 -24"><span class='ocrx_word' id='word_1_94' title='bbox 307 1392 634 1460; x_wconf 71' lang='grc' dir='ltr'>κατ-εγενετο.</span> <span class='ocrx_word' id='word_1_95' title='bbox 684 1393 868 1467; x_wconf 84' lang='grc' dir='ltr'>Ταύτῃ</span> <span class='ocrx_word' id='word_1_96' title='bbox 905 1394 1034 1463; x_wconf 86' lang='grc' dir='ltr'>γοῦν</span> <span class='ocrx_word' id='word_1_97' title='bbox 1064 1396 1466 1469; x_wconf 84' lang='grc' dir='ltr'>τροπικώτερον</span> <span class='ocrx_word' id='word_1_98' title='bbox 1497 1397 1659 1460; x_wconf 74' lang='grc' dir='ltr'>αὐτὸς</span> <span class='ocrx_word' id='word_1_99' title='bbox 1705 1399 1733 1451; x_wconf 86' lang='grc' dir='ltr'>ὁ</span> <span class='ocrx_word' id='word_1_100' title='bbox 1765 1396 1879 1450; x_wconf 86' lang='grc' dir='ltr'><strong>Κύ-</strong></span> 
     </span>
    </p>
   </div>
   <div class='ocr_carea' id='block_1_16' title="bbox 306 1484 1878 1569">
    <p class='ocr_par' dir='ltr' id='par_1_16' title="bbox 306 1484 1878 1569">
     <span class='ocr_line' id='line_1_16' title="bbox 306 1484 1878 1569; baseline 0.002 -32"><span class='ocrx_word' id='word_1_101' title='bbox 306 1502 419 1555; x_wconf 82' lang='grc' dir='ltr'>ριος</span> <span class='ocrx_word' id='word_1_102' title='bbox 451 1484 854 1555; x_wconf 78' lang='grc' dir='ltr'>καταϐήσεσθαι</span> <span class='ocrx_word' id='word_1_103' title='bbox 882 1487 972 1539; x_wconf 74' lang='grc' dir='ltr'><strong>ἐπὶ</strong></span> <span class='ocrx_word' id='word_1_104' title='bbox 1000 1487 1066 1541; x_wconf 75' lang='grc' dir='ltr'>τὰ</span> <span class='ocrx_word' id='word_1_105' title='bbox 1096 1486 1205 1557; x_wconf 69' lang='grc' dir='ltr'>ὕψη</span> <span class='ocrx_word' id='word_1_106' title='bbox 1237 1488 1337 1558; x_wconf 88' lang='grc' dir='ltr'><strong>τῆς</strong></span> <span class='ocrx_word' id='word_1_107' title='bbox 1367 1487 1472 1558; x_wconf 83' lang='grc' dir='ltr'><strong>γῆς</strong></span> <span class='ocrx_word' id='word_1_108' title='bbox 1502 1487 1705 1569; x_wconf 75' lang='grc' dir='ltr'>εἴρητο.</span> <span class='ocrx_word' id='word_1_109' title='bbox 1740 1489 1878 1558; x_wconf 84' lang='grc' dir='ltr'>Ὄρη</span> 
     </span>
    </p>
   </div>
   <div class='ocr_carea' id='block_1_17' title="bbox 302 1575 1876 1650">
    <p class='ocr_par' dir='ltr' id='par_1_17' title="bbox 302 1575 1876 1650">
     <span class='ocr_line' id='line_1_17' title="bbox 302 1575 1876 1650; baseline 0.001 -21"><span class='ocrx_word' id='word_1_110' title='bbox 302 1577 357 1629; x_wconf 80' lang='grc' dir='ltr'>δὲ</span> <span class='ocrx_word' id='word_1_111' title='bbox 398 1578 654 1647; x_wconf 81' lang='grc' dir='ltr'>σειόμενα</span> <span class='ocrx_word' id='word_1_112' title='bbox 687 1578 1036 1633; x_wconf 77' lang='grc' dir='ltr'>ὑποκάτωθεν</span> <span class='ocrx_word' id='word_1_113' title='bbox 1080 1578 1263 1645; x_wconf 75' lang='grc' dir='ltr'>αὑτοῦ,</span> <span class='ocrx_word' id='word_1_114' title='bbox 1294 1580 1432 1633; x_wconf 81' lang='grc' dir='ltr'><strong>αύτά</strong></span> <span class='ocrx_word' id='word_1_115' title='bbox 1455 1579 1517 1650; x_wconf 85' lang='grc' dir='ltr'>δὴ</span> <span class='ocrx_word' id='word_1_116' title='bbox 1568 1582 1747 1633; x_wconf 75' lang='grc' dir='ltr'>ἐκεῖνα</span> <span class='ocrx_word' id='word_1_117' title='bbox 1785 1575 1876 1650; x_wconf 81' lang='grc' dir='ltr'>ἦν,</span> 
     </span>
    </p>
   </div>
   <div class='ocr_carea' id='block_1_18' title="bbox 303 1667 1879 1745">
    <p class='ocr_par' dir='ltr' id='par_1_18' title="bbox 303 1667 1879 1745">
     <span class='ocr_line' id='line_1_18' title="bbox 303 1667 1879 1745; baseline 0.003 -25"><span class='ocrx_word' id='word_1_118' title='bbox 303 1667 432 1722; x_wconf 82' lang='grc' dir='ltr'>ἔνθα</span> <span class='ocrx_word' id='word_1_119' title='bbox 473 1669 679 1741; x_wconf 80' lang='grc' dir='ltr'>ἀνήχθη</span> <span class='ocrx_word' id='word_1_120' title='bbox 725 1671 828 1724; x_wconf 80' lang='grc' dir='ltr'>ὑπὸ</span> <span class='ocrx_word' id='word_1_121' title='bbox 860 1671 953 1724; x_wconf 85' lang='grc' dir='ltr'><strong>τοῦ</strong></span> <span class='ocrx_word' id='word_1_122' title='bbox 979 1672 1314 1743; x_wconf 88' lang='grc' dir='ltr'>Πνεύματος,</span> <span class='ocrx_word' id='word_1_123' title='bbox 1365 1673 1725 1745; x_wconf 77' lang='grc' dir='ltr'>πειρασθῆναι</span> <span class='ocrx_word' id='word_1_124' title='bbox 1775 1672 1879 1725; x_wconf 83' lang='grc' dir='ltr'><strong>ὑπὸ</strong></span> 
     </span>
    </p>
   </div>
   <div class='ocr_carea' id='block_1_19' title="bbox 304 1758 1874 1834">
    <p class='ocr_par' dir='ltr' id='par_1_19' title="bbox 304 1758 1874 1834">
     <span class='ocr_line' id='line_1_19' title="bbox 304 1758 1874 1834; baseline 0.005 -22"><span class='ocrx_word' id='word_1_125' title='bbox 304 1758 399 1812; x_wconf 81' lang='grc' dir='ltr'><strong>τοῦ</strong></span> <span class='ocrx_word' id='word_1_126' title='bbox 426 1759 670 1813; x_wconf 70' lang='grc' dir='ltr'>διαϐόλου</span> <span class='ocrx_word' id='word_1_127' title='bbox 693 1778 706 1791; x_wconf 78' lang='grc'><em>’</em></span> <span class='ocrx_word' id='word_1_128' title='bbox 747 1779 767 1812; x_wconf 82' lang='lat' dir='ltr'><strong>t</strong></span> <span class='ocrx_word' id='word_1_129' title='bbox 811 1761 931 1814; x_wconf 85' lang='grc' dir='ltr'>Ὅτι</span> <span class='ocrx_word' id='word_1_130' title='bbox 959 1762 1052 1815; x_wconf 78' lang='grc' dir='ltr'><strong>καὶ</strong></span> <span class='ocrx_word' id='word_1_131' title='bbox 1085 1763 1498 1834; x_wconf 73' lang='grc' dir='ltr'>παραλαμϐάνει</span> <span class='ocrx_word' id='word_1_132' title='bbox 1531 1764 1692 1817; x_wconf 71' lang='grc' dir='ltr'>αὐτὸν</span> <span class='ocrx_word' id='word_1_133' title='bbox 1711 1768 1740 1819; x_wconf 83' lang='grc' dir='ltr'><strong>ό</strong></span> <span class='ocrx_word' id='word_1_134' title='bbox 1760 1766 1874 1820; x_wconf 89' lang='grc' dir='ltr'>διά-</span> 
     </span>
    </p>
   </div>
   <div class='ocr_carea' id='block_1_20' title="bbox 1984 568 3537 642">
    <p class='ocr_par' dir='ltr' id='par_1_20' title="bbox 1984 568 3537 642">
     <span class='ocr_line' id='line_1_20' title="bbox 1984 568 3537 642; baseline -0.001 -17"><span class='ocrx_word' id='word_1_135' title='bbox 1984 572 2062 626; x_wconf 88' lang='lat' dir='ltr'><strong>les</strong></span> <span class='ocrx_word' id='word_1_136' title='bbox 2092 582 2271 626; x_wconf 87' lang='lat' dir='ltr'><strong>autem</strong></span> <span class='ocrx_word' id='word_1_137' title='bbox 2304 572 2484 627; x_wconf 88' lang='lat' dir='ltr'><strong>adhuc</strong></span> <span class='ocrx_word' id='word_1_138' title='bbox 2517 572 2901 642; x_wconf 78' lang='lat' dir='ltr'><strong>liquescentes.</strong></span> <span class='ocrx_word' id='word_1_139' title='bbox 2936 580 3099 629; x_wconf 89' lang='lat' dir='ltr'><strong>erunt</strong></span> <span class='ocrx_word' id='word_1_140' title='bbox 3119 571 3214 641; x_wconf 99' lang='lat' dir='ltr'><strong>qui</strong></span> <span class='ocrx_word' id='word_1_141' title='bbox 3254 585 3354 641; x_wconf 92' lang='lat' dir='ltr'><strong>pro</strong></span> <span class='ocrx_word' id='word_1_142' title='bbox 3395 568 3537 624; x_wconf 61' lang='grc' dir='ltr'>πει-ιιι</span> 
     </span>
    </p>
   </div>
   <div class='ocr_carea' id='block_1_21' title="bbox 1982 662 3629 734">
    <p class='ocr_par' dir='ltr' id='par_1_21' title="bbox 1982 662 3629 734">
     <span class='ocr_line' id='line_1_21' title="bbox 1982 662 3629 734; baseline -0.002 -16"><span class='ocrx_word' id='word_1_143' title='bbox 1982 663 2148 718; x_wconf 88' lang='lat' dir='ltr'><strong>salem</strong></span> <span class='ocrx_word' id='word_1_144' title='bbox 2179 677 2386 733; x_wconf 80' lang='lat' dir='ltr'><strong>proque</strong></span> <span class='ocrx_word' id='word_1_145' title='bbox 2426 671 2614 719; x_wconf 88' lang='lat' dir='ltr'><strong>monte</strong></span> <span class='ocrx_word' id='word_1_146' title='bbox 2659 662 2813 728; x_wconf 86' lang='lat' dir='ltr'><strong>Sion,</strong></span> <span class='ocrx_word' id='word_1_147' title='bbox 2838 680 2933 734; x_wconf 89' lang='lat' dir='ltr'><strong>per</strong></span> <span class='ocrx_word' id='word_1_148' title='bbox 2959 679 3173 718; x_wconf 91' lang='lat' dir='ltr'><strong>omnem</strong></span> <span class='ocrx_word' id='word_1_149' title='bbox 3205 663 3391 717; x_wconf 83' lang='lat' dir='ltr'><strong>urbem</strong></span> <span class='ocrx_word' id='word_1_150' title='bbox 3422 675 3527 715; x_wconf 90' lang='lat' dir='ltr'><strong>con</strong></span> <span class='ocrx_word' id='word_1_151' title='bbox 3626 684 3629 687; x_wconf 83' lang='lat'><strong><em>-</em></strong></span> 
     </span>
    </p>
   </div>
   <div class='ocr_carea' id='block_1_22' title="bbox 1981 753 3552 826">
    <p class='ocr_par' dir='ltr' id='par_1_22' title="bbox 1981 753 3552 826">
     <span class='ocr_line' id='line_1_22' title="bbox 1981 753 3552 826; baseline -0.002 -16"><span class='ocrx_word' id='word_1_152' title='bbox 1981 754 2159 810; x_wconf 88' lang='lat' dir='ltr'><strong>stituti</strong></span> <span class='ocrx_word' id='word_1_153' title='bbox 2191 765 2516 810; x_wconf 87' lang='lat' dir='ltr'><strong>sunteorum</strong></span> <span class='ocrx_word' id='word_1_154' title='bbox 2547 766 2868 818; x_wconf 69' lang='lat' dir='ltr'><strong>conventus,</strong></span> <span class='ocrx_word' id='word_1_155' title='bbox 2895 757 3055 826; x_wconf 74' lang='lat'><strong>272</strong></span> <span class='ocrx_word' id='word_1_156' title='bbox 3082 756 3357 826; x_wconf 76' lang='lat' dir='ltr'><strong>plorantes</strong></span> <span class='ocrx_word' id='word_1_157' title='bbox 3385 768 3450 808; x_wconf 86' lang='lat' dir='ltr'><strong>ac</strong></span> <span class='ocrx_word' id='word_1_158' title='bbox 3469 753 3552 807; x_wconf 89' lang='lat' dir='ltr'><strong>lu-</strong></span> 
     </span>
    </p>
   </div>
   <div class='ocr_carea' id='block_1_23' title="bbox 1980 847 3549 918">
    <p class='ocr_par' dir='ltr' id='par_1_23' title="bbox 1980 847 3549 918">
     <span class='ocr_line' id='line_1_23' title="bbox 1980 847 3549 918; baseline -0.001 -17"><span class='ocrx_word' id='word_1_159' title='bbox 1980 854 2189 918; x_wconf 89' lang='lat' dir='ltr'><strong>gentes,</strong></span> <span class='ocrx_word' id='word_1_160' title='bbox 2219 857 2274 902; x_wconf 92' lang='lat' dir='ltr'><strong>et</strong></span> <span class='ocrx_word' id='word_1_161' title='bbox 2322 848 2479 917; x_wconf 91' lang='lat' dir='ltr'><strong>quasi</strong></span> <span class='ocrx_word' id='word_1_162' title='bbox 2523 863 2649 903; x_wconf 88' lang='lat' dir='ltr'><strong>cera</strong></span> <span class='ocrx_word' id='word_1_163' title='bbox 2695 862 2725 901; x_wconf 88' lang='lat' dir='ltr'><strong>a</strong></span> <span class='ocrx_word' id='word_1_164' title='bbox 2777 847 2913 904; x_wconf 77' lang='lat' dir='ltr'><strong>facie</strong></span> <span class='ocrx_word' id='word_1_165' title='bbox 2958 848 3099 918; x_wconf 82' lang='lat' dir='ltr'><strong>ignis</strong></span> <span class='ocrx_word' id='word_1_166' title='bbox 3150 848 3549 917; x_wconf 83' lang='lat' dir='ltr'><strong>liquescentes,</strong></span> 
     </span>
    </p>
   </div>
   <div class='ocr_carea' id='block_1_24' title="bbox 1981 939 3554 1009">
    <p class='ocr_par' dir='ltr' id='par_1_24' title="bbox 1981 939 3554 1009">
     <span class='ocr_line' id='line_1_24' title="bbox 1981 939 3554 1009; baseline -0.001 -16"><span class='ocrx_word' id='word_1_167' title='bbox 1981 946 2202 1008; x_wconf 79' lang='lat' dir='ltr'><strong>pmpter</strong></span> <span class='ocrx_word' id='word_1_168' title='bbox 2247 939 2497 995; x_wconf 69' lang='lat' dir='ltr'><strong>maeroris</strong></span> <span class='ocrx_word' id='word_1_169' title='bbox 2528 954 2591 994; x_wconf 91' lang='lat' dir='ltr'><strong>ac</strong></span> <span class='ocrx_word' id='word_1_170' title='bbox 2627 940 2806 994; x_wconf 90' lang='lat' dir='ltr'><strong>luctus</strong></span> <span class='ocrx_word' id='word_1_171' title='bbox 2837 954 3123 995; x_wconf 78' lang='lat' dir='ltr'><strong>excessum</strong></span> <span class='ocrx_word' id='word_1_172' title='bbox 3152 978 3167 998; x_wconf 95' lang='lat'><strong>.</strong></span> <span class='ocrx_word' id='word_1_173' title='bbox 3228 948 3285 994; x_wconf 88' lang='lat' dir='ltr'><strong>et</strong></span> <span class='ocrx_word' id='word_1_174' title='bbox 3329 943 3554 1009; x_wconf 87' lang='lat' dir='ltr'><strong>propter</strong></span> 
     </span>
    </p>
   </div>
   <div class='ocr_carea' id='block_1_25' title="bbox 1981 1028 3551 1103">
    <p class='ocr_par' dir='ltr' id='par_1_25' title="bbox 1981 1028 3551 1103">
     <span class='ocr_line' id='line_1_25' title="bbox 1981 1028 3551 1103; baseline 0 -21"><span class='ocrx_word' id='word_1_175' title='bbox 1981 1028 2086 1082; x_wconf 90' lang='lat' dir='ltr'><strong>loci</strong></span> <span class='ocrx_word' id='word_1_176' title='bbox 2120 1029 2281 1099; x_wconf 87' lang='lat' dir='ltr'><strong>patrii</strong></span> <span class='ocrx_word' id='word_1_177' title='bbox 2311 1031 2656 1086; x_wconf 86' lang='lat' dir='ltr'><strong>solitudinem</strong></span> <span class='ocrx_word' id='word_1_178' title='bbox 2680 1071 2695 1094; x_wconf 91' lang='lat'><strong>,</strong></span> <span class='ocrx_word' id='word_1_179' title='bbox 2736 1041 2790 1086; x_wconf 90' lang='lat' dir='ltr'><strong>et</strong></span> <span class='ocrx_word' id='word_1_180' title='bbox 2830 1031 3045 1101; x_wconf 82' lang='lat' dir='ltr'><strong>longam</strong></span> <span class='ocrx_word' id='word_1_181' title='bbox 3076 1038 3238 1100; x_wconf 91' lang='lat' dir='ltr'><strong>atque</strong></span> <span class='ocrx_word' id='word_1_182' title='bbox 3286 1043 3551 1103; x_wconf 81' lang='lat' dir='ltr'><strong>annosam</strong></span> 
     </span>
    </p>
   </div>
   <div class='ocr_carea' id='block_1_26' title="bbox 1982 1119 3550 1192">
    <p class='ocr_par' dir='ltr' id='par_1_26' title="bbox 1982 1119 3550 1192">
     <span class='ocr_line' id='line_1_26' title="bbox 1982 1119 3550 1192; baseline -0.003 -16"><span class='ocrx_word' id='word_1_183' title='bbox 1982 1121 2317 1176; x_wconf 85' lang='lat' dir='ltr'><strong>servitutem.</strong></span> <span class='ocrx_word' id='word_1_184' title='bbox 2363 1122 2484 1176; x_wconf 82' lang='lat' dir='ltr'><strong>Alio</strong></span> <span class='ocrx_word' id='word_1_185' title='bbox 2525 1134 2787 1192; x_wconf 60' lang='lat' dir='ltr'><strong>praeterea</strong></span> <span class='ocrx_word' id='word_1_186' title='bbox 2827 1123 3105 1177; x_wconf 89' lang='lat' dir='ltr'><strong>intellectu</strong></span> <span class='ocrx_word' id='word_1_187' title='bbox 3160 1120 3332 1176; x_wconf 84' lang='lat' dir='ltr'><strong>divini</strong></span> <span class='ocrx_word' id='word_1_188' title='bbox 3385 1119 3550 1173; x_wconf 74' lang='lat' dir='ltr'><strong>Verbi</strong></span> 
     </span>
    </p>
   </div>
   <div class='ocr_carea' id='block_1_27' title="bbox 1982 1212 3552 1283">
    <p class='ocr_par' dir='ltr' id='par_1_27' title="bbox 1982 1212 3552 1283">
     <span class='ocr_line' id='line_1_27' title="bbox 1982 1212 3552 1283; baseline -0.001 -17"><span class='ocrx_word' id='word_1_189' title='bbox 1982 1226 2148 1280; x_wconf 89' lang='lat' dir='ltr'><strong>super</strong></span> <span class='ocrx_word' id='word_1_190' title='bbox 2201 1212 2513 1268; x_wconf 83' lang='lat' dir='ltr'><strong>altitudines</strong></span> <span class='ocrx_word' id='word_1_191' title='bbox 2568 1214 2866 1269; x_wconf 88' lang='lat' dir='ltr'><strong>descensus</strong></span> <span class='ocrx_word' id='word_1_192' title='bbox 2921 1213 3094 1281; x_wconf 86' lang='lat' dir='ltr'><strong>accipi</strong></span> <span class='ocrx_word' id='word_1_193' title='bbox 3151 1212 3552 1283; x_wconf 87' lang='lat' dir='ltr'><strong>potest:quod</strong></span> 
     </span>
    </p>
   </div>
   <div class='ocr_carea' id='block_1_28' title="bbox 1981 1304 3555 1375">
    <p class='ocr_par' dir='ltr' id='par_1_28' title="bbox 1981 1304 3555 1375">
     <span class='ocr_line' id='line_1_28' title="bbox 1981 1304 3555 1375; baseline 0.001 -18"><span class='ocrx_word' id='word_1_194' title='bbox 1981 1306 2168 1374; x_wconf 83' lang='lat' dir='ltr'><strong>utique</strong></span> <span class='ocrx_word' id='word_1_195' title='bbox 2200 1319 2306 1359; x_wconf 92' lang='lat' dir='ltr'><strong>non</strong></span> <span class='ocrx_word' id='word_1_196' title='bbox 2337 1304 2389 1359; x_wconf 92' lang='lat' dir='ltr'><strong>in</strong></span> <span class='ocrx_word' id='word_1_197' title='bbox 2424 1306 2663 1362; x_wconf 83' lang='lat' dir='ltr'><strong>hiatibus</strong></span> <span class='ocrx_word' id='word_1_198' title='bbox 2690 1314 2743 1361; x_wconf 86' lang='lat' dir='ltr'><strong>et</strong></span> <span class='ocrx_word' id='word_1_199' title='bbox 2769 1306 3132 1368; x_wconf 83' lang='lat' dir='ltr'><strong>convallibus,</strong></span> <span class='ocrx_word' id='word_1_200' title='bbox 3156 1320 3334 1375; x_wconf 90' lang='lat' dir='ltr'><strong>neque</strong></span> <span class='ocrx_word' id='word_1_201' title='bbox 3361 1306 3418 1360; x_wconf 87' lang='lat' dir='ltr'><strong>in</strong></span> <span class='ocrx_word' id='word_1_202' title='bbox 3458 1305 3555 1359; x_wconf 80' lang='lat' dir='ltr'><strong>ab-</strong></span> 
     </span>
    </p>
   </div>
   <div class='ocr_carea' id='block_1_29' title="bbox 1977 1396 3554 1468">
    <p class='ocr_par' dir='ltr' id='par_1_29' title="bbox 1977 1396 3554 1468">
     <span class='ocr_line' id='line_1_29' title="bbox 1977 1396 3554 1468; baseline 0 -18"><span class='ocrx_word' id='word_1_203' title='bbox 1977 1396 2135 1466; x_wconf 84' lang='lat' dir='ltr'><strong>jectis</strong></span> <span class='ocrx_word' id='word_1_204' title='bbox 2164 1404 2326 1466; x_wconf 90' lang='lat' dir='ltr'><strong>atque</strong></span> <span class='ocrx_word' id='word_1_205' title='bbox 2356 1397 2409 1451; x_wconf 88' lang='lat' dir='ltr'><strong>in</strong></span> <span class='ocrx_word' id='word_1_206' title='bbox 2445 1398 2666 1451; x_wconf 89' lang='lat' dir='ltr'><strong>humum</strong></span> <span class='ocrx_word' id='word_1_207' title='bbox 2714 1397 3324 1468; x_wconf 81' lang='lat' dir='ltr'><strong>spectantibusanimis</strong></span> <span class='ocrx_word' id='word_1_208' title='bbox 3355 1405 3409 1450; x_wconf 88' lang='lat' dir='ltr'><strong>et</strong></span> <span class='ocrx_word' id='word_1_209' title='bbox 3461 1410 3554 1450; x_wconf 81' lang='lat' dir='ltr'><strong>co-</strong></span> 
     </span>
    </p>
   </div>
   <div class='ocr_carea' id='block_1_30' title="bbox 1982 1488 3556 1559">
    <p class='ocr_par' dir='ltr' id='par_1_30' title="bbox 1982 1488 3556 1559">
     <span class='ocr_line' id='line_1_30' title="bbox 1982 1488 3556 1559; baseline 0.002 -19"><span class='ocrx_word' id='word_1_210' title='bbox 1982 1488 2356 1559; x_wconf 84' lang='lat' dir='ltr'><strong>gitationibus,</strong></span> <span class='ocrx_word' id='word_1_211' title='bbox 2406 1489 2502 1544; x_wconf 86' lang='lat' dir='ltr'><strong>sed</strong></span> <span class='ocrx_word' id='word_1_212' title='bbox 2540 1488 2595 1543; x_wconf 88' lang='lat' dir='ltr'><strong>in</strong></span> <span class='ocrx_word' id='word_1_213' title='bbox 2627 1490 2791 1544; x_wconf 84' lang='lat' dir='ltr'><strong>altius</strong></span> <span class='ocrx_word' id='word_1_214' title='bbox 2822 1489 3052 1545; x_wconf 85' lang='lat' dir='ltr'><strong>sublatis</strong></span> <span class='ocrx_word' id='word_1_215' title='bbox 3085 1497 3140 1543; x_wconf 93' lang='lat' dir='ltr'><strong>et</strong></span> <span class='ocrx_word' id='word_1_216' title='bbox 3172 1502 3391 1543; x_wconf 86' lang='lat' dir='ltr'><strong>sursum</strong></span> <span class='ocrx_word' id='word_1_217' title='bbox 3433 1501 3556 1543; x_wconf 87' lang='lat' dir='ltr'><strong>ere—</strong></span> 
     </span>
    </p>
   </div>
   <div class='ocr_carea' id='block_1_31' title="bbox 1980 1579 3548 1652">
    <p class='ocr_par' dir='ltr' id='par_1_31' title="bbox 1980 1579 3548 1652">
     <span class='ocr_line' id='line_1_31' title="bbox 1980 1579 3548 1652; baseline 0 -19"><span class='ocrx_word' id='word_1_218' title='bbox 1980 1579 2086 1634; x_wconf 88' lang='lat' dir='ltr'><strong>ctis</strong></span> <span class='ocrx_word' id='word_1_219' title='bbox 2127 1580 2335 1635; x_wconf 90' lang='lat' dir='ltr'><strong>versari</strong></span> <span class='ocrx_word' id='word_1_220' title='bbox 2389 1581 2570 1637; x_wconf 82' lang='lat' dir='ltr'><strong>vellet.</strong></span> <span class='ocrx_word' id='word_1_221' title='bbox 2628 1580 2747 1635; x_wconf 88' lang='lat' dir='ltr'><strong>Tali</strong></span> <span class='ocrx_word' id='word_1_222' title='bbox 2792 1581 2958 1651; x_wconf 83' lang='lat' dir='ltr'><strong>igitur</strong></span> <span class='ocrx_word' id='word_1_223' title='bbox 2988 1581 3160 1652; x_wconf 83' lang='lat' dir='ltr'><strong>ﬁgura</strong></span> <span class='ocrx_word' id='word_1_224' title='bbox 3191 1580 3397 1636; x_wconf 90' lang='lat' dir='ltr'><strong>dictum</strong></span> <span class='ocrx_word' id='word_1_225' title='bbox 3426 1591 3548 1644; x_wconf 86' lang='lat' dir='ltr'><strong>eSt,</strong></span> 
     </span>
    </p>
   </div>
   <div class='ocr_carea' id='block_1_32' title="bbox 1981 1670 3554 1742">
    <p class='ocr_par' dir='ltr' id='par_1_32' title="bbox 1981 1670 3554 1742">
     <span class='ocr_line' id='line_1_32' title="bbox 1981 1670 3554 1742; baseline -0.003 -15"><span class='ocrx_word' id='word_1_226' title='bbox 1981 1673 2158 1740; x_wconf 85' lang='lat' dir='ltr'><strong>ipsum</strong></span> <span class='ocrx_word' id='word_1_227' title='bbox 2185 1670 2469 1725; x_wconf 88' lang='lat' dir='ltr'><strong>Dominum</strong></span> <span class='ocrx_word' id='word_1_228' title='bbox 2501 1686 2664 1742; x_wconf 88' lang='lat' dir='ltr'><strong>super</strong></span> <span class='ocrx_word' id='word_1_229' title='bbox 2705 1671 3019 1727; x_wconf 86' lang='lat' dir='ltr'><strong>altitudines</strong></span> <span class='ocrx_word' id='word_1_230' title='bbox 3053 1681 3211 1726; x_wconf 81' lang='lat' dir='ltr'><strong>teme</strong></span> <span class='ocrx_word' id='word_1_231' title='bbox 3258 1671 3554 1726; x_wconf 86' lang='lat' dir='ltr'><strong>descensu-</strong></span> 
     </span>
    </p>
   </div>
   <div class='ocr_carea' id='block_1_33' title="bbox 1986 1759 3551 1830">
    <p class='ocr_par' dir='ltr' id='par_1_33' title="bbox 1986 1759 3551 1830">
     <span class='ocr_line' id='line_1_33' title="bbox 1986 1759 3551 1830; baseline 0 -16"><span class='ocrx_word' id='word_1_232' title='bbox 1986 1775 2133 1817; x_wconf 88' lang='lat' dir='ltr'><strong>rum.</strong></span> <span class='ocrx_word' id='word_1_233' title='bbox 2155 1762 2255 1829; x_wconf 86' lang='lat' dir='ltr'><strong>Qui</strong></span> <span class='ocrx_word' id='word_1_234' title='bbox 2284 1766 2414 1819; x_wconf 87' lang='lat' dir='ltr'><strong>vero</strong></span> <span class='ocrx_word' id='word_1_235' title='bbox 2446 1763 2831 1817; x_wconf 90' lang='lat' dir='ltr'><strong>concutiantur</strong></span> <span class='ocrx_word' id='word_1_236' title='bbox 2863 1764 3049 1819; x_wconf 84' lang='lat' dir='ltr'><strong>subter</strong></span> <span class='ocrx_word' id='word_1_237' title='bbox 3074 1777 3139 1819; x_wconf 91' lang='lat' dir='ltr'><strong>eo</strong></span> <span class='ocrx_word' id='word_1_238' title='bbox 3167 1771 3403 1823; x_wconf 89' lang='lat' dir='ltr'><strong>montes,</strong></span> <span class='ocrx_word' id='word_1_239' title='bbox 3443 1759 3551 1830; x_wconf 85' lang='lat' dir='ltr'><strong>ipsi</strong></span> 
     </span>
    </p>
   </div>
   <div class='ocr_carea' id='block_1_34' title="bbox 308 1831 1879 1930">
    <p class='ocr_par' dir='ltr' id='par_1_34' title="bbox 308 1831 1879 1930">
     <span class='ocr_line' id='line_1_34' title="bbox 308 1831 1879 1930; baseline 0.004 -26"><span class='ocrx_word' id='word_1_240' title='bbox 308 1851 461 1916; x_wconf 71' lang='grc' dir='ltr'>σολος</span> <span class='ocrx_word' id='word_1_241' title='bbox 490 1855 569 1917; x_wconf 83' lang='grc' dir='ltr'><strong>είς</strong></span> <span class='ocrx_word' id='word_1_242' title='bbox 606 1853 730 1925; x_wconf 79' lang='grc' dir='ltr'>ὄρος</span> <span class='ocrx_word' id='word_1_243' title='bbox 765 1854 964 1925; x_wconf 50' lang='lat' dir='ltr'><strong>inﬁgi;le</strong></span> <span class='ocrx_word' id='word_1_244' title='bbox 1013 1831 1178 1909; x_wconf 41' lang='grc' dir='ltr'>λίαν(</span> <span class='ocrx_word' id='word_1_245' title='bbox 1211 1831 1319 1909; x_wconf 12' lang='grc' dir='ltr'>καὶὴ</span> <span class='ocrx_word' id='word_1_246' title='bbox 1345 1852 1413 1928; x_wconf 84' lang='grc' dir='ltr'>ἦν</span> <span class='ocrx_word' id='word_1_247' title='bbox 1449 1856 1585 1928; x_wconf 85' lang='grc' dir='ltr'><strong>μετά</strong></span> <span class='ocrx_word' id='word_1_248' title='bbox 1632 1858 1738 1912; x_wconf 87' lang='grc' dir='ltr'><strong>τῶν</strong></span> <span class='ocrx_word' id='word_1_249' title='bbox 1785 1859 1879 1930; x_wconf 85' lang='grc' dir='ltr'>θη-</span> 
     </span>
    </p>
   </div>
   <div class='ocr_carea' id='block_1_35' title="bbox 1980 1831 3552 1930">
    <p class='ocr_par' dir='ltr' id='par_1_35' title="bbox 1981 1853 3552 1927">
     <span class='ocr_line' id='line_1_35' title="bbox 1981 1853 3552 1927; baseline -0.003 -18"><span class='ocrx_word' id='word_1_250' title='bbox 1981 1856 2057 1910; x_wconf 91' lang='lat' dir='ltr'><strong>illi</strong></span> <span class='ocrx_word' id='word_1_251' title='bbox 2087 1860 2273 1926; x_wconf 87' lang='lat' dir='ltr'><strong>utique</strong></span> <span class='ocrx_word' id='word_1_252' title='bbox 2294 1864 2473 1922; x_wconf 88' lang='lat' dir='ltr'><strong>erunt,</strong></span> <span class='ocrx_word' id='word_1_253' title='bbox 2503 1856 2570 1911; x_wconf 88' lang='lat' dir='ltr'><strong>ad</strong></span> <span class='ocrx_word' id='word_1_254' title='bbox 2596 1872 2745 1927; x_wconf 82' lang='lat' dir='ltr'><strong>quos.</strong></span> <span class='ocrx_word' id='word_1_255' title='bbox 2765 1856 3033 1912; x_wconf 88' lang='lat' dir='ltr'><strong>adductus</strong></span> <span class='ocrx_word' id='word_1_256' title='bbox 3061 1864 3146 1911; x_wconf 89' lang='lat' dir='ltr'><strong>est</strong></span> <span class='ocrx_word' id='word_1_257' title='bbox 3172 1869 3203 1908; x_wconf 93' lang='lat' dir='ltr'><strong>a</strong></span> <span class='ocrx_word' id='word_1_258' title='bbox 3240 1853 3457 1925; x_wconf 84' lang='lat' dir='ltr'><strong>spiritu,</strong></span> <span class='ocrx_word' id='word_1_259' title='bbox 3494 1860 3552 1905; x_wconf 86' lang='lat' dir='ltr'><strong>ut</strong></span> 
     </span>
    </p>
   </div>
   <div class='ocr_carea' id='block_1_36' title="bbox 309 1942 1876 2021">
    <p class='ocr_par' dir='ltr' id='par_1_36' title="bbox 309 1942 1876 2021">
     <span class='ocr_line' id='line_1_36' title="bbox 309 1942 1876 2021; baseline 0.005 -25"><span class='ocrx_word' id='word_1_260' title='bbox 309 1945 461 2015; x_wconf 86' lang='grc' dir='ltr'>ρίων.</span> <span class='ocrx_word' id='word_1_261' title='bbox 503 1965 521 1996; x_wconf 74' lang='grc' dir='ltr'><strong>ι</strong></span> <span class='ocrx_word' id='word_1_262' title='bbox 564 1946 703 2017; x_wconf 84' lang='grc' dir='ltr'>Ὄρη</span> <span class='ocrx_word' id='word_1_263' title='bbox 736 1947 781 1999; x_wconf 89' lang='grc' dir='ltr'>δ’</span> <span class='ocrx_word' id='word_1_264' title='bbox 803 1946 868 2001; x_wconf 82' lang='grc' dir='ltr'><strong>ἂν</strong></span> <span class='ocrx_word' id='word_1_265' title='bbox 892 1948 975 2019; x_wconf 71' lang='grc' dir='ltr'><strong>εἴη</strong></span> <span class='ocrx_word' id='word_1_266' title='bbox 1000 1942 1155 2011; x_wconf 77' lang='grc' dir='ltr'>αὖθις</span> <span class='ocrx_word' id='word_1_267' title='bbox 1184 1947 1585 2021; x_wconf 83' lang='grc' dir='ltr'>τροπικώτερον</span> <span class='ocrx_word' id='word_1_268' title='bbox 1616 1951 1647 2021; x_wconf 76' lang='grc' dir='ltr'><strong>ἡ</strong></span> <span class='ocrx_word' id='word_1_269' title='bbox 1686 1951 1744 2003; x_wconf 84' lang='grc' dir='ltr'>ὲν</span> <span class='ocrx_word' id='word_1_270' title='bbox 1767 1954 1876 2015; x_wconf 88' lang='grc' dir='ltr'>τοῖς</span> 
     </span>
    </p>
   </div>
   <div class='ocr_carea' id='block_1_37' title="bbox 304 2036 1878 2112">
    <p class='ocr_par' dir='ltr' id='par_1_37' title="bbox 304 2036 1878 2112">
     <span class='ocr_line' id='line_1_37' title="bbox 304 2036 1878 2112; baseline 0.006 -25"><span class='ocrx_word' id='word_1_271' title='bbox 304 2043 457 2107; x_wconf 67' lang='lat' dir='ltr'><strong>epam</strong></span> <span class='ocrx_word' id='word_1_272' title='bbox 481 2036 540 2089; x_wconf 75' lang='grc' dir='ltr'>τὸ</span> <span class='ocrx_word' id='word_1_273' title='bbox 572 2040 698 2107; x_wconf 72' lang='grc' dir='ltr'>πρὶν</span> <span class='ocrx_word' id='word_1_274' title='bbox 729 2038 1114 2109; x_wconf 79' lang='grc' dir='ltr'>ἐπιτελουμένη</span> <span class='ocrx_word' id='word_1_275' title='bbox 1146 2039 1573 2112; x_wconf 84' lang='grc' dir='ltr'>εἰδωλολατρεία,</span> <span class='ocrx_word' id='word_1_276' title='bbox 1604 2043 1697 2095; x_wconf 78' lang='grc' dir='ltr'><strong>καὶ</strong></span> <span class='ocrx_word' id='word_1_277' title='bbox 1733 2042 1788 2094; x_wconf 83' lang='grc' dir='ltr'>αἱ</span> <span class='ocrx_word' id='word_1_278' title='bbox 1821 2044 1878 2096; x_wconf 80' lang='grc' dir='ltr'><strong>ἐν</strong></span> 
     </span>
    </p>
   </div>
   <div class='ocr_carea' id='block_1_38' title="bbox 306 2126 1878 2205">
    <p class='ocr_par' dir='ltr' id='par_1_38' title="bbox 306 2126 1878 2205">
     <span class='ocr_line' id='line_1_38' title="bbox 306 2126 1878 2205; baseline 0.004 -24"><span class='ocrx_word' id='word_1_279' title='bbox 306 2126 516 2191; x_wconf 76' lang='grc' dir='ltr'>τούτοις</span> <span class='ocrx_word' id='word_1_280' title='bbox 562 2130 926 2202; x_wconf 81' lang='grc' dir='ltr'>ἐνεργήσασαι</span> <span class='ocrx_word' id='word_1_281' title='bbox 968 2131 1187 2203; x_wconf 82' lang='grc' dir='ltr'>ἀόρατοι</span> <span class='ocrx_word' id='word_1_282' title='bbox 1232 2134 1324 2186; x_wconf 81' lang='grc' dir='ltr'><strong>καὶ</strong></span> <span class='ocrx_word' id='word_1_283' title='bbox 1359 2134 1675 2205; x_wconf 65' lang='grc' dir='ltr'><strong>άρχοντικαιλ⁸</strong></span> <span class='ocrx_word' id='word_1_284' title='bbox 1717 2134 1878 2188; x_wconf 85' lang='grc' dir='ltr'>δυνά-</span> 
     </span>
    </p>
   </div>
   <div class='ocr_carea' id='block_1_39' title="bbox 310 2220 1877 2297">
    <p class='ocr_par' dir='ltr' id='par_1_39' title="bbox 310 2220 1877 2297">
     <span class='ocr_line' id='line_1_39' title="bbox 310 2220 1877 2297; baseline 0.004 -24"><span class='ocrx_word' id='word_1_285' title='bbox 310 2237 452 2290; x_wconf 64' lang='grc' dir='ltr'>μεις,</span> <span class='ocrx_word' id='word_1_286' title='bbox 485 2220 553 2285; x_wconf 72' lang='grc' dir='ltr'>ἃς</span> <span class='ocrx_word' id='word_1_287' title='bbox 580 2223 639 2275; x_wconf 74' lang='grc' dir='ltr'>οὐ</span> <span class='ocrx_word' id='word_1_288' title='bbox 676 2222 889 2294; x_wconf 85' lang='grc' dir='ltr'>μικρῶς</span> <span class='ocrx_word' id='word_1_289' title='bbox 918 2225 950 2294; x_wconf 88' lang='grc' dir='ltr'><strong>ἡ</strong></span> <span class='ocrx_word' id='word_1_290' title='bbox 983 2224 1075 2277; x_wconf 89' lang='grc' dir='ltr'><strong>τοῦ</strong></span> <span class='ocrx_word' id='word_1_291' title='bbox 1106 2225 1356 2297; x_wconf 81' lang='grc' dir='ltr'>Σωτῆρος</span> <span class='ocrx_word' id='word_1_292' title='bbox 1389 2226 1545 2296; x_wconf 80' lang='grc' dir='ltr'>ἡμῶν</span> <span class='ocrx_word' id='word_1_293' title='bbox 1580 2227 1788 2281; x_wconf 76' lang='grc' dir='ltr'>ἀνέσειε</span> <span class='ocrx_word' id='word_1_294' title='bbox 1818 2245 1877 2280; x_wconf 89' lang='grc' dir='ltr'><strong>τε</strong></span> 
     </span>
    </p>
   </div>
   <div class='ocr_carea' id='block_1_40' title="bbox 305 2312 1877 2387">
    <p class='ocr_par' dir='ltr' id='par_1_40' title="bbox 305 2312 1877 2387">
     <span class='ocr_line' id='line_1_40' title="bbox 305 2312 1877 2387; baseline 0.003 -23"><span class='ocrx_word' id='word_1_295' title='bbox 305 2312 401 2364; x_wconf 78' lang='grc' dir='ltr'><strong>καὶ</strong></span> <span class='ocrx_word' id='word_1_296' title='bbox 443 2312 677 2365; x_wconf 79' lang='grc' dir='ltr'>ἀνεκίνει</span> <span class='ocrx_word' id='word_1_297' title='bbox 713 2313 1046 2368; x_wconf 85' lang='grc' dir='ltr'>διδασκαλία.</span> <span class='ocrx_word' id='word_1_298' title='bbox 1092 2314 1307 2368; x_wconf 79' lang='grc' dir='ltr'>Τούτων</span> <span class='ocrx_word' id='word_1_299' title='bbox 1338 2316 1447 2387; x_wconf 75' lang='grc' dir='ltr'><strong>γὰρ</strong></span> <span class='ocrx_word' id='word_1_300' title='bbox 1481 2318 1511 2387; x_wconf 75' lang='grc' dir='ltr'>ἡ</span> <span class='ocrx_word' id='word_1_301' title='bbox 1541 2315 1739 2380; x_wconf 76' lang='grc' dir='ltr'>ἔνθεος,</span> <span class='ocrx_word' id='word_1_302' title='bbox 1770 2317 1877 2369; x_wconf 77' lang='grc' dir='ltr'>εἴτε</span> 
     </span>
    </p>
   </div>
   <div class='ocr_carea' id='block_1_41' title="bbox 308 2402 1881 2476">
    <p class='ocr_par' dir='ltr' id='par_1_41' title="bbox 308 2402 1881 2476">
     <span class='ocr_line' id='line_1_41' title="bbox 308 2402 1881 2476; baseline 0.003 -21"><span class='ocrx_word' id='word_1_303' title='bbox 308 2402 721 2474; x_wconf 83' lang='grc' dir='ltr'>θαυματουργὸς</span> <span class='ocrx_word' id='word_1_304' title='bbox 759 2405 851 2456; x_wconf 71' lang='grc' dir='ltr'><strong>καὶ</strong></span> <span class='ocrx_word' id='word_1_305' title='bbox 899 2403 1317 2475; x_wconf 81' lang='grc' dir='ltr'>παραδοξοποιὸς</span> <span class='ocrx_word' id='word_1_306' title='bbox 1357 2407 1530 2475; x_wconf 75' lang='grc' dir='ltr'>ἰσχὺς,</span> <span class='ocrx_word' id='word_1_307' title='bbox 1581 2405 1881 2476; x_wconf 86' lang='grc' dir='ltr'>λεληθότως</span> 
     </span>
    </p>
   </div>
   <div class='ocr_carea' id='block_1_42' title="bbox 307 2494 1878 2568">
    <p class='ocr_par' dir='ltr' id='par_1_42' title="bbox 307 2494 1878 2568">
     <span class='ocr_line' id='line_1_42' title="bbox 307 2494 1878 2568; baseline 0.002 -22"><span class='ocrx_word' id='word_1_308' title='bbox 307 2495 407 2565; x_wconf 80' lang='grc' dir='ltr'>τὴν</span> <span class='ocrx_word' id='word_1_309' title='bbox 437 2494 577 2549; x_wconf 73' lang='grc' dir='ltr'>κατὰ</span> <span class='ocrx_word' id='word_1_310' title='bbox 605 2494 713 2549; x_wconf 85' lang='grc' dir='ltr'><strong>τῶν</strong></span> <span class='ocrx_word' id='word_1_311' title='bbox 744 2495 1043 2567; x_wconf 81' lang='grc' dir='ltr'>ἀνθρώπων</span> <span class='ocrx_word' id='word_1_312' title='bbox 1075 2495 1292 2568; x_wconf 76' lang='grc' dir='ltr'>μακρὰν</span> <span class='ocrx_word' id='word_1_313' title='bbox 1317 2498 1412 2550; x_wconf 74' lang='grc' dir='ltr'><strong>καὶ</strong></span> <span class='ocrx_word' id='word_1_314' title='bbox 1446 2495 1679 2551; x_wconf 80' lang='grc' dir='ltr'>παλαιὰν</span> <span class='ocrx_word' id='word_1_315' title='bbox 1718 2497 1878 2550; x_wconf 81' lang='grc' dir='ltr'>δυνα-</span> 
     </span>
    </p>
   </div>
   <div class='ocr_carea' id='block_1_43' title="bbox 311 2585 1879 2658">
    <p class='ocr_par' dir='ltr' id='par_1_43' title="bbox 311 2585 1879 2658">
     <span class='ocr_line' id='line_1_43' title="bbox 311 2585 1879 2658; baseline 0.001 -20"><span class='ocrx_word' id='word_1_316' title='bbox 311 2586 493 2639; x_wconf 84' lang='grc' dir='ltr'>στείαν</span> <span class='ocrx_word' id='word_1_317' title='bbox 517 2585 764 2658; x_wconf 83' lang='grc' dir='ltr'>καθῄρει.</span> <span class='ocrx_word' id='word_1_318' title='bbox 803 2587 1074 2651; x_wconf 82' lang='grc' dir='ltr'>Ὡσαύτως</span> <span class='ocrx_word' id='word_1_319' title='bbox 1107 2588 1164 2641; x_wconf 82' lang='grc' dir='ltr'>δὲ</span> <span class='ocrx_word' id='word_1_320' title='bbox 1190 2589 1284 2642; x_wconf 69' lang='grc' dir='ltr'><strong>καὶ</strong></span> <span class='ocrx_word' id='word_1_321' title='bbox 1316 2588 1561 2652; x_wconf 84' lang='grc' dir='ltr'>κοιλάδες</span> <span class='ocrx_word' id='word_1_322' title='bbox 1583 2589 1879 2658; x_wconf 79' lang='grc' dir='ltr'>τηκόμεναι</span> 
     </span>
    </p>
   </div>
   <div class='ocr_carea' id='block_1_44' title="bbox 308 2676 1879 2752">
    <p class='ocr_par' dir='ltr' id='par_1_44' title="bbox 308 2676 1879 2752">
     <span class='ocr_line' id='line_1_44' title="bbox 308 2676 1879 2752; baseline 0.003 -22"><span class='ocrx_word' id='word_1_323' title='bbox 308 2677 382 2743; x_wconf 81' lang='grc' dir='ltr'>ὡς</span> <span class='ocrx_word' id='word_1_324' title='bbox 411 2679 577 2750; x_wconf 82' lang='grc' dir='ltr'>κηρὸς</span> <span class='ocrx_word' id='word_1_325' title='bbox 607 2680 716 2732; x_wconf 84' lang='grc' dir='ltr'><strong>ἀπὸ</strong></span> <span class='ocrx_word' id='word_1_326' title='bbox 735 2678 1024 2750; x_wconf 85' lang='grc' dir='ltr'>προσώπου</span> <span class='ocrx_word' id='word_1_327' title='bbox 1042 2682 1232 2752; x_wconf 84' lang='grc' dir='ltr'>πυρὸς,</span> <span class='ocrx_word' id='word_1_328' title='bbox 1259 2680 1511 2751; x_wconf 85' lang='grc' dir='ltr'>δαίμονες</span> <span class='ocrx_word' id='word_1_329' title='bbox 1537 2681 1603 2734; x_wconf 81' lang='grc' dir='ltr'><strong>ἂν</strong></span> <span class='ocrx_word' id='word_1_330' title='bbox 1619 2676 1727 2734; x_wconf 76' lang='grc' dir='ltr'>εἶεν</span> <span class='ocrx_word' id='word_1_331' title='bbox 1756 2680 1879 2751; x_wconf 59' lang='grc' dir='ltr'>χθό-</span> 
     </span>
    </p>
   </div>
   <div class='ocr_carea' id='block_1_45' title="bbox 291 2764 1876 2846">
    <p class='ocr_par' dir='ltr' id='par_1_45' title="bbox 291 2764 1876 2846">
     <span class='ocr_line' id='line_1_45' title="bbox 291 2764 1876 2846; baseline 0 -24"><span class='ocrx_word' id='word_1_332' title='bbox 291 2785 410 2846; x_wconf 76' lang='grc' dir='ltr'>νιοι</span> <span class='ocrx_word' id='word_1_333' title='bbox 444 2769 537 2822; x_wconf 80' lang='grc' dir='ltr'>καὶ</span> <span class='ocrx_word' id='word_1_334' title='bbox 570 2769 857 2841; x_wconf 84' lang='grc' dir='ltr'>περίγειοι,</span> <span class='ocrx_word' id='word_1_335' title='bbox 889 2770 1012 2824; x_wconf 87' lang='grc' dir='ltr'>καθ’</span> <span class='ocrx_word' id='word_1_336' title='bbox 1038 2764 1112 2823; x_wconf 85' lang='grc' dir='ltr'>ὧν</span> <span class='ocrx_word' id='word_1_337' title='bbox 1143 2771 1205 2823; x_wconf 77' lang='grc' dir='ltr'>τὸ</span> <span class='ocrx_word' id='word_1_338' title='bbox 1233 2771 1524 2825; x_wconf 77' lang='grc' dir='ltr'>καυστικὺν</span> <span class='ocrx_word' id='word_1_339' title='bbox 1552 2771 1653 2840; x_wconf 84' lang='grc' dir='ltr'><strong>τῆς</strong></span> <span class='ocrx_word' id='word_1_340' title='bbox 1685 2770 1876 2841; x_wconf 83' lang='grc' dir='ltr'>μοχθη-</span> 
     </span>
    </p>
   </div>
   <div class='ocr_carea' id='block_1_46' title="bbox 310 2856 1879 2932">
    <p class='ocr_par' dir='ltr' id='par_1_46' title="bbox 310 2856 1879 2932">
     <span class='ocr_line' id='line_1_46' title="bbox 310 2856 1879 2932; baseline 0.001 -22"><span class='ocrx_word' id='word_1_341' title='bbox 310 2857 431 2929; x_wconf 86' lang='grc' dir='ltr'>ρίας</span> <span class='ocrx_word' id='word_1_342' title='bbox 470 2857 648 2912; x_wconf 71' lang='grc' dir='ltr'>αὐτῶν</span> <span class='ocrx_word' id='word_1_343' title='bbox 681 2858 792 2932; x_wconf 88' lang='grc' dir='ltr'><strong>πῦρ</strong></span> <span class='ocrx_word' id='word_1_344' title='bbox 832 2860 1004 2929; x_wconf 76' lang='grc' dir='ltr'>ἠφίει,</span> <span class='ocrx_word' id='word_1_345' title='bbox 1041 2861 1248 2929; x_wconf 81' lang='grc' dir='ltr'>λέγων·</span> <span class='ocrx_word' id='word_1_346' title='bbox 1287 2880 1305 2913; x_wconf 80' lang='grc' dir='ltr'><strong>ι</strong></span> <span class='ocrx_word' id='word_1_347' title='bbox 1346 2860 1464 2931; x_wconf 89' lang='grc' dir='ltr'>Πῦρ</span> <span class='ocrx_word' id='word_1_348' title='bbox 1496 2856 1658 2931; x_wconf 83' lang='grc' dir='ltr'>ἦλθον</span> <span class='ocrx_word' id='word_1_349' title='bbox 1698 2859 1879 2930; x_wconf 77' lang='grc' dir='ltr'>βαλεῖν</span> 
     </span>
    </p>
   </div>
   <div class='ocr_carea' id='block_1_47' title="bbox 310 2946 1881 3025">
    <p class='ocr_par' dir='ltr' id='par_1_47' title="bbox 310 2946 1881 3025">
     <span class='ocr_line' id='line_1_47' title="bbox 310 2946 1881 3025; baseline 0.001 -20"><span class='ocrx_word' id='word_1_350' title='bbox 310 2952 404 3005; x_wconf 73' lang='grc' dir='ltr'>ἐπὶ</span> <span class='ocrx_word' id='word_1_351' title='bbox 435 2952 530 3024; x_wconf 78' lang='grc' dir='ltr'>τὴν</span> <span class='ocrx_word' id='word_1_352' title='bbox 552 2953 674 3024; x_wconf 80' lang='grc' dir='ltr'>γῆν,</span> <span class='ocrx_word' id='word_1_353' title='bbox 711 2955 805 3006; x_wconf 69' lang='grc' dir='ltr'><strong>καὶ</strong></span> <span class='ocrx_word' id='word_1_354' title='bbox 836 2953 888 3005; x_wconf 87' lang='grc' dir='ltr'><strong>τί</strong></span> <span class='ocrx_word' id='word_1_355' title='bbox 917 2952 1072 3018; x_wconf 86' lang='grc' dir='ltr'>θέλω,</span> <span class='ocrx_word' id='word_1_356' title='bbox 1105 2956 1153 3006; x_wconf 85' lang='grc' dir='ltr'>εἰ</span> <span class='ocrx_word' id='word_1_357' title='bbox 1185 2954 1283 3025; x_wconf 79' lang='grc' dir='ltr'>ἤδη</span> <span class='ocrx_word' id='word_1_358' title='bbox 1315 2953 1561 3025; x_wconf 73' lang='grc' dir='ltr'>ἀνήφθη;</span> <span class='ocrx_word' id='word_1_359' title='bbox 1599 2973 1619 3004; x_wconf 73' lang='grc' dir='ltr'><strong>ι</strong></span> <span class='ocrx_word' id='word_1_360' title='bbox 1669 2952 1787 3021; x_wconf 70' lang='grc' dir='ltr'><strong>Ὑφ’</strong></span> <span class='ocrx_word' id='word_1_361' title='bbox 1816 2946 1881 3007; x_wconf 72' lang='grc' dir='ltr'>οὗ</span> 
     </span>
    </p>
   </div>
   <div class='ocr_carea' id='block_1_48' title="bbox 307 3040 1895 3116">
    <p class='ocr_par' dir='ltr' id='par_1_48' title="bbox 307 3040 1895 3116">
     <span class='ocr_line' id='line_1_48' title="bbox 307 3040 1895 3116; baseline 0.001 -21"><span class='ocrx_word' id='word_1_362' title='bbox 307 3040 479 3114; x_wconf 76' lang='grc' dir='ltr'>πυρδς</span> <span class='ocrx_word' id='word_1_363' title='bbox 527 3042 590 3114; x_wconf 84' lang='grc' dir='ltr'>δὴ</span> <span class='ocrx_word' id='word_1_364' title='bbox 640 3044 939 3115; x_wconf 88' lang='grc' dir='ltr'>καιόμενοι,</span> <span class='ocrx_word' id='word_1_365' title='bbox 978 3046 1071 3097; x_wconf 77' lang='grc' dir='ltr'>καὶ</span> <span class='ocrx_word' id='word_1_366' title='bbox 1110 3044 1184 3116; x_wconf 84' lang='grc' dir='ltr'>μὴ</span> <span class='ocrx_word' id='word_1_367' title='bbox 1226 3040 1328 3098; x_wconf 71' lang='grc' dir='ltr'>οἷοί</span> <span class='ocrx_word' id='word_1_368' title='bbox 1358 3062 1417 3098; x_wconf 90' lang='grc' dir='ltr'><strong>τε</strong></span> <span class='ocrx_word' id='word_1_369' title='bbox 1459 3045 1610 3108; x_wconf 79' lang='grc' dir='ltr'>ὄντες</span> <span class='ocrx_word' id='word_1_370' title='bbox 1640 3044 1739 3108; x_wconf 75' lang='grc' dir='ltr'>τὰς</span> <span class='ocrx_word' id='word_1_371' title='bbox 1771 3042 1895 3096; x_wconf 82' lang='grc' dir='ltr'>ἀπὺ-</span> 
     </span>
    </p>
   </div>
   <div class='ocr_carea' id='block_1_49' title="bbox 1978 1946 3554 2020">
    <p class='ocr_par' dir='ltr' id='par_1_49' title="bbox 1978 1946 3554 2020">
     <span class='ocr_line' id='line_1_49' title="bbox 1978 1946 3554 2020; baseline -0.003 -17"><span class='ocrx_word' id='word_1_372' title='bbox 1978 1956 2277 2004; x_wconf 84' lang='lat' dir='ltr'><strong>tentaretur</strong></span> <span class='ocrx_word' id='word_1_373' title='bbox 2304 1964 2333 2002; x_wconf 87' lang='lat' dir='ltr'><strong>a</strong></span> <span class='ocrx_word' id='word_1_374' title='bbox 2359 1949 2577 2005; x_wconf 85' lang='lat' dir='ltr'><strong>diabolo</strong></span> <span class='ocrx_word' id='word_1_375' title='bbox 2611 1968 2624 2004; x_wconf 92' lang='lat'><strong>:</strong></span> <span class='ocrx_word' id='word_1_376' title='bbox 2677 1964 2786 2020; x_wconf 84' lang='lat' dir='ltr'><strong>quo</strong></span> <span class='ocrx_word' id='word_1_377' title='bbox 2830 1957 3074 2018; x_wconf 89' lang='lat' dir='ltr'><strong>tempore</strong></span> <span class='ocrx_word' id='word_1_378' title='bbox 3101 1967 3121 2000; x_wconf 75' lang='grc' dir='ltr'><strong>ι</strong></span> <span class='ocrx_word' id='word_1_379' title='bbox 3160 1947 3454 2017; x_wconf 86' lang='lat' dir='ltr'><strong>assumpsit</strong></span> <span class='ocrx_word' id='word_1_380' title='bbox 3485 1946 3554 2000; x_wconf 83' lang='lat' dir='ltr'><strong>il-</strong></span> 
     </span>
    </p>
   </div>
   <div class='ocr_carea' id='block_1_50' title="bbox 1978 2038 3552 2105">
    <p class='ocr_par' dir='ltr' id='par_1_50' title="bbox 1978 2038 3552 2105">
     <span class='ocr_line' id='line_1_50' title="bbox 1978 2038 3552 2105; baseline 0.001 -14"><span class='ocrx_word' id='word_1_381' title='bbox 1978 2038 2090 2093; x_wconf 91' lang='lat' dir='ltr'><strong>lum</strong></span> <span class='ocrx_word' id='word_1_382' title='bbox 2123 2040 2374 2096; x_wconf 85' lang='lat' dir='ltr'><strong>diabolus</strong></span> <span class='ocrx_word' id='word_1_383' title='bbox 2417 2041 2472 2095; x_wconf 91' lang='lat' dir='ltr'><strong>in</strong></span> <span class='ocrx_word' id='word_1_384' title='bbox 2506 2052 2744 2097; x_wconf 89' lang='lat' dir='ltr'><strong>montem</strong></span> <span class='ocrx_word' id='word_1_385' title='bbox 2772 2042 3050 2096; x_wconf 79' lang='lat' dir='ltr'><strong>excelsum</strong></span> <span class='ocrx_word' id='word_1_386' title='bbox 3095 2039 3253 2095; x_wconf 88' lang='lat' dir='ltr'><strong>valde</strong></span> <span class='ocrx_word' id='word_1_387' title='bbox 3276 2079 3292 2105; x_wconf 95' lang='lat'><strong>,</strong></span> <span class='ocrx_word' id='word_1_388' title='bbox 3341 2047 3396 2094; x_wconf 92' lang='lat' dir='ltr'><strong>et</strong></span> <span class='ocrx_word' id='word_1_389' title='bbox 3434 2044 3552 2093; x_wconf 88' lang='lat' dir='ltr'><strong>erat</strong></span> 
     </span>
    </p>
   </div>
   <div class='ocr_carea' id='block_1_51' title="bbox 1979 2130 3553 2203">
    <p class='ocr_par' dir='ltr' id='par_1_51' title="bbox 1979 2130 3553 2203">
     <span class='ocr_line' id='line_1_51' title="bbox 1979 2130 3553 2203; baseline -0.001 -17"><span class='ocrx_word' id='word_1_390' title='bbox 1979 2146 2104 2186; x_wconf 84' lang='lat' dir='ltr'><strong>cum</strong></span> <span class='ocrx_word' id='word_1_391' title='bbox 2131 2130 2263 2187; x_wconf 84' lang='lat' dir='ltr'><strong>feris</strong></span> <span class='ocrx_word' id='word_1_392' title='bbox 2292 2132 2359 2187; x_wconf 84' lang='grc'><strong>⁶⁰.</strong></span> <span class='ocrx_word' id='word_1_393' title='bbox 2397 2152 2415 2185; x_wconf 73' lang='grc' dir='ltr'><strong>ι</strong></span> <span class='ocrx_word' id='word_1_394' title='bbox 2450 2131 2665 2188; x_wconf 85' lang='lat' dir='ltr'><strong>Rursus</strong></span> <span class='ocrx_word' id='word_1_395' title='bbox 2713 2136 2875 2188; x_wconf 88' lang='lat' dir='ltr'><strong>etiam</strong></span> <span class='ocrx_word' id='word_1_396' title='bbox 2908 2131 3193 2203; x_wconf 86' lang='lat' dir='ltr'><strong>ﬁguratius</strong></span> <span class='ocrx_word' id='word_1_397' title='bbox 3219 2138 3435 2186; x_wconf 83' lang='lat' dir='ltr'><strong>montes</strong></span> <span class='ocrx_word' id='word_1_398' title='bbox 3459 2145 3553 2185; x_wconf 87' lang='lat' dir='ltr'><strong>ac-</strong></span> 
     </span>
    </p>
   </div>
   <div class='ocr_carea' id='block_1_52' title="bbox 1977 2222 3552 2294">
    <p class='ocr_par' dir='ltr' id='par_1_52' title="bbox 1977 2222 3552 2294">
     <span class='ocr_line' id='line_1_52' title="bbox 1977 2222 3552 2294; baseline -0.002 -16"><span class='ocrx_word' id='word_1_399' title='bbox 1977 2224 2262 2294; x_wconf 88' lang='lat' dir='ltr'><strong>cipiemus,</strong></span> <span class='ocrx_word' id='word_1_400' title='bbox 2295 2224 2446 2278; x_wconf 90' lang='lat' dir='ltr'><strong>illum</strong></span> <span class='ocrx_word' id='word_1_401' title='bbox 2469 2224 2888 2279; x_wconf 87' lang='lat' dir='ltr'><strong>simulacrorum</strong></span> <span class='ocrx_word' id='word_1_402' title='bbox 2918 2225 3147 2285; x_wconf 90' lang='lat' dir='ltr'><strong>cultum,</strong></span> <span class='ocrx_word' id='word_1_403' title='bbox 3182 2223 3275 2293; x_wconf 87' lang='lat' dir='ltr'><strong>qui</strong></span> <span class='ocrx_word' id='word_1_404' title='bbox 3307 2222 3460 2293; x_wconf 90' lang='lat' dir='ltr'><strong>prius</strong></span> <span class='ocrx_word' id='word_1_405' title='bbox 3495 2223 3552 2275; x_wconf 89' lang='lat' dir='ltr'><strong>in</strong></span> 
     </span>
    </p>
   </div>
   <div class='ocr_carea' id='block_1_53' title="bbox 1979 2314 3549 2385">
    <p class='ocr_par' dir='ltr' id='par_1_53' title="bbox 1979 2314 3549 2385">
     <span class='ocr_line' id='line_1_53' title="bbox 1979 2314 3549 2385; baseline -0.003 -16"><span class='ocrx_word' id='word_1_406' title='bbox 1979 2315 2256 2370; x_wconf 89' lang='lat' dir='ltr'><strong>montibus</strong></span> <span class='ocrx_word' id='word_1_407' title='bbox 2290 2314 2756 2385; x_wconf 82' lang='lat' dir='ltr'><strong>frequentabatur,</strong></span> <span class='ocrx_word' id='word_1_408' title='bbox 2777 2323 2833 2370; x_wconf 93' lang='lat' dir='ltr'><strong>et</strong></span> <span class='ocrx_word' id='word_1_409' title='bbox 2860 2316 2917 2370; x_wconf 90' lang='lat' dir='ltr'><strong>in</strong></span> <span class='ocrx_word' id='word_1_410' title='bbox 2960 2316 3028 2371; x_wconf 91' lang='lat' dir='ltr'><strong>iis</strong></span> <span class='ocrx_word' id='word_1_411' title='bbox 3069 2314 3361 2370; x_wconf 84' lang='lat' dir='ltr'><strong>eﬂicaciam</strong></span> <span class='ocrx_word' id='word_1_412' title='bbox 3395 2327 3549 2370; x_wconf 85' lang='lat' dir='ltr'><strong>suam</strong></span> 
     </span>
    </p>
   </div>
   <div class='ocr_carea' id='block_1_54' title="bbox 1979 2398 3557 2476">
    <p class='ocr_par' dir='ltr' id='par_1_54' title="bbox 1979 2398 3557 2476">
     <span class='ocr_line' id='line_1_54' title="bbox 1979 2398 3557 2476; baseline -0.001 -16"><span class='ocrx_word' id='word_1_413' title='bbox 1979 2405 2351 2469; x_wconf 85' lang='lat' dir='ltr'><strong>ostendentes,</strong></span> <span class='ocrx_word' id='word_1_414' title='bbox 2393 2406 2696 2461; x_wconf 85' lang='lat' dir='ltr'><strong>invisibiles</strong></span> <span class='ocrx_word' id='word_1_415' title='bbox 2726 2406 3065 2476; x_wconf 87' lang='lat' dir='ltr'><strong>principatus</strong></span> <span class='ocrx_word' id='word_1_416' title='bbox 3118 2420 3181 2460; x_wconf 83' lang='lat' dir='ltr'><strong>ac</strong></span> <span class='ocrx_word' id='word_1_417' title='bbox 3211 2412 3507 2474; x_wconf 88' lang='lat' dir='ltr'><strong>potestates</strong></span> <span class='ocrx_word' id='word_1_418' title='bbox 3531 2398 3557 2466; x_wconf 28' lang='grc' dir='ltr'><strong>,ί</strong></span> 
     </span>
    </p>
   </div>
   <div class='ocr_carea' id='block_1_55' title="bbox 1979 2494 3553 2566">
    <p class='ocr_par' dir='ltr' id='par_1_55' title="bbox 1979 2494 3553 2566">
     <span class='ocr_line' id='line_1_55' title="bbox 1979 2494 3553 2566; baseline -0.001 -17"><span class='ocrx_word' id='word_1_419' title='bbox 1979 2509 2115 2566; x_wconf 89' lang='lat' dir='ltr'><strong>quas</strong></span> <span class='ocrx_word' id='word_1_420' title='bbox 2157 2511 2265 2549; x_wconf 91' lang='lat' dir='ltr'><strong>non</strong></span> <span class='ocrx_word' id='word_1_421' title='bbox 2324 2496 2513 2550; x_wconf 86' lang='lat' dir='ltr'><strong>leviter</strong></span> <span class='ocrx_word' id='word_1_422' title='bbox 2541 2494 2841 2552; x_wconf 89' lang='lat' dir='ltr'><strong>Salvatoris</strong></span> <span class='ocrx_word' id='word_1_423' title='bbox 2890 2495 3064 2551; x_wconf 88' lang='lat' dir='ltr'><strong>nostri</strong></span> <span class='ocrx_word' id='word_1_424' title='bbox 3092 2496 3383 2552; x_wconf 86' lang='lat' dir='ltr'><strong>concussit.</strong></span> <span class='ocrx_word' id='word_1_425' title='bbox 3399 2509 3553 2550; x_wconf 86' lang='lat' dir='ltr'><strong>com-</strong></span> 
     </span>
    </p>
   </div>
   <div class='ocr_carea' id='block_1_56' title="bbox 1979 2585 3573 2658">
    <p class='ocr_par' dir='ltr' id='par_1_56' title="bbox 1979 2585 3573 2658">
     <span class='ocr_line' id='line_1_56' title="bbox 1979 2585 3573 2658; baseline 0.001 -16"><span class='ocrx_word' id='word_1_426' title='bbox 1979 2588 2253 2657; x_wconf 88' lang='lat' dir='ltr'><strong>movitque</strong></span> <span class='ocrx_word' id='word_1_427' title='bbox 2297 2587 2564 2644; x_wconf 85' lang='lat' dir='ltr'><strong>doctrina.</strong></span> <span class='ocrx_word' id='word_1_428' title='bbox 2611 2585 2823 2641; x_wconf 88' lang='lat' dir='ltr'><strong>Talium</strong></span> <span class='ocrx_word' id='word_1_429' title='bbox 2874 2587 3022 2642; x_wconf 89' lang='lat' dir='ltr'><strong>enim</strong></span> <span class='ocrx_word' id='word_1_430' title='bbox 3050 2587 3265 2658; x_wconf 83' lang='lat' dir='ltr'><strong>longam</strong></span> <span class='ocrx_word' id='word_1_431' title='bbox 3317 2594 3372 2642; x_wconf 90' lang='lat' dir='ltr'><strong>et</strong></span> <span class='ocrx_word' id='word_1_432' title='bbox 3403 2597 3573 2643; x_wconf 69' lang='grc' dir='ltr'>νοω-ι</span> 
     </span>
    </p>
   </div>
   <div class='ocr_carea' id='block_1_57' title="bbox 1978 2677 3549 2749">
    <p class='ocr_par' dir='ltr' id='par_1_57' title="bbox 1978 2677 3549 2749">
     <span class='ocr_line' id='line_1_57' title="bbox 1978 2677 3549 2749; baseline -0.001 -17"><span class='ocrx_word' id='word_1_433' title='bbox 1978 2694 2093 2734; x_wconf 91' lang='lat' dir='ltr'><strong>rem</strong></span> <span class='ocrx_word' id='word_1_434' title='bbox 2118 2688 2310 2733; x_wconf 91' lang='lat' dir='ltr'><strong>contra</strong></span> <span class='ocrx_word' id='word_1_435' title='bbox 2334 2677 2583 2733; x_wconf 87' lang='lat' dir='ltr'><strong>homines</strong></span> <span class='ocrx_word' id='word_1_436' title='bbox 2615 2678 2912 2749; x_wconf 88' lang='lat' dir='ltr'><strong>potentiam</strong></span> <span class='ocrx_word' id='word_1_437' title='bbox 2931 2718 2948 2745; x_wconf 90' lang='lat'><strong>,</strong></span> <span class='ocrx_word' id='word_1_438' title='bbox 2977 2677 3208 2733; x_wconf 86' lang='lat' dir='ltr'><strong>latenter</strong></span> <span class='ocrx_word' id='word_1_439' title='bbox 3240 2677 3439 2733; x_wconf 89' lang='lat' dir='ltr'><strong>delevit</strong></span> <span class='ocrx_word' id='word_1_440' title='bbox 3461 2677 3549 2731; x_wconf 78' lang='lat' dir='ltr'><strong>di-</strong></span> 
     </span>
    </p>
   </div>
   <div class='ocr_carea' id='block_1_58' title="bbox 1976 2769 3553 2835">
    <p class='ocr_par' dir='ltr' id='par_1_58' title="bbox 1976 2769 3553 2835">
     <span class='ocr_line' id='line_1_58' title="bbox 1976 2769 3553 2835; baseline 0 -10"><span class='ocrx_word' id='word_1_441' title='bbox 1976 2771 2162 2826; x_wconf 89' lang='lat' dir='ltr'><strong>vinum</strong></span> <span class='ocrx_word' id='word_1_442' title='bbox 2194 2770 2341 2826; x_wconf 88' lang='lat' dir='ltr'><strong>illius</strong></span> <span class='ocrx_word' id='word_1_443' title='bbox 2362 2770 2610 2835; x_wconf 84' lang='lat' dir='ltr'><strong>verbum,</strong></span> <span class='ocrx_word' id='word_1_444' title='bbox 2653 2779 2707 2825; x_wconf 91' lang='lat' dir='ltr'><strong>et</strong></span> <span class='ocrx_word' id='word_1_445' title='bbox 2736 2769 2962 2825; x_wconf 85' lang='lat' dir='ltr'><strong>miriﬁca</strong></span> <span class='ocrx_word' id='word_1_446' title='bbox 2991 2776 3046 2824; x_wconf 90' lang='lat' dir='ltr'><strong>et</strong></span> <span class='ocrx_word' id='word_1_447' title='bbox 3091 2784 3307 2824; x_wconf 90' lang='lat' dir='ltr'><strong>omnem</strong></span> <span class='ocrx_word' id='word_1_448' title='bbox 3351 2770 3406 2824; x_wconf 91' lang='lat' dir='ltr'><strong>in</strong></span> <span class='ocrx_word' id='word_1_449' title='bbox 3436 2769 3553 2826; x_wconf 82' lang='lat' dir='ltr'><strong>elli-</strong></span> 
     </span>
    </p>
   </div>
   <div class='ocr_carea' id='block_1_59' title="bbox 1977 2859 3553 2932">
    <p class='ocr_par' dir='ltr' id='par_1_59' title="bbox 1977 2859 3553 2932">
     <span class='ocr_line' id='line_1_59' title="bbox 1977 2859 3553 2932; baseline 0.001 -17"><span class='ocrx_word' id='word_1_450' title='bbox 1977 2861 2174 2917; x_wconf 88' lang='lat' dir='ltr'><strong>ciendo</strong></span> <span class='ocrx_word' id='word_1_451' title='bbox 2222 2860 2383 2917; x_wconf 85' lang='lat' dir='ltr'><strong>ﬁdem</strong></span> <span class='ocrx_word' id='word_1_452' title='bbox 2426 2876 2699 2932; x_wconf 85' lang='lat' dir='ltr'><strong>superans</strong></span> <span class='ocrx_word' id='word_1_453' title='bbox 2754 2861 2857 2917; x_wconf 90' lang='lat' dir='ltr'><strong>vis.</strong></span> <span class='ocrx_word' id='word_1_454' title='bbox 2916 2859 3116 2916; x_wconf 88' lang='lat' dir='ltr'><strong>Eadem</strong></span> <span class='ocrx_word' id='word_1_455' title='bbox 3161 2874 3290 2915; x_wconf 89' lang='lat' dir='ltr'><strong>vero</strong></span> <span class='ocrx_word' id='word_1_456' title='bbox 3339 2860 3553 2916; x_wconf 75' lang='lat' dir='ltr'><strong>ratione</strong></span> 
     </span>
    </p>
   </div>
   <div class='ocr_carea' id='block_1_60' title="bbox 1976 2953 3550 3026">
    <p class='ocr_par' dir='ltr' id='par_1_60' title="bbox 1976 2953 3550 3026">
     <span class='ocr_line' id='line_1_60' title="bbox 1976 2953 3550 3026; baseline -0.002 -15"><span class='ocrx_word' id='word_1_457' title='bbox 1976 2956 2137 3011; x_wconf 88' lang='lat' dir='ltr'><strong>etiam</strong></span> <span class='ocrx_word' id='word_1_458' title='bbox 2154 2956 2539 3026; x_wconf 90' lang='lat' dir='ltr'><strong>liquescentes,</strong></span> <span class='ocrx_word' id='word_1_459' title='bbox 2554 2964 2611 3010; x_wconf 91' lang='lat' dir='ltr'><strong>ut</strong></span> <span class='ocrx_word' id='word_1_460' title='bbox 2626 2970 2751 3012; x_wconf 91' lang='lat' dir='ltr'><strong>cera</strong></span> <span class='ocrx_word' id='word_1_461' title='bbox 2767 2970 2798 3009; x_wconf 88' lang='lat' dir='ltr'><strong>a</strong></span> <span class='ocrx_word' id='word_1_462' title='bbox 2810 2954 2947 3010; x_wconf 84' lang='lat' dir='ltr'><strong>facie</strong></span> <span class='ocrx_word' id='word_1_463' title='bbox 2960 2955 3124 3025; x_wconf 88' lang='lat' dir='ltr'><strong>ignis,</strong></span> <span class='ocrx_word' id='word_1_464' title='bbox 3142 2955 3332 3019; x_wconf 83' lang='lat' dir='ltr'><strong>valles,</strong></span> <span class='ocrx_word' id='word_1_465' title='bbox 3347 2953 3550 3009; x_wconf 75' lang='lat' dir='ltr'><strong>dzemo-</strong></span> 
     </span>
    </p>
   </div>
   <div class='ocr_carea' id='block_1_61' title="bbox 1976 3046 3552 3105">
    <p class='ocr_par' dir='ltr' id='par_1_61' title="bbox 1976 3046 3552 3105">
     <span class='ocr_line' id='line_1_61' title="bbox 1976 3046 3552 3105; baseline -0.002 -2"><span class='ocrx_word' id='word_1_466' title='bbox 1976 3064 2076 3104; x_wconf 83' lang='lat' dir='ltr'><strong>nes</strong></span> <span class='ocrx_word' id='word_1_467' title='bbox 2101 3057 2262 3105; x_wconf 90' lang='lat' dir='ltr'><strong>erunt</strong></span> <span class='ocrx_word' id='word_1_468' title='bbox 2288 3047 2487 3104; x_wconf 77' lang='lat' dir='ltr'><strong>inferni</strong></span> <span class='ocrx_word' id='word_1_469' title='bbox 2504 3056 2556 3104; x_wconf 94' lang='lat' dir='ltr'><strong>et</strong></span> <span class='ocrx_word' id='word_1_470' title='bbox 2571 3049 2775 3104; x_wconf 88' lang='lat' dir='ltr'><strong>circum</strong></span> <span class='ocrx_word' id='word_1_471' title='bbox 2794 3056 2996 3103; x_wconf 89' lang='lat' dir='ltr'><strong>terram</strong></span> <span class='ocrx_word' id='word_1_472' title='bbox 3019 3055 3330 3103; x_wconf 88' lang='lat' dir='ltr'><strong>versantes:</strong></span> <span class='ocrx_word' id='word_1_473' title='bbox 3358 3046 3552 3101; x_wconf 79' lang='lat' dir='ltr'><strong>adver-</strong></span> 
     </span>
    </p>
   </div>
   <div class='ocr_carea' id='block_1_62' title="bbox 303 3135 1879 3231">
    <p class='ocr_par' dir='ltr' id='par_1_62' title="bbox 303 3135 1877 3209">
     <span class='ocr_line' id='line_1_62' title="bbox 303 3135 1877 3209; baseline 0.001 -19"><span class='ocrx_word' id='word_1_474' title='bbox 303 3135 405 3206; x_wconf 82' lang='grc' dir='ltr'>τῆς</span> <span class='ocrx_word' id='word_1_475' title='bbox 438 3136 670 3207; x_wconf 81' lang='grc' dir='ltr'>ἀοράτου</span> <span class='ocrx_word' id='word_1_476' title='bbox 710 3137 905 3206; x_wconf 81' lang='grc' dir='ltr'>φλογὸς</span> <span class='ocrx_word' id='word_1_477' title='bbox 942 3137 1128 3209; x_wconf 80' lang='grc' dir='ltr'>φέρειν</span> <span class='ocrx_word' id='word_1_478' title='bbox 1175 3137 1458 3207; x_wconf 81' lang='grc' dir='ltr'>βασάνους,</span> <span class='ocrx_word' id='word_1_479' title='bbox 1494 3135 1877 3209; x_wconf 84' lang='grc' dir='ltr'>ὑπανεχώρουν</span> 
     </span>
    </p>
   </div>
   <div class='ocr_carea' id='block_1_63' title="bbox 1980 3135 3576 3231">
    <p class='ocr_par' dir='ltr' id='par_1_63' title="bbox 1980 3141 3576 3218">
     <span class='ocr_line' id='line_1_63' title="bbox 1980 3141 3576 3218; baseline -0.001 -21"><span class='ocrx_word' id='word_1_480' title='bbox 1980 3158 2101 3198; x_wconf 91' lang='lat' dir='ltr'><strong>sum</strong></span> <span class='ocrx_word' id='word_1_481' title='bbox 2132 3158 2269 3213; x_wconf 89' lang='lat' dir='ltr'><strong>quos</strong></span> <span class='ocrx_word' id='word_1_482' title='bbox 2286 3143 2484 3213; x_wconf 83' lang='lat' dir='ltr'><strong>ignem,</strong></span> <span class='ocrx_word' id='word_1_483' title='bbox 2513 3142 2607 3213; x_wconf 89' lang='lat' dir='ltr'><strong>qui</strong></span> <span class='ocrx_word' id='word_1_484' title='bbox 2651 3142 2949 3212; x_wconf 76' lang='lat' dir='ltr'><strong>nequitiam</strong></span> <span class='ocrx_word' id='word_1_485' title='bbox 2980 3142 3220 3210; x_wconf 88' lang='lat' dir='ltr'><strong>ipsorum</strong></span> <span class='ocrx_word' id='word_1_486' title='bbox 3261 3141 3576 3218; x_wconf 37' lang='lat' dir='ltr'><strong>combureg</strong></span> 
     </span>
    </p>
   </div>
   <div class='ocr_carea' id='block_1_64' title="bbox 302 3225 1877 3297">
    <p class='ocr_par' dir='ltr' id='par_1_64' title="bbox 302 3225 1877 3297">
     <span class='ocr_line' id='line_1_64' title="bbox 302 3225 1877 3297; baseline 0.001 -20"><span class='ocrx_word' id='word_1_487' title='bbox 302 3226 420 3278; x_wconf 87' lang='grc' dir='ltr'><strong>τῶν</strong></span> <span class='ocrx_word' id='word_1_488' title='bbox 458 3225 810 3296; x_wconf 86' lang='grc' dir='ltr'>ἀνθρωπείων</span> <span class='ocrx_word' id='word_1_489' title='bbox 847 3227 1130 3297; x_wconf 86' lang='grc' dir='ltr'>σωμάτων.</span> <span class='ocrx_word' id='word_1_490' title='bbox 1172 3227 1282 3281; x_wconf 77' lang='lat' dir='ltr'><strong>Kal</strong></span> <span class='ocrx_word' id='word_1_491' title='bbox 1328 3225 1390 3279; x_wconf 86' lang='grc' dir='ltr'><strong>τὸ</strong></span> <span class='ocrx_word' id='word_1_492' title='bbox 1432 3226 1654 3296; x_wconf 80' lang='grc' dir='ltr'>συνέχον</span> <span class='ocrx_word' id='word_1_493' title='bbox 1686 3242 1749 3295; x_wconf 84' lang='grc' dir='ltr'>γε</span> <span class='ocrx_word' id='word_1_494' title='bbox 1782 3226 1877 3279; x_wconf 79' lang='grc' dir='ltr'><strong>καὶ</strong></span> 
     </span>
    </p>
   </div>
   <div class='ocr_carea' id='block_1_65' title="bbox 1987 3233 3548 3304">
    <p class='ocr_par' dir='ltr' id='par_1_65' title="bbox 1987 3233 3548 3304">
     <span class='ocr_line' id='line_1_65' title="bbox 1987 3233 3548 3304; baseline -0.002 -16"><span class='ocrx_word' id='word_1_495' title='bbox 1987 3242 2091 3298; x_wconf 89' lang='lat' dir='ltr'><strong>ret,</strong></span> <span class='ocrx_word' id='word_1_496' title='bbox 2126 3234 2331 3288; x_wconf 88' lang='lat' dir='ltr'><strong>dimisit</strong></span> <span class='ocrx_word' id='word_1_497' title='bbox 2360 3234 2586 3289; x_wconf 90' lang='lat' dir='ltr'><strong>dicens:</strong></span> <span class='ocrx_word' id='word_1_498' title='bbox 2620 3253 2639 3286; x_wconf 82' lang='grc' dir='ltr'><strong>ι</strong></span> <span class='ocrx_word' id='word_1_499' title='bbox 2674 3234 2854 3304; x_wconf 80' lang='lat' dir='ltr'><strong>Ignem</strong></span> <span class='ocrx_word' id='word_1_500' title='bbox 2877 3233 3227 3289; x_wconf 86' lang='lat' dir='ltr'><strong>venimitterc</strong></span> <span class='ocrx_word' id='word_1_501' title='bbox 3245 3233 3298 3287; x_wconf 93' lang='lat' dir='ltr'><strong>in</strong></span> <span class='ocrx_word' id='word_1_502' title='bbox 3327 3240 3548 3295; x_wconf 76' lang='lat' dir='ltr'><strong>terrain,</strong></span> 
     </span>
    </p>
   </div>
   <div class='ocr_carea' id='block_1_66' title="bbox 302 3317 1879 3397">
    <p class='ocr_par' dir='ltr' id='par_1_66' title="bbox 302 3317 1879 3389">
     <span class='ocr_line' id='line_1_66' title="bbox 302 3317 1879 3389; baseline -0.002 -15"><span class='ocrx_word' id='word_1_503' title='bbox 302 3318 526 3374; x_wconf 75' lang='grc' dir='ltr'>ὲλαῦνον</span> <span class='ocrx_word' id='word_1_504' title='bbox 548 3320 742 3383; x_wconf 74' lang='grc' dir='ltr'>αὐτοὺς</span> <span class='ocrx_word' id='word_1_505' title='bbox 768 3319 1164 3389; x_wconf 84' lang='grc' dir='ltr'>ἀνωμολὸγουν,</span> <span class='ocrx_word' id='word_1_506' title='bbox 1200 3318 1428 3389; x_wconf 86' lang='grc' dir='ltr'>βοῶντες</span> <span class='ocrx_word' id='word_1_507' title='bbox 1447 3336 1460 3348; x_wconf 90' lang='grc'><strong>·</strong></span> <span class='ocrx_word' id='word_1_508' title='bbox 1489 3338 1506 3369; x_wconf 79' lang='grc' dir='ltr'><strong>ι</strong></span> <span class='ocrx_word' id='word_1_509' title='bbox 1523 3319 1645 3381; x_wconf 89' lang='grc' dir='ltr'>Ἔα,</span> <span class='ocrx_word' id='word_1_510' title='bbox 1669 3317 1721 3370; x_wconf 90' lang='grc' dir='ltr'><strong>τί</strong></span> <span class='ocrx_word' id='word_1_511' title='bbox 1747 3318 1879 3388; x_wconf 83' lang='grc' dir='ltr'>ἡμῖν</span> 
     </span>
    </p>
   </div>
   <div class='ocr_carea' id='block_1_67' title="bbox 1980 3317 3555 3397">
    <p class='ocr_par' dir='ltr' id='par_1_67' title="bbox 1980 3323 3555 3397">
     <span class='ocr_line' id='line_1_67' title="bbox 1980 3323 3555 3397; baseline -0.002 -16"><span class='ocrx_word' id='word_1_512' title='bbox 1980 3333 2033 3381; x_wconf 90' lang='lat' dir='ltr'><strong>et</strong></span> <span class='ocrx_word' id='word_1_513' title='bbox 2052 3326 2181 3397; x_wconf 91' lang='lat' dir='ltr'><strong>quid</strong></span> <span class='ocrx_word' id='word_1_514' title='bbox 2209 3327 2353 3389; x_wconf 89' lang='lat' dir='ltr'><strong>volo,</strong></span> <span class='ocrx_word' id='word_1_515' title='bbox 2374 3327 2417 3381; x_wconf 90' lang='lat' dir='ltr'><strong>si</strong></span> <span class='ocrx_word' id='word_1_516' title='bbox 2433 3327 2545 3396; x_wconf 87' lang='lat' dir='ltr'><strong>jam</strong></span> <span class='ocrx_word' id='word_1_517' title='bbox 2571 3341 2834 3382; x_wconf 89' lang='lat' dir='ltr'><strong>accensus</strong></span> <span class='ocrx_word' id='word_1_518' title='bbox 2854 3325 3030 3381; x_wconf 80' lang='lat' dir='ltr'><strong>est“?</strong></span> <span class='ocrx_word' id='word_1_519' title='bbox 3065 3344 3083 3377; x_wconf 77' lang='grc' dir='ltr'><strong>ι</strong></span> <span class='ocrx_word' id='word_1_520' title='bbox 3105 3323 3359 3394; x_wconf 83' lang='lat' dir='ltr'><strong>Quoigne</strong></span> <span class='ocrx_word' id='word_1_521' title='bbox 3376 3337 3555 3378; x_wconf 89' lang='lat' dir='ltr'><strong>corre-</strong></span> 
     </span>
    </p>
   </div>
   <div class='ocr_carea' id='block_1_68' title="bbox 302 3406 1878 3482">
    <p class='ocr_par' dir='ltr' id='par_1_68' title="bbox 302 3406 1878 3482">
     <span class='ocr_line' id='line_1_68' title="bbox 302 3406 1878 3482; baseline -0.002 -17"><span class='ocrx_word' id='word_1_522' title='bbox 302 3411 403 3465; x_wconf 74' lang='grc' dir='ltr'>καὶ</span> <span class='ocrx_word' id='word_1_523' title='bbox 437 3412 539 3475; x_wconf 71' lang='grc' dir='ltr'>σοὶ,</span> <span class='ocrx_word' id='word_1_524' title='bbox 570 3410 664 3464; x_wconf 75' lang='grc' dir='ltr'><strong>Υἱὲ</strong></span> <span class='ocrx_word' id='word_1_525' title='bbox 697 3410 789 3464; x_wconf 89' lang='grc' dir='ltr'><strong>τοῦ</strong></span> <span class='ocrx_word' id='word_1_526' title='bbox 820 3411 985 3475; x_wconf 80' lang='grc' dir='ltr'>θεοῦ;</span> <span class='ocrx_word' id='word_1_527' title='bbox 1018 3406 1178 3481; x_wconf 77' lang='grc' dir='ltr'>ἦλθες</span> <span class='ocrx_word' id='word_1_528' title='bbox 1221 3410 1327 3482; x_wconf 83' lang='grc' dir='ltr'><strong>πρὸ</strong></span> <span class='ocrx_word' id='word_1_529' title='bbox 1355 3410 1547 3480; x_wconf 90' lang='grc' dir='ltr'>καιροῦ</span> <span class='ocrx_word' id='word_1_530' title='bbox 1591 3410 1878 3481; x_wconf 84' lang='grc' dir='ltr'>βασανίσαι</span> 
     </span>
    </p>
   </div>
   <div class='ocr_carea' id='block_1_69' title="bbox 302 3497 1879 3574">
    <p class='ocr_par' dir='ltr' id='par_1_69' title="bbox 302 3497 1879 3574">
     <span class='ocr_line' id='line_1_69' title="bbox 302 3497 1879 3574; baseline -0.003 -17"><span class='ocrx_word' id='word_1_531' title='bbox 302 3504 455 3574; x_wconf 73' lang='grc' dir='ltr'>ἡμᾶς</span> <span class='ocrx_word' id='word_1_532' title='bbox 482 3519 496 3567; x_wconf 90' lang='grc'>;</span> <span class='ocrx_word' id='word_1_533' title='bbox 531 3501 766 3573; x_wconf 69' lang='grc' dir='ltr'>Οἴδαμεν</span> <span class='ocrx_word' id='word_1_534' title='bbox 803 3519 860 3555; x_wconf 90' lang='grc' dir='ltr'><strong>σε</strong></span> <span class='ocrx_word' id='word_1_535' title='bbox 884 3502 968 3565; x_wconf 84' lang='grc' dir='ltr'><strong>τίς</strong></span> <span class='ocrx_word' id='word_1_536' title='bbox 998 3497 1082 3555; x_wconf 83' lang='grc' dir='ltr'>εῐ·</span> <span class='ocrx_word' id='word_1_537' title='bbox 1113 3504 1142 3555; x_wconf 85' lang='grc' dir='ltr'><strong>ὁ</strong></span> <span class='ocrx_word' id='word_1_538' title='bbox 1170 3502 1323 3571; x_wconf 77' lang='grc' dir='ltr'>ἅγιος</span> <span class='ocrx_word' id='word_1_539' title='bbox 1358 3501 1451 3555; x_wconf 88' lang='grc' dir='ltr'><strong>τοῦ</strong></span> <span class='ocrx_word' id='word_1_540' title='bbox 1482 3501 1637 3555; x_wconf 84' lang='grc' dir='ltr'>Θεοῦ.</span> <span class='ocrx_word' id='word_1_541' title='bbox 1680 3520 1701 3553; x_wconf 67' lang='grc' dir='ltr'><strong>ι</strong></span> <span class='ocrx_word' id='word_1_542' title='bbox 1738 3500 1879 3553; x_wconf 85' lang='grc' dir='ltr'>Τού-</span> 
     </span>
    </p>
   </div>
   <div class='ocr_carea' id='block_1_70' title="bbox 301 3592 1881 3663">
    <p class='ocr_par' dir='ltr' id='par_1_70' title="bbox 301 3592 1881 3663">
     <span class='ocr_line' id='line_1_70' title="bbox 301 3592 1881 3663; baseline -0.001 -18"><span class='ocrx_word' id='word_1_543' title='bbox 301 3611 432 3657; x_wconf 80' lang='grc' dir='ltr'>τους</span> <span class='ocrx_word' id='word_1_544' title='bbox 459 3594 515 3647; x_wconf 81' lang='grc' dir='ltr'>δὲ</span> <span class='ocrx_word' id='word_1_545' title='bbox 553 3593 782 3663; x_wconf 82' lang='grc' dir='ltr'>μάλιστα</span> <span class='ocrx_word' id='word_1_546' title='bbox 826 3593 1062 3663; x_wconf 77' lang='grc' dir='ltr'>ᾐκίζετο,</span> <span class='ocrx_word' id='word_1_547' title='bbox 1108 3593 1201 3646; x_wconf 68' lang='grc' dir='ltr'><strong>καὶ</strong></span> <span class='ocrx_word' id='word_1_548' title='bbox 1240 3593 1368 3656; x_wconf 73' lang='grc' dir='ltr'>τοὺς</span> <span class='ocrx_word' id='word_1_549' title='bbox 1400 3594 1493 3647; x_wconf 70' lang='grc' dir='ltr'><strong>ἐπὶ</strong></span> <span class='ocrx_word' id='word_1_550' title='bbox 1536 3592 1739 3646; x_wconf 87' lang='grc' dir='ltr'>τούτων</span> <span class='ocrx_word' id='word_1_551' title='bbox 1781 3592 1881 3662; x_wconf 79' lang='grc' dir='ltr'>ἀρ-</span> 
     </span>
    </p>
   </div>
   <div class='ocr_carea' id='block_1_71' title="bbox 303 3684 1878 3758">
    <p class='ocr_par' dir='ltr' id='par_1_71' title="bbox 303 3684 1878 3758">
     <span class='ocr_line' id='line_1_71' title="bbox 303 3684 1878 3758; baseline -0.001 -20"><span class='ocrx_word' id='word_1_552' title='bbox 303 3701 501 3757; x_wconf 74' lang='grc' dir='ltr'>χοντας</span> <span class='ocrx_word' id='word_1_553' title='bbox 534 3684 781 3758; x_wconf 78' lang='grc' dir='ltr'>καθῄρει,</span> <span class='ocrx_word' id='word_1_554' title='bbox 811 3686 913 3751; x_wconf 82' lang='grc' dir='ltr'>ὅτι,</span> <span class='ocrx_word' id='word_1_555' title='bbox 954 3686 1027 3757; x_wconf 85' lang='grc' dir='ltr'>μὴ</span> <span class='ocrx_word' id='word_1_556' title='bbox 1055 3684 1414 3757; x_wconf 79' lang='grc' dir='ltr'>ἀρκεσθέντες</span> <span class='ocrx_word' id='word_1_557' title='bbox 1450 3688 1514 3758; x_wconf 88' lang='grc' dir='ltr'>τῇ</span> <span class='ocrx_word' id='word_1_558' title='bbox 1549 3685 1655 3738; x_wconf 91' lang='grc' dir='ltr'><strong>τῶν</strong></span> <span class='ocrx_word' id='word_1_559' title='bbox 1678 3684 1878 3739; x_wconf 83' lang='grc' dir='ltr'>λοιπῶν</span> 
     </span>
    </p>
   </div>
   <div class='ocr_carea' id='block_1_72' title="bbox 306 3773 1878 3850">
    <p class='ocr_par' dir='ltr' id='par_1_72' title="bbox 306 3773 1878 3850">
     <span class='ocr_line' id='line_1_72' title="bbox 306 3773 1878 3850; baseline -0.001 -20"><span class='ocrx_word' id='word_1_560' title='bbox 306 3777 478 3831; x_wconf 71' lang='grc' dir='ltr'>ἐθνῶν</span> <span class='ocrx_word' id='word_1_561' title='bbox 502 3778 787 3850; x_wconf 82' lang='grc' dir='ltr'>διαφθορᾷ,</span> <span class='ocrx_word' id='word_1_562' title='bbox 825 3778 890 3831; x_wconf 82' lang='grc' dir='ltr'>δι’</span> <span class='ocrx_word' id='word_1_563' title='bbox 918 3773 987 3850; x_wconf 73' lang='grc' dir='ltr'>ἧς</span> <span class='ocrx_word' id='word_1_564' title='bbox 1012 3780 1139 3841; x_wconf 72' lang='grc' dir='ltr'>τοὺς</span> <span class='ocrx_word' id='word_1_565' title='bbox 1161 3776 1365 3843; x_wconf 87' lang='grc' dir='ltr'>πάντας</span> <span class='ocrx_word' id='word_1_566' title='bbox 1390 3779 1469 3841; x_wconf 79' lang='grc' dir='ltr'><strong>είς</strong></span> <span class='ocrx_word' id='word_1_567' title='bbox 1500 3777 1598 3849; x_wconf 84' lang='grc' dir='ltr'>τὴν</span> <span class='ocrx_word' id='word_1_568' title='bbox 1621 3776 1878 3831; x_wconf 78' lang='grc' dir='ltr'>πολύθεον</span> 
     </span>
    </p>
   </div>
   <div class='ocr_carea' id='block_1_73' title="bbox 307 3866 1875 3939">
    <p class='ocr_par' dir='ltr' id='par_1_73' title="bbox 307 3866 1875 3939">
     <span class='ocr_line' id='line_1_73' title="bbox 307 3866 1875 3939; baseline -0.001 -18"><span class='ocrx_word' id='word_1_569' title='bbox 307 3868 515 3938; x_wconf 78' lang='grc' dir='ltr'>πλάνην</span> <span class='ocrx_word' id='word_1_570' title='bbox 545 3868 1039 3939; x_wconf 75' lang='grc' dir='ltr'>καταϐεϐλήκεσαν,</span> <span class='ocrx_word' id='word_1_571' title='bbox 1062 3869 1155 3921; x_wconf 72' lang='grc' dir='ltr'><strong>καὶ</strong></span> <span class='ocrx_word' id='word_1_572' title='bbox 1175 3867 1253 3939; x_wconf 82' lang='grc' dir='ltr'>τῷ</span> <span class='ocrx_word' id='word_1_573' title='bbox 1275 3868 1440 3921; x_wconf 86' lang='grc' dir='ltr'>πάλαι</span> <span class='ocrx_word' id='word_1_574' title='bbox 1461 3866 1554 3921; x_wconf 86' lang='grc' dir='ltr'><strong>τοῦ</strong></span> <span class='ocrx_word' id='word_1_575' title='bbox 1582 3866 1717 3921; x_wconf 85' lang='grc' dir='ltr'>Θεοῦ</span> <span class='ocrx_word' id='word_1_576' title='bbox 1742 3867 1875 3935; x_wconf 84' lang='grc' dir='ltr'>λαῷ,</span> 
     </span>
    </p>
   </div>
   <div class='ocr_carea' id='block_1_74' title="bbox 308 3957 1881 4032">
    <p class='ocr_par' dir='ltr' id='par_1_74' title="bbox 308 3957 1881 4032">
     <span class='ocr_line' id='line_1_74' title="bbox 308 3957 1881 4032; baseline -0.003 -18"><span class='ocrx_word' id='word_1_577' title='bbox 308 3960 457 4031; x_wconf 82' lang='grc' dir='ltr'>αὐτῷ</span> <span class='ocrx_word' id='word_1_578' title='bbox 500 3961 565 4031; x_wconf 85' lang='grc' dir='ltr'>δὴ</span> <span class='ocrx_word' id='word_1_579' title='bbox 608 3960 685 4031; x_wconf 83' lang='grc' dir='ltr'><strong>τῷ</strong></span> <span class='ocrx_word' id='word_1_580' title='bbox 719 3962 781 4014; x_wconf 75' lang='grc' dir='ltr'>ἐκ</span> <span class='ocrx_word' id='word_1_581' title='bbox 825 3960 1144 4032; x_wconf 82' lang='grc' dir='ltr'>περιτομῆς,</span> <span class='ocrx_word' id='word_1_582' title='bbox 1194 3958 1733 4022; x_wconf 76' lang='grc' dir='ltr'>ὲπιὸεὸουλεύκεσαν,</span> <span class='ocrx_word' id='word_1_583' title='bbox 1783 3957 1881 4011; x_wconf 73' lang='grc' dir='ltr'><strong>καὶ</strong></span> 
     </span>
    </p>
   </div>
   <div class='ocr_carea' id='block_1_75' title="bbox 307 4052 1879 4124">
    <p class='ocr_par' dir='ltr' id='par_1_75' title="bbox 307 4052 1879 4124">
     <span class='ocr_line' id='line_1_75' title="bbox 307 4052 1879 4124; baseline -0.001 -18"><span class='ocrx_word' id='word_1_584' title='bbox 307 4052 713 4124; x_wconf 74' lang='grc' dir='ltr'>ἀποστήσαντες</span> <span class='ocrx_word' id='word_1_585' title='bbox 735 4069 799 4121; x_wconf 85' lang='grc' dir='ltr'>γε</span> <span class='ocrx_word' id='word_1_586' title='bbox 834 4052 928 4106; x_wconf 88' lang='grc' dir='ltr'><strong>τοῦ</strong></span> <span class='ocrx_word' id='word_1_587' title='bbox 960 4052 1095 4106; x_wconf 88' lang='grc' dir='ltr'>Θεοῦ</span> <span class='ocrx_word' id='word_1_588' title='bbox 1120 4054 1213 4106; x_wconf 80' lang='grc' dir='ltr'><strong>καὶ</strong></span> <span class='ocrx_word' id='word_1_589' title='bbox 1241 4052 1429 4106; x_wconf 85' lang='grc' dir='ltr'>τοῦτον</span> <span class='ocrx_word' id='word_1_590' title='bbox 1470 4053 1749 4116; x_wconf 87' lang='grc' dir='ltr'>παντοίαις</span> <span class='ocrx_word' id='word_1_591' title='bbox 1779 4070 1879 4105; x_wconf 87' lang='grc' dir='ltr'>πε-</span> 
     </span>
    </p>
   </div>
   <div class='ocr_carea' id='block_1_76' title="bbox 312 4142 1878 4216">
    <p class='ocr_par' dir='ltr' id='par_1_76' title="bbox 312 4142 1878 4216">
     <span class='ocr_line' id='line_1_76' title="bbox 312 4142 1878 4216; baseline 0 -19"><span class='ocrx_word' id='word_1_592' title='bbox 312 4143 560 4215; x_wconf 79' lang='grc' dir='ltr'>ριέϐαλον</span> <span class='ocrx_word' id='word_1_593' title='bbox 585 4142 942 4207; x_wconf 77' lang='grc' dir='ltr'>δυσσεϐείαις.</span> <span class='ocrx_word' id='word_1_594' title='bbox 982 4143 1072 4197; x_wconf 82' lang='grc' dir='ltr'><strong>Διὸ</strong></span> <span class='ocrx_word' id='word_1_595' title='bbox 1095 4145 1188 4197; x_wconf 78' lang='grc' dir='ltr'><strong>καὶ</strong></span> <span class='ocrx_word' id='word_1_596' title='bbox 1218 4143 1450 4214; x_wconf 87' lang='grc' dir='ltr'>μάλιστα</span> <span class='ocrx_word' id='word_1_597' title='bbox 1484 4144 1582 4215; x_wconf 85' lang='grc' dir='ltr'>τὴν</span> <span class='ocrx_word' id='word_1_598' title='bbox 1614 4144 1673 4211; x_wconf 77' lang='grc' dir='ltr'>ἐξ</span> <span class='ocrx_word' id='word_1_599' title='bbox 1712 4146 1878 4216; x_wconf 83' lang='grc' dir='ltr'>οὐρα-</span> 
     </span>
    </p>
   </div>
   <div class='ocr_carea' id='block_1_77' title="bbox 312 4234 1876 4307">
    <p class='ocr_par' dir='ltr' id='par_1_77' title="bbox 312 4234 1876 4307">
     <span class='ocr_line' id='line_1_77' title="bbox 312 4234 1876 4307; baseline 0.002 -20"><span class='ocrx_word' id='word_1_600' title='bbox 312 4234 422 4287; x_wconf 86' lang='grc' dir='ltr'><strong>νῶν</strong></span> <span class='ocrx_word' id='word_1_601' title='bbox 454 4235 715 4305; x_wconf 80' lang='grc' dir='ltr'>πεποίητο</span> <span class='ocrx_word' id='word_1_602' title='bbox 746 4236 775 4286; x_wconf 85' lang='grc' dir='ltr'>ὁ</span> <span class='ocrx_word' id='word_1_603' title='bbox 806 4234 1008 4307; x_wconf 85' lang='grc' dir='ltr'>Κύριος</span> <span class='ocrx_word' id='word_1_604' title='bbox 1050 4234 1294 4289; x_wconf 87' lang='grc' dir='ltr'>κάθοδον.</span> <span class='ocrx_word' id='word_1_605' title='bbox 1331 4236 1493 4290; x_wconf 86' lang='grc' dir='ltr'>Ὅθεν</span> <span class='ocrx_word' id='word_1_606' title='bbox 1535 4235 1661 4307; x_wconf 79' lang='grc' dir='ltr'>ἑξῆς</span> <span class='ocrx_word' id='word_1_607' title='bbox 1705 4253 1838 4307; x_wconf 76' lang='grc' dir='ltr'>φησι</span> <span class='ocrx_word' id='word_1_608' title='bbox 1861 4254 1876 4267; x_wconf 72' lang='grc' dir='ltr'><strong>ο</strong></span> 
     </span>
    </p>
   </div>
   <div class='ocr_carea' id='block_1_78' title="bbox 315 4325 1881 4396">
    <p class='ocr_par' dir='ltr' id='par_1_78' title="bbox 315 4325 1881 4396">
     <span class='ocr_line' id='line_1_78' title="bbox 315 4325 1881 4396; baseline 0.003 -19"><span class='ocrx_word' id='word_1_609' title='bbox 315 4345 334 4377; x_wconf 77' lang='grc' dir='ltr'><strong>ι</strong></span> <span class='ocrx_word' id='word_1_610' title='bbox 383 4326 482 4380; x_wconf 71' lang='grc' dir='ltr'><strong>Διὰ</strong></span> <span class='ocrx_word' id='word_1_611' title='bbox 531 4325 630 4396; x_wconf 83' lang='grc' dir='ltr'>τὴν</span> <span class='ocrx_word' id='word_1_612' title='bbox 675 4325 926 4379; x_wconf 76' lang='grc' dir='ltr'>ἀσέϐειαν</span> <span class='ocrx_word' id='word_1_613' title='bbox 981 4327 1174 4381; x_wconf 77' lang='grc' dir='ltr'>Ἰακὼὸ</span> <span class='ocrx_word' id='word_1_614' title='bbox 1204 4327 1379 4381; x_wconf 83' lang='grc' dir='ltr'>πάντα</span> <span class='ocrx_word' id='word_1_615' title='bbox 1425 4327 1616 4391; x_wconf 83' lang='grc' dir='ltr'>ταῦτα,</span> <span class='ocrx_word' id='word_1_616' title='bbox 1672 4330 1766 4382; x_wconf 74' lang='grc' dir='ltr'><strong>καὶ</strong></span> <span class='ocrx_word' id='word_1_617' title='bbox 1810 4328 1881 4381; x_wconf 80' lang='grc' dir='ltr'>δι’</span> 
     </span>
    </p>
   </div>
   <div class='ocr_carea' id='block_1_79' title="bbox 1978 3417 3552 3490">
    <p class='ocr_par' dir='ltr' id='par_1_79' title="bbox 1978 3417 3552 3490">
     <span class='ocr_line' id='line_1_79' title="bbox 1978 3417 3552 3490; baseline -0.002 -17"><span class='ocrx_word' id='word_1_618' title='bbox 1978 3420 2054 3490; x_wconf 86' lang='lat' dir='ltr'><strong>pti</strong></span> <span class='ocrx_word' id='word_1_619' title='bbox 2069 3420 2295 3483; x_wconf 91' lang='lat' dir='ltr'><strong>illi,cum</strong></span> <span class='ocrx_word' id='word_1_620' title='bbox 2317 3419 2607 3475; x_wconf 88' lang='lat' dir='ltr'><strong>invisibilis</strong></span> <span class='ocrx_word' id='word_1_621' title='bbox 2623 3419 2850 3473; x_wconf 67' lang='lat' dir='ltr'><strong>ﬂamma:</strong></span> <span class='ocrx_word' id='word_1_622' title='bbox 2867 3424 3136 3473; x_wconf 89' lang='lat' dir='ltr'><strong>tormenta</strong></span> <span class='ocrx_word' id='word_1_623' title='bbox 3152 3417 3290 3473; x_wconf 84' lang='lat' dir='ltr'><strong>ferre</strong></span> <span class='ocrx_word' id='word_1_624' title='bbox 3307 3432 3413 3470; x_wconf 90' lang='lat' dir='ltr'><strong>non</strong></span> <span class='ocrx_word' id='word_1_625' title='bbox 3426 3430 3552 3487; x_wconf 82' lang='lat' dir='ltr'><strong>pos-</strong></span> 
     </span>
    </p>
   </div>
   <div class='ocr_carea' id='block_1_80' title="bbox 1980 3505 3555 3579">
    <p class='ocr_par' dir='ltr' id='par_1_80' title="bbox 1980 3505 3555 3579">
     <span class='ocr_line' id='line_1_80' title="bbox 1980 3505 3555 3579; baseline -0.004 -14"><span class='ocrx_word' id='word_1_626' title='bbox 1980 3515 2122 3573; x_wconf 85' lang='lat' dir='ltr'><strong>sent,</strong></span> <span class='ocrx_word' id='word_1_627' title='bbox 2141 3509 2209 3565; x_wconf 91' lang='lat' dir='ltr'><strong>de</strong></span> <span class='ocrx_word' id='word_1_628' title='bbox 2221 3509 2476 3564; x_wconf 89' lang='lat' dir='ltr'><strong>humanis</strong></span> <span class='ocrx_word' id='word_1_629' title='bbox 2501 3509 2823 3579; x_wconf 84' lang='lat' dir='ltr'><strong>corporibus</strong></span> <span class='ocrx_word' id='word_1_630' title='bbox 2835 3506 3181 3571; x_wconf 88' lang='lat' dir='ltr'><strong>recedebant,</strong></span> <span class='ocrx_word' id='word_1_631' title='bbox 3201 3506 3442 3575; x_wconf 90' lang='lat' dir='ltr'><strong>illudque</strong></span> <span class='ocrx_word' id='word_1_632' title='bbox 3470 3505 3555 3573; x_wconf 84' lang='lat' dir='ltr'><strong>ip-</strong></span> 
     </span>
    </p>
   </div>
   <div class='ocr_carea' id='block_1_81' title="bbox 1978 3587 3549 3670">
    <p class='ocr_par' dir='ltr' id='par_1_81' title="bbox 1978 3587 3549 3670">
     <span class='ocr_line' id='line_1_81' title="bbox 1978 3587 3549 3670; baseline -0.003 -15"><span class='ocrx_word' id='word_1_633' title='bbox 1978 3614 2099 3655; x_wconf 90' lang='lat' dir='ltr'><strong>sum</strong></span> <span class='ocrx_word' id='word_1_634' title='bbox 2126 3587 2235 3670; x_wconf 84' lang='lat' dir='ltr'><strong>quo</strong></span> <span class='ocrx_word' id='word_1_635' title='bbox 2256 3600 2473 3655; x_wconf 91' lang='lat' dir='ltr'><strong>interim</strong></span> <span class='ocrx_word' id='word_1_636' title='bbox 2505 3600 2894 3655; x_wconf 86' lang='lat' dir='ltr'><strong>cohibebantur</strong></span> <span class='ocrx_word' id='word_1_637' title='bbox 2922 3607 3085 3669; x_wconf 90' lang='lat' dir='ltr'><strong>atque</strong></span> <span class='ocrx_word' id='word_1_638' title='bbox 3116 3597 3549 3667; x_wconf 88' lang='lat' dir='ltr'><strong>impellebantur,</strong></span> 
     </span>
    </p>
   </div>
   <div class='ocr_carea' id='block_1_82' title="bbox 1978 3687 3555 3761">
    <p class='ocr_par' dir='ltr' id='par_1_82' title="bbox 1978 3687 3555 3761">
     <span class='ocr_line' id='line_1_82' title="bbox 1978 3687 3555 3761; baseline -0.003 -16"><span class='ocrx_word' id='word_1_639' title='bbox 1978 3705 2090 3761; x_wconf 72' lang='lat' dir='ltr'><strong>pra:</strong></span> <span class='ocrx_word' id='word_1_640' title='bbox 2106 3706 2165 3745; x_wconf 88' lang='lat' dir='ltr'><strong>se</strong></span> <span class='ocrx_word' id='word_1_641' title='bbox 2182 3690 2429 3745; x_wconf 80' lang='lat' dir='ltr'><strong>ferebant</strong></span> <span class='ocrx_word' id='word_1_642' title='bbox 2442 3705 2636 3761; x_wconf 89' lang='lat' dir='ltr'><strong>magna</strong></span> <span class='ocrx_word' id='word_1_643' title='bbox 2650 3704 2782 3744; x_wconf 90' lang='lat' dir='ltr'><strong>voce</strong></span> <span class='ocrx_word' id='word_1_644' title='bbox 2797 3689 3095 3744; x_wconf 88' lang='lat' dir='ltr'><strong>clamantes</strong></span> <span class='ocrx_word' id='word_1_645' title='bbox 3113 3707 3126 3744; x_wconf 90' lang='lat'><strong>:</strong></span> <span class='ocrx_word' id='word_1_646' title='bbox 3149 3707 3166 3739; x_wconf 82' lang='grc' dir='ltr'><strong>ι</strong></span> <span class='ocrx_word' id='word_1_647' title='bbox 3184 3687 3298 3750; x_wconf 89' lang='lat' dir='ltr'><strong>Eia,</strong></span> <span class='ocrx_word' id='word_1_648' title='bbox 3319 3687 3447 3757; x_wconf 92' lang='lat' dir='ltr'><strong>quid</strong></span> <span class='ocrx_word' id='word_1_649' title='bbox 3461 3700 3555 3740; x_wconf 78' lang='lat' dir='ltr'><strong>no-</strong></span> 
     </span>
    </p>
   </div>
   <div class='ocr_carea' id='block_1_83' title="bbox 1978 3778 3555 3849">
    <p class='ocr_par' dir='ltr' id='par_1_83' title="bbox 1978 3778 3555 3849">
     <span class='ocr_line' id='line_1_83' title="bbox 1978 3778 3555 3849; baseline -0.002 -13"><span class='ocrx_word' id='word_1_650' title='bbox 1978 3782 2064 3837; x_wconf 88' lang='lat' dir='ltr'><strong>bis</strong></span> <span class='ocrx_word' id='word_1_651' title='bbox 2079 3789 2133 3837; x_wconf 86' lang='lat' dir='ltr'><strong>et</strong></span> <span class='ocrx_word' id='word_1_652' title='bbox 2151 3782 2270 3844; x_wconf 89' lang='lat' dir='ltr'><strong>tibi,</strong></span> <span class='ocrx_word' id='word_1_653' title='bbox 2291 3780 2392 3835; x_wconf 88' lang='lat' dir='ltr'><strong>Fili</strong></span> <span class='ocrx_word' id='word_1_654' title='bbox 2406 3781 2526 3836; x_wconf 87' lang='lat' dir='ltr'><strong>Dei?</strong></span> <span class='ocrx_word' id='word_1_655' title='bbox 2539 3782 2733 3836; x_wconf 89' lang='lat' dir='ltr'><strong>venisti</strong></span> <span class='ocrx_word' id='word_1_656' title='bbox 2754 3788 2878 3836; x_wconf 92' lang='lat' dir='ltr'><strong>ante</strong></span> <span class='ocrx_word' id='word_1_657' title='bbox 2901 3788 3119 3849; x_wconf 88' lang='lat' dir='ltr'><strong>tempus</strong></span> <span class='ocrx_word' id='word_1_658' title='bbox 3130 3789 3385 3849; x_wconf 87' lang='lat' dir='ltr'><strong>torquere</strong></span> <span class='ocrx_word' id='word_1_659' title='bbox 3412 3794 3512 3834; x_wconf 90' lang='lat' dir='ltr'><strong>nos</strong></span> <span class='ocrx_word' id='word_1_660' title='bbox 3528 3778 3555 3833; x_wconf 73' lang='lat'><strong><em>2</em></strong></span> 
     </span>
    </p>
   </div>
   <div class='ocr_carea' id='block_1_84' title="bbox 1978 3870 3554 3944">
    <p class='ocr_par' dir='ltr' id='par_1_84' title="bbox 1978 3870 3554 3944">
     <span class='ocr_line' id='line_1_84' title="bbox 1978 3870 3554 3944; baseline -0.003 -16"><span class='ocrx_word' id='word_1_661' title='bbox 1978 3874 2241 3930; x_wconf 84' lang='lat' dir='ltr'><strong>Novimus</strong></span> <span class='ocrx_word' id='word_1_662' title='bbox 2273 3882 2344 3938; x_wconf 90' lang='lat' dir='ltr'><strong>te,</strong></span> <span class='ocrx_word' id='word_1_663' title='bbox 2369 3874 2494 3944; x_wconf 87' lang='lat' dir='ltr'><strong>quis</strong></span> <span class='ocrx_word' id='word_1_664' title='bbox 2527 3874 2604 3929; x_wconf 89' lang='lat' dir='ltr'><strong>sis</strong></span> <span class='ocrx_word' id='word_1_665' title='bbox 2626 3914 2642 3939; x_wconf 91' lang='lat'><strong>,</strong></span> <span class='ocrx_word' id='word_1_666' title='bbox 2694 3882 2917 3928; x_wconf 88' lang='lat' dir='ltr'><strong>sanctus</strong></span> <span class='ocrx_word' id='word_1_667' title='bbox 2952 3870 3047 3927; x_wconf 87' lang='lat' dir='ltr'><strong>Dei</strong></span> <span class='ocrx_word' id='word_1_668' title='bbox 3076 3873 3142 3927; x_wconf 76' lang='grc'><strong>⁸³.</strong></span> <span class='ocrx_word' id='word_1_669' title='bbox 3187 3890 3206 3923; x_wconf 72' lang='grc' dir='ltr'><strong>ι</strong></span> <span class='ocrx_word' id='word_1_670' title='bbox 3246 3870 3356 3926; x_wconf 85' lang='lat' dir='ltr'><strong>Hos</strong></span> <span class='ocrx_word' id='word_1_671' title='bbox 3388 3872 3554 3941; x_wconf 91' lang='lat' dir='ltr'><strong>igitur</strong></span> 
     </span>
    </p>
   </div>
   <div class='ocr_carea' id='block_1_85' title="bbox 1980 3963 3549 4033">
    <p class='ocr_par' dir='ltr' id='par_1_85' title="bbox 1980 3963 3549 4033">
     <span class='ocr_line' id='line_1_85' title="bbox 1980 3963 3549 4033; baseline 0 -14"><span class='ocrx_word' id='word_1_672' title='bbox 1980 3966 2217 4019; x_wconf 82' lang='lat' dir='ltr'><strong>maxime</strong></span> <span class='ocrx_word' id='word_1_673' title='bbox 2242 3965 2579 4029; x_wconf 87' lang='lat' dir='ltr'><strong>verberabat,</strong></span> <span class='ocrx_word' id='word_1_674' title='bbox 2601 3964 2906 4032; x_wconf 88' lang='lat' dir='ltr'><strong>horumque</strong></span> <span class='ocrx_word' id='word_1_675' title='bbox 2931 3964 3205 4033; x_wconf 87' lang='lat' dir='ltr'><strong>principes</strong></span> <span class='ocrx_word' id='word_1_676' title='bbox 3228 3963 3507 4018; x_wconf 83' lang='lat' dir='ltr'><strong>auferebat</strong></span> <span class='ocrx_word' id='word_1_677' title='bbox 3533 3982 3549 4019; x_wconf 82' lang='lat'>:</span> 
     </span>
    </p>
   </div>
   <div class='ocr_carea' id='block_1_86' title="bbox 1979 4055 3557 4128">
    <p class='ocr_par' dir='ltr' id='par_1_86' title="bbox 1979 4055 3557 4128">
     <span class='ocr_line' id='line_1_86' title="bbox 1979 4055 3557 4128; baseline 0 -17"><span class='ocrx_word' id='word_1_678' title='bbox 1979 4058 2237 4128; x_wconf 90' lang='lat' dir='ltr'><strong>quoniam</strong></span> <span class='ocrx_word' id='word_1_679' title='bbox 2270 4073 2379 4110; x_wconf 91' lang='lat' dir='ltr'><strong>non</strong></span> <span class='ocrx_word' id='word_1_680' title='bbox 2407 4059 2541 4112; x_wconf 90' lang='lat' dir='ltr'><strong>satis</strong></span> <span class='ocrx_word' id='word_1_681' title='bbox 2575 4056 2838 4111; x_wconf 84' lang='lat' dir='ltr'><strong>habentes</strong></span> <span class='ocrx_word' id='word_1_682' title='bbox 2866 4056 3012 4125; x_wconf 90' lang='lat' dir='ltr'><strong>quod</strong></span> <span class='ocrx_word' id='word_1_683' title='bbox 3051 4055 3285 4126; x_wconf 87' lang='lat' dir='ltr'><strong>reliquas</strong></span> <span class='ocrx_word' id='word_1_684' title='bbox 3301 4055 3557 4112; x_wconf 87' lang='lat' dir='ltr'><strong>nationes</strong></span> 
     </span>
    </p>
   </div>
   <div class='ocr_carea' id='block_1_87' title="bbox 1981 4148 3553 4220">
    <p class='ocr_par' dir='ltr' id='par_1_87' title="bbox 1981 4148 3553 4220">
     <span class='ocr_line' id='line_1_87' title="bbox 1981 4148 3553 4220; baseline -0.001 -14"><span class='ocrx_word' id='word_1_685' title='bbox 1981 4150 2385 4220; x_wconf 87' lang='lat' dir='ltr'><strong>corrupissent,</strong></span> <span class='ocrx_word' id='word_1_686' title='bbox 2417 4155 2810 4218; x_wconf 77' lang='lat' dir='ltr'><strong>corruptaeque</strong></span> <span class='ocrx_word' id='word_1_687' title='bbox 2860 4149 2917 4201; x_wconf 78' lang='lat' dir='ltr'><strong>in</strong></span> <span class='ocrx_word' id='word_1_688' title='bbox 2964 4162 3208 4202; x_wconf 89' lang='lat' dir='ltr'><strong>errorem</strong></span> <span class='ocrx_word' id='word_1_689' title='bbox 3255 4148 3553 4217; x_wconf 89' lang='lat' dir='ltr'><strong>compulis-</strong></span> 
     </span>
    </p>
   </div>
   <div class='ocr_carea' id='block_1_88' title="bbox 1980 4238 3552 4311">
    <p class='ocr_par' dir='ltr' id='par_1_88' title="bbox 1980 4238 3552 4311">
     <span class='ocr_line' id='line_1_88' title="bbox 1980 4238 3552 4311; baseline -0.003 -13"><span class='ocrx_word' id='word_1_690' title='bbox 1980 4250 2122 4304; x_wconf 89' lang='lat' dir='ltr'><strong>sent.</strong></span> <span class='ocrx_word' id='word_1_691' title='bbox 2154 4256 2264 4311; x_wconf 88' lang='lat' dir='ltr'><strong>quo</strong></span> <span class='ocrx_word' id='word_1_692' title='bbox 2315 4239 2449 4295; x_wconf 92' lang='lat' dir='ltr'><strong>deos</strong></span> <span class='ocrx_word' id='word_1_693' title='bbox 2482 4239 2667 4309; x_wconf 89' lang='lat' dir='ltr'><strong>plures</strong></span> <span class='ocrx_word' id='word_1_694' title='bbox 2703 4238 2967 4301; x_wconf 82' lang='lat' dir='ltr'><strong>colerent,</strong></span> <span class='ocrx_word' id='word_1_695' title='bbox 2993 4238 3219 4309; x_wconf 90' lang='lat' dir='ltr'><strong>antiquo</strong></span> <span class='ocrx_word' id='word_1_696' title='bbox 3260 4238 3427 4294; x_wconf 89' lang='lat' dir='ltr'><strong>etiam</strong></span> <span class='ocrx_word' id='word_1_697' title='bbox 3473 4239 3552 4293; x_wconf 92' lang='lat' dir='ltr'><strong>illi</strong></span> 
     </span>
    </p>
   </div>
   <div class='ocr_carea' id='block_1_89' title="bbox 1981 4330 3553 4404">
    <p class='ocr_par' dir='ltr' id='par_1_89' title="bbox 1981 4330 3553 4404">
     <span class='ocr_line' id='line_1_89' title="bbox 1981 4330 3553 4404; baseline -0.003 -15"><span class='ocrx_word' id='word_1_698' title='bbox 1981 4333 2076 4390; x_wconf 91' lang='lat' dir='ltr'><strong>Dei</strong></span> <span class='ocrx_word' id='word_1_699' title='bbox 2107 4334 2325 4404; x_wconf 91' lang='lat' dir='ltr'><strong>populo,</strong></span> <span class='ocrx_word' id='word_1_700' title='bbox 2373 4331 2466 4402; x_wconf 90' lang='lat' dir='ltr'><strong>qui</strong></span> <span class='ocrx_word' id='word_1_701' title='bbox 2499 4330 2940 4386; x_wconf 87' lang='lat' dir='ltr'><strong>circumcisionis</strong></span> <span class='ocrx_word' id='word_1_702' title='bbox 2973 4345 3131 4385; x_wconf 87' lang='lat' dir='ltr'><strong>usum</strong></span> <span class='ocrx_word' id='word_1_703' title='bbox 3166 4331 3439 4396; x_wconf 88' lang='lat' dir='ltr'><strong>servabat,</strong></span> <span class='ocrx_word' id='word_1_704' title='bbox 3468 4331 3553 4386; x_wconf 87' lang='lat' dir='ltr'><strong>iu-</strong></span> 
     </span>
    </p>
   </div>
   <div class='ocr_carea' id='block_1_90' title="bbox 309 4418 1879 4498">
    <p class='ocr_par' dir='ltr' id='par_1_90' title="bbox 309 4418 1879 4492">
     <span class='ocr_line' id='line_1_90' title="bbox 309 4418 1879 4492; baseline 0 -20"><span class='ocrx_word' id='word_1_705' title='bbox 309 4418 583 4489; x_wconf 82' lang='grc' dir='ltr'>ἁμαρτίαν</span> <span class='ocrx_word' id='word_1_706' title='bbox 610 4418 758 4472; x_wconf 76' lang='grc' dir='ltr'>οἴκου</span> <span class='ocrx_word' id='word_1_707' title='bbox 795 4418 1037 4490; x_wconf 81' lang='grc' dir='ltr'>Ἰσραήλ·</span> <span class='ocrx_word' id='word_1_708' title='bbox 1079 4439 1096 4470; x_wconf 78' lang='grc' dir='ltr'><strong>ι</strong></span> <span class='ocrx_word' id='word_1_709' title='bbox 1130 4421 1240 4473; x_wconf 78' lang='lat' dir='ltr'><strong>Kal</strong></span> <span class='ocrx_word' id='word_1_710' title='bbox 1267 4419 1347 4473; x_wconf 78' lang='grc' dir='ltr'>ἔτι</span> <span class='ocrx_word' id='word_1_711' title='bbox 1382 4420 1515 4491; x_wconf 77' lang='grc' dir='ltr'>πρὸς</span> <span class='ocrx_word' id='word_1_712' title='bbox 1545 4419 1754 4484; x_wconf 90' lang='grc' dir='ltr'>τούτοις</span> <span class='ocrx_word' id='word_1_713' title='bbox 1780 4420 1879 4492; x_wconf 85' lang='grc' dir='ltr'><strong>τῆς</strong></span> 
     </span>
    </p>
   </div>
   <div class='ocr_carea' id='block_1_91' title="bbox 1980 4418 3551 4498">
    <p class='ocr_par' dir='ltr' id='par_1_91' title="bbox 1982 4424 3551 4498">
     <span class='ocr_line' id='line_1_91' title="bbox 1982 4424 3551 4498; baseline -0.003 -12"><span class='ocrx_word' id='word_1_714' title='bbox 1982 4430 2169 4487; x_wconf 88' lang='lat' dir='ltr'><strong>sidiari</strong></span> <span class='ocrx_word' id='word_1_715' title='bbox 2198 4433 2499 4498; x_wconf 84' lang='lat' dir='ltr'><strong>coeperant,</strong></span> <span class='ocrx_word' id='word_1_716' title='bbox 2526 4424 2781 4496; x_wconf 86' lang='lat' dir='ltr'><strong>huncque</strong></span> <span class='ocrx_word' id='word_1_717' title='bbox 2810 4434 3118 4482; x_wconf 82' lang='lat' dir='ltr'><strong>avertentes</strong></span> <span class='ocrx_word' id='word_1_718' title='bbox 3147 4439 3177 4480; x_wconf 86' lang='lat' dir='ltr'><strong>a</strong></span> <span class='ocrx_word' id='word_1_719' title='bbox 3208 4424 3340 4490; x_wconf 90' lang='lat' dir='ltr'><strong>Deo,</strong></span> <span class='ocrx_word' id='word_1_720' title='bbox 3371 4426 3551 4481; x_wconf 89' lang='lat' dir='ltr'><strong>omnis</strong></span> 
     </span>
    </p>
   </div>
   <div class='ocr_carea' id='block_1_92' title="bbox 311 4508 1879 4595">
    <p class='ocr_par' dir='ltr' id='par_1_92' title="bbox 311 4508 1879 4584">
     <span class='ocr_line' id='line_1_92' title="bbox 311 4508 1879 4584; baseline 0.002 -20"><span class='ocrx_word' id='word_1_721' title='bbox 311 4511 372 4577; x_wconf 71' lang='grc' dir='ltr'><strong>ἐξ</strong></span> <span class='ocrx_word' id='word_1_722' title='bbox 404 4510 632 4582; x_wconf 82' lang='grc' dir='ltr'>ούρανοῦ</span> <span class='ocrx_word' id='word_1_723' title='bbox 671 4510 898 4564; x_wconf 87' lang='grc' dir='ltr'>καθόδου</span> <span class='ocrx_word' id='word_1_724' title='bbox 936 4508 1028 4563; x_wconf 85' lang='grc' dir='ltr'><strong>τοῦ</strong></span> <span class='ocrx_word' id='word_1_725' title='bbox 1064 4512 1237 4580; x_wconf 80' lang='grc' dir='ltr'>Λόγου</span> <span class='ocrx_word' id='word_1_726' title='bbox 1267 4513 1366 4583; x_wconf 80' lang='grc' dir='ltr'>τὴν</span> <span class='ocrx_word' id='word_1_727' title='bbox 1392 4512 1571 4566; x_wconf 79' lang='grc' dir='ltr'>αἰτίαν</span> <span class='ocrx_word' id='word_1_728' title='bbox 1605 4511 1730 4584; x_wconf 80' lang='grc' dir='ltr'>ἑξῆς</span> <span class='ocrx_word' id='word_1_729' title='bbox 1768 4513 1879 4567; x_wconf 77' lang='grc' dir='ltr'>δια-</span> 
     </span>
    </p>
   </div>
   <div class='ocr_carea' id='block_1_93' title="bbox 1980 4508 3548 4595">
    <p class='ocr_par' dir='ltr' id='par_1_93' title="bbox 1983 4518 3548 4595">
     <span class='ocr_line' id='line_1_93' title="bbox 1983 4518 3548 4595; baseline -0.006 -15"><span class='ocrx_word' id='word_1_730' title='bbox 1983 4522 2198 4595; x_wconf 83' lang='lat' dir='ltr'><strong>generis</strong></span> <span class='ocrx_word' id='word_1_731' title='bbox 2248 4521 2618 4592; x_wconf 80' lang='lat' dir='ltr'><strong>impietatibus</strong></span> <span class='ocrx_word' id='word_1_732' title='bbox 2667 4520 3096 4590; x_wconf 82' lang='lat' dir='ltr'><strong>implicaverant.</strong></span> <span class='ocrx_word' id='word_1_733' title='bbox 3148 4518 3329 4586; x_wconf 85' lang='lat' dir='ltr'><strong>Quare</strong></span> <span class='ocrx_word' id='word_1_734' title='bbox 3385 4519 3548 4572; x_wconf 84' lang='lat' dir='ltr'><strong>etiam</strong></span> 
     </span>
    </p>
   </div>
   <div class='ocr_carea' id='block_1_94' title="bbox 312 4601 1879 4681">
    <p class='ocr_par' dir='ltr' id='par_1_94' title="bbox 312 4601 1877 4674">
     <span class='ocr_line' id='line_1_94' title="bbox 312 4601 1877 4674; baseline 0.002 -19"><span class='ocrx_word' id='word_1_735' title='bbox 312 4604 494 4671; x_wconf 76' lang='grc' dir='ltr'>σαφεῖ,</span> <span class='ocrx_word' id='word_1_736' title='bbox 536 4601 628 4655; x_wconf 88' lang='grc' dir='ltr'><strong>τοῦ</strong></span> <span class='ocrx_word' id='word_1_737' title='bbox 675 4602 772 4673; x_wconf 84' lang='grc' dir='ltr'><strong>μὲν</strong></span> <span class='ocrx_word' id='word_1_738' title='bbox 805 4603 869 4655; x_wconf 83' lang='grc' dir='ltr'>ὲκ</span> <span class='ocrx_word' id='word_1_739' title='bbox 915 4603 1215 4674; x_wconf 87' lang='grc' dir='ltr'>περιτομῆς</span> <span class='ocrx_word' id='word_1_740' title='bbox 1252 4604 1381 4657; x_wconf 83' lang='grc' dir='ltr'>λαοῦ</span> <span class='ocrx_word' id='word_1_741' title='bbox 1424 4602 1525 4667; x_wconf 82' lang='grc' dir='ltr'>τὰς</span> <span class='ocrx_word' id='word_1_742' title='bbox 1565 4604 1877 4668; x_wconf 76' lang='grc' dir='ltr'>δυσσεϐείας</span> 
     </span>
    </p>
   </div>
   <div class='ocr_carea' id='block_1_95' title="bbox 1980 4601 3553 4681">
    <p class='ocr_par' dir='ltr' id='par_1_95' title="bbox 1985 4610 3553 4681">
     <span class='ocr_line' id='line_1_95' title="bbox 1985 4610 3553 4681; baseline -0.003 -13"><span class='ocrx_word' id='word_1_743' title='bbox 1985 4616 2220 4669; x_wconf 82' lang='lat' dir='ltr'><strong>maxime</strong></span> <span class='ocrx_word' id='word_1_744' title='bbox 2251 4613 2319 4671; x_wconf 93' lang='lat' dir='ltr'><strong>de</strong></span> <span class='ocrx_word' id='word_1_745' title='bbox 2345 4615 2486 4668; x_wconf 81' lang='lat' dir='ltr'><strong>etelo</strong></span> <span class='ocrx_word' id='word_1_746' title='bbox 2512 4611 2795 4668; x_wconf 91' lang='lat' dir='ltr'><strong>descendit</strong></span> <span class='ocrx_word' id='word_1_747' title='bbox 2844 4610 3143 4678; x_wconf 88' lang='lat' dir='ltr'><strong>Dominus,</strong></span> <span class='ocrx_word' id='word_1_748' title='bbox 3188 4627 3256 4667; x_wconf 79' lang='lat' dir='ltr'><strong>ex</strong></span> <span class='ocrx_word' id='word_1_749' title='bbox 3310 4624 3421 4681; x_wconf 91' lang='lat' dir='ltr'><strong>quo</strong></span> <span class='ocrx_word' id='word_1_750' title='bbox 3475 4611 3553 4664; x_wconf 89' lang='lat' dir='ltr'><strong>ait</strong></span> 
     </span>
    </p>
   </div>
   <div class='ocr_carea' id='block_1_96' title="bbox 311 4691 1879 4774">
    <p class='ocr_par' dir='ltr' id='par_1_96' title="bbox 311 4691 1877 4769">
     <span class='ocr_line' id='line_1_96' title="bbox 311 4691 1877 4769; baseline 0.004 -25"><span class='ocrx_word' id='word_1_751' title='bbox 311 4691 817 4764; x_wconf 85' lang='grc' dir='ltr'>ἀπαριθμούμενος,</span> <span class='ocrx_word' id='word_1_752' title='bbox 859 4694 953 4746; x_wconf 83' lang='grc' dir='ltr'>καὶ</span> <span class='ocrx_word' id='word_1_753' title='bbox 999 4693 1090 4746; x_wconf 74' lang='grc' dir='ltr'>τὸν</span> <span class='ocrx_word' id='word_1_754' title='bbox 1140 4695 1232 4747; x_wconf 77' lang='grc' dir='ltr'>ἐπὶ</span> <span class='ocrx_word' id='word_1_755' title='bbox 1278 4695 1502 4760; x_wconf 87' lang='grc' dir='ltr'>ταύταις</span> <span class='ocrx_word' id='word_1_756' title='bbox 1556 4696 1877 4769; x_wconf 83' lang='grc' dir='ltr'>μετελθόντα</span> 
     </span>
    </p>
   </div>
   <div class='ocr_carea' id='block_1_97' title="bbox 1980 4691 3548 4774">
    <p class='ocr_par' dir='ltr' id='par_1_97' title="bbox 1983 4700 3548 4774">
     <span class='ocr_line' id='line_1_97' title="bbox 1983 4700 3548 4774; baseline -0.003 -14"><span class='ocrx_word' id='word_1_757' title='bbox 1983 4704 2277 4774; x_wconf 83' lang='lat' dir='ltr'><strong>deinceps:</strong></span> <span class='ocrx_word' id='word_1_758' title='bbox 2315 4721 2334 4755; x_wconf 76' lang='grc' dir='ltr'><strong>ι</strong></span> <span class='ocrx_word' id='word_1_759' title='bbox 2374 4702 2603 4774; x_wconf 86' lang='lat' dir='ltr'><strong>Propter</strong></span> <span class='ocrx_word' id='word_1_760' title='bbox 2638 4702 2968 4773; x_wconf 89' lang='lat' dir='ltr'><strong>impietatem</strong></span> <span class='ocrx_word' id='word_1_761' title='bbox 3001 4700 3170 4757; x_wconf 84' lang='lat' dir='ltr'><strong>Jacob</strong></span> <span class='ocrx_word' id='word_1_762' title='bbox 3200 4703 3383 4759; x_wconf 89' lang='lat' dir='ltr'><strong>omnia</strong></span> <span class='ocrx_word' id='word_1_763' title='bbox 3412 4702 3548 4764; x_wconf 60' lang='lat' dir='ltr'><strong>haec.</strong></span> 
     </span>
    </p>
   </div>
   <div class='ocr_carea' id='block_1_98' title="bbox 309 4782 1883 4861">
    <p class='ocr_par' dir='ltr' id='par_1_98' title="bbox 309 4782 1883 4861">
     <span class='ocr_line' id='line_1_98' title="bbox 309 4782 1883 4861; baseline 0.004 -25"><span class='ocrx_word' id='word_1_764' title='bbox 309 4785 506 4848; x_wconf 78' lang='grc' dir='ltr'>αὐτοὺς</span> <span class='ocrx_word' id='word_1_765' title='bbox 545 4782 782 4855; x_wconf 78' lang='grc' dir='ltr'>ὄλεθρον,</span> <span class='ocrx_word' id='word_1_766' title='bbox 816 4783 924 4837; x_wconf 88' lang='grc' dir='ltr'><strong>τῶν</strong></span> <span class='ocrx_word' id='word_1_767' title='bbox 966 4783 1023 4837; x_wconf 87' lang='grc' dir='ltr'><strong>δὲ</strong></span> <span class='ocrx_word' id='word_1_768' title='bbox 1057 4783 1160 4839; x_wconf 87' lang='grc' dir='ltr'><strong>ἀνά</strong></span> <span class='ocrx_word' id='word_1_769' title='bbox 1189 4789 1369 4840; x_wconf 79' lang='grc' dir='ltr'>πᾶσαν</span> <span class='ocrx_word' id='word_1_770' title='bbox 1410 4788 1509 4860; x_wconf 85' lang='grc' dir='ltr'>τὴν</span> <span class='ocrx_word' id='word_1_771' title='bbox 1555 4789 1883 4861; x_wconf 82' lang='grc' dir='ltr'>οἰκουμένην</span> 
     </span>
    </p>
   </div>
   <div class='ocr_carea' id='block_1_99' title="bbox 308 4875 1880 4952">
    <p class='ocr_par' dir='ltr' id='par_1_99' title="bbox 308 4875 1880 4952">
     <span class='ocr_line' id='line_1_99' title="bbox 308 4875 1880 4952; baseline 0.003 -23"><span class='ocrx_word' id='word_1_772' title='bbox 308 4875 477 4929; x_wconf 87' lang='grc' dir='ltr'>ὲθνῶν</span> <span class='ocrx_word' id='word_1_773' title='bbox 527 4876 932 4947; x_wconf 78' lang='grc' dir='ltr'>προαναφωνῶν</span> <span class='ocrx_word' id='word_1_774' title='bbox 984 4876 1083 4949; x_wconf 81' lang='grc' dir='ltr'><strong>τὴν</strong></span> <span class='ocrx_word' id='word_1_775' title='bbox 1130 4877 1339 4949; x_wconf 88' lang='grc' dir='ltr'>κλῆσιν.</span> <span class='ocrx_word' id='word_1_776' title='bbox 1404 4880 1503 4932; x_wconf 87' lang='grc' dir='ltr'>Διά</span> <span class='ocrx_word' id='word_1_777' title='bbox 1544 4879 1718 4934; x_wconf 85' lang='grc' dir='ltr'>ταῦτα</span> <span class='ocrx_word' id='word_1_778' title='bbox 1770 4880 1880 4952; x_wconf 85' lang='grc' dir='ltr'><strong>γάρ</strong></span> 
     </span>
    </p>
   </div>
   <div class='ocr_carea' id='block_1_100' title="bbox 309 4968 1881 5045">
    <p class='ocr_par' dir='ltr' id='par_1_100' title="bbox 309 4968 1881 5045">
     <span class='ocr_line' id='line_1_100' title="bbox 309 4968 1881 5045; baseline 0.005 -26"><span class='ocrx_word' id='word_1_779' title='bbox 309 4968 570 5039; x_wconf 74' lang='grc' dir='ltr'>ἐπεδήμει</span> <span class='ocrx_word' id='word_1_780' title='bbox 597 4970 627 5021; x_wconf 87' lang='grc' dir='ltr'><strong>ό</strong></span> <span class='ocrx_word' id='word_1_781' title='bbox 655 4968 748 5021; x_wconf 84' lang='grc' dir='ltr'><strong>τοῦ</strong></span> <span class='ocrx_word' id='word_1_782' title='bbox 776 4968 912 5021; x_wconf 86' lang='grc' dir='ltr'>Θεοῦ</span> <span class='ocrx_word' id='word_1_783' title='bbox 939 4969 1111 5038; x_wconf 87' lang='grc' dir='ltr'>Λόγος</span> <span class='ocrx_word' id='word_1_784' title='bbox 1141 4969 1201 5036; x_wconf 77' lang='grc' dir='ltr'>ἐξ</span> <span class='ocrx_word' id='word_1_785' title='bbox 1222 4971 1466 5042; x_wconf 86' lang='grc' dir='ltr'>οὐρανῶν</span> <span class='ocrx_word' id='word_1_786' title='bbox 1494 4973 1588 5026; x_wconf 76' lang='grc' dir='ltr'>ἐπὶ</span> <span class='ocrx_word' id='word_1_787' title='bbox 1617 4976 1749 5045; x_wconf 83' lang='grc' dir='ltr'>γῆς·</span> <span class='ocrx_word' id='word_1_788' title='bbox 1780 4975 1881 5028; x_wconf 80' lang='grc' dir='ltr'><strong>καὶ</strong></span> 
     </span>
    </p>
   </div>
   <div class='ocr_carea' id='block_1_101' title="bbox 307 5048 1879 5129">
    <p class='ocr_par' dir='ltr' id='par_1_101' title="bbox 307 5048 1879 5129">
     <span class='ocr_line' id='line_1_101' title="bbox 307 5048 1879 5129; baseline 0.003 -15"><span class='ocrx_word' id='word_1_789' title='bbox 307 5059 417 5114; x_wconf 81' lang='grc' dir='ltr'><strong>τῶν</strong></span> <span class='ocrx_word' id='word_1_790' title='bbox 444 5077 508 5129; x_wconf 82' lang='grc' dir='ltr'>γε</span> <span class='ocrx_word' id='word_1_791' title='bbox 551 5060 747 5125; x_wconf 81' lang='grc' dir='ltr'>λέξεων</span> <span class='ocrx_word' id='word_1_792' title='bbox 796 5062 959 5117; x_wconf 80' lang='grc' dir='ltr'>ἄκουε</span> <span class='ocrx_word' id='word_1_793' title='bbox 978 5079 992 5093; x_wconf 80' lang='grc'>⁶</span> <span class='ocrx_word' id='word_1_794' title='bbox 1040 5081 1058 5113; x_wconf 78' lang='grc' dir='ltr'><strong>ι</strong></span> <span class='ocrx_word' id='word_1_795' title='bbox 1082 5064 1159 5116; x_wconf 84' lang='grc' dir='ltr'><strong>Δι’</strong></span> <span class='ocrx_word' id='word_1_796' title='bbox 1197 5062 1449 5118; x_wconf 79' lang='grc' dir='ltr'>ἀσέϐειαν</span> <span class='ocrx_word' id='word_1_797' title='bbox 1490 5048 1638 5118; x_wconf 77' lang='grc' dir='ltr'>οίκου</span> <span class='ocrx_word' id='word_1_798' title='bbox 1686 5064 1879 5118; x_wconf 82' lang='grc' dir='ltr'>Ἰακὼὸ</span> 
     </span>
    </p>
   </div>
   <div class='ocr_carea' id='block_1_102' title="bbox 311 5151 1879 5227">
    <p class='ocr_par' dir='ltr' id='par_1_102' title="bbox 311 5151 1879 5227">
     <span class='ocr_line' id='line_1_102' title="bbox 311 5151 1879 5227; baseline 0.003 -23"><span class='ocrx_word' id='word_1_799' title='bbox 311 5151 487 5205; x_wconf 86' lang='grc' dir='ltr'>πάντα</span> <span class='ocrx_word' id='word_1_800' title='bbox 508 5152 700 5216; x_wconf 85' lang='grc' dir='ltr'>ταῦτα,</span> <span class='ocrx_word' id='word_1_801' title='bbox 736 5154 829 5206; x_wconf 65' lang='grc' dir='ltr'><strong>καλ⁸</strong></span> <span class='ocrx_word' id='word_1_802' title='bbox 860 5153 928 5206; x_wconf 76' lang='grc' dir='ltr'>δι’</span> <span class='ocrx_word' id='word_1_803' title='bbox 954 5154 1226 5226; x_wconf 81' lang='grc' dir='ltr'>ἁμαρτίαν</span> <span class='ocrx_word' id='word_1_804' title='bbox 1255 5154 1405 5208; x_wconf 78' lang='grc' dir='ltr'>οἴκου</span> <span class='ocrx_word' id='word_1_805' title='bbox 1444 5156 1678 5227; x_wconf 87' lang='grc' dir='ltr'>Ἰσραήλ.</span> <span class='ocrx_word' id='word_1_806' title='bbox 1714 5156 1811 5221; x_wconf 89' lang='grc' dir='ltr'><strong>Τίς</strong></span> <span class='ocrx_word' id='word_1_807' title='bbox 1845 5159 1879 5227; x_wconf 84' lang='grc' dir='ltr'>ή</span> 
     </span>
    </p>
   </div>
   <div class='ocr_carea' id='block_1_103' title="bbox 309 5243 1876 5320">
    <p class='ocr_par' dir='ltr' id='par_1_103' title="bbox 309 5243 1876 5320">
     <span class='ocr_line' id='line_1_103' title="bbox 309 5243 1876 5320; baseline 0.002 -22"><span class='ocrx_word' id='word_1_808' title='bbox 309 5243 534 5299; x_wconf 75' lang='grc' dir='ltr'>άσέὁεια</span> <span class='ocrx_word' id='word_1_809' title='bbox 598 5244 747 5298; x_wconf 82' lang='grc' dir='ltr'>οῖκου</span> <span class='ocrx_word' id='word_1_810' title='bbox 803 5244 1028 5312; x_wconf 84' lang='grc' dir='ltr'>ἰακώ6;</span> <span class='ocrx_word' id='word_1_811' title='bbox 1084 5247 1147 5300; x_wconf 85' lang='grc' dir='ltr'><strong>ού</strong></span> <span class='ocrx_word' id='word_1_812' title='bbox 1192 5248 1509 5320; x_wconf 86' lang='grc' dir='ltr'>Σαμάρεια;</span> <span class='ocrx_word' id='word_1_813' title='bbox 1563 5249 1656 5303; x_wconf 80' lang='grc' dir='ltr'>καὶ</span> <span class='ocrx_word' id='word_1_814' title='bbox 1700 5249 1785 5313; x_wconf 86' lang='grc' dir='ltr'><strong>τίς</strong></span> <span class='ocrx_word' id='word_1_815' title='bbox 1843 5250 1876 5320; x_wconf 82' lang='grc' dir='ltr'>ὴ</span> 
     </span>
    </p>
   </div>
   <div class='ocr_carea' id='block_1_104' title="bbox 310 5339 1879 5414">
    <p class='ocr_par' dir='ltr' id='par_1_104' title="bbox 310 5339 1879 5414">
     <span class='ocr_line' id='line_1_104' title="bbox 310 5339 1879 5414; baseline 0 -20"><span class='ocrx_word' id='word_1_816' title='bbox 310 5340 556 5411; x_wconf 78' lang='grc' dir='ltr'>ἁμαρτία</span> <span class='ocrx_word' id='word_1_817' title='bbox 590 5339 738 5393; x_wconf 76' lang='grc' dir='ltr'>οἴκου</span> <span class='ocrx_word' id='word_1_818' title='bbox 774 5339 970 5404; x_wconf 87' lang='grc' dir='ltr'>Ἰούδα;</span> <span class='ocrx_word' id='word_1_819' title='bbox 1001 5342 1123 5412; x_wconf 66' lang='grc' dir='ltr'><strong>οὐχὶ⁸</strong></span> <span class='ocrx_word' id='word_1_820' title='bbox 1163 5342 1547 5414; x_wconf 78' lang='grc' dir='ltr'>Ἱερουσαλήμ;</span> <span class='ocrx_word' id='word_1_821' title='bbox 1578 5344 1685 5396; x_wconf 78' lang='grc' dir='ltr'><strong>Καὶ</strong></span> <span class='ocrx_word' id='word_1_822' title='bbox 1716 5341 1879 5414; x_wconf 78' lang='grc' dir='ltr'>θήσο-</span> 
     </span>
    </p>
   </div>
   <div class='ocr_carea' id='block_1_105' title="bbox 315 5434 1877 5510">
    <p class='ocr_par' dir='ltr' id='par_1_105' title="bbox 315 5434 1877 5510">
     <span class='ocr_line' id='line_1_105' title="bbox 315 5434 1877 5510; baseline 0.001 -22"><span class='ocrx_word' id='word_1_823' title='bbox 315 5451 413 5508; x_wconf 78' lang='grc' dir='ltr'><strong>μαι</strong></span> <span class='ocrx_word' id='word_1_824' title='bbox 450 5434 761 5506; x_wconf 83' lang='grc' dir='ltr'>Σαμάρειαν</span> <span class='ocrx_word' id='word_1_825' title='bbox 811 5436 893 5499; x_wconf 83' lang='grc' dir='ltr'><strong>είς</strong></span> <span class='ocrx_word' id='word_1_826' title='bbox 952 5436 1393 5508; x_wconf 71' lang='grc' dir='ltr'>όπωροςρυλάκιον</span> <span class='ocrx_word' id='word_1_827' title='bbox 1433 5437 1601 5510; x_wconf 84' lang='grc' dir='ltr'>ἀγροῦ</span> <span class='ocrx_word' id='word_1_828' title='bbox 1661 5436 1753 5490; x_wconf 71' lang='grc' dir='ltr'><strong>καὶ</strong></span> <span class='ocrx_word' id='word_1_829' title='bbox 1797 5438 1877 5502; x_wconf 85' lang='grc' dir='ltr'><strong>είς</strong></span> 
     </span>
    </p>
   </div>
   <div class='ocr_carea' id='block_1_106' title="bbox 314 5526 1877 5599">
    <p class='ocr_par' dir='ltr' id='par_1_106' title="bbox 314 5526 1877 5599">
     <span class='ocr_line' id='line_1_106' title="bbox 314 5526 1877 5599; baseline 0.002 -20"><span class='ocrx_word' id='word_1_830' title='bbox 314 5526 533 5594; x_wconf 77' lang='grc' dir='ltr'>φυτείαν</span> <span class='ocrx_word' id='word_1_831' title='bbox 571 5526 923 5597; x_wconf 88' lang='grc' dir='ltr'>ἀμπελῶνος,</span> <span class='ocrx_word' id='word_1_832' title='bbox 953 5528 1047 5581; x_wconf 70' lang='grc' dir='ltr'><strong>καὶ</strong></span> <span class='ocrx_word' id='word_1_833' title='bbox 1074 5532 1412 5583; x_wconf 89' lang='grc' dir='ltr'>κατασπάσω</span> <span class='ocrx_word' id='word_1_834' title='bbox 1452 5531 1531 5593; x_wconf 83' lang='grc' dir='ltr'>εἰς</span> <span class='ocrx_word' id='word_1_835' title='bbox 1576 5530 1705 5599; x_wconf 83' lang='grc' dir='ltr'>χάος</span> <span class='ocrx_word' id='word_1_836' title='bbox 1751 5530 1877 5591; x_wconf 77' lang='grc' dir='ltr'>τοὺς</span> 
     </span>
    </p>
   </div>
   <div class='ocr_carea' id='block_1_107' title="bbox 310 5617 1869 5692">
    <p class='ocr_par' dir='ltr' id='par_1_107' title="bbox 310 5617 1869 5692">
     <span class='ocr_line' id='line_1_107' title="bbox 310 5617 1869 5692; baseline 0 -21"><span class='ocrx_word' id='word_1_837' title='bbox 310 5617 490 5682; x_wconf 73' lang='grc' dir='ltr'>λίθους</span> <span class='ocrx_word' id='word_1_838' title='bbox 535 5620 721 5691; x_wconf 79' lang='grc' dir='ltr'>αὐτῆς,</span> <span class='ocrx_word' id='word_1_839' title='bbox 758 5620 852 5673; x_wconf 71' lang='grc' dir='ltr'><strong>καὶ</strong></span> <span class='ocrx_word' id='word_1_840' title='bbox 893 5619 962 5673; x_wconf 87' lang='grc' dir='ltr'>τὰ</span> <span class='ocrx_word' id='word_1_841' title='bbox 989 5621 1212 5692; x_wconf 82' lang='grc' dir='ltr'>θεμέλια</span> <span class='ocrx_word' id='word_1_842' title='bbox 1256 5622 1422 5692; x_wconf 73' lang='grc' dir='ltr'>αὐτῆς</span> <span class='ocrx_word' id='word_1_843' title='bbox 1466 5620 1816 5691; x_wconf 68' lang='grc' dir='ltr'>ἀποκαλύψω.</span> <span class='ocrx_word' id='word_1_844' title='bbox 1850 5640 1869 5671; x_wconf 79' lang='grc' dir='ltr'><strong>ι</strong></span> 
     </span>
    </p>
   </div>
   <div class='ocr_carea' id='block_1_108' title="bbox 1982 4788 3551 4865">
    <p class='ocr_par' dir='ltr' id='par_1_108' title="bbox 1982 4788 3551 4865">
     <span class='ocr_line' id='line_1_108' title="bbox 1982 4788 3551 4865; baseline -0.003 -15"><span class='ocrx_word' id='word_1_845' title='bbox 1982 4802 2038 4850; x_wconf 91' lang='lat' dir='ltr'><strong>et</strong></span> <span class='ocrx_word' id='word_1_846' title='bbox 2065 4802 2286 4865; x_wconf 88' lang='lat' dir='ltr'><strong>propter</strong></span> <span class='ocrx_word' id='word_1_847' title='bbox 2315 4803 2596 4863; x_wconf 89' lang='lat' dir='ltr'><strong>peccatum</strong></span> <span class='ocrx_word' id='word_1_848' title='bbox 2616 4791 2812 4847; x_wconf 88' lang='lat' dir='ltr'><strong>domus</strong></span> <span class='ocrx_word' id='word_1_849' title='bbox 2838 4790 3023 4847; x_wconf 90' lang='lat' dir='ltr'><strong>Israel.</strong></span> <span class='ocrx_word' id='word_1_850' title='bbox 3063 4810 3082 4843; x_wconf 78' lang='grc' dir='ltr'><strong>ι</strong></span> <span class='ocrx_word' id='word_1_851' title='bbox 3114 4791 3197 4846; x_wconf 86' lang='lat' dir='ltr'><strong>Ad</strong></span> <span class='ocrx_word' id='word_1_852' title='bbox 3228 4793 3362 4855; x_wconf 67' lang='lat' dir='ltr'><strong>haec,</strong></span> <span class='ocrx_word' id='word_1_853' title='bbox 3384 4788 3551 4846; x_wconf 81' lang='lat' dir='ltr'><strong>Verbi</strong></span> 
     </span>
    </p>
   </div>
   <div class='ocr_carea' id='block_1_109' title="bbox 1980 4884 3560 4955">
    <p class='ocr_par' dir='ltr' id='par_1_109' title="bbox 1980 4884 3560 4955">
     <span class='ocr_line' id='line_1_109' title="bbox 1980 4884 3560 4955; baseline -0.003 -14"><span class='ocrx_word' id='word_1_854' title='bbox 1980 4888 2145 4942; x_wconf 89' lang='lat' dir='ltr'><strong>etiam</strong></span> <span class='ocrx_word' id='word_1_855' title='bbox 2175 4886 2242 4941; x_wconf 93' lang='lat' dir='ltr'><strong>de</strong></span> <span class='ocrx_word' id='word_1_856' title='bbox 2270 4886 2409 4941; x_wconf 76' lang='lat' dir='ltr'><strong>ctelo</strong></span> <span class='ocrx_word' id='word_1_857' title='bbox 2438 4884 2737 4941; x_wconf 90' lang='lat' dir='ltr'><strong>descensus</strong></span> <span class='ocrx_word' id='word_1_858' title='bbox 2762 4899 2986 4946; x_wconf 86' lang='lat' dir='ltr'><strong>causam</strong></span> <span class='ocrx_word' id='word_1_859' title='bbox 3016 4884 3274 4955; x_wconf 89' lang='lat' dir='ltr'><strong>deinceps</strong></span> <span class='ocrx_word' id='word_1_860' title='bbox 3302 4884 3560 4955; x_wconf 75' lang='lat' dir='ltr'><strong>exponit,</strong></span> 
     </span>
    </p>
   </div>
   <div class='ocr_carea' id='block_1_110' title="bbox 1982 4977 3547 5050">
    <p class='ocr_par' dir='ltr' id='par_1_110' title="bbox 1982 4977 3547 5050">
     <span class='ocr_line' id='line_1_110' title="bbox 1982 4977 3547 5050; baseline -0.002 -16"><span class='ocrx_word' id='word_1_861' title='bbox 1982 4978 2075 5034; x_wconf 88' lang='lat' dir='ltr'><strong>ubi</strong></span> <span class='ocrx_word' id='word_1_862' title='bbox 2112 4979 2286 5050; x_wconf 89' lang='lat' dir='ltr'><strong>ipsius</strong></span> <span class='ocrx_word' id='word_1_863' title='bbox 2315 4977 2529 5034; x_wconf 84' lang='lat' dir='ltr'><strong>Judaici</strong></span> <span class='ocrx_word' id='word_1_864' title='bbox 2566 4979 2750 5050; x_wconf 91' lang='lat' dir='ltr'><strong>populi</strong></span> <span class='ocrx_word' id='word_1_865' title='bbox 2786 4978 3090 5049; x_wconf 86' lang='lat' dir='ltr'><strong>impietates</strong></span> <span class='ocrx_word' id='word_1_866' title='bbox 3126 4977 3287 5049; x_wconf 73' lang='lat'><strong>273</strong></span> <span class='ocrx_word' id='word_1_867' title='bbox 3332 4992 3547 5034; x_wconf 79' lang='lat' dir='ltr'><strong>connu-</strong></span> 
     </span>
    </p>
   </div>
   <div class='ocr_carea' id='block_1_111' title="bbox 1982 5070 3550 5142">
    <p class='ocr_par' dir='ltr' id='par_1_111' title="bbox 1982 5070 3550 5142">
     <span class='ocr_line' id='line_1_111' title="bbox 1982 5070 3550 5142; baseline -0.001 -16"><span class='ocrx_word' id='word_1_868' title='bbox 1982 5081 2175 5136; x_wconf 85' lang='lat' dir='ltr'><strong>merat,</strong></span> <span class='ocrx_word' id='word_1_869' title='bbox 2191 5077 2244 5125; x_wconf 92' lang='lat' dir='ltr'><strong>et</strong></span> <span class='ocrx_word' id='word_1_870' title='bbox 2278 5070 2369 5126; x_wconf 87' lang='lat' dir='ltr'><strong>ubi</strong></span> <span class='ocrx_word' id='word_1_871' title='bbox 2395 5079 2517 5142; x_wconf 92' lang='lat' dir='ltr'><strong>post</strong></span> <span class='ocrx_word' id='word_1_872' title='bbox 2546 5070 2851 5142; x_wconf 88' lang='lat' dir='ltr'><strong>impietates</strong></span> <span class='ocrx_word' id='word_1_873' title='bbox 2875 5085 3024 5133; x_wconf 91' lang='lat' dir='ltr'><strong>eum,</strong></span> <span class='ocrx_word' id='word_1_874' title='bbox 3047 5070 3139 5139; x_wconf 93' lang='lat' dir='ltr'><strong>qui</strong></span> <span class='ocrx_word' id='word_1_875' title='bbox 3163 5070 3313 5139; x_wconf 89' lang='lat' dir='ltr'><strong>ipsos</strong></span> <span class='ocrx_word' id='word_1_876' title='bbox 3339 5070 3550 5125; x_wconf 83' lang='lat' dir='ltr'><strong>invase-</strong></span> 
     </span>
    </p>
   </div>
   <div class='ocr_carea' id='block_1_112' title="bbox 1978 5160 3549 5233">
    <p class='ocr_par' dir='ltr' id='par_1_112' title="bbox 1978 5160 3549 5233">
     <span class='ocr_line' id='line_1_112' title="bbox 1978 5160 3549 5233; baseline 0 -17"><span class='ocrx_word' id='word_1_877' title='bbox 1978 5170 2084 5227; x_wconf 90' lang='lat' dir='ltr'><strong>rat,</strong></span> <span class='ocrx_word' id='word_1_878' title='bbox 2112 5160 2413 5225; x_wconf 68' lang='lat' dir='ltr'><strong>iiiieritum,</strong></span> <span class='ocrx_word' id='word_1_879' title='bbox 2445 5178 2509 5218; x_wconf 94' lang='lat' dir='ltr'><strong>ac</strong></span> <span class='ocrx_word' id='word_1_880' title='bbox 2539 5164 2781 5233; x_wconf 88' lang='lat' dir='ltr'><strong>gentium</strong></span> <span class='ocrx_word' id='word_1_881' title='bbox 2830 5178 2930 5232; x_wconf 88' lang='lat' dir='ltr'><strong>per</strong></span> <span class='ocrx_word' id='word_1_882' title='bbox 2967 5169 3141 5215; x_wconf 88' lang='lat' dir='ltr'><strong>totum</strong></span> <span class='ocrx_word' id='word_1_883' title='bbox 3168 5160 3355 5217; x_wconf 87' lang='lat' dir='ltr'><strong>orbem</strong></span> <span class='ocrx_word' id='word_1_884' title='bbox 3384 5176 3549 5217; x_wconf 87' lang='lat' dir='ltr'><strong>voca-</strong></span> 
     </span>
    </p>
   </div>
   <div class='ocr_carea' id='block_1_113' title="bbox 1982 5251 3547 5323">
    <p class='ocr_par' dir='ltr' id='par_1_113' title="bbox 1982 5251 3547 5323">
     <span class='ocr_line' id='line_1_113' title="bbox 1982 5251 3547 5323; baseline -0.001 -15"><span class='ocrx_word' id='word_1_885' title='bbox 1982 5254 2185 5308; x_wconf 92' lang='lat' dir='ltr'><strong>tionem</strong></span> <span class='ocrx_word' id='word_1_886' title='bbox 2220 5253 2488 5309; x_wconf 88' lang='lat' dir='ltr'><strong>enuntiat.</strong></span> <span class='ocrx_word' id='word_1_887' title='bbox 2527 5251 2818 5323; x_wconf 86' lang='lat' dir='ltr'><strong>Propterea</strong></span> <span class='ocrx_word' id='word_1_888' title='bbox 2843 5254 2986 5307; x_wconf 89' lang='lat' dir='ltr'><strong>enim</strong></span> <span class='ocrx_word' id='word_1_889' title='bbox 3007 5252 3074 5307; x_wconf 91' lang='lat' dir='ltr'><strong>de</strong></span> <span class='ocrx_word' id='word_1_890' title='bbox 3100 5253 3240 5309; x_wconf 77' lang='lat' dir='ltr'><strong>etelo</strong></span> <span class='ocrx_word' id='word_1_891' title='bbox 3268 5253 3322 5307; x_wconf 90' lang='lat' dir='ltr'><strong>in</strong></span> <span class='ocrx_word' id='word_1_892' title='bbox 3347 5261 3547 5309; x_wconf 89' lang='lat' dir='ltr'><strong>terram</strong></span> 
     </span>
    </p>
   </div>
   <div class='ocr_carea' id='block_1_114' title="bbox 1986 5333 3547 5413">
    <p class='ocr_par' dir='ltr' id='par_1_114' title="bbox 1986 5333 3547 5413">
     <span class='ocr_line' id='line_1_114' title="bbox 1986 5333 3547 5413; baseline 0.002 -17"><span class='ocrx_word' id='word_1_893' title='bbox 1986 5344 2079 5399; x_wconf 85' lang='lat' dir='ltr'><strong>Dei</strong></span> <span class='ocrx_word' id='word_1_894' title='bbox 2105 5342 2339 5398; x_wconf 85' lang='lat' dir='ltr'><strong>Verbum</strong></span> <span class='ocrx_word' id='word_1_895' title='bbox 2371 5342 2672 5413; x_wconf 81' lang='lat' dir='ltr'><strong>profectum</strong></span> <span class='ocrx_word' id='word_1_896' title='bbox 2702 5351 2818 5409; x_wconf 88' lang='lat' dir='ltr'><strong>est;</strong></span> <span class='ocrx_word' id='word_1_897' title='bbox 2850 5343 2946 5398; x_wconf 88' lang='lat' dir='ltr'><strong>sed</strong></span> <span class='ocrx_word' id='word_1_898' title='bbox 2969 5333 3130 5398; x_wconf 84' lang='lat' dir='ltr'><strong>verba</strong></span> <span class='ocrx_word' id='word_1_899' title='bbox 3157 5343 3281 5399; x_wconf 87' lang='lat' dir='ltr'><strong>audi</strong></span> <span class='ocrx_word' id='word_1_900' title='bbox 3308 5366 3322 5400; x_wconf 84' lang='lat'><strong>:</strong></span> <span class='ocrx_word' id='word_1_901' title='bbox 3363 5362 3383 5395; x_wconf 72' lang='grc' dir='ltr'><strong>ι</strong></span> <span class='ocrx_word' id='word_1_902' title='bbox 3413 5343 3547 5399; x_wconf 71' lang='lat' dir='ltr'><strong>Pro-</strong></span> 
     </span>
    </p>
   </div>
   <div class='ocr_carea' id='block_1_115' title="bbox 1983 5433 3548 5507">
    <p class='ocr_par' dir='ltr' id='par_1_115' title="bbox 1983 5433 3548 5507">
     <span class='ocr_line' id='line_1_115' title="bbox 1983 5433 3548 5507; baseline -0.001 -17"><span class='ocrx_word' id='word_1_903' title='bbox 1983 5447 2101 5507; x_wconf 77' lang='lat' dir='ltr'><strong>pter</strong></span> <span class='ocrx_word' id='word_1_904' title='bbox 2132 5436 2460 5506; x_wconf 88' lang='lat' dir='ltr'><strong>impietatem</strong></span> <span class='ocrx_word' id='word_1_905' title='bbox 2495 5433 2666 5490; x_wconf 79' lang='lat' dir='ltr'><strong>Jacob</strong></span> <span class='ocrx_word' id='word_1_906' title='bbox 2693 5434 2876 5488; x_wconf 88' lang='lat' dir='ltr'><strong>omnia</strong></span> <span class='ocrx_word' id='word_1_907' title='bbox 2929 5434 3064 5499; x_wconf 66' lang='lat' dir='ltr'><strong>haec,</strong></span> <span class='ocrx_word' id='word_1_908' title='bbox 3089 5442 3142 5490; x_wconf 85' lang='lat' dir='ltr'><strong>et</strong></span> <span class='ocrx_word' id='word_1_909' title='bbox 3175 5443 3395 5506; x_wconf 82' lang='lat' dir='ltr'><strong>prepter</strong></span> <span class='ocrx_word' id='word_1_910' title='bbox 3424 5451 3548 5506; x_wconf 87' lang='lat' dir='ltr'><strong>pec-</strong></span> 
     </span>
    </p>
   </div>
   <div class='ocr_carea' id='block_1_116' title="bbox 1983 5525 3548 5597">
    <p class='ocr_par' dir='ltr' id='par_1_116' title="bbox 1983 5525 3548 5597">
     <span class='ocr_line' id='line_1_116' title="bbox 1983 5525 3548 5597; baseline -0.001 -13"><span class='ocrx_word' id='word_1_911' title='bbox 1983 5539 2163 5584; x_wconf 88' lang='lat' dir='ltr'><strong>catum</strong></span> <span class='ocrx_word' id='word_1_912' title='bbox 2191 5528 2385 5583; x_wconf 80' lang='lat' dir='ltr'><strong>donius</strong></span> <span class='ocrx_word' id='word_1_913' title='bbox 2424 5526 2611 5583; x_wconf 89' lang='lat' dir='ltr'><strong>Israel.</strong></span> <span class='ocrx_word' id='word_1_914' title='bbox 2641 5525 2771 5593; x_wconf 74' lang='lat' dir='ltr'><strong>Quae</strong></span> <span class='ocrx_word' id='word_1_915' title='bbox 2814 5526 3062 5597; x_wconf 85' lang='lat' dir='ltr'><strong>impietas</strong></span> <span class='ocrx_word' id='word_1_916' title='bbox 3105 5527 3314 5583; x_wconf 83' lang='lat' dir='ltr'><strong>Jacob?</strong></span> <span class='ocrx_word' id='word_1_917' title='bbox 3358 5527 3548 5583; x_wconf 86' lang='lat' dir='ltr'><strong>Nonne</strong></span> 
     </span>
    </p>
   </div>
   <div class='ocr_carea' id='block_1_117' title="bbox 1987 5618 3551 5691">
    <p class='ocr_par' dir='ltr' id='par_1_117' title="bbox 1987 5618 3551 5691">
     <span class='ocr_line' id='line_1_117' title="bbox 1987 5618 3551 5691; baseline 0.001 -16"><span class='ocrx_word' id='word_1_918' title='bbox 1987 5620 2275 5675; x_wconf 83' lang='lat' dir='ltr'><strong>Samaria?</strong></span> <span class='ocrx_word' id='word_1_919' title='bbox 2306 5620 2370 5675; x_wconf 87' lang='lat' dir='ltr'><strong>Et</strong></span> <span class='ocrx_word' id='word_1_920' title='bbox 2403 5618 2549 5690; x_wconf 90' lang='lat' dir='ltr'><strong>quod</strong></span> <span class='ocrx_word' id='word_1_921' title='bbox 2584 5627 2866 5691; x_wconf 79' lang='lat' dir='ltr'><strong>peccatum</strong></span> <span class='ocrx_word' id='word_1_922' title='bbox 2898 5619 3077 5675; x_wconf 68' lang='lat' dir='ltr'><strong>Iuda?</strong></span> <span class='ocrx_word' id='word_1_923' title='bbox 3102 5619 3291 5677; x_wconf 85' lang='lat' dir='ltr'><strong>Nonne</strong></span> <span class='ocrx_word' id='word_1_924' title='bbox 3325 5619 3551 5676; x_wconf 75' lang='lat' dir='ltr'><strong>Jerusa-</strong></span> 
     </span>
    </p>
   </div>
   <div class='ocr_carea' id='block_1_118' title="bbox 385 5774 2403 5848">
    <p class='ocr_par' dir='ltr' id='par_1_118' title="bbox 385 5774 2403 5848">
     <span class='ocr_line' id='line_1_118' title="bbox 385 5774 2403 5848; baseline 0.001 -18"><span class='ocrx_word' id='word_1_925' title='bbox 385 5774 432 5806; x_wconf 79' lang='lat'>“</span> <span class='ocrx_word' id='word_1_926' title='bbox 464 5775 651 5834; x_wconf 72' lang='lat' dir='ltr'><strong>Matth.</strong></span> <span class='ocrx_word' id='word_1_927' title='bbox 677 5793 750 5843; x_wconf 86' lang='lat' dir='ltr'><strong>tv,</strong></span> <span class='ocrx_word' id='word_1_928' title='bbox 782 5780 853 5846; x_wconf 84' lang='lat'><strong>8;</strong></span> <span class='ocrx_word' id='word_1_929' title='bbox 891 5777 1055 5834; x_wconf 80' lang='lat' dir='ltr'><strong>Marc.</strong></span> <span class='ocrx_word' id='word_1_930' title='bbox 1094 5795 1134 5845; x_wconf 83' lang='grc' dir='ltr'><strong>ι,</strong></span> <span class='ocrx_word' id='word_1_931' title='bbox 1170 5778 1254 5835; x_wconf 78' lang='lat' dir='ltr'><strong>l3.</strong></span> <span class='ocrx_word' id='word_1_932' title='bbox 1333 5780 1374 5810; x_wconf 81' lang='grc'>⁶¹</span> <span class='ocrx_word' id='word_1_933' title='bbox 1404 5777 1536 5834; x_wconf 87' lang='lat' dir='ltr'><strong>Luc.</strong></span> <span class='ocrx_word' id='word_1_934' title='bbox 1567 5794 1666 5848; x_wconf 75' lang='lat' dir='ltr'><strong>xu,</strong></span> <span class='ocrx_word' id='word_1_935' title='bbox 1703 5779 1789 5834; x_wconf 69' lang='grc'><strong>49.</strong></span> <span class='ocrx_word' id='word_1_936' title='bbox 1870 5780 1914 5811; x_wconf 69' lang='grc' dir='ltr'>θ’</span> <span class='ocrx_word' id='word_1_937' title='bbox 1946 5776 2133 5832; x_wconf 81' lang='lat' dir='ltr'><strong>Matth.</strong></span> <span class='ocrx_word' id='word_1_938' title='bbox 2162 5792 2283 5839; x_wconf 85' lang='lat' dir='ltr'><strong>vm,</strong></span> <span class='ocrx_word' id='word_1_939' title='bbox 2311 5776 2403 5832; x_wconf 81' lang='lat'><strong>9.9.</strong></span> 
     </span>
    </p>
   </div>
  </div>
