4080 6416
582 339 688 393 435

1217 340 1487 398 EUSEBII
1525 338 2001 397 CESARIENSIS
2036 338 2188 395 OPP.
2228 337 2408 393 PARS
2440 337 2505 394 ιι.
2537 369 2605 379 -—
2640 338 3135 397 APOLOGETICA.

3693 347 3786 402 436

584 450 724 506 lem?
749 451 816 506 Et
848 468 1043 523 ponam
1078 453 1380 509 Samariam
1429 455 1483 510 in
1517 471 1801 526 pomorum
1849 453 2138 509 custodian

2258 453 2368 506 Καὶ
2398 453 2667 522 ἐπιλέγει·
2696 472 2715 505 ι
2750 454 2966 527 Κατέϐη
2990 453 3136 509 κακά
3167 454 3317 525 παρά
3355 456 3553 527 Κυρίου
3582 458 3666 512 ἐπὶ
3696 467 3786 515 πυ-

582 544 641 598 ln
677 559 829 615 agro.
861 554 916 599 et
951 547 1004 600 in
1039 546 1424 616 plantationem
1456 549 1643 612 vineae,
1676 555 1730 603 et
1777 547 2058 602 detraham
2098 544 2138 598 ir

2256 542 2354 606 λας
2391 544 2768 616 Ἰερουσαλὴμ,
2795 545 2965 615 ψόφος
2987 546 3247 617 ἁρμάτων
3293 547 3386 599 καὶ
3411 547 3739 604 ἱππευόντων.
3764 570 3783 604 ι

579 634 909 703 profundum
944 637 1148 706 lapides
1180 638 1299 705 ejus
1321 677 1337 703 ,
1380 649 1436 693 et
1484 638 1838 693 fundamenta
1872 638 1992 707 ejus
2023 651 2138 707 ape-

2254 637 2361 689 Καὶ
2403 632 2593 700 αὖθις·
2631 654 2651 687 ι
2700 636 2764 689 Ἠ
2806 636 2933 699 δόξα
2977 639 3076 707 τῆς
3125 636 3391 709 θυγατρὸς
3428 639 3784 713 Ἰερουσαλὴμ,

578 728 715 781 riam
755 728 820 782 ⁸³.
872 748 891 781 ι
929 727 996 782 Ει
1044 729 1288 800 adjungit
1328 746 1341 783 :
1399 748 1419 781 ι
1486 729 1892 786 Descenderunt
1944 732 2082 785 mala
2121 747 2153 786 a

580 817 809 873 Domino
839 834 1004 888 super
1045 831 1231 889 portas
1256 819 1554 876 Jerusalem
1580 860 1596 885 ,
1649 822 1862 878 sonitus
1890 838 2149 878 curruum

577 914 632 962 et
661 909 1028 978 equitantium
1063 910 1130 965 “.
1184 929 1203 962 ι
1249 910 1315 966 Et
1345 927 1580 967 rursus:
1617 930 1636 963 ι
1693 912 1875 968 Gloria
1907 915 2031 970 ﬁlia:
2060 913 2151 970 Je-

578 1002 838 1063 rusalem,
862 1003 993 1057 rade
1025 1012 1079 1058 et
1106 1005 1270 1059 tonde
1297 1020 1463 1075 super
1505 1005 1645 1060 ﬁlios
1672 1005 1936 1062 delicatos
1986 1016 2110 1062 tuos
2130 1047 2146 1071 ,

576 1095 741 1148 dilata
780 1092 1100 1149 viduitatem
1142 1103 1288 1150 tuam
1331 1099 1473 1151 sicut
1513 1098 1693 1167 aquila
1719 1138 1733 1162 ,
1760 1097 2018 1169 quoniam
2055 1113 2149 1153 ca-

577 1184 712 1255 ptivi
746 1183 895 1239 ducti
947 1194 1076 1240 sunt
1103 1202 1169 1241 ex-
1211 1194 1263 1242 te
1292 1189 1419 1253 ⁸⁵.)
1455 1187 1535 1241 Ad
1567 1191 1718 1244 hac:
1763 1207 1784 1241 ι
1827 1187 1960 1244 Sion
1989 1189 2146 1259 quasi

584 1289 715 1344 ager
743 1275 1006 1336 arabitur,
1038 1283 1093 1330 et
1119 1274 1443 1340 Jerusalem,
1464 1276 1620 1346 quasi
1640 1292 1929 1347 pomorum
1962 1285 2149 1334 custo-

574 1366 664 1422 dia
689 1366 812 1429 erit,
842 1376 894 1422 et
919 1383 1078 1422 mons
1106 1368 1302 1423 domus
1327 1368 1381 1423 in
1429 1369 1608 1424 lucum
1643 1368 1812 1424 silvae.
1847 1369 1893 1401 “
1926 1389 1945 1422 ι
1977 1368 2147 1425 Porro

576 1459 729 1525 hac,
779 1460 909 1514 Sion
961 1468 1017 1514 et
1076 1457 1377 1515 Jerusalem
1429 1468 1485 1516 et
1534 1462 1679 1531 quod
1732 1468 1959 1516 vocatur
1988 1477 2145 1520 mons

572 1551 791 1614 domus,
813 1549 905 1603 illa
925 1548 1042 1618 ipsa
1069 1558 1217 1612 sunt,
1240 1563 1360 1618 quae
1384 1549 1537 1619 prius
1557 1548 1860 1620 signiﬁcata
1888 1558 2017 1604 sunt
2036 1549 2146 1605 illis

572 1639 754 1694 verbis
781 1659 794 1694 :
833 1657 852 1690 ι
894 1639 961 1692 Ει
990 1640 1477 1695 commovebuntur
1501 1648 1712 1696 montes
1748 1640 1934 1696 subter
1958 1656 2023 1695 eo
2043 1683 2058 1705 ,
2091 1648 2146 1695 et

573 1731 743 1786 valles
785 1731 1087 1801 liquescent
1122 1733 1265 1787 sicut
1291 1747 1418 1787 cera
1465 1747 1495 1786 a
1528 1732 1667 1788 facie
1699 1732 1841 1804 ignis
1864 1772 1879 1798 ,
1923 1740 2144 1803 propter

572 1822 903 1891 impietatem
937 1821 1127 1889 Iacob,
1166 1843 1187 1875 ι
1213 1831 1266 1878 et
1298 1830 1513 1879 caetera.
1537 1823 1670 1877 Nam
1706 1832 1926 1894 propter
1955 1824 2141 1893 impie-

571 1919 711 1966 tates
739 1927 876 1982 quas
907 1922 1093 1967 contra
1120 1913 1295 1983 ipsum
1323 1923 1627 1984 gesserunt,
1653 1914 1798 1968 illico
1819 1930 1994 1985 neque
2009 1930 2139 1970 sane

573 2004 743 2058 multo
770 2011 914 2074 post,
954 2013 1008 2058 et
1039 2013 1275 2068 montes,
1307 2015 1361 2060 et
1398 2007 1492 2076 qui
1545 2007 1599 2060 in
1630 2006 1739 2062 illis
1780 2006 2136 2071 habitabant,

569 2096 881 2166 depopulati
911 2105 1059 2162 sunt,
1087 2097 1510 2168 incendiumque
1537 2106 1699 2169 atque
1727 2106 2025 2154 extremam
2048 2115 2141 2156 so-

572 2186 855 2242 litudinem
902 2202 1060 2243 mons
1092 2186 1222 2243 Sion
1268 2189 1488 2258 pertulit
1514 2207 1528 2244 :
1559 2197 1615 2244 et
1663 2188 1841 2244 factus
1867 2197 1950 2244 est
1979 2204 2138 2245 mons

568 2278 762 2334 domus
786 2278 877 2334 Dei
903 2281 957 2333 in
990 2280 1170 2335 lucum
1201 2280 1369 2335 silvae.
1407 2279 1532 2335 Haec
1562 2281 1707 2335 enim
1741 2280 1797 2335 in
1833 2280 2042 2337 Domini
2070 2279 2138 2336 de

565 2368 708 2423 cado
733 2369 1001 2425 descensu
1048 2369 1118 2424 ad
1162 2370 1283 2425 illos
1329 2379 1592 2436 ventura,
1636 2386 1877 2441 praesens
1921 2387 2139 2444 quoque

568 2459 857 2530 prophetia
890 2459 1191 2530 signiﬁcat,
1239 2476 1359 2530 qua:
1396 2462 1558 2517 etiam
1592 2462 1895 2517 evidentem
1929 2463 2141 2517 exitum

564 2562 860 2609 consecuta
894 2561 1022 2609 sunt
1053 2562 1175 2623 post
1223 2551 1523 2611 Salvatoris
1556 2556 1728 2611 nostri
1757 2554 1887 2611 Jesu
1929 2555 2135 2613 Christi

566 2644 882 2703 adventum.
913 2643 1070 2711 Quod
1093 2646 1141 2700 si
1163 2646 1461 2717 quidquam
1502 2657 1690 2703 nostra
1718 2663 1934 2718 quoque
1966 2647 2138 2702 histo-

567 2736 647 2788 ria
678 2737 839 2798 valet,
870 2736 1074 2791 nostris
1103 2737 1346 2806 ipsorum
1380 2739 1753 2808 temporibus,
1811 2740 1957 2793 illam
1989 2738 2137 2792 auti-

565 2827 753 2897 quiws
787 2828 1118 2884 celebratam
1159 2828 1288 2884 Sion
1320 2828 1528 2898 junctis
1572 2831 1749 2886 bobus
1790 2846 1819 2884 a
1873 2829 2133 2886 Romanis

563 2920 698 2975 viris
731 2920 898 2984 arari,
925 2922 1102 2976 oculis
1133 2921 1338 2977 nostris
1369 2921 1729 2991 inspeximus,
1752 2932 1805 2978 et
1842 2924 2013 2993 ipsam
2044 2922 2134 2978 Je-

565 3012 826 3071 rusalem.
857 3011 1312 3082 quemadmodum
1345 3012 1521 3082 ipsum
1563 3013 1665 3067 hoc
1695 3015 1772 3067 ait
1811 3014 2092 3069 oraculum
2113 3054 2128 3079 ,

566 3104 738 3158 instar
765 3118 1045 3173 pomorum
1070 3102 1333 3158 custodia:
1354 3104 1605 3169 desertae,
1631 3106 1697 3159 ad
1727 3113 2022 3161 extremam
2044 3122 2133 3162 re-

2254 724 2484 796 ξύρησαι
2518 726 2612 779 καὶ
2660 729 2839 797 κεῖραι
2878 726 2977 778 ἐπὶ
3013 725 3082 778 τά
3104 726 3269 780 τέκνα
3298 726 3367 780 τὰ
3412 729 3646 800 τρυφερά
3671 745 3783 784 σου·

2250 817 2587 887 ἐμπλάτυνον
2615 818 2714 888 τὴν
2747 817 2968 888 χηρείαν
2995 834 3117 881 σου,
3139 819 3214 882 ὡς
3234 818 3410 883 ἀετὸς,
3447 820 3527 872 ὅτι
3552 821 3787 892 ᾐχμαλω·

2249 908 2516 981 τεύθησαν
2555 910 2665 964 ἀπὸ
2693 910 2808 964 σοῦ.
2840 931 2858 961 ι
2896 911 3021 964 Ἐπὶ
3048 912 3290 976 τούτοιςο
3331 932 3349 963 ι
3375 911 3510 967 Σιὼν
3541 914 3612 979 ὡς
3637 916 3790 988 ἀγρὸς

2249 1001 2720 1073 ἀροτριαθήσεται,
2758 1004 2851 1056 καὶ
2889 1003 3240 1075 Ἰερουσαλὴμ
3265 1003 3341 1068 ὡς
3370 1004 3788 1076 ὀπωροφυλάκιον

2248 1093 2418 1156 ἔσται,
2443 1096 2538 1147 καὶ
2561 1094 2622 1147 τὸ
2646 1095 2770 1167 ὅρος
2800 1096 2894 1149 τοῦ
2915 1095 3064 1150 οἴκου
3093 1098 3172 1159 είς
3194 1097 3354 1161 ἄλσος
3372 1097 3592 1169 δρυμοῦ.
3624 1118 3643 1151 ι
3667 1099 3788 1153 Σιὼν

2246 1185 2304 1239 δὲ
2350 1187 2445 1241 καὶ
2489 1187 2842 1259 Ἰερουσαλὴμ
2906 1190 2999 1242 καὶ
3044 1188 3106 1242 τὸ
3156 1190 3487 1262 καλούμενον
3531 1192 3649 1264 όρος
3703 1192 3789 1246 τοῦ

2246 1274 2415 1340 οἴκου,
2458 1277 2613 1332 ταῦτ’
2649 1272 2718 1349 ἦν
2757 1280 2938 1333 ἐκεῖνα
2965 1280 3033 1333 τὰ
3065 1281 3295 1353 πρόσθεν
3337 1282 3666 1354 δεδηλωμένα
3712 1282 3791 1336 διά

2244 1369 2369 1423 τοῦ*
2401 1388 2420 1421 ι
2447 1372 2558 1425 Καὶ
2585 1371 3003 1443 σαλευθήσονται
3026 1372 3095 1427 τὰ
3122 1373 3223 1446 ὄρη
3253 1374 3594 1430 ὑποκάτωθεν
3618 1376 3788 1440 αὐτοῦ,

2247 1459 2340 1513 καὶ
2358 1461 2413 1514 αἱ
2447 1462 2689 1526 κοιλάδες
2711 1469 3038 1536 τακήσονται
3064 1465 3140 1529 ὡς
3179 1466 3350 1537 κηρὸς
3379 1464 3487 1519 ἀπὸ
3518 1465 3789 1538 προσώπου

2246 1551 2435 1623 πυρὸς,
2471 1551 2538 1604 δι’
2577 1552 2829 1608 ἀσέϐειαν
2862 1554 3070 1610 Ἰακώϐ.
3100 1574 3120 1607 ι
3154 1555 3253 1609 Διά
3281 1556 3390 1628 γάρ
3423 1555 3522 1619 τὰς
3560 1555 3792 1627 δρασθεί-

2247 1658 2343 1705 σας
2376 1642 2496 1695 κατ’
2526 1642 2690 1697 αὐτοῦ
2726 1644 3268 1710 δυσσεϐείαςέὐθὺς,
3310 1646 3405 1699 καὶ
3449 1646 3548 1700 οὐκ
3587 1648 3663 1710 είς
3699 1663 3792 1717 μα-

2245 1734 2397 1804 κρὸν,
2420 1736 2513 1787 καὶ
2539 1734 2607 1787 τὰ
2634 1734 2758 1807 ὅρη,
2787 1735 2882 1789 καὶ
2907 1736 2956 1788 oi
2991 1736 3049 1788 ἐν
3077 1735 3286 1800 τούτοις
3311 1734 3585 1799 οἰκοῦντες
3606 1738 3791 1790 ἐπεπο-

2173 1795 2216 1855 B
2244 1795 2561 1897 λίόρκηντο,
2600 1795 2923 1898 ἐμπρησμόν
2959 1844 3017 1880 τε
3070 1829 3162 1881 καὶ
3204 1795 3439 1899 ἐσγάτην
3478 1795 3703 1900 ἐρημίαν
3735 1827 3792 1881 τὸ

2244 1917 2380 1971 Σιὼν
2418 1919 2542 1990 ὅρος
2584 1919 2865 1990 ὑπέμεινε,
2901 1920 2995 1974 καὶ
3026 1920 3215 1989 γέγονε
3252 1921 3313 1974 τὸ
3364 1922 3491 1993 ὅρος
3533 1919 3625 1973 τοῦ
3655 1922 3791 1973 οίκου

2238 2006 2331 2059 τοῦ
2359 2007 2491 2061 Θεοῦ
2524 2009 2604 2072 εἰς
2642 2009 2802 2073 ἄλσος
2838 2010 3064 2081 δρυμοῦ.
3107 2010 3291 2065 Ταῦτα
3330 2012 3428 2081 μὲν
3462 2007 3554 2065 οὖν
3602 2010 3691 2063 ἐπὶ
3731 2012 3789 2080 τῇ

2237 2097 2329 2150 τοῦ
2346 2098 2549 2171 Κυρίου
2579 2099 2636 2164 ἐξ
2656 2099 2898 2171 οὐρανῶν
2926 2101 3134 2173 καθόδῳ
3158 2102 3286 2173 περὶ
3302 2102 3543 2165 ἐκείνους
3565 2100 3790 2163 ἔσεσθαι,

2238 2189 2334 2242 καὶ
2372 2192 2405 2260 ἠ
2460 2189 2709 2261 παροῦσα
2750 2193 3051 2263 προφητεία
3092 2194 3378 2263 σημαίνει,
3409 2194 3448 2248 ἃ.
3483 2195 3575 2247 καὶ
3604 2194 3791 2263 ἐναργῆ

2237 2280 2332 2351 τὴν
2382 2280 2604 2334 ἔκϐασιν
2658 2281 2845 2354 είληφε
2894 2281 3031 2353 μετά
3082 2283 3181 2355 τὴν
3221 2284 3315 2337 τοῦ
3360 2285 3612 2357 Σωτῆρος
3650 2283 3795 2355 ἡμῶν

2252 2369 2425 2442 Ἰησοῦ
2454 2370 2690 2443 Χριστοῦ
2729 2372 3050 2444 παρουσίαν.
3069 2374 3131 2426 El
3158 2373 3286 2438 γοῦν
3310 2392 3363 2427 τι
3388 2373 3613 2428 δύναται
3650 2372 3738 2426 καὶ
3761 2373 3795 2442 ἡ

2236 2462 2477 2535 ἡμετέρα
2508 2462 2736 2534 ἱστορία,
2766 2462 2886 2516 καθ’
2920 2465 3065 2535 ἡμᾶς
3090 2465 3285 2529 αὐτοὺς
3319 2464 3419 2535 τὴν
3464 2465 3630 2519 πάλαι
3668 2462 3796 2533 βοω-

2239 2553 2404 2625 μένην
2465 2553 2602 2608 Σιὼν
2653 2553 2869 2625 ζεύγεσι
2917 2555 3054 2626 βοῶν
3102 2556 3206 2609 ὑπὸ
3267 2556 3556 2626 Ῥωμαίων
3598 2552 3793 2625 ἀνδρῶν

2235 2646 2547 2717 ἀρουμένην
2608 2646 2901 2718 ὀφθαλμοῖς
2953 2646 3399 2719 παρειλήφαμεν,
3464 2649 3558 2701 καὶ
3597 2648 3691 2717 τήν
3735 2660 3793 2712 γε

2248 2738 2617 2810 Ἰερουσαλὴμ,
2639 2739 2713 2802 ὼς
2736 2739 2865 2792 αὐτό
2892 2740 2955 2809 γέ
2984 2757 3115 2811 φησι
3145 2740 3205 2793 τὺ
3225 2740 3424 2809 λόγιον,
3452 2738 3794 2811 όπωροφυλα-

2235 2833 2352 2886 κίου
2396 2833 2550 2904 δίκην
2584 2832 3028 2902 ἀπολειφθέντος,
3067 2836 3124 2887 ἐν
3161 2834 3415 2889 παντελεί
3454 2833 3792 2887 καταστᾶσαν

2233 2924 2463 2995 ἐρημίᾳ’
2499 2924 2533 2978 ἃ
2566 2925 2660 2978 καὶ
2684 2924 2750 2978 δι’
2775 2925 2924 2979 οὐδὲν
2948 2926 3131 2999 ἕτερον
3158 2928 3340 2990 αὐτοῖς
3371 2926 3404 2995 ἦ
3433 2926 3521 2979 διὰ
3543 2925 3640 2988 τὰς
3675 2924 3793 2977 δυσ-

2235 3015 2449 3079 σεϐείας
2475 3016 2653 3070 αὐτῶν
2688 3018 3016 3089 συμϐέϐηκε,
3040 3022 3133 3073 καὶ
3163 3021 3191 3073 ὁ
3215 3019 3385 3088 Λόγος
3414 3023 3445 3073 ὁ
3465 3019 3713 3091 οὐράνιος
3737 3018 3796 3069 ἐκ

2232 3109 2325 3161 τοῦ
2342 3109 2542 3161 οίκείου
2566 3109 2729 3163 τόπου
2753 3111 3104 3183 προελήλυθε.
3121 3111 3227 3165 Καὶ
3242 3111 3307 3164 δι’
3336 3112 3535 3183 ἐτέρας
3553 3111 3610 3163 δὲ
3629 3109 3796 3171 αἰτίας

564 3194 778 3247 dactam
816 3193 1188 3257 solitudinem,
1213 3210 1332 3264 quae
1364 3194 1580 3265 quidem
1611 3196 1682 3250 ob
1704 3196 1838 3250 nihil
1860 3196 2005 3251 aliud
2029 3197 2129 3261 eis,

2238 3200 2262 3251 ὁ
2298 3199 2391 3252 τοῦ
2426 3201 2560 3254 Θεοῦ
2609 3202 2779 3271 Λόγος
2829 3202 3117 3273 οὐρανόθεν
3155 3201 3579 3273 κατεληλυθέναι
3610 3218 3668 3253 τε
3712 3196 3802 3253 καὶ

564 3299 725 3356 quam
758 3295 980 3356 propter
1014 3286 1320 3356 impietates
1351 3287 1593 3357 ipsorum
1631 3303 1888 3351 evenere,
1917 3297 2135 3359 pr0pter

2236 3292 2616 3365 ἐπιϐεϐηκέναι
2655 3296 2748 3347 ἐπὶ
2794 3293 2862 3347 τὰ
2911 3294 3018 3363 ὕψη
3064 3297 3162 3364 τῆς
3212 3297 3341 3365 γῆς,
3396 3294 3501 3367 ἥδη
3547 3293 3801 3365 πρότερον

562 3390 701 3443 quas
729 3375 1143 3433 etiamcteleste
1190 3378 1421 3433 Verbum
1467 3379 1534 3433 de
1574 3394 1676 3434 suo
1704 3380 1825 3435 loco
1880 3396 2136 3453 progres-

2238 3384 2470 3453 ἐλέγετο,
2498 3386 2644 3449 ὅπως
2675 3385 2745 3438 τὰ
2778 3387 2874 3456 μὲν
2909 3384 3073 3439 πάλαι
3106 3384 3448 3456 ἐπαιρόμενα
3501 3386 3596 3439 καὶ
3641 3386 3802 3456 ὑπερ-

564 3481 684 3520 sum
708 3473 808 3520 est.
834 3460 915 3520 Ob
949 3467 1087 3521 alias
1113 3482 1241 3522 vero
1274 3483 1469 3522 causas
1500 3466 1591 3522 Dei
1630 3467 1866 3523 Verbum
1896 3468 1965 3525 de
1992 3470 2133 3524 caelo

2238 3474 2513 3546 υψούμενα
2540 3475 2682 3529 κατὰ
2712 3479 2811 3547 τῆς
2840 3475 3093 3544 γνώσεως
3124 3475 3217 3529 τοῦ
3243 3475 3377 3529 Θεοῦ
3413 3475 3515 3547 ὅρη
3576 3473 3795 3543 σαλευθῇ

561 3567 623 3614 et—
647 3559 998 3615 descendisse
1018 3568 1250 3630 ctsuper
1269 3561 1583 3616 altitudines
1609 3569 1767 3618 terra:
1794 3565 2129 3633 pervenisse.

2238 3567 2582 3621 ὑποκάτωθεν
2614 3567 2778 3621 αὐτοῦ
2798 3606 2813 3630 ,
2850 3569 2906 3621 αἱ
2925 3567 3179 3638 δυνάμεις
3204 3567 3449 3639 δηλονότι
3476 3571 3533 3622 αἱ
3568 3564 3800 3621 ἀντικεί-

563 3650 717 3721 prius
743 3651 855 3718 jam
884 3652 1087 3705 dictum
1119 3659 1223 3714 est,
1247 3652 1434 3723 utique
1459 3653 1621 3722 utqui
1647 3654 1775 3707 olim
1797 3656 2135 3711 extolleban-

2238 3676 2415 3730 μεναι,
2444 3659 2500 3712 αἳ
2524 3659 2633 3729 πρὸ
2658 3659 2757 3729 τῆς
2781 3658 2943 3712 αὐτοῦ
2975 3657 3273 3729 παρουσίας
3298 3657 3441 3728 μετά
3472 3658 3584 3711 τῶν
3612 3656 3804 3710 λοιπῶν

561 3754 681 3806 tur,
708 3752 762 3800 et
794 3744 963 3817 274
987 3744 1040 3798 in
1080 3745 1312 3801 sublime
1353 3747 1700 3816 erigebantur
1741 3747 2135 3803 adversusco-

2238 3750 2531 3824 ἀνθρώπων
2557 3790 2571 3814 ,
2605 3752 2698 3805 καὶ
2728 3750 2788 3804 τὸ
2824 3750 3088 3822 Ἐϐραίων
3126 3749 3296 3816 ἔθνος,
3334 3752 3453 3813 τοῖς
3485 3751 3587 3821 τῆς
3623 3749 3803 3801 δυσσε-

562 3835 860 3906 gnitiunem
890 3836 984 3891 Dei
1017 3846 1258 3897 montes,
1313 3847 1788 3893 commoverentur
1842 3840 2030 3895 subter
2066 3856 2133 3896 eo

2238 3844 2383 3909 ὗείας
2412 3846 2505 3899 καὶ
2528 3844 2967 3914 εἱδωλολατρείας
2990 3843 3275 3914 πράγμασι
3304 3841 3801 3896 καταδεδούλωντο·

562 3927 849 3981 contrariae
875 3927 1125 3983 videlicet
1178 3937 1506 3998 potestates,
1559 3943 1680 3999 quae
1717 3940 1842 3985 ante
1878 3930 1998 3999 ejus
2037 3933 2136 3986 ad-

2238 3940 2290 3991 οί.
2308 3938 2363 3990 δὲ
2398 3939 2623 4009 πονηροὶ
2647 3937 2916 4008 δαίμονες,
2945 3936 3186 3999 κοιλάδες
3232 3935 3656 4006 ἐπικαλούμενοι
3679 3973 3693 3997 ,
3723 3930 3806 3985 διὰ

559 4027 779 4074 ventum
817 4035 925 4074 una
954 4034 1077 4074 cum
1108 4021 1334 4089 reliquis
1367 4020 1699 4089 hominibus,
1721 4023 1884 4076 etiam
1916 4031 2131 4092 gentem

2238 4030 2292 4082 τὸ
2314 4030 2371 4082 ἐν
2400 4030 2639 4100 χάσμασι
2671 4028 2921 4092 σκοτίοις,
2941 4030 3032 4082 καὶ
3056 4031 3165 4091 τοῖς
3190 4026 3298 4080 τῶν
3321 4029 3598 4099 σωμάτων
3622 4023 3808 4080 κοιλώ-

562 4111 917 4175 llebraicam,
969 4121 1023 4169 et
1056 4113 1349 4182 impietatis
1389 4120 1445 4168 et
1490 4113 1909 4169 simulacrorum
1952 4115 2131 4171 cultus

2238 4137 2399 4191 μασιν
2426 4118 2800 4190 ἐνδιατρίϐειν,
2831 4119 2906 4182 ὡς
2948 4118 3115 4188 κηρὸς
3160 4117 3268 4170 ἀπὸ
3306 4117 3607 4187 προσώπου
3645 4113 3808 4185 πυρὸς

561 4206 970 4277 operationibus
1002 4205 1361 4273 addixeram;
1407 4213 1576 4276 utque
1626 4207 1779 4275 pravi
1818 4206 2128 4271 daemones,

2238 4210 2541 4281 τηκόμενοι,
2568 4213 2634 4281 τῇ
2669 4209 2760 4262 τοῦ
2790 4208 2932 4261 θείου
2965 4209 3136 4276 Λόγου
3169 4208 3395 4278 δυνάμει
3426 4207 3487 4273 ἐξ
3511 4205 3808 4277 ἀνθρώπων

560 4299 654 4368 qui
685 4298 853 4354 valles
876 4298 1238 4368 appellantur,
1275 4304 1560 4368 propterea
1590 4296 1736 4367 quod
1785 4298 1839 4352 in
1892 4298 2132 4354 hiatibus

2238 4302 2531 4371 ἀπέφυγον.
2567 4301 2676 4355 Καὶ
2705 4301 2868 4371 ἑτέρα
2899 4300 2942 4352 δ’
2976 4299 3040 4353 ἂν
3083 4300 3167 4372 εἴη
3206 4299 3353 4371 παρὰ
3392 4302 3603 4362 ταύτας
3634 4298 3806 4358 αἰτία,

560 4389 923 4445 tenebricosis-
945 4397 999 4444 et
1028 4404 1319 4460 corporum
1351 4390 1500 4445 cavis
1528 4390 1877 4445 diversantur
1898 4429 1914 4451 .
1971 4390 2130 4459 quasi

2238 4392 2352 4463 οὐχὶ
2375 4393 2753 4463 τυχοῦσα,.τῆς
2779 4392 2838 4457 ἐξ
2859 4392 3100 4462 οὐρανῶν
3126 4392 3345 4446 καθόδου
3360 4393 3461 4447 τοῦ
3494 4392 3725 4465 Κυρίου,
3749 4390 3812 4460 ἢν

559 4496 685 4537 cera
704 4497 734 4535 a
760 4480 896 4537 facie
921 4481 1061 4551 ignis
1093 4481 1478 4550 liquescentes,
1504 4482 1574 4537 ob
1605 4481 1767 4537 Verbi
1794 4483 1965 4537 divini
1995 4485 2124 4547 vim,

2238 4485 2263 4536 ό
2310 4484 2463 4554 λόγος
2512 4484 2960 4555 ἐπισημαίνεται,
3018 4485 3167 4548 ὅπως
3209 4484 3386 4538 πάντα
3425 4485 3499 4538 τὰ
3556 4486 3651 4539 ἐπὶ
3711 4485 3810 4553 γῆς

556 4575 628 4629 de
684 4572 996 4628 hominibus
1033 4572 1300 4643 fugerent.
1361 4574 1428 4627 Et
1468 4574 1576 4627 alia
1624 4589 1755 4629 vero
1794 4583 1990 4645 praeter
2035 4591 2131 4630 eas

2238 4570 2383 4640 ἔθνη,
2418 4570 2525 4624 τῶν
2556 4570 2822 4643 δαιμόνων
2846 4572 3274 4636 ἀπελασθέντων,
3306 4575 3400 4627 καὶ
3423 4575 3539 4627 τῶν
3564 4576 3812 4647 ἀρχοντι-

555 4679 681 4720 esse
732 4672 910 4734 potest
947 4678 1149 4729 causa,
1202 4664 1291 4717 illa
1325 4664 1541 4733 quidem
1576 4680 1686 4718 non
1708 4665 1981 4735 vulgaris,
2030 4680 2131 4718 cur

2238 4662 2345 4715 κῶν
2378 4662 2700 4732 πνευμάτων
2735 4662 3074 4728 σεισθέντων,
3108 4668 3206 4736 τῆς
3237 4665 3407 4718 πάλαι
3434 4667 3622 4719 αὐτῶν
3652 4664 3813 4747 σκλη-

559 4755 823 4816 Dominus
851 4756 917 4810 de
945 4756 1085 4811 ctelo
1106 4755 1470 4835 descenderit,
1489 4771 1652 4827 quam
1666 4757 1945 4811 oraculum
1973 4757 2130 4823 juxta

2242 4756 2338 4827 ρᾶς
2365 4754 2458 4807 καὶ
2499 4755 2752 4826 ἀκινήτου
2782 4756 3091 4828 τυραννίδος
3138 4758 3639 4812 ὐπαναπνεύσαντα
3667 4797 3682 4820 ,
3720 4755 3813 4826 τὴν

559 4849 847 4918 signiﬁcat,
876 4858 934 4903 ut
972 4863 1164 4904 omnes
1192 4848 1246 4902 in
1276 4850 1407 4903 orbe
1443 4858 1712 4904 terrarum
1764 4857 1990 4921 gentes,
2021 4849 2131 4904 dte-

564 4940 815 4995 monibus
861 4940 1031 5010 pulsis
1051 4979 1073 5003 ,
1115 4948 1167 4994 et
1198 4940 1484 5009 spiritibus
1505 4941 1598 5011 qui
1629 4943 1991 5011 princrpatum
2034 4941 2131 4994 ha-

560 5033 761 5087 bebant
791 5013 1075 5111 concussis
1097 5073 1127 5102 ,,
1165 5034 1232 5089 ab
1257 5034 1479 5104 antiqua
1507 5036 1609 5089 sub
1643 5034 1749 5090 illis
1778 5044 1832 5090 et
1858 5049 2048 5105 aspera
2076 5041 2131 5088 et

562 5125 825 5181 immobili
878 5127 1163 5195 tyrannide
1191 5128 1546 5198 respirantes.
1578 5115 1903 5197 agnitionem
1936 5143 2127 5197 supre-

562 5217 635 5271 mi
669 5216 765 5271 Dei
793 5219 1113 5288 reciperent.
1149 5218 1290 5286 Quin
1318 5218 1479 5274 etiam
1537 5219 1655 5289 ipsa
1703 5219 1817 5275 haec
1866 5220 1923 5275 in
1980 5220 2128 5274 hunc

565 5308 780 5362 modum
824 5309 1068 5377 ejusdem
1107 5311 1401 5380 prophetiae
1444 5327 1605 5386 voces
1635 5310 1893 5382 deinceps
1937 5312 2127 5367 eadem

588 5400 774 5454 atione
806 5401 910 5454 sub
944 5417 1106 5455 unam
1144 5412 1343 5458 sensus
1371 5403 1771 5473 copulationem
1800 5404 2125 5458 enuntiant:

564 5510 570 5515 ·
623 5488 690 5542 Ει
712 5489 818 5543 erit
852 5489 904 5543 in
940 5493 1253 5549 novissimis
1280 5493 1473 5548 diebus
1492 5491 1811 5547 manifestus
1837 5509 1992 5547 mons
2020 5492 2129 5546 Do-

575 5581 717 5647 nini,
752 5590 974 5652 paratus
1009 5583 1063 5638 in
1088 5584 1498 5640 summitatibus
1529 5585 1793 5663 uiantium
1821 5604 1843 5643 ι,
1870 5592 1924 5639 et
1951 5585 2129 5639 extol-

630 5738 676 5769 "
709 5737 867 5793 uicit.
902 5757 937 5805 ι,
972 5739 1023 5803 ii,
1053 5739 1103 5793 6.
1152 5739 1193 5769 ⁸⁵
1221 5739 1349 5794 ibid.
1384 5740 1466 5803 l2,
1517 5741 1596 5794 15.

2237 4846 2531 4914 ἐπίγνωσιν
2563 4846 2656 4899 τοῦ
2687 4847 2779 4900 ἐπὶ
2809 4848 3022 4901 πάντων
3050 4847 3295 4922 ἀναλάϐῃ
3326 4848 3494 4903 Θεοῦ.
3544 4852 3656 4903 Καὶ
3682 4846 3813 4901 αὐτά

2233 4929 2334 4989 ὧδέ
2372 4953 2487 4999 πως
2527 4938 2582 4990 αἱ
2610 4936 2707 5007 τῆς
2742 4937 2909 5008 αὐτῆς
2950 4939 3281 5010 προφητείας
3327 4941 3511 5008 φωναὶ
3545 4938 3675 5010 ἑξῆς
3727 4937 3816 4991 καὶ

2240 5029 2381 5082 κατά
2408 5029 2468 5082 τὸ
2500 5030 2631 5084 αὐτὸ
2668 5031 2772 5084 ὑπὸ
2806 5033 2934 5101 μίαν
2984 5032 3274 5101 συνάφειαν
3320 5031 3569 5096 διανοίας
3618 5032 3816 5103 κηρύτ-

2238 5140 2388 5175 τουσι
2410 5139 2422 5151 ·
2454 5142 2471 5173 ι
2505 5122 2613 5176 Kal.
2636 5122 2785 5177 ἔσται
2811 5125 2897 5177 ἐπ’
2921 5124 3161 5194 ἐσχάτων
3187 5123 3296 5177 τῶν
3320 5124 3552 5196 ἡμερῶν
3578 5122 3817 5195 ἐμφανὲς

2233 5216 2294 5268 τὸ
2326 5216 2450 5286 ὅρος
2470 5214 2695 5285 Κυρίου,
2718 5215 2932 5284 ἕτοιμον
2966 5214 3058 5266 ἐπὶ
3089 5214 3187 5277 τὰς
3207 5213 3454 5285 κορυφὰς
3483 5214 3598 5267 τῶν
3627 5214 3813 5285 ὀρέων*

2237 5310 2331 5362 καὶ
2393 5306 2883 5380 μετεωρισθήσεται
2946 5307 3199 5378 ὑπεράνω
3264 5307 3371 5360 τῶν
3426 5307 3674 5377 βουνῶν·
3727 5303 3820 5359 καὶ

2239 5398 2560 5452 σπεύσουσιν
2615 5398 2700 5450 ἐπ’
2746 5398 2879 5452 αὐτὸ
2928 5398 3079 5461 λαοὶ,
3128 5399 3220 5452 καὶ
3270 5397 3639 5468 πορεύσονται
3693 5395 3818 5461 ἔθνη

2237 5490 2445 5552 πολλὰ,
2482 5491 2576 5543 καὶ
2632 5489 2814 5561 ἐροῦσι
2838 5505 2852 5520 °
2900 5490 3083 5552 Δεῦτε,
3121 5489 3410 5560 ἀναδῶμεν
3453 5492 3538 5554 είς
3584 5488 3649 5542 τὸ
3697 5488 3821 5559 ὅρος

2236 5582 2330 5636 τοῦ
2365 5583 2588 5653 Κυρίου,
2625 5583 2721 5636 καὶ
2753 5583 2831 5646 είς
2857 5583 2947 5637 τὸν
2976 5580 3121 5636 οἷκον
3151 5582 3244 5637 τοῦ
3286 5582 3423 5635 Θεοῦ
3469 5580 3694 5643 Ἰακὼϐ,
3730 5576 3824 5633 καὶ

1677 5743 1718 5773 εδ
1748 5741 1877 5797 ibid.
1919 5737 2108 5805 (3,16.
2187 5729 2417 5793 “Mich.
2449 5754 2525 5805 ιιι,
2564 5738 2643 5790 ιε
