4080 6416
346 284 454 345 657

1255 281 1909 341 DEMONSTRATIONIS
1945 279 2407 337 EVANGELICE.
2448 280 2576 338 LIB.
2619 278 2706 336 Vl.

3492 281 3598 336 458

347 406 617 473 δείξουσιν
647 408 780 478 ἡμῖν
814 406 909 477 τὴν
953 406 1072 461 όδδν
1097 405 1289 470 αὑτοῦ,
1324 407 1418 460 καὶ
1462 406 1839 478 πορευσόμεθα
1870 406 1913 459 ὲκ

2029 404 2174 460 letur
2205 419 2371 474 super
2391 403 2595 471 colles,
2644 409 2701 458 et
2744 400 3080 458 festinabant
3112 400 3179 455 ad
3228 417 3351 457 eum
3394 404 3599 473 populi.

347 503 466 563 ταῖς
497 499 709 573 τρίϐοις
732 500 915 554 αὑτοῦ.
953 502 1046 554 Ἐκ
1077 500 1185 573 γὰρ
1217 500 1353 555 Σιὼν
1378 499 1715 565 ἐξελεύσεται
1739 499 1919 570 νόμος,

347 591 442 643 καὶ
473 589 629 657 λόγος
680 590 882 661 Κυρίου
916 586 976 654 ἐξ
1029 589 1379 661 Ἰερουσαλὴμ
1402 629 1416 654 ,
1442 589 1552 642 καί¹
1598 590 1774 661 κρινεῖ
1821 587 1923 641 ἀνά

351 680 515 751 μέσον
536 679 649 733 τῶν
676 679 867 733 ἐθνῶν.
898 700 917 733 ι
956 680 1192 733 Τοιαῦτα
1215 681 1309 735 καὶ
1347 681 1589 753 περὶτῆς
1620 679 1729 733 τῶν
1754 678 1922 733 ἐθνῶν

349 770 616 843 κλήσεως,
651 769 689 824 ἃ
717 772 809 823 καὶ
835 771 1022 835 ὁποίας
1060 770 1239 841 ἔχεται
1263 771 1522 834 διανοίας,
1555 771 1703 834 ὅπως
1741 786 1799 822 τε
1828 770 1923 822 καί

349 863 488 917 αὑτά
523 862 660 932 μετά
684 862 783 934 τὴν
818 863 911 916 τοῦ
949 863 1203 935 Σωτῆρος
1242 863 1396 935 ἡμῶν
1438 864 1738 935 παρουσίαν
1771 862 1923 926 τέλος

349 954 590 1024 εἴληφεν,
626 955 719 1006 ἐπὶ
750 953 945 1025 σχολῆς
974 953 1038 1007 ἄν
1087 972 1169 1018 τις
1214 954 1537 1026 καταμάθοι.
1591 952 1923 1016 ’Ᾱκολοὺθως

349 1065 413 1116 γε
439 1048 546 1119 μὴν
563 1046 771 1110 τούτοις
786 1047 1082 1118 ἀρχόμενος
1108 1048 1136 1099 ὁ
1152 1046 1253 1117 τῆς
1278 1047 1609 1118 προφητείας
1628 1044 1801 1116 λόγος,
1824 1044 1925 1098 ὠσ-

347 1136 414 1192 ἀν
448 1136 541 1189 ἐπὶ
575 1135 817 1207 σωτηρία
849 1137 910 1189 οὑ
946 1135 1104 1206 μόνον
1130 1135 1224 1189 τοῦ
1258 1135 1525 1189 Ἰουδαίων
1554 1136 1758 1199 ἔθνους,
1789 1135 1923 1188 ἀλλά

347 1228 441 1281 καλ⁵
472 1227 582 1280 τῶν
614 1227 778 1281 ἐθνῶν
809 1229 1085 1292 ἁπάντων,
1118 1229 1218 1299 τῆς
1256 1227 1350 1282 τοῦ
1372 1228 1572 1300 Κυρίου
1598 1230 1676 1291 είς
1718 1227 1923 1301 ἀνθρὼ-

346 1336 483 1383 mu;
510 1318 735 1372 καθόδου
756 1318 1267 1391 γενησομένη;,τοῖς
1296 1320 1443 1384 λαοῖς
1470 1321 1689 1384 καὶτοῖς
1716 1320 1807 1373 ἐπὶ
1822 1321 1923 1391 γῆς

346 1411 551 1465 ἅπασιν
566 1412 845 1481 ὲπιφωνεῖ,
870 1411 1092 1480 λέγων’(
1118 1411 1429 1476 Ἀκούσατε,
1447 1411 1567 1465 λαοὶ
1594 1412 1813 1476 πάντες,
1830 1412 1923 1465 καὶ

345 1501 663 1573 προσεχέτω
685 1504 717 1573 ἡ
742 1502 832 1573 γῆ,
849 1500 943 1555 καὶ
969 1502 1169 1566 πάντες
1191 1503 1239 1555 οί
1274 1504 1331 1555 ὲν
1353 1504 1511 1574 αὐτῇ.
1534 1522 1551 1554 ι
1574 1503 1684 1557 Καὶ
1705 1504 1765 1556 τὸ
1786 1521 1925 1575 μαρο

341 1590 528 1662 τύριον
554 1590 610 1643 δὲ
632 1590 725 1644 τοῦ
752 1590 955 1655 πάθους
980 1591 1221 1662 ᾐνίττετο
1264 1592 1358 1645 τοῦ
1395 1592 1600 1663 Κυρίου
1624 1594 1919 1666 ἐπιφέρων·

346 1679 490 1735 «Kal.
502 1680 652 1734 ἔσται
665 1680 863 1753 Κύριος
874 1682 903 1733 ὁ
916 1681 1045 1745 θεὸς
1061 1680 1211 1753 ὑμῶν
1225 1683 1302 1746 είς
1321 1683 1494 1755 μαρτὺ
1501 1700 1631 1755 ριον.
1645 1700 1663 1734 ι
1674 1678 1783 1737 Εἶθ’
1800 1684 1925 1755 ἑξῆς

2034 494 2100 549 Ει
2129 495 2281 551 ibunt
2304 504 2491 567 gentes
2527 496 2729 557 multae,
2760 500 2815 547 et
2840 492 3061 549 dicent;
3098 490 3309 554 Venite,
3341 492 3586 549 ascenda-

2031 604 2154 644 mus
2185 589 2241 643 in
2269 599 2507 643 montem
2549 585 2783 651 Domini,
2810 594 2866 641 ct
2908 585 2962 641 in
3018 585 3236 642 domum
3265 583 3361 641 Dei
3389 584 3559 643 Jacob
3581 625 3599 652 ,

2029 689 2082 736 et
2120 679 2409 735 ostendent
2450 679 2609 735 nobis
2638 679 2781 733 viam
2814 678 2964 749 ejus,
3014 685 3067 734 et
3110 678 3510 733 ambulabimus
3544 678 3601 732 in

2030 772 2241 827 semitis
2263 772 2403 842 ejus.
2444 770 2520 827 De
2553 769 2683 826 Sion
2715 771 2857 826 enim
2891 769 3058 825 exibit
3098 770 3217 834 lex,
3277 777 3331 825 et
3376 770 3599 825 verbum

2030 865 2249 921 Domini
2283 866 2351 922 de
2377 863 2699 928 Jerusalem,
2728 872 2782 921 et
2818 864 3085 935 judicahit
3114 864 3253 917 inter
3274 870 3465 933 gentes
3482 862 3550 916 ⁸⁷.
3576 880 3596 913 ι

2029 959 2179 1014 Talia
2211 975 2343 1016 sane
2381 958 2449 1014 de
2479 958 2765 1014 vocatione
2819 958 3059 1029 gentium
3091 955 3235 1009 dicta
3266 962 3393 1011 sunt
3424 974 3437 1008 :
3480 968 3601 1025 quae

2028 1052 2246 1123 quidem
2285 1067 2395 1122 quo
2426 1067 2589 1107 sensu
2632 1049 2947 1120 accipienda
3002 1049 3148 1111 sint,
3201 1054 3254 1102 et
3301 1062 3409 1116 quo
3440 1053 3601 1116 pacto

2030 1143 2147 1213 ipsa
2177 1157 2394 1214 quoque
2426 1152 2547 1211 post
2567 1139 2865 1195 Salvatoris
2888 1138 3061 1194 nostri
3100 1137 3410 1201 adventum,
3439 1133 3598 1188 ﬁnem

2029 1234 2354 1303 acceperint,
2388 1249 2483 1305 per
2510 1234 2680 1288 otium
2712 1232 2835 1302 quis
2872 1228 3095 1285 liberius
3127 1227 3337 1282 discere
3358 1224 3595 1296 poterit:

2029 1342 2150 1381 cum
2184 1326 2252 1381 iis
2285 1333 2465 1380 tamen
2489 1323 2828 1379 coucordans
2862 1337 2982 1393 qua:
3007 1322 3117 1391 jam
3160 1319 3404 1389 exposita
3452 1324 3598 1385 sunt,

2032 1416 2085 1469 in
2120 1416 2239 1486 ipso
2279 1414 2576 1486 prophetia:
2605 1412 2828 1468 exordio
2868 1412 3008 1466 idem
3036 1409 3340 1471 oraculum,
3374 1421 3480 1460 non
3513 1420 3599 1460 se-

2029 1524 2128 1563 cus
2167 1523 2231 1562 ac
2260 1509 2306 1562 si
2336 1507 2402 1562 ad
2463 1507 2690 1563 salutem
2732 1521 2841 1559 non
2887 1503 3126 1559 Iudaicae
3161 1501 3335 1573 gentis
3385 1500 3594 1564 solum,

2031 1599 2126 1655 sed
2157 1598 2532 1655 universarum
2564 1597 2827 1668 gentium,
2859 1593 3073 1649 Domini
3109 1592 3176 1646 ad
3220 1590 3467 1645 homines
3502 1588 3599 1644 dea

2031 1705 2258 1746 scensus
2280 1689 2494 1745 futurus
2526 1696 2692 1754 esset,
2728 1687 2795 1741 ad
2820 1700 3009 1741 omnes
3032 1683 3261 1756 pepulos
3280 1723 3295 1743 .
3325 1680 3392 1735 ad
3413 1679 3597 1735 omnia

340 1772 776 1845 ϐαὑτὸςπροῖὼν
807 1772 1107 1845 προφήτης,
1148 1773 1293 1826 ὼσάν
1318 1774 1418 1846 ήδη
1439 1775 1835 1847 προπωδεὺσας
1849 1774 1913 1828 τά

2018 1796 2139 1851 qua“:
2172 1789 2299 1838 sunt
2327 1782 2382 1836 in
2413 1787 2561 1835 terra
2589 1778 2790 1835 clamat
2825 1776 3055 1832 dicens:
3092 1793 3112 1825 ι
3150 1773 3368 1835 Audite,
3408 1770 3595 1842 populi
3632 1808 3637 1815 .

342 1867 473 1939 περὶ
499 1866 601 1938 τῆς
633 1866 916 1939 ὑπάρξεως
935 1866 1027 1919 τοῦ
1043 1866 1176 1920 Θεοῦ
1195 1867 1389 1937 Λόγου,
1405 1870 1503 1940 τῆς
1514 1886 1573 1922 τε
1596 1868 1653 1936 ἐξ
1672 1868 1917 1941 οὐρανῶν

341 1956 512 2011 αὑτοῦ
541 1957 916 2021 καταϐάσεως,
961 1957 1054 2011 καὶ
1077 1957 1152 2021 ὡς
1187 1957 1255 2011 τά
1287 1959 1433 2012 αῐτια
1467 1960 1566 2031 τῆς
1598 1962 1677 2024 είς
1707 1960 1889 2033 ἀνθρώ

344 2068 481 2114 πους
501 2049 668 2103 αὑτοῦ
687 2050 983 2121 παρουσίας
1000 2050 1297 2122 προειπὼν,
1316 2052 1595 2123 ἑπομένως
1611 2054 1707 2125 τὴν
1730 2057 1809 2118 είς
1825 2056 1889 2108 ἀν
1910 2086 1917 2093 ~

340 2139 372 2193 θ
378 2139 597 2212 ρώπους
613 2141 775 2194 αὑτοῦ
789 2141 1052 2211 ἐσομένην
1064 2141 1295 2211 γένεσιν,
1311 2145 1404 2198 καὶ
1412 2145 1613 2217 αὑτὸδὴ
1630 2147 1705 2218 (1)
1722 2148 1917 2219 χωρίον

339 2231 471 2287 ἔνθα
500 2232 854 2304 τεχθήσεσθαι
884 2234 1124 2304 ἔμελλεν,
1144 2227 1244 2288 ὧδέ
1271 2254 1386 2300 πως
1413 2237 1674 2303 διδᾲσκει,
1708 2238 1878 2308 λέγων
1898 2258 1911 2271 ·

345 2328 491 2381 «Καὶ
517 2328 582 2380 σὺ
623 2327 868 2398 Βηθλεὲμ
891 2324 1039 2391 οἶκος
1059 2328 1151 2382 τοῦ
1182 2329 1729 2400 Ἐφραθά,ὀλιγοστὸς
1755 2330 1805 2385 εί
1823 2333 1916 2387 τοῦ

338 2415 485 2473 εἶναι
530 2423 589 2473 ὲν
635 2420 867 2490 χιλιάσιν
927 2421 1131 2473 Ἰούδα·
1184 2423 1248 2475 ὲκ
1298 2423 1391 2475 σοῦ
1436 2440 1527 2493 μοι
1580 2423 1915 2488 ἐξελεύσεται

337 2508 665 2579 ἡγούμενος,
689 2507 784 2561 τοῦ
814 2504 952 2561 εἶναι
987 2510 1065 2573 είς
1093 2511 1327 2583 ἄρχοντα
1354 2513 1410 2564 ὲν
1433 2512 1509 2583 τῷ
1547 2512 1761 2585 Ἰσραὴλ
1778 2554 1792 2576 ,
1822 2516 1915 2569 καὶ

338 2594 594 2662 αίέξοδοι
622 2597 787 2652 αὑτοῦ
812 2599 907 2651 ἀπ’
937 2598 1113 2668 ἀρχῆς
1143 2600 1201 2664 ἐξ
1234 2600 1457 2673 ἡμερῶν
1487 2601 1701 2666 αίῶνος.
1734 2622 1751 2654 ι
1773 2604 1916 2657 Ἐπιο

341 2688 523 2759 μελῶς
548 2688 606 2741 δὲ
640 2690 893 2760 πρόσχες,
924 2689 1045 2744 τίνα
1069 2691 1267 2762 τρόπον
1291 2690 1387 2743 τοῦ
1418 2691 1511 2744 ἐπὶ
1541 2690 1640 2762 τὴν
1670 2691 1914 2763 Βηθλεὲμ

339 2778 567 2850 (χωρίον
616 2778 673 2831 δέ
704 2781 823 2832 ἐστι
855 2779 1012 2849 τοῦτο
1049 2781 1147 2852 τῆς
1192 2781 1495 2852 Ἰουδαίας)
1541 2783 1911 2854 φανησομένου

336 2870 438 2935 τὰς
472 2870 684 2935 ἐξόδους
725 2871 931 2926 ἄνωθεν
963 2875 1057 2927 καὶ
1091 2873 1148 2939 ἐξ
1181 2872 1375 2936 αἰῶνος
1418 2874 1712 2943 ὑφεστάναι
1744 2875 1908 2946 φησὶ,

337 2961 439 3032 τὴν
485 2959 666 3015 ἔνθεον
704 2961 879 3034 δηλῶν
915 2962 1257 3035 προὺπαρξίν
1290 2979 1350 3015 τε
1394 2964 1490 3017 καὶ
1523 2964 1776 3018 οὑσίωσιν
1809 2965 1907 3019 τοῦ

335 3053 402 3105 ἐκ
459 3051 702 3124 Βηθλεὲμ
747 3053 1206 3124 προελευσομένου
1240 3053 1517 3125 ἄρχοντος.
1565 3055 1626 3108 Ei
1674 3055 1771 3125 μὲν
1819 3052 1912 3110 οὑν

2019 1888 2231 1937 omnes,
2258 1878 2311 1926 et
2339 1871 2583 1927 attendat
2614 1874 2849 1933 terra,et
2868 1880 3057 1921 omnes
3077 1864 3169 1935 qui
3201 1863 3255 1916 in
3289 1877 3351 1916 ea
3382 1870 3527 1915 sunt.
3571 1878 3590 1911 ι

2017 1962 2415 2019 Testimonium
2443 1977 2570 2018 vero
2600 1960 2746 2032 quod
2773 1965 2966 2014 contra
2989 1956 3167 2028 ipsum
3191 1954 3480 2008 Dominum
3509 1950 3595 2005 di-

2018 2066 2163 2111 ctum
2194 2061 2300 2118 est,
2332 2069 2455 2108 cum
2495 2063 2642 2109 esset
2685 2064 3001 2121 passurus,
3034 2048 3108 2100 ita
3146 2044 3435 2116 signiﬁcat,
3474 2061 3493 2094 ι
3527 2040 3594 2096 Et

2015 2147 2121 2203 erit
2162 2145 2423 2200 Dominus
2455 2144 2601 2200 Deus
2654 2150 2833 2198 vester
2859 2142 2915 2195 in
2955 2137 3350 2194 testimonium.
3392 2154 3410 2187 ι
3446 2133 3588 2189 Tum

2016 2236 2273 2306 deinceps
2315 2236 2455 2290 idem
2492 2235 2752 2306 propheta
2776 2233 3023 2287 oratione
3060 2243 3379 2299 progressus
3406 2267 3422 2291 ,
3470 2237 3592 2280 tan-

2014 2342 2176 2397 quam
2204 2329 2251 2383 is
2279 2328 2372 2398 qui
2399 2335 2525 2382 ante
2558 2327 2670 2396 jam
2703 2324 2983 2379 docuisset
3003 2336 3065 2376 ea
3092 2334 3213 2391 qua:
3240 2320 3307 2372 ad
3339 2319 3594 2373 substanv

2015 2421 2145 2475 tiam
2169 2418 2262 2474 Dei
2297 2417 2459 2472 Verbi
2494 2417 2723 2487 ejusque
2748 2415 2815 2469 de
2839 2414 2979 2469 coelo
3001 2413 3324 2467 descensum
3356 2408 3594 2477 pertine-

2014 2494 2156 2576 rent,
2175 2518 2228 2565 et
2251 2517 2509 2580 tanquam
2533 2508 2579 2563 si
2602 2508 2720 2577 ejus
2743 2505 2809 2559 ad
2833 2505 3082 2561 homines
3105 2503 3595 2571 adventus_causas

2014 2601 2372 2673 praedixisset,
2397 2600 2589 2655 ordine
2620 2598 2878 2668 deinceps
2910 2596 3152 2652 futurum
3178 2594 3422 2665 ejusdem
3452 2595 3593 2649 inter

2014 2695 2175 2766 275
2210 2694 2460 2749 homines
2498 2701 2700 2754 ortum,
2723 2693 2992 2763 planeque
3011 2691 3175 2745 etiam
3208 2691 3386 2759 ipsum
3412 2689 3595 2743 locum

2014 2788 2073 2841 in
2101 2804 2212 2858 quo
2238 2787 2480 2841 futurum
2504 2793 2622 2841 erat
2650 2792 2710 2838 ut
2739 2792 3075 2847 nasceretur,
3112 2780 3325 2836 iudicat
3352 2781 3543 2835 dicens
3573 2799 3588 2834 :

2020 2899 2038 2931 ι
2079 2879 2146 2933 Et
2174 2886 2232 2933 tu
2260 2877 2571 2932 Bethlehem
2615 2876 2811 2931 domus
2855 2873 3115 2943 Ephrata,
3150 2872 3374 2926 minima
3418 2886 3498 2933 es,
3531 2876 3592 2924 ut

2014 2974 2091 3029 sis
2112 2972 2167 3026 in
2191 2970 2430 3025 millibus
2450 2967 2589 3023 Juda
2621 2986 2633 3021 :
2667 2983 2733 3022 ex
2761 2974 2815 3021 te
2843 2966 2976 3021 mihi
3005 2964 3313 3035 egredietur
3339 2964 3591 3033 quipras-

2015 3064 2108 3129 sit,
2135 3074 2192 3119 ut
2219 3063 2365 3119 sitin
2398 3061 2699 3132 principem
2734 3059 2789 3113 in
2824 3057 2991 3113 Israel
3047 3066 3101 3112 et
3158 3057 3338 3111 exitus
3374 3054 3497 3124 ejus
3521 3054 3591 3111 ab

333 3144 451 3216 ἔχοι
480 3162 563 3209 τις
595 3145 681 3216 ἐφ’
725 3146 910 3218 ἓτερον
946 3147 1234 3219 ἀναφέρειν
1275 3149 1365 3200 τὸν
1398 3147 1643 3219 χρησμὸν
1666 3188 1681 3213 ,
1709 3149 1792 3212 τίς
1823 3142 1913 3203 οῦ·-

2018 3156 2194 3221 initio,
2211 3171 2280 3210 ex
2297 3153 2490 3210 diebus
2516 3153 2703 3210 saeculi
2731 3152 2796 3206 ⁸⁸.
2830 3171 2849 3203 ›
2877 3150 3111 3205 Attende
3131 3166 3260 3205 vero
3279 3149 3589 3220 diligenter,

331 3254 429 3301 τος
450 3279 467 3301 ,
499 3237 869 3292 ἀποδεικνὺτω
893 3256 907 3269 ·
939 3240 987 3291 εί
1012 3238 1056 3291 δ’
1085 3238 1185 3293 οὑκ
1215 3238 1360 3292 ἐστιν
1402 3239 1580 3311 εὑρεῖν
1607 3239 1788 3311 ἕτερον
1815 3241 1910 3294 τοῦ

335 3330 779 3404 Σωτῆροςήμῶν
814 3330 988 3402 Ἰησοῦ
1023 3330 1258 3403 Χριστοῦ
1278 3373 1294 3397 ,
1330 3332 1389 3397 ὃς
1436 3334 1595 3404 μόνος
1649 3334 1783 3404 μετά
1812 3336 1910 3406 τὴν
1932 3402 1943 3409 _

337 3424 676 3496 προφητείαν
716 3423 927 3477 ἐνθένδε
976 3424 1303 3495 ὡρμημένος
1348 3424 1569 3495 βοᾶται,
1623 3427 1676 3479 τί
1727 3426 1910 3481 λοιπὸν

336 3514 587 3585 ἐμποδὼν
618 3515 693 3586 μὴ
725 3514 846 3584 οὑχὶ
878 3514 1254 3585 συνομολογεῖν
1293 3515 1548 3587 ἀλήθειαν
1594 3520 1660 3589 τῇ
1702 3536 1914 3590 προφη-

334 3607 480 3678 τείᾳ,
507 3608 601 3659 ἐπὶ
630 3608 776 3677 μόνῳ
804 3606 951 3678 αὐτῷ
977 3606 1278 3681 σαλευοὺσῃ
1303 3606 1401 3679 τὴν
1429 3609 1769 3681 πρόρρησινς
1802 3613 1913 3665 Μό-

338 3720 427 3767 νος
457 3702 590 3773 γοῦν
627 3698 780 3766 οὗτος
820 3702 1089 3774 ἐπιφανὴς
1136 3702 1242 3756 τῶν
1270 3703 1490 3756 πώποτε
1538 3703 1775 3773 γεγονὼς
1795 3745 1809 3768 ,
1847 3708 1912 3759 ἐκ

335 3796 429 3850 τοῦ
470 3794 873 3866 προειρημένου
918 3795 1119 3867 χωρίου
1167 3794 1266 3866 τῆς
1309 3794 1557 3867 Βηθλεὲμ
1606 3796 1745 3867 μετά
1786 3798 1912 3861 τοὺς

336 3888 434 3958 τῆς
504 3886 844 3960 προφητείας
899 3886 1125 3958 χρόνους
1183 3887 1244 3940 τὸ
1309 3886 1647 3958 ἀνθρώπειον
1712 3887 1910 3951 ὑποδὺς

339 3981 521 4051 σχῆμα
576 3978 975 4052 προελήλυθεν·
1029 3979 1145 4050 ἆμα
1203 3995 1264 4032 τε
1307 3980 1373 4050 τῇ
1423 3979 1588 4033 αὑτοῦ
1643 3978 1913 4050 παρουσίᾳ

335 4071 637 4144 ἐπληροῦτο
669 4074 737 4127 τά
770 4071 1242 4144 προηγορευμένα.
1262 4072 1473 4125 Αὐτίκα
1503 4071 1656 4140 γοῦν,
1687 4073 1781 4125 καὶ
1811 4072 1911 4125 οὐκ

335 4165 412 4228 si;
444 4163 683 4236 μικρὸν,
703 4163 781 4235 τῷ
806 4166 904 4236 μὲν
939 4163 1210 4218 Ἰουδαίων
1240 4163 1384 4217 ἔθνει
1410 4164 1617 4219 ἕκαστα
1647 4163 1754 4217 τῶν
1781 4181 1913 4235 πρου

336 4255 761 4329 πεφητευμένων
805 4255 1145 4328 σκυθρωπῶν
1189 4257 1404 4329 ἀπήντα
1426 4273 1439 4285 ·
1485 4258 1598 4319 τοῖς
1631 4256 1688 4309 δὲ
1716 4255 1909 4323 ,ἔθνεσι

333 4350 491 4403 πάλιν
514 4348 587 4402 τὰ
614 4349 881 4403 ἀκόλουθα
914 4352 1027 4413 τοῖς
1060 4348 1445 4420 θεσπίσμασιν,
1478 4349 1639 4412 αὑτός
1671 4365 1729 4402 τε
1756 4341 1911 4413 οὗτος

2014 3243 2476 3316 quemadmodum
2510 3244 2632 3314 ejus
2677 3242 2771 3313 qui
2806 3243 2859 3295 in
2892 3240 3205 3296 Bethlehem
3242 3242 3313 3295 sit
3369 3238 3590 3308 conspi-

2014 3336 2243 3392 ciendus
2278 3344 2385 3402 (est
2411 3343 2591 3390 autem
2617 3333 2925 3389 Bethlehem
2954 3330 3154 3388 Iudaeae
3183 3332 3380 3404 locus),
3408 3331 3592 3386 exitus

2014 3428 2160 3482 dicat
2210 3426 2446 3497 desuper
2491 3433 2552 3481 et
2589 3441 2619 3479 a
2678 3426 2879 3481 saecqu
2926 3426 3199 3481 existere:
3237 3432 3442 3493 utpote,
3475 3418 3594 3491 .qui

2016 3520 2282 3590 principis
2316 3519 2381 3574 de
2412 3517 2725 3575 Bethlehem
2777 3520 3141 3590 progressuri,
3178 3518 3417 3573 divinam
3446 3514 3591 3568 indi-

2012 3629 2138 3668 care
2189 3614 2319 3667 velit
2368 3612 2689 3669 substantia:
2739 3612 3195 3675 antecessionem,
3245 3607 3594 3679 propagatio-

2013 3721 2247 3776 nemque
2287 3720 2553 3775 persona;
2591 3704 2647 3759 Si
2690 3706 2815 3776 quis
2849 3706 3013 3777 igitur
3038 3710 3122 3759 est
3166 3704 3260 3773 qui
3304 3700 3590 3755 oraculum

2012 3796 2217 3851 referre
2266 3796 2442 3866 possit
2468 3795 2538 3849 ad
2584 3795 2749 3849 alium
2782 3795 3117 3865 quempiam,
3148 3807 3217 3846 ne
3265 3793 3588 3851 cunctetur;

2012 3891 2208 3958 prodat
2239 3903 2372 3943 sane
2401 3887 2570 3953 hunc,
2604 3888 2856 3958 quisnam
2892 3888 2999 3952 sit;
3032 3884 3127 3940 sed
3152 3884 3200 3939 si
3233 3882 3374 3937 alius
3396 3887 3591 3949 praeter

2015 3978 2352 4035 Salvatorem
2376 3988 2624 4034 nostrum
2654 3977 2840 4033 Jesum
2887 3977 3166 4031 Christum
3212 3971 3447 4028 inveniri
3481 3983 3591 4023 non

2014 4079 2217 4142 potest,
2251 4071 2345 4141 qui
2392 4071 2545 4126 solus
2588 4078 2709 4140 post
2739 4070 2899 4123 talem
2933 4066 3273 4139 prophetiam
3312 4063 3438 4118 inde
3463 4074 3591 4132 ιιι-οφ

2013 4163 2190 4218 fectus
2220 4162 2552 4226 celebratur,
2580 4161 2710 4231 quid
2740 4159 2955 4215 tandem
2989 4156 3360 4228 impedimenti
3396 4170 3591 4224 super-

2012 4265 2116 4320 est,
2170 4272 2239 4312 ne
2286 4272 2394 4311 una
2438 4272 2563 4311 cum
2610 4256 2727 4327 ipsa
2770 4252 3054 4325 pr0phetia
3104 4252 3385 4306 veritatem
3420 4249 3590 4303 fatea—

2011 4364 2157 4410 mur,
2189 4363 2308 4418 quae
2364 4349 2418 4402 in
2453 4364 2620 4401 unum
2657 4347 2808 4401 illum
2863 4359 3016 4400 suam
3073 4339 3592 4412 dirigit.pra=3dictio-

331 4444 360 4496 ό
401 4443 595 4515 Σωτὴρ
640 4444 735 4496 καὶ
778 4442 979 4515 Κύριος
1024 4442 1182 4512 ἡμῶν
1229 4443 1294 4496 ὲκ
1353 4441 1600 4514 Βηθλεὲμ
1626 4441 1908 4515 ὁρμηθεὶς,

2017 4440 2174 4496 nem?
2207 4438 2340 4494 Nam
2372 4440 2521 4494 solus
2553 4439 2642 4495 ille
2678 4438 2943 4503 omnium,
2970 4434 3062 4507 qui
3103 4448 3340 4504 unquam
3366 4430 3592 4486 exstite-

332 4535 633 4606 ἡγούμενος
681 4534 962 4606 ἀνεδείχθη
1004 4533 1098 4588 τοῦ
1153 4534 1292 4589 κατά
1351 4535 1590 4589 διάνοιαν
1650 4534 1866 4607 Ἰσραὴλ
1890 4574 1905 4599 ,

332 4626 473 4681 οὑτω
497 4625 700 4690 παντὸς
730 4624 826 4678 τοῦ
858 4624 1165 4696 διορατικοῦ
1191 4625 1284 4678 καὶ
1307 4622 1593 4687 θεοσεϐοῦς
1621 4622 1752 4678 λαοῦ
1775 4622 1907 4695 χρηὲ

335 4713 667 4784 ματίζοντος.
700 4714 809 4765 Καὶ
836 4713 933 4766 θέα
963 4730 1051 4782 γε,
1080 4714 1228 4778 ὅπως
1261 4712 1359 4777 τάς
1383 4710 1594 4779 ἐξόδους
1618 4713 1781 4769 αὑτοῦ
1807 4714 1906 4785 τῆς

331 4807 512 4861 ἐνθέου
546 4803 941 4877 προϋπάρξεως
972 4807 1067 4859 ἀπ’
1098 4806 1273 4877 ἀρχῆς
1300 4805 1393 4859 καὶ
1430 4806 1490 4871 ἐξ
1518 4806 1745 4879 ἡμερῶν
1773 4807 1905 4861 αἰῶ-

329 4918 418 4964 νος
440 4900 584 4971 ἔχειν
622 4899 870 4968 λέγεται·
900 4901 1036 4972 ὅπερ
1066 4901 1167 4953 οὑκ
1196 4898 1261 4953 ἀν
1296 4901 1585 4971 ἀρμόσειεν
1616 4900 1905 4973 ἀνθρώπου

334 4989 510 5061 φύσει.
558 4992 781 5057 Τούτοις
829 4992 956 5062 ἑξῆς
1002 4995 1032 5046 ό
1084 4990 1418 5063 προφητικὺς
1460 4991 1648 5060 λόγος,
1700 4991 1907 5055 ὑποϐἀς

339 5083 552 5153 μικρὸν,
582 5084 677 5136 καὶ
707 5082 803 5137 νῦν
827 5083 990 5137 πάλιν
1026 5082 1128 5153 τῆς
1159 5082 1326 5137 πάλαι
1352 5083 1581 5155 νομικῆς
1610 5082 1907 5154 θρησκείας

337 5177 429 5245 τὴν
469 5176 820 5249 περιγραφὴν
885 5176 979 5230 καὶ
1027 5176 1343 5248 καθαίρεσιν
1396 5176 1792 5245 ὑποσημαίνει,
1841 5178 1906 5230 ὲκ

337 5268 635 5339 προσώπου.
653 5269 749 5323 τοῦ
780 5269 912 5324 λαοῦ
943 5269 1116 5338 λέγων
1140 5287 1153 5300 ·
1187 5289 1206 5321 ι
1243 5270 1332 5323 Ἐν
1359 5269 1466 5322 τίνι
1491 5268 1783 5322 καταλάϐω
1810 5269 1901 5322 τὸν

339 5360 563 5433 Κὺριον;
609 5361 944 5433 ἐπιλήψομαι
987 5359 1124 5414 Θεοῦ
1162 5377 1259 5431 μου
1291 5359 1544 5430 ὑψίστους
1576 5360 1624 5411 εί
1662 5358 1899 5431 καταλή-

316 5442 499 5521 ’ψομαι
517 5453 680 5508 αὑτὸν
708 5455 766 5506 ἐν
785 5452 1247 5522 ὁλοκαυτώμασιν,
1265 5453 1322 5504 ὲν
1350 5452 1570 5523 μόσχοις
1591 5450 1897 5515 ἐνιαυσίοις·

339 5544 382 5595 εί
415 5545 486 5599 δῶ
527 5546 845 5618 πρωτότοκα
876 5544 1081 5607 κοιλίας
1121 5561 1222 5614 μου
1253 5543 1392 5614 ὑπὲρ
1427 5542 1699 5613 ἁμαρτίας
1723 5541 1902 5614 ψυχῆς

403 5637 444 5667 θ’
479 5637 639 5691 Mich.
663 5654 738 5698 tv,
768 5638 822 5691 2.
900 5638 946 5668 ⁸⁸
969 5636 1131 5690 Μί(·11.
1158 5652 1209 5702 v,
1238 5635 1291 5691 2.

403 5728 476 5799 (I)
517 5728 874 5785 Desidt‘ratur
1024 5726 1179 5785 Enn.

2015 4532 2145 4600 rint,
2168 4548 2236 4589 ex
2268 4548 2333 4588 eo
2360 4531 2673 4587 Bethlehem
2704 4531 2845 4594 loco.
2880 4528 2948 4585 de
2976 4544 3086 4599 quo
3104 4528 3217 4597 jam
3243 4524 3448 4579 dictum
3480 4528 3586 4587 est,

2015 4623 2305 4681 manifeste
2354 4632 2477 4694 post
2505 4624 2626 4694 ejus
2661 4621 2957 4695 prophetia:
2999 4632 3264 4690 tempora,
3292 4618 3589 4671 humanam

2014 4716 2240 4772 subiens
2270 4715 2521 4779 formam,
2570 4729 2893 4786 progressus
2930 4721 3057 4776 est;
3088 4718 3253 4779 atque
3303 4707 3448 4761 illico
3476 4720 3587 4759 una

2012 4824 2137 4864 cum
2166 4808 2568 4879 ejusadventu,
2600 4824 2662 4863 ea
2705 4823 2826 4878 qua:
2876 4806 2988 4876 jam
3036 4804 3293 4874 praedicta
3345 4799 3584 4863 fuerant,

2010 4902 2278 4971 completa
2295 4909 2443 4957 sunt.
2463 4902 2649 4971 Itaque
2676 4915 2706 4955 e
2726 4899 2953 4968 vestigio
2976 4897 3093 4951 sine
3114 4909 3285 4956 mora.
3309 4905 3590 4963 quaecum-

2009 5008 2116 5063 que
2143 4992 2316 5048 tristia
2349 5000 2402 5048 et
2432 4992 2629 5047 infesta
2675 4990 2916 5047 Iudaica:
2973 4988 3115 5059 genti
3165 4986 3422 5057 praedicta
3466 4982 3581 5039 fue-

2009 5093 2156 5147 rant,
2193 5094 2494 5140 evenerunt
2527 5104 2542 5141 :
2575 5100 2639 5139 ac
2672 5097 2864 5138 rursus
2908 5080 3121 5135 caeteris
3156 5077 3429 5149 gentibus,
3459 5088 3587 5129 ora-

2009 5180 2152 5234 culis
2187 5184 2579 5244 consentanea,
2612 5185 2773 5245 atque
2819 5173 2936 5243 ipse
2971 5171 3059 5226 hic
3112 5168 3362 5225 Salvator
3384 5174 3437 5222 et
3474 5164 3584 5219 Do-

2012 5273 2201 5329 minus
2227 5281 2418 5328 noster
2442 5272 2503 5325 in
2524 5270 2836 5326 Bethlehem
2884 5280 3231 5338 progressus,
3262 5262 3383 5331 ejus
3417 5259 3584 5314 Israel

2011 5366 2291 5436 princeps,
2322 5365 2416 5435 qui
2453 5364 2520 5419 ad
2570 5361 2983 5432 intelligentiam
3035 5355 3290 5417 refertur,
3338 5354 3585 5409 declara-

2008 5466 2100 5513 tus
2127 5468 2213 5515 est
2241 5479 2253 5513 :
2285 5458 2488 5528 quippe
2511 5472 2633 5512 cum
2664 5471 2729 5511 eo
2757 5455 2977 5509 nomine
3002 5451 3234 5522 populus
3256 5443 3582 5515 omniaqui—

2010 5563 2243 5618 cumque
2285 5546 2457 5603 Deum
2488 5559 2542 5603 et
2575 5546 2755 5603 videre
2785 5554 2839 5602 et
2866 5544 2953 5615 pie
2984 5542 3161 5598 colere
3193 5543 3447 5597 assuetus
3484 5533 3579 5599 sit.
