4080 6416
540 331 647 385 459

1208 336 1482 394 EUSEBII
1521 339 2007 433 CESARIENSIS
2044 346 2198 403 OPP.
2239 347 2423 406 PARS
2457 350 2524 407 11.
2556 382 2614 394 -
2666 351 3161 414 APOLOGETICA.

3680 362 3777 423 440

541 448 863 518 appelletur.
890 446 956 501 Et
995 463 1127 506 sane
1150 452 1361 523 inspice
1391 457 1849 526 quemadmodum
1881 477 1994 518 sua:
2032 463 2116 518 di-

2226 482 2367 535 μου;
2407 485 2425 517 ι
2462 467 2527 521 ἐκ
2566 467 2624 521 δὲ
2687 467 2980 539 προσώπου
3031 470 3124 522 τοῦ
3185 469 3319 525 Θεοῦ
3361 471 3562 527 τοιάνδε
3610 475 3775 540 αὐτοῖς

539 540 682 595 vina:
728 542 1208 615 antecedentisque
1248 546 1571 605 substantiae
1622 553 1827 621 exitus,
1859 555 1928 611 ab
1959 556 2116 612 initio

2216 555 2314 629 τὴν
2375 558 2664 631 ἀπόκρισιν
2721 561 3043 633 ποιούμενος
3075 580 3092 594 ο
3146 583 3165 616 ι
3206 564 3269 617 Ei
3322 564 3611 639 ἀναγγείλῃ
3668 585 3789 635 σοι,ι

539 638 593 686 et
621 648 687 687 ex
720 632 913 690 diebus
952 637 1134 691 saeculi
1178 638 1381 695 habere
1417 639 1656 707 dicatur,
1698 647 1843 716 quod
1893 648 2114 718 quidem

2220 650 2487 723 άνθρωπε,
2518 653 2577 707 τί
2603 653 2788 719 καλὸν,
2820 632 2912 708 καλ
2945 655 2997 708 τί
3018 656 3222 729 Κύριος
3247 632 3642 732 ἐκζητεῖήπαρὰ
3668 632 3785 726 0'06,i

541 724 861 794 neutiquam
911 727 1150 785 hominis
1206 737 1418 785 natura:
1471 736 1775 792 conveniat.
1825 737 1954 795 Post
1999 739 2117 796 haec

539 815 819 884 paululum
854 834 1144 889 progressa
1174 824 1496 892 prophetica
1546 828 1742 893 oratio,
1769 831 1935 885 etiam
1967 848 2116 887 nunc

538 922 736 962 rursus
762 912 964 967 veteris
988 913 1179 983 legalis
1203 916 1341 971 ritus
1361 916 1928 991 circumscriptionem
1955 933 2116 994 atque

540 1000 890 1059 abolitionem
920 1005 1265 1062 subostendit
1291 1026 1358 1064 ex
1378 1027 1611 1081 persona
1635 1015 1842 1083 populi,
1875 1016 2064 1074 dicens
2099 1038 2114 1073 :

545 1110 564 1142 ι
615 1092 672 1146 in
728 1109 839 1164 quo
879 1098 1267 1167 comprehendi
1323 1099 1652 1158 Dominum?
1695 1106 1894 1161 tenebo
1945 1106 2116 1164 Deum

539 1199 718 1239 meum
750 1187 1118 1244 altissimum?
1143 1207 1274 1247 num
1309 1195 1767 1265 comprehendam
1792 1214 1915 1254 eum
1947 1200 2002 1255 in
2032 1203 2119 1257 in-

538 1278 708 1346 tegris
747 1281 1070 1346 sacriﬁciis,
1118 1285 1173 1339 in
1221 1286 1409 1343 vitulis
1458 1288 1768 1345 anniculis?
1811 1308 1939 1347 num
1976 1293 2118 1350 dabo

538 1369 903 1442 primogenita
943 1375 1154 1431 ventris
1175 1378 1304 1445 mei,
1337 1394 1437 1449 pro
1462 1388 1688 1451 peccato
1713 1381 1908 1438 anima:
1943 1387 2121 1440 meae?

538 1462 617 1517 Ex
643 1481 880 1534 persona
908 1478 1085 1524 autem
1117 1468 1210 1525 Dei
1246 1472 1327 1527 sic
1356 1472 1437 1529 eis
1461 1476 1835 1545 respondens,
1856 1478 1931 1531 ait
1963 1497 1976 1533 :
2014 1497 2031 1530 ι
2061 1478 2118 1534 Si

538 1554 861 1612 indicaverit
890 1559 1009 1624 tibi,
1051 1577 1084 1615 ο
1114 1562 1299 1630 homo,
1332 1564 1464 1635 quid
1511 1566 1581 1621 sit
1628 1568 1853 1632 bonum,
1901 1580 1955 1624 et
1987 1570 2119 1640 quid

538 1646 804 1707 Dominus
847 1654 1092 1723 requirat
1116 1671 1146 1709 a
1179 1664 1253 1721 te,
1291 1672 1474 1713 nonne
1509 1669 1567 1714 ut
1615 1659 1789 1717 facias
1824 1661 2116 1732 judicium,

536 1752 589 1796 et
618 1743 815 1815 diligas
861 1746 1318 1813 misericordiam,
1366 1760 1421 1805 et
1462 1759 1685 1821 paratus
1716 1753 1794 1808 sis
1838 1754 2120 1809 ambulare

2216 743 2332 797 ἀλλ’
2378 744 2410 816 ἢ
2455 744 2549 799 τοῦ
2593 749 2767 799 ποιεῖν
2803 748 3003 819 κρίμα,
3056 749 3152 801 καὶ
3203 749 3422 821 ἀγαπᾷν
3468 751 3646 818 ἔλεος,
3691 756 3777 807 καὶ

2216 834 2430 907 ἕτοιμον
2477 831 2614 889 εἶναι
2662 835 2996 906 πορεύεσθαι
3041 836 3219 890 ὀπίσω
3260 838 3467 909 Κυρίου
3516 838 3607 893 τοῦ
3652 839 3775 894 Θεοῦ

2218 944 2345 994 σου;
2389 948 2407 981 ι
2449 929 2633 1000 Ἔχεις
2680 928 2968 1001 τοιγαροῦν
3007 929 3281 983 κάνταῦθα
3335 932 3427 985 ἐπὶ
3468 934 3534 1003 τῇ
3578 950 3779 1006 προφη-

2215 1021 2478 1093 τευομένῃ
2506 1021 2599 1074 τοῦ
2633 1020 2840 1093 Κυρίου
2877 1021 2936 1088 ἐξ
2963 1021 3208 1092 οὐρανῶν
3239 1024 3317 1087 είς
3348 1023 3662 1096 ἀνθρώπους
3690 1043 3779 1080 κα-

2216 1112 2372 1184 θόδῳ,
2397 1111 2535 1182 ὁμοῦ
2574 1112 2667 1166 καὶ
2709 1111 2851 1166 κατά
2879 1111 2940 1165 τὸ
2982 1113 3112 1166 αὑτὸ
3151 1112 3375 1168 πλεῖστα
3404 1115 3503 1169 ὅσα
3539 1118 3780 1188 σημαινό-

2219 1220 2374 1276 μενα’
2414 1204 2685 1257 Ἰουδαίων
2712 1203 3004 1275 ἀποϐολὴν,
3033 1204 3288 1275 ἐλέγχους
3311 1206 3419 1259 τῶν
3454 1206 3660 1261 ἀσεϐῶν
3686 1209 3779 1262 αὐ-

2216 1296 2342 1361 τῶν,
2375 1295 2692 1367 καθαίρεσιν
2725 1296 2824 1367 τῆς
2853 1296 3137 1367 βασιλικῆς
3171 1297 3348 1352 αὐτῶν
3380 1300 3778 1371 μητροπόλεως,

2217 1386 2316 1457 τῆς
2362 1404 2419 1440 τε
2470 1387 2636 1442 πάλαι
2680 1388 2944 1460 πρότερον
2981 1388 3110 1460 παρ’
3149 1389 3330 1454 αὐτοῖς
3374 1391 3778 1465 ἐπιτελουμένης

2220 1481 2361 1534 κατὰ
2390 1480 2592 1534 Μωσέα
2631 1479 2887 1553 λατρείας
2922 1482 3251 1553 παραίτησιν
3271 1499 3284 1513 ’
3321 1482 3634 1554 ἔμπαλινὸέ
3663 1488 3780 1558 περὶ

2219 1571 2326 1626 τῶν
2355 1570 2542 1638 ἐθνῶν,
2561 1571 2769 1641 ἀγαθὰς
2799 1572 3147 1642 ἐπαγγελίας,
3170 1573 3465 1641 ἐπίγνωσιν
3490 1574 3642 1639 Θεοῦ,
3673 1593 3782 1631 και-

2219 1664 2306 1716 νὸν
2334 1664 2532 1735 τρόπον
2561 1664 2861 1728 εὐσεϐείας,
2878 1665 3040 1736 νόμον
3062 1667 3269 1731 καινὸν,
3288 1668 3382 1722 καὶ
3416 1667 3587 1738 Λόγον
3605 1670 3665 1721 ἐκ
3694 1668 3784 1740 μὲν

2220 1756 2319 1827 τῆς
2373 1755 2641 1810 Ἰουδαίων
2681 1754 2864 1828 χώρας
2901 1758 3393 1830 προελευσόμενον,
3424 1762 3504 1825 είς
3538 1761 3708 1814 πάντα
3732 1760 3783 1814 δέ

536 1846 662 1907 post
692 1836 982 1894 Dominum
1024 1840 1194 1896 Deum
1247 1852 1400 1899 tuum
1419 1844 1505 1898 ‘9?
1531 1866 1549 1897 ›
1591 1843 1771 1901 Habes
1822 1846 1988 1918 igitur
2026 1846 2116 1902 hic

2221 1850 2288 1903 τὰ
2336 1848 2460 1920 ἔθνη
2518 1847 2999 1920 διαδοθησόμενον·
3054 1850 3198 1922 ἅπερ
3255 1853 3439 1905 ὁποῖον
3489 1852 3639 1916 τέλος
3700 1851 3784 1906 καὶ

535 1946 757 2000 quoque
800 1932 855 1985 in
898 1948 983 2001 eo,
1016 1933 1083 1988 de
1126 1950 1237 2005 quo
1286 1936 1563 2006 propheta:
1602 1937 1920 2009 loquuntur,
1956 1939 2116 2010 27G

2223 1937 2411 1991 όποίαν
2445 1936 2667 1991 ἔκϐασιν
2715 1936 2824 1989 τῶν
2870 1937 3044 2007 λόγων
3090 1936 3228 2009 μετά
3268 1938 3367 2010 τὴν
3410 1937 3506 1991 τοῦ
3548 1938 3785 2009 Σωτῆρος

538 2020 751 2076 Domini
784 2022 851 2077 de
872 2024 1012 2078 coelo
1040 2023 1107 2078 ad
1143 2026 1392 2083 homines
1420 2029 1708 2094 descensu,
1737 2031 1971 2100 plurima
1999 2046 2116 2101 qua:

2226 2028 2380 2102 ἡμῶν
2430 2029 2604 2100 Ἰησοῦ
2656 2028 2894 2099 Χριστοῦ
2942 2030 3243 2101 παρουσίαν
3296 2029 3671 2093 ἐπιδέδεκται,
3712 2027 3786 2081 σοὶ

537 2114 699 2169 simul
716 2114 768 2168 in
785 2116 974 2171 eodem
992 2116 1369 2188 signiﬁcantur
1380 2116 1408 2172 J
1416 2118 1689 2176 udaeorum
1712 2141 1724 2177 :
1747 2122 2116 2193 rejectionem,

2227 2122 2538 2176 καταλείπω
2568 2124 2807 2176 σκοπεῖν.

534 2209 985 2278 exprobrationes
1032 2214 1299 2271 scelerum
1341 2232 1567 2281 eorum,
1612 2218 1894 2272 interitum
1945 2219 2105 2289 regite
2147 2219 2389 2289 ipsorum
2446 2217 2714 2282 civitatis,
2792 2217 3038 2288 ritusque
3083 2216 3325 2285 Mosaici,
3369 2220 3463 2290 qui
3506 2219 3645 2290 apud
3701 2233 3787 2274 eos

535 2305 664 2360 olim
696 2308 850 2377 prius
882 2310 1221 2378 servabatur,
1257 2314 1665 2387 abrogationem
1693 2335 1706 2371 :
1731 2322 1785 2370 et
1822 2331 1852 2370 e
1884 2316 2161 2370 contrario
2194 2314 2259 2369 ad
2302 2323 2510 2385 gentes,
2561 2313 2989 2384 pollicitationes
3036 2313 3231 2378 bonas,
3301 2316 3634 2388 agnitionem
3677 2313 3784 2379 Dei,

536 2411 736 2451 novum
781 2400 963 2456 cultus
1006 2402 1177 2456 divini
1222 2403 1409 2469 ritum,
1459 2419 1767 2476 novamque
1821 2405 2013 2477 legem,
2055 2422 2119 2461 ac
2155 2405 2394 2461 Verbum
2437 2404 2581 2477 quod
2614 2405 2682 2461 de
2717 2406 2942 2477 regione
2989 2404 3301 2462 Iudaeorum
3346 2408 3421 2464 sit
3480 2418 3788 2480 progressu-

534 2506 678 2554 rum,
704 2491 843 2546 etin
873 2508 1063 2550 omnes
1092 2503 1282 2565 gentes
1317 2497 1813 2562 disseminandum,
1871 2514 1993 2569 qua:
2037 2500 2255 2569 quidem
2284 2497 2593 2568 cujusmodi
2639 2497 2823 2563 ﬁnem,
2882 2505 2937 2554 et
2997 2498 3310 2569 cujusmodi
3356 2502 3626 2559 orationis
3681 2499 3788 2558 exi-

533 2591 672 2651 tum,
704 2597 829 2657 post
860 2585 1165 2646 Salvatoris
1205 2590 1379 2646 nostri
1413 2589 1541 2648 Jesu
1570 2591 1775 2649 Christi
1817 2591 2107 2649 adventum
2145 2591 2505 2656 ostenderint,
2534 2590 2630 2646 tibi
2663 2589 3144 2662 contemplandum
3179 2592 3449 2663 relinquo.

1123 2713 1356 2770 CAPUT
1386 2714 1524 2771 XIV.

534 2798 612 2853 Ab
634 2800 945 2857 Ambacum.
981 2835 1053 2845 -
1077 2807 1231 2873 Quod
1265 2809 1469 2863 veniens
1502 2809 1599 2864 Dei
1646 2809 1893 2874 Verbum,
1932 2819 2113 2864 ventu-

643 2889 762 2926 ram
801 2891 963 2945 neque
991 2888 1319 2933 moraturum
1348 2891 1625 2934 caneretur
1652 2898 1684 2934 a
1723 2881 2011 2951 prophetis.

610 3003 631 3038 ι
659 2985 723 3041 Ει
756 2989 1037 3059 respondit
1058 2991 1487 3061 mihiDominus,
1520 3004 1574 3048 et
1606 2994 1782 3049 dixit:
1815 2994 2005 3052 Scribe
2032 2998 2112 3052 vi-

534 3079 748 3135 sionem
800 3082 1093 3138 manifeste
1121 3085 1176 3138 in
1223 3085 1447 3151 tabella,
1501 3094 1559 3139 ut
1609 3096 1975 3158 persequatur
2016 3091 2113 3160 qui

2750 2713 3145 2767 ΚΕΦΑΛΑΙΟΝ
3183 2713 3279 2765 lA’.

2234 2809 2375 2863 Ἀπὸ
2424 2807 2960 2892 Ὰμόακοῷμ.τξρς
2978 2806 3333 2892 ⁸,ἐρχόμενος
3363 2803 3578 2892 ἥξειν,Ι
3722 2799 3790 2854 οὐ

2314 2881 2628 2949 χρονίσειν
2657 2882 2689 2932 ὀ
2716 2876 2828 2931 τοῦ
2857 2876 3006 2930 Θεοῦ
3033 2879 3222 2945 Λόγος
3244 2876 3699 2945 προεφητεύετο.

2296 3013 2314 3044 ι
2344 2995 2453 3047 Καὶ
2475 2992 2744 3064 ἀπεκρίθη
2778 2992 2983 3063 Κύριος
3013 2990 3151 3063 πρός
3193 3007 3288 3061 με,
3319 2989 3417 3043 καὶ
3462 2985 3613 3043 εἴπεο
3653 2986 3788 3059 Γρά-

2218 3088 2319 3157 ψον
2348 3088 2540 3159 ὅρασιν
2570 3086 2756 3156 σαφῶς
2787 3089 2845 3140 ἐν
2878 3085 3075 3157 πυξίῳ,
3106 3087 3254 3148 ὅπως
3286 3081 3461 3154 διώκῃ
3489 3084 3518 3135 ὁ
3546 3076 3792 3149 ἀναγινώ-

534 3170 665 3239 legit
712 3185 774 3225 ea
804 3189 817 3226 :
851 3176 1107 3241 quoniam
1135 3175 1320 3230 adhuc
1365 3176 1506 3232 visio
1531 3177 1599 3233 ad
1632 3185 1868 3248 tempus,
1898 3186 1953 3234 et
1978 3181 2115 3237 orie-

2224 3194 2369 3230 σκων
2395 3175 2537 3230 αὐτά
2554 3192 2567 3205 °
2592 3176 2725 3229 διότι
2758 3175 2838 3229 ἐτι
2868 3177 3054 3247 ὅρασις
3081 3175 3161 3238 είς
3186 3173 3399 3244 καιρὸν,
3434 3172 3531 3225 καὶ
3556 3167 3793 3224 ἀνατελεῖ

535 3272 626 3316 tur
657 3264 723 3317 ad
770 3279 1074 3334 vesperam,
1110 3275 1165 3323 et
1194 3284 1304 3324 non
1339 3270 1395 3325 in
1434 3286 1660 3327 vanum.
1690 3271 1749 3327 Si
1778 3273 1990 3331 tardius
2024 3290 2118 3331 ve-

535 3353 668 3417 niet,
691 3366 949 3423 exspecta
975 3357 1163 3426 illum;
1183 3361 1444 3430 quoniam
1462 3364 1690 3419 veniens
1704 3364 1906 3429 veniet,
1933 3371 1987 3420 et
2008 3380 2117 3419 non

532 3444 862 3500 morabitur.
905 3446 962 3502 Si
994 3450 1330 3507 subtraxerit
1366 3470 1445 3519 se,
1484 3469 1594 3509 non
1644 3456 1783 3510 bene
1815 3455 1917 3511 sibi
1944 3457 2118 3526 placet

534 3533 715 3587 anima
738 3550 857 3591 mea
887 3539 941 3591 in
967 3553 1055 3594 eo.
1076 3539 1267 3596 Justus
1289 3554 1470 3598 autem
1490 3560 1557 3599 ex
1571 3543 1674 3599 ﬁde
1703 3560 1821 3600 mea
1847 3544 1991 3601 vivet
2011 3545 2111 3602 ⁷ο.»

536 3626 712 3680 Etiam
743 3627 847 3684 hoc
888 3630 1010 3685 loco
1048 3633 1225 3702 palam
1257 3650 1382 3689 eum
1413 3636 1508 3706 qui
1535 3637 1706 3701 venit,
1741 3637 1810 3693 de
1839 3654 1948 3708 quo
1984 3652 2117 3708 pro-

535 3716 714 3788 pbetze
747 3720 1068 3791 loquuntur,
1098 3734 1387 3780 venturum
1412 3729 1578 3785 canit.
1607 3727 1716 3784 Sed
1750 3730 1876 3800 quis
1898 3732 2117 3786 tandem

535 3811 626 3865 hic
673 3812 764 3876 sit,
811 3815 919 3869 nisi
965 3816 1059 3886 qui
1123 3833 1289 3888 supra
1336 3819 1571 3875 innotuit
1633 3822 1689 3875 in
1734 3823 1844 3878 illis
1889 3822 2112 3880 verbis:

542 3923 563 3956 ι
602 3904 932 3963 Benedictus
979 3910 1073 3979 qui
1126 3915 1274 3965 venit
1314 3913 1370 3966 in
1420 3915 1639 3970 nomine
1686 3913 1921 3980 Domini,
1974 3915 2119 3973 Deus

538 3994 803 4056 Dominus
834 4011 887 4056 et
921 4001 1101 4056 illuxit
1133 4003 1403 4059 nobis“?
1443 4026 1461 4058 ι
1497 4005 1654 4061 Hunc
1683 4022 1813 4061 vero
1857 4017 2116 4078 tanquam

416 4160 422 4166 _
535 4102 684 4153 eum,
716 4090 810 4160 qui
858 4091 1037 4162 ipsum
1077 4092 1263 4148 lumen
1293 4094 1387 4158 sit,
1417 4095 1486 4149 ad
1518 4112 1800 4167 vesperam
1843 4099 2115 4153 oriturum

536 4182 632 4244 ait,
684 4182 740 4236 in
792 4186 1265 4241 consummatione
1312 4185 1564 4242 videlicet
1615 4189 1962 4245 saeculorum.
2015 4189 2115 4245 Cui

536 4273 838 4329 concordat
884 4276 1048 4332 etiam
1092 4276 1410 4343 Zacharias,
1460 4277 1651 4335 dicens
1698 4298 1711 4333 :
1761 4298 1780 4330 ι
1822 4278 1963 4335 Ecce
2007 4280 2115 4348 vir,

534 4365 733 4422 Oriens
778 4384 977 4424 nomen
1001 4369 1074 4434 ei,
1110 4379 1162 4425 et
1195 4369 1386 4426 subter
1424 4386 1550 4426 eum
1591 4372 1879 4428 orietur".
1920 4392 1940 4425 ι
1971 4369 2117 4428 idem

532 4474 668 4515 vero
699 4462 968 4533 prepheta
994 4465 1158 4517 etiam
1192 4470 1406 4533 tempus
1439 4463 1735 4534 signiﬁcat,
1757 4462 1886 4519 dum
1923 4465 2119 4536 adjun-

2220 3270 2300 3332 είς
2332 3268 2526 3339 πέρας,
2562 3269 2654 3321 καὶ
2684 3268 2785 3322 οὑκ
2839 3266 3122 3342 είςκενόν.
3165 3265 3288 3318 Ἐὰν
3325 3264 3637 3336 ὑστερήσῃ,
3666 3260 3791 3315 ὑπό-

2227 3378 2409 3432 μεινον
2438 3362 2633 3414 αὐτόν·
2659 3362 2743 3415 ὅτι
2768 3362 2797 3415 ὁ
2828 3360 3120 3433 ἐρχόμενος
3153 3356 3272 3429 ἥξει
3293 3397 3308 3423 ,
3342 3357 3440 3410 καὶ
3467 3357 3529 3411 οὑ
3567 3355 3639 3427 μὴ
3681 3369 3792 3425 χρο-

2219 3450 2362 3523 νίσῃ.
2401 3452 2523 3505 Ἐάν
2552 3451 2937 3523 ὑποστείληται
2959 3491 2974 3516 ,
3005 3451 3105 3504 οὐκ
3130 3449 3339 3503 εὐδοκεῖ
3365 3449 3399 3520 ἡ
3425 3446 3571 3519 ψυχή
3617 3462 3712 3517 μου
3739 3446 3793 3497 ἐν

2220 3543 2386 3615 αὐτῷ.
2422 3545 2478 3597 '0
2500 3543 2558 3597 δέ
2589 3544 2795 3608 δίκαιος
2837 3546 2902 3597 ἐκ
2932 3541 3166 3606 πίστεώς
3209 3558 3311 3613 μου
3358 3540 3604 3611 ζήσεται.
3634 3558 3651 3589 ι
3689 3535 3792 3589 Καὶ

2220 3635 2451 3689 ἐνταῦθα
2482 3634 2775 3707 διαρρήδην
2806 3633 3100 3706 ἐρχόμενον
3138 3632 3290 3704 ἥξειν
3320 3617 3420 3685 διον
3460 3628 3793 3704 προφητευό-

2222 3745 2380 3799 μενον
2409 3726 2673 3792 θεσπίζει.
2704 3727 2802 3791 Τίς
2824 3727 2867 3780 δ’
2890 3722 2959 3798 ἧν
2991 3718 3147 3791 οὗτος
3170 3765 3188 3791 ,
3223 3726 3257 3796 ἢ
3290 3726 3319 3778 ὁ
3343 3726 3604 3799 ἀνωτέρω
3634 3723 3795 3793 δηλω-

2219 3820 2350 3883 θεὶς,
2380 3819 2522 3873 κατὰ
2552 3818 2636 3883 τὸ,
2672 3838 2691 3870 ι
2720 3817 3097 3889 Εὐλογημένος
3120 3820 3148 3871 ὁ
3177 3816 3474 3889 ἐρχόμενος
3495 3817 3554 3869 ἐν
3582 3814 3795 3885 ὀνόματι

2219 3910 2425 3980 Κυρίου
2445 3949 2460 3974 ,
2490 3910 2622 3975 Θεὸς
2650 3910 2854 3982 Κύριος
2898 3909 2993 3962 καλ⁸
3040 3908 3310 3978 ἐπέφηνεν
3344 3909 3513 3978 ἡμῖν;
3553 3925 3570 3958 ι
3603 3904 3793 3958 Τοῦτον

2217 3999 2296 4063 δὲ,
2328 3995 2415 4054 οἷα
2448 4001 2565 4070 φῶς
2593 4001 2929 4072 τυγχάνοντα
2948 4041 2964 4065 ,
2989 4002 3070 4064 είς
3092 4000 3267 4072 πέρας
3296 4000 3581 4054 ἀνατελεῖν
3614 4012 3791 4069 φησιν,

2218 4091 2311 4142 ἐπὶ
2353 4091 2635 4164 συντελείᾳ
2661 4092 2773 4147 τῶν
2804 4090 3033 4146 αἰώνων.
3067 4085 3139 4163 ᾯ
3185 4090 3399 4160 συνᾴδει
3445 4092 3542 4145 καὶ
3568 4092 3597 4143 ὁ
3628 4090 3795 4158 Ζαχα-

2223 4181 2363 4252 ρίας,
2386 4182 2557 4251 λέγων
2579 4200 2591 4212 ·
2618 4202 2637 4233 ι
2679 4182 2811 4237 Ἰδοὺ
2841 4181 3003 4253 ἀνὴρ,
3039 4181 3295 4254 Ἀνατολὴ
3309 4181 3483 4253 ὄνομα
3509 4178 3678 4251 αὐτῷ,
3705 4174 3792 4230 καὶ

2220 4275 2574 4329 ὑποκάτωθεν
2609 4273 2776 4329 αὐτοῦ
2815 4275 3070 4345 ἀνατολὴ.
3104 4294 3123 4325 ι
3156 4274 3269 4329 Καὶ
3308 4274 3402 4328 τὸν
3448 4273 3639 4347 χρόνον
3670 4272 3795 4325 ὑπο-

2222 4366 2499 4440 σημαίνων
2527 4369 2556 4420 ὁ
2588 4366 2749 4431 αὐτὸς
2771 4365 3039 4435 ἐπιλέγειο
3072 4386 3090 4416 ι
3120 4365 3195 4419 Τὸ
3228 4365 3362 4437 πρὸς
3386 4365 3628 4438 ἑσπέραν
3650 4363 3794 4417 ἔσται

2222 4460 2357 4530 φῶς.
2402 4460 2527 4513 Ἐὰν
2587 4459 2892 4531 ὑστερήσῃ,
2932 4457 3226 4529 ὑπόμεινον
3255 4456 3446 4510 αὐτόν·
3479 4477 3500 4510 ι
3536 4456 3653 4511 ἀνθ’
3683 4449 3740 4508 οὗ
3767 4454 3795 4504 ὁ

535 4551 710 4621 git".-
747 4571 767 4603 ι
808 4553 888 4607 Ad
915 4568 1200 4623 vesperam
1231 4556 1338 4610 erit
1361 4555 1565 4620 lumen,
1592 4556 1637 4611 si
1672 4556 1883 4613 tardius
1908 4559 2113 4623 veniet,

2233 4553 2467 4617 Ἀκύλας
2514 4552 2843 4623 πεποίηκενο
2885 4569 2904 4602 ι
2944 4550 3072 4606 Ἐὰν
3113 4550 3171 4604 δὲ
3205 4548 3467 4621 μελλήσῃ,
3504 4548 3794 4622 προσδέχου

535 4652 796 4716 exspecta
831 4645 1005 4699 illum.
1040 4665 1061 4698 ι
1086 4645 1194 4701 Pro
1223 4662 1334 4718 quo
1362 4647 1560 4719 Aquila
1595 4646 1678 4703 sic
1705 4648 1945 4704 reddidit
1969 4665 1980 4699 :
2008 4670 2027 4702 ι
2058 4648 2116 4706 Si

535 4750 666 4789 vero
718 4735 1091 4803 cunctabitur,
1129 4738 1317 4808 accipe
1359 4738 1535 4808 illum,
1579 4740 1843 4810 quoniam
1892 4742 2118 4798 veniens

535 4829 737 4892 veniet,
767 4834 822 4882 et
860 4842 970 4882 non
1022 4818 1280 4884 tardabit.
1324 4849 1344 4881 ι
1382 4829 1457 4887 De
1500 4831 1604 4887 hoc
1639 4842 1822 4888 autem
1871 4833 2118 4890 meminit

536 4921 703 4976 etiam
734 4921 801 4975 ad
834 4920 1094 4978 Hebraeos
1127 4921 1392 4993 Epistola,
1423 4924 1514 4979 ubi
1544 4926 1621 4980 ait
1649 4946 1662 4981 :
1701 4945 1721 4976 σ
1743 4925 1922 4982 Nolite
1951 4928 2115 4998 igitur

537 5013 779 5084 adjicere
810 5014 1200 5071 conﬁdentiam
1241 5024 1500 5081 vestram,
1534 5033 1654 5088 qua:
1673 5033 1922 5089 magnam
1954 5018 2120 5075 habet

537 5104 1057 5160 remunerationem.
1114 5103 1387 5161 Patientia
1434 5108 1579 5163 enim
1636 5108 1801 5164 vobis
1857 5124 2115 5164 necessa-

537 5197 620 5251 ria
672 5205 777 5262 est,
841 5204 899 5251 ut
955 5198 1293 5254 voluntatem
1330 5198 1427 5255 Dei
1474 5198 1774 5265 facientes,
1830 5201 2120 5271 reportetis

538 5288 703 5360 277
744 5290 1192 5360 promissionem.
1235 5291 1430 5346 Adhuc
1469 5294 1615 5348 enim
1655 5291 1971 5358 modicum,
2013 5294 2117 5348 ali-

537 5384 1016 5453 quantulumque,
1059 5386 1154 5456 qui
1202 5397 1468 5442 venturus
1513 5394 1600 5442 est
1644 5387 1861 5450 veniet,
1906 5394 1962 5441 et
2004 5403 2116 5443 non

537 5475 797 5529 tardabit.
842 5472 1035 5531 Justus
1064 5488 1243 5533 autem
1278 5493 1343 5533 ex
1376 5476 1481 5534 ﬁde
1511 5493 1633 5534 mea
1665 5478 1852 5545 vivet;
1887 5478 2035 5549 quod
2069 5478 2116 5534 si

536 5567 875 5623 subtraxerit
907 5582 968 5623 se
988 5608 1003 5627 .
1036 5584 1147 5623 non
1180 5569 1320 5624 bene
1349 5568 1455 5626 sibi
1486 5569 1663 5640 placet
1694 5568 1879 5623 anima
1907 5584 2027 5624 mea
2059 5569 2117 5625 in

2221 4646 2416 4712 αὐτὸν,
2444 4645 2527 4698 ὅτι
2559 4644 2854 4715 ἐρχόμενος
2895 4642 3050 4715 ἥξει,
3087 4644 3181 4696 καὶ
3211 4643 3271 4696 οὑ
3308 4642 3583 4715 βραδυνεῖ.
3618 4662 3637 4695 ι
3669 4638 3797 4693 Τού-

2220 4756 2314 4793 του
2350 4737 2409 4791 δέ
2443 4737 2716 4809 μέμνηται
2745 4736 2839 4790 καὶ
2873 4738 2907 4807 ἡ
2933 4736 3070 4808 πρὸς
3101 4735 3386 4807 Ἐϐραίους
3420 4733 3707 4805 Ἐπιστολὴ
3731 4732 3795 4787 δι’

2222 4823 2297 4884 ὧν
2327 4844 2491 4900 φησιο
2530 4847 2547 4879 ι
2584 4826 2678 4899 Μὴ
2711 4826 3021 4898 ἀποϐάλητε
3045 4821 3137 4880 οὖν
3160 4825 3258 4897 τὴν
3283 4827 3597 4898 παρρησίαν
3626 4824 3795 4897 ὑμῶν,

2220 4923 2344 4993 ἥτις
2388 4920 2500 4993 ἔχει
2549 4918 2795 4993 μεγάλην
2845 4917 3286 4991 μισθαποδοσίαν.
3335 4918 3650 4991 Ὑπομονῆς
3693 4917 3795 4988 γὰρ

2223 5015 2376 5087 ἔχετε
2404 5014 2595 5087 χρείαν
2615 5053 2637 5078 ,
2665 5013 2751 5067 ἵνα
2770 5052 2786 5077 ,
2815 5012 2876 5066 τὸ
2905 5010 3115 5083 θέλημα
3155 5009 3250 5065 τοῦ
3272 5009 3408 5065 Θεοῦ
3438 5012 3793 5083 ποιήσαντες,

2222 5107 2523 5180 κομίσησθε
2550 5105 2650 5178 τὴν
2681 5105 3034 5175 ἐπαγγελίαν.
3068 5104 3190 5158 Ἔτι
3227 5103 3337 5175 γὰρ
3372 5105 3569 5177 μικρὸν
3602 5105 3743 5168 ὅσον,
3768 5103 3797 5157 ὁ

2222 5199 2517 5273 ἐρχόμενος
2543 5196 2696 5269 ἣξει,
2721 5196 2816 5250 καὶ
2845 5196 2906 5249 οὑ
2937 5197 3160 5267 χρονιεῖ.
3206 5195 3264 5249 '0
3287 5195 3344 5249 δὲ
3375 5195 3584 5259 δίκαιος
3613 5196 3678 5249 ἐκ
3709 5191 3795 5247 πί-

2227 5291 2396 5356 στεώς
2442 5307 2544 5362 μου
2580 5290 2836 5361 ζήσεται·
2867 5289 2962 5341 καὶ
3001 5286 3097 5340 ἐὰν
3130 5287 3547 5362 ὑποστείληται,
3576 5288 3678 5343 οὐκ
3705 5285 3795 5340 εὑ-

2220 5383 2369 5437 δοκεῖ
2405 5383 2439 5454 ἡ
2476 5380 2619 5452 ψυχή
2659 5397 2758 5451 μου
2799 5381 2862 5432 ἐν,
2887 5378 3052 5449 αὐτῷ.
3088 5399 3106 5431 ι
3144 5379 3255 5432 Καὶ
3287 5380 3391 5450 ὅρα
3419 5397 3506 5450 γε,
3534 5382 3682 5444 ὅπως
3711 5378 3797 5433 διὰ

2220 5476 2425 5530 τούτων
2457 5475 2684 5545 ἀσαφῶς
2711 5473 2965 5545 κείμενον
2992 5473 3053 5527 τὸ
3084 5475 3442 5546 προφητικὸν,
3471 5476 3562 5530 διὰ
3588 5476 3649 5531 τὸ
3676 5474 3792 5530 καθ’

2222 5567 2530 5640 ὑπερϐατὸν
2577 5566 2859 5639 εἰρῆσθαι,
2909 5566 3001 5617 ἐπὶ
3025 5564 3085 5619 τὸ
3116 5567 3448 5640 σαφέστερον
3472 5571 3506 5640 ἡ
3542 5566 3793 5637 ἐπιστολὴ

599 5776 644 5807 ⁸³
694 5788 858 5846 Micb.
889 5807 963 5858 vi,
998 5789 1115 5846 6-8.
1194 5791 1241 5823 "
1269 5789 1473 5848 Habac.
1508 5808 1566 5858 ιι,
1595 5790 1705 5849 24.
1782 5795 1825 5827 ’τ’
1854 5791 2000 5848 Psal.
2025 5808 2116 5849 cxi

2220 5793 2282 5849 τε
2380 5794 2425 5827 τ’
2455 5749 2617 5849 Ζᾷριι.
2651 5810 2723 5862 Vl,
2758 5793 2843 5852 ιε.
2919 5796 2964 5828 τι
2994 5793 3196 5852 Habac.
3239 5814 3299 5866 η,
3325 5798 3378 5855 3.
