4100 6430
318 292 410 347 ul
1120 264 1125 277 κ
1226 295 1878 355 DEMONSTRATIONIS
1912 298 2371 357 EVANGELICE
2409 300 2541 356 LIB.
2576 300 2668 359 Vl.
3458 307 3568 361 442

312 415 607 487 διείληιρεν.
649 414 712 467 Ἠ
744 415 840 486 μὲν
870 416 978 487 γὰρ
1004 418 1102 488 τῆς
1122 419 1452 489 προφητείας
1475 419 1640 485 λέξις,
1671 441 1688 473 ι
1711 423 1771 475 '0
1800 425 1872 494 ὲρ-

1992 437 2057 480 eo
2087 422 2155 478 ".
2193 441 2212 475 3
2245 422 2310 478 Et
2364 438 2497 480 sane
2553 430 2776 495 specta,
2830 424 3286 495 quemadmodum
3337 428 3482 496 quod
3531 442 3562 481 a

312 507 566 577 κύμενθς,
601 524 617 556 ι
650 505 834 576 φησὶν,
872 526 890 557 ι
919 508 1036 578 ἥξει
1056 549 1070 573 ,
1094 509 1189 561 καλ⁸
1215 510 1274 561 οὑ
1306 510 1563 580 χρονίσει.
1598 531 1617 563 3
1644 513 1755 566 Kal.
1776 514 1872 567 ὲπι

1996 516 2264 586 propheta
2312 515 2605 571 obscurius
2644 517 2881 586 positum
2923 525 3036 582 est,
3087 524 3376 589 propterea
3413 518 3558 589 quod

312 599 502 669 φέρει·
539 618 559 650 ι
600 598 725 652 Ἐὰν
746 598 1160 671 ὑποστείληται,
1180 603 1279 656 οὑκ
1312 602 1522 657 εὐδοκεῖ
1547 606 1581 677 ἡ
1612 605 1756 677 ψυχή
1788 623 1890 677 μου

309 694 368 745 ἐν
394 692 567 765 αὑτῷ,
597 714 615 746 3
646 695 782 765 ὅπερ
818 695 1238 766 συναπτόμενον,
1263 698 1557 766 ἀνάγεσθαι
1591 698 1793 765 δόξειεν
1824 699 1891 753 ἃν

308 786 403 838 ἐπὶ
452 786 544 839 τὸν
585 787 911 858 ἐρχόμενον,
945 789 1039 842 καὶ
1088 789 1148 842 ού
1184 790 1531 861 χρονίζοντα,
1565 793 1700 863 ὅπερ
1744 792 1890 847 ἐστὶν

304 878 531 933 ἄτοπον.
568 880 693 943 Πῶς
720 879 828 951 γὰρ
873 882 959 934 ἐπ’
1003 882 1208 936 ἐκεῖνον
1253 886 1481 957 ἁρμόσει
1531 886 1592 939 τὸ
1635 886 1889 956 λέγεσθαι

308 968 384 1041 μὴ
415 971 657 1026 εύδοκεῖν
684 974 741 1026 ἐν
773 972 921 1045 αὑτῷ
942 974 1034 1027 τὸν
1068 975 1199 1028 Θεόν
1220 994 1234 1041 ;
1253 977 1391 1031 Ἀλλ’
1416 981 1449 1051 ἡ
1475 980 1573 1051 τῆς
1601 980 1887 1050 διαστολῆς

306 1063 612 1134 παράθεσις
641 1064 977 1130 ἐναλλάξασα
1010 1066 1105 1139 τὴν
1135 1068 1230 1121 τοῦ
1270 1070 1428 1139 λόγου
1476 1071 1748 1139 σύνταξιν,
1788 1072 1886 1145 τὴν

304 1156 544 1209 διάνοιαν
580 1156 839 1212 ἐσώσατο.
874 1160 1029 1212 Μετὰ
1055 1159 1161 1233 γὰρ
1184 1162 1266 1227 τὸ,
1303 1181 1322 1215 ι
1354 1164 1474 1217 Ἔτι
1512 1164 1705 1237 μικρὸν
1737 1165 1881 1232 ὅσον,

303 1247 332 1298 ὁ
358 1247 655 1318 ἐρχόμενος
682 1248 821 1319 ἣξει,
858 1251 949 1303 καὶ
972 1251 1031 1303 οὑ
1067 1253 1334 1323 χρονίσει,
1370 1272 1387 1304 3
1413 1252 1539 1324 ἑξῆς
1565 1254 1767 1325 συνῆψε
1798 1255 1879 1319 τὸ,

308 1356 327 1388 ι
367 1337 429 1389 Ὀ
452 1336 509 1391 δὲ
537 1338 741 1403 δίκαιος
775 1340 838 1392 ἐκ
876 1340 1109 1404 πίστεως
1137 1342 1383 1413 ζήσεται.
1412 1363 1429 1395 3
1470 1341 1602 1398 Εἶτα
1629 1344 1690 1397 τὸ
1724 1347 1781 1398 ὲν
1812 1349 1878 1417 τῇ

302 1429 613 1501 προφητείᾳ
635 1429 849 1501 πρῶτον
871 1430 1140 1502 κείμενον,
1171 1431 1402 1499 ὑπέταξε
1429 1434 1678 1508 δεύτερον
1704 1438 1760 1489 ἐν
1779 1436 1877 1508 τῷ,

300 1539 319 1568 ε
352 1520 467 1573 Καὶ
498 1518 595 1574 ἐὰν
631 1521 1040 1593 ὑποστείληται,
1074 1525 1172 1577 οὑκ
1222 1526 1429 1579 εὐδοκεῖ
1460 1527 1492 1598 ἡ
1525 1527 1667 1600 ψυχή
1697 1545 1797 1599 μου
1820 1530 1878 1582 ἐν

294 1610 469 1682 αὐτῷ.
512 1632 533 1663 ι
573 1612 753 1678 Ἂπαξ
784 1613 890 1686 γὰρ
922 1614 1185 1680 θεσπίσας
1224 1618 1253 1669 ὁ
1291 1615 1446 1687 λόγος
1475 1618 1562 1672 διὰ
1596 1620 1695 1689 τῆς
1747 1638 1878 1691 προ-

292 1705 560 1777 φητείας,
594 1706 675 1759 ὅτι
702 1706 765 1779 δὴ
795 1707 855 1761 τὸ
881 1707 996 1776 φῶς
1028 1708 1088 1762 τὸ
1124 1712 1256 1763 πᾶσι
1298 1712 1411 1775 τοῖς
1450 1710 1654 1765 ἔθνεσιν
1699 1715 1873 1784 ἐπηγ-

291 1795 585 1867 γελμένον,
624 1796 712 1851 διὰ
737 1798 845 1868 ’τῆς
878 1799 1115 1870 Χριστοῦ
1162 1802 1464 1873 παρουσίας
1503 1802 1600 1872 ὀψέ
1628 1821 1757 1857 ποτε
1783 1805 1874 1858 καὶ

289 1890 539 1961 ἐστ-ερας
581 1890 832 1944 ἀνατελεῖ
856 1932 870 1956 ,
924 1892 1019 1946 καὶ
1059 1893 1121 1945 οὑ
1157 1892 1501 1964 διαψεύσεται
1556 1895 1730 1965 (οὕτω
1767 1894 1873 1970 γὰρ

290 1980 419 2032 ἀντὶ
448 1979 565 2045 τοῦ,
600 1999 618 2032 ι
651 1981 744 2034 καὶ¹
778 1981 877 2035 οὑκ
913 1984 992 2046 εἰς
1018 1984 1194 2047 κενὸν,
1231 2003 1249 2035 3
1288 1986 1316 2038 ό
1350 1985 1578 2049 Ἀκύλας
1604 1986 1876 2057 ἡρμήνευ-

290 2074 409 2142 σεν)
432 2091 445 2103 ·
488 2074 677 2128 ἔπειτα
702 2074 789 2128 διὰ
821 2074 881 2128 τὸ
913 2074 1125 2146 μέλλειν
1153 2076 1251 2147 ὀψὲ
1270 2077 1364 2131 καὶ
1391 2077 1629 2148 ἑσπέρας
1656 2076 1873 2129 ἔσεσθαι

287 2164 393 2236 τὴν
411 2165 505 2219 τοῦ
527 2167 999 2238 προφητεύομένου
1026 2167 1346 2237 παρουσίαν,
1363 2169 1442 2231 εἰς
1467 2167 1744 2238 ὑπομονὴν
1770 2183 1875 2220 πα-

287 2258 602 2331 ρακαλέσας
617 2257 704 2312 διὰ
718 2257 835 2324 τοῦ,
847 2279 865 2309 ι
890 2259 1015 2312 Ἐὰν
1034 2261 1329 2331 ὑστερήσῃ,
1346 2259 1637 2330 ὑπόμεινον
1654 2258 1833 2319 αὑτὸν,
1848 2278 1867 2309 3

282 2351 324 2421 ἢ
360 2370 377 2401 ‹
409 2352 505 2404 ἐὰν
548 2351 790 2424 μελλήσῃ
842 2352 1138 2424 προσδέχου
1178 2352 1375 2405 αὐτόν’
1421 2352 1501 2405 ὅτι
1531 2352 1559 2402 ὁ
1582 2353 1873 2422 ἐρχόμενος

282 2441 410 2512 ἥξει
453 2445 545 2498 καὶ
588 2446 647 2498 οὐ
709 2444 784 2516 μὴ
838 2446 1103 2518 χρονίσῃ,
1148 2464 1165 2496 3
1231 2445 1322 2497 ἐπὶ
1383 2442 1481 2515 τὴν
1547 2444 1727 2497 πίστιν
1757 2443 1872 2514 πῆς

286 2539 646 2609 προρρήσεως
687 2537 781 2590 τὸν
825 2537 1098 2609 ἀκροατὴν
1142 2538 1402 2609 παρορμᾷ
1439 2536 1651 2605 λέγων·
1713 2538 1770 2589 '0
1806 2536 1869 2609 δὴ

282 2629 501 2692 τούτοις
528 2628 834 2693 πιστεύων,
880 2629 939 2695 ἐξ
969 2629 1139 2699 αὑτῆς
1184 2629 1283 2699 τῆς
1320 2629 1554 2693 πίστεως
1593 2627 1755 2681 αὑτοῦ
1792 2627 1871 2680 δί-

283 2738 449 2785 καιος
476 2722 811 2793 ἀναδειχθεὶς
832 2762 845 2787 ,
877 2722 973 2793 τὴν
1007 2721 1149 2775 κατὰ
1177 2722 1311 2774 Θεὸν
1342 2721 1565 2793 ζήσεται
1595 2721 1740 2792 ζωήν
1759 2738 1772 2750 ο
1794 2721 1870 2785 ὡς

284 2813 524 2884 ἔμπαλιν
545 2816 573 2867 ό
595 2812 860 2878 ἀπιστῶν,
885 2817 941 2867 ὲν
962 2808 1043 2878 οἷς
1066 2814 1443 2885 ὑποστείληται
1468 2811 1542 2884 μὴ
1567 2812 1864 2884 θαρσήσας,

288 2906 427 2977 μηδὲ
445 2905 813 2976 ἐμπιστεύσας
832 2909 944 2971 τοῖς
964 2908 1085 2979 είρη
1095 2907 1296 2978 μένοις,
1311 2908 1411 2960 οὑκ
1437 2907 1648 2959 εὐδοκεῖ
1669 2907 1700 2976 ἡ
1720 2906 1863 2977 ψυχή

287 3014 392 3067 μου
426 2999 481 3050 ὲν
514 2997 682 3070 αὑτῷ.
721 2998 931 3052 Οὐκοῦν
978 2999 1071 3052 καὶ
1104 2999 1256 3051 αὐτοὶ
1284 2998 1493 3062 τούτοις
1523 2996 1860 3061 ἀκολούθως,

282 3089 673 3156 ἐναλλάξαντες
699 3090 758 3143 τὸ
786 3089 1000 3161 πρῶτον
1032 3089 1257 3163 ὕστερον
1276 3131 1290 3157 ,
1329 3092 1421 3144 καὶ
1458 3090 1779 3162 μεταθέντες
1804 3088 1864 3143 τὸ

1992 622 2089 676 ρει·
2124 606 2497 678 traiectionem
2534 608 2803 678 prolatum
2839 608 2932 671 sit,
2972 608 3217 679 Epistola
3247 610 3304 664 in
3335 624 3557 665 sensum

1992 698 2292 769 planiorem
2323 699 2706 765 transtulerit;
2743 699 2909 754 verba
2950 701 3096 755 enim
3138 701 3438 773 prophetia:
3474 701 3555 757 sic

1989 788 2192 844 habent
2226 806 2240 844 :
2276 807 2295 841 ι
2329 788 2570 846 Veniens
2599 790 2810 855 veniet,
2843 802 2897 847 et
2929 807 3040 846 non
3074 792 3418 861 morabitur;
3451 810 3469 845 3
3502 802 3556 848 et

1989 879 2235 953 adjungit
2264 901 2277 937 :
2312 900 2331 934 ι
2365 880 2421 936 Si
2457 882 2792 938 subtraxerit
2821 898 2910 947 se,
2941 898 3051 938 non
3082 884 3221 940 bene
3247 884 3352 939 sibi
3378 885 3559 955 placet

1990 974 2175 1029 anima
2204 990 2323 1029 mea
2357 975 2412 1028 in
2443 989 2530 1031 eo.
2564 994 2582 1027 3
2609 974 2764 1041 Quod
2795 976 3014 1042 quidem
3055 976 3183 1031 dum
3219 977 3291 1031 ita
3327 978 3554 1049 conjun-

1984 1066 2147 1135 gitur,
2185 1064 2343 1122 facile
2377 1066 2726 1122 referendum
2760 1083 2883 1124 esse
2918 1069 3170 1124 videatur
3202 1068 3267 1123 ad
3301 1085 3423 1124 eum
3457 1071 3551 1141 qui

1982 1167 2248 1214 venturus
2273 1166 2389 1224 est,
2418 1167 2474 1215 et
2501 1175 2611 1215 non
2641 1161 2983 1228 morabitur;
3018 1168 3074 1215 at
3101 1161 3153 1216 id
3181 1161 3399 1231 quidem
3430 1178 3555 1232 per-

1982 1268 2144 1324 quam
2189 1252 2509 1308 absurdum.
2550 1252 2654 1320 Qui
2693 1255 2838 1309 enim
2882 1254 2998 1309 ﬁeri
3038 1263 3214 1325 potest
3253 1262 3313 1309 ut
3349 1255 3427 1310 illi
3459 1271 3553 1310 ac-

1980 1342 2360 1399 commodetur
2396 1344 2543 1415 quod
2582 1345 2805 1409 dicitur,
2847 1360 2958 1398 non
2996 1346 3212 1414 placere
3249 1345 3352 1400 sibi
3393 1345 3446 1398 in
3485 1360 3554 1401 eo

1979 1435 2216 1489 animam
2248 1451 2402 1491 suam
2422 1477 2437 1501 ,
2465 1436 2512 1491 si
2540 1435 2607 1491 de
2632 1434 2743 1492 Deo
2775 1436 2847 1491 sit
2880 1435 3106 1491 sermo?
3135 1433 3242 1490 Sed
3270 1435 3551 1491 distinctio

1977 1543 2098 1598 quae
2128 1528 2372 1598 apposita
2404 1538 2524 1593 est,
2556 1544 2682 1584 cum
2725 1528 3016 1583 verborum
3064 1536 3398 1584 structuram
3429 1543 3553 1583 mu-

1977 1619 2208 1682 taverit,
2238 1635 2460 1675 sensum
2492 1622 2853 1677 conservavit.
2886 1620 3019 1675 Nam
3054 1628 3178 1691 post
3205 1621 3336 1675 illud
3362 1638 3375 1675 :
3402 1639 3420 1672 ι
3447 1620 3552 1676 Ad-

1976 1709 2084 1765 huc
2123 1709 2396 1765 modicum
2439 1711 2979 1782 aliquantulumque,
3020 1709 3115 1781 qui
3160 1717 3423 1765 venturus
3464 1719 3551 1766 est

1974 1802 2182 1866 veniet,
2219 1810 2274 1858 et
2300 1819 2410 1858 non
2443 1803 2715 1869 tardabit,
2749 1822 2768 1856 3
2797 1803 3056 1857 continuo
3087 1801 3335 1871 adiunxit
3368 1801 3545 1859 illud:

1980 1911 1999 1943 ι
2033 1891 2225 1949 Justus
2266 1902 2447 1949 autem
2486 1910 2554 1950 ex
2594 1893 2700 1949 ﬁde
2737 1894 2903 1957 vivet,
2936 1912 2955 1945 3
2990 1892 3194 1949 Deinde
3229 1893 3362 1949 illud
3399 1891 3547 1964 quod

1973 1983 2030 2039 in
2071 1986 2360 2055 prophetia
2408 1987 2645 2057 primum
2684 1988 2918 2057 positum
2967 1994 3084 2049 est,
3136 1985 3377 2042 secundo
3424 1987 3553 2051 loco,

1972 2077 2238 2145 subjecit,
2290 2078 2380 2133 ubi
2435 2078 2549 2132 ait:
2582 2097 2601 2131 ι
2631 2078 2786 2145 Quod
2830 2077 2876 2132 si
2923 2078 3253 2134 subtraxerit
3300 2093 3385 2144 se,
3434 2092 3547 2134 non

1972 2168 2110 2224 bene
2160 2169 2266 2225 sibi
2302 2170 2478 2240 placet
2508 2170 2689 2225 anima
2720 2185 2838 2226 mea
2872 2170 2927 2224 in
2955 2186 3041 2224 eo.
3071 2190 3089 2222 3
3113 2169 3248 2225 Cum
3282 2170 3425 2225 enim
3458 2186 3546 2226 se-

1971 2261 2075 2316 mel
2112 2261 2394 2315 oraculum
2427 2277 2523 2333 per
2552 2262 2727 2333 ipsam
2759 2262 3098 2332 prophetiam
3133 2261 3433 2326 cecinerit,
3468 2261 3547 2315 lu-

1971 2370 2088 2409 cem
2121 2354 2377 2409 omnibus
2413 2355 2740 2423 promissam
2783 2355 3037 2422 gentibus
3074 2368 3173 2423 per
3203 2352 3405 2408 Christi
3445 2353 3543 2408 ad-

1970 2454 2189 2502 ventum
2213 2446 2506 2517 aliquando
2529 2447 2745 2502 tandem
2773 2455 2826 2502 et
2848 2448 2913 2501 ad
2939 2460 3223 2516 vesperum
3253 2446 3540 2512 orituram,

1967 2545 2022 2592 et
2051 2553 2160 2592 non
2203 2538 2590 2594 frustraturam
2650 2540 2753 2611 (sie
2800 2540 2945 2594 enim
2998 2553 3099 2609 pro
3140 2553 3205 2594 eo
3257 2537 3402 2608 quod
3423 2545 3538 2601 est,

1976 2647 1996 2681 ι
2027 2638 2082 2684 et
2130 2645 2241 2684 non
2289 2631 2344 2685 in
2392 2646 2633 2695 vanum,
2667 2650 2686 2683 3
2715 2631 2911 2701 Aquila
2957 2637 3042 2685 est
3089 2631 3538 2700 interpretatus);

1968 2720 2166 2776 deinde
2214 2720 2359 2791 quod
2412 2736 2536 2777 sero
2582 2728 2635 2777 et
2687 2721 2753 2776 ad
2806 2736 3090 2791 vesperum
3138 2719 3357 2776 futurus
3396 2728 3541 2777 esset

1966 2809 2119 2879 ejus,
2166 2810 2233 2866 de
2281 2826 2391 2882 quo
2433 2811 2719 2881 prophetia
2760 2811 3023 2880 loquitur,
3074 2810 3372 2876 adventus,
3417 2810 3539 2866 ideo

1966 2900 2074 2958 illis
2122 2902 2307 2957 verbis
2332 2944 2347 2968 ,
2381 2922 2400 2955 ι
2434 2900 2491 2957 Si
2522 2904 2733 2959 tardius
2766 2902 2979 2970 veniet,
3013 2909 3269 2973 exspecta
3299 2902 3482 2967 illum,
3512 2921 3533 2956 3

1965 2991 2069 3056 vel,
2098 3011 2117 3045 ι
2142 2993 2189 3049 si
2209 2994 2584 3057 cunctabitur,
2612 2994 2798 3064 accipe
2821 2994 2970 3050 illum
2996 3012 3010 3062 ;
3035 2994 3294 3064 quoniam
3312 2994 3540 3049 veniens

1964 3085 2144 3140 veniet
2163 3125 2179 3151 ,
2205 3095 2259 3139 et
2282 3100 2390 3140 non
2418 3085 2656 3139 tardabit
2680 3125 2695 3150 ,
2728 3105 2746 3137 3
2774 3085 2840 3140 ad
2865 3085 3179 3156 patientiam
3207 3099 3408 3141 vocans
3440 3100 3540 3139 au-~

281 3181 511 3254 ὕστερον
542 3182 633 3235 ἐπὶ
655 3183 714 3236 τὸ
736 3182 971 3254 πρῶτον,
999 3182 1245 3254 σώσομεν
1266 3183 1354 3237 τὸν
1376 3183 1500 3236 νοῦν
1522 3182 1622 3251 τῆς
1642 3180 1859 3247 λέξεως,

1971 3147 2193 3233 ditorem
2215 3218 2230 3243 ,
2262 3184 2324 3232 ut
2347 3177 2607 3233 vaticinio
2636 3147 2793 3233 ﬁdem
2827 3147 3112 3245 adhibeat,
3144 3178 3417 3242 hortatur,
3451 3177 3539 3233 di-

280 3275 424 3343 μετα
449 3274 545 3337 τὸ,
583 3294 601 3325 ι
632 3276 749 3328 Ὀτι
776 3277 804 3329 ὁ
836 3275 1127 3346 ἐρχόμενος
1159 3274 1298 3347 ἥξει,
1334 3276 1427 3329 καὶ
1458 3276 1516 3328 οὑ
1540 3274 1809 3347 χρονίσει,
1839 3292 1859 3325 3

278 3365 405 3419 καθ’
433 3366 739 3437 ὑπερϐατὸν
769 3367 1130 3430 συνάπτοντες
1157 3368 1217 3421 τὸ
1239 3408 1253 3432 ,
1293 3387 1312 3419 ι
1354 3370 1411 3421 ’0
1440 3367 1496 3421 δὲ
1526 3367 1731 3432 δίκαιός
1762 3384 1862 3438 μου

274 3457 344 3509 ἐκ
395 3456 630 3520 πίστεως
677 3455 937 3527 ζήσεται,
977 3474 996 3507 3
1026 3455 1120 3508 καὶ
1152 3455 1327 3526 τούτῳ
1374 3455 1716 3523 ἐπιλέγοντες
1759 3452 1858 3516 τὸ,

279 3568 300 3600 ι
350 3549 478 3602 Ἐὰν
520 3549 936 3619 ὑποστείληται,
983 3549 1086 3601 οὑκ
1126 3547 1339 3601 εὐδοκεῖ
1380 3548 1413 3618 ἡ
1457 3546 1601 3617 ψυχή
1640 3563 1741 3618 μου
1802 3546 1859 3599 ὲν

274 3640 449 3712 αὑτῷ.
472 3661 489 3691 3
515 3639 698 3712 Ταύτῃ
723 3641 780 3694 δὲ
810 3642 905 3694 καὶ¹
925 3643 954 3694 ὁ
990 3639 1221 3703 Ἀκύλας
1251 3641 1317 3711 τῇ
1346 3638 1553 3709 διανοίᾳ
1577 3636 1859 3708 συντρέχει

274 3733 455 3801 λέγων
477 3750 491 3762 ·
521 3753 539 3783 ι
581 3732 707 3786 Ἐὰν
744 3731 984 3804 μελλήσῃ
1012 3773 1026 3796 ,
1060 3730 1354 3803 προσδέχου
1386 3728 1568 3793 αὑτὸν,
1598 3731 1681 3783 ὅτι
1705 3728 1862 3800 ἐρχό-

278 3839 445 3894 μενος
474 3822 784 3887 ἐλεύσεται,
810 3823 904 3877 καὶ
935 3823 995 3875 οὑ
1025 3821 1277 3892 βραδυνεῖ
1296 3840 1309 3852 υ
1354 3820 1460 3873 ἰδοὺ
1488 3819 1875 3890 νωχελευομέο.

274 3932 394 3979 νου,
430 3916 529 3967 οὑκ
558 3913 744 3967 εὑθεῖα
773 3912 975 3985 ἡψυχὴ
1013 3930 1115 3985 μου
1151 3915 1208 3967 ἐν
1239 3910 1408 3981 αὑτῷ,
1436 3910 1530 3963 καὶ
1560 3911 1768 3973 δίκαιος
1800 3910 1857 3961 ἐν

275 4007 461 4060 πίστει
496 4006 657 4060 αὑτοῦ
686 4006 927 4078 ζήσεται.
967 4025 985 4057 3

1959 3284 2090 3324 cens
2110 3308 2125 3333 ,
2157 3285 2283 3326 eum
2311 3270 2405 3340 qui
2434 3269 2520 3324 his
2550 3270 2715 3325 rebus
2744 3268 3038 3325 crediderit
3057 3311 3073 3336 ,
3103 3270 3195 3324 ubi
3226 3285 3292 3325 ex
3325 3284 3423 3324 sua
3454 3267 3537 3341 ip-

1960 3358 2076 3419 sius
2121 3362 2224 3419 ﬁde
2263 3363 2449 3439 justus
2491 3362 2806 3418 declaratus
2839 3361 3039 3420 fuerit.
3072 3361 3241 3416 vitam
3269 3376 3391 3431 qua:
3426 3360 3535 3415 Deo

1958 3454 2190 3524 placeat,
2223 3453 2515 3515 victurum,
2552 3453 2694 3508 sicut
2725 3469 2756 3508 e
2812 3453 3111 3516 contrario,
3145 3451 3237 3520 qui
3277 3466 3387 3506 non
3415 3466 3537 3505 cre-

1956 3545 2185 3610 diderit,
2233 3545 2327 3599 ubi
2362 3544 2695 3601 subtraxerit
2737 3557 2834 3607 se,
2881 3557 2989 3597 non
3032 3540 3317 3596 conﬁdens
3355 3555 3534 3611 neque

1958 3635 2188 3691 credens
2217 3634 2305 3690 his
2337 3649 2458 3705 qua:
2485 3633 2631 3688 dicta
2666 3639 2829 3698 sunt,
2865 3631 3107 3685 futurum
3152 3638 3213 3683 ut
3256 3644 3363 3683 non
3396 3629 3534 3684 bene

1958 3724 2062 3780 sibi
2088 3725 2300 3795 placeat
2323 3725 2504 3778 anima
2534 3724 2589 3778 in
2610 3738 2696 3779 eo.
2725 3718 2867 3793 Ergo
2889 3738 2991 3778 nos
3021 3736 3242 3791 quoque
3268 3724 3386 3791 ipsa
3417 3720 3532 3775 haec

1955 3828 2281 3887 sequentes,
2328 3818 2374 3872 si
2416 3814 2935 3871 commutaverimus
2979 3813 3056 3867 ita
3102 3822 3164 3868 ut
3197 3812 3344 3884 quod
3378 3812 3533 3884 prius

1954 3915 2072 3970 est,
2108 3906 2415 3975 posterius,
2447 3904 2594 3975 quod
2632 3920 2763 3960 vero
2808 3904 3084 3974 posterius
3118 3912 3238 3969 est,
3288 3904 3530 3958 transla-

1953 4006 2070 4053 tum
2119 3998 2274 4067 prius
2317 3997 2620 4062 faciamus,
2656 4011 2879 4051 sensum
2924 3997 3215 4051 verborum
3258 3997 3528 4066 integrum

274 4102 764 4157 conservabimus:
801 4102 882 4158 sic
914 4102 1058 4157 enim
1094 4108 1219 4172 post
1262 4098 1416 4165 illud,
1452 4117 1469 4148 ι
1502 4097 1772 4164 Quoniam
1817 4096 2044 4151 veniens
2068 4093 2249 4147 veniet
2277 4099 2331 4147 et
2361 4107 2471 4146 non
2500 4091 2822 4156 morabitur,
2846 4109 2864 4142 ι
2903 4090 3087 4146 statim
3138 4089 3529 4161 subjungemus

274 4196 433 4263 illud,
462 4216 481 4249 ι
509 4194 699 4253 Justus
732 4206 911 4254 autem
936 4212 1091 4254 meus
1112 4213 1179 4253 ex
1222 4196 1327 4251 ﬁde
1361 4195 1537 4259 vivet,
1570 4212 1589 4245 3
1617 4202 1671 4247 et
1711 4192 1840 4246 huic
1876 4190 1980 4261 ipsi
2006 4197 2392 4245 connectemus
2414 4187 2547 4242 illud
2568 4206 2620 4251 ,ι
2648 4184 2704 4241 Si
2728 4186 3061 4241 subtraxerit
3109 4201 3188 4250 se,
3238 4200 3346 4239 non
3392 4184 3529 4239 bene

276 4293 383 4347 sibi
410 4292 588 4362 placet
614 4293 795 4348 anima
824 4308 947 4350 mea
973 4309 1027 4347 ιη
1059 4307 1145 4348 eo.
1181 4312 1200 4345 ι
1233 4292 1399 4362 278
1424 4288 1559 4345 Cum
1591 4289 1694 4343 hoc
1721 4302 1850 4343 vero
1888 4301 2056 4342 sensu
2090 4285 2255 4340 etiam
2281 4283 2477 4355 Aquila
2507 4282 2805 4339 concordat
2842 4281 3033 4338 dicens
3064 4301 3077 4337 :
3108 4299 3127 4333 ι
3193 4281 3250 4335 Si
3301 4287 3529 4334 cuncta-

273 4388 429 4443 bitur
455 4389 643 4459 accipe
674 4389 826 4444 illum
846 4429 863 4454 ,
891 4389 1150 4460 quoniam
1180 4388 1406 4443 veniens
1434 4386 1616 4441 veniet
1646 4394 1700 4440 et
1728 4398 1839 4438 non
1878 4382 2115 4438 tardabit
2140 4399 2155 4449 ;
2189 4395 2317 4436 ecce
2348 4380 2394 4435 si
2432 4380 2623 4435 tardus
2652 4378 2761 4445 sit,
2818 4393 2929 4432 non
2988 4383 3138 4433 recta
3171 4375 3353 4429 anima
3407 4385 3527 4427 mea

275 4485 332 4540 in
367 4500 472 4550 eo,
503 4491 558 4540 et
586 4485 772 4555 justus
803 4501 871 4540 ex
908 4485 1013 4541 ﬁdc
1046 4484 1222 4555 ipsius
1255 4485 1419 4540 vivet.
1454 4503 1473 4534 3

789 4600 1186 4655 ΚΕΦᾹΛΑΙΟΝ
1226 4601 1328 4654 IE’.

2550 4582 2778 4640 CAPUT
2816 4581 2932 4637 XV.

283 4710 417 4767 Ἀπὸ
456 4712 563 4767 τοῦ
592 4712 799 4767 αὐτοῦ.
827 4741 896 4751 -
927 4711 1021 4778 Ὠς
1058 4711 1344 4781 ἐπίφοϐος
1385 4713 1423 4778 ἡ
1466 4712 1599 4779 περὶ
1638 4709 1749 4779 τῆς
1780 4711 1851 4777 ἐξ

1971 4701 2270 4781 dbmeodent.
2292 4728 2362 4781 -_—-
2387 4695 2540 4781 Quod
2597 4695 2967 4781 terribiliansit
2996 4694 3215 4781 auditus.
3246 4695 3525 4781 descensus

341 4781 611 4849 οὐρανῶν
647 4766 906 4838 καθόδου
951 4766 1058 4838 τοῦ
1089 4766 1335 4850 Κῦρίου’
1352 4766 1505 4848 ἀκοὴ
1536 4766 1846 4850 ’τυγχᾶνειξ

2029 4773 2244 4828 Domini
2275 4771 2337 4824 de
2369 4769 2527 4850 εωιο,
2562 4777 2610 4821 et
2641 4766 2798 4847 facta_
2819 4766 3115 4848 illiuscum
3147 4766 3519 4847 admiratione,

340 4836 439 4907 καῖ
474 4836 626 4922 μετὰ
669 4836 1289 4922 ἐκήπλήξεωςήτὰνὲργα
1320 4836 1527 4922 autcf},
1567 4836 1847 4918 ἐλθόντοςῖ

2028 4844 2265 4922 quodque
2313 4839 2585 4922 cumhipse
2628 4836 3147 4922 oeagrit.,_urtive:§a
3183 4847 3326 4889 terra
3356 4838 3522 4918 ipsius

338 4939 404 4976 τε
433 4905 621 4993 αὑτοῦ
673 4925 712 4992 ἠ
744 4905 1040 4993 σύρἶτασῖι
1073 4921 1149 4993 τῆ
1171 4905 1298 4993 ’τῆς
1334 4905 1620 4993 αἰνέσεως
1664 4905 1852 4993 αὑτοῧ

2030 4905 2191 4967 laude
2217 4905 2579 4993 complebititr,
2616 4918 2665 4989 et
2697 4905 2835 4959 Novi
2863 4906 3028 4993 ipsius
3059 4905 3377 4960 Teatamenti
3410 4922 3521 4960 vcr-

343 4976 763 5065 πλησθήσεται
778 4976 807 5055 ,ί
825 4976 882 5047 ’ὅ
900 4976 903 4977 ⁷
923 4976 989 5047 τέ
1005 5063 1013 5065 ᾗ
1134 4976 1256 5065 τῆξ
1272 4976 1511 5065 ’Καινῆς
1552 4976 1844 5065 Δῖιξθήξιὴξ

2029 4985 2161 5037 bum.
2181 4983 2250 5037 ad
2280 4976 2457 5034 omnes
2485 4978 2720 5034 homines
2749 4976 3061 5049 penetrabit.

340 5063 529 5144 αὑτοῦ
579 5064 755 5133 λόγος
802 5067 892 5131 εις
933 5061 1166 5129 πύκτας
1217 5062 1566 5131 ἀνθρώπους
1615 5061 1845 5132 διαδρα-

335 5150 550 5203 μειται.
3499 5202 3506 5217 .

344 5267 364 5300 ι
392 5247 587 5319 Κύριε,
621 5248 921 5319 είσακήκοα
949 5247 1048 5319 τὴν
1073 5247 1250 5320 ἀκοήν.
1274 5264 1391 5312 σου,
1425 5247 1520 5301 καὶ
1551 5246 1843 5320 ἐφοϐήθην.

2025 5266 2043 5299 ι
2074 5245 2320 5311 Domine,
2355 5241 2540 5299 audivi
2571 5237 2902 5294 auditionem
2934 5243 3109 5298 tuam,
3141 5242 3194 5289 et
3224 5232 3400 5290 timui.
3432 5230 3519 5287 ln-

269 5341 464 5412 Κύριε,
517 5338 817 5411 κατενόησα
867 5337 938 5393 τὰ
982 5338 1120 5409 ἔργα
1172 5356 1291 5405 σου,
1338 5339 1432 5392 καὶ
1486 5338 1744 5410 ἐξέστηνο
1787 5341 1846 5392 ἐν

1971 5340 2127 5397 ellexi
2160 5352 2328 5411 opera
2360 5344 2491 5401 tua,
2532 5341 2587 5388 et
2628 5328 2884 5400 obstupui
2919 5346 2932 5383 :
2975 5328 3031 5382 in
3072 5326 3252 5383 medio
3284 5326 3516 5381 duarum

271 5432 423 5504 μέσῳ
448 5429 544 5484 δύο
576 5428 732 5496 ζωῶν
773 5429 1081 5504 γνωσθήσῃ
1128 5431 1188 5485 ὲν
1224 5430 1304 5502 τῷ
1342 5431 1580 5500 ἐγγίζειν
1619 5430 1688 5484 τὰ
1726 5430 1843 5502 ἔτη,

1971 5433 2187 5487 ritarum
2225 5425 2610 5501 cognosceris,
2640 5423 2772 5478 dum
2800 5421 2931 5476 anni
2972 5419 3513 5492 apprepinquabunt,

269 5521 682 5594 ἰπιγνωσθήσῃ·
724 5523 783 5575 ὲν
819 5521 899 5594 τῷ
928 5525 1180 5595 παρεῖναι
1223 5523 1314 5576 τὸν
1348 5522 1561 5595 καιρὸν,
1621 5514 1838 5569 ἀναδει-

1971 5531 2113 5580 totus
2138 5522 2282 5599 ‘ﬁes,
2316 5519 2447 5575 dum
2486 5516 2661 5572 aderit
2698 5521 2914 5584 tempus
2951 5512 3335 5569 declaraberis.
3376 5509 3515 5563 Dum

269 5615 553 5691 χθήσηοὲν
569 5617 647 5689 τῷ
682 5613 1019 5686 ταραχθῆναι
1066 5613 1163 5686 τὴν
1205 5614 1386 5686 ψυχήν
1429 5633 1529 5688 μου
1574 5617 1633 5671 ἐν
1683 5615 1843 5687 ὀργῇ,

1971 5615 2275 5687 3erturbata
2312 5611 2477 5685 fuerit
2515 5608 2698 5665 anima
2736 5621 2855 5663 mea
2884 5604 2941 5661 in
2974 5622 3053 5661 ira
3074 5646 3088 5673 ,
3120 5603 3519 5661 misericordia

338 5773 385 5806 ⁷⁸
418 5771 584 5830 Hebr.
609 5785 664 5838 ι,
682 5769 872 5827 55οὸ8.
