4080 6416
658 315 768 374 445

1332 315 1603 373 EUSEBll
1640 314 2123 376 CESARIENSlS
2161 316 2313 374 OPP.
2354 315 2537 371 PARS
2568 316 2634 372 Il.
2672 346 2739 356 —
2775 312 3267 370 APOLOGETICA.

3767 318 3855 380 ιιι

659 446 870 488 memor
903 429 1033 485 eris.
1068 427 1211 484 Deus
1241 427 1309 483 de
1337 427 1546 483 Thama
1581 430 1794 492 veniet,
1822 436 1877 484 et
1906 439 2133 489 sanctus
2165 429 2207 484 ἀι

2336 427 2518 497 ἐλέους
2568 426 2870 498 μνησθήσῃ.
2928 426 2982 479 '0
3024 424 3155 489 Θεὸς
3201 426 3266 478 ἐκ
3305 422 3511 495 Θαιμὰν
3552 426 3681 496 ήξει,
3724 429 3854 486 καὶό

664 530 846 578 monte
872 521 1133 576 umbroso
1159 519 1363 575 denso:
1389 521 1673 591 cooperuit
1697 521 1866 576 cmlos
1890 522 2064 576 virtus
2086 520 2227 590 ejus,

658 624 716 669 et
743 614 898 669 iaude
916 613 1036 683 ejus
1058 613 1215 682 plena
1235 619 1319 668 est
1342 618 1517 677 terra,
1544 621 1597 668 et
1626 613 1884 682 splendor
1911 613 2030 683 ejus
2059 621 2117 667 ut
2148 613 2232 666 lu-

568 756 569 759 η
659 708 785 759 m’en
818 704 944 759 erit.
978 703 1197 758 Cornua
1226 701 1285 756 in
1314 702 1569 758 manibus
1601 703 1720 772 ejus
1741 747 1754 769 ,
1791 710 1846 758 et
1880 704 2063 773 posuit
2095 703 2230 758 dile-

656 799 895 852 ctionem
948 796 1142 852 fortem
1179 797 1393 867 roboris
1432 797 1515 853 sui
1545 816 1558 851 :
1592 804 1718 852 ante
1753 797 1945 851 faciem
1976 796 2095 866 ejus
2130 796 2229 850 ibit

659 889 935 957 Verbum,
977 898 1034 945 et
1072 890 1383 960 egredietur
1426 889 1483 944 in
1525 904 1748 959 campos
1780 890 1850 943 ".
1884 908 1902 940 ι
1930 903 2051 943 cum
2080 888 2226 942 enim

658 980 776 1050 ipse
811 981 1051 1050 seipsum
1085 981 1330 1036 audisset
1358 981 1622 1051 propheta
1655 991 1880 1037 sanctus
1901 1021 1916 1046 ,
1951 997 2015 1036 ac
2044 983 2227 1052 potius

655 1071 902 1127 divinum
928 1073 1022 1143 qui
1050 1073 1228 1142 ipsum
1258 1072 1472 1128 afllabat
1493 1116 1509 1141 ,
1539 1074 1741 1144 quique
1768 1075 1823 1129 in
1853 1075 1973 1146 ipso
1997 1076 2227 1131 canebat

658 1162 923 1234 Spiritum
945 1204 960 1228 ,
987 1163 1054 1218 de
1078 1180 1144 1219 eo
1167 1163 1233 1219 de
1258 1181 1367 1236 quo
1398 1166 1515 1235 ipsa
1542 1167 1825 1238 prophetia
1851 1168 2112 1239 loquitur,
2141 1167 2225 1223 di-

652 1266 865 1313 centem
898 1277 911 1312 :
944 1276 962 1309 ι
993 1255 1149 1324 Quod
1181 1257 1406 1312 veniens
1439 1260 1620 1315 veniet
1649 1270 1705 1314 et
1750 1276 1859 1315 non
1895 1260 2221 1325 morabitur,

642 1347 837 1419 justus
869 1357 1053 1403 autem
1082 1364 1145 1403 ex
1178 1349 1284 1404 [ide
1314 1365 1434 1404 mea
1462 1349 1607 1405 vivet
1634 1351 1702 1415 ⁷⁸,
1737 1371 1755 1403 ι
1786 1366 2021 1421 cumque
2047 1351 2225 1406 credi-

650 1442 824 1499 disset
853 1443 1004 1498 illum
1028 1459 1150 1500 esse
1175 1443 1386 1523 justum
1417 1444 1663 1506 oraculo,
1693 1443 1749 1498 in
1778 1443 1864 1499 his
1890 1443 2073 1499 verbis
2103 1458 2225 1514 quae

652 1550 802 1590 nunc
846 1536 903 1591 in
944 1536 1202 1591 manibus
1243 1542 1407 1600 sunt,
1448 1536 1524 1590 ita
1553 1536 1666 1591 ait:
1698 1554 1716 1588 ι
1750 1535 2006 1601 Domine,
2039 1536 2222 1591 audivi

2334 520 2487 587 ἅγιος
2514 518 2573 585 ἐξ
2611 516 2769 590 ὅρους
2805 517 3122 577 κατασκίου,
3156 515 3365 580 δασέος.
3405 516 3687 588 Ἐκάλυψεν
3715 520 3857 590 ούραι

2331 611 2453 674 νοὺς
2488 611 2521 681 ἡ
2551 608 2719 681 ἀρετὴ
2752 607 2935 673 αὐτοῦ,
2966 608 3060 661 καὶ
3090 607 3189 677 τῆς
3215 606 3467 670 αἰνέσεως
3491 607 3644 660 αύτοῦ
3672 609 3855 682 πλήρης

2331 701 2463 773 ήγῆ
2486 717 2499 731 ’
2544 702 2638 754 καὶ
2674 701 2873 770 φέγγος
2911 699 3073 752 αὐτοῦ
3113 699 3185 763 ώς
3222 699 3334 768 φῶς
3368 698 3534 754 ἔσται.
3581 700 3782 771 Κέρατα
3808 704 3856 755 ἐν

2330 793 2514 865 χερσὶν
2557 792 2740 857 αὑτοῦ,
2782 793 2875 845 καὶ
2920 791 3070 844 ἔθετο
3110 791 3382 861 ἀγάπησιν
3413 790 3663 861 κραταιὰν
3703 793 3856 864 ἰσχύος

2329 887 2515 941 αὐτοῦ.
2559 885 2672 957 Πρὸ
2695 883 2983 958 προσώπου
3024 883 3187 937 αὐτοῦ
3237 882 3658 954 προπορεύσεται
3698 884 3856 952 λόγος,

2330 983 2423 1034 καὶ
2462 977 2800 1044 ἐξελεύσεται
2854 979 2933 1041 εἰς
2982 977 3158 1031 πεδία.
3202 994 3221 1028 ι
3271 975 3603 1040 Ἐπακούσας
3633 976 3685 1030 δὲ
3721 978 3859 1042 αὐτὸς

2327 1068 2543 1133 ἐαυτοῦ,
2575 1069 2770 1141 μᾶλλον
2797 1069 2853 1122 δὲ
2878 1068 2971 1122 τοῦ
3005 1068 3330 1140 ἐμπνέοντος
3364 1069 3455 1121 καὶ
3495 1067 3859 1134 ἐνθεσπίζοντος

2326 1164 2384 1215 ἐν
2406 1162 2553 1233 αὐτῷ
2577 1162 2721 1216 θείου
2750 1161 3087 1233 Πνεύματος,
3106 1164 3134 1215 6
3165 1160 3307 1231 ἱερὸς
3335 1160 3614 1231 προφήτης
3641 1161 3755 1232 περὶ
3781 1163 3858 1215 τοῦ

2328 1254 2807 1326 προφητευομένου
2860 1253 3153 1325 φήσαντος,
3196 1253 3299 1315 ὅτι,
3347 1250 3697 1322 «Ἐρχόμενος
3736 1250 3856 1321 ἥξει,

2325 1345 2419 1398 καὶ
2468 1345 2527 1397 ού
2572 1344 2646 1415 μὴ
2689 1344 2944 1416 χρονίσῃ·
2989 1345 3019 1397 6
3060 1343 3115 1395 δέ
3156 1342 3361 1404 δίκαιος
3405 1341 3469 1393 ἐκ
3514 1339 3734 1402 πίστεώς
3774 1358 3859 1411 μου

2325 1437 2500 1507 ζήσει,
2530 1456 2548 1489 ι
2576 1436 2873 1501 πιστεύσας
2917 1453 2976 1489 τε
3019 1435 3095 1499 ὡς
3136 1434 3343 1496 δίκαιος
3383 1431 3461 1503 τῷ
3514 1430 3750 1505 χρησμῷ,
3787 1431 3861 1484 διὰ

2322 1529 2430 1583 τῶν
2479 1528 2618 1601 μετά
2673 1529 2862 1601 χεῖράς
2915 1545 3084 1599 φησι’
3140 1546 3158 1578 ι
3188 1526 3391 1597 Κύριε,
3446 1526 3731 1596 εἰσακήκοα
3779 1524 3863 1595 τὴν

648 1627 983 1683 auditionem
1016 1636 1167 1681 tuam
1194 1634 1248 1682 et
1279 1628 1473 1694 timui,
1504 1649 1522 1681 ι
1547 1636 1602 1684 et
1632 1644 1753 1699 quae
1793 1636 2136 1699 sequuntur;
2166 1630 2207 1683 ir

2323 1623 2493 1695 ἀκοήν
2544 1640 2661 1686 σου,
2715 1622 2808 1676 καὶ
2860 1619 3152 1693 ἐφοϐήθην,
3185 1638 3201 1670 ι
3252 1617 3463 1672 καὶ’τά
3516 1615 3669 1686 ἑξῆς·
3711 1616 3770 1668 δι’
3797 1608 3863 1667 ὧν

646 1718 851 1789 quibus
876 1719 1324 1775 manifestissime
1354 1718 1525 1774 Deum
1555 1720 1623 1775 ad
1652 1720 1902 1776 homines
1927 1728 2207 1776 venturum

2324 1714 2510 1784 σαφῶς
2552 1714 2684 1768 Θεὸν
2730 1716 2809 1778 εἰς
2836 1712 3158 1785 ἀνθρώπους
3189 1709 3340 1782 ἥξειν
3377 1707 3743 1778 καταγγέλλει.
3780 1706 3865 1770 Τίς

644 1785 952 1869 denuntiat.
985 1812 1121 1877 Quis
1150 1829 1280 1869 vero
1311 1814 1453 1868 alius
1487 1814 1577 1869 hic
1612 1813 1686 1869 sit
1715 1813 1809 1884 qui
1841 1813 1972 1868 olim
2007 1828 2207 1885 cogno-

2320 1804 2375 1856 δέ
2421 1803 2486 1857 ἂν
2531 1798 2682 1867 οὗτος
2723 1804 2808 1874 εἴη
2850 1806 2879 1857 6
2914 1803 3080 1856 πάλαι
3121 1800 3548 1873 γνωριζόμενος,
3583 1797 3788 1868 ὕστερον
3812 1795 3862 1849 δέ

643 1908 909 1972 see'retur,
937 1914 994 1961 et
1022 1914 1146 1977 post
1170 1907 1466 1978 aliquando
1492 1906 1621 1962 dum
1649 1907 1777 1961 anni
1813 1907 2217 1978 appropinqua-

642 1997 816 2062 bunt,
845 2005 991 2055 esset
1023 2000 1407 2070 agnoscendus
1427 2043 1442 2065 ,
1472 2007 1526 2054 et
1554 2014 1652 2068 per
1681 1998 1736 2052 id
1765 2005 1980 2068 tempus
2008 1998 2076 2054 de
2107 2015 2216 2068 quo

640 2082 1208 2159 prophetiaioquitur,
1233 2091 1595 2146 declarandus
1620 2109 1633 2144 :
1661 2090 1786 2161 quis
1804 2128 1818 2154 ,
1842 2089 2062 2160 inquam
2080 2130 2094 2155 ,
2125 2091 2216 2145 hic

638 2181 712 2235 sit
738 2180 902 2250 279
945 2182 1052 2237 nisi
1076 2182 1165 2236 ille
1206 2183 1322 2252 ipse
1349 2182 1442 2252 qui
1480 2189 1637 2237 antea
1654 2181 1830 2238 dictus
1865 2191 1949 2237 est
1977 2182 2214 2237 universi

637 2268 941 2326 Dominus?
973 2274 1066 2342 qui
1108 2273 1271 2328 etiam
1305 2272 1407 2327 hoc
1440 2272 1794 2343 comprobato
1838 2272 2119 2336 vaticinio,
2158 2273 2211 2328 in

635 2366 1113 2422 consummatione
1133 2367 1455 2421 saeculorum
1486 2366 1559 2419 ita
1584 2367 1866 2421 nuntiatus
1894 2373 1979 2422 est
1999 2383 2061 2421 ac
2085 2382 2215 2437 prae-

632 2455 870 2521 dicatus,
924 2464 985 2511 ut
1028 2472 1218 2513 omnes
1264 2458 1514 2513 homines
1556 2456 1919 2512 exaudierint.
1974 2457 2213 2527 Hujusce

631 2546 801 2617 i'gitur
825 2562 912 2610 ea,
942 2564 1063 2619 quae
1102 2550 1276 2618 palam
1313 2549 1365 2603 in
1398 2550 1572 2603 sacris
1604 2547 1909 2619 Evangeliis
1937 2548 2211 2618 descripta

630 2643 782 2699 sunt,
817 2636 981 2705 facta,
1028 2639 1276 2708 corporis
1307 2638 1575 2703 videlicet,
1626 2638 1774 2709 quod
1813 2638 2111 2708 assumpsit
2143 2638 2211 2692 de

631 2725 855 2797 Virgine
898 2730 1325 2799 generationem,
1378 2730 1502 2784 item
1534 2728 1988 2799 quemadmodum
2024 2746 2043 2779 ι
2084 2743 2208 2783 cum

628 2824 778 2873 esset
808 2817 863 2872 in
895 2816 1069 2873 forma
1097 2819 1212 2883 Dei,
1248 2834 1354 2874 non
1386 2819 1633 2890 rapinam
1659 2818 1956 2873 arbitratus
1984 2825 2209 2873 estesse

629 2925 692 2965 se
725 2912 987 2981 aequalem
1038 2910 1168 2975 Deo,
1202 2912 1298 2968 sed
1347 2912 1587 2980 seipsum
1636 2910 1936 2965 exinanivit
1976 2909 2207 2964 formam

628 3003 772 3057 servi
796 3003 1068 3073 accipiens
1090 3006 1134 3036 "
1156 3022 1210 3070 »ς
1262 3012 1517 3073 praeterea
1534 3019 1653 3073 qua:
1670 3003 1931 3057 miracula
1949 3003 2001 3056 in
2031 3002 2208 3057 homi-

2320 1912 2446 1949 ποτε
2492 1897 2551 1949 ἐν
2590 1895 2668 1966 τῷ
2711 1893 2949 1964 ἐγγίζειν
3007 1893 3076 1947 τὰ
3121 1893 3214 1965 ἐτη
3269 1890 3739 1962 γνωσθησόμενος,
3785 1888 3865 1941 καὶ

2317 1989 2456 2043 κατὰ
2490 1988 2581 2042 τὸν
2616 1987 3088 2061 προφητευόμενον
3117 1986 3306 2058 χρόνον
3344 1982 3862 2054 ἀναδειχθησόμενος,

2314 2082 2347 2154 ἦ
2372 2083 2400 2135 6
2434 2081 2595 2144 αὐτὸς
2622 2081 2825 2144 ἐκεῖνος
2849 2083 2877 2135 6
2904 2078 3271 2152 προδηλωθείς
3312 2078 3564 2150 δεύτερος
3606 2075 3707 2128 τῶν
3746 2075 3865 2127 ὅλων

2315 2172 2537 2244 Κύριος,
2571 2174 2599 2225 6
2629 2173 2724 2225 καὶ
2769 2173 2834 2243 τῇ
2872 2171 3172 2243 προρρήσει
3219 2169 3547 2233 ἀκολούθως,
3582 2168 3670 2220 ἐπὶ
3698 2180 3864 2218 συντε-

2313 2264 2430 2336 λείᾳ
2480 2262 2586 2317 τῶν
2629 2262 2860 2327 αἰώνων,
2892 2265 2972 2327 εἰς
3014 2261 3338 2328 ἐξάκουστον
3378 2264 3543 2315 πᾶσιν
3589 2256 3866 2331 ἀνθρώποις

2314 2356 2607 2429 κηρυχθείς
2632 2373 2647 2421 ;
2678 2355 2880 2409 Τούτου
2915 2355 2979 2427 δὴ
3013 2350 3104 2407 οὖν
3132 2354 3200 2407 τὰ
3224 2354 3548 2447 ἀνάγραπτα
3573 2353 3627 2404 ἐν
3660 2352 3760 2410 τοῖς
3797 2350 3865 2447 is:

2313 2453 2426 2526 ροζς
2454 2448 2807 2518 Εύαγγελίοις
2838 2448 2993 2520 ἔργα,
3016 2447 3114 2519 τὴν
3142 2448 3206 2500 ἐκ
3234 2432 3512 2518 Παρθένου
3544 2442 3787 2514 δηλονότι,
3811 2432 3866 2492 οὗ

2310 2542 2564 2613 ἀνείληφε
2591 2542 2839 2613 σκήνους,
2884 2540 3114 2610 γένεσιν,
3153 2540 3293 2611 κοίλη(
3323 2538 3399 2603 ὡς
3427 2540 3485 2591 ἐν
3533 2538 3704 2608 μορφῇ
3745 2530 3865 2586 Θεοῦ

2312 2634 2590 2705 ὑπάρχων,
2626 2634 2723 2702 οὐχ
2755 2631 3044 2704 ἁρπαγμὸν
3071 2632 3314 2703 ἡγήσατο
3356 2631 3418 2684 τὸ
3459 2626 3595 2684 εἶναι
3624 2624 3715 2681 ἶσα
3737 2624 3861 2696 Θεῷ,

2310 2726 2443 2779 ἀλλά
2474 2724 2662 2781 ἑαυτὸν
2699 2726 2930 2778 ἐκένωσε
2967 2725 3179 2796 μορφὴν
3201 2723 3390 2777 δούλου
3422 2722 3621 2786 λαϐὼν,
3651 2740 3677 2771 r
3702 2720 3791 2781 τάς
3812 2732 3865 2770 τε

2310 2819 2746 2883 ἐπιτελεσθείσας
2774 2819 2922 2890 αὐτῷ
2957 2821 3036 2882 εἰς
3069 2816 3388 2890 ἀνθρώπους
3418 2811 3862 2889 παραδοξοποιῖας,

2310 2912 2403 2966 καὶ
2454 2911 2522 2965 τὰ
2573 2914 2694 2965 κατ’
2726 2911 2890 2966 αὑτοῦ
2952 2929 3015 2979 γε
3077 2911 3458 2983 τετολμημένα
3511 2909 3600 2980 τῷ
3624 2905 3867 2961 Ἰουδαίων

2308 3001 2470 3065 ἔθνει,
2506 3006 2617 3067 τοῖς
2665 3003 2764 3074 τῆς
2810 3002 2987 3074 ψυχῆς
3034 3002 3328 3073 ὀφθαλμοῖς
3375 3000 3681 3075 προλαϐὼν,
3716 2998 3780 3051 τά
3811 3011 3871 3068 τι,

628 3094 792 3150 nibus
835 3096 1036 3166 degens
1059 3096 1310 3157 ediderit,
1340 3111 1442 3151 nec
1467 3110 1575 3149 non
1614 3109 1972 3166 quaecumque
2013 3102 2203 3150 contra

2311 3095 2571 3165 μέλλοντα
2604 3094 2976 3167 συμϐήσεσθαι
3005 3095 3447 3166 κεκαθαρμέναις
3485 3096 3606 3156 ταῖς
3636 3089 3869 3151 διανοίαις

628 3186 806 3256 ipsum
839 3201 971 3241 ausa
1005 3194 1089 3241 est
1111 3184 1339 3241 Iudaica
1375 3202 1532 3258 gens,
1561 3188 1766 3250 omnia,
1797 3187 2044 3257 inquam,
2088 3187 2204 3241 haac

623 3285 680 3332 et
720 3277 827 3331 alia
859 3278 1057 3333 similia
1080 3279 1170 3334 liis
1194 3295 1319 3333 cum
1373 3278 1570 3333 animm
1617 3279 1796 3334 oculis
1845 3278 2202 3350 providisset,

622 3383 855 3439 quaeque
912 3379 1173 3425 eventura
1198 3372 1253 3424 in
1282 3378 1558 3440 posterum
1603 3370 2091 3440 exspectabantur,
2118 3369 2205 3424 di-

624 3460 752 3514 vino
777 3460 986 3530 Spiritu
1014 3461 1266 3526 docente,
1294 3460 1680 3531 purgatissima
1704 3461 2058 3532 intelligentia
2085 3476 2205 3530 per-

624 3552 882 3622 cepisset,
914 3570 983 3608 ex
1015 3554 1084 3610 iis
1115 3570 1236 3624 quae
1287 3554 1391 3609 hoc
1437 3554 1599 3609 modo
1628 3554 1898 3617 audierat,
1923 3568 1982 3608 se
2011 3554 2203 3607 obstu-

623 3643 811 3714 puisse
844 3658 907 3698 ac
942 3644 1195 3699 timuisse
1227 3643 1427 3699 fatetur
1462 3642 1750 3713 propinata,
1781 3642 1972 3697 dicens
2007 3661 2019 3696 :
2053 3660 2070 3691 ι
2105 3640 2205 3695 Do-

622 3739 790 3803 mine,
825 3737 1008 3793 audivi
1029 3738 1364 3793 auditionem
1394 3746 1563 3803 tuam,
1609 3745 1664 3792 et
1699 3736 1855 3791 timui
1891 3756 1903 3791 :
1953 3736 2201 3802 Domine,

623 3829 866 3887 intellexi
917 3846 1084 3902 opera
1116 3838 1230 3896 tua,
1276 3839 1331 3887 et
1355 3832 1636 3901 obstupui.
1673 3851 1691 3883 )
1728 3828 1975 3885 Salvator
2021 3840 2200 3885 autem

621 3938 687 3978 ac
724 3922 990 3980 Dominus
1023 3934 1232 3986 noster,
1262 3924 1443 3993 ipsum
1461 3926 1648 3993 utique
1680 3924 1783 3978 hoc
1815 3923 1909 3976 Dei
1933 3920 2196 3984 Verbum.

619 4016 678 4070 in
700 4016 880 4070 medio
910 4016 1141 4071 duarum
1180 4016 1415 4070 vitarum
1455 4015 1708 4086 cognitus
1757 4023 1862 4070 est.
1894 4014 2012 4069 Non
2052 4015 2199 4070 enim

619 4106 847 4161 duorum
872 4107 1185 4162 animalium
1214 4116 1298 4163 est
1326 4108 1637 4179 legendum,
1673 4106 1769 4162 sed
1812 4106 2039 4160 duarum
2062 4108 2198 4161 vita-

620 4217 760 4254 rum.
821 4198 1061 4255 Duarum
1099 4215 1229 4270 ergo
1260 4200 1521 4263 vitarum,
1556 4199 1755 4269 inquit,
1816 4199 2053 4255 medium
2101 4214 2198 4254 co-

619 4292 928 4363 gnosceris.
963 4291 1099 4347 Cum
1121 4291 1267 4347 enim
1299 4307 1408 4345 una
1440 4292 1740 4347 secundum
1775 4290 1943 4346 Deum
1969 4291 2040 4346 sit
2063 4290 2196 4356 vita,

617 4394 673 4440 et
694 4385 865 4441 altera
893 4386 1195 4440 secundum
1228 4384 1526 4447 hominem,
1553 4385 1716 4438 etilla
1742 4383 1962 4454 quidem
1994 4390 2199 4455 mortae

2308 3187 2459 3260 παρὰ
2491 3187 2582 3245 τοῦ
2609 3187 2948 3251 διδάσκοντος
2972 3188 3130 3241 αὐτὸν
3161 3184 3305 3241 θείου
3330 3188 3650 3259 Πνεύματος
3680 3182 3869 3257 μαθὼν,

2308 3282 2568 3352 ἐκστῆναι
2603 3273 2633 3334 6
2669 3282 2953 3353 προφήτης
2981 3280 3072 3331 ἐπὶ
3109 3282 3222 3343 τοῖς
3250 3281 3570 3334 ἀκουσθεῖσι
3602 3280 3693 3333 καῖ
3718 3290 3868 3343 πεφοο

2308 3372 2503 3443 δῆσθαι
2535 3373 2806 3444 ὁμολογεῖ,
2853 3372 3108 3441 φάσκων·
3157 3391 3174 3422 ι
3206 3371 3402 3442 Κύριε,
3453 3372 3746 3443 εἱσακήκοα
3784 3365 3870 3437 τὴν

2305 3465 2475 3535 ἀκοήν
2506 3483 2619 3527 σου,
2654 3466 2748 3518 καὶ
2777 3464 3071 3535 ἐφοϐήθην·
3109 3464 3301 3535 Κύριε,
3332 3464 3639 3535 κατενόησα
3657 3462 3721 3515 τὰ
3751 3459 3871 3531 ἔργα

2306 3574 2420 3622 σου,
2454 3558 2548 3611 καὶ
2593 3557 2834 3628 ἐξέστην.
2868 3577 2886 3609 ι
2907 3558 2965 3610 Ὀ
2991 3558 3181 3630 Σωτὴρ
3206 3558 3262 3612 δὲ
3305 3559 3403 3612 καὶ
3451 3558 3657 3630 Κύριος
3710 3553 3869 3626 ἡμῶν,

2304 3648 2465 3711 αὐτὸς
2492 3644 2645 3712 οὗτος
2687 3650 2716 3701 ό
2762 3648 2856 3702 τοῦ
2905 3648 3038 3702 Θεοῦ
3091 3649 3281 3718 Λόγος,
3312 3651 3370 3702 ἐν
3411 3650 3563 3721 μέσῳ
3603 3648 3694 3702 δύο
3734 3645 3873 3711 ζωῶν

2303 3739 2584 3811 ἐγνώσθη·
2620 3740 2997 3812 πληθυντικῶς
3037 3741 3270 3795 ἐνταῦθα
3314 3745 3411 3797 καὶ
3456 3739 3871 3815 περισπωμένως

2302 3829 2411 3883 τῶν
2446 3827 2622 3894 ζωῶν,
2656 3831 2765 3884 ἀπὸ
2802 3830 2980 3884 ἐνικοῦ
3024 3830 3118 3883 τοῦ
3161 3830 3273 3899 τῆς
3303 3831 3457 3900 ζωῆς
3496 3831 3755 3903 ὀνόματος
3797 3825 3873 3890 ἐξ·

2304 3920 2668 3991 ακουομένων.
2693 3920 2767 3973 06
2788 3920 2895 3992 γὰρ
2916 3919 3294 3993 παροξυτόνως
3329 3921 3439 3975 τῶν
3471 3919 3648 3986 ζώων,
3670 3919 3770 3974 ἀπὸ
3788 3916 3868 3969 ού-

2301 4011 2520 4083 δετέρου
2551 4011 2645 4067 τοῦ
2671 4010 2810 4076 ζώου
2833 4011 3072 4080 λέγεται,
3097 4012 3233 4066 ἀλλὰ
3264 4013 3424 4077 ζωῶν
3453 4010 3873 4085 περισπωμένως

2302 4104 2409 4158 ἀπὸ
2433 4103 2800 4177 πληθυντικῆς
2834 4104 3049 4168 εὐθείας
3084 4105 3201 4174 τῆς,
3232 4105 3297 4157 αἱ
3327 4103 3486 4165 ζωαί.
3517 4104 3623 4159 Δύο
3654 4101 3762 4168 οὖν,
3790 4118 3873 4170 φη·

2302 4196 2377 4255 σὶ,
2405 4195 2558 4260 ζωῶν
2587 4196 2752 4268 μέσον
2776 4196 3086 4268 γνωσθήσῃ.
3111 4196 3257 4259 Μιᾶς
3283 4196 3396 4270 γὰρ
3424 4195 3598 4269 οὔσης
3621 4197 3718 4267 τῆς
3748 4194 3874 4248 κατὰ

2299 4288 2431 4342 Θεὸν
2459 4290 2623 4360 ζωῆς,
2650 4291 2742 4344 καὶ
2770 4290 3002 4361 θατέρας
3025 4290 3125 4361 τῆς
3150 4289 3291 4343 κατά
3318 4290 3613 4363 ἄνθρωπον
3631 4290 3760 4365 ’νκαί
3785 4287 3873 4356 τῆς

2303 4384 2399 4455 μὲν
2427 4382 2646 4453 θνητῆς,
2669 4384 2768 4454 τῆς
2792 4383 2849 4436 δέ
2878 4383 3048 4436 ἀϊδίου
3068 4400 3081 4416 ·
3114 4383 3448 4456 ἀμφοτέρων
3476 4385 3707 4448 εἰκότως
3728 4384 3755 4436 6
3783 4380 3875 4435 K6-

617 4476 709 4540 lis,
747 4477 862 4533 haec
897 4492 1025 4532 vero
1069 4477 1422 4546 sempiterna,
1474 4478 1671 4532 merito
1726 4493 1851 4532 cum
1910 4484 2196 4549 utramque

2307 4492 2416 4545 ριος
2440 4474 2524 4528 διὰ
2557 4475 2753 4546 πείρας
2782 4473 2969 4538 ἐλθὼν,
3000 4475 3057 4529 ἐν
3092 4475 3240 4546 μέσῳ
3266 4474 3359 4529 δύο
3393 4474 3556 4540 ζωῶν
3587 4475 3872 4546 γνωσθῆναι

616 4578 878 4638 expertus
910 4575 1056 4623 esset
1082 4566 1367 4629 Dominus,
1401 4574 1565 4637 atque
1616 4566 1684 4621 eo
1739 4567 1903 4622 modo
1929 4567 2192 4633 venisset,

616 4660 673 4716 in
700 4660 879 4715 medio
906 4659 1137 4714 duarum
1170 4658 1404 4712 vitarum
1433 4675 1557 4714 esse
1585 4660 1839 4729 cognitus
1871 4660 2095 4723 dicitur,
2128 4675 2197 4714 ex

616 4750 1074 4821 interpretatione
1124 4764 1286 4820 quam
1322 4747 1680 4822 Septuaginta
1718 4749 2027 4805 ediderunt.
2058 4748 2195 4803 Nam

614 4859 683 4899 ex
706 4860 769 4899 ea
792 4859 953 4914 quam
979 4842 1177 4913 Aquila
1203 4843 1392 4906 edidit,
1428 4859 1534 4898 non
1563 4844 1714 4909 item,
1741 4843 1835 4899 sed
1871 4843 1951 4898 sic
1973 4863 1986 4897 :
2008 4861 2027 4892 ι
2058 4842 2194 4896 Dum

616 4935 1057 5005 appropinquant
1086 4935 1236 4999 anni,
1266 4934 1481 4990 vivifica
1537 4934 1694 4988 illud.
1728 4953 1746 4985 ι
1793 4932 1900 4988 Sed
1934 4933 2196 5003 quidnam

615 5031 701 5079 est
724 5026 877 5093 illud,
904 5027 1009 5082 nisi
1040 5026 1183 5097 quod
1213 5027 1289 5081 ait
1321 5046 1334 5081 :
1363 5046 1380 5077 ι
1405 5042 1541 5096 opus
1579 5035 1732 5081 tuum
1757 5026 1780 5078 ?
1804 5045 1822 5078 ι
1851 5024 2191 5081 Theodotion

615 5131 747 5170 vero
776 5118 848 5173 ita
881 5119 958 5172 ait
988 5138 1000 5174 :
1033 5138 1052 5169 ι
1090 5118 1145 5173 In
1174 5119 1355 5174 medio
1392 5133 1659 5175 annorum
1691 5119 1905 5172 vivifica
1936 5117 2138 5188 ipsum.
2169 5137 2188 5170 ι

616 5207 684 5261 Ει
714 5207 1075 5280 Symmachus
1108 5231 1121 5265 :
1158 5229 1177 5262 ι
1217 5211 1365 5266 Intra
1422 5226 1596 5267 annos
1637 5210 1963 5266 reviviscere
1998 5209 2083 5265 fac
2119 5209 2197 5280 ip-

615 5316 761 5364 sum,
806 5323 825 5354 ι
854 5302 1240 5373 interpretatus
1262 5315 1365 5361 est.
1388 5305 1524 5359 Cum
1558 5305 1725 5374 igitur
1748 5318 1962 5367 omnes,
2003 5322 2022 5353 ι
2053 5303 2193 5357 vivi—

614 5392 718 5448 ﬁca
767 5393 944 5462 ipsum
970 5436 985 5461 ,
1023 5415 1041 5446 ι
1071 5396 1349 5461 dixerint,
1391 5397 1551 5467 plane
1592 5413 1699 5452 non
1747 5397 1816 5452 de
1861 5398 2190 5467 quibusdam

615 5487 780 5542 veluti
812 5487 1009 5551 brutis,
1042 5498 1135 5543 aut
1159 5491 1319 5545 etiam
1352 5491 1561 5545 ratione
1576 5490 1817 5561 praeditis
1838 5491 2188 5553 animalibus,

614 5589 923 5631 Sermonem
953 5592 1077 5632 esse
1122 5579 1489 5633 declararunt.
1512 5579 1856 5650 Quapropter
1881 5596 2005 5634 cum
2045 5581 2189 5649 apud

688 5752 710 5772 '
757 5751 1063 5823 Habaciii,
1108 5756 1225 5810 1-6.
1302 5758 1345 5788 ⁷⁸
1382 5757 1583 5814 Hahae.
1617 5775 1678 5825 ll,
1704 5761 1755 5816 ὅ.

2302 4568 2535 4636 λέγεται,
2560 4568 2703 4621 κατὰ
2728 4568 2824 4640 τὴν
2849 4568 2954 4621 τῶν
2970 4568 3374 4640 Ἐϐδομήκοντα
3389 4572 3455 4644 ἐρ
3464 4572 3715 4644 μηνείαν.
3732 4568 3874 4623 Κατὰ

2302 4659 2411 4731 γὰρ
2441 4659 2533 4713 τὸν
2578 4660 2808 4713 Ἀκύλαν
2848 4662 2946 4732 οὐχ
2975 4661 3166 4729 οὕτως,
3196 4663 3333 4728 ἀλλ’,
3365 4683 3385 4715 ι
3411 4667 3504 4718 Ἐν
3547 4664 3626 4736 τῷ
3654 4662 3874 4732 ἐγγίζειν

2302 4749 2371 4802 τὰ
2393 4748 2510 4819 ἐτη,
2549 4748 2768 4814 ξώωσον
2809 4751 2963 4815 αὐτὸ,
3001 4770 3019 4802 ι
3061 4752 3295 4825 εἴρηται.
3321 4754 3389 4807 Τί
3418 4755 3477 4808 δὲ
3504 4755 3661 4819 αὐτὸ,
3695 4755 3729 4825 ἢ
3763 4773 3781 4804 ι
3809 4749 3874 4804 Τὸ

2302 4840 2570 4912 κάτεργόν
2606 4857 2728 4907 σούς
2760 4843 2952 4914 ιι,φησί
2982 4862 2995 4873 ·
3017 4845 3127 4898 Καὶ
3166 4849 3195 4898 6
3238 4846 3541 4901 Θεοδοτίων
3590 4848 3649 4901 δέ
3687 4861 3869 4918 φησιν·

2310 4952 2328 4984 ι
2352 4934 2440 4987 Ἐν
2468 4934 2616 5005 μέσῳ
2654 4935 2788 4989 ἐτῶν
2833 4934 3048 4999 ζώωσον
3094 4937 3273 4991 αὐτόν.
3303 4958 3319 4990 ι
3356 4940 3473 4993 Καὶ
3511 4942 3542 4993 6
3570 4939 3873 5012 Σύμμαχος,

2306 5041 2325 5075 ι
2349 5024 2531 5089 Ἐντὸς
2569 5024 2677 5079 τῶν
2713 5026 2972 5079 ἐνιαυτῶν
2992 5026 3313 5091 ἀναζώωσον
3336 5030 3527 5093 αὑτὸν,
3558 5049 3579 5083 ι
3600 5030 3871 5084 ἐκδέδωκε.

2301 5115 2507 5180 Πάντες
2537 5112 2631 5169 οὖν
2656 5135 2675 5167 ‹
2698 5116 2915 5182 ζώωσον
2934 5119 3095 5172 αὑτὸν
3117 5138 3136 5171 ι
3167 5120 3435 5186 εἰπόντες,
3471 5122 3686 5193 σαφῶς,
3707 5123 3785 5176 ὅτι
3807 5119 3874 5190 μὴ

2300 5223 2367 5260 πε
2377 5209 2429 5280 pi.
2467 5203 2577 5263 οἷον
2622 5208 2830 5279 ἀλόγων
2874 5211 3035 5265 τινῶν
3081 5211 3114 5283 ἢ
3160 5212 3396 5282 λογικῶν
3452 5215 3613 5279 ζώων
3661 5219 3691 5269 6
3731 5214 3874 5281 λόγος

2278 5300 2555 5370 τυγχάνει
2572 5301 2938 5373 παρέστησαν.
2963 5303 3051 5356 Διὸ
3073 5304 3221 5376 παρά
3248 5308 3360 5368 τοῖς
3375 5306 3779 5380 Ἐϐδομήκοιηα
3797 5305 3876 5358 λε-

2300 5392 2532 5463 γομένου
2564 5394 2679 5459 τοῦ,
2714 5414 2732 5445 ι
2756 5396 2842 5448 Ἐν
2892 5396 3043 5467 μέσῳ
3089 5397 3182 5451 δύο
3220 5396 3374 5462 ζωῶν
3404 5402 3729 5475 γνωσθήσῃ,
3764 5422 3780 5451 ι
3816 5396 3871 5450 οὗ

2299 5487 2438 5540 κατά
2463 5488 2587 5551 τοὺς
2615 5488 2720 5560 πρὸ
2745 5489 2898 5560 ήμῶν
2921 5489 3301 5563 ἐξειλήφαμεν,
3329 5492 3471 5548 ἀλλά
3494 5494 3590 5548 δύο
3618 5494 3762 5561 ζωὰς
3788 5490 3870 5544 τοῦ

2299 5581 2775 5653 προφητευομένου
2805 5581 3094 5653 δηλοῦσθαι
3123 5584 3329 5656 ἔφαμεν
3347 5602 3360 5616 ·
3396 5587 3531 5657 μίαν
3562 5587 3662 5659 μὲν
3688 5584 3786 5658 τὴν
3804 5580 3874 5632 ἐν·

1836 5762 1879 5793 "
1918 5758 2148 5832 Philipp.
2192 5776 2250 5822 ιι.
2277 5759 2331 5828 6,
2368 5759 2415 5812 7.
