4080 6416
268 354 373 411 ιιο
1198 353 1852 412 DEMONSTRATIONIS
1889 354 2345 411 EVANGELICIE
2385 354 2514 413 LIB.
2556 356 2645 412 Vl.
3414 364 3522 422 $50

273 469 474 543 Κύριος
512 470 580 526 δι’
612 473 834 537 ἑαυτοῦ,
858 472 950 528 ἐπὶ
979 472 1059 543 τῷ
1098 472 1283 545 τοιῷδε
1309 473 1691 546 κατορθώματι
1720 474 1829 547 πρὸ

1956 482 2041 528 tea
2074 474 2383 539 servierint,
2418 475 2822 546 spoliabantur,
2854 482 2910 530 et
2937 475 3043 532 sub
3069 476 3254 549 iugum
3291 476 3525 536 “ebrii;
3552 471 3560 480 ’

272 562 368 617 τοῦ
413 564 631 637 Πατρὸς
670 567 1200 638 ἀποσταλησομένου.
1248 566 1405 620 Εἴποι
1448 567 1492 621 δ’
1526 569 1590 623 ἀν
1644 585 1727 631 τις
1759 585 1829 622 κα

1959 580 2037 620 om
2064 565 2341 637 religionis
2371 566 2749 622 traducentur.
2785 566 2897 622 [loc
2928 576 3109 624 autem
3159 568 3401 624 futurum
3442 572 3520 625 ait

272 655 469 727 νοητὰς
497 674 652 722 τινας
676 658 771 711 καὶ
796 658 1060 730 ἀοράτους
1079 658 1359 730 δυνάμεις,
1388 658 1518 729 ἔθνη
1533 659 1627 713 νῦν
1650 660 1829 730 ὀνομά-

1958 656 2223 714 Dominus
2253 674 2348 729 per
2381 660 2645 730 seipsum,
2677 659 2771 729 qui
2798 660 2863 714 ad
2890 661 2998 716 tale
3022 676 3223 716 munus
3252 670 3517 731 praestan-

275 746 486 813 ζεσθαι,
523 749 594 802 τά
627 749 1015 815 σκυλεύσαντα,
1060 752 1152 805 καὶ
1196 752 1710 823 αἰχμαλωτεύσαντα
1754 752 1829 805 τὼ

1957 749 2087 803 dum
2112 765 2143 803 a
2164 748 2326 804 Patre
2358 751 2658 806 mittendus
2709 752 2801 806 sit.
2858 749 3147 815 Caeterum,
3191 752 3390 810 dixerit
3418 752 3521 807 ali-

272 839 382 893 τῶν
406 839 713 913 ἀνθρώπων
736 842 935 913 ψυχὰς,
956 838 1031 897 ὧν
1051 844 1235 915 ψυχῶν
1261 843 1403 898 οὕτω
1435 846 1568 916 φησὶ
1594 843 1827 916 κήδεσθα

1956 841 2105 912 quis,
2134 842 2299 896 etiam
2326 843 2696 915 intelligibiles
2726 843 2988 914 quasdam
3020 852 3074 900 et
3105 845 3551 916 invisibilespo—-

270 932 301 984 ὁ
325 932 707 1004 φιλάνθρωπος
739 934 834 987 τοῦ
864 935 999 989 Θεοῦ
1025 936 1219 1005 Λόγος,
1240 938 1369 992 ὡσεί
1387 956 1468 1003 τις
1492 937 1627 1002 ἰδίας
1649 937 1829 1006 ὀφθαλ-

1955 942 2200 1000 testatas,
2256 944 2446 1007 gentes
2476 952 2624 991 nunc
2675 937 2967 1001 nominari,
2995 953 3116 1007 quae
3162 938 3518 1007 spoliaverint

274 1024 378 1094 μοῦ
426 1025 617 1098 κόρης.
657 1028 769 1081 Καὶ
802 1028 1001 1098 δεῖγμα
1028 1029 1125 1099 τῆς
1158 1030 1371 1082 τοιᾶσδε
1417 1027 1583 1084 αὑτοῦ
1628 1030 1756 1101 περὶ
1783 1027 1829 1082 τί

1951 1028 2304 1097 captivasque
2337 1027 2617 1081 hominum
2648 1027 2861 1083 animas
2880 1028 3111 1098 egerint,
3136 1043 3368 1097 quarum
3398 1027 3491 1082 ani
3516 1062 3519 1067 -

268 1114 381 1169 τῶν
428 1116 734 1188 ἀνθρώπων
775 1118 929 1186 γένος
961 1118 1306 1191 κηδεμονίας,
1353 1119 1415 1174 τὸ
1450 1121 1569 1193 μηδ’
1602 1120 1829 1175 ὐποστεί·

1953 1134 2163 1173 marum
2195 1119 2357 1174 talem
2389 1133 2449 1173 se
2471 1133 2659 1172 curam
2705 1133 2892 1189 gerere
2922 1119 2999 1173 ait
3029 1119 3517 1175 clementissimum

268 1206 470 1260 λασθαι
505 1209 690 1272 αὐτὸν,
720 1208 857 1263 Θεοῦ
884 1211 1054 1281 Λόγον
1081 1211 1208 1264 ὄντα
1235 1213 1330 1265 καὶ
1361 1212 1419 1263 ὲν
1443 1212 1567 1283 δόξῃ
1601 1215 1669 1283 τῇ
1700 1210 1829 1283 παρέ

1954 1209 2050 1266 Dei
2075 1208 2333 1275 Verbum,
2367 1210 2581 1280 qualem
2608 1210 2985 1281 unusquisque
3003 1210 3147 1266 oculi
3181 1211 3266 1266 sui
3302 1211 3520 1281 pupillae

266 1298 348 1370 τῷ
372 1299 549 1368 Πατρὶ
579 1301 941 1372 τυγχάνοντα,
969 1304 1067 1376 τὴν
1101 1304 1182 1369 εἰς
1215 1304 1531 1378 ἀνθρώπους
1557 1304 1829 1378 ὲπιδημίαι

1951 1302 2113 1373 gerit,
2139 1301 2299 1371 cujus
2329 1302 2637 1358 sedulitatis
2669 1311 2831 1372 atque
2856 1302 3061 1357 amoris
3082 1318 3211 1373 erga
3232 1303 3516 1357 hominum

265 1408 328 1445 τε
363 1392 460 1446 καὶ
485 1395 797 1465 οἰκονομίαν
825 1395 1202 1462 ἀναδέξασθαι.

1954 1409 2145 1463 genus,
2184 1394 2399 1463 signum
2442 1392 2575 1447 illud
2623 1392 2748 1456 erit,
2799 1392 2944 1463 quod
2984 1408 3108 1448 cum
3155 1393 3251 1447 Dei
3280 1391 3517 1447 Verbum

265 1492 436 1548 esset,
471 1493 527 1539 et
577 1500 677 1541 sua
719 1488 892 1557 gloria
926 1491 1066 1558 apud
1119 1488 1334 1545 Patrem
1393 1489 1686 1553 frueretur,
1738 1505 1846 1545 non
1900 1488 2134 1561 piguerit
2190 1487 2366 1557 ipsum
2426 1484 2677 1541 veniendi
2727 1484 2793 1538 ad
2844 1484 3115 1549 homines,
3168 1494 3330 1555 atque
3375 1487 3519 1539 inter

264 1595 364 1636 eos
394 1580 652 1635 versandi
681 1598 891 1649 curam,
920 1584 1492 1657 dispensationemque
1519 1587 1818 1657 suscipere.

772 1722 1168 1775 ΚΕΦΛΛΑΙΟΝ
1202 1724 1299 1776 ΙΖ’.

277 1853 425 1907 ’Δπὸ
463 1853 571 1940 {of}
602 1852 805 1940 αὐτοῦζ
834 1854 1012 1940 ἠζρς
1037 1853 1219 1940 perde
1243 1858 1274 1908 ὀ
1301 1856 1513 1923 Κύριος
1540 1855 1713 1940 ᾖξειν
1740 1860 1841 1940 of):

2511 1714 2741 1771 CAPUT
2781 1715 2945 1772 XVII.

1950 1874 2027 1928 Ab
2056 1873 2254 1927 eodem.
2283 1902 2351 1911 —
2383 1870 2535 1938 Quod
2581 1872 2689 1940 ipse
2729 1870 2985 1926 Dominus
3033 1884 3303 1929 venturum
3349 1893 3404 1931 se
3447 1877 3513 1933 de

323 1924 590 2017 ραςιὲθεν
604 1970 621 1988 ,
631 1997 643 2017 ἲ
654 1924 851 2017 καὶβιέ
866 1923 1712 2017 ἀνθρώποιςνκαεασθεὶηνώονὲιν
1730 1967 1744 1990 ,
1775 1944 1829 2011 τι

1950 1923 2251 2006 meimihi
2287 1923 2685 2017 inte'nltoutihes
3440 1923 3509 2003 ἇιὶ

324 1992 393 2048 τε
416 1993 562 2061 ἔθνη
592 1997 678 2059 εἰς
708 1992 895 2047 αὑτὸν
927 1994 1402 2061 καταφεύξεσθαι
1427 1996 1708 2062 θεσπίζει,
1741 1998 1840 2050 καὶ

325 2066 410 2130 ὡς
468 2063 996 2138 ἁπεστάλθαιὺπό
1033 2081 1196 2138 τεῖος
1254 2067 1595 2134 κρείττονος
1619 2068 1840 2138 Κυρίου

332 2134 815 2202 παντοκράτορος
840 2132 1135 2204 ὁμολογεῖ.

341 2287 359 2319 ι
389 2267 609 2339 Τὲρπου
640 2267 733 2320 καὶ
756 2266 1068 2340 εὐφραίνου,
1114 2265 1349 2339 θύγατερ
1378 2267 1535 2333 Σιὼν,
1574 2270 1705 2323 διότι
1730 2270 1839 2324 ἰδοὺ

260 2362 377 2429 ἐγὼ
409 2360 661 2431 ἔρχομαι,
698 2360 791 2413 καὶ
833 2360 1238 2431 κατασκηνώσω
1280 2362 1338 2413 ἐν
1364 2361 1513 2432 μέσῳ
1547 2379 1663 2424 σου,
1693 2361 1840 2431 λέγει

259 2453 492 2523 Κύριος,
526 2451 621 2504 καὶ
654 2450 1081 2520 καταφεύξονται
1129 2452 1254 2522 ἔθνη
1288 2452 1456 2506 πολλά
1484 2453 1576 2505 ἐπὶ
1599 2454 1689 2506 τὸν
1725 2453 1837 2506 Κύ-

261 2560 381 2615 ριον
407 2545 468 2597 ὲν
492 2546 557 2614 τῇ
592 2543 775 2614 ἡμέρα
804 2542 1006 2614 ἐκείνῃ,
1052 2544 1145 2596 καὶ
1184 2544 1393 2596 ἔσονται
1423 2544 1568 2616 αύτῷ
1594 2546 1671 2608 εἰς
1690 2544 1836 2611 λαὸν,

259 2635 358 2689 καὶ
392 2632 803 2704 κατασκηνώσω
833 2635 892 2686 ὲν
943 2634 1089 2705 μέσῳ
1120 2651 1233 2698 σου,
1268 2634 1362 2688 καὶ
1386 2633 1590 2705 γνώσῃ,
1620 2636 1699 2688 ὃτι
1726 2635 1838 2689 Κύ-

260 2748 380 2801 ριος
408 2730 805 2801 παντοκράτωρ
833 2729 1201 2795 ἐξαπέσταλκέ
1234 2746 1300 2800 με
1343 2730 1478 2799 πρὸς
1507 2729 1586 2783 σέ.
1628 2749 1646 2781 ι
1690 2730 1839 2784 Ἐπεὶ

257 2822 550 2895 πρόκειται
579 2820 677 2874 νῦν
711 2820 770 2873 τὸ
810 2820 1062 2891 δεύτερον
1093 2820 1265 2873 αἴτιον
1304 2821 1368 2873 ὲκ
1397 2819 1506 2874 τῶν
1547 2821 1837 2893 προφητῶν

257 2913 563 2979 ἀποδεῖξαι,
599 2911 907 2983 ἀνθρώποις
966 2911 1155 2981 μέλλον
1190 2910 1283 2962 ἐπὶ
1314 2911 1417 2981 γῆς
1447 2909 1837 2981 συμπολιτεύε-

262 3007 410 3068 σθαι,
464 3002 618 3077 οἶμαι
674 3004 862 3057 τούτου
922 3002 1324 3075 παραστατικὸν
1383 3000 1522 3055 εἶναι
1581 3002 1675 3057 καὶ
1740 3003 1837 3073 τὴν

258 3095 549 3168 παροῦσαν
606 3094 962 3166 προφητείαν,
1018 3094 1093 3155 ὼς
1149 3092 1238 3146 διὰ
1282 3092 1343 3145 τὸ
1387 3092 1654 3164 πρόδηλον
1702 3093 1837 3164 μηδὲ

256 3189 507 3251 πλείονος
560 3185 884 3257 ἐξεργασίας
936 3185 1161 3238 δεῖσθαι.
1196 3185 1465 3255 Τηρήσεις
1502 3183 1580 3246 δὲ,
1614 3185 1694 3237 ὅτι
1743 3184 1838 3238 καὶ

2017 2016 2188 2083 ipsum
2219 2012 2605 2081 confugituras,
2632 2014 2772 2065 canit
2800 2029 2817 2065 :
2846 2015 3056 2083 etquod
3093 2012 3379 2072 missumst:
3402 2035 3515 2073 esse

2018 2102 2051 2138 a
2073 2085 2294 2138 Domino
2326 2084 2671 2150 omnipotente
2699 2083 2997 2151 conﬁtetur.

2033 2279 2197 2352 283
2235 2298 2252 2331 ι
2290 2277 2477 2333 Gaude
2521 2286 2574 2332 et
2624 2277 2832 2340 laetare,
2879 2278 2988 2332 lilia
3042 2276 3207 2343 Sion,
3255 2280 3514 2350 quoniam

1945 2387 2072 2427 ecce
2116 2386 2215 2441 ego
2263 2370 2456 2433 venio,
2499 2377 2555 2423 et
2599 2368 2857 2423 habitabo
2902 2370 2957 2423 in
3002 2369 3180 2425 medio
3220 2372 3330 2436 tui,
3379 2371 3512 2427 dicit

1948 2460 2244 2524 Dominus,
2278 2468 2332 2514 et
2378 2459 2696 2529 confugient
2741 2467 2928 2529 gentes
2976 2461 3163 2515 multae
3207 2460 3275 2515 ad
3323 2458 3509 2516 Domi-

1945 2568 2078 2608 num
2118 2553 2173 2607 in
2210 2551 2300 2607 die
2336 2550 2425 2604 illa
2447 2590 2461 2613 ,
2496 2558 2551 2606 et
2584 2559 2747 2605 erunt
2779 2552 2827 2605 ei
2860 2551 2913 2604 in
2946 2552 3238 2621 populum,
3271 2560 3324 2607 et
3357 2552 3512 2606 habi-

1944 2642 2073 2697 tabo
2115 2642 2171 2696 in
2214 2640 2395 2696 medio
2436 2640 2553 2705 tui,
2599 2648 2653 2694 et
2699 2655 3000 2711 cognosces
3045 2642 3192 2713 quod
3245 2641 3511 2699 Dominus

1943 2734 2290 2804 omnipotens
2331 2732 2481 2787 misit
2518 2747 2605 2786 me
2644 2731 2712 2785 ad
2743 2741 2793 2787 te
2822 2733 2887 2787 °°.
2926 2752 2944 2785 ι
2974 2734 3109 2799 Quia
3139 2724 3282 2788 nunc
3314 2750 3512 2807 propo-

1945 2825 2114 2879 situm
2147 2834 2231 2879 est
2264 2822 2462 2877 Filium
2484 2863 2499 2887 ,
2532 2829 2810 2877 auctorem
2842 2838 3023 2879 rerum
3045 2863 3060 2889 ,
3092 2826 3232 2894 apud
3264 2826 3509 2885 homines

1945 2916 1999 2970 in
2036 2923 2183 2970 terra
2214 2922 2560 2969 versaturum
2587 2954 2602 2979 ,
2635 2929 2702 2969 ex
2737 2915 3021 2984 prophetis
3059 2914 3349 2972 ostendere
3370 2957 3385 2982 ,
3418 2933 3509 2972 ar-

1943 3006 2117 3061 hitror
2147 3006 2380 3074 hujusce
2407 3006 2485 3060 rei
2516 3004 2960 3060 demonstrandae
2985 3006 3279 3061 emcaciam
3310 3008 3511 3066 habere

1942 3106 2266 3169 praesentem
2296 3097 2671 3168 prophetiam,
2704 3097 2839 3153 adeo
2872 3098 3091 3168 quidem
3126 3105 3186 3153 ut
3219 3100 3290 3154 ob
3337 3100 3511 3164 ipsius

1944 3187 2021 3241 rei
2068 3186 2552 3258 perspicuitatem,
2606 3187 2757 3240 nulia
2812 3189 3077 3258 ampliore
3127 3190 3512 3258 explanatione

254 3280 357 3352 τὴν
405 3278 588 3332 αἰτίαν
640 3274 796 3340 αὖθις
850 3277 949 3348 τῆς
991 3276 1227 3345 ἀφίξεως
1260 3275 1424 3329 αὑτοῦ
1476 3276 1623 3347 δηλοί
1668 3278 1724 3329 ὲν
1757 3270 1829 3340 οἷς

1944 3279 2016 3334 sit
2070 3294 2254 3348 opus:
2304 3278 2470 3333 etiam
2529 3277 2663 3331 illud
2716 3279 3032 3334 observahis
3083 3280 3226 3349 quod
3282 3295 3508 3336 causam

256 3390 413 3446 φησυ
460 3392 479 3424 ι
518 3372 629 3424 Καὶ
664 3369 1089 3438 καταφεύξονται
1123 3369 1247 3441 ἔθνη
1294 3369 1461 3423 πολλὰ
1491 3370 1583 3423 ἐπὶ
1610 3370 1699 3423 τὸν
1724 3368 1838 3422 Κύ-

254 3483 374 3537 ριον
407 3467 467 3517 ὲν
497 3466 566 3535 τῇ
597 3462 777 3535 ἡμέρα
796 3462 1001 3535 ἐκείνῃ,
1027 3462 1120 3514 καὶ
1137 3461 1347 3514 ἔσονται
1376 3460 1523 3532 αὐτῷ
1551 3462 1629 3525 εἰς
1648 3461 1827 3515 λαόν.»

248 3558 445 3613 Ταῦτα
475 3556 533 3608 δὲ
553 3559 582 3609 ό
608 3554 784 3622 λόγος,
816 3553 915 3623 τὴν
941 3552 1214 3624 θυγατέρα
1231 3552 1368 3606 Σιὼν
1390 3553 1799 3622 εὐαγγελίζεται
1815 3595 1829 3620 ,

243 3649 397 3702 οὕτω
444 3648 546 3716 τὴν
597 3643 1058 3719 Ἐκκλησίανστοῦ
1092 3643 1226 3698 Θεοῦ
1278 3645 1715 3717 προσαγορεύων,
1744 3644 1832 3698 διὰ

241 3742 307 3795 τὸ
331 3741 432 3811 τῆς
451 3738 776 3807 ἐπουρανίου
808 3735 1111 3808 Ἰερουσαλὴ
1120 3754 1156 3806 μ
1178 3735 1448 3807 θυγατέρα
1475 3734 1609 3789 εἶναι
1635 3735 1829 3800 δοκεῖν,

248 3831 467 3903 μητρὸς
511 3825 679 3897 οῦσης
739 3827 952 3895 ἐκείνης
993 3825 1099 3878 τῶν
1134 3825 1323 3893 ἁγίων,
1380 3824 1521 3879 κατά
1553 3826 1644 3878 τὸν
1687 3825 1832 3896 ἱερὸν

258 3921 608 3974 ’Δπόστολον.
644 3920 714 3971 Ἦ
732 3918 824 3972 καὶ
852 3917 1023 3981 ἄλλως
1046 3916 1288 3989 θυγάτηρ
1314 3916 1497 3988 Σιὼνή
1541 3917 1830 3988 Ἐκκλησία

243 4012 493 4085 Χριστοῦ
551 4011 767 4082 λεχθείη
816 4009 902 4073 ἂν,
945 4009 1092 4063 ὼσὰν
1138 4012 1201 4063 ὲκ
1245 4010 1344 4079 τῆς
1405 4010 1674 4080 προτέρας
1704 4027 1830 4064 συν-

243 4106 482 4176 αγωγῆς
541 4106 649 4158 τῶν
671 4105 735 4156 ἐκ
768 4103 1089 4177 περιτομῆς,
1143 4102 1229 4156 διά
1265 4120 1322 4155 τε
1369 4102 1698 4166 ἀποστόλων,
1737 4102 1829 4156 καὶ

244 4198 659 4268 εύαγγελιστῶν
680 4197 981 4258 ύποστᾶσα,
1010 4196 1059 4248 οἳ
1092 4197 1187 4247 καὶ
1206 4195 1516 4265 γεννήματα
1536 4194 1829 4265 ἐτύγχανον

246 4292 465 4365 μητρὸς
507 4291 607 4361 τῆς
656 4288 1052 4362 ἀπορριφείσης
1115 4287 1203 4341 διὰ
1232 4287 1332 4350 τὰς
1393 4286 1601 4348 οἰκείας
1640 4285 1829 4338 δυσσε-

241 4386 426 4448 ϐείας,
462 4382 558 4435 καὶ
599 4383 772 4453 χήρας
796 4379 1165 4452 γεγενημένης
1189 4418 1203 4443 ,
1237 4378 1325 4432 διὰ
1358 4378 1418 4432 τὸ
1445 4377 1712 4433 ἀπελάσαι
1737 4377 1827 4430 τὸν

241 4478 439 4549 ἄνδρα,
475 4475 564 4528 διὰ
598 4473 705 4527 τῶν
752 4473 1043 4546 προφητῶν
1067 4471 1515 4543 ἐπιμεμψάμενος)
1566 4471 1701 4540 αὐτῇ
1732 4469 1828 4522 καὶ

242 4573 534 4642 φήσαντα·
573 4586 591 4618 ι
629 4567 740 4636 Ούχ
766 4567 840 4630 ὡς
860 4565 1024 4637 ἄνδρα
1054 4581 1119 4634 με
1153 4563 1435 4626 ἐκάλεσας,
1471 4562 1563 4615 καὶ
1594 4561 1823 4632 πατέρα,

1942 3384 2138 3423 rursus
2176 3368 2261 3423 sui
2301 3365 2566 3421 adventus
2598 3367 2909 3437 signiﬁcat,
2943 3367 3034 3423 ubi
3068 3370 3144 3422 ait
3174 3388 3186 3423 :
3220 3388 3238 3420 ι
3278 3368 3343 3423 Et
3375 3385 3513 3424 cou-

1943 3460 2151 3531 fugient
2185 3465 2373 3528 gentes
2412 3458 2598 3512 multze
2634 3458 2701 3511 ad
2743 3457 3031 3513 Dominum
3076 3460 3130 3514 in
3170 3460 3259 3515 die
3297 3462 3418 3534 illa,
3455 3468 3510 3515 et

1940 3561 2103 3609 erant
2133 3552 2237 3623 ipsi
2265 3551 2320 3606 in
2351 3552 2630 3621 populum.
2673 3571 2693 3603 ι
2724 3550 2848 3607 Haec
2878 3560 3057 3608 autem
3090 3554 3192 3623 ipsi
3224 3553 3345 3609 illim
3376 3553 3506 3609 Sion

1940 3646 2157 3702 nuntiat
2190 3645 2472 3700 oraculum
2496 3684 2510 3706 ,
2558 3643 2637 3698 sic
2676 3644 2891 3699 interim
2933 3643 3028 3698 Dei
3068 3644 3371 3699 Erelesiam
3410 3660 3509 3716 ap-

1937 3739 2186 3810 pellans,
2252 3748 2538 3809 propterea
2588 3736 2731 3807 quod
2788 3737 2996 3792 caelesti
3045 3735 3346 3792 Jerusalem
3398 3739 3504 3793 lilia

1936 3855 2061 3895 esse
2111 3839 2382 3901 videatur,
2445 3852 2592 3907 quze,
2654 3841 2714 3888 ut
2768 3840 2995 3888 sanctus
3053 3832 3128 3885 ait
3183 3831 3502 3900 Apostolus,

1936 3939 2112 3986 mater
2158 3939 2473 3985 sanctorum
2521 3937 2623 3983 est.
2675 3927 2783 3979 Aut
2824 3925 2989 3980 etiam
3034 3924 3190 3978 aliter
3228 3922 3337 3977 ﬁlia
3374 3921 3505 3977 Sion

1936 4020 2143 4076 Christi
2193 4020 2436 4075 Ecclesia
2467 4018 2574 4073 dici
2606 4025 2819 4089 potest,
2865 4024 3124 4086 tanquam
3166 4031 3229 4069 ea
3271 4031 3393 4085 qua:
3438 4031 3505 4070 ex

1934 4115 2117 4183 priore
2172 4126 2361 4167 eorum
2416 4110 2510 4181 qui
2574 4111 2639 4164 ad
2697 4109 3171 4163 circumcisionem
3232 4109 3505 4176 pertinent

1935 4213 2203 4259 conventu
2233 4244 2247 4267 ,
2300 4219 2396 4273 per
2439 4201 2715 4272 apostolos
2739 4240 2753 4263 ,
2807 4207 2969 4268 atque
3011 4198 3373 4267 evangelistas
3398 4239 3412 4263 ,
3448 4198 3503 4252 id

1934 4295 2079 4367 quod
2110 4304 2226 4358 est,
2265 4294 2573 4362 acceperit,
2604 4293 2695 4361 qui
2724 4292 2888 4345 etiam
2924 4290 3015 4344 ﬁlii
3044 4297 3201 4344 erant
3233 4288 3353 4359 ejus
3384 4303 3503 4343 ma-

1935 4387 2033 4441 tris
2055 4426 2069 4451 ,
2100 4401 2221 4455 quae
2255 4386 2327 4440 ob
2356 4386 2563 4440 scelera
2595 4399 2695 4438 sua
2725 4382 2936 4453 objecta
2980 4389 3098 4445 est,
3148 4398 3376 4452 qumque
3418 4382 3501 4437 vi-

1933 4479 2039 4533 dua
2075 4477 2217 4531 facta
2250 4485 2332 4532 est
2355 4518 2371 4541 ,
2401 4493 2465 4532 eo
2499 4476 2646 4546 quod
2691 4476 2961 4546 expulerit
2994 4476 3170 4529 virum
3199 4515 3214 4537 ,
3257 4475 3350 4545 qui
3403 4491 3501 4545 per

1933 4572 2228 4642 prophetas
2249 4570 2317 4625 de
2344 4570 2461 4641 ipsa
2492 4576 2825 4639 conquestus
2848 4576 2932 4623 est
2956 4608 2970 4632 ,
2997 4575 3160 4639 atque
3190 4568 3303 4623 ait:
3335 4586 3352 4618 ι
3380 4566 3501 4623 Non

242 4665 345 4719 καὶ
376 4662 623 4734 ἀρχηγὸν
656 4661 753 4730 τῆς
770 4660 1062 4732 παρθενίας
1096 4675 1187 4710 σου
1208 4673 1221 4686 ·
1263 4678 1281 4707 ι
1308 4656 1366 4719 ὃς
1400 4656 1492 4709 καὶ
1523 4658 1633 4718 τοῖς
1658 4654 1715 4721 ἐξ
1738 4654 1829 4707 αύ-

1937 4674 2191 4735 tanquam
2225 4664 2403 4719 virum
2435 4678 2521 4717 me
2554 4662 2760 4718 vocasti
2785 4700 2800 4725 ,
2846 4669 2899 4716 et
2945 4660 3161 4717 Patrem
3210 4669 3265 4716 et
3302 4660 3497 4716 ducem

240 4754 348 4824 τῆς
402 4751 720 4822 γενομένοις
774 4751 863 4803 τὸν
888 4749 1084 4820 τρόπον
1125 4749 1223 4819 τῆς
1254 4746 1457 4817 μητρὸς
1498 4745 1819 4812 διαϐάλλων,

241 4851 382 4921 φησί
408 4867 421 4878 °
456 4868 474 4901 ι
514 4848 672 4900 Ποῖον
713 4846 869 4900 τοῦτο
900 4846 962 4898 τὸ
1005 4844 1205 4915 βιολίον
1233 4842 1325 4896 τοῦ
1364 4841 1694 4895 ἀποστασίου
1726 4840 1824 4910 τῆς

246 4941 465 5012 μητρὸς
514 4940 685 5010 ὑμῶν,
717 4932 760 5006 ᾧ
795 4936 1150 5005 ἐξαπέστειλα
1192 4936 1396 5006 αὐτήν;
1438 4954 1456 4984 ι
1487 4934 1597 4988 Καὶ
1627 4931 1787 4985 πάλιν
1807 4947 1821 4963 ⁸

243 5054 265 5085 ι
311 5032 560 5104 Κριθῆτε
626 5030 761 5103 πρὸς
818 5031 913 5102 τὴν
968 5030 1179 5101 μητέρα
1232 5027 1405 5098 ὑμῶν,
1462 5026 1706 5099 κριθῆτε,
1742 5025 1824 5077 ὅτι

236 5128 384 5199 αὕτη
424 5127 487 5179 ού
521 5128 656 5197 γυνή
688 5142 786 5196 μου
809 5166 823 5189 ,
852 5125 1006 5195 κάγὼ
1038 5125 1137 5178 οὐκ
1160 5124 1300 5195 ἀνὴρ
1328 5122 1517 5191 αὐτῆς.
1544 5142 1561 5173 ι
1590 5120 1827 5182 Εἰκότως

237 5220 379 5291 δῆτα
416 5219 567 5271 ὡσάν
599 5219 697 5288 τὴν
734 5218 943 5289 μητέρα
983 5215 1442 5288 ἀπαρνησαμένου
1474 5214 1567 5267 τοῦ
1591 5212 1821 5284 Κυρίου,

239 5313 384 5383 πρὸς
421 5312 522 5381 τὴν
539 5308 813 5381 θυγατέρα
842 5312 875 5381 ή
917 5308 1167 5380 παροῦσα
1202 5306 1506 5379 προφητεία
1536 5303 1813 5373 εὐαγγελί-

244 5402 397 5468 ζεται
430 5400 530 5471 τὴν
560 5399 723 5453 αὑτοῦ
774 5396 866 5451 τοῦ
911 5397 1113 5469 Κυρίου
1160 5396 1483 5467 παρουσίαν.
1531 5395 1630 5465 Εῖη
1673 5394 1718 5447 δ’
1755 5392 1820 5447 ἂν

249 5492 384 5565 ιῦτη
419 5493 456 5563 ἡ
490 5491 551 5557 ἐξ
591 5488 760 5545 ὲθνῶν
801 5488 1114 5561 Ἐκκλησία,
1145 5492 1203 5544 ὲν
1245 5488 1398 5561 χώρα
1430 5487 1695 5560 θυγατρὸς
1720 5486 1820 5557 τῆς

242 5585 547 5659 προτέρας,
570 5582 659 5637 διὰ
686 5584 813 5647 τοὺς
856 5582 1184 5646 ἀποστόλους
1224 5582 1316 5636 τοῦ
1355 5582 1606 5654 Σωτῆρος
1638 5582 1815 5657 ημῶν,

234 5676 424 5744 λελειτι
436 5674 632 5745 σμένη.

1933 4757 2256 4828 virginitatis
2304 4763 2411 4810 tua:
2441 4755 2509 4821 εί,
2544 4774 2563 4807 ›
2588 4755 2679 4825 qui
2720 4754 2884 4810 etiam
2916 4754 2983 4809 iis
3015 4755 3107 4824 qui
3133 4754 3199 4808 de
3225 4755 3341 4825 ipsa
3386 4754 3500 4810 nati

1930 4858 2088 4913 sunt,
2117 4864 2297 4904 mores
2330 4848 2517 4902 matris
2540 4847 2880 4917 exprobrans
2913 4862 2978 4900 ac
3007 4848 3347 4915 vituperans,
3379 4847 3454 4901 ait
3480 4867 3493 4902 :

1936 4959 1955 4993 ι
1988 4940 2121 5004 Quis
2154 4949 2238 4996 est
2272 4940 2361 4994 hic
2392 4939 2529 4994 liber
2561 4938 2774 5009 repudii
2811 4937 3001 4994 matris
3034 4945 3265 5001 vestraeo,
3302 4938 3357 4992 in
3387 4954 3497 5008 quo

1930 5032 2089 5086 emisi
2123 5047 2240 5086 eam
2267 5032 2312 5062 ⁸³
2334 5032 2357 5085 ?
2380 5050 2397 5083 ι
2429 5032 2493 5085 Ει
2529 5046 2721 5086 rursus
2750 5049 2764 5085 :
2801 5048 2819 5081 ι
2846 5028 3175 5084 ιιιιιίςιιιιιὶιιὶ
3204 5030 3496 5099 :quoniam

1914 5122 2045 5177 base
2088 5138 2198 5177 non
2243 5139 2381 5178 uxor
2416 5138 2532 5179 mea
2556 5164 2569 5187 ,
2618 5131 2672 5178 et
2709 5137 2808 5192 ego
2842 5135 2950 5175 non
2985 5121 3068 5175 vir
3094 5121 3214 5190 ejus
3243 5122 3310 5177 ”.
3337 5142 3357 5174 ι
3385 5122 3495 5177 Me-

1928 5214 2037 5268 rito
2091 5228 2223 5268 sane
2269 5222 2527 5283 tanquam
2573 5214 2641 5268 iis
2686 5213 2778 5283 qui
2834 5221 3063 5267 matrem
3108 5213 3498 5284 abnegaverint

1932 5304 2097 5359 tiliam
2155 5303 2399 5364 Domini.
2444 5305 2616 5374 ipsius
2661 5302 2871 5358 Domini
2916 5305 3202 5359 adventum
3254 5322 3495 5376 praesens

1931 5397 2217 5467 prophetia
2265 5396 2501 5450 nuntiat.
2553 5394 2669 5448 Erit
2718 5401 2899 5449 autem
2957 5396 3073 5451 haec
3126 5395 3371 5455 Ecclesia
3423 5398 3493 5453 de

1932 5488 2217 5559 gentibus,
2252 5504 2373 5558 qua}
2404 5489 2524 5544 loco
2557 5489 2757 5559 prioris
2792 5488 2916 5545 tiliae
2948 5505 3043 5562 per
3085 5490 3256 5548 nostri
3303 5491 3491 5549 Salva-

1931 5580 2067 5636 toris
2094 5582 2371 5651 apostolos
2397 5621 2411 5647 ,
2444 5581 2626 5638 habita
2654 5588 2757 5638 est.

313 5794 359 5825 ⁸⁸
392 5792 561 5848 Zach.
591 5793 769 5858 11,10,
806 5794 890 5847 ll.
966 5796 1006 5827 δ’
1030 5794 1140 5851 Jer.
1167 5813 1247 5863 ιιι,
1276 5796 1329 5852 4.
1405 5795 1575 5856 “lsa.
1611 5817 1738 5869 xxx,
1772 5820 1810 5860 ι.

1964 5806 2089 5866 Ose.
2124 5824 2184 5876 ιι,
2210 5809 2267 5866 2.
