4080 6416
657 346 753 405 451

1082 475 1246 548 284
1286 475 1515 531 CAPUT
1554 476 1739 535 XVlll.

739 632 822 689 Ab
852 632 1053 687 eodem.
1083 664 1153 675 -——
1182 634 1258 688 De
1293 635 1503 690 Domini
1539 636 1761 690 aduentu
1789 676 1805 699 ,
1837 647 1886 689 et
1922 636 1989 691 de
2020 638 2089 691 iis

859 720 976 773 qua:
1007 705 1063 758 in
1092 707 1332 772 passione
1361 707 1476 773 ejus
1504 717 1748 760 eventura
1779 718 1954 762 erant.

696 891 713 921 ι
753 872 894 928 Ecce
918 872 1035 928 dies
1059 884 1287 929 veniunt
1317 875 1534 930 Domini
1555 917 1571 940 ,
1600 885 1654 930 et
1677 876 1993 931 dividentur
2020 876 2194 947 spolia

626 977 715 1021 tua
750 966 804 1019 in
837 974 891 1021 te
916 1007 930 1027 .
979 976 1032 1021 et
1078 968 1420 1039 congregabo
1449 985 1639 1024 omnes
1667 978 1854 1041 gentes
1887 970 1939 1023 in
1973 968 2196 1025 Jerusa-

624 1056 727 1111 lem
764 1056 829 1110 ad
860 1056 1060 1111 bellum
1088 1075 1102 1122 ;
1137 1063 1190 1110 et
1219 1058 1472 1128 capietur
1502 1058 1698 1112 civitas
1722 1096 1738 1119 ,
1773 1066 1825 1113 et
1866 1058 2195 1127 diripientur

623 1148 852 1212 domus,
888 1155 941 1203 et
982 1148 1240 1205 mulieres
1274 1149 1648 1214 focdahuntur,
1679 1160 1733 1204 et
1768 1149 2077 1219 egredietur
2109 1150 2195 1204 di-

620 1240 849 1294 midium
882 1240 1121 1296 civitatis
1148 1242 1200 1294 in
1231 1240 1579 1312 captivitate,
1620 1242 1815 1311 reliqui
1846 1256 1973 1296 vero
1999 1241 2065 1296 de
2095 1257 2194 1313 po-

623 1330 750 1398 pulo
785 1345 906 1385 meo
938 1345 1046 1384 non
1081 1332 1366 1401 peribunt,
1404 1337 1457 1386 et
1489 1330 1798 1401 egredietur
1825 1330 2108 1398 Dominus,
2139 1340 2193 1387 et

621 1420 902 1489 parabitur
936 1421 1003 1475 ad
1032 1423 1276 1492 praelium
1312 1421 1368 1476 in
1419 1423 1674 1493 gentibus
1711 1423 1821 1479 illis
1842 1463 1856 1487 ,
1894 1424 2039 1479 sicut
2073 1424 2189 1480 dies

621 1511 789 1580 pra-lii
818 1512 936 1580 ejus
963 1514 1016 1566 in
1050 1512 1137 1567 die
1166 1513 1292 1568 belli
1321 1532 1333 1567 :
1361 1521 1415 1568 et
1442 1514 1665 1568 stabunt
1688 1515 1854 1586 pedes
1877 1516 1996 1585 ejus
2020 1517 2075 1570 in
2101 1516 2190 1571 die

619 1602 708 1654 illa
735 1618 900 1673 super
930 1616 1113 1659 monte
1142 1603 1453 1670 Olivarum,
1484 1606 1577 1675 qui
1608 1615 1693 1661 est
1731 1617 1922 1663 contra
1972 1607 2190 1666 Jerusa-

619 1692 722 1747 lem
752 1694 820 1748 ab
847 1695 1083 1758 Oriente,
1114 1704 1168 1749 et
1195 1695 1474 1751 seindetur
1504 1711 1660 1753 mons
1690 1696 1965 1754 Olivarum
1986 1740 2002 1763 ,
2030 1700 2192 1755 dimi-

616 1783 768 1837 dium
798 1785 918 1854 ejus
949 1786 1017 1841 ad
1046 1787 1341 1853 Orientem,
1367 1795 1422 1843 et
1442 1787 1728 1844 dimidium
1760 1791 1881 1860 ejus
1907 1791 1975 1845 ad
2002 1806 2183 1861 mare;

617 1875 968 1945 profunditas
1001 1891 1196 1948 magna
1227 1878 1596 1945 vehementer,
1630 1889 1684 1936 et
1711 1881 1994 1937 inclinabit
2020 1883 2184 1937 dimi-

615 1970 765 2023 dium
800 1972 999 2027 montis
1030 1972 1097 2026 ad
1128 1972 1356 2029 Boream
1379 2018 1393 2042 ,
1420 1985 1473 2030 et
1496 1974 1779 2029 dimidium
1808 1976 1926 2044 ejus
1955 1978 2023 2031 ad
2046 1978 2185 2034 Aus-

615 2071 762 2116 trum
791 2082 803 2117 :
838 2071 891 2117 et
921 2064 1269 2119 obturabitur
1299 2065 1458 2122 vallis
1498 2065 1764 2119 montium
1810 2081 2091 2133 meorum,
2130 2075 2185 2123 et

615 2154 1078 2223 eonglutinabitur
1102 2158 1367 2214 convallis
1399 2159 1666 2212 montium
1698 2142 1869 2229 usque
1894 2160 2053 2215 Asael
2083 2178 2096 2214 :
2130 2169 2184 2216 et

612 2243 978 2308 obturabitur,
1001 2246 1458 2325 quemadmodum
1484 2247 1734 2301 obturata
1755 2253 1838 2301 est
1860 2261 1890 2299 a
1911 2247 2051 2302 facie
2071 2254 2185 2302 ter-

499 2398 506 2405 .
613 2352 688 2391 rae
732 2345 935 2402 motus,
967 2338 1023 2391 in
1055 2338 1248 2393 diebus
1275 2339 1419 2393 Ozite
1452 2339 1597 2410 regis
1622 2338 1782 2395 Juda.
1820 2338 1905 2412 [Et
1934 2341 2183 2396 adveniet

612 2430 877 2485 Dominus
921 2429 1060 2486 Deus
1101 2447 1293 2496 meus,
1324 2440 1379 2486 et
1410 2447 1602 2488 omnes
1648 2434 1823 2487 sancti
1867 2448 1992 2488 cum
2033 2433 2178 2505 eoz]

610 2529 663 2577 et
704 2522 808 2577 erit
856 2523 910 2575 in
954 2521 1043 2577 die
1085 2522 1210 2588 illa,
1258 2538 1368 2579 non
1415 2525 1521 2579 erit
1549 2524 1769 2589 lumen,
1802 2524 1899 2580 sed
1928 2525 2103 2595 frigus
2128 2534 2182 2581 et

610 2613 812 2683 glacies
838 2615 944 2669 erit
976 2614 1063 2668 die
1097 2630 1205 2668 uno
1230 2633 1243 2669 :
1280 2624 1333 2670 et
1361 2615 1479 2671 dies
1508 2615 1600 2669 ille
1632 2625 1798 2670 nutus
1828 2615 2060 2671 Domino
2080 2657 2094 2681 ,
2124 2624 2181 2670 et

610 2721 717 2760 non
753 2706 904 2770 dies,
951 2723 1127 2777 neque
1170 2724 1313 2772 nox,
1361 2709 1431 2762 ad
1472 2725 1755 2778 vesperam
1805 2711 1910 2764 erit
1950 2710 2065 2764 lux.
2111 2707 2179 2762 Et

607 2801 712 2852 erit
749 2800 806 2852 in
843 2799 932 2854 die
969 2801 1061 2853 illa
1084 2841 1098 2861 ,
1136 2800 1450 2871 egredietur
1486 2816 1627 2870 aqua
1663 2801 1783 2855 viva
1835 2801 1902 2855 de
1950 2799 2176 2855 Jerusa-

607 2891 715 2944 lem
739 2909 755 2946 ι
786 2891 1069 2947 dimidium
1101 2892 1221 2960 ejus
1244 2892 1309 2945 ad
1337 2907 1485 2946 mare
1512 2894 1749 2961 primum
1772 2933 1786 2958 ,
1812 2899 1867 2946 et
1889 2890 2176 2946 dimidium

607 2981 730 3049 ejus
768 2982 835 3035 ad
874 2997 1024 3036 mare
1065 2982 1317 3035 ultimum
1351 3001 1363 3036 :
1404 2983 1460 3036 in
1498 2990 1686 3038 aestate
1723 2989 1779 3037 et
1817 2983 1872 3036 in
1912 2997 2036 3037 vere
2073 2981 2177 3036 erit

610 3076 691 3131 sic
723 3094 736 3130 :
774 3083 829 3130 et
856 3076 961 3129 erit
991 3074 1253 3130 Dominus
1283 3077 1340 3130 in
1372 3090 1553 3147 regem
1602 3076 1657 3128 in
1702 3089 1916 3129 omnem
1949 3082 2173 3129 terram.

1414 357 1686 415 EUSEBII
1724 359 2207 417 C‘ESAMENSIS
2240 360 2390 420 OPP.
2429 362 2612 419 PARS
2650 363 2715 419 ll.
2759 393 2830 406 -—
2861 364 3359 426 APOLOGETICA.

3761 374 3859 430 ιιι

2810 483 3206 539 ΚΕΦΑΛΛΙΟΝ
3227 487 3336 541 ιη’.

2313 620 2454 694 Ἀπῤ
2488 620 2591 673 τοῦ
2631 619 3080 694 antea—113,02
3123 622 3234 694 τῆς
3255 624 3361 678 τοῦ
3391 624 3613 694 Κυρίου
3656 642 3860 693 παρίυο

2369 691 2527 766 σίας,
2557 692 2653 744 καὶ
2699 691 2817 744 τῶν
2847 692 2994 744 κατὰ
3025 694 3090 746 τὸ
3123 693 3312 760 πάθος
3351 691 3538 749 αὑτοῦ
3556 691 3857 766 συμϐήσοι-

2360 759 2578 828 μένων.

2373 892 2391 924 ι
2440 873 2568 928 Ἰδοὺ
2630 874 2830 947 ἡμέραι
2880 875 3123 948 ἔρχονται
3151 875 3245 930 τοῦ
3292 878 3519 949 Κυρίου,
3548 879 3643 934 καὶ
3674 880 3855 950 διαμε-

2299 963 2642 1035 ρισθήσονται
2688 967 2757 1020 τὰ
2808 967 2980 1020 σκῦλά
3034 985 3125 1020 σου
3181 970 3237 1021 ὲν
3296 968 3398 1031 σοὶ,
3444 971 3539 1023 καὶ
3558 970 3858 1035 ἐπισυνάξω

2295 1057 2472 1111 πάντα
2514 1058 2581 1111 τά
2639 1058 2767 1130 ἔθνη
2793 1060 2884 1113 ἐπὶ
2944 1060 3297 1132 Ἰερουσαλὴμ
3354 1063 3434 1125 είς
3468 1062 3702 1133 πόλεμον
3727 1080 3740 1092 ·
3769 1064 3858 1117 καὶ

2294 1148 2561 1231 ἀλῴσεται
2588 1152 2622 1218 ἡ
2653 1149 2825 1214 πόλις,
2855 1152 2949 1204 καὶ
2990 1151 3451 1222 διαρπαγήσονται
3467 1153 3523 1205 αἱ
3544 1152 3734 1217 οἰκίαι,
3770 1155 3859 1208 καὶ

2292 1239 2348 1290 al
2420 1241 2679 1306 γυναῖκες
2748 1237 3202 1311 μολυνθήσονται,
3264 1242 3357 1294 καὶ
3415 1240 3858 1315 ὲξελεύσεταιοτὺ

2290 1328 2463 1398 ἥμισυ
2495 1329 2596 1399 τῆς
2629 1328 2833 1394 πόλεως
2861 1332 2918 1383 ὲν
2952 1329 3318 1404 αἰχμαλωσίᾳ.
3354 1332 3416 1385 Oi
3450 1332 3509 1385 δὲ
3537 1332 3856 1387 κατάλοιποι

2291 1417 2385 1470 τοῦ
2411 1416 2540 1471 λαοῦ
2575 1436 2674 1489 μου
2699 1420 2759 1472 ού
2791 1420 2864 1491 μὴ
2907 1418 3344 1491 ἐξολοθρευθῶσι,
3387 1423 3480 1475 καὶ
3522 1422 3856 1490 ἐξελεύσεται

2292 1508 2512 1578 Κύριος,
2565 1511 2659 1565 καὶ
2705 1510 3075 1583 παρατάξεται
3118 1512 3176 1563 ὲν
3209 1515 3320 1577 τοῖς
3351 1511 3558 1568 ἔθνεσιν
3612 1514 3855 1580 ἐκείνοις,

2291 1603 2475 1668 καθὼς
2501 1606 2682 1677 ήμέρα
2714 1607 3073 1678 παρατάξεως
3105 1607 3269 1661 αύτοῦ
3305 1610 3362 1661 ὲν
3392 1610 3572 1681 ἡμέρα
3599 1609 3853 1680 πολέμου.

2291 1699 2399 1751 Καὶ
2427 1700 2711 1769 στήσονται
2753 1701 2802 1751 οἰ
2857 1701 3016 1765 πόδες
3047 1701 3211 1756 αὑτοῦ
3244 1702 3301 1753 ἐν
3335 1704 3399 1772 τῇ
3443 1702 3625 1773 ἡμέρᾳ
3654 1702 3855 1774 ἐκείνῃ,

2292 1791 2382 1843 ἐπὶ
2410 1790 2469 1843 τὸ
2519 1791 2641 1862 ὅρος
2668 1790 2775 1844 τῶν
2817 1793 3041 1847 Ἐλαιῶν
3070 1795 3150 1859 τὸ,
3183 1795 3464 1848 κατέναντι
3506 1794 3857 1866 Ἰερουσαλὴμ

2287 1880 2345 1947 ἐξ
2388 1883 2680 1947 ἀνατολῶν,
2734 1886 2825 1937 καὶ
2871 1885 3219 1958 σχισθήσεται
3252 1886 3312 1939 τὸ
3349 1884 3474 1957 ὅρος
3524 1886 3774 1950 Ἐλαιῶν,
3799 1886 3857 1940 τὸ

2285 1975 2453 2045 ἥμισυ
2510 1976 2673 2029 αὑτοῦ
2725 1977 2863 2047 πρὸς
2923 1977 3214 2032 θάλασσαν.
3254 1976 3399 2041 Χάος
3444 1976 3587 2048 μέγα
3632 1976 3855 2048 σφόδρα.

2286 2067 2378 2118 καὶ
2408 2065 2579 2119 κλινεῖ
2601 2066 2660 2120 τὸ
2683 2068 2853 2138 ἥμισυ
2882 2068 2974 2121 τοῦ
3021 2069 3182 2140 ὅρους
3208 2070 3342 2140 πρὸς
3372 2069 3463 2122 τὸν
3492 2069 3724 2141 Βορρᾶν,
3764 2073 3855 2124 καὶ

2283 2158 2343 2211 τὸ
2372 2159 2542 2228 ἥμισυ
2599 2158 2762 2211 αὐτοῦ
2798 2160 2933 2230 πρὸς
2965 2161 3156 2213 Νότον.
3199 2161 3310 2215 Καὶ
3345 2162 3856 2235 ἐμφραχθὴσεταιὴ

2283 2250 2466 2313 κοιλὰς
2496 2249 2603 2302 τῶν
2631 2250 2800 2322 ὀρέων
2829 2268 2951 2322 μου,
2986 2253 3079 2305 καὶ
3096 2251 3552 2323 ὲγκολληθήσεται
3579 2254 3612 2325 ἡ
3639 2253 3858 2325 φάραγξ

2282 2342 2449 2412 ὁρέων
2501 2343 2604 2406 ἕως
2669 2344 2868 2415 Ἀσαήλ
2893 2362 2906 2374 ·
2941 2346 3034 2398 καὶ
3085 2345 3531 2417 ὲμφραχθὴσεται
3573 2346 3631 2400 δν
3655 2347 3859 2418 τρόπον

2282 2432 2552 2503 ἐνεφράγη
2599 2432 2704 2486 ἀπὸ
2755 2433 3044 2505 προσώπου
3085 2435 3177 2487 τοῦ
3227 2435 3474 2506 σεισμοῦ,
3510 2438 3567 2488 ὲν
3619 2437 3857 2510 ἡμέραις

2294 2521 2467 2586 Ὀζίου
2519 2524 2781 2594 βασιλέως
2860 2525 3047 2580 Ἰούδα.
3102 2528 3214 2579 Καὶ
3270 2526 3422 2580 ἔσται
3475 2530 3532 2581 ὲν
3561 2527 3747 2602 ἐκείνῃ
3792 2533 3855 2601 τῇ

2281 2617 2482 2688 ἡμέρᾳ,
2511 2618 2611 2670 ούκ
2633 2616 2784 2671 ἔσται
2838 2617 2974 2688 φῶς,
3009 2618 3142 2673 ἀλλὰ
3160 2618 3461 2689 ψῦχος,’κα“ι
3499 2621 3670 2689 πάγος
3697 2621 3856 2675 ἔσται

2283 2704 2410 2778 μίαν
2441 2709 2669 2779 ἡμέραν.
2693 2711 2801 2763 Καὶ
2824 2713 2857 2779 ἡ
2887 2711 3068 2783 ἡμέρα
3084 2711 3264 2782 ἐκείνη
3290 2712 3506 2784 γνωστὴ
3536 2712 3614 2783 τῷ
3641 2714 3856 2786 Κυρίῳ,

2279 2802 2373 2854 καὶ
2403 2802 2501 2871 ούχ
2530 2801 2735 2873 ἡμέρα,
2764 2802 2859 2856 καὶ
2886 2804 3005 2874 οὐχὶ
3036 2802 3151 2868 νὺξ,
3184 2803 3246 2856 τὸ
3280 2804 3415 2875 πρὸς
3438 2806 3676 2877 ἑσπέραν
3699 2806 3856 2862 ἔσται

2279 2891 2412 2961 φῶς.
2448 2894 2556 2947 Καὶ
2575 2893 2725 2947 ἔσται
2752 2898 2808 2948 ὲν
2841 2897 2905 2964 τῇ
2927 2894 3104 2967 ἡμέρᾳ
3128 2895 3329 2967 ἐκείνῃ,
3354 2894 3692 2960 ἐξελεύσεται
3707 2898 3858 2972 ὕδωρ

2278 2982 2385 3048 ζῶν
2419 2981 2478 3049 ἐξ
2512 2985 2865 3058 Ἰερουσαλήμ
2890 3003 2902 3015 ο
2932 2987 2992 3039 τὸ
3019 2987 3188 3057 ἡμισυ
3220 2987 3384 3041 αὑτοῦ
3415 2990 3495 3053 είς
3531 2989 3627 3062 τὴν
3657 2990 3859 3046 θάλασ-

2281 3090 2378 3128 σαν
2406 3075 2503 3146 τὴν
2537 3075 2780 3147 πρώτην,
2812 3077 2905 3130 καὶ
2928 3078 3098 3147 ἥμισυ
3127 3077 3291 3131 αὐτοῦ
3341 3082 3422 3142 είς
3448 3079 3546 3152 τὴν
3578 3081 3859 3137 θάλασσαν

605 3159 665 3215 In
716 3159 803 3214 die
852 3161 943 3215 illa
993 3161 1099 3216 erit
1152 3160 1414 3218 Dominus
1472 3178 1652 3228 unus,
1701 3170 1756 3217 et
1804 3177 2003 3217 nomen
2054 3163 2174 3232 ejus

2279 3166 2377 3240 τήν
2400 3170 2655 3241 ἐσχάτην.
2700 3169 2787 3222 Ἐν
2811 3169 2955 3240 θέρει
2978 3171 3069 3224 καὶ
3095 3172 3152 3223 ὲν
3194 3170 3313 3242 ἔαρι
3346 3171 3497 3225 ἔσται
3524 3172 3716 3238 οὕτως.
3747 3175 3859 3229 Καὶ

604 3268 774 3306 unum
796 3292 810 3315 ,
839 3253 1186 3308 circumdans
1210 3269 1426 3309 omnem
1457 3263 1654 3310 terram
1679 3293 1693 3318 ,
1726 3262 1780 3308 et
1804 3270 2021 3309 omnem
2046 3254 2181 3309 soli-

602 3340 844 3396 tudinem
876 3342 942 3397 ⁸⁸.
971 3362 989 3395 ι
1015 3342 1144 3399 Post
1174 3345 1405 3415 primam
1455 3346 1795 3401 obsidionem
1835 3344 2175 3415 Jerusalem,

600 3440 1011 3503 extremamque
1034 3435 1182 3490 illius
1207 3438 1423 3491 ruinam
1449 3445 1501 3493 et
1524 3438 1907 3503 solitudinem,
1933 3456 2053 3510 qua:
2075 3441 2177 3496 sub

600 3522 912 3594 Babyloniis
942 3525 1169 3590 accidit,
1199 3536 1430 3597 postque
1460 3528 1693 3582 reditum
1724 3530 1792 3585 ab
1813 3530 1997 3586 hostili
2031 3544 2175 3587 terra

600 3616 668 3670 ad
702 3616 934 3686 patriam
956 3656 972 3682 ,
1005 3617 1098 3687 qui
1134 3619 1237 3673 sub
1260 3617 1403 3689 Cyro
1430 3619 1724 3675 Persarum
1754 3638 1882 3693 rege
1909 3626 2173 3695 contigit,

599 3723 724 3762 cum
762 3709 922 3778 paulo
981 3719 1106 3763 ante
1147 3709 1447 3767 Jerusalem
1492 3712 1792 3768 instaurata
1860 3724 2039 3780 esset,
2085 3732 2173 3771 re-

598 3809 966 3869 novatumque
996 3804 1374 3856 sanctuarium
1396 3843 1412 3867 ,
1443 3814 1497 3859 et
1535 3805 1680 3874 quod
1712 3806 1856 3875 apud
1891 3807 2025 3861 illud
2057 3818 2175 3863 erat

599 3892 803 3955 altare,
852 3894 953 3947 sub
992 3891 1157 3948 Dario
1190 3894 1356 3949 Persa
1406 3912 1650 3965 prmsens
1684 3899 1835 3952 canit
1866 3900 2133 3970 propheta
2155 3940 2169 3964 ,

597 3980 761 4053 285
790 3988 843 4037 et
873 3982 1101 4052 posthac
1134 3983 1360 4037 alteram
1391 3984 1732 4040 obsidionem
1755 3984 2060 4043 Jerusalem
2083 3988 2170 4043 fu-

597 4087 776 4128 turam
821 4074 1117 4145 signiﬁcat,
1165 4090 1329 4145 quam
1376 4091 1537 4145 passa
1565 4087 1651 4133 est
1687 4093 1718 4131 a
1761 4076 2026 4137 Romanis
2060 4098 2171 4136 non

597 4166 754 4231 alias,
784 4183 948 4237 quam
974 4176 1098 4238 post
1131 4169 1361 4232 scelera,
1390 4184 1512 4239 qua:
1534 4170 1655 4239 ejus
1681 4170 2019 4231 habitatores
2039 4189 2172 4229 con-

594 4268 682 4312 tra
714 4258 1050 4316 Salvatorem
1078 4268 1326 4316 nostrum
1351 4259 1534 4317 Jesum
1562 4262 1841 4319 Christum
1871 4268 1987 4321 ausi
2019 4277 2164 4331 sunt.

596 4350 1042 4408 Manifestissime
1064 4352 1234 4424 igitur
1265 4352 1432 4406 etiam
1476 4354 1651 4408 hocin
1682 4355 1826 4420 loco,
1865 4354 2167 4413 Salvatoris

594 4443 789 4507 nostri,
817 4443 909 4512 qui
942 4442 1035 4497 Dei
1066 4441 1304 4498 Verbum
1330 4450 1435 4505 est,
1477 4444 1763 4509 adventus,
1789 4454 1843 4502 et
1868 4464 1989 4518 qua:
2017 4449 2165 4505 illius

2284 3259 2433 3313 ἔσται
2464 3254 2669 3333 Κύριος
2717 3262 2796 3324 εἰς
2827 3260 3049 3331 βασιλέα
3090 3263 3183 3315 ἐπὶ
3210 3265 3389 3318 πᾶσαν
3414 3265 3510 3336 τὴν
3542 3266 3667 3336 γῆν,
3700 3268 3763 3321 ἐν
3790 3272 3856 3341 τῇ

2282 3352 2463 3423 ἡμέρᾳ
2494 3354 2674 3424 ἐκείνῃ
2726 3352 2878 3405 ἔσται
2906 3353 3107 3424 Κύριος
3129 3348 3228 3420 εἷς,
3264 3356 3360 3409 καὶ
3384 3356 3445 3409 τὸ
3474 3357 3644 3428 ὄνομα
3686 3359 3856 3413 αὐτοῦ

2280 3443 2357 3508 ἓν,
2393 3443 2623 3497 κυκλοῦν
2646 3445 2826 3496 πᾶσαν
2855 3443 2949 3514 τὴν
2981 3444 3083 3514 γῆν
3114 3445 3206 3498 καὶ
3243 3444 3342 3516 τὴν
3373 3445 3598 3517 ἔρημον.
3644 3466 3663 3497 ι
3697 3447 3859 3502 Μετὰ

2277 3531 2374 3603 τὴν
2404 3531 2624 3604 πρώτην
2686 3532 3000 3603 πολιορκίαν
3053 3534 3150 3603 τῆς
3215 3534 3588 3607 Ἰερουσαλὴμ,
3630 3537 3726 3591 καὶ
3759 3537 3859 3609 τὴν

2278 3620 2509 3691 παντελῆ
2556 3619 2872 3691 καθαίρεσιν
2934 3621 3124 3690 αὐτῆς,
3184 3622 3276 3674 καὶ
3309 3623 3588 3692 ἐρήμωσιν
3615 3622 3714 3694 τὴν
3752 3622 3858 3676 ὑπὸ

2276 3712 2649 3777 Βαϐυλωνίων,
2713 3714 2805 3766 καὶ
2840 3712 2976 3784 μετὰ
3021 3712 3119 3783 τὴν
3172 3712 3280 3765 ἀπὸ
3321 3713 3419 3781 τῆς
3450 3712 3715 3785 πολεμίας
3753 3715 3857 3785 γῆς

2274 3803 2365 3855 ἐπὶ
2396 3802 2494 3874 τὴν
2520 3804 2727 3858 οἰκείαν
2778 3803 3058 3871 ἐπάνοδον,
3080 3803 3176 3874 τὴν
3205 3805 3296 3856 ἐπὶ
3338 3804 3521 3876 Κύρου
3574 3803 3668 3857 τοῦ
3711 3806 3857 3875 Περ-

2275 3894 2384 3947 σῶν
2406 3894 2670 3965 βασιλέως
2722 3895 3041 3967 γενομένην,
3072 3898 3195 3966 ἄρτι
3228 3894 3327 3964 τῆς
3364 3895 3716 3967 Ἰερουσαλήμ
3758 3898 3856 3949 ἁνι-

2273 3988 2677 4059 εγηγερμένης,
2717 3986 3112 4049 ἁνανεωθέντος
3141 3985 3196 4038 δὲ
3237 3985 3329 4040 τοῦ
3364 3987 3721 4056 ἁγιάσματος,
3756 3986 3853 4040 καὶ

2270 4075 2361 4130 τοῦ
2380 4076 2515 4148 πρὸς
2530 4075 2683 4148 αύτῷ
2713 4076 3097 4147 θυσιαστηρίου
3131 4076 3224 4129 ἐπὶ
3248 4074 3473 4147 Δαρείου
3495 4073 3589 4129 τοῦ
3616 4075 3852 4147 Πέρσου,

2268 4170 2297 4221 ὁ
2325 4166 2512 4239 παρὼν
2533 4169 2819 4239 προφήτης
2849 4165 3114 4232 θεσπίζει,
3151 4166 3248 4239 τὴν
3273 4167 3410 4237 μετὰ
3437 4166 3611 4220 ταῦτα
3662 4166 3852 4220 δευτέ-

2273 4277 2369 4331 ραν
2402 4260 2717 4332 πολιορκίαν
2758 4261 2857 4330 τῆς
2898 4259 3248 4331 Ἰερουσαλὴμ
3283 4259 3582 4331 σημαίνων,
3636 4259 3702 4331 ἡν
3748 4260 3850 4313 πέ-

2270 4351 2463 4406 πονθεν
2497 4352 2602 4405 ὑπὸ
2646 4351 2928 4423 Ῥωμαίων
2966 4352 3065 4405 ούκ
3108 4351 3295 4406 ἄλλοτε
3340 4351 3371 4421 ἢ
3408 4349 3546 4421 μετὰ
3593 4349 3663 4404 τὰ
3706 4351 3850 4404 κατὰ

2266 4443 2361 4497 τοῦ
2403 4444 2655 4516 Σωτῆρος
2690 4444 2849 4516 ήμῶν
2890 4444 3062 4517 Ἰησοῦ
3107 4442 3342 4516 Χριστοῦ
3382 4445 3491 4506 τοῖς
3535 4443 3851 4514 οἰκήτορσιν

593 4543 838 4605 tempore
889 4535 1215 4598 acciderint,
1266 4534 1673 4606 signiﬁcantur:
1710 4547 1838 4594 sunt
1865 4554 1997 4596 vero
2025 4542 2162 4607 haec,

2279 4537 2438 4607 αὐτῆς
2497 4537 2890 4608 τετολμημένα.
2938 4537 3343 4608 Ἑναργέστατα
3403 4535 3690 4607 τοιγαροῦν
3752 4537 3850 4589 καὶ

593 4632 792 4701 partim
823 4647 942 4701 quae
964 4645 1073 4701 quo
1100 4639 1343 4699 tempore
1373 4629 1463 4683 ille
1488 4644 1684 4698 passus
1704 4639 1810 4695 est,
1832 4640 1985 4702 gesta
2010 4643 2161 4701 sunt,

591 4723 793 4794 partim
837 4738 958 4793 qua:
1003 4721 1151 4775 illico
1197 4720 1521 4777 llcliraicam
1568 4706 2160 4795 nationem'oppressit

589 4814 827 4879 obsidio,
873 4820 929 4868 et
977 4813 1150 4885 ipsius
1192 4811 1494 4869 Jerusalem
1549 4815 1904 4885 expugnatio,
1939 4825 1992 4870 et
2037 4824 2161 4886 post

590 4907 708 4977 ipsa
745 4907 881 4969 haec,
912 4905 1125 4960 vocatio
1168 4905 1432 4975 gentium,
1469 4905 1743 4974 uniusque
1774 4921 1838 4959 ac
1860 4907 2033 4961 solius
2064 4906 2159 4960 Dei

591 4999 734 5066 apud
768 5012 928 5052 omne
961 5012 1132 5068 genus
1163 4996 1443 5050 hominum
1474 4998 1735 5067 cognitio.
1770 4998 2041 5053 Cmterum
2073 4998 2160 5051 di-

590 5088 716 5143 vino
745 5088 949 5159 Spiritu
999 5089 1211 5144 afﬂatus
1242 5090 1527 5159 propheta,
1559 5106 1683 5145 cum
1723 5090 1961 5160 quadam
2003 5105 2156 5144 com-

589 5181 958 5246 miseratione,
976 5193 1234 5251 tanquam
1253 5182 1300 5237 is
1326 5182 1418 5253 qui
1446 5199 1575 5238 suos
1597 5184 1662 5237 ad
1680 5182 2156 5237 circumcisionem

588 5259 920 5341 pertinentes
952 5273 1217 5342 deploret,
1265 5273 1333 5327 ab
1376 5273 1771 5327 exclamatione
1802 5281 1995 5325 contra
2033 5272 2156 5327 illus

587 5376 700 5416 suae
746 5361 1043 5432 prophetia:
1080 5361 1296 5415 initium
1343 5361 1508 5415 facit:
1543 5360 1660 5417 dies
1700 5361 1867 5431 igitur
1910 5359 2153 5430 Domini,

586 5454 732 5509 sicut
776 5453 832 5506 in
880 5453 1002 5507 aliis
1043 5454 1200 5521 locis,
1232 5454 1334 5507 hoc
1367 5469 1583 5524 quoque
1615 5454 1669 5507 in
1719 5453 1838 5507 loco
1886 5453 2152 5519 nominat,

585 5546 751 5601 utsic
787 5553 1000 5615 tempus
1023 5545 1250 5612 Christi,
1293 5546 1357 5601 ad
1399 5546 1648 5601 homines
1679 5544 1945 5601 adventus
1981 5547 2150 5616 signi-

586 5640 733 5695 ticet:
783 5639 1047 5709 planeque
1082 5641 1136 5694 in
1170 5639 1360 5695 eodem
1389 5639 1650 5709 ostendit,
1688 5640 2149 5711 quemadmodum

693 5819 735 5851 "'
761 5816 924 5875 Zach.
961 5836 1071 5887 xw,
1098 5821 1206 5876 1-9.

2272 4626 2501 4680 ἐνταῦθα
2551 4629 2644 4681 τοῦ
2689 4628 2938 4699 Σωτῆρος
2970 4628 3126 4700 ἡμῶν
3159 4626 3251 4680 τοῦ
3293 4626 3425 4681 Θεοῦ
3464 4628 3637 4696 Λόγου
3676 4631 3710 4699 ἡ
3744 4647 3852 4683 πα-

2274 4719 2480 4789 ρουσία,
2510 4718 2699 4773 καὶτὰ
2748 4719 2840 4772 ἐπὶ
2889 4720 3057 4790 ταύτῃ
3104 4718 3485 4790 συμϐεϐηκότα
3534 4720 3846 4792 δηλοῦνται.

2270 4810 2453 4864 Ταῦτα
2480 4810 2539 4864 δὲ
2575 4806 2642 4882 ἦν
2681 4810 2815 4882 ὁμοῦ
2864 4810 2932 4865 τὰ
2972 4811 3098 4884 περὶ
3139 4810 3229 4864 τὸν
3272 4810 3459 4882 καιρὸν
3498 4810 3591 4865 τοῦ
3635 4813 3848 4877 πάθους

2267 4903 2429 4957 αὑτοῦ
2476 4905 2857 4975 πεπραγμένα,
2896 4905 2990 4959 καὶ
3035 4906 3067 4975 ἡ
3114 4903 3423 4976 παραυτίκα
3458 4903 3535 4975 τῷ
3574 4904 3847 4978 Ἐϐραίων

2266 4997 2406 5051 ἔθνει
2457 4998 2757 5052 ἐπελθοῦσα
2799 4998 3099 5068 πολιορκία,
3135 4999 3229 5049 καὶ
3274 4996 3374 5067 τῆς
3418 4997 3775 5071 Ἰερουσαλὴμ
3809 4998 3847 5069 ἡ

2267 5090 2486 5156 ἅλωσις,
2537 5092 2688 5162 καὶὴ
2722 5091 2859 5162 πρὸς
2900 5089 3107 5152 τούτοις
3153 5088 3339 5159 κλῆσις
3380 5089 3489 5142 τῶν
3519 5089 3711 5154 ἐθνῶν,
3742 5088 3846 5143 τοῦ

2262 5203 2323 5239 τε
2371 5185 2487 5248 ένδς
2532 5187 2625 5239 καὶ
2668 5187 2830 5255 μόνου
2881 5185 3014 5238 Θεοῦ
3065 5187 3143 5248 εἰς
3195 5186 3304 5237 πᾶν
3342 5184 3496 5253 γένος
3535 5183 3846 5255 ἀνθρώπιον

2264 5277 2574 5345 ἐπίγνωσις.
2609 5277 2676 5329 Ὅ
2697 5294 2760 5345 γε
2784 5275 2888 5347 μὴν
2914 5274 3354 5347 πνευματοφόρος
3379 5275 3663 5347 προφήτης
3686 5290 3757 5327 πε
3767 5291 3847 5345 ρι-

2264 5369 2619 5440 παθέστερον,
2648 5368 2799 5421 ὼσὰν
2829 5370 2914 5421 ἐπ’
2955 5368 3173 5431 οἰκείοις
3206 5368 3599 5439 ὀλοφυρόμενος
3627 5368 3743 5428 τοῖς
3774 5367 3845 5420 ὲκ

2262 5463 2577 5534 περιτομῆς,
2608 5462 2672 5514 ὲκ
2701 5461 2801 5531 τῆς
2834 5462 2953 5515 κατ’
2987 5460 3163 5514 αὐτῶν
3196 5461 3552 5531 ὲκφωνήσεως
3582 5456 3680 5528 τὴν
3694 5473 3841 5510 κατ-

2261 5555 2432 5627 αρχὴν
2473 5554 2762 5625 πεποίηται
2803 5552 2903 5623 τῆς
2954 5552 3304 5625 προφητείας.
3340 5550 3580 5621 Ἡμέρας
3640 5548 3704 5619 δὴ
3738 5544 3841 5603 οὖν

2258 5647 2353 5700 τοῦ
2385 5645 2611 5717 Κυρίου,
2634 5644 2913 5717 ὠσπεροῦν
2943 5646 3036 5698 καὶ
3061 5646 3116 5699 ἐν
3149 5644 3374 5715 ἑτέροις,
3407 5638 3680 5695 κάνταῦθα
3712 5639 3844 5695 ὀνα-
