4100 6430
269 383 374 440 £53

1155 375 1800 436 DEMONSTRATIONIS
1830 373 2284 432 EVANGELICIE
2323 373 2452 428 LIB.
2495 373 2583 428 VI.

3399 375 3506 432 454

271 496 456 568 μάζει,
487 496 630 550 οὕτω
672 498 760 549 τὸν
803 497 988 568 χρόνον
1013 497 1109 564 τῆς
1139 497 1217 558 εἰς
1245 493 1558 564 ἀνθρώπους
1595 491 1689 543 106
1717 492 1830 560 Χρι‹

1952 487 2067 556 ipse
2095 486 2382 554 Dominus,
2410 497 2668 558 tanquam
2709 490 2887 546 lumen
2913 506 3123 558 verum,
3167 494 3505 564 propriorum

276 589 404 642 c106
455 589 758 660 παρουσίας
803 589 1108 659 σημαίνων·
1151 589 1244 639 καὶ
1295 585 1478 653 σαφῶς
1525 582 1718 652 δηλῶν,
1770 581 1844 645 ὡς

270 682 380 752 ἄρα
413 682 443 732 ό
489 681 690 750 Κύριος
742 681 924 742 αὐτὸς,
959 675 1044 731 οἷα
1093 678 1206 746 φῶς
1243 675 1490 746 ἀληθινὸν
1538 673 1842 743 τυγχάνων,

269 771 420 827 ἰδίων
449 773 676 842 ποιητής
716 787 844 822 ποτε
890 771 1174 840 γενήσεται
1212 766 1450 838 ἡμερῶν.
1494 767 1617 828 Τοῖς
1655 765 1711 818 δὲ
1752 766 1844 817 ἐπὶ

265 865 372 934 τῆς
398 864 611 917 -ᾰπασιν
657 861 960 933 ἀνθρώποις
1001 860 1295 930 ὲπιλὰμψει
1327 859 1435 912 τῶν
1468 858 1634 912 ἐθνῶν
1666 859 1841 911 ἀπάν-

265 972 399 1018 των,
439 955 600 1007 αὐτόν
641 971 700 1006 τε
751 955 844 1007 κα)⁸
891 953 990 1016 τὰς
1035 954 1257 1016 ἀκτῖνας
1309 950 1400 1005 106
1453 951 1632 1021 φωτὸς
1677 951 1840 1004 αὑτοῦ

266 1046 736 1116 καταδεξαμένων,
775 1047 886 1107 ὅτε,
916 1043 1024 1097 τῶν
1043 1044 1210 1097 ἐθνῶν
1253 1045 1504 1097 ἁπάντων
1543 1040 1842 1112 φωτιζομέο

269 1156 374 1190 κων
411 1137 550 1191 κατὰ
580 1138 662 1200 τὸ,
694 1157 711 1189 t
769 1136 1000 1190 Τέθεικά
1047 1153 1105 1188 σε
1155 1137 1232 1199 εἰς
1281 1135 1396 1204 φῶς
1446 1134 1706 1205 διαθήκης
1748 1135 1842 1202 γέ-

270 1247 414 1292 νους,
452 1249 471 1280 ο
506 1229 565 1281 τὸ
611 1229 874 1282 Ἰουδαίων
920 1227 1066 1291 ἔθνος
1111 1227 1198 1280 διὰ
1249 1227 1346 1299 τὴν
1392 1227 1472 1288 εἰς
1509 1226 1669 1279 αὐτὸν
1717 1225 1841 1277 ἀπι-

271 1321 447 1386 στίαν,
482 1323 598 1384 τοῖς
648 1321 893 1391 ἐσχάτοις
915 1322 1286 1392 περιπεσεῖται
1331 1317 1538 1372 δεινῶν.
1589 1316 1838 1371 Τοιοῦτον

266 1413 380 1482 γάρ
411 1414 527 1464 ἐστι
557 1412 644 1464 τό·
686 1430 703 1462 t
747 1411 877 1464 Ἰδοὺ
909 1412 1094 1482 ἡμέρα
1127 1410 1341 1481 ἔρχεται
1369 1409 1460 1462 106
1494 1409 1720 1479 Κυρίου,
1746 1410 1839 1462 καὶ

264 1503 775 1574 διαμερισθήσονται
814 1501 883 1556 τὰ
910 1502 1083 1555 σκῦλά
1123 1519 1216 1555 σου
1257 1503 1314 1554 ὲν
1360 1502 1460 1567 σοὶ,
1487 1502 1580 1554 καὶ
1619 1502 1838 1554 ἐπισυν-

264 1595 380 1658 ἀξω
408 1596 583 1648 πάντα
608 1594 676 1647 τὰ
699 1594 826 1664 ἔθνη
856 1595 946 1648 ἐπὶ
981 1593 1332 1664 Ἰερουσαλὴμ
1353 1594 1433 1656 εἰς
1458 1592 1710 1662 πόλεμον,
1744 1594 1838 1646 καὶ

263 1688 531 1741 ἁλώσεται
559 1689 592 1758 ἡ
631 1687 804 1751 πόλις,
836 1688 929 1740 καὶ
952 1687 1412 1758 διαρπαγήσονται
1443 1689 1498 1740 αἱ
1527 1686 1713 1750 οἰκίαι,
1746 1688 1837 1740 καὶ

261 1783 319 1832 αἱ
375 1782 630 1848 γυναῖκες
685 1779 1140 1849 μολυνθήσονται,
1205 1779 1296 1831 καὶ
1365 1777 1700 1844 ἐξελεύσεται
1774 1777 1836 1830 τὸ

1946 581 2238 649 aliquando
2290 589 2483 636 auctor
2530 581 2621 636 [let
2669 582 2902 649 dierum,
2936 593 2990 639 et
3033 585 3286 642 omnibus
3325 589 3416 658 qui
3451 589 3506 643 in

1945 680 2091 726 terra
2135 681 2263 727 sunt
2305 673 2615 729 hominibus
2656 675 2954 740 illucescet,
3001 693 3110 747 quo
3153 685 3400 750 tempore
3453 691 3508 735 et

1945 763 2127 833 ipsum
2173 772 2226 818 et
2278 765 2500 818 luminis
2532 766 2706 835 ipsius
2754 765 2956 831 radios,
3004 769 3270 824 universa:
3318 779 3510 841 gentes

1943 855 2264 925 suscipient,
2293 872 2413 926 quae
2434 857 2654 927 quidem
2689 857 2819 910 dum
2850 857 3322 928 illuminabuntur,
3352 863 3508 931 juxta

1941 945 2105 1002 illud:
2145 966 2164 999 ‹
2189 947 2352 1003 Posui
2383 957 2435 1004 te
2459 950 2513 1003 in
2549 950 2728 1004 lumen
2750 953 3012 1019 gentium,
3039 953 3094 1006 in
3123 961 3510 1009 testamentum

1939 1038 2153 1108 generis
2173 1038 2242 1103 ⁸⁵,
2278 1059 2297 1092 ι
2328 1041 2533 1096 interea
2573 1040 2798 1096 Judaica
2841 1059 2993 1115 gens,
3025 1056 3246 1115 propter
3274 1047 3514 1101 inﬁdeli-

1939 1138 2104 1184 tatem
2127 1131 2389 1187 adversus
2416 1133 2591 1194 illum,
2613 1134 2665 1188 in
2689 1114 2927 1190 extrema
2956 1137 3158 1192 incidet
3181 1137 3509 1194 infortunia.

1940 1220 2072 1276 Tale
2106 1223 2274 1293 igitur
2303 1231 2385 1278 est
2423 1224 2590 1279 illud:
2629 1245 2647 1276 ‹
2680 1226 2816 1281 Ecce
2846 1227 2962 1283 dies
2994 1228 3141 1282 venit
3177 1227 3410 1292 Domini,
3452 1239 3506 1283 et

1939 1313 2250 1370 dividentur
2293 1317 2466 1386 spolia
2513 1325 2605 1370 tua
2651 1317 2705 1370 in
2758 1325 2831 1382 te,
2867 1326 2920 1371 et
2948 1317 3289 1388 congregabo
3315 1334 3511 1373 omnes.

1938 1416 2125 1478 gentes
2172 1408 2228 1463 in
2255 1408 2556 1464 Jerusalem
2587 1409 2654 1463 ad
2681 1410 2902 1473 bellum,
2933 1417 2987 1464 et
3030 1413 3276 1479 capietur
3305 1409 3511 1465 civitas

1937 1512 1990 1556 et
2037 1501 2362 1572 diripientur
2391 1501 2589 1556 domus
2637 1511 2687 1556 et
2722 1502 2985 1555 mulieres
3033 1501 3408 1565 fmdabuntur,
3445 1511 3499 1556 et

1936 1590 2243 1660 egredietur
2285 1589 2572 1643 dimidium
2605 1591 2842 1644 civitatis
2886 1590 2940 1642 iu
2975 1590 3338 1659 captivitate.»
3373 1588 3504 1644 Post

1935 1697 2064 1736 vero
2095 1683 2271 1752 ipsius
2297 1681 2599 1737 Jerusalem
2629 1683 2993 1746 obsidionem,
3029 1690 3236 1736 et.eam
3279 1698 3399 1752 qua:
3435 1683 3500 1737 il-

1935 1775 2042 1828 lico
2071 1783 2256 1830 secuta
2288 1784 2372 1828 est
2397 1774 2638 1828 Iudaicae
2667 1775 2845 1845 gentis
2868 1774 3206 1836 servitutem,
3240 1774 3501 1845 deinceps

258 1872 435 1940 ἣμισυ
456 1871 551 1941 τῆς
572 1871 775 1933 πόλεως
807 1873 863 1923 ἐν
885 1869 1244 1941 αἰχμαλωσίᾳ.
1272 1889 1288 1920 ι
1316 1869 1468 1922 Μετὰ
1499 1870 1555 1922 δὲ
1579 1870 1675 1941 τὴν
1698 1869 1830 1922 κατὰ

1940 1863 2081 1917 bona
2148 1865 2402 1919 omnibus
2449 1864 2693 1935 adjungit
2748 1867 3078 1926 communia,
3129 1865 3209 1918 sic
3256 1881 3496 1919 canens:

258 1964 363 2032 τῆς
401 1961 750 2034 Ἰερουσαλὴμ
804 1960 1135 2032 πολιορκίαν,
1188 1961 1282 2014 καὶ
1338 1960 1434 2031 τὴν
1497 1963 1612 2031 μετ’
1667 1960 1836 2033 αὐτὴν

257 2054 637 2124 αἰχμαλωσίαν
690 2052 783 2105 106
833 2052 1099 2105 Ἰουδαίων
1128 2052 1332 2115 ἔθνους,
1385 2052 1626 2120 ἐπιλέγει
1684 2052 1832 2122 ἑξῆς,

259 2145 444 2213 ἀγαθὰ
472 2147 580 2206 τοῖς
621 2145 752 2195 πᾶσι
787 2141 1084 2206 θεσπίζωνδ
1128 2161 1146 2192 ι
1188 2143 1297 2194 Καὶ
1326 2141 1478 2194 ἔσται
1521 2140 1722 2211 Κύριος
1758 2143 1836 2205 εἰς

261 2235 487 2303 βασιλέα
527 2234 618 2286 ἐπὶ
664 2235 845 2286 πᾶσαν
878 2233 974 2305 τὴν
999 2233 1102 2303 γῆν
1125 2249 1137 2262 ·
1181 2253 1198 2283 ι
1229 2235 1322 2286 καὶ
1355 2233 1545 2286 πάλινο
1589 2251 1608 2284 ι
1646 2234 1836 2286 Ἔσται

261 2325 466 2397 Κύριος
491 2321 590 2388 εἷς,
627 2328 719 2378 καὶ
765 2325 826 2377 τὸ
866 2324 1034 2394 ὄνομα
1078 2324 1239 2377 αὑτοῦ
1284 2324 1361 2390 ἓν,
1392 2325 1622 2378 κυκλοῦν
1659 2327 1837 2378 πᾶσαν

257 2420 358 2488 τὴν
392 2419 496 2488 γῆν
525 2419 618 2470 καὶ
652 2418 747 2488 τὴν
789 2417 1010 2487 ἔρημον.
1053 2437 1070 2468 ι
1111 2416 1269 2469 Ἀλλὰ
1302 2416 1410 2489 γὰρ
1457 2417 1549 2470 καὶ
1595 2416 1656 2469 τὸ
1709 2415 1838 2472 Ἰου-

256 2510 427 2562 δαίων
452 2510 601 2573 ἔθνος
631 2510 852 2562 τοιαῦτα
899 2509 1178 2564 πείσεσθαι
1233 2512 1291 2562 ὲν
1331 2512 1449 2571 ταῖς
1499 2506 1592 2560 τοῦ
1631 2507 1835 2578 Κυρίου

260 2603 498 2672 ἡμέραις
529 2604 626 2673 τῆς
659 2604 1011 2673 προρρήσεως
1055 2602 1497 2674 ἀποφηναμένης,
1533 2601 1617 2665 τίς
1644 2603 1743 2654 οὐκ
1769 2600 1833 2653 ἂν

258 2693 558 2762 θαυμάσειε
606 2693 704 2762 τῆς
748 2695 1100 2764 προρρήσεως
1145 2694 1206 2746 τὸ
1249 2691 1624 2762 ἁποτέλεσμα;
1685 2693 1834 2762 Ἀμα

258 2787 371 2856 γὰρ
414 2785 618 2855 Ἰησοῦς
649 2788 677 2838 ό
718 2785 907 2855 Σωτὴρ
935 2785 1026 2838 καὶ
1052 2785 1253 2857 Κύριος
1293 2785 1446 2856 ἡμῶν
1481 2785 1680 2857 παρῆν,
1710 2785 1836 2852 ἠσέ-

257 2877 391 2929 6ουν
417 2894 475 2928 τε
504 2881 580 2940 εἰς
609 2878 767 2929 αὑτὸν
796 2879 844 2928 οἱ
881 2879 943 2930 ὲκ
981 2878 1296 2948 περιτομῆς,
1325 2877 1418 2929 καὶ
1450 2877 1626 2930 πάντα
1653 2876 1835 2938 αὐτοῖς

259 2968 472 3039 ἀθρόως
497 2971 562 3021 τὰ
595 2970 1060 3041 προηγορευμένα,
1090 2968 1224 3038 μετά
1244 2969 1690 3022 πεντακοσιοστὸν
1717 2967 1834 3031 ἔτος

257 3062 362 3131 ἧς
393 3063 766 3142 προρρῄτεως,
816 3061 999 3124 τέλους
1020 3061 1330 3131 ἐτύγχανεν,
1365 3060 1425 3125 ἐξ
1464 3061 1626 3115 αὑτοῦ
1670 3061 1833 3114 Πιλά-

254 3170 377 3218 του,
423 3154 515 3206 καὶ
574 3153 732 3224 μέχρι
785 3153 884 3222 τῆς
935 3155 1073 3206 κατὰ
1112 3154 1336 3224 Νέρωνα
1398 3153 1490 3206 καὶ
1526 3152 1681 3205 Τίτον
1739 3153 1834 3207 καὶ

255 3246 662 3299 Οὐεσπασιανὸν
711 3245 1039 3316 πολιορκίας,
1085 3245 1144 3297 ού
1186 3243 1592 3297 διαλελοιπότων
1636 3245 1832 3309 αὐτοὺς

257 3337 527 3390 παντοίων
563 3337 655 3388 καὶ
684 3335 992 3406 ἐπαλλήλων
1028 3334 1342 3406 συμφορῶν,
1379 3336 1454 3397 ὡς
1484 3335 1742 3405 πάρεστιν
1768 3336 1831 3387 ὲκ

255 3431 359 3499 τῆς
407 3429 633 3482 Φλαυῖου
692 3429 948 3499 Ἰωσήπου
999 3428 1301 3498 γραφείσης
1355 3427 1591 3497 ἱστορίας
1641 3426 1831 3479 ἀναλέ-

257 3521 472 3585 ξασθαι.
518 3520 648 3573 Τότε
693 3521 790 3590 μὲν
833 3516 924 3573 οὖν
970 3520 1114 3583 εἰκὸς
1159 3519 1218 3572 τὸ
1265 3520 1436 3590 ἥμισυ
1484 3519 1580 3588 τῆς
1626 3517 1830 3581 πόλεως

255 3613 595 3667 ἀπολωλέναι
635 3616 698 3684 τῇ
735 3612 1034 3683 πολιορκία,
1075 3612 1150 3675 ῶς
1201 3628 1364 3683 φησιν
1406 3614 1439 3681 ἡ
1491 3610 1825 3681 προφητείαο

256 3707 376 3776 μετ’
407 3706 468 3758 ού
500 3705 663 3758 πολὺν
711 3705 766 3757 δὲ
810 3706 1018 3776 χρόνον,
1055 3705 1192 3758 κατὰ
1238 3704 1511 3776 Ἀδριανδν
1559 3703 1828 3775 αὐτοκρά-

255 3813 411 3866 τορα,
442 3801 703 3866 κινήσεως
723 3791 874 3857 αὖθις
907 3794 1202 3859 Ἰουδαϊκῆς
1219 3795 1534 3864 γενομένης,
1557 3794 1616 3846 τὸ
1648 3793 1828 3847 λοιπὸν

253 3887 358 3956 τῆς
386 3886 590 3948 πόλεως
613 3885 774 3956 μέρος
796 3885 985 3955 ἥμισυ,
1008 3884 1358 3955 πολιορκηθὲν
1381 3881 1535 3947 αὖθις
1560 3883 1830 3950 ἐξελαύνε-

253 3994 367 4040 ται,
385 3977 463 4040 th;
482 3976 540 4040 ἐξ
561 3977 766 4030 ἐκείνου
791 3977 882 4029 καὶ
907 3977 984 4039 εἰς
1004 3975 1159 4047 δεῦρο
1183 3975 1412 4046 πάμπαν
1429 3974 1623 4028 ἄϐατον
1649 3974 1827 4036 αὐτοῖς

254 4068 505 4138 γενέσθαι
534 4069 622 4120 τὸν
653 4069 832 4122 τόπον.
858 4069 920 4121 Εἰ
937 4067 993 4119 δὲ
1013 4067 1156 4135 λέγοι
1176 4085 1258 4130 τις
1281 4066 1417 4121 κατὰ
1445 4066 1710 4135 Ἀντίοχον
1737 4065 1827 4118 τὸν

269 4160 536 4230 Ἐπιφανῆ
564 4159 735 4213 ταῦτα
763 4157 1177 4230 πεπληρῶσθαι,
1214 4157 1518 4227 σκεψάσθω,
1550 4158 1598 4209 εἰ
1628 4151 1737 4219 οἷός
1769 4156 1827 4209 τέ

256 4254 405 4304 ἐστιν
437 4251 740 4304 ἀποδιδόναι
775 4251 868 4304 καὶ
908 4251 975 4304 τὰ
1015 4249 1175 4304 λοιπὰ
1203 4250 1300 4320 τῆς
1324 4248 1656 4320 προφητείας
1686 4246 1826 4300 κατὰ

251 4345 380 4406 τοὺς
426 4344 690 4413 Ἀντιόχου
717 4343 940 4413 χρόνους
957 4360 970 4372 ο
1003 4339 1112 4394 οἷον
1139 4341 1199 4393 τὸ
1226 4339 1598 4412 αἰχμαλωσίαν
1627 4355 1826 4390 πεπον-

255 4434 406 4488 θέναι
438 4433 528 4486 τὸν
559 4433 703 4494 λαὸν,
737 4433 826 4486 καὶ
855 4433 915 4484 τὸ
941 4433 1128 4502 στῆναι
1152 4427 1276 4494 τοὺς
1309 4431 1471 4492 πόδας
1501 4431 1706 4500 Κυρίου
1731 4429 1822 4481 ἐπὶ

1944 1973 1961 2006 ι
1995 1954 2058 2008 Et
2087 1956 2189 2010 erit
2215 1955 2475 2010 Dominus
2502 1957 2556 2009 in
2587 1971 2764 2026 regem
2798 1957 2852 2008 in
2884 1971 3098 2010 omnem
3125 1963 3346 2010 terram.
3380 1975 3398 2008 ι
3435 1955 3501 2008 Et

1935 2066 2158 2106 rursus:
2189 2069 2206 2101 ι
2236 2051 2348 2104 Erit
2372 2050 2631 2106 Dominus
2654 2067 2816 2115 unus,
2840 2059 2894 2105 et
2919 2067 3116 2106 nomen
3139 2051 3284 2106 illius
3305 2066 3496 2114 unum,

1937 2143 2182 2199 ambiens
2209 2157 2425 2196 omnem
2456 2151 2657 2197 terram
2681 2152 2733 2197 et
2767 2142 3135 2198 solitudinem.
3173 2163 3190 2194 ι
3231 2141 3335 2196 Sed
3351 2144 3498 2198 enim

1935 2249 2058 2288 cum
2099 2233 2416 2288 vaticinium
2466 2235 2730 2298 enuntiet,
2783 2233 3065 2288 Judaicam
3118 2240 3330 2303 gentem
3379 2248 3503 2288 esse

1937 2325 2064 2378 talia
2097 2340 2476 2394 perpessuram
2510 2326 2566 2380 in
2592 2325 2785 2382 diebus
2819 2325 3056 2388 Domini,
3079 2325 3205 2394 quis
3247 2340 3354 2378 non
3394 2325 3504 2379 exi-

1935 2423 2051 2469 tum
2095 2417 2337 2471 vaticinii
2389 2417 2726 2473 admiretur?
2797 2417 2930 2470 Nam
2981 2417 3143 2471 simul
3213 2431 3277 2470 ac
3339 2415 3500 2470 Jesus

1938 2503 2187 2559 Salvator
2217 2521 2278 2559 ac
2315 2505 2576 2560 Dominus
2609 2515 2794 2562 uoster
2824 2506 3062 2568 advenit,
3083 2506 3290 2575 quique
3313 2505 3376 2558 ad
3397 2505 3502 2559 cir-

1935 2600 2326 2654 cumcisionem
2359 2601 2650 2668 pertinent,
2684 2599 2891 2653 nefaria
2925 2599 3188 2654 adversus
3226 2599 3377 2652 illum
3415 2597 3496 2651 fa-

1935 2691 2124 2744 cinora
2154 2699 2556 2761 perpetrarunt,
2588 2693 2770 2746 omnia
2805 2692 2912 2745 illis
2935 2707 3056 2761 qua!
3086 2691 3340 2760 praedicta
3377 2688 3498 2744 fue-

1935 2791 2079 2848 rant,
2129 2783 2576 2852 quinquagesimo
2625 2783 2693 2836 ab
2746 2783 2864 2852 ipsa
2926 2782 3277 2851 praedictione
3328 2796 3498 2848 anno,

1934 2876 2230 2930 acervatim
2261 2882 2580 2939 evenerunt,
2612 2875 2777 2946 286
2811 2874 3081 2943 ﬁnemque
3114 2874 3307 2928 sortita
3338 2881 3498 2928 sunt:

1933 2983 2060 3022 cum
2093 2968 2343 3023 videlicet
2374 2969 2442 3022 ab
2485 2969 2604 3038 ipso
2635 2967 2811 3021 Pilato
2849 2983 3021 3036 usque
3052 2967 3118 3020 ad
3148 2965 3416 3020 Neronem
3446 2978 3504 3021 et

1935 3060 2114 3115 Titum
2151 3075 2216 3114 ac
2265 3059 2678 3130 Vespasianum,
2721 3061 2813 3130 qui
2843 3061 3118 3115 civitatem
3168 3057 3503 3113 obsederunt

1934 3165 2205 3220 nusquam
2240 3150 2363 3206 illos
2399 3153 2576 3206 omnis
2617 3151 2852 3221 generis,
2905 3159 2956 3205 et
2979 3150 3099 3203 alim
3148 3165 3310 3218 super
3356 3147 3498 3202 alias

1935 3245 2250 3314 ingruentes
2283 3245 2622 3299 calamitates
2667 3242 2986 3306 defecerint,
3030 3240 3494 3312 quemadmodum

1933 3337 2092 3392 facile
2128 3347 2212 3392 est
2255 3353 2322 3392 ex
2377 3353 2442 3392 ea
2494 3337 2723 3392 historia
2772 3353 2935 3408 quam
2980 3335 3198 3390 Flavius
3227 3334 3500 3403 Josephus

1932 3429 2170 3498 scripsit,
2207 3429 2496 3498 colligere:
2529 3437 2660 3483 tunc
2705 3444 2838 3484 sane
2881 3427 3141 3482 credibile
3184 3434 3290 3491 est,
3336 3426 3499 3480 dimi-

1931 3519 2082 3572 dium
2117 3520 2356 3574 civitatis
2396 3520 2624 3588 periisse
2652 3520 2959 3579 obsidione,
2995 3527 3052 3572 ut
3083 3519 3158 3571 ait
3190 3517 3495 3588 prophetia.

1932 3611 2091 3666 Haud
2127 3629 2257 3668 vero
2297 3613 2371 3666 ita
2407 3614 2576 3666 mimo
2604 3620 2746 3682 post,
2783 3628 2908 3665 cum
2948 3612 3224 3665 Adrianus
3263 3610 3499 3678 impera-

1931 3712 2036 3766 ret,
2074 3702 2305 3757 Judaico
2331 3719 2522 3758 rursus
2567 3711 2754 3756 exorto
2807 3701 3062 3766 tumultu,
3125 3714 3244 3769 quae
3287 3699 3499 3767 reliqua

1929 3794 2105 3849 fuerat
2157 3810 2282 3864 pars
2324 3794 2547 3848 dimidia
2593 3793 2852 3853 civitatis,
2908 3807 3104 3847 rursus
3131 3792 3353 3846 obsessa
3402 3805 3498 3844 ex-

1929 3888 2169 3957 pellitur,
2201 3887 2336 3941 adeo
2367 3886 2606 3955 quidem,
2641 3894 2700 3939 ut
2727 3886 2796 3939 ab
2827 3886 2922 3938 illo
2949 3895 3192 3954 tempore
3229 3898 3403 3952 usque
3439 3882 3498 3938 in

1930 3979 2252 4033 hodiernum
2291 3979 2456 4041 diem,
2493 3978 2710 4046 penitus
2747 3977 3018 4031 instabilis
3060 3977 3238 4031 omnis
3270 3976 3378 4030 illis
3419 3974 3498 4029 fa-

1940 4077 2063 4124 ctus
2090 4071 2160 4123 sit
2205 4069 2375 4122 locus.
2414 4067 2570 4132 Quod
2626 4067 2672 4122 si
2717 4067 2842 4136 quis
2874 4066 3023 4120 dicat
3074 4067 3177 4120 sub
3226 4065 3497 4120 Antiocho

1928 4160 2208 4231 Epiphane
2249 4161 2364 4214 hate
2406 4160 2672 4229 completa
2715 4159 2906 4223 fuisse,
2941 4160 3105 4214 etiam
3140 4168 3303 4228 atque
3330 4162 3494 4214 etiam

1926 4253 2236 4308 consideret
2267 4260 2447 4305 utrum
2483 4251 2656 4321 possit
2701 4251 2905 4318 reliqua
2954 4251 3084 4305 item
3115 4265 3236 4320 qua:
3273 4265 3339 4305 ex
3390 4250 3494 4304 hac

1925 4345 2209 4416 prephetia
2239 4353 2554 4414 supersunt,
2584 4342 2652 4396 ad
2693 4343 2948 4396 Antiochi
2981 4351 3226 4411 tempora
3261 4341 3490 4406 referre,

1928 4436 2238 4506 cujusmodi
2273 4435 2407 4489 illud
2451 4444 2554 4499 est,
2600 4435 2744 4504 quod
2787 4435 3020 4504 populus
3073 4434 3388 4488 servitutem
3418 4435 3492 4490 sit

251 4527 314 4580 τὸ
344 4527 450 4578 τῶν
486 4524 704 4578 Ἐλαιῶν
737 4525 879 4596 ὅρος,
916 4526 1008 4577 καὶ
1034 4527 1080 4576 εἰ
1115 4524 1300 4592 γέγονε
1331 4523 1530 4593 Κύριος
1567 4525 1644 4585 εἰς
1673 4522 1821 4590 βασι-

1932 4544 2141 4599 passus,
2203 4527 2349 4598 quod
2393 4527 2560 4597 pedes
2614 4525 2828 4579 Domini
2876 4526 2930 4578 iu
2975 4533 3158 4580 monte
3209 4523 3490 4578 Olivarum

253 4617 353 4672 λέα
382 4619 473 4670 ἐπὶ
516 4619 692 4670 πᾶσαν
726 4617 822 4686 τὴν
853 4617 956 4686 γῆν
988 4617 1044 4668 ἐν
1085 4618 1150 4685 τῇ
1196 4615 1378 4687 ἡμέρᾳ
1412 4616 1611 4687 ἐκείνῃ,
1643 4616 1738 4669 κα)⁹
1775 4616 1820 4667 εἰ

252 4711 312 4763 τὸ
341 4709 513 4778 ὄνομα
549 4708 749 4778 Κυρίου
784 4706 1057 4759 ἐκύκλωσε
1105 4707 1202 4774 τὴν
1229 4707 1330 4776 γῆν
1371 4708 1569 4770 πᾶσαν,
1604 4707 1697 4759 καὶ
1725 4705 1821 4776 τὴν

254 4803 477 4875 ἔρημον,
507 4801 594 4852 ὅτε
634 4801 732 4868 τῆς
773 4799 969 4870 Συρίας
1014 4797 1279 4868 Ἀντίοχος
1324 4799 1562 4870 ἐκράτει.
1614 4798 1722 4850 Καὶ
1753 4799 1821 4850 τὰ

251 4895 412 4948 ὶοιπὰ
434 4894 489 4947 δὲ
512 4893 611 4962 τῆς
635 4892 1008 4966 προρρήσεως,
1038 4889 1220 4943 ὁποίου
1249 4889 1432 4950 τέλους
1456 4889 1662 4958 ἔτυχεν,
1703 4890 1822 4941 Ἀν-

253 4989 432 5058 τιόχου
469 4983 853 5056 βασιλεύοντος,
891 4981 1006 5043 πῶς
1037 4997 1120 5042 τις
1152 4979 1432 5032 -ἀποδῶσει
1459 4995 1473 5044 ;
1507 4978 1641 5031 Καθ’
1677 4981 1823 5050 ἡμᾶς

250 5082 308 5134 δὲ
338 5079 531 5142 ταῦτα,
565 5077 657 5130 καί⁵
704 5075 837 5146 πρὸς
877 5073 1019 5139 λέξιν
1063 5073 1158 5143 μὲν
1195 5071 1538 5133 ἀποδέδοται,
1564 5073 1656 5124 καὶ
1700 5071 1818 5124 καθ’

252 5173 445 5244 ἑτέραν
466 5172 522 5224 δὲ
546 5170 804 5224 διάνοιαν.
827 5166 978 5220 Μετὰ
1005 5165 1112 5234 γὰρ
1137 5163 1234 5234 τῆν
1261 5163 1352 5216 106
1382 5163 1629 5233 Σωτῆρος
1663 5163 1820 5232 ἡμῶν

262 5260 436 5332 Ἰησοῦ
470 5257 705 5330 Χριστοῦ
750 5255 1070 5326 παρουσίαν,
1113 5255 1146 5324 ἡ
1182 5253 1331 5315 πόλις
1362 5251 1560 5314 αὐτῶν,
1590 5250 1726 5320 αὕτη
1755 5267 1819 5318 γε

247 5354 284 5423 ἡ
325 5350 694 5422 Ἰερουσαλὴμ,
718 5348 812 5400 καὶ
850 5347 910 5400 τὸ
957 5349 1062 5399 πᾶν
1097 5346 1366 5416 σύστημα,
1392 5345 1484 5397 καὶ
1520 5344 1820 5414 πολίτευμα

249 5444 351 5512 τῆς
379 5441 534 5509 Δκατὰ
574 5441 665 5492 τὸν
705 5440 870 5510 νόμον
908 5437 1146 5499 Μωσέως
1180 5436 1472 5506 θρησκείας
1505 5435 1813 5506 καθῃρεῖτο.

249 5538 454 5590 Αὐτίκα
486 5535 541 5587 δὲ
589 5533 683 5604 τὴν
733 5532 871 5585 κατὰ
900 5531 1135 5584 διάνοιαν
1175 5529 1544 5599 αἰχμαλωσίαν
1577 5527 1711 5598 πρὸς
1750 5531 1814 5598 τῇ

252 5632 536 5700 σωματικῇ
604 5626 918 5687 πεπόνθασι,
967 5625 1055 5678 τὸν
1118 5623 1344 5694 Σωτῆρα
1387 5623 1478 5676 καὶ
1525 5622 1814 5692 Λυτρωτὴν

318 5809 362 5840 ⁸⁸
389 5809 493 5864 lsa.
528 5823 674 5871 χιιι,
707 5807 761 5862 6.

1926 4620 2199 4683 steterint,
2237 4629 2292 4673 et
2324 4631 2508 4673 utrum
2554 4617 2818 4672 Dominus
2858 4617 2913 4670 in
2962 4616 3050 4670 die
3100 4616 3192 4670 illa
3224 4617 3275 4669 in
3308 4631 3487 4684 regem

1925 4709 2090 4764 fuerit
2131 4710 2187 4763 in
2220 4725 2436 4764 omnem
2482 4717 2704 4771 terram,
2736 4721 2788 4762 et
2820 4716 3002 4760 utrum
3044 4721 3241 4760 nomen
3276 4702 3489 4755 Domini

1923 4803 2178 4858 ambierit
2217 4817 2436 4857 omnem
2467 4811 2686 4860 terram,
2723 4809 2775 4855 et
2810 4799 3183 4862 solitudinem,
3214 4812 3324 4866 quo
3350 4806 3488 4848 tem-

1923 4911 2056 4966 pore
2093 4895 2306 4966 Syriam
2356 4895 2663 4948 Antiochus
2710 4893 2981 4948 obtinuit:
3017 4899 3071 4945 et
3109 4904 3230 4959 quae
3275 4888 3485 4956 reliqua

1924 4994 2053 5041 sunt
2081 4986 2147 5040 de
2177 4986 2366 5041 eodem
2419 4987 2662 5051 oraculo,
2698 5000 2859 5055 quem
2906 4993 3035 5036 tunc
3080 4977 3240 5034 linem
3292 4979 3483 5032 sortita

1923 5081 2053 5142 sint,
2091 5079 2272 5148 aliquo
2318 5077 2480 5132 modo
2510 5087 2739 5132 conetur
2773 5075 3079 5130 ostendere.
3143 5069 3212 5123 At
3264 5072 3310 5124 si
3360 5071 3485 5139 quis

1921 5176 2167 5223 nostram
2217 5169 2486 5222 rationem
2529 5174 2811 5236 sequatur,
2868 5164 2946 5217 vel
2985 5161 3051 5216 ad
3102 5161 3327 5216 verbum
3369 5159 3484 5214 hac

1921 5260 2166 5315 evenisse
2191 5259 2608 5324 demonstrabit,
2633 5257 2872 5327 atquein
2901 5255 3066 5308 alium
3099 5254 3227 5306 item
3259 5267 3482 5307 sensum

1919 5355 2108 5409 eadem
2131 5354 2380 5422 accipere
2405 5351 2604 5422 poterit
2631 5371 2642 5404 :
2673 5364 2798 5402 nam
2832 5357 2948 5417 post
2976 5344 3276 5399 Salvatoris
3307 5341 3482 5397 nostri

1917 5445 2049 5502 Jesu
2103 5445 2310 5501 Christi
2369 5443 2680 5508 adventum,
2729 5440 2923 5495 civitas
2970 5439 3209 5500 illorum,
3257 5437 3484 5506 ipsaque

1917 5539 2220 5593 Jerusalem
2273 5545 2438 5606 atque
2493 5534 2675 5590 omnis
2723 5539 3046 5594 conventus,
3101 5529 3482 5598 iustitutioque

1923 5632 2120 5696 civilis,
2146 5645 2266 5699 quze
2295 5628 2362 5683 ad
2408 5628 2571 5682 ritum
2597 5627 3025 5698 religionemque
3069 5621 3320 5679 Mosaicae
3345 5619 3480 5690 legis
