4080 6416
645 338 756 396 455

1414 341 1686 400 EUSEBII
1722 342 2200 404 CESARIENSIS
2237 346 2388 403 ()PP.
2418 347 2601 406 PARS
2640 349 2705 406 ll.
2736 380 2809 393 —
2840 351 3341 412 APOLOGETICA.

3801 364 3894 420 456

645 459 900 529 pertinet.
923 473 1115 517 eversa
1139 460 1464 532 sublataque
1494 471 1624 518 sunt
1642 482 1654 518 :
1670 480 1701 519 e
1720 466 2058 538 vestigioque
2076 483 2192 526 eam

2322 469 2431 524 τῶν
2477 469 2831 543 ἀνθρωπίνων
2862 473 3052 546 ψυχῶν
3088 475 3164 549 μὴ
3207 476 3664 550 παραδεξάμενοι,
3698 476 3789 535 τὸν
3818 482 3895 536 ὲλ-

641 566 765 621 qua
786 551 853 606 ad
882 551 1297 623 intelligentiam
1325 562 1556 624 spectat,
1581 556 1926 625 servitutem,
1958 559 2221 630 adjuncta

640 644 805 698 etiam
839 659 903 700 ea
935 660 1058 716 quae
1089 660 1384 718 corporum
1417 654 1523 711 est,
1559 650 1805 720 perpessi
1839 660 1989 718 sunt,
2016 653 2222 725 quippe

639 734 736 805 qui
778 733 1117 794 Salvatorem
1164 752 1229 793 ac
1273 737 1653 799 Liberatorem
1695 744 2061 802 humanarum
2097 749 2221 804 ani-

639 845 854 886 marum
897 847 1009 887 non
1056 833 1423 904 susceperint,
1472 850 1598 891 eum
1651 837 1745 908 qui
1780 849 2026 907 venerat,
2066 848 2126 896 ut
2150 842 2219 900 iis

637 922 731 993 qui
762 923 1032 979 malorum
1070 924 1379 981 dremonum
1414 928 1558 982 servi
1600 926 1726 985 facti
1767 938 1974 997 essent,
2016 932 2221 991 libera-

637 1015 839 1071 tionem
892 1016 1195 1081 nuntiaret,
1228 1017 1298 1074 iis
1330 1033 1481 1084 vero,
1510 1019 1604 1091 qui
1629 1022 1828 1079 mentis
1844 1025 2023 1082 oculis
2044 1028 2214 1099 capti,

633 1106 791 1163 visus
845 1108 1337 1178 recuperationem.
1377 1108 1505 1167 Haec
1536 1112 1724 1183 itaque
1746 1129 1872 1170 cum
1908 1116 1990 1173 illi
2020 1119 2091 1175 ob
2128 1119 2217 1177 in-

633 1203 1014 1259 credulitatem
1046 1218 1203 1260 suam
1230 1206 1607 1274 pertulissent,
1627 1207 1719 1262 alii
1746 1223 1938 1268 omnes
1961 1213 2217 1285 quicum-

631 1312 740 1367 que
781 1312 941 1352 suum
990 1295 1365 1352 Liberatorem
1413 1307 1773 1369 agnoverunt,
1821 1302 2217 1379 domesticique

634 1389 788 1444 illius
818 1404 882 1444 ac
911 1387 1211 1446 familiares
1241 1389 1418 1446 eﬁ‘ecti
1459 1399 1611 1459 sunt,
1641 1392 1899 1465 discipuli
1943 1399 2133 1470 utique
2161 1409 2216 1456 et

636 1481 899 1550 apostoli,
930 1488 985 1536 et
1020 1482 1387 1552 evangelista,
1414 1486 1838 1557 compluresque
1864 1488 1980 1553 alii,
2018 1492 2114 1562 qui
2144 1490 2214 1548 de

627 1576 1051 1632 circumcisione
1072 1577 1299 1648 profecti
1317 1580 1373 1634 in
1401 1580 1581 1651 ipsum
1607 1581 1963 1638 crediderunt
1981 1584 2071 1656 (de
2091 1583 2215 1654 qui-

627 1668 730 1723 bus
743 1670 820 1723 ait
832 1669 1151 1740 Apostolus:
1175 1690 1194 1722 ι
1211 1669 1302 1726 Sic
1316 1672 1480 1727 etiam
1495 1689 1640 1730 nunc
1656 1674 1898 1746 reliquias
1911 1677 2213 1732 secundum

624 1759 946 1815 electionem
964 1763 1151 1833 gratiae
1170 1762 1327 1818 factae
1343 1774 1472 1819 sunt
1485 1764 1557 1831 ";
1588 1784 1607 1818 ι
1621 1774 1677 1821 et
1696 1765 1827 1821 illud
1847 1785 1891 1821 ει
1904 1766 2016 1822 Nisi
2038 1766 2215 1823 Domi-

2329 559 2492 616 θόντα
2519 562 2751 635 κηρῦξαι
2778 568 2891 629 τοῖς
2919 567 3024 621 ὑπὸ
3051 568 3320 639 δαιμόνων
3352 570 3606 643 πονηρῶν
3634 573 3896 643 αἰχμαλώ-

2327 666 2442 714 τοις
2470 651 2681 721 ἄφεσιν,
2710 655 2803 709 καὶ
2827 659 2939 720 τοῖς
2964 657 3063 722 τὰς
3090 658 3327 725 διανοίας
3350 660 3571 730 τυφλοῖς
3593 662 3893 735 ἀνάϐλεψιν.

2328 744 2514 799 Ταῦτα
2544 746 2603 799 δὲ
2634 747 2977 804 πεπονθότων
3007 749 3230 806 ἐκείνων
3260 750 3350 805 διὰ
3391 751 3487 824 τήν
3523 753 3782 809 ἀπιστίαν
3807 758 3897 810 αὑ-

2324 836 2453 899 τῶν,
2494 838 2544 892 οί
2587 838 2677 894 τὸν
2726 839 2875 910 σφῶν
2917 843 3211 916 Λυτρωτὴν
3242 845 3575 914 ἐπιγνόντες,
3620 848 3809 901 οἰκεῖοί
3844 866 3896 903 τε

2324 928 2488 983 αὐτοῦ
2515 931 2795 1002 γενόμενοι
2820 932 3078 1005 μαθηταὶ,
3110 935 3206 990 καὶ
3230 935 3536 1003 ἀπόστολοι,
3560 940 3656 993 καὶ
3681 941 3897 1010 εὐαγγε-

2323 1021 2528 1091 λισταὶ,
2554 1025 2797 1080 πλεῖστοί
2823 1044 2884 1081 τε
2914 1027 3063 1083 ἄλλοι
3082 1030 3189 1083 τῶν
3217 1031 3283 1083 ἐκ
3311 1033 3612 1104 περιτομῆς
3639 1035 3722 1100 εἰς
3747 1035 3898 1090 αὐτὸν

2324 1117 2764 1173 πεπιστευκότων
2792 1119 2946 1191 (περὶ
2973 1114 3048 1174 ὧν
3076 1138 3239 1193 φησιν
3260 1125 3289 1177 6
3321 1124 3640 1190 Ἀπόστολος
3657 1142 3671 1156 ο
3704 1145 3723 1178 ι
3754 1126 3896 1183 Οὕτω

2322 1207 2417 1262 καὶ
2441 1207 2535 1262 νῦν
2554 1209 2760 1283 λεῖμμα
2778 1214 2900 1267 κατ’
2921 1212 3148 1286 ἐκλογὴν
3168 1214 3388 1285 χάριτος
3406 1214 3597 1285 γέγονε
3616 1233 3631 1247 ⁸
3664 1236 3682 1269 ι
3703 1218 3799 1271 καὶ
3814 1219 3868 1272 τό
3880 1236 3893 1250 '

2327 1317 2347 1351 ι
2375 1302 2437 1354 Εί
2461 1300 2536 1374 μή
2559 1301 2762 1375 Κύριος
2783 1302 3009 1357 Σαϐαὼθ
3032 1304 3386 1374 ἐγκατέλιπεν
3409 1307 3541 1377 ἡμῖν
3561 1305 3805 1377 σπέρμα,
3830 1306 3897 1371 ὡς

2322 1394 2530 1467 Σόδομα
2554 1395 2619 1450 ἂν
2641 1396 2999 1469 ἐγενήθημεν,
3023 1398 3118 1451 καὶ
3148 1398 3223 1462 ὡς
3249 1398 3505 1472 Γόμορρα
3531 1398 3596 1453 ἂν
3618 1399 3896 1472 ὡμοιώθη-

2322 1485 2478 1557 μεν),
2506 1506 2525 1540 ι
2542 1486 2642 1557 τῆς
2657 1504 2810 1560 νενοη
2820 1488 2986 1561 μένης
3012 1490 3143 1561 ἡμῖν
3166 1489 3309 1544 κατὰ
3332 1490 3568 1545 διάνοιαν
3589 1491 3894 1563 πολιορκίας

2320 1577 2536 1650 ἄπειροι
2565 1580 2998 1653 διεφυλάχθησαν
3042 1582 3103 1635 οὐ
3135 1582 3314 1653 μόνον,
3345 1582 3479 1637 ἀλλὰ
3510 1583 3606 1639 καὶ
3637 1584 3740 1655 τῆς
3768 1584 3893 1656 πρὸς

2318 1667 2461 1734 λέξιν
2525 1670 2901 1742 ἀποδοθείσης.
2942 1673 3006 1726 Οἱ
3043 1672 3173 1741 γοῦν
3207 1674 3493 1728 ἀπόστολοι
3526 1674 3622 1728 καὶ
3662 1676 3893 1748 μαθηταὶ

2317 1759 2411 1813 τοῦ
2459 1762 2710 1834 Σωτῆρος
2744 1763 2942 1830 αὐτῶν,
2979 1765 3074 1819 καὶ
3103 1765 3302 1830 πάντες
3334 1768 3384 1819 οἱ
3418 1764 3478 1832 ἐξ
3523 1766 3793 1821 Ἰουδαίων
3821 1769 3892 1830 εἰς

624 1867 729 1908 nus
752 1839 991 1907 Sabaoth
1016 1854 1330 1924 reliquisset
1349 1855 1511 1912 nobis
1539 1871 1747 1920 semen,
1782 1859 1941 1928 quasi
1976 1857 2192 1915 Sodom:

2317 1853 2478 1907 αὐτὸν
2504 1871 2571 1908 πε
2584 1855 2948 1920 πιστευκότες,
2978 1856 3196 1929 μακρὰν
3215 1857 3315 1929 τῆς
3344 1858 3604 1923 Ἰουδαίας
3624 1860 3726 1931 γῆς
3747 1861 3890 1929 γενό-

622 1940 753 1997 facti
766 1943 1565 2016 essemus,etquasiGomorrha
1578 1948 1783 2003 similes
1795 1947 2177 2023 fuissemus").

2322 1959 2506 2015 μενοι,
2569 1946 2663 1999 καὶ
2735 1950 2848 2010 τοῖς
2917 1947 3124 2011 λοιποῖς
3174 1947 3384 2001 ἔθνεσιν
3456 1950 3889 2021 ὲπισπαρέντες,

622 2036 788 2108 287
809 2038 957 2094 illius
999 2039 1326 2105 obsidionis,
1371 2055 1536 2111 quam
1568 2056 1669 2096 nos
1694 2039 1762 2095 ad
1806 2041 2192 2114 intelligentian

2314 2024 2406 2086 ⁴’.Ξὺν
2438 2035 2578 2089 κατὰ
2611 2034 2719 2089 τῶν
2744 2036 3037 2091 οἰκούντων
3064 2036 3162 2108 τὴν
3186 2037 3339 2092 πόλιν
3367 2036 3584 2111 ὄλεθρον
3612 2038 3888 2111 διαδρᾶναι

620 2127 935 2193 referimus,
965 2130 1236 2187 immunes
1273 2139 1641 2202 expcrtesqne
1669 2140 1798 2186 sunt
1845 2133 2070 2198 servati,
2116 2150 2192 2190 ne

2313 2125 2433 2179 τότε
2459 2126 2822 2198 ἠδυνήθησαν.
2859 2129 2969 2181 Καὶ
3003 2128 3163 2183 τοῦτο
3194 2128 3251 2182 δὲ
3287 2131 3320 2200 ή
3347 2129 3657 2201 προφητεία
3687 2130 3887 2201 προλα-

621 2235 727 2290 que
758 2220 923 2291 hujus
961 2223 1160 2287 solum,
1194 2223 1290 2279 sed
1318 2224 1485 2279 etiam
1516 2223 1686 2289 illius,
1716 2240 1837 2295 quae
1864 2224 1931 2281 ad
1980 2227 2192 2282 verbun

2311 2215 2480 2271 δοῦσα
2510 2218 2762 2272 ἐθέσπισε
2790 2218 2857 2273 δι’
2883 2212 2958 2272 ὧν
2985 2219 3182 2291 ἔφησεν
3200 2237 3212 2250 ·
3255 2240 3273 2271 ι
3306 2221 3368 2274 Οἱ
3390 2220 3446 2274 δὲ
3461 2220 3781 2275 κατάλοιποι
3800 2221 3885 2276 τοῦ

618 2312 976 2383 intelligitur:
1005 2330 1134 2369 nam
1181 2314 1286 2385 ipsi
1336 2316 1571 2385 apostoli
1626 2331 1691 2371 ac
1735 2316 1989 2387 discipuli
2026 2317 2192 2373 Salva

2308 2306 2437 2362 λαοῦ
2472 2327 2572 2381 μου
2604 2311 2666 2364 οὐ
2703 2310 2777 2383 μὴ
2805 2311 3256 2384 ὲξολοθρευθῶσιν
3284 2328 3295 2341 ·
3331 2331 3349 2365 ι
3369 2307 3449 2376 οἷς
3477 2311 3602 2384 ἑξῆς
3625 2312 3881 2383 ὲπιλέγεν

617 2406 753 2462 toris
793 2406 990 2471 nostri,
1023 2413 1078 2462 et
1105 2421 1296 2461 omnes
1334 2405 1429 2477 qui
1463 2422 1531 2462 ex
1560 2406 1764 2463 Judaais
1792 2409 1861 2462 ad
1891 2408 2069 2479 ipsum
2097 2424 2192 2465 cre

2312 2417 2332 2452 ι
2367 2401 2475 2455 Καὶ
2514 2400 2852 2468 ἐξελεύσεται
2887 2403 3112 2475 Κύριος,
3148 2404 3242 2458 καὶ
3274 2404 3642 2477 παρατάξεται
3681 2407 3743 2459 ὲν
3781 2408 3885 2465 τοῖς

616 2497 807 2555 dentes
829 2505 1199 2562 accesserant,
1224 2513 1348 2553 cum
1369 2500 1558 2569 procul
1587 2500 1657 2556 ab
1674 2499 1860 2556 Judma
1881 2508 2024 2557 terra
2046 2502 2192 2558 abes-

2305 2490 2513 2546 ἔθνεσιν
2538 2493 2784 2561 ἐκείνοις,
2824 2495 3008 2560 καθὼς
3044 2496 3225 2568 ἡμέρα
3261 2496 3620 2568 παρατάξεως
3638 2496 3808 2551 αὑτοῦ
3829 2499 3882 2551 ὲν

614 2601 758 2656 sent,
798 2597 853 2646 et
884 2591 1110 2662 reliquis
1150 2599 1335 2645 essent
1379 2590 1613 2645 immixti
1656 2593 1909 2663 gentibus
1946 2608 2192 2649 :omnem

2304 2578 2488 2657 ἡμέρᾳ
2521 2585 2772 2658 πολέμου.
2816 2606 2835 2639 ›
2880 2587 2967 2642 Ἑν
2995 2588 3168 2651 ποίοις
3190 2588 3246 2641 δὲ
3274 2588 3451 2643 ἔθνεσι
3475 2589 3680 2661 Κύριος
3714 2608 3886 2663 παρα-

614 2696 829 2746 eorum,
851 2681 944 2752 qui
980 2682 1258 2737 civitatem
1286 2682 1620 2751 incolebant,
1651 2684 2009 2755 perditionem
2038 2693 2192 2755 atque

2301 2676 2520 2741 τάξεται
2558 2678 2592 2749 ἢ
2646 2680 2704 2732 ἐν
2737 2682 2850 2743 τοῖς
2889 2681 2988 2752 τὴν
3036 2680 3385 2753 Ἰερουσαλὴμ
3433 2682 3882 2754 πολιορκήσουσι;

615 2775 896 2830 interitum
945 2774 1203 2846 eﬁ‘ugere.
1233 2790 1330 2845 per
1370 2776 1503 2831 illud
1549 2784 1764 2847 tempus
1813 2776 1971 2831 facile
2002 2783 2197 2847 potue-

612 2873 763 2921 runt.
798 2865 953 2932 Quod
978 2867 1158 2935 ipsum
1192 2880 1327 2921 sane
1369 2866 1534 2921 etiam
1564 2868 1849 2937 prophetia
1888 2867 2197 2937 anticipans

610 2956 905 3020 cecinerat,
940 2958 1048 3013 illis
1085 2958 1263 3014 verbis
1292 2978 1307 3009 :
1347 2976 1366 3009 ι
1401 2954 1505 3024 Qui
1540 2966 1721 3014 autem
1755 2960 1951 3030 reliqui
1994 2959 2197 3015 fuerint

607 3048 677 3103 de
715 3051 917 3120 popqu
962 3064 1102 3115 meo,
1146 3063 1251 3103 non
1316 3049 1675 3119 peribunt”;
1710 3069 1729 3102 ›
1784 3050 1988 3121 quibus
2037 3050 2194 3105 dein-

608 3157 739 3213 ceps
772 3140 1021 3211 adjungit
1052 3160 1064 3194 :
1104 3159 1123 3192 ι
1159 3136 1227 3194 Et
1267 3140 1579 3211 egredietur
1626 3139 1910 3207 Dominus,
1954 3150 2010 3197 et
2039 3157 2192 3198 com-

2299 2768 2458 2842 Δηλοί
2481 2770 2538 2823 δὲ
2569 2771 2597 2824 6
2631 2769 2787 2839 λόγος
2815 2771 2977 2826 αὐτὸν
3004 2771 3105 2826 τὸν⁹
3129 2774 3333 2845 Κύριον
3364 2776 3750 2846 συμμαχήσειν
3779 2780 3884 2840 τοῖς

2298 2865 2703 2939 πολιορκοῦσιν,
2733 2870 2791 2921 ὲν
2818 2869 2999 2932 αὐτοῖς
3037 2869 3200 2932 ὄντα,
3242 2870 3335 2923 καὶ
3369 2870 3465 2923 σὺν
3495 2871 3678 2934 αὐτοῖς
3712 2888 3884 2944 παρα-

2294 2960 2655 3030 ταττόμενον,
2684 2960 2872 3033 ὥσπερ
2919 2961 3039 3015 τινὰ
3084 2963 3384 3034 στρατηγὸν
3426 2964 3520 3017 καὶ
3563 2964 3879 3037 ὑπερμαχον

2294 3050 2474 3105 αὐτῶν
2496 3052 2638 3106 κατά
2663 3052 2763 3123 τῆς
2798 3052 3157 3126 Ἰερουσαλὴμ
3180 3055 3643 3126 στρατευομένων.
3672 3058 3755 3111 Οὐ
3782 3057 3882 3130 γάρ

2293 3159 2459 3216 φησιν
2492 3147 2523 3198 6
2550 3143 2709 3214 λόγος
2753 3145 2845 3199 τὸν
2896 3145 3100 3221 Κύριον
3138 3146 3280 3201 κατὰ
3317 3147 3425 3201 τῶν
3468 3147 3645 3203 ἐθνῶν
3704 3169 3881 3224 παρα-

609 3235 893 3305 parabilur
923 3233 988 3287 ad
1016 3233 1263 3304 praelium
1292 3233 1349 3287 in
1379 3232 1635 3302 gentibus
1667 3231 1797 3298 illis,
1843 3232 2192 3303 quemadmo-

2298 3233 2574 3300 τάξεσθαι.
2616 3235 2739 3289 Τίσι
2772 3235 2827 3289 δὲ
2860 3217 3003 3291 κατά
3048 3236 3247 3303 τίνων;
3296 3238 3439 3292 κατὰ
3477 3237 3576 3309 τῆς
3617 3217 3884 3313 Ἰερουσα-

607 3328 735 3381 dum
786 3326 905 3382 dies
938 3320 1275 3396 pratlii'ejus
1312 3326 1369 3380 in
1420 3325 1509 3379 die
1558 3324 1772 3380 belli”.
1809 3343 1829 3377 ι
1861 3324 1931 3379 At
1964 3340 2094 3382 vero
2138 3327 2195 3381 in

605 3419 806 3490 quibus
850 3419 1071 3474 tandem
1119 3418 1378 3490 gentibus
1425 3416 1693 3474 Dominus
1739 3418 2100 3488 przeliabitur,
2145 3420 2194 3473 si

604 3527 715 3565 non
767 3512 822 3565 in
875 3510 962 3566 his
1011 3526 1133 3581 quae
1194 3508 1494 3565 Jerusalem
1546 3510 1918 3566 obsidebunt?
1986 3512 2192 3567 indicat

605 3618 734 3657 vero
777 3603 956 3674 ipsum
992 3603 1300 3664 oraculum,
1336 3602 1799 3672 quemadmodum
1842 3603 1960 3673 ipse
1999 3601 2191 3658 Domi-

605 3710 712 3749 nus
744 3693 1008 3748 auxilium
1040 3692 1178 3750 ferct
1207 3693 1610 3757 obsidentibus,
1640 3694 1853 3764 eritque
1884 3695 2103 3748 interim
2134 3695 2191 3750 in

606 3786 737 3851 illis,
776 3793 979 3840 etcum
1025 3786 1133 3840 illis
1177 3786 1244 3840 ad
1277 3785 1522 3855 praelium
1564 3786 1992 3855 comparabitur,
2029 3788 2189 3857 quasi

603 3878 828 3949 quidam
867 3882 1186 3947 imperator,
1227 3884 1710 3948 propugnatorque
1754 3878 1972 3931 illorum
2001 3886 2055 3932 ct
2090 3878 2188 3933 ad-

603 3985 800 4025 versus
837 3967 1140 4025 Jerusalem
1208 3969 1487 4024 militabit.
1547 3968 1668 4023 Non
1715 3969 1861 4025 enim
1905 3968 2039 4023 dicit
2071 3984 2190 4024 ora—

601 4061 700 4125 tio,
735 4061 1028 4117 Dominum
1066 4067 1260 4116 contra
1310 4069 1499 4132 gentes
1526 4061 1926 4132 prmliaturum.
1973 4060 2185 4127 Quibus

599 4170 730 4227 ergo
759 4163 813 4210 et
834 4162 1025 4209 contra
1056 4155 1240 4225 quos?
1293 4153 1498 4226 Nempe
1541 4162 1735 4211 contra
1770 4154 2097 4219 Jerusalem,
2126 4161 2181 4209 et

597 4254 793 4303 contra
821 4245 942 4315 ejus
981 4246 1341 4310 habitatores,
1385 4244 1453 4301 de
1477 4247 1677 4317 quibus
1710 4260 1891 4301 sermo
1940 4253 2079 4300 erat.
2111 4243 2184 4297 ll-

599 4339 693 4394 Iud
725 4348 908 4393 autem
938 4355 952 4392 :
991 4356 1009 4389 ι
1041 4337 1107 4391 Et
1138 4339 1363 4395 stabunt
1406 4338 1574 4410 pedes
1613 4338 1734 4408 ejus
1760 4338 1815 4392 in
1843 4337 1932 4393 die
1962 4338 2054 4391 illa
2090 4353 2183 4393 su-

598 4445 697 4501 per
724 4439 909 4484 monte
953 4427 1254 4492 Olivarum,
1284 4430 1378 4498 qui
1408 4437 1493 4485 est
1525 4437 1717 4484 contra
1763 4426 2067 4484 Jerusalem
2114 4428 2181 4483 ad

596 4516 872 4574 Orientem
895 4518 965 4581 ’°,
998 4536 1017 4568 ι
1056 4517 1314 4587 quidnam
1362 4517 1509 4571 aliud
1550 4518 1838 4588 signiﬁcet,
1874 4533 2039 4588 quam
2068 4515 2179 4573 Do-

595 4608 730 4663 mini
769 4607 888 4671 Dci,
917 4608 1114 4678 ipsius,
1146 4609 1391 4678 inquam,
1420 4607 1510 4661 Dei
1540 4606 1725 4672 Verbi,
1756 4609 1809 4663 in
1856 4622 1956 4662 sua
1990 4607 2178 4662 Eccle-

597 4701 679 4757 sia
730 4700 1024 4756 stationem
1075 4707 1129 4755 et
1161 4700 1678 4755 conﬁrmationem?
1718 4716 1882 4771 quam
1930 4700 1987 4754 in
2034 4715 2175 4770 pras-

597 4796 736 4851 senti
768 4804 953 4850 monte
973 4793 1249 4849 Olivarum
1284 4809 1381 4864 per
1415 4794 1662 4865 ﬁguram,
1693 4810 1815 4865 quae
1838 4795 2173 4864 permutatio

595 4888 820 4952 dicitur,
862 4888 1150 4963 nominat?
1192 4884 1263 4940 Ut
1296 4887 1442 4941 enim
1489 4887 1648 4940 vinea
1691 4886 1903 4942 exstitit
1944 4885 2168 4951 dilecto.

593 4988 648 5036 et
674 4979 774 5034 fuit
802 4979 960 5032 vinea
993 4976 1205 5032 Domini
1230 4976 1470 5030 Sabaoth
1502 4978 1729 5046 ﬁgurate
1760 4975 1955 5030 domus
1980 4974 2169 5041 Israel,

592 5081 647 5129 et
692 5073 823 5129 vitis
850 5071 1037 5126 Iudaea
1072 5070 1281 5125 novella
1314 5070 1532 5134 dilecta,
1585 5070 1667 5124 sic
1721 5068 1908 5122 eadem
1957 5068 2170 5123 ratione

591 5166 820 5233 dixeris,
848 5166 994 5238 quod
1017 5165 1182 5220 etiam
1208 5164 1471 5219 olivetum
1503 5162 1645 5217 facta
1674 5163 1744 5217 sit
1774 5158 2029 5224 Domino,
2053 5161 2170 5215 cols

589 5258 734 5314 lecta
766 5258 835 5313 de
860 5257 1114 5329 gentibus
1147 5256 1392 5312 Ecclesia
1426 5255 1622 5326 ipsius,
1658 5268 1779 5325 quae
1813 5267 1946 5308 sane
1979 5252 2167 5308 Eccle-

589 5350 671 5407 sia
706 5364 831 5404 cum
871 5359 1034 5402 antea
1079 5357 1225 5404 esset
1251 5347 1398 5403 oliva
1428 5346 1676 5417 quadam
1722 5345 1975 5417 agrestis,
2008 5345 2164 5416 plan-

586 5448 702 5497 tata
737 5441 841 5496 fuit
867 5457 897 5496 a
926 5440 1178 5505 Domino,
1213 5440 1308 5512 qui
1338 5454 1457 5495 eam
1498 5446 1621 5511 post
1653 5436 1893 5494 insuevit
1940 5439 1995 5492 in
2032 5454 2164 5510 apo-

587 5533 798 5590 stolicis
845 5534 1001 5588 bona:
1041 5532 1198 5588 olivae
1247 5531 1559 5599 radicibus,
1606 5537 1731 5601 post
1765 5528 2012 5601 priorum
2067 5545 2165 5585 ra-

586 5641 803 5684 morum
853 5626 1212 5693 excisionem,
1242 5626 1702 5698 quemadmodum
1745 5624 2042 5695 Apostolus
2074 5622 2166 5679 do—'

2296 3324 2406 3397 λὴμ
2434 3325 2529 3379 καὶ
2556 3325 2665 3380 τῶν
2692 3328 2992 3400 οἰκητόρων
3027 3328 3227 3399 αὐτῆς,
3261 3331 3389 3400 περὶ
3418 3323 3494 3384 ὧν
3525 3326 3593 3402 ἦν
3625 3334 3656 3386 6
3707 3332 3879 3401 λόγος.

2296 3419 2369 3471 Τὸ
2399 3418 2456 3471 δὲ
2482 3458 2496 3482 ,
2539 3438 2557 3471 ι
2601 3421 2710 3473 Καὶ
2740 3421 3027 3491 στήσονται
3053 3422 3102 3473 οἱ
3123 3420 3279 3485 πόδες
3309 3421 3477 3475 αὐτοῦ
3505 3424 3564 3476 ὲν
3599 3427 3666 3495 τῇ
3698 3424 3881 3497 ἡμέρᾳ

2295 3510 2477 3581 ἐκείνῃ
2506 3510 2598 3563 ἐπὶ
2623 3510 2682 3563 τὸ
2705 3511 2830 3582 ὅρος
2850 3509 2957 3563 τῶν
2990 3510 3237 3579 Ἐλαιῶν,
3272 3512 3334 3566 τὸ
3365 3513 3650 3568 κατέναντι
3689 3516 3882 3588 Ἰερου-

2295 3600 2493 3673 σαλὴμ,
2539 3601 2598 3669 ἐξ
2632 3601 2929 3665 ἀνατολῶν,
2962 3622 2980 3654 ι
3014 3603 3068 3656 τί
3099 3603 3283 3675 ἕτερον
3330 3605 3480 3675 δηλοῖ
3505 3605 3537 3677 ἦ
3559 3607 3771 3679 Κυρίου
3790 3607 3878 3661 τοῦ

2291 3692 2455 3756 Θεοῦ,
2486 3691 2649 3746 αὑτοῦ
2678 3692 2742 3764 δὴ
2772 3691 2868 3747 τοῦ
2889 3692 3023 3747 Θεοῦ
3057 3694 3251 3762 Λόγου,
3274 3693 3371 3765 τὴν
3400 3695 3493 3749 ἐπὶ
3517 3694 3619 3765 τῆς
3650 3696 3879 3769 Ἐκκλη-

2293 3783 2413 3848 σίας
2451 3783 2619 3837 αὑτοῦ
2647 3784 2835 3837 στάσιν
2858 3801 2916 3838 τε
2945 3785 3038 3838 καὶ
3064 3784 3373 3855 βεϐαίωσιν,
3397 3786 3463 3856 ἥν
3496 3786 3623 3858 ὅρος
3650 3788 3876 3843 Ἐλαιῶν

2289 3876 2383 3928 ἐπὶ
2412 3875 2506 3929 τοῦ
2543 3876 2809 3947 παρόντος
2833 3876 2973 3930 κατὰ
3000 3877 3200 3948 τρόπον
3230 3877 3557 3950 ἀλληγορίας
3578 3880 3872 3952 ὀνομάζεις

2301 3964 2387 4029 Ὠς
2428 3966 2538 4037 γάρ
2582 3965 2841 4037 ἀμπελὼν
2885 3966 3116 4038 ἐγενήθη
3152 3966 3229 4038 τῷ
3267 3968 3630 4041 ἠγαπημένῳ,
3675 3974 3775 4025 καὶ
3808 3967 3872 4042 ἧν

2287 4055 2549 4127 ἀμπελὼν
2599 4057 2805 4128 Κυρίου
2850 4056 3077 4112 Σαϐαὼθ
3118 4057 3492 4130 ἀλληγορικῶς
3522 4062 3551 4114 6
3582 4057 3735 4126 οἶκος
3781 4062 3871 4116 τοῦ

2301 4149 2546 4223 Ἰσραὴλ,
2589 4152 2683 4204 καὶ⁵
2719 4151 2964 4222 ἄμπελος
3009 4150 3104 4204 τοῦ
3146 4151 3315 4205 Ἰούδα
3353 4152 3611 4220 νεόφυτος
3654 4156 3872 4226 ἠγαπη-

2290 4242 2423 4315 μένη
2449 4261 2462 4273 ⁸
2493 4243 2634 4297 οὕτω
2676 4244 2739 4314 δὴ
2771 4244 2912 4296 κατὰ
2945 4242 3044 4313 τὴν
3085 4244 3254 4314 αὐτὴν
3286 4243 3519 4316 θεωρίαν
3557 4247 3739 4312 εἴποις
3770 4248 3868 4311 ἂν,

2283 4334 2365 4387 ὃτι
2403 4336 2467 4406 δή
2509 4336 2602 4388 καὶ
2643 4335 2836 4390 ἑλαιὼν
2883 4333 3115 4407 ἐγενήθη
3146 4333 3225 4405 τῷ
3255 4334 3489 4408 δεσπότῃ
3528 4338 3561 4406 ή
3602 4336 3663 4402 ἐξ
3697 4339 3866 4392 ἐθνῶν

2296 4427 2590 4498 Ἐκκλησία
2617 4425 2782 4480 αὐτοῦ
2820 4467 2835 4490 ,
2862 4426 2927 4498 ἦν
2968 4427 3134 4481 πάλαι
3188 4428 3500 4500 ἀγριέλαιον
3528 4424 3695 4483 οὖσαν
3740 4448 3871 4485 κστ-

2283 4516 2597 4587 εφύτευσεν,
2620 4518 2972 4588 ἐγκεντρίσας
2992 4518 3085 4571 ὲπὶ
3100 4517 3197 4581 τὰς
3220 4518 3581 4583 ἀποστολικέκ
3607 4521 3709 4591 τῆς
3736 4521 3866 4576 καλ-

2210 4574 2257 4633 D
2281 4574 2514 4661 λίελαίου
2542 4574 2696 4680 ῥίζας
2725 4574 2864 4680 μετὰ
3018 4610 3126 4662 τῶν
3152 4574 3432 4684 προτέρων
3471 4574 3865 4668 κλάδωνΠὲκτο-

2282 4699 2408 4772 μὴν,
2436 4700 2719 4771 ὠσπεροῦν
2746 4704 2775 4756 6
2812 4702 3131 4767 Ἀπόστολος
3190 4703 3469 4758 παιδεύει·
3506 4725 3524 4757 t
3573 4706 3687 4760 Καὶ
3736 4724 3867 4761 κατ-

2276 4791 2539 4861 ειρύτευσέ
2560 4809 2623 4861 γε
2661 4792 2829 4865 αὐτὴν
2860 4794 2889 4846 ό
2922 4793 3123 4867 Κύριος
3157 4796 3352 4867 ἐαυτῷ,
3393 4816 3413 4850 ι
3457 4802 3738 4872 μονονουχὶ
3775 4802 3864 4857 διὰ

2274 4885 2372 4955 τῆς
2412 4886 2745 4957 προφητείας
2789 4885 2995 4957 λέγων’
3032 4907 3050 4939 ι
3101 4888 3317 4943 Ἐλαίαν
3363 4890 3594 4962 ὡραίαν,
3640 4893 3860 4948 εὔσκιον

2273 4973 2500 5028 ἐκάλεσε
2540 4974 2745 5047 Κύριος
2783 4977 2842 5030 τὸ
2875 4977 3049 5049 ὄνομά
3076 4996 3186 5033 σου.
3213 4998 3234 5032 ι
3276 4981 3428 5034 Ἐπεὶ
3449 4983 3559 5055 γάρ
3589 4986 3617 5036 6
3640 4986 3859 5055 πρῶτος

2275 5066 2558 5138 ἀμπελὼν,
2588 5069 2705 5122 δέον
2724 5070 2945 5141 ποιῆσαι
2977 5072 3280 5144 σταφυλὴν,
3314 5074 3568 5147 ἐποίησεν
3591 5077 3856 5144 ἀκάνθας,

2275 5162 2368 5215 καὶ
2421 5163 2484 5215 οὐ
2531 5162 2925 5235 δικαιοσύνην,⁶
2953 5164 3087 5220 ἀλλὰ
3130 5167 3395 5239 κραυγήν,
3438 5169 3661 5236 εἰκότως
3705 5172 3857 5226 ὼσάν

2271 5255 2519 5327 ἄκαρπον
2536 5254 2700 5309 αὐτοῦ
2727 5255 2968 5310 καθελὼν
2987 5258 3015 5310 6
3031 5257 3161 5321 Θεὸς
3177 5258 3269 5312 τὸν
3290 5262 3545 5333 φραγμὸν
3562 5263 3728 5318 αὐτοῦ
3760 5264 3854 5318 καὶ

2269 5346 2362 5400 τὸν
2406 5349 2580 5417 τοῖχον
2618 5345 2820 5413 αὐτοῦ,
2869 5348 3142 5421 παραδούς
3174 5367 3233 5405 τε
3271 5354 3434 5407 αὐτὸν
3472 5356 3585 5419 τοῖς
3633 5354 3854 5427 ἐχθροῖς

2270 5438 2329 5500 ὲς
2344 5435 2654 5508 διαρπαγὴν
2683 5436 2777 5489 καὶ
2809 5438 3207 5511 καταπάτησιν,
3226 5441 3366 5495 κατὰ
3385 5442 3483 5514 τὴν
3502 5442 3596 5496 τοῦ
3626 5443 3853 5497 Ἡσαΐου

2272 5532 2627 5603 προφητείαν,
2663 5531 2848 5603 ἕτερον
2875 5530 3037 5585 αὐτὸν
3056 5532 3233 5605 ἑαυτῷ
3254 5534 3423 5607 ἀγρὸν
3459 5537 3854 5608 συνεστήσατο,

2271 5623 2361 5679 τὸν
2394 5625 2486 5677 ἐπὶ
2509 5622 2602 5678 τοῦ
2632 5624 2897 5695 παρόντος
2921 5624 3152 5682 ὲλαιῶνα
3177 5625 3596 5700 ὀνομαζόμενον,
3622 5628 3716 5683 ἀτε
3752 5628 3848 5683 τοῦ

652 5782 700 5815 ⁸⁸
729 5780 888 5840 Rom.
925 5798 1002 5851 τι,
1027 5781 1079 5838 5.
1160 5781 1203 5815 ⁸⁷
1233 5778 1394 5839 Rom.
1423 5795 1499 5847 ix,
1529 5778 1620 5847 29,
1698 5780 1744 5813 "
1769 5778 1933 5836 Zach.
1969 5796 2076 5845 xw,
2108 5780 2164 5839 2.

2308 5778 2440 5835 ibid.
2473 5780 2525 5836 ὖ.
2602 5779 2648 5813 ⁹⁶
2677 5777 2807 5835 ibid.
2839 5780 2892 5836 ἂν
