4100 6430
266 345 378 404 ιστ

1121 342 1774 402 ΒΕΗΟΝΞΤΒᾹΤΙΟΝΙΞ
1810 346 2272 404 ΕῩΛΝΟΕΜΕΑΞ
2312 345 2441 403 LIB.
2480 342 2570 403 Vl.

3411 347 3519 405 458

260 462 330 517 ιιι
364 460 503 516 Θεοῦ
547 459 726 523 ἐλέους
769 460 1123 531 τετυχηκότα,
1169 460 1265 514 καὶ
1298 459 1437 533 πρὸς
1479 459 1572 514 τοῦ
1600 461 1835 533 Χριστοῦ

1959 468 2029 517 :et
2051 462 2093 493 "
2123 480 2137 514 :
2180 459 2246 514 Et
2271 461 2554 532 plantavit,
2585 461 2781 532 inquit,
2826 475 2947 517 eam
2978 460 3240 516 Dominus
3266 459 3370 515 sibi
3390 461 3521 532 ipsi,

261 554 737 624 καταφυτευθέντα
764 552 1034 607 ἀειθαλέσι
1065 554 1250 622 φυτοῖς
1278 592 1293 619 ,
1317 552 1458 607 τοῦτ’
1492 552 1609 607 ἔστι
1643 553 1844 625 ψυχαῖς

256 646 444 717 ἁγίαις
457 645 552 700 καὶ
568 644 743 715 φωτὸς
760 646 1096 717 θρεπτικαῖς,
1112 646 1250 710 οἵαις
1279 663 1339 699 τε
1359 645 1506 715 λέγει
1521 662 1534 676 ·
1560 664 1579 697 ι
1614 645 1756 715 Ἐγώ
1776 663 1836 699 τε

256 732 391 794 sinsi.
412 737 572 791 ἐλαία
600 738 948 810 κατάκαρπος
962 739 1020 791 ὲν
1033 737 1111 809 τῷ
1122 738 1255 810 οἴκῳ
1273 731 1367 790 τοῦ
1387 736 1543 791 Θεοῦ.
1568 758 1587 791 ι
1605 737 1775 792 Τοῦτο
1789 738 1847 793 δὲ

256 829 323 883 rb
348 827 458 882 τῶν
486 821 713 880 ’Ἐλαιῶν
740 826 865 899 ὅρος
880 820 1162 881 κατέναντι
1198 824 1295 898 τῆς
1336 820 1690 899 Ἰερουσαλὴμ
1707 820 1847 881 εἶναι

257 919 510 978 λέλεκται
527 938 542 953 °
570 921 869 993 ἐπειδήπερ
888 921 1007 974 ἀντὶ
1021 919 1120 989 τῆς
1136 918 1369 982 παλαιᾶς
1384 913 1626 988 ἐπιγείου
1654 919 1849 991 Ἰερου-

261 1014 466 1086 σαλὴμ,
482 1015 576 1067 καὶ
594 1013 695 1085 τῆς
720 1015 779 1067 έν
802 1013 938 1085 αὐτῇ
962 1012 1253 1085 θρησκείας
1280 1011 1510 1082 συνέστη
1526 1010 1604 1082 τῷ
1618 1010 1735 1083 Θεῷ
1761 1023 1849 1082 με-

257 1107 331 1161 τὰ
352 1106 452 1178 τὴν
463 1106 559 1177 τῆς
589 1105 941 1178 Ἰερουσαλὴμ
966 1104 1309 1176 καθαίρεσιν.
1327 1106 1510 1176 Φήσας
1550 1097 1680 1173 γοῦν
1710 1104 1851 1157 ἀνω-

258 1194 404 1267 τὲρω
431 1196 461 1247 6
487 1193 644 1264 λόγος
678 1194 806 1265 περὶ
845 1194 943 1265 τῆς
982 1190 1332 1264 Ἰερουσαλὴμ
1353 1231 1368 1256 ,
1397 1185 1473 1255 ὠς
1504 1209 1524 1243 ι
1560 1187 1849 1243 ’Δλώσεται

259 1291 296 1359 η
315 1287 490 1351 πόλις,
509 1287 605 1341 καὶ
621 1286 688 1340 τὰ
704 1285 873 1358 ὲχθρά
896 1288 988 1340 καὶ
1008 1284 1245 1357 πολέμια
1266 1284 1393 1357 ἔθνη
1450 1282 1850 1355 συναχθήσεται

261 1380 351 1433 ἐπ’
379 1378 550 1451 αὐτὴν
575 1419 590 1443 ,
625 1379 719 1432 καὶ
776 1377 1251 1451 διαμερισθήσεται
1284 1376 1355 1431 τά
1390 1372 1562 1432 σκῦλα
1597 1372 1788 1447 αὐτῆς,
1824 1396 1845 1429 ι

263 1470 492 1536 εἰκότως
542 1471 641 1523 οὑκ
684 1470 778 1523 ἐπὶ
823 1468 923 1540 τῆς
968 1463 1322 1541 Ἰερουσαλὴμ
1370 1466 1497 1550 τους
1542 1466 1710 1532 πόδας
1757 1467 1850 1521 τοῦ

263 1565 473 1637 Κυρίου
527 1562 816 1635 στήσεσθαί
864 1580 1015 1633 φησι.
1048 1561 1173 1626 Πῶς
1214 1561 1324 1635 γὰρ
1371 1562 1465 1616 καὶ
1516 1556 1628 1615 οἷόν
1668 1579 1729 1614 τε
1760 1557 1849 1632 ἦν,

266 1655 418 1721 ἅπαξ
455 1654 873 1729 καθῃρημένηςς
907 1653 1275 1708 Μεταϐἀντων
1298 1652 1353 1705 δὲ
1384 1652 1442 1720 ἐξ
1470 1653 1640 1723 αὐτῆς
1676 1652 1768 1706 ἐπὶ
1792 1648 1853 1706 τὺ

264 1742 529 1813 ἄντικρυς
595 1737 694 1813 τῆς
761 1741 1111 1815 Ἰερουσαλὴμ
1204 1734 1330 1813 ὅρος
1392 1740 1455 1795 τὸ
1521 1741 1852 1813 καλούμενον

1945 553 2337 623 propemodum
2394 569 2493 625 per
2554 553 2889 624 pmphetiam
2954 555 3144 609 dicens
3189 573 3203 608 :
3247 574 3265 607 ι
3306 554 3519 611 Olivam

1945 644 2252 714 speciosam
2321 646 2637 701 umbrosam
2710 646 2923 701 vocavit
2982 644 3246 702 Dominus
3319 663 3520 703 nomen

1946 743 2101 791 tuum
2120 737 2189 788 ⁹².
2226 754 2246 787 ι
2279 732 2574 806 Postquam
2624 736 2768 790 enim
2798 738 2947 807 prior
2992 737 3168 801 vinea,
3201 753 3326 792 cum
3354 737 3521 795 debe-

1945 838 2029 885 ret
2062 827 2241 884 l‘acere
2269 843 2454 891 uvam,
2486 822 2615 883 fecit
2644 829 2852 898 spinas,
2884 845 3061 901 neque
3086 829 3390 900 justitiam,
3416 828 3516 887 sed

1945 920 2260 983 clamorem,
2313 921 2510 974 merito
2542 927 2801 990 tauquam
2842 921 2962 991 ejus
3012 937 3133 994 quae
3176 921 3522 979 infructuosa

1946 1017 2112 1074 esset,
2161 1024 2343 1080 sepem
2377 1008 2632 1066 auferens
2675 1025 2739 1065 ac
2780 1012 3040 1081 parietem
3073 1009 3239 1078 Deus,
3273 1013 3525 1070 tradens-

1947 1116 2054 1170 que
2078 1115 2195 1155 eam
2218 1099 2462 1156 inimicis
2495 1098 2561 1156 ad
2591 1101 2955 1172 diripiendum
2978 1112 3030 1159 et
3061 1102 3520 1173 conculcandum,

1948 1190 2114 1262 288
2140 1190 2284 1245 sicut
2318 1190 2374 1244 in
2420 1189 2575 1247 Isaiae
2616 1194 2902 1263 prOphelia
2945 1191 3152 1249 dictum
3200 1203 3306 1259 est,
3354 1196 3521 1250 alium

1948 1283 2067 1354 ipse
2096 1282 2201 1339 sibi
2238 1297 2429 1353 agrum
2458 1283 2746 1338 constituit
2778 1285 2833 1339 in
2858 1287 3137 1357 praesenti,
3173 1287 3317 1357 quod
3347 1287 3521 1340 olive-

1949 1383 2065 1429 tum
2107 1378 2442 1440 nominatur,
2487 1379 2645 1448 quasi
2683 1394 2806 1435 eum
2859 1378 2954 1449 qui
2990 1376 3172 1433 oleum
3224 1385 3279 1433 et
3310 1377 3525 1433 miseri-

1949 1462 2193 1522 cordiam
2225 1483 2257 1521 a
2285 1466 2398 1522 Deo
2428 1466 2501 1521 sit
2541 1477 2890 1530 consecutus,
2920 1474 2974 1523 et
3003 1482 3034 1521 a
3072 1466 3293 1523 Christo
3321 1467 3526 1537 plantis

1951 1574 2167 1629 semper
2195 1559 2502 1614 virentibus
2536 1559 2803 1623 consitus,
2838 1560 2941 1615 hoc
2977 1565 3084 1625 est,
3116 1559 3322 1615 sanctis
3353 1558 3528 1614 lucis-

1949 1666 2058 1722 que
2096 1651 2381 1708 altricihus
2414 1652 2635 1716 animis,
2670 1650 2868 1721 quibus
2908 1652 3072 1707 liceat
3106 1651 3330 1707 dicere:
3360 1669 3379 1702 ι
3413 1650 3528 1723 Ego

1951 1750 2133 1798 autem
2176 1742 2320 1799 sicut
2360 1744 2501 1798 oliva
2542 1741 2824 1797 fructifera
2856 1743 2909 1796 in
2937 1741 3100 1798 domo
3142 1741 3236 1799 Dei
3260 1743 3331 1793 ".
3369 1762 3388 1796 ι
3422 1742 3525 1798 Hic

281 1832 526 1899 Ἐλαιῶν,
556 1833 789 1887 ἐνταῦθα
815 1832 1107 1907 στήσεσθαι
1137 1832 1399 1889 διδάσκει.
1432 1834 1602 1888 Τοῦτο
1623 1830 1679 1889 δὲ
1703 1837 1796 1889 καὶ
1823 1837 1850 1888 ό

1959 1850 2080 1890 vero
2116 1831 2399 1889 Olivarum
2448 1850 2609 1891 mons
2638 1844 2828 1890 contra
2870 1834 3171 1891 Jerusalem
3225 1851 3348 1892 esse
3388 1834 3529 1890 dici-

269 1927 556 1997 προφήτης
597 1918 853 1995 Ἰεζεκιὴλ
918 1923 997 1995 τῷ
1053 1923 1182 1996 θείῳ
1230 1924 1510 1997 Πνεύματι
1568 1922 1851 1997 προλαϐὼν

271 2014 485 2086 θεωρεῖ.
514 2014 753 2084 Λέγει-δὲ
781 2009 873 2070 οὖν
899 2033 913 2048 ⁸
946 2035 964 2069 ι
1005 2018 1116 2071 Καὶ
1145 2016 1307 2089 ἐξῆρε
1354 2014 1422 2071 τὰ
1453 2017 1737 2090 χερουϐὶμ,
1761 2021 1853 2072 καὶ

269 2099 319 2157 σι
368 2106 553 2175 τροχοὶ
597 2104 841 2176 ἐχόμενοι
892 2103 1105 2159 αὐτῶν·
1179 2101 1272 2159 καὶ
1312 2108 1346 2177 ἡ
1393 2102 1520 2170 δόξα
1574 2104 1708 2159 Θεοῦ
1753 2105 1854 2158 ἰσ-

271 2195 416 2269 ραὴλ
444 2192 515 2268 ἦν
558 2197 642 2249 ἐπ’
671 2198 875 2261 αὐτοῖς,
930 2197 1183 2269 ὑπεράνω
1232 2195 1412 2249 αὐτῶν
1431 2235 1446 2259 ,
1477 2196 1572 2250 καὶ
1602 2196 1768 2266 ἀνέϐη
1818 2198 1852 2268 ή

269 2287 403 2353 δόξα
423 2287 629 2360 Κυρίου
665 2289 728 2340 ὲκ
762 2288 926 2359 μέσου
950 2289 1049 2363 τῆς
1082 2287 1291 2352 πόλεως
1310 2327 1325 2351 ,
1354 2288 1450 2341 καὶ
1482 2287 1609 2360 ἔστη
1642 2287 1734 2341 ἐπὶ
1759 2288 1853 2340 τοῦ

269 2376 434 2451 ὅρους
470 2380 500 2432 6
540 2375 609 2451 ἦν
650 2378 908 2434 ἀπέναντι
950 2380 1049 2452 τῆς
1092 2380 1317 2444 πόλεως.
1353 2399 1372 2431 ι
1407 2380 1581 2450 Ὅπερ
1606 2380 1726 2434 ἔστι
1764 2382 1856 2434 καὶ

271 2470 453 2534 ἄλλως
505 2470 641 2542 πρὸς
700 2470 844 2536 λέξιν
888 2474 1020 2543 όρᾷν
1067 2471 1494 2543 πεπληρωμένον
1548 2471 1713 2525 εἰσέτι
1762 2472 1857 2526 καὶ

276 2562 551 2634 σήμερον,
594 2562 702 2616 τῶν
745 2564 825 2627 είς
865 2564 1100 2635 Χριστὸν
1138 2562 1573 2617 πεπιστευκότων
1606 2563 1857 2617 ἁπάντων

275 2654 612 2723 πανταχόθεν
655 2655 757 2726 γῆς
815 2656 1214 2727 συντρεχόντων
1240 2696 1255 2721 ,
1302 2656 1400 2726 οὐχ
1450 2655 1525 2719 ὡς
1562 2654 1727 2709 πάλαι
1760 2655 1857 2724 τῆς

274 2744 428 2798 κατά
472 2746 571 2815 τὴν
626 2746 983 2820 Ἰερουσαλὴμ
1031 2746 1259 2817 ἀγλαΐας
1306 2748 1503 2811 ἕνεκα,
1560 2749 1668 2802 οὐδ’
1718 2747 1858 2803 ὥστε

274 2837 656 2908 προσκυνῆσαι
680 2840 736 2890 ὲν
760 2837 835 2910 τῷ
862 2839 1025 2892 πάλαι
1045 2838 1335 2892 συνεστῶτι
1353 2836 1444 2890 ἐπὶ
1465 2838 1563 2910 τῆς
1589 2827 1859 2910 Ἰερουσαέ

270 2928 397 3000 λὴμ
445 2930 776 3001 ἀγιάσματι,
833 2930 1123 2984 καταλόειν
1165 2931 1221 2984 δὲ
1270 2930 1454 2984 ἕνεκεν
1504 2931 1739 3004 ἱστορίας
1798 2943 1861 2983 τε

275 3020 421 3091 ὁμοῦ
454 3023 551 3092 τῆς
582 3022 723 3075 κατά
762 3022 859 3094 τὴν
898 3023 1235 3094 προφητείαν
1282 3023 1536 3086 ἁλώσεως
1585 3023 1678 3076 καὶ
1727 3024 1859 3095 έρη-

280 3111 419 3184 μιας
469 3113 567 3183 τῆς
622 3108 1008 3187 Ἰερουσαλὴμ,
1055 3115 1148 3168 καὶ
1197 3114 1296 3185 τῆς
1348 3116 1441 3167 ἐπὶ
1481 3114 1543 3167 τὸ
1595 3115 1717 3186 όρος
1754 3113 1863 3169 τῶν

1952 1935 2065 1993 tur,
2099 1927 2359 1998 quoniam
2393 1927 2449 1983 in
2480 1928 2661 1983 locum
2683 1928 2885 1984 veteris
2928 1943 2991 1983 ac
3050 1936 3280 1985 terrenae
3306 1927 3530 1985 Jerusa-

1952 2020 2080 2085 lem,
2131 2035 2194 2074 ac
2235 2018 2516 2091 religionis
2548 2036 2669 2090 quae
2698 2019 2754 2075 in
2782 2020 2877 2075 illa
2920 2018 3261 2103 servabatur,
3307 2036 3529 2076 succes-

1954 2115 2044 2181 sit,
2075 2120 2131 2169 et
2161 2127 2191 2166 a
2225 2111 2335 2168 Deo
2406 2114 2743 2169 constitutus
2768 2120 2871 2178 est,
2912 2120 3037 2183 post
3066 2114 3280 2167 ruinam
3306 2110 3530 2169 Jerusa~

1954 2205 2081 2261 lem.
2121 2202 2257 2260 Cum
2290 2219 2456 2275 supra
2516 2204 2682 2275 igitur
2712 2203 2993 2259 oraculum
3041 2204 3240 2258 dixerit
3266 2203 3333 2259 de
3366 2203 3528 2259 Jeru-

1955 2295 2148 2360 salem,
2193 2315 2212 2347 ι
2257 2292 2403 2367 quod
2435 2295 2630 2351 civitas
2672 2295 2938 2365 capietur,
2989 2293 3244 2364 quodque
3301 2294 3531 2351 hostiles

1956 2391 2120 2457 atque
2160 2387 2397 2441 inimica:
2442 2394 2634 2457 gentes
2682 2386 3009 2441 convenient
3052 2383 3314 2440 adversus
3385 2401 3529 2449 eam,

1956 2486 2011 2534 et
2036 2478 2208 2548 spolia
2236 2477 2356 2547 ejus
2378 2478 2711 2549 dividemur,
2746 2496 2766 2529 ι
2791 2478 2985 2532 merito
3016 2491 3126 2531 non
3147 2477 3203 2531 in
3229 2474 3530 2533 Jerusalem

1958 2569 2125 2640 pedes
2160 2567 2376 2623 Domini
2407 2576 2653 2624 staturos
2689 2567 2856 2638 dicit;
2882 2569 2979 2640 qui
3007 2568 3154 2623 enim
3193 2566 3248 2621 id
3283 2566 3405 2623 ﬁeri
3435 2582 3534 2639 po-

1961 2660 2178 2725 tuisset,
2206 2674 2330 2716 cum
2359 2674 2424 2715 ea
2455 2659 2624 2715 semel
2649 2659 2864 2714 sublata
2897 2660 3081 2716 esset?
3111 2657 3216 2714 Sed
3251 2660 3536 2731 migranti-

1963 2751 2068 2807 bus
2110 2751 2181 2806 ab
2215 2766 2280 2807 ea
2310 2751 2364 2805 in
2434 2757 2676 2807 montem
2717 2751 2812 2822 qui
2868 2758 2953 2809 est
2985 2759 3174 2806 contra
3208 2749 3533 2816 Jerusalem.

1962 2845 2055 2914 qui
2109 2842 2394 2900 Olivarum
2445 2851 2693 2906 vocatur,
2739 2842 2815 2899 ibi
2861 2851 3104 2898 staturos
3158 2842 3337 2908 docet,
3385 2840 3535 2914 quod

1961 2933 2125 2989 etiam
2157 2932 2423 3003 propheta
2458 2930 2730 2999 Ezechiel,
2761 2931 2948 2986 divino
2990 2939 3116 2987 ante
3162 2930 3367 3002 Spiritu
3404 2931 3538 2988 edo-

1962 3032 2108 3089 ctus,
2149 3024 2587 3094 contemplatur;
2629 3023 2764 3078 dicit
2809 3023 2953 3079 enim
2988 3043 3002 3079 :
3041 3042 3059 3074 ι
3094 3022 3159 3077 Et
3187 3024 3536 3080 elevaverunt

1963 3116 2248 3172 cherubim
2277 3116 2395 3169 alas
2427 3130 2578 3179 suas,
2611 3122 2666 3170 et
2702 3123 2856 3179 rotae,
2888 3131 3010 3185 qua:
3042 3116 3124 3171 eis
3161 3115 3532 3177 adhaerebant,

293 3197 523 3256 Ἐλαιῶν
561 3203 622 3256 τὸ
677 3204 960 3257 κατέναντι
1017 3203 1372 3276 Ἰερουσαλὴμ
1416 3204 1856 3274 προσκυνήσεως,

1962 3215 2017 3262 et
2044 3206 2218 3276 gloria
2253 3204 2351 3260 Dei
2379 3203 2547 3260 lsrael
2578 3214 2696 3260 erat
2727 3220 2893 3275 super
2925 3205 3027 3271 eis,
3057 3212 3112 3260 et
3148 3203 3396 3261 ascendit
3419 3206 3538 3277 glo-

274 3292 416 3348 ῐνθα
451 3295 487 3365 ή
512 3293 638 3358 δόξα
665 3295 870 3367 Κυρίου
914 3295 1144 3366 μετέστη
1188 3293 1556 3364 καταλείψασα
1585 3293 1684 3364 τὴν
1729 3311 1860 3367 προ-

279 3384 452 3459 τέραν
478 3387 646 3441 πόλιν.
678 3387 954 3457 Ἔστησαν
978 3386 1034 3439 δὲ
1064 3381 1280 3458 ἀληθῶς
1310 3386 1403 3439 καὶ
1435 3384 1573 3439 κατὰ
1599 3384 1696 3456 τὴν
1726 3384 1861 3458 πρό-

280 3494 471 3550 χειρον
508 3479 600 3532 καὶ
631 3479 800 3551 ῥητὴν
834 3478 1084 3550 διήγησιν
1121 3478 1170 3530 οί
1198 3477 1354 3541 πόδες
1389 3475 1481 3529 τοῦ
1523 3477 1728 3548 Κυρίου
1767 3477 1861 3530 καὶ

280 3570 539 3641 Σωτῆρος
565 3569 744 3641 ήμῶν,
775 3569 938 3624 αὑτοῦ
969 3569 1035 3640 δὴ
1060 3568 1152 3621 τοῦ
1177 3568 1372 3636 Λόγου,
1392 3566 1459 3620 δι’
1483 3562 1545 3622 οὗ
1576 3568 1863 3638 ἀνείληφεν

284 3660 627 3734 ἀνθρωπείου
693 3664 922 3734 σκήνους
975 3660 1067 3713 ἐπὶ
1112 3658 1205 3714 τοῦ
1246 3660 1407 3731 ὅρους
1448 3657 1555 3712 τῶν
1599 3658 1860 3725 Ἐλαιῶν,

282 3753 429 3825 πρὸς
470 3752 548 3824 τῷ
577 3753 761 3808 αὐτόθι
794 3752 1126 3824 δεικνυμένῳ
1165 3752 1443 3823 σπηλαίῳ,
1474 3751 1768 3822 εὐξαμένου
1802 3769 1861 3805 τε

282 3846 385 3899 καὶ
417 3847 531 3909 τοῖς
561 3844 753 3898 ἑαυτοῦ
782 3844 1049 3917 μαθηταῖς
1072 3846 1163 3897 ἐπὶ
1189 3845 1287 3916 τῆς
1311 3845 1620 3916 ἀκρωρείας
1642 3843 1863 3898 τοῦςτῶν

297 3933 529 3989 Ἐλαιῶν
594 3936 752 4008 ὅρους
799 3936 867 3990 τὰ
914 3938 1043 4009 περὶ
1092 3936 1193 4007 τῆς
1236 3936 1543 3999 συντελείας
1589 3937 1864 4007 μυστήρια

286 4028 749 4101 παραδεδωκότος,
785 4027 1028 4083 ἐντεῦθέν
1059 4044 1117 4082 τε
1147 4029 1245 4099 τὴν
1271 4030 1351 4091 είς
1388 4028 1648 4099 οὐρανοὺς
1680 4028 1862 4083 ἄνοδον

286 4120 676 4191 πεποιημένω,
704 4120 779 4184 ὡς
803 4121 833 4172 6
854 4121 1065 4183 Λουκᾶς
1086 4121 1143 4173 ὲν
1165 4122 1284 4183 ταῖς
1304 4118 1560 4187 Πράξεσι
1577 4118 1693 4172 τῶν
1719 4120 1864 4173 ἀπο-

284 4215 797 4279 στόλωδιδάσκει,
812 4215 1053 4285 φάσκων·
1079 4236 1095 4266 ι
1109 4216 1417 4269 Βλεπόντων
1434 4216 1608 4269 αὐτῶν
1629 4216 1861 4287 ἐπήρθη,

282 4310 387 4362 καὶ
426 4307 623 4378 νεφέλη
652 4307 919 4362 ὑπέλαϐεν
958 4308 1120 4361 αὑτὸν
1152 4308 1258 4361 ἀπὸ
1289 4307 1396 4360 τῶν
1440 4307 1732 4378 ὀφθαλμῶν
1768 4308 1865 4361 αό-

286 4398 422 4453 τῶν.
453 4399 564 4453 Καὶ
592 4398 668 4463 ὼς
698 4398 1033 4463 ἀτενίζοντες
1071 4395 1211 4470 ἦσαν
1253 4400 1333 4462 είς
1375 4399 1465 4452 τὸν
1512 4399 1738 4472 οὐρανὸν
1771 4414 1865 4451 πο-

291 4490 586 4564 ρευομένου
614 4490 799 4554 αὐτοῦ,
821 4492 914 4544 καὶ
941 4491 1049 4545 ἰδοὺ
1079 4491 1268 4564 ἀνδρες
1286 4492 1377 4545 δύο
1404 4492 1861 4565 παρειστήκεισαν

284 4583 476 4646 αὐτοῖς
507 4584 564 4636 ὲν
590 4583 774 4654 ἐσθῆσι
804 4583 1043 4648 λευκαῖς,
1078 4584 1127 4637 οἳ
1156 4586 1249 4638 καὶ
1279 4582 1456 4639 εἶπον’
1495 4584 1720 4656 ’Ἄνδρες
1759 4584 1862 4636 Γα-

286 4673 520 4739 λιλαῖοι,
561 4675 615 4728 τί
669 4677 934 4747 ἑστήκατε
985 4675 1270 4746 βλέποντες
1317 4677 1397 4739 είς
1465 4675 1555 4729 τὸν
1599 4675 1860 4745 οὐρανόνς

290 4762 463 4830 Οὗτος
505 4769 533 4820 6
564 4766 800 4838 Ἰησοῦς,
848 4770 877 4820 6
926 4766 1251 4838 ἀναληφθεὶς
1306 4768 1396 4836 ἀφ’
1449 4765 1599 4838 ὑμῶν
1647 4769 1727 4829 είς
1772 4767 1864 4819 τὸν

291 4857 542 4930 οὐρανὸν,
576 4858 746 4922 οὕτως
776 4858 1074 4922 ἐλεῦσεται,
1109 4860 1168 4912 ὃν
1201 4860 1400 4931 τρόπον
1432 4858 1726 4912 ὲθεάσασθε
1762 4859 1862 4911 αὑ-

290 4950 386 5004 τὸν
413 4952 771 5023 πορευόμενον
807 4954 885 5015 είς
909 4952 998 5005 τὸν
1029 4952 1272 5024 οὐρανόν.
1307 4970 1325 5003 ι
1359 4945 1454 5014 Οἷς
1491 4950 1738 5022 ἐπιφέρει
1769 4951 1862 5003 λέ-

291 5056 409 5111 γων
430 5057 444 5071 ’
470 5060 488 5091 ι
512 5041 642 5094 Τότε
674 5043 1016 5113 ὑπέστρεψαν
1048 5044 1127 5108 είς
1170 5042 1520 5114 Ἰερουσαλὴμ
1566 5042 1674 5095 ἀπὸ
1706 5043 1864 5113 ὄρους

291 5131 391 5187 τοῦ
418 5133 747 5204 καλουμένου
785 5134 1100 5197 Ἐλαιῶνος,
1129 5135 1157 5187 δ
1188 5137 1305 5187 ἐστι
1339 5134 1624 5188 κατέναντι
1667 5134 1862 5205 Ἰερου-

296 5223 502 5297 σαλήμ.
537 5243 557 5276 ι
584 5226 740 5278 Ἔστι
797 5226 894 5296 μὲν
942 5221 1034 5280 οὖν
1063 5227 1156 5280 καὶ
1200 5227 1336 5297 πρὸς
1384 5227 1528 5295 λέξιν
1582 5229 1865 5282 κατέναντι

306 5314 679 5389 Ἰερουσαλὴμ,
716 5317 807 5370 καὶ
846 5317 905 5384 ἐξ
942 5317 1210 5371 ἀνατολῶν
1254 5319 1422 5391 αὐτῆς
1449 5319 1512 5373 τὸ
1536 5320 1863 5392 δηλούμενον

292 5406 409 5461 τῶν
447 5407 668 5461 Ἐλαιῶν
709 5408 851 5481 ὅρος.
893 5409 1039 5480 Πλὴν
1068 5409 1202 5463 ἀλλά
1242 5410 1381 5464 κατά
1423 5411 1520 5481 τὴν
1567 5411 1801 5465 διάνοιαν
1826 5413 1862 5482 ἡ

297 5498 433 5567 ἁγία
473 5498 711 5571 Χριστοῦ
748 5499 1072 5571 Ἐκκλησία,
1123 5501 1217 5554 καὶ
1253 5501 1313 5553 τὸ
1351 5500 1475 5571 όρος
1518 5500 1601 5568 ἐφ’
1643 5493 1688 5566 ᾧ
1714 5499 1866 5552 τεθε-

303 5588 595 5659 μελίωται,
640 5590 771 5664 περὶ
824 5587 885 5647 οὗ
914 5590 1154 5644 διδάσκει
1207 5590 1378 5659 λέγων
1421 5592 1449 5643 ό
1478 5591 1698 5663 Σωτήρ·
1745 5610 1764 5641 ι
1792 5591 1866 5643 Οὐ

300 5679 520 5736 δόναται
547 5683 699 5747 πόλις
732 5683 1000 5756 κρυϐῆναι
1019 5682 1203 5735 ἐπάνω
1228 5681 1385 5753 ὅρους
1408 5681 1633 5751 κειμένη
1654 5719 1670 5745 ,
1709 5699 1729 5732 ι
1749 5680 1871 5734 ἀντὶ

1964 3299 2046 3354 ria
2090 3296 2303 3351 Domini
2334 3296 2403 3352 de
2442 3296 2622 3351 medio
2661 3295 2920 3356 civitatis,
2973 3303 3029 3348 et
3065 3295 3212 3349 stetit
3236 3295 3292 3349 in
3327 3302 3533 3359 monte,

1963 3392 2059 3463 qui
2094 3401 2180 3447 est
2221 3399 2408 3446 contra
2451 3388 2728 3443 civitatem
2749 3386 2818 3441 ".
2851 3404 2870 3437 ι
2900 3384 3057 3452 Quod
3102 3384 3322 3455 quidem
3378 3385 3538 3439 aliter

1964 3496 2182 3554 quoque
2217 3481 2343 3535 licet
2376 3481 2574 3535 intueri
2609 3479 2934 3547 completum
2964 3477 3030 3531 ad
3067 3477 3292 3531 verbum
3316 3477 3539 3546 quando

1964 3577 2125 3631 hodie
2155 3588 2372 3645 quoque
2396 3587 2608 3635 omnes,
2638 3572 2952 3641 quicunque
2973 3570 3184 3625 Christi
3216 3570 3536 3640 religionem

1964 3682 2089 3722 cum
2133 3666 2240 3720 ﬁde
2278 3663 2641 3734 susceperint,
2673 3677 2740 3717 ex
2795 3660 3050 3716 omnibus
3099 3668 3261 3716 terra:
3292 3659 3539 3730 partibus

1965 3765 2322 3823 concurrunt,
2361 3771 2471 3809 non
2511 3761 2571 3808 ut
2598 3753 2872 3824 quondam
2906 3751 3059 3807 festa:
3086 3752 3371 3821 cujusdam
3403 3752 3539 3807 laeti-

1966 3853 2055 3906 tiae
2083 3851 2276 3922 gratia,
2307 3864 2428 3919 quze
2467 3848 2522 3901 in
2548 3845 2849 3900 Jerusalem
2914 3845 3239 3909 celebretur,
3275 3859 3452 3915 neque
3479 3853 3539 3899 ut

1966 3943 2193 3997 adorent
2222 3941 2277 3995 in
2317 3956 2404 4003 eo,
2470 3938 2615 4009 quod
2659 3937 2787 3989 olim
2823 3936 2878 3989 iu
2920 3934 3222 3991 Jerusalem
3269 3936 3539 3991 constitu-

1965 4042 2081 4088 tum
2114 4032 2314 4094 fuerat,
2346 4028 2686 4093 sanctuario,
2729 4025 2822 4080 sed
2855 4034 2913 4078 ut
2942 4024 3290 4079 diversentur
3311 4038 3434 4078 cum
3469 4024 3538 4078 ad

1966 4123 2355 4181 sciscitandum
2392 4121 2459 4175 de
2488 4117 2891 4190 expugnatione
2951 4123 3007 4170 et
3045 4116 3341 4170 solitudine
3379 4113 3538 4170 Jeru-

1966 4217 2155 4281 salem,
2177 4228 2339 4285 quam
2368 4210 2655 4283 pr0phetia
2680 4206 3028 4279 praedixerat,
3051 4214 3169 4260 tum
3195 4213 3253 4259 ut
3278 4207 3333 4259 in
3354 4215 3539 4260 monte

1966 4306 2264 4372 Olivarum,
2299 4305 2392 4374 qui
2437 4312 2521 4358 est
2574 4308 2765 4356 contra
2800 4296 3124 4362 Jerusalem,
3160 4297 3408 4359 adorent,
3442 4297 3538 4351 ubi

1965 4398 2137 4471 gloria
2184 4396 2399 4452 Domini
2444 4399 2777 4449 commutata
2824 4398 2944 4456 est,
2990 4397 3281 4461 postquam
3338 4388 3540 4445 delevit

1968 4489 2205 4557 priorem
2236 4484 2533 4540 civitatem.
2566 4481 2707 4537 Vere
2727 4491 2910 4535 autem
2943 4488 2998 4536 et
3033 4479 3338 4536 secundum
3366 4493 3537 4550 expo-

1966 4579 2127 4634 sitam
2168 4586 2335 4647 atque
2383 4575 2451 4629 ad
2502 4575 2731 4631 verbum
2773 4582 3056 4644 acceptam
3109 4571 3533 4635 enarrationem,

1966 4668 2131 4739 pedes
2182 4666 2401 4723 Domini
2457 4672 2511 4720 et
2560 4665 2865 4721 Salvatoris
2925 4662 3140 4730 nostri,
3196 4663 3369 4733 ipsius
3429 4663 3537 4717 uti-

1964 4776 2070 4832 que
2118 4758 2214 4815 Dei
2266 4757 2469 4822 Verbi,
2512 4774 2610 4828 per
2673 4758 2729 4813 id
2792 4758 2937 4829 quod
2990 4756 3287 4824 assumpsit
3338 4753 3534 4809 huma-

1965 4868 2095 4907 num
2158 4865 2400 4921 corpus,
2455 4850 2510 4903 in
2569 4859 2756 4905 monte
2815 4848 3092 4903 Olivarum
3141 4853 3409 4901 steterunt
3469 4846 3533 4898 ad

1966 4945 2281 5015 speluncam
2339 4957 2462 5012 qua:
2501 4942 2577 4997 ibi
2634 4941 2850 4997 ostendi
2909 4938 3081 5002 solet,
3130 4946 3185 4992 et
3231 4951 3340 5008 quo
3400 4945 3536 4991 tem-

1967 5055 2101 5110 pore
2130 5038 2329 5103 oravit,
2375 5045 2429 5093 et
2479 5051 2603 5092 cum
2645 5035 2761 5091 suis
2799 5032 3085 5104 discipulis
3127 5029 3186 5084 in
3226 5028 3347 5098 ejus
3378 5043 3534 5082 mon—

1968 5134 2039 5189 tis
2081 5132 2399 5196 cacumine,
2462 5129 2721 5201 mysteria
2783 5126 2852 5181 de
2896 5123 3371 5180 consummatione
3423 5129 3536 5173 tra-

1967 5222 2106 5278 didit
2133 5242 2147 5278 :
2171 5238 2239 5278 ex
2279 5220 2468 5277 eodem
2496 5226 2758 5290 praeterea
2785 5224 2972 5271 monte
3012 5215 3068 5269 in
3096 5213 3295 5269 omium
3338 5225 3534 5267 ascen-

1967 5316 2078 5379 dit,
2136 5311 2595 5386 quemadmodum
2644 5310 2823 5366 Lucas
2870 5308 2930 5363 in
2989 5306 3133 5361 Actis
3174 5304 3535 5375 apostolorum

1966 5405 2134 5476 289
2183 5404 2362 5468 docet,
2410 5417 2536 5457 cum
2580 5400 2674 5468 ait,
2718 5400 2871 5455 illum
2905 5396 2988 5473 [in
3020 5404 3204 5452 monte
3231 5392 3533 5466 Olivarum]

1965 5497 2229 5569 apostolis
2261 5496 2379 5553 suis
2420 5502 2475 5550 et
2523 5494 2887 5565 praesentibus
2940 5498 2995 5547 et
3047 5489 3406 5551 intuentibus,
3442 5502 3537 5541 su-

1964 5590 2187 5644 blimem
2218 5588 2439 5650 abiisse,
2474 5586 2811 5656 nubequeab
2832 5584 3008 5641 oculis
3036 5597 3226 5638 eorum
3259 5579 3534 5635 sublatum

1969 5678 2163 5744 fuisse,
2202 5680 2464 5753 ipsosque
2502 5677 2727 5733 intentis
2758 5676 2957 5743 oculis,
2992 5675 3084 5729 illo
3103 5674 3159 5728 in
3192 5673 3390 5727 caelum
3437 5665 3538 5723 ah-

362 5840 415 5913 f'
456 5837 612 5894 Rom.
645 5850 721 5901 ιι,
755 5835 842 5890 l7.
917 5834 964 5867 "
984 5832 1095 5889 Jer.
1128 5849 1206 5897 xi,
1238 5831 1324 5888 l6.
1400 5833 1444 5864 ”
1479 5830 1621 5889 Psal.
1673 5847 1748 5897 ιι,
1779 5830 1857 5887 10.

1959 5829 1984 5863 ¹⁶
2007 5828 2203 5886 Ezech.
2232 5846 2310 5896 xl,
2340 5828 2431 5894 22,
2451 5828 2547 5884 οε.

621 5938 894 5999 Parnm.
941 5935 1054 5995 Gn.
1090 5932 1302 6000 ΧΧιι.

3189 5920 3264 5990 15
