4080 6416
631 396 740 453 459

1305 394 1575 451 EUSEBII
1613 392 2094 453 CxESARIENSIS
2123 397 2276 454 OPP.
2300 396 2479 453 PARS
2513 392 2577 453 Π.
2609 429 2680 440 -
2715 397 3214 456 APOLOGETICA.

3785 405 3882 460 460

630 522 818 582 eunte,
849 529 1141 572 mansrsse.
1181 535 1198 566 ι
1222 517 1288 571 Et
1325 533 1474 584 ecce,
1517 519 1713 589 inquit,
1755 519 1864 576 duo
1900 522 2193 577 viriastite-

2309 524 2408 595 τῆς
2460 523 2730 596 πεσούσης
2774 527 2868 578 καὶ¹
2925 527 2998 598 μὴ
3047 527 3361 600 ὲγερθείσης
3405 525 3755 600 Ἰερουσαλὴμ
3791 528 3879 580 άν-

631 618 762 665 runt
789 609 870 664 eis
898 609 955 662 in
989 609 1234 665 vestibus
1261 611 1420 675 albis,
1445 612 1538 682 qui
1562 615 1726 667 etiam
1751 614 2009 669 dixerunt
2044 633 2058 670 :
2093 613 2208 670 Viri

631 699 862 766 Galilaei,
897 701 1027 771 quid
1061 703 1218 758 statis
1254 703 1584 774 aspicientes
1617 705 1672 758 in
1719 707 1962 761 coelum?
1991 705 2092 762 Hic
2123 705 2211 762 Je-

631 808 728 850 sus
755 793 850 864 qiti
883 803 1198 864 assumptus
1237 804 1320 849 cst
1370 812 1400 849 a
1447 796 1603 852 vobis
1653 797 1706 850 in
1752 798 1975 862 cmlum,
2008 798 2089 853 sic
2119 813 2212 852 ve-

628 885 764 949 niet,
818 886 1280 956 quemadmodum
1331 888 1548 944 vidistis
1578 904 1702 943 eum
1733 897 1955 944 euntem
2000 892 2054 944 in
2095 905 2209 945 ca:-

627 977 741 1034 lum
767 978 832 1034 η.
878 999 896 1031 ι
933 977 1144 1044 Quibus
1174 981 1338 1034 etiam
1369 981 1618 1051 adjungit
1636 983 1800 1037 verba
1819 982 1970 1038 haec:
2002 1001 2019 1033 ι
2054 980 2210 1036 Tunc

627 1073 834 1127 reversi
903 1080 1032 1126 sunt
1072 1073 1124 1125 in
1170 1071 1470 1128 Jerusalem
1520 1090 1548 1126 a
1603 1082 1788 1128 monte
1830 1073 1923 1144 qui
1982 1082 2210 1128 vocatur

625 1163 844 1230 Olivcti,
870 1165 962 1234 qui
1019 1173 1102 1218 est
1148 1173 1339 1219 contra
1393 1164 1698 1219 Jerusalem
1729 1166 1794 1220 ⁸⁸.
1839 1186 1858 1218 ι
1892 1165 1988 1221 Est
2021 1166 2204 1237 igitur,

623 1256 788 1309 etiam
824 1257 868 1312 si
904 1257 1029 1326 quis
1061 1256 1127 1309 ad
1159 1257 1384 1310 verbum
1416 1255 1755 1327 Scripturam
1788 1259 1914 1313 velit
1935 1260 2202 1328 accipere,

624 1359 815 1401 contra
846 1347 1148 1402 Jerusalem
1202 1358 1255 1403 ct
1307 1349 1374 1403 ab
1406 1349 1496 1403 illa
1529 1350 1594 1402 ad
1629 1350 1894 1404 orientem
1927 1359 2201 1420 spectans,

621 1456 782 1494 mons
811 1443 876 1505 is,
908 1440 974 1496 de
1004 1457 1114 1512 quo
1169 1442 1375 1495 dictum
1407 1452 1513 1507 est,
1557 1440 1872 1510 Olivarum;
1922 1451 2202 1498 verumta-

619 1548 744 1587 men
777 1533 823 1587 si
856 1535 1206 1600 sententiam,
1242 1551 1349 1588 non
1381 1535 1544 1589 verba
1597 1539 1748 1607 sequi
1779 1537 2052 1602 volumus,
2074 1552 2203 1591 san-

618 1633 707 1679 cta
732 1625 936 1680 Christi
974 1625 1241 1690 Ecclesia,
1289 1636 1343 1680 et
1378 1643 1536 1682 mons
1570 1629 1623 1682 in
1671 1643 1780 1698 quo
1839 1627 2063 1682 fundata
2094 1635 2199 1694 est,

617 1719 684 1772 de
737 1731 846 1789 quo
886 1719 1127 1789 loquitur
1179 1719 1454 1784 Salvator,
1511 1720 1703 1775 dicens
1741 1740 1752 1775 :
1811 1741 1828 1772 ι
1867 1720 1986 1776 Non
2019 1728 2203 1791 potest

617 1810 878 1865 abscOndi
915 1812 1109 1865 civitas
1142 1827 1307 1882 supra
1347 1821 1585 1867 montem
1617 1814 1793 1882 posita
1820 1814 1890 1877 ⁸⁷,
1938 1833 1956 1864 ›
2002 1826 2103 1882 pro
2135 1828 2199 1868 ea

615 1920 737 1974 qua:
797 1904 1014 1969 cecidit,
1063 1921 1240 1974 neque
1288 1907 1523 1975 amplius
1589 1905 1827 1960 surrexit
1867 1905 2195 1972 Jerusalem,
2231 1889 2273 1943 Β

613 2000 823 2047 structa
855 1999 1018 2063 atque
1047 2005 1252 2056 erecta,
1281 1995 1558 2066 dignaque
1591 1996 1777 2050 habita
1810 1997 1865 2050 in
1894 2012 2000 2067 qua
2031 1996 2197 2066 pedes

613 2084 831 2139 Domini
869 2086 1146 2150 insistant,
1199 2103 1307 2140 non
1366 2087 1546 2143 solum
1604 2097 1688 2143 est
1732 2097 1925 2142 contra
1971 2087 2196 2143 Jerusa-

611 2179 740 2244 lem,
782 2179 878 2234 sed
919 2180 1084 2234 etiam
1118 2181 1187 2235 ab
1217 2197 1280 2236 ea
1311 2181 1378 2234 ad
1407 2183 1678 2236 orientem
1710 2197 1966 2252 vergens,
1995 2181 2197 2252 quippe

610 2280 732 2343 quae
765 2272 884 2343 ejus
927 2272 1176 2338 luminis,
1225 2287 1335 2343 quo
1376 2272 1547 2327 Deum
1588 2273 1677 2343 pie
1717 2274 1974 2342 colimus,
2011 2273 2194 2328 radios

609 2368 868 2438 excipiat,
912 2375 966 2422 ct
1034 2369 1206 2422 multo
1253 2369 1369 2438 ipsa
1421 2367 1726 2425 Jerusalem
1768 2371 2011 2425 anterior
2051 2369 2195 2426 facta

609 2461 700 2527 sit,
731 2460 946 2532 ipsique
965 2461 1196 2530 justitia:
1221 2462 1322 2518 soli
1358 2464 1744 2533 propinquior,
1767 2464 1836 2519 de
1858 2479 1968 2535 quo
1985 2463 2192 2518 dictum

608 2560 712 2618 est,
752 2571 772 2604 ι
824 2553 1146 2608 timentibus
1190 2561 1385 2620 autem
1448 2544 1556 2620 me',
1609 2555 1822 2610 orietur
1889 2556 1974 2611 sol
2029 2556 2194 2626 justi-

609 2645 700 2700 tiae
731 2646 777 2677 ⁸⁸
807 2663 821 2701 :
860 2665 881 2698 ›
917 2646 1048 2716 quia
1079 2662 1210 2703 vero
1240 2647 1376 2701 dicit
1405 2647 1686 2719 deinceps,
1719 2659 1865 2721 quod
1906 2669 1924 2702 ι
1975 2650 2192 2707 scinde-

608 2747 698 2792 tur
723 2754 883 2796 mons
912 2737 1193 2794 Olivarum
1230 2759 1241 2794 :
1271 2741 1558 2796 dimidium
1591 2742 1712 2812 ejus
1743 2744 1810 2799 ad
1839 2743 2106 2798 orientem
2137 2750 2190 2798 et

607 2847 759 2887 mare
792 2851 806 2887 :
850 2831 1200 2902 profunditas
1227 2849 1426 2904 magna
1456 2834 1830 2898 vehementer,
1864 2842 1919 2888 et
1953 2835 2186 2889 inclina-

609 2925 688 2981 bit
714 2925 1000 2980 dimidium
1031 2927 1152 2996 ejus
1183 2927 1252 2980 ad
1284 2927 1528 2990 boream,
1569 2935 1622 2981 et
1653 2927 1940 2983 dimidium
1971 2930 2093 3000 ejus
2120 2931 2186 2985 ad

607 3027 889 3086 austrum;
931 3038 948 3070 ι
987 3028 1165 3088 potest
1192 3019 1296 3072 hoc
1330 3018 1551 3088 quidem
1581 3017 1840 3076 Ecclesia“:
1874 3037 1970 3092 per
2009 3029 2186 3076 totum

606 3111 815 3177 orbem,
853 3109 947 3178 qui
988 3110 1057 3164 ab
1105 3109 1419 3163 hominibus
1471 3108 1752 3176 incolitur,
1806 3109 2184 3166 dilatationem

605 3205 914 3275 signiﬁcare
947 3224 958 3258 :
990 3220 1112 3274 qua:
1138 3212 1320 3274 partes
1345 3204 1412 3258 ad
1441 3205 1708 3260 orientem
1739 3203 1911 3258 solem
1941 3211 2188 3274 spectan-

607 3305 714 3362 tes,
759 3296 1018 3366 ipsasque
1048 3309 1262 3348 aurorae
1289 3293 1640 3364 Orientisque
1687 3303 1876 3364 gentes
1907 3307 1971 3347 ac
2007 3293 2187 3346 natio-

604 3403 706 3443 nes
730 3387 1046 3456 complevit.
1083 3384 1388 3455 Porrigitur
1418 3400 1548 3441 vero
1578 3385 1742 3439 etiam
1776 3400 1952 3454 usque
1983 3383 2049 3438 ad
2072 3398 2190 3436 ma-

604 3495 686 3545 re,
726 3479 875 3550 quod
933 3486 1017 3533 est
1083 3478 1150 3532 ad
1189 3477 1552 3540 occidentem,
1596 3486 1648 3532 et
1673 3476 1741 3531 ad
1797 3477 2007 3531 insulas
2067 3491 2188 3547 qua:

606 3575 663 3627 in
695 3572 820 3642 ipso
863 3577 1010 3626 sunt.
1044 3569 1217 3624 Porro
1249 3569 1318 3623 ad
1361 3579 1607 3624 austrum
1643 3584 1862 3638 quoque
1910 3584 1975 3623 ac
2022 3568 2188 3623 meri-

603 3663 749 3718 diem
799 3661 1062 3732 pervenit,
1113 3661 1241 3714 item
1291 3660 1358 3714 ad
1397 3659 1711 3730 aquilonem
1755 3667 1810 3714 et
1858 3661 2189 3731 septentrio-

610 3769 730 3809 nem
768 3771 782 3807 :
839 3751 906 3806 ad
940 3752 1318 3820 onmesenim
1338 3761 1522 3825 partes
1557 3760 1612 3806 et
1665 3751 1869 3822 ubique
1918 3751 2184 3823 gentium,

605 3851 753 3923 quod
806 3850 1034 3920 ﬁgurate
1077 3845 1421 3917 significatur
1468 3844 1686 3900 Domini
1735 3844 2030 3907 olivetum,
2068 3859 2188 3913 qua:

599 3953 690 4001 est
713 3944 833 4014 ejus
867 3941 1134 4004 Ecclesia,
1171 3940 1474 4009 plantatum
1525 3945 1628 3992 est.
1662 3935 1850 3990 Potest
1883 3936 2047 3990 etiam
2080 3935 2188 3988 alio

601 4053 794 4101 sensu,
827 4051 948 4105 quae
979 4033 1209 4089 antehac
1234 4031 1392 4086 facta:
1421 4031 1554 4096 sint,
1577 4044 1806 4100 quaeque
1837 4028 2003 4084 etiam
2039 4042 2186 4081 nunc

606 4128 746 4182 ﬁunt
783 4127 838 4181 in
865 4123 1111 4179 Ecclesia
1139 4121 1370 4184 Christi,
1400 4120 1705 4178 scissiones
1736 4127 1791 4174 et
1821 4127 2026 4183 sectas,
2064 4133 2186 4173 mo-

603 4220 860 4287 ralesque
901 4217 952 4270 in
997 4216 1129 4278 vita,
1164 4214 1258 4268 ubi
1312 4213 1488 4268 scissa
1527 4212 1816 4282 divisaque
1862 4219 1966 4275 est,
2001 4211 2188 4280 lapsus

602 4305 950 4376 signiﬁcare;
1000 4301 1138 4356 dicit
1181 4301 1328 4356 enirn
1381 4310 1625 4355 montem
1667 4315 1790 4356 esse
1819 4299 2184 4370 dilapsurum,

602 4397 892 4453 dimidium
925 4395 1048 4464 ejus
1081 4394 1150 4448 ad
1180 4394 1471 4458 orientem,
1520 4399 1574 4448 et
1621 4392 1906 4447 dimidium
1956 4391 2076 4461 ejus
2119 4391 2188 4447 ad

605 4506 756 4545 mare
790 4507 804 4543 ί
842 4487 1270 4558 profunditatem
1305 4501 1560 4558 magnam
1607 4485 1976 4550 vehementer,
2008 4493 2063 4541 et
2103 4486 2188 4540 in-

605 4583 835 4638 clinabit
864 4582 1153 4637 dimidium
1185 4581 1389 4636 montis
1442 4579 1512 4634 ad
1561 4579 1895 4650 aquilonem,
1937 4589 1992 4634 et
2025 4578 2186 4634 dimi-

603 4678 754 4732 dium
786 4677 906 4745 ejus
945 4675 1110 4745 290
1168 4674 1235 4729 ad
1285 4680 1565 4737 austrum;
1618 4681 1679 4726 ut
1723 4671 1805 4727 sic
1848 4673 1903 4726 in
1945 4680 2184 4741 quatuor

606 4777 788 4842 partes
819 4769 997 4823 scindi
1050 4767 1324 4830 videatur,
1360 4765 1499 4820 duas
1539 4765 1759 4832 quidem
1810 4763 2088 4833 graviores
2119 4778 2181 4816 ac

605 4863 1038 4933 praestantiores,
1069 4860 1208 4915 duas
1235 4866 1412 4913 autem
1450 4856 1759 4911 contrarias
1789 4874 1802 4910 :
1828 4865 1881 4909 et
1902 4870 2034 4910 sane
2060 4853 2183 4908 vide

604 4972 676 5012 ne
708 4955 848 5011 forte
881 4955 936 5009 in
970 4955 1056 5008 bis
1085 4954 1290 5016 verbis,
1327 4951 1460 5006 illud
1494 4949 1639 5021 quod
1673 4950 1874 5004 dicitur
1904 4948 1970 5001 ad
1999 4948 2183 5002 orien-

605 5057 714 5102 tetn
738 5056 793 5103 et
823 5055 1094 5108 austrum,
1127 5045 1268 5100 duos
1301 5044 1524 5098 ordines
1549 5040 1840 5113 signiﬁcet,
1877 5055 2066 5096 eorum
2090 5041 2184 5110 qui

606 5153 870 5195 successu
909 5152 972 5191 ac
1008 5137 1257 5207 profectu
1290 5135 1345 5188 in
1368 5134 1554 5190 divino
1583 5133 1731 5188 cultu
1759 5131 2005 5186 instincti
2030 5141 2182 5197 sunt,

604 5248 774 5287 unum
802 5231 1027 5300 quidem
1056 5244 1247 5286 eorum
1285 5228 1380 5298 qui
1434 5228 1489 5282 in
1542 5225 1851 5298 cognitione
1891 5240 1954 5280 ac
1990 5225 2179 5289 verbo,

603 5336 659 5382 et
686 5324 914 5394 reliquis
943 5324 1114 5378 divini
1149 5322 1392 5394 Spiritus
1419 5321 1579 5377 donis
1607 5320 1922 5391 proﬁciunt,
1948 5317 2179 5374 alterum

603 5433 794 5474 eorum
827 5418 1007 5488 quiin
1041 5417 1290 5473 moribus
1323 5416 1544 5488 quidem
1575 5425 1628 5470 et
1661 5414 1770 5466 vita
1795 5411 1964 5482 probe
2004 5421 2182 5466 recte-

603 5527 712 5582 que
739 5510 965 5582 degunt,
995 5511 1091 5567 sed
1129 5520 1310 5564 tamen
1354 5508 1409 5564 in
1445 5508 1562 5564 suis
1609 5504 1905 5577 seligendis
1954 5504 2183 5559 rationi-

603 5600 708 5655 bus
753 5599 1088 5655 detinentur.
1135 5598 1380 5669 Reliqua:
1424 5615 1552 5654 vero
1594 5598 1715 5653 dua:
1749 5604 1958 5666 partes,
2001 5611 2123 5666 quae
2151 5610 2182 5650 a

601 5691 878 5762 prioribus
913 5692 1101 5745 divisze
1133 5700 1281 5752 sunt,
1321 5691 1385 5744 ad
1426 5706 1574 5744 mare
1611 5698 1663 5743 et
1693 5688 2026 5776 aquilonem,
2068 5702 2182 5740 am-

2315 616 2618 688 εγερθεῖσα,
2650 617 2741 670 καὶ
2767 617 2876 670 τῶν
2903 617 3078 672 ποδῶν
3105 618 3198 671 τοῦ
3229 619 3434 692 Κυρίου
3467 618 3877 684 καταξιωθεῑσα,

2314 710 2376 762 οὑ
2417 711 2574 781 μόνον
2610 712 2899 765 κατέναντί
2937 714 3082 764 ἐστιν
3117 711 3487 784 Ἰερουσαλὴμ,
3524 713 3658 768 ἀλλὰ
3688 715 3783 768 καὶ
3827 716 3879 782 ἐξ

2314 805 2583 860 ἀνατολῶν
2631 808 2836 879 αὐτῆς,
2879 806 3256 880 προσλαϐοῦσα
3287 807 3386 871 τὰς
3417 807 3592 877 αὐγὰς
3639 808 3734 862 τοῦ
3786 810 3879 880 τῆς

2313 896 2617 962 θεοσεϐείας
2660 899 2853 967 φωτὸς,
2885 900 2979 952 καὶ
3013 898 3147 952 πολὺ
3193 901 3432 977 προτέρα
3473 902 3571 971 τῆς
3617 901 3880 972 Ἰερουσα-

2311 989 2422 1062 λὴμ
2459 991 2745 1062 γενομένη,
2774 991 2922 1062 αὐτῷ
2945 1009 3004 1045 τε
3043 992 3389 1064 πλησιάσασα
3433 993 3510 1064 τῷ
3540 993 3642 1064 τῆς
3679 994 3880 1047 δικαιο-

2313 1079 2477 1152 σύνης
2503 1081 2658 1153 ἡλίῳ,
2692 1083 2818 1154 περὶ
2847 1077 2908 1136 οῦ
2937 1082 3186 1138 λέλεκται
3211 1101 3224 1114 ο
3255 1105 3271 1135 ι
3303 1086 3426 1148 Τοῖς
3449 1085 3504 1138 δὲ
3531 1085 3880 1155 φοϐουμένοις

2312 1189 2378 1243 με
2414 1171 2662 1226 ἀνατελεῖ
2687 1172 2839 1244 ἥλιος
2869 1173 3230 1246 δικαιοσύνης.
3255 1193 3274 1226 ›
3306 1176 3370 1229 Ὃ
3392 1175 3448 1228 δὲ
3479 1175 3627 1244 λέγει
3649 1175 3708 1228 τὸ
3735 1175 3878 1244 ἑξῆς,

2307 1264 2387 1317 ὅτι
2431 1283 2447 1315 ι
2475 1265 2830 1336 Σχισθὴσεται
2877 1264 2938 1318 τὸ
2979 1265 3103 1340 ὅρος
3155 1265 3262 1320 τῶν
3299 1266 3522 1320 Ἐλαιῶν
3549 1306 3564 1331 ,
3601 1266 3662 1320 τὸ
3711 1268 3878 1338 ἥμισυ

2306 1357 2469 1410 αὐτοῦ
2507 1357 2639 1429 πρὸς
2673 1357 2936 1421 ἀνατολὰς
2961 1359 3055 1411 καὶ
3085 1358 3374 1423 Θάλασσαν,
3408 1359 3539 1430 χάος
3579 1345 3721 1430 μεγά
3755 1360 3879 1428 σφό-

2305 1446 2424 1518 δρα,
2460 1448 2552 1500 καὶ
2581 1446 2748 1500 κλινεῖ
2773 1446 2832 1500 τὸ
2864 1449 3032 1519 ἥμισυ
3060 1446 3223 1501 αὐτοῦ
3253 1448 3387 1520 πρὸς
3415 1448 3506 1502 τὸν
3527 1449 3755 1520 βορρᾶν,
3788 1451 3878 1504 καὶ

2304 1537 2364 1590 τὸ
2396 1539 2566 1613 ἥμισυ
2598 1536 2762 1593 αὑτοῦ
2791 1537 2928 1610 πρὸς
2967 1538 3138 1602 νότον,
3167 1558 3185 1590 ι
3229 1537 3450 1594 δύναται
3496 1541 3592 1611 μὲν
3620 1542 3719 1613 τὴν
3759 1541 3876 1595 καθ’

2303 1629 2430 1702 ὅλης
2461 1631 2560 1702 τῆς
2590 1630 2890 1703 ἀνθρώπων
2917 1631 3238 1702 οἰκουμένης
3281 1631 3583 1699 ὲξάπλωσιν
3611 1633 3713 1704 τῆς
3754 1632 3875 1686 Ἐκ-

2305 1722 2533 1792 κλησίας
2553 1723 2856 1794 σημαίνειν,
2876 1723 2967 1776 ἐπὶ
2982 1723 3074 1776 καὶ
3098 1724 3361 1788 ἀνατολὰς
3383 1725 3556 1797 ἡλίου,
3578 1727 3720 1780 αὐτά
3738 1744 3795 1780 τε
3814 1725 3876 1780 τὰ

2305 1813 2414 1885 ἑῷα
2441 1814 2535 1867 καὶ
2570 1814 2869 1868 ἀνατολικὰ
2901 1814 3026 1886 ἔθνη
3060 1814 3517 1890 πεπληρωμένην*
3540 1818 3798 1872 διατείνει
3824 1819 3875 1872 δὲ

2305 1905 2399 1957 καὶ
2439 1905 2531 1957 ἐπὶ
2561 1904 2660 1975 τὴν
2691 1904 2913 1976 δυτικὴν
2960 1904 3251 1970 θάλασσαν,
3299 1908 3397 1970 τάς
3427 1923 3486 1959 τε
3521 1908 3579 1959 ὲν
3611 1908 3749 1978 αὐτῇ
3785 1909 3875 1979 νή·

2307 2014 2450 2059 σους.
2496 1997 2570 2048 Οὐ
2599 1995 2702 2068 μὴν
2732 1995 2844 2049 ἀλλ’
2870 1997 3070 2066 ἔφθακε
3105 1999 3244 2052 κατά
3271 2016 3328 2050 τε
3354 1998 3503 2052 νότον
3531 1999 3624 2052 καὶ
3669 2015 3876 2069 μεσημ-

2305 2089 2483 2160 ϐρίαν,
2511 2089 2649 2142 κατά
2679 2104 2738 2143 τε
2774 2089 2994 2162 βορρᾶν,
3027 2091 3119 2143 καὶ
3155 2091 3384 2162 ἄρκτον·
3425 2092 3599 2161 πάντη
3629 2089 3740 2161 γάρ
3789 2091 3875 2144 καὶ

2307 2181 2576 2253 πανταχοῦ
2630 2183 2658 2234 ὁ
2719 2182 3114 2253 σημαινόμενος
3175 2183 3452 2254 τροπικῶς
3520 2183 3614 2236 τοῦ
3669 2184 3873 2254 Κυρίου

2301 2275 2496 2335 ὲλαιὼν
2538 2277 2571 2346 ἡ
2623 2273 2916 2345 Ἐκκλησία
2959 2273 3122 2328 αὑτοῦ
3164 2275 3674 2356 καταπεφύτευταις
3714 2275 3872 2329 δύνα·

2300 2387 2390 2422 ται
2435 2369 2491 2422 δὲ
2533 2370 2625 2422 καὶ
2659 2367 2798 2422 κατὰ
2837 2369 3073 2422 διάνοιαν
3115 2368 3181 2421 τὰ
3234 2369 3326 2421 ἐπὶ
3365 2370 3463 2441 τῆς
3499 2367 3592 2421 τοῦ
3636 2362 3875 2439 Χριστοῦ

2315 2461 2637 2534 Ἐκκλησίας
2674 2462 2940 2534 γενόμενά
2990 2480 3047 2515 τε
3075 2503 3089 2526 ,
3139 2463 3230 2515 καὶ
3262 2463 3428 2516 εἰσέτι
3477 2461 3572 2514 νῦν
3617 2461 3876 2534 γινόμενα

2302 2555 2577 2625 σχίσματα
2602 2553 2818 2616 καὶτὰς
2857 2553 3116 2626 αἱρέσεις,
3153 2554 3250 2618 τάς
3286 2571 3344 2606 τε
3371 2553 3568 2624 ἠθικὰς
3598 2552 3745 2607 κατὰ
3790 2552 3876 2607 τὸν

2300 2646 2414 2716 βίον
2446 2645 2792 2710 ἀποπτώσεις
2835 2644 3182 2699 αἰνίττεσθαι.
3237 2644 3464 2715 Σχισθὲν
3491 2646 3601 2717 γάρ
3646 2662 3786 2716 φησι
3819 2644 3874 2698 te

2297 2739 2422 2810 ὅρος
2460 2738 2871 2811 διαστήσεσθαι,
2901 2739 2962 2792 τὸ
2995 2740 3165 2810 ἥμισυ
3208 2738 3371 2792 αὐτοῦ
3411 2737 3547 2809 πρὸς
3587 2737 3872 2802 ἀνατολάς,

2297 2833 2388 2884 καὶ
2419 2832 2480 2884 τὸ
2508 2832 2679 2902 ἥμισυ
2719 2830 2880 2884 αὐτοῦ
2910 2831 3045 2902 πρὸς
3074 2831 3368 2894 θάλασσαν,
3401 2829 3530 2902 χάος
3572 2831 3715 2902 μέγα
3753 2831 3871 2901 σφό-

2290 2925 2418 2996 δρα,
2441 2925 2535 2977 καὶ
2567 2924 2736 2977 κλινεῖ
2755 2925 2816 2977 τὸ
2839 2926 3010 2996 ἥμισυ
3036 2923 3130 2976 τοῦ
3161 2923 3320 2994 όρους
3351 2924 3486 2996 πρὸς
3516 2925 3604 2977 τὸν
3649 2923 3872 2996 βορρᾶν,

2295 3020 2390 3072 καὶ
2413 3019 2472 3071 τὸ
2492 3019 2664 3090 ἥμισυ
2689 3016 2853 3070 αὐτοῦ
2889 3017 3023 3089 πρὸς
3051 3017 3222 3083 νότον,
3251 3017 3327 3079 ὼς
3355 3017 3434 3078 εἰς
3466 3015 3707 3086 τέσσαρα
3738 3017 3872 3089 μέρη

2293 3107 2637 3180 διαιρεῖσθαι,
2671 3107 2763 3160 δύο
2804 3107 2900 3178 μὲν
2929 3106 2997 3160 τὰ
3041 3107 3338 3179 σεμνότερα
3363 3107 3457 3160 καὶ
3494 3107 3760 3178 κρείττω,
3786 3106 3876 3160 δύο

2293 3201 2441 3255 δὲτὰ
2490 3201 2726 3255 ἐναντία.
2772 3201 2882 3254 Καὶ
2924 3200 3026 3271 ὅρα
3055 3200 3264 3270 μήποτε
3311 3197 3398 3251 διὰ
3435 3197 3638 3252 τούτων
3665 3198 3732 3252 τὸ
3781 3198 3873 3270 μὲν

2215 3271 2258 3329 C
2293 3294 2428 3366 πρὸς
2455 3293 2714 3357 ἀνατολὰς
2738 3293 2832 3346 καὶ
2865 3294 3000 3364 πρὸς
3029 3293 3178 3346 νότον
3203 3292 3295 3346 δύο
3325 3293 3579 3364 τάγματα
3620 3292 3871 3363 σημαίνει

2293 3385 2401 3440 τῶν
2434 3387 2532 3457 τῆς
2559 3385 2703 3439 κατὰ
2723 3385 2855 3438 Θεὸν
2882 3389 3165 3458 προκοπῆς
3196 3385 3614 3457 ὲπειλημμένων
3636 3403 3648 3415 ·
3684 3385 3747 3442 ἓν
3776 3385 3872 3459 μὲν

2290 3479 2400 3532 τῶν
2427 3480 2484 3532 ὲν
2509 3479 2710 3549 γνώσει
2747 3479 2840 3532 καὶ
2872 3479 3035 3550 λόγῳ,
3083 3480 3177 3532 καὶ
3214 3481 3325 3543 τοῖς
3355 3478 3561 3542 λοιποῖς
3585 3479 3680 3532 τοῦ
3731 3477 3871 3532 θείου

2292 3567 2609 3639 Πνεύματος
2642 3569 2942 3642 χαρίσμασι
2971 3568 3384 3640 τελειουμένων·
3421 3569 3647 3642 θάτερον
3679 3570 3742 3623 δὲ
3769 3569 3873 3622 τῶν

2290 3658 2380 3711 διὰ
2430 3657 2543 3727 βίου
2572 3659 2975 3731 κατορθούντων
2996 3703 3011 3728 ,
3046 3662 3102 3714 ἐν
3144 3661 3394 3730 ἐκλογαῖς
3425 3678 3488 3730 γε
3527 3663 3632 3733 μὴν
3666 3663 3871 3735 διατριο

2293 3751 2513 3805 εόντων.
2547 3751 2628 3804 Τὰ
2654 3752 2711 3805 δὲ
2739 3751 2901 3805 λοιπὰ
2933 3752 3026 3806 δύο
3065 3753 3202 3825 μέρη
3236 3753 3343 3807 τῶν
3375 3754 3652 3825 προτέρων
3681 3755 3868 3830 διῃρη-

2296 3844 2429 3914 μένα
2464 3844 2549 3914 εῖη
2596 3843 2682 3908 ἂν,
2707 3843 2768 3896 τὸ
2809 3843 2948 3897 κατὰ
2995 3843 3266 3897 θάλασσαν
3301 3844 3392 3898 καὶ
3440 3846 3576 3916 πρὸς
3627 3846 3868 3919 βορρᾶν,

2292 3935 2575 4007 ἀμφότερα
2604 3935 2738 4008 πρὸς
2765 3938 2830 4006 τῇ
2869 3935 3037 4007 κακίᾳ
3060 3936 3452 4007 σημαινόμενα.
3485 3956 3503 3988 ι
3541 3937 3676 3991 Ἀπὸ
3703 3957 3870 4012 προσ-

2291 4024 2443 4081 ὡπου
2471 4027 2600 4100 γὰρ,
2643 4028 2795 4098 φησι,
2840 4027 3008 4097 βορρᾶ
3039 4026 3434 4098 ἐκκαυθήσεται
3474 4027 3544 4082 τά
3588 4029 3740 4083 κακὰ
3783 4029 3870 4082 ἐπὶ

2293 4121 2500 4184 πάντας
2535 4122 2663 4184 τοὺς
2702 4119 3088 4182 κατοικοῦντας
3122 4119 3221 4190 τὴν
3261 4119 3395 4190 γῆν·
3420 4139 3438 4172 ι
3485 4120 3514 4174 ὅ
3550 4135 3610 4174 τε
3651 4121 3872 4193 δράκων

2292 4213 2385 4266 ἐπὶ
2424 4212 2522 4284 τῆς
2566 4211 2836 4281 θαλάσσης
2877 4210 3146 4264 ποιεῖσθαι
3187 4211 3283 4275 τὰς
3310 4211 3590 4284 διατριϐὰς
3629 4213 3867 4284 λέγεται.

2295 4305 2456 4356 Ὥστε
2503 4303 2726 4366 εἰκότως
2781 4301 3058 4355 κάνταῦθα
3087 4303 3194 4355 τῶν
3249 4302 3355 4355 ἀπὸ
3389 4303 3488 4374 τῆς
3544 4304 3872 4377 Ἐκκλησίας

2290 4393 2708 4446 ἀποπιπτόντων
2739 4391 2831 4444 δύο
2867 4393 3025 4446 πάλιν
3067 4391 3356 4462 δηλοῦσθαι
3389 4394 3642 4465 τρόπους,
3691 4397 3784 4449 τόν
3813 4411 3870 4448 τε

2292 4486 2430 4539 κατὰ
2463 4487 2562 4555 τὴν
2584 4485 2782 4554 γνῶσιν
2804 4487 2895 4538 καὶ
2920 4485 3011 4538 τὸν
3045 4486 3186 4539 κατὰ
3219 4484 3278 4538 τὸ
3305 4482 3436 4557 ἦθος
3466 4487 3870 4558 ἁμαρτάνοντα,

2290 4577 2366 4640 ὡς
2395 4572 2532 4630 εἶναι
2557 4576 2760 4640 ταύτας
2790 4576 2882 4631 τοῦ
2911 4577 3238 4649 δηλουμένου
3266 4576 3552 4639 Ἐλαιῶνος
3575 4579 3759 4652 ὅρους,
3778 4578 3871 4642 τὰς

2291 4670 2397 4721 ὑπὸ
2419 4669 2518 4740 τῆς
2540 4668 2873 4741 προφητείας
2894 4671 3268 4742 αἰνιττομένας
3286 4671 3612 4735 διαστάσεις.
3644 4672 3872 4733 Τούτοις

2291 4759 2418 4829 ὲξῆς
2453 4758 2790 4827 ὲπιλέγεται·
2825 4779 2844 4812 ι
2871 4760 2981 4812 Καὶ
3016 4759 3457 4831 ἐμφραχθήσεται
3481 4762 3515 4832 ή
3546 4759 3737 4826 κοιλὰς
3765 4760 3872 4814 τῶν

2291 4852 2460 4923 ὀρέων
2496 4869 2619 4923 μου,
2665 4853 2759 4905 καὶ
2808 4851 3263 4923 ὲγκολληθήσεται
3304 4853 3521 4924 φάραγξ
3560 4853 3735 4926 ὀρέων
3769 4855 3872 4918 ἕως

2304 4946 2522 5018 Ἀσαήλ.
2574 4945 2684 4998 Ka‘t
2729 4945 3211 5017 ἐμφραχθήσεται,
3251 4945 3310 4998 ὃν
3349 4945 3549 5017 τρόπον
3589 4947 3868 5018 ὲνεφράγη

2290 5039 2398 5092 ἀπὸ
2423 5038 2714 5110 προσώπου
2748 5037 2838 5091 τοῦ
2885 5037 3106 5109 σεισμοῦ
3143 5038 3199 5090 ὲν
3223 5039 3455 5109 ἡμέραις
3498 5037 3674 5102 Ὀζίου
3713 5039 3870 5110 βασι-

2287 5131 2422 5196 λέως
2466 5131 2652 5185 Ἰούδα.
2681 5149 2700 5183 ι
2737 5131 2938 5195 nona;
2974 5131 3030 5184 δὲ
3062 5132 3119 5183 ὲν
3167 5131 3377 5194 τούτοις
3407 5130 3516 5185 τῶν
3557 5132 3734 5202 ὀρέων
3775 5130 3868 5184 τοῦ

2287 5224 2419 5278 Θεοῦ
2447 5225 2530 5289 τίς
2556 5223 2622 5278 ἂν
2654 5223 2736 5296 εἴη
2772 5223 2804 5296 ἦ
2839 5224 2872 5294 ὴ
2899 5223 3040 5277 κατὰ
3067 5223 3156 5276 τὸν
3203 5224 3483 5287 Μωῡσέως
3508 5224 3671 5295 νόμον
3715 5225 3776 5277 ὲν
3803 5224 3868 5294 τῇ

2300 5315 2647 5387 Ἰερουσαλὴμ
2669 5314 2834 5368 πάλαι
2867 5315 3126 5386 πρότερον
3159 5313 3550 5387 συντελουμένη
3577 5315 3868 5386 σωματικὴ

2287 5409 2378 5462 καὶ
2415 5408 2674 5479 Ἰουδαῖκὴ
2710 5407 3003 5480 θρησκείας
3035 5408 3100 5479 ἣν
3126 5405 3648 5479 άποκλεισθήσεσθαι
3677 5406 3868 5477 ὥσπερ

2290 5501 2733 5572 άποφραχθεῖσαν
2774 5503 2802 5554 ό
2855 5499 3041 5573 παρὼν
3101 5499 3256 5569 λόγος
3313 5497 3554 5564 θεσπίζει
3605 5499 3863 5570 φάσκων·

2295 5613 2313 5643 ι
2348 5593 2456 5646 Καὶ
2490 5593 2932 5664 ὲμφραχθήσεται
2964 5595 2997 5664 ἡ
3038 5591 3225 5656 κοιλὰς
3264 5591 3375 5646 τῶν
3406 5592 3574 5665 ὀρέων
3608 5609 3741 5662 μου,
3775 5590 3868 5646 καὶ

2290 5684 2747 5755 ἐγκολληθήσεται
2801 5683 3016 5756 φάραγξ
3083 5684 3252 5756 ὀρέων
3298 5683 3402 5747 ἕως
3474 5679 3714 5753 Ἀσαὴλ,
3777 5677 3867 5736 καὶ

674 5850 719 5882 σε
750 5850 870 5904 Act.
899 5848 1051 5915 1,“.
1132 5846 1458 5902 “ibid.12.
1537 5843 1990 5910 “Mantum”.
2072 5841 2193 5898 θεΜ

2297 5843 2376 5898 ch.
2422 5857 2492 5906 iv,
2522 5839 2577 5898 2.
