4080 6416
629 374 738 440 163

1298 379 1568 440 EUSEBII
1598 385 2083 444 GESARIENSIS
2112 388 2264 446 OPP.
2291 388 2470 445 PARS
2505 389 2569 446 ll.
2595 421 2664 432 -—
2691 389 3196 447 APOLOGETICA.

3767 393 3852 452 ιιι

630 497 855 568 templo,
891 497 1148 568 Splendor
1196 497 1386 570 ingens
1427 501 1687 567 illuxerit,
1733 504 1824 574 qui
1858 504 2023 559 etiam
2054 504 2164 574 regi

2270 571 2272 577 _
2305 502 2477 574 ἀληθῆ
2517 505 2790 577 ἀρχιερέα,
2829 505 3005 577 λέπρα
3033 505 3171 558 κατὰ
3205 503 3316 558 τῶν
3341 504 3528 576 ψυχῶν
3546 504 3848 578 ἐξήνθησεν.

628 587 824 643 faciem
855 589 1134 656 invaserit,
1163 596 1216 644 et
1257 591 1339 646 sic
1380 594 1638 664 evestigio
1697 594 1850 647 illum
1906 596 1962 647 in
1993 594 2195 663 lepram

630 679 910 735 incidisse.
941 680 1081 735 Ante
1127 681 1317 736 urbem
1353 697 1482 738 vero
1525 684 1595 738 ad
1642 684 1825 738 locum
1870 684 1962 754 qui
1996 683 2198 737 dicitur

623 768 820 841 ‘Eroge,
852 771 1151 826 abscissam
1183 787 1306 828 esse
1333 773 1399 827 de
1439 781 1626 830 monte
1649 774 1930 829 dimidiam
1960 781 2191 844 partem,

623 877 746 929 quae
773 861 839 916 ad
867 862 1205 920 occidentem
1238 879 1394 921 versa
1417 877 1534 920 erat
1562 885 1574 920 :
1618 867 2194 936 convolutamque-per

623 962 860 1023 quatuor
907 955 1106 1020 stadia,
1140 956 1207 1010 ad
1237 965 1476 1013 montem
1510 958 1750 1023 stetisse,
1792 959 1886 1028 qui
1925 959 2190 1013 orientem

623 1046 926 1116 spectabat,
959 1047 1142 1117 itaque
1184 1057 1238 1103 et
1284 1048 1466 1105 aditus
1505 1059 1560 1104 et
1589 1049 1781 1104 hortos
1812 1051 2002 1121 regios
2028 1051 2191 1106 obtu-

620 1151 795 1192 rasse.
842 1156 860 1189 ι
897 1137 1021 1193 Haec
1045 1154 1176 1194 sane
1197 1155 1297 1209 ego
1332 1140 1387 1193 in
1418 1140 1574 1195 libris
1612 1139 1858 1196 Iudaica:
1885 1143 2190 1213 Antiquita-

620 1232 688 1284 tis
719 1232 916 1302 posita,
968 1233 1106 1302 apud
1155 1231 1448 1304 Josephum
1497 1233 1847 1304 deprehendi.
1881 1234 2039 1304 Apud
2062 1250 2188 1306 pro-

618 1321 836 1392 phetam
875 1338 1010 1378 vero
1047 1323 1235 1387 Amos,
1270 1323 1429 1378 initio
1471 1325 1617 1379 illius
1646 1325 1941 1395 prophetiae
1979 1326 2183 1390 inveni.

615 1411 1070 1480 quemadmodum
1103 1413 1218 1483 ipse
1263 1414 1550 1468 vaticinari
1603 1415 1831 1484 cmperit
1882 1414 1939 1468 in
1991 1415 2185 1472 diebus

614 1504 761 1559 Ozias
788 1504 931 1574 regis
959 1503 1118 1568 Juda,
1153 1505 1368 1560 duobus
1400 1513 1524 1560 ante
1556 1514 1924 1562 terminotum
1977 1508 2136 1562 annis
2167 1525 2179 1562 :

612 1611 773 1667 quem
805 1613 934 1652 vero
964 1605 1327 1652 terramiotum
1351 1598 1636 1669 intelligat,
1666 1614 1934 1669 nusquam
1971 1599 2182 1669 perspi-

609 1701 716 1743 cue
764 1688 1065 1758 subjungit.
1117 1687 1220 1744 Sed
1273 1691 1514 1745 arbitror
1561 1689 1810 1744 eumdem
1863 1690 2180 1760 prophetam

609 1779 827 1851 longius
865 1796 1234 1850 progressum,
1271 1782 1415 1836 hunc
1445 1789 1815 1837 terrmmotum
1843 1781 2176 1848 describere,

2296 594 2578 668 ὼσπεροῦν
2604 597 2696 649 καὶ
2723 597 2816 650 ἐπὶ
2856 597 2950 650 τοῦ
2997 596 3194 659 Ὀζίου,
3225 598 3313 650 ὅτε
3334 598 3430 650 καὶ
3457 598 3676 669 ἀοράτῳ
3711 598 3851 651 δυνάι·

2299 705 2390 758 μει
2427 688 2587 752 αὐτὸς
2617 689 2645 741 6
2677 686 3135 758 Κύριος-ἐπιστὰς
3159 686 3235 757 τῷ
3262 687 3631 764 θυσιαστηρίῳ
3667 691 3849 756 αὐτῶν,

2291 779 2391 850 τὴν
2418 778 2662 843 ἐξουσίαν
2695 779 2861 832 ἔδωκε
2891 777 2970 850 τῷ
3001 778 3352 843 πατάσσοντι,
3381 780 3588 851 φήσας·
3624 800 3643 832 ι
3681 781 3849 836 Πάτα-

2293 870 2381 935 ξον
2419 870 2479 924 τὸ
2506 870 2907 943 θυσιαστήριον.
2943 889 2962 922 ι
3015 872 3250 942 Δυνάμει
3296 871 3426 940 γοῦν
3466 872 3623 926 τοῦτο
3653 874 3848 947 ἐδήλου,

2289 953 2461 1023 λέγων
2484 973 2498 986 ·
2533 975 2551 1007 ι
2595 956 2835 1026 ’Δφίεται
2871 959 2998 1028 ὑμῖν
3023 959 3051 1009 ὁ
3072 955 3218 1022 οἶκος
3248 959 3401 1026 ὑμῶν
3441 959 3665 1032 ἕρημος.
3701 981 3721 1015 ι
3758 966 3849 1017 Αὐ-

2285 1045 2413 1098 τίκα
2438 1045 2568 1115 γοῦν
2599 1047 2692 1100 ἐπὶ
2728 1047 2806 1118 τῷ
2837 1048 2999 1102 πάθει
3027 1048 3188 1102 αὑτοῦ
3233 1049 3294 1102 τὸ
3339 1051 3742 1124 καταπέτασμα
3765 1053 3846 1106 τοῦ

2287 1133 2413 1188 ναοῦ
2459 1135 2683 1207 ἐσχίσθη
2730 1135 2836 1189 ἀπὸ
2879 1136 3082 1191 ἀνωθεν
3124 1136 3231 1202 ἕως
3282 1137 3453 1205 κάτω,
3502 1139 3786 1214 ὡσπεροῦν
3824 1146 3848 1199 ὁ

2299 1223 2558 1298 Ἰώσηπος
2590 1228 2792 1299 ἱστορεῖ
2826 1229 3106 1297 γεγονέναι
3149 1228 3289 1284 κατὰ
3337 1232 3466 1297 τοὺς
3513 1233 3690 1297 Ὀζίου
3735 1237 3848 1308 χρό-

2284 1335 2427 1380 νους.
2460 1313 2592 1372 Εἶτα
2618 1319 2880 1390 πρότερον
2909 1319 3008 1390 μὲν
3041 1320 3259 1393 ἐσείσθη
3304 1320 3374 1374 τὰ
3400 1313 3671 1394 πρόπυλα,
3700 1325 3786 1379 ὅτε
3817 1328 3847 1398 ἡ

2283 1409 2356 1480 γῆ
2387 1409 2603 1481 ἐσείσθη
2638 1411 2780 1464 κατὰ
2806 1410 2895 1464 τὸν
2921 1409 3020 1464 τοῦ
3050 1411 3253 1476 πάθους
3285 1413 3448 1466 αὐτοῦ
3478 1404 3666 1485 καιρόν
3691 1433 3704 1446 ·
3738 1415 3846 1486 μετ’

2281 1501 2344 1554 σὺ
2374 1501 2509 1555 πολὺ
2539 1501 2596 1554 δὲ
2649 1502 2742 1556 καὶ
2773 1503 2871 1575 τὴν
2904 1503 3136 1576 ἐσχάτην
3179 1505 3436 1577 ὑπέμεινε
3489 1510 3717 1566 πτῶσιν.
3747 1512 3848 1565 Λα·-

2283 1593 2392 1648 6ὡν
2423 1613 2482 1648 τε
2517 1595 2612 1667 τὴν
2640 1595 2888 1660 ἐξουσίαν
2915 1600 2944 1650 6
2976 1598 3290 1663 πατάσσων,
3315 1599 3561 1669 διέκοψεν
3585 1603 3664 1664 είς
3690 1618 3848 1669 κεφα-

2281 1685 2377 1750 λὰς
2407 1688 2681 1742 ἁπάντων.
2728 1688 2888 1742 Κατὰ
2912 1688 3070 1743 τοῦτο
3120 1689 3184 1762 δὴ
3217 1686 3308 1744 οὖν
3349 1689 3442 1744 τοῦ
3475 1690 3668 1762 καιροῦ
3700 1693 3844 1763 καὶὴ

2280 1779 2465 1844 κοιλὰς
2489 1779 2597 1834 τῶν
2626 1781 2720 1834 τοῦ
2748 1781 2879 1836 Θεοῦ
2915 1782 3086 1853 ὀρέων
3129 1783 3427 1855 ἐνεφράγη,
3454 1783 3734 1854 ὡσπεροῦν
3761 1784 3847 1854 γέ-

607 1873 704 1928 ubi
739 1874 850 1927 ait:
886 1891 903 1922 ι
944 1871 1065 1926 Vidi
1101 1872 1388 1928 Dominum
1435 1882 1667 1930 stantem
1699 1889 1863 1945 super
1894 1875 2084 1939 altare,
2125 1884 2171 1930 et

2279 1889 2434 1941 γονεν
2469 1874 2560 1926 ἐπὶ
2606 1874 2812 1937 Ὀζίουο
2859 1874 2994 1946 πρὸς
3034 1875 3134 1945 μὲν
3181 1875 3341 1946 ῥητὸν
3385 1876 3680 1940 καὶ“λέξιν,
3711 1877 3845 1932 κατὰ

609 1965 747 2019 dixit
778 1964 1054 2020 :‘Percute
1088 1981 1252 2036 super
1282 1967 1470 2031 altare,
1492 1974 1546 2020 et
1567 1967 2054 2021 commovebuntur
2083 1982 2174 2022 ve-

600 2059 836 2122 ‘su'bula,
889 2068 943 2113 et
965 2058 1113 2112 caede
1153 2058 1209 2113 in
1238 2060 1414 2128 capita
1464 2058 1726 2124 omnium,
1767 2066 1821 2112 et
1855 2060 1948 2128 qui
1979 2059 2174 2128 reliqui

598 2148 814 2204 fuerint
842 2166 906 2202 ex
938 2165 1021 2212 ea,
1046 2150 1099 2204 in
1128 2149 1308 2219 gladio
1333 2147 1652 2203 interliciam
1680 2149 1769 2201 ¹·².
1812 2167 1830 2200 ι
1866 2147 2074 2214 Quibus
2107 2149 2173 2201 il-

607 2240 720 2293 lum
754 2240 932 2295 verbis
965 2255 1161 2295 censeo
1207 2255 1402 2294 canere
1451 2246 1838 2303 terramotum,
1881 2254 2174 2307 rerumque

603 2329 846 2386 Iudaicae
869 2332 1047 2401 gentis
1081 2342 1132 2385 et
1159 2331 1364 2401 gloriae,
1425 2344 1638 2385 necnon
1671 2331 1833 2394 ritus,
1861 2331 1953 2400 qui
1975 2331 2042 2384 ab
2065 2330 2173 2385 illis

601 2421 661 2475 in
702 2420 1004 2476 Jerusalem
1042 2421 1442 2483 celebrabatur,
1496 2418 1861 2486 eversionem,
1910 2427 2172 2489 praeterea

599 2515 902 2575 interitum,
936 2512 1028 2583 qui
1063 2513 1185 2568 illos
1213 2520 1334 2582 post
1385 2510 1687 2567 Salvatoris
1733 2511 1906 2567 nostri
1967 2511 2172 2566 adven-

599 2611 715 2657 tum
745 2605 1028 2666 invaserit,
1061 2618 1171 2672 quo
1200 2602 1456 2657 videlicet
1485 2608 1750 2674 tempore,
1785 2602 2170 2658 recusantibus

600 2694 712 2749 illis
735 2694 1012 2749 Christum
1045 2695 1158 2756 Dei,
1194 2695 1354 2764 292
1392 2711 1515 2750 eum
1547 2697 1642 2765 qui
1679 2711 1843 2750 verus
1865 2701 1948 2750 est
1981 2709 2169 2750 sacer-

593 2782 722 2848 dos,
754 2784 904 2855 lepra
939 2784 1135 2840 animis
1182 2785 1396 2839 illorum
1430 2785 1622 2838 oborta
1666 2792 1772 2848 est,
1822 2786 1966 2839 sicut
2005 2784 2169 2838 etiam

588 2871 746 2926 Ozim
773 2873 1131 2942 temporibus,
1161 2872 1379 2942 quando
1410 2873 1459 2925 vi
1506 2872 1739 2941 quadam
1771 2871 2033 2926 invisibili
2063 2870 2169 2925 Do-

595 2964 780 3019 minus
800 2965 969 3019 altare
990 2964 1246 3020 insistens
1272 2965 1510 3028 illorum,
1536 2971 1857 3034 potestatem
1892 2963 2019 3019 fecit
2041 2980 2169 3035 per-

583 3056 847 3122 cutienti,
893 3056 1083 3112 dicens
1121 3074 1134 3110 :
1187 3074 1211 3107 ι
1265 3054 1495 3110 Percute
1539 3055 1729 3110 altare.
1790 3074 1810 3108 ι
1859 3055 2021 3111 Certe
2067 3071 2168 3112 sua

583 3149 771 3221 ipsius
796 3154 1064 3218 potestate
1092 3147 1195 3201 hoc
1221 3145 1401 3217 ipsum
1425 3146 1740 3211 declaravit,
1761 3146 1951 3202 dicens
1977 3164 1990 3200 :
2017 3166 2034 3198 ι
2059 3145 2168 3203 Re-

2278 1965 2375 2035 τὴν
2413 1965 2695 2035 Ῥωμαίων
2740 1965 3074 2040 πολιορκίαν,
3111 1966 3230 2020 καθ’
3272 1968 3336 2037 ἢν
3376 1964 3526 2038 οἶμαι
3574 1959 3844 2039 συμϐῆναί

2256 2073 2397 2111 ,τινα
2423 2057 2645 2110 τοιαῦτα
2670 2074 2682 2087 ο
2717 2059 2853 2130 πρὸς
2875 2058 2932 2112 δὲ
2967 2059 3222 2125 διάνοιαν,
3261 2060 3348 2126 ὅτε
3377 2060 3409 2131 ἡ
3439 2062 3724 2133 σωματικὴ
3753 2056 3842 2115 καὶ

2275 2150 2632 2218 ταπεινοτέρα
2681 2150 2774 2203 τοῦ
2806 2152 3083 2215 Μωῦσέως
3128 2153 3292 2222 νόμου
3327 2152 3548 2224 λατρεία
3591 2154 3841 2207 ἀπεκλείο

2278 2238 2400 2311 σθη,
2435 2242 2515 2304 εἰς
2545 2241 2604 2294 τὸ
2638 2241 2835 2313 μηκέτι
2864 2242 3221 2313 ἐνεργεῖσθαι,
3257 2241 3343 2296 διὰ
3367 2243 3458 2296 τὸν
3499 2243 3722 2314 σεισμὸν
3754 2245 3841 2297 τὸν

2277 2331 2569 2400 ἐπελθόντα
2593 2333 2944 2404 προφητικῶς
2972 2333 3031 2399 ἐξ
3055 2335 3258 2389 ἐκείνου
3283 2335 3362 2407 τῷ
3388 2336 3655 2390 Ἰουδαίων
3677 2337 3843 2398 ἐθνει,

2275 2420 2369 2472 καὶ
2401 2419 2487 2473 διὰ
2523 2419 2589 2473 τὰ
2634 2420 2819 2484 λοιπὰ,
2852 2420 2921 2474 τὰ
2959 2424 3439 2496 ἀναγεγραμμένα.
3478 2424 3634 2479 Μετὰ
3674 2427 3842 2480 ταῦτα

2273 2510 2630 2566 ἐπαναλαϐὼν
2654 2514 2682 2566 6
2723 2512 2878 2581 λόγος
2917 2511 3014 2584 τὴν
3042 2513 3151 2566 τοῦ·
3177 2515 3381 2586 Κυρίου
3419 2518 3719 2588 παρουσίαν
3755 2535 3846 2572 σαι

2273 2604 2534 2673 φέστερον
2571 2603 2955 2676 ἀνακηρύττει,
2995 2603 3198 2674 λέγων’
3234 2625 3254 2658 ι
3286 2608 3392 2660 Kal.
3425 2608 3693 2679 παρέσται
3727 2609 3837 2664 Κύ-

2276 2711 2388 2765 ριος
2416 2695 2447 2746 ὁ
2479 2694 2610 2757 Θεὸς
2659 2712 2780 2765 μου,
2825 2695 2919 2748 καὶ
2961 2695 3158 2760 πάντες
3201 2699 3249 2750 οί
3280 2697 3422 2767 ἅγιοι
3450 2701 3567 2771 μετ’
3599 2701 3789 2757 αὐτοῦ.
3821 2722 3838 2753 ι

2272 2784 2399 2838 Εἴτε
2427 2784 2555 2848 τοὺς
2596 2784 2924 2849 ἀποστόλους
2947 2785 3109 2838 αὐτοῦ
3141 2787 3234 2840 καὶ
3278 2788 3522 2860 μαθητὰς
3560 2791 3843 2864 ὀνομάζων

2269 2875 2458 2944 ἁγίους
2487 2875 2675 2940 αὑτοῦ,
2699 2877 2808 2929 εἴτε
2832 2876 3090 2948 δυνάμεις
3105 2877 3256 2942 τινὰς
3283 2880 3545 2951 ἀοράτους
3568 2884 3661 2937 καὶ
3685 2884 3847 2938 πνεύ-

2272 2985 2415 3039 ματα
2460 2967 2823 3040 λειτουργικὰ,
2880 2969 3007 3040 περὶ
3046 2961 3120 3021 ὧν
3165 2969 3411 3042 εἴρηταιο
3466 2992 3484 3024 ι
3531 2975 3848 3047 Προσῆλθον

2268 3059 2510 3129 ἄγγελοι,
2535 3061 2628 3114 καὶ
2656 3059 2935 3127 διηκόνουν
2965 3059 3128 3132 αὐτῷ.
3165 3081 3184 3114 ι
3215 3058 3348 3116 Εἷτα
3375 3064 3468 3116 ἐπὶ
3495 3064 3594 3134 τῆς
3629 3083 3842 3138 παρου-

2271 3149 2392 3213 σίας
2439 3148 2535 3202 τοῦ
2583 3149 2811 3219 Κυρίου,
2855 3167 2874 3199 ι
2903 3148 3114 3216 Ἔσται,
3157 3150 3339 3220 φησιν,
3379 3149 3577 3221 ἡμέρα,
3605 3152 3702 3204 καὶ
3746 3155 3852 3206 οὐκ

594 3240 863 3312 linquitur
889 3239 1045 3295 vobis
1077 3238 1272 3294 domus
1292 3247 1474 3294 vestra
1504 3239 1722 3294 deserta
1749 3239 1792 3295 ³.
1832 3257 1850 3288 ι
1905 3236 2165 3294 Protinus

2270 3240 2422 3294 ἔσται
2455 3239 2591 3309 φῶς,
2633 3240 2727 3293 καὶ
2776 3238 2947 3309 ψῦχος
2994 3239 3089 3293 καὶ
3135 3239 3307 3308 πάγος
3347 3240 3498 3294 ἔσται
3535 3240 3665 3312 μίαν
3707 3243 3852 3314 ἡμέ-

593 3349 834 3405 namque
872 3334 1002 3388 dum
1034 3333 1124 3387 ille
1154 3338 1451 3402 pateretur,
1485 3330 1666 3385 velum
1695 3328 1884 3399 templi
1929 3330 2163 3385 scissum

593 3435 699 3492 est,
732 3441 763 3480 a
798 3440 1012 3482 summo
1060 3440 1233 3494 usque
1273 3423 1339 3477 ad
1370 3423 1560 3485 imum,
1593 3419 2047 3491 quemadmodum
2077 3420 2162 3476 Jo-

596 3519 799 3590 sephus
833 3524 1020 3572 narrat
1045 3515 1340 3585 contigisse
1395 3513 1538 3568 Ozias
1585 3514 1729 3584 regis
1776 3512 2157 3583 temporibus:

582 3619 710 3667 tum
740 3609 976 3683 primum
1006 3607 1222 3680 quidem
1260 3614 1530 3662 commota
1567 3613 1695 3660 sunt
1723 3605 2013 3672 vestibula,
2037 3620 2161 3660 cum

583 3714 741 3760 terra
789 3713 937 3759 mota
981 3711 1067 3758 est
1119 3699 1393 3772 passionis
1442 3699 1591 3753 illius
1638 3705 1904 3768 tempore.
1957 3697 2163 3752 Deinde

592 3797 738 3851 haud
763 3797 932 3850 multo
959 3800 1102 3865 post,
1127 3799 1430 3848 extremum
1455 3805 1672 3860 quoque
1695 3789 1918 3860 pertulit
1946 3803 2158 3854 casum,

594 3895 924 3957 acceptaque
973 3892 1242 3955 potestate
1293 3883 1610 3952 percutiens
1660 3880 1859 3935 cecidit
1890 3878 1947 3934 in
1980 3879 2160 3949 capita

591 3980 836 4035 omnium
876 3996 888 4032 :
942 3977 1049 4031 hoc
1083 3975 1248 4046 igitur
1282 3983 1525 4044 tempore
1554 3973 1712 4028 vallis
1743 3973 2011 4026 montium
2065 3971 2159 4026 Dei

587 4071 843 4127 obturata
872 4077 976 4133 est,
1003 4066 1460 4137 quemadmodum
1491 4063 1636 4120 Oziae
1669 4065 2011 4134 temporibus
2034 4080 2160 4120 eve-

591 4163 693 4220 nit.
723 4163 879 4230 Quod
939 4162 986 4218 si
1031 4160 1234 4215 dictum
1268 4158 1486 4228 quidem
1542 4173 1606 4212 ac
1640 4157 1804 4212 verba
1853 4158 2154 4228 sequimur,

592 4255 793 4310 factum
828 4268 960 4308 sane
989 4252 1043 4306 id
1077 4251 1238 4306 fuerit
1272 4251 1328 4304 in
1377 4251 1494 4320 ipsa
1539 4248 1823 4303 obsidione
1883 4248 2159 4304 Romano-

592 4363 733 4413 rum,
765 4344 1062 4400 secundum
1095 4356 1256 4412 quam
1290 4349 1420 4410 puto
1453 4339 1700 4410 quaedam
1758 4338 1887 4392 talia
1932 4339 2160 4393 accidis-

587 4441 685 4502 se;
714 4438 760 4492 si
793 4452 922 4490 vero
944 4435 1292 4495 sententiam,
1327 4448 1435 4502 quo
1467 4439 1707 4498 tempore
1732 4429 2034 4501 corporalis
2066 4431 2158 4484 illa

587 4541 644 4587 et
678 4531 899 4584 humum
928 4536 1180 4596 spectans
1215 4523 1464 4578 Mosaicae
1498 4523 1634 4592 legis
1658 4522 1903 4575 adoratio
1932 4522 2154 4576 exclusa
2185 4561 2230 4617 Β

586 4633 696 4687 est,
751 4630 810 4675 ut
857 4636 967 4675 non
1001 4619 1234 4689 amplius
1265 4616 1590 4678 celebretur,
1623 4621 1846 4684 propter
1875 4622 2154 4669 terraemo—

586 4721 705 4772 tum
755 4729 818 4768 ex
873 4713 964 4766 illo
1008 4709 1324 4780 prophetice
1374 4707 1715 4778 praedictum,
1747 4705 1841 4774 qui
1868 4703 2154 4759 Iudaicam

588 4816 802 4880 gentem
831 4803 1046 4868 invasit,
1103 4816 1166 4855 ac
1209 4807 1430 4870 propter
1459 4805 1655 4852 caatera
1682 4811 1806 4867 quae
1831 4796 2008 4867 palam
2041 4810 2158 4850 me-

589 4898 776 4952 moria:
804 4895 1015 4966 prodita
1038 4900 1186 4948 sunt.
1218 4890 1348 4945 Post
1373 4890 1487 4944 haec
1516 4888 1584 4942 ad
1614 4888 1830 4942 Domini
1861 4887 2154 4940 adventum

587 4997 866 5044 revertens
895 4986 1200 5048 oraculum,
1245 4985 1300 5036 in
1354 4982 1532 5053 ipsum
1585 4981 1801 5051 planius
1847 4979 2151 5042 denuntiat,

587 5081 778 5136 dicens
811 5099 824 5133 :
857 5097 876 5130 ι
912 5079 978 5132 Et
999 5078 1251 5132 adveniet
1281 5074 1540 5128 Dominus
1574 5073 1716 5128 Deus
1741 5089 1914 5135 meus,
1952 5079 2006 5127 et
2035 5087 2154 5127 om-

589 5188 687 5226 nes
715 5172 888 5226 sancti
922 5185 1044 5224 cum
1068 5186 1155 5232 eo,
1193 5187 1210 5218 ι
1245 5166 1336 5221 ubi
1370 5166 1500 5220 dum
1527 5173 1750 5220 sanctos
1769 5166 2034 5229 nominat,
2067 5164 2155 5218 vel

590 5263 864 5333 apostolos
891 5262 1012 5331 ejus
1037 5260 1286 5330 intelligit
1315 5274 1380 5312 ac
1402 5257 1722 5328 discipulos,
1750 5259 1832 5313 vel
1855 5263 2174 5328 potestates‘

589 5353 852 5425 quasdam
882 5353 1183 5409 invisibiles
1205 5362 1258 5406 et
1281 5351 1508 5421 spiritus
1530 5348 1902 5410 administros,
1935 5349 2002 5403 de
2025 5348 2149 5418 qui-

589 5447 694 5501 bus
720 5445 924 5500 dictum
956 5455 1039 5501 est
1073 5465 1086 5500 :
1126 5464 1146 5497 ι
1189 5443 1255 5498 Et
1299 5449 1648 5498 accesserunt
1681 5441 1857 5511 angeli
1897 5455 1961 5494 ac
1988 5439 2154 5494 mini-

590 5539 838 5594 strabant
859 5539 930 5593 ei.
958 5537 980 5569 δ
1023 5557 1043 5589 ι
1078 5536 1282 5592 Deinde
1330 5554 1344 5588 :
1383 5553 1401 5585 ι
1440 5533 1498 5588 ln
1531 5534 1764 5588 adventu
1792 5531 2028 5594 Domini,
2067 5531 2150 5584 in-

582 5631 727 5703 quit,
749 5632 855 5686 erit
871 5631 990 5688 dies
1022 5639 1076 5686 et
1106 5645 1217 5685 non
1243 5629 1346 5684 erit
1377 5629 1487 5691 lux,
1519 5626 1614 5682 sed
1656 5625 1827 5697 frigus
1864 5633 1918 5679 et
1947 5625 2149 5694 glacies

2269 3349 2385 3404 ραν.
2425 3353 2444 3384 ι
2485 3331 2623 3387 Ἀνθ’
2647 3324 2712 3386 οῦ
2742 3332 2771 3384 6
2797 3332 3092 3403 Σύμμαχος
3116 3334 3451 3404 ἡρμήνευσε,
3485 3349 3504 3384 ι
3542 3333 3653 3386 Καὶ
3688 3335 3753 3387 ἐν
3782 3337 3851 3405 τῇ

2264 3423 2446 3496 ἡμέρᾳ
2470 3422 2654 3498 ἐκείνῃ
2693 3423 2793 3476 οὐκ
2822 3423 2974 3476 ἔσται
3011 3422 3146 3493 φῶς,
3181 3421 3316 3476 ἀλλὰ
3344 3421 3514 3493 ψῦχος
3539 3424 3634 3477 καὶ
3663 3424 3853 3492 πάγος

2264 3513 2414 3566 ἔσται
2446 3515 2578 3584 μίαν
2611 3513 2841 3586 ἡμέραν,
2886 3514 3007 3584 ἥτις
3052 3513 3314 3582 ἔγνωσται
3357 3512 3434 3584 τῷ
3481 3513 3694 3586 Κυρίῳ,
3750 3516 3858 3587 οὐχ

2264 3602 2448 3674 ἡμέρα
2483 3603 2601 3656 οὐδὲ
2632 3603 2747 3670 νὺξ,
2770 3604 2884 3657 ἀλλ’
2917 3603 3067 3657 ἔσται
3105 3603 3166 3655 τὸ
3199 3603 3335 3674 πρὸς
3361 3603 3596 3675 ἑσπέραν
3634 3604 3786 3674 φῶς.
3830 3624 3850 3657 ι

2262 3693 2376 3747 Καὶ
2396 3694 2497 3765 ὅρα
2519 3697 2569 3748 εί
2605 3695 2680 3766 μὴ
2707 3695 2796 3749 διὰ
2823 3695 3026 3750 τούτων
3045 3697 3344 3751 λευκότατα
3368 3697 3468 3768 τὴν
3498 3697 3723 3772 ἡμέραν
3752 3699 3858 3754 τοῦ

2264 3785 2468 3851 πάθους
2513 3786 2606 3842 τοῦ
2653 3789 2902 3861 Σωτῆρος
2945 3790 3099 3860 ἡμῶν
3145 3790 3314 3862 δηλοῖ,
3362 3792 3419 3845 ἐν
3546 3791 3744 3867 ἡμέρᾳ
3796 3791 3860 3847 τό

2267 3881 2384 3952 μὲν,
2417 3900 2434 3932 ι
2455 3881 2567 3934 Οὐκ
2591 3880 2739 3934 ἔσται
2772 3883 2907 3951 φῶς,
2937 3902 2954 3934 ι
2990 3883 3308 3956 ἐπληροῦτο,
3340 3884 3505 3954 ἡνίκα
3529 3887 3639 3940 ἀπὸ
3674 3888 3862 3958 ἕκτης

2263 3969 2412 4043 ὥρας
2444 3973 2631 4036 σκότος
2678 3974 2892 4042 ἐγένετο
2939 3975 3030 4027 ἐπὶ
3071 3977 3248 4029 πᾶσαν
3277 3974 3376 4046 τὴν
3391 3975 3512 4046 ’γῆν
3551 3977 3656 4039 ἕως
3692 3977 3862 4049 ὧρας

2262 4063 2489 4134 ἐννάτης
2508 4082 2520 4093 ·
2548 4064 2607 4116 τὸ
2635 4063 2714 4130 δὲ,
2747 4083 2766 4115 ι
2803 4064 2963 4120 Ἀλλὰ
2978 4063 3146 4136 ψῦχος
3167 4065 3262 4119 καὶ
3289 4064 3484 4133 πάγος,
3505 4081 3524 4116 ι
3549 4065 3667 4130 ὅτε,
3703 4064 3868 4119 κατὰ

2259 4155 2352 4209 τὸν
2393 4157 2627 4222 Λουκᾶν,
2669 4156 3072 4228 παραλαϐόντες
3119 4156 3210 4210 τὸν
3255 4155 3457 4228 Ἰησοῦν
3501 4157 3725 4228 ἡγαγον
3775 4159 3866 4221 είς

2259 4248 2360 4319 τὴν
2394 4248 2570 4301 οίκίαν
2612 4247 2705 4301 τοῦ
2755 4247 3089 4321 ἀρχιερέως·
3125 4249 3152 4300 6
3192 4247 3247 4301 δέ
3296 4247 3502 4321 Πέτρος
3547 4249 3870 4318 ἠκολούθει

2264 4339 2534 4411 μακρόθεν
2564 4355 2579 4370 ο
2628 4339 3008 4410 περιαψάντων
3035 4339 3092 4392 δὲ
3134 4338 3244 4412 πῦρ
3283 4338 3343 4393 ἐν
3397 4339 3549 4410 μέσῳ
3591 4339 3704 4411 τῆς
3757 4341 3872 4396 αὐ-

2259 4431 2378 4500 λῆς,
2426 4430 2679 4502 ἐκάθητο,
2717 4429 2858 4484 κατὰ
2899 4431 2990 4484 τὸν
3019 4431 3264 4502 Μάρκον,
3304 4429 3439 4501 μετὰ
3471 4428 3583 4484 τῶν
3630 4429 3874 4484 λοιπῶν

2261 4520 2704 4593 θερμαινόμενος.
2752 4523 2810 4575 Ὀ
2836 4522 2891 4574 δέ
2926 4522 3177 4593 Ἰωάννης
3204 4521 3460 4593 ἄντικρυς
3484 4520 3578 4574 καὶ
3597 4519 3711 4573 τοῦ
3755 4521 3878 4592 ψύ-

2263 4635 2390 4689 χους
2419 4615 2839 4687 ἐμνημόνευσεν,
2881 4616 3047 4671 εἰπών
3069 4633 3082 4646 ·
3130 4635 3148 4665 ι
3184 4615 3543 4687 Εἰστὴκεισαν
3569 4615 3618 4668 οἱ
3662 4614 3880 4669 δοῦλοι

2262 4709 2356 4763 καὶ
2383 4711 2432 4762 οἱ
2453 4707 2718 4782 ὑπηρέται
2743 4709 3036 4778 ἀνθρακιὰν
3060 4706 3528 4777 πεποιηκότες,ὅτι
3548 4703 3748 4778 ψῦχος
3773 4703 3879 4778 ἦν,

2263 4801 2357 4853 καὶ
2403 4799 2801 4872 ἐθερμαίνοντο.
2827 4799 3209 4870 ι-«Γνωστὴ
3245 4797 3321 4862 δὲ,
3360 4797 3544 4868 φησὶν,
3581 4793 3660 4867 ἦν
3707 4798 3886 4870 αὕτη

2262 4892 2489 4965 ἡὴμέρα
2503 4891 2581 4962 τῷ
2595 4892 2802 4964 Κυρίῳ,
2823 4891 2914 4945 καὶ
2927 4891 3024 4944 οὐκ
3038 4887 3104 4961 ἦν
3123 4890 3321 4961 ἡμέρα,
3346 4889 3438 4941 καὶ
3461 4887 3560 4941 οὐκ
3580 4885 3660 4959 ἦν
3690 4889 3839 4954 νύξ·
3861 4912 3882 4941 ι

2261 4985 2358 5054 οὐχ
2379 4983 2560 5055 ἡμέρα
2589 4983 2704 5052 μὲν,
2729 4982 2815 5035 διὰ
2835 4982 2893 5034 τὸ
2911 4980 3250 5052 προκεῖσθαι,
3290 4998 3308 5030 ι
3332 4981 3444 5033 Οὐκ
3459 4977 3609 5031 ἔσται
3653 4981 3804 5049 φῶς
3821 5000 3838 5012 ·
3860 5003 3881 5033 ι

2256 5077 2285 5128 ὃ
2310 5077 2403 5128 καὶ
2427 5074 2744 5146 ἐπληροῦτο,
2776 5074 2862 5126 ὅτε
2897 5072 3002 5127 ἀπὸ
3031 5073 3194 5143 ἕκτης
3219 5073 3365 5146 ὧρας
3393 5071 3580 5133 σκότος
3611 5071 3894 5140 ἐγένετο

2257 5168 2350 5220 ἐπὶ
2365 5168 2542 5221 πᾶσαν
2561 5167 2657 5238 τὴν
2684 5168 2784 5237 γῆν
2807 5165 2909 5229 ἕως
2931 5165 3078 5236 ὧρας
3108 5165 3333 5235 ἐννάτης
3352 5179 3366 5194 ·
3389 5181 3408 5215 ι
3439 5161 3571 5215 Οὐδὲ
3586 5163 3714 5228 νὺξ
3733 5165 3832 5229 δὲ,
3863 5187 3887 5218 ι

2255 5258 2342 5312 διὰ
2384 5259 2446 5311 τὸ
2490 5257 2867 5325 ἐπιλέγεσθαι,
2924 5255 3115 5327 (Πρὸς
3157 5253 3393 5321 ἑσπέραν
3437 5253 3588 5308 ἔσται
3639 5257 3822 5325 φῶς.
3871 5279 3893 5306 ι

2262 5352 2326 5403 Ὃ
2353 5352 2448 5404 καὶ
2479 5351 2606 5404 αὐτὸ
2638 5349 2821 5413 τέλους
2851 5348 3162 5418 ἐτύγχανεν.
3194 5349 3282 5401 ὅτε
3309 5347 3445 5418 μετὰ
3471 5346 3568 5416 τὴν
3594 5347 3898 5420 ὲννὰτην

2224 5504 2226 5506 τ
2255 5438 2404 5511 ὥραν
2443 5436 2597 5502 αὖθις
2625 5439 2687 5491 τὸ
2723 5438 2948 5509 σύνηθες
2981 5439 3096 5507 φῶς
3126 5437 3506 5508 ἀπελάμϐανεν
3539 5437 3572 5506 ἡ
3611 5439 3901 5512 ἡμέραο

2255 5531 2349 5584 καὶ
2375 5529 2515 5584 κατὰ
2547 5529 2780 5582 διάνοιαν
2807 5527 2862 5581 δὲ
2895 5527 3068 5581 ταῦτα
3099 5527 3416 5600 ἐπληροῦτο.
3447 5525 3741 5581 Καθόλου
3784 5531 3908 5600 μὲν

2255 5624 2346 5676 ἐπὶ
2380 5623 2439 5675 τὸ
2478 5619 2741 5675 Ἰουδαίων
2772 5618 2940 5685 ἐθνος,
2972 5620 3110 5691 μετὰ
3138 5619 3236 5692 τὴν
3259 5618 3400 5674 κατὰ
3441 5616 3534 5671 τοῦ
3556 5617 3915 5690 Χριστοῦ,

657 5790 914 5843 “Amos
942 5802 1017 5854 ix,
1047 5785 1099 5841 l.
1171 5786 1190 5816 ³
1223 5781 1410 5840 Matth.
1447 5797 1603 5849 xxiii,
1636 5781 1724 5837 58.
1801 5780 1821 5811 ⁵
1844 5777 2032 5834 Matth.
2063 5792 2137 5844 iv,
2168 5775 2256 5832 ll.
