4080 6416
283 374 387 427 865

1189 340 1844 437 DEMONSTRATIONIS
1885 380 2345 438 EVANGELICE
2377 379 2506 437 LIB.
2552 379 2637 436 vr.

3417 382 3530 442 I66

283 493 510 561 τόλμαν,
537 492 765 558 σκότους
789 493 882 549 καὶ⁵
910 495 1082 567 πάγου
1116 497 1212 552 καὶ
1235 497 1438 568 ψύχους
1471 501 1859 570 γεγενημένου,

1964 502 2066 556 erit
2093 515 2201 554 uno
2242 500 2349 555 die.
2400 519 2419 551 ι
2455 499 2560 554 Pro
2589 513 2699 569 quo
2751 498 3109 572 Symmachus
3137 502 3524 574 interpretatus

285 581 662 654 σκοτισθείσης
696 584 872 638 αὐτῶν
902 585 1001 656 τῆς
1040 587 1272 650 διανοίας
1302 589 1382 650 εἰς
1420 588 1480 640 τὸ
1515 587 1589 660 μὴ
1622 588 1858 657 αὐγάσαι

282 675 385 731 τὸν
402 677 686 747 φωτισμὸν
707 678 797 731 τοῦ
815 679 1141 749 Εὐαγγελίου
1161 684 1216 735 ἐν
1239 686 1358 746 ταῖς
1382 683 1632 754 καρδίαις
1658 684 1857 748 αὐτῶν,

283 766 550 840 ψυγείσης
584 786 646 822 τε
677 770 779 840 τῆς
802 770 936 842 πρὸς
967 773 1059 825 τὸν
1083 774 1215 828 Θεὸν
1240 775 1476 845 ἀγάπης.
1503 775 1778 846 Ἐμπαλιν
1804 775 1861 828 δὲ

288 861 426 932 πρὸς
457 862 524 930 τῇ
557 861 766 933 ἑσπέρα
811 863 872 915 τὸ
917 863 1032 933 φῶς
1069 866 1169 934 τῆς
1209 865 1459 934 γνώσεως
1507 867 1599 919 τοῦ
1624 866 1859 938 Χριστοῦ

287 948 672 1014 ἀνατέταλκεν,
719 953 796 1012 ὡς
841 953 967 1017 τοὺς
1010 955 1175 1009 πάλαι
1224 955 1562 1028 καθημένους
1598 958 1655 1010 ἐν
1684 957 1862 1010 σκότει

288 1041 383 1095 καὶ
425 1044 553 1112 σκιᾷ
604 1042 831 1096 θανάτου
869 1045 930 1098 τὸ
972 1045 1112 1115 μέγα
1142 1045 1256 1116 φῶς
1292 1047 1439 1110 ἰδεῖν,
1474 1046 1614 1100 κατὰ
1646 1047 1743 1111 τὰς
1769 1045 1859 1101 τοῦ

300 1133 525 1186 Ἡσαΐου
560 1135 740 1203 φωνάς
765 1151 781 1166 ο
805 1153 830 1186 -ι
853 1137 941 1190 Ἐν
968 1138 1106 1210 αὐτῇ
1129 1138 1191 1209 δὴ
1215 1134 1308 1192 οῦν
1337 1141 1403 1210 τῇ
1428 1139 1648 1211 τοιαύτῃ
1681 1140 1863 1211 ἡμέρα

284 1221 376 1276 τοῦ
407 1222 638 1296 Κυρίου,
662 1224 998 1290 ἐξελεύσεται
1018 1270 1032 1293 ,
1057 1249 1074 1281 ι
1101 1229 1287 1299 φησὶν,
1321 1249 1338 1282 ι
1371 1230 1514 1302 ὕδωρ
1540 1230 1645 1296 ζῶν
1677 1230 1738 1295 ἐξ
1770 1233 1864 1284 ἰε-

286 1315 522 1386 ρουσαλὴ
531 1335 591 1386 μ.
617 1316 810 1370 »Τοῦτο
834 1318 889 1371 δὲ
915 1316 983 1390 ἦν
1006 1320 1066 1373 τὸ
1092 1321 1304 1389 λογικὸν
1319 1322 1412 1374 καὶ
1429 1321 1676 1393 πότιμον,
1703 1321 1862 1385 ζωτι-

284 1405 377 1461 κόν
411 1423 472 1458 τε
509 1407 604 1460 καὶ
651 1410 914 1482 σωτήριον
967 1412 1066 1482 τῆς
1112 1412 1205 1466 τοῦ
1245 1413 1479 1485 Χριστοῦ
1518 1413 1863 1480 διδασκαλίας

285 1498 469 1562 ποτὸν,
497 1499 624 1570 περὶ
647 1491 706 1552 οῦ
735 1502 826 1554 καὶ
857 1501 1018 1566 αὐτὸς
1050 1504 1108 1556 ἐν
1135 1503 1212 1574 τῷ
1244 1504 1383 1558 κατὰ
1411 1504 1863 1576 ἸωάννηνοΕύαγο

287 1589 456 1659 γελίῳ
496 1590 597 1660 τὴν
631 1589 960 1662 Σαμαρεῖτιν
1001 1594 1269 1648 παιδεύων
1307 1595 1520 1665 ἔλεγεν·
1570 1615 1587 1647 ι
1622 1597 1684 1649 El
1717 1596 1863 1667 ᾔδεις

285 1683 367 1746 τίς
395 1685 545 1736 ἐστιν
577 1683 606 1734 ὀ
638 1682 811 1751 λέγων
842 1701 951 1736 σοι·
1020 1684 1119 1748 Δός
1150 1703 1240 1756 μοι
1269 1688 1430 1749 πιεῖν,
1464 1688 1526 1741 σὺ
1558 1687 1622 1740 ἂν
1655 1688 1864 1759 ᾔτησας

287 1772 473 1837 αὐτὸν,
499 1774 591 1827 καὶ
619 1774 816 1828 ἔδωκεν
849 1777 913 1830 ἄν
947 1793 1028 1829 σοι
1058 1775 1202 1850 ὕδωρ
1233 1777 1393 1842 ζῶν.»
1428 1780 1569 1833 Αὐτὸ
1593 1776 1684 1834 οῦν
1708 1779 1864 1834 τοῦτο

287 1864 349 1917 τὸ
382 1866 648 1936 σωτήριον
682 1867 840 1919 ποτὸν
875 1866 934 1932 ἐξ
962 1869 1128 1940 αὐτῆς
1153 1869 1250 1939 τῆς
1279 1870 1632 1943 Ἰερουσαλὴμ
1663 1871 1864 1944 προῆλ-
1895 1851 1938 1908 Β

287 1957 413 2011 θενο
452 1958 661 2012 ἐνθένδε
688 1959 818 2029 γοῦν
843 1958 1066 2034 ὥρμητο
1102 1959 1265 2014 αὑτοῦ
1296 1961 1646 2030 Εύαγγέλιον,
1685 1963 1781 2016 κα)⁸
1811 1964 1860 2016 οἱ

282 2045 478 2100 τούτου
510 2048 750 2118 κήρυκες
779 2050 954 2102 πᾶσαν
983 2047 1333 2121 κατέπλησαν
1372 2050 1469 2123 τὴν
1508 2051 1858 2124 οἰκουμένην·

284 2139 315 2192 δ
341 2140 438 2194 καὶ
467 2139 717 2210 δηλοῦται
748 2140 835 2194 διὰ
857 2141 948 2194 τοῦ
973 2141 1255 2210 λέγεσθαι·
1289 2161 1308 2193 ι
1333 2144 1428 2208 Εἰς
1457 2144 1555 2215 τὴν
1588 2143 1863 2198 θάλασσαν

280 2229 383 2300 τὴν
422 2229 669 2302 πρώτην,
701 2231 794 2285 καὶ
825 2234 903 2296 είς
926 2234 1023 2305 τὴν
1045 2233 1316 2290 θάλασσαν
1360 2235 1456 2307 τὴν
1482 2236 1716 2308 ἐσχάτην
1742 2257 1761 2290 ι
1803 2239 1864 2291 τὸ

287 2319 401 2383 ζῶν
463 2320 608 2392 ὓδωρ
649 2321 1042 2388 ἐξελεύσεσθαι.
1099 2327 1176 2377 Δι’
1210 2318 1284 2378 ὧν
1320 2325 1388 2379 τὰ
1427 2327 1528 2397 τῆς
1569 2327 1866 2398 συμπάσης

279 2412 392 2482 γῆς
444 2413 658 2485 πέρατα
707 2413 982 2485 δηλοῦται,
1035 2417 1106 2470 τά
1152 2435 1213 2470 τε
1260 2418 1396 2489 πρὸς
1443 2419 1522 2489 τῷ
1564 2419 1866 2492 ἁνατολικῷ

293 2502 540 2574 Ὠκεανῷ
569 2503 759 2574 πρώτη
811 2504 1047 2560 θάλαττα
1078 2506 1469 2578 ὀνομαζόμενα,
1503 2509 1598 2561 καὶ
1628 2510 1696 2563 τὰ
1726 2507 1866 2564 κατὰ

279 2594 482 2648 δύοντα
520 2595 670 2664 ἥλιον
709 2595 796 2649 διὰ
829 2597 928 2666 τῆς
956 2596 1224 2670 θαλάττης
1254 2599 1356 2668 τῆς
1399 2600 1633 2670 ἐσχάτης
1667 2619 1864 2673 σημαι-

279 2684 508 2755 νόμενα,
546 2684 582 2737 ἃ
604 2685 696 2738 καὶ
727 2685 1053 2757 πεπλήρωκε
1082 2687 1141 2740 τὸ
1163 2687 1269 2750 ζῶν
1301 2687 1444 2759 ὕδωρ
1476 2690 1573 2759 τῆς
1600 2691 1864 2763 σωτηρίου

281 2775 383 2826 καὶ
411 2774 772 2845 εύαγγελικῆς
820 2776 1186 2840 διδασκαλίας,
1223 2780 1351 2850 περὶ
1396 2772 1457 2833 οῦ
1501 2780 1663 2833 πάλιν
1703 2784 1865 2836 ἐπαί-

280 2865 428 2930 δευε,
459 2865 662 2935 λέγων·
704 2887 721 2918 ι
741 2870 835 2931 Ὃς
864 2868 929 2922 ἂν
968 2868 1064 2942 πίῃ
1107 2869 1199 2922 τοῦ
1238 2870 1447 2935 ὓδατος,
1479 2864 1539 2925 οὗ
1573 2873 1681 2941 ἐγὼ
1711 2873 1865 2928 δώσω

280 2957 460 3027 αὐτῷ,
512 2960 572 3011 οὐ
612 2958 687 3030 μὴ
732 2959 946 3030 διψήσει
971 2962 1050 3023 εἰς
1095 2961 1184 3014 τὸν
1226 2960 1418 3016 αἰῶνα.
1455 2983 1472 3014 ν
1531 2965 1639 3017 Καὶ⁹
1682 2966 1859 3019 πάλιν·

286 3062 306 3092 ι
337 3044 598 3113 Ποταμοὶ,
642 3049 824 3117 φησιν,
867 3050 930 3099 ἐκ
986 3049 1084 3119 τῆς
1143 3049 1350 3113 κοιλίας
1390 3051 1554 3106 αὐτοῦ
1587 3052 1864 3124 ῥεύσουσιν

280 3133 483 3198 ὓδατος
533 3136 762 3200 ζῶντος,
826 3139 1119 3209 ἁλλομένου
1199 3143 1278 3203 εἰς
1329 3141 1473 3214 ζωὴν
1535 3143 1750 3198 αἰώνιον
1781 3186 1793 3199 .
1839 3167 1856 3197 ι

1965 598 2048 645 est
2085 609 2098 645 :
2142 608 2161 640 ι
2201 589 2266 644 Ει
2301 590 2356 644 in
2385 590 2472 645 die
2493 590 2583 644 illa
2609 605 2715 644 non
2740 592 2844 646 erit
2865 592 2977 656 lux,
3010 592 3105 648 sed
3129 592 3300 664 frigus
3328 601 3381 649 et
3411 595 3524 664 gla-

1961 683 2073 738 cies
2103 683 2206 738 erit
2236 697 2344 736 uno
2364 681 2470 746 die,
2503 681 2596 753 qui
2616 683 2866 753 cognitus
2892 691 2976 739 est
3000 683 3250 750 Domino,
3276 701 3383 740 non
3405 687 3524 741 dies

1961 788 2138 844 neque
2173 787 2302 839 nox,
2337 772 2429 828 sed
2458 772 2562 827 erit
2596 772 2663 826 ad
2693 789 2976 842 vesperam
3006 774 3117 828 lux.
3148 793 3168 828 ι
3197 774 3262 828 Et
3299 791 3430 830 sane
3451 777 3526 829 vi-

1961 865 2057 920 des
2086 865 2540 934 quemadmodum
2571 864 2626 918 in
2677 864 2762 918 bis
2791 865 2973 920 verbis
3004 865 3323 935 planissime
3354 866 3522 928 diem,

1961 972 2070 1026 quo
2102 955 2350 1011 Salvator
2374 963 2561 1011 noster
2585 957 2852 1026 supplicio
2892 964 2975 1013 est
3016 957 3262 1024 allectus,
3325 957 3528 1028 signiti-

1961 1056 2067 1111 cet,
2103 1047 2156 1100 in
2183 1062 2292 1117 quo
2312 1046 2400 1101 die
2431 1046 2562 1101 illud
2586 1046 2823 1116 quidem,
2852 1066 2870 1098 ι
2899 1045 3016 1100 Νοη
3041 1047 3143 1102 erit
3174 1047 3285 1111 lux,
3325 1067 3342 1098 ι
3374 1062 3528 1102 com-

1964 1139 2168 1208 pletum
2223 1147 2326 1202 est,
2373 1139 2590 1208 quando
2639 1155 2668 1193 a
2721 1145 2873 1193 sexta
2917 1139 3051 1192 hora
3100 1138 3338 1193 tenebrae
3371 1138 3525 1193 factm

1963 1237 2090 1283 sunt
2112 1229 2166 1282 in
2193 1229 2501 1283 universam
2529 1234 2750 1293 terram,
2784 1241 2955 1298 usque
2986 1227 3052 1281 ad
3083 1227 3270 1281 horam
3301 1243 3533 1288 nonam..

1963 1315 2100 1371 Illud
2131 1325 2352 1373 autem:
2391 1333 2409 1367 ι
2452 1314 2557 1371 Sed
2605 1316 2778 1386 frigus
2821 1323 2873 1369 et
2916 1315 3138 1386 glacies,
3191 1336 3208 1369 ι
3248 1332 3355 1387 quo
3385 1325 3527 1371 tem-

1963 1423 2115 1478 pore,
2158 1417 2216 1462 ut
2251 1408 2427 1462 Lucas
2457 1406 2646 1463 scribit
2670 1407 2732 1472 ν,
2767 1406 3281 1475 comprehendentes
3314 1406 3536 1472 Jesum,

1964 1499 2240 1553 duxerunt
2270 1498 2335 1552 ad
2369 1498 2587 1553 domum
2623 1498 2884 1568 principis
2929 1497 3296 1552 sacerdotum.
3330 1497 3525 1556 Petrus

1964 1598 2146 1644 autem
2169 1590 2494 1660 sequebatur
2515 1605 2636 1645 eum
2664 1605 2693 1643 a
2718 1590 2876 1659 longe
2905 1609 2916 1643 :
2944 1605 3176 1646 accenso
3196 1597 3375 1646 autem
3405 1593 3528 1660 igne

1965 1681 2018 1734 in
2044 1681 2218 1735 medio
2233 1683 2378 1744 atrii,
2401 1681 2641 1746 sedebat,
2666 1691 2725 1735 ut
2746 1683 2820 1736 ait
2844 1682 3104 1748 Marcus”,
3129 1698 3252 1737 cum
3276 1683 3533 1754 reliquis,

1969 1771 2130 1846 293
2163 1772 2488 1828 calefaciens
2524 1789 2603 1830 se.
2633 1771 2871 1829 Joannes
2894 1789 3022 1828 vero
3051 1775 3210 1844 plane
3239 1775 3400 1829 etiam
3431 1775 3530 1830 fri-

1967 1880 2067 1934 gus
2097 1864 2556 1930 commemoravit,
2591 1865 2682 1919 ubi
2716 1866 2826 1919 ait:
2861 1883 2879 1915 ‹
2921 1862 3148 1919 Stabant
3175 1865 3319 1919 servi
3351 1875 3404 1919 et
3425 1865 3529 1920 mi-

1969 1955 2128 2010 nistri
2160 1955 2226 2009 ad
2257 1971 2481 2026 prunas,
2517 1957 2642 2025 quia
2684 1955 2851 2027 frigus
2884 1965 3029 2019 erat,
3057 1963 3110 2011 et
3141 1955 3530 2012 calefaciebant

1965 2062 2025 2102 se
2053 2046 2093 2102 ⁸.
2135 2065 2152 2098 ι
2186 2077 2254 2087 -
2284 2047 2586 2119 «ϐοεηὶιυε
2639 2055 2839 2112 autem,
2882 2047 3077 2117 inquit,
3115 2054 3199 2102 est
3271 2048 3359 2102 hic
3411 2047 3530 2104 dies

1963 2136 2214 2201 Domino,
2247 2147 2300 2195 et
2327 2155 2436 2194 non
2473 2140 2578 2194 erit
2608 2140 2747 2202 dies,
2781 2155 2957 2210 neque
2987 2139 3089 2195 erit
3114 2154 3245 2204 nox,
3276 2155 3384 2195 non
3405 2141 3527 2210 qui-

1965 2228 2084 2284 dem
2133 2230 2249 2285 dies
2294 2249 2307 2284 :
2357 2249 2377 2282 ι
2433 2237 2716 2300 prepterea
2778 2228 2924 2299 quod
2979 2228 3184 2283 dictum
3239 2236 3321 2282 est
3379 2221 3526 2290 ante,

1970 2343 1989 2376 ι
2020 2323 2139 2379 Non
2174 2325 2277 2379 erit
2319 2323 2430 2385 lux,
2475 2341 2492 2372 ι
2521 2321 2666 2391 quod
2696 2335 2826 2374 sane
2852 2319 3014 2373 etiam
3064 2317 3382 2387 completum
3423 2327 3527 2382 est,

1965 2414 2183 2485 quando
2209 2429 2238 2466 a
2274 2419 2424 2467 sexta
2455 2412 2590 2464 hora
2622 2410 2856 2464 tenebrae
2879 2409 3034 2462 facta:
3063 2415 3189 2462 sunt
3211 2422 3373 2477 super
3402 2407 3529 2459 uni—

1965 2520 2176 2560 versam
2210 2512 2434 2568 terram,
2481 2516 2652 2570 usque
2692 2501 2757 2554 ad
2802 2500 2992 2554 horam
3025 2513 3225 2553 nonam
3259 2517 3270 2550 :
3301 2516 3324 2548 ι
3346 2495 3530 2566 Neque

1965 2599 2096 2652 item
2155 2611 2304 2650 nox:
2359 2614 2376 2644 ι
2433 2601 2716 2664 propterea
2755 2592 2899 2663 quod
2955 2591 3198 2645 additum
3251 2599 3355 2656 est,
3394 2609 3410 2640 ι
3446 2590 3526 2643 Ad

1964 2704 2249 2760 veSperam
2283 2690 2388 2742 erit
2411 2688 2522 2750 lux,
2574 2706 2593 2738 ›
2632 2685 2776 2756 quod
2805 2687 2967 2738 etiam
2997 2683 3174 2754 ipsum
3208 2684 3413 2737 exitum
3447 2683 3532 2736 in-

1964 2782 2134 2846 venit,
2158 2779 2376 2851 quando
2415 2786 2539 2848 post
2572 2792 2771 2832 nonam
2824 2777 3033 2840 horam,
3063 2791 3254 2836 rursus
3295 2788 3529 2828 consue-

1966 2877 2080 2922 tum
2114 2869 2297 2922 lumen
2327 2867 2531 2937 recepit
2565 2866 2701 2921 dies.
2745 2863 3010 2919 Praeterea
3047 2864 3366 2920 sententiam
3395 2862 3532 2933 quo-

1965 2974 2071 3030 quc
2139 2959 2184 3013 si
2258 2958 2569 3028 sequimur,
2630 2957 2744 3012 ιιίεο
2812 2957 3078 3027 completa
3121 2963 3281 3012 erunt
3322 2956 3374 3009 in
3405 2957 3529 3010 uni-

1964 3067 2124 3107 verso
2144 3051 2362 3122 quidem
2395 3067 2559 3121 super
2578 3049 2802 3104 Judaica
2832 3059 3007 3118 gente,
3027 3058 3310 3120 postquam
3337 3048 3524 3103 adver-

1970 3159 2065 3198 sus
2099 3143 2376 3198 Christum
2403 3141 2535 3196 illud
2561 3143 2796 3196 immane
2826 3139 3038 3195 facinus
3071 3155 3201 3194 ausa
3229 3147 3332 3204 est,
3365 3151 3420 3194 et
3445 3147 3528 3194 te-

283 3226 401 3278 Καὶ
460 3222 639 3290 αὖθις·
703 3247 720 3279 ι
755 3229 821 3281 Εἴ
859 3247 943 3292 τις
988 3229 1134 3300 διψᾷ,
1182 3231 1422 3302 ἐρχέσθω
1469 3233 1606 3304 πρὸς
1641 3235 1729 3304 μὲ,
1776 3238 1865 3290 καὶ

1971 3234 2172 3300 nebrae,
2205 3242 2259 3288 et
2286 3233 2510 3304 glacies,
2538 3240 2590 3288 ct
2613 3231 2786 3302 frigus
2821 3232 2963 3286 facta
2996 3239 3143 3292 sunt,
3175 3231 3373 3301 quippe
3407 3245 3529 3288 cum.

282 3317 509 3370 πινέτω.
528 3336 546 3368 ι
571 3317 724 3371 Μετὰ
756 3317 885 3386 γοῦν
913 3319 1260 3391 ἀνομόρῆσαν
1292 3323 1353 3374 ἐκ
1381 3323 1478 3393 τῆς
1517 3324 1867 3397 Ἰερουσαλὴμ

281 3408 381 3460 ἐπὶ
426 3409 533 3461 πᾶν
588 3409 742 3476 γένος
803 3408 1103 3480 ἀνθρώπων
1187 3413 1452 3483 σωτήριον
1502 3415 1597 3467 καὶ
1657 3414 1865 3484 λογικὸν

293 3500 468 3567 νᾶμα,
508 3498 642 3570 ὅπερ
677 3498 1005 3570 σαφέστερον
1036 3501 1093 3551 ἐν
1118 3499 1287 3570 ἑτέρῳ
1334 3500 1582 3571 δηλοῦται
1627 3503 1717 3556 διὰ
1748 3505 1862 3557 τοῦο

296 3610 318 3643 ι
344 3591 439 3642 Ἐκ
466 3589 574 3661 γὰρ
599 3588 735 3642 Σιὼν
766 3588 1105 3653 ἐξελεύσεται
1138 3591 1320 3662 νόμος,
1355 3593 1447 3646 xui.
1473 3595 1643 3662 Λόγος
1664 3595 1864 3665 Κυρίου

283 3680 351 3745 ἐξ
388 3681 760 3752 Ἰερουσαλὴμ,
797 3682 891 3733 καὶ
923 3684 1097 3750 κρινεῖ
1141 3682 1242 3735 ἀνὰ
1275 3683 1434 3753 μέσον
1462 3684 1569 3738 τῶν
1602 3686 1795 3738 ἐθνῶν·
1843 3705 1861 3737 ι

290 3772 560 3834 (Es-cat,
600 3773 767 3842 φησὶ,
808 3771 1011 3844 Κύριος
1075 3774 1154 3836 εἰς
1210 3774 1450 3844 βασιλέα.
1485 3796 1502 3828 ι
1548 3779 1661 3831 Οὐκ
1716 3778 1866 3831 ἔσται

283 3863 347 3916 δέ
392 3865 452 3916 ἐν
505 3861 886 3934 Ἰερουσαλὴμ,
943 3865 1062 3918 οὐδὲ
1115 3867 1208 3919 ἐπὶ
1259 3867 1319 3919 τὸ
1373 3869 1641 3924 Ἰουδαίων
1694 3871 1864 3938 ἔθνος,

283 3954 426 4007 ἀλλὰ
452 3973 471 4004 ι
502 3956 594 4007 ἐπὶ
613 3956 793 4008 πᾶσαν
814 3955 909 4027 τὴν
944 3956 1048 4026 γῆν
1091 3959 1148 4010 ἐν
1179 3961 1248 4029 τῇ
1284 3959 1465 4030 ἡμέρᾳ
1509 3961 1709 4033 ἐκείνῃ.
1759 3964 1868 4015 Καὶ

285 4045 443 4100 ἔσται
473 4045 678 4114 Κύριος
725 4041 827 4110 εἷς,
877 4047 970 4100 καὶ¹
1013 4047 1074 4100 τὸ
1115 4047 1283 4118 ὄνομα
1315 4049 1478 4101 αὺτοῦ
1521 4051 1597 4114 ἓν,
1639 4051 1866 4106 κυειλοῦν

284 4138 472 4189 πᾶσαν
501 4136 600 4206 τὴν
635 4136 760 4206 γῆν.
800 4157 817 4188 ι
857 4139 923 4189 "A
958 4139 1054 4191 καὶ
1091 4139 1228 4192 αὐτὰ
1256 4139 1468 4209 συνᾴδει
1497 4142 1607 4203 τοῖς
1630 4140 1736 4195 ἀπὸ
1759 4142 1867 4194 τῶν

295 4225 560 4295 Ψαλμῶν
591 4226 960 4298 παρατεθεῖσι,
987 4227 1052 4281 δι’
1077 4221 1150 4281 ὧν
1183 4227 1420 4296 ἐλέγετο·
1447 4247 1466 4281 t
1490 4229 1866 4285 Ἐϐασίλευσεν

282 4322 314 4371 ὁ
347 4318 479 4381 Θεὸς
510 4320 602 4372 ἐπὶ
624 4320 690 4372 τὰ
726 4319 852 4390 ἐθνη
881 4337 893 4349 ·
933 4340 951 4372 ι
979 4321 1073 4374 καὶ
1101 4321 1294 4374 πάλινο
1337 4339 1356 4373 t
1383 4319 1589 4376 Εἴπατε
1644 4322 1703 4375 ἐν
1752 4326 1864 4388 τοῖς

284 4413 531 4465 ἔθνεσινο
596 4412 654 4466 Ὀ
699 4411 901 4487 Κύριος
957 4413 1292 4469 ἐϐασίλευσε.
1330 4434 1348 4467 ι
1409 4413 1592 4468 Ταῦτα
1632 4415 1689 4472 δέ
1728 4416 1862 4488 ὁμοῦ

285 4503 474 4556 πάντα
510 4504 568 4557 ἐν
602 4506 718 4566 ταῖς
758 4503 850 4556 τοῦ
881 4505 1084 4575 Κυρίου
1117 4505 1351 4577 ἡμέραις
1396 4505 1610 4561 ἔσεσθαι
1653 4525 1864 4580 προφη-
1892 4561 1937 4617 D

282 4595 525 4648 τεύεται.
570 4594 657 4650 Ἐν
690 4595 829 4666 ἀρχῇ
855 4593 986 4662 γοῦν
1011 4595 1107 4668 τῆς
1131 4595 1258 4666 ὅλης
1291 4596 1643 4668 προφητείας,
1690 4617 1708 4648 ι
1731 4598 1860 4658 Ἰδοὺ

283 4684 528 4755 ἡμέραι,
583 4685 764 4755 φησὶν,
823 4684 1069 4756 ἔρχονται
1117 4683 1210 4737 τοῦ
1263 4685 1488 4756 Κυρίου,
1543 4686 1636 4738 καί⁵
1699 4685 1854 4746 ἔσται

283 4775 437 4830 τάδε.
467 4795 486 4828 ι
533 4775 667 4830 Τίνα
711 4775 773 4847 δὴ
820 4776 992 4830 ταῦτα
1024 4775 1140 4843 ἀλλ’
1174 4776 1206 4846 ἢ
1240 4778 1272 4848 ἡ
1303 4776 1586 4850 πολιορκία
1617 4777 1716 4848 τῆς
1763 4779 1864 4830 Ἰε-

290 4865 591 4937 ρουσαλὴμ,
626 4867 720 4920 καὶ
749 4867 782 4938 ἡ
811 4865 904 4919 τοῦ
931 4865 1136 4935 Κυρίου
1177 4866 1506 4936 μετάστασις
1535 4868 1631 4921 ἐπὶ⁹
1657 4869 1719 4920 τὸ
1755 4867 1864 4922 τῶν

298 4957 530 5011 Ἐλαιῶν
569 4957 714 5028 ὅρος,
758 4955 852 5010 καὶ
893 4956 974 5020 τὸ,
1016 4956 1321 5027 «Παρέσται
1349 4956 1571 5029 Κύριος,
1597 4976 1616 5011 ›
1668 4958 1760 5010 καὶ
1793 4956 1862 5010 τὰ

289 5044 678 5116 συμδεδηκότα
713 5047 841 5118 περὶ
889 5049 987 5118 τὴν
1023 5048 1236 5119 ἡμέραν
1272 5047 1366 5101 τοῦ
1413 5048 1619 5112 πάθους
1662 5047 1860 5114 aerei");

287 5136 386 5192 καὶ
423 5135 487 5189 τὺ
516 5137 624 5200 ζῶν
657 5136 822 5209 ὕδωρ,
862 5137 922 5191 τὸ
961 5139 1053 5191 ἐπὶ
1089 5141 1269 5194 πᾶσαν
1301 5138 1501 5210 ρεῦσαν
1549 5138 1645 5209 τὴν
1682 5141 1861 5193 οἰκου-

289 5228 502 5298 μένηνς
542 5229 634 5282 καὶ
667 5230 758 5282 ἐπὶ
784 5232 918 5284 πᾶσι
944 5229 1154 5293 τούτοις
1178 5233 1211 5301 ἡ
1236 5230 1479 5300 βασιλεία
1511 5230 1726 5284 πάντων
1755 5230 1862 5283 τῶν

286 5317 462 5371 ἐθνῶν
513 5319 773 5391 ἄρχουσα,
829 5322 924 5376 καὶ
965 5323 1026 5376 τὸ
1073 5322 1241 5394 ὄνομα
1287 5323 1448 5377 αὐτοῦ
1502 5323 1580 5389 ἓν,
1623 5323 1863 5396 πληροῦν

285 5409 474 5462 πᾶσαν
514 5409 611 5480 τὴν
638 5411 771 5482 γῆν;
808 5412 947 5483 άπερ
991 5413 1175 5468 ὁποίου
1219 5414 1403 5478 τέλους
1446 5413 1654 5485 ἔτυχεν,
1686 5414 1762 5478 ὡς
1804 5415 1863 5467 ἐν

287 5499 525 5571 ἐπιτομῇ
554 5500 923 5573 διειλὴφαμεν.
962 5504 1233 5576 Πρόδηλον
1266 5505 1323 5558 δὲ
1361 5505 1455 5558 καὶ
1489 5505 1604 5571 πῶς
1635 5505 1740 5558 ἀπὺ
1765 5505 1865 5576 τῆς

285 5587 387 5642 τοῦ
414 5591 652 5662 Χριστοῦ
698 5593 790 5647 τοῦ
825 5594 969 5648 Θεοῦ
1003 5597 1390 5669 προσηγορίας,
1434 5597 1492 5650 τὸ
1525 5597 1863 5669 Χριστιανῶν

1967 3326 2182 3380 illorum
2211 3340 2362 3378 mens
2386 3323 2739 3378 obtenebrata
2775 3323 2866 3386 sit,
2902 3322 3036 3378 adeo
3066 3329 3122 3376 ut
3155 3321 3425 3390 Evangelii
3449 3323 3530 3376 lu~

1966 3426 2090 3466 men
2119 3410 2302 3465 radios
2352 3411 2407 3464 in
2441 3410 2604 3464 corda
2657 3409 2873 3464 illorum
2922 3412 3211 3468 immittere
3241 3411 3531 3480 nequierit,

1966 3510 2020 3557 et
2053 3503 2291 3557 cbaritas
2323 3517 2451 3573 erga
2488 3501 2656 3556 Deum
2711 3502 2782 3558 sit
2821 3501 3155 3572 refrigerata.
3211 3502 3533 3555 Econtrario

1967 3603 2147 3650 autem
2193 3594 2259 3650 ad
2301 3610 2586 3667 vesperam
2621 3594 2803 3649 lumen
2834 3593 3162 3668 cognitionis
3205 3592 3409 3655 Christi
3442 3608 3532 3650 οι·-

1967 3696 2079 3740 tum
2117 3696 2219 3751 est,
2255 3688 2390 3743 adeo
2416 3697 2475 3741 ut
2495 3688 2531 3741 ii
2565 3688 2655 3756 qui
2699 3688 2825 3741 olim
2863 3685 2917 3739 in
2960 3685 3200 3747 tenebris
3240 3693 3292 3739 et
3343 3687 3532 3740 umbra

1965 3778 2156 3831 mortis
2187 3777 2470 3842 sedebant,
2498 3778 2681 3832 lumen
2711 3776 2966 3839 viderint,
2996 3775 3139 3830 sicut
3170 3776 3310 3846 apud
3338 3776 3531 3832 lsaiam

1966 3862 2286 3933 prophetam
2344 3864 2606 3938 scriptum
2654 3871 2738 3920 est
2775 3884 2788 3918 :
2827 3883 2843 3914 ι
2893 3864 2950 3918 In
2979 3865 3094 3935 ipso
3124 3865 3285 3936 igitur
3314 3865 3529 3926 Domini

1965 3953 2340 4020 hujuscemodi
2403 3955 2508 4017 die,
2543 3955 2870 4026 egredietur,
2911 3958 3118 4027 inquit,
3163 3972 3300 4028 aqua
3347 3961 3533 4014 vivens

1967 4043 2034 4097 de
2063 4042 2385 4099 Jerusalem.
2426 4064 2444 4096 ι
2481 4043 2815 4100 Ηωολουιοπι
2847 4054 2931 4101 est
2965 4047 3246 4102 rationalis
3276 4055 3329 4102 et
3353 4049 3418 4101 ad
3455 4049 3535 4106 bi-

1966 4135 2202 4191 bendum
2237 4136 2444 4203 suavis,
2480 4146 2532 4191 et
2564 4137 2727 4192 vitam
2773 4136 3158 4206 suppeditans,
3191 4147 3244 4194 et
3278 4141 3532 4194 salutaris

1965 4225 2168 4282 Christi
2195 4226 2458 4281 doctrina:
2500 4228 2669 4297 potio,
2711 4229 2778 4284 de
2807 4245 2913 4298 qua
2967 4231 3082 4298 ipse
3135 4232 3191 4284 in
3243 4229 3533 4302 Evangelia

1966 4317 2113 4394 quod
2177 4316 2426 4374 Joannes
2463 4319 2706 4390 scripsit,
2762 4318 3158 4376 Samaritanam
3211 4323 3358 4377 illam
3411 4340 3532 4378 mu-

1967 4408 2151 4464 lierem
2204 4408 2483 4464 instruens
2526 4409 2870 4479 loquebatur,
2907 4408 3094 4466 dicens
3131 4429 3144 4466 :
3185 4429 3204 4463 ι
3247 4411 3304 4466 Si
3361 4413 3531 4468 scires

1967 4500 2091 4572 quis
2117 4498 2322 4569 estqui
2362 4498 2496 4554 dicit
2529 4499 2628 4554 tibi
2655 4515 2669 4551 :
2711 4499 2784 4554 Da
2816 4499 2949 4554 mihi
2980 4500 3189 4567 bibere,
3213 4508 3270 4555 tu
3301 4503 3530 4572 petisses

1965 4595 2034 4649 ab
2067 4609 2152 4660 eo,
2178 4601 2233 4648 et
2268 4593 2508 4650 dedisset
2534 4594 2631 4648 tibi
2668 4608 2863 4663 aquam
2885 4594 3060 4648 vivam
3080 4595 3123 4649 ".
3158 4615 3177 4647 ι
3212 4593 3331 4666 Ipsa
3366 4595 3533 4666 igitur

1964 4687 2081 4742 haec
2120 4687 2379 4742 salutaris
2429 4687 2578 4765 potio
2619 4687 2686 4741 de
2735 4685 3032 4741 Jerusalem
3068 4686 3324 4757 proﬂuxit
3357 4707 3370 4742 :
3406 4687 3532 4744 inde

1963 4778 2114 4834 illius
2144 4777 2449 4848 profectum
2477 4785 2562 4834 est
2596 4777 2968 4850 Evangelium,
2989 4787 3042 4833 et
3083 4780 3229 4834 illius
3270 4781 3444 4834 nuntii
3476 4790 3530 4837 et

1963 4882 2241 4939 praecones
2272 4874 2445 4923 totum
2476 4876 2744 4924 terrarum
2767 4870 2954 4924 orbem
2977 4869 3356 4938 impleverunt,
3387 4873 3528 4940 quod

1965 4960 2184 5031 quidem
2224 4959 2534 5015 declaratur
2557 4975 2655 5030 per
2694 4960 2746 5016 id
2787 4960 2932 5030 quod
2978 4959 3200 5026 dicitur,
3240 4979 3258 5012 ι
3295 4962 3355 5016 ιιι
3384 4977 3534 5018 mare

1968 5051 2226 5120 primum,
2252 5060 2305 5106 et
2327 5052 2380 5106 in
2398 5067 2547 5107 mare
2569 5052 2839 5115 ultimum,
2874 5071 2891 5102 ›
2909 5050 3179 5105 viventem
3199 5065 3393 5122 aquam
3419 5055 3532 5107 exi.

1967 5148 2170 5205 turam,
2203 5140 2406 5211 quibus
2444 5141 2624 5196 verbis
2657 5141 2925 5195 universa:
2962 5146 3120 5194 terrae
3157 5139 3536 5212 θυοδ-εἱειιίιί-

1969 5241 2184 5297 cantur,
2216 5239 2270 5287 et
2321 5233 2359 5286 ii
2415 5232 2666 5287 videlicet
2711 5233 2801 5301 qui
2850 5231 2916 5285 ad
2967 5230 3239 5285 Oceanum
3306 5234 3536 5291 orientis

1923 5390 1925 5392 η
1971 5329 2238 5392 spectant,
2277 5321 2370 5392 qui
2404 5322 2639 5390 primum
2665 5335 2815 5376 mare
2850 5319 3222 5385 nominantur,
3256 5329 3308 5374 et
3339 5321 3432 5390 qui
3467 5323 3534 5376 ad

1969 5414 2306 5469 occidentem
2341 5413 2530 5479 solem,
2564 5413 2659 5483 qui
2697 5429 2793 5483 per
2829 5413 3076 5467 ultimum
3125 5429 3273 5469 mare
3325 5414 3536 5484 signiﬁ-

1970 5513 2185 5569 cantur,
2219 5521 2357 5574 quos
2386 5505 2571 5575 utique
2607 5504 2762 5570 fines,
2795 5506 3050 5562 salutaris
3097 5506 3535 5576 evangelicaaque

1972 5597 2233 5652 doctrina:
2264 5611 2401 5667 aqua
2446 5597 2631 5653 vivens
2671 5597 2932 5669 implevit,
2970 5597 3036 5654 de
3065 5613 3170 5674 qua
3213 5613 3404 5661 rursus
3437 5598 3534 5653 da-

364 5749 409 5785 "
440 5747 570 5820 Cap.
593 5765 732 5818 xxu,
771 5748 963 5813 54-55.
1032 5750 1204 5822 'Cap.
1230 5767 1342 5819 xiv,
1384 5751 1482 5816 66,
1553 5753 1571 5784 ⁸
1603 5751 1759 5810 Joan.
1789 5767 1944 5820 xviii,
1972 5753 2054 5807 l8.
2133 5753 2152 5784 "
2183 5751 2336 5808 Joan.
2364 5767 2436 5811 tv.
2462 5753 2545 5806 10.
