4080 6416
588 358 698 424 ιθἹ
1270 353 1541 411 EUSEBJI
1583 353 2076 411 CAESARIENSIS
2099 354 2249 411 OPP.
2282 350 2463 409 PARS
2484 349 2552 407 ιι.
2583 381 2654 391 -
2682 346 3182 408 APOLOGETICA.
3720 358 3809 416 ιω

471 508 481 515 ~
588 481 688 542 bat
719 484 1154 552 praecepta,eum
1181 475 1399 532 dicebat
1435 494 1447 529 :
1479 474 1842 545 «Quicunque
1878 474 2080 530 biberit
2104 490 2163 530 ex

2280 473 2450 544 ϐνομα
2487 471 2793 543 κατέπλησε
2823 472 2923 542 τὴν
2955 471 3135 525 πᾶσαν
3166 468 3508 541 οἰκουμένηνι
3539 472 3572 525 ὅ·
3588 473 3673 527 καὶ
3693 477 3805 533 αὐτὸ

590 588 735 643 aqua
764 585 928 642 quam
958 584 1059 640 ego
1090 570 1168 625 illi
1197 568 1364 633 dabo,
1396 582 1510 622 non
1536 567 1686 622 sitiet
1714 566 1768 619 in
1794 574 2058 621 aeternum
2083 567 2124 619 ".
2144 585 2163 618 ι

2277 565 2609 638 παρίστησιν
2640 566 2668 618 6
2692 562 2918 634 φάσκων
2947 562 3135 632 λόγος·
3192 581 3211 614 ι
3235 562 3347 616 Καὶ
3385 561 3444 615 τὸ
3476 563 3634 637 ὄνομα
3666 568 3809 623 αὺτοῦ

590 662 656 717 Et
687 678 882 719 rursus
913 680 927 716 :
958 659 1229 725 Flumina,
1248 659 1446 730 inquit,
1470 676 1489 709 ι
1516 659 1583 713 de
1615 665 1803 712 ventre
1841 657 1961 727 ejus
2003 656 2163 712 ﬂuent

2277 656 2357 723 ἓν,
2395 655 2625 711 κυκλοῦν
2654 658 2835 711 πᾶσαν
2873 656 2972 726 τὴν
3006 655 3133 725 γῆν,
3162 654 3259 707 καὶ
3282 653 3504 727 ἔρημον.
3550 675 3581 708 ι.
3615 656 3718 712 Καὶ
3739 660 3809 713 σοὶ

588 770 743 826 aqua:
778 755 915 809 vivae
945 752 1194 809 salientis
1226 752 1283 806 in
1320 750 1488 806 vitam
1523 758 1783 806 aeternam
1809 751 1852 804 ³.
1894 769 1915 802 ι
1948 748 2014 803 Ει
2045 765 2163 803 rur-

2276 749 2336 802 δὲ
2367 750 2475 804 ἐπὶ,
2503 749 2702 821 σχολῆς
2743 748 3015 822 παρέσται
3046 747 3284 819 ἑκάστην
3327 747 3660 818 βασανίσαντι
3689 749 3813 816 λέξιν

588 864 723 905 sus:
766 866 784 899 ι
835 845 893 903 Si
930 846 1055 917 quis
1097 844 1235 909 sitit,
1283 844 1467 899 veniat
1503 842 1571 899 ad
1623 858 1712 899 me
1761 849 1818 898 et
1857 842 2011 897 bibat
2036 842 2102 896 ‘°.
2144 861 2163 895 ι

2278 843 2374 897 ἐπὶ
2406 842 2645 907 πλάτους
2681 843 2956 915 θεωρῆσαι
2986 841 3055 897 τὰ
3078 841 3392 914 νενοημένα.

587 939 719 995 l‘ost
749 941 892 996 hanc
930 941 1096 1012 igitur
1118 938 1284 1011 294
1307 938 1378 994 de
1403 937 1711 995 Jerusalem
1734 937 2051 1009 irrigantem
2091 937 2518 1012 inﬂuentemque
2540 954 2705 1010 super
2734 955 2895 995 omne
2926 954 3100 1011 genus
3121 939 3420 1004 hominum,
3453 938 3819 995 salutarem!!-

589 1039 957 1109 tionalemque
1009 1053 1230 1108 aquam,
1285 1052 1408 1108 qua:
1456 1034 1677 1108 quidem
1722 1035 1940 1106 planius
1967 1036 2075 1092 alio
2113 1037 2348 1107 quodam
2415 1038 2470 1092 in
2505 1037 2633 1093 loco
2697 1036 2974 1092 indicatur
2996 1036 3104 1091 illis
3134 1035 3360 1091 verbis:
3401 1052 3422 1085 ι
3446 1032 3524 1087 Ex
3549 1031 3671 1087 Sion
3691 1033 3819 1091 enim

586 1136 755 1191 exibit
788 1137 896 1201 lex,
943 1143 997 1192 et
1021 1134 1261 1194 Verbum
1292 1134 1508 1191 Domini
1557 1134 1626 1190 de
1663 1132 1988 1201 Jerusalem,
2044 1141 2099 1191 et
2127 1134 2399 1206 judicabit
2458 1136 2604 1191 inter
2642 1144 2832 1206 gentes
2876 1134 2981 1189 η.»
3010 1162 3085 1175 -
3107 1151 3127 1185 ι
3161 1131 3300 1199 Erit,
3343 1129 3537 1200 inquit,
3584 1127 3821 1184 Dominus

581 1228 645 1284 in
678 1246 884 1300 regem.
929 1251 949 1283 ι
985 1229 1104 1286 Non
1158 1232 1264 1287 erit
1298 1238 1480 1287 autem
1529 1231 1585 1286 in
1634 1229 1960 1296 Jerusalem,
2010 1240 2393 1302 neque'super
2439 1239 2600 1302 gente
2644 1229 2980 1295 Judazorum,
3018 1228 3112 1283 sed
3146 1245 3164 1278 ι
3204 1225 3259 1280 in
3314 1238 3525 1279 omnem
3560 1230 3746 1276 terram
3771 1218 3821 1275 in

587 1322 675 1376 die
709 1321 906 1376 illa.Et
946 1324 1052 1378 erit
1094 1323 1357 1380 Dominus
1395 1340 1559 1392 unus,
1584 1331 1639 1381 et
1668 1339 1869 1380 nomen
1913 1323 2034 1394 ejus
2062 1340 2254 1390 unum,
2295 1325 2544 1380 ambiens
2575 1340 2790 1380 omnem
2832 1332 3057 1379 terram.
3090 1342 3109 1374 ι
3144 1321 3275 1387 Qua:
3309 1317 3425 1388 ipsa
3471 1330 3676 1386 quoque
3707 1328 3822 1368 con-

587 1414 818 1469 cordant
850 1431 975 1471 cum
1016 1418 1124 1474 illis
1153 1435 1274 1489 quae
1310 1434 1338 1472 a
1370 1419 1610 1475 Psalmis
1658 1429 1882 1492 accepta
1932 1428 2077 1486 sunt,
2152 1429 2206 1476 ct
2267 1421 2357 1476 hic
2390 1421 2659 1492 apposita.
2723 1420 2816 1475 ubi
2865 1420 3189 1474 dicebatur:
3221 1435 3239 1467 ι
3283 1412 3545 1486 Regnavit
3589 1410 3822 1465 Dominus

589 1526 756 1581 super
790 1522 978 1583 gentes
1003 1514 1065 1568 ²¹.
1102 1535 1121 1566 ι
1147 1515 1213 1569 Et
1272 1531 1467 1572 rursus
1510 1536 1523 1571 :
1586 1534 1605 1569 ι
1662 1514 1835 1572 Dicite
1879 1517 1935 1571 in
1976 1517 2249 1590 gentibus,
2292 1516 2558 1573 Dominus
2619 1516 2948 1588 regnavit".
2990 1533 3008 1567 ι
3055 1512 3178 1567 Haec
3229 1516 3409 1565 autem
3460 1521 3569 1562 uno
3606 1512 3825 1574 tempore

506 1600 519 1614 ’
585 1610 771 1663 omnia
834 1610 891 1665 in
952 1611 1146 1667 diebus
1206 1611 1423 1668 Domini
1466 1612 1814 1670 futura'esse
1868 1613 2153 1685 prophetia
2196 1598 2488 1684 signiﬁcat.
2534 1612 2669 1667 Nam
2710 1612 2882 1667 totius
2927 1607 3223 1680 prophetia:
3263 1604 3420 1659 initio
3445 1621 3468 1701 ἐ
3503 1599 3674 1701 t-Ecc'e
3700 1596 3821 1701 dies,

589 1701 786 1777 inqui"
827 1706 1053 1762 "enim"
1092 1707 1327 1775 Domini.
1377 1719 1430 1765 el
1466 1717 1627 1765 erunt
1659 1710 1793 1765 haec.
1832 1728 1853 1763 ι
1893 1708 2026 1776 Qum
2063 1724 2226 1781 porro
2265 1709 2379 1764 haec
2422 1709 2546 1773 alia‘,
2593 1708 2701 1764 nisi
2742 1705 2957 1762 obsidio
2989 1700 3327 1758 Jerusalem?
3363 1705 3417 1753 et
3445 1693 3615 1767 ipsius
3636 1688 3825 1745 Domini

589 1799 876 1855 translatio
921 1818 1086 1874 super
1135 1816 1373 1860 montem
1429 1804 1747 1862 Olivarum?
1786 1805 1942 1877 juxta
1997 1804 2153 1871 illud,
2201 1824 2221 1857 ι
2258 1804 2524 1860 Adveniet
2581 1804 2961 1868 Dominusnet
2993 1814 3113 1870 quae
3156 1795 3472 1851 acciderunt
3504 1805 3573 1851 eo
3604 1788 3687 1890 die
3730 1798 3823 1890 (ιιιίξ

587 1889 704 1959 ipse
726 1906 923 1960 passus
960 1894 1077 1949 est?
1112 1904 1167 1950 et
1198 1912 1338 1967 aqua
1367 1897 1579 1964 vivens,
1612 1913 1735 1969 qua:
1796 1898 1853 1953 in
1917 1904 2094 1952 totum
2158 1906 2431 1954 terrarum
2471 1898 2664 1953 orbem
2727 1893 2969 1951 efﬂuxit"
2993 1903 3048 1947 et
3084 1890 3317 1959 denique
3371 1897 3595 1956 regnum
3633 1877 3822 1933 Domini

589 1988 832 2042 omnium
862 1989 1105 2061 gentium
1139 1993 1395 2049 obtinens
1430 1993 1816 2065 principatum,
1867 2008 2177 2063 nomenque
2213 1992 2333 2064 ejus
2382 2008 2575 2060 unum,
2623 1991 2902 2069 complens
2942 1987 3252 2041 universam
3317 1980 3555 2037 terram?
3589 1992 3701 2047 quae
3720 1990 3823 2031 om-

588 2082 702 2147 nia,
765 2100 926 2155 quem
968 2087 1187 2157 quidem
1236 2089 1442 2145 exitum
1484 2091 1675 2147 sortila
1723 2091 1854 2158 sint,
1893 2090 2006 2160 jam
2054 2097 2115 2143 ut
2169 2089 2225 2143 in
2264 2088 2590 2159 compendio
2640 2085 3013 2157 exposuimus.
3048 2080 3275 2138 Constat
3323 2092 3454 2133 vero
3500 2076 3657 2131 etiam
3689 2070 3829 2148 illud,

589 2178 1050 2245 quemadmodum
1107 2182 1175 2238 ab
1230 2184 1591 2254 appellatione
1624 2183 1829 2240 Christi
1872 2182 1964 2238 Dei
2002 2182 2306 2240 derivatum
2358 2182 2795 2239 Christianorum
2836 2192 3073 2240 nomen,
3118 2180 3291 2228 totum
3341 2179 3609 2226 terrarum
3661 2164 3825 2221 orbem

590 2267 914 2339 impleverit,
953 2275 1100 2345 quod
1154 2275 1331 2347 ipsum
1389 2292 1542 2343 sane,
1599 2278 1882 2333 oraculum
1937 2292 2156 2348 quoque
2192 2276 2456 2341 declarat,
2520 2291 2644 2331 cum
2681 2273 2812 2328 dicit
2849 2291 2862 2326 :
2920 2289 2939 2322 ι
2982 2269 3047 2324 Et
3079 2282 3278 2323 nomen
3316 2264 3440 2335 ejus
3481 2276 3666 2362 unum,
3721 2270 3824 2362 aul-

588 2365 745 2421 biens
789 2382 1004 2425 omnem
1060 2379 1258 2427 terram
1316 2380 1370 2428 et
1416 2373 1787 2430 solitudinem.
1827 2393 1847 2427 ι
1888 2372 2011 2429 Tibi
2056 2387 2186 2429 vero
2223 2388 2321 2443 per
2353 2373 2525 2429 otium
2577 2369 2782 2437 licebit,
2847 2382 2971 2422 cum
3016 2363 3230 2436 singula
3266 2361 3433 2419 verba
3460 2358 3827 2430 exploraveris,

591 2454 757 2512 latius
801 2473 923 2528 quae
952 2461 1288 2519 intellexeris
1313 2465 1695 2535 contemplari.

1177 2582 1407 2638 CAPUT
1430 2583 1572 2639 XIX.

590 2688 634 2743 Δ
664 2687 896 2747 Baruch.
927 2725 984 2735 ρ-
1006 2694 1462 2771 Quemadmodum
1488 2702 1596 2769 ipse
1608 2705 1975 2771 prophetarum
2003 2703 2160 2767 Deus,

660 2775 780 2843 eum
808 2779 1013 2843 omnem
1050 2769 1187 2821 viam
1213 2772 1594 2843 Δρειεηιὶιιιρει-
1622 2769 1738 2826 eam
1774 2774 1956 2843 legem,
1977 2790 2092 2843 qua!
2131 2791 2164 2827 a

668 2832 856 2902 Moyse
896 2837 1026 2911 (igua
1069 2848 1168 2903 est,
1205 2840 1271 2895 iis
1300 2842 1390 2910 qui
1423 2832 2164 2911 αάέἱνειιιηεὶδὶὂιιειιι’ρει-ιὶ-

659 2915 804 2978 nent.
831 2908 1151 2978 ordinasset,
1177 2908 1556 2978 posterioribus
1592 2913 1647 2967 in
1683 2923 1827 2966 terra
1879 2908 2010 2967 οίὶιιι
2042 2930 2165 2966 con-

659 2974 978 3045 spiciendus,
1011 2974 1185 3047 atque
1216 2981 1352 3034 inter
1397 2981 1629 3036 homines
1663 2994 1968 3036 versaturus
2016 2983 2165 3037 cani-

658 3058 771 3102 ων.

660 3162 822 3233 295
863 3181 880 3213 ι
909 3161 1045 3229 Quis
1075 3163 1319 3219 ascendit
1364 3165 1417 3219 in
1452 3166 1673 3231 ctelum,
1704 3176 1759 3223 et
1804 3166 2017 3237 accepit
2043 3181 2165 3222 eam

591 3257 745 3328 (dicit
777 3264 956 3310 autem
996 3254 1380 3326 Sapientiam),
1423 3265 1477 3311 et
1506 3258 1732 3312 deduxit
1753 3274 1873 3313 eam
1909 3258 1976 3313 de
2004 3258 2167 3314 nubi-

588 3347 728 3404 bus?
768 3346 903 3413 Quis
943 3347 1314 3403 transfretavit
1361 3366 1544 3414 mare,
1601 3359 1654 3404 et
1702 3352 1907 3406 invenit
1937 3366 2080 3415 eam,
2112 3360 2167 3407 et

592 3441 726 3495 feret
750 3456 869 3496 eam
904 3456 1071 3512 super
1113 3456 1307 3497 aurum
1336 3444 1614 3499 electum?
1636 3444 1757 3500 Non
1789 3453 1874 3501 est
1926 3447 2020 3516 qui
2070 3461 2167 3504 co-

590 3539 822 3600 gnoscat
876 3532 1043 3587 vitam
1094 3533 1236 3603 ejus,
1266 3549 1444 3604 neque
1475 3536 1570 3606 qui
1599 3536 1869 3607 excogitet
1915 3536 2166 3593 semitam

589 3622 731 3691 ejus.
768 3621 873 3678 Sed
900 3624 993 3693 qui
1019 3625 1124 3679 scit
1153 3627 1410 3682 universa
1441 3628 1594 3683 novit
1621 3643 1764 3693 eam,
1789 3628 2031 3700 repperit
2046 3643 2167 3684 eam

590 3714 878 3785 prudentia
908 3731 1043 3772 sua:
1092 3718 1187 3789 qui
1214 3718 1478 3776 instruxit
1508 3736 1629 3776 eam
1670 3724 1724 3777 in
1773 3723 2168 3792 sempiternum

589 3806 825 3881 tempus,
857 3807 1103 3876 implevit
1132 3823 1251 3864 eam
1278 3811 1543 3880 jumentis
1563 3811 2041 3884 quadrupedibus;
2072 3816 2166 3884 qui

589 3895 788 3950 emittit
842 3897 1047 3961 lumen,
1079 3905 1134 3952 et
1164 3899 1333 3965 vadit,
1369 3902 1588 3957 vocavit
1630 3902 1785 3969 illud,
1832 3912 1886 3959 et
1924 3902 2167 3959 obedivit

587 3986 643 4041 ei
686 4000 811 4041 cum
857 3998 1124 4043 tremore:
1164 3999 1219 4044 et
1261 3991 1437 4046 stella:
1469 3992 1865 4062 splenduerunt
1890 3994 1946 4048 in
1976 4001 2167 4051 custo-

587 4078 697 4135 diis
730 4078 846 4135 suis
873 4086 927 4133 et
955 4079 1145 4135 lanatae
1172 4091 1335 4150 sunt;
1382 4085 1594 4140 vo'cavit
1631 4101 1747 4151 eos,
1767 4094 1821 4141 et
1850 4086 2108 4142 dixerunt
2146 4105 2161 4143 :

592 4170 907 4239 Adsumus;
961 4173 1358 4243 splenduerunt
1396 4190 1519 4230 cum
1572 4177 1758 4232 laetitia
1805 4178 1852 4232 ei
1896 4179 1991 4248 qui
2038 4177 2165 4234 fecit

558 4266 760 4336 ,ipsas.
793 4261 893 4318 llic
937 4272 1020 4321 est
1053 4264 1197 4321 Deus
1242 4275 1449 4332 noster,
1486 4284 1596 4323 non
1636 4269 1979 4339 reputabitur
2009 4270 2150 4325 alius

590 4355 654 4409 ad
684 4355 896 4426 ipsum:
930 4358 1133 4426 reperit
1172 4373 1388 4414 onmem
1434 4360 1576 4416 viam
1615 4361 1874 4427 scientiae,
1908 4369 1964 4417 et
2006 4360 2158 4417 dedit

589 4461 709 4501 eam
759 4443 928 4500 Jacob
967 4462 1136 4516 puero
1182 4465 1304 4511 suo,
1334 4458 1388 4503 et
1430 4447 1593 4505 Israel
1635 4451 1836 4508 dilecto
1868 4468 1997 4510 suo.
2031 4452 2164 4513 Post

590 4536 707 4591 lucc
739 4537 793 4590 in
821 4544 965 4592 terra
1004 4538 1157 4593 visus
1178 4546 1283 4603 est,
1314 4548 1368 4594 et
1395 4555 1521 4595 cum
1550 4541 1866 4599 hominibus
1910 4551 2163 4600 versatus

588 4625 764 4680 est”.
804 4644 824 4676 ι
860 4624 1006 4679 Nihil
1049 4626 1346 4698 adjungere
1396 4636 1614 4700 oportet
1655 4630 1858 4688 divinis
1908 4632 2159 4698 vocibus,

589 4732 710 4789 quae
729 4717 1137 4774 evidentissima
1169 4719 1510 4793 propositum
1537 4730 1787 4779 nostrum
1809 4725 2159 4781 conﬁrmant.

1175 5006 1419 5079 .CAPUT
1453 5010 1571 5067 xx.

589 5111 886 5209 {tl-1:0.-
897 5115 1452 5209 :‘9uemad‘modum
1498 5121 1758 5209 Christus.
1784 5126 1841 5180 in
1868 5125 2162 5209 Egyptttm

652 5184 836 5322 illum}
860 5192 1169 5310 canet‘mtur,
1197 5200 1247 5244 et
1272 5207 1592 5263 quwcunque
1614 5195 1668 5248 in
1689 5194 1915 5255 aduentu
1945 5184 2061 5270 ξῖιὶε
2083 5201 2165 5271 fu,

687 5269 783 5306 ura
836 5272 993 5310 ueran
1028 5300 1040 5312 .

687 5269 783 5306 ura
811 5269 1040 5312 tuerant.

1157 5351 1307 5409 Visio
1335 5355 1574 5429 [Egypth

661 5458 677 5487 ι
707 5439 845 5496 Ecce
878 5441 1141 5502 Dominus
1178 5449 1329 5504 sedet
1362 5467 1527 5523 super
1555 5452 1701 5509 nube
1731 5452 1857 5521 levi,
1886 5464 1942 5511 et
1973 5457 2158 5513 veniet

594 5528 997 5622 infligyptum,
1045 5545 1099 5592 et
1128 5544 1614 5599 commovebuntur
1644 5548 1955 5605 manufacta
1991 5548 2161 5622 Egy-

593 5620 669 5687 ιιιι
695 5633 725 5674 a
758 5622 895 5677 l'acie
921 5623 1062 5694 ejus,
1093 5635 1145 5682 et
1170 5645 1265 5685 cor
1287 5647 1476 5686 eorum
1503 5637 1853 5705 superabitur
1883 5639 1937 5693 in
1966 5641 2067 5705 eis,
2104 5620 2163 5695 et

2188 5315 2244 5377 D

2791 2569 3187 2629 ΚΕΦΑΛΑΙΟΝ
3225 2569 3327 2622 19’.

2278 2692 2413 2749 Ἀπὸ
2460 2690 2565 2746 τοῦ
2600 2688 2856 2761 Βᾳρούχ.
2884 2717 2953 2761 τ
2984 2687 3076 2761 Ὡᾳς
3102 2684 3283 2761 αὺτῷς
3321 2686 3353 2737 ό
3387 2682 3505 2761 τεῦξ’
3535 2676 3831 2761 προφητῶξ·

2340 2763 2549 2833 Θεὸς-π
2588 2746 2985 2833 πᾶἇιινέόδρν
3020 2746 3360 2833 ἐπιστήμης
3401 2746 3661 2833 ριὰμιίῆςί
3683 2746 3831 2833 ,κατὰ

2335 2818 2592 2888 Μωῦἁέα
2634 2827 2994 2903 νομοθεσίας
3026 2827 3107 2903 ⁵ιὲιινι
3135 2818 3489 2903 περιτολέῆς.
3508 2818 3830 2903 διαταξάμε-

2334 2922 2441 2979 νος
2462 2892 2800 2979 ηὕστερον·
2827 2892 2978 2979 ποτε
3014 2895 3114 2949 ἐπὶ
3152 2892 3262 2962 τῆς
3300 2892 3421 2963 γῆς
3459 2892 3829 2979 ὀφθήρνεοθαι,

2336 2961 2435 3028 καί
2464 2961 2549 3024 ’ἐν
2592 2961 2716 3036 τοῗς
2767 2965 3100 3039 ἀνθρώποις
3152 2961 3829 3033 σὺνάναστραφήσεσθαι

2337 3041 2792 3114 προφητεύεται.

2341 3175 2359 3208 t
2400 3155 2496 3219 Τίς
2529 3152 2694 3223 ἀνέϐη
2745 3152 2825 3214 είς
2865 3148 2958 3203 τὸν
3003 3146 3262 3220 οὐρανὸν,
3307 3146 3406 3200 καὶ
3451 3143 3638 3199 ἔλαϐεν
3682 3139 3832 3211 αὐτὴν

2280 3249 2450 3322 (δηλοί
2474 3247 2530 3299 δὲ
2557 3246 2654 3315 τὴν
2685 3242 2917 3312 σοφίαν),
2951 3241 3044 3293 καὶ
3072 3237 3435 3292 κατεϐίϐασεν
3463 3236 3633 3308 αὐτὴν
3657 3230 3836 3322 ὲκῌτῶν

2267 3316 2532 3412 νειρελῶν;
2565 3336 2661 3399 Τίς
2685 3333 2838 3405 διέϐη
2881 3332 3054 3403 πέραν
3101 3331 3202 3401 τῆς
3241 3329 3543 3398 θαλάσσης,
3576 3327 3667 3381 καὶ
3694 3316 3834 3397 εὗρεν

2267 3436 2456 3506 αὐτὴν,
2495 3431 2591 3485 καί
2623 3429 2759 3483 οἴσει
2786 3426 2956 3497 αὐτὴν
2989 3423 3213 3497 χρυσίου
3245 3420 3543 3486 ὲκλεκτοῦ;
3571 3419 3682 3473 Οὐκ
3707 3416 3838 3470 ἔστιν

2267 3529 2296 3581 6
2334 3524 2618 3595 γινώσκων
2637 3522 2732 3594 τὴν
2761 3520 2877 3574 ὁδὸν
2908 3518 3100 3588 αὐτῆς,
3133 3515 3242 3570 οὐδ’
3271 3518 3300 3569 6
3326 3515 3722 3587 ἐνθυμούμενος
3748 3508 3837 3580 τὴν

2267 3615 2452 3689 τρίϐον
2482 3612 2653 3684 αὐτῆς
2676 3628 2689 3640 ⁸
2723 3608 2860 3665 ἀλλὰ
2897 3611 2926 3663 6
2968 3605 3124 3671 εἰδὼς
3155 3605 3225 3659 τὰ
3266 3606 3451 3659 πάντα
3478 3603 3726 3675 γινώσκει
3752 3598 3839 3654 αὖ·

2268 3710 2387 3779 τὴν,
2420 3705 2640 3777 ἐξεῦρεν
2672 3703 2839 3774 αὐτὴν
2863 3703 2929 3773 τῇ
2964 3700 3176 3753 συνέσει
3201 3699 3422 3753 ἑαυτοῦ.
3441 3701 3499 3752 'O
3528 3692 3837 3753 κατασκευά-

2272 3816 2368 3861 σας
2416 3797 2585 3867 αὐτὴν
2633 3797 2713 3858 εἰς
2763 3794 2854 3847 τὸν
2907 3792 3078 3846 αἰῶνα
3114 3791 3302 3862 χρόνον
3346 3790 3644 3862 ἐνέπλησεν
3684 3785 3837 3855 αὐτὴν

2272 3887 2483 3958 κτηνῶν
2527 3884 2891 3956 τετραπόδων.
2909 3883 2966 3935 Ὀ
3008 3880 3352 3935 ἀποστέλλων
3377 3883 3440 3936 τὸ
3476 3883 3612 3952 φῶς,
3643 3880 3733 3934 κοιλ⁸
3755 3892 3836 3929 πο-

2191 3954 2233 4010 C
2270 3979 2507 4052 ρεύεται,
2545 3977 2800 4032 ἐκάλεσεν
2833 3975 2986 4041 αὐτὸ,
3012 3976 3103 4027 καὶ
3124 3973 3438 4045 ὑπήκουσεν
3469 3973 3618 4045 αὐτῴ
3641 3971 3834 4043 τρόμῳ,

2264 4072 2359 4125 καὶ
2391 4073 2438 4123 οἱ
2472 4069 2699 4141 ἀστέρες
2727 4066 2970 4138 ἔλαμψαν
3004 4065 3062 4119 ὲν
3093 4067 3213 4129 ταῖς
3245 4066 3519 4135 φυλακαῖς
3546 4062 3835 4127 αὑτῶν,καὶ

2264 4161 2673 4234 ηὐφράνθησαν,
2693 4159 2947 4213 ἐκάλεσεν
2973 4157 3190 4221 αὐτοὺς,
3209 4159 3304 4211 καὶ
3330 4155 3485 4211 εἷπον
3501 4175 3514 4186 ·
3543 4153 3832 4226 Πάρεσμεν’

2263 4255 2512 4328 ἔλαμψαν
2541 4252 2678 4325 μετὰ
2706 4250 3041 4324 εὐφροσύνης
3070 4249 3147 4323 τῷ
3189 4250 3483 4321 ποιήσαντι
3516 4248 3728 4311 αὐτούς.
3756 4239 3839 4299 Οὗ-

2262 4364 2353 4411 τος
2378 4349 2406 4400 6
2440 4347 2570 4410 Θεὸς
2606 4344 2784 4416 ἡμῶν,
2817 4344 2876 4396 οὐ
2914 4342 3293 4414 λογισθήσεται
3340 4343 3532 4414 ἔτερος
3570 4342 3703 4412 πρὸς
3748 4338 3835 4391 αὒ-

2262 4439 2352 4493 τὸν
2373 4455 2385 4468 ο
2415 4436 2602 4510 ἐξεῦρε
2628 4436 2807 4487 πᾶσαν
2841 4432 2955 4486 ὁδὸν
2984 4434 3314 4505 ἐπιστήμης,
3334 4434 3429 4486 καὶ
3453 4432 3656 4486 ἔδωκεν
3682 4429 3836 4501 αὐτὴν

2276 4527 2469 4582 Ἰακὼϐ
2509 4527 2587 4598 τῷ
2616 4526 2775 4593 ,παιδὶ
2804 4523 2987 4588 αὑτοῦ,
3021 4525 3114 4577 καὶ
3159 4523 3373 4597 Ἰσραὴλ
3402 4523 3479 4595 τῷ
3515 4522 3840 4595 ἠγαπημένῳ

2263 4622 2357 4674 ὑπ’
2391 4619 2578 4676 αὑτοῦ.
2613 4618 2767 4673 Μετὰ
2808 4615 2980 4670 ταῦτα
3006 4617 3099 4670 ἐπὶ
3134 4615 3233 4686 τῆς
3262 4616 3366 4686 γῆς
3401 4615 3587 4691 ὤφθη,
3622 4616 3840 4677 καὶτοῖς

2264 4711 2571 4785 ἀνθρώποις
2600 4708 3029 4780 συνανεστρὰφη.
3056 4728 3076 4760 ι
3115 4708 3281 4763 Οὐδὲν
3324 4710 3608 4780 ἐπιλέγειν
3633 4711 3713 4765 δεῖ
3730 4709 3841 4773 ταῖς

2265 4807 2437 4869 θείαις
2473 4804 2697 4873 φωναῖς,
2732 4799 2977 4874 ἐναργῶς
3009 4800 3088 4871 τῷ
3122 4798 3473 4872 προϐλήματι
3511 4797 3841 4875 παρισταμέ.

2273 4916 2403 4963 ναις.

2789 5007 3183 5062 ΚΕΨΑΛΑῙΟΝ
3223 5010 3308 5067 K'.

2278 5123 2419 5182 Ἀπὸ
2444 5123 2550 5178 τοῦ
2588 5121 2851 5177 Ἡσαΐου.
2888 5122 3065 5187 -Ὧς
3089 5126 3123 5175 ὀ
3145 5121 3404 5193 Χριστὸς
3431 5126 3522 5189 εὶς
3551 5124 3845 5193 Αιγυπτον

2338 5195 2511 5261 ἥξειν
2546 5193 3002 5265 προεφητεύετο,
3027 5193 3123 5246 καί
3159 5191 3275 5246 ὅσα
3307 5193 3406 5247 ἐπὶ
3444 5194 3521 5265 τῇ
3551 5191 3845 5263 παρουσίᾳ

2339 5265 2524 5320 αὐτοῦ
2550 5265 2912 5334 γενήσεσθαι
2938 5263 3211 5334 ἔμελλεν.

2775 5358 3003 5428 Ὅρασις
3035 5355 3332 5425 Αἰγύπτου.

2337 5471 2356 5505 ι
2378 5453 2506 5506 Ἰδοὺ
2556 5450 2758 5523 Κύριος
2806 5448 3038 5520 κάθηται
3092 5450 3184 5502 ἐπὶ
3221 5448 3455 5523 νεφέλης
3488 5451 3721 5522 κούφης,
3751 5445 3841 5502 καὶ

2264 5546 2383 5615 ἥξει
2411 5546 2490 5607 εἰς
2522 5544 2814 5611 Αἴγυπτον,
2844 5540 2939 5593 καὶ
2983 5540 3323 5612 σεισθήσεται
3377 5541 3450 5595 τὰ
3497 5540 3842 5614 χειροποίητα

2268 5638 2541 5707 Αἰγύπτου
2576 5635 2683 5689 ἀπὸ
2716 5632 3008 5705 προσώπου
3038 5633 3225 5701 αὑτοῦ,
3252 5635 3345 5688 καὶ
3374 5638 3409 5706 ή
3435 5637 3635 5709 καρβία
3665 5632 3839 5692 αὐτῶν

661 5736 971 5835 wgf-2;:
1170 5746 1370 5835 “Joan.
1410 5767 1505 5819 vn,
1530 5753 1618 5809 58.
1701 5756 1742 5789 ‘°
1765 5756 1896 5812 ibid.
1924 5757 2010 5813 37.
2091 5758 2130 5790 “
2162 5755 2266 5814 lsa.
2301 5773 2361 5823 ιι,
2402 5758 2454 5812 5.
2534 5756 2575 5790 ¹’
2602 5752 2745 5809 Psal.
2786 5766 2927 5818 xtvt,
2954 5750 3007 5808 9.
3088 5752 3130 5784 ¹⁹
3158 5747 3306 5809 Psal.
3334 5765 3461 5809 xcv.
3503 5754 3592 5811 tt).
3674 5750 3835 5805 “Ba-

593 5811 730 5866 ruch
786 5827 868 5883 ιιι,
895 5811 1090 5872 29-58.
