4100 6430
1313 229 1972 311 omsrnarroms
2009 232 2473 299 avertentem
2514 240 2642 295 LIB.
2683 239 2771 296 vr.

3545 232 3662 300 ne

400 360 739 433 ἡγηθήσεται
787 356 847 412 ἑν
882 356 1086 424 αὐτοῖς,
1118 356 1212 413 καὶ
1254 359 1655 434 ἐπαρθήσονται
1694 360 1956 430 Αίγύπτιο

2081 361 2474 418 excitabuntur
2519 359 2761 433 Egyptii
2797 366 2988 417 contra
3019 358 3327 434 Egyptios,
3354 367 3409 417 et
3447 359 3648 417 bellum

397 455 493 511 επὶ
537 452 888 523 Αἰγυπτίους,
932 450 1028 507 καὶ
1060 450 1355 525 πολεμήσει
1384 452 1669 525 ἄνθρωπος
1704 455 1794 508 τὸν
1821 455 1975 510 ἀδελ-

397 547 500 617 φὺν
526 546 714 613 αὐτοῦ,
746 545 838 600 καὶ
874 544 1161 617 ἄνθρωπος
1199 543 1293 599 τὸν
1332 544 1558 617 πλησίον
1592 545 1777 602 66106.
1814 547 1976 612 Πόλις

397 640 493 694 ἐπὶ
514 638 691 702 πόλιν,
724 637 818 693 καὶ
844 637 1008 709 νόμος
1030 636 1124 690 ἐπὶ
1148 635 1339 709 νόμον·
1371 637 1465 694 καὶ
1484 637 1888 710 ταραχθήσεται
1913 640 1975 693 16

394 730 618 802 πνεῦμα
660 730 771 784 τῶν
812 728 1125 799 Αἰγυπτίων
1168 729 1227 782 ὲν
1263 727 1465 793 αὐτοῖς.
1500 728 1611 782 Καὶ
1651 727 1749 801 τὴν
1779 728 1973 801 βουλὴν

393 822 578 883 αὐτῶν
622 820 979 878 διασκεδάσω.
1024 821 1137 875 Καὶ
1183 821 1592 893 ὲπερωτήσουσι
1636 822 1771 885 τοὺς
1817 821 1973 886 θεοὺς

390 910 599 976 αὐτῶν,
628 912 725 970 καὶ
748 911 817 965 τὰ
848 910 1140 983 ἀγάλματα
1166 909 1367 976 αὐτῶν,
1393 911 1488 965 καὶ
1512 912 1638 975 τοὺς
1656 913 1725 985 ὲκ
1746 911 1848 983 τῆς
1869 911 1972 983 γῆς

392 1003 727 1074 φωνοῦντας,
755 1003 999 1067 καὶτοὺς
1023 1001 1515 1075 ἐγγαστριμύθους,
1539 1006 1634 1059 καί
1664 1006 1972 1079 παραδώσω

392 1097 671 1165 Αἴγυπτον
716 1097 796 1161 εἰς
844 1099 1033 1168 χεῖρας
1078 1096 1382 1169 ἀνθρώπων
1438 1100 1663 1170 κυρίων,
1697 1099 1967 1173 σκληρῶν,

391 1187 490 1241 καὶ
518 1186 759 1259 βασιλεῖς
800 1187 1025 1259 σκληροὶ
1057 1189 1435 1261 κυριεύσουσιν
1464 1190 1664 1255 αὐτῶν,
1700 1210 1719 1243 ι
1767 1194 1863 1246 καὶ
1902 1193 1972 1247 16

388 1278 604 1344 τούτοις
654 1280 801 1351 ἑξῆς.
836 1282 946 1336 Καὶ
988 1280 1085 1336 νῦν
1133 1282 1225 1337 τὸν
1262 1282 1514 1355 δεύτερον
1556 1283 1695 1355 μετὰ
1725 1284 1816 1338 τὸν
1861 1285 1971 1340 τῶν

388 1368 527 1423 ὅλων
554 1370 687 1423 Θεὸν
714 1370 809 1425 καὶ
838 1372 1062 1444 Κύριον,
1081 1374 1244 1429 αὐτὸν
1271 1375 1334 1447 δὴ
1355 1375 1449 1430 τοῦ
1472 1376 1607 1430 Θεοῦ
1629 1378 1798 1446 Λόγον
1819 1377 1969 1449 ἥξειν

386 1460 471 1525 εἰς
519 1460 813 1529 Αίγυπτον,
847 1465 881 1533 ἡ
925 1463 1175 1535 παροῦσα
1204 1468 1515 1539 προφητεία
1555 1468 1830 1540 σημαίνει,
1871 1470 1967 1524 καὶ

384 1550 542 1621 ἥξειν
566 1553 665 1607 οὐκ
689 1554 930 1623 ἀφανῶς,
959 1558 1067 1610 οὐδ’
1092 1558 1360 1631 ἀοράτως,
1390 1560 1498 1613 οὐδ’
1529 1560 1657 1615 ἄνευ
1693 1562 1838 1626 τινὸς
1864 1579 1968 1616 σω-

389 1647 628 1718 ματικῆς
670 1648 978 1720 περισολῆς,
1029 1650 1144 1704 ἀλλ’
1171 1652 1265 1705 ἐπὶ
1303 1651 1535 1723 νεφέλης
1572 1651 1779 1725 κούφης
1814 1653 1969 1725 ὀχού-

2076 459 2226 524 geret
2265 451 2430 507 homo
2474 459 2666 507 contra
2697 451 2920 512 fratrem
2952 468 3135 519 suum,
3169 461 3223 509 et
3260 453 3427 508 homo
3457 460 3651 509 contra

2075 546 2385 619 proximum
2417 561 2601 602 suum.
2630 543 2838 599 Civitas
2868 545 3134 603 adversus
3160 545 3463 611 civitatem,
3485 552 3539 603 et
3561 546 3649 604 lex

2074 636 2340 693 adversus
2369 636 2566 707 legem,
2592 644 2645 691 et
2670 633 3094 693 conturbabitur
3113 638 3341 709 spiritus
3358 634 3649 710 Egyptio-

2074 744 2195 785 rum
2224 731 2278 784 in
2309 729 2412 794 eis,
2442 735 2497 784 et
2521 726 2810 785 consilium
2838 742 3031 783 eorum
3058 728 3362 801 dissipabo,
3394 739 3449 787 et
3478 732 3648 787 inter-

2074 820 2348 892 rogabunt
2389 819 2523 876 deos
2549 824 2801 890 suos,,et
2833 819 3126 876 simulacra
3181 836 3301 888 sua,
3341 831 3397 878 et
3424 836 3520 878 eos
3550 821 3644 893 qui

2073 911 2141 967 de
2173 920 2320 968 terra
2355 926 2545 968 vocem
2592 912 2871 978 emittunt,
2907 921 2962 969 et
3013 913 3303 985 pythones,
3332 920 3387 971 et
3430 913 3659 981 tradam.

2075 1002 2370 1076 Egyptum
2398 1004 2452 1059 in
2475 1018 2671 1058 manus
2699 1004 2979 1060 hominum
3013 1005 3384 1074 dominorum,
3422 1019 3648 1076 aspero—

2072 1102 2286 1160 rum,et
2308 1112 2465 1168 reges
2491 1099 2669 1169 asperi
2685 1097 3111 1153 dominabuntur
3125 1097 3206 1155 eis
3236 1097 3303 1165 ¹⁹,
3332 1116 3352 1152 ι
3390 1097 3558 1170 296
3591 1106 3647 1154 et

2071 1203 2193 1259 quae
2244 1196 2575 1259 sequuntur.
2622 1189 2802 1245 Etiam
2847 1206 2996 1246 nunc
3044 1188 3213 1246 Deum
3244 1196 3298 1246 et
3329 1188 3658 1257 Dominum,‘

2072 1282 2252 1352 ipsum
2284 1284 2472 1354 utique
2519 1281 2616 1338 Dei
2660 1281 2923 1347 Verbum,
2980 1281 3182 1337 iturum
3237 1282 3295 1337 in
3344 1280 3645 1355 Egyptum

2072 1390 2316 1447 praesens
2345 1375 2629 1446 prepbetia
2652 1374 2945 1446 signiﬁcat,
2976 1382 3031 1429 et
3051 1375 3255 1429 iturum
3280 1390 3391 1430 non
3412 1374 3649 1431 obscure

2070 1482 2251 1537 neque
2280 1467 2654 1532 invisibiliter,
2690 1482 2868 1537 neque
2900 1467 3018 1523 sine
3048 1467 3317 1538 corporali
3349 1467 3533 1538 aliquo
3560 1467 3647 1521 in-

2068 1557 2352 1623 dumento,
2386 1559 2482 1615 sed
2530 1558 2636 1614 levi
2677 1558 2823 1615 nube
2872 1567 3108 1627 vectum,
3142 1575 3205 1614 ac
3256 1562 3441 1631 potius
3481 1575 3646 1630 super

2069 1652 2437 1708 crassitudine
2459 1651 2583 1708 levi.
2620 1650 2710 1707 Sic
2732 1653 2876 1708 enim
2908 1653 3109 1708 habere
3137 1654 3289 1708 aiunt
3318 1650 3643 1711 Hebraicam

390 1755 573 1809 μενον,
619 1739 817 1811 μᾶλλον
862 1741 919 1796 δὲ
966 1744 1061 1797 ἐπὶ
1108 1743 1316 1815 πάχους
1365 1744 1623 1816 ἐλαφροῦ.
1659 1743 1815 1800 Οὕτω
1858 1745 1956 1819 γὰρ

2068 1760 2280 1801 vocem.
2308 1744 2503 1799 Dicant
2528 1760 2657 1817 ergo
2691 1743 2900 1801 Hebraei
2923 1746 3144 1815 quando
3168 1754 3293 1817 post
3321 1746 3475 1803 Isaia:
3505 1755 3642 1803 tem~

386 1829 535 1901 ἔχειν
582 1832 716 1901 φασί
766 1832 865 1904 τὴν
905 1832 1171 1906 Ἐϐραίων
1216 1838 1422 1910 φωνήν.
1473 1837 1793 1908 Λεγέτωσαν
1831 1839 1965 1910 δῆτα

399 1920 665 1993 Ὲδραίων
698 1923 908 1989 παῖδες,
945 1926 1076 1981 πότε
1107 1928 1244 1999 μετά
1266 1930 1394 1992 τοὺς
1436 1930 1655 1984 Ἡσαΐου
1685 1931 1912 2004 χρόνους
1936 1933 1965 1986 6

386 2013 590 2087 Κύριος
627 2016 944 2086 Αἰγυπτίοις
983 2020 1370 2094 ἐπιδεδήμηκε,
1406 2024 1500 2078 καὶ
1532 2027 1683 2090 ποῖος
1719 2024 1922 2099 Κύριος
1946 2041 1959 2056 '

383 2101 465 2171 οἷς
497 2107 607 2180 γὰρ
629 2110 658 2163 6
684 2110 776 2164 ἐπὶ
809 2110 1028 2166 πάντων
1053 2111 1184 2177 Θεός
1199 2130 1213 2144 ο
1237 2116 1330 2169 καὶ
1356 2116 1475 2181 πῶς
1500 2117 1592 2172 ἐπὶ
1614 2116 1821 2189 πάχους
1842 2118 1964 2173 ὲλα-

381 2196 524 2268 φροῦ
547 2193 705 2263 οὗτος
730 2201 1041 2273 ἐποχεῖσθαι
1064 2204 1298 2274 λέγεται,
1320 2207 1415 2263 καὶ
1447 2207 1726 2280 τροπικῶς
1751 2209 1965 2266 ἐπιϐαί-

379 2304 498 2343 νειν
527 2290 682 2363 μέρει
719 2294 829 2347 τινὶ
876 2292 978 2366 τῆς
1023 2296 1647 2371 γῆς.Ἐρμηνευέτωσαν
1678 2302 1735 2357 δὲ
1779 2303 1964 2358 καὶτὸ

379 2380 559 2449 πάχος
610 2379 878 2453 ἐλαφρὸν,
905 2388 959 2442 τι
1010 2405 1140 2442 ποτε
1193 2388 1303 2461 ἄρα
1351 2391 1504 2456 ἐστὶ,
1536 2394 1631 2446 καὶ
1669 2391 1759 2446 διά
1793 2394 1847 2447 τί
1888 2393 1963 2466 μὴ

376 2470 512 2527 ἄνευ
531 2473 722 2527 τούτου
744 2475 960 2546 λέγεται
984 2480 1014 2534 6
1041 2478 1246 2553 Κύριος
1273 2481 1561 2553 ἐπιδημεῖν
1581 2485 1647 2555 τῇ
1676 2483 1957 2557 Αἰγύπτῳο

377 2563 513 2618 τότε
550 2564 607 2620 δὲ
632 2567 723 2621 καὶ
750 2570 1042 2641 ἱστορεῖται
1083 2572 1153 2626 τὰ
1180 2575 1238 2627 ἐν
1267 2576 1332 2644 τῇ
1365 2575 1669 2646 προφητείᾳ
1694 2577 1963 2648 εἰρημένα

372 2657 565 2722 τέλους
582 2663 961 2732 τετυχηκέναι,
985 2663 1046 2718 16
1073 2664 1372 2737 σεισθῆναι,
1400 2667 1562 2735 λέγω,
1588 2667 1657 2723 16
1678 2669 1870 2724 εἴδωλα
1892 2670 1963 2724 τὰ

372 2749 725 2820 χειροποίητα
757 2752 1057 2821 Αἰγύπτου,
1087 2756 1180 2809 καὶ
1203 2754 1264 2809 16
1288 2756 1619 2825 Αἰγυπτίους
1641 2760 1962 2829 Αἰγυπτίοις

371 2839 703 2913 πολεμῆσαι,
738 2844 826 2899 διὰ
847 2845 946 2916 τὴν
967 2844 1061 2899 τοῦ
1084 2846 1286 2920 Κυρίου
1307 2849 1386 2912 είς
1414 2848 1733 2923 ἀνθρώπους
1754 2869 1961 2925 παρου-

374 2932 533 2986 σίαν·
560 2934 656 2989 καὶ
694 2937 820 2999 τοὺς
861 2936 1016 3002 θεοὺς
1057 2938 1258 3004 αὐτῶν,
1290 2940 1492 3015 δηλαδὴ
1523 2943 1650 3008 τοὺς
1675 2944 1956 3017 δαίμονας,

373 3025 548 3080 πολλά
576 3027 639 3081 16
671 3027 899 3084 παλαιὸν
940 3030 1291 3105 δυναμένους,
1325 3034 1523 3107 μηκέτι
1564 3036 1791 3108 ἰσχύειν,
1823 3038 1957 3111 μηδὲ

372 3118 774 3192 ἀποκρίνασθαι
820 3127 935 3189 τοῖς
982 3126 1324 3198 ἐπερωτῶσι,
1362 3127 1452 3183 διὰ
1498 3129 1559 3184 16
1604 3129 1700 3185 106
1746 3132 1955 3204 Κυρίου

369 3212 525 3276 δέος·
555 3218 638 3278 εἰς
670 3218 861 3288 χεῖρας
884 3217 940 3271 δὲ
971 3219 1141 3273 ποίων
1171 3220 1374 3289 κυρίων
1400 3220 1673 3294 σκληρῶν,
1704 3224 1876 3281 ποίων
1898 3224 1956 3279 δὲ

374 3301 639 3371 βασιλέων
674 3305 813 3375 μετά
838 3306 937 3379 τὴν
970 3307 1368 3381 θεσπιζομένην
1391 3311 1487 3365 τοῦ
1514 3312 1720 3383 Κυρίου
1751 3330 1957 3385 παρου-

375 3395 497 3452 σίαν
540 3397 813 3469 παρεδόθη
850 3401 1155 3470 Αίγυπτος·
1204 3402 1300 3456 καὶ
1323 3401 1489 3457 διὰτί
1512 3403 1717 3476 Κυρίου
1750 3406 1954 3477 παρόν-

369 3503 463 3551 τος
496 3487 752 3561 σκληροῖς
779 3490 1005 3563 ἄρχουσι
1038 3492 1459 3565 παραδίδονται·
1492 3496 1585 3550 καὶ
1610 3494 1678 3551 16
1709 3495 1871 3552 λοιπὰ
1897 3497 1954 3553 δὲ

370 3581 582 3646 τούτοις
632 3584 1028 3656 παραπλησίως
1083 3587 1113 3640 6
1168 3586 1491 3661 βουλόμενος
1540 3590 1949 3663 ἑρμηνευσὰτω.

380 3670 575 3743 Ἡμεῖς
604 3672 714 3747 γάρ
758 3674 858 3729 οὐκ
889 3675 1068 3740 ἄλλως
1102 3678 1277 3732 ταῦτά
1313 3697 1493 3752 φαμεν
1539 3683 1950 3759 συνίστασθαιῆ

366 3762 457 3818 διὰ
486 3764 658 3837 μόνης
691 3767 791 3837 τῆς
822 3766 916 3821 τοῦ
951 3769 1201 3842 Σωτῆρος
1228 3770 1386 3843 ἡμῶν
1413 3772 1585 3845 Ἰησοῦ
1609 3775 1845 3848 Χριστοῦ
1872 3778 1953 3843 είς

364 3856 689 3929 ἀνθρώπους
734 3861 1074 3930 ἐπιφανείας.
1109 3857 1277 3928 Οὗτος
1325 3865 1436 3937 γὰρ
1476 3865 1610 3921 Θεοῦ
1640 3869 1813 3938 Λόγος
1852 3869 1947 3937 ῶν,

366 3952 462 4004 καὶ
484 3951 624 4005 Θεοῦ
652 3952 881 4024 δύναμις
911 3955 1053 4009 κατὰ
1086 3956 1347 4021 διάνοιαν,
1382 3960 1475 4013 καὶ
1501 3961 1639 4032 πρὸς
1663 3961 1806 4027 λέξιν
1837 3966 1953 4018 επις

361 4044 617 4115 δημήσας
660 4048 726 4118 τῇ
773 4048 1085 4116 Αἰγυπτίων
1128 4048 1280 4122 χώρᾳ
1307 4050 1394 4105 διὰ
1443 4052 1672 4126 νεφέλης
1717 4055 1947 4126 κούφης,

362 4138 607 4211 ἐπλήρου
643 4139 713 4193 16
744 4142 1221 4214 προηγορευμένα.
1255 4144 1504 4215 Νεφέλην
1531 4146 1589 4201 δὲ
1617 4147 1824 4219 κούφην
1850 4148 1949 4201 ἀλ-

362 4229 676 4300 ληγορικῶς
701 4231 956 4304 ὀνομάζει
986 4232 1085 4306 τὴν
1111 4235 1179 4289 δι’
1204 4230 1266 4291 06
1298 4237 1557 4309 ἀνείληφε
1598 4240 1847 4312 σώματος
1883 4242 1949 4294 ὲκ

363 4322 644 4394 Παρθένου
698 4324 792 4378 καὶ
852 4325 1007 4395 ἁγίου
1065 4326 1377 4399 Πνεύματος
1422 4330 1716 4403 ἐπιδημίαν
1756 4332 1944 4398 αὑτοῦ,

2069 1854 2204 1908 pora
2239 1836 2505 1893 Dominus
2534 1838 2676 1908 apud
2710 1837 2998 1909 IEgyptios
3043 1840 3116 1893 sit
3146 1847 3401 1896 versatus
3429 1849 3482 1896 et
3518 1840 3645 1911 quis

2067 1926 2353 1990 Dominus,
2381 1944 2524 1982 unus
2554 1936 2637 1985 est
2656 1929 2800 1989 enim
2824 1944 3115 1999 supremus
3142 1928 3306 1993 Deus,
3331 1938 3389 1986 et
3403 1946 3643 2001 quonam

2066 2024 2227 2088 pacto
2253 2033 2420 2088 super
2450 2018 2817 2074 crassitudine
2848 2018 2951 2073 levi
2984 2018 3074 2073 hic
3121 2018 3372 2076 invectus
3407 2037 3531 2078 esse
3553 2020 3643 2078 di-

2065 2120 2243 2175 catur,
2272 2118 2327 2166 et
2360 2110 2746 2181 particularem
2778 2111 3016 2181 aliquem
3048 2111 3232 2166 locum
3262 2119 3422 2169 terrae
3449 2127 3643 2170 ascen.

2065 2200 2236 2256 disse.
2259 2197 2692 2271 lnterpretentur
2718 2208 2981 2272 praeterea
3001 2201 3424 2258 crassitudinem
3444 2203 3642 2269 levem,

2064 2293 2196 2365 quid
2252 2292 2474 2350 tandem
2525 2309 2592 2351 ea
2657 2294 2784 2357 sit;
2825 2301 2884 2348 et
2946 2295 3301 2365 quamobrem
3366 2311 3477 2350 non
3523 2296 3647 2352 sine

2063 2386 2187 2451 bac,
2219 2385 2437 2442 dicatur
2460 2384 2727 2449 Dominus
2746 2388 2954 2443 versari
2973 2389 3029 2442 in
3057 2386 3315 2459 Egypto.
3341 2385 3405 2442 Et
3423 2389 3646 2457 quando

2064 2477 2342 2533 memoria:
2386 2475 2667 2547 proditum
2699 2476 2792 2541 sit,
2828 2491 2914 2540 ea,
2952 2490 3076 2546 quae
3121 2477 3177 2531 in
3222 2476 3325 2530 hac
3355 2475 3647 2547 prophetia

2064 2568 2444 2633 continentur,
2488 2569 2651 2645 tinem
2683 2569 3020 2639 contigisse:
3066 2575 3342 2624 commota
3373 2583 3517 2633 esse,
3554 2567 3642 2623 in-

2062 2675 2249 2732 quam,
2278 2661 2575 2717 simulacra
2621 2660 2935 2717 manufacta
2977 2660 3218 2734 Aigypti,
3260 2669 3314 2718 et
3354 2659 3642 2733 Egyptios

2062 2769 2188 2810 cum
2227 2752 2502 2825 Egyptiis
2542 2768 2837 2826 pugnasse.
2879 2742 3102 2824 propter
3151 2752 3369 2807 Domini
3409 2751 3478 2806 ad
3538 2752 3640 2806 lio-

2061 2846 2241 2903 mines
2279 2845 2595 2912 adventum,
2637 2855 2693 2902 et
2723 2847 2856 2902 deos
2892 2847 3135 2913 illorum,
3172 2845 3451 2900 daemones
3490 2840 3641 2897 vide-

2062 2939 2209 3003 licet,
2265 2939 2358 3010 qui
2417 2939 2650 2999 multum
2702 2938 2857 3009 prius
2910 2937 3186 3000 valebant,
3223 2937 3360 2992 nihil
3399 2935 3637 3006 amplius

2062 3046 2246 3101 posse,
2311 3046 2490 3102 neque
2541 3031 2875 3101 respondere
2923 3031 3358 3093 sciscitantibus,
3410 3036 3637 3101 propter

2058 3121 2278 3179 Domini
2312 3121 2591 3187 timorem,
2645 3130 2700 3177 et
2738 3122 2795 3176 in
2847 3136 3084 3193 quorum
3115 3120 3465 3177 dominorum
3517 3136 3637 3176 ma-

2068 3230 2196 3280 nus,
2229 3215 2324 3286 qui
2354 3215 2536 3286 asperi
2565 3216 2898 3278 exstiterint,
2926 3229 3231 3285 quorumve
3261 3229 3472 3286 regum,
3514 3222 3640 3285 post

2055 3324 2180 3365 eum
2212 3308 2306 3378 qui
2337 3308 2426 3363 hic
2446 3309 2665 3369 canitur
2703 3306 2918 3362 Domini
2964 3306 3282 3373 adventum,
3315 3306 3517 3361 tradita
3563 3305 3640 3363 sit

2053 3399 2343 3474 Egyptus.
2380 3400 2449 3455 Et
2474 3400 2849 3472 quamobrem,
2894 3399 3126 3453 Domino
3160 3409 3450 3470 praesente,
3484 3400 3638 3469 prin-

2054 3493 2273 3565 cipibus
2300 3493 2512 3564 asperis
2542 3492 2862 3549 tradantur:
2885 3500 2940 3545 et
2974 3491 3185 3561 reliqua
3210 3491 3400 3547 eadem
3425 3495 3637 3545 ratione

2052 3603 2177 3643 cum
2214 3589 2283 3645 iis
2330 3603 2455 3659 qua:
2500 3588 2647 3643 dicta
2673 3593 2824 3649 sunt,
2880 3586 2973 3655 qui
3023 3585 3170 3651 velit,
3216 3585 3629 3654 interpretetur.

2052 3678 2167 3736 Nos
2205 3680 2354 3735 enim
2378 3694 2488 3734 non
2516 3679 2653 3736 alias
2692 3679 2807 3737 haec
2842 3676 3078 3733 dicimus
3118 3676 3418 3739 exstitisse,
3466 3688 3631 3744 quam

2053 3772 2158 3828 sub
2186 3787 2361 3827 unum
2396 3768 3006 3842 duntaxat‘Salvatoris
3032 3768 3207 3825 nostri
3247 3767 3376 3824 Jesu
3424 3767 3633 3823 Christi

2053 3865 2121 3920 ad
2155 3864 2406 3920 homines
2447 3863 2762 3918 adventum.
2803 3860 2905 3916 Hic
2926 3860 3072 3915 enim
3103 3875 3228 3915 cum
3268 3858 3363 3915 Dei
3390 3857 3631 3915 Verbum

2053 3957 2145 4021 sit,
2176 3964 2232 4014 et
2278 3955 2373 4013 Dei
2396 3956 2605 4018 virtus,
2652 3966 2759 4010 tam
2797 3954 2845 4010 si
2888 3953 2955 4007 ad
3006 3967 3231 4008 sensum
3279 3968 3442 4022 quam
3475 3953 3523 4009 si
3560 3948 3632 4008 ad

2044 4053 2270 4106 verbum
2321 4047 2582 4117 accipias,
2609 4054 2860 4102 versatus
2897 4046 2951 4099 in
2995 4046 3216 4115 regione
3246 4043 3631 4116 Egyptiorum

2051 4156 2148 4212 per
2175 4141 2374 4196 nubem
2405 4141 2602 4205 levem,
2634 4137 2930 4207 Complevit
2960 4152 3025 4191 ea
3057 4152 3177 4206 qua:
3218 4136 3479 4206 praedicta
3504 4136 3628 4192 fue-

2049 4244 2193 4287 rant.
2249 4230 2457 4286 Nubem
2488 4243 2619 4286 vero
2646 4229 2817 4283 levem
2855 4225 3082 4298 ﬁgurate
3109 4228 3356 4281 nominat
3385 4243 3631 4283 commo-

2049 4326 2323 4381 rationem
2364 4322 2487 4393 ejus
2515 4324 2658 4377 inter
2686 4318 2959 4381 homines,
2989 4334 3095 4388 qua
3126 4334 3223 4388 per
3246 4321 3453 4388 'corpus
3480 4320 3629 4389 quod

358 4411 651 4486 ὠσπεροῦν
685 4416 718 4485 ἡ
760 4414 1025 4486 Ἐϐραίων
1051 4420 1258 4491 γραφή.
1297 4422 1409 4475 Καὶ
1449 4423 1479 4475 6
1522 4423 1750 4487 Ἀκύλας
1780 4423 1947 4494 σαφέ-

2059 4418 2120 4474 de
2150 4416 2372 4488 Virgine
2414 4423 2471 4471 et
2502 4414 2710 4487 Spiritu
2757 4422 2950 4470 sancto
2990 4412 3314 4481 assumpsit,
3347 4427 3482 4467 usus
3513 4419 3627 4477 est,

360 4522 555 4577 στερον
596 4508 815 4578 ᾐνίξατο
856 4507 1026 4564 εἰπὼν
1047 4527 1060 4542 ·
1105 4531 1124 4563 ι
1148 4512 1278 4567 Ἰδοὺ
1310 4515 1513 4588 Κύριος
1552 4516 1819 4571 ἐπιϐαίνει
1850 4518 1944 4572 ἐπὶ

357 4599 536 4669 πάχος
579 4599 832 4672 ἐλαφρὸν,
864 4604 958 4656 καὶ
994 4601 1214 4675 ἔρχεται
1247 4607 1336 4659 ἐπ’
1365 4607 1668 4677 Αἴγυπτονο
1713 4627 1731 4661 ι
1771 4610 1943 4682 πάχος

360 4691 615 4764 ἐλαφρὸν,
631 4693 693 4746 16
734 4693 795 4759 ἐξ
836 4694 992 4764 ἁγίου
1019 4695 1336 4768 Πνεύματος
1364 4701 1524 4772 σῶμα
1571 4704 1945 4775 προσαγορεύ-

361 4798 481 4847 σας.
510 4786 621 4838 Καὶ
663 4784 822 4838 τοῦτο
855 4786 1144 4859 τοιγαροῦν
1176 4789 1237 4843 τὺ
1271 4790 1371 4861 τῆς
1408 4794 1742 4865 προφητείας
1778 4795 1943 4869 μέρος

359 4876 498 4949 πρὸς
540 4875 683 4941 λέξιν
729 4877 913 4942 τέλους
971 4878 1283 4951 ἐτύγχανεν,
1316 4882 1403 4935 ὅτε
1454 4884 1683 4952 ἄγγελος
1730 4886 1937 4957 Κυρίου

356 4967 494 5040 ιναρ
536 4968 815 5049 ἐπιφανεὶς
855 4966 975 5024 εἷπε
1019 4971 1098 5043 τῷ
1139 4973 1364 5044 Ἰωσήφσ
1398 4993 1416 5027 ι
1440 4976 1713 5048 Ἐγερθεὶς
1764 4981 1941 5051 παρά-

356 5059 489 5114 λασε
527 5061 591 5114 16
633 5062 867 5129 παιδίον,
897 5064 993 5117 καὶ
1039 5064 1139 5137 τὴν
1171 5066 1380 5138 μητέρα
1410 5067 1595 5133 αὑτοῦ,
1630 5071 1725 5123 καὶ
1770 5070 1937 5140 φεῦγε

357 5154 442 5217 εἰς
494 5153 810 5223 Αἴγυπτον,
863 5157 958 5212 καὶ
1012 5156 1121 5211 ἴσθι
1178 5160 1297 5212 ἐκεῖ
1341 5160 1444 5225 ἕως
1484 5161 1552 5215 ἂν
1605 5162 1745 5217 εῐπω
1779 5180 1879 5220 σοι.
1912 5183 1935 5219 ι

357 5244 495 5300 τότε
528 5245 660 5314 γοῦν
693 5248 855 5313 αὐτὸς
885 5250 915 5302 6
954 5248 1157 5323 Κύριος
1192 5251 1222 5304 6
1265 5251 1398 5318 Θεὸς
1441 5253 1610 5324 Λόγος
1646 5256 1936 5329 ὲπιπαρὼν

355 5338 424 5407 τῇ
456 5336 552 5389 τοῦ
588 5338 774 5403 παιδὸς
813 5340 1016 5413 ἡλικίᾳ,
1061 5343 1156 5395 καὶ
1189 5343 1247 5395 ὲν
1277 5345 1343 5414 τῇ
1390 5345 1645 5399 συστάσει
1678 5346 1842 5401 αὐτοῦ
1874 5348 1935 5417 ἐξ

357 5428 519 5497 ἁγίας
550 5430 846 5501 Παρθένου,
875 5435 1036 5503 σαρκὶ
1074 5434 1273 5506 παχείᾳ
1306 5435 1407 5506 μὲν
1450 5436 1584 5511 οῦσῃ
1614 5438 1703 5493 διὰ
1734 5439 1793 5492 16
1836 5440 1933 5512 τῆς

358 5520 679 5594 σωματικῆς
738 5520 870 5592 ὕλης
912 5523 1220 5576 ἀντίτυποψ
1269 5523 1478 5597 ἐλαφρᾷ
1522 5525 1582 5580 δὲ
1626 5528 1785 5583 πάλιν
1847 5528 1934 5584 διὰ

431 5674 605 5734 "lsa.
646 5692 759 5745 nx,
804 5676 918 5733 1-4.
996 5678 1039 5710 ³⁸
1074 5677 1371 5751 Μθιιίιηιι,
1421 5679 1505 5737 15.

2049 4510 2309 4566 nimirum
2367 4506 2829 4579 quemadmodum
2876 4505 3228 4563 Hebraeorum
3281 4503 3443 4559 habet
3484 4505 3625 4560 scri-

2049 4611 2232 4674 ptura,
2290 4609 2346 4656 et
2385 4600 2580 4669 Aquila
2632 4598 2849 4669 planius
2889 4596 3241 4669 signiﬁcavit,
3288 4611 3412 4652 cum
3453 4595 3623 4651 dixit:

2053 4713 2073 4747 ι
2100 4692 2241 4749 Ecce
2256 4692 2521 4749 Dominus
2538 4691 2790 4746 ascendit
2805 4705 2971 4761 super
2986 4689 3410 4745 crassitudinem
3429 4688 3621 4752 levem,

2046 4796 2100 4843 et
2126 4786 2277 4843 venit
2316 4787 2375 4840 in
2402 4785 2733 4857 Egyptum:
2762 4804 2780 4836 ι
2832 4782 3259 4838 crassitudinem
3291 4782 3484 4847 levem,
3508 4796 3627 4836 cor-

2050 4892 2153 4948 pus
2181 4877 2249 4933 de
2288 4875 2497 4947 Spiritu
2528 4882 2720 4931 sancto
2749 4881 3077 4943 conceptum
3108 4873 3415 4943 appellans.
3451 4870 3627 4944 Igitur

2043 4970 2210 5027 etiam
2244 4969 2362 5041 ipsa
2386 4970 2502 5025 haec
2530 4968 2828 5041 prophetiae
2854 4966 3123 5037 particula
3153 4966 3222 5021 ad
3248 4967 3474 5022 verbum
3497 4968 3622 5022 exi-

2044 5073 2159 5121 tum
2213 5065 2409 5121 sortita
2438 5071 2542 5130 est,
2595 5079 2704 5135 quo
2735 5071 2979 5134 tempore
3013 5063 3244 5133 angelus
3294 5059 3510 5116 Domini
3564 5061 3621 5117 in

2043 5158 2254 5215 somnis
2286 5159 2438 5214 visus
2486 5158 2588 5228 ipsi
2621 5156 2823 5228 Joseph
2866 5156 3042 5212 dixit:
3102 5154 3389 5226 «Surgens
3433 5154 3622 5227 accipe

2045 5265 2296 5322 puerum,
2344 5260 2399 5308 et
2444 5262 2674 5308 matrem
2703 5253 2847 5323 ejus,
2877 5258 2931 5307 et
2977 5251 3101 5321 fuge
3130 5252 3185 5305 in
3216 5249 3537 5323 Egyptum,
3567 5258 3621 5304 et

2031 5353 2151 5402 esto
2202 5344 2279 5402 ibi
2332 5385 2346 5411 ,
2389 5344 2563 5403 donec
2593 5346 2772 5401 dicam
2798 5346 2896 5400 tibi
2920 5346 2984 5398 ⁸⁵.
3018 5363 3037 5398 ι
3072 5344 3236 5415 297
3267 5342 3423 5398 Tunc
3451 5343 3622 5415 igitur

2041 5438 2160 5509 ipse
2190 5436 2455 5496 Dominus
2486 5439 2631 5494 Deus
2678 5437 2940 5504 Verbum,
2988 5439 3251 5510 puerilem
3280 5444 3495 5492 aetatem
3536 5437 3620 5490 in-

2047 5545 2293 5601 gressus,
2332 5539 2387 5587 ct
2430 5546 2531 5589 suo
2576 5534 2816 5604 corpori,
2852 5533 2998 5606 quod
3043 5547 3107 5590 ex
3159 5538 3350 5589 sancta
3400 5527 3620 5602 Virgine
