4080 6416
524 277 617 333 471
1193 277 1460 335 EUSEBII
1489 277 1968 336 CESARIENSIS
1995 279 2144 335 OPP.
2188 276 2365 332 PARS
2404 275 2466 332 ll.
2509 309 2577 316 —
2608 273 3099 332 APOLOGETICA.

3663 269 3766 325 ιτς

531 408 830 471 acceperat,
865 396 1190 466 coniunctus
1221 399 1389 468 (quod
1419 415 1552 453 sane
1583 415 1804 470 corpus,
1840 415 2088 455 crassum

2196 399 2255 452 τὸ
2287 397 2570 471 κρείττονα
2604 397 2636 468 ἢ
2673 395 2793 449 καθ’
2831 397 2978 466 ἡμᾶς
3011 391 3167 447 εἶναι.
3213 391 3323 446 Καὶ
3354 393 3553 466 νεφέλῃ
3586 391 3760 470 κούφῃ

531 491 743 562 quidem
773 497 888 544 erat
916 488 986 543 ob
1014 502 1290 558 corporeae
1326 491 1564 543 materiae
1616 489 1896 544 duriorem
1928 498 2091 544 natu-

531 597 678 649 ram;
728 592 784 634 at
850 595 1044 634 rursus
1088 579 1227 643 leve,
1285 597 1350 635 eo
1383 581 1527 650 quod
1560 583 1909 651 praestantius
1947 589 2093 636 esset

529 690 689 747 quam
717 688 779 728 ea
809 689 930 742 quae
958 673 1024 726 ad
1057 688 1158 728 nos
1185 673 1478 742 pertinent,
1511 690 1577 729 ex
1612 690 1722 744 quo
1751 675 1913 728 etiam
1959 673 2093 728 levis

528 767 703 821 nubes
733 766 1069 828 nominatur,
1106 775 1391 834 propterea
1423 767 1567 835 quod
1606 782 1713 820 non
1748 782 1811 821 ex
1847 767 2095 834 volupta-

527 861 608 912 ria
633 856 1004 924 corruptione,
1047 856 1141 909 sed
1175 856 1241 909 de
1285 854 1487 926 Spiritu
1533 865 1724 911 sancto
1756 857 2090 926 constabat),

525 951 584 1003 in
616 956 763 1002 terra
794 945 1176 1018 Egyptiorum
1205 947 1542 1002 diversatur.
1583 948 1762 1002 Causa
1790 958 1968 1001 autem
1995 965 2093 1003 cur

515 1041 654 1094 .lluc
700 1041 1017 1102 accesserit,
1067 1040 1336 1094 rationem
1400 1040 1541 1093 hanc
1588 1040 1769 1095 habet.
1824 1041 2092 1106 Quoniam

527 1133 669 1187 enim
699 1132 754 1186 in
788 1130 1022 1203 Egvpto
1077 1133 1290 1186 initium
1333 1132 1613 1200 accepisse
1652 1147 1713 1187 ea
1748 1147 1868 1202 qua:
1908 1133 1973 1187 ad
2007 1148 2093 1187 er-

527 1241 702 1280 rorem
745 1224 960 1279 colendi
1019 1225 1310 1278 simulacra
1360 1226 1653 1294 pertinent,
1698 1233 2088 1286 memorantur,

527 1323 581 1370 et
615 1314 944 1368 videbantur
973 1317 1217 1368 omnium
1250 1315 1529 1367 hominum
1562 1313 2091 1384 superstitiosissimi

525 1420 646 1460 esse
679 1404 942 1476 Egyptii,
970 1405 1286 1474 inimicique
1326 1414 1490 1474 atque
1532 1405 1717 1460 hostes
1756 1405 1941 1474 populi
1975 1404 2090 1473 Dei,

526 1498 947 1567 longissimeque
987 1514 1016 1550 a
1051 1497 1330 1567 prophetis
1361 1497 1570 1558 abesse,
1618 1497 1812 1550 merito
1856 1497 2092 1566 primum

526 1590 666 1658 apud
712 1589 834 1644 illos
881 1588 976 1642 Dei
1015 1591 1189 1644 virtus
1232 1598 1566 1643 commorata
1595 1596 1716 1644 est:
1759 1599 2093 1658 quapropter

527 1682 649 1748 plus
681 1680 823 1749 apud
853 1679 1160 1751 Egyptios,
1199 1695 1361 1749 quam
1401 1681 1541 1748 apud
1586 1695 1778 1734 onmes
1820 1680 1959 1734 alios
1989 1680 2088 1732 ho—

526 1772 723 1836 mines,
747 1773 1075 1842 evangelicae
1104 1773 1249 1826 illius
1273 1771 1539 1825 doctrinae
1569 1772 1794 1825 verbum
1828 1773 2086 1824 invaluit:

524 1879 594 1916 ex
636 1877 746 1932 quo
775 1863 955 1932 ipsum
999 1861 1286 1915 Dominum
1333 1862 1403 1915 ad
1460 1863 1583 1917 illos
1630 1877 2004 1924 accessurum,
2039 1871 2094 1916 et

526 1968 653 2006 eum
693 1953 802 2007 illis
849 1960 1186 2005 moraturum
1230 1966 1469 2020 praesens
1527 1951 1808 2020 prophetia
1861 1952 2088 2006 divinat.

523 2041 593 2096 At
618 2058 726 2096 non
785 2042 1071 2113 Egyptios
1119 2042 1171 2094 in
1206 2050 1404 2096 terram
1450 2040 1760 2096 Judazorum
1806 2052 2088 2107 venturos,

525 2149 702 2203 neque
762 2132 1156 2202 Hierosolyma,
1196 2143 1254 2186 ut
1310 2133 1383 2186 ibi
1428 2133 1577 2185 illum
1625 2134 1875 2199 adorent,
1919 2151 2094 2204 neque

523 2239 654 2276 vero
690 2223 886 2276 ibidem
929 2221 1071 2275 inter
1099 2220 1317 2276 Iudaeos
1371 2238 1437 2277 ex
1486 2223 1555 2278 iis
1594 2239 1717 2293 qua:
1751 2240 1780 2276 a
1823 2222 1969 2279 Mose
2011 2225 2094 2277 in-

523 2314 712 2367 stituta
767 2319 897 2367 sunt
945 2315 1406 2384 peregrinaturos,
1464 2330 1640 2386 neque
1692 2315 2094 2370 sacrificaturos

522 2405 575 2456 in
617 2418 705 2468 eo,
736 2404 881 2473 quod
923 2412 1007 2459 est
1051 2405 1104 2458 in
1154 2404 1479 2470 Jerusalem,
1527 2407 1716 2462 altari:
1756 2407 1850 2462 sed
1897 2407 2092 2461 horum

522 2496 741 2566 quidem
782 2496 918 2550 nihil
950 2511 1178 2565 prorsus
1221 2497 1295 2549 ait
1342 2496 1611 2561 futurum,
1657 2506 1711 2550 at
1759 2499 1936 2568 ipsum
1989 2497 2092 2551 Do-

522 2591 729 2643 mitium
794 2588 1070 2644 aditurum
1121 2588 1429 2660 Egyptios,
1480 2598 1532 2649 ω
1573 2606 1673 2645 suo
1713 2592 1946 2646 adventu
1996 2591 2092 2645 lio-

519 2686 701 2738 mines
743 2685 1109 2756 dignaturum,
1157 2700 1590 2754 magnorumque
1639 2686 1906 2739 bonorum
1957 2685 2088 2754 ipsis

522 2783 801 2829 auctorem
856 2775 1126 2828 futurum.
1156 2773 1499 2828 Directuram
1530 2776 1796 2844 siquidem
1821 2774 2092 2844 perfectu-

513 2873 748 2935 'ramque
792 2867 940 2920 illius
984 2868 1126 2920 inter
1169 2866 1291 2920 illos
1337 2868 1846 2928 commorationem,
1879 2879 1942 2919 ca
1971 2880 2092 2934 quae

516 2955 629 3024 iam
654 2972 711 3011 re
737 2957 853 3025 ipsa
888 2965 1011 3027 post
1043 2956 1344 3011 Salvatoris
1377 2959 1550 3010 nostri
1590 2955 1720 3011 Jesu
1755 2955 1957 3010 Christi
1994 2955 2091 3008 ad-

2195 485 2590 556 ὀνομαζομένῃ,
2623 485 2709 538 διὰ
2739 485 2800 536 τὸ
2840 485 2912 555 μὴ
2945 483 3004 548 ἐξ
3036 480 3341 555 ἡδυπαθοῦς
3375 483 3601 554 φθορᾶς,
3628 483 3760 538 ἀλλά

2195 579 2254 644 ἐξ
2298 579 2451 647 ἁγίου
2491 577 2804 648 Πνεύματος
2850 576 3140 646 συστῆναι,
3183 578 3248 646 τῇ
3307 574 3411 628 τῶν
3451 576 3760 643 Αἰγυπτίων

2196 671 2452 741 ἐπιδημεῖ
2495 668 2665 740 χώρᾳ.
2723 669 2787 719 Ἦ
2832 668 2875 720 δ’
2919 669 3064 720 αίτία
3110 668 3207 737 τῆς
3243 668 3420 719 ἐκεῖσε
3471 666 3759 737 ἐπιδημίας

2196 762 2357 816 αὑτοῦ
2405 762 2591 815 τοῦτον
2635 761 2748 832 ἔχει
2805 762 2894 813 τὸν
2946 761 3118 828 λόγον.
3172 760 3323 812 Ἐπεὶ
3371 758 3479 828 γὰρ
3519 760 3578 811 ἐν
3623 759 3757 831 αὐτῇ

2197 855 2386 928 πρώτῃ
2419 853 2683 926 κατάρξαι
2724 853 2794 906 τά
2825 853 2923 924 τῆς
2955 851 3338 922 εἰδωλολάτρου
3374 851 3580 922 πλάνης
3623 869 3761 923 μνη-

2198 948 2512 1020 μονεύεται,
2562 947 2778 1001 ἐδόκουν
2821 962 2879 998 τε
2932 945 3145 998 πάντων
3181 943 3480 1014 ἀνθρώπων
3529 943 3762 1014 μάλιστα

2192 1040 2740 1110 δεισιδαιμονέστατοι
2789 1036 3094 1106 τυγχάνειν,
3143 1034 3324 1105 ἐχθροί
3370 1050 3429 1085 τε
3478 1029 3618 1088 εἶναι
3666 1033 3762 1087 καὶ

2195 1132 2440 1203 πολέμιοι
2481 1132 2572 1184 τοῦ
2621 1129 2752 1184 λαοῦ
2802 1129 2892 1182 τοῦ
2926 1128 3083 1190 Θεοῦ,
3129 1127 3238 1180 τῶν
3279 1125 3569 1196 προφητῶν
3621 1126 3764 1179 κατά

2195 1223 2443 1276 πλεῖστον
2473 1224 2595 1276 ὅσον
2629 1221 2959 1291 ἀφεστῶτες·
2995 1221 3219 1282 εἰκότως
3247 1219 3428 1281 αὐτοῖς
3459 1216 3696 1287 πρώτοις
3725 1220 3759 1288 ὴ

2193 1317 2286 1370 τοῦ
2320 1316 2453 1370 Θεοῦ
2480 1317 2670 1385 ἐφίστη
2705 1314 2950 1384 δύναμιςδ
2981 1314 3058 1366 διὸ
3091 1313 3184 1366 καὶ
3219 1312 3434 1364 πάντων
3461 1308 3763 1381 ἀνθρώπων

2197 1409 2395 1479 μᾶλλον
2429 1410 2557 1479 παρ’
2584 1408 2899 1476 Αἰγυπτίοις
2938 1406 3154 1477 ἴσχυσεν
3201 1407 3229 1456 ὁ
3271 1405 3370 1474 τῆς
3403 1401 3765 1472 εύαγγελικῆς·

2196 1503 2356 1557 αὑτοῦ
2391 1503 2736 1566 διδασκαλίας
2779 1503 2953 1570 λόγος.
2993 1501 3152 1554 Ὅθεν
3197 1503 3229 1570 ὴ
3264 1497 3512 1569 παροῦσα
3547 1513 3762 1568 προφη-

2193 1596 2312 1650 τεία
2341 1595 2501 1649 αὐτὸν
2533 1596 2716 1658 αὐτοῖς
2754 1594 3109 1665 ἐπιδημήσειν
3141 1591 3232 1644 τὸν
3267 1591 3471 1661 Κύριον
3497 1585 3760 1652 θεσπίζει,

2196 1687 2310 1740 ἀλλ’
2343 1687 2465 1756 οὐχ).
2505 1687 2628 1748 τοὺς
2674 1686 3000 1754 Αἰγυπτίους
3032 1684 3179 1754 ἥξειν
3229 1685 3308 1746 εἰς
3353 1683 3451 1753 τὴν
3494 1678 3762 1734 Ἰουδαίων

2196 1781 2406 1851 χώραν,
2441 1779 2560 1833 οὐδέ
2606 1795 2669 1847 γε
2719 1780 2798 1840 εἰς
2856 1776 2925 1830 τὰ
2983 1773 3326 1846 Ἱεροσόλυμα
3367 1772 3762 1843 προσκυνήσειν

2193 1871 2360 1942 αὐτῷ,
2393 1871 2500 1925 οὐδ’
2533 1870 2782 1930 ἐνταῦθα,
2807 1868 2947 1922 κατά
2978 1867 3045 1921 τά
3085 1869 3238 1937 παρά
3272 1865 3495 1919 Μωῡσεῖ
3536 1878 3766 1934 προστε-

2193 1965 2457 2036 ταγμένα,
2493 1962 2948 2037 προσηλυτεύσειν
2985 1959 3275 2022 Ἰουδαίοις,
3309 1957 3428 2011 ούδέ
3461 1955 3643 2010 θύσειν
3674 1953 3764 2007 θυ-

2196 2058 2316 2122 σίας
2347 2060 2404 2111 ἐν
2437 2057 2513 2129 τῷ
2542 2057 2680 2129 πρὸς
2709 2059 2774 2126 τῇ
2818 2053 3170 2125 Ἰερουσαλὴμ
3213 2049 3600 2121 θυσιαστηρίῳ
3627 2047 3764 2102 ἀλλὰ

2191 2149 2396 2204 τούτων
2432 2150 2530 2219 μέν
2561 2146 2778 2200 ἔσεσθαί
2807 2162 2969 2216 φησιν
2999 2143 3180 2206 οὐδὲν,
3208 2141 3300 2194 τὸν
3340 2140 3397 2192 δέ
3428 2137 3632 2209 Κύριον
3663 2137 3763 2190 αὑ-

2193 2240 2285 2296 τὸν
2340 2241 2701 2311 ἐπιδημήσειν
2750 2241 2863 2300 τοῖς
2914 2233 3250 2304 Αἰγυπτίοις,
3305 2235 3400 2286 καί
3442 2231 3543 2302 τῆς
3596 2227 3765 2283 αὐτοῦ

2193 2334 2496 2405 παρουσίας
2546 2329 2905 2396 καταξιώσειν
2950 2329 3076 2389 τοὺς
3115 2325 3345 2396 ἄνδρας,
3395 2322 3646 2394 μεγάλων
3700 2337 3761 2373 τε

2193 2422 2409 2492 ἀγαθῶν
2456 2419 2888 2492 καταστήσεσθαι
2931 2418 3100 2471 αἴτιον
3147 2418 3350 2478 αὐτοῖς.
3381 2411 3764 2484 Κατορθώσειν

2193 2514 2324 2584 γοῦν
2367 2512 2532 2567 αὐτοῦ
2573 2511 2669 2582 τὴν
2712 2511 3002 2581 ἐπιδημίαν
3047 2507 3250 2569 ταῦτα,
3280 2507 3421 2576 ειπερ
3453 2504 3546 2556 καὶ
3582 2505 3764 2566 αὐτοῖς

2195 2604 2373 2675 ἔργοις
2405 2603 2540 2674 μετά
2572 2601 2668 2672 τὴν
2702 2600 2792 2653 τοῦ
2825 2600 3076 2670 Σωτῆρος
3101 2595 3257 2668 ἡμῶν
3301 2595 3476 2667 Ἰησοῦ
3505 2592 3599 2647 τοῦ
3625 2595 3763 2664 Χρι-

2195 2694 2320 2746 στοῦ
2367 2691 2686 2761 ἐπιφάνειαν
2721 2691 3030 2742 συνίσταται
3072 2685 3492 2758 πεπληρωμένα.
3541 2682 3678 2738 Τίνα
3705 2683 3763 2737 δὲ

2191 2780 2281 2855 ἦν,
2339 2780 2676 2852 θεασώμεθα.
2729 2782 2789 2834 Ol
2850 2782 2976 2853 πρὶν
3025 2781 3125 2852 τὴν
3171 2778 3443 2846 Αἴγυπτον
3489 2775 3763 2838 οἰκοῦντες

2193 2875 2385 2945 φαῦλοι
2430 2874 2523 2927 καὶ
2579 2872 2838 2943 μοχθηροὶ
2887 2872 3158 2942 δαίμονες,
3200 2869 3258 2934 ἐξ
3297 2867 3490 2931 αίῶνος
3548 2867 3760 2936 μακροῦ

2191 2969 2301 3030 τοῖς
2337 2965 2540 3030 ξοάνοις
2573 2963 2994 3034 ἐμφωλεύοντες,
3034 2962 3130 3015 καὶ
3161 2960 3258 3024 τὰς
3296 2959 3404 3012 τῶν
3448 2957 3764 3027 Αἰγυπτίων

519 3059 762 3110 ventum,
795 3049 1059 3117 completa
1092 3059 1425 3114 cernuntur;
1460 3064 1579 3117 quae
1612 3063 1773 3118 porro
1817 3048 1929 3103 haec
1951 3048 2082 3111 sint,

2193 3059 2367 3129 ψυχάς
2398 3057 2545 3129 πάσῃ
2576 3053 2990 3124 δεισιδαιμονίας
3036 3051 3212 3124 πλάνῃ
3239 3047 3723 3119 καταδουλούμενοι
3743 3088 3759 3112 ,

520 3139 898 3210 inSpiciamus.
935 3139 1090 3210 liqui
1124 3142 1278 3210 prius
1307 3141 1622 3196 incolebant
1651 3141 1965 3211 Egyptum,
2005 3143 2090 3196 vi-

518 3232 646 3285 tiosi
677 3232 939 3301 pravique
985 3231 1282 3296 daemones,
1337 3248 1433 3302 per
1482 3239 1648 3286 multa
1698 3234 1896 3287 saecula
1928 3233 1981 3286 in
2013 3234 2091 3286 si-

518 3323 782 3377 mulacris
830 3324 1126 3388 latitantes,
1189 3324 1512 3393 animasque
1534 3323 1916 3393 Egyptiorum
1938 3326 2088 3378 omni

517 3414 923 3484 superstitionis
947 3417 1121 3470 errori
1141 3415 1455 3470 addicentes
1485 3431 1548 3470 ac
1569 3417 1944 3485 subjicientes,
1963 3433 2088 3471 cum

519 3506 824 3560 sensissent
868 3524 1061 3561 novam
1102 3506 1396 3577 quamdam
1444 3508 1792 3577 divinamque
1834 3509 2088 3564 virtutem

520 3597 589 3650 ad
621 3613 679 3650 se
704 3601 1022 3658 accessisse.
1068 3599 1213 3651 illico
1270 3599 1525 3651 commoti
1572 3607 1717 3661 sunt,
1767 3608 1821 3652 et
1862 3597 2091 3652 ﬂuctua-

517 3691 720 3743 tionem
769 3705 830 3745 ac
878 3691 1338 3759 perturbationem
1387 3691 1443 3744 in
1499 3691 1695 3759 seipsis
1728 3691 2086 3759 pertulerunt,

519 3796 723 3850 corque
757 3781 1001 3850 ipsorum
1065 3791 1118 3836 et
1166 3783 1246 3836 vis
1296 3782 1630 3852 intelligendi
1679 3781 2007 3837 intrinsecus
2035 3783 2090 3837 in

521 3874 654 3940 ipsis
671 3874 919 3926 convicta
958 3881 1106 3936 sunt,
1138 3880 1528 3942 cesseruntque
1555 3888 1618 3927 ac
1648 3871 1828 3942 fugata
1852 3881 1980 3926 sunt
2020 3875 2088 3928 ab

518 3981 582 4018 ea
614 3966 830 4028 virtute,
862 3981 984 4034 quae
1013 3967 1189 4019 visum
1223 3966 1486 4036 eﬂ‘ugiens
1531 3966 1652 4019 illos
1702 3967 2086 4035 compellebat,

517 4065 576 4109 et
620 4057 762 4127 ignis
793 4058 969 4112 instar
1004 4057 1265 4112 ineﬂ‘abili
1298 4057 1532 4127 quadam
1564 4059 1772 4112 ratione
1802 4057 2086 4112 adurebat.

521 4147 586 4200 Et
634 4155 765 4202 tunc
799 4148 1022 4218 quidem
1076 4148 1429 4202 invisibiliter
1463 4147 1740 4203 daemones
1783 4150 1909 4202 talia
1939 4150 2088 4217 passi

520 4245 670 4302 sunt,
702 4254 825 4292 cum
859 4238 1107 4292 Salvator
1145 4247 1331 4294 noster
1359 4237 1519 4294 Iesus
1551 4239 1804 4296 Christus
1838 4241 1889 4294 in
1923 4240 2090 4312 Egy-

519 4337 674 4398 ptum
705 4343 827 4382 cum
860 4323 1060 4383 visibili
1091 4343 1321 4398 corpore
1349 4329 1617 4397 pervenit.
1654 4329 1820 4399 298
1865 4329 1932 4382 At
1964 4346 2090 4385 vero

2194 3148 2599 3219 συναισθόμενοι
2629 3146 2788 3217 ξένης
2825 3145 2968 3208 τινὸς
3000 3145 3094 3198 καὶ
3123 3143 3302 3197 ἐνθέου
3330 3140 3609 3210 δυνάμεως
3639 3140 3764 3192 ἐπι-

2189 3239 2465 3313 δημούσης
2511 3237 2731 3300 αὐτοῖς,
2783 3237 2982 3289 αὐτίκα
3031 3232 3403 3287 συνεκινοῦντο
3449 3231 3619 3297 σάλονῖ
3668 3231 3766 3284 καὶ

2191 3336 2376 3390 κλόνον
2405 3337 2462 3386 ἐν
2487 3335 2699 3394 ἑαυτοῖς
2733 3331 3050 3398 πάσχοντες,
3082 3328 3116 3398 ἦ
3141 3344 3198 3378 τε
3233 3325 3427 3397 καρδία
3453 3322 3633 3377 αὐτῶν
3665 3321 3764 3375 καὶ

2190 3425 2498 3497 διανοητικὴ
2518 3423 2745 3493 δύναμις
2774 3423 2972 3492 ἡττᾶτο
3010 3420 3154 3472 ἐνδον
3194 3420 3250 3470 ἐν
3280 3418 3510 3478 ἐαυτοῖς,
3545 3415 3765 3483 ὑποχω-

2195 3519 2361 3591 ροῦσα
2400 3519 2495 3571 καὶ
2536 3515 2807 3586 νικωμένη
2845 3512 2949 3565 ὑπὸ
2993 3512 3093 3583 τῆς
3133 3509 3376 3582 ἀοράτως
3411 3504 3765 3560 συνελαυνού-

2194 3628 2314 3682 σης,
2344 3609 2437 3662 καὶ
2467 3607 2634 3679 πυρὸς
2680 3605 2836 3674 δίκην
2877 3605 3099 3675 ἀρρήτῳ
3147 3601 3289 3670 λόγῳ
3324 3596 3627 3668 φλεγούσης
3663 3593 3768 3648 αὐ-

2190 3704 2314 3764 τοὺς
2345 3699 2644 3770 δυνάμεως.
2687 3696 2845 3749 Ἀλλά
2874 3698 2994 3747 τότε
3025 3695 3120 3764 μὲν
3147 3693 3391 3764 ἀοράτως
3423 3691 3470 3742 οἱ
3508 3688 3763 3757 δαίμονες

2190 3795 2363 3849 ταῦτα
2411 3792 2646 3861 ἔπασχον
2692 3788 2784 3842 ἐπὶ
2827 3791 2892 3859 τῇ
2937 3786 3033 3840 τοῦ
3084 3786 3334 3855 Σωτῆρος
3375 3780 3533 3852 ἡμῶν
3585 3777 3764 3850 Ἰησοῦ

2190 3883 2424 3956 Χριστοῦ
2449 3886 2527 3944 εἰς
2558 3881 2655 3952 τὴν
2678 3881 2946 3947 Αἴγυπτον
2973 3877 3218 3948 ἐνσάρκῳ
3249 3872 3525 3944 ἐπιδημίᾳ..
3543 3869 3762 3938 Ἐπειδὴ

2189 3978 2247 4030 δὲ
2299 3976 2436 4048 μετά
2465 3974 2634 4028 ταῦτα
2683 3971 2904 4044 γυμνῶς
2956 3970 3057 4040 ἤδη
3103 3967 3286 4020 λοιπὸν
3329 3964 3388 4017 τὸ
3433 3962 3562 4034 περὶ
3596 3959 3766 4015 αὐτοῦ

2191 4067 2517 4136 Εὑαγγέλιον
2546 4070 2657 4130 τοῖς
2691 4063 3021 4133 Αἰγυπτίοις,
3058 4057 3340 4130 ώσπεροῦν
3371 4055 3465 4109 καὶ¹
3500 4057 3611 4118 τοῖς
3647 4053 3765 4106 λοι-

2193 4163 2310 4223 ποίς
2344 4159 2570 4221 ἔθνεσιν,
2605 4157 2960 4228 ἐκηρύττετο,
2994 4154 3113 4223 ἦτε
3145 4151 3373 4220 ἀόρατος
3405 4143 3570 4200 αὐτοῦ
3603 4143 3766 4197 δύνα-

2195 4269 2284 4321 μις
2331 4251 2426 4304 σὺν
2459 4252 2568 4313 τοῖς
2613 4247 2926 4309 ἀποστόλοις
2959 4242 3120 4297 αὐτοῦ
3157 4241 3334 4313 παρῆν
3369 4239 3592 4310 ἀφανῶς
3623 4256 3766 4309 συμ-

2193 4341 2505 4411 πράττουσα
2549 4339 2761 4400 αὑτοῖς,
2794 4337 2888 4389 καὶ
2921 4333 3272 4404 συνεργοῦσα,
3319 4331 3411 4384 καὶ
3460 4327 3767 4396 καταγγέλ-

519 4439 808 4498 Ροειιιιιεηι
859 4428 1019 4497 plane
1066 4427 1178 4496 jam
1229 4427 1402 4496 ipsius
1437 4425 1783 4495 Evangelium
1820 4425 1886 4478 ad
1919 4425 2087 4496 Egy-

2193 4432 2355 4486 λουσα
2403 4431 2470 4484 δι’
2518 4429 2694 4484 αὐτῶν
2747 4429 2846 4497 τὴν
2896 4427 3092 4496 εὐσεϐῆ
3156 4423 3498 4478 διδασκαλίαν
3561 4418 3720 4475 αὑτοῦ
3743 4459 3769 4484 ι

520 4517 686 4585 ptios,
729 4518 871 4570 sicut
898 4515 966 4568 ad
1001 4517 1240 4584 reliquas
1270 4521 1458 4584 gentes
1484 4516 1752 4584 perlatum
1785 4524 1890 4578 est,
1919 4523 1973 4570 et
2014 4519 2090 4570 in-

519 4606 754 4661 visibilis
783 4606 904 4675 ejus
933 4607 1131 4669 virtus,
1171 4622 1278 4660 una
1302 4622 1425 4661 cum
1446 4607 1566 4676 ejus
1599 4607 1867 4678 apostolis
1895 4607 2088 4671 adfuit,

520 4713 642 4768 qua».
676 4700 907 4752 latenter
945 4699 1069 4753 illos
1099 4698 1405 4768 adjuvaret,
1450 4706 1503 4753 et
1532 4715 1639 4752 una
1667 4715 1793 4753 cum
1839 4699 1947 4754 illis
1975 4714 2088 4754 rem

522 4790 909 4860 negotiumque
936 4799 1167 4858 gereret,
1199 4805 1266 4844 ac
1305 4806 1403 4861 per
1432 4807 1528 4847 eos
1574 4791 1882 4861 religiosam
1916 4791 2090 4860 piam-

520 4896 626 4948 que
658 4880 831 4950 ipsius
853 4881 1158 4936 doctrinam
1194 4881 1574 4942 denuntiaret,
1606 4898 1886 4953 unumque
1911 4882 2088 4938 solum

521 4984 585 5022 ac
618 4985 806 5024 verum
848 4970 1016 5026 Deum
1071 4971 1254 5026 colere
1285 4971 1690 5036 adhortaretur,
1721 4980 1774 5026 et
1798 4986 1894 5026 eos
1926 4985 1956 5024 a
1981 4971 2091 5024 dte-

521 5060 777 5115 monibus
814 5069 1108 5126 averteret,
1147 5062 1238 5132 qui
1271 5063 1426 5132 prius
1454 5064 1666 5132 decepti
1707 5063 1958 5117 fuerant:
2000 5063 2089 5116 hic

519 5151 632 5220 jam
661 5161 773 5206 tum
805 5153 1074 5226 {Egyptiis
1107 5156 1248 5210 sicut
1277 5156 1442 5210 etiam
1471 5156 1701 5226 reliquis
1723 5155 1975 5226 gentibus
1998 5170 2086 5208 se-

529 5249 662 5302 ditio
691 5249 1000 5320 bellumque
1031 5252 1352 5307 intestinum
1397 5259 1648 5309 exortum
1683 5261 1787 5314 est,
1829 5266 1952 5305 cum
1995 5251 2088 5304 alii

519 5340 736 5409 quidem
771 5341 841 5394 ab
883 5357 1068 5398 errore
1093 5345 1305 5398 colendi
1355 5345 1537 5413 plures
1571 5343 1704 5398 deos
1739 5343 2076 5403 recederent,

517 5441 572 5487 ct
603 5432 668 5486 ad
695 5431 898 5487 Christi
935 5433 1026 5487 Dei
1060 5434 1294 5490 Verbum
1327 5443 1737 5498 concurrerent,
1776 5435 1865 5487 alii
1891 5450 2019 5488 vero
2057 5451 2087 5490 e

516 5525 796 5580 contrario
811 5524 908 5579 hos
930 5525 1078 5594 ipsos
1101 5535 1671 5598 oppugnarent,atque
1692 5527 1758 5580 ad
1773 5527 2084 5595 hujusmodi

520 5612 735 5668 facinus
784 5631 815 5667 a
864 5615 1184 5672 domesticis
1231 5617 1572 5672 daemonibus
1619 5620 1803 5674 furore
1847 5618 2082 5688 quodam

520 5691 948 5770 concitarentur,
996 5706 1131 5763 adeo
1167 5715 1222 5761 ut
1266 5706 1464 5763 fratres
1502 5725 1528 5761 a
1580 5709 1839 5766 fratribus
1872 5709 2077 5780 disjuno

2197 4523 2356 4593 μόνον
2380 4521 2471 4574 τὸν
2503 4521 2620 4586 ἕνα,
2645 4521 2737 4574 καὶ
2771 4519 2928 4590 μόνον
2959 4517 3128 4588 ἀληθῆ
3157 4512 3556 4570 Θεὸνιεύσεὸεῖν
3587 4530 3770 4584 παραμ-

2195 4616 2545 4686 κελευομένη,
2579 4614 2685 4668 τῶν
2721 4613 2777 4666 δέ
2823 4611 3087 4682 δαιμόνων
3119 4609 3244 4673 τοὺς
3295 4606 3460 4660 πάλαι
3489 4603 3767 4673 πεπλανη-

2201 4707 2391 4778 μένους
2434 4703 2736 4775 ἀφιστῶσαδ
2781 4700 3013 4757 ἐνταῦθα
3049 4699 3232 4754 λοιπὸν
3278 4698 3378 4769 ήδη
3424 4695 3762 4765 Αἰγυπτίοις,

2196 4794 2477 4867 ώσπεροῦν
2503 4793 2596 4847 καὶ
2625 4795 2737 4856 τοῖς
2776 4792 2980 4852 λοιποῖς
3021 4789 3197 4842 ἔθνεσι
3215 4829 3230 4854 ,
3260 4787 3445 4850 στάσις
3476 4785 3569 4839 καὶ
3609 4784 3767 4838 πόλε-

2200 4903 2298 4957 μος
2323 4885 2582 4956 ἐμφύλιος
2607 4885 2910 4947 συνίστατο,
2934 4880 3042 4935 τῶν
3079 4880 3178 4952 μὲν
3209 4877 3634 4950 ἀναχωρούντων
3665 4876 3766 4948 τῆς

2194 4977 2453 5031 πολυθέου
2478 4976 2706 5048 πλάνης,
2736 4976 2830 5030 καὶ
2853 4974 2931 5045 τῷ
2967 4971 3100 5026 Θεοῦ
3142 4969 3376 5042 Χριστοῦ
3424 4969 3567 5040 λόγῳ
3592 4983 3767 5041 προσ-

2193 5069 2490 5141 τρεχόντων
2509 5108 2523 5132 ,
2569 5067 2676 5121 τῶν
2719 5067 2776 5120 δέ
2816 5065 2875 5132 ἐξ
2921 5063 3165 5128 ἐναντίας
3206 5062 3413 5126 τούτοις
3462 5059 3766 5132 πολεμοῦν-η-

2193 5179 2321 5224 των,
2357 5161 2450 5215 καὶ
2480 5161 2584 5213 ὑπὸ
2610 5159 2716 5212 τῶν
2740 5158 2950 5213 οίκείων
2983 5157 3254 5226 δαιμόνων
3282 5153 3766 5224 ἐξοιστρουμένων,

2192 5254 2269 5317 ώς
2300 5254 2393 5307 καὶ
2423 5252 2686 5321 ἀδελφοὺς
2713 5251 2952 5320 ἀλλήλων
2984 5249 3286 5303 διίστασθαι
3306 5287 3322 5312 ,
3363 5245 3456 5299 καὶ
3487 5247 3613 5308 τοὺς
3647 5243 3769 5313 φιλ-

2193 5344 2384 5406 τάτους
2410 5344 2496 5396 διὰ
2540 5342 2708 5410 ξιφῶν
2746 5344 2941 5410 χωρεῖν
2987 5341 3084 5410 τῆς
3124 5340 3216 5393 τοῦ
3250 5337 3482 5412 Χριστοῦ
3509 5336 3767 5390 διδασκα-

2191 5435 2311 5499 λίας
2340 5437 2541 5488 ἕνεκεν.
2569 5435 2734 5506 Φησὶν
2761 5438 2788 5486 ό
2814 5435 3054 5504 χρησμός
3074 5452 3085 5464 ·
3126 5455 3143 5485 ι
3169 5435 3278 5488 Καὶ
3303 5431 3764 5503 ἐπεγερθήσονται

2192 5527 2476 5594 Αἰγύπτιοι
2509 5525 2594 5584 ἐπ’
2624 5523 2969 5591 Αἰγυπτίους,
3002 5524 3096 5577 καὶ
3139 5523 3433 5593 πολεμήσει
3475 5519 3764 5589 ἄνθρωπος

2193 5619 2282 5671 τὸν
2328 5618 2550 5686 ἀδελφὸν
2589 5615 2784 5680 αὐτοῦ,
2829 5617 2921 5668 καὶ
2969 5616 3247 5686 ἄνθρωπος
3284 5615 3375 5667 τὸν
3408 5611 3635 5681 πλησίον
3665 5608 3761 5663 αὐ·-

2192 5707 2302 5760 τοῦ.
2344 5727 2358 5756 ι
2395 5705 2681 5759 Πιστοῦται
2729 5706 2781 5759 δέ
2820 5707 2915 5778 τὴν
2961 5705 3294 5778 προφητικὴν
3339 5705 3640 5778 πρόρρησιν
3666 5701 3764 5755 καὶ
