4080 6416
265 351 359 412 4³15

1177 329 1831 406 DEMONSTRATIONIS
1865 340 2328 406 EVANGELIC£
2364 348 2492 404 LIB.
2535 349 2621 405 vr.

3396 353 3501 408 474

264 464 416 530 αὐτὸς
445 467 474 518 ό
498 464 694 535 Σωτὴρ
733 462 910 534 ἡμῶν,
943 462 1164 531 φάσκων
1213 464 1270 515 ὲν
1311 465 1426 525 τοῖς
1459 461 1826 530 Εύαγγελίοιςο

1938 471 2210 531 gerentur,
2238 471 2292 519 et
2317 448 2578 519 doctrinae
2604 443 2808 519 Christi
2837 479 3024 529 causa,
3049 468 3208 523 etiam
3237 469 3500 527 charissi-

269 579 287 614 ι
317 555 632 626 Παραδώσει
659 555 886 624 ἀδελφὸς
921 554 1146 622 ἀδελφὸν
1179 555 1255 617 εἰς
1297 552 1544 616 θάνατον,
1590 552 1683 605 καὶ
1725 569 1830 606 πα·-

1938 567 2051 606 mos
2107 553 2212 608 sibi
2245 553 2440 622 gladiis
2467 553 2860 622 transﬁgerent.
2893 554 2982 606 Ait
3007 555 3149 608 enim
3178 559 3492 612 oraculum:

261 651 358 722 τὴρ
406 649 625 714 τέκνον,
659 649 756 700 καὶ
798 646 1258 716 ἐπαναστήσονται
1302 645 1468 697 τέκνα
1511 643 1602 695 ἐπὶ
1631 646 1827 710 γονεῖς,

251 743 352 796 ’καὶ
382 738 782 793 θανατώσουσιν
823 736 1034 800 αύτούς.
1085 756 1102 786 ›
1145 736 1254 788 Καὶ
1285 731 1466 798 αὖθιςο
1503 753 1521 784 ι
1561 733 1650 805 Μὴ
1681 735 1831 805 νομί-

264 846 410 900 σητε,
444 830 525 881 ὅτι
569 823 733 897 ἦλθον
772 827 992 898 εἰρήνην
1033 824 1212 878 δοῦναι
1246 824 1302 875 ὲν
1324 827 1390 894 τῇ
1420 827 1510 893 γῇ,
1539 824 1659 892 ούχί
1689 823 1831 892 λέγω

266 923 408 992 ὑμῖν,
436 919 548 973 ἀλλ’
578 919 611 989 ἢ
650 917 1010 988 διαμερισμόν
1030 933 1043 946 ο
1085 915 1294 968 ἔσονται
1331 916 1441 986 γὰρ
1469 915 1576 969 ἀπὸ
1609 915 1702 968 τοῦ
1736 914 1830 967 νῦν

265 1013 417 1065 πέντε
444 1013 500 1063 ὲν
535 1011 668 1080 οἴκῳ
701 1009 782 1063 ἑνὶ
823 1008 1324 1079 διαμεμερισμένοι’
1361 1011 1512 1078 τρεῖς
1537 1009 1630 1060 ἐπὶ
1658 1008 1828 1070 δυσὶν,

262 1101 348 1158 καὶ
376 1100 470 1153 δύο
504 1100 594 1151 ἐπὶ
630 1099 794 1170 τρισί.
822 1096 1334 1168 Διαμερισθήσονται
1370 1097 1546 1169 πατὴρ
1585 1097 1674 1150 ἐπὶ
1708 1097 1828 1166 υἱῷ,

261 1193 348 1245 καὶ
391 1192 505 1254 υίὸς
547 1191 644 1243 επὶ
679 1188 867 1260 πατρὶ,
921 1190 1098 1260 μήτηρ
1140 1190 1231 1242 ἐπὶ
1269 1190 1368 1260 τὴν
1418 1189 1710 1261 θυγατέρα,
1740 1191 1832 1242 καὶ

261 1283 501 1354 θυγάτηρ
549 1283 644 1334 ἐπὶ
671 1281 770 1352 τὴν
815 1281 1048 1352 μητέρα,
1081 1279 1320 1352 πενθερὰ
1349 1280 1440 1333 ὲπί
1468 1280 1564 1351 τὴν
1591 1281 1829 1351 νύμφην,

260 1379 347 1431 καὶ
393 1378 581 1448 νύμφη
630 1376 723 1428 ἐπὶ
761 1375 858 1447 τὴν
901 1375 1186 1448 πενθεράν.
1236 1395 1254 1426 ι
1285 1376 1349 1428 Τί
1392 1375 1500 1448 γὰρ
1537 1375 1706 1430 ταῦτα
1734 1377 1831 1445 τῆς

259 1470 598 1542 προφητικῆς
631 1468 873 1539 διαφέροι
916 1466 981 1520 ἂν
1016 1466 1232 1536 φωνῆς,
1267 1467 1360 1518 ἐπὶ
1391 1471 1458 1538 τῇ
1503 1467 1594 1520 τοῦ
1629 1468 1831 1539 Κυρίου

259 1567 335 1628 εἰς
375 1564 652 1633 Αἴγυπτον
699 1560 972 1632 παρουσίᾳ.
1015 1557 1316 1628 λεγούσης,
1366 1557 1830 1630 ὲπεγερθήσεσθαι

256 1655 585 1724 Αἰγυπτίους
620 1655 740 1706 κατ’
770 1649 1110 1720 Αἰγυπτίων,
1141 1649 1234 1703 καὶ
1269 1649 1597 1722 πολεμήσειν
1623 1649 1835 1718 ἄνθρω-

257 1763 352 1799 πον
400 1745 491 1798 τὸν
531 1743 756 1811 ἀδελφὸν
783 1739 985 1804 adrui;
1020 1738 1132 1791 Kal.
1164 1736 1326 1808 νόμος
1363 1737 1419 1790 δὲ
1448 1740 1476 1791 ό
1504 1737 1603 1807 τῆς
1624 1735 1831 1806 Καινῆς

255 1834 529 1906 Διαθήκης
567 1831 659 1885 τοῦ
699 1829 934 1902 Χριστοῦ
981 1828 1072 1881 ἐπὶ
1119 1827 1282 1898 νόμον
1313 1825 1405 1880 τὸν
1438 1828 1536 1898 τῆς
1570 1824 1831 1879 πολυθέου

253 1923 682 1993 δεισιδαιμονίας
755 1919 1040 1991 ἠγείρετο,
1104 1918 1193 1971 ὅτε
1264 1917 1371 1970 τῶν
1433 1915 1834 1988 εἰδωλολατρῶν

254 2014 426 2069 ἐθνῶν
455 2017 617 2085 νόμος
638 2015 738 2084 τὴν
766 2011 1001 2084 Χριστοῦ
1048 2011 1301 2081 πολεμῶν
1338 2011 1704 2073 διδασκαλίαν,
1737 2011 1834 2063 πό-

253 2106 336 2171 λις
363 2124 425 2160 τε
463 2108 558 2162 καὶ
584 2107 827 2162 πολιτεία
865 2108 964 2178 τῆς
1004 2109 1062 2161 ὲν
1089 2104 1308 2180 Χριστῷ
1366 2104 1690 2175 Ἐκκλησίας
1722 2107 1834 2168 τοῖς

251 2201 360 2255 τῶν
407 2201 654 2255 ἀπίστων
701 2200 869 2254 ἐθνῶν
917 2201 1310 2271 πολιτεύμασιν
1357 2199 1700 2253 ἐπανίστατο.
1743 2199 1834 2252 Διὸ

253 2293 524 2346 λέλεκται·
559 2312 577 2344 ι
621 2293 781 2356 Πόλις
820 2293 914 2346 ἐπὶ
948 2293 1122 2357 πόλιν,
1158 2293 1253 2346 καὶ
1280 2291 1443 2363 νόμος
1467 2292 1559 2344 ἐπὶ
1591 2290 1771 2361 νόμον.
1808 2309 1826 2342 ι

257 2387 415 2442 Ἔστι
440 2385 495 2437 δὲ
518 2386 612 2438 ἐπὶ
631 2385 839 2449 τούτοις
863 2385 988 2450 τοὺς
1009 2385 1341 2453 Αἰγυπτίους
1367 2383 1575 2446 πάντας
1607 2383 1732 2446 τοὺς
1757 2384 1834 2434 εἰ·

250 2475 618 2548 δωλολάτρας,
657 2475 718 2530 τό
765 2493 824 2529 τε
850 2476 1103 2549 ὲνεργοῦν
1126 2479 1183 2529 ὲν
1220 2477 1402 2539 αὐτοῖς
1424 2473 1523 2545 τῆς
1556 2473 1834 2528 εἰδωλολα-

252 2569 440 2638 τρείας
473 2567 725 2638 πνεῦμα,
761 2569 990 2623 συνιδεῖν
1031 2568 1468 2640 ταραττομένους
1505 2567 1670 2619 εἰσέτι
1716 2565 1830 2632 νῦν,

250 2659 346 2712 καὶ
373 2659 547 2712 πολλὰ
582 2661 679 2730 μὲν
709 2659 1124 2730 βουλευομένους
1165 2659 1308 2714 κατὰ
1339 2661 1439 2732 τῆς
1472 2658 1563 2712 τοῦ
1598 2657 1832 2730 Χριστοῦ

248 2751 620 2815 διδασκαλίας,
655 2752 730 2816 ὡς
761 2753 826 2806 ἂν
883 2753 1122 2806 σϐέσοιεν
1170 2753 1360 2824 αὐτὴν,
1396 2753 1492 2806 xui.
1536 2751 1595 2816 ἐξ
1625 2751 1833 2823 ἀνθρὼ-

251 2859 370 2895 πων
403 2843 740 2910 ἁφανίσοιεν,
773 2843 1324 2915 διασκεδαννυμένους
1347 2843 1404 2895 δὲ
1423 2843 1527 2895 ὑπὸ
1551 2841 1646 2894 τοῦ
1674 2841 1831 2905 Θεοῦ,

252 2935 527 3005 φήσαντος
554 2936 610 2987 ὲν
643 2937 710 3006 τῇ
749 2937 1089 3008 προφητείαν
1126 2955 1143 2985 ι
1184 2935 1290 2988 Καὶ
1328 2934 1728 3006 ταραχθήσεται
1775 2933 1836 2986 τὸ

251 3025 473 3095 πνεῦμα
517 3025 629 3079 τῶν
677 3026 986 3095 Αἰγυπτίων
1029 3029 1085 3079 ὲν
1122 3027 1323 3091 αὐτοῖς,
1366 3027 1460 3081 καὶ
1508 3025 1606 3096 τὴν
1641 3025 1834 3096 βουλὴν

1937 658 1954 689 ‹
1987 641 2057 692 Et.
2110 643 2492 696 excitabuntur
2552 641 2791 712 Egyptii
2844 649 3033 696 contra
3086 643 3389 716 lEgyptios,
3444 654 3499 701 et

1933 732 2140 785 bellum
2175 741 2322 800 geret
2363 734 2526 786 homo
2568 740 2758 786 contra
2788 731 3010 786 fratrem
3038 748 3220 799 suum,
3249 743 3301 788 et
3333 736 3499 790 homo

1936 831 2133 877 contra
2177 823 2480 890 proximum
2528 838 2710 878 suum.
2745 841 2762 873 ι
2820 821 3118 876 Conﬁrmat
3157 832 3335 879 autem
3369 841 3498 896 pro-

1935 912 2208 982 plieticam
2247 911 2648 981 praedictionem
2683 912 2846 966 etiam
2889 913 3005 981 ipse
3034 913 3286 968 Salvator
3313 924 3498 972 noster

1935 1007 1990 1058 in
2035 1003 2364 1073 Evangeliis.
2396 1005 2622 1058 dicens:
2672 1023 2692 1055 ε
2721 1003 2922 1059 Tradet
2977 1003 3143 1059 frater
3190 1005 3411 1061 fratrem
3441 1008 3498 1064 in

1935 1103 2188 1157 mortem,
2221 1103 2275 1149 et
2305 1104 2457 1164 pater
2491 1096 2680 1158 ﬁlium,
2712 1104 2766 1149 et
2795 1106 3128 1167 consurgent
3173 1097 3268 1152 ﬁlii
3304 1099 3498 1155 adver-
3593 1078 3602 1086 ’

1934 1202 2029 1240 sus
2073 1193 2346 1256 parentes,
2397 1195 2452 1240 et
2512 1185 2835 1241 interﬁcient
2876 1202 2970 1242 eos
2992 1188 3054 1243 ⁸⁷.
3087 1206 3107 1239 ›
3151 1187 3217 1241 Ει
3262 1205 3493 1245 rursus:

1939 1277 2160 1332 «Nolite
2209 1286 2403 1347 putare
2446 1277 2592 1346 quod
2646 1277 2889 1331 venerim
2942 1293 3131 1348 pacem
3182 1278 3395 1335 mittere
3440 1280 3495 1335 in

1935 1377 2156 1432 terram,
2211 1384 2321 1422 non
2354 1367 2480 1423 dico
2501 1368 2673 1432 vobis,
2722 1367 2817 1424 sed
2865 1370 3302 1438 separationem;
3336 1379 3496 1426 erunt

1933 1462 2077 1517 enim
2106 1477 2170 1516 ex
2201 1462 2324 1528 hoc,
2359 1461 2602 1532 quinque
2635 1462 2687 1516 in
2716 1461 2881 1516 domo
2907 1477 3038 1526 una,
3071 1472 3182 1517 tres
3210 1460 3376 1519 divisi
3406 1464 3499 1519 ad-

1931 1573 2124 1612 versus
2163 1555 2321 1620 duos,
2377 1564 2430 1612 et
2456 1555 2564 1610 duo
2597 1555 2856 1612 adversus
2887 1563 3017 1610 tres.
3061 1554 3494 1625 Separabuntnr,

1932 1653 2084 1717 pater
2112 1654 2305 1700 contra
2341 1647 2530 1708 lilium,
2560 1654 2615 1700 et
2644 1646 2787 1701 ﬁlius
2818 1653 3007 1700 contra
3046 1654 3278 1715 patrem,
3324 1653 3500 1702 mater

1933 1743 2125 1790 contra
2150 1736 2340 1799 ﬁliam,
2370 1744 2424 1790 et
2456 1735 2562 1790 ﬁlia
2594 1744 2784 1791 contra
2808 1746 3058 1802 matrem,
3092 1751 3285 1792 socrus
3307 1744 3502 1793 contra

1862 1809 1906 1865 Β
1935 1841 2158 1892 nurum,
2211 1834 2266 1880 et
2310 1842 2484 1882 nurus
2517 1834 2708 1882 contra
2755 1843 2976 1883 socrum
3005 1829 3069 1884 ιε.
3103 1849 3122 1882 ι
3180 1829 3306 1885 Haec
3334 1832 3499 1901 ;enim

1933 1917 1990 1972 in
2035 1933 2142 1988 quo
2182 1919 2402 1975 tandem
2435 1934 2465 1972 a
2509 1935 2642 1974 voce
2689 1920 3010 1989 prophetica
3055 1920 3341 1988 diﬁ‘erunt,
3381 1937 3504 1992 quae

1933 2025 2042 2078 quo
2073 2016 2314 2080 tempore
2359 2009 2624 2066 Dominus
2684 2013 2739 2066 in
2780 2011 3073 2084 Egyptum
3114 2015 3385 2081 adveniet,
3428 2017 3503 2070 ait

1933 2111 2279 2157 surrecturos
2311 2100 2600 2173 Egyptios
2633 2111 2828 2158 contra
2869 2102 3195 2175 Egyptios?
3221 2113 3274 2160 et
3301 2106 3501 2161 bellum

1933 2201 2213 2264 gesturum
2276 2193 2550 2251 hominem
2605 2202 2802 2250 contra
2849 2195 3069 2251 fratrem
3110 2198 3308 2252 suum?
3349 2196 3502 2253 Tunc

1932 2301 2063 2341 vero
2097 2285 2232 2342 Novi
2283 2285 2621 2343 Testamenti
2652 2288 2758 2355 lex,
2789 2288 2947 2358 cujus
2989 2287 3242 2345 Christus
3291 2296 3504 2355 auctor,

1933 2386 2123 2432 contra
2158 2379 2329 2448 legem
2361 2380 2790 2450 superstitionis,
2821 2381 2876 2433 in
2911 2395 3019 2450 qua
3051 2381 3232 2450 plures
3259 2380 3334 2434 dii
3358 2382 3503 2436 cole-

1933 2466 2154 2531 bantur,
2200 2468 2462 2531 surrexit,
2494 2484 2617 2524 cum
2653 2469 2907 2523 videlicet
2936 2470 3176 2539 gentium
3208 2470 3500 2525 simulacra

1935 2557 2278 2612 adorantium
2331 2559 2436 2623 lex,
2477 2557 2682 2614 Christi
2723 2559 3030 2615 doctrinam
3065 2576 3406 2631 oppugnaris,
3447 2569 3504 2616 et

1934 2649 2130 2704 civitas
2160 2665 2223 2704 ac
2259 2652 2568 2721 respublica
2599 2651 2718 2720 ejus
2768 2651 3024 2707 Ecclesia).
3053 2667 3172 2722 qua:
3196 2653 3251 2706 in
3283 2651 3506 2708 Christo

1934 2741 2207 2806 consistit,
2239 2741 2502 2797 adversus
2529 2742 2668 2797 ritus
2687 2751 2849 2812 atque
2871 2743 3118 2798 instituta
3144 2759 3252 2798 non
3272 2744 3506 2800 creden-

1935 2834 2066 2886 tium
2085 2833 2362 2887 nationum
2387 2834 2646 2888 suscitata
2660 2843 2762 2890 est.
2788 2835 2865 2888 Ex
2886 2849 2993 2905 quo
3011 2835 3139 2890 illud
3157 2836 3360 2890 dictum
3383 2841 3504 2895 est:

1941 2945 1958 2976 ‹
1987 2924 2192 2979 Civitas
2207 2923 2472 2979 adversus
2493 2925 2790 2990 civitatem,
2811 2933 2864 2980 et
2885 2927 2971 2981 lex
2996 2927 3258 2982 adversus
3275 2927 3501 2998 legem.»

1935 3015 2137 3071 Deinde
2163 3017 2288 3072 licet
2318 3018 2478 3087 plane
2499 3016 2785 3087 [Egyptios
2801 3025 2854 3072 et
2869 3033 3058 3073 omnes
3084 3019 3502 3074 simulacrorum

250 3117 435 3170 αὐτῶν
465 3117 822 3172 διασκεδάσω.
855 3137 874 3170 ›
907 3119 1092 3191 Μυρία
1111 3119 1166 3172 δὲ
1201 3121 1300 3171 ὅσα
1322 3117 1708 3189 πυνθανόμενοι
1742 3117 1836 3169 καὶ

1938 3106 2196 3169 cultores,
2225 3121 2458 3176 eumque
2486 3107 2578 3176 qui
2615 3107 2667 3160 in
2687 3106 2822 3175 ipsis
2853 3107 2961 3161 vim
2999 3123 3153 3163 suam
3174 3115 3390 3164 exercet
3415 3125 3510 3166 su-

247 3209 639 3282 ὲπερωτῶντες
658 3209 778 3264 καθῗ
801 3211 834 3282 ἡ
844 3208 958 3282 μῶν
987 3208 1043 3263 ἔν
1059 3228 1119 3262 τε
1149 3212 1416 3282 χρησμοῖς
1442 3209 1536 3263 καὶ
1560 3209 1838 3280 μαντείαις

246 3305 374 3366 τοὺς
408 3302 568 3366 θεοὺς
597 3301 799 3366 αὐτῶν,
830 3303 1068 3364 καὶτοὺς
1094 3302 1152 3354 ὲν
1180 3303 1292 3364 τοῖς
1315 3301 1621 3372 ἀγάλμασιν
1655 3301 1841 3370 ἐμφω-

248 3393 508 3458 λεύοντας
540 3394 822 3465 δαίμονας,
865 3393 992 3456 τούς
1033 3410 1092 3446 τε
1139 3394 1305 3447 πάλαι
1348 3395 1405 3445 ἐν
1449 3393 1632 3454 αὐτοῖς
1670 3390 1839 3445 πολλὰ

247 3488 589 3558 δυναμένους
621 3485 1278 3558 ὲγγαστριμύθους,ούδέν
1311 3502 1363 3537 τι
1393 3484 1552 3538 πλέον
1582 3484 1641 3548 ἐξ
1661 3483 1838 3538 αὐτῶν

251 3578 457 3653 ἔχουσι.
491 3579 584 3632 Διό
619 3595 782 3650 φησιν
806 3579 833 3629 ὁ
855 3577 1009 3647 λόγος
1033 3595 1045 3608 ·
1086 3595 1104 3628 ι
1146 3577 1256 3631 Καὶ
1278 3577 1684 3648 ἐπερωτήσουσι
1716 3576 1838 3640 τοὺς

257 3671 413 3736 θεοὺς
463 3671 670 3736 αὐτῶν,
698 3672 792 3724 καὶ
818 3671 885 3724 τὰ
935 3671 1224 3742 ἀγάλματα
1259 3669 1458 3734 αὐτῶν,
1493 3671 1586 3722 καὶ
1614 3669 1738 3732 τοὺς
1758 3671 1840 3738 ἐγ-

248 3763 684 3837 γαστριμύθους.
718 3782 736 3814 ι
786 3762 923 3815 Ἀλλ’
973 3763 1229 3835 οὐδεμιᾶς
1271 3761 1399 3834 γὰρ,
1445 3763 1596 3832 φησὶ,
1629 3760 1842 3824 τεύξον-

245 3874 336 3914 ται
358 3856 623 3927 βοηθείας
655 3857 704 3908 οί
755 3856 847 3909 ἐπὶ
901 3857 1026 3920 τοὺς
1076 3855 1510 3926 πεπλανημένως
1552 3854 1840 3917 δοκοῦντας

244 3950 431 4003 αὐτῶν
464 3943 610 4001 εἶναι
647 3947 801 4011 θεοὺς
838 3947 1292 4017 καταφεύγοντες,
1326 3947 1446 3999 τότε
1475 3946 1710 4017 μάλιστα
1740 3947 1839 3998 αύ-

242 4045 373 4106 τοὺς
401 4040 502 4094 τοῦ
539 4039 673 4092 Θεοῦ
707 4039 916 4110 κυρίοις
947 4039 1200 4110 σκληροῖς
1234 4038 1328 4091 καὶ⁹
1356 4037 1633 4109 βασιλεῦσι
1663 4055 1840 4108 παρα-

235 4135 508 4198 δῶόντος,
545 4133 634 4185 ὅτε
668 4135 778 4194 τοῖς
837 4131 1086 4200 δαίμοσιν
1139 4131 1318 4184 αὐτῶν
1373 4129 1699 4200 πειθόμενοι,
1748 4131 1842 4183 καὶ

237 4229 333 4282 ὑπ’
369 4225 564 4280 αὐτῶν
615 4224 1018 4296 ὲνεργούμενοι,
1053 4224 1177 4287 τοὺς
1208 4223 1349 4277 κατὰ
1379 4223 1478 4292 τῆς
1520 4221 1843 4291 Ἐκκλησίας

232 4322 334 4379 τοῦ
366 4319 520 4373 Θεοῦ
550 4318 820 4387 διωγμοὺς
868 4317 1262 4388 ὲπεγείρουσιν.
1295 4315 1462 4368 Ἔνθα
1494 4332 1582 4385 μοι
1601 4315 1692 4367 τὸν
1720 4313 1843 4367 νοῦν

229 4413 596 4480 ἐπιστήσεις,
630 4409 749 4462 τίνα
779 4409 979 4481 τρόπον
1015 4409 1174 4480 μέχρι
1210 4407 1308 4478 μὲν
1338 4407 1436 4478 τῆς
1466 4406 1558 4460 τοῦ
1593 4407 1843 4482 Σωτῆρος

1940 3198 2275 3267 perstitionis
2291 3199 2540 3269 spiritum
2551 3239 2565 3262 ,
2583 3199 2785 3253 intueri
2801 3199 2961 3254 etiam
2977 3215 3123 3254 nunc
3137 3201 3504 3272 perturbatos,

1938 3288 2102 3359 299
2128 3297 2182 3344 et
2205 3295 2436 3344 multum
2461 3288 2680 3360 quidem
2709 3291 3112 3357 consultantes,
3142 3301 3196 3348 et
3222 3291 3512 3347 commini-

1940 3391 2158 3438 scentes
2187 3392 2379 3438 contra
2422 3385 2628 3441 Christi
2673 3383 2980 3440 doctrinam
3001 3425 3016 3450 ,
3048 3393 3108 3440 ut
3147 3401 3268 3440 eam
3301 3387 3511 3442 exstin-

1942 3480 2144 3542 guant,
2181 3480 2345 3542 atque
2385 3489 2451 3529 ex
2501 3474 2820 3530 hominibus
2847 3475 3101 3530 deleant:
3134 3475 3373 3546 dispergi
3407 3490 3510 3531 ευρ·

1940 3569 2048 3616 tem
2080 3577 2144 3616 ac
2174 3563 2431 3634 dissipari
2466 3581 2496 3619 a
2531 3565 2678 3630 Deo,
2710 3566 2803 3636 qui
2837 3567 2914 3619 ait
2944 3567 2997 3620 in
3030 3566 3148 3637 ipsa
3178 3567 3463 3636 prophetia
3492 3585 3506 3621 :

1946 3672 1963 3703 ι
1999 3653 2064 3706 Et
2091 3656 2509 3710 conturbabitur
2550 3657 2781 3727 spiritus
2815 3653 3186 3726 [Egyptiorum
3213 3656 3268 3709 in
3309 3658 3425 3722 eis,
3455 3665 3512 3712 et

1941 3747 2232 3800 consilium
2286 3761 2476 3801 eorum
2525 3747 2826 3816 dissipabo.
2859 3765 2877 3798 ι
2909 3746 3155 3814 Cumque
3201 3745 3512 3800 innumera-

1942 3842 2068 3896 bilia
2119 3838 2230 3895 sint
2278 3852 2397 3907 qua:
2441 3837 2779 3907 interrogent
2808 3851 2871 3890 ac
2903 3837 3255 3891 sciscitentur
3301 3835 3358 3888 in
3395 3850 3514 3890 ora-

1942 3933 2083 3987 culis
2117 3946 2202 3995 ac
2249 3929 2712 3992 divinationibus,
2766 3928 3058 3983 adversum
3108 3943 3247 3991 nos,
3301 3928 3514 3997 quoties

1942 4025 2073 4080 deos
2117 4038 2278 4087 suos,
2323 4031 2378 4078 et
2420 4021 2701 4076 latitantes
2743 4019 2800 4073 in
2847 4019 3158 4074 simulacris
3201 4019 3512 4082 dminonas,

1943 4125 1998 4172 et
2023 4130 2118 4170 eos
2143 4115 2236 4183 qui
2267 4112 2425 4183 prius
2462 4113 2519 4166 in
2550 4111 2686 4182 ipsis
2726 4110 2962 4165 multum
3006 4116 3288 4179 poterant,
3319 4109 3514 4180 pytho-

1944 4221 2044 4262 nas
2070 4245 2086 4271 ,
2122 4206 2330 4261 adeunt
2361 4223 2374 4259 :
2407 4204 2547 4258 nihil
2578 4211 2762 4256 tamen
2791 4199 3028 4270 amplius
3057 4215 3120 4255 ex
3154 4200 3261 4254 illis
3288 4199 3512 4254 habent.

1944 4296 2292 4367 Quapropter
2323 4294 2607 4350 oraculum
2640 4293 2718 4346 ait
2748 4311 2761 4346 :
2796 4309 2814 4342 ι
2841 4290 2909 4344 Et
2939 4289 3349 4360 interrogabunt
3383 4287 3515 4344 deos

1946 4407 2110 4457 suos,
2141 4397 2194 4445 et
2243 4388 2536 4443 simulacra
2579 4399 2716 4449 sua,
2761 4391 2814 4439 ct
2857 4382 3172 4454 pythonas.»
3193 4379 3299 4436 Sed
3336 4380 3514 4446 enim,

226 4471 411 4578 l3va
439 4469 638 4573 ’Ἰησοῦ
669 4469 905 4573 Χριστοῦ
928 4469 1245 4570 επξφᾴξιὲιαξ
1277 4469 1497 4562 οἰκείοις
1533 4469 1837 4568 βασιλεῦσιν

1947 4480 2156 4550 inquit,
2198 4479 2408 4533 nullum
2451 4477 2612 4548 plane
2677 4474 3002 4530 obtinebunt
3058 4471 3354 4536 auxilium,
3395 4469 3519 4541 qui-

231 4599 402 4660 ἰὸίως
455 4593 556 4648 καὶ
622 4596 740 4647 καθ’
776 4593 972 4663 ἑαυτὴν
1003 4595 1152 4646 πᾶσα
1199 4593 1473 4660 Αἴγυπτος
1505 4591 1762 4661 κέχρητο,
1789 4591 1846 4643 ὲν

227 4685 563 4757 αὐτονομίᾳ
595 4702 656 4737 τε
700 4685 795 4738 καὶ
833 4685 889 4738 ὲν
912 4683 1194 4756 ἐλευθερίᾳ
1232 4683 1416 4752 διῆγον
1452 4684 1502 4736 οἰ
1535 4681 1843 4750 Αἰγύπτιοι,

228 4778 552 4843 δυναστεία
584 4776 640 4829 δὲ
663 4776 838 4830 αὐτῶν
877 4775 935 4844 ἐξ
969 4775 1162 4839 αἰῶνος
1195 4775 1382 4846 μακρά
1410 4792 1492 4838 τις
1534 4774 1628 4827 καὶ
1679 4772 1846 4844 πολλὴ

236 4873 510 4945 βεὸὀητο,
544 4869 602 4936 ἐξ
636 4869 844 4923 ἐκείνου
867 4886 927 4922 τε
950 4865 1166 4940 πρώτου
1199 4867 1483 4938 Ῥωμαίων
1510 4865 1845 4935 Αὐγούστου,

235 4967 373 5025 καθ’
397 4964 462 5017 ὃν
483 4965 515 5016 ὁ
545 4963 747 5036 Κύριος
776 4962 931 5034 ἡμῶν
962 4959 1298 5030 ὲγεγέννητο,
1325 4958 1727 5029 χειρωσαμένου
1750 4956 1850 5028 τὴν

239 5060 561 5126 Αιγυπτον,
590 5056 828 5127 ὑστάτης
862 5071 922 5110 τε
959 5053 1068 5106 τῶν
1112 5051 1461 5122 Πτολεμαίων
1493 5051 1850 5122 Κλεοπάτρας

246 5151 504 5221 ἀλούσης
530 5188 545 5212 ,
607 5148 714 5202 ὑπὸ
747 5147 846 5218 τὴν
899 5145 1184 5216 Ῥωμαίων
1231 5144 1520 5213 γεγόνασιν
1577 5143 1847 5209 ἐξουσίαν,

168 5256 180 5268 ⁹
250 5245 366 5302 ὑπό
399 5261 461 5296 τε
487 5243 616 5305 τοὺς
646 5241 825 5297 αὐτῶν
843 5241 1062 5311 νόμους,
1083 5239 1176 5293 καὶ
1197 5237 1566 5308 ἐπιτάγματα,
1595 5236 1696 5307 τῆς
1720 5255 1851 5309 προ··

253 5339 433 5408 τέρας
487 5333 813 5405 αὐτονομίας
866 5334 960 5386 καὶ
1006 5331 1317 5402 ἐλευθερίας
1363 5329 1739 5402 ἀφῃρημένον
1775 5329 1850 5392 ὡς

260 5429 361 5482 καὶ
406 5429 467 5480 ἐν
510 5425 687 5496 τούτῳ
742 5424 802 5476 τὸ
845 5421 1179 5496 προφητικὸν
1233 5418 1590 5490 ἐπαληθεύειν
1649 5418 1846 5486 λόγιον,

267 5519 395 5590 περὶ
425 5519 526 5588 μὲν
555 5515 663 5575 τῶν
694 5517 775 5578 εἰς
806 5516 929 5577 τοὺς
959 5513 1154 5575 τόπους
1190 5510 1622 5582 ἐκπεμπομένων
1644 5510 1856 5582 ἐπιτρό-

273 5624 388 5666 πων
419 5626 480 5662 τε
503 5609 600 5663 καὶ
628 5606 964 5679 ἡγουμένων,
985 5605 1078 5664 καὶ
1108 5603 1358 5676 περὶτῶν
1382 5602 1584 5657 λοιπῶν
1610 5605 1668 5658 ὲν
1697 5602 1852 5677 μέρει

347 5789 392 5827 ι’
424 5788 617 5846 Matth.
654 5804 712 5853 ι,
743 5786 833 5840 Ἡ.
913 5785 955 5818 ⁸⁸
977 5784 1114 5841 Luc.
1147 5798 1244 5849 ιιι,
1279 5781 1466 5838 31-55.

1946 4583 2162 4638 cunque
2209 4567 2278 4622 ad
2324 4581 2420 4622 eos
2471 4564 2562 4636 qui
2617 4564 2860 4636 ipsorum
2910 4562 2987 4618 dii
3039 4577 3156 4618 esse
3207 4559 3516 4626 videantur,

1946 4661 2147 4730 quique
2183 4660 2329 4728 ipsos
2375 4665 2533 4712 antea
2583 4656 2933 4726 deceperint,
2987 4652 3337 4724 confugient,
3384 4657 3520 4708 tunc

1947 4755 2136 4824 utique
2165 4752 2399 4806 maxime
2433 4765 2528 4805 eos
2557 4750 2709 4820 ipsos
2739 4747 2978 4803 dominis
3008 4761 3072 4800 ac
3108 4745 3328 4815 regibus
3357 4759 3518 4813 aspe-

1947 4843 2026 4898 ris
2055 4843 2307 4897 tradente
2339 4839 2602 4904 Domino,
2635 4853 2760 4893 cum
2791 4835 3132 4892 daemonibus
3155 4833 3270 4889 suis
3298 4832 3517 4888 auscul-

1949 4943 2129 4989 tantes
2151 4975 2165 5001 ,
2192 4945 2248 4988 et
2276 4932 2344 4987 ab
2371 4931 2478 4986 illis
2511 4929 2793 4995 instincti,
2824 4925 3208 4983 insectationes
3253 4922 3518 4977 adversus

1950 5025 2046 5080 Dei
2077 5023 2379 5079 Ecclesiam
2410 5019 2779 5075 concitabunt.
2823 5015 2920 5070 llic
2961 5013 3094 5070 mihi
3146 5012 3385 5066 animum
3426 5011 3518 5066 ad-

1949 5124 2134 5174 vertas
2173 5115 2463 5186 diligenter
2505 5111 2705 5176 velim,
2751 5123 2990 5180 quonam
3033 5113 3191 5176 pacto
3235 5119 3409 5174 usque
3451 5105 3517 5161 ad

1954 5208 2257 5265 Salvatoris
2297 5206 2473 5262 nostri
2501 5203 2631 5260 Jesu
2663 5201 2867 5257 Christi
2913 5199 3237 5260 adventum,
3283 5197 3398 5251 suis
3432 5210 3520 5251 re-

1953 5303 2110 5373 gibus
2141 5315 2392 5357 seorsum
2421 5312 2485 5351 ac
2517 5311 2612 5366 per
2641 5310 2700 5351 se
2729 5301 2842 5347 tota
2875 5291 3142 5362 JEgyptus
3172 5296 3433 5352 uteretur,
3465 5294 3521 5342 et

1953 5393 2008 5447 in
2038 5407 2138 5448 suo
2172 5393 2415 5462 ipsorum
2439 5388 2564 5458 jure
2587 5401 2651 5440 ac
2671 5386 2923 5439 libertate
2950 5384 3206 5452 degerent
3238 5377 3476 5451 Egyptii
3497 5414 3514 5441 ,

1953 5493 2303 5556 potestasque
2351 5482 2566 5536 illorum
2592 5479 2662 5534 ab
2691 5477 2847 5532 initio
2879 5490 3040 5547 quam
3077 5475 3232 5544 longa
3259 5480 3315 5528 et
3360 5484 3520 5538 quam

1958 5579 2126 5637 multa
2179 5577 2324 5632 fama
2371 5573 2576 5630 feratur
2619 5570 2823 5637 fuisse,
2870 5575 2924 5626 et
2966 5563 3419 5640 quemadmodum
3451 5573 3525 5622 ex
