4080 6416
517 257 624 319 475

1187 255 1462 316 unseen
1491 257 1970 318 cmsmnusns
1991 259 2143 320 esp.
2186 260 2367 320 rans
2396 261 2462 321 ιιι
2500 237 2571 304 4'—
2605 234 3126 323 APOLDGE'I‘IC‘A.‘

3670 268 3774 328 478

517 377 648 443 illo,
709 391 836 433 cum
886 374 1102 446 primus
1150 375 1523 436 Romanorum
1572 381 1890 454 Augustus,
1938 383 2100 455 cujus

2211 384 2478 459 ἀρχόντων
2537 386 2772 457 φάσκονο
2814 407 2835 441 ι
2873 389 3005 461 Καὶ]
3024 386 3333 461 παραδώσω
3368 389 3646 460 Αἴγυπτον
3694 392 3776 457 είς

517 470 861 540 temporibus
901 467 1169 526 Dominus
1217 479 1409 528 noster
1443 481 1609 530 natus
1647 482 1762 540 est,
1801 474 2095 547 Egyptum

519 561 865 633 subegisset,
901 568 958 617 et
1000 563 1306 619 novissima
1347 564 1763 623 Ptolemasorum
1810 566 2099 639 Cleopatra

519 660 679 723 capta
726 665 907 721 esset,
954 654 1009 709 in
1052 654 1425 712 Romanorum
1470 666 1796 728 potestatem
1867 658 2100 716 devene-

516 744 661 810 rint,
692 753 748 801 et
775 746 881 802 sub
910 746 1129 802 illorum
1157 748 1306 819 leges
1338 757 1505 820 atque
1533 752 1712 806 edicta
1748 751 1905 808 missi
1947 751 2060 807 sint
2079 790 2097 816 ,

520 852 733 909 suoque
787 838 1034 909 ipsorum
1082 840 1308 911 proprio
1364 841 1490 911 jure
1516 882 1532 907 ,
1589 858 1798 914 suaque
1850 843 2101 899 libertate

518 930 752 1000 privati,
802 939 864 986 ut
912 933 1291 1004 propheticum
1338 934 1628 989 oraculum
1679 935 1844 990 etiam
1890 936 1947 990 in
1998 935 2101 990 hoc

518 1024 679 1093 plane
722 1024 1011 1080 veritatem
1055 1041 1209 1081 suam
1257 1025 1638 1089 demonstret,
1684 1028 1829 1098 quod
1879 1027 2101 1098 quidem

516 1116 586 1171 de
607 1116 695 1173 .iis
722 1119 818 1187 qui
848 1117 915 1171 ad
950 1118 1105 1186 loca,
1135 1120 1468 1189 procurandi
1500 1119 1677 1190 gratia
1706 1118 1958 1174 mittendi
2006 1134 2098 1174 es~

517 1216 675 1276 sent,
721 1210 899 1281 deque
940 1212 1269 1281 praetoribus
1313 1227 1378 1269 ac
1423 1212 1656 1283 reliquis
1705 1227 1803 1283 per
1851 1212 2113 1282 singulas.

517 1310 706 1373 partes
750 1303 1205 1374 magistratibus,
1258 1304 1336 1360 ita
1385 1305 1673 1377 loquitur:
1723 1324 1742 1356 ι
1775 1304 1842 1358 Et
1887 1304 2099 1358 tradam

520 1396 819 1470 Egyptum
847 1397 903 1452 in
934 1413 1133 1455 manus
1181 1397 1464 1453 hominum
1491 1438 1507 1464 ,
1550 1397 1896 1454 dominorum
1944 1411 2102 1467 aspe-

2197 479 2387 548 χεῖρας
2434 475 2738 549 ἀνθρώπων
2790 478 2995 550 κυρίων
3037 477 3321 550 σκληρῶν
3353 496 3373 529 ο
3407 478 3537 551 περὶ
3578 478 3637 532 δὲ
3666 480 3775 535 τῶν

2198 566 2299 638 τὴν
2346 566 2467 620 καθ’
2516 567 2637 621 ὅλου
2687 566 2981 623 διεπόντων
3028 569 3203 642 ἀρχὴν
3230 569 3291 623 τὸ
3323 566 3467 642 ἑξῆς,
3505 570 3623 626 ἀνθ’
3655 564 3716 626 οὗ
3744 574 3775 627 6

2211 657 2443 723 Ἀκύλας
2469 659 2626 731 φησὶ,
2662 677 2681 712 ι
2716 658 2828 713 Καὶ
2844 659 3094 731 βασιλεὺς
3114 661 3593 735 κεκραταιωμένος
3626 662 3785 729 ἐξου-’

2202 750 2377 805 σιάσει
2398 751 2458 804 ὲν
2488 752 2701 815 αὐτοῖς·
2740 770 2760 804 ι
2793 752 2822 804 6
2863 752 2921 806 δὲ
2948 750 3242 825 Σύμμαχος
3265 768 3281 784 θ
3316 769 3336 804 ι
3377 754 3489 807 Καὶ
3523 753 3774 824 βασιλεὺς

2205 841 2425 914 ἰσχυρὸς
2458 842 2763 910 ὲξουσιάσει
2801 843 3002 898 αὐτῶν.
3027 863 3047 897 ι
3073 843 3231 899 Οὕτω
3260 843 3326 917 δὴ
3358 845 3459 917 τὴν
3492 840 3775 917 Ῥωμαίων

2201 935 2440 1006 ἡγοῦμαι
2474 935 2772 1007 κεκλῆσθαι
2799 936 3095 1007 βασιλείαν,
3128 937 3220 1007 ὑφ’
3251 931 3339 1009 ἦς,
3369 936 3559 1010 ὥσπερ
3578 937 3777 1011 χαλινῷ

2201 1028 2295 1083 καὶ
2339 1028 2545 1099 δεσμῷ,
2612 1029 3040 1101 πεπεδημένους,
3092 1030 3154 1083 οὐ
3215 1030 3375 1101 μόνον
3399 1030 3526 1094 τοὺς
3562 1030 3775 1086 πάντων

2203 1120 2505 1192 ἀνθρώπων
2530 1122 3124 1194 δεισιδαιισονεστάτους
3154 1123 3657 1193 Αίγυπτίους,άλλὰ
3684 1126 3775 1178 καὶ

2200 1214 2327 1277 τοὺς
2358 1211 2578 1277 λοιποὺς
2602 1212 2810 1277 πάντας
2836 1212 3157 1286 ἀνθρώπους
3191 1213 3354 1286 μηδὲν
3374 1213 3632 1269 δύνασθαι
3661 1214 3777 1267 τολ-

2205 1306 2313 1377 μᾷν
2346 1304 2488 1359 κατὰ
2516 1305 2617 1377 τῆς
2649 1303 2742 1359 τοῦ
2774 1306 3024 1379 Σωτῆρος
3038 1304 3195 1377 ἡμῶν
3230 1304 3556 1379 Ἐκκλησίας
3574 1305 3774 1378 δυσφη-

2204 1400 2347 1469 μεῖν.
2380 1396 2536 1452 Μετὰ
2550 1396 2722 1451 ταῦτα
2749 1397 3150 1470 προφητεύεται
3172 1397 3382 1463 τούτοις
3414 1397 3541 1469 ἑξῆς
3575 1414 3777 1451 σκοτει-

516 1506 727 1546 rorum.
760 1511 778 1544 ι
807 1490 884 1548 De
922 1490 991 1547 iis
1032 1505 1165 1547 vero
1193 1489 1289 1561 qui
1327 1497 1502 1545 totum
1532 1490 1823 1560 imperium
1853 1489 2098 1553 obirent,

2211 1489 2569 1561 νότεράιτινα,
2603 1491 2699 1545 καὶ
2721 1490 2786 1543 δι’
2817 1489 3155 1561 αἰνιγμάτων
3178 1490 3519 1561 μακροτέρας
3551 1489 3647 1544 καὶ
3679 1489 3774 1560 βα-

516 1597 903 1653 smmumque
928 1582 1022 1652 jus
1064 1583 1410 1649 obtinerent,
1442 1581 1496 1635 id
1526 1581 1671 1653 quod
1703 1585 1971 1653 sequitur,
2001 1595 2100 1650 pro

2211 1583 2435 1655 θυτέρας
2477 1583 2578 1654 τῆς
2630 1583 2773 1638 κατὰ
2810 1583 3164 1656 τροπολογίαν
3199 1582 3430 1655 δεόμενα
3462 1582 3797 1654 ἑρμηνείας,

516 1691 627 1746 quo
660 1676 854 1746 Aquila
882 1676 960 1730 ait
987 1696 1000 1732 :
1033 1694 1055 1729 ι
1086 1675 1154 1730 Ει
1183 1692 1280 1731 rex
1310 1676 1705 1731 corroboratus
1727 1717 1741 1741 ,
1772 1682 2097 1745 potestatem

2211 1675 2238 1731 Ξ
2273 1676 2337 1748 δὴ
2391 1677 2483 1729 ἐπὶ
2535 1675 2732 1746 σχολῆς
2786 1676 2927 1730 κατὰ
2956 1676 3048 1729 τὸν
3083 1677 3429 1748 προσήκοντα
3467 1675 3660 1747 καιρὸν
3681 1675 3777 1747 τῆς

518 1769 789 1824 obtinebit
840 1770 894 1823 in
950 1769 1053 1826 eis.
1092 1788 1111 1821 ι
1142 1769 1508 1840 Symmachus
1560 1775 1781 1831 autem,
1831 1786 1849 1819 ι
1883 1767 1949 1820 Ει
2003 1782 2102 1821 rex

2211 1766 2583 1840 προσηκούσης
2607 1768 2854 1833 τεύξεται
2884 1770 3212 1842 διηγήσεως,
3249 1770 3387 1824 ἐπὰν
3422 1769 3518 1823 σὺν
3541 1766 3662 1842 Θεῷ
3690 1767 3781 1823 τὸν

517 1863 677 1919 fortis
698 1865 791 1934 jus
818 1865 874 1919 in
905 1864 1029 1920 illos
1061 1866 1302 1921 habebit.
1336 1884 1353 1916 ι
1383 1864 1476 1919 Sic
1507 1872 1687 1920 autem
1719 1865 1835 1935 ipse
1865 1879 2092 1935 regnum

2211 1862 2331 1933 περὶ
2349 1860 2456 1914 τῶν
2487 1861 2828 1931 ἐπαγγελιῶν
2862 1861 3230 1934 άποδὼσωμεν
3257 1862 3434 1930 λόγον.

519 1958 887 2015 Romanorum
922 1961 1161 2015 arbitror
1218 1970 1472 2016 vocatum
1506 1977 1627 2017 esse
1650 2001 1665 2025 ,
1715 1977 1825 2031 quo
1861 1968 2119 2030 tanquam
2159 1958 2311 2013 freno
2365 1974 2428 2012 ac
2455 1958 2676 2012 vinculo
2706 1959 2984 2032 impediti,
3015 1976 3127 2015 non
3159 1961 3335 2015 solum
3365 1957 3606 2031 Egyptii
3664 1973 3780 2013 om-

517 2055 671 2110 nium
697 2054 979 2110 hominum
1008 2055 1569 2126 superstitiosissimi.
1602 2055 1698 2112 sed
1728 2055 1925 2125 reliqui
1971 2070 2190 2125 quoque
2222 2054 2464 2109 universi
2524 2054 2809 2118 homines.
2872 2056 3010 2110 nihil
3063 2064 3296 2126 possunt
3345 2056 3457 2125 jam
3511 2052 3779 2110 audentve

518 2152 713 2199 contra
778 2144 1083 2203 Salvatoris
1119 2148 1297 2203 nostri
1348 2146 1652 2204 Ecclesiam
1687 2147 1984 2202 oblatrare.
2027 2149 2190 2219 300
2225 2146 2354 2203 Post
2397 2149 2548 2214 hac,
2593 2149 2648 2203 in
2696 2148 2884 2204 eadem
2933 2149 3218 2220 prophetia
3253 2148 3447 2204 ordine
3477 2156 3801 2219 sequuntur.

518 2240 840 2297 obscuriora
906 2243 1189 2313 quzedam,
1256 2252 1311 2298 et
1361 2244 1527 2301 nodis
1575 2259 1640 2299 ac
1700 2242 2107 2300 difficultatibus
2137 2243 2435 2314 implicita,
2469 2259 2591 2315 quae
2638 2244 2903 2316 longioris
2946 2254 3109 2315 atque
3148 2246 3392 2306 altioris.
3441 2246 3513 2301 ob
3557 2243 3797 2317 ﬁguram.

518 2348 628 2401 qua
675 2333 962 2388 enuntiata
1018 2344 1184 2399 sunt,
1242 2335 1714 2406 interpretationis
1764 2336 2078 2406 indigeant,
2115 2336 2317 2407 quibus
2392 2337 2618 2404 quidem
2682 2351 2786 2391 nos
2845 2353 2942 2406 per
2995 2338 3203 2402 otium,
3259 2353 3384 2393 cum
3431 2346 3648 2410 tempus
3691 2338 3784 2393 adc

518 2429 655 2491 erit,
711 2436 892 2498 aptam
939 2430 1298 2500 expositionis
1333 2431 1511 2487 lucem
1553 2432 1812 2489 adhibere
1864 2447 1974 2488 non
2021 2433 2388 2502 gravabimur,
2431 2432 2523 2487 ubi
2573 2430 2684 2487 Deo
2738 2429 2953 2487 favente
3001 2431 3308 2487 divinarum
3360 2432 3783 2503 promissionum

521 2523 790 2577 rationem
820 2523 1239 2582 absolverimus.

1099 2635 1332 2692 CAPUT
1373 2636 1517 2691 XXI.

436 2756 451 2771 '
525 2746 606 2802 Ab
654 2748 954 2804 eodem.—
985 2749 1258 2804 Bonorum
1310 2750 1594 2818 promissio
1655 2748 1723 2802 ad
1775 2766 1891 2802 eam
1914 2788 1961 2819 ,ί
1984 2765 2103 2819 quae

593 2821 746 2875 vrins
776 2819 984 2874 deserta
1014 2829 1129 2875 erat
1156 2861 1171 2884 ,
1214 2836 1279 2873 ea:
1316 2819 1557 2889 gentibus
1599 2822 1877 2873 collectam
1918 2818 2103 2873 Ecule-

595 2892 731 2961 siam
751 2929 769 2954 ,
794 2901 842 2944 et
868 2889 936 2943 ad
963 2891 1182 2961 afﬂictas
1208 2900 1526 2960 vexatasque
1549 2890 1757 2942 animas
1788 2890 2103 2961 manifestas

592 2960 691 3015 Dei
738 2958 1027 3021 adventus,
1066 2971 1116 3014 et
1176 2958 1448 3014 salutares
1493 2961 1874 3013 miraculorum
1924 2958 2106 3029 prodi-

591 3032 899 3102 giorumque
921 3032 1315 3085 ostentationes.

603 3164 623 3197 ι
653 3143 900 3209 Laetare,
944 3141 1161 3198 deserta
1207 3142 1433 3205 sitiens,
1483 3141 1720 3196 exsultet
1764 3140 2014 3206 deserta,
2048 3147 2105 3195 et

527 3242 717 3295 ﬂoreat
746 3246 806 3292 ut
836 3237 1008 3292 lilium
1038 3255 1051 3291 :
1083 3243 1138 3292 et
1165 3235 1519 3299 etllorebunt,
1545 3241 1599 3289 et
1621 3234 1977 3290 exsultabant
2002 3233 2104 3288 de-

528 3341 673 3386 serta
722 3328 1001 3384 Iordanis.
1053 3326 1122 3380 Et
1155 3327 1328 3398 gloria
1374 3324 1572 3381 Libani
1619 3326 1745 3382 data
1779 3335 1866 3382 est
1913 3326 1998 3389 ei,
2053 3333 2109 3380 et

528 3425 703 3478 honor
735 3420 1016 3487 Carmeli;
1053 3426 1109 3475 et
1151 3420 1387 3492 populus
1431 3433 1588 3473 meus
1636 3417 1842 3473 videbit
1879 3417 2107 3489 gloriam

527 3517 774 3579 Domini,
822 3521 878 3570 et
922 3511 1270 3569 altitudinem
1318 3511 1436 3568 Dei.
1490 3510 1871 3567 Convalescite
1912 3522 2115 3564 manus

530 3610 803 3671 remissae,
846 3614 902 3662 et
951 3620 1128 3677 genua
1173 3604 1484 3660 dissoluta:
1529 3601 1892 3659 consulamini
1937 3600 2113 3670 pusil-

529 3702 760 3757 lanimes
798 3699 1112 3765 intellectu,
1151 3696 1548 3761 convalescite,
1594 3710 1664 3750 ne
1707 3693 1924 3749 timete.
1971 3691 2114 3747 Ecce

529 3792 674 3847 Deus
710 3799 899 3846 noster
923 3789 1192 3860 judicium
1225 3787 1448 3850 reddit,
1485 3792 1540 3841 et
1574 3785 1808 3841 reddet:
1863 3783 1982 3853 ipse
2021 3797 2117 3857 ve-

529 3885 645 3941 niet
672 3925 688 3950 ,
735 3892 790 3940 et
838 3884 1020 3939 salvos
1055 3881 1215 3936 faciet
1248 3896 1371 3935 nos.
1407 3878 1563 3933 Tunc
1609 3877 1929 3949 aperientur
1966 3876 2111 3931 oculi

530 3991 805 4034 cacorum
825 4019 840 4043 ,
872 3983 927 4032 et
957 3989 1121 4030 aures
1155 3972 1453 4029 surdorum
1490 3971 1715 4025 audient
1744 3985 1758 4021 :
1794 3976 1925 4023 tunc
1957 3968 2117 4023 saliet

542 4077 604 4127 rt
655 4085 887 4132 cervus,
936 4066 1203 4129 claudus,
1253 4072 1309 4120 et
1355 4065 1515 4135 plana
1559 4062 1665 4117 erit
1704 4060 1889 4132 lingua
1932 4067 2117 4114 muto-

535 4174 680 4215 rum.
713 4155 984 4224 Quoniam
1011 4153 1194 4225 erupit
1224 4154 1279 4207 in
1309 4152 1534 4208 deserto
1563 4165 1705 4221 aqua
1726 4189 1742 4215 ,
1769 4159 1823 4205 et
1851 4147 2118 4204 convallis

536 4254 592 4313 in
624 4261 768 4308 terra
803 4248 1013 4307 sitienti
1043 4268 1057 4302 :
1089 4255 1143 4303 et
1173 4246 1276 4304 erit
1302 4262 1424 4318 quae
1448 4252 1602 4301 caret
1628 4259 1773 4315 aqua
1804 4243 1861 4298 in
1890 4254 2114 4313 stagna,

533 4356 588 4403 et
639 4345 695 4400 in
726 4351 927 4400 terram
972 4341 1248 4396 sitientem
1310 4340 1434 4394 fons
1484 4352 1640 4408 aquae
1687 4336 1793 4392 erit
1828 4336 1897 4391 ³⁸.
1943 4356 1963 4389 ι
2003 4335 2119 4390 Iloc

2718 2634 3114 2689 ΚΕΦΑΛΔΙΟΝ
3146 2636 3278 2690 KA'.

2215 2748 2492 2823 Ἀπὸ-τοῦ
2513 2750 2829 2823 αὐτοῦς-
2850 2749 3135 2823 ᾼξΛγαθῶν
3164 2750 3502 2823 ἐπαγγελίαν
3537 2752 3613 2821 τῇ
3647 2754 3791 2823 πρὶν

2272 2819 2472 2887 ἐρήμῳ
2499 2821 2569 2884 ἐξ
2615 2818 2806 2874 ἐθνῶν
2848 2818 3193 2888 Ἐκκλησία,
3228 2818 3336 2875 καί
3361 2821 3492 2888 ταῖς
3540 2818 3788 2879 κεκακω-

2273 2890 2484 2963 μέιξαις
2510 2890 3048 2963 ψυχαῖςΑέμριινὴς
3079 2891 3225 2947 Θεοῦ
3256 2894 3579 2961 παρουσία,
3609 2894 3795 2963 trami-

2268 2961 2389 3028 ριοί
2418 2978 2480 3014 τε
2507 2960 2995 3029 παραδοξοποίαι.

2286 3157 2304 3189 ι
2348 3137 2725 3209 Εὐφράνθητι,
2761 3136 2965 3209 ἔρημος
3003 3135 3235 3207 διψῶσα,
3284 3137 3631 3207 ἀγαλλιάσθω
3664 3137 3791 3211 ἕρη-

2212 3248 2332 3301 μος,
2397 3231 2491 3283 καὶ
2546 3229 2776 3285 άνθείτω
2808 3229 2884 3294 ὠς
2927 3230 3142 3303 κρίνον⁸
3201 3231 3297 3285 καὶ
3355 3230 3641 3303 ὲξανθήσει
3698 3231 3791 3284 καὶ

2209 3323 2601 3392 ἁγαλλιάσεται
2641 3320 2708 3375 τὰ
2747 3321 2930 3393 ἔρημα
2987 3321 3082 3376 τοῦ
3129 3322 3417 3394 Ἰορδάνου.
3466 3324 3577 3376 Καὶ
3603 3326 3637 3394 ἡ
3671 3322 3793 3387 δόξα

2210 3413 2304 3467 τοῦ
2329 3414 2565 3469 Λιϐάνου
2592 3412 2749 3483 ἐδόθη
2777 3414 2938 3483 αὐτῇ.
2976 3412 3070 3471 καὶ
3100 3415 3134 3486 ἡ
3176 3414 3312 3486 τιμὴ
3344 3415 3440 3469 τοῦ
3472 3414 3790 3487 Καρμήλου,

2212 3506 2308 3560 καὶ
2357 3509 2386 3561 6
2443 3504 2568 3570 λαός
2623 3522 2724 3577 μου
2766 3504 2954 3574 ὄψεται
3001 3496 3101 3579 τὴν
3147 3491 3304 3574 δόξαν
3344 3507 3575 3579 Κυρίου,
3608 3508 3704 3562 καὶ
3731 3506 3807 3564 τὸ.

2214 3598 2349 3670 ὕψος
2400 3598 2494 3652 τοῦ
2553 3598 2712 3653 Θεοῦ.
2757 3599 3064 3670 ’1σχύσατε,
3119 3604 3302 3673 χεῖρες
3360 3602 3663 3673 άνειμέναι,
3699 3603 3806 3659 καὶ.

2212 3691 2417 3762 γόνατα
2443 3692 2865 3766 παραλελυμένα
2918 3695 3367 3767 παρακαλέσατε’
3401 3697 3452 3749 οί
3483 3694 3798 3767 ὀλιγάψυχοι

2213 3783 2526 3855 τῇδιανοίᾳ,
2585 3783 2859 3854 ἰσχύσατε,
2923 3784 2997 3857 μὴ
3047 3785 3322 3855 φοϐεῖσθε.
3417 3786 3547 3842 Ἰδοὺ
3595 3788 3626 3840 6
3667 3786 3807 3854 Θεὸς

2216 3876 2371 3947 ἡμῶν
2396 3876 2578 3948 κρίσιν
2628 3877 3042 3939 ἀνταποδίδωσι,
3077 3877 3171 3932 καὶ
3202 3877 3574 3933 άνταποδὼσει
3597 3896 3611 3910 ·
3638 3880 3801 3943 αὐτὸς

2215 3968 2357 4039 ἥξει,
2386 3968 2480 4022 καὶ
2519 3968 2681 4021 σώσει
2710 3971 2876 4041 ἡμᾶς.
2924 3970 3063 4023 Τότε
3098 3970 3507 4042 άνοιχθήσονται
3531 3971 3803 4045 ὀφθαλμοὶ

2216 4058 2456 4129 τυφλῶν,
2511 4060 2605 4114 καὶ
2638 4053 2754 4113 ὦτα
2801 4060 3156 4115 ἁκούσονταν
3188 4063 3307 4115 τότε
3340 4064 3551 4119 ἁλείται
3582 4064 3659 4129 ὡς
3680 4064 3803 4120 ἕλα-

2220 4169 2319 4222 φος
2364 4153 2393 4207 ὁ
2456 4150 2649 4223 χωλὸς,
2693 4151 2788 4205 καὶ
2828 4151 2997 4224 τρανὴ
3033 4152 3184 4204 ἔσται
3215 4153 3439 4222 γλῶσσα
3473 4155 3800 4225 μογιλάλων.

2223 4242 2345 4297 Ὅτι
2377 4240 2589 4314 ὲρῤάγη
2621 4243 2679 4294 ὲν
2723 4243 2788 4312 τῇ
2819 4242 3010 4312 ἐρήμῳ
3049 4240 3213 4313 ὕδωρ,
3254 4244 3346 4297 καὶ
3390 4244 3608 4315 φάραγξ
3641 4246 3700 4299 ἐν
3729 4248 3801 4317 γῇ

2224 4332 2471 4407 διψώσῃ’
2534 4335 2628 4388 καὶ
2675 4332 2827 4386 ἔσται
2879 4335 2912 4405 ἡ
2943 4332 3169 4405 ἄνυδρος
3206 4334 3287 4397 είς
3326 4333 3446 4405 ἕλη,
3469 4335 3565 4389 καὶ
3593 4338 3673 4400 εἰς
3701 4337 3805 4408 τὴν

534 4439 699 4495 θῖίιιιη
732 4438 787 4492 in
820 4435 943 4490 loco
972 4435 1149 4504 palam
1187 4430 1448 4487 salutaris
1496 4428 1590 4483 Dei
1643 4428 1860 4483 canitur
1908 4427 2109 4482 adven-

2222 4424 2461 4494 διψῶσαν
2507 4426 2610 4497 γῆν
2639 4424 2791 4497 πηγὴ
2831 4424 3023 4488 ὓδατος
3056 4426 3235 4480 ἔσται.
3282 4446 3299 4479 ι
3333 4426 3631 4481 Κάνταῦθα
3657 4427 3807 4499 διαρο

539 4539 663 4599 tus,
715 4529 808 4600 qui
855 4527 1025 4582 multa
1068 4527 1212 4582 bona
1258 4526 1330 4580 sit
1376 4522 1683 4589 allaturus;
1730 4519 1917 4578 surdis
1964 4519 2109 4574 enim

2224 4518 2394 4591 ρήδην
2423 4517 2558 4572 Θεοῦ
2582 4517 2763 4589 ἄφιξις
2792 4517 3103 4582 θεσπίζεται
3139 4521 3425 4592 σωτήριος,
3461 4520 3556 4574 καὶ
3594 4518 3807 4574 πολλῶν

537 4622 827 4685 auditum,
876 4629 931 4675 et
989 4617 1150 4674 caecis
1217 4616 1437 4680 visum,
1489 4623 1750 4685 praeterea
1797 4612 2008 4668 claudis
2066 4617 2109 4665 et

2221 4610 2442 4680 ἀγαθῶν
2473 4611 2651 4666 αἰτία’
2684 4614 2889 4682 κωφοῖς
2927 4611 3059 4683 γοῦν
3101 4612 3264 4677 ίασις,
3297 4613 3390 4667 καὶ
3420 4612 3641 4683 τυφλοῖς
3674 4614 3806 4668 ἀνά-

544 4718 782 4787 linguam
830 4712 1148 4784 impeditam
1191 4708 1560 4773 habentibus,
1607 4706 1875 4762 medelam
1919 4703 2109 4775 praedi-

2223 4702 2433 4773 ὄλεψις,
2458 4703 2685 4777 προσέτι
2715 4721 2773 4758 τε
2800 4705 2992 4776 χωλοῖς
3026 4706 3121 4759 καὶ
3163 4704 3261 4777 τὴν
3283 4703 3532 4774 γλῶτταν
3561 4706 3808 4760 συνδεδε-

543 4811 686 4863 eitur
716 4807 1029 4863 redditurus
1059 4822 1073 4857 ;
1108 4792 1447 4873 qumomnia
1478 4814 1588 4854 non
1623 4798 1761 4853 alias
1796 4796 2004 4852 exitum
2036 4795 2109 4849 in-

2227 4796 2411 4869 μένοις
2436 4796 2702 4869 θεραπεία
2724 4796 2941 4851 ἔσεσθαι
2969 4797 3369 4870 προφητεύεται
3392 4814 3407 4828 ο
3437 4798 3474 4852 ἃ
3503 4799 3598 4852 καὶ
3621 4798 3806 4861 τέλους

540 4905 855 4963 venerunt,
914 4894 1020 4950 nisi
1072 4903 1364 4965 postquam
1418 4890 1670 4945 Salvator
1720 4900 1908 4943 noster
1955 4885 2109 4942 Jesus

2224 4889 2413 4961 ἔτυχεν
2439 4890 2540 4944 οὐκ
2563 4890 2789 4961 ἄλλωςῆ
2815 4890 2903 4944 διὰ
2922 4892 3020 4959 τῆς
3038 4890 3132 4944 τοῦ
3163 4891 3415 4964 Σωτῆρος
3436 4890 3594 4963 ἡμῶν
3635 4890 3806 4964 Ἰησοῦ

541 4988 797 5047 Christus
839 4988 1092 5051 advenit,
1141 5000 1172 5039 a
1216 4999 1326 5057 quo
1371 4990 1426 5039 et
1466 4996 1737 5038 caecorum
1773 4979 1918 5035 oculi
1949 4978 2109 5047 aperti

2225 4985 2462 5054 Χριστοῦ
2492 4984 2810 5055 παρουσίας,
2828 4985 2915 5054 ὑφ’
2933 4978 2993 5038 οὗ
3025 4984 3120 5039 καὶ
3137 4985 3352 5054 τυφλῶν
3381 4983 3735 5057 ἀνεῴχθησαν
3761 4986 3808 5037 οί

545 5088 677 5137 sunt
700 5124 713 5144 ,
748 5091 801 5137 et
834 5080 984 5136 surdi
1021 5080 1267 5133 auditum
1298 5081 1659 5146 receperunt;
1694 5073 1825 5144 quid
1866 5087 1997 5127 vero
2028 5071 2109 5127 di«

2228 5075 2515 5147 ὀφθαλμοὶ,
2534 5078 2627 5130 καὶ
2652 5077 2828 5146 κωφοὶ
2853 5078 2951 5149 τὴν
2973 5077 3141 5149 ἀκοὴν
3155 5078 3508 5150 άπειλήφασι.
3533 5077 3599 5130 Τί
3623 5077 3705 5130 δεῖ
3724 5076 3811 5129 λέ-

553 5187 677 5227 cere
704 5187 844 5243 opus
874 5178 990 5236 est,
1023 5186 1187 5243 quam
1219 5169 1375 5224 multi
1408 5183 1505 5239 per
1534 5167 1682 5221 illius
1710 5165 2041 5236 discipulos,
2071 5174 2109 5218 e1

2229 5170 2610 5238 γειν,ὅσοικαὶ
2629 5170 2717 5224 διὰ
2729 5169 2837 5223 τῶν
2862 5169 3026 5224 αὑτοῦ
3055 5171 3313 5243 μαθητῶν
3338 5171 3683 5243 παρειμένοι,
3717 5170 3807 5224 καὶ

553 5266 731 5323 soluta
766 5265 1012 5319 membra
1043 5264 1309 5319 habentes
1328 5301 1343 5326 ,
1371 5268 1424 5316 et
1455 5259 1592 5314 muti
1624 5268 1679 5315 et
1709 5257 1929 5324 claudi,
1961 5264 2127 5312 natu-

547 5359 694 5415 rales
741 5356 1056 5412 sanationes
1102 5352 1596 5425 recuperaverint?
1645 5351 1803 5422 301
1852 5363 2128 5422 quamque

553 5450 647 5504 alii
676 5446 1107 5504 innumerabiles
1127 5488 1141 5513 ,
1166 5448 1262 5519 qui
1284 5447 1455 5502 variis
1485 5445 1874 5516 aegritudinum
1906 5442 2128 5514 languo—

2232 5262 2428 5332 κωφοὶ,
2447 5263 2542 5316 καὶ
2556 5262 2720 5332 χωλοὶ
2736 5262 2835 5326 τὰς
2857 5262 2997 5317 κατὰ
3014 5263 3175 5331 φύσιν
3190 5263 3378 5333 βάσεις
3402 5263 3807 5335 άπελάμὸανονς

2230 5353 2379 5408 ἄλλοι
2404 5370 2465 5405 τε
2524 5352 2704 5425 μυρίοι
2738 5352 3007 5419 ποικίλαις
3061 5355 3239 5419 νόσοις
3266 5356 3361 5409 καὶ
3390 5355 3688 5426 μαλακίαις
3719 5371 3810 5408 τεο

2230 5444 2568 5517 τρυχωμένοι
2594 5445 2696 5515 τῆς
2730 5446 2857 5517 παρ’
2882 5444 3044 5499 αὑτοῦ
3074 5445 3371 5519 θεραπείας
3408 5465 3468 5501 τε
3498 5450 3591 5503 καὶ
3638 5460 3812 5519 σωτη-

554 5558 789 5615 rumque
817 5540 1111 5613 generibus
1138 5546 1493 5607 vexarentur,
1532 5539 1600 5595 ab
1632 5538 1724 5593 illo
1754 5543 1809 5593 et
1847 5534 2109 5621 curationi

2234 5538 2357 5612 ρίας
2387 5537 2653 5609 ἠξιοῦντο,
2691 5538 2830 5593 κατά
2873 5554 2932 5591 τε
2975 5537 3072 5609 τὴν
3112 5538 3291 5594 ἔνθεον
3337 5542 3435 5613 τῆς
3482 5539 3812 5614 προφητείας

631 5726 674 5759 ⁸⁸
697 5721 798 5781 lsa.
832 5738 996 5789 xxxv,
1026 5721 1139 5776 L7.
