4100 6430
371 272 469 326 877

1277 279 1932 339 DEMONSTRATIONIS
1969 281 2426 341 EVANGELICE
2463 282 2592 339 LIB.
2636 282 2728 341 Vl.

3496 288 3606 343 478

367 388 690 462 πρόρρησιν,
725 393 820 446 καὶ
860 395 997 450 κατά
1046 395 1143 470 τὴν
1179 397 1582 476 ἀψευδεστάτην
1622 405 1732 459 τῶν
1774 406 1912 478 ἱερῶε

2035 413 2089 461 et
2115 405 2289 462 salute
2333 404 2485 478 digni
2522 404 2787 474 iudicati,
2830 411 3126 477 utrumque
3167 407 3449 471 consecuti
3487 409 3603 463 sint

365 481 712 552 Εὗαγγελίων
747 490 1071 563 μαρτυρίαν.
1107 494 1348 566 Ἔρημον
1375 496 1432 550 δέ
1464 498 1524 551 ἐν
1551 498 1758 564 τούτοις
1784 502 1813 553 ὁ
1844 499 1934 553 M-

361 592 477 644 γος,
513 578 816 635 αἰνίττεται
857 583 955 655 τὴν
982 582 1041 648 ἐξ
1086 584 1256 640 ἐθνῶν
1290 587 1632 659 Ἐκκλησίαν,
1661 590 1727 662 ἢν
1769 592 1936 646 πάλαι

356 666 496 722 Θεοῦ
518 669 727 742 ἔρημον
759 667 924 728 οὖσαν
947 674 1037 729 διὰ
1064 675 1173 730 τῶν
1201 678 1259 732 ἐν
1291 680 1480 751 χερσὶν
1505 681 1930 752 εὐαγγελίζεται.

356 760 468 816 Καὶ
495 762 671 817 ταῦτα
691 765 749 818 δὲ
774 766 908 839 πρὸς
934 768 1044 830 τοῖς
1066 767 1245 833 ἄλλοις
1286 772 1353 841 τῇ
1384 772 1576 844 ἐρήμῳ
1602 774 1765 844 φησὶν
1795 776 1824 828 ὀ
1848 774 1934 828 λό-

354 868 476 922 γος,
524 853 846 926 δοθήσεσθαι
875 856 975 929 τὴν
1009 858 1164 927 δόξαν
1199 859 1293 914 τοῦ
1327 862 1581 917 Λιϐάνου.
1621 864 1847 920 Λίϐανον
1874 866 1932 920 δὲ

354 942 454 1012 τὴν
496 943 853 1016 Ἰερουσαλὴμ
880 945 1253 1019 ἀλληγορικῶς
1284 948 1509 1020 σύνηθές
1537 952 1684 1004 ἐστιν
1715 953 1928 1006 ἀποκα-

355 1034 487 1094 λεῖν,
524 1036 601 1098 ὡς
632 1036 724 1089 ἐπὶ
758 1038 950 1109 καιροῦ
992 1038 1079 1092 διὰ
1104 1038 1212 1093 τῶν
1240 1040 1350 1094 ἀπὸ
1388 1042 1487 1112 τῆς
1533 1041 1682 1107 θείας
1708 1043 1931 1115 Γραφῆς

353 1125 679 1194 ἀποδείξεων
718 1131 1155 1202 παραστήσομεν.
1198 1132 1287 1185 Ἐν
1324 1132 1388 1206 δὴ
1424 1129 1515 1188 οὖν
1551 1137 1617 1206 τῇ
1657 1134 1749 1189 τοῦ
1796 1135 1928 1189 Θεοῦ

354 1216 434 1276 εἰς
464 1214 788 1287 ἀνθρώπους
824 1219 1110 1291 παρουσίᾳ,
1135 1223 1201 1291 τῇ
1234 1221 1531 1295 δηλωθείσῃ
1554 1223 1764 1295 ἐρήμῳ,
1788 1224 1929 1294 λέγω

350 1306 413 1375 δὴ
446 1310 514 1379 τῇ
559 1307 620 1374 ἐξ
664 1308 832 1362 ἐθνῶν
876 1309 1190 1383 Ἐκκλησίᾳ,
1222 1312 1318 1385 τὴν
1361 1313 1519 1379 δόξαν
1558 1315 1651 1368 τοῦ
1696 1316 1927 1370 Λιϐάνου

350 1397 671 1469 δοθήσεσθαι
702 1402 738 1472 ή
767 1403 1097 1473 προκειμένη
1142 1403 1381 1458 διδάσκει
1425 1406 1745 1478 πρόρρησις.
1787 1407 1929 1462 Ἀντὶ

349 1491 404 1544 δὲ
428 1492 543 1557 τοῦ,
580 1510 601 1544 ι
631 1493 725 1546 καὶ
753 1494 785 1565 ή
818 1493 952 1565 τιμὴ
981 1494 1075 1548 τοῦ
1094 1496 1411 1568 Καρμήλου,
1443 1517 1463 1550 ι
1500 1501 1528 1551 ὁ
1561 1500 1658 1571 μὲν
1700 1499 1926 1569 Ἀκύλας

348 1584 482 1652 φησί
504 1600 518 1613 ·
561 1602 583 1634 ‹
626 1584 964 1657 Διαπρέπεια
995 1586 1087 1640 τοῦ
1121 1588 1419 1660 Καρμήλου
1464 1590 1557 1644 καὶ
1588 1590 1683 1644 τοῦ
1716 1591 1923 1662 Σαρὼν,

2035 497 2240 552 bonum
2260 535 2275 561 ,
2320 497 2410 551 cui
2451 496 2529 551 rei
2569 502 2624 550 et
2656 494 2841 550 divina
2871 496 3169 566 prophetia:
3201 496 3511 567 praedictio,
3540 506 3596 553 et

2034 588 2103 642 ab
2132 586 2281 641 omni
2319 584 2605 642 mendacio
2647 584 3045 642 alienissimum
3095 601 3377 643 sacrorum
3413 584 3598 643 Evan-

2033 680 2299 751 geliorum
2346 677 2757 743 testimonium,
2806 677 3168 732 indubitatam
3225 678 3386 735 ﬁdem
3442 658 3621 734 facit..

2034 770 2313 827 Desertam
2364 783 2493 824 vero
2536 767 2593 823 in
2643 766 2730 824 his
2774 767 2959 823 verbis
3001 768 3284 823 oraculum
3328 769 3600 839 signiﬁcat

2030 876 2149 917 eam
2179 875 2299 931 quae
2326 860 2393 916 de
2423 859 2681 929 gentibus
2710 858 2940 914 collecta
2968 869 3082 922 est,
3112 858 3412 915 Ecclesiam
3431 901 3446 925 ,
3475 874 3600 930 qua)

2031 969 2154 1008 cum
2186 962 2340 1007 antea
2371 951 2488 1009 sine
2516 951 2626 1006 Deo
2652 960 2798 1006 esset
2825 992 2840 1015 ,
2872 967 2969 1022 per
2993 967 3089 1007 eos
3122 953 3190 1008 de
3220 954 3421 1023 quibus
3449 967 3598 1009 nunc

2031 1045 2229 1114 agitur,
2258 1044 2609 1115 Evangelium
2653 1043 2872 1113 accipit.
2915 1042 3185 1100 Praeterea
3226 1046 3367 1100 idem
3403 1061 3598 1102 oracu-

2031 1138 2141 1191 lum
2184 1138 2292 1202 ait,
2336 1137 2464 1191 huic
2505 1136 2734 1192 desertac
2777 1137 3012 1192 dandam
3060 1152 3190 1193 esse
3236 1138 3464 1209 gloriam
3504 1136 3597 1193 Li-

2028 1229 2176 1284 bani.
2206 1228 2471 1283 Libanum
2513 1240 2693 1284 autem
2723 1228 2952 1300 ﬁgurate
2995 1226 3300 1284 Jerusalem
3329 1229 3594 1301 appellari

2028 1328 2347 1395 consuetum
2388 1328 2473 1377 est
2492 1358 2509 1386 ,
2555 1322 2700 1376 sicut
2730 1336 2830 1376 suo
2857 1329 3101 1391 tempore
3123 1336 3219 1392 per
3245 1336 3339 1377 eas
3365 1321 3595 1377 demon-

2028 1412 2356 1475 strationes,
2410 1426 2548 1483 quas
2592 1413 2661 1468 de
2710 1411 2895 1468 divina
2944 1410 3228 1483 Scriptura
3275 1411 3597 1480 conﬁciam,

2026 1503 2355 1574 probaturus
2395 1520 2557 1559 sum:
2599 1503 2782 1575 itaque
2819 1504 2875 1558 in
2914 1504 3084 1575 ipsius
3120 1503 3213 1560 Dei
3252 1503 3320 1559 ad
3349 1504 3600 1562 homines

2027 1596 2261 1651 adventu
2285 1638 2299 1657 .
2344 1596 2423 1650 illi
2469 1595 2733 1660 desertae,
2782 1596 2850 1652 de
2882 1611 2990 1666 qua
3019 1596 3226 1651 dictum
3260 1602 3374 1660 est,
3407 1594 3598 1651 Eccle-

345 1674 500 1728 αὐτοὶ
529 1673 749 1744 δψονται
777 1673 936 1740 δόξαν
966 1677 1171 1749 Κυρίου
1192 1696 1206 1708 ’
1240 1697 1259 1731 ι
1297 1680 1326 1731 ὁ
1355 1679 1411 1734 δὲ
1441 1679 1766 1752 Σύμμαχος’
1803 1683 1912 1735 «Εὐ

2028 1689 2154 1756 sire,
2200 1690 2457 1761 inquam,
2496 1705 2617 1761 quae
2647 1688 2715 1745 de
2742 1689 2996 1759 gentibus
3038 1689 3267 1744 collecta
3310 1696 3426 1756 est,
3476 1687 3599 1759 glo-

352 1766 593 1837 πρέπεια
616 1766 710 1821 τοῦ
734 1767 1031 1840 Καρμήλου
1058 1770 1267 1824 καὶτοῦ
1296 1772 1498 1834 πεδίου,
1527 1774 1679 1827 αὐτοὶ
1704 1774 1912 1845 ὄψονται

2023 1781 2158 1837 riam
2192 1760 2381 1836 Libani
2412 1760 2646 1837 dandam
2678 1796 2801 1837 esse
2824 1823 2839 1849 ,
2882 1780 3228 1851 propositum
3268 1779 3429 1834 docet
3470 1793 3596 1835 ora-

341 1856 443 1926 τὴν
469 1855 628 1923 δόξαν
660 1858 883 1928 Κυρίου.
908 1878 926 1909 ι
956 1860 1065 1914 Καὶ
1094 1863 1123 1914 ὁ
1149 1860 1439 1917 Θεοδοτίων
1466 1864 1541 1929 δὲ,
1559 1880 1583 1917 ι
1618 1865 1916 1939 Ὠραιότης,

341 1947 498 2017 φησι,
528 1945 623 1999 τοῦ
666 1948 964 2020 Καρμήλου
998 1950 1091 2005 καὶ
1129 1951 1222 2005 τοῦ
1268 1953 1475 2024 Σαρὼν,
1503 1954 1657 2009 αὐτοὶ
1699 1955 1916 2026 ὄψονται

337 2044 442 2114 τὴν
469 2045 629 2112 δόξαν
651 2049 855 2121 Κυρίου
881 2066 897 2083 ο
927 2070 945 2103 ι
978 2051 1045 2106 δι’
1077 2044 1151 2107 ὧν
1175 2052 1503 2109 αἰνίττεσθαι
1529 2055 1771 2127 ἡγοῦμαι
1814 2056 1913 2128 τὴν

336 2137 676 2206 προφητείαν
707 2139 768 2192 ού
800 2140 898 2211 τὴν
938 2142 1307 2216 Ἰερουσαλὴμ,
1347 2145 1468 2198 οὐδὲ
1493 2146 1593 2218 τὴν
1638 2146 1912 2214 Ἰουδαίαν,

336 2226 480 2281 ἀλλά
500 2227 598 2298 τήν
618 2229 727 2285 τῶν
759 2232 928 2285 ἐθνῶν
953 2234 1137 2306 χώραν
1169 2236 1669 2309 καταξιωθήσεσθαι
1696 2241 1794 2312 τῆς
1830 2243 1918 2295 ἐν-

335 2318 464 2372 θέου
488 2319 757 2388 γνώσεως.
806 2324 863 2376 Ὁ
890 2323 1019 2392 γοῦν
1056 2326 1379 2399 Κάρμηλος,
1406 2329 1499 2382 καὶ
1526 2331 1555 2382 ὁ
1585 2328 1915 2401 καλούμενος

334 2409 529 2482 Σαρὼν
569 2413 723 2466 τόποι
754 2414 862 2467 τῶν
912 2416 1220 2487 ἀλλοφύλων
1249 2420 1490 2492 ὑπῆρχον
1513 2420 1700 2476 ἐθνῶν.
1730 2423 1913 2478 Ταῦτα

343 2504 445 2571 μὲν
467 2498 560 2556 οὖν
598 2504 732 2573 πρὸς
761 2505 906 2571 λέξιν
926 2524 939 2543 η
982 2509 1076 2562 καὶ
1104 2510 1243 2564 κατά
1272 2510 1509 2566 διάνοιαν
1531 2513 1589 2566 δὲ
1618 2513 1781 2567 είσέτι
1814 2516 1911 2586 σή-

337 2613 506 2667 μερον
527 2599 575 2650 οἱ
606 2599 732 2670 πρὶν
759 2598 858 2665 τὰς
889 2600 1067 2685 ψυχὰς
1098 2605 1507 2676 πεπηρωμένοι,
1538 2606 1613 2670 ὡς
1643 2603 1795 2672 ξύλα,
1818 2608 1913 2662 καὶ

334 2687 537 2753 λίθους,
585 2690 679 2744 καὶ
716 2691 814 2763 τὴν
858 2691 1052 2764 λοιπὴν
1099 2694 1304 2766 ἄψυχον
1353 2696 1506 2768 ὕλην,
1547 2697 1806 2770 δαίμονάς
1848 2716 1910 2752 τε

335 2780 668 2849 τεριγείους,
718 2780 811 2834 καὶ
861 2783 1143 2854 πνεύματα
1198 2785 1428 2858 πονηρὰ,
1475 2787 1596 2841 ἀντὶ
1639 2787 1735 2841 τοῦ
1775 2787 1909 2842 Θεοῦ

330 2868 443 2922 τῶν
471 2870 605 2923 ὅλων
631 2876 974 2942 προσκυνεῖν,
1003 2875 1056 2927 οἵ
1079 2891 1139 2927 τε
1168 2874 1236 2928 τὰ
1269 2864 1383 2929 ὦτα
1408 2875 1510 2946 τῆς
1528 2867 1778 2942 ’διανοίας
1820 2896 1911 2931 κε-

332 2961 676 3031 κωφωμένοι,
697 2965 791 3017 καὶ
815 2964 1129 3029 σκάζοντες,
1151 2967 1243 3020 καὶ
1269 2967 1586 3038 παρειμένοι
1611 2969 1702 3023 τὸν
1732 2969 1908 3024 πάντα

332 3052 541 3108 ἑαυτῶν
566 3053 700 3123 βίον,
733 3054 936 3108 τούτων
970 3056 1225 3110 ἀπάντων
1254 3057 1347 3109 καὶ⁸
1377 3057 1485 3110 τῶν
1518 3057 1692 3113 ἄλλων
1718 3042 1907 3115 ’παθῶν

2021 1869 2227 1924 culum.
2259 1868 2367 1924 Pro
2392 1885 2458 1925 eo
2489 1877 2669 1924 autem
2707 1869 2855 1940 quod
2885 1870 3092 1924 dictum
3128 1880 3247 1934 est,
3282 1888 3300 1919 ι
3335 1877 3389 1925 et
3420 1869 3596 1925 honor

2020 1956 2290 2021 Carmeli,
2324 1978 2342 2010 ι
2386 1956 2580 2029 Aquila
2641 1957 2861 2029 quidem
2915 1958 3225 2020 convertit,
3271 1976 3289 2009 ι
3326 1955 3594 2028 Splendor

2019 2046 2257 2102 Carmeli
2287 2055 2342 2103 et
2375 2047 2583 2113 Saron,
2618 2048 2720 2119 ipsi
2750 2048 3011 2104 videbunt
3041 2048 3267 2118 gloriam
3301 2046 3533 2102 Domini.
3567 2068 3587 2102 ι

2022 2139 2380 2213 Symmachus
2403 2158 2565 2205 vero,
2597 2161 2615 2194 ‹
2648 2141 2819 2196 Decor
2856 2142 3089 2196 Carmeli
3131 2152 3185 2196 et
3237 2140 3450 2212 campi,
3485 2140 3593 2211 ipsi

2022 2232 2286 2289 videbunt
2336 2235 2568 2305 gloriam
2628 2233 2865 2289 Domini.
2907 2252 2925 2284 ι
2962 2231 3306 2287 Theodotion
3359 2238 3589 2286 autem:

2025 2343 2044 2376 ι
2076 2324 2337 2395 Species,
2368 2325 2587 2394 inquit,
2629 2323 2868 2379 Carmeli
2915 2329 2970 2377 et
3025 2321 3237 2384 Saron,
3284 2318 3388 2389 ipsi
3438 2318 3585 2374 vide-

2019 2414 2156 2469 bunt
2195 2414 2422 2485 gloriam
2470 2413 2711 2470 Domini.
2745 2433 2764 2468 ι
2794 2412 3009 2479 Quibus
3048 2411 3237 2467 verbis
3277 2411 3592 2483 signiﬁcare

2019 2506 2255 2560 arbitror
2284 2506 2627 2577 prophetiam
2651 2545 2666 2569 ,
2698 2520 2809 2561 non
2851 2506 3027 2576 ipsam
3069 2502 3372 2559 Jerusalem
3412 2518 3591 2574 neque

2015 2595 2258 2651 Judaaam
2281 2637 2297 2663 ,
2329 2596 2425 2652 sed
2456 2598 2699 2667 ipsarum
2724 2596 2969 2667 gentium
2999 2604 3199 2650 terram
3224 2634 3239 2659 ,
3273 2594 3360 2649 cui
3404 2595 3589 2651 divina

2016 2689 2252 2758 cognitio
2279 2687 2588 2744 exhibenda
2622 2688 2714 2743 sit.
2749 2687 3038 2743 Carmelus
3066 2686 3211 2741 enim
3237 2725 3253 2750 ,
3282 2695 3337 2742 et
3365 2687 3459 2756 qui
3491 2703 3588 2742 vo-

2015 2788 2173 2835 catur
2221 2778 2430 2845 Saron,
2479 2786 2830 2834 externarum
2878 2778 3121 2849 gentium
3151 2777 3269 2831 loca
3298 2787 3479 2832 erant.
3515 2776 3582 2832 Et

2012 2873 2127 2927 haec
2176 2872 2397 2943 quidem
2445 2872 2511 2926 ad
2566 2871 2837 2935 verbum,
2871 2870 2940 2925 ad
2972 2885 3194 2926 sensum
3237 2886 3368 2926 vero
3415 2870 3586 2926 inter-

2014 2962 2401 3032 pretantibus,
2452 2961 2747 3017 dicendum
2799 2963 2945 3025 erit,
2995 2962 3141 3032 quod
3196 2960 3232 3015 ii
3285 2961 3377 3032 qui
3430 2962 3584 3033 prius

2015 3055 2215 3109 animis
2239 3056 2495 3110 excaecati
2526 3060 2682 3108 erant
2705 3091 2719 3117 ,
2759 3052 2895 3109 adeo
2926 3060 2986 3107 ut
3026 3053 3170 3123 ligna
3214 3060 3266 3107 et
3302 3053 3508 3123 lapides
3531 3062 3587 3108 et

333 3161 390 3196 τε
415 3144 510 3198 καὶ
537 3146 790 3217 ἁρῤωστη
801 3145 986 3216 μάτων
1008 3147 1096 3201 διὰ
1118 3148 1215 3218 τῆς
1240 3147 1335 3201 τοῦ
1362 3149 1608 3220 Σωτῆρος
1634 3150 1787 3221 ἡμῶν
1811 3153 1910 3224 Ἰη-

2016 3146 2275 3216 reliquam
2310 3145 2505 3200 animm
2558 3154 2835 3215 expertem
2870 3146 3149 3200 materiam
3177 3184 3191 3209 ,
3227 3160 3441 3200 necnon
3475 3145 3585 3200 dae-

334 3234 428 3290 σοῦ
461 3237 696 3307 Χριστοῦ
728 3238 1073 3302 διδασκαλίας
1105 3239 1272 3292 εἰσέτι
1301 3240 1394 3294 καὶ
1421 3239 1514 3294 νῦν
1543 3240 1909 3296 ἀπαλλάττον-

329 3342 446 3389 ται,
478 3327 611 3381 πολὺ
638 3328 942 3399 κρείττονος
971 3328 1004 3398 ἢ
1042 3328 1182 3381 κατὰ
1210 3327 1367 3399 σῶμα
1399 3329 1593 3393 ἰάσεως
1637 3330 1729 3384 καὶ
1765 3331 1909 3402 ὠφε-

327 3418 482 3484 λείας
526 3420 851 3491 ἀξιούμενοι,
893 3420 989 3474 καὶ
1022 3420 1124 3491 τῆς
1162 3422 1242 3484 εἰς
1279 3418 1597 3490 ἀνθρώπους
1635 3422 1729 3476 τοῦ
1768 3423 1903 3477 Θεοῦ

327 3511 502 3578 Λόγου
532 3512 828 3584 παρουσίας
856 3511 1059 3582 ἐναργῆ
1098 3511 1195 3582 τὴν
1229 3511 1378 3564 θείαν
1403 3512 1496 3565 καὶ
1525 3513 1664 3586 ὑπὲρ
1689 3514 1900 3586 ἄνθρω-

324 3620 429 3657 πον
453 3602 681 3674 δύναμιν
704 3601 1153 3674 ἐπιδεικνύμενοι.

2012 3257 2204 3296 monas
2237 3240 2443 3296 circum
2481 3247 2682 3295 terram
2717 3245 3002 3294 versantes
3024 3278 3039 3302 ,
3074 3238 3321 3308 aliosque
3358 3238 3583 3308 spiritus

2008 3333 2333 3405 depravatos
2354 3373 2369 3396 ,
2400 3332 2524 3386 loco
2553 3329 2752 3387 summi
2798 3329 2891 3385 Dei
2925 3330 3205 3395 colerent,
3238 3330 3441 3400 quique
3479 3345 3582 3386 auv

2007 3424 2160 3480 ribus
2205 3423 2578 3496 intelligentia:
2625 3421 3070 3488 obsurduerant;
3113 3427 3166 3475 et
3207 3420 3582 3477 claudicantes

2006 3517 2279 3589 solutique
2302 3517 2450 3572 omni
2479 3516 2592 3572 vita
2623 3527 2813 3579 erant,
2842 3514 2928 3569 his
2961 3514 3219 3570 omnibus
3245 3513 3405 3569 malis
3436 3513 3582 3570 aliis-

2002 3626 2113 3681 que
2159 3617 2214 3665 et
2258 3607 2728 3681 perturbationum
2766 3613 2821 3662 et
2847 3604 3229 3676 aegritudinum
3257 3604 3577 3676 generibus,

325 3715 426 3767 per
479 3696 781 3754 Salvatoris
809 3699 983 3753 nostri
1009 3696 1141 3754 Jesu
1174 3696 1379 3755 Christi
1411 3698 1717 3757 doctrinam
1758 3703 1921 3759 etiam
1960 3721 2108 3762 nunc
2138 3706 2462 3767 liberantur,
2495 3709 2550 3757 et
2589 3701 2762 3756 multo
2827 3700 3258 3771 prastantiorem
3306 3712 3469 3769 quam
3513 3710 3578 3751 ea

322 3800 446 3856 est,
505 3806 626 3862 quae
654 3790 721 3846 ad
770 3806 971 3862 corpus
1030 3792 1299 3863 pertinet.
1365 3796 1593 3850 salutem
1648 3812 1917 3868 opemque
1948 3802 2254 3869 recipiunt,
2296 3808 2351 3855 et
2393 3798 2488 3853 Dei
2522 3795 2686 3853 Verbi
2730 3794 2799 3850 ad
2837 3794 3087 3851 homines
3129 3793 3397 3851 adventus
3435 3790 3580 3848 divi—

321 3902 451 3941 nam
482 3894 535 3942 et
552 3886 674 3957 plus
701 3901 865 3957 quam
892 3885 1187 3942 humanam
1218 3887 1474 3944 virtutem
1510 3891 1774 3964 detegunt
1805 3908 1870 3948 ac
1907 3893 2307 3950 demonstrant.

833 3997 1228 4052 ΚΕΦΑΛΑΙΟΝ
1253 3999 1385 4056 ΚΒ⁸.

334 4086 491 4161 Ἇπῤ-
517 4086 624 4141 τοῦ
670 4087 890 4161 αὐτοῦζ
920 4120 992 4129 -
1026 4090 1117 4153 Ὠς
1162 4092 1196 4143 ὀ
1243 4089 1472 4161 πρῶτος
1511 4092 1609 4146 καί
1658 4096 1745 4161 είς
1792 4098 1901 4152 τὸν

390 4155 892 4241 aerugo-95927
938 4161 1148 4241 A6102,
1191 4162 1223 4214 ὀ
1254 4155 1381 4241 ¹τῶν
1417 4160 1578 4241 ᾷλων
1614 4155 1898 4241 Amicam)-

394 4226 530 4298 rdc,
557 4227 674 4281 ὑπὸ
697 4229 920 4296 Κυρίου
946 4226 1052 4282 τοῦ
1080 4231 1308 4298 Πατρός
1334 4229 1433 4286 καί
1452 4230 1568 4286 νῦν
1594 4226 1894 4291 ἀπέστάξί-

389 4299 488 4351 θαι
507 4297 725 4351 ἑαυτὸν
757 4298 1053 4368 ὁμολογεῖ.

2460 4004 2622 4076 302
2672 3998 2902 4059 CAPUT
2942 3996 3107 4053 xxu.

2002 4096 2082 4152 Ab
2109 4096 2308 4151 eodem.
2337 4124 2409 4157 -,-
2435 4090 2892 4159 Quemadmodum
2913 4089 3148 4159 primum,
3167 4087 3570 4159 sempiternum-

2139 4184 2167 4221 e
2215 4166 2314 4220 Dei
2353 4154 2615 4226 Verbum,
2649 4164 2758 4231 ipse
2785 4154 3018 4215 universi
3051 4156 3239 4231 Opifeg:
3275 4174 3306 4208 a
3344 4154 3571 4211 Domino

2104 4183 2167 4221 ue
2215 4183 2314 4220 Det
2357 4183 2615 4226 verbum,
2649 4183 2758 4231 (p88
2785 4183 3018 4215 ιιηιυσνδι
3051 4183 3237 4225 υμιμςιι
3275 4183 3306 4208 u
3344 4183 3387 4207 υ

2068 4185 2230 4292 1’atrc
2266 4236 2428 4291 etiam
2452 4250 2589 4288 nunc
2617 4248 2672 4287 se
2705 4232 2923 4285 missum
2952 4242 3064 4283 esse
3095 4227 3391 4294 conﬁtetur.

392 4430 412 4461 ι
453 4409 648 4464 Ἀκουέ
681 4427 803 4482 μου,
847 4409 1057 4477 Ἰακὼὸ,
1088 4413 1183 4466 καὶ
1225 4412 1462 4486 Ἰσραὴλ,
1493 4413 1551 4468 ὃν
1574 4413 1683 4484 ἐγὼ
1712 4418 1887 4472 καλῶ·

2078 4431 2096 4462 ι
2123 4409 2265 4465 Audi
2308 4422 2429 4471 me,
2474 4404 2644 4461 Jacob
2685 4411 2737 4458 et
2775 4401 2942 4458 Israel
2969 4440 2983 4463 ,
3029 4414 3190 4470 quem
3236 4411 3336 4468 ego
3382 4411 3517 4451 voco
3546 4414 3566 4451 :

316 4501 429 4578 ἐχώ
458 4504 572 4573 εἰμι
617 4503 851 4575 πρῶτος,
886 4504 981 4557 καὶ
1022 4503 1133 4571 ἐγώ
1158 4506 1274 4575 είμι
1320 4507 1401 4570 είς
1442 4507 1532 4559 τὸν
1563 4507 1763 4563 αίῶνα’
1795 4511 1890 4563 καὶ

314 4597 346 4663 ἡ
384 4594 503 4666 χείρ
537 4612 636 4666 μου
679 4594 1001 4665 ἐθεμελίωσε
1049 4595 1147 4666 τὴν
1195 4597 1317 4667 γῆν,
1348 4599 1380 4668 ἡ
1413 4598 1559 4664 δεξιά
1592 4617 1694 4669 μου
1741 4603 1890 4654 ἐστε-

318 4686 490 4756 ρέωσε
529 4684 619 4736 τὸν
661 4684 907 4755 οὐρανόν.
948 4702 966 4734 ›
1000 4683 1125 4736 ⁰Καὶ
1161 4685 1411 4756 ἐπιφέρει
1454 4687 1658 4755 λέγων’
1714 4708 1733 4739 ι
1780 4691 1889 4743 Καὶ

314 4775 413 4827 νῦν
456 4776 658 4846 Κύριος
687 4774 995 4831 ἀπέσταλκέ
1031 4793 1118 4845 με,
1160 4776 1254 4828 καὶ
1291 4776 1352 4828 τὸ
1385 4778 1606 4848 Πνεῦμα
1636 4780 1820 4834 αὐτοῦ.
1862 4799 1881 4832 ι

320 4870 507 4939 Ἔχεις
548 4867 823 4922 κάνταῦθα
861 4866 955 4921 καὶ
996 4867 1087 4920 τὸν
1132 4865 1612 4937 ἀποστελλόμενον,
1656 4869 1749 4923 καὶ
1794 4870 1887 4924 τὸν

317 4957 736 5023 ἀποστέλλοντα,
782 4957 980 5029 δηλαδὴ
1018 4957 1111 5010 τὸν
1171 4955 1389 5027 Πατέρα
1444 4959 1536 5011 καὶ
1594 4958 1725 5013 Θεὸν
1776 4961 1886 5016 τῶν

315 5048 475 5112 ὅλων,
505 5049 747 5120 συνήθως
773 5050 851 5113 δὶς
881 5048 1083 5119 Κύριον
1116 5047 1530 5119 ὀνομαζόμενον.

819 5164 1214 5218 ΚΕΦΑΛΑΙΟΝ
1248 5164 1376 5219 ΚΓ’.

327 5256 463 5309 Ἀπὸ
493 5255 596 5309 τοῦ
638 5255 844 5311 αὐτοῦ.
880 5288 946 5296 -
989 5257 1081 5322 Ὠς
1121 5256 1302 5322 αὐτὸς
1334 5258 1367 5310 ό
1397 5256 1609 5324 Κύριος
1646 5257 1712 5313 τὸ
1753 5261 1885 5316 Ἰου-

386 5325 569 5379 δαίων
593 5326 766 5391 ἔθνος
799 5325 1135 5395 ἀπελέγχει,
1169 5328 1257 5379 ὅτι
1287 5326 1363 5391 δὴ
1406 5326 1657 5381 ἐλθόντα
1699 5332 1884 5385 αὐτὸν

385 5398 459 5449 οὐ
512 5395 954 5463 παριιδέξονται,
997 5396 1139 5450 οὐδὲ
1182 5396 1465 5451 καλοῦντι
1503 5400 1882 5455 ὑπακούσον-

382 5481 500 5528 ται,
532 5465 705 5520 ὁποῖά
726 5484 789 5520 τε
811 5467 1080 5521 πείσεται
1110 5468 1260 5536 πρὸς
1285 5468 1503 5525 αὐτῶν.

356 5594 408 5627 η(
444 5575 600 5629 Οὕτω
654 5575 798 5645 λέγει
839 5575 1050 5648 ,Κύριος
1073 5595 1085 5607 ·
1151 5578 1306 5631 Ποῖον
1379 5581 1533 5635 τοῦτο
1577 5582 1637 5635 τὸ
1684 5582 1885 5653 βιϐλίον

393 5731 439 5766 ’⁸
473 5728 578 5789 lsa.
606 5747 794 5799 )LVIII,
832 5730 913 5787 15.
991 5733 1030 5763 ¹¹
1055 5730 1185 5786 ibid.
1223 5732 1306 5787 16.

1997 4519 2097 4576 ego
2135 4518 2255 4558 sum
2289 4501 2535 4571 primus,
2567 4506 2622 4553 et
2663 4510 2764 4567 ego
2804 4509 2925 4552 sum
2957 4494 3014 4548 in
3044 4491 3476 4561 sempiternum:
3510 4497 3569 4543 et

2000 4613 2194 4652 manus
2229 4611 2347 4650 mea
2379 4591 2628 4648 fundavit
2657 4597 2855 4645 terram
2875 4626 2890 4651 ,
2919 4584 3140 4641 dextera
3171 4597 3291 4637 mea
3320 4579 3560 4635 ﬁrmavit

2002 4691 2202 4745 omium
2233 4691 2299 4741 ὀ.
2334 4706 2352 4738 ι
2376 4685 2444 4739 Ει
2470 4681 2717 4754 adiungit
2750 4678 2913 4751 paulo
2942 4687 3064 4748 post
3090 4692 3103 4728 :
3139 4693 3157 4726 ι
3186 4672 3251 4727 Ει
3282 4686 3429 4726 nunc
3457 4670 3564 4725 Do-

2002 4783 2183 4834 minus
2215 4779 2361 4833 misit
2392 4791 2479 4831 me
2515 4784 2571 4829 et
2604 4771 2840 4844 Spiritus
2883 4769 3004 4839 ejus
3031 4766 3096 4819 “.
3122 4762 3147 4817 “›
3174 4763 3352 4819 Habes
3398 4761 3567 4832 igitur

1993 4869 2082 4923 hic
2125 4885 2342 4940 quoque
2378 4866 2665 4921 Dominum
2691 4880 2723 4929 ,'
2757 4861 2850 4933 qui
2895 4859 3132 4913 mittitur
3154 4864 3210 4911 et
3239 4855 3333 4926 qui
3362 4851 3557 4916 mittit,

1994 4961 2209 5017 Patrem
2242 4960 2496 5015 videlicet
2531 4973 2596 5013 ac
2626 4956 2798 5013 Deum
2831 4952 3110 5015 universi,
3149 4950 3241 5020 qui
3277 4944 3563 5003 consuevit

1990 5052 2075 5108 bis
2106 5051 2365 5108 Dominus
2393 5049 2687 5105 nominari.

2555 5161 2785 5222 CAPUT
2823 5159 3013 5215 XXIII.

1990 5259 2068 5314 Ab
2097 5258 2297 5314 eodem.
2321 5289 2390 5298 —
2412 5254 2867 5325 Quemadmodum
2899 5253 3031 5325 ipse_
3051 5247 3307 5303 Dominus
3335 5245 3553 5325 Jttdazo-

2059 5347 2177 5384 rum
2213 5319 2718 5400 gentemwredorgut't
2739 5363 2755 5387 ,
2795 5340 2856 5377 eo
2892 5321 3031 5392 quod
3073 5331 3349 5400 peritarum
3381 5319 3551 5400 ipsum

2057 5386 2352 5469 suscepturi
2383 5415 2486 5451 non
2514 5386 2658 5459 sint,
2687 5386 2849 5471 itaque
2878 5386 3088 5471 ρόιξαηιί
3130 5391 3232 5446 sibi
3271 5386 3552 5444 ausculta-

2060 5463 2276 5538 turi,'et
2306 5485 2422 5540 quae
2451 5463 2804 5538 passurus'sit
2834 5464 2899 5519 ab
2927 5463 3022 5518 eis.

2066 5601 2082 5632 ι
2116 5580 2208 5635 Sic
2236 5579 2367 5635 dicit
2399 5577 2663 5634 Dominus
2683 5616 2697 5644 ,
2734 5574 2921 5643 Qualis
2949 5581 3030 5631 est
3061 5572 3149 5628 hic
3177 5571 3311 5629 liber
3340 5566 3551 5643 repudii
