4080 6416
574 360 680 417 679

1242 333 1508 412 ΕΗΞΕΒῙΙ
1545 359 2021 417 CESARIENSIS
2057 358 2207 417 OPP.
2242 360 2421 417 PARS
2442 361 2506 418 ll.
2545 395 2615 405 —
2650 362 3144 423 APOLOGETICA.

3706 374 3808 432 £80

575 479 768 539 matris
809 481 1038 539 vestrae,
1073 489 1182 545 quo
1227 474 1410 532 dimisi
1453 477 1621 532 eam?
1657 485 1750 532 aut
1780 481 1866 534 cui
1899 479 2111 535 debitor

2231 480 2326 534 τοῦ
2355 481 2681 534 ἀποστασίου
2716 483 2813 556 τῆς
2842 485 3047 556 μητρὸς
3073 484 3225 557 ὑμῶν
3253 477 3296 554 ᾧ
3325 487 3679 552 ἐξαπέστειλα
3709 498 3805 551 αὐ-

574 571 790 628 vendidi
824 568 966 623 vos?
992 582 1119 622 ecce
1149 569 1390 636 peccatis
1421 571 1618 625 vestris
1647 571 1850 626 venditi
1881 574 2016 628 estis
2038 614 2053 637 ,
2082 581 2138 627 et

573 657 954 731 iniquitatibus
992 657 1188 712 vestris
1225 659 1384 712 emisi
1427 668 1652 717 matrem
1685 673 1920 720 vestram
1947 705 1961 728 ,
1996 679 2137 734 quo-

572 749 718 805 niam
749 749 901 814 veni,
935 756 989 805 et
1018 765 1127 806 non
1153 759 1270 806 erat
1298 751 1494 818 homo;
1528 755 1748 818 vocavi,
1777 763 1831 810 et
1861 771 1970 810 non
2009 764 2128 811 erat

569 840 662 913 qui
697 838 928 895 audiret.
965 837 1219 910 Nunquid
1269 856 1376 894 non
1413 849 1590 910 potest
1621 859 1815 899 manus
1846 861 1965 899 mea
1994 846 2128 902 libe-

567 929 729 984 rare?
753 937 846 984 aut
876 932 1119 1002 nunquid
1157 948 1266 986 non
1297 948 1519 1001 possum
1546 935 1754 1004 eripere
1777 936 1863 989 “?
1888 955 1906 988 ι
1934 935 2136 992 Deinde

569 1019 626 1074 in
679 1021 866 1076 eadem
919 1024 1200 1094 prophetia
1253 1025 1529 1094 paululum
1578 1041 1939 1096 progressus:
1972 1046 1991 1078 ι
2021 1027 2136 1099 Ego

476 1159 480 1163 .
567 1126 716 1177 vero,
759 1112 966 1182 inquit,
1009 1129 1116 1167 non
1164 1123 1455 1170 contumax
1492 1131 1643 1180 sum,
1691 1131 1867 1186 neque
1909 1125 2132 1174 contra-

571 1198 696 1259 dico
725 1216 739 1254 :
798 1207 1009 1270 tergum
1053 1217 1232 1256 meum
1274 1203 1397 1258 dedi
1432 1203 1486 1258 in
1521 1204 1729 1274 ﬂagella
1751 1245 1766 1269 ,
1797 1213 1852 1260 et
1882 1208 2131 1264 maxillas

566 1304 717 1344 meas
761 1289 817 1344 in
863 1291 1048 1361 alapas
1082 1311 1094 1346 :
1142 1292 1331 1349 faciem
1373 1310 1502 1350 vero
1542 1312 1716 1352 meam
1761 1313 1869 1352 non
1897 1300 2066 1354 averti
2099 1315 2130 1353 a

565 1383 766 1451 probro
789 1390 1071 1451 sputorum
1089 1385 1185 1440 ²³.›
1203 1383 1320 1455 Ipse
1347 1385 1606 1443 Dominus
1629 1429 1642 1453 ,
1673 1404 1798 1443 cum
1823 1389 1878 1443 in
1905 1391 1990 1446 his
2017 1407 2133 1447 ver-

563 1471 650 1528 bis
678 1487 835 1528 suum
865 1472 932 1526 ad
963 1473 1210 1531 homines
1242 1475 1534 1531 adventum
1564 1477 1820 1547 fateatur,
1847 1482 2129 1553 redarguit

562 1564 721 1635 303
766 1567 1022 1636 populum
1075 1565 1420 1633 Judaaorum,
1467 1570 1612 1640 quod
1658 1573 1962 1629 venientem
2002 1589 2127 1629 eum

563 1657 872 1725 suscepturi
903 1673 1009 1711 non
1042 1656 1170 1725 sint,
1207 1674 1382 1729 neque
1415 1663 1630 1717 vocanti
1659 1665 2039 1730 auscultaturi,
2071 1671 2127 1720 et

2238 571 2370 641 τήν;
2414 572 2447 644 ἢ
2493 572 2594 625 τίνι
2649 575 2900 646 ὑπόχρεῳ
2961 576 3220 648 πέπρακα
3283 580 3468 651 ὑμᾶς;
3511 586 3640 640 Ἰδοὺ
3689 594 3805 655 ταῖς

2237 662 2532 733 ἁμαρτίαις
2575 665 2728 734 ὑμῶν
2763 665 3058 738 ὲπράθητε,
3094 669 3187 722 καὶ
3215 672 3335 734 ταῖς
3375 674 3624 744 ἀνομίαις
3655 679 3805 749 ὑμῶν

2237 750 2588 816 ὲξαπέστειλα
2620 755 2719 826 τὴν
2747 756 2958 827 μητέρα
2985 758 3135 828 ὑμῶν
3159 776 3173 790 ⁸
3208 761 3340 815 διότι
3369 759 3549 835 ἦλθον,
3587 771 3680 822 καὶ
3708 773 3804 826 οὐκ

2234 837 2304 913 ἦν
2333 843 2634 914 ἄνθρωπος’
2671 847 2922 912 ἐκάλεσα,
2953 851 3046 902 καὶ
3069 851 3167 904 οὐκ
3209 849 3276 924 ἦν
3305 856 3332 906 6
3367 857 3678 913 ὑπακούων.
3712 862 3802 935 Μὴ

2233 933 2351 1004 οὐχὶ
2387 935 2559 1005 ίσχύει
2591 938 2623 1008 ή
2656 939 2775 1009 χείρ
2817 956 2915 1009 μου
2947 939 3040 993 τοῦ
3076 942 3374 1012 ρύσασθαι;
3405 947 3436 1018 ἢ
3484 949 3586 1003 οὐκ
3638 933 3804 1022 ἰσχύω

2231 1025 2325 1078 τοῦ
2378 1026 2687 1095 ὲξελέσθαι;
2739 1049 2758 1081 ι
2811 1028 2924 1084 Εἶτ’
2972 1033 3062 1086 ἐπὶ
3110 1035 3207 1106 τῆς
3252 1038 3418 1108 αὐτῆς
3471 1043 3803 1113 προφητείας

2233 1115 2458 1180 ὑποϐάς,
2507 1116 2689 1185 «Ἐγὼ
2732 1119 2809 1184 δὲ,
2857 1123 3043 1192 φησὶν,
3081 1123 3180 1176 οὑκ
3223 1125 3450 1190 ἀπειθῶ,
3494 1129 3614 1182 οὐδὲ
3657 1131 3803 1185 ἀντι-

2231 1207 2390 1276 λέγω.
2443 1209 2516 1262 Τὸ
2560 1211 2726 1266 νῶτόν
2782 1230 2881 1282 μου
2914 1213 3088 1268 ἔδωκα
3126 1218 3201 1280 είς
3263 1219 3548 1289 μάστιγας,
3599 1224 3697 1287 τὰς
3747 1226 3800 1282 δὲ

2232 1299 2483 1368 σιαγόνας
2540 1318 2641 1371 μου
2699 1304 2778 1366 είς
2837 1306 3157 1375 ῥαπίσματα
3189 1325 3202 1338 °
3263 1310 3323 1363 τὸ
3395 1311 3452 1364 δὲ
3514 1314 3800 1386 πρόσωπόν

2233 1407 2334 1459 μου
2385 1391 2484 1444 οὐκ
2529 1392 2846 1464 ἀπέστρεψα
2878 1397 2988 1450 ἀπὸ
3011 1399 3270 1472 αἰσχύνης
3314 1405 3736 1477 ὲμπτυσμάτων.
3774 1429 3794 1462 ι

2227 1480 2397 1545 Αὐτὸς
2441 1485 2470 1535 6
2498 1481 2699 1556 Κύριος
2729 1485 2816 1541 διὰ
2857 1489 3059 1543 τούτων
3094 1493 3196 1563 τὴν
3225 1496 3303 1558 είς
3351 1496 3667 1569 ἀνθρώπους
3705 1501 3800 1555 αὑ-

2225 1571 2319 1626 τοῦ
2347 1576 2643 1645 παρουσίαν
2679 1578 2862 1647 σαφῶς
2896 1581 3190 1652 ὁμολογῶν,
3235 1587 3520 1658 ἀπελέγχει
3549 1591 3642 1643 τὸν
3673 1593 3815 1646 Ἴου--

2223 1664 2386 1719 δαίων
2437 1666 2586 1732 λαὸν,
2634 1669 2715 1723 ὄτι
2775 1671 2849 1742 μὴ
2891 1673 3108 1728 ἐλθόντα
3169 1677 3332 1732 αὑτὸν
3389 1680 3793 1749 καταδέξονται,

563 1743 726 1809 hanc,
775 1747 930 1816 quasi
978 1747 1217 1816 seipsum
1263 1748 1580 1816 defendens,
1631 1767 1854 1808 causam
1905 1754 2113 1810 illorum

2227 1756 2362 1828 μηδὲ
2403 1759 2653 1813 καλοῦντι
2695 1761 3106 1819 ὑπακούσονται.
3135 1767 3244 1821 Καὶ
3273 1768 3421 1822 τοῦθ’
3450 1767 3637 1843 ὥσπερ
3657 1773 3792 1826 ἀπο-

560 1833 801 1904 ipsorum
819 1835 1128 1903 rejectionis
1156 1837 1499 1895 docetfuisse
1519 1860 1532 1894 :
1553 1857 1675 1895 nam
1711 1860 1730 1893 ι
1756 1841 2020 1909 Quoniam
2035 1861 2113 1900 ve-

2227 1846 2547 1920 λογούμενος
2577 1894 2592 1919 ,
2635 1853 2806 1907 αἴτιον
2883 1856 2980 1926 τῆς
3036 1856 3213 1911 αὐτῶν
3260 1859 3469 1912 ἐκείνου
3522 1833 3800 1932 ἀποϐολῆς-

561 1925 640 1988 ni,
680 1925 877 1995 inquit,
919 1933 971 1980 et
993 1942 1099 1980 non
1132 1935 1250 1982 erat
1281 1929 1334 1983 in
1359 1931 1510 1986 vobis
1543 1931 2040 2005 homo,vocavique
2070 1945 2126 1992 et

559 2015 742 2072 nullus
785 2023 920 2081 erat,
956 2019 1044 2088 qui
1087 2020 1298 2075 audiret
1336 2040 1350 2076 :
1383 2022 1606 2088 idcirco,
1648 2025 1846 2096 inquit,
1885 2028 2125 2096 peccatis

563 2105 763 2161 vestris
801 2108 1005 2162 venditi
1042 2111 1195 2176 estis,
1241 2131 1259 2162 ι
1309 2120 1563 2184 tanquam
1595 2116 1697 2186 ipsi
1725 2133 1822 2186 per
1846 2134 1944 2176 vos
1973 2119 2123 2190 ipsos

558 2210 693 2251 mea:
739 2199 1036 2254 vocationis
1087 2201 1461 2270 repudiatores
1527 2207 1880 2275 exstiteritis,
1947 2226 2124 2282 neque

555 2299 686 2341 vero
715 2285 830 2356 ipse
854 2289 1011 2344 vobis
1049 2289 1289 2344 libellum
1331 2291 1540 2361 repudii
1565 2293 1826 2352 dederim.
1871 2297 1997 2353 Haec
2021 2315 2122 2354 au-

553 2381 662 2430 tem
692 2376 1099 2434 evidentissime
1139 2379 1210 2433 ad
1239 2395 1362 2434 eum
1392 2384 1650 2451 populum
1674 2386 1764 2455 qui
1790 2388 1858 2442 ad
1885 2389 2121 2443 circum-

552 2465 812 2521 cisionem
860 2469 1118 2537 pertinet,
1159 2468 1366 2524 directa
1395 2480 1543 2538 sunt,
1567 2482 1621 2530 et
1668 2477 1829 2535 simul
1861 2494 1946 2545 ea,
1998 2496 2119 2550 quae

554 2558 630 2612 illi
658 2567 847 2612 contra
880 2559 1056 2629 ipsum
1092 2562 1147 2615 in
1192 2565 1446 2632 passione
1487 2566 1606 2620 ausi
1638 2579 1784 2632 sunt,
1826 2569 2113 2640 signiﬁcat,

551 2649 738 2706 dcens
772 2668 785 2704 :
819 2669 837 2702 ι
878 2649 1112 2723 Tergum
1144 2670 1323 2708 meum
1357 2656 1478 2710 dedi
1513 2658 1565 2710 in
1592 2657 1820 2729 ﬂagella,
1850 2668 1904 2715 et
1931 2664 2119 2717 maxil-

551 2741 633 2796 las
661 2758 808 2798 meas
837 2742 890 2797 in
922 2745 1128 2816 alapas,
1167 2766 1186 2799 ›
1220 2755 1273 2803 et
1306 2764 1426 2819 qua:
1464 2759 1786 2820 sequuntur.
1819 2751 1944 2810 Haec
1979 2771 2116 2826 quo-

547 2849 654 2902 que
676 2849 771 2903 per
789 2837 955 2890 otium
977 2851 1008 2890 a
1040 2838 1194 2892 nobis
1213 2838 1360 2911 justa
1387 2840 1829 2912 interpretatione
1855 2847 2116 2916 explana-

548 2921 770 2978 buntur.

1084 3041 1315 3097 CAPUT
1372 3044 1561 3101 XXIV.

2226 1942 2506 2009 γεγονέναι
2558 1944 2816 2000 διδάσκει.
2871 1963 2890 1998 ι
2937 1947 3087 2001 Ἐπεὶ
3130 1949 3238 2020 γὰρ
3278 1947 3462 2022 ἦλθον,
3505 1953 3658 2024 φησὶ,
3701 1956 3794 2009 καὶ

2223 2033 2320 2084 οὐκ
2364 2028 2430 2104 ἦν
2479 2033 2538 2087 ὲν
2579 2035 2706 2106 ὑμῖν
2745 2036 3062 2108 ἄνθρωπος,
3093 2039 3326 2094 ὲκάλεσά
3368 2058 3447 2108 τε,
3480 2044 3576 2096 καὶ
3619 2044 3792 2110 οὐδεὶς

2221 2117 2288 2192 ἦν
2333 2124 2362 2174 6
2390 2125 2709 2179 ὑπακούωνο
2763 2127 2851 2181 διὰ
2896 2128 3086 2195 τοῦτο,
3129 2132 3294 2202 φησὶ,
3334 2135 3452 2196 ταῖς
3502 2135 3792 2205 ἁμαρτίαις

2223 2212 2374 2282 ὑμῶν
2403 2214 2711 2286 ὲπράθητε,
2739 2235 2756 2268 ι
2794 2218 2888 2272 ἅτε
2922 2219 3076 2274 αὐτοὶ
3115 2221 3209 2290 ἀφ’
3251 2223 3456 2276 ἑαυτῶν
3487 2224 3785 2280 ἀποστάται

2218 2302 2318 2372 τῆς
2346 2304 2484 2373 ἐμῆς
2509 2305 2752 2377 κλήσεως
2798 2308 3162 2374 καταστάντες
3185 2352 3200 2377 ,
3253 2312 3370 2365 ἀλλ’
3399 2315 3498 2367 οὐκ
3531 2314 3665 2385 ἐμοῦ
3711 2316 3790 2386 βι-

2219 2391 2365 2446 ϐλίον
2403 2395 2529 2464 ὑμῖν
2579 2397 2906 2452 ἀποστασίου
2935 2400 3242 2464 δεδωκότος.
3294 2404 3488 2472 Σαφῶς
3527 2405 3585 2457 δὲ
3615 2405 3788 2460 ταῦτα

2217 2484 2355 2556 πρὸς
2381 2487 2470 2540 τὸν
2497 2490 2562 2541 ὲκ
2584 2490 2886 2561 περιτομῆς
2911 2490 3037 2545 λαὸν
3068 2493 3430 2548 ἀποτείνεται.
3449 2495 3614 2565 Ὀμοῦ
3641 2497 3698 2549 δὲ
3721 2496 3788 2549 τά

2217 2578 2345 2647 περὶ
2372 2579 2432 2630 τὸ
2460 2580 2629 2643 πάθος
2654 2582 3027 2653 τετολμημένα
3053 2585 3235 2647 αὐτοῖς
3259 2585 3408 2656 δηλοῖ
3426 2586 3618 2655 λέγων·
3656 2589 3786 2640 ιΤὺν

2216 2669 2384 2723 νῶτόν
2415 2688 2516 2740 μου
2539 2672 2746 2727 δέδωκα
2771 2677 2849 2738 είς
2879 2675 3169 2746 μάστιγας,
3193 2677 3292 2740 τὰς
3324 2677 3379 2730 δὲ
3410 2679 3663 2746 σιαγόνας
3687 2696 3782 2750 μου

2214 2761 2292 2823 είς
2324 2762 2674 2833 ῥαπίσματα,
2709 2783 2727 2816 ι
2781 2765 2875 2816 καὶ
2918 2765 2986 2818 τὰ
3019 2765 3226 2830 τούτοις
3271 2767 3416 2838 ἑξῆς.
3463 2769 3571 2822 Καὶ
3615 2769 3787 2825 ταῦτα

2213 2852 2305 2904 ἐπὶ
2341 2853 2536 2925 σχολῆς
2560 2855 2660 2925 τῆς
2695 2857 3072 2928 προσηκούσης
3103 2857 3348 2922 τεύξεται
3377 2860 3696 2931 ἑρμηνείας.

2717 3057 3112 3112 ΚΕΦΑΛΛΙΟΝ
3150 3059 3275 3113 ΚΔ’.

545 3150 623 3203 Ab
651 3152 849 3246 eodem.
880 3185 950 3246 Γ
975 3154 1427 3246 ριεςηιαᾴηιοάωη
1457 3160 1577 3246 ,ξρδε
1615 3160 1714 3246 qui.
1745 3161 1798 3246 ἑξι
1846 3161 2107 3246 prophetis

2222 3165 2364 3222 Ἀπὸ
2405 3166 2534 3246 τοῦ.
2561 3167 2769 3246 αὐτοῦ.
2791 3170 2984 3246 -ςμὩς
3025 3171 3207 3246 αὐτὸς
3237 3173 3371 3246 der
3397 3175 3522 3241 τοῖς
3552 3178 3780 3246 προφή-

613 3224 738 3276 olim
761 3224 978 3277 canebat
1039 3226 1310 3291 Dominus,
1357 3224 1714 3282 venturus'ad
1757 3224 2008 3294 homines,
2059 3243 2106 3286 et

614 3295 740 3372 ipsis
774 3293 939 3348 oculis
979 3298 1358 3365 inspiciendus,
1383 3310 1432 3352 et
1472 3317 1503 3353 a
1529 3301 1764 3370 gentibus
1794 3318 2107 3372 cognoscen-

611 3367 733 3427 dus,
753 3374 1158 3431 exspectaretur.

615 3518 635 3551 ‹
674 3497 800 3554 Haac
835 3502 967 3556 dicit
989 3502 1250 3561 Dominus
1277 3525 1288 3560 :
1328 3505 1556 3577 Propter
1581 3523 1676 3563 vos
1699 3524 1895 3565 nomen
1926 3527 2106 3567 meum

539 3589 946 3662 blasphematur
975 3598 1029 3651 in
1062 3599 1333 3668 gentibus,
1369 3599 1575 3655 idcirco
1619 3611 1911 3673 cognoscet
1935 3620 2108 3674 popu-

540 3677 628 3737 lus
660 3698 813 3739 meus
846 3685 900 3738 in
946 3686 1032 3742 die
1076 3688 1188 3752 illa,
1221 3688 1368 3758 quod
1413 3704 1513 3760 ego
1553 3707 1695 3754 sum,
1734 3693 1850 3761 ipse
1898 3693 1990 3762 qui
2027 3694 2108 3746 lo-

541 3787 703 3844 quor,
760 3775 973 3839 adsum,
1011 3785 1070 3830 ut
1111 3777 1420 3835 formositas
1453 3781 1506 3834 in
1525 3783 1820 3848 montibus,
1853 3793 1910 3838 ut
1943 3785 2106 3854 pedes

539 3865 959 3934 evangelizantis
991 3869 1232 3924 auditum
1264 3873 1435 3943 pacis,
1461 3884 1518 3929 ut
1546 3876 1638 3946 qui
1686 3880 1901 3933 nuntiat
1941 3879 2102 3948 bona,

538 3953 792 4026 quoniam
807 3959 1046 4014 auditam
1062 3962 1218 4017 faciet
1235 3966 1622 4021 salutemtuam
1657 3969 1845 4024 dicens
1895 3989 1908 4024 :
1945 3970 2101 4037 Sion,

538 4065 633 4106 rex
667 4057 795 4107 tuus
840 4041 946 4107 erit
979 4053 1140 4109 Deus.
1177 4054 1294 4110 Vox
1343 4059 1769 4115 custodientium
1787 4069 1840 4116 te
1868 4064 2102 4118 exaltata

536 4147 641 4205 est,
666 4148 720 4195 et
755 4156 876 4196 cum
909 4157 1041 4199 voce
1070 4145 1232 4201 simul
1261 4147 1612 4215 laetabuntur,
1643 4151 1898 4220 quoniam
1927 4155 2101 4209 oculis

537 4235 605 4289 ad
647 4236 835 4292 oculos
871 4237 1148 4305 videbunt,
1192 4243 1410 4312 quando
1457 4245 1801 4302 miserebitur
1841 4247 2100 4305 Dominus

538 4325 671 4381 Sion
708 4346 721 4382 :
750 4339 1038 4399 erumpant
1069 4332 1306 4388 laetitiam
1331 4338 1493 4391 simul
1518 4339 1734 4394 deserta
1772 4338 2096 4406 Jerusalem,

534 4419 792 4488 quoniam
835 4421 1123 4479 miseratus
1159 4434 1242 4480 est
1291 4426 1548 4486 Dominus
1582 4429 1777 4500 ipsam,
1809 4439 1862 4486 et
1896 4432 2098 4488 libera-

2285 3255 2413 3303 ταις
2454 3238 2640 3316 πάλαι
2673 3238 3200 3316 ᾂεσίτίζῳνᾲΚύρισς
3227 3238 3520 3316 ἥξειν-εις·
3565 3238 3784 3316 εἶνᾶρῶ-

2285 3324 2439 3381 πρνς
2463 3348 2477 3372 ,
2514 3310 2611 3362 καὶ
2639 3308 2844 3374 αὐτοῖς
2874 3308 3201 3381 όφθαλιιῶς
3238 3308 3784 3381 θεαθήσεσθαι,’και

2284 3378 2408 3444 τοῖς
2433 3381 2633 3433 ἔθνεσι
2664 3378 3121 3448 γνωσθήσεσθὼ
3142 3378 3458 3450 μελλήσει.

2288 3527 2306 3558 ‹
2336 3508 2472 3560 Τάδε
2514 3509 2662 3576 λέγει
2735 3508 2970 3580 Κύριος’
3035 3513 3112 3564 Δι’
3155 3512 3297 3582 ὑμᾶς
3345 3514 3432 3568 διὰ
3491 3517 3690 3581 παντὸς
3726 3518 3783 3571 τὸ

2210 3599 2380 3671 ὄνομά
2424 3618 2523 3670 μου
2565 3601 2964 3674 βλασφημεῖται
2998 3604 3055 3657 ὲν
3102 3607 3212 3669 τοῖς
3241 3606 3447 3659 ἔθνεσι·
3497 3607 3583 3662 διὰ
3628 3611 3782 3664 τοῦτο

2211 3691 2475 3760 γνώσεται
2516 3695 2545 3746 6
2587 3693 2714 3758 λαός
2752 3712 2852 3765 μου
2889 3697 2945 3748 ὲν
2976 3697 3042 3766 τῇ
3086 3696 3268 3769 ἡμέρᾳ
3303 3699 3514 3771 ἐκείνῃ,
3550 3701 3632 3752 ὃτι
3674 3701 3782 3770 ἐγώ

2214 3784 2364 3854 εἰμι,
2397 3784 2558 3847 αὐτὸς
2621 3788 2649 3838 6
2690 3786 2904 3852 λαλῶν,
2957 3787 3225 3859 πάρειμι,
3278 3789 3352 3852 ὼς
3381 3788 3498 3861 ὥρα
3541 3792 3634 3845 ἐπὶ
3676 3793 3783 3847 τῶν

2210 3875 2399 3944 ὀρέων,
2426 3875 2501 3940 ὡς
2531 3877 2688 3941 πόδες
2720 3879 3204 3950 εὐαγγελιζομένου
3238 3881 3407 3954 ἀκοὴν
3433 3884 3678 3955 εἰρήνης,
3704 3886 3778 3950 ὡς

2210 3967 2692 4039 εὐαγγελιζόμενος
2741 3971 2956 4039 ἀγαθάο
3003 3973 3085 4024 ὅτι
3114 3972 3384 4044 ἀκουστὴν
3431 3976 3646 4046 ποιήσει
3686 3978 3784 4048 τὴν

2212 4058 2483 4129 σωτηρίαν
2515 4076 2629 4122 σου,
2656 4060 2826 4129 λέγων
2844 4078 2857 4091 ·
2885 4060 3046 4126 Σιὼν,
3102 4063 3408 4134 βασιλεύσει
3475 4084 3568 4120 σου
3585 4072 3614 4123 6
3631 4069 3782 4134 Θεός.

2207 4149 2361 4220 Φωνὴ
2387 4149 2494 4203 τῶν
2521 4151 2898 4219 φυλασσόντων
2927 4171 2985 4206 σε
3017 4153 3233 4226 ὑψώθη,
3268 4158 3362 4210 καὶ
3389 4160 3456 4229 τῇ
3490 4163 3641 4231 φωνῇ
3669 4160 3784 4232 ἅμα

2207 4239 2704 4313 εὐφρανθήσονται,
2769 4243 2852 4296 ὅτι
2909 4243 3209 4315 ὀφθαλμοῖς
3265 4246 3401 4318 πρὸς
3472 4248 3782 4321 ὀφθαλμοὺς

2205 4333 2423 4403 ὄψονται
2442 4377 2456 4401 ,
2481 4337 2642 4408 ήνίκα
2670 4338 2734 4392 ἀν
2763 4339 2960 4413 ἐλεήσῃ
2989 4340 3192 4411 Κύριος
3219 4340 3316 4413 τὴν
3340 4341 3499 4396 Σιών.
3536 4343 3782 4415 Ῥηξάτω

2205 4426 2544 4500 εὐφροσύνην
2576 4429 2691 4500 ἅμα
2723 4429 2792 4483 τὰ
2826 4430 3007 4502 ἔρημα
3042 4433 3428 4505 Ἰερουσαλὴμ.
3454 4435 3537 4486 ὅτι
3579 4435 3782 4506 ἠλέησε

533 4507 612 4560 vit
630 4504 954 4577 Jerusalem,
978 4520 1030 4568 et
1047 4515 1309 4571 revelabit
1334 4519 1616 4575 brachium
1641 4531 1892 4578 sanctum
1915 4540 2098 4592 suum,

2215 4516 2409 4588 Κύριος
2443 4518 2641 4588 αὐτὴν,
2676 4519 2768 4573 καὶ
2797 4521 3064 4592 ἐρρύσατο
3100 4504 3452 4595 Ἰερουσαλὴμ
3474 4565 3488 4590 ,
3524 4504 3621 4579 κα).
3653 4504 3782 4581 ἀπο·

525 4591 591 4648 'in
623 4607 918 4668 conspectu
964 4603 1207 4657 omnium
1238 4608 1499 4675 gentium,
1543 4619 1598 4665 et
1626 4610 1886 4666 videbunt
1913 4614 2098 4669 omnia

530 4696 771 4746 extrema
814 4702 975 4752 terra:
1021 4698 1249 4754 salutem
1308 4716 1338 4754 a
1393 4701 1501 4759 Deo
1558 4714 1746 4762 nostro
1802 4710 1868 4764 ".
1935 4730 1954 4762 ι
2005 4709 2099 4765 His

532 4780 670 4852 ipsis
721 4783 977 4858 deinceps
1031 4790 1236 4847 adnexa
1293 4803 1376 4848 est
1442 4795 1545 4850 sub
1601 4812 1709 4851 uno
1784 4807 1838 4854 et
1907 4799 2100 4855 eodem

530 4883 823 4944 contextu,
872 4877 941 4934 de
1003 4884 1255 4950 passione
1301 4884 1508 4942 Christi
1568 4889 1890 4959 prophetia,
1933 4906 2096 4961 quam

530 4965 659 5020 item
726 4983 824 5037 per
891 4971 1059 5027 Otium
1125 4977 1472 5045 expositurus
1541 4994 1683 5036 sum.
1748 4981 1884 5036 Cum
1969 4998 2098 5038 vero

535 5069 680 5112 unus
704 5066 756 5113 et
781 5060 921 5117 idem
953 5064 1024 5119 sit
1054 5063 1346 5133 Dominus,
1379 5070 1473 5139 qui
1504 5071 1578 5125 ait
1599 5071 1652 5125 in
1682 5073 1947 5142 particula
1973 5083 2099 5131 ante

531 5145 673 5202 hanc
702 5153 946 5218 proxime
979 5159 1243 5228 exposita,
1274 5161 1340 5216 ad
1379 5163 1556 5233 ipsum
1599 5162 1886 5220 Iudaicum
1922 5181 2096 5238 papu-

531 5239 642 5294 lum
677 5261 690 5296 :
719 5243 912 5318 305i
934 5245 1179 5305 Peccatis
1208 5252 1404 5308 vestris
1420 5255 1621 5309 venditi
1643 5256 1798 5322 estis,
1823 5266 1875 5313 et
1898 5258 2094 5329 iniqui.

528 5330 735 5387 tatibus
777 5337 974 5391 vestris
1021 5339 1201 5396 dimisi
1253 5351 1476 5398 matrem
1529 5353 1765 5400 vestram
1791 5385 1806 5410 ,
1838 5348 2097 5416 quoniam

530 5422 750 5487 veni,et
777 5441 885 5480 non
907 5437 1024 5483 erat
1056 5431 1216 5486 homo
1241 5451 1254 5499 ;
1278 5435 1488 5502 vocavi,
1515 5443 1570 5490 et
1599 5452 1706 5491 non
1732 5447 1848 5492 erat
1876 5439 1968 5508 qui
1998 5454 2096 5494 au-

529 5510 669 5567 diret
696 5515 763 5583 ";
798 5535 816 5566 ι
850 5517 905 5570 in
939 5517 1023 5574 bis
1055 5521 1122 5576 de
1150 5524 1349 5592 quibus
1383 5541 1524 5581 nunc
1555 5527 1736 5599 agitur
1771 5530 1949 5584 verbis
1973 5570 1987 5592 ,
2025 5531 2091 5585 ad

529 5605 749 5662 eosdem
789 5608 902 5662 ait:
941 5629 960 5661 ι
998 5611 1225 5683 Propter
1263 5631 1360 5673 vos
1394 5634 1592 5674 nomen
1622 5635 1805 5676 meum
1835 5621 2090 5694 blasphe-

2210 4607 2438 4678 καλύψει
2466 4609 2556 4662 τὸν
2587 4609 2844 4681 βραχίονα
2878 4611 2970 4665 τὸν
3014 4613 3165 4682 ἅγιον
3184 4614 3353 4667 ἀὐτοῦ
3379 4615 3608 4672 ἐνώπιον
3639 4618 3779 4671 πάν-

2201 4715 2307 4751 των
2330 4699 2437 4752 τῶν
2469 4699 2668 4766 ἐθνῶν,
2702 4703 2796 4755 καὶ
2828 4701 3046 4771 ὄψονται
3080 4705 3256 4758 πάντα
3288 4705 3355 4759 τὰ
3380 4707 3524 4780 ἄκρα
3551 4708 3650 4780 τῆς
3676 4709 3778 4780 γῆς

2198 4790 2296 4861 τὴν
2332 4793 2603 4863 σωτηρίαν
2647 4795 2746 4866 τὴν
2781 4795 2932 4866 παρά
2976 4796 3071 4850 τοῦ
3109 4798 3242 4851 Θεοῦ
3273 4799 3451 4870 ήμῶν.
3486 4819 3504 4851 ι
3553 4801 3776 4867 Τούτοις

2199 4881 2329 4953 ἑξῆς
2363 4884 2729 4956 ἐπιωνῆπται
2763 4887 2852 4957 ὐφ’
2884 4887 2981 4941 ἕνα
3034 4889 3128 4941 καὶ
3167 4888 3258 4941 τὸν
3303 4889 3462 4943 αὐτὸν
3509 4891 3697 4962 εἱρμὸν
3739 4893 3774 4964 ή

2201 4975 2328 5047 περὶ
2376 4975 2470 5028 τοῦ
2515 4976 2720 5041 πάθους
2763 4978 3000 5049 Χριστοῦ
3052 4981 3384 5050 προφητεία,
3428 4981 3494 5050 ἢν
3545 4983 3637 5035 καὶ
3682 4984 3774 5036 ἐπὶ

2202 5065 2396 5137 σχολῆς
2435 5067 2754 5140 ἐκθήσομαι.
2795 5065 2889 5132 Εἷς
2921 5070 2976 5124 δὲ
3004 5069 3079 5123 ῶν
3129 5071 3221 5123 καὶ
3253 5074 3281 5124 6
3321 5072 3485 5135 αὐτὸς
3515 5073 3719 5144 Κύριος
3745 5076 3780 5128 ὁ⁴

2202 5160 2380 5230 φήσας
2427 5161 2486 5212 ὲν
2532 5163 2597 5232 τῇ
2643 5161 2750 5233 πρὸ
2785 5162 2984 5232 ταύτης
3037 5167 3305 5235 περικοπῇ
3341 5165 3478 5235 πρὸς
3516 5165 3606 5218 τὸν
3646 5167 3775 5219 ’1ου-

2198 5251 2362 5304 δαίων
2389 5253 2516 5307 λαόν
2536 5272 2549 5285 ·
2599 5273 2616 5304 ι
2648 5256 2783 5320 Ταῖς
2815 5255 3110 5327 ἁμαρτίαις
3135 5255 3288 5326 ὑμῶν
3339 5257 3612 5328 ὲπράθητε
3631 5300 3644 5320 ,
3681 5261 3774 5312 καὶ

2196 5347 2320 5408 ταῖς
2353 5346 2600 5417 ἀνομίαις
2632 5347 2784 5417 ὑμῶν
2823 5347 3176 5412 ὲξαπὲστειλα
3217 5347 3314 5419 τὴν
3341 5350 3548 5420 μητέρα
3580 5350 3732 5415 ὑμῶν
3753 5363 3772 5380 ·

2198 5435 2332 5489 διότι
2362 5433 2542 5507 ἦλθον,
2572 5439 2664 5492 καὶ
2690 5440 2788 5492 οὐκ
2817 5435 2884 5509 ἦν
2917 5439 3200 5509 ἄνθρωπος
3220 5480 3234 5503 ,
3271 5440 3525 5506 ἐκάλεσα,
3557 5443 3650 5494 καὶ
3671 5442 3774 5494 οὐκ

2200 5525 2268 5600 ἦν
2291 5531 2319 5582 6
2346 5531 2662 5585 ὑπακούων·
2696 5551 2714 5583 ι
2745 5530 2832 5584 διὰ
2864 5531 2971 5585 τῶν
2995 5532 3054 5584 ἐν
3080 5534 3234 5605 χερσὶ
3261 5533 3396 5605 πρὸς
3424 5535 3551 5596 τοὺς
3575 5532 3773 5596 αὐτούς

2201 5639 2368 5694 φησι·
2409 5643 2426 5673 ι
2457 5623 2551 5677 Διά
2604 5625 2747 5695 ὑμᾶς
2797 5624 2856 5677 τὸ
2897 5623 3072 5695 ὄνομά
3115 5643 3216 5696 μου
3263 5624 3663 5699 βλασφημεῖται
3708 5628 3773 5680 ὲν

595 5763 640 5793 ³⁸
667 5763 771 5816 lsa.
800 5778 852 5832 ι,
897 5766 943 5819 l.
1023 5768 1064 5799 "
1095 5769 1229 5824 ibid.
1286 5771 1404 5826 5-6.
1479 5773 1746 5846 “Ismeni,
1780 5774 1932 5834 5-10.
2011 5778 2053 5810 "
2085 5777 2187 5833 lsa.
2226 5793 2351 5844 xxx,
2395 5775 2505 5833 1-3.
