4080 6416
357 320 458 380 εει

1285 317 1944 379 DEMONSTRATIONIS
1987 319 2441 381 suassuas
2482 321 2612 380 LIB.
2651 307 2768 380 v1.‘

3520 326 3627 383 68‘!

355 439 466 501 τοῖς
494 438 728 495 ἔθνεσιν.
749 455 778 493 '3
809 433 922 492 Εἴθ’
942 438 1018 504 ὡς
1043 437 1184 511 ἔχων
1214 437 1400 511 ἕτερον
1425 442 1555 511 παρ’
1581 439 1777 503 αὐτοὺς
1796 439 1936 502 λαὸν,

2048 422 2229 496 matur
2271 441 2324 496 in
2376 439 2650 512 gentibus.
2688 460 2738 513 3_
2756 439 2960 498 Deinde
3012 443 3174 513 quasi
3214 444 3421 502 habens
3454 444 3624 500 aiium

347 533 612 604 σεπιφέρει
631 548 646 562 ο
681 551 702 582 ι
730 532 831 585 Διὰ
857 531 1016 586 τοῦτο
1041 531 1307 601 γνώσεται
1335 532 1365 585 6
1391 532 1520 595 λαός
1549 549 1650 602 μου
1679 531 1741 585 τὸ
1771 532 1945 602 ὄνομά

354 624 498 707 ,μοιν
534 641 554 674 3
584 623 830 677 διδάσκει
859 641 919 676 τε
938 664 953 688 ,
988 623 1070 677 ὅτι
1110 623 1184 695 μὴ
1224 625 1408 697 ἕτερος
1427 664 1440 690 ,
1470 623 1585 677 ἀλλ’
1611 623 1774 686 αὐτὸς
1813 626 1842 678 6
1887 625 1945 678 ἐν

359 717 472 778 τοῖς
501 715 817 785 προφήταις
845 715 1086 788 λαλήσας
1114 715 1316 786 Κύριος
1351 715 1678 788 ἐπιδημήσει
1707 717 1836 769 ποτὲ
1867 714 1943 786 τῷ

354 805 484 878 βίῳ,
503 805 697 875 λέγων’
718 825 736 858 ι
760 806 901 876 Ἐγώ
933 809 1067 880 ειμι,
1093 809 1255 871 αὐτὸς
1283 811 1310 862 6
1337 807 1532 872 λαλῶν,
1552 807 1804 880 πάρειμι.
1820 826 1838 858 3
1870 807 1944 860 T6

360 897 434 963 δέ,
455 917 476 950 ι
500 897 590 962 Ὠς
607 898 727 970 ὥρα
746 899 962 954 ἐπὶτῶν
981 900 1171 972 ὀρέων,
1190 902 1265 966 ὼς
1282 902 1440 966 πόδες
1456 901 1940 973 εὐαγγελιζομένου

358 989 530 1064 ἀκοὴν
558 993 784 1064 είρήνης
802 1033 817 1056 ,
839 992 914 1056 ὡς
943 993 1425 1066 εὐαγγελιζόμενος
1445 993 1642 1063 ἀγαθὰ,
1670 994 1941 1066 ἀκουστὴν

355 1084 573 1155 ποιήσω
597 1083 696 1156 τὴν
730 1084 1002 1156 σωτηρίαν
1031 1101 1146 1147 σου,
1180 1085 1352 1154 λέγων
1372 1103 1386 1117 ο
1433 1085 1594 1149 Σιὼν,
1632 1086 1942 1157 βασιλεύσει

353 1190 454 1227 σου
496 1174 527 1226 6
554 1174 718 1240 Θεὸς,
755 1195 774 1226 3
806 1177 1137 1248 σαφέστερον
1170 1177 1222 1228 οί
1257 1176 1436 1230 λοιποὶ
1463 1177 1825 1232 ἐκδεδὼκασιν
1849 1179 1941 1250 ἐρ-

348 1266 626 1339 ’μηνευταί
647 1284 660 1297 ·
706 1269 734 1320 6
772 1268 870 1338 μὲν
914 1268 1144 1333 Ἀκύλας
1180 1268 1386 1335 είπὼν,
1422 1289 1442 1323 ι
1471 1271 1538 1324 Τί
1577 1269 1939 1342 ὼραιώθησαν

353 1361 448 1412 ἐπὶ
474 1359 542 1412 τὰ
572 1359 673 1432 ὅρη
708 1360 867 1424 πόδες
897 1361 1407 1433 εὐαγγελιζομένου,
1440 1363 1820 1428 ἁκουτίζοντος
1861 1364 1940 1416 εί-

353 1453 549 1524 ρήνην,
577 1453 1064 1524 εὐαγγελιζομένου
1105 1454 1328 1524 ἀγαθὸν,
1354 1455 1733 1521 ἀκουτίζοντος
1764 1475 1937 1529 σωτη-

347 1548 478 1620 ρίαν
499 1587 514 1611 ,
546 1548 799 1616 λέγοντος
822 1550 888 1619 τῇ
911 1546 1048 1602 Σιών
1069 1567 1082 1580 ·
1121 1548 1498 1603 Ἐϐασίλευσεν
1527 1551 1555 1603 6
1584 1550 1716 1615 Θεός
1755 1568 1848 1605 σου
1871 1568 1886 1617 ;
1909 1571 1929 1604 3

351 1638 448 1693 καὶ
468 1641 498 1692 6
522 1640 817 1710 Σύμμαχος
839 1641 1018 1711 φήσας
1035 1657 1048 1671 ·
1073 1657 1091 1691 ι
1115 1640 1179 1692 Τί
1195 1641 1492 1712 εὐπρεπεῖς
1521 1637 1611 1695 ἐπὶ
1633 1643 1742 1697 τῶν
1763 1643 1934 1715 ὀρέων

351 1731 516 1794 πόδες
541 1730 1049 1801 εὐαγγελιζομένου,
1084 1731 1353 1803 ἀκουστὴν
1382 1731 1661 1797 ποιοῦντος
1685 1735 1929 1805 εἰρήνην,

2048 541 2243 602 praeter
2267 508 2403 588 illos'
2416 508 2975 603 populumfadjungit
2999 508 3062 586 ε]
3099 531 3309 590 Idcirco
3333 542 3627 606 cognoscet

2047 624 2282 694 populus
2299 639 2452 680 meus
2467 640 2664 679 nomen
2680 640 2878 680 meum.
2913 645 2933 678 3
2953 624 3155 682 Deinde
3176 627 3334 682 docet
3354 625 3500 698 quod
3517 643 3628 683 non

2046 714 2226 782 alius,
2261 715 2358 771 sed
2396 715 2510 786 ipse
2541 717 2634 787 qui
2667 718 2722 772 in
2770 717 3052 790 prophetis
3087 718 3414 789 loquebatur
3443 718 3628 772 Domi-

2044 818 2174 868 nus,
2202 805 2513 861 versabitur
2540 807 2668 861 olim
2692 809 2750 862 in
2781 809 2884 862 hac
2913 809 3044 871 vita,
3077 809 3163 864 his
3196 810 3380 864 verbis
3412 829 3424 864 :
3457 828 3475 858 ι
3516 808 3626 878 Ego

2045 906 2190 957 sum,
2223 893 2344 964 ipse
2371 895 2466 966 qui
2502 896 2718 966 loquor,
2744 895 2962 953 adsum.
3002 917 3022 950 3
3057 897 3197 952 lllud
3227 905 3409 954 autem
3443 918 3456 952 :
3495 917 3513 948 ι
3555 897 3626 952 Ut

2043 982 2356 1042 formositas
2405 988 2462 1043 in
2519 989 2824 1056 montibus,
2869 1001 2930 1046 ut
2980 990 3146 1062 pedes
3199 991 3626 1062 evangelizantis
3669 995 3676 1001 ’

2043 1077 2288 1134 auditum
2315 1081 2490 1151 pacis,
2517 1081 2685 1152 utqui
2710 1082 2929 1137 nuntiat
2955 1083 3098 1139 bona
3121 1123 3135 1147 ,
3163 1083 3402 1138 auditam
3428 1083 3624 1138 faciam

2041 1169 2272 1225 salutem
2306 1179 2478 1240 tuam,
2519 1173 2708 1229 dicens
2743 1195 2757 1230 :
2789 1173 2944 1239 Sion,
2978 1191 3074 1231 rex
3104 1184 3233 1230 tuus
3263 1177 3366 1231 erit
3397 1176 3562 1240 Deus,
3598 1195 3619 1230 3

2042 1261 2390 1320 manifestius
2413 1267 2607 1337 reliqui
2631 1275 3021 1323 converterunt
3043 1268 3400 1338 interpretes:
3427 1270 3620 1338 Aquila

2040 1353 2256 1424 quidem
2290 1355 2344 1409 in
2384 1355 2530 1411 hunc
2556 1358 2814 1413 modum:
2852 1379 2870 1410 ι
2900 1357 3040 1425 Quid
3079 1359 3312 1428 speciosi
3339 1358 3466 1413 facti
3496 1365 3626 1415 sunt

2037 1460 2204 1516 super
2229 1457 2462 1517 montes,
2491 1450 2656 1520 pedes
2682 1452 3144 1522 evangelitantis?
3165 1452 3284 1520 ejus
3311 1452 3401 1522 qui
3435 1452 3626 1508 audire

2003 1610 2010 1616 _
2035 1536 2167 1593 facit
2188 1540 2411 1610 pacem?
2432 1541 2552 1608 ejus
2573 1543 2668 1613 qui
2700 1545 2913 1597 nuntiat
2929 1544 3150 1607 bonum,
3171 1545 3263 1615 qui
3287 1546 3476 1600 audire
3493 1544 3625 1600 facit

2036 1630 2287 1695 salutem,
2323 1632 2556 1690 dicentis
2587 1635 2691 1705 ipsi
2728 1634 2858 1689 Sion
2893 1654 2905 1688 :
2938 1633 3205 1705 Regnavit
3230 1636 3374 1692 Deus
3399 1635 3564 1691 tuus?
3596 1655 3618 1688 3

2039 1718 2396 1792 Symmachus
2415 1740 2544 1780 vero
2570 1744 2582 1780 :
2611 1744 2629 1776 ι
2664 1726 2776 1780 Cur
2797 1726 3052 1782 decentes
3080 1729 3134 1780 in
3156 1728 3431 1784 montibus
3460 1727 3625 1797 pedes

339 1821 842 1893 εὐαγγελιζομένου
870 1822 1050 1890 ἀγαθὰ
1070 1862 1086 1887 ,
1120 1823 1392 1894 ἀκουστὴν
1430 1823 1708 1888 ποιοῦντος
1757 1841 1932 1897 σωτη-

2035 1817 2490 1886 evangelizantis?
2522 1819 2762 1874 auditam
2811 1820 3063 1876 facientis
3106 1837 3316 1891 pacem,
3348 1820 3624 1892 evangeli-

353 1913 476 1983 ρίαν
499 1954 515 1978 ,
537 1913 787 1983 λέγοντος
811 1915 878 1984 τῇ
910 1912 1076 1966 Σιών’
1121 1913 1499 1968 Ἐϐασίλευσεν
1537 1914 1565 1966 6
1600 1913 1732 1977 Θεὸς
1758 1932 1852 1967 σου
1871 1932 1885 1981 ;
1907 1933 1926 1966 3

350 2003 472 2057 ἀντὶ
501 2003 560 2056 δὲ
589 2002 717 2069 τῶν,
744 2022 766 2055 ι
789 2003 946 2075 Φωνὴ
971 2003 1079 2057 τῶν
1101 2004 1483 2073 φυλασσόντων
1515 2022 1575 2058 σε
1603 2006 1813 2078 ὑψώθη,
1840 2008 1934 2060 καὶ⁸

338 2097 415 2165 ’τῇ
468 2099 623 2167 φωνῇ
668 2096 785 2168 ἅμα
825 2097 1326 2169 εὐφρανθήσονται’
1360 2099 1443 2152 ὃτι
1468 2098 1767 2169 ὀφθαλμοῖς
1799 2100 1935 2171 πρὸς

339 2185 666 2258 ’ὀφθαλμοὺς
694 2188 912 2257 ὄψονται
937 2206 952 2222 ·
981 2209 999 2242 3
1045 2191 1074 2242 6
1109 2190 1205 2261 μὲν
1229 2189 1525 2262 Σύμμαχος
1551 2191 1723 2256 οὕτως
1749 2193 1932 2264 ἡρμή-

345 2295 530 2334 νευσεο
579 2299 599 2331 ‹
627 2281 783 2351 Φωνὴ
807 2281 916 2334 τῶν
957 2282 1176 2335 σκοπῶν
1217 2299 1309 2336 σου
1347 2282 1562 2354 ἐπῆραν
1595 2284 1800 2354 φωνὴν,
1843 2284 1935 2337 ἐπὶ

343 2369 409 2423 τὸ
449 2370 589 2425 αὐτὸ
634 2372 972 2425 αἰνέσουσινο
1027 2371 1456 2443 ὀφθαλμοφανῶς
1491 2373 1598 2445 γὰρ
1632 2374 1871 2443 ὄψονται.
1910 2393 1930 2426 3

345 2461 611 2532 Λέγοιντο
641 2463 686 2516 δ’
721 2463 788 2516 ἂν
816 2465 874 2517 ἐν
904 2463 1110 2527 τούτοις
1142 2464 1334 2518 σκοποὶ
1361 2468 1410 2518 οἱ
1453 2467 1586 2538 ίεροὶ
1622 2466 1716 2519 τοῦ
1750 2467 1935 2537 Σωτῆ-

348 2570 446 2627 ρος
474 2555 635 2626 ἡμῶν
668 2556 953 2610 ἀπόστολοι
979 2597 993 2621 ,
1025 2559 1073 2610 οἳ
1104 2558 1226 2621 καὶ,
1265 2557 1696 2629 όφθαλμοφανῶς
1744 2559 1937 2625 ἰδόντες

343 2645 438 2699 ’τὸν
488 2649 970 2719 προφητευόμενον
992 2688 1005 2712 ,
1042 2648 1262 2718 ὕψωσαν
1292 2648 1473 2702 αὐτῶν
1515 2650 1616 2723 τὴν
1647 2652 1828 2722 φωνὴν
1859 2653 1939 2716 είς

345 2740 532 2792 πᾶσαν
563 2738 664 2809 τὴν
689 2741 1020 2812 οἰκουμένην
1050 2741 1405 2812 κηρύξαντες.
1448 2741 1584 2794 Σιὼν
1616 2743 1673 2797 δὲ
1707 2746 1801 2797 καὶ
1837 2746 1936 2798 Ἰε-

349 2830 639 2902 ρουσαλὴμ
673 2831 773 2902 τὴν
810 2832 868 2884 ἐν
907 2835 1019 2896 τοῖς
1052 2834 1232 2896 τόποις
1282 2834 1772 2907 εὐαγγελιζομένην
1800 2832 1938 2890 οἶδεν

345 2922 712 2994 ἐπουρανίους
739 2925 768 2975 6
805 2924 1125 2988 Ἀπόστολος
1146 2965 1160 2988 ,
1191 2925 1257 2977 δι’
1281 2918 1354 2979 ὧν
1379 2943 1542 2998 φησιν
1568 2945 1580 2958 ο
1615 2947 1634 2979 ι
1665 2930 1730 2982 Ἡ
1752 2929 1809 2982 δὲ
1827 2929 1939 2983 ἄνω

359 3012 722 3084 Ἰερουσαλὴμ
747 3013 1006 3086 ἐλευθέρα
1031 3015 1200 3080 ἐστὶν,
1225 3017 1346 3087 ἥτις
1373 3019 1488 3070 ἐστὶ
1516 3020 1698 3092 μήτηρ
1721 3020 1930 3092 ήμῶν-ι

345 3102 468 3166 καὶ,
501 3120 523 3153 ι
553 3101 1002 3174 Προσεληλύθατε
1035 3103 1172 3157 Σιὼν
1203 3105 1319 3178 ὄρει
1349 3107 1444 3160 καὶ
1475 3108 1625 3162 πόλει
1646 3109 1780 3163 Θεοῦ
1804 3111 1934 3176 ζῶνο

341 3210 461 3260 τος,
478 3170 834 3266 Ἰερουσαλὴμ
865 3196 1170 3268 ἐπουρανίῳ
1195 3237 1211 3259 ,
1239 3170 1354 3250 ’καὶ
1389 3199 1644 3271 μυριάσιν
1684 3170 1931 3270 ἀγγέλων
1957 3170 2000 3228 C

347 3287 681 3359 πανηγύρει.
714 3305 733 3338 3
763 3287 990 3356 Λέγοιτο
1011 3288 1056 3341 δ’
1080 3289 1145 3342 ἂν
1176 3288 1313 3343 Σιὼν
1339 3291 1434 3344 καὶ
1467 3293 1500 3362 ἡ
1527 3294 1606 3355 εἰς
1637 3291 1814 3346 πάντα
1840 3293 1932 3346 τὸν

347 3381 447 3434 ἐπὶ
491 3381 597 3451 γῆς
639 3382 804 3434 τόπον
830 3380 920 3434 διὰ
949 3382 1182 3453 Χριστὸν
1229 3385 1470 3437 συστᾶσα
1503 3383 1824 3455 Ἐκκλησία,
1857 3385 1932 3449 ὡς

348 3473 449 3527 καὶ
501 3471 863 3543 Ἰερουσαλὴμ
909 3473 1018 3525 πᾶν
1062 3472 1123 3526 τὸ
1165 3471 1415 3537 θεοσεϐὲς
1451 3474 1729 3546 τόπισμα,
1777 3476 1806 3528 6
1837 3477 1933 3528 καὶ

341 3561 507 3634 παρά
547 3562 728 3633 μόνοις
755 3561 1021 3616 Ἰουδαίων
1054 3565 1167 3626 τοῖς
1194 3561 1360 3617 πάλαι
1402 3563 1464 3616 τὸ
1507 3563 1636 3634 πρὶν
1681 3566 1932 3630 συνεστὸς

337 3656 435 3718 tl;
506 3653 746 3727 ἐρημίαν
812 3654 903 3708 διὰ
955 3653 1056 3718 τὰς
1113 3654 1430 3720 δυσσεϐείας
1483 3656 1663 3711 αὐτῶν
1722 3658 1934 3728 περιτέ-

342 3764 595 3822 τραπται
614 3763 628 3777 ·
654 3743 752 3801 εἴτ’
779 3743 846 3801 αὗ
882 3748 1043 3802 πάλιν
1067 3747 1167 3819 τῆς
1201 3749 1294 3801 ἐπὶ
1327 3749 1387 3802 τὸ
1423 3753 1666 3822 κρεῖττον
1694 3750 1934 3805 ἀνανεώ-

356 3857 493 3904 σεως
522 3838 683 3910 ἔτυχε
704 3838 794 3891 διὰ
834 3839 931 3908 τῆς
978 3839 1072 3892 τοῦ
1107 3841 1535 3912 Σωτῆροςήμῶν
1571 3841 1890 3910 ἐπιφανείας
1913 3857 1929 3872 ο

345 3931 445 3986 υΔιὸ
478 3932 644 4004 φησὶν
670 3933 704 4004 ἠ
733 3930 1070 4001 προφητείαο
1111 3951 1130 3984 ι
1153 3931 1397 4003 Ῥηξάτω
1441 3933 1778 4005 εὐφροσύνην
1817 3934 1933 4004 ἅμα

343 4023 422 4077 ’τὰ
467 4023 652 4095 ἔρημα
695 4022 1079 4093 Ἰερουσαλήμο
1130 4022 1213 4076 ὅτι
1243 4023 1443 4095 ἠλέησε
1487 4023 1694 4094 Κύριος
1741 4024 1930 4097 αὐτὴν,

353 4114 448 4169 καὶ
471 4115 745 4187 ἐρρύσατο
781 4115 1152 4187 Ἰερουσαλήμ.
1186 4133 1206 4167 3
1235 4115 1350 4168 Οὐκ
1371 4114 1439 4167 ἂν
1460 4115 1518 4167 δὲ
1543 4112 1812 4187 ἁμάρτοις
1834 4115 1932 4188 τὴν

354 4205 558 4268 παντὸς
583 4204 738 4272 ἁγίου
763 4205 857 4258 καὶ
879 4203 1158 4273 θεοφιλοῦς
1180 4205 1377 4277 ψυχὴν,
1401 4204 1536 4258 καθὸ
1568 4206 1668 4276 μὲν
1696 4206 1932 4278 ἐπῆρται

347 4295 434 4368 τῷ
469 4294 592 4366 βίῳ,
613 4296 674 4348 τὸ
705 4295 1006 4366 πολίτευμα
1030 4297 1229 4367 ἔχουσα
1271 4299 1330 4351 ἐν
1359 4298 1632 4370 οὐρανοῖς,
1657 4296 1934 4351 σκοποῦσα

353 4388 423 4442 τὰ
470 4387 836 4458 ὐπερκόσμια,
882 4386 1018 4440 Σιὼν
1071 4387 1350 4458 ὀνομάζων
1397 4388 1786 4461 (ἑρμηνεύεται
1824 4388 1933 4461 γὰρ

347 4479 857 4550 σκοπευτήριονγ
891 4479 1024 4532 καθὸ
1055 4479 1111 4532 δὲ
1157 4482 1214 4532 ἐν
1245 4481 1533 4552 εὐσταθείᾳ.
1585 4481 1680 4536 καὶ
1719 4485 1930 4573 γαλήνῃ
1962 4516 2006 4573 D

355 4570 548 4625 παθῶν
607 4571 961 4641 καθέστηκεν.
981 4571 1333 4643 Ἰερουσαλὴμ
1378 4572 1547 4643 αὐτὴν
1601 4572 1887 4626 ἀποκαλῶν
1910 4590 1926 4606 ο

355 4659 573 4728 ὅρασιν
587 4660 694 4731 γὰρ
721 4660 966 4728 είρήνης
992 4660 1330 4732 μεταληφθέν
1375 4660 1615 4731 τοῦνομα
1650 4663 1926 4734 σημαίνει.

357 4750 580 4814 Τούτοις
615 4749 924 4814 ἀκολούθως
967 4753 1001 4823 ἡ
1042 4751 1150 4806 τῶν
1199 4751 1370 4806 ἐθνῶν
1401 4754 1494 4806 ἐπὶ
1519 4752 1619 4824 τὴν
1649 4754 1930 4807 εὐσέϐειαν

348 4840 447 4894 τοῦ
474 4839 612 4893 Θεοῦ
642 4840 834 4910 κλῆσις
867 4842 1242 4913 ἐναργέστατα
1261 4841 1511 4914 δηλοῦται
1536 4842 1623 4897 διὰ
1635 4843 1751 4908 τοῦ,
1779 4863 1798 4895 ι
1822 4846 1931 4898 Καὶ

349 4933 695 5005 ἀποκαλύψει
740 4933 942 5008 Κύριος
988 4937 1016 4988 6
1065 4935 1198 4999 Θεὸς
1244 4936 1334 4990 τὸν
1365 4935 1625 5007 βραχίονα
1652 4937 1745 4990 τὸν
1779 4936 1931 5004 ἅγιον

355 5026 519 5081 αὐτοῦ
545 5025 774 5081 ἐνώπιον
805 5027 1021 5081 πάντων
1053 5028 1161 5082 τῶν
1198 5027 1367 5082 ἐθνῶν
1388 5044 1402 5058 '
1437 5029 1532 5081 καὶ
1556 5028 1776 5099 ὄψονται
1803 5031 1937 5084 πάν-

353 5135 420 5171 τα
460 5117 533 5170 τὰ
568 5117 715 5189 ἄκρα
756 5118 858 5188 τῆς
889 5119 995 5190 γῆς
1037 5119 1136 5191 τὴν
1178 5120 1450 5191 σωτηρίαν
1495 5120 1593 5192 τὴν
1643 5121 1794 5194 παρὰ
1837 5122 1926 5175 τοῦ

356 5210 490 5264 Θεοῦ
518 5211 696 5282 ήμῶν.
729 5230 749 5263 ο
781 5211 1050 5282 Βραχίονα
1091 5212 1148 5265 δὲ
1177 5211 1273 5266 τοῦ
1305 5212 1440 5265 Θεοῦ
1483 5213 1556 5284 μὴ
1586 5212 1744 5267 ἄλλον
1788 5211 1929 5267 εἶναι

355 5302 444 5356 τοῦ
482 5304 678 5372 Λόγου,
713 5302 806 5357 καὶ⁵
837 5304 933 5374 τῆς
964 5305 1181 5373 Σοφίας,
1212 5304 1307 5357 καὶ
1351 5304 1516 5358 αὐτοῦ
1562 5304 1656 5358 τοῦ
1697 5306 1927 5378 Κυρίου,

354 5395 410 5458 ὃς
444 5397 590 5449 ἐστιν
615 5397 644 5448 6
670 5395 906 5467 Χριστὸς
946 5395 1040 5449 τοῦ
1085 5396 1242 5462 Θεοῦ,
1274 5396 1481 5466 νόμιζε.
1515 5396 1684 5449 Τοῦτο
1709 5395 1839 5465 γοῦν
1867 5399 1930 5450 ἐκ

357 5487 560 5540 πολλῶν
588 5487 938 5559 παραστῆσαι
974 5488 1368 5560 ρᾀιον.”Εχεις
1400 5488 1457 5542 δὲ
1488 5489 1582 5542 καὶ
1611 5490 1669 5542 ἐν
1710 5487 1930 5555 Ἐξόδῳ

353 5581 441 5635 τὸν
483 5581 703 5658 Ἰσραὴλ
735 5581 977 5653 βραχίονι
1015 5582 1148 5636 Θεοῦ
1196 5582 1458 5654 ρυσθέντα
1499 5583 1600 5655 τῆς
1646 5585 1738 5640 ὑπ’
1762 5587 1930 5657 Αἰγυ-

413 5741 462 5774 ⁸⁶
491 5736 676 5797 Gal'at.
706 5755 781 5812 iv,
815 5738 904 5792 26.
981 5740 1021 5770 ’⁷
1058 5737 1218 5794 llebr.
1245 5754 1341 5803 xu,
1363 5737 1452 5795 22.

2033 1911 2207 1964 zantis
2231 1911 2394 1976 bona,
2418 1911 2659 1968 auditam
2685 1912 2937 1968 facientis
2968 1915 3234 1969 salutem?
3257 1915 3487 1970 dicentis
3517 1914 3621 1984 ipsi

2035 1995 2165 2054 Sion
2197 2017 2210 2052 :
2237 1999 2504 2072 Regnavit
2525 2002 2669 2060 Deus
2690 2007 2855 2060 tuus?
2894 2025 2912 2056 3
2948 2021 3046 2075 pro
3073 2021 3138 2060 eo
3168 2021 3297 2060 vero
3325 2006 3472 2076 quod
3499 2017 3620 2062 est:

2038 2107 2058 2140 ι
2097 2089 2208 2146 Vox
2253 2093 2678 2150 custodientium
2730 2103 2784 2150 te
2829 2097 3062 2151 exaltata
3093 2105 3200 2163 est,
3241 2105 3296 2152 et
3337 2113 3458 2153 eum
3489 2113 3626 2155 voce

2034 2181 2197 2236 simul
2233 2183 2596 2250 laetabuntur,
2628 2187 2888 2257 quoniam
2923 2188 3100 2244 oculis
3144 2188 3210 2243 ad
3251 2191 3440 2246 oculos
3471 2189 3624 2246 vide-

2034 2271 2192 2337 bunt,
2230 2293 2249 2326 3
2280 2274 2650 2346 Symmachus
2680 2279 2898 2348 quidem
2953 2280 3033 2335 sic
3062 2281 3450 2348 interpretatus
3496 2291 3618 2336 est:

2040 2381 2061 2416 ι
2108 2363 2226 2419 Vox
2273 2368 2680 2435 speculatorum
2713 2378 2934 2424 tuorum
2965 2373 3281 2426 extulerunt
3307 2387 3518 2436 vocem,
3565 2375 3619 2428 in

2035 2455 2091 2510 id
2121 2455 2297 2526 ipsum
2330 2457 2651 2523 laudabunt,
2677 2461 2856 2528 palam
2893 2462 3038 2515 enim
3079 2463 3256 2517 oculis
3281 2462 3562 2518 videbunt.
3596 2484 3616 2516 3

2037 2545 2154 2600 Dici
2183 2561 2348 2616 porro
2378 2547 2434 2602 in
2462 2549 2550 2603 liis
2579 2549 2953 2618 speculatores
2975 2550 3253 2616 videntur,
3280 2554 3623 2609 sacrosancti

2039 2636 2344 2722 Salvatqris
2379 2641 2554 2695 nostri
2589 2641 2844 2711 apostoli,
2887 2643 2980 2713 qui
3013 2643 3192 2713 palam
3226 2643 3401 2699 oculis
3440 2644 3622 2698 intuiti

2036 2746 2184 2799 eum,
2216 2731 2283 2787 de
2310 2747 2418 2802 quo
2453 2734 2730 2804 prophetae
2774 2735 3158 2804 loquebantur,
3198 2736 3512 2790 extulerunt
3536 2751 3624 2790 vo-

2037 2839 2155 2879 cem
2203 2839 2360 2880 suam
2390 2825 2446 2878 in
2479 2832 2652 2879 totum
2687 2833 2957 2881 terrarum
2997 2827 3205 2890 orbem,
3242 2826 3394 2880 illum
3439 2827 3620 2897 ipsum

2036 2916 2415 2986 praedicantes.
2449 2917 2626 2986 Ipsam
2658 2931 2788 2971 vero
2824 2915 2957 2971 Sion
2985 2932 3048 2972 ac
3077 2917 3380 2972 Jerusalem
3415 2933 3536 2988 qua:
3563 2919 3619 2972 in

2038 3008 2176 3064 locis
2200 3008 2628 3079 evangelizatur,
2654 3010 2709 3063 in
2733 3009 2872 3065 caelo
2904 3009 3125 3080 agnovit
3153 3011 3268 3080 ipse
3299 3010 3617 3080 Apostolus,

2040 3095 2150 3150 illis
2196 3096 2380 3150 verbis
2418 3115 2432 3149 :
2486 3115 2506 3147 ι
2567 3095 2830 3166 Superior
2877 3108 3058 3152 autem
3096 3097 3401 3154 Jerusalem
3447 3099 3619 3155 libera

2033 3194 2138 3252 est,
2157 3202 2279 3256 quae
2296 3195 2382 3242 est
2400 3195 2573 3242 mater
2585 3195 2776 3243 nostra
2789 3189 2855 3256 ",
2869 3207 2888 3240 3
2911 3199 2963 3244 et
2984 3208 2998 3244 :
3023 3190 3377 3247 «Accessistis
3393 3191 3461 3246 ad
3486 3190 3619 3248 Sion

2033 3287 2273 3335 montem
2289 3287 2344 3336 et
2363 3280 2431 3334 ad
2453 3280 2729 3336 civitatem
2757 3279 2852 3337 Dei
2872 3283 3104 3339 viventis
3125 3282 3428 3339 Jerusalem
3456 3285 3623 3340 cccle-

2034 3380 2254 3435 stem,et
2266 3373 2558 3427 multorum
2574 3373 2804 3427 millium
2821 3374 3134 3444 angelorum
3151 3376 3581 3445 frequentiam".
3595 3394 3615 3428 3

2033 3466 2148 3522 Dici
2170 3482 2298 3523 vero
2316 3465 2448 3521 Sion
2472 3467 2670 3536 poterit
2691 3467 2853 3522 etiam
2880 3482 2966 3532 ea,
2986 3483 3107 3538 quae
3142 3468 3200 3523 in
3231 3483 3446 3524 omnem
3460 3481 3622 3525 terra:

2033 3561 2237 3622 locum,
2273 3573 2369 3628 per
2397 3555 2677 3614 Christum
2695 3557 2997 3613 constituta
3015 3567 3100 3614 est
3125 3558 3392 3624 Ecclesia,
3427 3577 3619 3630 quem-

2034 3651 2326 3706 admodum
2355 3648 2658 3706 Jerusalem
2691 3665 2854 3705 omne
2881 3651 3029 3720 pium
3045 3665 3110 3704 ac
3123 3650 3438 3721 religiosum
3459 3653 3619 3708 civile

2034 3741 2365 3806 institutum,
2386 3742 2532 3812 quod
2549 3756 2672 3797 cum
2698 3741 2841 3813 apud
2861 3741 3006 3796 solos
3027 3751 3238 3797 veteres
3255 3741 3470 3798 Judaeos
3485 3744 3617 3798 olim

2032 3835 2342 3899 exsisteret,
2359 3834 2411 3888 in
2439 3834 2790 3889 solitudinem
2811 3841 3034 3904 propter
3047 3833 3291 3904 ipsorum
3310 3835 3380 3888 im
3389 3837 3618 3905 pietates

2032 3941 2360 3982 conversum
2394 3937 2498 3994 est,
2531 3926 2729 3982 deinde
2759 3941 2954 3981 rursus
2985 3927 3396 3982 renovationem
3423 3929 3477 3983 in
3508 3945 3617 3984 me-

2032 4020 2142 4074 lius
2182 4028 2540 4074 consecutum
2571 4029 2694 4084 est,
2729 4034 2828 4089 per
2864 4017 3072 4075 Christi
3113 4017 3412 4076 Salvatoris
3440 4021 3616 4078 nostri

2033 4110 2346 4168 adventum.
2369 4111 2529 4181 305
2547 4112 2888 4182 Quapropter
2917 4111 2993 4164 ait
3012 4113 3298 4182 prophetia
3332 4131 3345 4168 ι
3375 4131 3394 4165 ι
3424 4113 3618 4169 Erum-

2030 4208 2163 4274 pant
2194 4203 2430 4257 laetitiam
2456 4203 2617 4257 simul
2645 4202 3200 4270 desertaJerusalem,
3227 4204 3486 4272 quoniam
3513 4209 3615 4261 mi-

2032 4304 2246 4352 seratus
2264 4304 2348 4350 est
2368 4295 2631 4352 Dominus
2653 4296 2849 4366 ipsam,
2880 4295 3199 4352 etliberavit
3221 4294 3522 4353 Jerusalem
3544 4337 3558 4352 .
3585 4317 3608 4352 3

2031 4387 2320 4454 Caeterum,
2343 4401 2615 4457 nusquam
2637 4402 2770 4442 sane
2803 4388 3047 4453 aberres,
3077 4387 3126 4442 si
3178 4387 3613 4458 uniuscujusque

2033 4478 2136 4533 viri
2169 4479 2345 4534 sancti
2373 4477 2590 4547 Deoque
2617 4477 2778 4531 amici
2802 4477 3062 4542 animam,
3088 4487 3360 4547 quatenus
3392 4479 3611 4548 quidem

2034 4587 2202 4641 supra
2254 4571 2396 4626 hanc
2425 4570 2591 4623 vitam
2637 4569 2782 4624 elata
2835 4576 2940 4634 est,
2997 4573 3197 4641 quippe
3240 4585 3362 4626 cum
3397 4571 3452 4624 in
3469 4570 3611 4626 coelo

2033 4676 2192 4718 suum
2219 4661 2311 4732 jus
2343 4659 2580 4715 civitatis
2606 4661 2825 4727 habeat,
2852 4662 3354 4730 contempleturque
3389 4675 3452 4714 ea
3489 4676 3610 4731 quae

2034 4756 2155 4826 ipso
2179 4754 2384 4809 mundo
2409 4760 2537 4810 sunt
2568 4753 2874 4824 superiora,
2912 4753 3043 4808 Sion
3095 4753 3346 4808 nomines
3367 4754 3515 4824 (nam
3543 4772 3611 4811 ex

2036 4836 2484 4922 interpretatione
2533 4850 2937 4918 speculatorium
2980 4848 3304 4919 significat);
3341 4857 3610 4918 quatenus

2035 4953 2217 5000 autem
2242 4945 2297 4998 in
2327 4945 2472 5000 bono
2499 4951 2646 4999 statu
2672 4953 2727 4998 et
2767 4944 2952 5014 quiete
2981 4941 3449 5011 perturbationum
3477 4957 3612 4997 con-

2034 5036 2226 5091 stituta
2289 5045 2414 5100 est,
2461 5033 2765 5090 Jerusalem
2828 5032 3072 5089 eamdem
3135 5031 3396 5102 appelles.
3473 5030 3609 5088 Illud

2034 5127 2180 5181 enim
2221 5143 2420 5182 nomen
2445 5141 2809 5190 tconversum,
2852 5124 3104 5191 visionem
3137 5123 3282 5191 pacis
3311 5123 3605 5196 significat.

2033 5213 2234 5272 Ordine
2267 5215 2495 5286 posthac
2523 5214 2619 5270 Dei
2666 5213 2735 5268 ad
2787 5225 2969 5268 veram
3024 5211 3338 5281 religionem
3391 5212 3609 5268 vocatio

2036 5310 2298 5380 gentium,
2330 5307 2740 5365 evidentissime
2771 5305 3080 5361 declaratur
3100 5303 3212 5359 illis
3227 5302 3410 5376 verbis
3436 5319 3450 5355 :
3492 5321 3513 5355 ι
3540 5301 3608 5356 Et

2036 5403 2299 5458 revelabit
2333 5401 2594 5456 Dominus
2629 5399 2773 5455 Deus
2799 5397 3085 5453 brachium
3120 5404 3368 5452 sanctum
3418 5412 3602 5461 suum,

2036 5493 2093 5546 in
2123 5501 2416 5560 conspectu
2449 5491 2695 5544 omnium
2726 5488 2987 5560 gentium,
3023 5495 3076 5541 et
3127 5486 3388 5541 videbunt
3413 5501 3604 5541 omnes

2039 5586 2173 5644 fines
2225 5593 2385 5642 terrae
2441 5583 2676 5640 salutem
2709 5597 2738 5637 a
2771 5581 2880 5638 Deo
2937 5588 3152 5637 nostro.
3191 5599 3210 5632 3
3263 5578 3437 5632 Porro
3480 5578 3607 5631 bra.
