4080 6416
580 309 698 376 "483

1262 317 1531 375 EUSEBII
1559 318 2037 377 CASSARIENSIS
2074 308 2231 377 OPP.
2256 310 2459 376 PARS.
2500 320 2566 376 ιι.
2607 353 2679 363 -
2714 312 3211 379 APOLOGETICA.

3730 329 3824 387 484

587 441 774 496 chium
816 439 910 495 Dei
943 440 1259 511 neutiquam
1319 440 1470 521 aliud
1522 455 1648 497 esse
1697 441 1982 498 arbitreris
2004 457 2161 513 quam

2272 441 2451 507 πτίοις
2477 442 2739 508 δουλείας.
2771 444 2941 498 Αὑτὸν
2969 444 3032 516 δὴ
3065 444 3270 498 ἐκεῖνον
3317 443 3408 499 τὸν
3459 444 3706 517 βραχίονα
3740 451 3823 506 τοῦ

589 532 826 590 Verbum
848 542 904 590 et
936 533 1294 605 Sapientiam,
1323 541 1379 590 et
1405 534 1582 604 ipsum
1612 533 1924 601 Dominum,
1959 535 2055 607 qui
2083 544 2161 591 est

2271 531 2408 587 Θεοῦ
2453 533 2546 587 τὸν
2590 534 2934 603 ἅναφανέντα
2956 533 3178 604 σωτῆρα
3206 533 3301 587 τοῦ
3343 532 3511 588 πάλαι
3553 534 3677 590 λαοῦ
3707 540 3822 593 πᾶσι

584 626 843 682 Christus
877 625 994 682 Dei.
1027 624 1143 682 Hoc
1171 627 1316 682 enim
1342 641 1407 682 ex
1444 626 1633 682 multis
1682 627 1974 684 ostendere
2006 627 2168 684 facile

582 727 690 774 est.
721 715 900 774 Habes
920 727 1181 788 praeterea
1206 717 1262 771 in
1292 715 1507 779 Exodo,
1540 715 1707 771 Israel
1740 717 1808 771 ab
1840 714 2165 787 Egyptiaca

583 811 851 867 servitute
877 810 1174 865 liberatum
1206 809 1436 864 brachio
1468 807 1584 864 Dei.
1621 806 1804 879 Ipsum
1837 808 2003 879 igitur
2030 808 2164 863 illud

582 900 871 955 brachium
900 898 1036 961 Dei,
1071 897 1219 970 quod
1261 898 1433 954 veteri
1477 898 1678 969 populo
1708 898 1939 952 salutem
1989 898 2165 952 mani-

584 991 883 1049 festissime
907 990 1107 1056 attulit,
1136 991 1393 1046 onmihus
1415 990 1668 1061 gentibus
1696 989 2048 1059 aperiendum
2101 1005 2167 1044 ac

584 1083 969 1157 detegendum,
1008 1091 1272 1154 tanquam
1303 1083 1358 1138 id
1380 1082 1527 1153 quod
1580 1084 1733 1152 prius
1762 1083 2164 1137 occultumtes-

2241 679 2253 693 ,
2270 628 2384 691 τοῖς
2412 625 2621 680 ἔθνεσιν
2648 625 3218 698 ἀποκαλυφθήσεσθαι,
3235 625 3309 689 ὡς
3331 625 3397 680 ἂν
3420 625 3482 679 τὸ
3511 627 3638 698 πρὶν
3663 630 3825 685 ἐπικι-

2271 718 2609 792 κρυμμένον,
2651 721 2684 791 ἡ
2720 718 2969 790 παροῦσα
3004 718 3259 790 σημαίνει
3294 719 3616 790 προφητεία.
3647 721 3748 793 Τὴν
3776 723 3823 776 δὲ

2273 812 2575 884 σωτηρίαν,
2600 812 2669 882 ἦν
2715 827 2881 881 φησιν
2933 810 3208 881 «ὄψεσθαι
3256 811 3435 865 πάντα
3467 811 3535 864 τὰ
3565 813 3702 883 ἄκρα
3741 815 3824 883 τῆς

2270 902 2393 973 γῆς,
2419 920 2443 953 ι
2466 901 2561 956 καὶ
2589 901 2655 972 ἢν
2680 902 2947 974 ἀνώτερον
2976 901 3160 973 ἐδήλου
3195 902 3389 971 λέγων,
3410 902 3491 956 ὅτι
3509 912 3529 946 ι
3552 901 3824 976 Ἀκουστὴν

2271 994 2485 1065 ποιήσω
2507 992 2607 1064 τὴν
2632 993 2906 1065 σωτηρίαν
2940 1009 3111 1060 aeu”:
3145 994 3254 1048 ἴσθι
3290 996 3357 1065 τῇ
3400 993 3659 1065 Ἑϐραίων
3688 998 3822 1070 φωνῇ

2270 1079 2350 1155 τῷ
2369 1084 2463 1138 τοῦ
2495 1084 2670 1156 Ἰησοῦ
2692 1085 2919 1157 ὀνόματι
2942 1085 3461 1159 προσαγορεύεσθαι.

585 1183 713 1243 set,
780 1191 1026 1246 praesens
1055 1176 1339 1248 prophetia
1383 1174 1672 1246 signiﬁcat.
1727 1172 1969 1229 Salutem
2007 1190 2138 1229 vero
2185 1190 2349 1245 quam
2382 1178 2517 1233 dicit
2567 1179 2827 1235 «visuros
2879 1193 3070 1235 omnes
3110 1188 3274 1235 terrae
3309 1180 3467 1242 lines,
3492 1198 3511 1233 ι
3578 1188 3631 1235 et
3682 1194 3820 1250 quam

580 1272 839 1343 superius
877 1271 1140 1328 indicavit
1180 1287 1310 1328 cum
1356 1271 1497 1326 dixit
1530 1285 1546 1324 :
1586 1288 1606 1321 ι
1642 1270 1895 1324 Auditum
1949 1269 2145 1324 faciam
2187 1271 2418 1328 salutem
2450 1282 2620 1343 tuam,
2650 1292 2672 1327 ι
2704 1275 2812 1332 cito
2842 1274 2987 1345 apud
3012 1273 3269 1331 Helymus
3300 1275 3419 1345 ipso
3451 1274 3609 1332 Iesus
3628 1274 3824 1332 nomine

574 1366 865 1440 appellari.

1147 1484 1376 1542 CAPUT
1430 1472 1595 1540 XXV.

633 1598 662 1653 b
689 1599 889 1655 eodem.
924 1632 991 1644 -—

579 1598 662 1655 ΑΙ)
689 1599 889 1655 eodem.
924 1632 991 1644 ν·-
1029 1599 1182 1667 Quod
1226 1617 1411 1655 rursus
1462 1600 1720 1655 Dominus
1753 1637 1769 1660 ,
1795 1598 1967 1666 ipsum
2007 1598 2162 1665 plane

660 1670 759 1724 Dei
794 1669 1040 1736 Verbum,
1067 1681 1311 1725 venturus
1340 1681 1388 1725 et
1417 1681 1591 1742 gentes
1628 1678 2040 1739 congregatum:
2071 1683 2162 1721 ca-

652 1756 773 1795 nere
779 1750 882 1796 tur.

1029 1599 1182 1667 Quod
1226 1617 1411 1655 rursus
1462 1600 1720 1655 Dominus
1753 1637 1769 1660 ,
1795 1598 1967 1666 ipsum
2007 1596 2174 1665 plane

2772 1480 3169 1535 ΚΕΦΛΛΑῙΟΝ
3207 1483 3335 1538 KE’.

2282 1593 2425 1651 Ἀπὸ
2453 1595 2558 1650 τοῦ
2588 1595 2794 1650 αὐτοῦ.
2828 1595 3003 1663 -Ὡς
3029 1591 3202 1663 αὖθις
3223 1598 3464 1666 Κύριος,
3492 1602 3525 1655 ὁ
3552 1601 3656 1655 τοῦ
3694 1604 3821 1660 Θεοῦ

2336 1666 2929 1796 (ἐρχόμενος,
2975 1665 3074 1720 καὶ
3115 1665 3190 1721 τὰ
3238 1665 3386 1738 ἔθνη
3420 1665 3715 1737 συνάξειν
3746 1678 3821 1730 οε-

655 1851 674 1884 (
699 1832 841 1889 Ecce
864 1831 1129 1887 Dominus
1157 1843 1217 1887 ut
1250 1832 1392 1903 ignis
1407 1833 1607 1897 veniet,
1641 1840 1696 1888 et
1714 1832 1857 1889 sicut
1872 1836 2161 1899 tempestas

2347 1846 2365 1877 ι
2390 1824 2518 1880 ’ἰδοὺ
2550 1825 2755 1898 Κύριος
2802 1825 2878 1890 ὡς
2913 1825 3027 1899 πῦρ
3067 1825 3210 1899 ἥξει,
3238 1829 3332 1881 καὶ
3380 1829 3459 1893 ὣς
3499 1833 3740 1900 καταιγὶς
3763 1832 3821 1891 τὰ

571 1939 782 1982 currus
796 1926 914 1995 ejus
939 1926 1008 1989 ’⁸,
1037 1943 1056 1977 ι
1076 1932 1131 1979 et
1148 1941 1267 1996 qua:
1291 1933 1616 1996 sequuntur.
1648 1942 1669 1975 ι
1700 1922 1843 1976 Dixit
1870 1920 2160 1974 Dominus:

583 2016 651 2070 Et
680 2030 782 2087 ego
810 2031 975 2085 opera
1008 2029 1199 2069 eorum
1249 2023 1303 2070 et
1342 2014 1728 2084 cegitationem
1789 2025 1978 2066 eorum
2026 2011 2161 2076 scio,

570 2118 631 2165 ct
666 2124 766 2181 ego
796 2108 957 2163 venio
1000 2122 1334 2179 congregare
1378 2121 1571 2160 omnes
1621 2112 1812 2175 gentes
1841 2111 1897 2157 et
1926 2100 2162 2172 linguas,

573 2209 632 2257 et
655 2200 872 2256 venient
898 2207 955 2254 et
983 2199 1247 2254 videbunt
1270 2197 1500 2268 gloriam
1536 2209 1749 2259 meam,
1778 2201 1832 2248 et
1858 2194 2161 2264 relinquam

568 2294 658 2349 cis
680 2293 919 2364 signum,
951 2299 1006 2346 et
1024 2288 1279 2346 emittam
1298 2305 1367 2344 ex
1394 2288 1477 2344 eis
1501 2287 1595 2357 qui
1631 2287 1826 2342 salvati
1860 2285 2065 2341 fuerint
2096 2284 2162 2337 ad

568 2393 788 2456 gentes,
819 2384 984 2455 306
1021 2383 1076 2436 in
1112 2381 1362 2445 Tharsis,
1387 2387 1444 2435 et
1492 2376 1673 2443 Phud,
1710 2386 1766 2435 et
1795 2376 1934 2441 Lud,
1964 2383 2019 2432 et
2048 2375 2161 2430 Mo-

573 2474 732 2537 socb,
763 2481 818 2529 et
845 2471 1074 2535 Thobel,
1129 2480 1184 2528 et
1229 2471 1284 2525 in
1318 2469 1608 2535 Graeciam,
1649 2476 1703 2524 et
1736 2467 1802 2521 ad
1833 2466 2044 2522 insulas
2074 2480 2160 2521 re-

572 2572 777 2629 motas,
811 2563 876 2617 ad
917 2578 1015 2618 eos
1061 2562 1157 2633 qui
1202 2576 1313 2616 non
1358 2559 1658 2616 audierunt
1710 2573 1910 2613 nomen
1960 2571 2159 2618 meum,

573 2670 751 2725 neque
780 2652 1035 2709 viderunt
1068 2668 1243 2708 meam
1292 2653 1550 2724 gloriam,
1582 2658 1637 2706 et
1669 2648 2017 2704 nuntiabunt
2042 2660 2162 2700 mea

571 2760 740 2817 opera
798 2746 851 2801 iu
916 2745 1170 2816 gentibus
1190 2745 1258 2799 ".
1289 2763 1308 2796 ι
1366 2743 1695 2799 Planissime
1759 2742 1925 2797 etiam
1966 2741 2021 2794 in
2075 2738 2162 2794 his

574 2837 793 2894 Domini
854 2837 1124 2892 adventus
1157 2836 1225 2890 ad
1271 2836 1524 2891 homines
1570 2834 1885 2899 indicatur;
1931 2842 1987 2886 et
2026 2846 2166 2901 quo-

570 2931 722 2986 niam
754 2930 844 2984 hic
870 2929 1077 2984 dictum
1102 2935 1209 2992 est,
1232 2927 1385 2981 illum
1408 2933 1469 2980 ut
1491 2927 1670 2997 ignem
1709 2934 2026 2987 venturum,
2049 2938 2162 2979 me~

571 3022 682 3075 rito
710 3019 965 3074 Salvator
1018 3025 1207 3072 noster
1240 3016 1363 3071 ait:
1406 3034 1425 3067 ι
1451 3017 1638 3085 ignem
1690 3015 1817 3070 veni
1859 3015 2076 3069 mittere
2104 3012 2161 3066 in

573 3096 801 3174 terram,
832 3117 887 3163 et
911 3108 1043 3180 quid
1074 3109 1198 3163 volo
1230 3109 1275 3161 si
1297 3106 1410 3176 jam
1442 3119 1709 3160 accensus
1744 3112 1831 3160 est
1856 3104 1935 3157 ὀἳ
1968 3123 1986 3156 ι
2022 3103 2160 3158 Cur-

575 3217 673 3256 rus
703 3215 834 3255 vero
877 3175 1019 3268 ejus,
1050 3198 1320 3267 stipantcs
1373 3194 1554 3265 ipsum
1608 3193 1824 3250 divinas
1861 3201 2159 3268 potestates
2185 3175 2232 3238 (ἶ

575 3292 1049 3361 inservientesque
1110 3289 1216 3360 ipsi
1268 3298 1493 3343 sanctos
1549 3285 1774 3355 angelos
1806 3283 2159 3361 ,/(ommode

568 3384 801 3448 dixeris,
853 3382 920 3438 de
946 3382 1147 3453 quibus
1179 3380 1314 3436 illud
1346 3380 1554 3435 dictum
1600 3388 1686 3434 est
1678 3377 1807 3453 χῖ
1821 3377 1889 3431 Et
1919 3391 2162 3433 accesse-

573 3482 703 3531 runt
751 3475 928 3545 angeli
975 3482 1032 3528 et
1084 3473 1475 3529 ministrabant
1507 3471 1558 3526 ei
1557 3469 1676 3545 y,’
1690 3490 1709 3523 ι
1751 3478 1974 3526 sanctos
2026 3469 2156 3523 item

568 3566 820 3634 ejusdem
854 3566 1131 3637 apostolos
1166 3578 1233 3618 ac
1265 3561 1590 3637 discipulos,
1623 3562 1825 3633 quibus
1875 3561 2156 3617 invectum

571 3657 759 3714 divina
780 3664 944 3727 atque
973 3654 1234 3709 invisibili
1266 3654 1471 3709 virtute
1504 3653 1599 3708 Dei
1644 3652 1912 3718 Verbum,
1936 3666 2154 3706 omnem

570 3750 871 3822 permeavit
896 3757 1167 3803 terrarum
1199 3746 1409 3801 orbem.
1444 3744 1632 3801 Potest
1662 3746 1825 3801 etiam
1859 3745 2016 3797 aliter
2049 3744 2159 3798 dici

572 3843 644 3896 ad
665 3841 889 3895 verbum
917 3857 931 3893 :
960 3838 1141 3909 ignem
1170 3844 1224 3892 et
1260 3853 1459 3893 currus
1489 3852 1595 3890 una
1626 3852 1749 3891 cum
1768 3837 1890 3904 ejus
1923 3836 2159 3890 adventu

572 3933 908 3996 denuntiari,
955 3939 1178 4002 propter
1213 3945 1370 3995 eam,
1405 3945 1527 4000 quae
1582 3928 1883 3985 Jerusalem
1936 3943 2162 3999 oppres-

571 4026 670 4091 sit,
699 4025 1041 4081 obsidionem
1071 4032 1196 4093 post
1247 4019 1549 4077 Salvatoris
1604 4023 1779 4077 nostri
1823 4021 2155 4077 adventum:

574 4126 701 4190 post
734 4132 896 4188 quem
946 4116 1089 4171 haud
1142 4116 1339 4180 multo,
1402 4115 1664 4184 templum
1713 4113 1934 4184 quidem
1981 4114 2159 4183 ipsum

575 4211 703 4282 igne
744 4210 1029 4265 incensum
1074 4215 1181 4273 est,
1207 4213 1264 4261 et
1290 4213 1594 4262 extremam
1640 4206 1865 4276 pertulit
1893 4205 2162 4260 vastatio—

575 4317 723 4357 nem.
766 4299 910 4355 Urbs
944 4313 1074 4355 vero
1099 4298 1440 4354 circumdata
1500 4307 1586 4353 est
1624 4296 1884 4352 curribus
1920 4304 1975 4351 et
2003 4311 2162 4351 exer-

572 4391 777 4447 citibus
798 4390 1042 4456 bellicis;
1074 4395 1202 4461 post
1238 4402 1403 4458 quem
1437 4401 1629 4442 casum
1650 4387 1814 4442 etiam
1837 4401 1902 4441 ea
1936 4399 2058 4455 qua:
2092 4382 2160 4438 de

2263 1916 2485 1991 ἅρματα
2521 1918 2720 1972 αὑτοῦ·
2759 1938 2777 1971 ι
2815 1919 2912 1972 καὶ
2958 1918 3122 1989 ἑξῆς⁴
3183 1939 3202 1972 ι
3231 1917 3370 1975 Εἷπε
3412 1924 3641 1996 Κύριοςο
3674 1923 3821 1996 Κάγὼ

2261 2010 2329 2062 τὰ
2360 2009 2495 2083 ἔργα
2528 2009 2708 2063 αὐτῶν
2760 2011 2852 2064 xal
2887 2008 2980 2063 τὸν
3027 2009 3283 2084 λογισμὸν
3312 2015 3497 2069 αὐτῶν
3527 2016 3818 2087 ἐπίσταμαι,

2262 2102 2359 2156 καὶ
2382 2101 2611 2174 ἔρχομαι
2638 2105 2959 2171 συναγαγεῖν
2981 2104 3159 2159 πάντα
3179 2102 3252 2157 τὰ
3274 2104 3404 2176 ἔθνη
3435 2107 3528 2159 καὶ
3553 2107 3649 2172 τὰς
3669 2109 3821 2177 γλώσ-

2264 2210 2381 2257 σας,
2424 2194 2519 2247 xal
2553 2192 2762 2263 ἥξουσι,
2806 2193 2900 2247 καὶ
2946 2193 3169 2265 ὂψονται
3219 2196 3318 2269 τὴν
3371 2194 3532 2263 δόξαν
3582 2216 3696 2268 μου.
3727 2198 3819 2253 Καὶ

2263 2284 2570 2354 καταλείψω
2624 2286 2709 2338 ἐπ’
2742 2285 2921 2339 αὐτῶν
2976 2289 3220 2358 σημεῖον,
3258 2289 3355 2341 καὶ
3396 2288 3728 2355 ἐξαποστελῶ
3770 2290 3820 2354 ἐξ

2260 2376 2440 2431 αὐτῶν
2486 2376 2860 2447 σεσωσμένους
2906 2380 2987 2443 εἰς
3033 2377 3102 2432 τὰ
3146 2378 3294 2449 ἔθνη,
3330 2380 3413 2444 είς
3459 2381 3694 2453 Θαρσὴς.
3739 2383 3820 2436 καὶ

2259 2468 2415 2533 Φοίιδ,
2452 2469 2545 2522 xal
2574 2468 2732 2532 Λοὺδ,
2761 2470 2856 2523 xal
2894 2471 3101 2541 Μοσὸχ.
3127 2470 3221 2523 xal
3245 2471 3436 2535 Θοὸὲλ,
3476 2474 3556 2536 είς
3588 2474 3682 2543 τὴν
3716 2472 3814 2525 Ἐλ-

2261 2560 2418 2624 λάδα,
2450 2561 2543 2614 καὶ
2572 2563 2653 2624 είς
2684 2561 2784 2625 τὰς
2810 2563 3007 2633 νήσους
3038 2562 3136 2626 τὰς
3160 2563 3374 2634 πόῤῥω,
3402 2564 3452 2617 οἳ
3480 2565 3578 2617 οὐκ
3607 2564 3842 2649 ἥκουσαν.

2265 2669 2366 2723 μου
2399 2652 2461 2705 τὸ
2496 2652 2688 2722 ὖνομα,
2719 2652 2834 2706 οὗθ’
2867 2653 3142 2725 ἑωράκασι
3176 2671 3277 2725 μου
3300 2656 3403 2727 τὴν
3428 2655 3605 2721 δόξαν,
3635 2657 3723 2710 xal
3743 2656 3817 2709 εὐ-

2260 2742 2554 2812 αγγελοῦσί
2591 2761 2691 2814 μου
2733 2743 2804 2797 τὰ
2845 2743 2983 2816 ἔργα
3034 2746 3092 2798 ὲν
3125 2748 3237 2809 τοῖς
3265 2745 3498 2802 ἔθνεσιν.
3525 2748 3815 2818 »Ἀντικρνς

2261 2836 2355 2889 xal
2383 2837 2439 2888 ὲν
2470 2835 2678 2900 τούτοις
2712 2837 2745 2907 ἡ
2771 2835 2864 2888 τοῦ
2887 2835 3087 2908 Κυρίου
3114 2838 3193 2901 είς
3223 2836 3547 2911 ἀνθρώπους
3576 2837 3815 2909 παρουσία

2260 2927 2533 2999 δηλοῦται.
2571 2928 2683 2983 Καὶ
2715 2927 3013 3000 ἐπειδήπερ
3043 2928 3280 3001 εἴρηται,
3308 2928 3388 2993 ώς
3419 2929 3530 3003 πῦρ
3561 2928 3721 3000 ἥξειν,
3748 2930 3815 2981 εί-

2261 3019 2437 3083 κότως
2466 3020 2630 3091 φησιν
2658 3021 2688 3072 ὁ
2716 3019 2906 3091 Σωτὴρ
2939 3020 3094 3091 ήμῶν
3113 3035 3128 3052 ⁸
3163 3040 3182 3073 ι
3209 3019 3331 3093 Πῦρ
3353 3017 3520 3093 ¹ἦλθον
3548 3021 3717 3093 βαλεῖν
3735 3021 3815 3073 ἐπὶ

2260 3111 2359 3183 τὴν
2396 3111 2518 3182 γῆν,
2550 3112 2644 3175 xal
2673 3110 2727 3164 τί
2773 3110 2913 3165 θέλω
2941 3113 2989 3165 εί
3012 3111 3111 3183 ἤδη
3160 3112 3414 3184 ἀνήφθη;
3449 3132 3469 3166 ι
3495 3114 3739 3186 Ἃρματα
3766 3111 3816 3167 δὲ

2260 3201 2425 3255 αὑτοῦ
2474 3201 2574 3264 τὰς
2618 3202 3022 3274 δορυφοροὺσας
3068 3202 3230 3256 αὑτὸν
3258 3202 3414 3267 θείας
3442 3203 3705 3275 δυνάμεις,
3736 3204 3817 3257 καὶ

2258 3294 2384 3355 τοὺς
2414 3292 2947 3364 ἐξυπηρετουμένους
2979 3291 3127 3365 αὐτῷ
3157 3293 3336 3365 ἱεροὺς
3358 3295 3640 3362 ἀγγέλους,
3666 3292 3817 3354 εἴποις

2259 3384 2346 3449 ἂν,
2379 3386 2509 3457 περὶ
2544 3380 2620 3439 ὧν
2652 3386 2867 3456 εἴρηται
2890 3400 2903 3413 ο
2941 3403 2960 3435 ι
2992 3385 3104 3439 Kal
3135 3385 3445 3458 προσῆλθον
3476 3387 3704 3455 ἄγγελοι,
3736 3383 3815 3437 καὶ

2258 3474 2538 3545 διηκόνουν
2580 3474 2756 3545 αὐτῷ·
2799 3474 2894 3526 καὶ
2935 3475 3060 3538 τοὺς
3102 3475 3280 3546 ἱεροὺς
3302 3476 3639 3540 ἀποστόλους
3665 3471 3811 3529 αὐτοῦ

2260 3567 2354 3619 xal
2382 3565 2652 3637 μαθητὰς,
2687 3558 2769 3627 οἷς
2799 3565 3161 3637 ἐποχούμενος
3189 3566 3359 3638 ένθέῳ
3391 3571 3484 3625 καὶ
3509 3570 3714 3641 ἀοράτῳ
3739 3567 3814 3620 δυ-

2259 3658 2421 3728 νάμει
2443 3659 2472 3710 ό
2498 3656 2592 3711 τοῦ
2624 3655 2759 3710 Θεοῦ
2788 3657 2984 3725 Λόγος,
3012 3658 3111 3729 τὴν
3142 3660 3323 3714 πᾶσαν
3351 3660 3636 3734 διέδραμεν
3660 3663 3815 3713 οἰκου-

2262 3749 2451 3821 μένην.
2488 3750 2715 3819 Λέγοιτο
2739 3749 2785 3802 δ’
2807 3749 2873 3823 ἂν
2902 3751 2997 3803 καὶ
3027 3751 3200 3816 ἄλλως
3232 3752 3372 3824 πρὸς
3397 3754 3543 3820 λέξιν
3562 3771 3573 3782 ·
3603 3753 3712 3824 Πῦρ
3737 3751 3816 3804 καὶ

2234 3838 2484 3910 ’ἅρματα
2520 3838 2982 3908 καταγγέλλεσθαι
3010 3841 3107 3895 σὺν
3149 3844 3216 3914 τῇ
3260 3842 3428 3897 αὐτοῦ
3455 3843 3719 3917 παρουσίᾳ
3742 3839 3816 3893 διὰ

2259 3930 2356 4003 τὴν
2384 3930 2793 3986 καταλαϐοῦσαν
2823 3931 3140 4003 πολιορκίαν
3169 3934 3271 4007 τὴν
3313 3935 3665 4008 Ἰερουσαλὴμ
3698 3931 3816 4004 μετὰ

2259 4023 2359 4087 τὴν
2389 4025 2448 4088 ἐς
2475 4025 2624 4095 ἡμᾶς
2662 4022 2864 4094 ἄφιξιν,
2898 4025 3019 4096 μεθ’
3047 4026 3114 4098 ἢν
3147 4027 3250 4082 οὐκ
3288 4029 3372 4093 είς
3418 4029 3633 4101 μακρὰν
3669 4030 3694 4081 ὁ
3729 4025 3813 4096 μὲν

2258 4113 2394 4180 νεὼς
2421 4117 2586 4181 αὐτὸς
2609 4118 2987 4189 ὲπυρπολείτο,
3024 4118 3118 4171 xal
3147 4117 3248 4191 τὴν
3286 4120 3525 4193 ἐσχάτην
3555 4119 3814 4189 ὑπέμεινεν

2259 4208 2359 4279 ὲρη
2368 4208 2516 4278 μίαν,
2534 4212 2567 4280 ἡ
2592 4208 2649 4263 δὲ
2674 4208 2828 4273 πόλις
2849 4207 3130 4279 ὲκυκλώθη
3154 4209 3261 4263 ὑπὸ
3281 4211 3545 4282 ἁρμάτων
3565 4213 3655 4266 καὶ
3675 4224 3815 4279 στρα-

2259 4301 2496 4355 τοπέδων
2528 4301 2856 4374 πολεμικῶν,
2876 4300 2998 4372 μεθ’
3014 4300 3050 4355 ἃ.
3071 4303 3165 4356 καὶ
3194 4302 3453 4374 περὶτῶν
3478 4304 3642 4358 ἐθνῶν
3661 4300 3817 4355 ἁπάν-

2260 4412 2369 4451 των
2411 4396 2828 4467 προηγγελμένα
2858 4395 3163 4467 συμφώνως
3210 4397 3277 4467 τῇ
3320 4396 3623 4468 προφητείᾳ
3652 4393 3811 4455 τέλους

573 4480 1061 4554 cunctisgentibus
1102 4479 1361 4552 pradicta
1411 4480 1643 4545 fuerant,
1694 4478 1823 4533 huic
1861 4476 2159 4548 prophetiae

2263 4486 2439 4557 ἔτυχε.
2470 4487 2567 4551 Τίς
2598 4487 2644 4540 δ’
2675 4489 2778 4541 οὐκ
2810 4487 2876 4542 ἂν
2909 4487 3242 4559 θαυμάσειεν
3268 4487 3484 4542 ἀκούων
3505 4487 3598 4541 τοῦ
3630 4483 3810 4556 Κυρίω

573 4581 1010 4630 consentaneum
1040 4573 1202 4629 tinem
1255 4571 1451 4627 sortita
1511 4578 1662 4626 sunt.
1710 4569 2000 4631 Caeterum,
2032 4567 2157 4638 quis

576 4680 690 4724 non
720 4665 1021 4721 admiretur
1068 4663 1299 4720 audiens
1354 4660 1647 4719 Dominum
1708 4678 1805 4734 per
1836 4661 2156 4734 prophetam

573 4756 886 4814 dicentem:
925 4776 945 4810 ι
984 4756 1157 4813 Venio
1185 4770 1520 4828 congregare
1533 4771 1724 4812 onmes
1753 4763 1943 4826 gentes
1965 4763 2020 4811 et
2050 4756 2157 4809 lin-

571 4865 736 4921 guas,
768 4870 790 4904 ο
823 4865 947 4906 cum
972 4850 1152 4906 videat
1195 4851 1252 4905 in
1283 4851 1433 4906 omni
1469 4890 1484 4915 ,
1517 4863 1857 4921 quacunque
1883 4848 1952 4902 ab
1982 4847 2159 4901 homi-

575 4942 743 4999 nibus
771 4942 1049 4999 habitatur
1073 4985 1089 5011 ,
1128 4951 1298 5010 terra,
1331 4958 1430 5015 per
1467 4941 1767 4997 Salvatoris
1824 4940 1997 4995 nostri
2026 4939 2157 4995 Iesu

576 5033 786 5091 Christi
803 5036 1092 5093 adventum
1115 5052 1182 5092 ac
1196 5038 1563 5102 vocationem,
1588 5041 1890 5089 conventus
1917 5034 2158 5104 gentium

579 5126 639 5180 in
663 5124 870 5180 Christi
923 5129 1146 5185 nomine
1195 5129 1487 5192 celebrari,
1538 5128 1863 5198 linguasque
1912 5125 2157 5180 omnium

579 5217 865 5272 nationum
888 5220 1037 5275 omni
1068 5236 1271 5293 genere
1334 5219 1608 5277 sermonis
1669 5233 1838 5272 unum
1883 5214 2054 5272 Deum
2093 5230 2160 5270 ae

582 5305 873 5363 Dominum
922 5311 1282 5369 invocantes?
1329 5310 1572 5383 Denique
1620 5317 1746 5381 post
1801 5309 1984 5363 omnia
2044 5308 2161 5362 hare

576 5398 708 5469 quis
737 5399 1035 5469 inspiciens
1057 5418 1269 5467 omnes,
1301 5403 1619 5474 quicunque
1656 5402 1713 5455 in
1751 5400 1959 5455 Christi
2000 5398 2158 5455 ﬁdem

581 5496 871 5557 venerunt,
901 5490 1130 5546 salutari
1171 5493 1328 5562 signo
1362 5508 1462 5564 pro
1506 5493 1694 5547 annuli
1735 5496 1864 5547 nota
1919 5499 2160 5555 utentes,

579 5598 692 5639 non
729 5582 927 5637 merito
953 5582 1327 5655 obstupescat,
1359 5585 1405 5641 si
1441 5584 1630 5640 audiat
1648 5591 1803 5638 tanto
1838 5590 1966 5637 ante
1982 5581 2158 5652 ipsum

2263 4576 2351 4629 διὰ
2392 4575 2489 4629 τοῦ
2538 4579 2817 4649 προφήτου
2849 4576 3129 4646 λέγοντοςο
3167 4578 3475 4650 (Ἔρχομαι
3516 4575 3811 4644 συναγαγεῖν

2265 4667 2442 4721 πάντα
2472 4665 2542 4720 τὰ
2586 4666 2714 4739 ἔθνη
2748 4668 2844 4722 καὶ
2866 4667 2967 4732 τὰς
2996 4667 3269 4737 γλώσσας,
3303 4687 3324 4721 ι
3374 4667 3518 4740 ὁρῶν
3563 4666 3675 4720 καθ’
3701 4663 3811 4731 ὅλης

2244 4754 2363 4830 "'51;
2403 4759 2512 4813 τῶν
2555 4758 2854 4830 ἀνθρώπων
2893 4759 2997 4830 γῆς
3039 4759 3127 4813 διὰ
3150 4759 3249 4830 τῆς
3276 4757 3372 4813 τοῦ
3402 4758 3647 4829 Σωτῆρος
3675 4751 3810 4824 ἡμῶν

2276 4851 2451 4923 Ἰησοῦ
2494 4851 2589 4905 τοῦ
2621 4853 2858 4924 Χριστοῦ
2891 4853 3190 4925 παρουσίας
3219 4869 3278 4905 τε
3326 4851 3424 4906 καὶ
3468 4850 3700 4922 κλήσεως
3725 4842 3810 4904 τὰς

2257 4938 2365 4992 τῶν
2386 4938 2557 4993 ἐθνῶν
2582 4941 2903 5011 συναγωγὰς
2923 4942 3007 4995 ἐπ’
3036 4941 3295 5012 ὀνόματος
3316 4940 3410 4994 τοῦ
3436 4937 3664 5013 Χριστοῦ
3694 4948 3809 5000 συγ-
3834 4944 3840 4951 ·

2258 5028 2664 5100 κροτουμένας;
2698 5031 2798 5093 τάς
2838 5050 2897 5085 τε
2937 5032 3189 5102 γλώσσας
3223 5030 3477 5086 ἁπάντων
3520 5028 3624 5082 τῶν
3659 5021 3807 5080 aevo»:

2258 5122 2317 5174 ὲν
2355 5121 2635 5185 παντοίαις
2662 5122 2962 5186 διαλέκτοις
2988 5124 3289 5196 ἀνθρώπων
3316 5123 3408 5177 τὸν
3437 5122 3532 5176 ἕνα
3557 5117 3698 5181 Θεὸν,
3728 5110 3807 5167 καὶ

2258 5211 2462 5284 Κύριον
2484 5213 2955 5284 ὲπικαλουμένας;
2985 5216 3089 5271 καὶ,
3110 5214 3203 5268 ἐπὶ
3236 5217 3371 5269 πᾶσι
3399 5214 3456 5268 δὲ
3489 5210 3707 5271 τούτοις,
3735 5201 3808 5263 τίς

2256 5303 2529 5377 θεώμενος
2573 5304 2653 5375 τῷ
2695 5304 3027 5377 σωτηριώδει
3074 5304 3287 5378 σημείῳ
3329 5305 3536 5368 πάντας
3582 5298 3700 5361 τοὺς
3739 5294 3808 5355 εἰς

2254 5397 2489 5468 Χριστὸν
2518 5398 2950 5463 πεπιστευκότας,
2984 5399 3238 5472 σφραγῖδι
3264 5398 3593 5473 χρωμένους,
3617 5391 3710 5445 οὐκ
3751 5385 3808 5439 ἂν

2255 5491 2492 5560 εὐλόγως
2524 5490 2898 5564 καταπλαγείη
2942 5493 3156 5550 ἀκούων
3196 5494 3468 5567 πρόπαλαι
3504 5487 3593 5545 τοῦ
3622 5479 3805 5553 Κυρίου

2255 5582 2569 5655 εἰρηκότοςο
2620 5601 2640 5634 ι
2674 5583 2783 5638 Kal
2813 5583 3003 5656 ἥξουσι
3033 5588 3127 5642 καὶ
3153 5586 3373 5658 ὄψονται
3399 5586 3497 5657 τὴν
3517 5581 3666 5648 δόξαν
3692 5583 3805 5648 μων

650 5736 826 5791 “lsa.
858 5752 1005 5803 uva,
1044 5737 1124 5793 15.
1201 5740 1246 5769 ²⁹
1278 5737 1410 5792 ibid.
1447 5736 1533 5804 i8,
1561 5736 1648 5795 l9.
1727 5737 1773 5770 ³⁸
1807 5734 1942 5793 Luc.
1977 5738 2076 5803 xit,
2112 5735 2202 5792 49.
2282 5736 2325 5768 ³⁸
2381 5735 2568 5792 Matth.
2613 5754 2688 5803 1v,
2712 5737 2799 5793 tl.
