4100 6430
287 322 424 380 ‘85

281 524 408 586 οὖν
437 532 683 587 ἐντεῦθεν
729 533 828 605 ἥδη
879 533 1019 588 κατὰ
1059 534 1159 606 τὴν
1211 527 1482 607 προτέραν
1511 535 1606 589 τοῦ
1640 537 1888 608 Σωτῆρος

286 623 471 695 ἡμῶν
517 627 596 690 είς
629 625 948 700 ἀνθρώπους
995 627 1314 698 ἐπιφάνειαν
1365 628 1548 692 αὐτοῖς
1593 627 1890 699 ὀφθαλμοῖς

287 715 530 789 ὁρῶμεν
558 717 667 772 τῶν
694 718 851 773 θείων
874 721 1136 792 χρησμῶν
1157 719 1227 773 τὰ
1249 721 1662 792 ἀποτελέσματα
1681 741 1692 752 ·
1717 722 1892 792 γένοι-

288 823 367 860 το
417 808 463 862 δ’
493 809 558 863 ἂν
606 811 793 882 ἐντελῆ
827 811 998 866 ταῦτα
1033 812 1127 867 καὶ
1178 812 1318 866 κατὰ
1350 812 1449 884 τὴν
1489 813 1745 885 δευτέραν
1792 815 1899 868 καὶ·

292 901 524 968 ἔνδοξον
555 902 719 956 αὐτοῦ
755 904 1075 976 παρουσίαν,
1102 905 1190 958 ὅτε
1218 906 1393 959 πάντα
1419 905 1486 958 τὰ
1513 905 1640 978 ἔθνη
1671 906 1889 976 ὄψονται

292 993 410 1065 τὴν
439 994 595 1060 δόξαν
625 995 810 1061 αὐτοῦ,
838 998 1130 1069 ὲρχόμενόν
1155 1015 1214 1050 τε
1245 999 1406 1052 αὑτὸν
1439 998 1497 1063 ὲξ
1521 998 1762 1071 οὐρανῶν
1795 1017 1892 1068 με·

292 1085 380 1141 τὰ
416 1086 699 1159 δυνάμεως
731 1088 826 1142 καὶ
863 1088 1019 1160 δόξης
1071 1089 1288 1161 πολλῆς.
1307 1091 1590 1163 Ἀναχθείη
1637 1092 1680 1144 δ’
1715 1091 1779 1144 ἂν
1811 1092 1890 1154 είς

290 1177 492 1231 ὲκεῖνο
523 1177 729 1251 καιροῦ,
750 1180 844 1232 καὶ⁵
876 1179 947 1232 τὰ
970 1180 1130 1233 λοιπὰ
1163 1181 1268 1234 τῶν
1299 1183 1356 1234 ἐν
1379 1185 1445 1253 τῇ
1472 1183 1770 1254 προρρήσει
1797 1181 1890 1253 δη-

295 1267 612 1340 λουμένων,
642 1271 924 1344 ὡσπεροῦν
974 1275 1309 1345 συστήσομεν
1353 1272 1496 1326 κατὰ
1546 1274 1645 1344 τὴν
1685 1273 1889 1326 οἰκείαν

292 1359 592 1418 ὑπόθεσιν.
627 1365 908 1420 Τοσούτων
955 1367 1086 1437 ⁴ἡμῖν
1128 1367 1222 1419 ἐπὶ
1269 1366 1364 1419 τοῦ
1417 1367 1681 1438 παρόντος
1715 1383 1890 1419 συνει-

292 1452 593 1526 λεγμένων
656 1457 784 1530 περὶ
837 1457 937 1530 τῆς
984 1460 1065 1522 είς
1110 1458 1430 1532 ἀνθρώπους
1494 1458 1889 1531 θεσπιζομένης

292 1546 534 1602 ἔσεσθαι
579 1548 876 1618 παρουσίας
929 1547 1086 1615 Θεοῦ,
1134 1549 1262 1620 ἑξῆς
1315 1550 1380 1604 ἂν
1429 1551 1512 1622 εἴη
1559 1549 1886 1619 ἐπισυνάψαι

293 1636 498 1703 ὁποῖός
528 1655 612 1703 τις
650 1641 678 1693 ὸ
707 1639 907 1710 τρόπος
944 1642 1043 1712 τῆς
1073 1641 1344 1713 προτέρας
1376 1641 1541 1694 αὑτοῦ
1571 1644 1650 1705 είς
1680 1641 1770 1694 τὸν
1796 1642 1888 1695 ἁν-

293 1727 583 1801 θρώπινον
615 1729 727 1802 βίον
753 1732 988 1802 παρόδου
1012 1733 1334 1804 γενήσεσθαι
1360 1737 1810 1805 προανεφωνείτο.

1177 319 1833 378 DEMONSTRATIONIS
1869 313 2327 377 EVANGBLICIE
2368 320 2496 377 LIB.
2541 315 2654 376 VII.

287 440 410 530 ac?)
455 440 764 514 καταλείψω
802 442 889 496 ἐπ’
916 441 1097 497 αὐτῶν
1135 445 1396 515 σημεῖον;
1426 462 1444 495 ι
1479 443 1567 497 Ἐν
1599 445 1755 515 μέρει
1789 444 1886 515 μὲν

1989 442 2278 498 Dominum
2305 442 2512 498 dixisse
2546 458 2559 494 :
2600 462 2617 495 ι
2642 441 2708 495 Ει
2734 442 2951 497 venient
2976 449 3030 497 et
3050 440 3302 497 videbunt
3336 440 3564 513 gloriam
3663 490 3667 494 .

3457 323 3587 385 486.

1992 549 2192 600 meam,
2233 540 2287 590 et
2338 535 2647 604 relinquam
2707 535 2764 589 in
2810 534 2890 589 eis
2949 533 3249 604 signum?»
3286 531 3403 587 Jan:
3439 533 3566 588 inde

1993 625 2160 696 igitur
2189 626 2382 681 saltem
2411 626 2465 680 in
2507 634 2684 695 parte,
2737 625 3040 680 secundum
3095 627 3331 695 priorem
3375 624 3565 678 Salva-

1991 720 2129 774 toris
2156 719 2333 774 nostri
2364 719 2431 773 ad
2463 721 2714 776 homines
2748 721 3065 783 adventum,
3099 719 3230 788 ipsis
3279 719 3452 774 oculis
3481 719 3566 773 in-

1990 819 2207 866 tuemur
2250 811 2560 867 divinorum
2615 814 2965 868 oraculorum
3019 819 3232 866 eventa.
3296 812 3565 865 Caeterum

1989 907 2178 962 eadem
2203 907 2318 961 haec
2338 908 2552 976 plenius
2594 908 2947 962 absolventur
2982 907 3036 960 in
3090 907 3331 961 secundo
3377 913 3430 960 et
3457 905 3571 975 glo-

1988 997 2398 1068 riosoejusdem
2428 999 2922 1069 adventu,quando
2965 1012 3159 1051 omnes
3191 1003 3380 1067 gentes
3425 995 3571 1050 vide-

1990 1092 2127 1147 bunt
2180 1093 2412 1164 gloriam
2439 1092 2589 1162 ejus,
2636 1094 3053 1161 venientemque
3099 1091 3276 1161 ipsum
3309 1089 3376 1144 de
3423 1089 3566 1144 caelo

1990 1198 2114 1238 cum
2144 1184 2305 1255 307
2338 1193 2608 1254 potestate
2635 1195 2688 1240 et
2735 1185 2908 1255 gloria
2961 1185 3152 1238 multa.
3187 1181 3399 1236 Referri
3434 1194 3565 1235 vero

1990 1275 2057 1329 ad
2089 1277 2219 1331 illud
2243 1286 2457 1348 tempus
2492 1281 2652 1333 etiam
2681 1278 2888 1348 reliqua
2924 1284 3180 1346 poterunt
3208 1290 3328 1344 quae
3358 1274 3414 1327 in
3448 1273 3566 1342 ipso

1988 1367 2212 1422 oraculo
2239 1368 2498 1439 praedicta
2534 1379 2681 1434 sunt,
2714 1366 3176 1438 quemadmodum
3209 1361 3433 1434 quidem
3462 1375 3567 1416 nos

1987 1459 2209 1529 pmprio
2236 1468 2399 1532 atque
2414 1461 2542 1516 huic
2568 1461 2644 1516 rei
2667 1462 2847 1516 dicato
2865 1475 3030 1530 opere
3047 1457 3319 1514 ostensuri
3353 1469 3565 1510 sumus.

1969 1554 2124 1622 .Cum
2159 1554 2325 1625 igitur
2353 1556 2419 1611 ad
2451 1556 2596 1610 hunc
2619 1571 2794 1626 usque
2849 1557 3027 1610 locum
3085 1554 3201 1610 haec
3239 1563 3349 1607 tam
3393 1552 3565 1605 multa

1989 1647 2391 1717 collegerimus,
2433 1649 2501 1705 de
2523 1665 2588 1705 eo
2616 1689 2630 1712 ,
2662 1648 2754 1720 qui
2798 1649 2926 1703 olim
2973 1648 3270 1703 cauebatur
3321 1643 3562 1704 futurus,

1991 1737 2085 1794 Dei
2117 1740 2184 1794 ad
2221 1739 2471 1796 homines
2509 1743 2764 1807 adventu,
2794 1741 3048 1812 sequitur
3076 1749 3136 1796 ut
3189 1739 3275 1794 his
3302 1736 3566 1806 adjunga-

293 1841 437 1880 mus
454 1827 704 1898 quisnam
726 1828 1197 1886 modusiniisdem
1236 1833 1475 1887 oraculis
1524 1831 1907 1903 praadiceretur
1943 1833 2160 1892 futurus
2218 1839 2418 1909 prioris
2458 1838 2702 1908 ejusdem
2753 1837 2821 1893 ad
2862 1838 3158 1893 humanam
3178 1835 3347 1890 vitam
3379 1843 3566 1886 acres-

281 1935 428 1976 '5lls.

1383 2278 2474 2450 ΕΥΣΕΒΙΟΥ

1494 2557 1721 2644 ΤΟΥ
1756 2551 2360 2644 ΠΑΜΦΙΛΟΥ

748 2749 1919 2884 ΕΥΑΓΓΕΛΙΚΗΣ
2000 2742 3092 2883 ΑΠΟΔΕΙΞΕΩΣ

1408 2991 1846 3081 ΒΙΒΛΙΟΝ
1891 2986 2452 3079 ΕΒΔΟΜΟΝ.

1032 3349 1789 3510 EUSEBII
1892 3347 2813 3503 PAMPHILI

615 3644 2114 3776 DEMONSTBATIONIS
2193 3643 3256 3777 EVANGELICAS

1395 3899 1756 3990 LIBER
1831 3898 2460 3989 SEPTIMUS.

297 4161 474 4216 ΤΑΔΕ
518 4162 839 4216 ΕΝΕΣΤΙΝ
883 4162 985 4216 ΕΝ
1039 4162 1120 4232 Τῼ
1154 4162 1444 4232 ΕΒΔΟΜῼ
1483 4163 1870 4215 ΣΥΓΓΡΑΜ-
1902 4167 1944 4222 Β
1986 4160 2091 4232 3ο

367 4236 552 4289 ΜΑΤΙ
631 4235 770 4286 ΤΗΣ
806 4235 1004 4287 οΠΕΡΙ
1075 4235 1215 4285 ΤΟΥ
1285 4235 1620 4287 ΣΩΤΗΡΟΣ
1661 4233 1876 4286 ΗΜΩΝ

372 4305 907 4359 ΕΥΑΓΓΕΛΙΚΗΣ
935 4302 1418 4357 ΑΠΟΔΕΙΞΕΩΣ.

294 4400 375 4449 Δ⁸.
424 4399 519 4463 Τίς
543 4399 575 4449 ὀ
594 4396 812 4463 τρόπος
837 4394 946 4462 τῆς
971 4393 1079 4448 τοῦ
1103 4393 1251 4447 Θεοῦ
1273 4396 1359 4460 εὶς
1386 4393 1726 4463 ἀνθρώπους
1751 4392 1874 4444 ἐπι-

364 4462 601 4535 δημίας,
627 4462 698 4519 ἐκ
730 4464 848 4519 τῶν
876 4463 1492 4534 ὐποσεσημειωμένων
1518 4462 1792 4533 Γραφῶν.

368 4565 438 4612 α’.
493 4557 634 4612 Ἀπὸ
659 4556 764 4610 τοῦ
800 4558 1058 4614 Ἡσαΐου.

369 4630 434 4699 β’.
489 4628 630 4682 Ἀπὸ
661 4628 766 4699 τοῦ
798 4626 1004 4699 αὑτοῦ.

371 4696 439 4768 γ’.
497 4699 637 4753 Ἀπὸ
664 4698 768 4752 τοῦ
797 4696 1002 4752 αὑτοῦ.

297 4793 371 4846 B’.
418 4791 540 4879 [ζοῦ
575 4788 681 4861 γῆς
713 4794 746 4844 ό
780 4790 1035 4860 Χριστὸς
1083 4786 1564 4860 γεννηθήσεσθαι
1613 4803 1869 4854 προερη-

367 4879 586 4917 τευετο.

370 4957 432 5008 δ’.
485 4955 629 5009 Ἀπὸ
656 4955 762 5009 τσῦ
787 4955 1030 5024 Μιχαία.

373 5033 434 5079 ε’.
486 5025 629 5080 Ἀπὸ
653 5024 759 5080 τοῦ
778 5025 1024 5096 ψαλμοῦ
1053 5025 1185 5096 ρλαῆ

301 5119 374 5172 Γ.
430 5119 552 5187 Ἀφ’
575 5120 704 5172 οἵου
730 5119 942 5188 γένους
973 5116 1443 5186 προελεύσεσθαι
1465 5110 1694 5168 ἐϐοᾶτο.

372 5217 444 5274 ς’.
500 5209 642 5262 Ἀπὸ
669 5207 778 5277 τῆς
801 5209 844 5280 β’
873 5204 1527 5280 τῶννΙΙαραλειπομὲνων.

374 5280 436 5344 ζ’.
492 5280 632 5334 Ἀπὸ
665 5279 910 5348 ψαλμοῦ
935 5279 1032 5332 οα’.

375 5350 444 5422 ῃξ.
496 5349 639 5404 Ἀπὸ
661 5350 766 5422 τοῦ
802 5351 1063 5422 Ἡσαΐου.

375 5420 440 5475 θ’.
494 5422 633 5474 Ἀπὸ
663 5420 769 5474 τοῦ
803 5421 1098 5488 Ἰερεμίου.

375 5489 428 5546 ἰ’.
482 5493 627 5548 Ἀπὸ
655 5490 765 5559 τῆς
787 5489 1114 5557 Γενέσεως.

883 5603 1282 5658 ΠΡΟΟΙΜΙΟΝ.

373 5693 507 5746 Θεὸν
534 5695 613 5758 εἰς
637 5693 954 5766 ἀνθρώπους
977 5695 1282 5764 ὰῲίξεσθαι,
1315 5695 1406 5747 καὶ
1438 5694 1533 5746 σὺν
1561 5688 1869 5763 ἀνθρώποις

303 5787 396 5844 επὶ
427 5790 526 5863 γῆς
553 5787 976 5856 πολιτεύσεσθαι,
1005 5788 1096 5842 δύο
1121 5806 1176 5842 τε
1209 5787 1382 5842 ταῦτα
1414 5787 1641 5859 μέγιστα
1661 5786 1865 5858 τεκμή-

2203 4157 2376 4212 Il/EC
2451 4155 2736 4211 INSUNT
2796 4154 2883 4208 IN
2942 4154 3269 4210 SEPTIMO
3327 4156 3546 4211 LIBRO

2058 4224 2563 4284 EVANGELlC/E
2620 4224 2720 4277 DE
2773 4224 3208 4280 SALVATORIS
3256 4227 3545 4282 NOSTRO

1951 4327 1954 4330 ~
2061 4295 2501 4351 DEMONSTRA
2516 4292 2799 4350 TIONIS.

1973 4391 2012 4444 Ι.
2051 4395 2312 4455 Quisnam
2351 4393 2537 4440 modus
2565 4402 2807 4440 accessus
2837 4385 2932 4440 Dei
2949 4386 3018 4440 ad
3047 4385 3302 4453 homines,
3327 4402 3392 4441 ea:
3418 4388 3542 4440 sub-

2043 4461 2240 4513 notatis
2266 4457 2553 4527 Scriptura:
2576 4457 2724 4510 locis.

2047 4553 2095 4605 1.
2133 4553 2211 4604 Ab
2240 4550 2408 4604 Isaia.

2041 4622 2077 4675 2
2121 4624 2198 4674 Ab
2222 4621 2423 4675 eodem.

2045 4693 2098 4747 5.
2123 4692 2198 4745 Ab
2216 4693 2418 4746 eodem.

1973 4782 2036 4836 ll.
2080 4780 2180 4834 Ubi
2224 4792 2485 4835 terrarum
2543 4781 2787 4838 Christus
2840 4784 3073 4838 oriturus
3118 4783 3488 4852 prwdiceretur
3516 4803 3551 4841 α

2042 4852 2327 4921 prophetis.

2044 4946 2097 4998 4.
2130 4945 2172 4997 Α
2204 4943 2450 4998 ΜίεΙιωα.

2045 5015 2097 5069 5.
2129 5016 2171 5068 Α
2198 5015 2401 5084 psalmo
2433 5031 2622 5069 cxx“.

1972 5105 2060 5160 Ill.
2093 5106 2168 5160 De
2191 5124 2292 5176 quo
2327 5124 2507 5175 genere
2530 5125 2901 5179 progressurus
2929 5119 3227 5164 caneretur.

2051 5201 2103 5254 6.
2140 5199 2213 5252 De
2245 5198 2305 5252 II
2337 5199 2812 5269 Paralipomenon.

2047 5271 2098 5326 7.
2128 5271 2169 5322 Α
2199 5273 2403 5338 psalmo
2432 5287 2580 5324 uxr.

2044 5341 2097 5396 8.
2131 5341 2209 5392 Ab
2235 5340 2406 5394 Isaia.

2044 5411 2099 5467 9.
2134 5411 2215 5464 Ab
2244 5410 2498 5465 Ieremia.

2045 5483 2135 5537 10.
2157 5485 2198 5534 Α
2239 5481 2449 5536 Genesi.

2553 5590 2969 5648 PROOEMIUM.

2041 5687 2178 5743 Cum
2201 5687 2452 5760 proximo
2481 5686 2621 5741 libro
2655 5685 2820 5739 Deum
2852 5685 2918 5740 ad
2943 5685 3190 5742 homines
3223 5694 3535 5755 venturum,

1969 5790 2177 5840 etcum
2232 5780 2545 5838 hominibus
2595 5781 2649 5835 in
2705 5788 2850 5835 terra
2907 5788 3272 5847 versaturum,
3317 5779 3535 5850 duoque
