4080 6416
507 290 521 308 '
576 304 684 365 κίε-ι

536 765 549 807 l

560 4700 714 4744 rum.
741 4690 796 4739 et
841 4682 1128 4737 dicebant:
1163 4679 1417 4743 Sanctus,
1457 4687 1682 4736 sanctus
1705 4720 1721 4745 ,
1758 4690 1981 4736 sanctus
2029 4680 2137 4737 Do-

1254 307 1523 365 EUSEBll
1559 309 2040 370 CxESARlENSlS
2079 312 2230 374 OPP.
2265 315 2469 377 PARS.
2512 320 2581 378 Il.
2615 350 2684 366 --
2722 322 3223 381 APOLOGETlCA.
3267 383 3273 391 ,
3722 330 3823 387 ιεδ

590 437 705 494 haec
723 435 955 491 maxima
986 433 1139 505 signa
1174 431 1321 488 illius
1372 432 1639 489 adventus
1663 434 1845 490 futura
1872 453 1885 488 :
1911 442 2142 506 gentium

2263 458 2357 513 ρια
2382 443 2481 516 τῆς
2504 444 2667 499 αὐτοῦ
2684 444 2994 519 παρουσίας
3025 442 3243 497 ἔσεσθαι
3260 459 3273 474 ·
3302 441 3494 514 κλῆσιν
3520 443 3610 498 ἐπ’
3626 445 3827 520 ἀναλή-

586 545 688 600 per
713 536 885 583 totum
922 525 1107 580 orbem
1156 524 1221 579 ad
1250 525 1617 594 accipiendam
1658 542 1842 582 veram
1870 527 1963 584 Dei
2005 530 2142 587 noti-

2253 535 2344 600 ψει
2370 536 2468 607 τῆς
2495 537 2726 610 ἀληθοῦς
2756 537 3082 608 θεογνωσίας
3112 536 3220 590 τῶν
3248 531 3349 591 ἀνὰ
3375 535 3473 609 τὴν
3506 532 3821 613 οἰκουμένηκ

587 621 740 683 tiam,
783 616 1146 677 vocationem,
1182 623 1235 669 et
1257 607 1497 669 Iudaica:
1530 616 1706 685 gentis
1731 624 1950 688 propter
1980 619 2142 675 incre-

2255 626 2443 693 ὲθνῶν,
2469 607 2782 683 ἀπόπτωσιν
2818 607 2878 683 τε
2908 631 3003 683 καὶ
3034 626 3268 702 ἐρημίαν
3300 607 3508 702 διὰ
3551 631 3632 695 είς
3665 607 3829 688 αὐτόν

582 707 868 763 dulitatem
896 705 950 759 in
984 704 1158 768 illum,
1186 702 1403 758 ruinam
1432 718 1497 759 ac
1531 706 1904 771 solitudinem,
1935 723 2001 763 ex
2028 724 2142 779 pro-

2253 719 2510 773 ἀπιστίαν
2554 719 2646 773 τοῦ
2688 716 2954 775 Ἰουδαίων
3004 719 3207 785 ἔθνους,
3247 721 3305 774 ἐν
3354 720 3432 792 τῷ
3486 720 3591 795 πρὸ
3640 723 3827 779 τούτου

584 798 817 871 pbeticis
846 797 1071 852 vocibus
1095 793 1473 864 didicerimus,
1512 796 1826 868 ibidemque
1850 793 2142 869 inspexeri-

2255 813 2642 885 συγγράμματι
2669 813 2756 875 δ,ιά
2780 814 2888 867 τῶν
2917 813 3267 887 προφητικῶν
3293 806 3482 883 φωνῶν
3515 793 3829 888 μεμαθηκό-

582 903 728 952 mus,
784 885 948 957 309
993 901 1154 957 quem
1204 885 1422 942 tandem
1471 887 1691 942 exitum
1752 886 2060 944 invenerint
2090 905 2154 944 ea
2252 918 2365 966 τες,
2393 900 2819 975 ἐπισκεψάμενοι
2862 920 2921 957 τε
2962 885 3110 957 ﬁxura;
3142 902 3201 958 τὸ
3238 900 3369 959 αὐτὸ
3415 885 3600 959 ὁποῖοι,
3641 885 3827 975 τέῖζους

580 994 705 1052 quae
725 979 981 1049 praedicta
1013 980 1257 1039 fuerant.
1282 979 1398 1049 ipse
1428 978 1686 1050 deinceps
1717 978 1928 1044 ordine,
1965 980 2017 1035 in
2051 980 2142 1036 hor

2253 992 2409 1064 ἔτυχε
2465 993 2534 1048 τά
2578 995 3046 1068 προηγορευμένα,
3096 994 3223 1067 ἑξῆς
3267 996 3362 1050 καὶ
3410 996 3719 1062 ἀκολούθως
3768 996 3825 1057 ιν

582 1070 816 1141 septimo
840 1068 1164 1141 Evangelicw
1201 1065 1683 1126 Demonstrationis
1718 1071 2010 1137 volumine,
2037 1087 2142 1126 mu-

2254 1081 2465 1154 ὲὸδόμῳ
2484 1065 2656 1155 τούτω
2686 1065 3076 1157 συγγράμματι
3103 1065 3204 1156 τῆς
3220 1085 3635 1156 Εὑαγγελικῆς
3670 1088 3827 1144 Ἀπο-

578 1161 714 1218 dum
745 1164 1100 1235 contemplari
1153 1165 1497 1232 conabimur,
1548 1163 1850 1220 secundUm
1896 1181 2055 1235 quem
2080 1166 2142 1219 all

2252 1174 2495 1243 δείξεως
2531 1176 2621 1229 τὸν
2648 1176 2845 1248 τρόπον
2875 1177 3240 1249 ἐπιθεωρῆσαι
3272 1177 3666 1250 πειρασόμεθα,
3702 1179 3822 1236 καθ’

581 1268 644 1312 se
659 1255 727 1310 ad
748 1255 998 1312 homines
1017 1259 1425 1330 commigrasse.
1471 1256 1590 1313 Jam
1624 1257 1749 1314 inde
1778 1259 1943 1330 igitur
1970 1260 2142 1315 videa-

2253 1266 2311 1320 6v
2338 1285 2501 1339 φησιν
2523 1268 2685 1322 αὑτὸν
2716 1270 2813 1340 τὴν
2846 1267 2925 1332 είς
2947 1268 3265 1342 ἀνθρώπους
3293 1269 3622 1341 ποιήσασθαι
3656 1271 3823 1344 πάροι

580 1360 728 1408 mus.
770 1347 1022 1418 quisnam
1055 1349 1249 1405 modus
1296 1348 1389 1405 Dei
1423 1351 1491 1406 ad
1532 1350 1784 1407 homines
1814 1352 2142 1422 migrationis

2252 1359 2363 1416 δον.
2397 1360 2532 1431 Φέρε
2567 1357 2660 1415 οὖν
2703 1361 2947 1415 ἐντεῦθεν
2987 1361 3087 1434 ήδη
3116 1363 3493 1435 σκοπήσωμεν,
3527 1363 3711 1427 ὁποῖός
3742 1381 3823 1431 τις

579 1450 870 1495 caneretur
893 1439 1133 1509 futurus,
1154 1452 1207 1497 et
1238 1442 1455 1497 ubinam
1481 1444 1723 1514 gentium
1752 1444 1994 1500 oriturns
2016 1460 2142 1515 prae‘

2252 1452 2281 1504 6
2308 1454 2504 1525 τρόπος
2532 1453 2748 1507 ἔσεσθαι
2776 1452 2874 1525 τῆς
2900 1452 2993 1508 τοῦ
3022 1454 3155 1508 Θεοῦ
3187 1456 3267 1518 εἰς
3289 1454 3606 1527 ἀνθρώπους
3639 1457 3826 1529 ὲπιόηο

580 1528 875 1594 diceretur,
914 1538 968 1584 et
996 1529 1065 1585 de
1088 1546 1197 1601 quo
1220 1546 1418 1601 genere
1459 1532 1809 1604 profecturus
1835 1543 2142 1589 sanctorum

2256 1542 2383 1615 μίας
2413 1539 2745 1610 ἑθεσπίζετο,
2777 1545 2871 1599 καὶ
2917 1544 3020 1598 ποῦ
3066 1544 3169 1617 γῆς
3213 1546 3643 1617 γεννηθήσεσθαι
3684 1528 3823 1621 προ-

582 1617 863 1677 hominum
893 1622 1118 1679 vocibus
1150 1621 1400 1679 ferretur.

2252 1636 2581 1707 εκηρύττετο
2607 1676 2622 1701 ,
2670 1635 2777 1690 ἀπὸ
2842 1637 2995 1691 ποίου
3040 1652 3101 1691 τε
3161 1641 3352 1707 γένους
3398 1617 3820 1710 προελεύσεσθαι

2254 1724 2464 1782 ὲὸοᾶτο.

1210 1839 1437 1896 CAPUT
1475 1839 1516 1896 Ι.

2779 1842 3170 1900 ΚΕΦΑΛΔΙΟΝ
3208 1840 3284 1899 Λ’.

581 1953 663 2008 Ab
695 1951 864 2009 Isaia.
911 1984 982 1994 —
1015 1953 1273 2020 Quisnam
1309 1957 1495 2010 modus
1543 1971 1783 2011 accessus
1814 1951 2027 2009 Domini
2081 1958 2142 2010 ad

2264 1930 2396 1987 Ἀπὸ
2422 1932 2526 1987 τοῦ
2558 1928 3006 2022 Ἠσςαΐσικῗιΐίς
3029 1939 3062 1990 ό
3089 1938 3307 2022 τρόπος
3329 1934 3438 2022 τῆς
3465 1937 3570 1991 τοῦ
3594 1938 3817 2008 Κυρίου

1233 2025 1485 2080 homines.

2612 2007 2699 2070 εὶς
2729 2006 3074 2074 ἀνθρώπους
3104 2007 3443 2076 ἐπιδημίας.

2320 2094 2629 2166 Πρόρρησις
2652 2096 2749 2165 τῆς
2775 2097 2856 2159 είς
2878 2097 3109 2168 Χριστὸν
3140 2099 3399 2163 ἀπιστίας
3425 2100 3519 2153 τοῦ
3551 2101 3821 2156 Ἰουδαίων

2251 2185 2451 2251 ἔθνους,
2476 2186 2569 2241 καὶ
2593 2191 2815 2259 σημεῖον
2838 2183 3019 2253 αὐτοῖς
3038 2184 3145 2244 ἀπὸ
3167 2190 3371 2261 Κυρίου
3394 2184 3688 2263 διδόμενον.
3712 2187 3821 2247 Ἦν

2249 2278 2306 2332 δὲ
2332 2279 2510 2333 τοῦτο·
2562 2280 2835 2353 Παρθένος
2862 2282 2994 2335 Θεὸν
3032 2283 3294 2350 γεννῶσα,
3327 2285 3413 2354 ἐφ’
3434 2279 3495 2338 οὗ
3513 2289 3580 2356 τῇ
3606 2286 3820 2354 γενέσει

2251 2370 2563 2443 καθαίρεσις
2583 2372 2847 2443 παντελὴς
2866 2373 2959 2426 τοῦ
2999 2373 3263 2427 Ἰουδαίων
3276 2374 3461 2440 ἔθνους
3481 2376 3819 2443 ὲθεσπίζετο,

652 2113 939 2171 Praedictio
989 2113 1302 2171 Judaaorum
1356 2116 1751 2171 incredulitatis
1800 2132 1928 2188 erga
1995 2119 2152 2173 Chri-

581 2214 751 2275 stum,
779 2212 833 2263 et
866 2208 1083 2278 signum
1124 2207 1205 2263 eis
1251 2223 1283 2261 a
1317 2206 1543 2262 Domino
1572 2207 1778 2263 datum.
1812 2207 1936 2264 Fuit
1969 2220 2148 2266 autem

580 2298 716 2356 Illud
742 2318 756 2354 :
787 2298 953 2371 Virgo
978 2315 1244 2370 generans
1270 2298 1437 2354 Deum
1461 2318 1476 2368 ;
1519 2301 1623 2356 sub
1650 2302 1811 2369 cujus
1840 2304 2150 2373 generatio-

580 2408 653 2450 ne
680 2392 1005 2448 universalis
1020 2390 1333 2446 Iudaeorum
1356 2392 1596 2448 nationis
1626 2395 1876 2464 purgatio
1909 2396 2148 2451 caneba-

580 2490 708 2551 tur;
737 2491 791 2539 et
814 2482 958 2539 sicut
1000 2483 1210 2539 externi
1264 2490 1320 2539 et
1366 2483 1557 2540 hostes
1605 2486 1882 2555 regionem
1930 2486 2148 2541 illorum

578 2576 950 2647 occupabunt,
985 2582 1039 2630 et
1069 2574 1529 2645 quemadmodum
1564 2590 1686 2645 qua:
1713 2583 1841 2630 ante
1872 2574 2148 2631 desertum

580 2668 717 2733 fuit,
767 2669 1153 2740 agriculturam
1225 2668 1415 2723 sortita
1460 2667 1721 2731 divinam,
1753 2666 1984 2722 fecunda
2018 2669 2140 2723 erit.

578 2757 822 2815 Ecclesia
848 2774 913 2814 ex
942 2759 1194 2830 gentibus
1223 2759 1449 2814 collecta
1488 2758 1635 2813 hunc
1681 2758 2001 2814 ostendente
2031 2772 2148 2812 mo-

576 2848 710 2905 dum
746 2850 1201 2919 quemadmodum
1241 2848 1459 2904 divinus
1493 2849 1825 2918 evangelista
1870 2847 2144 2915 Joannes,

577 2941 703 3012 plus
731 2956 893 3012 quam
930 2941 1166 2995 humana
1204 2954 1337 2996 voce
1376 2941 1443 2995 de
1494 2940 1774 2997 Salvatore
1814 2956 1879 2995 ac
1919 2942 2146 2997 Domino

2250 2464 2343 2515 καὶ
2365 2460 2438 2526 ὡς
2467 2463 2748 2532 ἀλλόφυλοι
2766 2466 2856 2518 καὶ
2886 2466 3129 2537 πολέμιοι
3149 2466 3247 2538 τὴν
3277 2466 3458 2539 χώραν
3473 2468 3653 2523 αὐτῶν
3683 2469 3816 2524 καθ-

2249 2554 2449 2620 έξουσι,
2499 2556 2593 2609 καὶ
2628 2556 2705 2619 ὡς
2743 2557 2776 2627 ὴ
2816 2558 2941 2627 πρὶν
2987 2556 3192 2629 ἔρημος
3237 2559 3336 2629 τῆς
3365 2557 3549 2612 ἐνθέου
3576 2559 3818 2630 τυχοῦσα

2246 2647 2539 2717 γεωργίας,
2597 2647 2905 2721 εὐφορήσει·
2960 2649 3061 2720 τῆς
3115 2647 3175 2713 se
3241 2649 3410 2703 ἐθνῶν
3494 2650 3821 2723 Ἐκκλησίας

2245 2739 2435 2793 τοῦτον
2475 2738 2809 2811 δηλουμένης
2850 2740 2942 2793 τὸν
2983 2740 3200 2810 τρόπον·
3236 2740 3424 2814 ῶσπερ
3456 2744 3485 2795 6
3515 2742 3821 2814 θαυμάσιος

2247 2829 2632 2901 εὐαγγελιστὴς
2688 2831 2957 2902 Ἰωάννης,
3010 2830 3212 2903 μείζονι
3345 2833 3487 2887 κατὰ
3532 2833 3819 2907 ἄνθρωπον

2250 2922 2626 2994 μεγαλοφωνίᾳ
2661 2922 2753 2976 τὸν
2812 2924 3036 2994 Σωτῆρα
3090 2926 3183 2977 καὶ
3241 2920 3444 2997 Κύριον
3483 2926 3641 2998 ήμῶν
3692 2926 3817 2981 θεοί

577 3042 804 3099 nostro,
840 3033 908 3089 de
935 3033 1075 3102 ipso,
1106 3032 1350 3102 inquam,
1382 3030 1476 3086 Dei
1510 3030 1688 3087 Verbo
1729 3033 2029 3096 disserens,
2055 3048 2142 3089 sa-

2245 3012 2441 3082 λογῶν,
2474 3014 2635 3067 αὑτὸν
2673 3014 2737 3086 δὴ
2775 3016 2864 3068 τὸν
2901 3016 2994 3068 τοῦ
3038 3016 3171 3070 Θεοῦ
3212 3017 3402 3086 Λόγον,
3435 3018 3535 3089 τῆς
3565 3035 3630 3088 γε
3669 3020 3820 3092 ἱερᾶς

575 3138 837 3194 eramque
882 3101 1029 3179 illius
1067 3101 1404 3192 Scripturam
1452 3122 1931 3192 narrationemque
1961 3137 2142 3194 aggre-

2247 3101 2468 3175 Γραφῆς
2486 3102 2648 3156 αὑτοῦ
2670 3105 3063 3176 ἀπαρχόμενος,
3085 3106 3219 3178 ὁμοῦ
3240 3110 3304 3179 τῇ
3331 3107 3578 3181 θεολογιᾳ
3605 3111 3699 3164 καὶ
3720 3110 3821 3182 τὴν

576 3193 772 3281 diens,
803 3231 911 3270 una
941 3230 1065 3270 cum
1097 3214 1215 3285 ipsa
1248 3212 1315 3268 de
1345 3213 1436 3267 illa
1470 3213 1741 3283 theologia
1787 3213 2031 3283 ejusdem
2076 3213 2142 3268 ad

2247 3193 2508 3266 ἐνσαρκον
2528 3196 2693 3248 αὑτοῦ
2716 3198 2797 3261 είς
2816 3197 2912 3250 ἀνθ
2921 3196 3133 3270 ρώπους
3154 3200 3481 3272 παρίστησιν
3500 3201 3659 3273 ὲπιδη
3668 3202 3815 3273 μίαν·

575 3308 825 3364 homines
852 3322 1157 3368 accessum,
1179 3320 1275 3375 per
1303 3311 1643 3373 assumptum
1670 3319 1873 3375 corpus
1899 3308 2142 3374 exponit,

2251 3306 2270 3339 ι
2304 3287 2391 3340 Ἐν
2421 3288 2562 3360 ἀρχῇ
2586 3284 2652 3360 ῆν
2671 3291 2700 3342 6
2721 3289 2909 3359 Λόγος,
2939 3289 3032 3342 καὶ
3056 3292 3084 3343 6
3103 3290 3273 3360 Λόγος
3291 3288 3360 3363 ἦν
3386 3290 3523 3364 πρὸς
3552 3292 3645 3347 τὸν
3662 3294 3820 3362 Θεὸν,

574 3402 658 3458 sie
683 3399 910 3456 dicens:
946 3418 966 3469 ς
1005 3399 1066 3455 In
1098 3397 1366 3469 principio
1394 3406 1511 3452 erat
1535 3396 1793 3461 Verbum,
1819 3408 1873 3452 et
1905 3395 2142 3453 Verbum

2245 3381 2341 3435 καὶ
2356 3380 2489 3445 Θεὸς
2512 3377 2582 3453 ῆν
2610 3384 2638 3435 6
2659 3381 2848 3451 Λόγος.
2875 3379 3042 3447 Οὗτος
3060 3380 3128 3455 ἦν
3146 3386 3204 3437 ὲν
3224 3385 3364 3456 ἀρχῇ
3391 3385 3528 3457 πρὸς
3550 3386 3643 3440 τὸν
3663 3386 3817 3441 Θεόν·

573 3500 692 3548 erat
717 3490 860 3563 apud
889 3489 1088 3554 Deum,
1139 3497 1194 3545 et
1228 3488 1368 3545 Deus
1428 3498 1546 3545 erat
1582 3487 1819 3544 Verbum
1875 3490 1940 3543 “.
1984 3508 2002 3542 ι
2031 3489 2142 3545 Hoc

2246 3474 2423 3528 πάντα
2451 3473 2520 3528 δι’
2547 3473 2711 3528 αὐτοῦ
2746 3474 2979 3543 ἐγένετο,
3018 3496 3037 3528 ι
3084 3478 3280 3546 φήσας·
3319 3476 3527 3542 τούτοις
3557 3478 3684 3550 ἑξῆς
3716 3482 3817 3533 ἑπ-

573 3591 695 3638 erat
721 3581 777 3637 in
798 3581 1066 3653 principio
1090 3580 1233 3651 apud
1261 3580 1429 3635 Deum
1450 3620 1465 3645 ,
1518 3580 1701 3635 omnia
1729 3596 1826 3650 per
1855 3581 2031 3650 ipsum
2064 3581 2142 3636 la-

2244 3568 2414 3636 ἀγων·
2439 3586 2458 3618 ι
2486 3568 2594 3620 Kal
2627 3568 2655 3620 6
2679 3567 2847 3637 Λόγος
2880 3567 3013 3638 σὰρξ
3044 3568 3277 3636 ἐγένετο,
3307 3570 3401 3623 καὶ
3418 3570 3725 3642 ἐσκήνωσεν
3756 3573 3818 3625 ὲν

573 3684 663 3729 cta
677 3680 806 3730 sunt
843 3691 860 3729 :
910 3680 1075 3741 atque
1099 3672 1184 3727 his
1212 3671 1468 3741 deinceps
1503 3670 1842 3742 adjungens:
1882 3690 1901 3722 ι
1925 3671 1986 3724 Ει
2013 3671 2142 3728 Ver-

2244 3660 2396 3729 ἡμῖν.
2436 3678 2454 3710 ι
2479 3659 2582 3712 Τὸν
2614 3658 2776 3712 αὑτὸν
2800 3658 2864 3729 δὴ
2889 3659 3089 3730 τρόπον
3119 3656 3214 3713 καὶ
3240 3661 3268 3713 6
3295 3658 3579 3725 θεσπέσιος
3605 3665 3819 3734 προφή..

574 3767 705 3823 bum
733 3780 864 3820 caro
894 3764 1095 3819 factum
1127 3771 1231 3827 est,
1261 3771 1314 3818 et
1333 3763 1597 3817 habitavit
1633 3762 1689 3817 in
1712 3762 1870 3818 nobis
1905 3762 1971 3818 ³³.
2013 3782 2032 3815 ι
2067 3762 2142 3818 Ita

2244 3767 2342 3822 της
2378 3749 2510 3803 Θεοῦ
2545 3752 2609 3803 ὲκ
2646 3749 2923 3822 Παρθένου
2953 3750 3345 3821 γεγεννημένον
3377 3750 3586 3822 μέλλων
3611 3753 3821 3824 ἀνακη⁶

2247 3842 2478 3914 ρύττειν,
2502 3843 2599 3916 τὴν
2628 3843 2835 3908 ἔνδοξον
2866 3844 3029 3897 αὑτοῦ
3057 3843 3337 3898 θεοπτείαν
3364 3843 3686 3916 προθεωρεῖ,
3712 3839 3815 3899 ὦδε

2242 3936 2343 4008 τὴν
2371 3935 2646 4004 θεολογίαν
2688 3933 3039 4006 ὑπογράφων·
3076 3952 3095 3986 ι
3132 3931 3285 3988 Εἶδον
3325 3935 3418 3989 τὸν
3460 3933 3664 4006 Κύριον
3705 3936 3813 3989 Σα-

2243 4025 2391 4080 ϐαὼθ
2424 4026 2729 4098 καθήμενον
2760 4026 2854 4079 ἐπὶ
2887 4025 3078 4096 θρόνου
3114 4023 3320 4096 ὑψηλοῦ
3354 4026 3448 4079 καὶ
3474 4026 3810 4097 ἐπηρμένω,

2244 4118 2337 4171 καὶ
2369 4118 2581 4190 πλήρης
2619 4119 2649 4171 6
2690 4111 2838 4180 οἶκος
2878 4116 2979 4187 τῆς
3007 4115 3165 4188 δόξης
3210 4115 3398 4181 αὑτοῦ,
3435 4117 3530 4170 καὶ
3567 4118 3814 4188 σεραφὶμ

2242 4209 2587 4280 εἱστήκεισαν
2608 4205 2791 4277 κύκλῳ
2819 4206 3003 4259 αὐτοῦ·
3028 4205 3088 4269 ἓξ
3115 4206 3383 4277 πτέρυγες
3402 4206 3480 4277 τῷ
3503 4207 3602 4271 ἑνὶ,
3631 4208 3728 4261 καὶ
3751 4209 3813 4275 ἐξ

572 3858 760 3914 divino
788 3857 994 3928 Spiritu
1031 3855 1242 3911 amatus
1271 3854 1554 3926 propheta,
1577 3870 1702 3910 cum
1733 3853 1903 3910 Deum
1930 3855 1997 3910 de
2023 3853 2146 3908 Viro

571 3948 697 4022 gine
745 3947 989 4019 genitum
1052 3953 1199 4002 esset
1252 3946 1633 4007 nuntiaturus,
1667 3945 1928 4000 visionem
1983 3955 2143 4000 antea

571 4039 865 4111 quamdam
932 4037 1079 4091 illius
1142 4037 1328 4108 gloriae
1383 4036 1821 4106 contemplatur,
1871 4038 2141 4108 talemque

570 4132 897 4204 theologiam
925 4132 1222 4188 describit:
1267 4150 1285 4183 ι
1322 4129 1446 4185 Vidi
1476 4129 1762 4186 Dominum
1793 4129 2026 4187 Sabaoth
2055 4147 2142 4188 se-

569 4228 787 4285 dentem
812 4241 975 4296 super
1007 4226 1146 4280 solio
1174 4225 1391 4280 excelso
1414 4231 1468 4278 et
1496 4223 1735 4287 sublimi,
1765 4231 1817 4278 et
1840 4224 1996 4294 plena
2024 4231 2141 4279 erat

568 4319 765 4376 domus
793 4317 965 4391 gloria
997 4317 1205 4387 ejus,et
1228 4316 1500 4386 seraphim
1518 4315 1736 4370 stabant
1756 4316 1963 4370 circum
1993 4330 2138 4383 eum,

2244 4299 2512 4371 πτέρυγες
2541 4298 2619 4368 τῷ
2655 4298 2733 4351 ἐνί
2753 4315 2767 4328 ·
2810 4298 2901 4350 καὶ
2942 4300 3062 4361 ταῖς
3106 4297 3202 4368 μὲν
3235 4297 3388 4351 δυσὶν
3423 4298 3722 4352 ἐκάλυπτον
3747 4297 3813 4353 τὸ

568 4422 669 4465 sex
696 4388 940 4472 alaavuni,
967 4412 1022 4461 et
1068 4421 1165 4461 sex
1194 4406 1293 4460 ala:
1329 4406 1519 4469 alteri,
1563 4412 1618 4460 et
1664 4404 1877 4460 duabus
1918 4406 2134 4475 quidem

2244 4391 2550 4462 πρόσωπον,
2595 4392 2715 4453 ταῖς
2750 4389 2807 4443 δὲ
2851 4389 2970 4442 δυσὶ
3012 4389 3417 4442 κατεκάλυπτον
3450 4392 3579 4453 τοὺς
3619 4388 3807 4455 πόδας·

568 4501 825 4573 tegebant
854 4469 1067 4564 faciem,
1102 4498 1313 4553 duabus
1342 4502 1522 4552 autem
1550 4497 1803 4552 velabant
1854 4469 2016 4568 pedes
2036 4539 2050 4560 ,
2081 4505 2136 4553 et

2244 4487 2357 4546 ταῖς
2390 4483 2446 4536 δὲ
2483 4485 2633 4536 δυσὶν
2674 4483 2952 4537 ὲπέταντο.
2990 4484 3097 4536 Καὶ
3126 4483 3424 4554 ὲκέκραγον
3456 4482 3642 4554 ἔτερος
3671 4479 3811 4556 πρὸς

567 4572 784 4648 duabus
817 4591 1109 4653 volabant,
1146 4597 1200 4644 et
1225 4590 1388 4662 διο
1413 4590 1721 4644 clamabant
1745 4589 1881 4645 alter
1910 4593 1977 4644 ad
2000 4591 2137 4645 alte-

2244 4576 2328 4629 τὸν
2361 4575 2565 4647 ἕτερον,
2595 4576 2685 4628 καὶ
2711 4573 2913 4642 ἔλεγον·
2944 4574 3148 4642 Ἄγιος,
3184 4572 3355 4641 ἅγιος,
3396 4572 3569 4641 ἀγιος,
3606 4572 3810 4646 Κύριος

2238 4666 2486 4730 Σαϐαὼθ,
2520 4666 2731 4737 πλήρης
2761 4667 2909 4719 πᾶσα
2948 4667 2981 4735 ή
3016 4666 3088 4733 γῆ
3118 4666 3218 4735 τῆς
3242 4663 3399 4734 δόξης
3427 4664 3612 4718 αὐτοῦ.
3648 4685 3666 4717 ι
3696 4666 3809 4719 Καὶ

569 4777 751 4833 minus
809 4772 1048 4829 Sabaoth
1077 4814 1092 4838 ,
1154 4773 1313 4843 plena
1377 4780 1461 4829 est
1516 4774 1695 4828 omnis
1759 4781 1903 4827 terra
1967 4774 2136 4843 gloria

2244 4758 2364 4828 ἑξῆς
2407 4755 2666 4824 ἐπιλέγει·
2712 4774 2730 4805 ι
2769 4756 2877 4807 Καὶ
2908 4756 3117 4824 ἥκουσα
3143 4754 3239 4823 τῆς
3271 4753 3453 4824 φωνῆς
3482 4754 3687 4825 Κυρίου
3715 4753 3808 4806 λέ-

566 4866 689 4936 ejus
711 4866 778 4920 “.
818 4886 835 4918 ι
869 4863 934 4918 Et
963 4841 1217 4934 deinceps
1241 4862 1525 4933 adiungit:
1562 4881 1581 4913 ι
1622 4862 1688 4917 Et
1724 4862 1903 4917 audivi
1948 4841 2134 4918 vocem

2244 4864 2459 4919 γοντος·
2506 4846 2639 4900 Τίνα
2681 4844 2983 4908 ἀποστελῶ,
3044 4844 3137 4897 καὶ
3176 4844 3259 4906 τίς
3296 4841 3618 4913 πορεύσεται
3670 4841 3809 4914 πρὸς

568 4930 784 5012 όοωίηἰ
811 4956 1079 5011 dicentis:
1107 4930 1279 5020 Qliem
1310 4930 1553 5018 mittam,
1588 4960 1642 5008 et
1667 4952 1793 5024 quis
1822 4953 1920 5008 ibit
1948 4953 2015 5007 ad
2046 4970 2138 5025 po-

2244 4942 2322 4994 τὸν
2361 4940 2484 4993 λαὸν
2512 4938 2730 5004 τοῦτον;
2766 4936 2876 4990 Kal.
2911 4930 3059 4989 εἶπα·
3101 4931 3230 4987 ’ἰδοῦ
3254 4932 3363 5002 ἐγώ
3388 4934 3523 5003 εἰμι,
3552 4934 3812 4990 ἀπόστει-

568 5048 755 5120 pulum
784 5047 952 5101 hunc.
977 5044 1043 5099 Et
1065 5046 1177 5100 dixi
1207 5064 1220 5100 :
1256 5043 1394 5099 Ecce
1421 5060 1542 5114 ego.
1576 5044 1731 5099 mitte
1760 5059 1864 5098 me.
1903 5043 1967 5096 Et
1998 5023 2135 5097 dixit

2244 5033 2321 5087 lév
2353 5049 2440 5104 με.
2470 5032 2575 5084 Kal.
2601 5026 2722 5084 εἷπε
2755 5029 2893 5101 πρὸς
2915 5027 3003 5100 μέ·
3039 5024 3359 5098 Πορεύθητι,
3405 5026 3498 5077 καὶ
3545 5024 3696 5077 εἰπὸν
3728 5023 3804 5097 τῷ

567 5116 639 5195 ad
673 5156 794 5196 me:
843 5138 1018 5207 Vade,
1052 5147 1107 5195 et
1130 5139 1219 5194 die
1263 5139 1461 5208 populo
1506 5139 1633 5192 huic
1664 5157 1677 5192 :
1715 5137 1917 5192 Auditu
1950 5136 2136 5193 audie-

2244 5126 2346 5198 λαῷ
2372 5124 2566 5195 τούτῳ·
2606 5124 2766 5195 Ἀκοῇ
2811 5121 3093 5183 ἀκούσετε,
3125 5118 3219 5172 καὶ
3245 5118 3305 5170 ού
3342 5117 3416 5188 μὴ
3456 5116 3675 5187 συνῆτε,
3712 5118 3807 5171 καὶ

566 5231 662 5297 tis,
689 5238 745 5286 et
772 5247 883 5287 non
909 5232 1261 5303 intelligetis:
1295 5242 1349 5286 et
1372 5231 1646 5286 intuentes
1680 5229 2050 5293 intuebimini.
2082 5239 2137 5285 et

2244 5220 2519 5291 βλέποντες
2545 5215 2786 5286 βλέψετε,
2818 5215 2912 5267 καὶ
2942 5212 3001 5265 οὐ
3039 5211 3112 5282 μὴ
3150 5210 3314 5280 ἴδητε.
3353 5208 3666 5280 Ἐπαχύνθη
3695 5209 3806 5281 γὰρ

568 5331 680 5372 non
702 5317 976 5375 videbitis.
997 5299 1256 5373 Crassum
1286 5317 1430 5374 enim
1466 5317 1669 5373 factum
1701 5326 1786 5374 est
1809 5333 1905 5374 cor
1944 5321 2129 5391 populi

2244 5315 2270 5384 ή
2293 5310 2483 5384 καρδία
2503 5308 2596 5362 τοῦ
2616 5306 2745 5361 λαοῦ
2766 5304 2977 5369 τούτου,
3002 5306 3225 5367 καὶτοῖς
3247 5301 3379 5354 ὠσὶν
3396 5299 3575 5354 αὐτῶν
3595 5300 3807 5372 βαρέως

568 5407 734 5479 huius
755 5448 771 5475 ,
813 5420 866 5465 et
895 5410 1120 5465 auribus
1153 5411 1269 5465 suis
1296 5410 1529 5481 graviter
1558 5408 1847 5465 audierunt
1866 5450 1883 5476 ,
1914 5419 1969 5467 et
2000 5427 2130 5466 ocu-

2244 5407 2493 5477 ῆκουσαν,
2520 5402 2760 5464 καὶτοὺς
2783 5398 3091 5469 ὀφθαλμοὺς
3111 5396 3290 5452 αὐτῶν
3315 5397 3663 5468 ἐκάμμυσαν,
3701 5398 3807 5467 μή-

2236 5514 2364 5551 ποτε
2407 5495 2557 5550 ἴδωσι
2588 5495 2702 5557 τοῖς
2740 5491 3055 5562 ὀφθαλμοῖς,
3083 5491 3178 5545 καὶ
3201 5495 3315 5555 τοῖς
3340 5490 3472 5544 ώσίν
3502 5487 3805 5550 ἀκούσωσι,

568 5502 651 5560 los
697 5518 828 5559 suos
857 5505 1172 5560 clauserunt
1196 5544 1212 5571 ,
1248 5520 1317 5560 ne
1342 5505 1562 5574 quando
1588 5503 1808 5559 videant
1829 5504 2005 5560 oculis
2028 5544 2042 5569 ,
2075 5511 2130 5559 et

2234 5592 2328 5645 καὶ
2373 5590 2609 5661 ίάσωμαι
2647 5586 2857 5651 αὐτούς.
2891 5584 2999 5640 Kal.
3041 5578 3186 5639 εἶπα·
3221 5585 3365 5649 Ἕως
3408 5583 3561 5647 πότε,
3593 5579 3804 5651 Κύριε,

567 5594 735 5655 corde
758 5594 1095 5666 intelligant,
1139 5604 1197 5652 et
1220 5602 1636 5657 convertantur,
1666 5601 1729 5649 et
1774 5609 1963 5651 sanem
1996 5609 2127 5661 eos,

637 5790 862 5851 “Joan.
888 5806 927 5864 ι,
950 5793 1002 5850 t.
1077 5792 1122 5825 ι·
1149 5791 1279 5848 una.
1314 5792 1399 5847 tt.
1482 5791 1523 5823 ἰ
1559 5790 1663 5847 lsa.
1697 5805 1781 5850 vr.
1814 5790 1938 5873 ι-εη
