4080 6416
266 381 375 440 ‘89

1153 369 1801 429 DEMONSTRATlONIS
1843 350 2303 424 EVANGELICA;
2340 364 2470 421 LIB.
2511 363 2623 420 vn.

3409 361 3514 422 £90

266 501 378 554 Καὶ
402 491 578 550 εἶπενο
621 515 638 546 ‹
668 496 812 558 Ἕως
836 496 900 550 ἂν
925 494 1246 568 ἑρημωθῶσι
1273 497 1474 559 πόλεις,
1510 495 1660 564 παρὰ
1680 495 1740 547 τὸ
1768 495 1842 564 μὴ

1954 501 2001 543 r-t
2038 489 2190 545 dixi:
2225 489 2557 558 Quousque,
2593 485 2862 541 Domine?
2909 486 2970 538 Et
3005 486 3181 540 dixit:
3223 485 3401 542 Donec
3435 490 3519 540 de-

267 586 665 650 κατοικεῖσθαι,
684 588 779 638 καὶ
795 582 931 639 οἴκοι
958 586 1106 658 παρὰ
1126 586 1185 637 τὺ
1208 587 1281 656 μὴ
1303 581 1438 639 εἶναι
1468 584 1802 656 ἀνθρώπους.
1818 603 1836 634 ι

270 680 432 731 Ποῖον
473 677 532 730 δὲ
571 676 792 747 θεμιτὸν
833 677 1062 745 φάσκειν
1098 676 1189 729 τὸν
1224 678 1505 748 προφήτην
1543 676 1842 746 ἑωρακέναι

271 769 510 840 Κύριονς
543 768 578 838 ἦ
612 769 672 821 ὃν
721 770 831 830 τοῖς
883 767 1011 839 περὶ
1048 768 1137 820 τὸν
1187 768 1434 839 Ἀϐραὰμ
1474 769 1844 840 προπάτορσιν

268 858 451 930 ὦφθαι
480 879 540 914 τε
574 863 668 915 καὶ¹
692 860 1023 931 ὡμιληκέναι
1055 861 1112 913 ἑν
1138 863 1250 923 τοῖς
1282 861 1384 932 πρὸ
1404 860 1605 912 τούτων
1633 859 1846 912 ἀπεδεί-

271 951 479 1022 ξαμενς
526 950 730 1006 Τοῦτον
776 950 882 1022 γὰρ
928 949 1063 1021 ὁμοῦ
1108 951 1240 1004 Θεὸν
1269 953 1360 1004 καὶ
1391 951 1612 1022 Κύριον,
1648 951 1744 1003 καὶ
1780 949 1844 1020 δὴ

271 1043 504 1112 ἄγγελον
541 1039 701 1105 εἶναι,
739 1043 833 1097 καὶ
869 1043 1302 1114 ἀρχιστράτηγον
1331 1043 1610 1114 δυνάμεως
1639 1043 1845 1113 Κυρίου

271 1133 811 1204 προμεμαθήκαμεν.
843 1133 1066 1186 Μέλλων
1093 1133 1378 1204 τοιγαροῦν
1403 1133 1502 1204 τὴν
1525 1135 1604 1196 εἰς
1635 1131 1846 1204 ἀνθρώ·-

273 1244 410 1290 πους
443 1226 609 1279 αὑτοῦ
644 1227 874 1298 πάροδον
907 1226 937 1278 6
976 1226 1167 1298 παρὼν
1210 1226 1366 1294 λόγος
1404 1223 1712 1289 θεσπίζειν,
1749 1225 1849 1296 τὴν

273 1319 457 1372 ἔνθεον
481 1318 646 1372 αὐτοῦ
669 1317 967 1392 προθεωρεῖ
989 1317 1279 1388 βασιλείαν,
1304 1319 1369 1371 δι’
1391 1313 1459 1389 ἦς
1482 1335 1644 1388 φησιν
1672 1319 1846 1389 ἑωρα-

274 1412 430 1465 κέναι
458 1412 623 1465 αὑτὸν
648 1411 950 1482 καθήμενον
987 1412 1078 1464 ἐπὶ
1110 1411 1301 1483 θρόνου
1327 1411 1530 1482 ὑψηλοῦ
1558 1412 1650 1464 καὶ
1675 1413 1847 1482 ἑπηρ-

280 1513 464 1573 μενου.
505 1497 675 1567 Οὗτος
712 1503 756 1556 δ’
781 1502 846 1556 ἂν
873 1502 959 1575 εἴη
992 1505 1022 1556 6
1055 1503 1242 1575 θρόνος
1271 1503 1435 1557 αὑτοῦ
1469 1504 1674 1567 ἐκεῖνος
1699 1505 1729 1555 6
1757 1504 1849 1557 καὶ

273 1597 336 1648 ἑν
359 1595 438 1666 τῷ
466 1597 597 1667 περὶ
625 1595 718 1649 τοῦ
757 1595 1038 1666 ἀγαπητοῦ
1065 1595 1264 1667 ψαλμῷ
1295 1595 1678 1666 δεδηλωμένος,
1710 1594 1850 1649 κατὰ

273 1687 356 1739 τό·
388 1705 408 1738 ε
458 1688 516 1738 ’0
551 1687 738 1758 θρόνος
781 1705 894 1746 σου,
921 1691 949 1741 6
979 1687 1128 1750 Θεὸς,
1161 1689 1239 1751 εἰς
1268 1686 1364 1739 τὸν
1402 1687 1572 1740 αἰῶνα
1598 1687 1691 1740 τοῦ
1714 1687 1848 1741 αἰῶ-

274 1797 386 1843 νος,
422 1800 441 1830 ι
475 1782 562 1848 ἑφ⁴
589 1780 649 1832 ὃν
677 1780 768 1833 καὶ
803 1781 832 1834 6
859 1782 1116 1834 ἀνωτάτω
1142 1781 1250 1834 τῶν
1278 1781 1419 1834 ὅλων
1451 1781 1678 1851 ποιητὴς
1719 1779 1850 1843 Θεὸς

1950 590 2108 637 serta:
2137 582 2248 634 sint
2279 580 2555 642 civitates,
2582 595 2648 632 eo
2677 579 2821 648 quod
2859 594 2962 631 non
2987 579 3058 632 sit
3084 581 3174 649 qui
3211 580 3474 635 inhabitet
3496 602 3512 634 v:

1946 685 2000 730 et
2031 675 2249 734 domus,
2274 689 2341 729 eo
2371 673 2514 743 quod
2545 687 2653 726 non
2705 671 2816 724 sint
2845 671 3094 724 homines
3124 671 3189 726 ⁸⁸.
3227 691 3245 722 ι
3274 673 3342 726 At
3371 673 3516 727 enim

1947 781 2107 836 quem
2167 764 2386 818 tandem
2474 761 2759 816 Dominum
2829 759 2912 814 fas
2959 769 3045 814 est
3103 761 3289 818 dicere
3339 764 3516 820 visum

1949 856 2118 910 fuisse
2149 871 2179 908 a
2220 854 2478 924 propheta
2513 865 2708 923 prmtcr
2729 867 2876 914 eum,
2917 867 3078 921 quem
3108 861 3162 907 et
3192 853 3441 916 Abralm.
3465 866 3515 910 et

1949 946 2172 1015 reliquis
2211 945 2440 999 Abralue
2479 943 2752 997 similibus
2803 943 3000 1012 priscis
3051 944 3298 1013 patribus
3339 948 3515 1002 visum

1949 1037 2142 1101 fuisse,
2169 1047 2226 1092 et
2261 1051 2388 1091 cum
2430 1036 2621 1091 iisdem
2653 1037 2892 1090 locutum
2922 1051 3046 1091 esse
3070 1075 3084 1098 ,
3136 1037 3190 1090 in
3244 1039 3518 1107 prioribus

1950 1127 2102 1184 libris
2151 1129 2526 1184 ostendimus?
2559 1127 2712 1182 llunc
2743 1128 2886 1183 enim
2923 1131 3126 1197 pariter
3164 1136 3217 1184 et
3262 1128 3430 1185 Deum
3465 1141 3519 1186 et

1953 1223 2260 1288 Dominum,
2282 1232 2335 1278 et
2355 1224 2491 1278 item
2517 1225 2769 1295 angelum
2799 1239 2942 1290 esse,
2978 1234 3030 1279 et
3069 1225 3304 1295 primum
3348 1226 3520 1294 impe-

1950 1325 2186 1372 ratorem
2217 1317 2498 1386 copiarum
2537 1316 2784 1377 Domini,
2817 1323 2975 1371 antea
3012 1316 3324 1370 didicimus.
3382 1316 3519 1369 Cum

1949 1423 2080 1478 ergo
2131 1423 2369 1478 praesens
2427 1409 2711 1463 oraculum
2772 1416 2918 1464 esset
2965 1408 3113 1462 illius
3155 1407 3222 1460 ad
3275 1406 3522 1459 homines

1951 1499 2452 1570 commigrationem
2489 1495 2875 1570 praedicturum
2897 1539 2912 1558 .
2965 1499 3208 1552 divinum
3241 1505 3399 1550 antea
3458 1497 3526 1550 il-

1953 1590 2059 1646 lius
2085 1607 2309 1662 regnum
2338 1594 2761 1663 contemplatur.
2793 1592 2882 1646 ubi
2919 1593 2995 1645 ait
3024 1607 3084 1646 se
3121 1590 3328 1646 vidisse
3369 1591 3520 1644 illum

1953 1681 2232 1737 sedentem
2263 1683 2316 1736 in
2357 1683 2496 1736 solio
2529 1683 2765 1743 excelso.
2796 1689 2850 1737 et
2879 1683 3120 1736 sublimi.
3178 1680 3292 1735 Hoc
3341 1689 3522 1736 autem

1953 1775 2101 1830 illius
2127 1775 2324 1830 solium
2363 1775 2493 1829 illud
2521 1790 2643 1830 esse
2667 1775 3088 1830 existimandum
3133 1783 3240 1840 est,
3269 1775 3416 1844 quod
3470 1775 3525 1828 in

276 1871 472 1941 Πατήρ
500 1888 559 1923 τε
600 1871 763 1924 αὐτοῦ
794 1871 868 1934 ὡς
905 1872 971 1925 ἂν
1007 1875 1286 1942 μονογενεί
1316 1871 1409 1924 καὶ
1441 1869 1710 1942 ἀγαπητῷ
1747 1887 1848 1924 κα-

1954 1864 2168 1921 Psalmo
2217 1866 2286 1922 de
2329 1867 2529 1921 dilecto
2580 1876 2861 1922 ostensum
2903 1875 3008 1920 est.
3043 1866 3097 1920 in
3146 1866 3256 1919 illis
3301 1867 3521 1922 verbis:

273 1960 531 2024 θέζεσθαι
575 1961 984 2031 παρεκελεύετο,
1032 1961 1237 2030 λέγων·
1279 1980 1297 2010 ι
1336 1959 1514 2014 Κάθου
1557 1963 1622 2016 ἑκ
1663 1958 1852 2025 δεξιῶν

278 2069 407 2122 μου,
436 2051 542 2114 ἓως
565 2050 631 2103 ἂν
659 2049 735 2102 θῶ
769 2052 893 2114 τοὺς
923 2051 1146 2122 ἐχθρούς
1175 2068 1268 2104 σου
1300 2051 1587 2104 ὑποπόδιον
1613 2050 1720 2104 τῶν
1751 2066 1849 2104 πο-

275 2142 384 2194 δῶν
413 2158 526 2194 σου.
568 2161 586 2193 ι
617 2142 900 2211 Συνίστησι
949 2143 1006 2195 δὲ
1037 2143 1238 2214 ταύτην
1277 2142 1432 2213 ἡμῶν
1472 2142 1571 2214 τὴν
1617 2143 1697 2205 είς
1728 2143 1851 2204 τοὺς

276 2234 798 2304 τὼτουςὲρμηνείαν
842 2233 1090 2302 Ἰωάννης
1123 2234 1150 2287 6
1185 2234 1602 2305 Εὕαγγελιστὴς,
1635 2235 1714 2298 ὃς,
1748 2252 1852 2288 πα-

277 2322 580 2393 ραθέμενος
627 2323 727 2386 τὰς
769 2322 1132 2394 προκειμένας
1166 2323 1260 2377 τοῦ
1305 2325 1526 2379 Ἡσαΐου
1557 2327 1757 2395 φωνὰς,
1796 2329 1854 2380 ἑν

277 2407 369 2476 αἷς
402 2414 607 2482 εἴρητο·
642 2432 660 2464 ι
705 2413 1012 2484 Ἐπαχύνθη
1036 2415 1143 2486 γὰρ
1175 2418 1206 2484 ἡ
1234 2416 1430 2484 καρδία
1457 2416 1550 2471 τοῦ
1577 2416 1706 2470 λαοῦ
1731 2419 1853 2472 τού-

278 2522 397 2567 του,
439 2506 532 2558 καὶ
569 2507 680 2568 τοῖς
710 2505 844 2558 ὠσὶν
871 2507 1048 2560 αὐτῶν
1083 2507 1293 2578 βαρέως
1322 2509 1580 2577 ἥκουσαν,
1609 2510 1702 2562 καὶ
1731 2511 1853 2574 τοὺς

277 2596 593 2667 ὀφθαλμοὺς
626 2595 806 2650 αὐτῶν
847 2597 1193 2669 ἐκάμμυσαν,
1236 2618 1253 2649 ι
1288 2600 1542 2672 ἐπιφέρει
1588 2602 1716 2672 περὶ
1759 2601 1852 2653 τοῦ

281 2689 521 2746 Χριστοῦ
549 2689 742 2758 λέγων·
773 2709 790 2741 ι
830 2689 1011 2743 Ταῦτα
1041 2689 1190 2744 εἶπεν
1231 2692 1474 2756 Ἡσαΐας,
1503 2693 1592 2746 ὅτε
1623 2689 1730 2748 εἶδε
1757 2694 1855 2760 τὴν

275 2776 440 2846 δόξαν
465 2782 653 2846 αὐτοῦ,
689 2785 781 2837 καὶ
810 2785 1154 2858 ἐμαρτύρησε
1193 2787 1319 2858 ’περῖ⁹
1341 2787 1524 2840 αὐτοῦ.
1557 2808 1575 2841 ι
1627 2788 1770 2842 Ἰδὼν
1789 2790 1855 2861 δὴ

283 2867 380 2923 οὖν
416 2873 448 2924 6
493 2883 779 2945 προφήτης
821 2877 917 2946 τὴν
959 2877 1052 2929 ἐπὶ
1091 2877 1185 2931 τοῦ
1233 2879 1498 2950 πατρικοῦ
1539 2879 1728 2951 θρόνου
1759 2881 1856 2953 τῆς

281 2962 468 3016 ἐνθέου
502 2965 660 3036 δόξης
688 2984 749 3019 τε
789 2969 882 3021 καὶ
918 2967 1192 3038 βασιλείας
1238 2971 1443 3042 ἵδρυσιν
1475 2971 1569 3025 τοῦ
1606 2973 1855 3045 Σωτῆρος

283 3054 462 3124 ἡμῶν,
592 3074 650 3109 τε
679 3058 818 3128 ἁγίῳ
843 3059 1158 3124 ἐπιθειάσας
1189 3061 1488 3132 Πνεύματι,
1522 3065 1614 3116 καὶ
1649 3063 1856 3134 μέλλων

281 3151 411 3220 ἑξῆς
451 3153 546 3221 τὴν
596 3153 678 3215 εἰς
734 3152 1048 3225 ἀνθρώπους
1104 3154 1268 3208 αὐτοῦ
1312 3156 1574 3228 πάροδον,
1630 3159 1725 3211 καὶ
1757 3158 1854 3230 τὴν

282 3241 350 3291 ἑκ
389 3240 670 3311 Παρθένου
713 3245 964 3314 γέννησιν
1009 3245 1361 3317 ὑπογράφειν,
1408 3248 1854 3321 προμαρτύρεται

281 3330 384 3399 τὴν
410 3333 492 3392 εις
525 3333 705 3385 πᾶσαν
736 3334 835 3404 τὴν
860 3333 961 3404 γῆν
1000 3334 1298 3404 μέλλουσαν
1323 3336 1536 3390 ἔσεσθαι
1569 3338 1768 3406 γνῶσίν
1794 3356 1854 3392 τε

284 3423 382 3474 καὶ
398 3422 725 3490 δοξολογίαν,
745 3424 816 3477 τὰ
845 3441 902 3477 σε
911 3425 1086 3497 ραφὶμ
1112 3427 1346 3495 εἰσάγων
1365 3429 1665 3482 κυκλοῦντα
1691 3431 1853 3484 αὐτὸν

284 3514 380 3566 καὶ
413 3513 723 3580 φάσκοντα·
755 3534 774 3566 ι
803 3517 1018 3584 Ἄγιος,
1054 3518 1240 3585 ἅγιος,
1274 3518 1428 3586 ἅγιος
1449 3562 1462 3585 ,
1501 3519 1704 3593 Κύριος
1753 3521 1856 3574 Σαι-

283 3603 458 3666 6αὼθ,
498 3606 712 3678 πλήρης
759 3611 907 3663 πᾶσα
938 3611 972 3682 ἡ
1023 3610 1092 3680 γῆ
1126 3611 1225 3681 τῆς
1259 3611 1414 3683 δόξης
1456 3613 1641 3668 αὑτοῦ.
1669 3633 1685 3665 ο
1723 3615 1855 3668 Τίνα

283 3696 333 3748 δ’
365 3698 433 3751 ἂν
460 3698 544 3768 εἴη
573 3700 640 3752 τὰ
673 3702 931 3771 σεραφὶμ,
953 3701 1025 3755 τὰ
1042 3703 1134 3754 τὸν
1162 3703 1394 3776 Χριστὸν
1425 3704 1520 3758 τοῦ
1543 3705 1678 3759 Θεοῦ
1701 3706 1857 3778 δορυ-

285 3789 577 3860 φοροῦντα,
611 3790 645 3860 ἦ
678 3791 818 3862 τάχα
850 3792 978 3857 ἴσως
998 3794 1243 3862 ἀγγέλων
1269 3797 1364 3848 καὶ
1394 3796 1552 3851 θείων
1574 3797 1856 3870 δυνάμεων

283 3881 459 3950 χοροὶ,
487 3881 521 3951 ἢ
546 3882 642 3934 καὶ
670 3883 960 3953 προφητῶν
986 3885 1080 3937 καὶ
1122 3884 1468 3951 ἀποστόλωνς
1496 3887 1854 3961 ἑρμηνεύεται

283 3971 396 4041 γὰρ
428 3972 498 4025 τὰ
543 3975 783 4044 σεραφὶμ
813 3973 971 4044 ἁρχὴ
1004 3977 1304 4045 στόματος
1350 3978 1564 4033 αὐτῶν.
1614 3978 1855 4033 Τοιοῦτοι

281 4065 343 4116 δὲ
367 4065 419 4117 οἱ
454 4065 729 4136 προφῆται
759 4067 852 4119 καὶ
891 4067 1192 4132 ἀπόστολοι,
1220 4064 1296 4122 ὧν
1337 4069 1426 4123 διὰ
1469 4069 1564 4125 τοῦ
1594 4071 1856 4141 στόματος

1956 1973 1975 2006 ‹
2015 1953 2184 2012 Sedes
2212 1965 2327 2022 tua,
2369 1957 2532 2024 Deus,
2573 1958 2630 2012 in
2681 1958 2938 2012 saeculum
2997 1958 3178 2012 saeculi
3206 1957 3272 2018 ³⁸,
3309 1977 3327 2008 ι
3361 1973 3527 2027 super

1950 2063 2112 2117 quam
2138 2065 2426 2119 supremus
2449 2059 2502 2105 et
2524 2050 2763 2105 universi
2798 2050 3048 2105 conditor
3080 2050 3242 2113 Deus,
3265 2057 3322 2105 et
3346 2051 3523 2120 ipsius

1953 2139 2141 2205 Pater,
2177 2141 2355 2211 ipsum
2387 2150 2645 2213 tanquam
2687 2143 2910 2197 unicum
2944 2156 3008 2196 ac
3040 2142 3301 2197 dilectum
3333 2143 3524 2199 sedere

1947 2232 2202 2302 jubebat,
2223 2234 2451 2289 dicens:
2489 2252 2507 2284 ‹
2542 2233 2680 2289 Sede
2723 2249 2753 2287 a
2787 2233 2995 2290 dextris
3024 2235 3189 2298 meis,
3226 2235 3400 2290 donec
3429 2251 3528 2304 po-

1951 2338 2078 2378 nam
2111 2325 2364 2380 inimicos
2409 2334 2534 2380 tuos
2590 2326 2884 2381 scabellum
2919 2327 3114 2395 pedum
3151 2334 3370 2381 tuorum
3396 2327 3462 2384 ³⁷.
3503 2348 3522 2380 ι

1952 2413 2251 2470 Conﬁrmat
2278 2432 2408 2472 vero
2438 2417 2581 2470 hanc
2613 2425 2858 2473 nostram
2891 2418 2944 2471 in
2969 2419 3068 2472 hos
3091 2419 3238 2472 locos
3268 2420 3528 2489 interpre-

1955 2507 2236 2570 tationem,
2259 2506 2499 2564 Joannes
2531 2510 2886 2580 evangelista,
2928 2510 3020 2578 qui
3056 2520 3345 2581 postquam
3389 2511 3530 2564 cita-

1955 2595 2032 2647 vit
2063 2597 2308 2664 proxime
2339 2597 2615 2667 expositas
2645 2597 2801 2653 Isaia:
2833 2614 2996 2655 voces
3019 2641 3034 2663 ,
3095 2601 3149 2654 in
3193 2602 3396 2670 quibus
3443 2598 3529 2654 di-

1953 2694 2102 2741 ctum
2131 2695 2254 2743 est:
2309 2707 2329 2739 (
2370 2688 2632 2744 Crassum
2672 2691 2818 2746 ehim
2863 2691 3065 2746 factum
3107 2699 3189 2746 est
3217 2707 3314 2746 cor
3344 2693 3528 2762 populi

1954 2777 2139 2847 hujus,
2174 2787 2231 2833 et
2265 2781 2488 2835 auribus
2512 2782 2630 2835 suis
2651 2782 2889 2852 graviter
2917 2784 3230 2848 audierunt,
3257 2795 3311 2840 et
3338 2786 3529 2840 oculos

1956 2885 2087 2925 suos
2137 2873 2472 2935 clauserunt,
2513 2893 2532 2924 ι
2569 2875 2816 2945 adjungit
2866 2875 2934 2931 de
2970 2877 3206 2942 Christo,
3242 2885 3296 2932 et
3345 2875 3526 2930 dicit:

1961 2978 1982 3012 ε
2017 2959 2138 3016 Haec
2167 2962 2301 3016 dicit
2357 2962 2544 3034 Isaias,
2573 2967 2794 3034 quando
2838 2966 2970 3019 vidit
3018 2968 3245 3037 gloriam
3277 2968 3398 3035 ejus
3423 3007 3438 3030 .
3473 2975 3528 3022 et

1958 3053 2282 3107 testilicatus
2305 3062 2389 3108 est
2450 3053 2517 3109 de
2566 3070 2632 3109 eo
2661 3055 2726 3111 ³⁵.
2763 3073 2785 3107 ι
2815 3056 2949 3110 Cum
2983 3073 3112 3128 ergo
3140 3059 3368 3113 vidisset
3393 3073 3526 3128 pro-

1956 3144 2118 3216 pheta
2161 3145 2464 3201 Salvatoris
2495 3148 2668 3202 nostri
2718 3163 2882 3219 super
2931 3157 3154 3218 paterna
3186 3150 3384 3204 (Ιίνίιιω
3414 3166 3526 3204 ma-

1952 3239 2170 3309 jestatis
2200 3253 2265 3294 ac
2294 3240 2446 3310 regni
2477 3239 2606 3295 sede
2636 3240 3074 3313 collocationem,
3096 3242 3391 3313 divinoque
3414 3244 3530 3313 ipso

1954 3339 2103 3387 esset
2136 3330 2344 3402 Spiritu
2398 3332 2691 3388 instinctus
2715 3311 2754 3398 ,’
2789 3342 3042 3404 essetque
3079 3311 3340 3406 deinceps
3381 3311 3531 3404 ejus-

1954 3425 2077 3482 dem
2109 3431 2174 3480 ad
2218 3426 2468 3482 homines
2500 3441 2782 3482 accessum
2805 3468 2821 3493 ,
2873 3435 3164 3498 ortumque
3192 3427 3258 3483 de
3310 3428 3532 3500 Virgine

1954 3517 2354 3588 descripturus,
2390 3520 2543 3590 prius
2574 3520 2898 3575 testiﬁcatur
2929 3535 3074 3583 eam,
3107 3521 3266 3591 311
3301 3539 3424 3591 qua!
3476 3523 3528 3576 in

1957 3625 2173 3666 omnem
2239 3619 2441 3665 terram
2476 3618 2803 3682 perventura
2861 3619 2998 3674 erat,
3063 3614 3454 3683 cognitionem,
3479 3626 3532 3668 et

1953 3704 2143 3774 gloria:
2174 3705 2633 3774 pradicationem,
2660 3707 2778 3776 ipsa
2807 3706 3080 3776 seraphim
3108 3706 3393 3771 inducens,
3413 3723 3532 3777 qua:

1956 3797 2162 3851 circum
2190 3797 2340 3850 illum
2368 3805 2596 3862 starent,
2625 3811 2689 3851 ac
2728 3797 3016 3853 dicerent:
3058 3815 3077 3848 ι
3121 3795 3380 3858 Sanetus.
3403 3815 3530 3853 san-

1955 3897 2099 3953 ctus,
2127 3900 2375 3951 sanctus,
2405 3887 2668 3944 Dominus
2707 3887 2970 3952 Sabaoth,
3004 3888 3165 3959 plena
3212 3901 3299 3946 est
3349 3891 3532 3946 omnis

1954 3987 2102 4036 terra
2135 3981 2306 4052 gloria
2331 3981 2471 4050 ejus.
2512 4001 2530 4033 ι
2566 3980 2673 4037 Sed
2712 3997 2961 4052 quzenam
2990 3983 3355 4037 existimanda
3405 3992 3533 4037 sunt

1958 4073 2074 4128 haec
2102 4073 2398 4142 seraphim,
2425 4072 2705 4128 Christum
2737 4072 2833 4128 Dei
2853 4073 3157 4143 stipantia?
3185 4072 3325 4127 Num
3365 4076 3533 4128 forsi-

284 4159 320 4226 ἡ
370 4158 598 4228 ἀπαρχὴ
641 4157 832 4226 γέγονε
872 4156 968 4212 τοῦ
1015 4162 1284 4232 σωτηρίου
1338 4160 1692 4233 κηρύγματος
1713 4177 1728 4191 ·
1773 4162 1852 4216 διὸ

1957 4171 2050 4218 tan
2078 4165 2394 4235 angelorum
2425 4178 2488 4218 ac
2519 4161 2825 4216 divinarum
2865 4170 3198 4228 potestatum
3230 4165 3384 4218 chori
3412 4205 3429 4227 ,
3463 4182 3532 4219 an

283 4249 492 4318 ταύτης
519 4249 710 4320 ἔτυχον
738 4250 838 4321 τῆς
883 4251 1286 4322 προσηγορίας,
1321 4245 1394 4306 ὧν
1427 4252 1521 4305 καὶ
1557 4252 1652 4306 τοῦ
1699 4253 1852 4323 ἀγίου

1957 4269 2087 4308 vero
2113 4254 2500 4324 prophetarum
2539 4262 2702 4324 atque
2745 4253 3158 4324 apostolorum?
3201 4269 3327 4308 nam
3377 4270 3536 4309 sera-

285 4339 604 4409 Πνεύματος
634 4341 688 4393 αἱ
717 4341 992 4411 δυνάμεις,
1031 4343 1299 4414 πτέρυγες
1335 4343 1714 4414 ὠνομασμέναι
1733 4383 1750 4408 ,
1786 4344 1852 4400 τά

1959 4347 2105 4416 phim
2139 4347 2184 4401 si
2226 4346 2630 4416 interpreteris,
2668 4347 2877 4400 initium
2913 4347 3020 4401 oris
3052 4347 3288 4416 ipsorum
3318 4347 3531 4402 audias.

285 4434 387 4500 μὲν
419 4431 614 4501 πρῶτα
637 4433 732 4485 καὶ
760 4431 829 4485 τὰ
855 4432 1058 4487 ὕστατα
1083 4434 1180 4504 τῆς
1212 4433 1306 4488 τοῦ
1330 4434 1464 4488 Θεοῦ
1505 4436 1677 4504 Λόγου
1712 4435 1852 4505 γνὼ-

1959 4436 2119 4492 Tales
2151 4451 2282 4492 vero
2312 4444 2366 4491 et
2399 4437 2676 4504 prophetae
2706 4446 2761 4491 et
2795 4437 3052 4508 apostoli.
3079 4452 3175 4506 per
3193 4450 3423 4506 quorum
3444 4451 3530 4500 os,

285 4538 426 4585 σεως
473 4521 900 4593 ἐπικρύπτουσιν
922 4562 936 4584 ,
982 4523 1058 4587 ὡς
1098 4525 1311 4596 ἄρρητα
1349 4526 1442 4580 καὶ
1496 4526 1852 4598 ἀκατάληπτα

1961 4527 2133 4582 instar
2158 4526 2541 4596 primitiarum,
2585 4527 2801 4582 initium
2832 4527 3089 4583 salutaris
3126 4527 3534 4597 praedicationis

279 4613 411 4667 ὄντα
440 4614 543 4686 τὴν
575 4614 757 4683 φύσιν,
789 4614 857 4670 τά
883 4615 939 4669 δὲ
968 4615 1109 4685 μέσα
1135 4616 1235 4685 τῆς
1269 4616 1396 4688 περὶ
1444 4617 1609 4671 αὑτοῦ
1650 4621 1855 4672 οἰκονο-

285 4708 415 4777 μίας
441 4707 812 4776 ἑκφαίνουσιν,
834 4709 916 4760 ὅτι
948 4708 1011 4780 δὴ
1040 4709 1174 4778 μόνα
1196 4709 1411 4777 γνωστά
1444 4710 1615 4764 ταῦτα
1648 4710 1857 4780 ἀνθρὼ-

283 4816 402 4853 πων
427 4801 611 4868 φύσει,
639 4799 746 4854 τῶν
788 4799 1042 4854 ἐπέκεινα
1096 4801 1189 4854 καὶ
1246 4801 1354 4854 τῶν
1396 4801 1532 4873 μετά
1577 4801 1752 4857 ταῦτα
1799 4805 1857 4855 ἐν

281 4891 618 4962 ἀπορρήτοις
653 4889 1042 4961 σεσιγημένων.
1071 4891 1179 4942 Καὶ
1213 4889 1468 4960 δυνάμεις
1506 4891 1563 4944 δὲ
1590 4893 1729 4946 θεῖαι
1763 4893 1858 4945 καὶ

280 4984 525 5055 οὐράνιοι
567 4977 676 5035 εἷεν
703 4982 788 5044 ἂν,
825 4982 912 5037 διὰ
947 4983 1008 5035 τὸ
1051 4982 1290 5052 σεραφὶμ
1327 4981 1719 5052 ἑρμηνεύεσθαι
1759 4982 1860 5050 ἐμ-

283 5075 592 5144 πρησμοί·
627 5075 707 5128 διὸ
744 5074 989 5146 εἴρηται·
1034 5094 1053 5126 ι
1101 5076 1159 5128 '0
1207 5073 1372 5128 ποιῶν
1421 5075 1547 5137 τοὺς
1595 5074 1858 5143 ἀγγέλους

282 5163 450 5221 αὑτοῦ
477 5167 794 5239 πνεύματα,
829 5169 923 5220 καὶ
955 5168 1080 5232 τοὺς
1115 5167 1458 5237 λειτουργοὺς
1490 5165 1654 5219 αὑτοῦ
1687 5167 1858 5237 πυρὸς

283 5258 479 5328 φλόγα.
513 5276 534 5310 ι
565 5258 881 5329 Κεκράγασι
906 5257 963 5310 δὲ
1002 5252 1145 5312 οὗτοι
1190 5257 1282 5310 καὶ
1315 5255 1509 5325 βοῶσιν
1549 5255 1733 5326 ἕτερος
1781 5253 1857 5325 τῷ

282 5351 459 5422 ἑτέρῳ
486 5349 630 5402 κατά
656 5349 756 5420 τὴν
797 5350 1000 5404 οἰκείαν
1033 5348 1280 5419 δύναμιν,
1313 5349 1412 5408 τὴν
1459 5347 1721 5417 ἁγιότητα
1761 5347 1854 5400 τοῦ

283 5439 704 5510 θεολογουμένου
729 5439 1120 5512 παριστῶντες,
1149 5440 1243 5492 καὶ
1269 5439 1331 5492 τό
1343 5455 1407 5508 γε
1436 5439 1655 5492 πάντων
1680 5455 1857 5510 παρα-

280 5531 598 5597 δοξότατον,
644 5530 1036 5600 θεολογοῦντες.
1083 5532 1202 5585 Ὅτι
1252 5532 1325 5603 μὴ
1367 5532 1526 5602 μόνος
1557 5532 1650 5584 καὶ
1689 5530 1758 5584 τὰ
1797 5531 1855 5582 ἑν

281 5621 498 5694 οὐρανῷ
521 5623 700 5676 πάντα
726 5621 904 5694 πλήρη
930 5622 1183 5692 τυγχάνει
1210 5622 1307 5692 τῆς
1331 5620 1635 5690 δοξολογίας
1664 5621 1851 5686 αὑτοῦ,

1966 4617 2166 4671 laetum
2189 4625 2295 4679 est,
2319 4630 2384 4671 ex
2409 4631 2520 4686 quo
2550 4618 2966 4686 appellationem
3002 4617 3141 4672 hanc
3173 4616 3352 4670 sortiti
3382 4626 3532 4678 sunt,

1965 4707 2106 4758 sicut
2146 4706 2308 4760 etiam
2345 4707 2517 4760 sancti
2543 4705 2779 4776 Spiritus
2822 4715 3142 4776 potestates,
3165 4723 3286 4776 qua:
3313 4706 3412 4760 ala:
3435 4721 3537 4760 no-

1965 4798 2182 4853 minatae
2234 4805 2390 4858 sunt,
2427 4798 2631 4866 primas
2661 4798 2879 4868 quidem
2932 4808 3095 4869 atque
3143 4809 3416 4854 extremas
3468 4799 3535 4853 de

1928 4879 1932 4883 ’
1965 4887 2075 4943 Deo
2101 4887 2282 4945 Verbo
2331 4891 2535 4946 notitia:
2564 4899 2746 4960 partes
2785 4891 3085 4954 occultant,
3124 4901 3385 4961 tanquam
3438 4905 3532 4945 eas

1963 4995 2084 5050 qua:
2109 4987 2304 5050 suapte
2343 4988 2534 5034 natura
2583 4996 2758 5051 neque
2786 4981 2894 5034 dici
2945 4997 3122 5050 neque
3150 4980 3537 5051 comprehendi

1963 5073 2212 5140 possint;
2261 5086 2383 5140 quae
2435 5086 2562 5126 vero
2611 5072 2783 5142 ipsius
2837 5069 2918 5139 de
2961 5070 3056 5125 illo
3105 5069 3543 5139 dispensationis

1963 5161 2154 5215 mediae
2191 5169 2340 5226 sunt,
2367 5177 2462 5218 eas
2494 5163 2790 5218 ostendunt
2817 5201 2834 5224 .
2891 5170 3180 5231 propterea
3236 5160 3386 5232 quod
3419 5161 3535 5216 sola

1963 5253 2076 5309 hac
2104 5263 2312 5309 naturae
2341 5255 2619 5310 hominum
2672 5255 3084 5324 cognoscibilia,
3123 5270 3247 5309 cum
3297 5267 3362 5310 ea
3416 5270 3536 5324 qum

1963 5362 2128 5418 supra
2156 5347 2270 5401 haec
2293 5355 2348 5401 et
2380 5353 2504 5417 post
2527 5346 2640 5400 haec
2671 5346 2878 5415 reliqua
2918 5354 3068 5409 sunt,
3101 5345 3156 5399 in
3189 5342 3408 5398 arcanis
3437 5344 3537 5396 ha-

1964 5441 2072 5495 bita
2107 5441 2392 5495 sileantur.
2426 5438 2694 5494 Prteterea
2722 5438 2918 5493 divinae
2964 5453 3028 5493 ac
3075 5439 3331 5494 cmlestes
3392 5445 3538 5504 pote-

1962 5540 2154 5597 states,
2187 5540 2443 5603 poterunt
2491 5531 2618 5585 item
2669 5531 2936 5587 vocabulo
2978 5531 3248 5602 seraphim
3276 5527 3534 5596 intelligi,

1961 5630 2232 5692 quatenus
2261 5621 2366 5674 alia
2394 5619 2630 5689 quadam
2663 5619 2873 5674 ratione
2893 5660 2908 5684 ,
2944 5619 3220 5690 seraphim
3248 5634 3315 5674 ex
3365 5619 3535 5672 inter-

348 5804 392 5835 ε·
428 5797 530 5853 iss.
569 5815 644 5863 vl,
679 5790 830 5851 8-H.
913 5796 956 5828 ³⁸
985 5797 1128 5852 Psal.
1165 5813 1308 5859 κων,
1342 5799 1394 5855 7.
1474 5800 1516 5832 "
1542 5796 1684 5854 Psal-
1715 5813 1824 5865 Cll.

1954 5799 1986 5852 ί.
2064 5800 2105 5831 ³⁸
2144 5797 2297 5853 Joan.
2332 5811 2430 5863 xu,
2465 5776 2661 5880 40,“;

657 5895 928 5955 ΡΑτιιοι..
969 5894 1084 5954 Gn.
1132 5895 1338 5959 XXII.

3101 5897 3171 5956 16
