4080 6416
571 340 671 396 491

1246 335 1513 392 EUSEBll
1552 336 2029 394 CESARIENSIS
2064 337 2214 395 OPP.
2259 338 2440 394 PARS
2476 339 2629 394 IL—
2651 336 3145 393 APOLOGETICA.

3718 340 3828 395 692

575 457 898 527 pretatione,
927 451 1173 508 incendia
1203 453 1533 523 significant,
1557 470 1622 508 ex
1645 469 1755 525 quo
1781 455 1913 510 illud
1939 455 2146 510 dictum

2250 457 2381 510 ἀλλὰ
2407 458 2500 510 καὶ
2547 458 2690 510 πᾶσα
2723 458 2754 526 ή
2794 456 2864 526 γῆ
2911 455 3010 525 τῆς
3041 454 3210 525 αὐτῆς
3255 453 3482 524 μετέσχε
3517 453 3818 524 δυνάμεως,

570 559 691 603 est:
729 566 747 598 ι
795 546 896 612 Qui
934 545 1064 599 facit
1108 546 1331 616 angelos
1387 560 1518 600 suos
1576 548 1834 616 spiritus,
1886 561 1940 603 et
1983 547 2148 601 mini-

571 649 716 692 stros
751 651 882 690 suos
911 635 1056 705 ignis
1089 634 1365 688 flammam
1391 636 1456 690 ⁸⁸.
1493 655 1512 686 ι
1549 635 1800 691 Clamant
1826 652 1987 706 porro
2006 637 2062 690 hi
2093 645 2148 692 et

570 728 942 783 vociferantur
990 727 1128 782 alter
1158 726 1224 782 ad
1251 727 1480 782 alterum
1516 742 1616 798 pro
1648 729 1763 784 suis
1801 729 2034 798 quisque
2061 728 2146 783 vi-

571 821 744 886 rihns,
781 820 1125 874 sanctitatem
1153 819 1293 888 ejus,
1323 820 1390 874 de
1417 835 1524 889 quo
1550 830 1608 874 ut
1632 819 1699 875 de
1738 818 1849 874 Deo
1908 820 2148 890 loquitur

569 918 854 988 propheta,
880 916 1350 978 commendantes,
1383 924 1437 970 et
1461 914 1607 985 quod
1637 915 1882 969 omnium
1911 915 2148 969 admira-

570 1012 720 1066 tione
749 1009 1132 1080 dignissimum
1160 1017 1263 1073 est,
1289 1008 1594 1078 theologice
1615 1007 1978 1074 declarantes,
2001 1008 2148 1078 quod

568 1117 680 1156 non
718 1099 881 1154 modo
912 1099 1132 1163 coelum,
1163 1105 1216 1152 et
1260 1113 1381 1168 quae
1407 1099 1464 1152 in
1505 1099 1646 1152 coelo
1683 1106 1847 1163 sunt,
1892 1098 2147 1154 universa

571 1192 730 1261 plena
766 1198 896 1244 sunt
932 1189 1219 1258 majestate
1249 1197 1303 1242 et
1330 1189 1502 1258 gloria
1530 1189 1672 1258 ejus,
1708 1188 1804 1243 sed
1833 1190 1996 1244 etiam
2024 1205 2146 1246 om-

570 1285 656 1337 nis
686 1293 828 1337 terra
859 1280 1103 1350 ejusdem
1165 1279 1441 1335 facultatis
1480 1295 1543 1334 ac
1585 1280 1805 1336 virtutis
1853 1289 1936 1335 est
1981 1284 2152 1353 parti-

569 1390 729 1445 ceps,
782 1383 1006 1443 propter
1039 1373 1189 1442 ejus,
1227 1373 1321 1442 qui
1353 1373 1568 1427 canitur
1610 1373 1678 1428 de
1710 1374 1850 1428 etelo
1879 1374 1946 1429 ad
1973 1375 2149 1431 homi-

571 1483 692 1530 nes,
724 1465 1075 1529 descensum,
1106 1465 1173 1519 de
1208 1480 1317 1534 quo
1347 1465 1604 1534 deinceps
1641 1465 1857 1536 longius
1891 1482 2148 1538 progres-

573 1573 694 1613 sum
725 1556 1009 1612 oraculum
1057 1557 1421 1621 vaticinatur,
1478 1572 1580 1611 nec
1611 1571 1723 1612 non
1761 1569 1816 1613 et
1872 1568 2053 1614 ortum
2083 1562 2151 1616 de

570 1649 818 1722 Virgine,
849 1658 903 1706 et
932 1666 1026 1720 per
1057 1650 1202 1704 hunc
1234 1651 1398 1706 latius
1440 1651 1494 1705 in
1539 1667 1758 1708 omnem
1791 1661 1992 1708 terram
2035 1654 2150 1710 dis-

572 1744 895 1799 seminatam
924 1741 1112 1813 gloriae
1161 1741 1280 1812 ejus
1331 1743 1792 1810 celebrationem,
1843 1745 2146 1803 denuntiat.

571 1835 836 1891 Dominus
885 1809 1064 1890 autem
1128 1809 1373 1890 Sabaoth
1422 1852 1490 1891 ex
1535 1837 2019 1908 interpretatione,
2063 1847 2148 1896 est
2181 1809 2226 1868 Β

571 1928 828 1983 Dominus
857 1929 1180 1982 exercituum
1206 1943 1224 1982 :
1256 1930 1303 1985 is
1335 1937 1517 1984 autem
1547 1931 1649 1985 erit
1681 1931 1889 2001 primus
1919 1930 2148 2002 impera-

571 2027 659 2072 tor
686 2018 1020 2073 exercituum
1055 2018 1301 2084 Domini,
1335 2035 1496 2089 quem
1533 2022 1586 2074 in
1613 2022 1774 2076 tertio
1797 2038 1861 2077 ac
1885 2013 2148 2078 vicesimo

573 2113 782 2180 psalmo
833 2108 1122 2165 Dominum
1162 2108 1423 2177 Sabaoth,
1457 2109 1656 2166 divinae
1687 2128 1880 2169 rursus
1906 2123 2148 2185 potesta-

572 2212 656 2259 tes
703 2204 1012 2274 appcllant,
1071 2203 1164 2258 ubi
1214 2203 1462 2273 ejusdem
1519 2205 1587 2260 de
1640 2216 1782 2260 terra
1830 2206 1899 2260 ad
1949 2209 2147 2264 coelum

572 2309 862 2352 accensum
883 2295 1152 2363 divinant,
1172 2303 1227 2349 et
1256 2303 1459 2349 canunt
1489 2297 1669 2352 verbis
1707 2297 1820 2353 illis
1845 2315 1861 2353 ι
1896 2315 1916 2348 ι
1954 2298 2150 2355 Tollite

571 2397 788 2457 portas,
841 2388 1155 2458 principes,
1214 2397 1458 2450 vestras,
1519 2394 1574 2442 et
1617 2389 1938 2457 elevamini,
1982 2399 2150 2459 porta:

570 2491 804 2544 asternae,
836 2489 892 2535 et
940 2479 1188 2534 introibit
1215 2477 1330 2534 Rex
1356 2479 1562 2550 gloria.
1622 2478 1755 2545 Quis
1782 2491 1865 2536 est
1901 2482 2005 2537 iste
2053 2498 2146 2537 rex

570 2574 790 2644 gloriae?
813 2572 1074 2628 Dominus
1093 2572 1453 2636 exercituum,
1481 2571 1596 2642 ipse
1613 2581 1696 2628 est
1714 2589 1808 2627 rex
1825 2573 2010 2644 gloria:
2029 2574 2094 2628 ⁸ο.
2123 2593 2142 2626 ι

569 2666 732 2738 312
765 2664 1064 2719 Hebraicus
1108 2666 1255 2719 enim
1299 2667 1586 2720 contextus
1628 2666 1730 2720 hoc
1782 2665 1901 2720 loco
1953 2681 2148 2721 rursus

573 2757 863 2812 Dominum
899 2754 1141 2810 Sabaoth
1188 2756 1344 2810 illum
1391 2765 1592 2811 vocat:
1627 2763 1681 2811 et
1726 2757 1987 2826 quoniam
2033 2757 2149 2828 ipse

570 2862 654 2907 est
684 2849 798 2904 Rex
820 2850 1026 2919 gloriae,
1065 2859 1119 2904 et
1153 2857 1376 2919 propter
1403 2849 1525 2919 ejus
1555 2848 1868 2914 adventum,
1904 2849 2146 2904 futurum

570 2952 690 2999 erat
729 2953 787 2999 ut
813 2944 991 2998 omnis
1028 2951 1173 2997 terra
1215 2943 1532 3012 impleretur
1561 2943 1732 3013 gloria
1775 2944 1917 3012 ejus,
1953 2943 2149 2999 merito

572 3037 715 3108 quod
750 3036 991 3090 futurum
1023 3043 1160 3100 erat,
1184 3042 1236 3089 et
1270 3034 1325 3087 in
1357 3033 1641 3104 propheta,
1673 3042 1727 3088 et
1759 3033 1812 3087 in
1838 3035 2047 3103 psalmo
2066 3035 2151 3090 di-

573 3139 722 3185 ctum
754 3139 857 3184 est.
893 3127 949 3181 In
982 3126 1248 3196 propheta
1276 3125 1497 3195 quidem
1537 3127 1645 3181 illis
1673 3127 1855 3181 verbis
1883 3144 1895 3180 :
1933 3145 1951 3178 ι
1981 3125 2146 3182 Plena

572 3232 656 3277 est
679 3221 859 3276 omnis
892 3231 1036 3274 terra
1071 3218 1245 3289 gloria
1271 3217 1431 3308 ejus;
1468 3237 1486 3271 ι
1516 3219 1569 3272 in
1600 3218 1810 3288 psalmo
1838 3227 2018 3274 autem
2044 3220 2149 3273 ini-

571 3316 648 3368 tio
680 3313 864 3366 statim
899 3311 990 3366 ubi
1031 3311 1106 3364 ait
1137 3328 1149 3364 :
1187 3328 1206 3362 ι
1241 3309 1461 3364 Domini
1508 3317 1593 3365 est
1624 3319 1769 3364 terra
1800 3318 1853 3364 et
1876 3310 2150 3380 plenitudo

571 3406 729 3476 ejus,
784 3403 936 3459 orbis
987 3411 1282 3467 terrarum,
1315 3411 1369 3457 et
1423 3417 1615 3458 omnes
1651 3403 1746 3473 qui
1793 3403 2042 3458 habitant
2094 3405 2150 3459 in

571 3495 727 3551 eo“.
758 3514 776 3546 ι
819 3492 917 3550 llis
939 3502 1119 3548 autem
1149 3492 1410 3547 vaticinio
1435 3492 1865 3561 comprehensis,
1895 3494 2151 3564 deinceps

575 3602 899 3658 prOgressus
946 3585 1213 3656 propheta
1245 3584 1579 3640 testificatur
1619 3585 1766 3655 quod
1808 3585 1932 3639 licet
1971 3586 2150 3641 omnis

573 3691 720 3734 terra
766 3678 947 3732 futura
984 3679 1056 3732 sit
1097 3679 1255 3747 plena
1312 3677 1484 3748 gloria
1519 3677 1672 3746 ejus,
1709 3685 1950 3746 attamen
1997 3678 2151 3732 illum

571 3770 798 3825 Judaica
831 3785 963 3840 gens
995 3778 1289 3838 acceptura
1305 3783 1413 3823 non
1442 3768 1535 3823 sit.
1565 3766 1756 3837 Itaque
1787 3767 1894 3824 ait:
1925 3766 1991 3821 Et
2013 3767 2152 3822 dixit

575 3861 841 3917 Dominus
890 3863 1004 3931 (ille
1051 3861 1304 3916 videlicet
1344 3861 1436 3931 qui
1485 3860 1639 3915 visus
1680 3859 1856 3915 fuerat
1886 3860 2151 3916 Dominus

577 3954 816 4008 Sabaoth
848 3953 1062 4023 ),Quem
1093 3956 1302 4008 mittam
1323 3995 1336 4015 ,
1361 3961 1417 4008 et
1433 3954 1557 4022 quis
1585 3951 1746 4007 vadet
1796 3953 1862 4006 ad
1893 3953 2150 4022 pepulum

573 4047 758 4101 hunc?
797 4045 862 4100 Et
909 4047 1044 4113 dixi,
1083 4046 1220 4101 Ecce
1246 4060 1344 4114 ego
1369 4060 1511 4108 sum,
1545 4045 1698 4100 mitte
1728 4059 1834 4101 me.
1876 4044 1942 4098 Et
1969 4045 2148 4100 dixit:

498 4126 504 4130 ’
573 4137 743 4205 Vade,
761 4140 915 4194 etdic
939 4141 1140 4210 pepulo
1165 4139 1312 4201 huic,
1332 4140 1516 4193 auditu
1535 4139 1764 4194 audietis
1791 4148 1970 4193 etnon
1994 4139 2151 4194 intel-

575 4231 758 4303 ligetis
779 4273 794 4296 ,
836 4240 891 4288 et
938 4233 1211 4287 intuentes
1258 4231 1622 4296 intuebimini,
1654 4237 1708 4286 et
1735 4245 1844 4285 nou
1878 4231 2148 4287 videbitis.

574 4324 833 4380 Crassum
853 4327 1000 4380 enim
1022 4326 1224 4380 factum
1239 4335 1324 4381 est
1340 4340 1435 4379 cor
1451 4325 1634 4395 populi
1652 4325 1835 4394 hujus,
1855 4333 1910 4378 et
1927 4325 2152 4379 auribus

574 4419 692 4472 suis
720 4418 957 4488 graviter
991 4417 1301 4480 audierunt,
1335 4425 1387 4472 et
1419 4417 1608 4472 oculos
1634 4432 1764 4472 suos
1812 4417 2149 4482 clauserunt,

573 4527 644 4564 ne
683 4511 902 4580 quando
936 4511 1148 4566 videant
1191 4511 1368 4566 oculis
1398 4512 1538 4575 suis,
1571 4519 1625 4567 et
1653 4512 1880 4569 auribus
1909 4513 2024 4568 suis
2052 4529 2150 4567 au-

574 4600 748 4666 diant,
775 4611 826 4656 et
852 4601 1017 4657 corde
1044 4602 1366 4672 intelligant,
1400 4611 1452 4657 et
1476 4611 1867 4659 convertantur
1891 4614 2148 4662 etsanem

574 4708 691 4749 eos.
734 4713 752 4745 ι
799 4693 1011 4759 Quibus
1043 4694 1226 4748 verbis
1258 4695 1702 4750 manifestissime
1735 4698 1880 4751 canit
1911 4697 2148 4752 futuram

573 4786 862 4841 adversum
890 4801 949 4840 se
986 4786 1393 4840 accusationem
1433 4786 1768 4854 Judmorum,
1811 4796 1866 4843 et
1894 4791 2038 4859 quod
2065 4791 2167 4860 in-_

571 4884 874 4937 tuebuntur
911 4881 1132 4952 quidem
1183 4881 1385 4950 ipsum,
1418 4895 1526 4934 non
1577 4881 1762 4937 tamen
1803 4883 2147 4938 animadver-

572 4980 691 5028 tent
755 4972 880 5042 quis
922 4973 1026 5036 sit,
1065 4971 1322 5042 quodque
1372 4971 1683 5041 loquentem
1730 4974 1873 5028 inter
1917 4975 2064 5044 ipsos
2097 4981 2151 5028 et

573 5064 861 5118 docentem
925 5063 1181 5126 audient,
1241 5077 1352 5117 non
1399 5070 1582 5117 tamen
1627 5063 1792 5117 etiam
1850 5063 2150 5134 intelligent

573 5157 826 5224 quisnam
863 5159 910 5211 is
945 5156 1016 5210 sit
1049 5157 1141 5227 qui
1176 5172 1300 5210 cum
1333 5156 1469 5226 ipsis
1509 5155 1782 5226 loquatur,
1809 5171 1985 5226 neque
2020 5159 2146 5212 item

573 5264 820 5319 quaenam
869 5264 933 5304 ea
969 5251 1078 5305 sint
1107 5265 1261 5305 novae
1291 5249 1554 5304 doctrinae
1584 5257 1851 5319 praecepta
1884 5263 2005 5319 qua:
2032 5249 2148 5319 ipse

573 5341 679 5395 illis
705 5342 904 5396 tradet.
938 5341 1273 5412 Comprobat
1304 5356 1435 5397 vero
1464 5340 1629 5411 hujus
1661 5341 1871 5395 oraculi
1893 5349 2147 5396 eventum

569 5434 903 5504 evangelista
920 5431 1178 5499 Joannes,
1202 5434 1294 5505 qui
1318 5435 1385 5489 de
1407 5433 1689 5487 Salvatore
1716 5441 1906 5488 nostro
1929 5435 2010 5488 sic
2033 5434 2108 5486 ait
2131 5451 2144 5486 :

574 5550 593 5580 ι
635 5528 773 5583 Cum
821 5535 1004 5580 autem
1043 5535 1150 5580 tam
1184 5527 1352 5580 multa
1385 5529 1540 5597 signa
1579 5527 1798 5582 fecisset
1839 5541 2022 5580 coram
2044 5529 2143 5592 eis,

569 5638 680 5678 non
721 5617 1072 5676 crediderunt
1099 5621 1152 5674 in
1198 5635 1346 5684 eum,
1381 5626 1438 5674 ut
1475 5634 1657 5674 sermo
1689 5618 1841 5674 lsaia:
1871 5619 2146 5689 propheta:

645 5804 692 5838 ”
737 5801 902 5858 Hebr.
941 5817 982 5866 ι,
1015 5800 1065 5856 7.
1144 5801 1188 5833 “
1237 5800 1382 5854 Psal.
1419 5815 1574 5869 xxm,
1615 5801 1731 5866 7,8.
1842 5802 1884 5835 δι
1925 5801 2057 5856 ibid.
2090 5803 2140 5856 l.

2177 3173 2226 3230 (1

2249 549 2335 603 διὰ
2365 550 2462 621 τήν
2507 550 2565 616 ἐξ
2614 549 2856 620 οὐρανῶν
2889 551 2968 612 είς
3014 546 3332 618 ἀνθρώπους
3361 545 3523 598 αὑτοῦ
3574 545 3823 610 θεσπιζο-

2251 643 2419 714 μένην
2447 642 2689 706 κάθοδον,
2719 643 2786 713 ἡν
2821 641 3024 712 προῖὼν
3063 639 3192 710 ἑξῆς
3220 641 3248 692 6
3279 640 3433 709 λόγος
3469 640 3819 713 προφητεύει,

2248 733 2344 805 τὴν
2365 736 2429 787 ἐκ
2451 733 2727 806 Παρθένου
2761 735 2972 802 γένεσιν
2999 733 3094 786 καὶ
3119 733 3216 804 τὴν
3255 732 3340 785 διὰ
3383 733 3584 803 ταύτης
3610 736 3692 797 είς
3724 735 3817 788 πᾶ-

2251 845 2349 880 σαν
2380 827 2473 897 τὴν
2510 828 2613 896 γῆν
2641 826 3051 895 ἐφαπλωθεῖσαν
3083 824 3389 893 δοξολογίαν
3424 826 3588 879 αὑτοῦ
3623 827 3823 898 κηρύτο

2247 937 2371 972 των.
2423 919 2625 990 Κύριος
2669 920 2725 972 δὲ
2771 918 2997 972 Σαϐαὼθ
3050 919 3408 991 ἑρμηνεύεται
3465 920 3680 987 Κύριος
3709 901 3823 973 rdii-

2248 1011 2590 1080 δυνάμεων·
2635 1011 2797 1074 αὐτὸς
2827 1012 2871 1064 δ’
2907 1011 2973 1065 ἂν
3012 1011 3098 1082 εἴη
3132 1012 3160 1062 6
3191 1010 3626 1081 ἀρχιστράτηγος
3665 1009 3824 1062 δυνά-

2253 1121 2397 1175 μεως
2419 1105 2648 1176 Κυρίου,
2673 1105 2731 1157 ὃν
2769 1103 2862 1157 καὶ
2900 1105 2956 1156 ἐν
3000 1111 3084 1172 κγ’
3115 1101 3314 1174 ψαλμῷ
3357 1102 3562 1173 Κύριον
3596 1100 3822 1157 Σαϐαὼθ

2248 1198 2304 1250 at
2335 1196 2476 1250 θεῖαι
2521 1196 2682 1250 πάλιν
2716 1195 3051 1250 ἀποκαλοῦσι
3102 1195 3393 1266 δυνάμεις,
3429 1194 3526 1266 τὴν
3577 1192 3688 1248 ἀπὺ
3723 1192 3825 1264 γῆς

2250 1288 2330 1349 εἰς
2355 1287 2617 1358 οὐρανοὺς
2641 1285 2824 1340 ἄνοδον
2852 1284 3015 1339 αὑτοῦ
3043 1283 3413 1348 θεσπίζουσαι,
3435 1285 3502 1337 δι’
3529 1277 3605 1338 ὧν
3633 1299 3823 1352 φασινο

2257 1398 2275 1431 ι
2307 1379 2506 1448 Ἄρατε
2559 1377 2750 1444 πύλας,
2788 1378 2838 1430 οἱ
2866 1377 3146 1448 ἄρχοντες,
3186 1376 3359 1447 ὑμῶν,
3394 1377 3485 1428 καὶ
3512 1375 3787 1446 ἐπάρθητε
3807 1413 3824 1439 ,

2251 1471 2414 1525 πύλαι
2454 1469 2680 1534 αίώνιοι,
2726 1470 2819 1525 καὶ
2859 1468 3222 1523 εἰσελεύσεται
3259 1469 3287 1520 6
3322 1467 3572 1537 βασιλεὺς
3607 1464 3708 1536 τῆς
3740 1465 3825 1520 δό-

2252 1563 2367 1634 ξης.
2425 1563 2520 1626 Τίς
2579 1566 2726 1616 ἐστιν
2756 1558 2906 1624 οὗτος
2929 1562 2958 1614 6
2989 1560 3239 1632 βασιλεὺς
3269 1561 3367 1631 τῆς
3392 1559 3584 1629 δόξης;
3623 1556 3828 1628 Κύριος

2250 1654 2350 1724 τῆς
2392 1654 2706 1724 δυνάμεως,
2741 1653 2904 1716 αὑτός
2950 1655 3097 1705 ἐστιν
3126 1653 3155 1704 6
3181 1649 3430 1720 βασιλεὺς
3460 1649 3558 1719 τῆς
3590 1646 3768 1717 δόξης.
3801 1665 3821 1699 ι

2251 1739 2326 1792 Τὸ
2360 1740 2489 1808 γοῦν
2531 1740 2814 1811 Ἐϐραῖκδν
2853 1739 3013 1794 πάλιν
3067 1739 3302 1794 ἐνταῦθα
3342 1738 3544 1809 Κύριον
3598 1735 3825 1791 Σαϐαὼθ

2253 1830 2412 1884 αὐτὸν
2440 1829 2629 1884 καλεῖ·
2670 1828 2765 1883 καὶ
2809 1829 3103 1901 ἐπειδήπερ
3133 1828 3296 1892 αὑτός
3337 1830 3484 1881 ἐστιν
3511 1829 3540 1880 6
3573 1826 3827 1898 βασιλεὺς

2251 1924 2352 1994 τῆς
2385 1923 2562 1995 δόξης,
2585 1923 2678 2000 ἤδιά
2703 1940 2764 1975 τε
2790 1923 2889 1992 τὴν
2923 1921 3217 1993 ἐπιδημίαν
3251 1920 3414 1974 αὑτοῦ
3447 1920 3640 1992 ἔμελλε
3677 1922 3829 1976 πᾶσι

2253 2018 2286 2088 ή
2313 2016 2382 2087 γῆ
2411 2013 2747 2087 πληροῦσθαι
2769 2015 2865 2085 τῆς
2893 2013 3050 2085 δόξης
3075 2013 3259 2076 αὑτοῦ,
3290 2012 3513 2075 εἰκότως
3543 2010 3604 2064 τὸ
3636 2010 3829 2083 μέλλον

2255 2106 2471 2160 ἔσεσθαι
2528 2106 2584 2160 ἐν
2628 2123 2688 2158 τε
2736 2105 2815 2177 τῷ
2867 2107 3122 2178 προφήτῃ
3170 2105 3455 2170 λέλεκται,
3503 2104 3600 2157 καὶ
3646 2106 3704 2156 ἐν
3749 2101 3830 2174 τῷ

2253 2198 2478 2270 ψαλμῷ-
2509 2198 2567 2250 ἐν
2604 2199 2702 2269 μὲν
2730 2197 2808 2269 τῷ
2831 2199 3082 2271 προφήτῃ
3114 2197 3202 2252 διά
3230 2196 3347 2263 τοῦ,
3389 2219 3405 2248 ι
3435 2195 3656 2269 Πλήρης
3679 2197 3831 2251 πᾶσι

2255 2293 2289 2363 ή
2323 2291 2396 2362 γῆ
2443 2291 2542 2361 τῆς
2579 2290 2737 2361 δόξης
2777 2289 2974 2344 αὑτοῦ·
3005 2309 3023 2341 ι
3063 2291 3121 2343 ἐν
3152 2290 3210 2342 δέ
3247 2288 3324 2360 τῷ
3359 2288 3557 2359 ψαλμῷ
3601 2287 3690 2342 διὰ
3729 2285 3828 2358 τῆς

2255 2384 2427 2456 ἀρχῆς
2468 2383 2811 2455 φασκούσηςο
2851 2403 2868 2435 ι
2899 2383 3004 2437 Τοῦ
3039 2384 3244 2455 Κυρίου
3275 2387 3308 2455 ὴ
3353 2382 3425 2453 γῆ
3465 2382 3651 2436 καὶτὸ
3693 2379 3831 2453 πλήν

2256 2492 2414 2546 ρωμα
2435 2475 2623 2545 αὐτῆς,
2646 2476 2679 2546 ἡ
2702 2475 3012 2546 οἰκουμένη,
3030 2476 3124 2529 καὶ
3159 2476 3353 2539 πάντες
3375 2479 3422 2529 οί
3451 2475 3830 2538 κατοικοῦντες

2255 2570 2312 2621 ἐν
2343 2568 2500 2639 αὐτῇ.
2535 2587 2554 2621 ι
2605 2567 2819 2622 Τούτων
2871 2569 3338 2639 τεθεσπισμένων,
3386 2570 3512 2640 ἑξῆς
3548 2569 3756 2635 ὑποϐὰς
3796 2572 3830 2623 6

2256 2661 2540 2731 προφήτης
2569 2659 2923 2731 μαρτύρεται,
2949 2661 3029 2714 ὅτι
3062 2661 3147 2732 δὴ,
3177 2661 3226 2714 εί
3270 2661 3365 2714 καὶ
3409 2660 3624 2732 πλήρης
3672 2662 3826 2715 ἔσται

2255 2753 2403 2804 πᾶσα
2438 2753 2472 2822 ἡ
2504 2752 2574 2822 γῆ
2605 2752 2700 2822 τῆς
2743 2750 2899 2822 δόξης
2945 2751 3141 2818 αὐτοῦ,
3181 2752 3318 2806 ἀλλά
3359 2769 3421 2821 γε
3461 2752 3523 2805 τὸ
3561 2752 3829 2806 Ἰουδαίων

2255 2843 2404 2906 ἔθνος
2441 2844 2502 2895 ού
2536 2845 2886 2913 προσήσεται⁸
2930 2844 3011 2897 διό
3039 2861 3201 2914 φησι·
3235 2863 3253 2896 ι
3292 2845 3402 2898 Καὶ
3431 2839 3553 2898 εἷπε
3598 2844 3824 2917 Κύριος,

2252 2933 2414 2998 αὐτὸς
2458 2933 2654 3005 δηλαδὴ
2676 2935 2705 2986 6
2730 2935 2968 3006 τεθεωρη
2977 2935 3136 3006 μένος
3158 2935 3360 3008 Κύριος
3388 2934 3612 2990 Σαϐαὼθ
3633 2953 3647 2967 °
3692 2935 3829 2990 Τίνα

2253 3025 2557 3080 ἀποστείλω
2583 3043 2597 3091 ;
2634 3027 2726 3080 καὶ
2765 3027 2850 3090 τίς
2891 3027 3213 3099 πορεύσεται
3255 3029 3390 3101 πρὸς
3420 3028 3511 3082 τὸν
3541 3027 3666 3081 λαὸν
3697 3025 3792 3081 τοί
3817 3063 3828 3068 -

2252 3136 2379 3184 τον;
2413 3119 2522 3172 Καὶ
2546 3115 2706 3172 εἶπα·
2748 3119 2876 3172 Ἰδού
2933 3122 3049 3189 εἰμι
3086 3118 3216 3188 ἐγὼ,
3253 3119 3573 3174 ἀπόστειλόν
3599 3138 3685 3190 με.
3716 3121 3830 3176 Καὶ.

2251 3207 2396 3264 εἷπε·
2445 3211 2781 3284 Πορεύθητι,
2831 3211 2926 3265 καὶ
2961 3207 3116 3266 εἷπον
3165 3213 3242 3284 τῷ
3273 3212 3388 3284 λαῷ
3419 3212 3625 3284 τούτῳ·
3661 3214 3827 3286 ’Δκοῇ

2252 3307 2533 3372 ἀκούσετε,
2562 3311 2655 3363 καὶ
2685 3310 2745 3362 ού
2783 3309 2856 3381 μὴ
2884 3311 3076 3381 συνῆτε
3101 3328 3114 3341 ο
3149 3311 3241 3363 καὶ
3263 3311 3551 3380 βλέποντες
3578 3312 3824 3383 βλέψετε,

2250 3403 2346 3455 καὶ
2411 3402 2472 3454 ού
2529 3401 2603 3473 μὴ
2652 3401 2817 3473 ἴδητε.
2875 3400 3180 3473 Ἐπαχύνθη
3236 3401 3346 3473 γὰρ
3393 3405 3426 3474 ή
3484 3404 3682 3473 καρδία
3727 3402 3826 3456 τοῦ

2251 3492 2379 3545 λαοῦ
2411 3492 2621 3558 τούτου,
2648 3492 2743 3546 καὶ
2782 3495 2893 3556 τοῖς
2927 3492 3060 3545 ὠσὶν
3098 3491 3276 3561 αὐτῶν
3324 3491 3534 3565 βαρέως
3563 3494 3828 3565 ἥκουσαν,

2252 3583 2345 3637 καὶ
2392 3584 2516 3646 τοὺς
2572 3583 2882 3654 ὀφθαλμοὺς
2934 3583 3113 3637 αὐτῶν
3173 3583 3498 3655 ἐκάμμυσαν
3525 3626 3540 3652 ,
3614 3584 3829 3654 μήποτε

2254 3675 2403 3728 ίδωσι
2442 3679 2553 3740 τοῖς
2583 3675 2881 3747 ὀφθαλμοῖς
2924 3677 3135 3741 αὐτῶν,
3162 3678 3258 3730 καὶ
3299 3679 3412 3741 τοῖς
3463 3677 3595 3731 ὠσὶν
3642 3676 3828 3732 αὐτῶν

2251 3768 2543 3834 ἀκούσωσι,
2571 3769 2664 3821 καὶ
2703 3773 2769 3839 τῇ
2803 3768 2999 3840 καρδία
3042 3769 3264 3832 συνῶσι,
3299 3771 3391 3822 καὶ
3431 3768 3824 3841 ἐπιστρέψωσι,

2252 3863 2346 3916 καὶ
2384 3862 2621 3932 ίάσωμαι
2647 3863 2860 3926 αὐτούς.
2887 3880 2904 3913 ι
2944 3862 3021 3915 Δι’
3045 3856 3120 3916 ὧν
3147 3862 3406 3935 ἄντικρυς
3441 3861 3684 3926 θεσπίζει
3724 3864 3828 3934 τὴν

2251 3954 2514 4026 ἐσομένην
2559 3956 2638 4018 είς
2675 3955 2836 4007 αὑτὸν
2865 3955 3170 4023 ἀντιλογίαν
3212 3953 3310 4007 τοῦ
3364 3954 3631 4008 Ἰουδαίων
3665 3953 3823 4020 λαοῦ,

2251 4049 2345 4101 καὶ
2369 4049 2443 4110 ὡς
2481 4048 2700 4118 ὄψονται
2733 4050 2830 4119 μὲν
2866 4048 3048 4113 αὐτὸν,
3082 4049 3145 4101 ού
3189 4048 3295 4120 μήν
3341 4048 3686 4120 προσέξουσι,
3738 4047 3828 4112 τις

2251 4141 2334 4213 εἴη
2355 4158 2368 4172 ο
2397 4139 2644 4210 λέγοντός
2670 4157 2730 4194 τε
2767 4141 2824 4192 ὲν
2851 4141 3036 4203 αὐτοῖς
3067 4140 3158 4192 καὶ
3188 4138 3529 4203 διδάσκοντος
3563 4137 3830 4193 ἀκούσον-

2250 4253 2362 4298 ται,
2412 4235 2474 4288 οὐ
2527 4235 2632 4305 μὴν
2665 4235 2759 4287 καὶ
2810 4233 3130 4304 συνήσουσιν
3173 4231 3285 4286 οὗθ’
3331 4233 3476 4296 ὅστις
3521 4231 3596 4286 ὣν
3637 4234 3828 4300 αὐτοῖς

2249 4326 2561 4394 διαλέξοιτο,
2589 4326 2702 4380 οὗθ’
2725 4326 2868 4397 ἀπερ
2892 4327 3074 4387 αὐτοῖς
3111 4326 3212 4396 τῆς
3245 4327 3435 4397 καινῆς
3473 4325 3829 4391 διδασκαλίας

2253 4419 2563 4493 παραδώσει
2606 4418 2921 4491 μαθήματα.
2961 4419 3246 4490 Μαρτυρεῖ
3273 4417 3329 4470 δὲ
3365 4419 3476 4482 τοῖς
3506 4416 3616 4470 τῶν
3647 4417 3828 4486 λόγων

2179 4514 2224 4568 D
2251 4512 2685 4583 ἁποτελέσμασιν
2731 4512 2759 4563 6
2801 4511 3195 4580 εὐαγγελιστὴς
3249 4510 3498 4580 Ἰωάννης
3550 4508 3680 4582 περὶ
3724 4508 3826 4563 τοῦ

2251 4601 2501 4672 Σωτῆρος
2526 4600 2681 4672 ἡμῶν
2731 4599 2935 4668 λέγων·
2971 4618 2990 4650 ‹
3022 4598 3271 4654 Τοσαῦτα
3315 4598 3372 4652 δὲ
3415 4598 3579 4652 αὑτοῦ
3620 4600 3828 4671 σημεῖα

2249 4693 2607 4766 πεποιηκότος
2640 4692 2945 4764 ἔμπροσθεν
2990 4693 3168 4747 αὐτῶν
3191 4733 3205 4758 ,
3244 4693 3344 4747 οὐκ
3373 4693 3698 4746 ἐπίστευσαν
3740 4693 3828 4757 εἰς

2248 4788 2429 4851 αὑτὸν,
2459 4787 2545 4841 ἵνα
2578 4790 2608 4842 6
2631 4787 2784 4856 λόγος
2828 4785 3052 4841 Ἡσαΐου
3081 4785 3174 4840 τοῦ
3215 4788 3486 4857 προφήτου
3522 4785 3778 4858 πληρωθῇ
3803 4823 3823 4850 ,

2247 4881 2305 4935 ὃν
2337 4877 2488 4934 sim—2'
2529 4880 2721 4950 Κύριε,
2760 4881 2842 4944 τίς
2871 4880 3157 4934 ἐπίστευσε
3197 4880 3264 4949 τῇ
3327 4879 3460 4949 ἀκοῇ
3494 4877 3687 4949 ήμῶνς
3726 4878 3824 4932 καὶ

2248 4978 2276 5028 6
2313 4974 2550 5046 βραχίων
2593 4974 2799 5045 Κυρίου
2828 4975 2932 5028 τίνι
2976 4971 3369 5042 ἀπεκαλύφθης
3402 4972 3489 5026 διὰ
3527 4971 3689 5026 τοῦτο
3719 4971 3824 5028 ιῦκ

2249 5066 2507 5136 ἠδύναντο
2533 5068 2826 5129 πιστεύειν,
2849 5067 2930 5120 ὅτι
2976 5065 3136 5120 πάλιν
3177 5061 3328 5119 εἶπεν
3362 5065 3618 5128 Ἠσαῒαςο
3654 5064 3826 5118 Τετύ-

2251 5158 2460 5226 φλωκεν
2514 5157 2692 5212 αὐτῶν
2740 5161 2866 5223 τοὺς
2918 5157 3266 5229 ὀφθαλμοὺς,
3323 5157 3419 5210 καὶ
3479 5155 3825 5228 πεπὼρωκεν

2250 5249 2428 5304 αὐτῶν
2459 5251 2557 5322 τὴν
2594 5250 2850 5322 καρδίαν,
2886 5251 2973 5303 ἵνα
3019 5249 3092 5320 μὴ
3135 5249 3286 5303 ἴδωσι
3329 5251 3439 5313 τοῖς
3481 5247 3823 5320 ὀφθαλμοῖς,

2249 5341 2342 5393 καὶ
2374 5343 2608 5412 νοήσωσι
2632 5343 2697 5412 τῇ
2724 5341 2936 5413 καρδίᾳ,
2962 5343 3055 5394 καὶ
3087 5339 3478 5412 ἐπιστρέψωσι,
3515 5342 3612 5394 καὶ
3654 5341 3825 5394 ίάσωο

2253 5453 2350 5506 μαι
2383 5435 2595 5499 αὐτούς.
2629 5434 2811 5489 Ταῦτα
2843 5431 2995 5488 εἶπεν
3021 5435 3249 5498 Ἡσαΐας
3282 5437 3370 5489 ὅτε
3403 5431 3508 5489 εἶδε
3540 5435 3641 5506 τὴν
3667 5435 3831 5501 δόξαν

2249 5529 2444 5592 αὑτοῦ,
2492 5531 2584 5583 καὶ
2626 5526 2969 5600 ἐμαρτύρησε
3015 5529 3145 5602 περὶ
3195 5512 3393 5584 αύτοῦί
3423 5549 3440 5582 ι
3495 5529 3830 5600 Ἀναμφιλό-

2246 5638 2359 5690 γως
2386 5617 2478 5678 οὖν
2516 5621 2607 5677 ἐπὶ
2630 5619 2720 5676 τὸν
2746 5620 2978 5694 Χριστὸν
3010 5623 3274 5696 ἀνήνεγκε
3299 5625 3395 5698 τήν
3423 5626 3480 5679 ἐν
3505 5623 3586 5698 τῷ
3628 5623 3831 5699 Ἡσαΐᾳ
