4080 6416
314 398 418 454 193

1201 400 1852 461 DEMONSTRATIDNlS
1891 404 2348 462 EVANGELICAE
2390 403 2516 460 LIB.
2561 406 2676 462 Vll.

3445 404 3552 460 ωε

309 514 630 582 θεοφάνειαν
705 516 734 567 ό
799 514 1183 588 εὐαγγελιστὴς
1212 557 1225 577 ,
1289 519 1382 571 καὶ
1444 519 1534 572 ἐπὶ
1599 520 1690 574 τὸν
1754 522 1850 574 ’1ου

1989 517 2324 589 impleretur,
2367 535 2526 590 quem
2551 519 2688 574 dixit
2718 538 2730 572 :
2764 515 3009 581 Domine,
3041 518 3164 589 quis
3190 518 3421 573 credidit
3447 536 3550 573 au-

306 609 470 662 δαίων
519 608 648 662 λαὸν
699 611 760 662 ού
809 610 1276 681 παραδεδεγμένον
1315 614 1402 665 τὸν
1450 614 1758 685 ἑωραμένον
1803 615 1880 684 τῷ

309 700 564 772 πρὶφήτῃ
597 701 836 774 Κύριον,
873 702 1012 756 κατά
1047 703 1145 772 τὴν
1190 705 1317 775 περ)⁸
1357 705 1518 758 αὑτοῦ
1555 706 1874 778 πρόρρησιν.

305 790 398 861 Τῷ
453 791 588 859 γοῦν
661 794 913 866 προφήτῃ
1009 795 1274 866 ἑωρακότι
1341 796 1431 849 τόν
1501 797 1704 868 Κύριον
1771 799 1876 851 Σα-

307 882 454 936 ϐαώθ
513 902 678 953 φησιν
714 888 743 940 ό
785 887 1029 958 χρησμός
1070 890 1240 942 είπεῖν
1270 889 1348 960 τῷ
1386 890 1650 944 Ἰουδαίων
1686 891 1828 944 ἔθνει
1859 934 1872 957 ,

303 976 385 1029 ὅτι
438 976 502 1048 δὴ
546 980 642 1031 καὶ
687 980 841 1033 αὐτοὶ
877 981 1091 1050 όψονταί
1135 999 1264 1035 ποτε
1316 983 1408 1036 τὸν
1449 983 1632 1050 αὐτόν,
1668 985 1779 1037 ἀλλ’
1812 987 1873 1038 οὐ

307 1069 630 1138 συνήσουσιν
667 1070 814 1134 ὅστις
839 1071 957 1143 εἴη,
995 1075 1087 1125 καὶ
1119 1072 1440 1128 ἀκούσονται
1484 1076 1648 1129 αὑτοῦ
1693 1076 1873 1144 λέγον-

300 1176 394 1224 τος
429 1163 487 1213 ὲν
517 1164 697 1227 αὐτοῖς
725 1166 816 1218 καὶ
846 1167 1183 1231 διδάσκοντος
1201 1209 1215 1231 ,
1242 1167 1355 1221 ἀλλ’
1381 1169 1442 1220 ού
1479 1171 1748 1240 νοήσουσι,
1784 1171 1872 1224 διὰ

299 1252 365 1304 τὸ
413 1255 783 1325 πεπωρῶσθαι
839 1259 1013 1312 αὐτῶν
1060 1259 1156 1331 τὴν
1199 1261 1446 1333 καρδίαν.
1489 1262 1653 1316 Ταῦτ’
1687 1259 1781 1316 οὖν
1842 1267 1870 1316 ό

310 1339 541 1407 Ἠσαῖας
567 1345 634 1397 δι’
654 1339 727 1399 ὧν
753 1348 952 1419 παρεθέ
963 1350 1098 1420 μεθα
1123 1349 1317 1417 λέξεων
1343 1352 1624 1414 θεσπίσας,
1646 1355 1702 1405 ὲν
1731 1356 1869 1406 ἱστο-

299 1431 423 1501 ρίας
456 1434 729 1506 ἀφηγήσει
755 1438 1024 1506 πολεμίων
1057 1439 1241 1508 ἔφοδον
1272 1441 1412 1494 κατά
1447 1443 1538 1495 τοῦ
1573 1444 1744 1512 Ἀχαζ
1763 1485 1776 1508 ,
1811 1445 1868 1507 ὃς

296 1523 484 1594 ἐπεῖχε
533 1527 650 1580 τότε
683 1529 750 1581 τὰ
785 1529 881 1599 τῆς
933 1531 1204 1600 βασιλείας
1240 1532 1347 1586 τῶν
1391 1534 1656 1587 Ἰουδαίων
1695 1534 1824 1590 λαοῦ
1849 1577 1864 1600 ,

296 1617 624 1688 ὑπογράφει,
657 1619 748 1672 καὶ
781 1619 879 1688 τὴν
903 1621 1010 1674 τῶν
1039 1623 1136 1692 μὲν
1165 1623 1434 1694 αἰσθητῶν
1469 1626 1738 1697 πολεμίων
1771 1645 1866 1680 κα-

292 1707 542 1778 θαίρεσιν
562 1711 782 1775 αὐτίκα,
815 1713 904 1765 καὶ
933 1714 1032 1766 οὐκ
1057 1715 1135 1778 είς
1161 1715 1376 1785 μακρὰν
1403 1716 1725 1788 γενήσεσθαι
1765 1737 1862 1789 σηο

297 1804 510 1873 μαίνει’
551 1797 626 1856 ὧν
663 1805 719 1859 δὲ
758 1805 998 1877 σύμϐολα
1040 1807 1200 1879 ἔφερε
1249 1809 1451 1880 νοητῶν
1489 1811 1583 1864 καὶ
1620 1813 1862 1882 ἀοράτων

1987 611 2120 665 ditui
2143 619 2351 673 nostro,
2370 619 2424 665 et
2447 610 2732 664 brachium
2750 608 2963 664 Domini
2992 611 3078 664 cui
3104 611 3398 666 revelatum
3427 611 3554 666 est?

1987 711 2272 771 propterea
2310 717 2420 755 non
2464 709 2712 770 poterant
2753 700 2973 755 credere
2995 743 3010 766 ,
3038 702 3162 770 quia
3189 701 3384 756 iterum
3415 701 3552 756 dixit

1984 793 2153 848 Isaias
2186 813 2199 847 :
2235 792 2537 848 Excaacavit
2559 794 2747 847 oculos
2795 809 3004 857 eorum,
3040 801 3094 846 et
3143 793 3411 848 induravit
3455 808 3553 864 cur

1980 901 2169 940 eorum
2192 925 2206 948 ,
2241 901 2308 940 ne
2341 885 2558 939 videant
2583 885 2794 949 oculis,
2821 895 2874 940 et
2919 886 3083 940 corde
3125 885 3462 955 intelligant,
3495 895 3550 948 et

1980 983 2390 1039 convertantur,
2416 985 2470 1030 et
2493 993 2676 1030 sanem
2693 992 2808 1032 eos.
2835 976 2958 1032 Huic
2983 977 3119 1030 dixit
3140 975 3306 1031 Isaias
3328 975 3549 1046 quando

1979 1066 2113 1120 vidit
2135 1067 2361 1138 gloriam
2388 1067 2528 1136 ejus,
2547 1078 2600 1122 et
2621 1067 2942 1122 testificatus
2969 1075 3052 1122 est
3081 1067 3148 1122 de
3168 1083 3233 1123 eo
3253 1068 3317 1120 ”.
3363 1086 3380 1120 ι
3407 1065 3546 1139 Ergo

1979 1158 2186 1227 absque
2209 1159 2578 1213 controversia
2607 1159 2869 1213 visionem
2890 1159 3035 1213 illam
3056 1159 3152 1214 Dei
3175 1160 3242 1213 ad
3263 1159 3543 1233 Christum

1977 1249 2505 1319 retulitevangelista
2522 1247 2782 1310 Joannes,
2801 1249 2932 1304 etad
2955 1248 3242 1303 Iudaicum
3261 1251 3541 1330 populum,

1977 1342 2068 1410 qui
2133 1341 2308 1396 visum
2377 1357 2407 1394 a
2467 1342 2729 1411 prephcta
2789 1339 3073 1395 Dominum
3107 1380 3124 1404 ,
3187 1341 3544 1412 quemadmo-

1975 1431 2104 1486 dum
2158 1432 2228 1485 ab
2276 1432 2371 1485 illo
2420 1432 2540 1502 ipso
2590 1431 2908 1502 prazdictum
2951 1439 3054 1493 est,
3105 1448 3214 1486 non
3271 1435 3535 1502 suscepit.

1971 1523 2132 1594 313
2155 1522 2288 1578 Nam
2317 1539 2440 1578 cum
2482 1524 2770 1578 Dominum
2807 1525 3044 1580 Sabaoth
3077 1525 3341 1596 propheta
3369 1525 3541 1578 vidis-

1973 1626 2076 1680 set,
2116 1617 2282 1671 refert
2307 1619 2610 1682 oraculum,
2643 1618 3098 1690 quemadmodum
3136 1618 3236 1687 ipsi
3266 1632 3539 1689 praecepe-

1971 1713 2063 1778 rit,
2103 1721 2160 1766 ut
2189 1713 2255 1767 ad
2283 1712 2500 1769 Judaaos
2525 1716 2729 1771 diceret
2763 1734 2776 1768 :
2814 1715 2956 1786 quod
2986 1716 3089 1784 ipsi
3130 1715 3280 1769 illum
3317 1716 3534 1784 quidem

1971 1804 2264 1874 aliquando
2295 1807 2576 1869 videbunt,
2612 1807 2704 1863 sed
2737 1822 2844 1862 non
2879 1808 3184 1876 intelligent
3211 1805 3337 1876 quis
3364 1807 3458 1868 sit,
3481 1813 3536 1860 et
3633 1829 3637 1832 ·

293 1892 528 1966 ἐχθρῶν,
579 1895 846 1967 δαιμόνων
890 1897 1084 1962 τινῶν,
1135 1901 1226 1952 καὶ
1273 1901 1494 1970 ἀφανῶν
1553 1902 1833 1972 δυνάμεων

1968 1895 2190 1951 audient
2238 1897 2388 1951 illum
2421 1899 2728 1968 loquentem
2781 1901 2922 1953 inter
2953 1900 3101 1968 ipsos
3145 1907 3199 1952 et
3224 1898 3534 1960 docentem,

290 1986 422 2056 περὶ
450 1978 526 2039 ῶν
554 1986 840 2058 ἀρχόμενοι
862 1989 958 2058 τῆς
985 1989 1112 2059 ὅλης
1150 1991 1531 2061 πραγματείας
1552 1992 1866 2062 διεληλύθα-

291 2091 416 2143 μεν,
442 2075 517 2140 ὡς
553 2078 612 2130 οὐ
649 2079 806 2148 μόνον
835 2079 896 2131 τὸ
944 2079 1210 2132 Ἰουδαίων
1241 2079 1408 2144 ἔθνος,
1442 2080 1578 2134 ἀλλὰ
1619 2083 1710 2135 καὶ
1756 2085 1862 2136 πᾶν

286 2169 352 2220 τὸ
390 2168 727 2240 ἀνθρώπειον
765 2170 920 2239 γένος
957 2171 1048 2222 ἐπὶ
1078 2172 1186 2224 πᾶν
1218 2168 1358 2236 εἶδος
1390 2175 1587 2237 κακίας
1606 2217 1619 2239 ,
1651 2177 1742 2228 καὶ
1771 2178 1864 2230 ἐπὶ

287 2258 462 2328 αὐτὴν
493 2274 556 2325 γε
581 2257 677 2329 τὴν
700 2258 856 2312 ἄθεον
881 2261 1316 2333 εἰδωλολατρείαν
1339 2263 1818 2333 καταϐεϐληκότων
1843 2308 1858 2330 ,

282 2350 388 2402 οὐκ
413 2349 589 2412 ἄλλως
622 2350 718 2421 τὴν
751 2345 916 2422 ἧτταν
950 2353 1167 2407 ἔσεσθαι
1200 2353 1349 2424 δηλοῖ
1379 2355 1412 2425 ἢ
1446 2355 1534 2409 διά
1562 2356 1728 2426 μόνης
1761 2358 1860 2428 τῆς

284 2438 684 2513 θεσπιζομένης
739 2447 818 2507 είς
874 2444 1191 2516 ἀνθρώπους
1244 2447 1534 2517 ἐπιδημίας
1581 2447 1675 2502 τοῦ
1719 2449 1856 2502 Θεοῦ

285 2531 490 2598 Λόγου,
537 2531 597 2596 ἐξ
657 2535 1026 2606 ἀπειρογάμου
1083 2535 1360 2607 Παρθένου
1407 2538 1604 2609 σκῆνος
1652 2539 1859 2612 ἀνθρώο

284 2638 440 2674 πειον
468 2623 894 2695 ἀναληψομένου.
922 2628 1018 2691 Τίς
1039 2628 1096 2681 δὲ
1128 2629 1274 2702 αὐτῷ
1311 2632 1342 2699 ή
1371 2629 1558 2684 τούτου
1587 2632 1742 2703 χρεία
1769 2629 1857 2705 ἦν,

280 2710 476 2782 καιρὸς
511 2711 577 2765 ἂν
597 2714 680 2784 εἴη
705 2714 997 2768 διαλαϐεῖν.

1966 1988 2062 2044 sed
2091 2003 2197 2042 non
2229 1990 2549 2059 percipient,
2587 1999 2873 2060 propterea
2895 1989 3040 2060 quod
3075 1988 3390 2042 induratum
3427 1989 3535 2042 erit

1964 2094 2062 2132 cor
2087 2095 2298 2134 eorum.
2333 2079 2470 2134 Cum
2515 2082 2630 2135 hac
2674 2082 2840 2152 igitur
2870 2079 3039 2136 Isaias
3079 2081 3164 2135 his
3203 2093 3326 2149 quae
3368 2095 3535 2149 appo-

1963 2171 2199 2236 suimus,
2231 2172 2410 2228 verbis
2439 2181 2622 2236 canat,
2658 2175 2713 2227 in
2755 2173 2994 2228 historire
3027 2172 3245 2226 modum
3293 2173 3531 2228 hostium

1967 2263 2231 2320 adversus
2273 2263 2454 2318 Achaz
2481 2268 2763 2336 impetum,
2796 2267 2915 2334 (μή.
2942 2273 3072 2319 tunc
3105 2264 3319 2319 Judaici
3349 2265 3533 2336 populi

1965 2371 2192 2427 regnum
2224 2359 2556 2422 obtinuerat,
2593 2357 2873 2419 describit,
2920 2365 2974 2411 et
3004 2372 3033 2410 a
3067 2355 3373 2410 visibilihus
3410 2355 3534 2425 qui—

1963 2447 2086 2502 dem
2119 2449 2368 2504 hostibus
2396 2450 2608 2503 ruinam
2635 2449 2806 2511 brevi,
2835 2462 3011 2517 neque
3036 2445 3177 2501 haud
3208 2446 3379 2500 multo
3408 2455 3534 2516 post

1965 2539 2204 2593 futuram
2258 2539 2546 2610 signiﬁcat.
2595 2538 2840 2604 Quorum
2890 2553 3017 2592 vero
3073 2539 3229 2608 signa
3281 2537 3528 2608 quaedam

1964 2631 2230 2685 duntaxat
2269 2632 2454 2684 attulit
2477 2632 2554 2702 (hi
2599 2646 2764 2700 porro
2793 2639 2920 2686 sunt
2960 2631 3324 2701 intelligibiles
3364 2638 3529 2699 atque

1965 2723 2265 2779 invisibiles
2296 2724 2520 2794 quidam
2562 2724 2769 2785 hostes,
2806 2722 3080 2778 daemones
3113 2723 3302 2794 utique
3334 2735 3398 2775 ac
3427 2721 3533 2776 sub

281 2807 464 2860 visum
501 2823 610 2862 non
635 2808 893 2866 cadentes
915 2820 1235 2882 potestates,
1261 2812 1328 2868 de
1356 2814 1560 2884 quibus
1593 2815 1751 2870 initio
1802 2819 1970 2872 totius
2029 2821 2214 2888 operis
2266 2818 2654 2878 disseruimus,
2695 2817 2840 2888 quod
2892 2832 3000 2872 non
3031 2818 3201 2872 solam
3246 2813 3530 2870 Iudaicam

279 2917 522 2978 gentem,
575 2908 671 2964 sed
726 2925 887 2963 omne
931 2924 1156 2978 prorsus
1200 2909 1499 2963 humanum
1553 2925 1747 2980 genus,
1800 2912 1854 2965 in
1889 2929 2052 2967 omne
2080 2913 2302 2968 malitiae
2323 2928 2516 2984 genus,
2549 2928 2614 2968 ac
2639 2913 2874 2983 denique
2901 2919 2957 2967 in
3009 2913 3186 2983 ipsum
3244 2911 3393 2966 omni
3443 2926 3529 2963 re-

280 3000 470 3069 ligioni
526 2999 860 3055 contrarium
931 3002 1349 3057 simulacrorum
1415 3004 1625 3058 cultum
1697 3007 2121 3076 compulerint),
2190 3008 2291 3061 hos
2342 3022 2452 3060 non
2525 3006 2686 3060 aliter
2740 3008 2884 3061 vinci
2935 3022 3096 3076 posse
3152 3006 3524 3065 demonstrat,

278 3109 448 3164 quam
478 3112 574 3166 per
597 3113 790 3160 unum,
823 3098 915 3168 qui
950 3097 1168 3152 canitur
1202 3097 1292 3152 Dei
1324 3097 1487 3154 Verbi
1517 3099 1584 3154 ad
1607 3100 1858 3157 homines
1891 3117 2195 3167 accessum,
2234 3103 2378 3172 quod
2428 3102 2648 3172 quidem
2694 3101 2788 3157 Dei
2823 3101 3056 3155 Verbum
3099 3108 3248 3155 esset
3306 3115 3371 3153 ex
3438 3099 3525 3151 in-

277 3199 451 3261 nupta
514 3189 734 3262 Virgine
798 3192 1095 3246 humanum
1150 3207 1350 3262 corpus
1409 3204 1840 3264 assumpturum.
1917 3196 2024 3252 Sed
2079 3199 2241 3267 hujus
2288 3198 2364 3251 illi
2407 3199 2660 3266 quisnam
2719 3211 2852 3250 usus
2895 3195 3078 3260 fuerit,
3123 3194 3236 3264 jam
3309 3199 3525 3261 tempus

275 3298 400 3339 esse
429 3284 665 3347 videtur,
698 3293 755 3338 ut.
784 3285 946 3339 latius
975 3287 1337 3356 inquiramus.

371 3401 451 3457 Τὰ
475 3401 611 3470 περὶ
640 3400 748 3468 τῆς
779 3400 884 3454 τοῦ
924 3400 1195 3469 Σωτῆρος
1224 3401 1390 3471 ἡμῶν
1416 3403 1753 3473 ἐπιδημίας.

357 3515 578 3584 Ἐπειδὴ
616 3532 636 3565 ι
675 3515 740 3566 δι’
767 3514 1052 3584 ἀνθρώπου
1079 3514 1305 3579 θάνατος
1352 3516 1596 3588 εἰσῆλθεν
1640 3521 1718 3581 είς
1756 3517 1846 3570 τὸν

269 3604 496 3674 κόσμον,
510 3622 532 3656 ι
549 3605 711 3673 φησὶν
733 3606 760 3656 ό
787 3605 1118 3668 Ἀπόστολος,
1134 3608 1268 3678 χρῆν
1281 3607 1450 3678 δήπου
1470 3607 1556 3661 διὰ
1573 3609 1666 3662 τοῦ
1683 3610 1844 3663 αὑτοῦ

266 3695 561 3769 ἀνθρώπου
588 3697 688 3767 τὴν
718 3699 855 3750 κατά
882 3697 976 3750 τοῦ
1014 3698 1242 3752 θανάτου
1271 3699 1629 3771 βραϐευθῆναι
1655 3701 1810 3772 νίκην
1829 3740 1843 3764 ,

268 3788 365 3841 καὶ
397 3786 462 3839 τό
494 3785 652 3856 σῶμα
681 3784 774 3838 τοῦ
807 3785 1034 3839 θανάτου
1068 3787 1224 3857 σῶμα
1261 3787 1405 3857 ζωῆς
1445 3788 1842 3860 ἀναδειχθῆναι,

266 3879 364 3930 καὶ
399 3878 500 3948 τῆς
533 3876 804 3948 ἁμαρτίας
849 3877 947 3948 τὴν
995 3878 1272 3948 βασιλείαν
1316 3880 1375 3931 ὲν
1413 3878 1490 3948 τῷ
1527 3879 1704 3950 θνητῷ
1748 3880 1845 3933 σώ-

268 3985 400 4038 ματι
429 3969 490 4021 τὸ
511 3968 641 4039 πρὶν
676 3966 998 4038 ἐνεργοῦσαν
1026 3968 1410 4038 καταλυθῆναι,
1451 3968 1644 4038 μηκέτι
1677 3971 1846 4040 ἀμαρ-

261 4063 386 4126 τίας
418 4063 608 4126 αὐτοῦ,
643 4061 775 4115 ἀλλά
796 4061 1137 4133 δικαιοσύνης
1169 4062 1473 4134 κρατούσης
1492 4079 1503 4091 ·
1533 4065 1625 4116 καὶ
1656 4065 1841 4134 ἐπειδὴ

260 4153 351 4206 διά
381 4153 493 4206 τῶν
526 4154 625 4223 τῆς
657 4153 855 4224 σαρκὸς
885 4153 1295 4225 ἁμαρτημάτων
1328 4152 1494 4223 πάλαι
1521 4154 1778 4224 πρότερον
1807 4159 1838 4223 ἡ

263 4245 472 4309 πτῶσις
525 4247 734 4312 ἐγίνετο
795 4247 958 4299 πᾶσιν
1017 4244 1325 4316 ἀνθρώποις
1348 4285 1361 4306 ,
1421 4246 1645 4310 εἰκότως
1680 4247 1838 4300 πάλιν

259 4337 329 4389 δι’
381 4338 772 4409 ἀναμαρτήτου
799 4377 813 4400 ,
858 4337 952 4391 καὶ
991 4337 1171 4408 πάσης
1229 4336 1498 4407 ἀχράντου
1539 4339 1733 4401 κακίας
1771 4339 1838 4390 τὰ

261 4428 402 4482 κατὰ
443 4428 556 4481 τῶν
583 4427 792 4498 ἐχθρῶν
825 4429 1143 4500 ἀνηγείρετο
1181 4429 1432 4499 τρόπαια.
1469 4428 1641 4480 Τίνων
1660 4427 1716 4480 δὲ
1746 4430 1837 4499 ἐχ-

251 4521 405 4592 θρῶν
429 4523 463 4592 ἢ
499 4521 608 4574 τῶν
633 4520 798 4573 πάλαι
821 4519 909 4574 διὰ
939 4519 1047 4573 τῶν
1075 4521 1174 4590 τῆς
1207 4521 1408 4591 σαρκὸς
1429 4519 1628 4590 ἡδονῶν
1663 4539 1833 4575 κατα-

256 4611 600 4667 παλαιόντων
649 4608 709 4663 τὸ
757 4609 1086 4678 ἀνθρώπειον
1143 4610 1336 4677 γένος;
1394 4610 1486 4662 καὶ
1542 4610 1714 4672 ἄλλως
1776 4611 1833 4662 δὲ

259 4704 453 4774 ἐχρῆν,
483 4701 792 4774 ἀνθρώποις
823 4700 958 4754 Θεοῦ
989 4702 1159 4768 Λόγον
1196 4701 1403 4772 ὁμιλεῖν
1427 4700 1708 4772 μέλλοντα,
1739 4700 1834 4754 καὶ

2065 3402 2195 3466 Quae
2227 3407 2463 3467 spectant
2496 3397 2565 3450 ad
2589 3397 2882 3453 Saluatoris
2919 3397 3087 3448 nostri
3115 3394 3412 3450 adventum.

2026 3513 2162 3579 Quia
2198 3531 2216 3564 ‹
2249 3528 2344 3582 per
2378 3513 2651 3566 hominem
2685 3524 2835 3563 mors
2876 3508 3098 3562 intravit
3136 3508 3189 3561 in
3233 3509 3516 3572 mundum,

1954 3607 2030 3658 ait
2066 3604 2361 3674 Apostolus
2381 3605 2470 3666 δ”,
2502 3622 2521 3654 ι
2561 3601 2766 3654 idcirco
2799 3599 3060 3653 adversus
3091 3605 3322 3654 mortem
3353 3599 3522 3653 victo.

1952 3698 2086 3751 riam
2127 3696 2358 3751 obtineri
2403 3709 2498 3764 per
2541 3693 2791 3748 eumdem
2839 3691 3109 3744 hominem
3155 3691 3416 3764 oportuit,
3466 3699 3520 3744 et

1949 3788 2094 3858 quod
2127 3789 2321 3841 mortis
2363 3787 2541 3840 fuerat
2587 3798 2810 3854 corpus,
2845 3782 2967 3835 vita:
2999 3795 3199 3848 corpus
3223 3762 3514 3844 declarari,

1948 3890 2002 3934 et
2043 3879 2252 3949 peccati
2289 3892 2536 3947 regnum,
2566 3875 2710 3945 quod
2747 3873 2900 3941 prius
2943 3873 2998 3925 in
3041 3887 3271 3942 corpore
3299 3873 3518 3927 mortali

1947 3975 2056 4025 vim
2107 3985 2260 4025 suam
2313 3967 2622 4030 exercebat,
2667 3965 2834 4020 deleri
2892 3979 3063 4033 usque
3097 3965 3254 4030 adeo,
3302 3972 3361 4017 ut
3405 3979 3514 4018 non

1947 4062 2182 4130 amplius
2207 4060 2283 4112 illi
2319 4065 2626 4128 peccatum,
2653 4057 2746 4112 scd
2782 4057 2997 4124 justitia
3031 4057 3427 4124 dominaretur,
3459 4064 3516 4111 et

1945 4158 2201 4226 quoniam
2223 4170 2287 4208 ex
2315 4153 2555 4224 peccatis
2584 4152 2855 4220 corporis,
2893 4158 3050 4202 antea
3091 4151 3310 4204 cunctis
3338 4151 3514 4204 homi-
3569 4175 3574 4180 ι

1948 4250 2108 4302 nibus
2147 4247 2305 4300 ruina
2359 4244 2499 4299 facta
2541 4252 2646 4306 est,
2695 4243 2888 4296 merito
2933 4257 3126 4295 rursus
3182 4256 3278 4308 per
3327 4241 3510 4295 omnis

1944 4340 2151 4408 peccati
2185 4353 2378 4406 expers
2409 4351 2631 4406 corpus,
2656 4333 2913 4400 omnique
2943 4345 3170 4400 prorsus
3193 4331 3398 4382 malitia
3428 4331 3512 4383 iu-

1943 4438 2173 4491 tactum,
2211 4435 2414 4495 tropzea
2453 4427 2714 4479 adversus
2745 4423 2929 4476 hostes
2974 4419 3231 4491 erigenda
3263 4420 3506 4475 fuerunt.

1945 4520 2051 4577 Sed
2085 4535 2224 4591 quos
2251 4519 2468 4572 tandem
2497 4519 2701 4578 hostes,
2733 4515 2836 4570 nisi
2859 4531 2954 4570 eos
2986 4514 3078 4582 qui
3109 4515 3237 4568 olim
3267 4529 3364 4584 per
3383 4528 3509 4567 cor-

1942 4626 2135 4682 porcas
2165 4611 2471 4678 voluptates
2507 4609 2800 4661 humanum
2841 4621 3014 4674 genus
3056 4606 3514 4675 prosteruebant?

1939 4711 2200 4774 praeterea
2250 4715 2372 4755 cum
2425 4697 2519 4751 Dei
2555 4697 2793 4751 Verbum
2845 4705 2991 4750 esset
3031 4711 3153 4750 cum
3198 4697 3508 4750 hominibus

259 4793 465 4864 σαρκὸς
489 4794 682 4855 ἀκοαῖς
719 4793 783 4844 τά
814 4793 911 4863 τῆς
943 4792 1218 4855 εὐσεϐείας
1249 4793 1547 4863 μαθήματα
1575 4792 1830 4864 παραδῶ-

1956 4796 2358 4853 :ollocuturum,
2405 4799 2460 4845 et
2508 4789 2788 4858 corporeis
2837 4787 3064 4840 auribus
3116 4796 3384 4856 prazcepta
3441 4787 3510 4841 de

258 4902 442 4948 σοντα,
491 4885 776 4956 τερατείας
813 4901 871 4936 τε
911 4886 1004 4938 καὶ
1039 4884 1491 4955 παραδοξοποιίας
1534 4885 1835 4956 ἀνθρώπων

251 4977 589 5047 ὀφθαλμοῖς,
625 4975 758 5029 Θεοῦ
787 4993 845 5028 τε
880 4975 1105 5047 δύναμιν
1145 4977 1347 5046 ἐναργῆ
1391 4979 1828 5048 παραστήσοντα,

257 5069 334 5138 μὴ
385 5067 562 5130 ἄλλως
607 5067 640 5137 ἢ
683 5067 771 5119 διὰ
798 5067 890 5120 τοῦ
921 5069 1182 5139 συνήθους
1218 5071 1350 5138 ἡμῖν
1395 5070 1626 5140 ὀργάνου
1677 5069 1831 5123 τοῦτο

252 5160 462 5231 πρᾶξαι
482 5178 498 5189 ο
532 5162 613 5212 ὅτι
647 5161 768 5213 οὐδὲ
791 5160 949 5213 πλέον
975 5159 1125 5212 οὐδὲν
1159 5159 1424 5229 σωμάτων
1451 5162 1582 5230 όρᾷν
1619 5160 1830 5232 ἀνθρὼ-

247 5269 370 5305 πων
398 5252 629 5306 δυνατὸν
651 5247 720 5322 ἦν
746 5251 1062 5321 ὀφθαλμοῖς,
1092 5251 1201 5304 οὐδ’
1223 5250 1441 5305 ἀκούειν
1474 5250 1642 5321 ἀκοὴν
1669 5251 1829 5304 πλέον

243 5366 302 5400 τι
312 5347 415 5401 τοῦ
434 5346 526 5399 διά
542 5344 784 5415 γλώττης
807 5344 1209 5416 προφερομένου
1236 5343 1492 5413 ἦχου.”1ν’
1509 5339 1603 5395 οὖν
1630 5343 1722 5396 καὶ
1741 5343 1828 5396 διὰ

245 5440 524 5510 σωμάτιον
552 5437 856 5508 αἰσθήσεως
878 5437 975 5506 τῆς
1004 5435 1113 5488 τῶν
1139 5434 1344 5505 νοητῶν
1380 5435 1472 5487 καὶ
1521 5435 1828 5505 ἀσωμάτων

240 5535 458 5596 ἑννοίας
483 5529 889 5600 ἐπιλαϐώμεθα,
907 5529 996 5581 τὸν
1021 5531 1152 5599 ἡμῖν
1179 5526 1414 5596 συγγενῆ
1443 5527 1536 5581 καὶ
1555 5529 1827 5597 γνώριμον

236 5625 404 5692 λόγον
423 5624 588 5685 αὐτὸς
618 5624 649 5675 ὁ
682 5621 815 5684 Θεὸς
848 5621 1017 5687 Λόγος
1046 5620 1407 5688 ἀνελάμϐανε,
1444 5619 1535 5672 καὶ
1563 5617 1737 5670 πάντα
1761 5635 1824 5685 γε

233 5717 308 5768 δι’
353 5714 522 5767 αὑτοῦ
564 5713 635 5766 τὰ
687 5713 928 5783 σωτήρια
962 5713 1071 5773 τοῖς
1105 5711 1388 5782 αὑτηκόοις
1415 5712 1508 5763 καὶ
1530 5711 1824 5775 αὑτόπταις

314 5874 358 5903 δ’
399 5869 560 5924 Joan.
599 5884 695 5935 xu,
723 5867 908 5923 37-“.
987 5867 1051 5898 ’⁵³⁸
1087 5867 1240 5921 Rom.
1279 5879 1331 5929 ι’,
1372 5863 1456 5919 l2.

1938 4891 2140 4959 pietate
2179 4887 2535 4946 traditurum,
2563 4881 2919 4952 prodigiaque
2951 4887 3004 4934 et
3036 4880 3298 4933 miracula
3329 4881 3507 4934 oculis

1942 4981 2244 5044 hominum,
2276 4975 2442 5049 διε,
2469 4975 2673 5044 Deique
2717 4973 2974 5026 virtutem
3019 4971 3297 5025 evidenter
3342 4979 3506 5041 atque

1938 5079 2122 5142 aperte
2147 5071 2671 5130 demonstraturum,
2705 5081 2814 5118 non
2846 5063 3006 5116 aliter
3035 5077 3201 5132 quam
3236 5076 3334 5130 per
3373 5076 3508 5116 con-

1935 5172 2174 5224 suetum,
2209 5161 2476 5229 nobisque
2514 5159 2782 5212 familiare
2821 5154 3271 5215 instrumentum,
3303 5151 3409 5206 hoc
3428 5151 3502 5204 fa-

1933 5271 2059 5310 cere
2100 5255 2279 5323 ipsum
2327 5251 2591 5320 oportuit,
2639 5249 2895 5318 quoniam
2940 5244 3075 5298 nihil
3114 5243 3332 5312 quidem
3384 5258 3504 5295 am—

1934 5345 2100 5414 plius,
2133 5358 2296 5413 quam
2341 5356 2462 5412 quae
2490 5353 2720 5408 corpora
2771 5344 2922 5397 sunt,
2974 5333 3299 5388 mortalibus
3328 5333 3507 5388 oculis

1932 5449 1991 5490 ut
2019 5451 2397 5496 cerneremus,
2434 5432 2546 5487 fieri
2577 5436 2810 5500 poterat,
2842 5441 3021 5496 neque
3043 5432 3104 5480 ut
3131 5425 3357 5480 auribus
3380 5441 3506 5493 per-

1929 5529 2257 5598 ciperemus,
2291 5541 2452 5596 quam
2505 5539 2722 5585 sonum,
2763 5521 2853 5590 qui
2887 5520 3069 5589 lingua
3097 5517 3331 5590 proferri
3369 5533 3503 5570 con-

1929 5622 2126 5676 suevit.
2162 5620 2230 5675 Ut
2263 5619 2428 5690 igitur
2460 5615 2738 5684 corporeis
2759 5627 2977 5684 quoque
3004 5611 3259 5667 sensibus
3293 5608 3496 5662 intelli-

1932 5711 2181 5782 gibilium
2213 5709 2767 5780 incorporearumque
2787 5718 2968 5759 rerum
3001 5703 3251 5757 notiones
3269 5712 3494 5770 capere-
