4100 6430
275 355 394 410 ιθτ

1141 341 1794 403 nsuousrnartoms
1832 342 2292 404 evasurum
2332 346 2462 404 Lm.
2505 335 2641 408 vu.’

3434 354 3542 419 498

267 465 520 521 ἀπιστία
545 464 820 535 τυγχάνει,
855 461 949 516 καὶ
979 460 1137 515 τοῦτο
1173 460 1271 533 τῆς
1312 459 1668 536 προρρήσεως
1692 455 1861 527 ἀψευ-

1964 456 2106 516 t‘acie
2132 460 2362 517 duorum
2388 479 2578 537 regum
2593 465 2657 521 δ’.
2689 485 2708 520 ι
2734 458 2799 522 Et
2822 484 2946 540 qua
2974 470 3194 542 quidem
3215 472 3284 530 ad
3307 474 3542 548 prophe-

265 560 391 625 δῶς
439 559 564 631 περὶ
608 556 786 612 αὐτῶν
842 556 934 610 καὶ
978 554 1114 626 πρὸς
1169 554 1365 618 αὐτοὺς
1415 549 1861 623 ἀποφηναμένης.

275 674 300 702 ο
340 652 470 707 Ἐὰν
492 651 621 724 γὰρ,
643 670 663 702 ι
694 650 847 721 φησὶ,
873 668 892 701 ι
906 648 982 721 μὴ
997 646 1345 718 πιστεύσητε.
1366 643 1484 699 οὐδὲ
1508 641 1585 717 μὴ
1608 642 1820 713 συνῆτε.
1839 662 1858 697 ι

284 746 437 799 Ἀλλ’
481 748 531 800 εί
562 746 719 815 φαῖεν
768 744 844 816 μὴ
894 740 1191 814 Παρθένον,
1225 739 1407 794 νεᾶνιν
1442 735 1502 791 δὲ
1545 735 1861 809 ὠνομάσθαι

268 839 345 891 ἂν
369 840 438 910 τῇ
467 838 654 910 Γραφῇ
684 835 847 909 (οὕτω
894 834 1002 907 γάρ
1022 850 1153 904 φασι
1181 831 1441 905 φέρεσθαι
1474 832 1603 904 παρ’
1625 830 1858 895 αὐτοῖς).

222 932 243 945 ’⁵
270 931 381 984 καὶ
429 933 580 983 ποῖον
610 929 680 984 ἂν
721 928 947 998 γένοιτο,
978 927 1242 999 φήσομεν,
1275 927 1499 997 σημεῖον
1530 922 1861 994 ἐπαγγελίας

271 1023 423 1078 Θεοῦ
454 1022 624 1089 ἄξιον,
667 1023 717 1077 εί
763 1019 1005 1092 συνήθως
1046 1016 1272 1082 τίκτειν,
1301 1013 1391 1074 οἷα
1422 1018 1517 1073 καὶ
1559 1019 1732 1073 πᾶσαι
1759 1033 1859 1087 γυ-

271 1120 492 1182 ναῖκες,
527 1116 586 1183 ἐξ
622 1113 839 1187 ὁμιλίας
876 1111 1067 1185 ἀνδρὸς
1091 1113 1148 1166 ὲν
1177 1110 1376 1183 γαστρὶ
1415 1109 1653 1165 λαϐοῦσα
1683 1110 1862 1175 νεᾶνίς

270 1224 367 1273 τις
397 1208 622 1280 ἔμελλες
650 1205 773 1270 Πῶς
799 1204 856 1258 δὲ
881 1203 975 1259 καὶ
1001 1201 1133 1267 Θεὸς
1163 1197 1231 1274 ἦν
1255 1204 1285 1257 ό
1311 1202 1370 1271 ἐξ
1396 1202 1567 1275 αὐτῆς
1589 1199 1861 1274 γεννώμε-

274 1322 407 1369 vos;
438 1303 533 1358 καὶ
567 1303 666 1373 οὐχ
696 1299 885 1365 ἁπλῶς
910 1298 1064 1365 Θεὸς,
1096 1298 1212 1354 ἀλλ’
1242 1301 1275 1354 ό
1302 1296 1432 1368 μεθ’
1461 1294 1665 1368 ήμῶν;
1701 1295 1861 1350 τοῦτο

271 1398 393 1471 γὰρ
434 1395 717 1468 σημαίνειν
755 1392 1001 1464 βούλεται
1036 1392 1099 1446 τὸ
1136 1387 1501 1462 Ἐμμανουὴλ,
1549 1388 1685 1459 ὅπερ
1727 1386 1860 1458 φησὶ

272 1491 394 1545 δεῖν
421 1487 705 1560 ὀνομάζειν
741 1485 834 1540 τὸν
873 1483 1228 1557 γεννώμενον.
1268 1502 1288 1536 ι
1330 1482 1460 1536 Ἰδοὺ
1504 1480 1615 1553 γὰρ
1646 1482 1680 1553 ή
1713 1480 1860 1551 Παρ-

274 1580 460 1645 θένος,
505 1579 689 1651 φησὶν,
731 1577 792 1629 ὲν
824 1576 1021 1649 γαστρὶ
1057 1572 1305 1648 λήψεται,
1340 1572 1436 1626 καὶ
1476 1570 1687 1638 τέξεται
1720 1569 1855 1634 υἱὸν,

274 1673 380 1727 καὶ
423 1670 675 1733 καλέσεις
709 1668 774 1721 τὸ
815 1667 985 1736 ὄνομα
1009 1664 1174 1720 αὐτοῦ
1212 1662 1589 1736 Ἐμμανουήλ·
1630 1681 1647 1714 ι
1677 1661 1705 1715 ὅ
1743 1663 1858 1715 ἐστι

278 1761 846 1836 μεθερμηνευόμενον,
892 1758 1020 1830 μεθ’
1050 1755 1219 1828 ἡμῶν
1248 1758 1281 1810 d
1309 1756 1472 1822 Θεός.
1504 1754 1664 1818 Ποῖος
1682 1753 1738 1807 δὲ
1763 1754 1859 1808 καὶ

461 1827 609 1924 Θεῷ,
736 1827 907 1915 ποῖος⁷
930 1848 996 1904 ἂν
1032 1827 1116 1921 είή
1160 1846 1345 1913 κόπος,
1391 1846 1485 1900 καὶ
1532 1844 1729 1918 μόχθος
1769 1845 1861 1898 ἐπὶ
1891 1827 1934 1884 Β

276 1945 509 2016 συνήθει
528 1942 715 2016 τρόπῳ
743 1939 1001 2010 γυναικὸς
1028 1936 1347 2008 τικτούσης;
1383 1936 1470 1990 Ἐν
1499 1935 1597 2006 μὲν
1620 1932 1730 2010 γὰρ
1751 1936 1861 1998 τοῖς

275 2037 575 2110 ἡμετέροις
627 2033 1006 2106 ἀντιγράφοις,
1057 2030 1146 2100 ὑφ’
1203 2028 1600 2100 Ἑϐδομήκοντα
1654 2024 1863 2098 ἀνδρῶν

276 2130 495 2187 ἀνωθεν
529 2128 629 2201 μὲν
664 2125 927 2197 Ἐϐραίων
959 2122 1020 2177 τὸ
1049 2123 1227 2193 γένος,
1269 2122 1354 2175 ἐπ’
1383 2118 1640 2193 ἀκριϐείᾳ
1664 2118 1722 2172 δὲ
1764 2117 1862 2188 τῆς

278 2223 523 2296 πατρίου
586 2219 834 2282 παιδείας
894 2214 1367 2288 δεδοκιμασμένων
1407 2211 1858 2286 ήρμηνευμένοις,

274 2310 386 2373 ὧδέ
421 2331 540 2378 πως
571 2313 793 2384 φέρεται
819 2328 831 2343 ·
878 2330 898 2362 ι
939 2309 1029 2380 Μὴ
1077 2307 1272 2382 μικρὸν
1303 2308 1433 2379 ύμῖν
1467 2305 1655 2375 ἀγῶνα
1723 2320 1863 2377 παρ-

276 2408 434 2479 έχειν
475 2403 819 2477 ὰνθρώποιςς
855 2401 950 2456 καὶ
976 2399 1093 2464 πῶς
1125 2397 1313 2471 Κυρίῳ
1344 2397 1609 2470 παρέχετε
1642 2396 1858 2465 ἀγῶνα;

274 2500 376 2555 διὰ
399 2499 560 2554 τοῦτο
586 2495 748 2550 δώσει
781 2493 985 2566 Κύριος
1015 2490 1178 2555 αὐτὸς
1207 2491 1335 2562 ύμῖν
1375 2491 1619 2562 σημεῖον·
1662 2488 1792 2544 Ἰδοὺ
1828 2490 1861 2560 ἡ

279 2591 564 2665 Παρθένος
594 2592 653 2645 έν
700 2589 897 2662 γαστρὶ
934 2585 1185 2658 λήψεται,
1229 2583 1324 2637 καὶ
1372 2582 1583 2648 τέξεται
1636 2581 1771 2645 υίδν,
1803 2580 1862 2644 ὃς

279 2687 615 2757 κεκλήσεται
658 2687 692 2739 ό
736 2683 869 2752 μεθ’
908 2677 1077 2750 ἡμῶν
1123 2678 1287 2744 Θεός.
1323 2695 1343 2729 ι
1396 2675 1568 2730 Τοῦτο
1607 2674 1737 2747 γὰρ,
1785 2674 1863 2737 ὡς

278 2780 448 2851 my,
487 2777 679 2849 δηλοῦν
709 2774 956 2847 βούλεται
986 2773 1048 2828 τὸ
1086 2767 1431 2844 Ἐμμανουήλ
1459 2768 1647 2840 ὄνομα.
1686 2767 1774 2821 Ἐν
1804 2765 1861 2818 δὲ

276 2875 400 2936 τοῖς
432 2868 607 2925 αὐτῶν
646 2866 913 2922 Ἰουδαίων
952 2864 1325 2938 ἀντιγράφοις,
1375 2859 1517 2916 κατὰ
1561 2859 1660 2932 τὴν
1703 2855 1862 2912 ’Δκύ-

278 2965 383 3020 λου
414 2960 713 3034 μεταϐολὴν
751 2956 1069 3031 φερομένοις
1118 2955 1504 3029 (προσήλυτος·
1537 2952 1595 3007 δὲ
1635 2953 1664 3004 ό
1704 2950 1861 3005 Ἀκύ-

279 3055 384 3120 λας
408 3052 498 3127 ἦν,
530 3054 591 3108 οὐ
617 3052 776 3122 φύσει
813 3048 1104 3121 Ἰουδαῖος),
1129 3048 1277 3118 ὅμως
1305 3046 1350 3100 δ’
1376 3040 1468 3100 οὖν
1501 3044 1596 3099 καὶ
1624 3042 1742 3096 κατ’
1770 3041 1862 3096 αὐ·

281 3150 377 3203 τὸν
430 3145 617 3202 τοῦτον
668 3144 882 3216 εἴρηται
925 3141 1016 3195 τὸν
1058 3140 1260 3212 τρόπον
1292 3155 1304 3169 ·
1362 3156 1381 3190 ι
1430 3135 1723 3190 ’Δκούσατε
1766 3133 1855 3207 δὴ,
1881 3163 1930 3226 c

283 3238 435 3304 οἶκος
457 3237 621 3293 Δαυῖδ
638 3254 651 3267 ο
689 3240 817 3307 μήτι
845 3234 1023 3303 ὀλίγον
1055 3231 1165 3285 άπὸ
1192 3229 1345 3300 ὑμῶν
1378 3226 1608 3300 μοχθοῦν
1635 3228 1856 3300 ἄνδρας,

283 3335 368 3388 ὃτι
399 3328 658 3403 μοχθοῦτέ
689 3344 754 3396 γε
784 3327 880 3381 καὶ
905 3325 997 3379 τὸν
1026 3322 1231 3395 Κύριον
1263 3319 1396 3375 Θεὸν
1422 3336 1557 3391 μου;
1580 3317 1679 3373 Διὰ
1704 3318 1862 3373 τοῦτο

283 3423 445 3479 δώσει
482 3421 642 3485 αὐτὸς
678 3420 807 3491 ύμῖν
833 3418 1088 3489 σημεῖον⁸
1130 3414 1260 3468 Ἰδοὺ
1291 3415 1324 3485 ή
1369 3412 1548 3475 νεᾶνις
1580 3413 1638 3465 ὲν
1661 3410 1860 3483 γαστρὶ

284 3513 672 3587 συλλαμϐάνει,
697 3512 790 3565 καὶ
816 3512 990 3565 τίκτει
1019 3507 1154 3573 υἱδν,
1181 3506 1278 3560 καὶ
1300 3505 1548 3568 καλέσεις
1570 3501 1740 3575 ὄνομα
1762 3503 1860 3557 αὐ·-

281 3611 384 3664 τοῦ
428 3606 798 3680 Ἐμμανουήλ.
838 3624 857 3658 ι
897 3603 1056 3675 Παρὰ
1086 3602 1145 3656 δὲ
1179 3599 1258 3671 τῷ
1281 3597 1562 3670 Συμμάχῳ
1589 3595 1743 3651 ταῦθ’
1774 3594 1859 3649 οῦ-

279 3719 394 3765 τως
423 3700 533 3772 ἔχει
552 3717 566 3730 ·
596 3699 831 3771 (λέγεται
860 3696 919 3751 δὲ
946 3698 976 3751 ό
1007 3695 1300 3766 Σύμμαχος
1346 3690 1657 3753 Ἐϐιωναϊος
1684 3684 1822 3742 εἶναι
1841 3704 1855 3719 ο

282 3794 498 3867 αἵρεσις
535 3791 592 3845 δὲ
621 3786 689 3862 ἦν
715 3789 856 3842 οὕτω
884 3784 1233 3856 καλουμένων
1270 3781 1430 3835 τινῶν
1475 3778 1755 3867 Ἰουδαίων
1778 3778 1859 3842 είς

281 3866 521 3959 Χριστὸν
536 3882 807 3938 πιστεύειν
831 3877 1159 3950 λεγομένων,
1176 3874 1237 3940 ἐξ
1266 3868 1342 3928 ὧν
1362 3875 1391 3928 ό
1423 3872 1717 3943 Σύμμαχος
1743 3866 1857 3943 ἦν.)

282 3980 416 4050 παρ’
439 3971 485 4048 ᾧ
523 3976 619 4031 καὶ
659 3973 807 4045 αύτῷ
848 3970 1023 4027 ταῦτα
1068 3968 1241 4033 οὕτως
1279 3967 1423 4039 ἔχει*
1478 3982 1498 4017 ι
1541 3963 1856 4028 Ἀκούσατε,

277 4068 433 4135 οἶκος
462 4068 625 4124 Δαυϊδ
647 4085 661 4099 ⁸
698 4066 789 4138 Μὴ
828 4065 928 4120 οὐκ
952 4063 1224 4134 αὔταρκες
1255 4060 1383 4131 ὑμῖν
1426 4055 1627 4116 κοποῦν
1655 4054 1861 4127 ἀνθρώ-

280 4180 442 4228 πους,
477 4163 557 4217 ὅτι
594 4159 826 4216 κοποῦτε
867 4158 960 4213 τὸν
995 4157 1129 4212 Θεόν
1175 4170 1315 4228 μου;
1356 4152 1456 4208 Διὰ
1496 4148 1656 4205 τοῦτο
1699 4147 1860 4203 δώσει

280 4256 449 4318 αὐτὸς
475 4255 602 4325 ύμῖν
629 4255 851 4324 σημεῖον
875 4268 889 4282 ·
927 4249 1057 4305 Ἰδοὺ
1078 4250 1113 4321 ή
1146 4249 1326 4311 νεᾶνις
1355 4240 1741 4315 συλλαμϐάνει,
1764 4240 1860 4293 καὶ

278 4347 457 4403 τίκτει
484 4345 620 4413 υίδν,
644 4344 740 4400 καὶ
766 4343 1016 4406 καλέσεις
1046 4340 1217 4412 ὄνομα
1243 4336 1410 4393 αὑτοῦ
1456 4332 1854 4408 Ἐμμανουήλ.»

1970 550 2101 607 tiam
2136 554 2431 623 pertinent,
2462 558 2518 615 in
2551 558 2696 614 hunc
2722 561 2941 617 modum
2972 578 3032 619 se
3057 563 3281 624 habent.
3306 561 3540 638 Diligen-

1969 643 2080 701 tius
2103 661 2229 701 vero
2260 648 2543 706 attendere
2573 666 2670 723 par
2692 659 2779 708 est
2798 654 2971 725 ipsius
2996 657 3204 713 oraculi
3229 658 3539 723 exordium,

1969 736 2117 808 quod
2146 739 2386 811 legentes
2415 741 2693 811 admonet,
2723 746 2772 802 si
2818 761 2927 803 non
2974 748 3327 817 crediderint,
3355 767 3425 806 ne
3454 751 3540 805 in-

1970 828 2283 888 tellecturos
2330 833 2548 905 quidem
2583 850 2742 907 esse;
2775 845 2827 894 et
2850 852 2983 896 sane
3022 840 3285 898 adnotare
3314 857 3543 899 necesse

1969 918 2093 986 fuit,
2125 930 2287 993 atque
2330 927 2640 994 ostendere,
2685 929 2831 1001 quod
2863 946 2974 987 non
3022 932 3198 988 solum
3240 934 3537 1001 intellectu,

1967 1014 2065 1071 sed
2090 1016 2253 1073 etiam
2285 1018 2389 1076 ﬁde
2420 1020 2488 1078 iis
2507 1021 2600 1093 qui
2633 1023 2827 1079 lecturi
2851 1032 3000 1092 sunt,
3025 1040 3163 1096 opus
3189 1025 3283 1090 sit,
3301 1032 3355 1081 et
3375 1026 3541 1083 vicis-

1968 1107 2095 1176 sim,
2145 1125 2253 1165 non
2306 1112 2481 1168 solum
2515 1113 2619 1170 (ide
2650 1114 2746 1172 sed
2776 1116 2941 1172 etiam
2989 1118 3288 1174 intellectu.
3322 1118 3399 1174 Ex
3428 1134 3540 1191 quo

1965 1196 2139 1256 Judaei
2184 1201 2277 1272 qui
2318 1203 2373 1259 in
2417 1203 2696 1262 Christum
2721 1206 2814 1263 Dei
2839 1224 2947 1265 non
2990 1208 3340 1266 crediderunt
3372 1211 3534 1267 etiam

1967 1307 2116 1348 nunc
2166 1294 2282 1351 haec
2320 1296 2629 1365 audientes,
2671 1300 2916 1357 nondum
2966 1310 3147 1358 tamen
3191 1302 3316 1373 quis
3360 1302 3452 1371 sit,
3468 1302 3538 1361 de

1965 1399 2076 1456 quo
2105 1386 2368 1457 propheta
2397 1388 2637 1460 loquitur
2668 1392 3149 1461 intellexerunt,ut
3177 1396 3231 1450 in
3259 1396 3397 1467 ipsis
3424 1397 3540 1467 pri-

1966 1476 2071 1533 mis
2107 1480 2387 1536 veritatem
2421 1497 2574 1537 suam
2609 1484 2916 1554 probaverit
2940 1486 3257 1541 vaticinium
3294 1506 3310 1539 :
3346 1487 3535 1544 auditu

1964 1570 2111 1625 enim
2154 1577 2271 1628 tota
2310 1573 2399 1629 die
2439 1575 2752 1645 prophetias
2773 1576 2840 1633 de
2861 1576 3081 1635 Christo
3109 1579 3415 1647 audientes,
3436 1594 3537 1635 au-

1965 1662 2119 1720 ribus
2169 1663 2539 1737 intelligentiae
2587 1684 2697 1724 non
2757 1669 3005 1725 audiunt.
3056 1671 3234 1743 Atque
3289 1673 3536 1743 Ipsorum

1966 1754 2286 1823 ignorantia:
2329 1757 2433 1811 alia
2464 1757 2610 1813 nulla
2636 1766 2720 1814 est
2750 1773 2918 1814 causa
2951 1775 3115 1830 quam
3160 1762 3536 1830 incredulitas,

1961 1859 2086 1900 cum
2116 1845 2290 1917 ipsum
2321 1848 2422 1903 hoc
2446 1848 2653 1921 absque
2702 1851 2985 1908 mendacio
3014 1859 3070 1908 et
3099 1851 3167 1908 de
3195 1852 3351 1924 ipsis,
3382 1862 3438 1911 et
3466 1855 3536 1911 ad

1960 1936 2111 2008 ipsos
2131 1939 2472 2005 vaticinium,
2501 1942 2659 2012 plane
2681 1944 3084 2001 enuntiaverit:
3112 1963 3131 1996 ι
3162 1943 3219 2000 Si
3248 1945 3393 2002 enim
3424 1961 3537 2002 non

1960 2028 2325 2094 credideritis,
2364 2031 2560 2102 inquit,
2594 2048 2662 2089 ne
2697 2033 3008 2103 intelligetis
3048 2035 3291 2106 quidem.
3322 2056 3342 2090 ι
3376 2035 3537 2103 Quod

1962 2120 2011 2176 si
2044 2121 2281 2179 dixerint
2321 2139 2432 2179 non
2483 2122 2783 2197 Virginem,
2816 2125 2912 2183 sed
2941 2126 3175 2197 puellam
3219 2129 3361 2200 apud
3387 2128 3537 2185 Scri-

1962 2219 2176 2282 pturam
2221 2216 2557 2272 nominatam
2583 2234 2705 2275 esse
2735 2219 2839 2289 (sic
2860 2221 3003 2276 enim
3030 2222 3184 2277 aiunt
3216 2223 3359 2294 apud
3383 2223 3535 2294 ipsos

1960 2304 2194 2378 haberi),
2245 2309 2554 2380 cujusmodi
2606 2311 2826 2367 tandem
2873 2312 3088 2385 signum
3143 2313 3247 2370 hoc
3287 2313 3532 2371 futurum

1961 2397 2227 2466 dicemus,
2259 2401 2402 2471 quod
2455 2400 2639 2456 divina
2684 2403 3048 2474 promissione
3099 2405 3172 2464 sit
3209 2404 3454 2477 dignum,
3483 2408 3532 2463 si

1961 2491 2181 2558 usitate,
2207 2494 2664 2564 quemadmodum
2684 2506 2894 2555 caetera!
2912 2515 3102 2556 omnes
3133 2499 3412 2565 mulieres,
3435 2499 3530 2556 ubi

1960 2598 2027 2638 ex
2087 2584 2189 2640 viri
2243 2585 2633 2656 conjunctione
2682 2604 2969 2660 praegnans
3026 2592 3297 2656 evaserit,
3352 2592 3530 2662 puella

1960 2674 2227 2746 quaepiam
2282 2675 2386 2733 fuit
2436 2679 2721 2749 paritura?
2769 2680 3054 2748 Quomodo
3097 2690 3356 2751 praeterea
3387 2680 3533 2738 Deus

1959 2766 2064 2822 erit
2093 2767 2187 2839 qui
2218 2783 2285 2824 es
2317 2768 2409 2824 illa
2468 2782 2747 2837 nascatur,
2780 2787 2956 2842 neque
3007 2772 3330 2843 simpliciter
3362 2771 3526 2837 Deus,

1961 2859 2054 2915 sed
2101 2859 2372 2915 nobiscum
2412 2860 2594 2919 Deus?
2618 2863 2723 2920 hoc
2773 2866 2919 2921 enim
2969 2865 3236 2936 signiﬁcat
3269 2880 3372 2921 vox
3403 2864 3531 2919 Exn-

1961 2953 2199 3015 manuel,
2229 2969 2339 3025 quo
2372 2955 2594 3012 nomine
2626 2957 2703 3011 ait
2729 2972 2852 3013 esse
2889 2957 3196 3012 vocandum
3241 2957 3391 3013 illum
3437 2958 3531 3027 qui

1960 3053 2267 3101 nascetur:
2304 3064 2326 3099 ι
2376 3045 2516 3104 Ecce
2555 3049 2721 3113 enim,
2787 3048 2986 3120 inquit,
3038 3047 3205 3120 Virgo
3260 3050 3316 3105 in
3373 3059 3533 3106 utero

1959 3136 2159 3208 capiet,
2181 3137 2345 3210 313
2363 3145 2418 3195 et
2447 3140 2622 3210 pariet
2648 3141 2839 3206 tilium,
2863 3149 2918 3197 et
2948 3141 3164 3197 vocabis
3191 3157 3388 3196 nomen
3411 3142 3532 3211 ejus

1965 3228 2303 3298 Emmanuel,
2331 3249 2351 3284 ι
2383 3231 2528 3303 quod
2561 3240 2666 3301 est,
2692 3234 2741 3291 si
2761 3234 2887 3304 quis
2914 3233 3323 3302 interpretetur,
3352 3232 3534 3290 nobis-

1960 3341 2078 3379 cum
2108 3325 2270 3381 Deus.
2311 3325 2636 3397 Cujusmodi
2684 3333 2866 3383 autem
2918 3333 3197 3384 certamen
3250 3324 3384 3389 Deo,
3439 3333 3535 3379 aut

1963 3418 2089 3488 quis
2117 3417 2335 3473 tandem
2370 3417 2545 3482 labor,
2583 3432 2769 3488 quaeve
2797 3416 3090 3473 diﬂicultas
3125 3415 3362 3487 objecta,
3388 3415 3436 3473 si
3463 3416 3533 3472 de

1962 3524 2113 3564 more
2146 3510 2392 3579 paritura
2441 3507 2543 3564 fuit
2588 3508 2819 3565 mulier?
2846 3509 2907 3564 In
2936 3509 3142 3566 nostris
3162 3509 3307 3565 enim
3345 3523 3531 3565 exem-

1960 3600 2247 3672 plaribus),
2273 3615 2397 3671 quae
2440 3600 2754 3672 quicunque
2807 3598 3145 3670 interpretati
3200 3606 3364 3665 sunt,
3394 3599 3432 3653 ii
3476 3605 3533 3657 et

1959 3707 2157 3765 genere
2179 3693 2249 3751 ab
2281 3691 2523 3750 Hebraeis
2550 3691 2771 3749 oriundi
2802 3689 3046 3757 fuerunt,
3072 3697 3128 3746 et
3151 3689 3341 3760 patriae
3375 3690 3528 3760 ipso-

1964 3801 2086 3841 rum
2130 3786 2329 3859 linguae
2366 3783 2708 3856 peritissimi,
2730 3790 2785 3840 et
2819 3783 2874 3838 iu
2900 3798 2966 3838 ea
2994 3782 3299 3838 eruditione
3330 3782 3529 3853 proba—

1959 3876 2183 3940 tissimi,
2206 3876 2288 3933 sic
2312 3875 2544 3933 habetur
2568 3893 2581 3930 :
2616 3892 2635 3926 ι
2665 3874 2803 3928 Num
2833 3888 3026 3944 parum
3053 3873 3212 3929 vobis
3232 3882 3336 3934 est.
3359 3879 3532 3928 certa-

1961 3982 2088 4022 men
2113 3967 2373 4023 exhibere
2415 3966 2767 4022 hominibus?
2791 3974 2847 4021 et
2873 3980 2973 4020 cur
3000 3963 3234 4019 Domino
3255 3963 3533 4020 exhibetis

1956 4059 2278 4116 certamen?
2336 4066 2559 4130 propter
2623 4056 2726 4112 hoc
2769 4056 2921 4112 dabit
2946 4055 3210 4111 Dominus
3232 4055 3349 4127 ipse
3375 4056 3531 4112 vobis

1960 4153 2200 4223 signum.
2257 4151 2403 4208 Ecce
2461 4150 2629 4224 Virgo
2682 4152 2738 4206 in
2790 4159 2946 4206 utero
2983 4149 3184 4219 capiet,
3243 4156 3298 4204 et
3355 4148 3533 4217 pariet

1963 4245 2153 4309 tilium,
2192 4244 2285 4316 qui
2315 4251 2541 4300 vocatur
2564 4242 2837 4298 uobiscum
2858 4240 3020 4295 Deus.
3051 4258 3070 4293 ι
3096 4237 3213 4294 Hoc
3248 4237 3395 4295 enim
3425 4238 3531 4293 sibi

1961 4335 2097 4400 vult,
2128 4332 2586 4405 quemadmodum
2618 4332 2756 4397 dixi,
2785 4333 2902 4403 ipsa
2942 4345 3049 4386 vox
3096 4328 3437 4384 Emmanuel.
3471 4326 3530 4383 In

293 4439 518 4510 Ἐπειδὴ
561 4438 670 4511 γὰρ
712 4436 807 4491 τοῦ
844 4434 1116 4490 Ἰουδαίων
1159 4432 1343 4496 ἔθνους
1381 4430 1444 4485 τὸ
1486 4425 1722 4499 σκληρὸν
1762 4422 1856 4478 τοῦ

1962 4425 2098 4497 ipsis
2130 4434 2314 4481 autem
2341 4422 2655 4481 Judaeorum
2706 4420 3127 4493 exemplaribus,
3160 4435 3283 4491 quae
3334 4435 3532 4476 secun-

279 4507 515 4605 τρόπου,
539 4507 796 4601 καὶπρὸς
837 4524 1116 4581 εὐσέϐειαν
1154 4521 1478 4585 δυσένδοτον,
1523 4517 1720 4591 ἱδρῶτα
1766 4515 1858 4569 καὶ

1963 4521 2094 4575 dum
2141 4518 2352 4590 Aquila:
2407 4517 2822 4574 conversionem
2879 4513 3129 4570 feruntur
3177 4513 3533 4585 (adventitius

280 4625 471 4688 κόπον,
509 4622 703 4695 μόχθον
733 4619 877 4674 τεοού
910 4618 1001 4672 τὸν
1025 4617 1274 4687 τυχόντα,
1299 4614 1394 4669 καὶ.
1420 4611 1609 4682 ἀγῶνα
1632 4609 1860 4680 παρεῖχε

282 4720 394 4780 τοῖς
419 4714 587 4771 πάλαι
606 4713 875 4784 θεοφιλέσι
900 4711 1228 4784 προφήταις,
1255 4705 1445 4760 τούτου
1470 4705 1653 4776 χάριν,
1687 4720 1705 4753 ι
1744 4700 1863 4755 Ούκ

282 4811 554 4882 αύταρκες
595 4808 744 4880 ὑμῖν,
793 4825 812 4859 ι
867 4803 1021 4876 φησὶ,
1060 4822 1079 4856 ι
1106 4804 1232 4867 τοὺς
1271 4800 1556 4872 προφήτας
1586 4796 1680 4851 τοῦ
1721 4795 1857 4850 Θεοῦ

288 4901 542 4976 μοχθοῦν,
571 4900 667 4955 καὶ
697 4897 881 4969 ἀγῶνα
910 4895 1170 4969 παρέχειν
1207 4890 1554 4966 άνθρώποις;
1597 4889 1712 4945 ἀλλ’
1755 4888 1858 4960 ήδη

156 5043 172 5060 ,
286 4997 383 5051 καὶ
415 4994 508 5050 τὸν
530 4993 662 5047 Θεόν
687 5009 789 5064 μου
827 4988 1080 5055 κοποῦτε,
1117 4987 1211 5042 καὶ
1246 4984 1434 5056 ἀγῶνα
1466 4985 1731 5054 παρέχετε
1764 4979 1857 5034 καί

280 5109 345 5161 γε
391 5087 466 5159 τῷ
492 5086 611 5157 Θεῷ
639 5101 776 5157 μου;
811 5103 830 5137 ι
863 5080 1021 5137 Οὕτω
1065 5081 1174 5153 γὰρ
1216 5081 1311 5135 καὶ
1349 5079 1641 5133 Θεοδοτίων
1669 5074 1859 5141 ἐξέδω-

280 5199 393 5236 κεν.
453 5181 514 5234 ’0
564 5176 696 5247 γοῦν
743 5176 1030 5249 προφήτης
1093 5173 1238 5239 ἰδίως
1281 5170 1476 5228 ἑαυτοῦ
1530 5171 1684 5236 Θεὸν,
1742 5169 1856 5224 ἀλλ’

277 5272 399 5343 ούχὶ
434 5270 530 5324 καὶ
557 5268 669 5324 τῶν
700 5269 840 5340 πρὸς
881 5265 976 5331 οὒς
1001 5266 1031 5319 ό
1069 5266 1246 5334 λόγος,
1279 5265 1370 5319 τὸν
1395 5262 1565 5318 κοπού
1572 5280 1732 5335 μενον
1764 5263 1858 5316 καὶ

279 5364 373 5417 ἐπὶ
393 5363 486 5415 τὸν
503 5360 692 5430 ἀγῶνα
714 5359 1077 5429 ἀποδυόμενον
1104 5360 1419 5429 προσεῖπεν.
1440 5356 1542 5411 οὐκ
1568 5353 1635 5410 ἂν
1655 5355 1854 5427 φήσας,

278 5451 411 5505 Θεόν
446 5467 544 5522 μου
573 5450 663 5505 τὸν
688 5452 779 5504 ἐπὶ
806 5451 1024 5505 πάντων
1047 5450 1178 5504 Θεὸν
1208 5450 1266 5503 ὲν
1299 5447 1593 5511 Ἰουδαίοις,
1620 5447 1752 5517 παρ’
1776 5441 1859 5510 οἷς

278 5544 347 5595 ὲκ
375 5542 626 5612 πατέρων
650 5540 712 5595 τδ
738 5542 865 5611 περὶ
887 5540 978 5595 τὸν
995 5540 1103 5595 τῶν
1129 5539 1346 5595 πάντων
1369 5536 1699 5611 δημιουργὸν
1725 5535 1858 5591 Θεὸν

279 5633 447 5696 σέϐας
485 5633 828 5703 ἐφυλάττετο.
858 5633 953 5697 Τίς
980 5632 1025 5687 δ’
1052 5633 1117 5689 ἂν
1146 5633 1229 5705 εἴη
1271 5636 1298 5688 ό
1328 5632 1476 5701 ἀγὼν
1508 5632 1603 5687 καὶ
1638 5630 1854 5704 μόχθος,

360 5792 406 5823 ⁸³
433 5791 533 5849 lsa.
566 5810 662 5861 vu,
696 5793 869 5850 1016.

1961 4621 2141 4669 autem
2178 4612 2373 4682 Aquila
2409 4610 2529 4670 fuit.
2563 4625 2673 4666 non
2704 4617 2902 4664 natura
2929 4604 3192 4680 Judmus),
3221 4607 3316 4664 sed
3347 4614 3529 4662 tamen

1959 4704 2124 4761 etiam
2163 4704 2463 4761 secundum
2498 4704 2665 4767 hunc,
2695 4701 2800 4758 hoc
2825 4716 2958 4757 sane
2995 4699 3259 4771 scriptum
3299 4706 3383 4754 est
3413 4713 3548 4752 mo—r

1960 4797 2030 4852 do
2062 4817 2076 4853 :
2111 4816 2130 4849 ι
2179 4795 2439 4867 Nunquid
2478 4809 2672 4867 parum
2705 4802 2789 4851 est
2822 4808 2852 4848 a
2882 4792 3040 4848 vobis
3086 4789 3302 4862 fatigari
3348 4790 3531 4844 viros?

1959 4891 2104 4962 quod
2157 4890 2395 4947 laborem
2450 4886 2721 4945 exhibetis
2749 4886 2912 4942 etiam
2946 4881 3058 4938 Deo
3107 4882 3269 4938 meo?
3303 4880 3531 4951 Propter

1960 4986 2064 5042 boc
2089 4984 2241 5041 dabit
2270 4983 2386 5054 ipse
2418 4981 2575 5038 vobis
2610 4981 2826 5052 signum
2865 4997 2880 5035 :
2917 4976 3057 5032 Ecce
3077 4975 3254 5046 puella
3282 4974 3339 5028 in
3374 4982 3531 5028 utero

1960 5073 2227 5144 concipit,
2262 5079 2316 5129 et
2375 5075 2517 5142 parit
2552 5070 2749 5136 ﬁlium,
2791 5076 2847 5124 et
2893 5066 3113 5122 vocabis
3162 5078 3363 5119 nomen
3410 5062 3530 5135 ejus

1960 5162 2301 5218 Emmanuel.
2332 5181 2352 5214 ι
2385 5158 2542 5232 Apud
2581 5156 2967 5231 Symmachum
3027 5168 3158 5211 vero
3200 5152 3317 5209 hanc
3350 5153 3426 5209 ita
3469 5169 3530 5210 se

1960 5256 2159 5311 habent
2183 5255 2371 5326 (porro
2396 5251 2758 5324 Symmachus
2782 5248 2986 5304 dicitur
3005 5245 3293 5320 Ebionaeus
3320 5244 3524 5323 fuisse:

1960 5358 2108 5411 secta
2157 5357 2337 5406 autem
2382 5348 2498 5404 haec
2547 5346 2650 5401 fuit
2684 5343 3020 5415 Iudaeorum,
3051 5341 3146 5413 qui
3192 5355 3259 5401 eo
3307 5340 3531 5397 nomine

1959 5442 2318 5508 vocabantur,
2343 5450 2398 5497 et
2434 5440 2492 5495 in
2518 5436 2797 5494 Christum
2831 5434 3056 5513 credere
3082 5431 3430 5497 dicebantur,
3460 5446 3524 5486 ex

1959 5534 2159 5607 quibus
2204 5530 2564 5606 Symmachus
2608 5530 2765 5601 fuit);
2795 5530 2938 5602 apud
2982 5531 3160 5602 ipsum
3193 5531 3338 5587 hunc
3364 5530 3529 5600 igitur

1958 5627 2073 5682 haec
2106 5626 2178 5681 ita
2205 5640 2263 5681 se
2292 5624 2521 5682 habent:
2550 5641 2570 5677 ι
2594 5622 2812 5689 Audite,
2838 5622 3036 5679 domus
3065 5620 3257 5691 David,
3281 5619 3555 5707 nunquid.
