4080 6416
541 370 671 442 499'-

1212 381 1481 440 EUSEBH
1523 378 2011 439 CESARIENSIS
2043 380 2122 436 0P

2240 377 2418 435 pass
2458 381 2523 436 ιι.
2547 411 2614 423 -
2647 358 3147 437 Αροιοοιὲτιω.

3684 383 3787 441 500

541 520 651 559 non
684 501 818 558 satis
849 500 1003 558 vobis
1033 507 1117 557 est
1156 499 1385 574 fatigare
1408 502 1682 567 homines,
1707 500 1855 572 quod
1876 500 2115 571 fatigatis

2223 500 2250 572 ἢ
2286 501 2316 553 6
2342 501 2512 565 κόπος
2562 502 2655 554 τοῦ
2695 502 3169 573 προφητευομένου
3211 500 3368 565 Θεοῦ,
3408 503 3440 574 ἢ
3477 501 3540 556 τὸ
3579 504 3660 567 εἰς
3695 504 3787 557 ἀν-

544 597 714 652 Deum
764 596 986 650 meum?
1039 603 1261 666 propter
1310 596 1415 650 hoc
1472 595 1626 650 dabit
1684 593 1947 650 Dominus
1999 595 2117 664 ipse

545 688 701 743 vobis
737 687 952 758 signum
988 706 1003 741 :
1040 685 1180 742 Ecce
1212 688 1387 758 puella
1417 689 1657 759 concipit
1683 697 1737 744 et
1764 687 1904 758 parit
1926 686 2115 749 illium,

544 788 598 832 et
644 780 866 833 vocabis
912 793 1111 833 nomen
1141 778 1264 847 ejus
1291 777 1635 835 Emmanuel.
1676 798 1694 830 ι
1731 777 1941 844 Quibus
1971 776 2118 832 enim

542 868 787 924 Iudaicae
819 868 998 940 gentis
1028 884 1211 924 mores
1238 869 1545 940 asperrimi,
1574 876 1628 923 et
1659 883 1689 922 a
1710 869 1907 938 pietate
1932 868 2121 921 admo-

543 961 674 1014 dum
711 959 1094 1022 abborrentes,
1141 959 1397 1015 sudorem
1441 960 1812 1028 laboremque,
1836 973 1900 1012 ac
1930 957 2121 1028 fatigao

545 1052 748 1107 tionem
810 1068 918 1106 non
981 1052 1284 1122 vulgarem,
1317 1061 1479 1122 atque
1526 1059 1824 1116 certamen,
1878 1052 2120 1122 antiquis

542 1144 654 1200 illis
682 1145 789 1200 Deo
806 1146 997 1200 amicis
1027 1145 1303 1215 pmphetis
1327 1146 1676 1211 exhibebant,
1696 1145 1924 1207 idcirco,
1952 1163 1972 1195 ι
2007 1158 2120 1199 non

545 1236 684 1292 satis
742 1244 847 1298 cst,
884 1236 1080 1306 inquit,
1118 1238 1297 1304 vobis,
1347 1236 1442 1292 Dei
1501 1238 1797 1307 prophetas
1859 1235 2116 1307 allligere,

545 1326 970 1396 hominibusque
1022 1326 1280 1381 exhibere
1328 1334 1627 1390 certamen,
1667 1328 1774 1383 nisi
1801 1328 1913 1396 jam
1953 1328 2118 1382 etiam

548 1418 717 1473 Deum
743 1433 922 1472 meum
949 1417 1207 1489 fatigctis,
1226 1418 1387 1488 eique
1413 1418 1719 1474 exhibeatis
1746 1418 2066 1474 certamen?
2093 1437 2113 1470 ι

546 1526 648 1565 nec
663 1509 776 1564 Deo
801 1510 1141 1581 simpliciter,
1160 1510 1255 1566 sed
1280 1510 1391 1565 Deo
1420 1512 1682 1566 meo?Sic
1701 1514 1845 1568 enim
1869 1511 2120 1567 Theodo-

548 1602 663 1656 tion
685 1616 903 1672 quoque
933 1604 1221 1657 convertit.
1242 1601 1511 1673 Propheta
1536 1603 1703 1674 igitur
1750 1619 1909 1659 suum
1949 1619 2117 1674 pecu.

547 1694 753 1749 liariter
766 1693 956 1759 Deum,
972 1702 1155 1750 etnon
1180 1710 1368 1751 corum
1396 1695 1463 1749 ad
1485 1711 1624 1766 quos
1650 1711 1830 1751 sermo
1853 1695 2122 1767 dirigeba-

547 1795 659 1850 tur,
682 1801 807 1841 eum
833 1786 927 1856 qui
966 1794 1277 1851 vexaretur,
1300 1794 1354 1841 et
1376 1787 1429 1841 in
1462 1795 1735 1843 certamen
1756 1787 1999 1851 daretur,
2022 1802 2120 1858 ap-

2218 587 2451 661 θρώπων
2480 590 2692 658 γένεσιν
2718 590 2922 655 ἐλθεῖνς
2962 590 3103 645 κατά
3135 590 3235 661 μὲν
3264 592 3410 662 ἡμᾶς
3435 592 3530 646 καὶ
3560 591 3659 664 τὴν
3681 593 3786 646 τῶν

2229 680 2625 753 Ἑϐδομήκοντα
2671 682 2989 754 ἑρμηνείαν,
3029 682 3093 735 ἐκ
3122 680 3401 755 Παρθένου
3429 682 3783 755 γεννώμενον,

2218 772 2357 827 κατά
2402 772 2460 827 δέ
2498 772 2596 844 τὴν
2651 773 2746 827 νῦν
2797 774 2948 846 παρά
2997 774 3273 839 Ἰουδαίοις
3334 776 3671 848 φερομένην,
3724 778 3787 829 ἐκ

2219 865 2477 928 νεάνιδος.
2519 865 2713 936 Εὖροις
2756 865 2800 918 δ’
2827 866 2894 921 ἂν
2932 866 3082 939 παρά
3104 868 3296 921 Μωσεῖ
3335 870 3431 925 καὶ
3460 868 3560 940 τὴν
3595 867 3786 940 ὁμολο-

2218 958 2500 1029 γουμένως
2544 959 2818 1032 Παρθένον
2862 963 3042 1014 νεᾶνιν
3082 939 3638 1034 προσηγορευμένην.
3677 962 3787 1033 τὴν
3830 939 3850 954 ’

2217 1051 2349 1121 γοῦν
2387 1052 2557 1123 ἑτέρῳ
2600 1051 3111 1124 μεμνηστευμένην,
3157 1052 3249 1123 ὑφ’
3296 1051 3483 1125 ἐτέρου
3527 1051 3585 1106 δὲ
3627 1052 3784 1107 ἐκϐε-

2219 1144 2520 1215 ϐιασμένην
2565 1143 2738 1215 τούτῳ
2784 1142 3019 1216 κέκληκε
3061 1143 3142 1215 τῷ
3192 1146 3562 1217 προσρήματι.
3630 1144 3786 1199 Ἀλλά

2220 1237 2312 1289 καὶ
2344 1238 2372 1288 6
2404 1237 2467 1289 ἐκ
2509 1234 2612 1306 τῆς
2644 1234 2974 1308 δηλουμένης
3014 1235 3407 1307 τεχθησόμενος
3444 1237 3788 1310 Ἐμμανουὴλ

2222 1328 2442 1399 μείζονα
2495 1327 2528 1399 ἢ
2569 1327 2711 1381 κατὰ
2756 1328 2846 1381 τὸν
2891 1328 3067 1381 κοινὸν
3125 1327 3409 1399 ἄνθρωπον
3471 1329 3786 1400 ἐπιφέρεται

2217 1420 2446 1492 δύναμιν
2471 1459 2485 1483 ,
2537 1418 2889 1490 ἐκλεγόμενος
2941 1419 3002 1472 τὸ
3061 1418 3264 1487 ἀγαθὸν
3315 1420 3444 1492 πρὶν
3490 1418 3525 1492 ἢ
3584 1421 3789 1488 γνῶναι

2220 1511 2453 1583 πονηρὰ,
2506 1511 2600 1565 καὶ
2646 1510 2888 1565 ἀπειθῶν
2942 1512 3197 1582 πονηρίᾳ,
3227 1512 3322 1565 τοῦ
3369 1513 3693 1579 ἐκλέξασθαι
3729 1515 3791 1568 τὸ

2219 1604 2439 1674 ἀγαθόν’
2465 1606 2748 1660 καὶταῦτα
2768 1607 2868 1661 οὐκ
2889 1608 2946 1659 ἐν
2969 1605 3035 1672 τῇ
3057 1602 3151 1658 τοῦ
3175 1605 3366 1677 ἀνδρὸς
3380 1605 3585 1679 ἡλικίᾳ,
3603 1606 3716 1660 ἀλλ’
3732 1610 3787 1661 ἐν

2219 1699 2284 1768 τῇ
2301 1696 2394 1750 τοῦ
2415 1696 2750 1752 παιδίου.Διὸ
2776 1699 3008 1771 εἴρηται·
3032 1701 3197 1773 «Πρὶν
3222 1698 3471 1771 ῆγνῶναι
3492 1698 3555 1751 τὸ
3582 1696 3793 1749 παιδίον

2222 1786 2423 1856 ἀγαθὸν
2514 1788 2703 1851 κακὸν,
2732 1788 2948 1842 ἀπειθεῖ
2974 1788 3230 1861 πονηρία,
3261 1788 3355 1841 τοῦ
3382 1786 3704 1851 ἐκλέξασθαι
3728 1786 3797 1839 τὸ

542 1880 780 1947 pallavit,
809 1854 902 1950 qui
928 1880 1145 1950 quidem
1175 1896 1455 1950 nunquam
1487 1879 1654 1935 Deum
1684 1896 1863 1935 meum
1887 1854 2118 1938 dixisset

2223 1854 2504 1948 ἀγαθόν’.)
2545 1879 2613 1933 δι’
2648 1873 2723 1935 ὧν
2770 1880 3048 1944 παντελῶς
3184 1854 3291 1951 ’τῆς
3326 1878 3524 1943 κακίας
3565 1878 3793 1948 ἄπειρον

541 1984 664 2022 eum
697 1970 791 2038 qui
816 1969 956 2039 apud
978 1968 1192 2026 Iudaeos
1215 1984 1507 2039 supremus
1523 1969 1770 2033 habetur,
1792 1970 1933 2039 apud
1955 1987 2111 2041 quos,

546 2071 709 2124 quem
763 2070 792 2109 a
842 2057 1088 2127 patribus
1150 2074 1334 2113 rerum
1393 2060 1638 2114 omnium
1696 2063 1996 2118 conditoris
2024 2061 2119 2118 Dei

544 2143 708 2214 317
742 2143 948 2198 cultum
984 2144 1087 2215 ipsi
1114 2157 1455 2216 acceperant,
1487 2148 1533 2204 is
1561 2147 1976 2219 diligentissime
2009 2167 2123 2206 ser-

545 2235 797 2298 vabatur,
839 2236 934 2291 sed
969 2237 1116 2306 quod
1168 2236 1383 2300 tandem
1433 2252 1556 2294 esse
1600 2248 1777 2309 potest
1820 2250 2117 2309 certamen,

545 2325 673 2395 quis
706 2326 879 2387 labor.
911 2342 1033 2396 qua:
1065 2325 1309 2397 fatigatio
1328 2328 1450 2397 ejus
1480 2328 1597 2393 Dei,
1623 2331 1691 2386 de
1721 2345 1831 2400 quo
1856 2334 2120 2403 propheta

546 2418 813 2487 loquitur,
839 2417 946 2473 nisi
978 2418 1113 2472 illud
1136 2420 1201 2472 ad
1232 2419 1508 2475 hominum
1538 2423 1945 2491 generationem
1970 2440 2122 2480 acce-

545 2508 697 2570 dere,
722 2518 777 2561 et
801 2514 917 2562 tum
946 2508 1246 2563 secundum
1271 2523 1393 2575 nos,
1425 2516 1539 2564 tum
1571 2513 1869 2565 secundum
1899 2510 2121 2581 Septua-

546 2602 697 2671 ginta
728 2601 1230 2672 interpretationem
1256 2601 1322 2656 de
1360 2599 1579 2671 Virgine
1612 2603 1788 2657 nasci'
1815 2605 2117 2659 secundum

546 2712 677 2753 vero
716 2713 834 2752 eam
883 2712 1005 2768 quae
1054 2699 1197 2769 apud
1249 2699 1497 2767 juniores
1551 2698 1723 2753 fertur
1768 2697 2009 2764 Iudaeos,
2051 2699 2120 2753 de

547 2789 771 2860 puella?
848 2787 1119 2845 Caeterum
1167 2791 1309 2861 apud
1361 2790 1565 2846 Mosem
1614 2807 1831 2861 quoque
1876 2790 2120 2846 invenies

546 2898 690 2945 eant,
727 2897 848 2952 qua:
889 2882 1099 2953 absque
1142 2884 1516 2939 controversia
1551 2884 1623 2938 sit
1655 2883 1831 2953 virgo,
1885 2883 2117 2949 puellam

548 2973 842 3043 appellari:
889 2972 1161 3042 siquidem
1208 2987 1330 3027 eam
1377 2988 1499 3042 quae
1530 2973 1621 3025 alii
1668 2973 1996 3043 desponsata
2025 2974 2118 3035 sit,

548 3066 655 3119 alia
704 3078 835 3119 vero
886 3064 1192 3133 repudiata,
1239 3065 1341 3118 hac
1385 3065 1743 3134 appellatione
1786 3064 2020 3119 vocavit.
2072 3064 2121 3119 ls

548 3163 809 3227 praeterea
857 3157 951 3227 qui
993 3156 1061 3210 de
1104 3154 1199 3209 tali
1251 3153 1448 3210 femina
1497 3155 1571 3211 sit
1617 3153 1860 3211 edendus
1901 3156 2189 3249 nominec

547 3248 895 3308 Emmanuel,
931 3247 1138 3316 majore
1169 3244 1343 3301 fertur
1385 3246 1648 3317 potentia,
1679 3263 1842 3318 quam
1877 3247 2119 3303 omnium

550 3339 783 3394 aliorum
814 3338 1118 3402 hominum,
1164 3338 1367 3409 quippe
1408 3337 1502 3408 qui
1541 3339 1705 3409 eligat
1734 3338 1937 3393 bonum
1969 3338 2122 3408 prius

548 3447 712 3502 quam
756 3432 1074 3503 cognoverit
1106 3433 1269 3497 mala,
1302 3438 1356 3487 et
1385 3432 1604 3487 malitiae
1641 3447 1751 3487 non
1783 3434 2123 3503 obtemperet

551 3525 677 3579 boni
707 3523 939 3595 eligendi
962 3524 1159 3594 gratia,
1190 3538 1256 3579 eo
1275 3525 1447 3590 magis
1468 3525 1613 3594 quod
1636 3524 1749 3580 haec
1774 3534 1990 3595 praestet
2013 3540 2121 3580 non

553 3620 606 3672 in
639 3617 780 3671 virili
819 3618 953 3686 jam,
985 3617 1081 3672 sed
1128 3617 1183 3671 in
1219 3618 1412 3687 puerili
1450 3618 1630 3672 adhuc
1660 3626 1818 3673 aetate
1855 3619 2123 3673 constitu-

552 3714 670 3773 tus;
700 3723 766 3761 ex
792 3722 901 3777 quo
930 3707 1061 3761 illud
1086 3706 1292 3761 dictum
1324 3714 1444 3762 est:
1509 3705 1670 3762 Prius
1713 3722 1877 3778 quam
1906 3708 2123 3762 noverit

550 3816 687 3872 puer
718 3802 917 3856 bonum
948 3807 1042 3854 aut
1073 3801 1298 3865 malum,
1339 3815 1449 3855 non
1479 3811 1632 3871 paret
1654 3801 1894 3864 malitiae,
1935 3808 1996 3855 ut
2023 3801 2125 3857 eli-

549 3902 639 3966 gat
696 3894 923 3949 bonum.
967 3912 984 3945 ι
1011 3892 1222 3958 Quibus
1259 3892 1439 3947 verbis
1487 3907 1714 3963 prorsus
1752 3891 1898 3963 quod
1936 3892 2027 3947 ille
2058 3892 2126 3948 de

550 4001 662 4056 quo
690 3985 872 4057 agitur
897 3984 1102 4038 nullam
1122 3984 1382 4038 malitiam
1407 3986 1667 4055 attigerit,
1698 3984 2123 4039 demonstratur.

552 4077 658 4135 Sed
694 4077 1137 4134 excellentiorem
1170 4092 1387 4148 quoque
1419 4076 1937 4141 denominationem,
1962 4093 2123 4147 quam

551 4171 791 4225 hominis
821 4169 930 4223 ulla
964 4185 1087 4225 esse
1134 4170 1306 4239 possit
1334 4169 1648 4239 appellatio.
1692 4168 2034 4225 nanciscitur
2078 4170 2126 4225 is

553 4262 642 4333 qui
677 4263 965 4317 nobiscum
994 4271 1079 4316 est
1121 4260 1292 4316 Deus:
1343 4275 1514 4331 quare
1560 4260 1778 4330 signum
1817 4260 1946 4315 item
1979 4260 2125 4331 quod

556 4354 625 4409 de
657 4355 750 4410 illo
784 4350 971 4418 datur,
1003 4350 1429 4423 profunditatem
1473 4350 1637 4406 simul
1672 4350 1875 4405 habere
1901 4353 2122 4418 dicitur,

561 4454 615 4501 et
646 4443 811 4501 simul
850 4443 1229 4498 altitudinem:
1258 4441 1682 4513 profunditatem
1742 4441 1961 4513 quidem
1998 4458 2127 4515 pro-

2219 1970 2311 2024 τοῦ
2355 1969 2681 2041 δηλουμένου
2736 1970 3086 2043 παρίσταται.
3142 1969 3303 2023 Ἀλλά
3358 1970 3452 2024 κα⁶ι
3507 1968 3789 2041 κρείττονα

2220 2061 2252 2132 ἢ
2290 2064 2432 2116 κατὰ
2472 2062 2756 2134 ἄνθρωπον
2808 2063 3072 2131 ἐπάγεται
3113 2062 3212 2133 τὴν
3258 2062 3572 2133 ἐπωνυμίαν
3609 2062 3641 2113 6
3673 2058 3789 2133 μεθ’

2219 2155 2377 2226 ἡμῶν
2397 2157 2656 2228 ὑπάρχων
2685 2155 2817 2219 Θεός
2836 2172 2850 2186 ⁸
2893 2155 2974 2209 διὸ
3000 2157 3095 2209 καὶ
3121 2155 3182 2208 τὸ
3209 2155 3334 2226 περὶ
3365 2153 3530 2209 αὐτοῦ
3566 2156 3791 2224 σημεῖον

2222 2248 2381 2319 βάθος
2406 2248 2621 2317 ἐλέγετο
2648 2249 2941 2321 περιέχειν,
2960 2247 3094 2321 ὁμοῦ
3118 2248 3175 2301 δὲ
3201 2247 3295 2301 καὶ
3323 2244 3481 2316 ὕψος
3509 2244 3671 2317 βάθος
3695 2245 3793 2316 μὲν

2219 2338 2306 2392 διά
2324 2340 2423 2411 τὴν
2445 2342 2523 2404 είς
2543 2340 2858 2412 ἀνθρώπους
2879 2338 3122 2401 κάθοδον,
3142 2339 3175 2410 ἢ
3198 2339 3294 2391 καὶ
3315 2336 3412 2409 τὴν
3435 2337 3598 2409 μέχρι
3621 2335 3786 2389 θανά-

2220 2448 2310 2484 του
2345 2430 2670 2503 παρουσίαν,
2698 2429 2831 2499 ὖψος
2862 2429 2918 2483 δὲ
2944 2428 3033 2483 διά
3059 2430 3158 2502 τὴν
3182 2428 3362 2482 ἔνθεον
3383 2430 3446 2481 ἐκ
3474 2424 3568 2478 τοῦ
3597 2423 3795 2495 βάθους

2222 2523 2685 2588 ἀποκατάστασιν,
2721 2524 2754 2593 ἢ
2786 2522 2873 2576 διὰ
2902 2523 3000 2592 τὴν
3032 2521 3132 2592 τῆς
3159 2520 3345 2574 ἐνθέου
3395 2516 3791 2592 προϋπάρξεως

2218 2608 2383 2662 αὐτοῦ
2427 2610 2722 2678 θεολογίαν.
2765 2610 2861 2674 Τίς
2897 2610 2943 2663 δ’
2983 2608 3050 2663 ἂν
3096 2610 3179 2681 εἴη
3227 2612 3256 2663 6
3297 2608 3417 2681 μεθ’
3456 2609 3613 2680 ἡμῶν
3660 2607 3794 2672 Θεὸς

2220 2704 2253 2775 ἢ
2295 2706 2324 2759 ό
2360 2704 2448 2758 διά
2485 2704 2595 2758 τῶν
2632 2704 2867 2775 πρόσθεν
2901 2704 3355 2774 ἀποδεδειγμένος
3385 2701 3519 2765 Θεὸς
3550 2700 3793 2771 Κύριος;

2218 2798 2249 2849 6
2275 2798 2369 2851 καὶ
2393 2796 2471 2868 τῷ
2499 2796 2747 2867 Ἀϐραὰμ
2777 2797 2878 2849 οὐκ
2905 2796 3080 2859 ἄλλως
3106 2796 3140 2868 ἢ
3165 2795 3232 2848 δι’
3265 2792 3552 2867 ἀνθρώπου
3580 2792 3796 2865 μορφῆς

2219 2888 2575 2960 τεθεαμένος;
2603 2888 2665 2941 Εἰ
2694 2888 2739 2940 δ’
2764 2888 3083 2958 ἀναφέροιεν
3121 2885 3216 2940 ἐπὶ
3251 2886 3344 2940 τὸν
3369 2884 3616 2950 Ἐζεκίαν
3646 2886 3696 2939 οἱ
3730 2886 3797 2938 ἐκ

2220 2981 2521 3053 περιτομῆς
2544 2979 2717 3034 ταῦτα
2736 3020 2749 3043 ,
2784 2979 2875 3033 τὸν
2895 2980 2989 3032 τοῦ
3031 2979 3206 3051 Ἀχαζ
3226 2979 3415 3042 παῖδα,
3441 2978 3628 3031 τοῦτον
3651 2973 3792 3030 εἶναι

2220 3074 2520 3144 φάσκοντες
2547 3073 2639 3125 τὸν
2666 3071 2744 3143 τῷ
2773 3072 2941 3143 πατρὶ
2968 3070 3494 3144 προσημαινόμενον,
3526 3070 3641 3124 ἀλλ’
3669 3069 3799 3126 οὔτι

2220 3163 2249 3216 6
2282 3162 2397 3233 μεθ’
2428 3161 2585 3232 ἡμῶν
2630 3161 2762 3227 Θεὸς
2809 3162 3058 3227 Ἐζεκίας
3107 3158 3196 3233 ἦν,
3244 3161 3367 3216 οὒτε
3416 3165 3638 3235 σημεῖον
3678 3161 3800 3216 Oso-

2226 3254 2436 3326 πρεπές
2484 3253 2796 3326 πέπρακταί
2841 3271 2893 3307 τι
2941 3253 3027 3307 ἐπ’
3079 3252 3258 3324 αὐτῷ’
3310 3252 3425 3307 ἀλλ’
3476 3252 3598 3307 ούδέ
3646 3251 3797 3322 ἀγὼν

2223 3347 2255 3417 ἢ
2290 3346 2484 3418 μόχθος
2510 3346 2589 3417 τῷ
2617 3345 2736 3417 Θεῷ
2773 3342 2840 3417 ἦν
2884 3346 3012 3418 περὶ
3041 3346 3142 3417 τὴν
3175 3345 3382 3399 ἐκείνου
3411 3345 3660 3415 γένεσιν·
3701 3345 3799 3399 καὶ

2223 3438 2396 3504 ἄλλως
2429 3440 2580 3512 παρά
2623 3439 2796 3493 ταῦτα
2841 3438 3114 3494 δείκνυται
3159 3440 3188 3492 ό
3222 3438 3469 3503 Ἐζεκίας
3513 3438 3800 3492 ἀποκλειό-

2227 3549 2384 3603 μενος
2419 3532 2527 3585 τῶν
2566 3531 2771 3604 χρόνων
2808 3531 2907 3603 τῆς
2943 3530 3296 3602 προφητείας.
3343 3529 3526 3583 Ταῦτα
3563 3529 3663 3600 μὲν
3687 3529 3801 3601 γὰρ

2225 3620 2596 3691 βασιλεύοντος
2628 3618 2792 3675 αὐτοῦ
2830 3619 2895 3690 δὴ
2919 3618 3013 3672 τοῦ
3056 3618 3259 3690 πατρὸς
3292 3613 3469 3688 Ἀχαζ
3498 3617 3628 3688 περὶ
3671 3614 3802 3685 μελ-

2223 3712 2419 3767 λόντων
2440 3711 2780 3775 ἐθεσπίξετο·
2816 3714 2846 3765 6
2865 3710 2923 3763 δὲ
2946 3709 3190 3775 Ἑζεκίας
3221 3710 3328 3782 πρὸ
3355 3708 3449 3763 τοῦ
3481 3707 3801 3779 βασιλεῦσαι

2224 3805 2315 3859 τὸν
2338 3804 2513 3875 Ἀχαζ
2559 3804 2877 3857 συνίσταται
2914 3803 3335 3875 γεγεννημένος.
3382 3801 3447 3854 Ei
3488 3800 3545 3853 δὲ
3594 3799 3670 3872 μὴ
3706 3801 3802 3853 ἐπὶ

2223 3895 2410 3949 τοῦτον
2460 3894 2717 3966 ἀναχθείη
2761 3893 2832 3947 τά
2875 3894 2977 3965 τῆς
3007 3892 3370 3966 προκειμένης
3418 3892 3799 3963 προρρήσεως,

2227 3985 2419 4040 πολλοῦ
2445 3986 2527 4041 δεῖ
2557 3989 2643 4057 ἐφ’
2663 3986 2851 4059 ἕτερον
2873 3985 2981 4041 τῶν
3006 3986 3155 4059 παρὰ
3190 3986 3465 4048 Ἰουδαίοις
3505 3983 3647 4054 μετά
3672 3984 3802 4049 τοὺς

2225 4079 2323 4150 τῆς
2349 4078 2686 4150 προφητείας
2711 4078 2934 4149 χρόνους
2956 4075 3284 4147 γενομένων.
3328 4075 3449 4128 Ἐπί
3473 4091 3535 4143 γε
3566 4073 3673 4145 μὴν
3699 4073 3799 4144 τῆς

2223 4169 2318 4223 τοῦ
2355 4168 2587 4240 ἀληθοῦς
2630 4167 2995 4239 Ἐμμανουὴλ,
3029 4166 3173 4220 τοῦτ’
3213 4165 3330 4219 ἐστι
3374 4164 3469 4219 τοῦ
3514 4163 3802 4234 γεγονότος

2229 4262 2347 4333 μεθ’
2379 4261 2538 4333 ἡμῶν
2577 4259 2713 4314 Θεοῦ
2759 4259 3048 4329 γενέσεως,
3096 4258 3192 4313 καὶ
3235 4260 3328 4314 ἐπὶ
3363 4258 3533 4331 μόνης
3561 4259 3662 4331 τῆς
3703 4256 3802 4312 τοῦ

2226 4355 2475 4427 Σωτῆρος
2539 4353 2694 4425 ἡμῶν
2753 4350 2847 4405 τοῦ
2903 4349 3040 4404 Θεοῦ
3105 4350 3279 4420 Λόγου
3342 4353 3422 4414 είς
3480 4348 3804 4422 ἀνθρώπους

2225 4446 2546 4517 ἐπιδημίας·
2588 4443 2696 4498 τῶν
2727 4441 2835 4514 γάρ
2879 4441 3025 4496 δυεῖν
3071 4441 3334 4512 βασιλέων
3378 4440 3803 4514 καθῃρημένων,

558 4548 678 4610 pter
725 4538 1050 4593 descensum
1083 4535 1150 4590 ad
1199 4535 1469 4596 homines,
1508 4534 1790 4590 autetiam
1832 4552 2006 4606 usque
2059 4537 2122 4592 ad

2231 4536 2555 4606 κατελείφθη
2588 4535 2793 4607 ἕρημος
2819 4536 2853 4606 ἠ
2881 4534 2991 4586 τῶν
3016 4533 3281 4588 Ἰουδαίων
3320 4534 3415 4604 γῆ,
3444 4533 3635 4606 ὥσπερ
3686 4532 3807 4588 ἐσε-

554 4638 784 4687 mortem
826 4641 1147 4684 accessum:
1193 4626 1536 4682 altitudinem
1569 4640 1700 4681 vero
1725 4637 1948 4700 propter
1979 4629 2123 4685 divi-

559 4724 746 4780 uitatis
808 4738 838 4776 a
898 4719 1271 4793 profunditate
1332 4722 1760 4787 restitutionem,
1813 4729 1908 4778 aut
1960 4723 2124 4778 etiam

552 4825 777 4887 propter
803 4814 1002 4869 divinat
1031 4813 1152 4883 ejus
1194 4813 1538 4877 substantiae,
1584 4830 1706 4886 qua:
1738 4815 1889 4870 omni
1923 4822 2125 4870 natura

554 4908 704 4977 prior
731 4913 836 4968 est.
871 4905 1220 4974 theologiam.
1258 4906 1392 4972 Quis
1415 4921 1543 4962 vero
1573 4907 1713 4963 alius
1738 4909 1810 4962 sit
1839 4906 2125 4962 nobiscum

559 4998 722 5059 Deus.
756 5013 919 5069 quam
946 4998 993 5054 is
1029 5012 1189 5069 quem
1214 4998 1592 5069 superioribus
1620 4999 1776 5054 libris
1810 4996 1981 5054 Deum
2022 4997 2128 5053 Do-

553 5091 870 5162 minumque
938 5090 1319 5147 ostendimus?
1390 5090 1593 5162 quique
1673 5091 1802 5145 item
1894 5090 2127 5146 Abrahae

553 5185 829 5254 quondam
864 5200 973 5239 non
1004 5183 1110 5239 alia
1159 5199 1321 5254 quam
1354 5182 1590 5238 hominis
1624 5181 1796 5237 forma
1829 5186 1981 5239 visus
2008 5183 2130 5238 est?

552 5275 707 5343 Quod
764 5276 817 5332 si
858 5274 1030 5331 Judaei
1084 5276 1196 5330 haec
1240 5274 1306 5329 ad
1332 5274 1614 5329 Ezechiam
1665 5273 1903 5330 referant
1955 5274 2124 5329 ﬁlium

551 5369 756 5431 Achaz,
781 5377 836 5424 et
879 5367 1067 5424 dicant
1107 5369 1253 5424 hunc
1296 5385 1417 5424 esse
1455 5369 1547 5440 qui
1592 5366 1732 5437 patri
1772 5382 1874 5422 suo
1906 5366 2125 5422 futurus

532 5461 777 5514 “oraculo
818 5460 1195 5530 promittatur,
1242 5461 1464 5516 videant
1516 5458 1794 5532 quomodo
1840 5458 2124 5514 nobiscum

551 5551 697 5607 Deus
720 5550 883 5606 fuerit
917 5548 1202 5613 Ezechias,
1222 5552 1604 5621 antquodnam
1635 5552 1850 5622 signant
1888 5565 1984 5607 sua
2011 5567 2128 5605 ma-

544 5645 746 5714 jestate
773 5642 1021 5713 dignum,
1057 5640 1200 5698 Deus
1221 5642 1275 5697 in
1307 5643 1404 5697 illo
1441 5642 1776 5699 ostenderit:
1811 5642 1906 5699 sed
1949 5658 2127 5711 neque

553 5744 830 5793 certamen
867 5734 1059 5800 ullum,
1089 5751 1266 5807 neque
1289 5735 1443 5790 labor
1467 5736 1523 5791 in
1550 5736 1697 5792 illius
1731 5744 1854 5791 ortu
1890 5731 2001 5789 Deo
2028 5750 2123 5789 ex—

555 5825 758 5883 hibitus
787 5833 908 5884 est:
945 5835 1204 5898 praeterea
1239 5828 1399 5898 plane
1426 5844 1455 5882 a
1489 5827 1770 5899 prophetia
1792 5825 2121 5892 excluditur,

2231 4632 2353 4686 σθαί
2395 4647 2555 4702 φησιν
2598 4630 2627 4681 6
2660 4628 2908 4701 χρησμὸς
2926 4626 3130 4682 εἰπών·
3173 4647 3192 4679 ι
3221 4625 3731 4698 Καταλειφθήσεται
3768 4629 3803 4697 ἡ

2227 4722 2301 4793 γῆ
2342 4719 2450 4775 ἀπὸ
2501 4717 2791 4791 προσώπου
2839 4718 2947 4773 τῶν
2978 4718 3072 4773 δύο
3097 4716 3384 4789 βασιλέων·
3418 4734 3437 4767 ι
3490 4716 3520 4769 δ
3544 4716 3641 4772 καὶ
3674 4715 3807 4770 αὐτὸ

2230 4811 2407 4886 ῥητῶς
2456 4810 2552 4864 καὶ
2598 4808 2739 4865 κατά
2776 4806 2920 4875 λέξιν
2967 4807 3139 4870 οὕτως
3188 4805 3253 4860 ἂν
3288 4803 3597 4875 ἀποδοθείη.
3648 4804 3807 4858 Κατά

2228 4904 2335 4975 γὰρ
2381 4902 2603 4974 βασιλέα
2638 4902 2833 4972 Ἄχας,
2882 4900 2978 4954 καὶ
3018 4898 3245 4953 Ἡσαΐαν
3296 4898 3412 4952 υἱὸν
3461 4896 3664 4968 Ἀμὼς,
3711 4897 3806 4950 καὶ

2227 4997 2353 5060 τοὺς
2384 4994 2483 5066 τῆς
2517 4993 2850 5065 προφητείας
2881 4991 3140 5063 χρόνους,
3178 4989 3425 5060 βασιλεὺς
3452 4989 3653 5060 Συρίας
3684 4990 3714 5042 6
3746 4990 3804 5041 ἐν
3919 5048 3929 5061 .

2228 5086 2525 5158 Δαμασκῷ,
2560 5087 2655 5140 καὶ
2682 5084 2931 5157 βασιλεὺς
2964 5083 3179 5158 Ἰσραὴλ
3219 5084 3248 5135 6
3286 5084 3343 5135 ἐν
3376 5080 3679 5152 Σαμαρείᾳ,
3704 5079 3805 5149 οὐχ

2227 5184 2256 5235 6
2284 5185 2343 5236 ἐν
2369 5180 2740 5253 Ἰερουσαλὴμ,
2771 5178 2885 5234 ἀλλ’
2916 5180 2946 5231 ὀ
2974 5176 3069 5231 τοῦ
3115 5175 3350 5246 πλήθους
3380 5173 3487 5226 τῶν
3534 5171 3805 5226 Ἰουδαίων

2226 5273 2336 5326 τῶν
2381 5272 2733 5327 ἀποστάντων
2753 5270 2844 5325 τοῦ
2885 5270 3033 5324 θείου
3076 5268 3243 5340 νόμου
3263 5307 3278 5329 ,
3345 5264 3620 5336 συνθήκας
3667 5261 3808 5333 πρὸς

2227 5364 2489 5437 ἀλλήλους
2517 5364 2754 5435 θέμενοι,
2786 5363 2913 5425 τοὺς
2946 5361 3053 5414 ὑπὸ
3080 5361 3193 5423 τοῖς
3219 5357 3482 5429 διαδόχοις
3514 5353 3610 5409 τοῦ
3639 5354 3808 5408 Δαυῖδ

2230 5456 2677 5527 βασιλευομένους
2698 5454 3065 5525 ἐπολιόρκουν.
3104 5452 3318 5505 Τούτων
3350 5445 3444 5502 οὖν
3474 5449 3678 5519 ἀμφοῖν
3707 5445 3809 5517 τὴν

2228 5550 2551 5620 καθαίρεσιν
2574 5551 2607 5619 ἡ
2631 5545 2936 5618 προφητεία
2965 5543 3315 5607 θεσπίζουσα,
3345 5540 3542 5603 αὐτοὺς
3563 5539 3662 5610 μὲν
3678 5542 3808 5603 τοὺς

2227 5641 2348 5695 κατ’
2362 5640 2536 5693 ἐκεῖνο
2555 5635 2749 5709 καιροῦ
2775 5634 3057 5698 Ἰουδαίους
3086 5650 3145 5687 τε
3175 5632 3269 5685 καὶ
3296 5628 3645 5699 ἀλλοφύλους,
3664 5630 3814 5682 κατά

2228 5733 2322 5788 τοῦ
2349 5732 2477 5788 λαοῦ
2505 5730 2599 5784 τοῦ
2623 5729 2757 5784 Θεοῦ
2782 5728 2960 5793 δεξιὰς
2984 5726 3231 5799 ἀλλήλοις
3253 5722 3575 5786 δεδωκότας,
3608 5720 3813 5775 αὐτίκα

2233 5824 2376 5897 μάλα
2417 5821 2830 5895 διαλυθήσεσθαι
2884 5822 2979 5877 καὶ
3030 5819 3406 5894 ἀποχωρήσειν
3446 5814 3540 5871 τοῦ
3567 5814 3809 5886 πολέμου
