4100 6430
299 401 416 458 50!

1189 396 1839 454 DEMONSTRATIONIS
1875 397 2334 455 EVANGEIJCIE
2372 397 2498 455 LIB.
2533 397 2642 454 VH.

3447 401 3551 459 502

300 523 450 594 φησί
472 539 486 552 ·
519 523 615 592 τήν
648 539 712 590 γε
736 520 840 593 μην
873 520 1145 592 βασιλείαν
1173 521 1350 576 αὐτῶν
1385 521 1477 575 καὶ
1505 522 1604 592 τὴν
1636 521 1871 592 διαδοχὴι

1985 522 2197 576 ratione
2229 529 2539 590 temporum
2588 517 2869 572 Ezechias.
2924 518 3048 573 Haec
3079 518 3222 573 enim
3275 519 3394 589 ipso
3434 521 3547 588 jam

303 614 464 676 εῖςτὺ
477 612 735 675 παντελὲς
749 611 1236 682 καταλυθήσεσθαι,
1264 612 1355 665 καὶ
1379 610 1882 682 ἀποσϐεσθήσεσθαι

303 703 408 755 ἐπὶ
427 702 524 772 τῆς
550 702 646 756 τοῦ
677 703 1173 775 προφητευομένου,
1210 702 1330 774 μεθ’
1353 700 1508 773 ἡμῶν
1536 700 1691 768 Θεοῦ,
1724 704 1879 773 γενέ-

305 811 472 859 σεως.
517 795 837 866 Ἐπίστησον
869 795 1046 849 τοίνυν
1103 796 1230 848 πότε
1261 799 1293 868 ή
1328 797 1701 868 Δαμασκηνῶν
1745 795 1880 867 ὁμοῦ

303 886 405 938 καὶ
439 885 708 940 Ἰουδαίων
757 885 1022 958 κατελύθη
1081 887 1344 957 βασιλεία,
1390 890 1480 942 καὶ
1524 888 1666 942 κα.τά
1698 888 1882 950 ποίους

301 976 536 1048 χρόνους
565 977 886 1049 κατελείφθη
920 981 952 1050 ἡ
982 979 1050 1050 γῆ
1078 979 1186 1032 τῶν
1220 980 1484 1033 Ἰουδαίων
1512 979 1879 1042 ἀϐασίλευτος,

301 1069 404 1121 καὶ
452 1069 590 1139 αὐτή
640 1085 703 1137 γε
753 1072 785 1139 ὴ
828 1070 956 1140 πρὶν
997 1068 1165 1123 πολλὰ
1209 1070 1475 1142 δυναμένη
1511 1069 1881 1140 Δαμασκηνῶν

299 1155 486 1228 χώρα,
521 1158 730 1230 μεγάλῃ
765 1159 910 1230 χειρὶ
950 1160 1010 1212 τὸ
1043 1159 1272 1214 παλαιὸν
1311 1161 1410 1230 τῆς
1436 1161 1634 1232 Συρίας
1665 1161 1882 1228 ἁπάσης

301 1247 686 1318 βασιλεύουσα.
724 1251 851 1304 Ἐπὶ
881 1252 989 1322 γάρ
1028 1252 1126 1321 τῆς
1164 1252 1367 1306 τούτων
1397 1251 1764 1324 καθαιρέσεως
1790 1252 1881 1304 τὸν

315 1339 670 1413 Ἑμμανουὴλ
717 1341 931 1405 πάντως
968 1359 1068 1394 που
1095 1343 1517 1414 γεννηθήσεσθαι
1567 1343 1738 1407 εἰκὸς,
1789 1343 1882 1397 καὶ

297 1431 402 1484 τὸν
452 1433 922 1504 προφητευόμενον
983 1433 1318 1505 ἐληλυθέναι.
1381 1435 1445 1488 Ei
1497 1435 1592 1505 μὲν
1637 1431 1729 1488 οῦν
1773 1435 1882 1487 τῶν

297 1526 654 1598 δηλουμένων
691 1528 871 1600 παρῆν
903 1530 1035 1600 όρᾷν
1069 1527 1409 1593 συνεστώσας
1443 1531 1542 1593 τὰς
1589 1529 1878 1598 βασιλείας.

296 1619 460 1674 οὐδὲν
498 1619 634 1691 χρῆν
671 1619 979 1692 περαιτέρω
1023 1619 1227 1691 ζητεῖν,
1265 1621 1422 1692 μόνον
1459 1621 1515 1673 δὲ
1555 1621 1634 1674 ἔτι
1665 1622 1758 1674 καὶ
1785 1620 1881 1673 νῦν

297 1713 390 1775 εἰς
420 1711 678 1782 μέλλοντα
702 1711 888 1783 χρόνον
914 1713 1152 1784 ἀναρτᾷν
1174 1712 1269 1775 τὰς
1297 1712 1516 1776 ἐλπίδας
1533 1729 1547 1744 ο
1580 1715 1628 1765 εἰ
1653 1712 1710 1764 δέ
1737 1712 1881 1783 ἔργῳ

298 1802 592 1872 προφανὴς
635 1804 668 1872 ἡ
701 1801 1014 1871 καθαίρεσις
1053 1804 1160 1855 τῶν
1194 1803 1518 1874 εἰρημένων,
1557 1804 1631 1866 ώς
1662 1804 1796 1874 μήτε
1823 1804 1881 1856 ἐν

1983 621 2096 666 tum
2127 620 2280 682 patre
2305 612 2488 666 Achaz
2517 619 2780 681 regnante
2810 611 2990 666 futura
3022 611 3380 667 canebantur.
3417 609 3551 668 Eze-

1982 703 2160 757 chiam
2201 717 2328 757 vero
2355 710 2643 772 antequam
2675 717 2898 770 regnum
2925 701 3194 771 acceperit
3225 701 3427 764 Aehaz,
3456 717 3550 772 ge-

1982 795 2154 848 nitum
2191 809 2314 850 esse
2352 803 2592 849 constat.
2629 792 2782 859 Quod
2819 794 2866 848 si
2922 797 2989 848 ad
3035 794 3179 848 hunc
3221 809 3283 847 ea
3320 809 3440 863 qua
3481 795 3548 847 ad

1983 888 2327 956 propositum
2378 887 2665 940 oraculum
2725 886 3018 956 pertinent,
3081 887 3303 942 minime
3355 886 3548 941 referri

1982 989 2236 1049 possunt,
2268 979 2440 1032 multo
2474 979 2655 1034 minus
2699 979 2766 1032 ad
2799 979 2963 1031 alium
2996 979 3304 1049 quempiam
3333 995 3545 1040 eorum,

1982 1071 2074 1140 qui
2099 1071 2238 1140 apud
2265 1070 2479 1126 Judteos
2503 1079 2622 1139 post
2640 1070 2936 1140 pr0phetim
2955 1078 3199 1140 tempora
3217 1072 3545 1134 exstiterint,

1984 1170 2343 1233 praterquam
2380 1163 2446 1216 ad
2486 1171 2664 1216 ortum
2697 1163 2837 1232 ejus,
2871 1165 2961 1231 qui
2999 1178 3160 1216 verus
3209 1171 3292 1218 est
3335 1162 3549 1217 Emma-

1990 1255 2139 1317 nuel,
2191 1255 2354 1324 318
2386 1254 2489 1308 hoc
2519 1262 2604 1308 est
2635 1254 2863 1323 ejusqui
2907 1253 3175 1308 exstiterit
3210 1269 3332 1308 vere
3363 1241 3550 1307 nobis-

1983 1362 2107 1401 cum
2140 1345 2304 1409 Dens,
2339 1353 2392 1400 et
2421 1345 2488 1399 ad
2516 1361 2686 1398 unum
2722 1344 3023 1400 Salvatoris
3055 1346 3229 1399 nostri
3260 1344 3353 1399 Dei
3383 1343 3548 1400 Verbi

1983 1439 2051 1492 ad
2078 1437 2327 1491 homines
2353 1452 2672 1492 accessum:
2715 1437 2930 1492 duobus
2958 1439 3100 1492 enim
3141 1437 3372 1492 sublatis
3401 1437 3545 1506 regi-

1984 1529 2107 1592 bus,
2149 1529 2366 1584 deserta
2412 1540 2466 1583 et
2509 1529 2624 1584 sola
2675 1529 2862 1583 relicta
2911 1539 2993 1585 est
3033 1527 3344 1584 Iudaeorum
3379 1537 3545 1591 terra,

1984 1623 2126 1677 sicut
2149 1621 2431 1676 oraculum
2455 1621 2531 1674 ait
2556 1620 2819 1684 futurum,
2853 1621 3042 1676 dicens
3069 1641 3083 1675 :
3114 1639 3132 1671 ι
3192 1618 3550 1689 Relinquetur

1983 1719 2127 1765 terra
2160 1724 2190 1762 a
2221 1708 2356 1764 facie
2383 1709 2614 1764 duorum
2647 1724 2870 1778 regum;
2914 1727 2931 1759 ι
2958 1707 3101 1778 quod
3126 1707 3344 1777 quidem
3368 1706 3546 1774 ipsum
3644 1743 3645 1746 η

1983 1802 2142 1854 etiam
2174 1799 2330 1868 plane
2363 1799 2429 1853 ad
2461 1799 2684 1853 verbum
2730 1798 2812 1852 sic
2853 1797 3334 1852 (lt-monstrabitur.
3383 1797 3549 1850 Tem-

296 1894 606 1964 Δαμασκῷ,
660 1897 796 1976 μήτε
839 1897 895 1949 ἐν
936 1899 999 1966 τῇ
1038 1896 1285 1968 Ἰουδαία,
1336 1896 1454 1951 καθ’
1485 1899 1631 1968 ἡμᾶς
1680 1898 1871 1962 αὐτοὺς

1977 1893 2199 1965 poribus
2227 1892 2370 1947 enim
2423 1890 2566 1961 regis
2602 1891 2803 1954 Achaz,
2834 1897 2887 1943 et
2924 1887 3074 1944 Isaiae
3098 1889 3190 1942 filii
3221 1888 3408 1949 Amos,
3433 1888 3550 1958 qui-

298 1986 592 2053 φαίνεσθαι
647 1985 902 2056 βασιλέα,
970 1987 1230 2059 πρόδηλον
1272 1989 1347 2053 ώς
1381 1990 1566 2055 τέλους
1612 1990 1768 2062 έτνχε
1818 1991 1877 2044 τὸ

295 2074 486 2144 λόγιον
535 2075 713 2146 φῆσαν
737 2092 750 2106 °
813 2095 830 2126 ι
864 2077 971 2128 Καὶ
1029 2076 1514 2148 καταλειφθήσεται
1571 2079 1604 2148 ἡ
1648 2077 1720 2149 γῆ
1771 2077 1879 2130 ἀπὸ

301 2163 598 2235 προσώπου
651 2165 756 2218 τῶν
796 2165 888 2218 δύο
951 2166 1248 2236 βασιλέων,
1297 2161 1373 2222 ὧν
1418 2169 1481 2220 σὺ
1537 2167 1674 2239 φοϐῇ
1699 2209 1713 2232 ,
1770 2168 1878 2220 ἀπὸ

295 2257 597 2330 προσώπου
644 2259 820 2312 αὐτῶν
847 2276 859 2288 ·
894 2279 914 2313 ›
971 2261 1076 2313 τῶν
1126 2260 1418 2330 βασιλέων,
1466 2262 1586 2314 ἀντὶ
1627 2261 1734 2316 τῶν
1787 2261 1880 2330 βα-

298 2349 521 2403 σιλειῶν
565 2351 982 2422 ὠνομασμένων.
1057 2353 1112 2406 '0
1140 2351 1271 2421 γοῦν
1327 2353 1620 2424 Σῦμμαχός
1675 2371 1874 2424 φησιν’

306 2463 329 2494 ο
376 2442 968 2515 Ἑγκαταλειφθήσεται
1017 2446 1049 2515 ἠ
1098 2445 1200 2514 γῆ,
1242 2444 1333 2514 ἀφ’
1373 2440 1442 2517 ἧς
1491 2447 1556 2498 σὺ
1604 2447 1876 2514 ἐγκακεῖς,

293 2533 411 2588 ὰπδ
461 2533 753 2603 προσώπου
799 2533 906 2586 τών
953 2534 1046 2588 δύο
1091 2534 1356 2604 βασιλέων
1404 2537 1602 2608 αὐτῆςο
1637 2557 1654 2588 ι
1713 2539 1807 2590 καὶ
1850 2541 1879 2590 ό

311 2624 575 2688 ’Δκῦλας·
598 2643 616 2675 ι
653 2624 1232 2697 Ἐγκαταλειφθήσεται
1278 2629 1310 2698 ή
1349 2626 1513 2697 χθὼν,
1559 2628 1626 2698 ἢν
1659 2631 1723 2681 συ
1759 2646 1877 2682 σικ-

297 2716 544 2788 χαίνεις,
578 2715 684 2769 ἀπὸ
730 2715 1020 2787 προσώπου
1063 2717 1169 2770 τῶν
1207 2717 1300 2771 δύο
1341 2718 1602 2789 βασιλέων
1649 2720 1873 2790 αὐτῆς.»

297 2808 412 2862 Καὶ
463 2809 492 2860 ό
516 2806 805 2860 Θεοδοτίων
853 2809 910 2862 δὲ
950 2808 1136 2863 τοῦτον
1169 2811 1478 2882 ἡρμήνευσε
1523 2812 1615 2864 τὸν
1644 2813 1880 2884 τρόπον*

305 2916 324 2948 ι
371 2897 955 2970 Ἐγκαταλειφθήσεται
995 2901 1028 2970 ὴ
1067 2901 1174 2971 γῆ,
1223 2901 1290 2972 ἢν
1325 2902 1390 2955 σὺ
1436 2901 1732 2974 βδελύσσῃ,
1768 2903 1878 2957 ἀπὸ

301 2988 590 3060 προσώπου
645 2989 752 3042 τῶν
797 2989 890 3044 δύο
930 2990 1193 3060 βασιλέων
1224 2993 1414 3063 αὐτῆς.
1455 3012 1473 3045 ›
1537 2994 1700 3065 Ὁρᾷς
1730 2997 1877 3058 ὅπως

299 3078 399 3149 τὴν
448 3080 554 3149 γῆν
610 3079 1133 3153 καταλειφθήσεσθαι
1190 3081 1541 3136 ἀϐασίλευτον
1593 3083 1874 3150 θεσπίζει;

299 3167 464 3222 Ποίαν
495 3169 552 3222 δὲ
588 3169 772 3242 γῆν,ἢ
808 3171 904 3243 τὴν
937 3171 1045 3225 τών
1082 3173 1476 3244 Δαμασκηνῶν,
1513 3174 1607 3226 καὶ
1641 3175 1740 3246 τὴν
1781 3173 1876 3229 τοῦ

310 3261 557 3332 ’ῐσραὴλ;
591 3261 793 3316 τούτων
829 3264 938 3336 γὰρ
964 3261 1102 3336 ἦσαν
1135 3266 1184 3318 οί
1220 3264 1311 3317 δύο
1345 3265 1584 3334 βασιλεῖς
1610 3308 1626 3333 ,
1660 3269 1710 3322 οί
1747 3269 1875 3340 περὶ

294 3345 370 3406 ὧν
395 3353 424 3406 6
454 3353 630 3422 λόγος·
659 3349 734 3408 ὧν
759 3357 787 3408 ὁ
815 3357 989 3425 Ἀχαζ
1018 3357 1116 3428 τὴν
1151 3357 1256 3426 γῆν
1285 3358 1591 3429 ἐσίκχαινεν
1609 3399 1623 3422 ,
1663 3360 1700 3430 ἢ
1730 3360 1876 3413 ἐϐδε-

293 3442 543 3506 λῦσσετο.
566 3446 895 3516 ἀποκάμνων
927 3448 958 3518 ἢ
987 3447 1238 3516 ἐγκακών
1270 3449 1363 3502 ἀπ’
1403 3451 1594 3521 αὐτῆς.
1630 3452 1753 3504 Πότ’
1781 3450 1874 3506 οὖν

289 3532 456 3588 τοῦτο
500 3535 728 3604 γέγονε;
763 3536 966 3590 τούτων
1000 3536 1110 3610 γάρ
1149 3539 1690 3611 συμπερασθέντων,
1723 3543 1872 3596 πᾶσα

292 3625 512 3698 ἀνάγκη
555 3627 644 3678 καὶ
683 3627 744 3680 τὸ
778 3628 1175 3699 προλεγόμενον
1211 3631 1374 3703 μέρος
1409 3633 1506 3704 τῆς
1539 3635 1873 3705 προφητείας

291 3717 378 3780 είς
403 3717 562 3789 ἔργον
589 3721 964 3791 κεχωρηκέναι
991 3738 1008 3752 ·
1035 3720 1191 3774 τοῦτο
1214 3722 1270 3775 δὲ
1298 3719 1365 3794 ἦν
1395 3723 1454 3776 τὺ
1476 3724 1582 3795 τὴν.
1597 3725 1871 3796 Παρθένον

289 3809 474 3860 τεκεῖν
515 3809 606 3862 τὸν
655 3809 775 3880 μεθ’
808 3810 962 3881 ἡμῶν
1000 3810 1150 3864 Θεόν.
1196 3815 1305 3867 Καὶ
1337 3814 1401 3885 δὴ
1455 3816 1719 3888 πρόδηλον
1759 3821 1870 3881 τοῖς

293 3898 395 3963 τάς
423 3900 663 3972 ίστορίας
693 3900 1035 3968 ἐξετάζουσιν
1056 3945 1069 3968 ,
1097 3905 1172 3968 ὡς
1207 3904 1369 3977 μέχρι
1412 3907 1510 3976 μὲν
1532 3907 1638 3960 τῶν
1665 3909 1871 3980 χρόνων

292 3987 398 4058 τῆς
421 3992 742 4059 ἐπιφανείας
764 3992 857 4046 τοῦ
893 3995 1144 4066 Σωτῆρος
1174 3999 1206 4065 ἠ
1218 3997 1332 4066 μῶν
1378 3998 1550 4069 Ἰησοῦ
1581 3998 1672 4052 τοῦ
1735 4001 1868 4071 Χρι-

293 4079 424 4135 στοῦ
442 4081 536 4134 καὶ
551 4083 746 4155 ἐπὶτῆς
759 4085 1049 4155 Δαμασκοῦ
1073 4087 1410 4158 συνειστήκει
1431 4087 1492 4140 τὸ
1514 4091 1578 4141 ὲκ
1595 4091 1869 4160 προγόνων

292 4171 543 4241 διαδοχῆς
573 4173 858 4243 βασίλειον.
887 4176 1171 4247 Μέμνηται
1194 4177 1323 4245 γοῦν
1348 4180 1376 4231 ὁ
1407 4179 1550 4250 ἱερὸς
1577 4179 1870 4244 ἀπόστολος

309 4259 504 4332 Ἀρέτα
543 4262 637 4316 τοῦ
687 4263 946 4334 βασιλέως
993 4269 1366 4340 Δαμασκηνῶν
1391 4286 1404 4298 ·
1447 4270 1541 4323 καὶ
1585 4270 1679 4324 τοῦ
1739 4272 1868 4325 Ἰου-

294 4352 459 4406 δαίων
483 4353 540 4408 δέ
568 4355 802 4429 έθνουςὴ
841 4359 1093 4422 ἄτακτος,
1116 4360 1210 4413 καὶ
1235 4361 1296 4414 οὐ
1325 4362 1467 4415 κατά
1497 4362 1659 4433 νόμον
1699 4364 1866 4417 εἰσέτι

295 4447 414 4501 τότε
461 4447 671 4518 διέμενε
721 4449 984 4519 βασιλεία.
1029 4452 1103 4504 Οὐ
1160 4454 1268 4526 γὰρ
1318 4455 1426 4508 ἀπὸ
1470 4455 1658 4523 γένους
1705 4453 1867 4508 Δαυῖδ

1980 1985 2083 2040 bus
2109 1983 2392 2054 prophetia
2427 1982 2517 2036 illa
2547 1981 2692 2036 edita
2723 1974 2838 2044 est,
2886 1995 2979 2035 rex
3016 1979 3188 2051 Syriae
3218 1980 3312 2050 qui
3342 1978 3546 2032 Dama-

1981 2079 2082 2142 sci,
2112 2085 2166 2132 et
2195 2093 2288 2132 rex
2332 2074 2498 2130 Israel
2551 2090 2661 2130 non
2707 2076 2754 2129 is
2789 2075 2881 2145 qui
2914 2075 2967 2128 in
2997 2072 3324 2138 Jerusalem,
3361 2072 3452 2127 sed
3498 2073 3546 2126 is

1979 2170 2070 2240 qui
2124 2165 2384 2223 Samaria!
2411 2167 2694 2237 regnabat,
2754 2175 2807 2222 et
2833 2165 3170 2220 multitudini
3207 2163 3541 2223 Iudaeorum.

1984 2260 2078 2331 qui
2103 2274 2132 2312 a
2159 2257 2344 2312 divina
2374 2258 2490 2328 lege
2513 2255 2848 2314 defecerant.
2877 2255 3196 2326 imperabat,
3233 2254 3438 2310 fmdere
3461 2254 3546 2306 in-

1980 2362 2059 2407 ter
2091 2364 2149 2404 se
2195 2353 2323 2413 icto,
2356 2363 2451 2404 eos
2498 2347 2698 2417 quibus
2746 2346 2964 2402 Davidis
2992 2360 3340 2402 successores
3374 2344 3545 2415 impe-

1980 2441 2195 2502 rabant,
2250 2438 2504 2494 obsidere
2553 2445 2860 2508 cmperunt.
2914 2436 3091 2492 Hasce
3136 2437 3305 2508 igitur
3352 2436 3543 2490 ambos

1979 2545 2103 2585 cum
2140 2528 2427 2598 prophetia
2477 2526 2758 2582 tollendos
2785 2537 2948 2596 atque
2991 2526 3315 2582 everteudos
3356 2534 3539 2586 canat.

1980 2621 2128 2692 ipsos
2159 2620 2377 2691 quidem
2426 2619 2572 2674 illius
2601 2621 2863 2689 temporis
2905 2617 3124 2674 Iudaeos
3162 2626 3216 2673 et
3265 2626 3542 2683 externos,

1978 2713 2070 2782 qui
2105 2713 2368 2768 adversus
2399 2712 2661 2782 populum
2700 2710 2792 2766 Dei
2822 2711 2924 2767 sibi
2955 2710 3172 2766 dextras
3197 2709 3337 2763 inter
3360 2725 3417 2764 se
3449 2709 3542 2763 de-

1977 2803 2192 2868 derant,
2237 2818 2268 2858 e
2312 2803 2545 2872 vestigio
2593 2800 2993 2865 dissolvendos,
3045 2810 3101 2856 et
3141 2801 3484 2855 discessuros
3512 2814 3543 2852 a

1979 2895 2121 2950 bello
2153 2896 2436 2966 prmdiuit;
2467 2911 2690 2968 regnum
2728 2905 2910 2950 tamen
2953 2894 3084 2948 illud
3126 2909 3190 2949 ac
3236 2894 3544 2948 successio-

1973 2999 2094 3040 nem
2119 3002 2305 3041 eorum
2335 3002 2561 3056 prorsus
2596 2987 2925 3042 dissolutum
2955 2986 3404 3055 exstinctumque
3446 2983 3538 3049 iri,

1975 3077 2078 3134 sub
2127 3077 2296 3141 illius,
2353 3077 2418 3134 de
2463 3093 2575 3148 quo
2622 3078 2904 3148 prophetia
2961 3078 3220 3148 loquitur,
3255 3077 3541 3130 nobiscum

1983 3167 2096 3232 Dei,
2127 3178 2328 3226 ortum.
2367 3170 2597 3226 Attende
2642 3171 2808 3240 igitur
2837 3170 3126 3241 diligenter
3152 3184 3260 3240 quo
3292 3179 3538 3238 tempore

1979 3258 2436 3316 Damascenorum
2463 3263 2626 3316 simul
2655 3277 2718 3316 ac
2745 3261 3056 3316 Iudaeorum
3105 3261 3432 3318 dissolutum
3455 3269 3542 3316 est

1976 3366 2224 3422 regnum,
2262 3359 2316 3408 et
2346 3354 2566 3424 quando
2590 3353 2804 3408 tandem
2839 3354 3029 3408 relicta
3057 3361 3141 3408 est
3161 3363 3304 3410 terra
3326 3352 3543 3409 Judazo-

1976 3458 2094 3496 rum
2149 3444 2267 3500 sine
2319 3461 2468 3516 rege,
2521 3461 2734 3500 necnon
2784 3446 2901 3514 ipsa
2953 3462 3072 3516 qua:
3104 3447 3257 3516 prius
3306 3448 3536 3503 multum

1973 3549 2206 3609 poterat,
2253 3556 2450 3612 magna
2498 3555 2666 3594 manu
2719 3537 2996 3610 quondam
3039 3539 3211 3612 Syriae
3264 3543 3535 3597 universe

1974 3635 2319 3705 imperitans,
2373 3635 2833 3692 Damascenorum
2889 3635 3059 3706 regio.
3129 3634 3371 3704 Namque
3436 3637 3540 3690 sub

1972 3726 2165 3779 horum
2194 3729 2530 3782 eversionem
2560 3735 2724 3798 atque
2767 3729 3068 3793 interitum,
3110 3727 3286 3796 ipsum
3321 3725 3540 3780 Emma-

1973 3818 2098 3872 nuel
2146 3832 2373 3886 prorsus
2407 3819 2678 3872 oriturum
2711 3818 2881 3874 fuisse
2912 3834 3010 3889 par
3038 3827 3144 3880 est,
3188 3825 3242 3872 et
3285 3832 3409 3872 cum
3459 3818 3525 3872 de

1971 3921 2080 3976 quo
2105 3908 2389 3978 prophetia
2419 3908 2661 3978 loquitur
2691 3918 3004 3966 venturum.
3053 3906 3108 3961 Si
3140 3908 3310 3978 igitur
3341 3908 3533 3962 horum

1970 3998 2236 4068 ipsorum,
2261 3999 2328 4054 de
2356 3999 2558 4070 quibus
2579 3999 2784 4055 dictum
2816 4007 2920 4059 est,
2954 4014 3144 4070 regna,
3173 4001 3352 4054 adhuc
3387 4010 3532 4054 stare

1971 4089 2170 4144 intueri
2203 4091 2414 4154 liceret,
2451 4090 2588 4144 nihil
2617 4090 2852 4159 amplius
2891 4104 3134 4159 quaerere
3180 4105 3316 4160 opus
3365 4099 3534 4154 esset,

1970 4184 2065 4240 sed
2094 4184 2257 4238 etiam
2290 4197 2438 4238 nunc
2484 4184 2536 4236 in
2586 4182 2828 4237 futurum
2875 4193 3090 4252 tempus
3115 4197 3265 4255 spem
3309 4197 3527 4237 omnem

1968 4275 2271 4330 intendere.
2318 4273 2417 4328 Sin
2457 4280 2636 4328 autem
2684 4275 2864 4344 reipsa
2902 4283 3117 4330 constat
3142 4292 3204 4328 ea
3231 4274 3299 4330 de
3323 4274 3526 4343 quibus

1967 4369 2172 4424 dictum
2201 4376 2306 4433 est,
2343 4383 2535 4423 eversa
2563 4368 2885 4438 sublataque
2921 4383 3064 4432 esse,
3097 4384 3271 4438 usque
3300 4367 3434 4422 adeo
3472 4375 3532 4422 ut

1967 4477 2142 4531 neque
2173 4461 2227 4514 in
2255 4459 2539 4524 Damasco,
2576 4476 2750 4530 neque
2778 4461 2831 4514 in
2855 4458 3062 4523 Iudaea,
3091 4460 3296 4515 nostris
3320 4466 3530 4529 tempo-

293 4540 486 4611 ιφερον
508 4542 606 4612 τὴν
630 4541 728 4612 τῆς
754 4543 925 4614 ἀρχῆς
948 4542 1192 4616 διαδοχὴν
1242 4545 1484 4618 Ἡρώδης
1526 4549 1618 4600 καὶ
1655 4549 1702 4600 οἱ
1745 4546 1862 4617 μετ’

1974 4553 2121 4607 ribus
2155 4567 2333 4622 regem
2385 4552 2588 4608 intueri
2632 4552 2812 4616 liceat,
2853 4553 2982 4623 quid
3019 4553 3251 4622 amplius
3274 4552 3532 4607 dubitan-

291 4633 454 4685 αὐτὸν
485 4633 577 4686 ἐπὶ
597 4633 690 4686 τοῦ
721 4635 972 4706 Σωτῆρος
993 4636 1148 4706 ήμῶν
1173 4638 1472 4709 γενόμενοι.
1509 4638 1659 4692 Μετά
1683 4638 1740 4691 δὲ
1762 4638 1860 4709 τὴν

291 4724 614 4794 ἐπιφάνειαν
657 4727 854 4792 αὐτοῦ,
910 4729 1004 4782 καὶ
1052 4729 1115 4782 τὸ
1159 4729 1510 4798 εὐαγγελικὺν
1548 4731 1626 4794 εἰς
1657 4730 1862 4793 πάντας

291 4814 611 4886 ἀνθρώπους
648 4817 740 4870 τοῦ
787 4820 850 4871 ἐκ
897 4820 995 4890 τῆς
1037 4819 1310 4891 Παρθένου
1344 4821 1530 4885 παιδὸς
1576 4823 1858 4892 κήρυγμα,

289 4907 706 4962 καταλέλειπται
767 4910 965 4964 αὐτίκα
1030 4912 1062 4981 ἠ
1113 4911 1182 4981 γῆ
1236 4911 1344 4966 ἀπὸ
1408 4913 1698 4984 προσώπου
1748 4917 1860 4969 τοῖν

288 4999 433 5052 δυεῖν
460 4998 740 5069 βασιλέων.
798 4999 888 5066 Ἐξ
918 5003 1124 5055 ἐκείνου
1154 5002 1262 5074 γάρ
1285 5003 1383 5074 τῆς
1439 5005 1723 5076 Ῥωμαίων
1760 5025 1861 5078 μο-

288 5091 514 5161 ναρχίας
538 5090 646 5144 τῶν
679 5091 846 5145 ἐθνῶν
885 5095 1351 5166 ἐπικραησάσης,
1391 5095 1609 5150 ἐλέλυτο
1637 5098 1735 5169 μὲν
1763 5099 1859 5153 καὶ

287 5181 440 5232 πᾶσα
467 5182 498 5250 ἡ
531 5180 670 5232 κατά
699 5182 825 5245 τοὺς
840 5181 1033 5247 τόπους
1058 5183 1315 5256 ἐθναρχία
1341 5203 1400 5239 τε
1420 5188 1514 5241 καὶ
1534 5188 1821 5260 πολιαρχία
1838 5206 1852 5220 ’

284 5267 436 5331 τέλος
477 5269 531 5322 δὲ
590 5269 728 5340 μετά
781 5271 887 5324 τῶν
944 5273 1118 5327 ἄλλων
1176 5277 1270 5329 καὶ
1320 5277 1388 5330 τά
1431 5278 1531 5348 τῆς
1567 5280 1624 5332 ἐν
1671 5282 1857 5351 χερσὶν

285 5360 556 5430 ἐλάμϐανε
606 5365 960 5436 προφητείας.
1025 5369 1190 5440 Ῥητά
1246 5370 1344 5441 μὲν
1389 5367 1481 5426 οὖν
1512 5373 1634 5426 τάδε
1663 5391 1675 5403 ·
1721 5375 1856 5447 πρὸς

281 5451 339 5506 δὲ
384 5453 620 5507 διάνοιαν
663 5457 692 5508 ὁ
760 5457 858 5528 τῆς
919 5463 1252 5530 προφητείας
1305 5463 1458 5532 λόγος
1499 5466 1714 5536 ἀπάσης
1755 5468 1855 5537 ψυ-

283 5542 386 5613 χῆς
409 5544 470 5596 τὸ
497 5545 752 5611 εὐσταθὲς
772 5549 865 5602 καὶ
876 5550 1183 5620 γαληναῖον,
1204 5553 1296 5605 καὶ
1317 5555 1586 5624 είρηναῖον
1603 5556 1852 5625 σημαίνει

1963 4645 2090 4699 dum
2142 4653 2250 4710 est,
2309 4646 2591 4699 oraculum
2629 4661 2786 4701 suum
2839 4645 2996 4699 linem
3055 4646 3348 4715 accepisse,
3384 4645 3529 4714 quod

1964 4737 2077 4792 ait?
2121 4755 2139 4786 ι
2167 4735 2231 4791 Ει
2269 4737 2605 4806 relinquetur
2637 4745 2782 4792 terra
2824 4751 2854 4789 a
2895 4736 3031 4791 facie
3059 4735 3290 4790 duorum
3316 4750 3526 4805 regum,

1962 4845 2104 4898 quos
2139 4840 2193 4883 tu
2245 4830 2406 4884 times
2429 4844 2458 4882 a
2490 4828 2625 4883 facie
2656 4829 2936 4897 ipsorum;
2965 4846 2980 4878 ι
3021 4829 3220 4896 quibus
3264 4827 3316 4880 in
3347 4827 3527 4881 verbis

1961 4933 2116 4988 reges
2144 4932 2242 4987 pro
2296 4919 2478 4991 regnis
2528 4918 2792 4971 nominati
2836 4924 2983 4971 sunt.
3039 4915 3315 4986 Siquidem
3371 4915 3527 4987 Sym-

1961 5010 2188 5064 machus
2233 5009 2307 5062 ita
2369 5011 2483 5063 ait:
2543 5008 2942 5078 «Relinquetur
3003 5016 3172 5070 terra,
3226 5023 3257 5061 a
3309 5023 3414 5077 qua
3468 5025 3523 5060 ιιι

1959 5101 2100 5155 mala
2165 5102 2400 5172 pateris,
2444 5116 2474 5155 a
2534 5100 2672 5156 facie
2739 5100 2972 5156 duorum
3038 5117 3227 5172 regum
3288 5101 3519 5172 ipsius.»

1958 5191 2153 5262 Aquila
2243 5207 2402 5248 vero:
2515 5191 2911 5262 «Relinquetur
2975 5201 3154 5256 terra,
3222 5209 3384 5264 quam
3464 5203 3521 5246 tu

1959 5282 2174 5339 fastidis
2201 5322 2218 5349 ,
2283 5299 2315 5338 a
2355 5283 2495 5339 facie
2545 5284 2777 5338 duorum
2820 5299 3005 5352 regum
3048 5284 3237 5354 ipsius.
3271 5303 3290 5336 ι
3336 5282 3518 5337 Theo-

1956 5375 2145 5430 dotion
2197 5391 2414 5446 quoque
2473 5377 2664 5431 eodem
2729 5377 3122 5444 interpretatus
3179 5385 3262 5432 est
3319 5377 3509 5430 modo-

1954 5469 2119 5539 319
2147 5488 2164 5520 ι
2194 5467 2572 5540 Relinquetur,
2613 5469 2815 5538 inquit,
2846 5478 2988 5526 terra
3024 5487 3184 5540 quam
3229 5479 3286 5524 tu
3310 5471 3486 5524 almmi

1955 5561 2103 5613 naris
2139 5575 2169 5614 a
2201 5559 2338 5615 facie
2385 5561 2617 5615 duorum
2667 5575 2852 5633 regum
2900 5562 3092 5633 ipsius.
3136 5582 3156 5615 ›
3200 5562 3394 5617 Cernis

282 5633 383 5704 τῆς
416 5633 508 5688 τὸν
541 5637 866 5708 γεννηθέντα
895 5640 1026 5694 Θεὸν
1061 5643 1222 5697 αὑτὸν
1261 5644 1324 5714 δὴ
1365 5644 1456 5697 τὸν
1512 5646 1852 5718 Ἐμμανουὴλ

1974 5650 2275 5705 vaticinetur
2308 5659 2508 5706 terram
2554 5654 2965 5724 relinquendam
3018 5670 3140 5711 esse
3173 5656 3291 5710 sine
3342 5670 3465 5724 rege

286 5732 751 5805 παραδεξαμένης.
801 5737 947 5800 Ἐνὺς
975 5737 1080 5808 γὰρ
1114 5739 1348 5810 Χριστοῦ
1383 5741 1477 5794 καὶ
1514 5742 1604 5797 τοῦ
1653 5761 1851 5812 καταγ-

1954 5739 2057 5796 Sed
2087 5757 2247 5811 quam
2282 5743 2498 5798 tandem
2535 5754 2767 5810 terram,
2803 5745 2904 5800 nisi
2934 5745 3395 5802 Damascenorum
3433 5756 3517 5800 at-

283 5817 560 5887 γελθέντος
613 5823 747 5893 πρὸς
808 5826 971 5881 αὐτοῦ
1034 5827 1188 5896 λόγου
1246 5831 1342 5901 τῆς
1395 5831 1500 5884 τῶν
1552 5833 1848 5904 ἀνθρώπων

1974 5849 2056 5903 [ne
2083 5831 2293 5890 lsracl?
2324 5833 2528 5892 ilnrum
2575 5837 2717 5893 enim
2771 5839 2881 5894 duo
2910 5853 3063 5910 reges
3093 5845 3270 5904 erant,
3302 5836 3368 5892 de
3393 5836 3516 5907 qui-
