4080 6416
581 355 689 414 505

1231 357 1510 430 EUSEBII
1549 361 2034 420 CESARIENSIS
2067 364 2216 420 OPP.
2248 363 2434 423 PARS
2472 367 2540 421 ll.
2580 399 2648 408 —-
2686 365 3184 425 APOLOGETICA.

3725 370 3826 426 50‘

580 479 684 530 bus
743 472 832 528 hic
886 488 1068 528 sermo
1109 481 1218 529 est.
1273 477 1517 542 Quorum
1580 488 1783 534 terram
1817 479 1997 535 Achaz
2057 480 2130 536 fa-

2251 483 2430 554 ψυχῆς
2456 482 2827 552 βασιλεύοντος
2847 524 2860 545 .
2881 487 2930 538 οί
2962 487 3088 556 πρὶν
3122 485 3535 554 ἀποπεφεύγασι
3559 486 3822 558 πολέμιοι,

581 566 836 622 sti‘diebat
897 563 1013 619 sive
1065 564 1488 622 abominabatur
1529 570 1818 635 laborans,
1850 571 1966 626 sive
2013 573 2156 625 mala

580 657 795 728 patiens
824 657 894 711 ab
945 672 1031 711 ea.
1063 655 1299 722 Quando
1329 659 1514 730 igitur,
1543 677 1760 730 quaeso,
1807 661 1912 716 hoc
1952 663 2154 717 factum

575 752 698 807 est?
725 750 822 805 llis
850 751 994 806 enim
1022 752 1291 808 confectis
1319 793 1334 815 ,
1372 769 1598 810 necesse
1619 760 1703 810 est
1757 769 1986 824 prorsus
2030 770 2153 809 eam

575 843 873 914 prophetiae
929 853 1163 915 partem,
1194 845 1262 901 de
1291 861 1400 914 qua
1430 846 1519 900 hic
1557 847 1762 901 dictum
1793 853 1906 908 est,
1943 845 2010 899 ad
2038 851 2154 900 exi-

575 945 688 990 tum
725 936 1184 1006 pervenisse,hoc
1200 945 1285 994 est
1313 936 1613 1010 Virginem,
1640 938 1926 994 nobiscum
1960 937 2148 1002 Deum,

573 1028 873 1097 peperisse.
904 1027 970 1081 Et
991 1045 1128 1085 sane
1157 1037 1376 1085 constat
1413 1029 1557 1099 apud
1583 1045 1680 1084 eos
1708 1029 1804 1099 qui
1829 1045 1938 1084 non
1968 1029 2152 1084 indili-

575 1129 763 1188 genter
790 1119 1054 1177 historias
1103 1121 1532 1192 exploraverim,
1563 1121 2018 1190 quemadmodum
2057 1139 2150 1179 us-

573 1227 680 1280 que
718 1211 784 1264 ad
810 1218 1057 1280 tempora
1088 1211 1388 1268 Salvatoris
1421 1213 1595 1268 nostri
1627 1211 1756 1268 Jesu
1796 1213 2024 1278 Christi,
2059 1231 2148 1270 re-

570 1319 665 1374 ges
713 1303 967 1360 Damasci
1011 1320 1042 1358 a
1073 1305 1374 1374 majoribus
1399 1306 1516 1362 suis
1548 1317 1827 1376 acceptum
1859 1307 2145 1378 imperium

572 1395 870 1452 tenuerint.
919 1395 1053 1450 Nam
1111 1407 1336 1454 sanctus
1383 1415 1602 1470 quoque
1650 1399 1944 1468 Apostolus
1971 1401 2147 1456 Aretse

569 1487 1032 1544 Damascenorum
1059 1491 1200 1560 regis
1223 1491 1490 1554 meminit.
1521 1501 1577 1546 et
1605 1490 1848 1546 Judaica:
1879 1493 2056 1561 gentis
2075 1495 2143 1548 ad

569 1581 703 1638 illud
731 1595 906 1651 usque
929 1590 1162 1652 tempUs,
1196 1584 1448 1652 quamvis
1473 1584 1844 1639 inordinatum
1867 1593 1920 1640 et
1947 1594 2143 1656 preter

567 1678 737 1746 leges,
775 1690 1001 1744 regnum
1033 1677 1310 1730 manebat.
1341 1675 1461 1732 Non
1501 1678 1648 1733 enim
1685 1694 1715 1731 a
1745 1694 1946 1747 genere
1971 1677 2141 1732 David

2257 575 2348 630 δύο
2391 579 2582 647 τρόποι
2615 576 2953 638 δυσσεϐείας,
2989 577 3017 630 ὅ
3044 594 3104 628 τε
3138 575 3236 647 τὴν
3270 575 3710 648 εἰδωλολατρείαν
3733 597 3823 636 και

2255 669 2353 738 τὴν
2379 669 2437 720 ἐν
2470 669 2828 740 πολυτρόποις
2858 669 3120 738 δόγμασιν
3153 667 3484 739 ὲτεροδοξίαν
3514 669 3822 725 ὑποδάλλων

2255 759 2581 830 ἀνθρώποις,
2619 761 2712 813 καὶ
2749 763 2778 814 ὁ
2808 760 2903 831 τὴν
2934 763 2991 813 ἐν
3021 760 3176 830 ἦθεσι
3206 759 3534 832 διαστροφὴν
3566 763 3818 832 ἐνεργῶν.

2255 850 2470 904 Τούτων
2493 851 2550 904 δὲ
2578 847 2670 904 οὖν
2695 851 2884 921 ἔφερον
2905 853 2954 904 οἱ
2985 851 3151 906 πάλαι
3179 850 3337 920 δηλού
3347 868 3498 920 μενοι
3528 855 3822 922 σωματικοὶ

2254 939 2490 1009 βασιλεῖς
2526 941 2594 994 τά
2647 941 2888 1012 σύμϐολα
2912 960 2925 972 ·
2974 938 3048 996 ὧν
3098 945 3126 996 ό
3175 943 3272 1014 ριὲν
3316 945 3690 1015 Δαμασκηνῶν
3723 946 3819 1014 τῆς

2249 1033 2357 1086 τῶν
2405 1034 2576 1088 ἐθνῶν
2629 1035 2756 1107 περὶ
2797 1036 2868 1089 τὰ
2911 1035 3103 1089 εἴδωλα
3145 1035 3350 1106 πλάνης
3389 1035 3552 1090 εἰκὼν
3596 1032 3686 1109 ἦν,
3718 1041 3746 1092 ό
3775 1038 3816 1090 δ’

2249 1126 2434 1197 ἕτερος
2475 1127 2585 1180 τῶν
2627 1129 2975 1182 ἀποστάντων
3025 1128 3124 1197 τῆς
3187 1127 3538 1200 Ἰερουσαλὴμ
3559 1169 3573 1192 ,
3623 1129 3817 1201 δηλαδὴ

2247 1218 2354 1271 τῶν
2388 1219 2860 1273 ἀποπεπωκὸτων
2896 1219 2995 1289 τῆς
3038 1219 3177 1272 κατὰ
3223 1220 3315 1273 τὸν
3359 1221 3524 1291 νόμον
3555 1220 3648 1274 τοῦ
3688 1220 3817 1274 Θεοῦ

2247 1307 2518 1380 λατρείας.
2573 1312 2693 1364 Ὀτι
2749 1312 2806 1365 δὲ
2851 1310 3024 1364 ταῦτα
3074 1311 3216 1364 κατὰ
3259 1312 3498 1366 διάνοιαν
3546 1312 3818 1383 τροπικῶς

2246 1400 2604 1470 ἀποδέχεσθαι
2645 1403 2946 1474 προσήκει,
2996 1403 3153 1473 μάθοι
3184 1404 3248 1458 ἄν
3293 1421 3376 1466 τις
3417 1404 3510 1456 καὶ
3555 1405 3663 1457 ἀπὸ
3711 1405 3816 1458 τῶν

2245 1491 2372 1562 ἑξῆς
2403 1493 2803 1564 ἐπιλεγομένων
2823 1535 2837 1559 ,
2862 1495 2926 1548 δι’
2956 1489 3032 1548 ὧν
3063 1495 3120 1547 ὲν
3152 1497 3218 1566 τῇ
3251 1494 3437 1567 ἡμέρᾳ
3467 1495 3564 1548 τοῦ
3609 1496 3818 1566 Ἐμμα-

2243 1584 2404 1655 νουήλ
2455 1585 2614 1656 μυίας
2650 1586 2806 1651 τινὰς
2853 1588 2947 1640 καὶ
2996 1587 3252 1658 μελίσσας
3297 1585 3686 1639 ἐπελεύσεσθαι
3739 1585 3813 1656 τῷ

2256 1673 2518 1728 Ἰουδαίων
2561 1676 2702 1730 ἔθνει
2741 1679 2837 1731 καὶ
2882 1679 2910 1730 ὁ
2944 1677 3100 1746 λόγος
3139 1677 3416 1744 θεσπίζει,
3451 1679 3550 1741 τὰς
3586 1677 3685 1748 μὲν
3723 1677 3814 1730 ἀπ’

569 1772 664 1821 aut
693 1767 957 1834 Herodes,
986 1777 1081 1823 aut
1111 1769 1202 1838 qui
1239 1778 1363 1838 post
1393 1768 1684 1834 Herodem,
1716 1771 2018 1826 Salvatoris
2041 1788 2130 1827 no-

2239 1764 2537 1831 Αίγύπτου,
2570 1765 2668 1829 τὰς
2695 1767 2752 1818 δὲ
2783 1766 2890 1819 ἀπὸ
2917 1765 3026 1819 τῶν
3060 1767 3354 1838 Ἀσσυρίων
3374 1806 3389 1829 ,
3413 1768 3512 1838 τὴν
3554 1765 3814 1837 κεφαλὴν,

567 1859 668 1914 szri
700 1859 1036 1930 temporibus
1063 1859 1413 1924 exstiterunt,
1443 1861 1595 1930 regni
1647 1875 2025 1918 successorem
2059 1861 2130 1918 [σε

2242 1859 2335 1914 καὶ
2393 1862 2518 1924 τοὺς
2575 1861 2736 1924 πόδας
2758 1900 2772 1922 ,
2821 1863 2916 1914 καὶ
2966 1861 3062 1914 τὸν
3121 1860 3356 1930 πώγωνα
3404 1859 3771 1932 ἀποξυρήσειν
3796 1876 3812 1890 ·

569 1949 780 2005 rebant.
812 1951 882 2003 At
933 1966 1060 2005 vero
1091 1958 1214 2019 post
1261 1949 1382 2020 ejus
1432 1953 1732 2017 adviutum,
1786 1963 2014 2025 postque
2069 1954 2130 2011 de

2236 1951 2519 2023 ἄνθρωπον
2547 1953 2602 2006 δὲ
2633 1953 2865 2024 δάμαλιν
2892 1953 3050 2024 βοῶν.
3073 1954 3166 2007 x10.
3187 1953 3280 2006 δύο
3313 1953 3554 2025 πρόϐατα
3573 1951 3812 2024 θρέψειν,

567 2041 788 2113 Virgine
833 2044 940 2096 nati
977 2044 1347 2112 evangelicam
1390 2043 1446 2097 in
1477 2057 1670 2099 omnes
1715 2043 1966 2100 homines
1997 2061 2130 2115 prm-

2236 2043 2326 2095 καὶ
2357 2041 2492 2095 ἄλλα
2519 2043 2639 2096 τινὰ
2667 2043 2786 2096 καθ’
2810 2044 2906 2097 ἕνα
2941 2043 3034 2096 καὶ
3063 2043 3154 2096 τὸν
3185 2043 3345 2096 αὑτὸν
3377 2043 3568 2114 χρόνον
3596 2040 3814 2094 ἔσεσθαι

563 2133 913 2196 dicationem,
943 2146 1086 2190 terra
1107 2135 1370 2190 continuo
1417 2151 1448 2189 a
1483 2135 1622 2192 l'acie
1678 2137 1912 2191 duorum
1942 2153 2130 2209 regum

2234 2131 2478 2203 οὐδαμῶς
2524 2133 2658 2204 πρὸς
2679 2132 2822 2198 λέξιν
2843 2133 3129 2205 νοούμενα,
3149 2133 3292 2187 κατὰ
3314 2133 3482 2203 μόνην
3502 2132 3557 2185 δὲ
3577 2133 3814 2187 διάνοιαν

560 2228 755 2283 relicta
778 2236 880 2282 est.
908 2225 1042 2281 Nam
1086 2242 1150 2282 ex
1183 2227 1275 2282 illo
1322 2243 1444 2282 cum
1477 2227 1706 2284 Romani
1727 2229 1970 2284 omnium
2002 2247 2130 2302 gen-

2234 2224 2597 2296 θεωρούμενα.
2644 2226 2829 2280 Ταῦτα
2887 2226 2986 2297 μὲν
3035 2222 3128 2280 οὖν
3182 2225 3446 2280 τοιαῦταο
3481 2227 3629 2290 ὅπως
3662 2225 3719 2278 δὲ
3777 2227 3812 2296 ἡ

559 2319 695 2373 tium
749 2318 1037 2388 imperium
1067 2317 1473 2382 obtinuissent,
1526 2319 1740 2375 solutus
1772 2320 1991 2390 quidem
2044 2328 2130 2376 est

2234 2316 2480 2388 παροῦσα
2540 2317 2727 2388 γραφὴ
2791 2317 2893 2389 τῆς
2951 2317 3046 2370 τοῦ
3113 2318 3361 2390 Σωτῆρος
3413 2317 3573 2389 ἡμῶν
3637 2316 3812 2388 Ἰησοῦ

558 2412 738 2467 Omnis
765 2427 860 2482 per
892 2411 1106 2480 singula
1137 2411 1254 2464 loca
1274 2450 1290 2476 ,
1322 2419 1431 2464 tam
1462 2409 1702 2482 gentium
1735 2427 1898 2482 quam
1933 2411 2130 2466 civita-

559 2513 672 2558 tum
724 2503 1086 2574 principatus,
1137 2502 1407 2572 ﬁnemque
1445 2519 1552 2557 una
1584 2519 1708 2558 cum
1738 2503 1927 2559 multis
1979 2505 2124 2569 aliis,

556 2596 722 2650 etiam
751 2611 814 2650 ea
843 2611 964 2665 quae
992 2594 1058 2648 ad
1094 2602 1413 2665 praesentem
1443 2594 1782 2665 prophetiam
1828 2595 2122 2665 pertinent,

558 2688 752 2742 sortita
797 2695 944 2742 sunt.
979 2686 1043 2741 Et
1072 2688 1187 2742 lizec
1217 2687 1436 2757 quidem
1469 2687 1537 2742 ad
1587 2689 1816 2742 verbum
1851 2689 2126 2758 interpre-

558 2780 798 2834 tantibus
817 2778 962 2834 dicta
986 2780 1114 2834 sint.
1137 2779 1218 2833 Ad
1250 2795 1470 2835 sensum
1497 2795 1628 2834 vero
1653 2781 1710 2833 in
1733 2779 1878 2834 hunc
1901 2780 2122 2834 modum

557 2872 772 2926 dicatur
798 2885 812 2923 :
834 2871 998 2940 hujus
1031 2871 1331 2940 prophetia:
1362 2870 1524 2924 verba
1558 2871 1740 2925 omnis
1765 2873 1964 2925 animae
2002 2887 2126 2940 quae

553 2963 722 3020 Deum
738 2965 883 3019 hunc
901 2975 1110 3028 natum,
1133 2960 1904 3032 ipsum,inquam,Emmanuel
1935 2975 2124 3017 susceo

555 3054 1316 3122 perit,stabiles,tranquillos,
1331 3051 1587 3121 paciﬁcos
1598 3051 1904 3121 signiﬁcare
1917 3067 2118 3108 mores.

2227 2409 2465 2479 Χριστοῦ
2496 2410 2762 2478 γενέσεως
2796 2412 3167 2482 προεσήμαινε
3202 2411 3293 2464 τὸν
3329 2410 3528 2479 τρόπον
3552 2449 3567 2473 ,
3603 2427 3808 2481 μαρτυα

2230 2503 2383 2572 ρήσει
2433 2494 2535 2554 ὧδέ
2564 2518 2680 2564 πως
2712 2505 2740 2554 ὁ
2781 2501 3170 2573 εὐαγγελιστὴς
3215 2501 3442 2571 γράφων
3468 2519 3482 2531 ·
3541 2520 3558 2552 ι
3594 2501 3698 2554 Τοῦ
3749 2500 3809 2553 δὲ

2237 2593 2409 2663 Ἰησοῦ
2443 2593 2677 2663 Χριστοῦ
2711 2595 2744 2663 ἡ
2777 2593 2990 2662 γένεσις
3034 2593 3206 2658 οὔτως
3235 2589 3302 2665 ἦν
3325 2610 3337 2622 ·
3366 2593 3807 2663 Μνηστευθείσης

2224 2685 2332 2756 γὰρ
2377 2685 2477 2755 τῆς
2512 2685 2715 2756 μητρὸς
2757 2685 2920 2738 αὑτοῦ
2960 2686 3178 2758 Μαρίας
3223 2684 3303 2756 τῷ
3347 2685 3578 2757 Ἰωσὴφ,
3606 2686 3736 2756 πρὶν
3770 2683 3804 2755 ἦ

2227 2776 2498 2831 συνελθεῖν
2521 2777 2737 2840 αὐτοὺς,
2763 2777 2960 2849 εὑρέθη
2994 2781 3052 2832 ὲν
3084 2778 3281 2850 γαστρὶ
3309 2776 3508 2849 ἔχουσα
3540 2779 3604 2831 ὲκ
3632 2776 3802 2830 Ilvati-

2225 2887 2392 2940 ματος
2425 2871 2599 2940 ἁγίου.
2648 2871 2842 2942 Ἰωσὴφ
2872 2871 2929 2924 δὲ
2961 2873 2989 2924 ὁ
3018 2871 3158 2942 ἀνὴρ
3189 2872 3394 2944 αὐτῆς,
3437 2872 3646 2934 δίκαιος
3693 2868 3801 2934 ὢν,

2222 2962 2316 3016 καὶ
2365 2963 2440 3034 μὴ
2506 2961 2674 3015 θέλων
2726 2963 3223 3035 παραδειγματίσαι
3282 2963 3452 3035 αὐτὴν
3475 3005 3490 3030 ,
3535 2947 3799 3035 ἐϐουλήθη

2220 3054 2392 3125 λάθρα
2411 3053 2674 3108 ἀπολῦσαι
2696 3055 2885 3126 αὑτήν.
2911 3053 3094 3110 Ταῦτα
3117 3055 3173 3109 δὲ
3194 3055 3356 3109 αὐτοῦ
3383 3055 3793 3127 ἐνθυμηθέντος,

555 3145 674 3202 Uno
701 3147 843 3201 enim
861 3145 1100 3207 Christo,
1127 3153 1180 3199 et
1211 3160 1275 3200 eo
1297 3144 1440 3214 quod
1465 3144 1533 3198 ab
1555 3145 1674 3214 ipso
1695 3143 2003 3198 nuntiatum
2035 3152 2120 3199 est

2234 3146 2331 3200 ἰδοὺ
2357 3146 2584 3216 ἄγγελος
2605 3147 2809 3218 Κυρίου
2844 3149 2961 3200 κατ’
2984 3147 3116 3219 ὗναρ
3146 3148 3392 3217 φαίνεται
3429 3147 3576 3218 αὐτῷ
3602 3146 3793 3217 λέγων’

550 3239 738 3300 verbo,
773 3237 1021 3291 humanae
1053 3235 1247 3290 animze
1268 3236 1554 3306 imperium
1583 3236 1880 3299 obtinente,
1907 3236 2118 3306 priores

549 3329 669 3398 ejus
683 3331 885 3391 hostes,
905 3327 1014 3383 duo
1029 3328 1322 3400 impietatis
1336 3329 1478 3383 modi
1502 3329 1670 3399 fugati
1689 3337 1819 3384 sunt
1847 3347 1862 3384 :
1884 3346 2026 3385 unus
2045 3331 2114 3395 is,

549 3423 644 3491 qui
669 3430 722 3476 et
754 3422 1175 3477 simulacrorum
1206 3423 1436 3486 cultum,
1467 3431 1521 3478 et
1553 3423 1610 3477 in
1643 3422 1980 3478 multimodis
1999 3423 2118 3492 epi-

549 3515 807 3569 nionibus
833 3514 1202 3569 diversitatem
1234 3514 1548 3570 hominibus
1576 3515 1905 3585 suggerebat
1932 3533 1946 3570 :
1976 3515 2118 3570 alter

549 3607 618 3671 ls,
673 3607 765 3678 qui
789 3607 841 3660 in
874 3607 1120 3662 moribus
1149 3607 1558 3676 perversitatem
1587 3608 1940 3677 propagabat.
1976 3606 2112 3661 Nam

547 3699 608 3762 ii,
631 3699 723 3768 qui
749 3699 880 3753 dicti
915 3707 1041 3754 sunt
1073 3699 1386 3769 corporales
1421 3713 1597 3768 reges,
1629 3698 1822 3752 horum
1853 3709 2010 3755 notas
2059 3708 2117 3753 et

547 3791 701 3860 signa
731 3791 1036 3861 gestabant,
1061 3807 1092 3846 e
1119 3791 1318 3860 quibus
1347 3806 1492 3844 unus
1535 3789 1888 3846 Damascenis
1938 3791 2112 3860 impe«

546 3897 696 3943 rans,
741 3883 969 3946 erroris,
1009 3898 1118 3952 quo
1148 3883 1202 3936 in
1236 3881 1550 3937 simulacris
1607 3881 1852 3937 colendis
1921 3891 2112 3952 gentes

545 3974 890 4036 tenebantur,
918 3981 1032 4028 erat
1063 3974 1240 4043 imago
1268 3991 1283 4028 :
1316 3973 1456 4027 alter
1475 3987 1602 4027 vero
1642 3986 1854 4036 eorum,
1902 3972 1996 4042 qui
2040 3973 2110 4027 ab

542 4063 841 4118 Jerusalem
875 4063 1207 4129 defecerant,
1250 4063 1342 4133 qui
1389 4062 1639 4118 videlicet
1669 4080 1701 4117 a
1745 4063 1838 4119 Dei
1873 4065 2112 4134 legitima

544 4156 864 4212 adoratione
909 4156 1246 4221 deciderant,
1307 4157 1535 4227 ﬁgurate
1577 4171 1868 4228 personam
1924 4174 2112 4228 gerere

539 4247 842 4302 videbatur.
864 4248 1027 4320 320
1059 4249 1212 4315 Quod
1247 4265 1376 4305 vero
1422 4249 1536 4305 haec
1581 4249 1648 4303 ad
1677 4264 1900 4304 sensum
1932 4265 1998 4305 ex
2056 4250 2116 4302 li-

2236 3236 2430 3309 ’ίωσὴφ
2488 3238 2602 3300 υίὸς
2657 3237 2854 3300 Δαυῒδ,
2909 3239 2981 3308 μὴ
3027 3237 3270 3310 φοϐηθῇς
3305 3238 3642 3310 παραλαϐεῖν
3679 3241 3801 3294 Μα-

2225 3329 2360 3401 ριὰμ
2392 3329 2488 3400 τὴν
2519 3330 2754 3398 γυναῖκά
2793 3346 2907 3382 σου.
2940 3329 3013 3382 Τὸ
3044 3329 3153 3402 γὰρ
3185 3331 3242 3382 ἐν
3269 3330 3406 3400 αὐτῇ
3439 3330 3698 3402 γεννηθὲν
3734 3334 3800 3385 ὲκ

2223 3421 2536 3492 Πνεύματός
2565 3422 2712 3474 ἐστιν
2739 3421 2917 3490 ἁγίου.
2946 3419 3171 3485 Τέξεται
3191 3420 3248 3474 δὲ
3274 3421 3407 3486 υἱὸν,
3433 3423 3528 3474 καὶ
3547 3421 3798 3487 καλέσεις

2219 3513 2280 3567 τὸ
2306 3512 2476 3583 ὄνομα
2507 3512 2670 3566 αὑτοῦ
2711 3510 2938 3582 Ἰησοῦν.
2979 3512 3150 3576 Αὐτὸς
3185 3511 3294 3584 γὰρ
3339 3511 3503 3565 σώσει
3544 3512 3634 3565 τὸν
3666 3512 3798 3566 λαρὸν

2220 3603 2383 3656 αὑτοῦ
2423 3603 2530 3657 ἀπὸ
2574 3603 2680 3657 τῶν
2728 3601 3010 3677 ἁμαρτιῶν
3053 3602 3250 3657 αὐτῶν.
3295 3623 3314 3654 ›
3359 3603 3528 3657 Τοῦτο
3577 3604 3636 3658 δὲ
3674 3604 3797 3658 ὅλον

2219 3696 2468 3764 γέγονεν,
2504 3696 2594 3748 ἵνα
2616 3695 2874 3766 πληρωθῇ
2910 3694 2971 3748 τὸ
3006 3694 3168 3766 ῥηθὲν
3202 3694 3306 3748 ὑπὸ
3328 3694 3424 3748 τοῦ
3458 3695 3666 3766 Κυρίου
3704 3695 3799 3750 διὸ.

2217 3787 2312 3842 τοῦ
2336 3788 2611 3859 προφήτου
2633 3787 2883 3855 λέγοντος
2921 3805 2933 3816 ·
2973 3787 3102 3841 Ἰδοὺ
3153 3788 3186 3858 η
3211 3786 3481 3858 Παρθένος
3512 3788 3570 3839 ὲν
3592 3788 3798 3859 γαστρὶ

2218 3879 2463 3951 λήψεται,
2498 3880 2591 3933 καὶ
2621 3879 2835 3944 τέξεται
2861 3879 2996 3942 υἱὸν,
3019 3881 3114 3934 καὶ
3138 3878 3384 3943 καλέσεις
3411 3879 3474 3932 τὸ
3498 3879 3670 3950 ὄνομα
3693 3881 3795 3933 αὐ-

2216 3972 2308 4026 τοῦ
2325 3971 2688 4042 Ἐμμανουὴλ,
2707 3974 2735 4026 ὅ
2750 3973 2864 4025 ἐστι
2888 3969 3448 4042 μεθερμηνευόμενον,
3464 3970 3592 4039 μεθ’
3620 3969 3795 4039 ἡμῶν

2219 4067 2252 4118 ό
2279 4065 2442 4130 Θεός.
2457 4083 2474 4114 ι
2489 4063 2644 4118 Οὕτω
2665 4063 2729 4134 δὴ
2751 4063 2872 4117 καθ’
2886 4064 3032 4134 ἡμᾶς
3046 4061 3116 4116 τὰ
3134 4061 3234 4132 τῆς
3262 4063 3408 4127 θείας
3431 4063 3794 4135 προγνώσεως

2220 4155 2328 4210 ἀπὸ
2359 4156 2458 4226 τῆς
2487 4154 2594 4208 τῶν
2620 4155 2959 4226 πραγμάτων
2990 4153 3267 4218 ἐκϐάσεως
3282 4154 3586 4219 πιστοῦται,
3617 4153 3796 4218 ἄλλως

2220 4250 2322 4302 οὐκ
2363 4247 2428 4301 ἂν
2451 4247 2553 4317 τῆς
2595 4246 2930 4318 προφητείας
2972 4246 3206 4319 ἀληθοῦς
3237 4246 3792 4318 ἁποφανθησομένης.

537 4354 670 4411 gura
704 4341 950 4410 accipere
992 4349 1256 4410 Oporteat,
1296 4342 1492 4411 poterit
1525 4341 1798 4411 quispiam
1824 4341 1988 4396 etiam
2013 4359 2080 4396 ex
2121 4342 2188 4395 iis
2210 4356 2332 4411 quae
2363 4349 2668 4409 sequuntur
2693 4341 3000 4404 addiscere,
3038 4340 3132 4394 ubi
3159 4341 3214 4394 in
3243 4339 3437 4394 diebus
3464 4337 3792 4397 Emmanuel

537 4451 757 4490 muscas
777 4435 1040 4505 quasdam
1063 4445 1224 4507 atque
1247 4453 1397 4507 apes,
1428 4435 1708 4490 Judaicam
1739 4445 1952 4506 gentem
1988 4438 2276 4492 invasuras
2318 4437 2600 4490 oraculum
2639 4435 2808 4499 canit,
2844 4435 2982 4491 alias
3011 4435 3230 4506 quidem
3267 4437 3336 4491 ab
3367 4434 3626 4507 JEgypto,
3651 4439 3796 4494 alias

537 4535 718 4581 autem
743 4528 812 4581 ab
837 4527 1099 4598 Assyriis,
1119 4537 1280 4598 caput
1311 4545 1372 4583 ac
1403 4528 1566 4600 pedes
1592 4537 1646 4584 et
1667 4529 1891 4584 barbam
1909 4529 2197 4584 Dominum
2235 4529 2582 4589 abrasurum,
2614 4529 2887 4583 hominem
2920 4545 3048 4584 vero
3079 4530 3369 4597 juvencam
3395 4529 3556 4584 boum
3580 4532 3794 4586 etduas

549 4635 678 4675 oves
698 4621 1052 4688 iiutriturum,
1072 4631 1124 4677 et
1153 4624 1256 4676 alia
1281 4626 1526 4693 qmedam
1553 4625 1656 4679 sub
1686 4641 1853 4678 unum
1887 4635 2049 4695 atque
2075 4627 2216 4681 idem
2254 4635 2467 4695 tempus
2498 4624 2698 4690 futura,
2720 4640 2841 4695 qua:
2865 4625 3017 4678 nullo
3050 4624 3209 4679 modo
3229 4626 3297 4678 ad
3319 4625 3540 4679 verbum
3561 4627 3794 4698 intelligi

535 4722 784 4784 possunt.
807 4714 898 4768 sed
924 4714 990 4768 ad
1007 4730 1228 4769 sensum
1251 4715 1516 4770 duntaxat
1550 4717 1866 4788 accipienda
1892 4726 2108 4785 sunt;.et
2125 4719 2239 4774 ιιωο
2271 4719 2488 4789 quidem
2519 4719 2572 4772 in
2592 4719 2737 4772 hunc
2758 4716 2978 4771 modum
3002 4732 3059 4771 se
3085 4717 3304 4772 habent.
3333 4716 3488 4784 Quod
3511 4727 3693 4774 autem
3726 4737 3792 4776 ea

535 4822 653 4875 qua:
676 4807 756 4862 sic
773 4808 975 4876 Scripta
995 4807 1450 4870 sunt,Sa|vatoris
1479 4813 1650 4864 nostri
1677 4808 1805 4867 Jesu
1849 4812 2052 4866 Christi
2089 4812 2309 4867 modum
2342 4812 2600 4866 nascendi
2642 4809 3092 4880 signiﬁcaverim,
3142 4809 3257 4878 ipse
3305 4812 3644 4881 evangelista
3685 4813 3793 4869 hoc

531 4911 691 4967 pacto
730 4902 1053 4954 testihcatur
1082 4901 1328 4956 scribens
1354 4922 1366 4957 :
1405 4922 1423 4954 ‹
1456 4902 1580 4959 Jesu
1608 4903 1811 4960 Christi
1842 4914 2020 4960 autem
2061 4907 2340 4976 generatio
2361 4905 2442 4960 sic
2475 4912 2593 4960 erat
2623 4903 2790 4959 :Cum
2806 4913 2952 4959 esset
2976 4903 3306 4973 desponsata
3325 4913 3497 4960 mater
3523 4905 3646 4974 ejus
3676 4906 3794 4960 Ma-

532 4992 609 5042 ria
663 4989 893 5060 Jeseph,
947 5001 1236 5062 antequam
1295 4996 1669 5063 convenirent,
1702 4999 1920 5053 iuventa
1961 5006 2046 5054 est
2089 4998 2143 5051 in
2187 5006 2342 5052 utero
2387 4997 2594 5052 habens
2644 4997 2712 5052 de
2749 4995 2954 5066 Spiritu
2997 5005 3206 5049 sancto.
3251 4993 3450 5065 Joseph
3486 5007 3669 5052 autem
3706 4998 3794 5051 vir

529 5089 670 5154 ejus,
712 5103 835 5142 cum
888 5097 1034 5144 esset
1058 5089 1265 5158 justus,
1317 5097 1370 5146 'ct
1400 5094 1568 5146 nollet
1591 5108 1710 5147 eam
1747 5078 2053 5154 traducere,
2098 5095 2268 5147 voluit
2297 5095 2508 5149 occulte
2543 5093 2819 5147 dimittere
2848 5105 2988 5144 eam.
3029 5088 3150 5143 Haec
3182 5098 3361 5143 autem
3392 5106 3458 5144 eo
3483 5093 3793 5160 cogitante,

526 5194 656 5234 ecce
683 5179 923 5252 Angelus
961 5183 1171 5239 Domini
1217 5186 1271 5240 in
1312 5189 1522 5243 somnis
1561 5198 1784 5258 apparet
1813 5189 1863 5243 ei
1892 5189 2117 5244 dicens:
2149 5187 2348 5260 Joseph
2378 5189 2450 5243 lili
2498 5187 2688 5250 David,
2723 5187 2831 5241 noli
2865 5186 3058 5240 timere
3088 5187 3336 5254 accipere
3373 5185 3599 5240 Mariam
3649 5205 3794 5243 cou-

521 5272 704 5340 jugem
737 5280 905 5326 tuam.
938 5274 1092 5340 Quod
1123 5278 1268 5332 enim
1294 5278 1430 5335 inea
1456 5281 1695 5350 genitum
1711 5291 1814 5343 est,
1855 5281 1921 5336 de
1971 5279 2177 5351 Spiritu
2210 5290 2400 5336 sancto
2427 5290 2530 5337 est.
2571 5279 2752 5334 Pariet
2783 5289 2964 5332 autem
3002 5278 3206 5339 lilium,
3235 5287 3289 5332 et
3324 5280 3547 5334 vocabis
3583 5297 3795 5338 nomen

521 5361 644 5429 ejus
672 5359 879 5416 Jesum.
933 5363 1050 5436 Ipse
1081 5369 1224 5422 enim
1260 5371 1469 5424 salvum
1494 5370 1656 5427 faciet
1691 5372 1948 5441 populum
1978 5377 2139 5428 suum
2169 5390 2199 5426 a
2231 5374 2468 5442 peccatis
2513 5373 2774 5442 ipsorum.
2817 5368 2931 5423 Hoc
2965 5377 3144 5422 autem
3180 5377 3353 5423 totum
3411 5369 3614 5425 factum
3678 5382 3792 5439 est,

526 5463 585 5509 ut
611 5455 928 5524 impleretur
957 5461 1100 5529 quod
1150 5463 1356 5517 dictum
1409 5473 1493 5520 est
1539 5482 1569 5518 a
1610 5465 1838 5520 Domino
1887 5470 1982 5536 per
2029 5471 2345 5538 prophetam
2397 5468 2665 5522 dicentem
2702 5484 2714 5520 :
2759 5463 2899 5518 Ecce
2947 5463 3096 5532 virgo
3139 5464 3193 5518 in
3251 5473 3406 5519 utero
3452 5466 3699 5527 habebit.
3734 5480 3792 5524 et

524 5548 699 5618 pariet
747 5549 937 5616 lilium,
990 5564 1043 5607 et
1087 5558 1309 5613 vocabis
1343 5574 1542 5614 nomen
1568 5560 1688 5630 ejus
1717 5560 2071 5625 Emmanuel,
2103 5563 2248 5632 quod
2279 5575 2361 5618 est
2406 5563 2843 5632 interpretatum,
2873 5559 3145 5614 nobiscum
3187 5559 3326 5615 Deus
3360 5561 3424 5614 “.
3466 5580 3485 5611 ι
3521 5559 3612 5615 Sic
3645 5578 3792 5618 sane

523 5642 824 5698 secundum
853 5661 954 5701 nos
980 5663 1062 5713 ea,
1092 5665 1216 5720 quae
1241 5651 1307 5705 ad
1333 5653 1573 5709 divinam
1607 5657 2010 5727 pratdictionem
2046 5660 2342 5730 pertinent,
2368 5673 2433 5714 ex
2471 5660 2591 5728 ipso
2625 5671 2805 5712 rerum
2839 5669 3034 5711 eventu
3075 5658 3525 5729 comprobantur:
3553 5658 3788 5728 quippt‘.

527 5750 646 5789 Cum
694 5737 796 5792 alia
857 5741 1098 5804 ratione,
1161 5761 1435 5818 nunquam
1475 5767 1585 5822 pra:
1617 5768 1674 5809 se
1716 5755 1994 5811 veritatem
2033 5756 2314 5827 prophetia
2371 5758 2544 5810 latura
2594 5769 2713 5808 ESse
2757 5753 3016 5809 videatur.

587 5880 632 5912 οό
663 5878 848 5935 Μηιιίι.
889 5898 925 5947 ι,
963 5880 1147 5948 1-2-23.
