4080 6416
292 370 394 428 505

1191 371 1841 431 DEMONSTRATIONIS
1878 374 2335 433 EVANGELICJE
2368 377 2495 436 us.
2536 377 2651 433 vn.
2738 347 2747 356 ’

3436 382 3540 439 566

369 488 530 559 Ἑξῆς
560 488 621 541 δὲ
666 489 872 541 τούτων
903 488 1023 541 τίνα
1067 489 1159 542 καὶ
1197 491 1370 543 ὁπόσα
1404 490 1618 558 λέγεται
1656 489 1873 543 ἔσεσθαι

2045 492 2304 548 Ροειιιαιο
2327 500 2531 553 autem,
2562 506 2810 562 quaenam
2840 498 2894 546 et
2921 501 3056 562 quot
3094 493 3276 548 futura
3307 510 3431 551 esse
3464 496 3542 562 dig

287 598 344 637 εν
376 584 443 652 τῇ
478 580 668 652 ἡμέρᾳ
696 580 879 651 ἐκείνῃ
906 620 921 645 ,
966 581 1121 651 δῆλον
1149 581 1225 647 δὲ,
1258 584 1339 635 ὅτι
1373 582 1432 634 ἐν
1460 582 1537 653 τῷ
1565 582 1738 654 χρόνῳ
1769 585 1868 653 τῆς

288 673 610 743 ἐπιφανείας
647 672 741 724 τού
797 673 1173 743 Ἐμμανουὴλ,
1217 674 1381 745 φέρε,
1424 676 1861 745 κατανοήσωμεν

292 784 309 815 ι
346 764 997 834 Συριεῖ,›φησ“ι,ιΚύριος
1027 764 1233 834 μυίαις,
1251 765 1307 819 αἳ
1329 766 1639 837 κυριεύουσι
1669 765 1868 837 μέρους

281 852 532 923 ποταμοῦ
585 853 898 921 Αἰγύπτου,
947 856 1043 908 καὶ
1075 859 1142 927 τῇ
1193 857 1456 930 μελίσσῃ,
1520 858 1554 927 ἦ
1602 860 1747 910 ἐστιν
1811 859 1867 909 ὲν

277 944 438 1015 χώρα⁵
479 944 803 1017 Ἀσσυρίων,
838 946 930 998 καὶ
959 946 1298 1013 ἐλεύσονται,
1334 951 1429 1002 καὶ
1467 949 1866 1003 ἀναπαύσονται

276 1037 333 1087 ἐν
357 1039 487 1100 ταῖς
510 1038 750 1108 φάραγξι
776 1039 873 1108 τῆς
906 1039 1117 1110 χώρας,
1138 1041 1231 1094 καὶ
1253 1042 1309 1094 ἐν
1324 1044 1441 1105 ταῖς
1466 1040 1730 1111 τρώγλαις
1761 1040 1867 1093 τῶν

278 1125 523 1196 πετρῶν,
557 1128 652 1180 καὶ
680 1130 759 1190 εἰς
794 1129 860 1182 τὰ
891 1130 1151 1197 σπήλαια,
1192 1131 1283 1184 καὶ
1307 1134 1387 1195 εἰς
1418 1134 1597 1186 πᾶσαν
1634 1132 1864 1203 ραγάδα,

277 1217 374 1268 καὶ
412 1218 473 1269 ἐν
505 1219 668 1272 παντὶ
702 1218 863 1289 ξύλῳ.
906 1222 995 1274 Ἐν
1014 1221 1279 1293 τῇὴμέρα
1301 1223 1483 1296 ἐκείνῃ
1514 1223 1735 1295 ξυρήσει
1760 1224 1867 1277 Κύ-

281 1327 400 1379 ριος
446 1314 505 1364 ὲν
544 1312 623 1383 τῷ
670 1313 815 1384 ξυρῷ
854 1314 931 1384 τῷ
957 1316 1197 1387 μεγάλῳ,
1232 1317 1309 1389 τῷ
1336 1318 1732 1389 μεμισθωμένῳ
1768 1318 1864 1371 πέ-

276 1423 381 1477 ραν
408 1406 504 1459 τοῦ
544 1408 789 1478 ποταμοῦ
814 1408 1076 1478 βασιλέως
1122 1410 1443 1483 Ἀσσυρίων,
1477 1412 1573 1481 τὴν
1606 1412 1864 1482 κεφαλὴν,

273 1500 373 1552 καὶ
412 1500 513 1562 τὰς
555 1499 746 1571 τρίχας
800 1501 905 1553 τῶν
958 1502 1152 1567 ποδῶν,
1203 1504 1296 1557 καὶ
1331 1502 1421 1555 τὸν
1469 1502 1707 1571 πώγωνα
1737 1506 1868 1573 ἀφε-

271 1593 379 1645 λεῖ.
408 1594 524 1645 Καὶ
548 1592 701 1645 ἔσται
758 1594 816 1646 ἐν
863 1597 927 1666 τῇ
957 1597 1138 1665 ἡμέρα
1182 1595 1388 1667 ἐκείνῃ,
1431 1594 1622 1667 θρέψει
1660 1596 1867 1667 ἀνθρω-

273 1702 381 1747 πος
406 1684 643 1755 δάμαλιν
679 1685 816 1754 βοῶν
841 1724 855 1747 .
899 1687 993 1739 καὶ
1023 1686 1115 1740 δύο
1144 1687 1419 1759 πρόὸατα,
1457 1688 1550 1741 καὶ
1575 1687 1726 1741 ἔσται
1760 1688 1869 1741 ἀπὸ

272 1777 373 1829 τοῦ
420 1777 678 1829 πλεῖστον
728 1781 901 1830 ποιεῖν
942 1777 1118 1845 γάλα’
1161 1779 1392 1847 φάγεται
1444 1778 1729 1850 βούτυρον,
1786 1780 1865 1832 ὅτι

1975 591 2191 645 cantur,
2215 584 2297 637 vel
2326 583 2491 645 bona,
2526 558 2608 637 vel
2634 583 2773 637 mala
2798 584 2853 636 in
2880 558 2967 638 die
2993 585 3106 649 illa,
3138 586 3240 641 hoc
3274 596 3379 651 est,
3430 558 3547 660 quo.

1976 683 2219 744 tempore
2269 674 2520 728 adveniet
2553 673 2892 737 Emmanuel,
2927 675 3057 729 hinc
3081 676 3193 745 jam
3227 681 3542 736 considere-

1974 782 2097 821 mus
2133 784 2144 818 :
2184 785 2203 816 ς
2247 764 2530 828 Sibilabit,
2589 765 2799 834 inquit,
2847 764 3107 822 Dominus
3146 771 3383 833 muscis,
3420 789 3541 842 qua:

1975 858 2327 913 dominantur
2355 859 2409 911 in
2460 867 2613 927 parte
2643 857 2884 912 [luminis
2934 856 3177 930 Egypli,
3208 869 3263 915 et
3299 864 3386 932 api
3422 881 3543 936 quae

1974 949 2135 1003 estin
2164 956 2309 1001 terra
2334 949 2707 1018 Assyriorum,
2737 958 2791 1002 et
2821 950 3056 1013 venient,
3092 962 3146 1006 et
3174 954 3457 1023 quiescent
3487 958 3543 1011 in

1974 1041 2315 1095 convallibus
2345 1041 2581 1110 regionis
2608 1083 2622 1103 ,
2651 1050 2705 1095 et
2743 1042 2795 1094 in
2824 1040 3186 1098 foraminibus
3228 1054 3502 1115 petrarum
3523 1088 3538 1113 ,

1973 1133 2100 1187 etin
2129 1133 2426 1202 speluncis,
2459 1141 2515 1185 et
2547 1133 2599 1186 in
2633 1134 2782 1186 omni
2812 1135 3076 1201 scissura,
3125 1144 3179 1191 et
3207 1138 3263 1191 in
3294 1141 3445 1194 omni
3478 1142 3543 1196 li-

1976 1241 2102 1295 gno.
2128 1224 2184 1278 In
2208 1225 2296 1279 die
2326 1225 2414 1277 illa
2453 1224 2604 1279 radet
2631 1224 2895 1279 Dominus
2934 1226 2987 1278 in
3026 1230 3289 1282 novacula
3323 1246 3540 1300 magna,

1972 1330 2094 1383 qua:
2122 1315 2367 1369 mercede
2401 1314 2672 1369 conducta
2699 1322 2803 1378 est,
2830 1315 2970 1367 ultra
3000 1314 3225 1369 ﬂuvium
3262 1318 3404 1387 regis
3435 1319 3540 1374 As-

1975 1408 2269 1477 syriorum,
2297 1406 2453 1477 321
2498 1416 2661 1475 caput
2690 1416 2743 1460 ct
2779 1406 2917 1476 pilos
2956 1408 3174 1475 pedum,
3224 1418 3277 1463 et
3319 1410 3543 1465 barbam

1974 1498 2205 1560 auferet,
2237 1507 2298 1558 et
2321 1499 2427 1554 erit
2475 1499 2528 1551 in
2560 1498 2649 1553 die
2680 1499 2792 1561 illa,
2828 1498 3033 1552 nutriet
3060 1498 3225 1553 homo
3249 1500 3544 1568 juvencam

1975 1593 2137 1645 boum
2168 1600 2222 1646 et
2248 1592 2387 1645 duas
2418 1606 2569 1653 oves,
2614 1598 2667 1645 et
2696 1591 2800 1645 erit
2836 1606 2903 1644 ex
2949 1606 3015 1647 eo
3042 1590 3189 1660 quod
3249 1592 3545 1661 plurimum

1975 1681 2138 1736 faciet
2185 1682 2291 1744 lac,
2322 1681 2571 1736 comedet
2601 1682 2883 1751 butyrum:
2916 1683 3172 1750 quoniam
3204 1682 3454 1753 butyrum
3491 1691 3547 1743 et

1973 1774 2078 1827 mel
2106 1772 2353 1826 comedet
2424 1772 2603 1826 omnis
2660 1771 2754 1840 qui
2800 1770 3024 1826 relictus
3056 1770 3220 1826 fuerit
3268 1771 3323 1824 in
3375 1780 3543 1835 terra,

276 1868 549 1939 βούτυρον
584 1870 679 1921 καὶ
728 1868 849 1938 μέλι
893 1870 1125 1939 φάγεται
1159 1873 1268 1935 πᾶς
1296 1873 1325 1924 δ
1358 1872 1737 1941 καταλειφθεὶς
1773 1876 1866 1927 ἐπὶ

1971 1872 2020 1919 et
2048 1867 2154 1919 erit
2197 1864 2253 1917 in
2297 1864 2386 1919 die
2414 1864 2527 1929 illa,
2560 1865 2740 1918 omnis
2781 1864 2934 1918 locus
2991 1863 3302 1932 ubicunque
3342 1863 3545 1918 fuerim

274 1963 380 2032 τῆς
407 1962 537 2030 γῆς.
578 1963 689 2016 Καὶ
723 1962 874 2016 ἔσται
906 1965 964 2015 ὲν
988 1966 1053 2034 τῇ
1084 1964 1267 2036 ἡμέρᾳ
1292 1964 1509 2037 ἐκείνῃ,
1538 1967 1643 2029 πᾶς
1668 1967 1863 2031 τόπος.

275 2045 340 2103 οὗ
366 2052 434 2105 ἂν
462 2048 569 2105 ὦσι
602 2052 770 2122 χίλιαι
798 2054 1030 2123 ἄμπελοι
1059 2055 1245 2124 χιλίων
1288 2056 1486 2110 σίκλων
1505 2095 1520 2119 ,
1562 2059 1642 2121 είς
1675 2059 1866 2129 χέρσον

278 2145 500 2197 ἔσονται
527 2146 621 2198 κα)⁵
645 2148 726 2209 εἰς
747 2146 1006 2208 ἄκανθαν,
1038 2149 1173 2217 μετά
1202 2148 1388 2217 βέλους
1417 2150 1510 2201 καὶ
1538 2148 1866 2219 τοξεύματος

279 2233 681 2288 εἰσελεύσονται
708 2238 938 2299 ὲκεῖ,ὃτι
963 2238 1155 2308 χέρσος
1177 2240 1269 2292 καὶ
1297 2239 1508 2293 ἄκανθα
1534 2240 1687 2294 ἔσται
1718 2244 1867 2295 πᾶσα

277 2324 423 2395 ἡηχῆ
451 2366 466 2389 ,
514 2325 610 2376 καὶ
644 2327 755 2379 πᾶν
784 2326 909 2397 ὅρος
949 2327 1356 2398 ἀροτριώμενον
1385 2331 1861 2405 ἀροτριαθήσεται.

279 2417 355 2471 οὐ
395 2417 472 2487 μὴ
500 2416 706 2489 ἐπέλθῃ
732 2420 848 2471 ἐκεῖ
878 2419 1039 2487 φόϐος
1062 2436 1077 2449 ο
1110 2419 1261 2472 ἔσται
1287 2420 1393 2491 γὰρ
1417 2422 1524 2474 ἀπὸ
1541 2422 1641 2492 τῆς
1672 2423 1865 2493 χέρσου

283 2528 379 2562 σου
419 2510 516 2563 καὶ
546 2510 791 2581 ἀκάνθης
823 2514 903 2575 εἰς
948 2511 1199 2582 βόσκημα
1234 2512 1536 2583 προϐάτου,
1572 2514 1667 2567 καὶ
1698 2530 1866 2567 κατα-

282 2586 518 2673 πατημα
557 2602 696 2672 βοός.
728 2624 745 2653 ι
778 2604 1026 2657 Τοσαῦτα
1059 2604 1275 2657 ἔσεσθαι
1324 2607 1382 2658 ὲν
1416 2608 1482 2676 τῇ
1546 2606 1728 2678 ἡμέρᾳ
1770 2607 1865 2660 τού

301 2695 652 2764 Ἐμμανουήλ
681 2699 713 2765 ἡ
748 2695 996 2766 παροῦσα
1046 2699 1349 2767 προφητεία
1398 2698 1676 2770 περιέχει·
1723 2698 1867 2770 ἅπερ

281 2788 477 2850 ὁποίας
508 2787 691 2858 ἔχεται
732 2787 969 2858 Θεωρίας
1013 2788 1131 2859 ὦρα
1180 2789 1437 2855 διελθεῖν,
1488 2790 1588 2861 τὴν
1632 2790 1867 2844 διάνοιαν

284 2877 769 2947 ὲπιτεμνομένους.
804 2898 821 2929 ι
852 2878 1051 2948 Συριεῖ,
1082 2897 1101 2929 ι
1127 2882 1289 2949 φησὶ,
1318 2898 1337 2931 ι
1370 2878 1573 2950 Κύριος
1601 2881 1785 2951 μυίαις
1811 2882 1867 2932 ὲν

282 2971 352 3037 τῇ
387 2969 575 3040 ἡμέρα
606 2969 811 3040 ἐκείνῃ,
839 2971 894 3022 αἳ
926 2969 1237 3041 κυριεύουσι
1266 2970 1463 3042 μέρους
1492 2970 1742 3042 ποταμοῦ
1774 2972 1868 3024 Αί-

285 3060 520 3127 γύπτου,
539 3061 718 3132 καὶ
746 3061 995 3131 μελίσσῃ,
1014 3062 1048 3130 ἧ
1080 3063 1223 3113 ἐστιν
1245 3063 1301 3115 ἐν
1328 3061 1483 3133 χώρᾳ
1512 3062 1828 3133 Ἀσσυρίων
1844 3083 1861 3113 ›

282 3155 408 3215 ταῖς
450 3153 551 3223 μὲν
598 3152 889 3223 προτέραις
919 3151 1317 3223 εἰδωλολατρῶν
1367 3152 1573 3223 ἀνδρῶν
1601 3153 1799 3223 ψυχαῖς
1832 3153 1864 3224 ἢ

288 3244 384 3295 καὶ
432 3244 767 3313 δυνάμεσιν,
811 3242 886 3305 ὠς
927 3237 1116 3312 οἶμαι,
1166 3241 1493 3311 ἀκαθάρτοις
1539 3246 1633 3297 καὶ¹
1680 3246 1867 3315 ἀηδέσι

292 3331 478 3401 μυίαις
502 3330 928 3400 ὀνομαζομέναις
946 3367 962 3392 ,
998 3331 1090 3383 καὶ
1121 3331 1304 3401 μυίαις
1326 3333 1742 3399 Αίγυπτιακαῖς,
1778 3334 1868 3386 θυ-

288 3426 436 3486 σίαις
479 3423 575 3476 καὶ
618 3424 844 3493 αἰμασιν
898 3422 1129 3475 εἰδώλων
1175 3423 1525 3494 χαιρούσαις·
1564 3429 1629 3495 τῇ
1665 3427 1722 3479 δὲ
1775 3445 1869 3497 με-

288 3517 449 3585 λίσσῃ
480 3514 605 3585 ζώῳ
646 3514 868 3585 κέντρον
900 3515 1278 3586 ἐπιφερομένῳ
1301 3556 1313 3577 ,
1346 3515 1656 3586 βασιλεύειν
1683 3536 1740 3570 τε
1777 3522 1868 3571 καὶ

292 3606 710 3676 βασιλεύεσθαι,
759 3608 854 3658 καὶ
884 3606 1138 3677 πολεμεῖν
1170 3608 1537 3679 ἐπισταμένῳ,
1571 3609 1868 3680 ἀμύνεσθαί

287 3714 347 3749 τε
373 3698 469 3749 καὶ
496 3695 815 3767 τιτρώσκειν
847 3696 1010 3749 εἰδότι
1034 3698 1159 3761 τοὺς
1184 3697 1624 3768 ἀνθισταμένους.
1657 3698 1869 3762 Ταύτας

289 3784 384 3841 οὖν
411 3786 547 3857 ὁμοῦ
586 3787 938 3850 συνελθούσας
962 3827 975 3848 ,
1006 3788 1104 3850 τὰς
1140 3789 1236 3857 μὲν
1269 3790 1334 3841 ὲκ
1386 3790 1487 3859 τῆς
1516 3792 1623 3843 τῶν
1655 3790 1867 3844 εἰδωλο-

292 3877 507 3949 λατρῶν
553 3877 763 3949 χώρας,
806 3879 903 3941 τάς
951 3879 1005 3932 δὲ
1041 3881 1148 3933 ἀπὸ
1174 3881 1272 3949 τῆς
1300 3880 1408 3933 τῶν
1437 3882 1870 3936 κατευθυνόντων

292 3968 398 4038 γῆς
441 3969 942 4037 (κατευθύνοντες
997 3968 1102 4039 γὰρ
1132 3971 1179 4022 oi
1218 3971 1491 4041 Ἀσσύριοι
1537 3974 1869 4043 ἑρμηνεύον-

289 4062 428 4127 ται),
484 4058 729 4112 κελεύσει
785 4058 972 4128 ὥσπερ
1006 4060 1246 4131 σύρισμά
1293 4079 1345 4113 τι
1378 4062 1473 4115 τοῦ
1524 4065 1729 4134 Κυρίου
1781 4069 1871 4119 καὶ

289 4148 430 4205 Θεοῦ
466 4148 576 4202 τῶν
610 4149 746 4202 ὅλων
790 4149 885 4219 τῆς
935 4150 1193 4215 Ἰουδαίας
1226 4153 1444 4222 ἀπάσης
1484 4156 1870 4225 ἐπικρατήσειν

288 4240 381 4293 aia
424 4238 524 4311 τὴν
564 4240 645 4302 εἰς
677 4239 911 4310 Χριστὸν
961 4242 1217 4293 ἀπιστίαν
1250 4242 1429 4296 αὐτῶν
1452 4282 1466 4307 ,
1505 4245 1561 4295 ὲν
1590 4246 1655 4314 τῇ
1693 4245 1875 4315 ἡμέρα

289 4332 386 4387 τού
427 4331 794 4403 Ἐμμανουήλ,
820 4334 971 4401 φησί.
1013 4334 1274 4403 Σημαίνει
1300 4335 1357 4387 δὲ
1401 4335 1488 4388 διὰ
1516 4335 1717 4389 τούτων
1744 4336 1869 4407 ἔθνη

289 4422 567 4490 ἀλλόφυλα
596 4424 687 4476 καὶ
722 4424 1086 4493 στρατιωτικά
1112 4426 1354 4495 οἰκήσειν
1382 4426 1478 4496 τὴν
1515 4427 1869 4500 Ἰερουσαλὴμ

1971 1957 2117 2011 mille
2141 1956 2279 2011 vites
2298 1972 2398 2026 pro
2418 1957 2563 2012 mille
2586 1958 2760 2020 siclis,
2782 1959 2835 2011 in
2865 1966 3069 2013 terram
3088 1958 3346 2012 incultam
3360 1950 3542 2021 crum,

1968 2057 2023 2103 et
2056 2048 2112 2102 in
2144 2048 2375 2118 spinam,
2411 2063 2535 2103 cum
2553 2050 2745 2117 sagitta
2767 2058 2822 2104 et
2843 2064 2972 2103 arcu
2998 2050 3371 2121 ingredientur
3392 2050 3543 2113 illuc,
3608 2072 3618 2080 ~

1968 2141 2230 2211 quoniam
2269 2140 2631 2196 terrainculta
2651 2150 2704 2197 et
2731 2142 2889 2211 spina
2936 2144 3041 2197 erit
3081 2142 3261 2196 omnis
3289 2149 3457 2209 terra,
3491 2149 3547 2196 et

1968 2233 2146 2287 omnis
2178 2249 2338 2289 mons
2364 2234 2459 2303 qui
2492 2242 2701 2296 aratur,
2738 2234 3001 2289 arabitur.
3034 2232 3152 2288 Non
3187 2233 3404 2287 accedet
3418 2233 3545 2286 illuc

1970 2334 2166 2389 terror,
2199 2325 2303 2378 erit
2328 2325 2474 2379 enim
2507 2339 2537 2377 a
2566 2336 2712 2379 terra
2753 2324 2957 2378 inculta
2984 2332 3037 2379 et
3068 2324 3225 2393 spina
3255 2323 3309 2376 in
3346 2336 3547 2391 pascua

1969 2417 2108 2481 ovis,
2143 2426 2195 2471 et
2247 2418 2303 2471 in
2336 2415 2812 2470 conculcationem
2874 2415 3029 2471 bovis
3074 2416 3142 2472 ".
3188 2434 3205 2467 ι
3247 2411 3373 2469 ch
3434 2421 3545 2467 tam

1968 2511 2139 2563 multa
2190 2508 2373 2563 futura
2405 2510 2459 2563 in
2495 2508 2584 2565 die
2619 2507 2960 2573 Emmanuel,
2998 2523 3235 2577 praesens
3264 2506 3546 2577 praphetia

1968 2598 2249 2667 complexa
2278 2605 2385 2660 est,
2416 2613 2537 2667 quze
2563 2597 2716 2667 quali
2747 2596 3206 2666 contemplatione
3248 2595 3545 2651 scrutanda

1970 2692 2103 2754 sint,
2135 2690 2247 2758 jam
2280 2689 2516 2759 experiri
2552 2697 2767 2758 tempus
2813 2700 2915 2750 est,
2950 2689 3124 2758 ipsam
3174 2688 3389 2741 interim
3420 2703 3546 2741 sen-

1971 2783 2192 2837 tentiam
2226 2780 2577 2836 dividentes:
2649 2799 2667 2832 ι
2708 2780 2981 2842 Sibilahit,‘
3036 2780 3230 2850 inquit,
3282 2779 3546 2833 Dominus

1970 2874 2173 2929 muscis
2200 2874 2253 2927 in
2290 2873 2379 2927 die
2408 2872 2521 2934 illa,
2571 2888 2693 2941 qua:
2724 2871 3080 2925 dominantur
3110 2872 3163 2925 in
3195 2878 3345 2941 parte
3368 2872 3547 2924 ﬂumi-

1970 2968 2056 3021 nis
2088 2965 2331 3037 Egypti,
2366 2975 2419 3020 et
2454 2966 2542 3035 api
2568 2981 2689 3034 qua:
2710 2972 2793 3019 est
2829 2965 2882 3017 in
2924 2971 3067 3018 terra
3101 2963 3471 3035 Assyriorum,
3520 2982 3539 3014 ο

1975 3058 2063 3111 ubi
2096 3059 2340 3112 virorum
2376 3058 2529 3126 prius
2564 3058 2858 3112 simulacra
2913 3056 3255 3109 adorantium
3309 3055 3542 3117 animas,

1969 3155 2063 3202 aut
2084 3148 2246 3202 etiam
2277 3148 2541 3216 quasdam
2577 3156 2630 3201 et
2662 3145 2967 3199 iinuiundas
3002 3153 3056 3199 et
3105 3145 3334 3200 infestas
3395 3153 3547 3214 pote-

1896 3213 1937 3269 C
1970 3248 2163 3305 states,
2192 3255 2410 3295 muscas
2435 3241 2671 3294 arbitror
2703 3237 2994 3301 nominari,
3028 3245 3081 3292 et
3112 3253 3331 3291 muscas
3376 3213 3547 3307 Egy-

1973 3336 2201 3403 ptiacas,
2235 3348 2356 3403 qtl:
2407 3333 2693 3387 sacriﬁciis
2759 3341 2815 3383 et
2870 3329 3159 3384 cruoribus
3215 3329 3539 3383 simulacro-

1973 3440 2091 3481 rum
2121 3424 2379 3497 gaudent.
2414 3425 2544 3493 Apis
2578 3440 2706 3477 vero
2762 3431 2845 3477 est
2875 3423 3075 3475 animal
3130 3422 3322 3475 aculeo
3360 3436 3544 3474 anna-

1972 3525 2107 3582 tum,
2142 3524 2197 3571 et
2233 3517 2378 3585 quod
2420 3515 2714 3585 regnandi,
2759 3529 2822 3567 ac
2856 3514 2959 3569 sub
2988 3529 3114 3583 rege
3145 3512 3397 3582 (legendi,
3432 3513 3546 3566 bel-

1972 3610 2226 3677 landique
2273 3607 2556 3662 scientiam
2591 3606 2768 3670 habet,
2810 3614 2863 3661 et
2907 3604 3093 3661 ulcisci
3148 3620 3211 3657 ac
3260 3604 3549 3659 vulnerare

1971 3700 2324 3755 adversantes
2384 3699 2643 3753 idoneum
2703 3706 2807 3752 est.
2856 3695 3034 3751 Hasce
3083 3697 3248 3765 igitur
3276 3698 3330 3749 in
3365 3695 3543 3749 locum

1974 3808 2139 3845 unum
2187 3792 2609 3850 convenientes.
2646 3791 2783 3845 alias
2820 3790 3039 3860 quidem
3084 3790 3152 3845 de
3201 3790 3423 3858 regione
3452 3803 3547 3843 eo-

1973 3898 2091 3935 rum
2125 3883 2215 3950 qui
2244 3881 2536 3935 simulacra
2564 3880 2812 3942 adurant,
2858 3877 2993 3931 alias
3020 3892 3149 3930 vero
3183 3876 3249 3931 dc
3273 3883 3416 3930 terra
3448 3889 3547 3944 gue

1972 3974 2315 4028 bernantium
2343 3972 2574 4043 (Assyrii
2607 3972 2749 4025 enim
2790 3986 2855 4024 ex
2885 3968 3333 4039 interpretatione
3367 3968 3545 4022 nomi-

1971 4064 2058 4118 nis
2093 4064 2441 4132 gubernante:
2469 4062 3062 4132 intclliguntur),jussu
3086 4069 3141 4114 et
3168 4060 3323 4129 quasi
3356 4058 3546 4114 sibila-

1974 4157 2121 4210 tione
2148 4154 2359 4209 Domini
2389 4163 2442 4208 et
2474 4154 2568 4208 Dei
2600 4170 2781 4209 rerum
2809 4154 3075 4219 omnium,
3109 4151 3308 4207 Judata:
3334 4154 3546 4207 univer-

1974 4262 2047 4301 sae
2072 4247 2456 4316 imperaturus,
2492 4254 2708 4315 propter
2738 4245 2911 4314 ipsius
2944 4244 2999 4298 in
3029 4244 3308 4298 Christum
3364 4245 3545 4298 incre-

1973 4339 2254 4393 duiitatem
2290 4338 2386 4399 ait,
2421 4338 2473 4390 in
2501 4336 2590 4391 die
2620 4335 2959 4390 Emmanuel.
3009 4334 3103 4389 His
3135 4342 3315 4389 autem
3362 4335 3545 4392 verbis

1974 4432 2242 4501 signiﬁcat
2265 4437 2452 4501 gentes
2501 4437 2755 4484 externas
2784 4435 2838 4483 ct
2882 4428 3171 4490 militares,
3202 4427 3544 4482 habitaturas

291 4516 387 4567 καὶ
414 4514 514 4584 τὴν
551 4513 808 4567 Ἰουδαίαν
837 4515 938 4583 γῆν
962 4531 975 4543 θ
1006 4515 1139 4585 ὅπερ
1166 4517 1259 4568 καὶ
1290 4506 1318 4566 ὀ
1348 4515 1534 4587 Σωτὴρ
1566 4516 1720 4587 ἡμῶν
1752 4519 1870 4571 λευ-

1973 4524 2273 4579 Jerusalem
2325 4532 2377 4577 et
2401 4520 2641 4575 Iudaeam
2672 4528 2899 4574 terram.
2931 4517 3086 4584 Quod
3118 4517 3336 4588 quidem
3368 4518 3543 4587 ipsum

292 4608 540 4677 κοτέροις
576 4605 835 4675 ὀνόμασιν
869 4605 1186 4670 έθέσπιζεν,
1230 4607 1401 4659 εἰπὼν
1423 4647 1438 4672 ,
1476 4627 1493 4659 ι
1528 4610 1635 4662 Καὶ
1674 4609 1869 4682 Ἰερου-

293 4699 479 4767 σαλὴμ
517 4697 667 4749 ἔσται
710 4696 1017 4767 πατουμένη
1056 4698 1156 4751 ὑπὸ
1194 4697 1391 4751 ὲθνῶν·
1432 4720 1449 4749 ι
1497 4699 1525 4751 ὃ
1566 4700 1658 4754 καὶ
1688 4701 1871 4765 τέλους

290 4792 448 4860 ἔτυχε
473 4830 486 4852 ,
516 4790 634 4858 μετ’
666 4788 726 4841 ού
764 4788 928 4841 πολὺν
964 4790 1151 4859 χρόνον
1182 4789 1290 4841 τῶν
1322 4790 1415 4843 τοῦ
1441 4792 1690 4863 Σωτῆρος
1718 4794 1871 4863 ἡμῶν

288 4878 511 4948 φωνῶν,
551 4878 835 4947 Ῥωμαίων
865 4878 961 4949 τὴν
988 4878 1139 4931 πόλιν
1169 4878 1395 4933 ἑλόντων
1416 4922 1429 4947 ,
1454 4881 1780 4951 ἀλλοφύλους
1814 4902 1873 4937 τε

288 4972 493 5040 ἄνδρας
559 4968 739 5023 αὐτόθι
790 4972 1211 5024 κατοικισάντων
1262 4972 1353 5025 καὶ
1402 4973 1495 5025 ἐπὶ
1560 4974 1654 5027 τοῦ
1706 4976 1871 5028 τόπου

292 5066 768 5134 καταστησάντων.
792 5063 954 5116 Πάλιν
980 5062 1035 5115 δὲ
1057 5066 1086 5115 ὁ
1108 5063 1265 5127 αὐτὸς
1288 5063 1488 5133 Κύριος
1510 5065 1763 5136 ξυρήσειν
1791 5067 1876 5120 λέ-

290 5175 447 5225 γεται
484 5158 544 5209 ὲν
578 5155 652 5224 τῷ
685 5155 777 5208 τοῦ
814 5156 1077 5225 βασιλέως
1114 5156 1409 5225 Ἀσσυρίων
1444 5155 1623 5228 ξυρῷ,
1654 5158 1771 5227 ἦτοι
1804 5162 1869 5228 τῇ

290 5249 586 5315 κολαστικῇ
611 5246 835 5315 δυνάμει
866 5244 960 5297 τοῦ
993 5245 1247 5315 ἄρχοντος
1284 5244 1376 5297 τοῦ
1424 5246 1617 5308 αἰῶνος
1648 5246 1835 5299 τούτου
1856 5288 1871 5310 ,

287 5342 389 5411 τήν
415 5339 658 5409 κεφαλὴν
679 5377 693 5399 ,
720 5338 813 5390 καὶ
844 5338 969 5400 τοὺς
995 5336 1159 5400 πόδας
1185 5378 1198 5401 ,
1234 5338 1325 5390 καί
1354 5338 1445 5390 τὸν
1473 5338 1711 5406 πώγωνα
1732 5380 1745 5403 ,
1773 5342 1872 5393 οὐκ

286 5434 449 5487 ἄλλου
491 5433 636 5495 τινὸς
662 5434 695 5503 ἢ
727 5428 883 5496 αὖθις
910 5432 1003 5485 τοῦ
1041 5433 1304 5486 Ἰουδαίων
1336 5432 1552 5497 έθνους,
1579 5434 1728 5487 τοῦτ’
1753 5434 1869 5488 ἔστι

288 5526 378 5579 τὸν
425 5526 629 5595 κόσμον
676 5524 854 5577 αὐτῶν
888 5524 976 5577 καὶ
1022 5524 1121 5595 τὴν
1149 5526 1307 5592 δόξαν
1350 5526 1615 5596 περιελεῖν
1650 5526 1737 5580 δια
1770 5527 1868 5597 τῆς

289 5618 395 5668 τῶν
429 5617 657 5670 καθόλου
690 5617 1125 5687 ἐπικρατούντων
1154 5620 1347 5690 ἀρχῆς.
1382 5620 1684 5689 Ῥωμαίους
1710 5621 1765 5673 δὲ
1795 5617 1870 5673 εἰ-

290 5726 376 5762 ναι
411 5709 629 5770 τούτους
662 5710 975 5766 αἰνίττεται.
1015 5712 1109 5763 Διὰ
1142 5713 1248 5781 γὰρ
1301 5710 1391 5763 τοῦ
1428 5713 1530 5764 τῶν
1573 5714 1867 5784 Ἀσσυρίων

366 5868 408 5897 ’⁸
442 5866 548 5923 lsa.
590 5882 685 5933 vn,
728 5862 933 5919 18-25.

1972 4615 2399 4671 evidentioribus
2431 4614 2611 4668 verbis
2668 4610 2917 4667 Salvator
2963 4620 3150 4667 noster
3199 4610 3420 4672 cecinit,
3452 4610 3543 4663 ubi

1974 4707 2050 4761 ait
2080 4724 2093 4759 :
2129 4724 2147 4755 ι
2185 4702 2565 4758 EtJerusalem
2592 4700 3048 4756 conculcabitura
3067 4698 3375 4768 gentibus,»
3396 4695 3542 4763 quod

1974 4796 2254 4852 oraculum
2297 4794 2441 4847 haud
2475 4793 2548 4846 ita
2608 4792 2778 4845 multo
2810 4798 2931 4861 post
2959 4791 3079 4844 illas
3118 4787 3416 4842 Salvatoris
3446 4802 3545 4839 no-

1976 4889 2075 4943 ειτί
2101 4901 2262 4942 voces
2292 4885 2498 4941 exitum
2561 4884 2787 4946 invenit,
2820 4880 3079 4935 Romanis
3140 4882 3311 4948 ipsam
3353 4877 3544 4931 urbem

1976 4978 2438 5049 expugnantibus,
2481 4977 2700 5045 illicquc
2729 4974 2927 5028 diversi
2964 4973 3179 5043 generis
3200 4970 3349 5024 viros
3373 4968 3544 5022 collo-

1975 5071 2225 5125 cantihus
2266 5076 2319 5121 et
2352 5069 2405 5122 in
2436 5068 2554 5122 loco
2577 5066 2963 5121 statuentibus.
3002 5062 3211 5117 Rursus
3256 5060 3395 5114 idem
3435 5058 3542 5113 Do-

1976 5164 2156 5215 minus
2206 5162 2507 5215 abrasurus
2536 5159 2736 5213 dicitur
2784 5157 2837 5210 in
2883 5157 3025 5226 regis
3064 5155 3414 5224 Assyriorum
3444 5168 3543 5205 no-

1974 5255 2189 5316 vacula,
2210 5259 2313 5307 hoc
2340 5262 2445 5316 est,
2472 5250 2821 5320 castigatoria
2854 5249 2901 5301 vi
2934 5245 3195 5316 principis
3231 5244 3415 5299 saeculi
3441 5244 3541 5296 hu-

1968 5347 2083 5416 jus,
2108 5354 2272 5415 caput
2301 5355 2355 5401 et
2386 5344 2547 5413 pedes
2568 5352 2628 5412 et
2666 5342 2912 5403 barbam,
2947 5356 3054 5393 non
3106 5336 3332 5391 alterius
3356 5334 3544 5401 cujus-

1978 5441 2117 5507 piam
2146 5452 2309 5507 quam
2361 5451 2553 5490 rursus
2606 5432 2846 5488 Judaicze
2874 5431 3071 5501 gentis.
3103 5429 3205 5483 hoc
3242 5436 3347 5490 est,
3381 5424 3543 5495 322

1975 5538 2356 5584 ornamentum
2380 5536 2434 5583 et
2467 5527 2695 5597 gloriam
2729 5524 3013 5579 ablaturus
3064 5538 3158 5592 per
3208 5534 3419 5585 eorum,
3446 5518 3539 5587 qui

1979 5624 2235 5676 universo
2283 5622 2592 5688 imperant,
2629 5619 3013 5689 principatum.
3056 5615 3164 5670 Hos
3194 5623 3373 5667 autem
3428 5627 3537 5664 non

1978 5717 2112 5770 alios
2149 5729 2311 5783 quam
2342 5711 2618 5769 Romanus
2647 5728 2766 5769 esse
2798 5712 2994 5768 innuit.
3025 5709 3250 5765 Nomine
3265 5705 3407 5761 enim
3435 5702 3534 5757 As-
