4080 6416
534 368 647 426 507

1201 358 1470 418 EUSEBII
1511 353 1995 443 CESABIENSIS
2031 353 2182 410 OPP.
2223 353 2403 409 PARS
2436 351 2502 408 Il.
2539 384 2607 392 —
2644 349 3136 408 APOLOGETICA.

529 489 832 579 sxriorum.
867 485 1234 557 quodcunque
1264 498 1360 554 per
1405 478 2109 579 singulatempora-genti-

2214 475 2477 546 ὀνόματος
2519 471 2759 544 ἠγοῦμαι
2788 471 2886 541 τὴν
2917 469 3037 524 καθ’
3078 468 3304 522 ἕκαστον
3335 468 3522 538 χρόνον
3553 471 3778 542 ἐπικρα·

528 570 633 635 ὺῖιε
681 578 1003 648 impositum
1055 585 1140 629 est
1190 589 1444 643 regnum,
1501 570 1800 642 significari
1851 570 2109 658 arbitror,

527 679 825 740 propterea
857 667 1087 738 quodex
1117 664 1383 720 Hebraica
1411 665 1594 733 lingua
1627 660 2112 732 interpretantibus

524 761 738 834 Assyrii
776 759 1125 832 gubernante:
1161 757 1498 827 signiﬁcant.
1521 754 1705 826 Itaque
1731 769 1879 810 nunc
1916 754 2114 824 guber-

527 863 724 910 nantes
768 854 998 908 Romani
1048 861 1196 908 sunt.
1250 849 1384 904 Nam
1426 863 1615 904 revera
1653 846 1796 902 lleus
1836 846 2108 908 universi,

525 943 902 1002 Romanorum
949 945 1215 1001 novacula
1247 985 1262 1007 ,
1299 943 1404 997 hoc
1461 951 1546 997 est
1579 979 1596 1005 ,
1631 939 1776 994 civili
1821 954 1885 993 ac
1918 938 2111 993 bellica

526 1036 576 1087 vi
615 1052 836 1093 omnem
877 1035 1118 1092 Iudaica:
1145 1037 1322 1106 gentis
1345 1033 1594 1104 gloriam,
1627 1031 1681 1084 in
1706 1046 1811 1100 qua
1842 1031 1994 1100 prius
2019 1046 2112 1085 su-

535 1127 839 1198 perbiebat,
893 1141 1222 1196 omnemque
1278 1126 1522 1196 ipsorum
1551 1123 1946 1185 fortitudinem,
1991 1137 2112 1191 qua:

536 1235 632 1291 per
681 1219 905 1274 barbam
931 1227 985 1272 et
1016 1219 1157 1288 pilos
1196 1218 1390 1289 pedum
1443 1217 1802 1287 signiﬁcatur,
1862 1216 2108 1270 abstulit.

533 1311 722 1381 Neque
755 1311 900 1366 enim
929 1311 1036 1364 alio
1084 1326 1322 1380 unquam
1347 1318 1592 1379 tempore
1615 1309 1765 1377 prius
1793 1323 1954 1377 quam
1990 1314 2112 1378 post

537 1403 839 1459 Salvatoris
880 1403 1076 1464 nostri,
1113 1403 1218 1457 hoc
1262 1412 1366 1463 est,
1417 1408 1538 1472 post
1590 1401 1765 1471 ipsius
1793 1399 2112 1454 Emmanuel

536 1504 740 1556 ortum,
794 1508 954 1547 omne
995 1493 1103 1547 illis
1133 1499 1514 1546 ornamentum
1549 1491 1774 1546 abstulit
1804 1489 1966 1545 .Deus
2016 1506 2112 1560 per

536 1590 902 1659 principatum
952 1587 1345 1642 Romanorum.
1383 1585 1487 1640 Sed
1522 1601 1619 1656 pro
1654 1603 1672 1636 ι
1700 1599 1825 1655 rege
1857 1584 2111 1654 Assyrio-

539 1696 660 1734 rum
699 1699 719 1731 ι
753 1678 948 1748 Aquila
987 1675 1246 1746 quidem,
1285 1693 1304 1727 ι
1347 1675 1401 1728 in
1449 1688 1616 1745 regno
1659 1671 2036 1743 Assyriorum,
2085 1689 2104 1722 ι

537 1768 877 1824 Theodotion
902 1774 1106 1830 autem,
1145 1784 1162 1815 ι
1190 1765 1245 1819 in
1276 1781 1402 1835 rege
1438 1764 1791 1834 Assyriorum
1827 1787 1846 1815 ι
1879 1777 2110 1817 conver-

535 1860 622 1924 tit,
653 1858 890 1929 itemque
922 1857 1282 1930 Symmachus
1305 1875 1320 1923 ;
1343 1858 1433 1927 qui
1461 1856 1681 1928 quidem
1715 1856 1796 1910 sic
1815 1855 2107 1910 ostendunt

534 1951 681 2022 quod
709 1967 820 2006 non
843 1951 988 2020 regis
1012 1951 1362 2013 Assyriorum
1395 1957 1559 2020 caput
1591 1947 1962 2004 abradendum
1984 1962 2106 2002 esse

537 2044 773 2098 minetur
793 2044 1096 2104 oraculum,
1117 2043 1210 2098 sed
1238 2042 1380 2114 regis
1408 2043 1528 2111 ejus
1560 2041 1844 2107 novacula,
1863 2050 2024 2110 atque
2051 2040 2108 2092 in'

534 2147 602 2187 eo
628 2133 748 2202 ipso
773 2146 897 2202 rege
924 2131 1296 2203 Assyriorum,
1334 2133 1401 2186 iis
1425 2145 1546 2200 quae
1577 2133 1632 2187 in
1671 2131 1773 2185 hac
1824 2129 2105 2200 prophetia

536 2224 887 2280 continentur
902 2223 1238 2284 aﬂicierrdam
1270 2239 1392 2279 esse
1418 2221 1703 2277 Judaicam
1733 2220 2107 2293 gentemJlaee

536 2325 716 2372 autem
748 2317 911 2372 etiam
937 2318 1056 2387 ipso
1081 2326 1280 2380 eventu
1315 2317 1762 2386 comprobantur.
1797 2313 1902 2369 Per
1932 2316 2102 2370 otium

535 2425 666 2466 vero
716 2412 1093 2480 unusquisque
1136 2410 1240 2463 alia
1272 2411 1556 2480 complura
1579 2450 1594 2473 ,
1626 2409 1672 2464 si
1704 2409 2103 2472 observaverit,

535 2502 678 2574 apud
701 2503 996 2573 prophetas
1024 2502 1283 2563 inveniet.
1306 2502 1461 2571 quasi
1488 2501 1554 2556 de
1581 2515 1815 2571 persona
1860 2500 2108 2571 Assyrio-

534 2609 655 2648 rum
709 2593 877 2656 dicta,
911 2608 1032 2663 qua:
1059 2593 1208 2647 nullo
1231 2593 1394 2647 modo
1428 2591 1833 2646 accommodari
1864 2589 2106 2660 Assyriis

535 2689 778 2754 possunt.
817 2683 912 2739 sed
940 2699 1108 2754 regno
1137 2684 1283 2754 quod
1331 2697 1426 2753 per
1469 2681 1681 2751 singula
1716 2688 1961 2750 tempora
1993 2681 2110 2735 uni-

534 2775 708 2832 versis
730 2776 981 2845 gentibus
1027 2776 1358 2830 dominetur.
1390 2772 1604 2828 Etenim
1633 2773 1747 2842 jam
1780 2773 1946 2827 etiam
1979 2773 2107 2826 Per-

534 2877 626 2919 sas
661 2863 804 2933 apud
836 2862 1090 2919 Hebraeos
1139 2865 1446 2918 invenimus
1498 2861 1751 2932 Assyrios
1817 2863 2103 2918 nominari.

534 2955 806 3023 Quocirca
831 2971 976 3010 nunc
1007 2970 1224 3026 quoque
1242 2955 1568 3023 putavimus
1598 2954 1964 3023 principatum
2004 2953 2108 3010 Ro-

535 3063 820 3103 manorum
848 3048 953 3101 hoc
971 3047 1195 3102 oraculo
1246 3044 1564 3117 signiﬁcari.
1606 3046 1927 3103 Gubernare
1960 3049 2105 3106 enim

533 3138 712 3208 ipsum
746 3140 915 3205 hunc,
945 3146 998 3194 et
1022 3137 1270 3193 eumdem
1300 3139 1589 3208 gubernari
1614 3155 1642 3194 a
1667 3142 1793 3203 Deo,
1829 3148 1951 3211 post
1985 3140 2104 3195 Sal-
2127 3169 2178 3236 ο

535 3231 740 3284 vatoris
795 3230 970 3284 nostri
1027 3229 1318 3284 adventum
1361 3231 1658 3284 cernimus.
1704 3228 1876 3285 Nemo
1926 3238 2107 3284 tamen

534 3321 846 3392 suspicetur
873 3320 1055 3374 omnia
1089 3336 1190 3375 nos
1220 3320 1423 3386 dicere,
1451 3332 1802 3392 quzecunquo
1821 3323 1878 3376 in
1907 3321 2107 3377 divinis

537 3411 694 3467 libris
725 3409 792 3466 de
822 3411 1062 3482 Assyriis
1095 3411 1367 3481 leguntur,
1411 3411 1478 3466 ad
1511 3410 1788 3467 Romanos
1825 3429 1946 3468 esse
1975 3413 2108 3469 refe-

535 3503 704 3558 renda
729 3502 958 3575 (fatuum
987 3503 1132 3558 enim
1152 3503 1204 3558 id
1218 3513 1378 3574 atque
1398 3503 1747 3574 impudentiae
1765 3506 2106 3576 obnoxium),

535 3595 632 3653 sed
665 3596 934 3667 quasdam
981 3612 1103 3651 esse
1153 3597 1502 3667 propheticas
1544 3613 1723 3663 voces,
1756 3599 2104 3662 testimoniis,

537 3704 660 3758 quae
688 3688 756 3742 de
795 3688 1014 3743 Christo
1040 3687 1312 3754 feruntur,
1349 3691 1666 3760 implicitas,
1700 3707 1840 3761 quas
1873 3692 2106 3747 dicimus

537 3781 605 3836 de
639 3780 898 3836 Roxnauis
955 3797 1050 3850 per
1100 3780 1444 3852 Assyriorum
1499 3784 1914 3852 appellationem
1962 3784 2107 3838 acci-

537 3875 764 3945 pienJas
821 3891 888 3929 ex
949 3875 1187 3928 numinis
1247 3878 1715 3946 interpretatione.
1768 3877 1914 3948 quod
1957 3893 2102 3932 sem-

537 3979 634 4036 per
674 3979 898 4034 regnum
962 3963 1117 4026 illud,
1149 3964 1294 4034 quod
1326 3981 1419 4035 per
1447 3967 1658 4035 singula
1692 3975 1932 4036 tempora
1979 3982 2110 4036 gen-

539 4053 685 4109 tibus
741 4053 1054 4123 impositum
1107 4061 1223 4120 est,
1292 4062 1674 4126 reprzesentat,
1757 4056 2108 4124 quemadmo-

536 4143 668 4200 dum
717 4161 816 4200 suo
885 4154 1129 4216 tempore
1188 4146 1707 4202 demonstrabimus.
1771 4149 1948 4216 Atque
2010 4162 2110 4218 ego

538 4233 756 4304 quidem
789 4274 806 4301 ,
862 4233 991 4290 dum
1048 4236 1212 4305 hujus
1269 4235 1626 4303 expositionis
1681 4237 1947 4292 rationem
1996 4251 2110 4291 me-

519 4340 664 4402 eum
715 4324 952 4396 inquiro,
1019 4327 1256 4382 arbitror
1308 4329 1378 4382 ob
1423 4328 1558 4382 nihil
1600 4325 1746 4380 aliud
1788 4325 1948 4396 323
1988 4341 2110 4381 ora-

539 4417 660 4472 cula
737 4417 1052 4487 prophetica
1111 4433 1222 4473 non
1282 4433 1710 4474 commemorare
1787 4419 2108 4472 nominatim

2213 569 2410 622 τοῦσαν
2456 568 2564 620 τῶν
2615 564 2783 619 ἐθνῶν
2835 561 3106 633 βασιλείαν
3151 560 3551 632 σημαίνεσθαι.
3591 561 3677 615 διὰ
3719 563 3778 617 τὸ

2213 661 2688 723 κατευθύνοντας
2719 656 2826 711 ἀπὸ
2861 655 2961 724 τῆς
3004 653 3267 725 Ἐϐραίων
3301 654 3482 725 φωνῆς
3517 654 3778 725 ἑρμηνεύ-

2213 750 2366 803 εσθαι
2411 750 2536 812 τοὺς
2584 748 2922 819 Ἀσσυρίους·
2955 743 3096 798 ὥστε
3128 741 3268 803 εἶναι
3310 745 3612 815 Ῥωμαίους
3657 745 3777 807 τοὺς

2212 845 2308 898 νῦν
2337 843 2782 908 κατευθύνοντας.
2822 845 2972 898 Ἐπεὶ
3003 844 3096 898 καὶ
3137 841 3350 912 ἀληθῶς
3383 841 3462 911 τῷ
3497 840 3778 910 Ῥωμαίων

2215 937 2378 1010 ξυρῷ,
2399 938 2515 1007 ἦτοι
2546 941 2610 1008 τῇ
2636 937 2882 1008 πολιτικῇ
2915 937 3010 990 καὶ
3037 935 3302 1006 πολεμικῇ
3327 932 3575 1003 δυνάμει,
3602 934 3777 986 πᾶσαν

2209 1031 2308 1100 τὴν
2335 1029 2492 1094 δόξαν
2516 1029 2612 1082 τοῦ
2649 1021 2915 1082 Ἰουδαίων
2945 1027 3129 1090 ἔθνους
3149 1065 3163 1089 ,
3194 1027 3252 1079 ἐν
3339 1023 3400 1078 τὸ
3430 1025 3558 1096 πρὶν
3584 1022 3776 1094 ἐκόμα,

2212 1121 2306 1174 καὶ
2333 1123 2513 1174 πᾶσαν
2547 1120 2726 1174 αὐτῶν
2749 1119 2848 1190 τὴν
2876 1119 3127 1190 ἀνδρείαν
3155 1119 3244 1173 διὰ
3267 1118 3361 1171 τοῦ
3397 1117 3655 1188 πώγωνος
3686 1117 3778 1171 καὶ

2209 1212 2318 1265 τῶν
2350 1211 2552 1283 τριχῶν
2585 1212 2680 1264 καὶ
2708 1211 2816 1264 τῶν
2850 1211 3026 1264 ποδῶν
3060 1210 3482 1283 σημαινομένην,
3515 1210 3778 1282 περιεῖλεν

2209 1305 2238 1356 ό
2266 1304 2371 1356 τῶν
2405 1304 2540 1357 ὅλων
2572 1303 2722 1366 Θεός.
2763 1303 2896 1357 Οὑδέ
2930 1303 3116 1358 ἄλλοτε
3148 1303 3276 1372 γοῦν
3309 1320 3396 1356 πω
3434 1302 3696 1374 πρότερον
3719 1302 3777 1370 ἐξ

2209 1395 2404 1458 αίῶνος
2429 1394 2462 1464 ἢ
2498 1393 2637 1464 μετὰ
2666 1394 2764 1464 τὴν
2791 1393 2886 1447 τοῦ
2917 1395 3168 1465 Σωτῆρος
3199 1392 3378 1464 ήμῶν,
3399 1391 3564 1446 αὐτοῦ
3589 1392 3654 1464 δὴ
3685 1392 3774 1447 τοῦ

2223 1485 2571 1558 Ἐμμανουῆλ
2602 1484 2813 1554 γένεσιν
2833 1523 2846 1546 ,
2879 1485 3144 1556 περιεῖλεν
3188 1484 3364 1538 αὐτῶν
3390 1486 3418 1538 ό
3443 1482 3574 1547 Θεὸς
3607 1483 3777 1538 πάντα

2209 1578 2298 1631 τὸν
2325 1579 2548 1649 κόσμον,
2578 1577 2665 1631 διὰ
2697 1579 2797 1648 τῆς
2825 1576 2932 1629 τῶν
2974 1577 3256 1647 Ῥωμαίων
3285 1575 3480 1647 ἀρχῆς.
3521 1575 3664 1628 Ἀντί
3696 1575 3774 1638 δὲ,

2210 1670 2302 1723 τοῦ
2332 1670 2594 1740 βασιλέως
2638 1670 2955 1740 Ἀσσυρίων,
2990 1670 3018 1720 ό
3050 1668 3147 1739 μὲν
3187 1667 3449 1730 Ἀκύλας,
3486 1687 3505 1718 ι
3540 1669 3597 1720 ἐν
3629 1667 3779 1738 βασι»

2210 1761 2329 1834 λείᾳ
2371 1764 2698 1834 Ἀσσυρίων,
2734 1781 2752 1813 ι
2801 1763 2830 1814 ό
2862 1761 2920 1814 δὲ
2966 1759 3288 1821 Θεοδοτίων,
3326 1779 3344 1810 ι
3375 1762 3432 1813 ἐν
3459 1757 3537 1829 τῷ
3577 1758 3780 1829 βασιλεί

2211 1854 2317 1906 τῶν
2357 1853 2676 1924 Ἀσσυρίων,
2713 1873 2732 1905 ι
2767 1852 3060 1905 ἐκδέδωκεν
3080 1869 3093 1882 ⁸
3127 1851 3326 1922 ὁμοίως
3357 1851 3412 1904 δὲ
3443 1853 3535 1904 καὶ
3559 1850 3779 1920 Σύμμα-

2212 1962 2302 2016 χος
2325 1962 2337 1975 '
2369 1945 2538 2012 σαφὲς
2567 1943 2878 2008 ποιοῦντες,
2918 1944 2998 1998 ὅτι
3046 1943 3119 2015 μὴ
3154 1943 3247 1997 τοῦ
3289 1943 3554 2013 βασιλέως
3593 1944 3779 1996 Ἀσσυο

2215 2036 2342 2108 ρίων
2371 2035 2468 2105 τὴν
2498 2035 2738 2105 κεφαλὴν
2772 2034 3024 2108 ξυρήσειν
3055 2037 3083 2087 ό
3124 2034 3279 2102 λόγος
3305 2033 3550 2098 ἀπειλεῖ,
3578 2034 3686 2088 ἀλλ’
3722 2037 3776 2087 ὲν

2209 2125 2286 2195 τῷ
2320 2125 2480 2178 αὑτοῦ
2514 2124 2688 2195 ξυρῷ,
2717 2126 2812 2176 καὶ
2838 2126 2895 2178 ἐν
2925 2124 3072 2195 αὐτῷ
3095 2141 3154 2176 τε
3181 2123 3260 2194 τῷ
3289 2123 3498 2194 βασιλεί
3519 2123 3625 2176 τῶν
3662 2124 3779 2176 Ἀσ-

2215 2216 2411 2288 συρίων
2458 2215 3026 2288 τὰ·προφητευόμενα
3071 2215 3347 2286 διαθήσειν
3402 2215 3464 2268 τὸ
3518 2215 3778 2269 Ἰουδαίων

2211 2311 2380 2374 ἔθνος.
2411 2311 2630 2374 Τούτοις
2661 2307 2754 2364 οὖν
2781 2311 2875 2363 καὶ
2923 2312 2955 2381 ὴ
2992 2309 3214 2373 ἔκϐασις
3263 2312 3634 2382 ἐπιμαρτυρεί
3673 2308 3778 2362 τῶν

2211 2404 2398 2471 λόγων.
2437 2404 2557 2456 Ἐπὶ
2592 2404 2784 2473 σχολῆς
2813 2403 2868 2456 δέ
2895 2420 2979 2466 τις
3007 2403 3098 2456 καὶ
3118 2403 3346 2458 πλεῖστα
3377 2403 3558 2476 ἕτερα,
3592 2403 3783 2476 ὥσπερ

2210 2496 2289 2558 είς
2329 2496 2627 2566 Ἀσσυρίων
2659 2495 2948 2565 πρόσωπον
2982 2496 3038 2547 ἐν
3069 2497 3191 2558 ταῖς
3235 2494 3590 2566 προφητείαις
3635 2497 3781 2566 εἰρη-

2215 2585 2352 2655 μένα
2382 2586 2531 2658 εὖροι
2564 2586 2630 2640 ἂν
2665 2587 3023 2657 ἐπιτηρήσας,
3046 2584 3296 2655 οὐδαμῶς
3323 2584 3422 2654 μὲν
3447 2588 3559 2648 τοῖς
3593 2586 3781 2638 Ἀσσυ-

2215 2676 2347 2746 ρίοις
2373 2677 2679 2747 ἐφαρμόσαι
2705 2675 2998 2746 δυνάμενα,
3022 2677 3087 2746 τῇ
3117 2675 3174 2728 δὲ
3224 2674 3592 2748 ἐπικρατούσῃ
3626 2673 3782 2728 καθό-

2210 2767 2300 2820 λου
2333 2767 2440 2819 τῶν
2473 2768 2613 2821 κατά
2637 2768 2860 2840 χρόνους
2881 2767 3050 2820 ἐθνῶν
3085 2766 3346 2837 βασιλείᾳ.
3376 2767 3512 2837 Ἤδη
3540 2765 3670 2834 γοῦν
3690 2770 3782 2820 καὶ

2213 2861 2425 2932 Πέρσας
2478 2860 2707 2930 εὕρομεν
2757 2859 2908 2931 παρά
2956 2859 3235 2930 Ἑϐραίοις
3288 2859 3602 2931 Ἀσσυρίους
3653 2859 3783 2912 ὠνο-

2214 2953 2541 3023 μασμένους.
2595 2953 2685 3004 Διὸ
2724 2952 2818 3005 καὶ
2867 2951 2962 3004 νῦν
3019 2951 3392 3022 ὑπειλήφαμεν
3450 2950 3781 3005 αἰνίττεσθαι

2210 3044 2300 3098 τὸν
2334 3045 2488 3113 λόγον
2513 3044 2611 3116 τὴν
2641 3045 2924 3115 Ῥωμαίων
2974 3045 3148 3116 ἀρχήν
3169 3061 3181 3074 ’
3217 3042 3649 3097 κατευθύνουσαν
3675 3044 3784 3115 γὰρ

2211 3135 2305 3188 καὶ
2332 3134 2803 3206 κατευθυνομὲνην
2835 3135 2940 3186 ὑπὸ
2967 3134 3060 3187 τοῦ
3083 3133 3217 3186 Θεοῦ
3255 3132 3392 3202 μετά
3417 3133 3516 3203 τὴν
3534 3134 3783 3206 Σωτῆρος

2208 3225 2365 3298 ἡμῶν
2407 3225 2706 3296 παρουσίαν
2758 3225 2991 3296 ὁρῶμεν.
3027 3225 3231 3294 Μηδεὶς
3260 3225 3318 3277 δὲ
3362 3225 3786 3294 ὑπολαμδανέτω

2209 3319 2388 3371 πάντα
2446 3319 2592 3388 ἡμᾶς
2637 3317 2816 3386 λέγειν
2860 3316 2929 3369 τὰ
3003 3318 3130 3388 περὶ
3181 3316 3480 3389 Ἀσσυρίων
3541 3320 3599 3370 ἐν
3668 3319 3782 3381 ταῖς

2209 3411 2378 3472 θείαις
2431 3409 2703 3481 φερόμενα
2733 3409 2974 3479 Γραφαίς
3015 3409 3108 3462 ἐπὶ
3143 3407 3449 3478 Ῥωμαίους
3487 3407 3780 3476 ἀνάγεσθαι

2210 3502 2431 3571 (ἠλίθιον
2469 3502 2578 3574 γὰρ
2611 3502 2702 3554 καὶ
2743 3501 2954 3566 ἀναιδὲς
2999 3501 3230 3572 τοῦτο),
3271 3501 3405 3555 ἀλλά
3449 3518 3598 3564 τινας
3645 3495 3781 3554 εἶναι

2210 3593 2550 3663 προφητικάς
2598 3592 2780 3662 φωνὰς
2817 3595 2935 3656 ταῖς
2989 3594 3118 3665 περὶ
3159 3592 3255 3645 τοῦ
3296 3592 3532 3663 Χριστοῦ
3582 3607 3783 3662 μαρτυο

2209 3683 2354 3754 ρίαις
2423 3682 3072 3753 συμπεριπεπλεγμένας,
3124 3682 3190 3746 ἃς
3247 3698 3427 3752 φαμεν
3475 3682 3603 3754 περὶ
3655 3684 3786 3736 Ῥω-

2213 3775 2384 3847 μαίων
2422 3773 2749 3829 αίνίττεσθαι
2780 3774 2867 3828 διὰ
2898 3774 3001 3845 τῆς
3033 3774 3141 3827 τῶν
3173 3774 3474 3845 Ἀσσυρίων
3514 3791 3785 3846 προσηγοο

2214 3867 2332 3940 ρίας
2355 3907 2371 3932 ,
2408 3869 2472 3920 ἐκ
2505 3867 2603 3938 τῆς
2639 3866 2733 3920 τοῦ
2774 3867 3036 3936 ὀνόματος
3063 3866 3354 3936 ἑρμηνείας
3385 3866 3494 3917 αίεὶ
3534 3881 3786 3919 συνιστα-

2213 3959 2379 4030 μένης
2423 3959 2521 4029 τῆς
2570 3959 2711 4012 κατὰ
2743 3957 2967 4030 χρόνους
3016 3956 3417 4030 ἐπικρατούσης
3463 3957 3572 4010 τῶν
3615 3957 3786 4010 ἐθνῶν

2212 4050 2505 4121 βασιλείας,
2536 4050 2610 4114 ὡς
2637 4051 2730 4104 ἐπὶ
2765 4049 2957 4122 καιροῦ
2989 4048 3083 4103 τοῦ
3112 4050 3478 4121 προσήκοντος
3506 4051 3789 4121 παραστήο

2211 4159 2394 4212 σομεν.
2415 4143 2524 4196 Καὶ¹
2557 4143 2732 4211 ἔγωγε
2760 4143 2850 4196 τὸν
2882 4142 3138 4212 λογισμὸν
3162 4141 3262 4210 τῆς
3291 4142 3462 4210 αὐτῆς
3480 4143 3788 4207 ἀποδόσεως

2212 4235 2350 4306 πρὸς
2379 4236 2611 4306 ἐμαυτὸν
2650 4233 3074 4307 διερευνώμενος
3094 4273 3110 4297 ,
3147 4229 3297 4303 οἶμαι
3329 4234 3395 4286 δι’
3424 4234 3577 4287 οὐδὲν
3603 4234 3791 4305 ἕτερον

2213 4325 2286 4396 μὴ
2311 4326 2570 4396 ὀνομαστὶ
2600 4327 2708 4379 τῶν
2747 4325 3028 4396 Ῥωμαίων
3064 4323 3430 4396 μνημονεῦσαι
3469 4325 3539 4378 τὰ
3577 4342 3789 4396 προφη-

2209 4416 2338 4469 τικά
2370 4415 2522 4485 λόγια
2553 4415 2697 4487 ἢδιὰ
2726 4416 2786 4468 τὸ
2819 4415 3029 4485 μέλλειν
3059 4415 3152 4467 ἐπὶ
3178 4415 3275 4484 τῆς
3315 4415 3598 4484 Ῥωμαίων
3633 4415 3789 4486 βασις

539 4504 838 4572 Romanos,
869 4525 1032 4579 quam
1067 4509 1209 4579 quod
1243 4509 1504 4565 Romanis
1547 4510 1922 4578 regnantibus,
1986 4507 2107 4564 Sal-

2213 4508 2356 4572 λείας
2393 4509 2488 4578 τὴν
2534 4506 2626 4559 τοῦ
2680 4505 2931 4576 Σωτῆρος
2974 4505 3130 4576 ήμῶν
3170 4505 3342 4575 Ἰησοῦ
3395 4507 3631 4578 Χριστοῦ
3675 4508 3790 4562 δια-

539 4601 747 4655 vatoris
807 4601 981 4656 nostri
1044 4600 1290 4656 doctrina
1324 4603 1379 4656 in
1412 4616 1603 4656 omnes
1635 4601 1883 4656 homines
1947 4616 2106 4655 suum

540 4690 722 4745 lumen
776 4698 892 4746 erat
942 4691 1199 4755 missura,
1245 4701 1298 4746 et
1345 4689 1640 4762 Scriptura:
1685 4679 2014 4762 prophetica:
2055 4692 2107 4746 in

542 4781 658 4852 ipsa
693 4781 1062 4837 Romanorum
1104 4785 1236 4839 urbe
1257 4791 1311 4840 et
1349 4785 1401 4837 in
1442 4784 1696 4838 omnibus
1722 4784 1972 4849 gentibus
1998 4783 2109 4838 Ro.

543 4886 707 4927 mano
749 4874 977 4944 imperio
1012 4874 1275 4943 subjectis
1315 4874 1675 4944 publicandae.
1712 4873 1790 4929 Ne
1838 4875 2004 4944 igitur
2043 4875 2110 4928 iis

541 4962 638 5031 qui
681 4961 969 5032 imperium
1004 4963 1324 5017 obtinebant
1367 4963 1474 5015 ulla
1509 4962 1746 5016 oriretur
1778 4960 2027 5021 oﬂ‘eneio.
2063 4961 2108 5014 si

543 5051 612 5108 de
633 5053 766 5123 ipsis
800 5054 1144 5123 apertissime
1173 5055 1438 5123 scriptum
1463 5061 1629 5116 esset,
1661 5053 1933 5108 sermonis
1960 5052 2112 5106 adhi-

544 5146 656 5199 bita
686 5155 769 5200 est
804 5149 858 5200 in
891 5147 1130 5202 oraculis
1153 5147 1480 5208 obscuritas,
1507 5161 1632 5199 eum
1663 5145 1878 5214 quidem
1905 5145 1959 5197 in
1989 5143 2112 5199 aliis

548 5238 814 5307 pluribus,
837 5247 947 5291 tum
980 5253 1107 5292 vero
1135 5239 1188 5291 in
1216 5236 1455 5292 Danielis
1486 5236 1788 5291 visionibus
1819 5234 2113 5304 :quemad-

548 5329 766 5382 modum
803 5329 858 5382 in
893 5329 993 5384 hac
1029 5347 1264 5400 quoque,
1303 5345 1422 5400 qua:
1448 5346 1591 5383 nunc
1641 5330 1694 5382 in
1723 5328 1975 5382 manibus
2002 5335 2108 5387 est,

548 5419 851 5488 prephetia,
882 5435 1001 5488 quae
1028 5437 1151 5476 cum
1188 5421 1442 5492 Assyrios
1466 5421 1714 5491 appellet,
1748 5419 2112 5489 gubernantes

553 5511 821 5582 intelligit.
848 5511 1046 5567 Horum
1077 5530 1205 5584 ergo
1228 5516 1512 5580 novacula,
1537 5515 1847 5568 universum
1875 5512 2114 5566 Judaica:

551 5603 728 5672 gentis
758 5613 1156 5670 ornamentum,
1193 5617 1314 5675 post
1360 5608 1532 5677 ipsius
1567 5604 1881 5660 Emmanuel
1933 5613 2112 5658 ortum

550 5692 939 5755 abradendum,
987 5693 1087 5749 hoc
1130 5703 1212 5750 est
1243 5695 1588 5757 abolendum,
1639 5696 1804 5749 canit.
1851 5693 2112 5750 Praeterea

553 5784 608 5836 in
635 5800 694 5838 ea
720 5784 805 5840 die
835 5785 896 5839 de
923 5802 1027 5856 qua
1047 5787 1248 5841 dictum
1275 5795 1374 5851 est,
1401 5786 1592 5857 ipsius,
1635 5788 1875 5856 inquam,
1902 5785 2114 5840 Emma-

2214 4599 2446 4670 λάμπειν
2478 4600 2558 4662 είς
2591 4597 2797 4660 πάντας
2823 4595 3140 4669 ἀνθρώπους
3173 4598 3539 4660 διδασκαλίαν,
3574 4599 3789 4664 καὶτὰς

2216 4689 2556 4762 πῳφητικάς
2581 4688 2805 4760 Γραφάς
2828 4690 2911 4740 ἐπ’
2940 4690 3110 4760 αὐτῆς
3145 4706 3202 4743 τε
3243 4689 3340 4760 τῆς
3380 4689 3663 4760 Ῥωμαίων
3695 4690 3792 4743 πό-

2215 4782 2370 4844 λεως,
2400 4781 2492 4834 καὶ
2534 4782 2590 4833 ἐν
2621 4781 2755 4833 πᾶσι
2786 4781 2896 4842 τοῖς
2941 4779 3044 4832 ὑπὸ
3075 4779 3377 4848 Ῥωμαίους
3409 4779 3583 4832 ἔθνεσι
3623 4780 3792 4851 δημο-

2219 4872 2509 4925 σιεύεσθαι.
2539 4874 2633 4926 "lv‘
2667 4869 2758 4926 οῦν
2785 4875 2897 4935 τοῖς
2935 4871 3035 4941 τῆς
3070 4870 3243 4942 ἀρχῆς
3272 4871 3534 4944 κρατοῦσι
3565 4871 3795 4943 δυσαρέ-

2219 4981 2405 5034 στησις
2451 4963 2688 5034 μηδεμία
2728 4963 2948 5033 γένηται
2984 4963 3050 5014 ὲκ
3081 4964 3179 5032 τῆς
3227 4961 3490 5033 προδήλου
3527 4961 3657 5033 περὶ
3691 4962 3790 5014 αύ-

2217 5054 2324 5107 τῶν
2355 5054 2694 5126 ἀναγραφῆς,
2726 5053 2793 5106 δι’
2819 5052 3153 5124 αἰνιγμάτων
3177 5055 3206 5106 ὁ
3237 5053 3391 5121 λόγος
3424 5051 3789 5124 ἐπεκρύψατο,

2219 5145 2276 5197 ἓν
2309 5161 2366 5197 τε
2396 5145 2599 5214 ἐτέροις
2630 5144 2889 5209 πλείοσιν,
2922 5143 2982 5194 ού
3019 5141 3123 5214 μὴν
3157 5141 3290 5195 ἀλλὰ
3333 5143 3424 5196 καὶ
3454 5143 3511 5194 ἐν
3545 5143 3665 5204 ταῖς
3695 5139 3790 5194 τοῦ

2219 5235 2412 5307 Δανιὴλ
2449 5236 2722 5306 θεωρίαις,
2755 5234 3036 5306 ὼσπεροῦν
3080 5233 3174 5286 καὶ
3220 5235 3278 5285 ἐν
3315 5236 3380 5304 τῇ
3430 5232 3567 5303 μετά
3604 5233 3792 5304 χεῖρας

2219 5328 2553 5400 προφητείᾳ,
2615 5329 2672 5379 ἐν
2811 5326 3234 5388 κατευθύνοντας
3283 5325 3478 5388 αὐτοὺς
3537 5323 3792 5394 ὀνομάζει

2222 5416 2532 5492 προσειπὼν
2572 5417 2905 5490 Ἀσσυρίους.
2955 5417 3045 5487 Τῷ
3093 5417 3295 5470 τούτων
3328 5413 3612 5486 τοιγαροῦν
3647 5412 3794 5484 ξυρῷ

2221 5514 2308 5565 τὸν
2339 5511 2624 5582 σύμπαντα
2656 5511 2866 5580 κόσμον
2884 5509 2976 5562 τοῦ
3017 5509 3280 5562 Ἰουδαίων
3313 5507 3497 5570 ἔθνους
3529 5505 3668 5576 μετὰ
3697 5503 3795 5574 τὴν

2222 5605 2311 5657 τοῦ
2371 5603 2715 5674 Ἐμμανουὴλ
2763 5602 2970 5670 γένεσιν
3019 5598 3474 5670 ἀφανισθήσεσθαι
3527 5594 3794 5658 θεσπίζει.

2226 5698 2344 5748 Ἔτι
2373 5695 2451 5758 δὲ,
2486 5697 2541 5747 ἐν
2594 5697 2659 5764 τῇ
2699 5693 2997 5765 δηλουμένη
3039 5693 3239 5764 ἡμέρᾳ,
3277 5690 3453 5760 (δῆλον
3501 5688 3556 5742 δὲ
3603 5690 3681 5743 ὅτι
3726 5688 3796 5754 τῇ

2225 5788 2316 5840 τοῦ
2359 5785 2722 5859 Ἐμμανουὴλ,
2771 5785 2908 5838 τοῦτ’
2957 5785 3067 5839 ἔστι
3121 5785 3219 5854 τῆς
3268 5783 3356 5835 τοῦ
3410 5778 3642 5850 Χριστοῦ
3674 5778 3795 5828 ἐπι-
