4080 6416
296 346 386 406 509

1122 343 1777 402 DEMONSTRATIONIS
1806 338 2271 403 EVANGELICE
2310 340 2443 406 LIB.
2476 343 2592 401 VII.

3417 349 3527 406 διο

293 460 535 532 ςανείας,)
568 478 586 512 ι
632 457 853 530 Θρέψει,
884 476 902 510 r
955 459 1138 530 φησιν,
1189 477 1208 509 ι
1260 457 1544 530 ἄνθρωπος
1599 459 1824 532 δάμαλιν

1933 461 2081 525 nuel,
2113 475 2234 531 qua
2250 469 2337 516 est
2359 461 2480 517 dies
2503 461 2773 517 adventus
2795 458 3025 525 Christi,
3054 478 3075 512 ι
3102 459 3341 529 Nutriet,
3378 482 3399 517 ι
3432 464 3519 517 in-

291 554 433 628 βοῶν,
460 554 550 607 καὶ
577 549 664 604 δύο
686 549 960 622 πρόϐατα’
990 551 1082 603 καὶ
1113 549 1286 614 ἐσται,
1320 549 1428 603 ἀπὸ
1464 549 1560 603 τοῦ
1587 549 1836 606 πλεῖστον

296 648 442 699 ποιεῖν
470 642 623 712 γάλα.
652 641 909 713 βούτυρον
938 642 1033 694 καὶ
1068 640 1187 711 μέλι
1217 641 1450 709 φάγεται
1473 643 1582 705 πᾶς
1608 643 1636 695 ό
1668 658 1836 695 κατα-

284 732 499 802 λειφθεὶς
517 731 607 783 ἐπὶ
632 730 730 801 τῆς
751 731 873 802 γῆς.
914 749 934 782 ι
963 732 1041 783 Δι’
1067 723 1142 783 ὧν
1165 731 1295 802 φαίη
1327 732 1391 784 ἄν
1421 748 1505 794 τις
1528 732 1647 802 ῆτοι
1678 731 1835 802 λιμὸν

288 822 608 887 αἰνίττεσθαι,
656 823 750 876 καὶ
795 822 1066 893 πτωχείαν
1125 822 1566 896 ὑπερϐάλλουσαν
1625 821 1720 877 τοῦ
1770 825 1834 877 ἐκ

292 914 558 987 περιτομῆς
587 913 736 979 λαοῦ,
770 914 843 987 μὴ
876 914 1232 986 εὐποροῦντος
1268 915 1365 986 μὲν
1399 915 1499 985 τῆς
1546 915 1654 969 ἀπὸ
1684 914 1832 969 σίτου

287 1008 406 1063 κατά
450 1006 606 1077 φύσιν
651 1007 874 1079 τροφῆς,
909 1005 1042 1079 μηδὲ
1079 1007 1185 1077 γῆν
1219 1005 1497 1074 ἀροῦντος,
1541 1007 1636 1060 καὶ
1677 1007 1833 1061 σπεί-

288 1116 481 1171 ροντος,
529 1100 624 1154 καὶ
668 1097 998 1171 θερίζοντος,
1057 1100 1191 1170 μηδὲ
1244 1100 1478 1171 ποίμνας
1526 1100 1830 1173 προϐάτων,

288 1194 401 1268 μηδὲ
432 1192 563 1265 βοῶν
583 1192 783 1263 ἀγέλας
811 1192 1169 1262 κεκτημένου,
1201 1193 1459 1263 ἐχομένου
1485 1193 1544 1246 δὲ
1575 1192 1670 1246 δύο
1700 1210 1834 1264 προ-
1861 1258 1867 1264 θ

284 1286 439 1341 ϐάτων
470 1284 562 1339 καὶ
586 1283 869 1355 δαμάλεως
904 1286 1053 1355 μιᾶς,
1095 1284 1155 1337 τὸ
1196 1284 1401 1338 τούτων
1437 1285 1577 1355 γάλα
1612 1285 1832 1357 ποριζο-

287 1377 443 1450 μένου.
474 1377 544 1431 Ἦ
570 1377 745 1440 ἄλλως
769 1376 1130 1449 τροπολογῶν,
1158 1377 1250 1431 τὸν
1284 1379 1381 1448 μὲν
1407 1378 1833 1447 καταλειφθέντα

286 1469 360 1521 ἐπὶ
386 1467 479 1538 τῆς
507 1467 609 1537 γῆς
635 1466 962 1521 αίνίττεσθαι
990 1469 1121 1538 φαίη
1159 1466 1226 1521 ἂν
1266 1468 1355 1521 τὸν
1380 1468 1488 1523 τῶν
1515 1469 1579 1522 ἐκ
1613 1486 1830 1541 περιτο-

284 1559 374 1629 μῆς
391 1561 465 1622 είς
485 1560 574 1613 τὸν
597 1559 829 1632 Σωτῆρα
852 1562 945 1613 καὶ
973 1561 1176 1633 Κύριον
1205 1561 1363 1633 ἡμῶν
1393 1561 1831 1615 πεπιστευκότων

280 1650 562 1704 ἀποστόλων
588 1667 656 1704 τε
701 1651 794 1705 καὶ
820 1651 1217 1720 εύαγγελιστῶν
1247 1652 1433 1723 χορόν·
1463 1646 1539 1706 ὧν
1580 1652 1829 1717 ἕκαστος,

279 1743 461 1816 λεῖμμα
486 1745 606 1798 κατ’
635 1743 866 1817 ἐκλογὴν
892 1745 1113 1816 χάριτος
1136 1742 1395 1813 γεγονὼς,
1430 1746 1526 1798 καὶ
1556 1743 1645 1797 διά
1673 1743 1831 1798 τοῦτο

1934 554 2075 624 quit,
2112 571 2132 604 ι
2162 553 2326 607 homo
2353 554 2644 623 juvencatn
2671 554 2859 617 boum,
2889 561 2947 609 et
2983 554 3123 609 duas
3151 561 3366 621 oves,et
3387 554 3515 615 erit,

1934 660 2000 699 ex
2042 659 2107 700 eo
2143 644 2291 715 quod
2334 645 2631 715 plurimum
2664 644 2828 700 faciet
2869 646 2973 711 lac,
3007 646 3265 717 butyrum
3310 656 3368 701 et
3416 647 3523 701 mel

1934 736 2203 803 comedet,
2252 739 2435 794 omnis
2482 739 2577 809 qui
2611 738 2837 794 relictus
2885 738 3051 794 fuerit
3092 738 3149 792 in
3199 748 3366 794 terra.
3399 757 3421 791 ο
3462 735 3523 790 in

1933 829 2133 899 quibus
2177 830 2363 885 verbis
2403 844 2535 885 sane
2585 830 2787 885 dixerit
2817 828 3037 901 aliquis,
3067 828 3283 885 Judaici
3325 828 3522 905 populi

1935 920 2134 976 famem
2208 929 2700 993 paupertatemque
2769 923 3094 979 immensam
3162 922 3464 993 signiﬁcari
3501 961 3520 987 ,

1933 1010 2133 1081 quippe
2153 1011 2249 1082 qui
2278 1027 2451 1083 neque
2482 1012 2696 1068 triticeo
2719 1013 3067 1083 naturalique
3094 1013 3218 1069 cibo
3238 1013 3310 1069 sit
3331 1012 3510 1068 abun-

1933 1101 2184 1164 daturus,
2214 1118 2281 1158 ex
2321 1118 2388 1158 eo
2431 1104 2577 1174 quod
2621 1118 2798 1174 neque
2844 1112 3045 1158 terram
3099 1106 3295 1170 arabit,
3333 1120 3512 1176 neque

1934 1193 2246 1267 selninabit,
2275 1210 2450 1265 neque
2474 1200 2660 1261 metet,
2680 1211 2856 1265 neque
2885 1210 3076 1266 greges
3101 1197 3305 1257 ovium,
3332 1208 3511 1268 neque

1932 1282 2095 1338 boum
2147 1293 2392 1340 armenta
2448 1301 2827 1355 possessurus,
2885 1286 2981 1341 sed
3036 1286 3326 1341 habiturus
3368 1286 3511 1345 duas

1932 1391 2064 1431 oves
2093 1383 2148 1431 et
2171 1376 2463 1445 iuvencam
2500 1393 2688 1443 unam,
2716 1379 2917 1448 quibus
2948 1379 3033 1433 lac
3066 1380 3279 1450 sibiipsi
3308 1394 3509 1450 suppe-

1932 1469 2065 1524 ditet
2094 1485 2106 1521 :
2131 1476 2226 1524 aut
2256 1470 2434 1533 aliter,
2470 1472 2696 1541 figurate
2724 1473 2974 1543 loquens,
3002 1489 3125 1529 eum
3156 1473 3250 1544 qui
3284 1474 3337 1528 in
3361 1482 3506 1528 terra

1932 1562 2156 1618 relictus
2186 1562 2280 1629 sit,
2316 1563 2625 1633 signiﬁcare
2655 1563 2856 1620 dixerit
2879 1581 2945 1620 ex
2964 1564 3166 1620 Iudaeis
3188 1566 3282 1635 qui
3306 1565 3360 1618 in
3393 1562 3509 1619 Sal-

1933 1662 2171 1710 vatorem
2207 1670 2271 1710 ac
2305 1654 2592 1711 Dominum
2618 1665 2869 1713 nostrum
2898 1657 3247 1723 crediderint,
3279 1665 3505 1727 aposto-

1918 1747 2110 1802 lorum
2173 1758 2338 1819 atque
2390 1750 2850 1821 evangelistarum
2918 1751 3180 1815 chorum,
3229 1766 3260 1806 e
3304 1753 3506 1822 quibus

277 1844 301 1894 ὸ
339 1834 701 1906 καταλειφθεὶς
744 1836 835 1889 ἐπὶ
873 1837 972 1906 τῆς
1016 1836 1119 1907 γῆς
1154 1835 1560 1906 ὠνομασμένος,
1608 1834 1824 1907 θρέψειν

1934 1838 2332 1908 unusquisque,
2358 1855 2482 1894 cum
2513 1838 2812 1895 secundum
2843 1839 3162 1895 electionem
3192 1840 3381 1911 gratim
3413 1854 3502 1895 re—

278 1928 463 1997 ὶέγεται
504 1927 739 1999 δάμαλιν
784 1927 940 2000 βοῶν,
974 1930 1067 1983 καὶ
1109 1929 1202 1983 δύο
1236 1929 1502 2000 πρόϐατα,
1543 1930 1671 2001 τρία
1710 1930 1831 1985 καθ’

278 2022 483 2093 ἑκάστην
497 2019 827 2092 Ἐκκλησίαν
855 2022 1130 2091 τάγματα,
1162 2021 1221 2074 ἐν
1254 2022 1354 2092 μὲν
1377 2021 1439 2074 τὸ
1462 2020 1571 2075 τῶν
1593 2025 1727 2093 ἡγου
1737 2022 1833 2094 μέ⁶

275 2132 382 2179 νων,
401 2114 487 2168 δύο
513 2114 570 2168 δὲ
599 2113 676 2168 τὰ
713 2114 821 2167 τῶν
866 2114 1301 2184 ύποϐεϐηκότων,
1336 2113 1430 2168 τοῦ
1456 2115 1557 2184 τῆς
1595 2114 1828 2185 Ἐκκλη-

279 2204 378 2269 cia;
400 2206 488 2259 τοῦ
516 2203 759 2278 Χριστοῦ
794 2203 923 2258 λαοῦ
958 2204 1036 2268 εἰς
1068 2202 1163 2257 δύο
1194 2205 1448 2274 τάγματα
1475 2204 1826 2277 διῃρημένου,

274 2297 341 2362 τίς
366 2315 420 2351 τε
442 2298 503 2351 τὸ
524 2296 633 2351 τῶν
666 2295 891 2355 πιστῶν,
922 2296 1016 2348 δαὶ
1045 2294 1151 2348 τῶν
1210 2294 1433 2365 μηδέπω
1463 2296 1562 2366 τῆς
1589 2294 1679 2348 διὰ
1709 2295 1831 2349 λου-

282 2386 384 2458 τροῦ
408 2386 826 2456 παλιγγενεσίας
845 2385 1180 2457 ἠξιωμένων,
1203 2380 1285 2448 οἷς
1312 2386 1403 2439 καί
1437 2402 1601 2455 φησιν
1629 2387 1658 2438 ό
1688 2385 1832 2449 θεῖος

284 2476 600 2542 ’Δπόστολος·
640 2479 818 2534 ιΓάλα
852 2478 995 2549 ὑμᾶς
1020 2477 1267 2539 ἐπότισα,
1296 2475 1357 2529 οὐ
1389 2474 1603 2547 βρῶμα.
1639 2494 1658 2527 ι
1691 2476 1832 2541 Τοὺς

272 2569 319 2623 δὲ
345 2571 395 2623 ἐν
415 2571 508 2643 ἤδη
541 2570 855 2644 τελειοτέρᾳ
892 2568 1236 2632 καθεστῶτας
1260 2565 1392 2631 ἔξει,
1433 2566 1663 2637 δάμαλιν
1693 2567 1830 2638 βοῶν

273 2663 467 2727 εἰκότως
527 2662 838 2722 ἀποκαλεῖ,
898 2666 1209 2731 γεννήματα
1272 2659 1622 2731 τελειοτέρων
1689 2658 1829 2729 βοῶν

272 2756 628 2826 τυγχάνοντας,
663 2749 773 2820 οἶος
802 2753 963 2818 αὐτὸς
1005 2748 1073 2824 ἦν
1103 2755 1132 2805 ό
1166 2750 1504 2815 ’Δπόστολος,
1542 2751 1671 2821 περί
1700 2751 1829 2805 ἐαυ-

269 2847 350 2902 τοῦ
372 2850 458 2901 καὶ
490 2848 596 2901 τῶν
646 2845 1043 2918 παραπλησίως
1089 2842 1238 2915 αύτῷ
1269 2843 1585 2914 καμνόντων
1618 2842 1789 2912 λέγων
1808 2861 1822 2874 ’

276 2957 293 2991 r
323 2939 401 3012 Μὴ
423 2939 523 2994 τῶν
549 2938 696 3011 βοῶν
729 2938 880 3009 μέλει
910 2937 987 3008 τῷ
1008 2936 1164 3007 Θεῷ;
1198 2956 1216 2988 ι
1254 2937 1288 3009 ἢ
1324 2936 1391 2989 δι’
1429 2936 1576 3007 ἡμᾶς
1612 2934 1829 2999 πάντως

268 3033 418 3102 λέγεις
460 3035 555 3106 Εἴη
587 3033 655 3087 δὲ
697 3031 763 3086 ἂν
787 3030 881 3084 καὶ
910 3033 1018 3084 πᾶν
1044 3030 1105 3083 τὸ
1127 3029 1312 3100 τάγμα
1326 3028 1435 3083 τῶν
1463 3028 1562 3100 τῆς
1600 3027 1829 3100 Ἐκκλη-

270 3125 372 3189 σίας
399 3123 774 3198 προεστώτων,
819 3121 983 3195 ἀροῦν
1019 3139 1079 3176 τε
1127 3122 1222 3176 κα)⁵
1273 3124 1537 3195 γεωργεῖν
1577 3121 1678 3187 τάς
1714 3122 1825 3175 τῶν

268 3218 535 3292 ἀνθρώπιον
562 3216 748 3288 ψυχὰς
789 3213 1300 3287 ἐγκεχειρισμένων,
1333 3213 1563 3284 δάμαλις
1603 3214 1820 3284 ὠνομα-

270 3311 416 3379 σμένη
442 3309 593 3380 βοιῖιν,
620 3307 940 3377 γεννήματα
962 3304 1301 3375 τυγχάνουσα
1324 3303 1428 3356 τῶν
1452 3302 1822 3358 ἀποστολικῶν

267 3400 452 3469 τρόπων
470 3415 528 3452 τε
553 3398 658 3451 καὶ
684 3394 1039 3467 μαθημάτων,
1056 3394 1105 3447 οἳ
1130 3395 1223 3447 καὶ
1252 3395 1332 3458 είς
1357 3393 1604 3448 τοσοῦτον
1622 3394 1822 3466 άρετῆς

267 3491 463 3545 ίπιδώσε
470 3509 514 3544 ιν
531 3491 807 3560 λέγονται,
819 3487 893 3551 ὡς
906 3489 971 3540 ἐκ
988 3486 1306 3554 πολυγονίας
1323 3487 1573 3541 τοσοῦτον
1594 3486 1822 3558 προϐάλ-

265 3580 423 3637 λεσθαι
441 3583 667 3653 γόνιμον
690 3581 781 3635 καὶ
800 3579 1012 3647 λογικὸν
1032 3581 1152 3642 ταῖς
1172 3579 1558 3648 είσαγωγικαῖς
1575 3579 1821 3633 διδασκα-

265 3672 382 3739 λίαις
394 3675 543 3744 γάλα,
556 3674 638 3738 ὡς
658 3673 750 3727 καὶ
763 3671 979 3743 ἐτέρους
998 3669 1219 3743 μυρίους
1235 3670 1521 3743 τρέφεσθαι
1542 3668 1601 3735 ἐξ
1617 3670 1814 3724 αὐτῶν.

267 3764 450 3820 Τούτων
469 3765 525 3819 δέ
548 3765 685 3837 περὶ
717 3764 827 3816 τῶν
856 3761 1323 3830 καταλειφθέντων
1356 3763 1448 3815 ἐπὶ
1473 3761 1573 3832 τῆς
1598 3761 1703 3833 γῆς
1724 3778 1817 3832 γε-

265 3857 561 3927 νησομένων,
587 3854 782 3927 ἕτερόν
809 3872 860 3908 τι
886 3851 1260 3924 συμϐήσεσθαι
1290 3853 1348 3905 ἐν
1373 3855 1437 3924 τῇ
1466 3853 1647 3925 ἡμέρᾳ
1677 3852 1821 3905 ἐκεί-

264 3962 335 4018 νῃ,
366 3948 531 4019 (δῆλον
574 3948 642 4002 δὲ
671 3948 753 4000 ὅτι
801 3948 858 3998 ἐν
887 3943 964 4015 τῷ
997 3942 1173 4015 χρόνῳ
1208 3944 1307 4014 τῆς
1346 3942 1438 3996 τοῦ
1477 3943 1818 4016 Ἑμμανουὴλ

266 4038 577 4109 παρουσίας.)
601 4037 1011 4108 προαναφωνετ.
1033 4034 1097 4086 Τί
1120 4033 1178 4086 δέ
1197 4033 1352 4087 τοῦτο
1374 4051 1426 4099 ;‹
1450 4035 1566 4098 Πᾶς
1584 4034 1769 4098 τόπος,
1792 4053 1810 4086 ι

264 4129 393 4198 φησὶ,
424 4146 442 4181 ι
477 4126 569 4182 τοῦ
616 4130 689 4182 ἐκ
740 4126 1042 4197 περιτομῆς
1085 4122 1237 4189 λαοῦ,
1259 4124 1343 4194 ἐφ’
1367 4120 1429 4177 οὗ
1466 4120 1606 4196 ἦσαν
1651 4124 1816 4195 χίλιαι

262 4219 468 4290 ἀμπελοι
512 4219 707 4292 χιλίων
753 4215 973 4284 σίκλων,
1002 4218 1079 4282 είς
1131 4217 1322 4289 χέρσον
1356 4215 1567 4270 ἔσονται
1613 4218 1707 4270 καὶ
1735 4218 1814 4283 είς

262 4310 490 4366 ἄκανθαν.
523 4310 687 4367 Μετὰ
718 4308 826 4381 γὰρ
860 4308 1043 4379 βέλους
1090 4308 1183 4362 καὶ
1220 4307 1548 4379 τοξεύματος
1575 4308 1814 4361 εἰσελεύ-

1933 1928 2095 1983 lictus
2121 1930 2213 1990 sit,
2243 1935 2299 1984 et
2329 1929 2401 1984 ob
2433 1928 2509 1991 id,
2548 1929 2772 1983 relictus
2799 1928 2853 1982 in
2882 1939 3026 1983 terra
3051 1928 3385 1995 nominatus,
3413 1928 3507 1998 ju-

1933 2032 2155 2073 vencam
2181 2019 2346 2073 boum
2379 2028 2435 2074 et
2459 2017 2598 2073 duas
2636 2032 2766 2073 oves
2794 2016 2997 2071 dicitur
3027 2016 3359 2081 nutriturus,
3394 2026 3509 2073 ter-

1930 2123 2031 2163 nos
2053 2109 2305 2164 videlicet
2330 2124 2425 2180 per
2453 2108 2697 2177 singulas
2740 2107 3013 2163 Erclesias
3058 2106 3302 2171 ordines,
3334 2122 3505 2162 unum

1928 2200 2145 2269 quidem
2170 2214 2362 2255 eorum
2387 2200 2479 2270 qui
2516 2200 2762 2270 praesint,
2798 2198 2938 2253 duos
2971 2204 3152 2252 autem
3186 2212 3376 2252 eorum
3408 2198 3503 2268 qui

1929 2288 2160 2359 subjecti
2190 2290 2322 2357 sint,
2350 2305 2475 2345 cum
2504 2289 2761 2371 Ecclesia:
2778 2289 2981 2346 Christi
3013 2289 3247 2360 populus
3277 2289 3333 2342 in
3362 2288 3506 2344 duos

1928 2381 2150 2436 ordines
2169 2382 2241 2436 sit
2266 2380 2498 2447 divisus,
2535 2381 2590 2435 in
2613 2396 2802 2437 eorum
2832 2382 2926 2451 qui
2954 2380 3204 2445 credunt,
3232 2389 3286 2434 et
3313 2393 3505 2435 eorum

1928 2473 2020 2542 qui
2069 2474 2308 2528 nondum
2356 2474 2423 2528 ad
2466 2473 2669 2528 lavacri
2722 2472 3190 2544 regenerationem
3233 2469 3507 2540 assumpti

1928 2565 2060 2629 sint,
2098 2567 2164 2622 ad
2213 2582 2351 2638 quos
2396 2568 2563 2623 etiam
2593 2568 2814 2623 divinus
2858 2566 3153 2637 Apostolus
3186 2564 3305 2619 ait:
3341 2582 3360 2615 ι
3395 2560 3506 2618 Lac

1928 2655 2083 2710 vobis
2108 2663 2296 2725 potum
2335 2656 2482 2722 dedi,
2515 2671 2624 2710 non
2654 2670 2838 2711 escam
2861 2655 2927 2710 “.
2947 2674 2966 2708 ι
2994 2653 3102 2710 Eos
3132 2669 3261 2709 vero
3276 2655 3369 2724 qui
3389 2654 3505 2723 jam

1927 2753 2041 2801 tum
2083 2746 2138 2801 in
2182 2747 2370 2801 habitu
2419 2746 2746 2818 perfectiore
2786 2745 3165 2807 constiterint,
3208 2744 3505 2813 iuvencam

1924 2839 2087 2894 boum
2106 2840 2301 2894 merito
2322 2840 2579 2910 appellat,
2601 2841 2801 2910 quippe
2824 2839 2919 2909 qui
2938 2837 3319 2908 perfectiorum
3339 2837 3506 2893 boum

1926 2928 2068 2985 fetus
2101 2931 2233 2995 sint,
2266 2931 2580 3001 cujusniodi
2626 2931 2743 3001 ipse
2797 2929 2900 2985 fuit
2942 2929 3259 2999 Apostolus,
3300 2929 3393 2999 qui
3434 2926 3509 2985 de

1926 3020 2110 3092 seipso
2143 3029 2309 3092 atque
2354 3021 2425 3077 iis
2453 3021 2547 3091 qui
2592 3020 2758 3077 simili
2802 3020 2965 3075 modo
2992 3028 3053 3075 ut
3084 3021 3200 3091 ipse
3230 3020 3501 3084 laborant,

1929 3110 2003 3164 ita
2039 3111 2115 3164 ait
2145 3129 2159 3164 :
2204 3129 2224 3163 ι
2264 3109 2523 3180 Nunquid
2557 3109 2627 3165 de
2672 3108 2846 3164 bobus
2877 3124 3010 3163 cura
3038 3116 3123 3164 est
3167 3108 3308 3165 Deo?
3339 3108 3506 3183 325

1926 3217 1993 3256 an
2026 3210 2246 3274 propter
2275 3218 2379 3258 nos
2400 3203 2626 3258 omnino
2655 3202 2790 3257 dicit
2812 3201 2894 3255 ‘7?
2928 3221 2945 3253 ι
2981 3202 3088 3257 erit
3112 3211 3290 3257 autem
3323 3203 3505 3259 oninis

1924 3308 2142 3364 quoque
2172 3294 2309 3350 ordo
2340 3309 2530 3349 eorum
2562 3293 2655 3365 qui
2687 3292 2948 3349 Ecclesiae
2975 3300 3240 3364 praesunt,
3273 3293 3503 3364 quibus-

1922 3403 2029 3458 que
2059 3387 2251 3441 arandi
2284 3395 2338 3441 et
2374 3386 2589 3442 colendi
2630 3387 2843 3440 animas
2875 3385 3156 3441 hominum
3184 3400 3315 3439 cura
3344 3398 3502 3439 man-

1921 3476 2046 3531 data
2070 3484 2175 3543 est,
2189 3476 2440 3545 juvencaa
2466 3477 2628 3531 boum
2661 3477 2880 3533 nomine
2910 3476 3270 3548 signiﬁcatus,
3299 3477 3502 3548 quippe

1921 3568 2013 3639 qui
2057 3568 2486 3638 apostolicorum
2539 3569 2743 3623 rituum
2798 3584 2862 3624 ac
2920 3577 3315 3641 praeceptorum
3358 3568 3504 3625 fetus

1919 3660 2170 3726 exsistat,
2210 3661 2416 3731 quique
2443 3660 2607 3715 etiam
2638 3662 2692 3715 in
2720 3662 2919 3716 virtute
2946 3677 3120 3731 usque
3150 3661 3286 3716 adeo
3319 3660 3501 3714 incre-

1921 3759 2162 3807 mentum
2202 3759 2537 3823 accepturus
2577 3753 2803 3817 dicitur,
2836 3761 2896 3807 ut
2923 3769 2990 3809 ex
3018 3754 3161 3809 l'etus
3191 3750 3504 3823 multiplici-

1919 3849 2050 3906 tate,
2076 3848 2287 3896 tantum
2323 3844 2577 3912 genitalis
2612 3843 3008 3915 rationalisque
3060 3844 3218 3899 lactis
3248 3842 3499 3899 introdu-

1918 3933 2109 3987 ctoriis
2139 3934 2410 3989 doctrinis
2444 3936 2517 3990 sit
2564 3934 2918 3999 suﬁ'ecturus,
2944 3945 3006 3989 ut
3048 3951 3115 3991 ex
3150 3950 3216 3992 eo
3246 3936 3499 3994 innume-

1918 4021 2119 4077 rabiles
2144 4021 2239 4076 alii
2268 4023 2545 4078 nutriendi
2575 4024 2706 4078 sint.
2735 4023 2907 4077 Porro
2936 4038 3061 4078 cum
3082 4023 3201 4078 haec
3230 4023 3299 4079 iis
3323 4026 3417 4094 qui
3438 4025 3498 4080 in

1918 4121 2064 4170 terra
2093 4115 2267 4170 relicti
2293 4115 2518 4178 fuerint,
2555 4115 2739 4172 futura
2777 4128 2894 4171 tum
2922 4124 3130 4180 essent,
3160 4117 3307 4172 aliud
3337 4119 3498 4188 quid-

1915 4206 2040 4260 dam
2072 4206 2128 4261 in
2157 4206 2248 4261 die
2267 4207 2380 4272 illa,
2415 4213 2660 4276 tempore
2695 4204 2947 4261 videlicet
2977 4206 3245 4261 adventus
3275 4205 3496 4261 Emma-

1915 4296 2065 4361 nuel,
2087 4303 2409 4352 eventurum
2436 4297 2701 4366 praedicit.
2733 4295 2891 4362 Quod
2928 4303 3114 4352 autem
3147 4297 3286 4353 hoc?
3315 4316 3335 4348 ι
3365 4294 3498 4352 0m-

266 4417 420 4457 σονται
450 4405 563 4458 ἐκεῖ
585 4400 770 4474 (δῆλον
793 4402 837 4455 δ’
864 4403 946 4455 ὅτι
981 4401 1030 4453 οἱ
1055 4398 1341 4470 πολέμιοι),
1377 4399 1459 4453 ὅτι
1493 4399 1686 4472 χέρσος
1719 4400 1815 4453 καὶ

1924 4389 2021 4453 nis,
2061 4407 2081 4440 ι
2117 4388 2315 4458 inquit,
2353 4404 2372 4438 ι
2411 4388 2564 4443 locus
2595 4385 2810 4442 Iudaici
2851 4387 3061 4458 populi,
3093 4387 3150 4441 in
3181 4401 3293 4458 quo
3331 4393 3496 4442 erant

266 4493 447 4551 ἄκανθα
489 4496 643 4551 ἔσται
694 4496 845 4549 πᾶσα
882 4494 915 4564 ἠ
954 4493 1045 4563 γῆ.
1090 4510 1111 4545 ι
1136 4491 1256 4546 Καὶ
1301 4490 1397 4545 θέα
1439 4508 1503 4561 γε
1533 4492 1635 4546 ὅσα
1666 4494 1722 4545 ἐν
1746 4494 1812 4562 τῇ

1924 4481 2065 4536 mille
2090 4481 2229 4537 vites
2267 4496 2367 4553 pro
2396 4481 2545 4536 mille
2569 4480 2742 4543 siclis,
2770 4481 2823 4535 in
2857 4488 3058 4535 terrain
3081 4481 3343 4535 incultam
3364 4479 3492 4543 erit,

263 4587 422 4661 ἡμέρᾳ
443 4588 537 4642 τοῦ
571 4585 939 4659 Ἐμμανοήλ,
992 4583 1135 4652 λέγω
1200 4584 1256 4638 δέ
1304 4585 1362 4637 ἐν
1414 4582 1492 4655 τῷ
1532 4585 1631 4655 τῆς
1666 4584 1799 4639 ἀνα-

265 4676 402 4748 τολῆς
426 4679 600 4752 καιρῷ
654 4676 874 4747 λογικοῦ
917 4675 1112 4745 φωτὸς,
1156 4673 1249 4728 τοῦ
1290 4674 1379 4729 διὰ
1422 4674 1517 4728 τοῦ
1565 4675 1814 4747 Σωτῆρος

262 4769 397 4837 ἡμῶν
424 4774 499 4835 είς
528 4772 741 4833 πάντας
768 4767 1086 4841 ἀνθρώπους
1137 4765 1559 4838 ἐπιλάμψαντος,
1597 4768 1726 4838 περὶ
1755 4765 1816 4820 τὸ

274 4859 511 4917 Ἰουδαίων
534 4863 687 4926 ἔθνος
717 4860 933 4915 ἔσεσθαι
974 4860 1003 4912 ὁ
1050 4858 1207 4928 λόγος
1249 4858 1514 4925 θεσπίζει,
1559 4859 1816 4931 δυνάμεις

263 4968 313 5004 τε
347 4955 705 5028 ἀκαθάρτους,
753 4955 847 5008 καὶ
893 4952 1192 5023 πολεμικὰς
1237 4952 1336 5016 τὰς
1385 4952 1552 5007 πάλαι
1602 4952 1660 5006 ἐν
1703 4953 1816 5015 τοῖς

265 5044 444 5101 ἔθνεσιν
476 5047 805 5122 ἐνεργούσας
836 5046 891 5100 ἐν
926 5062 985 5098 τε
1017 5044 1275 5117 Αἰγύπτῳ
1306 5045 1400 5098 καὶ
1427 5047 1493 5116 τῇ
1523 5043 1676 5116 χώρᾳ
1705 5043 1815 5097 τῶν

274 5137 572 5213 Ἀσσυρίων·
606 5140 675 5204 ἃς
700 5138 794 5191 τοῦ
838 5138 1044 5210 Κυρίου
1086 5138 1424 5210 συρίσαντος,
1456 5137 1551 5190 καλ⁴
1575 5136 1816 5207 ὡσπερεὶ

264 5234 713 5304 παρορμήσαντος,
753 5233 845 5285 καὶ
883 5229 1429 5302 παρακελευσαμένου
1477 5229 1699 5293 αὐταῖς,
1746 5231 1813 5301 τῇ

262 5318 395 5392 χώρα
430 5326 592 5395 φησιν
644 5324 826 5377 αὐτῶν
873 5320 1277 5387 ἐπελεύσεσθαι,
1321 5321 1408 5376 διὰ
1451 5320 1513 5375 τὺ
1560 5321 1813 5375 τοιούτων

264 5406 398 5473 ἀξίαν
431 5412 710 5480 γεγονέναι
728 5429 741 5443 ⁸
790 5413 884 5467 καὶ
938 5410 1345 5467 ἀναπαύσεσθαι
1382 5410 1481 5475 τάς
1522 5411 1815 5483 εἰρημένας

265 5496 491 5571 δυνάμεις
511 5505 678 5575 φησὶν
708 5506 767 5560 ἐν
790 5504 1049 5578 φάραγξι,
1081 5504 1176 5560 καὶ
1205 5506 1261 5558 ἐν
1282 5503 1550 5578 τρώγλαις
1577 5504 1809 5577 πετρῶν,

265 5592 331 5656 εις
357 5612 412 5648 τι
445 5598 513 5651 τά
551 5598 814 5670 σπήλαια,
873 5599 966 5652 καὶ
1014 5599 1091 5661 είς
1139 5598 1319 5652 πᾶσαν
1354 5598 1561 5668 ραγάδα
1611 5598 1809 5666 αὐτῶν,

324 5772 560 5832 “lCor.
601 5795 682 5841 in,
712 5779 763 5832 2.
853 5783 893 5812 ³⁷
933 5780 1106 5835 lCor.
1144 5795 1216 5842 ix,
1260 5779 1310 5833 9.

1917 4583 1970 4628 et
1994 4573 2049 4628 in
2080 4574 2313 4644 spinam.
2346 4571 2481 4628 Nam
2503 4588 2626 4628 cum
2656 4572 2850 4644 sagitta
2883 4582 2936 4628 et
2966 4586 3097 4626 arcu
3120 4571 3495 4642 ingredieutur

1917 4666 2049 4721 illuc
2084 4667 2322 4738 (constat
2360 4681 2491 4723 vero
2519 4667 2623 4721 hoc
2649 4666 2756 4721 dici
2789 4664 2857 4721 de
2888 4666 3184 4737 hostibus).
3232 4664 3493 4736 quoniam

1915 4768 2061 4815 terra
2116 4761 2321 4816 inculta
2368 4768 2423 4817 et
2451 4761 2608 4831 spina
2630 4760 2735 4817 erit
2762 4761 2943 4816 omnis
2984 4767 3155 4815 terra.
3191 4778 3210 4810 ι
3247 4757 3315 4813 Ει
3362 4772 3495 4814 sane

1916 4858 2102 4922 specta
2132 4866 2296 4923 quam
2338 4853 2508 4907 multa
2538 4852 2595 4907 in
2638 4852 2728 4907 die
2772 4850 3111 4917 Emmanuel,
3154 4850 3279 4905 dico
3309 4857 3493 4906 autem

1916 4960 2024 5014 quo
2062 4951 2305 5016 tempore
2348 4945 2615 5002 rationale
2665 4944 2849 5000 lumen
2893 4953 2979 4999 est
3022 4944 3315 5003 oriturum,
3346 4941 3493 5013 quod

1917 5047 2013 5101 per
2046 5030 2384 5088 Salvatorem
2408 5041 2655 5088 nostrum
2687 5033 2742 5087 in
2778 5047 2969 5088 omnes
3013 5032 3261 5088 homines
3290 5032 3494 5088 emica-

1916 5123 2014 5189 bit,
2059 5120 2301 5181 Judaica:
2332 5126 2481 5196 genti
2521 5132 2782 5181 eventura
2830 5124 3113 5179 oraculum
3162 5132 3346 5179 canat.
3387 5123 3490 5179 lm-

1917 5215 2149 5270 mundas
2175 5215 2322 5270 enim
2355 5224 2518 5286 atque
2546 5216 2776 5270 hostiles
2818 5221 3137 5285 potestates,
3171 5229 3293 5284 quae
3315 5230 3492 5285 quon-

1916 5305 2043 5360 dam
2068 5307 2212 5362 inter
2247 5313 2437 5378 gentes
2469 5306 2765 5362 eﬂicaciam
2800 5307 3314 5362 suam-exercebant
3344 5314 3400 5361 et
3432 5307 3490 5362 in

1916 5397 2177 5471 Egypto,
2213 5407 2268 5455 et
2295 5400 2349 5454 in
2405 5402 2627 5470 regione
2668 5398 3046 5469 Assyriorum,
3089 5396 3320 5453 Domino
3349 5398 3487 5454 sibid

1914 5491 2062 5548 laute
2086 5499 2141 5549 et
2170 5492 2327 5563 quasi
2353 5492 2665 5565 impellente
2709 5500 2872 5563 atque
2901 5492 3227 5549 adhortante
3253 5506 3369 5556 eas,
3394 5505 3483 5545 re-

1915 5582 2129 5656 gionem
2160 5586 2407 5657 ipsorum
2444 5586 2732 5643 invasuras
2762 5588 2860 5651 ait,
2898 5594 3187 5657 propterea
3217 5582 3363 5656 quod
3397 5589 3484 5636 ta-
