4100 6430
565 353 666 412 5|!
1241 347 1509 405 EUSEBll
1547 345 2029 405 CASSARIENSIS
2065 343 2220 402 OPP.
2262 344 2444 400 PARS
2476 345 2544 400 ll.
2577 373 2652 388 -μ
2686 341 3185 404 APOLOGETICA.
3736 338 3856 394 5n

562 469 709 523 libus
743 466 905 535 digna
935 465 1193 526 evaserit,
1226 462 1557 534 easdemque
1591 470 1889 533 potestates
1915 462 2138 532 quietu-
2169 501 2181 531 λ

2244 460 2383 514 κατά
2435 459 2534 531 μὲν
2580 459 2850 523 διάνοιαν,
2886 458 2945 513 ὲν
2988 460 3108 521 ταῖς
3152 455 3351 526 ψυχαῖς
3398 453 3593 517 αὐτῶν,
3631 451 3740 506 καὶ
3789 454 3851 504 ὲν

561 574 650 614 ras
689 559 744 610 in
793 554 1132 609 convallibus
1169 560 1224 607 et
1265 551 1629 608 foraminibus
1661 562 1961 624 petrarum,
1991 560 2044 605 et
2083 552 2138 606 in

2243 554 2363 616 ταῖς
2399 551 2494 604 τοῦ
2527 550 2774 622 σώματος
2805 549 3126 620 αἰσθήσεσι,
3171 550 3283 613 τοῖς
3317 564 3379 599 τε
3411 545 3700 615 λογισμοῖς
3748 543 3851 598 καὶ

560 645 862 716 speluncis,
896 655 950 700 et
971 646 1027 699 in
1057 643 1206 698 omni
1235 644 1476 699 scissura
1503 645 1745 714 ipsorum
1776 663 1789 698 :
1825 644 1890 698 ad
1917 659 2134 699 sensum

2244 648 2363 707 ταῖς
2395 643 2774 716 διερῤωγυίαις
2803 644 2981 697 αύτῶν
3002 641 3260 704 διανοίαις
3280 657 3293 670 ο
3323 639 3463 693 κατά
3487 637 3542 692 δὲ
3569 637 3678 709 τὴν
3705 635 3852 707 πρό-

557 739 777 808 quidem
807 738 861 792 in
892 737 1091 792 animis
1123 736 1388 806 ipsorum,
1415 736 1546 791 etin
1570 738 1704 807 ipsis
1729 736 1980 806 corporis
2011 753 2106 793 seu
2125 765 2138 778 -

2243 755 2426 810 χειρον
2456 736 2622 801 λέξιν,
2658 736 2778 790 καθ’
2808 735 2936 806 ὅλης
2963 733 3140 787 αὐτῶν
3169 733 3268 803 τῆς
3295 729 3496 802 χώρας.
3523 730 3584 784 Ὀ
3611 729 3724 782 καὶ
3759 727 3849 791 τίς

558 831 734 896 sibus,
766 841 818 885 et
858 829 1301 900 cogitationibus,
1334 836 1390 883 et
1415 827 1666 884 discissis
1695 830 1938 898 ipsorum
1982 843 2136 881 men-

2240 831 2340 884 ούκ
2381 829 2446 883 ἂν
2476 828 2938 899 ἀποθαυμάσειεν,
2981 825 3274 896 ὀφθαλμοῖς
3303 822 3445 896 όρῶν
3493 821 3618 886 τοὺς
3668 819 3848 873 πολε-

558 922 744 989 tibus;
778 920 846 975 ad
880 921 1105 975 verbum
1139 928 1320 975 autem
1357 919 1523 990 (quod
1550 919 1768 989 quidem
1793 919 1845 972 iu
1879 927 2132 988 promptu

2243 923 2397 993 μίους
2431 921 2608 977 αὐτῶν
2639 921 2818 974 πάντα
2850 921 3010 973 τόπον
3057 919 3158 988 τῆς
3197 916 3454 980 Ἰουδαίας
3499 911 3848 983 κατειληφό⁶

556 1009 687 1080 est),
739 1026 835 1079 per
883 1017 1051 1063 totam
1096 1011 1340 1079 ipsorum
1395 1011 1695 1078 regionem.
1741 1006 1897 1074 Quod
1953 1007 2132 1076 ipsum

2238 1030 2356 1077 τας,
2394 1013 2488 1066 καὶ
2519 1012 2644 1077 τούς
2689 1029 2752 1082 γε
2792 1010 3120 1080 ἀλλοφύλους
3167 1009 3260 1061 καὶ
3303 1005 3706 1076 εἰδωλολάτρας
3744 1004 3845 1056 ἀν-

557 1118 691 1156 sane
719 1103 843 1172 quis
873 1118 982 1156 non
1017 1101 1339 1167 admiretur,
1369 1116 1492 1155 cum
1525 1101 1702 1154 oculis
1735 1110 1925 1155 cernat
1950 1099 2132 1152 inimi-

2238 1104 2488 1177 θρώπους
2523 1107 2580 1159 ἐν
2609 1106 2810 1168 πάσαις
2833 1104 3008 1157 αὐτῶν
3033 1102 3216 1156 πόλεσί
3249 1118 3308 1153 τε
3336 1101 3427 1153 καὶ
3455 1096 3663 1169 χώραις
3700 1095 3847 1148 ἀνα-

555 1210 651 1249 cos
683 1193 925 1264 ipsorum
973 1208 1191 1248 omnem
1234 1191 1434 1246 Judaeze
1485 1193 1662 1247 loc’um
1705 1206 2030 1261 occupasse,
2076 1199 2131 1245 et

2237 1195 2652 1268 πεπαυμένους;
2685 1197 2759 1250 Οὐ
2780 1195 2953 1249 ταῦτα
2971 1194 3029 1248 δὲ
3052 1195 3158 1266 ἄρα
3183 1193 3317 1264 μόνα
3348 1189 3620 1262 διαθήσειν
3657 1188 3843 1258 φησιν

553 1293 810 1340 externos
826 1284 1354 1354 simulacrorumque
1378 1283 1619 1339 cultores
1643 1282 1892 1336 homines
1921 1282 1976 1334 in
2000 1296 2130 1335 cun-

2233 1285 2430 1348 αύτοὺς
2449 1286 2477 1338 6
2505 1283 2682 1354 λόγος,
2709 1284 2843 1338 ἀλλά
2873 1284 3020 1356 ξυρῷ
3041 1287 3134 1340 τοῦ
3158 1300 3308 1352 νενοη
3318 1281 3476 1352 μένου
3507 1283 3636 1351 ἡμῖν
3670 1280 3842 1350 βασις

552 1379 659 1432 ctis
699 1377 945 1446 ipsorum
988 1377 1305 1432 civitatibus
1351 1385 1408 1431 et
1447 1375 1765 1446 regionibus
1811 1374 2126 1445 quievisse?

2232 1374 2367 1438 λέως
2400 1373 2695 1446 ’Δσσυρίων
2730 1372 2829 1444 τὴν
2862 1371 3100 1443 κεφαλὴν
3133 1369 3330 1432 αὐτῶν,
3365 1369 3457 1423 καὶ
3489 1368 3586 1432 τὰς
3623 1368 3839 1439 τρίχας

550 1465 672 1520 Non
706 1466 872 1536 igitur
901 1467 986 1522 bis
1025 1467 1158 1521 solis
1189 1482 1285 1522 eos
1313 1481 1436 1521 esse
1473 1464 1787 1520 alliciendos
1821 1465 1898 1518 ait
1930 1479 2126 1518 oracu-

2231 1465 2342 1519 τῶν
2378 1463 2577 1528 ποδῶν,
2609 1465 2701 1518 καὶ
2729 1464 2819 1516 τὸν
2854 1462 3108 1531 πώγωνα,
3151 1462 3326 1516 πάντα
3351 1460 3550 1532 δηλαδὴ
3585 1458 3682 1512 τὸν
3725 1458 3837 1511 πά-

552 1558 686 1619 lum,
743 1555 839 1610 sed
883 1557 1046 1610 etiam
1092 1557 1359 1612 novacula
1400 1556 1520 1626 ejus
1565 1555 1914 1626 Assyriorum
1959 1554 2120 1624 regis,

2229 1556 2318 1609 λαι
2349 1555 2728 1626 περικείμενον
2774 1555 2955 1619 αὐτοῖς
2993 1553 3196 1624 κόσμον
3243 1551 3511 1624 ξυρήσειν.
3559 1551 3725 1605 Κατά
3774 1551 3834 1606 δὲ

549 1665 711 1719 quem
739 1663 840 1703 nos
867 1647 1244 1718 intelligimus,
1266 1657 1318 1702 et
1345 1654 1506 1717 caput
1536 1662 1750 1709 eorum,
1780 1653 1835 1700 et
1862 1645 2002 1715 pilos
2031 1660 2124 1712 pe-

2225 1648 2325 1719 τὴν
2353 1646 2518 1717 αὐτὴν
2547 1647 2776 1718 ἡμέραν,
2805 1648 2900 1700 καὶ
2939 1646 3080 1699 κατά
3110 1645 3203 1698 τὸν
3240 1645 3401 1698 αὑτὸν
3433 1643 3622 1716 χρόνον
3659 1645 3836 1696 ἀπει-

549 1741 700 1806 dum,
731 1751 787 1797 et
830 1741 1081 1808 barbam,
1110 1757 1328 1796 omnem
1362 1741 1634 1805 videlicet,
1665 1755 1776 1812 quo
1816 1740 1918 1810 ipsi
1943 1755 2112 1809 quon-

2226 1738 2307 1790 λεὶ⁹
2343 1740 2399 1790 ὲν
2441 1737 2646 1810 ἐσχάτῃ
2680 1735 2840 1807 πενία
2872 1735 2965 1790 τοῦ
3023 1735 3164 1789 κατά
3204 1735 3336 1789 Θεὸν
3379 1734 3609 1788 πλούτου
3655 1752 3839 1788 κατα-

548 1834 672 1888 dam
709 1830 884 1889 allecti
923 1841 1104 1900 erant,
1129 1841 1380 1888 ornatum
1413 1833 1804 1888 abradendum.
1831 1831 1942 1886 Sub
1971 1847 2121 1886 eam-
2154 1851 2167 1904 ι

2228 1829 2521 1902 στήσεσθαι
2553 1831 2767 1893 αὐτοὺς,
2805 1829 2881 1892 ὼς
2929 1828 3006 1900 μὴ
3048 1829 3226 1900 ἄρτων
3272 1827 3504 1896 λογικῶν
3538 1827 3827 1898 εὐπορεῖν,

547 1927 668 1981 dem
707 1939 836 1979 vero
859 1924 1004 1980 diem
1035 1925 1175 1978 hanc
1203 1933 1257 1979 et
1290 1924 1393 1980 sub
1423 1923 1567 1980 idem
1607 1932 1823 1994 tempus
1849 1922 1914 1976 ad
1942 1930 2122 1978 extre-

2227 1924 2364 1994 μήτε
2407 1923 2633 1994 στερεᾶς
2659 1923 2771 1976 καὶ
2816 1907 3189 1991 πνευματικῆς
3228 1920 3456 1992 τροφῆς,
3487 1921 3717 1990 ἀγαπᾷν
3767 1919 3827 1973 δὲ

547 2031 690 2069 mam
736 2016 887 2085 ipsos
916 2013 1231 2069 divitiarum
1261 2013 1353 2070 Dei
1402 2016 1684 2086 penuriam
1716 2015 1957 2068 minatur
1999 2028 2120 2069 esse

2221 2015 2452 2082 γάλακτι
2502 2013 2817 2085 τρέφεσθαι,
2879 2012 2956 2084 τῷ
3008 2011 3267 2083 νηπιώδει
3323 2012 3417 2066 καὶ
3462 2010 3826 2080 εἰσαγωγικῷ

547 2107 894 2177 redigendos,
930 2122 1102 2177 usque
1126 2107 1263 2162 adeo
1303 2115 1362 2162 ut
1395 2115 1449 2163 et
1477 2123 1614 2178 pane
1643 2106 1921 2170 rationali,
1954 2105 2115 2176 325

2221 2105 2380 2177 λόγῳ.
2417 2106 2538 2158 Ἔτι
2578 2105 2713 2176 πρὸς
2745 2105 2952 2168 τούτοις
2975 2105 3070 2158 καὶ
3097 2104 3195 2166 τὰς
3219 2104 3496 2175 ἀμπέλους
3517 2103 3705 2157 αὐτῶν
3741 2105 3827 2166 είς

545 2210 599 2254 et
627 2199 804 2254 solido
863 2198 1247 2269 spiritualique
1277 2200 1402 2254 cibo
1442 2199 1552 2255 sint
1584 2198 1834 2262 carituri,
1877 2199 2122 2269 satisque

2221 2195 2412 2266 χέρσον
2445 2195 2681 2249 ἔσεσθαι.
2713 2214 2730 2245 ι
2776 2195 2993 2264 Ἐπειδὴ
3021 2193 3147 2266 γὰρ,
3193 2215 3210 2245 ι
3243 2194 3318 2257 ὡς
3349 2196 3376 2248 6
3404 2194 3562 2256 αύτδς
3597 2194 3823 2265 προφὴ-

543 2287 806 2351 babituri,
837 2288 884 2343 si
914 2288 1075 2352 lacte,
1109 2287 1213 2343 hoc
1243 2295 1327 2342 est
1369 2287 1566 2359 puerili
1611 2287 2119 2355 introductorioque

2219 2303 2316 2357 της
2359 2287 2540 2358 φησιν,
2577 2305 2594 2338 ι
2637 2290 2850 2356 ἔμεινεν
2895 2287 2923 2338 ὁ
2969 2285 3212 2380 γεωργὸς
3248 2286 3361 2356 ἅμα
3405 2288 3497 2340 καὶ
3541 2286 3819 2356 δεσπότης

544 2394 816 2445 sermone,
848 2378 1182 2434 nutriantur.
1212 2378 1294 2432 Ad
1330 2379 1463 2442 haec,
1487 2378 1626 2433 vites
1645 2379 1889 2448 ipsorum
1916 2376 1971 2430 in
2010 2386 2120 2431 ter-

2219 2378 2404 2444 αύτοῦ,
2429 2378 2522 2432 τοῦ
2552 2379 2776 2449 ποιῆσαι
2810 2376 3215 2448 σταφυληνίτὸν
3261 2378 3588 2448 ἀμπελῶναο
3633 2399 3653 2429 ι
3695 2381 3726 2433 6
3760 2378 3817 2432 δὲ

544 2486 660 2524 ram
685 2471 944 2527 incultam
977 2472 1112 2528 fore.
1145 2492 1163 2524 ι
1189 2472 1485 2542 Postquam
1517 2471 1688 2535 enim,
1715 2489 1733 2522 ι
1770 2470 1956 2539 utipse
1988 2485 2115 2539 pro-

2218 2472 2470 2543 εποίησεν
2490 2471 2753 2536 ἀκάνθας,
2773 2471 2867 2524 καὶ
2888 2472 2948 2524 ού
2977 2471 3346 2540 δικαιοσύνην,
3369 2471 3502 2526 ἀλλά
3531 2473 3810 2543 κραυγήν·

543 2563 705 2632 pheta
728 2563 824 2626 ait,
857 2582 878 2615 ι
899 2563 1137 2633 agricola
1163 2563 1305 2618 idem
1335 2570 1388 2618 et
1418 2577 1608 2617 eorum
1634 2559 1895 2616 Dominus
1921 2575 2118 2630 exspe-

2219 2561 2316 2629 (διὸ
2349 2563 2442 2615 καὶ
2466 2559 2712 2632 ἀφαιρῶν
2741 2560 2832 2612 τὸν
2870 2559 3120 2630 φραγμὸν
3155 2558 3340 2621 αὑτοῦ,
3387 2559 3480 2612 καὶ
3524 2557 3811 2628 καθαιρῶν

539 2655 728 2716 ctavit,
762 2655 893 2708 dum
917 2655 1072 2709 vinea
1101 2670 1260 2709 uvam
1292 2653 1478 2716 ferret,
1507 2672 1524 2706 ι
1547 2667 1722 2722 eaque
1749 2651 1976 2722 protulit
2005 2651 2118 2721 Spl-

2216 2657 2306 2710 τὸν
2339 2657 2515 2724 τοῖχον
2561 2655 2640 2716 είς
2697 2651 2912 2724 χέρσον,
2960 2651 3320 2721 καταστήσειν
3367 2650 3456 2702 τὸν
3504 2648 3811 2719 ἀμπελῶνα

537 2761 663 2808 nas,
693 2754 748 2799 et
779 2746 1217 2802 vociferationem
1249 2744 1562 2816 quamdam,
1595 2760 1703 2798 non
1741 2752 1923 2800 autem
1953 2743 2120 2813 justi-

2219 2748 2576 2821 μαρτύρεται,
2599 2745 2690 2798 καὶ
2726 2745 2838 2807 τοῖς
2875 2743 3087 2813 ἐχθροῖς
3114 2739 3459 2813 παραδώσειν
3495 2739 3681 2805 αύτδν,
3713 2740 3810 2804 οὓς

538 2837 674 2891 tiam
736 2837 1015 2906 (quocirca
1075 2840 1238 2892 etiam
1291 2851 1476 2906 sepem
1537 2834 1660 2904 ejus
1721 2833 2010 2896 auferens,
2062 2840 2117 2886 et

2219 2840 2356 2912 μετά
2408 2837 2594 2909 βέλους
2644 2836 2739 2888 καὶ
2788 2832 3119 2904 τοξεύματος
3171 2831 3570 2885 εἰσελεύσεσθαί
3633 2848 3809 2902 φησιν

542 2928 801 2996 parietem
837 2925 1107 2993 evertens,
1138 2929 1204 2982 ad
1240 2936 1438 2980 terram
1472 2926 1731 2980 incultam
1783 2925 1997 2978 vineam
2030 2940 2116 2978 re-

2215 2934 2331 2987 ἐκεῖ
2356 2930 2478 2994 τοὺς
2511 2928 2608 3000 τὴν
2640 2925 2887 2992 ὲξουσέαν
2922 2925 3210 2996 εἰληφότας
3245 2925 3350 2978 ύπὺ
3393 2924 3483 2978 τοῦ
3511 2924 3671 2987 Θεοῦ,
3708 2923 3803 2978 τοῦ

539 3020 828 3074 ducturum
871 3035 930 3075 se
958 3019 1210 3081 allirmat,
1238 3025 1289 3071 et
1319 3033 1438 3072 eam
1475 3015 1714 3070 inimicis
1760 3013 2112 3078 traditurum,

2215 3021 2546 3092 παραδόντος
2598 3019 2780 3082 αὐτοῖς
2826 3018 2925 3070 οὐκ
2973 3016 3230 3087 ἀκρίτως,
3285 3015 3396 3068 ἀλλ’
3446 3012 3501 3069 εὖ
3553 3015 3698 3086 μάλα
3747 3017 3803 3067 ὲν

539 3127 678 3180 quos
703 3127 833 3164 cum
867 3111 1064 3180 sagitta
1098 3117 1152 3165 et
1191 3123 1322 3162 arcu
1352 3107 1479 3161 illuc
1517 3107 1593 3159 ait
1625 3107 1990 3176 ingressurus,
2025 3099 2113 3160 ubi

2213 3116 2358 3189 δίκῃ,
2389 3115 2470 3167 ὅτι
2500 3113 2564 3183 δὴ
2591 3111 2783 3182 χέρσος
2811 3111 2905 3162 καὶ
2925 3108 3135 3164 ἄκανθα
3157 3107 3334 3160 αὐτῶν
3361 3106 3546 3176 γέγονε
3584 3108 3740 3160 πᾶσα
3765 3107 3797 3176 ἡ

538 3219 570 3259 a
602 3203 732 3268 Deo,
773 3205 866 3274 qui
897 3218 990 3258 eos
1035 3218 1143 3256 non
1178 3201 1397 3270 injuria,
1428 3198 1522 3254 sed
1547 3199 1671 3268 jure
1708 3199 1915 3270 optimo
1942 3199 2157 3266 tradiq

2215 3207 2337 3280 γῆο)
2365 3206 2452 3260 διὰ
2487 3205 2646 3258 τοῦτο
2674 3202 2802 3271 γοῦν
2841 3201 3070 3271 ἐπείπερ
3095 3202 3173 3263 είς
3206 3199 3396 3270 χέρσον
3431 3200 3520 3251 καὶ
3551 3198 3800 3253 ἄκανθαν

537 3295 695 3354 derit.
727 3296 1038 3366 acceperint
1069 3303 1411 3364 potestatem,
1442 3309 1508 3348 eo
1539 3291 1681 3366 quod
1717 3299 1863 3348 terra
1898 3293 2101 3347 inculta

2208 3297 2359 3350 αύτοί
2387 3295 2609 3356 ἑαυτοὺς
2641 3291 2998 3362 κατέστησαν,
3037 3307 3056 3340 ι
3098 3287 3522 3352 Εἰσελεύσονται,
3558 3307 3575 3338 ι
3607 3288 3797 3358 φησὶν,

535 3388 769 3458 etspina
806 3387 984 3442 omnis
1032 3388 1272 3456 ipsorum
1316 3391 1464 3440 terra
1505 3383 1648 3438 facta
1682 3383 1775 3448 sit,
1802 3391 2107 3454 propterea.

2223 3409 2240 3440 ι
2284 3390 2398 3442 ἐκεῖ
2431 3386 2566 3458 μετά
2596 3384 2780 3456 βέλους
2814 3385 2906 3437 καὶ
2930 3383 3278 3455 τοξεύματος,
3309 3384 3358 3436 οἱ
3397 3383 3493 3453 τὴν
3535 3398 3638 3435 κατ
3699 3381 3799 3434 αύο

536 3487 782 3551 inquam,
802 3480 947 3550 quod
966 3479 1033 3534 ad
1064 3489 1262 3535 terram
1281 3478 1542 3532 incultam
1557 3485 1612 3531 et
1634 3476 1847 3544 spinam
1876 3475 1978 3544 ipsi
2029 3491 2107 3529 se-

1374 3478 1542 3530 ultam
1557 3485 1612 3531 et
1634 3476 1847 3544 spinam
1876 3475 1978 3544 ipsi
2029 3491 2107 3529 sc-
2214 3480 2322 3533 τῶν
2351 3477 2596 3543 ἐξουσίαν
2629 3475 2928 3545 εἰληφότες.
2973 3495 2989 3527 ι

539 3571 687 3641 ipsos
710 3572 1075 3642 redegerunt),
1099 3588 1117 3621 ι
1144 3567 1537 3638 lngredientur,
1553 3587 1570 3618 ι
1593 3565 1816 3636 ἰηηιιὶι,ι
1849 3567 2112 3620 illuccqu
2137 3571 2332 3642 sagitta
2349 3577 2568 3632 ctarcu,
2595 3567 3055 3642 qui_contraipsos
3080 3573 3400 3636 potestatein
3425 3565 3790 3636 acceperint.»

607 3664 876 3720 Caaterum
925 3663 1058 3726 nuli,
1093 3676 1301 3732 quaeso,
1359 3659 1569 3722 mirari,
1625 3656 1672 3712 si
1724 3655 1838 3711 haec
1894 3671 2110 3726 quoque

2284 3660 2372 3730 Μὴ
2412 3656 2652 3728 θαύμαζε
2679 3655 2723 3709 δ’
2767 3657 2816 3708 εί
2857 3657 2950 3710 καὶ
2989 3655 3162 3710 ταῦτα
3197 3655 3668 3724 συνεσκιασμένως
3701 3654 3795 3709 καὶ

536 3754 858 3813 aduinbrate
902 3763 956 3809 et
1005 3770 1098 3824 per
1149 3754 1350 3822 figuras
1405 3749 1826 3805 obscurissimas
1898 3747 2108 3802 reddita

2211 3753 2277 3805 δι’
2309 3749 2642 3819 αἰνιγμάτων
2668 3747 2998 3801 ἀποδέδοται.
3027 3746 3287 3801 Λέλεκται
3314 3745 3442 3814 γοῦν
3474 3745 3570 3817 ήδη
3596 3748 3796 3817 πρότε-

538 3855 685 3901 sunt.
740 3843 860 3899 Jam
913 3845 1057 3899 enim
1110 3843 1262 3913 prius
1317 3839 1742 3910 dispensationis
1798 3836 2122 3906 bujusmotii.

2215 3863 2306 3916 ρον
2339 3846 2370 3916 ἡ
2401 3843 2547 3896 αἰτία
2572 3842 2671 3912 τῆς
2700 3839 2952 3910 τοιαύτης
2983 3839 3292 3909 οἰκονομίας
3323 3837 3415 3890 τοῦ
3450 3837 3628 3906 λόγου,
3662 3838 3789 3908 βου-

535 3954 701 3994 causa
729 3939 872 3992 dicta
904 3945 1008 3999 est,
1037 3937 1182 4006 quod
1213 3933 1398 4005 utique
1433 3931 1716 3987 oraculum
1752 3930 1984 3986 voluerit
2013 3945 2100 3984 ex-

2213 3933 2466 4005 ληθέντος
2519 3929 2922 4004 ἐπικρύψασθαι
2969 3929 3062 3982 τὸν
3108 3928 3334 3998 ἔσχατον
3377 3928 3464 3980 τοῦ
3521 3929 3790 3984 Ἰουδαίων

533 4039 768 4085 tremum
793 4026 1034 4082 Judaica:
1051 4027 1227 4097 gentis
1247 4026 1523 4080 occultare
1546 4024 1846 4089 interitum,
1880 4031 1938 4078 ut
1960 4021 2103 4094 apud

2213 4024 2395 4088 ἔθνους
2440 4024 2679 4095 ὄλεθρον,
2737 4023 2811 4085 ὡς
2863 4021 2929 4075 ἂν
2986 4020 3302 4089 φυλάττοιτο
3350 4023 3476 4092 παρ’
3516 4022 3701 4084 αὐτοῖς
3757 4023 3788 4092 ἡ

533 4138 653 4179 eam
685 4119 968 4188 Scriptura
1002 4119 1069 4174 ad
1095 4127 1342 4174 nostrum
1385 4119 1624 4188 ipsarum
1651 4117 1896 4188 gentium
1927 4116 2104 4187 profe-

2206 4105 2396 4189 Γραφὴ
2430 4118 2508 4180 είς
2541 4115 2699 4186 ἡμῶν
2730 4114 2838 4168 τῶν
2875 4113 3040 4166 ἐθνῶν
3089 4111 3362 4182 βελτίωσίν
3404 4129 3461 4164 τε
3504 4112 3596 4165 καὶ
3635 4112 3786 4182 ὠφέ-

532 4219 684 4268 ctum
710 4211 1107 4280 utilitatemque
1129 4213 1458 4263 servaretur.
1490 4205 1623 4260 Nam
1649 4207 1697 4261 si
1724 4206 1860 4277 ipsis
1882 4206 2100 4276 quidem

2203 4210 2367 4264 λειαν.
2409 4211 2468 4262 Εἰ
2510 4207 2639 4276 γοῦν
2675 4205 2974 4274 ἀναφανδὸν
3016 4207 3199 4270 αὐτοῖς
3243 4206 3340 4276 μὲν
3382 4206 3629 4277 ὀλεθρον,
3671 4211 3786 4272 τοῖς

534 4303 714 4376 palam
757 4302 1059 4363 interitum,
1097 4300 1350 4371 gentibus
1401 4309 1582 4354 autem
1629 4299 1769 4354 bona
1808 4296 2103 4368 pr0pbetia:

2200 4302 2257 4356 δὲ
2285 4301 2491 4355 ἔθνεσιν
2519 4298 2694 4369 ἀγαθὰ
2726 4299 3129 4370 προεκήρυττον
3158 4299 3213 4352 αί
3244 4301 3588 4370 προφητεῖαι,
3610 4298 3785 4363 ούδεὶς

533 4395 787 4467 pollicitae
817 4403 1020 4456 essent,
1063 4409 1127 4447 ac
1163 4392 1572 4465 .pratdixissent,
1619 4405 1780 4446 nemo
1817 4389 1959 4460 apud
2005 4387 2100 4443 Ju-

2201 4394 2267 4448 ἂν
2312 4393 2440 4465 περὶ
2483 4393 2650 4456 αὐτὲις
2693 4390 2988 4445 ἐσπούδασε
3032 4390 3138 4444 τῶν
3179 4393 3243 4445 ὲκ
3285 4393 3606 4463 περιτομῆς,
3647 4392 3784 4446 ἀλλά

531 4485 678 4540 datos
700 4500 884 4538 earum
907 4482 1188 4538 studiosus
1215 4482 1424 4546 fuisset,
1450 4481 1542 4536 sed
1569 4497 1662 4534 eas
1691 4487 1946 4549 tanquam
1970 4479 2102 4548 ipsis
2136 4491 2150 4546 |

2164 4488 2280 4550 Ιὼς
2305 4488 2486 4550 αὐτοῖς
2514 4485 2758 4548 ἐναντίας
2795 4482 2956 4548 οὔσας
2991 4483 3084 4537 καὶ
3127 4483 3327 4556 ἐχθρὰς
3369 4484 3678 4557 διέφθειραν
3715 4487 3783 4540 ἂν

536 4575 847 4629 contrarias
895 4581 1060 4643 atque
1105 4573 1357 4628 inimicas
1407 4571 1771 4634 delevissent,
1811 4579 1972 4640 atque
2028 4572 2101 4623 ita

2202 4577 2389 4642 αὑτὰς,
2418 4577 2510 4630 καὶ
2537 4574 2717 4630 οὐκέθ’
2749 4577 2877 4645 ἡμῖν
2905 4579 3016 4639 τοῖς
3044 4575 3101 4642 ἐξ
3135 4575 3301 4629 ἐθνῶν
3325 4577 3502 4646 παρῆν
3526 4581 3647 4641 ταῖς
3673 4579 3781 4631 τῶν

531 4668 712 4730 nobis.
758 4667 852 4737 qui
893 4666 959 4720 de
996 4665 1249 4737 gentibus
1282 4663 1511 4734 profecti
1541 4680 1752 4726 sumus,
1785 4665 2101 4733 neutiquam

2204 4669 2494 4741 προφητῶν
2530 4669 2657 4740 περὶ
2701 4667 2792 4721 τοῦ
2831 4667 3080 4738 Σωτῆρος
3113 4667 3288 4738 ἡμῶν,
3315 4668 3407 4720 καὶ
3455 4671 3581 4738 περὶ
3625 4671 3778 4741 ἡμῶν

529 4759 776 4814 licuisset
806 4759 1188 4829 prophetarum
1217 4757 1286 4813 de
1312 4755 1591 4812 Salvatore
1621 4766 1808 4812 nostro
1829 4766 1882 4812 et
1913 4758 1980 4814 de
2007 4775 2106 4814 n0-

2201 4760 2376 4815 αὑτῶν
2413 4760 2735 4832 μαρτυρίαις
2779 4758 3104 4830 χρήσασθαι.
3160 4758 3318 4812 Ἀλλὰ
3359 4761 3465 4829 γὰρ
3512 4762 3778 4814 τοσούτων

527 4848 616 4905 bis
645 4849 780 4920 ipsis
809 4848 1136 4904 testimoniis
1184 4848 1284 4904 uti.
1313 4848 1578 4904 Caeterum
1617 4863 1739 4902 cum
1783 4855 1892 4902 tam
1934 4850 2100 4903 multa

2201 4855 2257 4906 ἐν
2281 4857 2346 4924 τῇ
2373 4851 2465 4915 τοῦ
2506 4851 2847 4924 Ἐμμανουήλ
2872 4851 3056 4922 ἡμέρᾳ
3082 4851 3205 4922 περὶ
3231 4849 3290 4902 τὸ
3330 4851 3595 4904 Ἰουδαίων
3630 4852 3778 4914 ἔθνος

523 4942 584 4998 in
604 4942 692 4998 die
725 4939 1041 4996 Emmanuel
1068 4937 1308 4995 Judaicaa
1336 4939 1503 5010 genti,
1535 4944 1835 4995 secundum
1872 4941 2097 4995 alteram

2201 4946 2596 5016 γενησομένων,
2642 4944 2778 4998 κατά
2823 4943 2921 5014 τὴν
2963 4942 3154 5014 ἑτέραν
3200 4943 3514 5013 ἑρμηνείαν,
3555 4944 3775 5008 σπάνιός

529 5035 1048 5106 interpretationem,
1093 5041 1352 5088 eventura
1401 5039 1606 5092 essent.
1645 5048 1832 5087 eorum
1893 5035 1985 5104 qui
2033 5050 2098 5088 ex

2200 5055 2283 5100 τις
2318 5036 2530 5089 ἔσεσθαι
2569 5036 2784 5104 λέγεται
2821 5036 2853 5087 6
2896 5033 3274 5102 καταλειφθεὶς
3317 5034 3374 5100 ἐξ
3414 5035 3610 5094 αὐτῶν.
3651 5038 3777 5105 περὶ

531 5127 668 5198 ipsis
702 5125 1048 5196 relinquendi
1073 5126 1181 5180 sint
1205 5125 1450 5195 paucitas
1482 5123 1728 5193 quaedam
1757 5124 1935 5178 futura
1961 5125 2099 5179 dici-

2199 5123 2259 5182 οὗ
2296 5145 2454 5200 φησιν
2491 5129 2519 5180 6
2559 5127 2906 5190 Ἀπόστολος·
2945 5144 2962 5176 ι
3007 5127 3224 5196 Λεῖμμα
3259 5127 3378 5180 κατ’
3413 5127 3641 5199 ἐκλογὴν
3675 5130 3773 5198 χά-

527 5229 642 5283 tur,
691 5218 759 5273 de
790 5234 897 5287 qua
938 5220 1014 5272 ait
1050 5218 1348 5289 Apostolus
1383 5234 1395 5270 :
1444 5235 1461 5268 ι
1495 5216 1754 5288 Reliquia:
1797 5218 2096 5272 secundum

2203 5239 2346 5293 ριτος
2379 5221 2630 5290 γέγονεν’
2653 5219 2710 5283 ὃς
2745 5220 2808 5290 δὴ
2847 5217 3034 5290 θρέψει
3071 5217 3300 5289 δάμαλιν
3342 5219 3500 5289 βοῶν,
3551 5222 3642 5273 καὶ
3685 5221 3776 5273 δύο

528 5312 849 5368 electionem
883 5314 1072 5382 gratia:
1119 5310 1276 5364 facta:
1323 5310 1562 5365 sunt":
1609 5329 1628 5361 ι
1664 5309 1740 5363 Ex
1766 5309 1869 5363 bac
1912 5320 2094 5365 autem

2203 5313 2463 5383 πρόὸατα,
2502 5311 2595 5364 καὶ
2627 5309 2732 5364 ἀπὸ
2761 5309 2854 5362 τοῦ
2901 5309 3146 5363 πλεῖστον
3189 5313 3356 5362 ποιεῖν
3390 5310 3548 5378 γάλα,
3585 5309 3775 5380 βούτυ-

529 5403 806 5472 paucitate
857 5401 951 5470 qui
1006 5400 1189 5464 fuerit,
1227 5417 1246 5451 ι
1289 5399 1531 5462 nutriet,
1576 5399 1772 5469 inquit,
1803 5399 2092 5469 juveneam

2201 5422 2290 5476 ρον
2323 5405 2414 5458 καὶ
2445 5403 2564 5474 μέλι
2600 5403 2845 5472 φάγεται.
2892 5420 2910 5453 ι
2945 5401 3207 5465 Τοιοῦτος.
3223 5401 3280 5454 δὲ
3312 5403 3439 5472 ἡμῖν
3479 5401 3768 5472 ἀπεδείχθη

527 5495 713 5555 boum,
746 5500 800 5547 et
820 5489 958 5545 duas
985 5505 1136 5555 oves,
1171 5511 1188 5542 ι
1219 5500 1272 5546 et
1299 5507 1364 5546 ex
1390 5507 1454 5546 eo
1474 5492 1616 5561 quod
1643 5491 1932 5561 plurimum
1965 5511 1981 5543 ι
2015 5492 2093 5544 fa-

2199 5497 2335 5549 κατα
2362 5496 2456 5567 τὴν
2481 5495 2735 5565 δευτέραν
2763 5494 3010 5546 ἀπῶοσιν
3058 5494 3174 5556 πᾶς.
3213 5495 3242 5546 ό
3283 5493 3632 5557 ἀποστολικδς
3664 5494 3770 5546 τᾶν

527 5586 634 5640 ciet
669 5585 772 5646 lac,
810 5583 1060 5654 butyrum
1096 5591 1149 5634 et
1199 5585 1300 5638 mel
1347 5582 1618 5638 comedet.
1667 5601 1684 5633 ι
1731 5579 1879 5637 Talis
1913 5592 2091 5637 autem

2202 5588 2452 5659 μαθητῶν
2487 5587 2642 5659 χορ³.ς
2684 5585 2772 5637 τοῦ
2823 5585 3069 5655 Σωτῆρος
3100 5583 3253 5655 ἡμῶν
3299 5585 3470 5655 ’1ησοῦ
3513 5586 3765 5658 Χριστοῦ.

625 5762 668 5794 ⁸⁸
699 5761 856 5816 Rom.
905 5777 979 5826 χι,
1019 5761 1070 5815 5.
