4100 6430
295 335 423 391 513

1235 335 1886 395 ΒΕΜΟΝΞΤὶὶᾹΤΙΟΝΙὸ
1912 337 2370 396 ΕΥΑΝΟΕΙᾸΟᾹΞ
2413 341 2540 396 LIB.
2588 342 2701 400 VH.

3481 345 3585 404 Si}

297 454 528 525 ’ωσπερ
585 453 638 508 δὲ
690 456 717 508 ό
761 455 1140 526 καταλειφθεὶς
1188 449 1344 521 οὗτος
1394 459 1635 524 τοιοῦτος
1684 460 1901 514 ἔσεσθαι

2009 475 2037 513 a
2075 461 2234 517 nobis
2281 465 2332 516 in
2387 463 2625 518 secunda
2667 466 3008 535 expositione
3042 467 3222 520 omnis
3253 467 3585 536 apostolicus

297 545 740 615 προφητεύεται,
767 545 910 600 οὕτω
939 549 1031 602 καὶ
1059 549 1156 620 τῆς
1190 548 1372 620 χώρας
1400 550 1618 621 ἀπάσης
1644 550 1733 604 τοῦ
1776 553 1908 605 Ἰου-

291 638 477 690 δαίων
514 639 718 704 ἔθνους,
752 639 847 692 τοῦ
894 658 951 694 τε
996 642 1316 712 ἀμπελῶνος
1362 643 1542 697 αὐτῶν
1581 648 1662 708 είς
1713 643 1907 716 χέρσον

298 729 408 780 καὶ
464 728 704 783 ἄκανθαν
753 733 1251 804 μεταϐεϐλημένου,
1304 735 1398 788 καὶ
1438 734 1526 789 διά
1574 733 1751 790 ταῦτα
1793 738 1906 799 τοῖς

299 820 596 892 πολεμίοις
638 825 1091 896 παραδεδομένου,
1133 825 1367 896 ἔμπαλιν
1417 829 1482 881 ἐκ
1531 827 1758 899 θατέρου
1811 830 1906 900 μέ-

302 928 447 981 ρους
493 915 602 966 πᾶν
632 914 757 984 ὃρος
803 915 1202 987 ἁροτριὼμενον
1244 917 1733 990 ἁροτριαθήσεσθαι
1775 936 1907 991 προ-

303 1003 632 1072 φητεύεται.
663 1006 931 1078 Ἠγοῦμαι
954 1008 1124 1080 δὲτὴν
1149 1008 1242 1061 τοῦ
1270 1010 1518 1082 Σωτῆρος
1543 1010 1698 1081 ἡμῶν
1729 1010 1902 1082 Ἰησοῦ

301 1095 558 1164 Χριστοῦ
599 1097 923 1168 Ἐκκλησίαν
958 1099 1129 1164 οὕτως
1159 1100 1512 1166 αἰνίττεσθαι,
1546 1103 1673 1173 περὶ
1706 1097 1774 1173 ἧς
1813 1103 1905 1154 καὶ

301 1187 479 1250 αὑτός
516 1204 713 1259 φησιν·
750 1206 769 1239 ι
806 1190 879 1243 Οὐ
934 1188 1156 1244 δύναται
1208 1191 1362 1255 πόλις
1407 1192 1673 1265 κρυϐῆναι
1721 1191 1905 1245 ἐπάνω

301 1275 474 1349 ϐρους
523 1279 767 1350 κειμένη.
811 1299 828 1330 ι
874 1281 948 1333 Τὸ
989 1280 1098 1353 γὰρ
1152 1282 1462 1354 ἐπηρμένον
1519 1282 1792 1354 μετέωρόν
1843 1300 1903 1335 τε

303 1369 409 1421 καὶ
437 1369 700 1438 ὑψιπετές
731 1369 825 1422 τοῦ
859 1371 955 1441 τῆς
991 1370 1315 1442 Ἐκκλησίας
1360 1371 1749 1442 πολιτεύματος
1779 1372 1905 1444 ὅρος

301 1463 559 1535 ἠγοῦμαι
611 1464 694 1517 διὰ
741 1463 944 1517 τούτων
994 1463 1414 1537 ἀνηγορεῦσθαι.
1472 1463 1642 1517 Τοῦτο
1693 1464 1738 1518 δ’
1789 1460 1900 1528 οὖν,

303 1559 470 1626 φησι,
503 1558 563 1610 τὸ
593 1558 714 1628 ὅρος
748 1556 1149 1629 ἀροτριὼμενον
1195 1558 1682 1629 ἀροτριαθήσεταιο
1720 1556 1795 1620 ὡς
1830 1557 1903 1628 μὴ

304 1649 563 1704 ἐπελθεῖν
588 1651 705 1703 ἐκεῖ
728 1649 911 1719 φόϐον,
934 1649 1068 1703 ἀλλὰ
1095 1651 1189 1703 καὶ
1216 1652 1295 1714 εἰς
1319 1649 1569 1703 τοσοῦτον
1593 1650 1725 1704 αύτὸ
1749 1667 1905 1722 μετα-

302 1740 598 1795 ϐαλεῖσθαι
631 1742 738 1795 ἀπὸ
763 1743 862 1813 τῆς
885 1743 1154 1814 προτέρας
1183 1743 1438 1814 ἐρημίας,
1467 1743 1558 1796 καὶ
1587 1742 1783 1814 χέρσου
1809 1745 1904 1796 καὶ

303 1833 595 1904 ἀκάνθης,
641 1833 716 1897 ὡς
769 1834 1069 1904 ἐπιτήδειον
1125 1833 1456 1904 καταστῆναι
1513 1835 1592 1898 εἰς
1649 1833 1898 1905 βόσκημα
1933 1808 1978 1868 Β

304 1927 613 1996 προϐάτου,
646 1925 740 1979 καὶ
782 1924 1154 1996 καταπάτημα
1203 1923 1342 1993 βοός.
1393 1924 1502 1976 Καὶ
1558 1923 1790 1995 πάρεστί
1835 1940 1897 1992 γε

307 2017 754 2086 ἐπιλογίσασθαι,
784 2018 930 2080 ὅπως
971 2019 1004 2089 ἡ
1044 2016 1139 2070 τοῦ
1181 2014 1418 2088 Χριστοῦ
1459 2016 1772 2087 Ἐκκλησία,
1797 2017 1899 2070 πά-

303 2113 398 2166 λαι
456 2107 596 2164 οὖσα
647 2111 840 2181 χέρσος
875 2109 966 2162 καὶ
1007 2107 1240 2176 ἄκανθα,
1271 2109 1361 2162 διὰ
1402 2107 1503 2178 τῆς
1535 2091 1698 2162 αύτοῦ
1741 2109 1897 2181 χάρι-

303 2221 399 2267 τος
458 2207 538 2267 είς
588 2203 837 2256 τοσοῦτον
880 2202 1047 2274 ῆλασε
1095 2202 1415 2274 μεταϐολῆς,
1447 2203 1585 2259 ὥστε
1625 2204 1758 2257 πόαν
1805 2206 1898 2258 καλ⁸

309 2297 549 2368 βοτάνην
608 2294 822 2348 εὔθετον
862 2293 962 2364 τῆς
1008 2293 1233 2366 λογικῆς
1266 2297 1640 2367 καρποφορίας
1682 2297 1772 2349 ἐπὶ
1809 2313 1898 2349 τοι

307 2388 505 2441 σοῦτον
544 2385 870 2458 βλαστῆσαι,
936 2384 1010 2448 ὡς
1058 2386 1152 2438 καὶ
1206 2386 1332 2448 τοὺς
1385 2385 1752 2456 προϐατὼδεις
1805 2387 1898 2439 καὶ

307 2480 716 2546 ἁπλουστέρους
759 2476 1049 2531 ἀπολαύειν
1079 2478 1248 2549 αὐτῆς
1275 2477 1554 2541 δύνασθαι,
1588 2477 1713 2541 τούς
1751 2495 1810 2530 τε
1841 2480 1898 2530 ἐν

305 2571 422 2636 ἔξει
464 2571 772 2642 τελεωτέρα
810 2569 1220 2641 προϐεϐηκότας
1275 2569 1440 2639 ἀροῦν
1492 2570 1587 2623 καὶ
1633 2573 1899 2639 γεωργεῖν

306 2664 506 2736 αὐτὴν,
534 2663 659 2733 βόας
700 2662 1290 2734 προσαγορευομένους,
1315 2661 1601 2734 ὠσπεροῦν
1633 2661 1727 2715 τὸν
1758 2662 1899 2715 θεῖον

319 2756 648 2810 Ἀπόστολον
679 2753 1003 2809 παιδεύοντα
1050 2755 1475 2827 παρεστήσαμεν
1504 2757 1562 2807 ὲν
1589 2755 1666 2827 τῷ
1699 2756 1861 2825 φάναι
1879 2773 1893 2786 ·

313 2869 332 2900 ι
373 2850 471 2921 Μὴ
510 2847 620 2900 τῶν
649 2845 786 2918 βοῶν
826 2846 975 2916 μέλει
1020 2844 1097 2916 τῷ
1127 2844 1284 2915 Θεῷ;
1321 2846 1353 2916 ἢ
1393 2845 1462 2898 δι’
1507 2845 1649 2916 ὑμᾶς
1680 2845 1898 2911 πάντως

305 2941 462 3009 λέγει
487 2956 502 3005 ;
531 2937 597 2992 δι’
630 2938 774 3008 ὑμᾶς
798 2936 908 3009 γάρ
942 2937 1178 3008 ἐγράφη,
1216 2937 1296 2989 ὅτι
1334 2934 1538 3004 ὀφείλει
1569 2937 1596 2989 ὁ
1629 2935 1898 3008 ἀροτριῶν

307 3035 401 3087 ἐπ’
432 3031 607 3086 ἐλπίδι
633 3031 909 3104 ἀροτριᾷν,
935 3030 1029 3084 καὶ
1056 3031 1086 3083 ό
1115 3029 1285 3082 ἀλοῶν
1307 3029 1392 3083 ἐπ’
1421 3029 1593 3083 ἐλπίδι
1623 3030 1716 3083 τοῦ
1772 3047 1898 3102 μετ-

310 3126 483 3196 ἐχειν.
524 3143 542 3175 ι
575 3123 760 3185 Οῦτως
799 3123 832 3193 ἡ
877 3121 1042 3175 πάλαι
1065 3120 1270 3194 ἕρημος
1312 3120 1407 3175 καὶ
1447 3121 1640 3193 χέρσος
1667 3120 1895 3192 μεταϐέ-

306 3216 484 3286 ϐληκε
517 3213 658 3268 κατὰ
683 3212 778 3282 τὴν
801 3212 894 3265 τοῦ
925 3212 1160 3286 Χριστοῦ
1191 3211 1515 3284 παρουσίαν,
1555 3211 1632 3275 ὡς
1664 3212 1756 3264 κα)⁵
1785 3214 1898 3275 τοῖς

306 3306 458 3361 οὕτω
501 3302 839 3375 νενοημένοις
898 3304 1080 3375 βουσὶν
1112 3303 1190 3367 είς
1225 3303 1324 3373 τὴν
1362 3302 1696 3372 κατάλληλον
1720 3319 1898 3373 γεωρ-

304 3399 440 3468 γίαν
490 3399 807 3471 ἐπιτηδείως
856 3398 1019 3468 ἔχειν.
1059 3396 1382 3465 Ἐπίστησον
1423 3393 1479 3446 δέ
1531 3393 1652 3446 τίνα
1701 3394 1899 3465 τρόπον

308 3491 420 3546 om
452 3491 582 3562 μίαν
615 3493 709 3544 καὶ
740 3490 837 3562 τὴν
870 3489 1042 3560 αὐτὴν
1081 3487 1320 3542 διάνοιαν
1350 3486 1562 3554 γένεσις
1592 3485 1655 3537 ἐκ
1686 3483 1896 3556 Παρθέ-

305 3602 406 3640 νου
442 3583 859 3657 προφητεύεται,
892 3583 988 3636 καὶ
1021 3580 1162 3634 κατά
1201 3580 1263 3632 τὸ
1300 3578 1428 3631 αὑτό
1475 3593 1638 3648 φησιν
1679 3579 1708 3630 ὁ
1743 3577 1900 3646 λόγος

306 3672 413 3743 τὴν
456 3673 554 3743 μὲν
596 3672 761 3726 πάλαι
804 3669 1151 3743 καρποφόρον
1183 3668 1306 3739 γῆν,
1349 3667 1410 3721 τὸ
1443 3669 1571 3740 πρὶν
1605 3663 1766 3721 οὖσαν
1811 3685 1892 3737 χι-

308 3764 447 3818 λίων
492 3765 714 3829 σίκλων,
749 3765 828 3827 είς
865 3763 1059 3834 χέρσον
1105 3761 1322 3815 ἔσεσθαι
1379 3761 1474 3814 καὶ
1524 3762 1604 3824 είς
1634 3759 1896 3823 ἄκανθαν,

313 3859 500 3913 πᾶσάν
531 3875 592 3912 τε
626 3857 722 3930 τὴν
751 3858 852 3929 γῆν
890 3855 1089 3918 αὐτῶν,
1122 3855 1210 3909 διά
1245 3853 1308 3908 τδ
1341 3853 1595 3924 γενέσθαι
1627 3855 1707 3918 εἰς
1734 3853 1900 3907 ἀκαν-

312 3951 417 4005 θαν
442 3951 538 4006 κοιλ⁵
561 3950 640 4013 εἰς
661 3949 873 4021 χέρσον,
901 3945 1368 4020 παραδοθήσεσθαι
1395 3947 1507 4008 τοῖς
1541 3943 1678 4016 μετὰ
1713 3943 1900 4015 βέλους

313 4042 411 4096 καὶ
452 4039 781 4111 τοξεύματος
822 4037 1301 4110 είσελευσομένοις.
1343 4036 1661 4090 Τούναντίον
1691 4035 1749 4088 δὲ
1782 4035 1898 4088 πεί-

319 4133 510 4187 σεσθαι
541 4134 646 4186 πᾶν
682 4131 835 4205 ὅρος·
867 4131 976 4185 ἀπὸ
1006 4129 1135 4200 γοῦν
1163 4129 1263 4199 τῆς
1288 4128 1560 4200 προτέρας
1584 4127 1777 4199 χέρσου
1804 4126 1899 4180 καὶ

319 4221 560 4292 ἀκάνθης
604 4221 1021 4294 μεταϐαλεῖσθαι
1067 4222 1147 4284 είς
1189 4220 1441 4290 βόσκημα
1479 4218 1770 4290 προϐάτου,
1801 4217 1898 4272 καὶ

319 4314 692 4385 καταπάτημα
719 4312 856 4384 βοὸς,
893 4312 1033 4366 ὥστε
1060 4312 1192 4366 αὐτὸ
1219 4312 1620 4384 ἀροτριώμενον
1648 4312 1899 4383 ἀροτρια-

321 4404 602 4477 θήσεσθαι,
649 4405 742 4459 καὶ
790 4405 864 4477 μὴ
903 4403 1289 4458 ἐπελεύσεσθαι
1337 4406 1453 4457 ἐκεῖ
1496 4403 1677 4473 φόϐον.
1713 4404 1790 4456 Δι’
1821 4397 1898 4456 ὧν

1921 3169 1971 3230 ο

2006 551 2401 620 discipulorum
2445 551 2744 610 Salvatoris
2775 560 2947 612 nostri
2980 555 3111 612 Jesu
3148 554 3352 610 Christi
3377 557 3585 613 chorus

2008 642 2420 698 demonstratus
2461 651 2545 696 est
2575 661 2588 695 :
2622 644 2717 699 sed
2751 647 3209 715 quemadmodum
3242 646 3333 701 hic
3374 647 3468 716 qui
3499 663 3588 702 re-

2010 735 2172 789 lictus
2218 735 2310 800 sit,
2349 736 2476 790 talis
2527 735 2745 791 futurus
2795 753 2861 792 ex
2917 739 3204 810 prophetia
3251 739 3585 800 declaratur.

2008 823 2082 877 ita
2137 833 2428 895 postquam
2476 827 2732 880 universa
2781 824 3026 883 Iudaicae
3075 829 3253 900 gentis
3307 829 3479 898 regio,
3533 837 3587 884 et

2006 917 2162 970 vinea
2185 917 2452 987 ejusdem,
2482 919 2535 972 in
2575 925 2778 972 terram
2815 920 3075 973 incultam
3104 929 3158 975 et
3191 921 3401 991 spinam
3435 935 3588 974 com-

2008 1018 2220 1064 mutata
2254 1011 2436 1073 fuerit,
2469 1021 2523 1066 et
2548 1020 2835 1082 propterea
2861 1012 3111 1068 hostibus
3139 1013 3360 1076 tradita,
3388 1027 3585 1068 rursus

2006 1118 2069 1156 cx
2119 1103 2286 1157 altera
2334 1111 2487 1173 parte
2523 1103 2702 1158 omnis
2744 1119 2900 1159 mons
2953 1106 3044 1174 qui
3090 1113 3297 1165 aratur,
3346 1103 3585 1158 arandus

2005 1211 2128 1249 esse
2157 1197 2224 1249 ab
2253 1197 2440 1250 eadem
2470 1197 2752 1267 prophetia
2780 1196 3115 1266 praedicitur.
3145 1195 3309 1267 326
3333 1195 3585 1249 Arbitror

2006 1294 2187 1342 autem
2220 1286 2518 1343 Salvatoris
2551 1288 2725 1344 nostri
2767 1286 2896 1344 Jesu
2922 1287 3126 1343 Christi
3185 1285 3485 1342 Ecclesiam
3516 1303 3582 1342 eo

2009 1380 2172 1433 modo
2204 1380 2524 1450 signiﬁcari,
2551 1381 2618 1436 de
2657 1395 2764 1452 qua
2797 1381 2912 1450 ipse
2947 1381 3022 1433 ait
3057 1400 3068 1433 :
3110 1398 3130 1431 ι
3161 1379 3277 1434 Νοη
3307 1388 3486 1450 potest
3505 1381 3587 1434 cio

2006 1473 2145 1527 vitas
2168 1473 2428 1529 abscondi
2461 1489 2625 1544 supra
2653 1481 2890 1528 montem
2915 1473 3090 1542 posita
3114 1473 3193 1539 “;
3227 1492 3245 1525 ι
3271 1472 3416 1542 quod
3439 1473 3583 1528 enim

2007 1565 2061 1619 in
2089 1563 2331 1621 Ecclesia
2364 1566 2594 1635 publicis
2620 1565 2927 1621 actionibus
2951 1566 3150 1619 elatum
3179 1573 3233 1620 et
3272 1565 3504 1621 sublime
3527 1571 3583 1618 et

2007 1658 2074 1712 ad
2101 1673 2337 1729 superna
2365 1659 2595 1714 tendens
2629 1660 2719 1724 sit,
2756 1668 2990 1713 montem
3017 1659 3254 1713 arbitror
3287 1657 3373 1713 his
3405 1656 3585 1712 verbis

2007 1747 2268 1819 appellari
2301 1769 2312 1803 :
2343 1747 2488 1803 hunc
2525 1749 2688 1820 igitur
2711 1757 2970 1815 montem,
2997 1747 3089 1818 qui
3114 1755 3322 1811 aratur,
3365 1754 3581 1801 aratum

2005 1843 2071 1896 iri
2110 1842 2207 1905 ait,
2254 1842 2328 1896 ita
2363 1841 2580 1913 quidem
2626 1850 2684 1897 ut
2712 1841 2842 1896 illuc
2882 1851 3063 1895 terror
3101 1855 3426 1895 accessurus
3471 1854 3582 1894 non

2005 1936 2096 1996 sit,
2126 1935 2258 2005 quin
2289 1934 2471 2004 potius
2500 1950 2676 2004 usque
2707 1934 2844 1989 adeo
2882 1947 2912 1986 a
2946 1933 3129 2003 priore
3173 1929 3488 1993 solitudine,
3527 1941 3585 1986 et

2004 2032 2148 2077 terra
2179 2024 2385 2078 inculta
2409 2034 2459 2079 et
2485 2023 2642 2093 spina
2666 2022 3137 2086 commutandum,
3162 2028 3222 2075 ut
3247 2020 3478 2076 idoneus
3509 2019 3596 2076 l'u-

2003 2125 2160 2170 turus
2192 2115 2262 2170 sit
2297 2117 2389 2185 qui
2416 2114 2609 2169 evadat
2651 2114 2704 2168 in
2740 2128 2942 2184 pascua
2975 2115 3093 2169 ovis
3129 2120 3184 2168 et
3211 2113 3581 2168 conculcatio-

2004 2224 2128 2264 nem
2183 2208 2360 2263 bovis.
2409 2207 2475 2261 Et
2527 2223 2660 2262 sane
2708 2206 2922 2261 ratione
2974 2205 3230 2275 colligere
3284 2219 3579 2275 possumus

2004 2295 2460 2367 quemadmodum
2482 2295 2685 2351 Christi
2709 2294 2976 2359 Ecclesia,
3001 2308 3123 2364 quae
3139 2293 3270 2348 olim
3292 2302 3410 2347 erat
3436 2300 3581 2346 terra

2004 2389 2208 2442 inculta
2243 2397 2297 2443 et
2344 2388 2524 2457 spina,
2572 2387 2639 2442 ad
2696 2396 2900 2440 tantam
2947 2385 3428 2440 commutationem
3485 2399 3583 2454 per

2005 2478 2178 2548 ipsius
2233 2481 2461 2550 gratiam
2507 2481 2850 2550 pervenerit,
2909 2487 2966 2533 ut
3024 2477 3248 2532 herbam
3299 2477 3582 2531 rationalis

2005 2570 2304 2625 fertilitatis
2335 2578 2390 2625 et
2417 2569 2674 2640 pabulum
2705 2580 3071 2644 Opportunum
3092 2583 3266 2640 usque
3298 2568 3433 2624 adeo
3457 2583 3583 2639 pro-

2006 2662 2216 2726 tulerit,
2253 2671 2314 2717 ut
2349 2668 2403 2717 et
2436 2662 2630 2717 ovibus
2662 2661 2869 2718 similes
2892 2668 2946 2715 et
2987 2659 3349 2730 simpliciores
3379 2675 3441 2715 ea
3472 2659 3581 2715 frui

2003 2754 2237 2826 possint,
2283 2764 2338 2808 et
2366 2753 2463 2826 qui
2503 2754 2570 2808 ad
2603 2753 2850 2808 habitum
2901 2752 3281 2823 perfectiorem
3321 2767 3583 2823 pervene-

2004 2846 2134 2910 rint,
2173 2845 2268 2916 qui
2317 2846 2483 2902 boves
2518 2845 2878 2916 appellantur,
2922 2843 3168 2898 eamdem
3212 2857 3369 2898 arare
3401 2850 3455 2897 et
3490 2857 3582 2896 co-

2004 2938 2135 3004 lere,
2171 2954 2236 2994 eo
2285 2952 2418 2994 sane
2460 2937 2624 2992 modo
2673 2952 2782 3007 quo
2819 2937 3062 2991 divinum
3114 2935 3428 3005 Apostolum
3481 2936 3580 2991 do-

2004 3039 2217 3086 centem
2263 3029 2626 3093 ostendimus,
2669 3029 2761 3084 ubi
2799 3029 2914 3082 ait:
2950 3045 2970 3080 ι
3001 3027 3259 3098 Nunquid
3302 3028 3370 3083 de
3405 3028 3580 3084 bobus

2005 3136 2135 3177 cura
2153 3129 2238 3177 est
2260 3119 2405 3176 Deo?
2425 3119 2507 3174 An
2540 3127 2763 3191 propter
2799 3135 2896 3174 vos
2923 3120 3147 3174 omnino
3177 3119 3326 3183 dicit,
3358 3128 3581 3192 propter

2002 3229 2098 3270 vos
2130 3213 2276 3270 enim
2313 3212 2518 3283 scripta
2552 3218 2701 3274 sunt,
2737 3211 2994 3280 quoniam
3027 3211 3188 3266 debet
3218 3211 3311 3280 qui
3345 3219 3483 3273 arat,
3523 3211 3575 3264 in

2001 3322 2097 3376 spe
2141 3320 2318 3368 arare,
2353 3311 2407 3359 et
2451 3304 2543 3374 qui
2577 3303 2818 3365 triturat,
2862 3304 2916 3356 in
2959 3317 3056 3373 spe
3099 3302 3426 3370 participare
3443 3303 3507 3354 ".
3553 3321 3572 3354 ι

2005 3397 2080 3451 Ita
2129 3411 2250 3467 qua:
2279 3396 2409 3450 olim
2440 3396 2659 3450 deserta
2713 3393 3030 3463 incultaque
3075 3399 3194 3448 erat
3237 3401 3407 3456 terra,
3455 3402 3578 3463 post

1999 3491 2210 3548 Christi
2246 3491 2539 3545 adventum
2571 3495 2907 3543 commutata
2937 3497 3040 3550 est,
3070 3494 3129 3540 ut
3160 3501 3300 3557 quos
3327 3501 3393 3541 eo
3418 3487 3579 3541 modo

2001 3585 2169 3641 boves
2217 3583 2603 3643 intelleximus,
2638 3579 2706 3635 iis
2753 3578 3132 3634 convenientis
3163 3588 3408 3648 aptaeque
3433 3579 3579 3648 agri-

1999 3673 2290 3731 colationis
2347 3687 2511 3728 usum
2556 3670 2814 3726 idoneum
2861 3669 3119 3738 praebeat.
3172 3666 3403 3722 Attende
3449 3683 3578 3721 vero

1998 3781 2236 3838 quonam
2271 3764 2430 3820 modo
2463 3762 2568 3820 sub
2613 3776 2724 3816 uno
2758 3759 3060 3830 eodemque
3100 3773 3267 3814 sensu
3307 3769 3462 3813 ortus
3508 3759 3579 3813 de

2001 3860 2221 3932 Virgine
2259 3857 2477 3914 canitur
2511 3876 2524 3911 :
2561 3863 2615 3911 et
2649 3855 2872 3927 pariter,
2899 3854 3095 3924 inquit.
3127 3854 3432 3915 oraculum,
3456 3867 3576 3923 quae

1985 3951 2126 4006 .olim
2161 3949 2356 4005 fertilis
2377 3955 2522 4010 terra
2552 3955 2606 4003 et
2637 3962 2758 4017 quae
2789 3945 2943 4015 prius
2968 3945 3116 4000 mille
3143 3945 3402 4000 siclorum
3433 3952 3572 4005 erat,

2000 4042 2054 4097 in
2103 4051 2305 4096 terram
2361 4041 2620 4095 incultam
2668 4040 2793 4102 erit,
2826 4049 2879 4094 et
2925 4037 2980 4091 in
3014 4039 3251 4107 spinam,
3289 4036 3574 4106 omnisque

1998 4146 2186 4187 eorum
2217 4141 2385 4193 terra,
2427 4137 2716 4200 pr0pterea
2767 4127 2912 4198 quod
2946 4125 3126 4181 futura
3155 4132 3227 4181 sit
3272 4127 3327 4180 in
3359 4128 3572 4196 spinam

1997 4228 2051 4276 et
2080 4227 2278 4275 terram
2305 4219 2588 4282 incultam,
2626 4215 2873 4271 tradetur
2917 4215 2984 4270 iis
3015 4215 3106 4284 qui
3136 4230 3259 4268 cum
3292 4220 3486 4286 sagitta
3519 4223 3573 4269 et

1999 4324 2131 4364 arcu
2188 4308 2472 4364 accedent.
2523 4307 2873 4362 Contrarium
2923 4322 3052 4362 vero
3103 4307 3343 4376 patietur
3391 4308 3571 4361 omnis

1999 4417 2158 4456 mons
2189 4420 2202 4455 :
2238 4415 2362 4455 nam
2394 4415 2423 4454 a
2463 4400 2646 4471 priore
2686 4399 2892 4453 inculta
2923 4407 3067 4453 terra
3096 4411 3150 4453 et
3185 4399 3344 4467 spina
3393 4407 3570 4452 muta-

317 4494 511 4563 σαφῶς
537 4490 778 4565 ἠγοῦμαι
804 4491 1160 4564 σημαίνεσθαι
1186 4493 1286 4564 τὴν
1325 4490 1417 4544 τοῦ
1463 4491 1713 4561 Σωτῆρος
1739 4488 1897 4560 ἡμῶν

2001 4494 2149 4549 bitur
2179 4494 2235 4548 in
2281 4507 2484 4564 pascua
2517 4492 2634 4547 ovis
2660 4499 2715 4546 et
2747 4491 3215 4545 conculcationem
3246 4490 3433 4556 bovis;
3465 4489 3568 4543 ita—

314 4586 383 4641 ἐκ
410 4585 686 4658 Παρθένου
719 4585 954 4655 γένεσιν,
983 4586 1078 4639 καὶ
1111 4584 1179 4638 τὰ
1227 4583 1362 4655 μετὰ
1399 4582 1602 4652 ταύτην
1633 4579 1768 4652 ὁμοῦ
1801 4581 1897 4634 καὶ

315 4677 530 4750 ἀθρόως
562 4677 832 4741 Ἰουδαίοις
852 4693 911 4730 τε
933 4675 1029 4730 καὶ
1055 4679 1167 4740 τοῖς
1190 4675 1394 4738 λοιποῖς
1416 4673 1594 4727 ἔθνεσι
1619 4671 1896 4743 συμϐεϐη-

318 4769 488 4825 κόταο
515 4769 613 4841 τὴν
643 4768 773 4838 γοῦν
803 4767 1076 4840 ἑκατέρων
1113 4768 1223 4820 τῶν
1254 4767 1546 4837 ταγμάτων
1567 4765 1647 4827 είς
1675 4764 1896 4817 τούνανο

316 4863 430 4918 τίον
451 4862 768 4934 μεταϐολὴν,
784 4862 890 4915 τῶν
913 4861 1010 4932 μὲν
1031 4860 1132 4932 τὴν
1151 4859 1257 4914 ἀπὸ
1271 4859 1379 4912 τῶν
1392 4859 1716 4930 κρειττόνων
1730 4857 1822 4910 ἐπὶ
1836 4854 1898 4908 τὸ

318 4955 519 5025 χεῖρον,
542 4953 640 5022 τῆς
657 4951 714 5003 δὲ
735 4950 795 5016 ἐξ
817 4949 984 5004 ἐθνῶν
1019 4948 1344 5020 Ἐκκλησίας
1362 4947 1460 5019 τὴν
1482 4948 1589 5000 ἀπὸ
1609 4946 1710 5017 τῆς
1728 4945 1896 4998 πάλαι

322 5044 553 5117 ἐρημίας
589 5044 681 5097 ἐπὶ
716 5043 814 5115 τὴν
839 5042 981 5097 κατά
1007 5041 1138 5096 Θεὸν
1171 5039 1563 5113 καρποφορίαν,
1587 5039 1750 5109 ἅπερ,
1772 5037 1896 5091 καθ’

322 5139 417 5191 ἕνα
435 5137 530 5191 καὶ
555 5136 646 5189 τὸν
672 5135 834 5190 αὑτὸν
859 5133 1049 5209 καιρὸν
1072 5133 1174 5204 τῆς
1196 5133 1292 5187 τοῦ
1332 5131 1675 5204 Ἐμμανουὴλ
1698 5132 1898 5198 ἐπιφα-

324 5227 469 5291 νείας
488 5225 996 5299 ἐπιτελεσθήσεσθαι
1023 5223 1490 5296 προφητευθέντα,
1508 5224 1628 5284 ταῖς
1651 5220 1896 5292 προρρή-

326 5338 472 5376 σεσιν
499 5319 805 5383 ἀκολούθως
827 5319 928 5372 οὐκ
948 5317 1158 5381 ἄλλοσε,
1173 5317 1216 5389 -ἢ
1246 5316 1382 5389 μετά
1399 5317 1498 5387 τὴν
1521 5315 1615 5369 τοῦ
1643 5313 1896 5386 Σωτῆρος

325 5420 354 5486 η
363 5414 482 5486 μῶν
507 5411 804 5485 παρουσίαν
827 5409 980 5481 τέλος
1007 5408 1265 5482 εἰληφότα
1282 5408 1572 5472 δείκνυται,
1597 5407 1687 5460 διά
1699 5423 1760 5460 τε
1785 5407 1895 5461 τῶν

325 5504 582 5576 ἐμφανῶς
611 5502 916 5577 εἰρημένων
944 5502 1086 5555 κατὰ
1117 5499 1397 5565 Ἰουδαίους
1426 5500 1782 5574 πραγμάτων,
1802 5501 1894 5553 καὶ

323 5596 411 5650 διὰ
425 5599 523 5669 τῆς
537 5599 595 5664 ἐξ
610 5597 778 5650 ἐθνῶν
801 5596 1144 5660 Ἐκκλησίας.
1161 5597 1237 5657 El.
1250 5595 1345 5670 μὲν
1354 5593 1469 5666 γᾴρ,
1480 5594 1617 5654 κατὰ
1634 5591 1727 5668 sip
1751 5611 1894 5666 .mp-
1934 5672 1950 5686 .

424 5785 469 5821 δ’
503 5780 688 5837 Matth.
721 5798 774 5847 ν,
803 5780 888 5835 Η.
960 5781 1004 5812 ⁵⁸
1029 5779 1048 5834 Ι
1071 5780 1180 5835 Cor
1236 5796 1308 5844 ιχ,
1340 5779 1393 5843 9,
1425 5778 1507 5835 10.

1997 4602 2104 4658 que
2132 4586 2249 4656 ipse
2272 4585 2365 4655 qui
2400 4591 2589 4638 aratur
2615 4582 2879 4646 arabitur,
2915 4597 3092 4652 neque
3116 4582 3243 4636 illuc
3265 4589 3440 4636 terror
3471 4580 3568 4634 ad-

1997 4677 2197 4732 veniet.
2220 4675 2429 4742 Quibus
2453 4675 2633 4733 verbis
2659 4674 2820 4745 plane
2846 4673 3082 4727 arbitror
3112 4671 3418 4743 signiﬁcare
3447 4671 3569 4725 Sal-

1997 4770 2205 4825 vatoris
2238 4769 2412 4824 nostri
2439 4775 2621 4821 ortum
2655 4766 2725 4822 de
2747 4764 2989 4835 Virgine,
3020 4773 3073 4820 et
3097 4779 3217 4834 quae
3250 4771 3373 4833 post
3415 4764 3567 4817 illum

1999 4863 2162 4919 simul
2190 4870 2352 4932 atque
2382 4861 2698 4924 acervatim,
2727 4867 2780 4914 et
2801 4858 3002 4912 .Iudaeis
3030 4867 3084 4912 et
3121 4857 3346 4927 reliquis
3393 4858 3567 4928 genti-

1998 4955 2100 5011 bus
2158 4961 2419 5010 eventura
2480 4959 2637 5007 erant
2685 4969 2698 5005 :
2749 4950 3018 5020 siquidem
3081 4951 3368 5021 utriusque
3417 4950 3568 5006 ordi-

1997 5049 2083 5102 nis
2126 5048 2476 5101 mutationem
2527 5044 2581 5098 in
2627 5044 2958 5098 contrarium
3018 5042 3300 5113 prophetia
3343 5043 3566 5098 demono

1997 5146 2157 5203 strat,
2202 5135 2446 5192 Judaicae
2479 5136 2698 5206 quidem
2745 5134 2920 5205 gentis
2955 5147 2984 5187 a
3014 5134 3238 5190 meliore
3282 5136 3336 5190 in
3375 5136 3564 5205 pejus,

1997 5232 2236 5287 collectae
2283 5236 2464 5284 autem
2525 5227 2593 5283 de
2643 5227 2896 5298 gentibus
2952 5226 3246 5289 Ecclesiae,
3301 5240 3332 5308 a
3385 5227 3570 5297 priore

1971 5325 2283 5387 ,sterilitate
2338 5337 2403 5377 ac
2462 5321 2796 5384 solitudine,
2859 5321 2912 5374 in
2974 5319 3308 5375 fertilitatem
3361 5335 3564 5374 secun—

1969 5417 2124 5479 dum
2182 5414 2382 5481 Deum;
2424 5427 2545 5482 quae
2595 5409 2813 5482 quidem
2847 5410 2976 5466 dum
3032 5410 3135 5464 sub
3181 5425 3348 5463 unum
3401 5407 3562 5480 327

1994 5515 2049 5564 et
2109 5507 2251 5563 idem
2291 5513 2505 5575 tempus
2548 5519 2656 5574 quo
2707 5501 3024 5558 Emmanuel
3077 5501 3328 5556 adveniet
3379 5502 3559 5554 absol-

1994 5603 2170 5661 venda
2219 5609 2512 5665 canuntur,
2549 5595 2755 5665 oraculi
2807 5597 3086 5651 veritatem
3137 5602 3364 5651 eventus
3410 5608 3559 5649 com-
