4100 6430
566 307 672 362 815

1238 303 1504 360 EUSEBII
1538 302 2014 361 CESARIENSIS
2053 303 2203 360 OPP.
2246 303 2505 360 PARS".
2541 331 2608 342 —
2639 303 3134 360 APOLOGETICA.

3707 303 3832 359 516

563 419 830 491 probavit.
868 417 985 472 Non
1011 418 1156 472 enim
1187 419 1324 474 alias
1351 434 1514 489 quam
1544 428 1669 490 post
1698 419 2001 474 Salvatoris
2031 435 2113 472 no-

2237 420 2424 472 ουσίαν
2468 418 2563 472 τοῦ
2593 419 2838 491 ἃυτῆρος
2857 419 3034 491 ἡμῶν,
3062 418 3225 472 αύτοῦ
3255 420 3319 491 δὴ
3354 421 3525 488 Ἰησοῦ
3552 421 3651 475 τοῦ
3683 422 3844 492 Χριο

554 515 662 568 'stri
695 511 1009 574 adventum,
1043 509 1203 565 ﬁnem
1231 513 1510 581 accepisse
1538 513 2003 579 demonstrantur,
2023 521 2138 564 tum

562 620 626 656 ex
662 603 731 656 iis
760 600 923 656 rebus
951 617 1073 668 quae
1098 602 1259 672 plane
1297 603 1363 658 de
1395 603 1598 658 Judaais
1653 605 1813 658 dicta
1841 612 1991 667 sunt,
2023 611 2138 657 tum

562 711 630 750 ex
661 696 775 763 ipsa
810 708 930 762 qua:
961 692 1029 747 de
1059 695 1308 764 gentibus
1336 696 1562 750 collecta
1597 708 1681 752 est
1718 696 1978 752 Ecclesia.
2004 696 2136 750 Nam

488 791 511 854 ﬁ
564 786 609 836 si
635 792 755 854 post
775 784 1066 839 adventum
1096 783 1399 842 Salvatoris
1436 788 1636 852 nostri,
1664 788 1859 856 ipsius,
1891 789 2136 858 inquam,

488 861 494 936 ξ
562 874 692 928 Jesu
715 862 939 936 Christi,
972 889 1199 943 regnum
1251 891 1313 929 ac
1349 877 1688 946 principatus
1735 879 1876 947 apud
1923 877 2138 934 Iudaeos

563 975 618 1018 et
645 965 787 1036 apud
812 964 1178 1022 Damascenos
1200 983 1321 1022 esse
1344 983 1452 1021 non
1485 969 1771 1035 desiisset;
1797 977 1850 1024 et
1874 971 1983 1026 nisi
2014 980 2139 1026 ante

565 1057 1012 1119 oculosuostros,
1044 1059 1204 1113 nobis
1252 1060 1385 1130 ipsis
1436 1061 1634 1116 intueri
1670 1063 1855 1117 liceret
1894 1064 2138 1118 relictam

567 1147 636 1200 ab
655 1148 1004 1213 illisterram,
1038 1161 1091 1204 et
1119 1151 1188 1205 ab
1221 1154 1460 1208 externis
1491 1169 1555 1207 ac
1578 1155 1997 1212 simulacrorum
2023 1158 2139 1212 cul-

568 1239 797 1294 tricibns
827 1243 1144 1299 nationibus
1175 1243 1512 1313 habitatam;
1555 1257 1835 1316 praeterea,
1873 1249 1918 1304 si
1945 1265 2052 1304 non
2085 1251 2138 1304 in

567 1339 766 1385 terram
803 1333 1062 1388 incultam
1084 1343 1139 1389 et
1169 1337 1403 1404 spinam,
1437 1352 1599 1393 omne
1619 1341 1987 1410 quodcunque
2009 1342 2140 1396 olim

569 1426 1096 1481 venerabilissimum
1133 1429 1274 1481 sacri
1304 1430 1443 1498 apud
1488 1431 1611 1486 illos
1651 1435 1946 1487 sanctuarii
1973 1434 2139 1489 decus

571 1515 895 1579 habebatur,
930 1525 1322 1572 commutatum
1359 1529 1525 1583 esset,
1566 1530 1620 1576 et
1661 1523 1766 1578 nisi
1796 1524 2034 1578 cultores
2064 1525 2141 1578 si-

570 1609 933 1662 mulacrorum
970 1650 984 1673 ,
1040 1609 1393 1679 itupurissimi
1467 1613 1716 1670 homines
1751 1658 1766 1682 ,
1815 1617 2139 1687 illorunique

569 1700 754 1755 hostes
785 1715 906 1753 eum
941 1702 1138 1771 sagitta
1191 1710 1245 1756 et
1301 1718 1430 1757 arcu
1468 1705 1807 1773 invadentes,
1841 1717 1895 1763 et
1927 1710 1994 1763 ab
2021 1711 2138 1779 ipso

571 1791 796 1847 Domino
849 1793 1063 1862 impulsi
1090 1795 1159 1848 ab
1185 1795 1424 1851 externis
1469 1799 1782 1868 regionibus
1839 1801 2134 1868 venissent,
2172 1769 2211 1825 Β

567 1893 619 1936 et
654 1884 707 1936 in
739 1883 980 1954 ipsorum
1014 1888 1174 1940 terris
1207 1888 1562 1956 quievissent,
1607 1906 1934 1961 omnemque
1957 1894 2134 1947 locum

567 1989 892 2044 omnemque
918 1976 1190 2032 civitatem
1235 1979 1477 2048 ipsorum
1511 1993 1870 2050 occupassent
1897 2002 1910 2038 ε
1935 1993 1988 2039 et
2015 2001 2138 2039 rur-

568 2083 685 2131 sus,
721 2067 824 2121 nisi
860 2077 1055 2122 aterra
1114 2069 1319 2124 inculta
1365 2079 1417 2126 et
1461 2073 1640 2143 spina,
1696 2082 1749 2127 et
1804 2076 1872 2129 ab
1925 2092 1986 2130 ea
2017 2093 2136 2146 quae

569 2157 722 2227 prius
752 2165 869 2210 erat
893 2157 1106 2212 colendi
1133 2159 1482 2229 negligentia,
1522 2175 1619 2230 per
1641 2158 1941 2217 Salvatoris
1964 2165 2134 2218 nostri

566 2247 870 2303 doctrinam
891 2256 1233 2304 commutata:
1265 2266 1454 2305 omnes
1479 2291 1493 2314 ,
1519 2267 1856 2323 quaecunque
1882 2255 1935 2308 in
1960 2254 2134 2324 ipsum

568 2339 937 2402 crediderunt,
971 2348 1181 2410 gentes,
1208 2341 1516 2410 religiosam
1564 2349 1616 2396 et
1643 2344 1942 2398 secundum
1967 2344 2136 2401 Deum

567 2430 887 2484 rationalem
923 2429 1254 2485 fertilitatem
1301 2432 1620 2503 cultumque
1670 2436 2134 2505 accepissent;ad

566 2519 704 2585 haec,
728 2519 834 2574 nisi
863 2520 1038 2575 oculis
1068 2519 1346 2575 Christum
1384 2523 1722 2590 intuiti,no'n
1749 2525 2133 2590 credidissent,

567 2620 622 2668 et
651 2614 755 2669 nisi
788 2611 1072 2667 docentem
1096 2613 1468 2681 audivissent,’
1498 2617 1855 2686 auditumque
1897 2618 2135 2688 respuis.

567 2705 902 2772 sent,etnisi
937 2706 1140 2774 reliqua
1174 2722 1294 2775 quce
1340 2707 1390 2759 iu
1418 2707 1605 2762 eadem
1659 2708 1940 2778 prophetia
1961 2711 2136 2764 centi-

569 2807 786 2860 nentur,
821 2804 939 2866 post
975 2807 1214 2866 tempora
1248 2796 1374 2852 Jesu
1398 2796 1695 2862 Salvatoris
1725 2801 1900 2855 nostri
1929 2801 2133 2855 exitum

569 2889 761 2942 sortita
790 2903 910 2942 esse
944 2888 1385 2954 ostenderentur,
1421 2904 1553 2944 sane
1584 2905 1689 2944 non
1712 2890 1831 2960 ipse
1861 2899 2007 2945 esset
2041 2892 2138 2944 ha-

568 2978 810 3040 bendus.
853 2994 1012 3049 quem
1045 2979 1321 3048 prophetae
1369 2980 1694 3050 intelligunt.
1735 2979 1838 3036 Sed
1868 2982 1912 3036 si
1938 2983 2133 3048 cuivis.

570 3074 652 3127 vel
681 3088 844 3135 caeco,
893 3081 951 3125 ut
996 3072 1171 3134 aiunt,
1213 3074 1501 3142 perspicua
1558 3075 1902 3128 oraculorum
1944 3085 2134 3130 eventa

569 3163 864 3224 exsistunt,
897 3177 1017 3231 qua:
1067 3162 1282 3230 quidem
1314 3178 1421 3215 non
1466 3163 1601 3218 alias
1649 3179 1810 3234 quam
1856 3172 1978 3235 post
2001 3173 2139 3220 tem—

570 3269 702 3322 pora
732 3255 997 3309 adventus
1057 3256 1204 3310 illius
1239 3256 1506 3326 completa
1562 3266 1709 3319 sunt.
1747 3259 1874 3327 quid
1907 3261 2138 3329 amplius

568 3362 706 3418 Opus
730 3359 813 3402 est
837 3349 903 3404 de
947 3349 1092 3404 illius
1127 3357 1252 3402 ortu
1281 3364 1346 3402 ex
1376 3347 1599 3418 Virgine
1627 3349 1898 3414 dubitare,
1927 3366 1990 3405 ac
2031 3367 2136 3406 non

570 3441 750 3510 potius
799 3441 1034 3510 benigna
1083 3441 1318 3511 quadam
1349 3441 1768 3496 ratiocinatione
1809 3444 1975 3499 exiis
2019 3460 2138 3515 quae

570 3529 748 3584 adhuc
776 3540 1099 3594 cernuntur,
1144 3547 1325 3587 rerum
1371 3547 1586 3600 quoque
1617 3532 2045 3601 ipsaruminitio
2075 3535 2138 3588 ii-

567 3622 690 3676 dem
729 3620 942 3676 facere?
967 3620 1090 3675 llzec
1117 3637 1246 3676 vero
1277 3623 1391 3691 ipsa
1447 3638 1568 3691 quae
1604 3623 1782 3677 adhuc
1812 3634 2134 3690 cernuntur,

571 3727 690 3781 quae
717 3712 933 3765 tandem
960 3723 1117 3773 sunt,
1152 3713 1256 3766 nisi
1285 3711 1595 3765 Judmorum
1627 3714 1680 3766 in
1712 3713 1859 3766 illum
1879 3713 2138 3769 heredu-

570 3805 696 3857 litas
730 3802 871 3872 (quae
901 3803 1219 3872 planissime
1270 3803 1570 3856 secundum
1623 3805 1800 3870 ipsum
1855 3806 2137 3860 oraculum

569 3896 897 3966 completur,
932 3895 1076 3964 quod
1130 3894 1241 3948 ait:
1281 3914 1298 3945 ι
1329 3895 1527 3948 Auditu
1574 3896 1804 3951 audietis
1831 3905 1886 3951 et
1914 3914 2021 3951 non
2051 3900 2136 3953 in-

571 3987 847 4058 telligetis,
872 3995 924 4042 et
953 3987 1226 4042 intuentes
1245 3987 1610 4049 iutuebimini,
1635 3999 1687 4043 et
1720 4006 1832 4044 non
1850 3991 2133 4047 videbitis:

513 4121 520 4128 .
569 4094 819 4135 crassum
875 4079 1019 4133 enim
1071 4079 1270 4133 factum
1322 4088 1405 4132 est
1434 4095 1528 4133 cor
1580 4081 1762 4150 populi
1799 4081 1960 4152 hujus
1982 4084 2049 4151 ι),
2084 4091 2138 4138 et

572 4174 744 4243 ipsius
795 4171 1093 4227 Jerusalem
1125 4170 1360 4234 obsidio,
1392 4177 1446 4224 et
1473 4171 1641 4240 prisci
1663 4171 1810 4227 illius
1839 4174 2135 4228 sanctuarii

569 4273 810 4320 extrema
847 4265 1106 4329 solitudo,
1138 4272 1192 4318 et
1214 4269 1557 4319 externarum
1583 4265 1845 4332 gentium,
1882 4281 2002 4334 qua:
2034 4266 2134 4320 sti-

572 4357 758 4419 mulis,
793 4355 897 4409 hoc
947 4364 1032 4410 est
1061 4357 1432 4426 asperioribus
1460 4355 1722 4425 imperiis,
1762 4356 1910 4426 ipsos
1936 4357 1988 4409 in
2021 4372 2136 4411 ser-

572 4448 797 4503 vitutem
832 4448 1100 4517 redigunt,
1133 4447 1186 4500 in
1213 4448 1455 4517 ipsorum
1487 4456 1630 4499 terra
1668 4447 1948 4511 habitatio,
1971 4447 2134 4518 328
2166 4483 2210 4538 Β
2236 4486 2409 4541 ταῦτα

573 4539 699 4609 (hoc
754 4539 897 4593 enim
953 4537 1332 4607 signiﬁcabant
1379 4554 1687 4593 muscarum
1754 4547 1913 4609 atque
1973 4554 2134 4608 apum

570 4629 859 4699 exempla),
888 4635 940 4682 et
964 4628 1197 4697 denique
1229 4628 1469 4698 ipsarum
1503 4631 1744 4699 gentium
1766 4645 1796 4682 a
1830 4629 2011 4698 priore
2047 4646 2135 4686 so-

573 4720 799 4774 litudine
828 4719 895 4773 ad
925 4719 1194 4773 culturam
1219 4720 1517 4774 secundum
1549 4720 1715 4775 Deum
1749 4723 2138 4777 commutatio?

573 4809 698 4866 Haec
750 4811 913 4880 igitur
939 4824 1059 4880 quae
1100 4811 1275 4865 oculis
1305 4820 1623 4873 cernuntur.
1657 4811 1779 4881 quis
1809 4828 1917 4866 non
1959 4813 2135 4866 adrui-

573 4909 722 4957 retur
741 4915 901 4974 atque
917 4899 1287 4968 Obstupescat?
1314 4901 1447 4968 Quis
1498 4917 1659 4973 porro
1687 4919 1795 4957 non
1844 4918 1967 4958 vere
1999 4905 2137 4959 divi~

572 5008 701 5048 num
754 4993 984 5046 fateatur
1016 4991 1374 5044 vaticinium?
1429 5008 1552 5046 cum
1584 4993 1766 5047 audiat
1819 5003 1943 5048 ante
1992 5002 2137 5049 totos

574 5084 717 5138 inille
750 5098 924 5137 annos
977 5082 1121 5152 apud
1169 5084 1405 5153 majores
1455 5085 1567 5138 haec
1591 5085 1646 5138 in
1695 5085 1848 5140 lihris
1896 5086 2136 5157 ipsorum

572 5174 840 5229 contineri
877 5183 930 5230 et
958 5175 1185 5241 versari,
1217 5191 1336 5245 qua:
1357 5185 1535 5231 tamen
1559 5192 1667 5231 non
1707 5177 1840 5231 alias
1876 5178 1940 5231 ad
1977 5178 2136 5232 tinem

573 5267 936 5335 pervenerint,
969 5283 1131 5337 quam
1155 5276 1276 5338 post
1299 5266 1598 5322 Salvatoris
1621 5269 1791 5322 nostri
1811 5269 2138 5325 adventum?

574 5358 726 5424 Quod
757 5361 804 5414 si
838 5360 1174 5416 admirabilis
1217 5370 1301 5416 est
1349 5361 1650 5432 praedictio,
1676 5362 1914 5432 itemque
1965 5364 2137 5417 admi-

574 5451 799 5504 rabilior
860 5459 914 5505 et
969 5467 1132 5522 supra
1185 5468 1400 5508 omnem
1451 5454 1715 5508 rationem
1739 5456 1911 5525 ipsius
1943 5453 2138 5523 praedi-

573 5541 774 5595 ctionis
808 5551 1054 5606 eventus,
1084 5542 1218 5612 quid
1274 5544 1508 5615 amplius
1557 5543 1807 5599 dubitare
1852 5560 1989 5614 opus
2029 5553 2133 5609 est,

575 5639 753 5684 utrum
799 5631 1006 5702 primus
1064 5634 1183 5703 ejus
1235 5635 1301 5689 de
1362 5649 1472 5704 quo
1515 5635 1792 5705 propheta:
1839 5635 2137 5705 loquuntur

574 5736 850 5790 accessus,
904 5724 1279 5780 admirabilem
1331 5735 1383 5781 et
1425 5742 1590 5797 supra
1646 5743 1862 5784 omnem
1894 5728 2132 5783 hominis

2243 509 2390 574 στοῦ,
2423 512 2496 582 μὴ
2519 511 2788 565 πέπαυται
2819 511 3210 583 βασιλευομένη
3243 514 3277 583 ἡ
3307 511 3416 566 τῶν
3439 513 3843 585 Δαμασκηνῶν

2240 603 2380 674 ἀρχὴ
2401 605 2495 656 καὶ
2516 603 2622 656 τῶν
2638 604 2920 669 Ἰουδαίων,
2942 607 3034 658 καὶ
3050 608 3097 659 εί
3116 606 3190 677 μὴ
3215 608 3273 659 ἐν
3286 607 3470 677 ὄψεσιν
3488 611 3613 679 ἡμῖν
3629 607 3848 670 αὐτοῖς

2239 695 2334 748 νῦν
2382 695 2666 767 θεωρεῖται
2698 698 3165 768 καταλελειμμένη
3194 700 3284 752 ὑπ’
3327 699 3505 753 αὐτῶν
3531 703 3563 772 ἡ
3602 701 3711 772 γῆ,
3740 702 3848 753 καὶ

2240 788 2328 840 ὑπ’
2349 787 2517 841 ἐθνῶν
2536 788 2843 859 ἀλλοφύλων
2866 792 2959 844 καὶ
2978 791 3376 865 είδωλολατρῶν
3395 783 3646 847 κατοικόυ
3657 793 3842 865 μένη’

2241 879 2334 930 καὶ
2358 879 2492 950 πρὸς
2520 879 2732 943 τούτοις
2759 883 2806 934 εί
2843 875 2918 953 μὴ
2941 882 3160 952 γέγονεν
3197 886 3276 947 είς
3305 885 3495 956 χέρσον
3525 887 3616 941 καὶ
3653 888 3846 942 ἅκαν-

2241 968 2338 1023 θαν
2370 971 2516 1023 πᾶσα
2558 973 2591 1042 ἡ
2645 972 2811 1026 πάλαι
2845 976 3166 1047 σεμνοτάτη,
3207 977 3369 1030 αὑτοῦ
3412 978 3477 1049 δὴ
3514 979 3608 1032 τοῦ
3670 979 3844 1049 ιεροῦ

2240 1059 2417 1114 αὐτῶν
2437 1062 2771 1133 ἀγιάσματος
2793 1064 2930 1136 ὥρα,
2954 1067 3046 1118 καὶ
3074 1068 3121 1118 εἰ
3153 1068 3225 1138 μὴ
3252 1068 3651 1141 εἰδωλολάτραι,
3683 1070 3845 1124 ἀκά-

2241 1166 2427 1237 θαρτοι
2459 1168 2667 1240 ἄνδρες,
2698 1171 2828 1224 οἵτε
2863 1172 3110 1242 πολέμιοι
3137 1174 3314 1228 αὐτῶν
3343 1176 3484 1230 κατά
3509 1176 3704 1246 βέλους
3735 1179 3841 1230 καὶ

2237 1259 2569 1330 τοξεύματος
2594 1261 2929 1329 ἐπελθόντες,
2951 1266 3042 1317 ὑπ’
3071 1267 3234 1319 αὐτοῦ
3255 1285 3316 1337 γε
3339 1268 3430 1322 τοῦ
3455 1270 3657 1342 Κυρίου
3687 1287 3842 1341 παρ-

2239 1351 2569 1422 ορμηθέντες
2604 1355 2668 1406 ἐκ
2720 1356 2818 1426 τῆς
2863 1355 3165 1431 ἀλλοδαπῆς
3205 1359 3544 1431 ἐληλύθασιν,
3576 1364 3807 1417 ἀνεπαύ

2242 1443 2403 1496 σαντὸ
2419 1462 2473 1497 τε
2501 1447 2556 1497 ἐν
2571 1448 2690 1508 ταῖς
2712 1446 2915 1518 χώραις
2935 1449 3111 1504 αὐτῶν
3139 1451 3314 1504 πάντα
3328 1453 3488 1507 τόπον
3509 1456 3602 1508 καὶ
3633 1457 3838 1519 πάσας

2237 1535 2335 1598 τὰς
2382 1536 2561 1600 πόλεις
2600 1537 2776 1592 αὐτῶν
2827 1538 3314 1613 ίδιοποιησάμενοι·
3343 1545 3437 1597 καὶ
3471 1544 3739 1616 ἔμπαλιν,
3780 1549 3836 1600 εί

2243 1625 2316 1697 μὴ
2338 1628 2444 1681 ἀπὸ
2475 1629 2670 1700 χέρσου
2698 1631 2790 1683 καὶ
2821 1631 3060 1705 ἀκάνθης
3089 1634 3188 1704 τῆς
3217 1637 3345 1706 πρὶν
3383 1636 3699 1709 ἀγεωργίας
3737 1639 3836 1692 διὰ

2240 1720 2338 1790 τῆς
2392 1721 2486 1773 τοῦ
2532 1723 2784 1795 Σωτῆρος
2834 1725 2990 1796 ήμῶν
3039 1726 3382 1792 διδασκαλίας
3440 1731 3832 1800 μεταϐαλόντα

2243 1813 2416 1866 πάντα
2451 1813 2516 1867 τὰ
2557 1818 2638 1878 είς
2681 1817 2841 1870 αὐτὸν
2884 1821 3285 1875 πεπιστευκότα
3331 1822 3457 1894 ἔθνη
3487 1823 3584 1895 τὴν
3611 1825 3830 1897 εὐσεϐῆ

2242 1907 2334 1959 καὶ
2371 1906 2512 1960 κατά
2552 1906 2683 1961 Θεὸν
2727 1908 2946 1980 λογικὴν
2980 1911 3245 1982 ἀπείληφε
3285 1915 3695 1986 καρποφορίαν·
3728 1917 3831 1971 καὶ

2242 1997 2332 2051 ἐπὶ
2355 1997 2583 2064 τούτοις,
2615 2003 2664 2052 εί
2699 1999 2772 2072 μὴ
2803 2000 3096 2073 ὀφθαλμοῖς
3123 2004 3213 2056 τὸν
3239 2005 3471 2077 Χριστὸν
3496 2007 3698 2073 ἰδόντες
3718 2008 3829 2062 οὐκ

2242 2091 2589 2156 ἐπίστευσαν,
2613 2093 2706 2146 καὶ
2737 2093 3076 2159 διδάσκοντος
3108 2097 3437 2163 ἀκούσαντες
3461 2102 3509 2152 εί
3558 2100 3633 2172 μὴ
3673 2119 3829 2173 παρ-

2242 2186 2498 2255 ήκουσαν,
2541 2185 2634 2238 καὶ
2678 2188 2724 2238 εί
2768 2185 2841 2258 μὴ
2877 2186 2946 2240 τὰ
2975 2187 3138 2243 λοιπά
3171 2190 3269 2261 τῆς
3295 2193 3626 2264 προφητείας
3652 2195 3827 2267 ἐναρ-

2240 2271 2475 2340 γέστατα
2501 2273 2686 2338 τέλους
2716 2275 2944 2344 τυχόντα
2981 2277 3087 2330 ἀπὸ
3116 2279 3222 2333 τῶν
3251 2281 3454 2351 χρόνων
3499 2283 3674 2354 Ἰησοῦ
3720 2285 3822 2338 τοῦ

2242 2361 2491 2432 Σωτῆρος
2512 2365 2544 2433 ὴ
2555 2363 2668 2432 μῶν
2693 2363 2986 2432 δείκνυται,
3015 2369 3115 2422 οὐκ
3142 2369 3208 2424 ἂν
3236 2371 3324 2441 είη
3356 2373 3515 2437 αὐτὸς
3545 2376 3573 2428 ὁ
3598 2391 3821 2447 προφηο

2239 2453 2541 2523 τευόμενος.
2587 2455 2650 2507 Et
2689 2455 2744 2509 δὲ
2783 2460 2875 2512 καὶ
2911 2461 3116 2532 τυφλῷ,
3149 2461 3224 2527 ῶς
3259 2481 3411 2533 φασι,
3437 2466 3577 2538 δῆλα,
3596 2467 3668 2521 τὰ
3703 2467 3821 2520 τῶν

2240 2553 2411 2622 λόγων
2451 2558 2878 2630 ἀποτελέσματα,
2910 2564 3009 2616 οὐκ
3036 2565 3220 2619 ἄλλοτε
3250 2567 3282 2637 ἢ
3321 2568 3428 2622 ἀπὸ
3460 2569 3568 2624 τῶν
3603 2571 3819 2644 χρόνων

2240 2646 2338 2716 τῆς
2379 2648 2699 2717 ἐπιφανείας
2738 2653 2902 2706 αὐτοῦ
2937 2657 3359 2729 πεπληρωμένα,
3388 2662 3440 2713 τί
3471 2663 3577 2734 χρὴ
3623 2663 3818 2720 λοιπὸν

2241 2738 2334 2790 καὶ
2357 2739 2483 2810 περὶ
2507 2739 2606 2810 τῆς
2627 2742 2688 2793 ἐκ
2715 2744 2983 2814 Παρθένου
3007 2747 3271 2816 γενέσεως
3301 2750 3465 2804 αὑτοῦ
3494 2750 3818 2822 ἀμφιϐόλως

2243 2825 2404 2898 ἔχειν,
2429 2829 2548 2902 οὐχὶ
2574 2831 2630 2884 δὲ
2655 2834 2954 2906 εὐγνώμονι
2981 2836 3222 2910 λογισμῷ
3247 2841 3354 2894 ἀπὸ
3384 2842 3491 2895 τῶν
3524 2844 3693 2898 εἰσέτι
3717 2845 3816 2898 νῦν

2241 2920 2530 2991 ὁρωμένων
2551 2925 2644 2976 καὶ
2664 2925 2762 2996 τὴν
2795 2928 3070 2998 καταρχὴν
3093 2929 3200 2982 τῶν
3231 2935 3565 3004 πραγμάτων
3595 2936 3820 2990 πιστοῦ-

2244 3009 2401 3076 σθαι;
2452 3012 2703 3086 ὁρώμενα
2750 3017 2806 3070 δὲ
2839 3019 3004 3073 εἰσέτι
3048 3021 3143 3074 νῦν
3184 3023 3304 3077 τίνα
3346 3024 3412 3077 ἂν
3437 3026 3519 3098 εἴη
3551 3027 3666 3081 ἀλλ’
3704 3027 3740 3099 ἢ
3779 3031 3817 3099 ἡ

2165 3128 2206 3185 c
2255 3101 2516 3192 Ἰουδαίων
2546 3108 2625 3170 είς
2649 3108 2808 3162 αὐτὸν
2836 3110 3081 3176 ἀπιστία,
3107 3115 3372 3185 (ἐναργῶς
3394 3118 3534 3171 κατὰ
3563 3120 3653 3172 τὸν
3679 3139 3818 3192 χρη-

2242 3191 2376 3262 σμὸν
2389 3191 2736 3266 πληρουμένη
2756 3198 2846 3250 τὸν
2867 3201 3161 3268 φάσκονταο
3185 3223 3203 3253 ι
3228 3205 3385 3276 Ἀκοῆ
3411 3191 3819 3273 ἀκούσετε,καὶ

2237 3284 2298 3336 οὐ
2349 3283 2423 3356 μὴ
2475 3286 2687 3356 συνῆτε,
2721 3290 2814 3342 καὶ
2865 3290 3151 3360 βλέποντες
3203 3295 3446 3365 βλέψετε,
3493 3300 3586 3353 καὶ
3636 3301 3698 3354 οὐ
3735 3304 3818 3373 μὴ

2240 3377 2413 3447 ἴδητε⁹
2449 3380 2725 3451 ἐπαχύνθη
2773 3384 2939 3455 γὰρὴ
2977 3387 3169 3458 καρδία
3209 3389 3302 3442 τοῦ
3331 3389 3460 3444 λαοῦ
3503 3392 3758 3447 τούτουοι
3793 3396 3814 3466 )

2238 3469 2330 3521 καὶ
2355 3471 2386 3539 ἡ
2426 3470 2707 3542 πολιορκία
2737 3474 2836 3544 τῆς
2872 3475 3239 3550 Ἰερουσαλὴμ,
3267 3483 3359 3534 καὶ⁸
3393 3482 3487 3536 τοῦ
3522 3484 3687 3538 πάλαι
3711 3488 3813 3539 αὑο

2235 3562 2344 3614 τῶν
2373 3562 2706 3634 ἀγιάσματος
2735 3567 2767 3636 ἡ
2804 3567 3067 3639 παντελὴς
3094 3572 3388 3643 ἐρήμωσις,
3421 3574 3528 3627 τῶν
3561 3593 3618 3629 τε
3649 3577 3812 3630 ἀλλο-

2238 3653 2416 3722 φύλων
2455 3655 2620 3709 ἐθνῶν
2645 3659 2736 3710 ἐπὶ
2765 3659 2862 3729 τῆς
2894 3659 3075 3732 χώρας
3100 3663 3276 3717 αὐτῶν
3309 3667 3646 3739 κατοίκησις,
3673 3673 3812 3742 μετά

2237 3745 2474 3816 κέντρων
2505 3747 2720 3812 αὐτοὺς,
2743 3748 2886 3801 τοῦτ’
2921 3751 3034 3804 ἔστι
3059 3755 3198 3823 μετά
3227 3756 3474 3829 σκληρῶν
3500 3760 3812 3833 ἐπιταγμὰ-

2235 3853 2364 3898 των,
2391 3831 2896 3909 καταδουλουμένων
2912 3880 2927 3904 ,
2959 3841 3136 3912 (τοῦτο
3165 3845 3272 3916 γάρ
3295 3846 3478 3917 ἐδήλου
3499 3849 3605 3903 τῶν
3637 3851 3813 3921 μυιῶν

2237 3924 2328 3976 καὶ
2359 3924 2621 3995 μελιττῶν
2644 3927 2708 3981 τὰ
2732 3930 3147 4001 παραδείγματα
3167 3933 3203 4002 °)
3228 3935 3319 3986 καὶ
3343 3937 3434 3989 ἐπὶ
3460 3939 3623 3992 πᾶσιν
3645 3941 3677 4010 ἡ
3701 3940 3810 3993 τῶν

2236 4016 2405 4070 ἐθνῶν
2437 4019 2546 4072 ἀπὸ
2575 4020 2671 4090 τῆς
2699 4022 2968 4093 προτέρας
3000 4025 3234 4095 ἐρημίας
3268 4029 3346 4090 εἰς
3372 4029 3470 4099 τὴν
3509 4031 3647 4084 κατά
3677 4031 3811 4084 Θεὸν

2235 4109 2505 4179 γεωργίαν
2559 4111 2855 4183 μεταϐολή;
2886 4114 3067 4168 Ταῦτα
3098 4116 3160 4188 δὴ
3212 4113 3302 4170 οὖν
3344 4119 3636 4191 ὀφθαλμοῖς
3670 4121 3812 4195 δρώ-

2238 4218 2376 4269 μενα
2402 4203 2483 4266 τίς
2497 4205 2595 4256 οὐκ
2625 4203 2689 4256 ἂν
2711 4206 3006 4278 ἐκπλαγείη
3041 4207 3354 4278 θαυμάσας;
3389 4211 3472 4275 τίς
3492 4213 3549 4264 δὲ
3571 4214 3632 4265 οὐ
3658 4213 3812 4268 θείαν

2236 4291 2310 4353 ὡς
2338 4291 2549 4363 ἀληθῶς
2592 4295 2967 4367 ὁμολογήσειεν
3005 4298 3071 4352 ἂν
3101 4299 3198 4371 τὴν
3242 4303 3562 4374 πρόρρησιν,
3598 4305 3811 4359 ἀκούων

2236 4383 2439 4437 ἀνωθεν
2468 4385 2572 4456 πρὸ
2615 4387 2797 4456 χιλίων
2839 4389 2974 4441 ὅλων
2993 4389 3127 4444 ἐτῶν
3159 4392 3215 4443 ἐν
3247 4392 3444 4462 βίϐλοις
3475 4393 3808 4465 ἀποκείμενα

2451 4488 2544 4540 καὶ
2598 4489 2970 4560 μελετώμενα,
3021 4492 3081 4545 οὐ
3135 4493 3238 4564 μὴν
3286 4493 3470 4547 ἄλλοτε
3529 4497 3609 4558 είς
3657 4496 3810 4560 τέλος

2235 4577 2470 4647 ἀχθέντα
2505 4579 2538 4650 ἢ
2573 4580 2708 4650 μετά
2743 4581 2840 4652 τὴν
2867 4583 2958 4635 τοῦ
2996 4584 3248 4655 Σωτῆρος
3277 4587 3433 4655 ἡμῶν
3464 4589 3805 4657 παρουσίαν;

2237 4671 2300 4723 EE
2332 4671 2395 4742 δὴ
2417 4668 2509 4725 οὖν
2537 4672 2837 4744 θαυμάσιος
2863 4678 2895 4746 ἠ
2928 4677 3247 4750 πρόρρησις,
3274 4680 3366 4732 καὶ
3397 4679 3474 4732 ἔτι
3499 4679 3808 4752 θαυμασιω-

2235 4762 2390 4833 τέρα,
2426 4766 2518 4817 καὶ
2539 4766 2675 4836 ὑπὲρ
2706 4768 2880 4822 πάντα
2896 4767 3050 4836 λόγον
3075 4771 3107 4840 ὴ
3131 4770 3231 4840 τῆς
3272 4773 3626 4843 προρρήσεως
3647 4773 3809 4828 ἐκϐα-

2239 4871 2342 4918 σις,
2367 4857 2418 4908 τί
2440 4856 2521 4909 δεῖ
2563 4860 2808 4912 ἀπιστεῖν
2846 4861 2894 4912 εί
2928 4862 3074 4932 καὶὴ
3121 4860 3306 4932 πρώτη
3339 4863 3433 4916 τοῦ
3476 4882 3808 4936 προφητεύο-

2240 4945 2400 5015 μένου
2437 4946 2667 5018 πάροδος
2700 4949 2996 5021 παράδοξον
3028 4952 3119 5004 καὶ
3147 4953 3285 5023 ὑπὲρ
3315 4956 3494 5008 πᾶσαν
3521 4955 3805 5027 ἀνθρώπου

2239 5037 2399 5107 φύσιν
2438 5039 2537 5110 τὴν
2574 5041 2670 5111 τῆς
2716 5043 2977 5108 γενέσεως
3025 5044 3327 5117 καταδολὴν
3367 5047 3600 5118 εἴληχεν,
3649 5050 3806 5103 ὁπότε

2238 5143 2328 5194 καὶ
2360 5143 2392 5212 ἡ
2423 5141 2530 5195 τῶν
2575 5143 2775 5196 λοιπῶν
2807 5143 3098 5216 θαυμάτων
3146 5149 3379 5220 ἐναργὴς
3409 5149 3551 5220 ὄψις,
3579 5152 3677 5221 οὐχ
3714 5152 3798 5221 ῆτ·

2235 5259 2342 5295 των
2369 5239 2524 5305 οὖσα,
2552 5244 2658 5298 ἀπὸ
2685 5245 2783 5315 τῆς
2816 5247 3080 5314 γενέσεως
3107 5249 3270 5301 αὐτοῦ
3310 5249 3552 5320 βιάζεται
3589 5252 3680 5304 καὶ
3710 5252 3806 5322 τὴν

2235 5344 2343 5396 τῶν
2379 5343 2550 5398 ἄλλων
2573 5345 2680 5398 τῶν
2721 5349 2839 5400 κατ’
2874 5348 3036 5401 αὑτὸν
3064 5349 3412 5421 πραχθέντων
3449 5350 3800 5422 ἀποδέχεσθαι

2239 5449 2575 5520 μαρτυρίαν;
2620 5449 2777 5503 Ἀλλὰ
2818 5451 2926 5522 γὰρ
2951 5452 3157 5516 τούτοις
3188 5453 3314 5524 ἑξῆς
3359 5453 3495 5526 μετά
3535 5454 3616 5519 τὸ,
3661 5473 3680 5505 ι
3713 5455 3802 5518 Εἰς

2239 5539 2490 5612 βόσκημα
2508 5543 2780 5612 προϐάτου
2805 5545 2898 5597 καὶ
2921 5547 3290 5618 καταπάτημα
3311 5545 3450 5616 βοὸς,
3488 5567 3507 5599 ι
3540 5546 3804 5618 συνῆπται

2235 5630 2458 5704 δευτέρα
2504 5650 2589 5695 τις
2634 5633 2935 5705 πρόρρησις
2981 5637 3244 5708 συγγενὴς
3291 5639 3356 5707 τῇ
3393 5637 3803 5710 προτεθειμένῃ.

2237 5728 2512 5802 ἀρχομένη
2537 5730 2644 5783 ἀπὸ
2671 5728 2785 5795 τοῦ,
2823 5748 2840 5780 t
2879 5729 2980 5783 Καὶ
3011 5727 3125 5782 εἷπε
3156 5730 3357 5802 Κύριος
3380 5730 3514 5799 πρὸς
3541 5731 3626 5803 μέ·
3661 5729 3804 5784 Λάϐε
