4100 6430
336 348 394 402 δι
407 347 438 400 7
1242 343 1378 398 DEM
1385 343 1472 400 ΟΝ
1479 335 1892 399 STBATIONIS

2007 345 2388 403 ’ANGELICIE
2429 343 2556 398 [ΑΒ.
2579 340 2693 396 νη.
3473 342 3577 398 M8

334 462 547 532 σεαυτῷ
579 463 762 531 τόμον,
795 479 813 512 ι
835 463 899 534 ην
940 461 1031 513 καὶ
1065 461 1231 530 αὐτὴν
1275 459 1578 529 ὲκθέμενοι,
1609 461 1764 532 φέρε,
1799 461 1905 514 δια-

2015 472 2264 516 naturam
2311 463 2394 516 sui
2469 467 2624 514 ortus
2678 458 3126 513 constitutionem
3183 457 3413 511 sortitus
3469 457 3576 520 sit,

334 555 718 626 σκοπήσωμεν.

2007 552 2225 623 quando
2249 554 2582 623 reliquorum
2614 565 2832 620 quoque
2864 551 3252 604 miraculorum
3285 545 3579 611 evidentia,
3651 601 3658 608 ,

255 650 268 677 ¹
327 661 452 718 qua:
504 647 653 701 illius
709 653 836 700 ortu
896 646 1313 716 haudquaquam
1367 647 1546 702 minor
1593 653 1699 710 est,
1753 647 1896 716 cogit
1931 647 2095 702 etiam
2133 648 2390 710 aliorum,
2462 661 2584 716 quae
2623 645 2772 698 circa
2830 645 2982 698 illum
3032 652 3183 713 gesta
3235 651 3384 705 sunt,
3436 643 3583 697 acci-

331 751 457 804 pere
495 736 912 791 testimonium?
934 736 1222 799 Caeterum,
1251 737 1444 793 ordine
1493 738 1750 811 deinceps
1776 739 1862 793 bis
1899 755 2020 810 quae
2073 740 2218 794 dicta
2249 745 2377 797 sunt
2409 749 2530 810 post
2559 738 2692 792 illud
2720 753 2734 788 :
2765 756 2784 788 ι
2807 738 2861 791 In
2887 752 3090 806 pascua
3120 737 3260 800 ovis,
3325 743 3380 791 et
3443 750 3582 790 con-

327 828 694 882 eulcationem
727 827 882 883 bovis
919 829 988 892 ",
1010 846 1030 880 ι
1057 828 1264 882 adnexa
1309 837 1393 886 est
1445 831 1615 886 altera
1674 830 1922 901 quaedam
1961 830 2244 900 praedictio
2272 838 2502 901 cegnata
2532 830 2652 899 ejus
2683 844 2804 899 quae
2835 829 3080 898 exposita
3119 839 3226 892 est,
3293 843 3415 896 quae
3457 825 3583 896 qui-

331 921 454 976 dem
486 919 558 975 ab
584 935 651 975 eo
683 921 806 976 loco
832 922 1041 993 incipit,
1073 931 1162 976 «et
1190 922 1326 976 dixit
1359 921 1619 978 Dominus
1651 925 1721 978 ad
1757 941 1841 981 me
1874 944 1888 981 :
1931 926 2098 981 Sume
2133 925 2232 980 tibi
2264 926 2460 981 librum
2478 925 2548 991 ",
2573 944 2591 976 ι
2625 939 2790 995 quam
2818 923 2982 978 etiam
3013 923 3186 991 ipsam
3216 927 3433 990 tempus
3468 916 3582 988 jam

331 1027 436 1081 est,
470 1025 531 1071 ut
559 1032 894 1088 exponamus
920 1030 974 1075 et
1002 1018 1453 1088 contemplemur.

2005 1206 2082 1261 Ab
2112 1197 2458 1260 eodem—In
2483 1213 2614 1250 nova
2648 1192 2942 1261 Scriptura,
2982 1187 3133 1244 Novo
3163 1189 3363 1244 scilicet
3401 1187 3583 1242 Testa-

2075 1285 2266 1332 mento.
2309 1269 2634 1340 prophetissa
2693 1264 3224 1340 e;_Spt'ritu_sancto
3249 1269 3584 1340 .conceptura

2073 1357 2121 1400 et
2150 1331 2655 1412 paritura-lilium
2679 1335 2895 1412 dicitur,
2948 1333 3036 1412 qui
3089 1331 3479 1412 cum'iuimicos
3525 1337 3577 1381 et

2079 1397 2249 1469 hostes
2285 1410 2482 1470 uicerit,
2517 1423 2619 1460 non
2642 1405 2880 1458 credetur
2903 1397 3108 1472 quidem
3141 1417 3171 1452 α
3201 1397 3428 1472 ludatis,
3451 1414 3580 1472 gen-

2079 1486 2216 1538 tibus
2253 1493 2425 1536 autem
2472 1480 2570 1531 erit
2621 1469 3131 1536 salutarisﬂQualia
3163 1471 3321 1524 etiam
3349 1469 3580 1538 patietur

2076 1537 2306 1608 Judoica
2332 1550 2476 1604 natio
2493 1556 2610 1617 post
2635 1544 3056 1599 incredulitatem
3081 1542 3292 1605 incum,
3325 1555 3417 1608 per
3443 1537 3580 1592 idem

2076 1625 2400 1680 declaratur.

347 1197 486 1277 ’Δπρ
512 1196 1071 1277 rgﬁ_at’1r01‘_}.—-:'F:ri
1104 1195 1321 1277 καινῆς
1341 1196 1865 1277 ΓραεξῆςητῆςᾉΚαι
1884 1227 1899 1238 -

398 1266 511 1334 γῆς
533 1267 767 1334 δηλαδὴ
797 1267 1109 1336 Διαθήκης,
1125 1266 1321 1335 προφῆ
1331 1285 1417 1333 τις
1432 1267 1500 1330 ἐξ
1516 1267 1687 1335 ἁγίου
1714 1269 1900 1322 Πνεύ-

399 1356 592 1462 ἕατος
611 1335 1151 1416 συλλήψεσθαικαὶ
1174 1336 1447 1401 τέξεσθαι
1476 1335 1612 1390 Υἱὸν
1640 1337 1897 1406 λέγεται,

435 1429 487 1462 c.
520 1425 638 1462 των
682 1408 908 1462 ὲγθοων
939 1409 1034 1460 καὶ
1075 1408 1376 1462 πολεμίων
1417 1405 1740 1462 κρατήσας.
1772 1409 1897 1461 ἀπα

435 1429 487 1475 ς,
520 1407 638 1462 τῶν
682 1405 908 1476 ἐχθρῶν
939 1409 1034 1460 καὶ
1075 1408 1376 1475 πολεμίων
1417 1405 1740 1476 κρατήσας,
1772 1409 1904 1461 ἀπι-

398 1475 766 1546 στηθήσεται
791 1477 906 1545 μὲν
935 1478 1047 1546 ὑπὸ
1087 1477 1408 1539 Ἰουδαίων,
1435 1476 1558 1542 τοῖς
1579 1475 1646 1528 δὲ
1667 1478 1907 1532 ἔθνεσιν

396 1543 570 1603 ἔσται
602 1543 918 1614 σωτήριοςο
949 1543 1045 1600 οἷά
1083 1565 1143 1601 τε
1191 1548 1458 1600 πείσεται
1504 1546 1570 1600 τὸ
1606 1547 1907 1600 Ἰουδαίων

397 1621 574 1685 ἔθνος
609 1619 760 1686 μετὰ
806 1616 922 1684 τὴν
958 1619 1044 1682 εις
1088 1617 1273 1671 αὐτὸν
1318 1616 1606 1670 ἀπιστίαν
1655 1619 1804 1672 κατὰ
1839 1617 1907 1670 τὸ

396 1674 883 1754 αὐτόδῆλοῦτιιιί
1019 1674 1035 1682 ”
1957 1674 1974 1692 ⁸

402 1819 421 1851 ι
459 1800 574 1853 Ka‘t
598 1793 718 1853 εἷπε
758 1797 958 1869 Κύριος
1003 1797 1138 1870 πρὸς
1179 1797 1268 1869 μέ·
1297 1799 1442 1853 Λάϐε
1477 1797 1689 1869 σεαυτῷ
1737 1798 1901 1866 τόμον

2079 1814 2098 1847 ι
2127 1791 2194 1846 Et
2214 1791 2348 1846 dixit
2371 1787 2631 1842 Dominus
2653 1782 2719 1836 ad
2746 1796 2832 1836 me
2857 1799 2871 1835 :
2897 1779 3098 1850 Accipe
3125 1778 3222 1832 tibi
3249 1777 3350 1848 ipsi
3376 1777 3578 1832 librum

327 1890 536 1952 καινὸν,
576 1889 767 1960 μέγαν,
795 1867 890 1942 καὶ
911 1867 1119 1959 γράφον
1159 1867 1238 1953 είς
1267 1889 1426 1942 αὐτὸν
1451 1867 1672 1961 γραφίδι
1701 1887 1905 1961 ἀνθρώ-

2013 1897 2211 1939 novum
2237 1878 2522 1951 grandem,
2565 1881 2620 1930 et
2656 1871 2835 1927 scribe
2883 1869 2938 1923 in
2970 1885 3035 1922 eo
3068 1869 3194 1922 stilo
3223 1867 3482 1928 hominis,
3519 1875 3580 1921 ut

327 1998 452 2044 που,
487 1980 584 2033 τοῦ
619 1978 790 2045 ὀξέως
834 1977 1109 2048 προνομὴν
1147 1977 1367 2047 ποιῆσαι
1411 1978 1642 2040 σκύλων,
1679 1979 1909 2049 πάρεστι

323 2073 456 2144 γὰρ,
492 2071 587 2126 καὶ
616 2069 897 2142 μάρτυράς
936 2086 1025 2140 μοι
1058 2069 1282 2141 ποίησον
1312 2070 1538 2133 πιστοὺς
1573 2069 1907 2141 ἀνθρώπους,

322 2163 417 2216 τὸν
439 2163 642 2234 Ούρίαν
666 2163 754 2214 τὸν
789 2160 958 2232 ἱερέα,
988 2162 1081 2214 καὶ
1111 2162 1386 2233 Ζαχαρίαν
1442 2161 1558 2215 υἱὸν
1611 2163 1904 2233 Βαραχίου.

324 2257 438 2310 Καὶ
485 2256 790 2328 προσῆλθον
844 2255 981 2324 πρὸς
1012 2254 1112 2325 τὴν
1158 2256 1448 2327 προφῆτιν,
1481 2254 1574 2308 καὶ
1612 2255 1670 2308 ὲν
1714 2255 1911 2326 γαστρὶ

325 2347 509 2410 ἔλαϐε,
546 2350 638 2401 καὶ
663 2348 845 2400 ἔτεκεν
877 2348 1012 2403 υἱόν.
1049 2349 1160 2402 Καὶ
1210 2344 1327 2400 εἷπε
1360 2346 1564 2418 Κύριός
1609 2363 1735 2416 μοι’
1787 2346 1902 2400 Κά-

325 2442 484 2495 λεσον
510 2440 572 2493 τὸ
600 2441 769 2510 ὄνομα
798 2439 983 2501 αὐτοῦ,
1009 2438 1217 2508 ταχέως
1241 2437 1551 2498 σκύλευσον,
1580 2435 1744 2501 ὀξέως
1778 2451 1911 2508 προ-

328 2533 622 2603 νόμευσον·
659 2531 791 2584 διότι
822 2533 951 2602 πρὶν
978 2531 1012 2602 ἢ
1042 2529 1242 2598 γνῶναι
1268 2529 1329 2586 τὸ
1363 2529 1570 2583 παιδίον
1594 2528 1778 2581 καλεῖν
1807 2544 1910 2580 πα-

328 2626 463 2696 τέρα
502 2624 537 2695 ἢ
583 2625 814 2696 μητέρα,
845 2624 1070 2694 λήψεται
1102 2622 1328 2691 δύναμιν
1371 2619 1684 2691 Δαμασκοῦ,
1715 2620 1809 2672 καὶ
1839 2617 1907 2672 τὰ

334 2711 504 2766 σκῦλα
529 2713 839 2782 Σαμαρείας
861 2711 1040 2764 ἔναντι
1060 2711 1324 2782 βασιλέως
1357 2709 1673 2781 Ἀσσυρίων.
1708 2729 1725 2760 ι
1757 2709 1912 2778 Ἐχε-

329 2819 417 2856 ται
445 2803 545 2872 τῆς
585 2780 1028 2874 προτεταγμένης
1063 2780 1170 2856 καὶ
1209 2803 1242 2872 ὴ
1291 2780 1540 2871 παροῦσα
1580 2799 1904 2870 προφητεία.

345 2893 406 2946 Ἡ
437 2893 547 2965 γὰρ
579 2895 698 2947 ἐκεῖ
724 2893 994 2966 Παρθένος
1029 2894 1060 2963 ή
1091 2891 1180 2945 τὸν
1213 2892 1329 2962 μεθ’
1360 2890 1515 2962 ήμῶν
1542 2891 1675 2944 Θεὸν
1702 2890 1910 2943 τίκτειν

330 2988 616 3059 λεγομένη,
639 2989 904 3058 προφῆτις
919 2987 1012 3040 ἐπὶ
1034 2985 1128 3038 τοῦ
1158 2985 1418 3058 παρόντος
1445 2985 1774 3055 ὠνόμασται.
1805 2985 1912 3055 Ζη-

329 3081 588 3151 τουμένου
609 3081 666 3134 δὲ
689 3080 850 3133 πόθεν
873 3080 978 3152 ἄρα
1005 3077 1327 3150 συλλήψεται
1349 3063 1720 3150 ἀπειρόγαμος
1749 3074 1904 3141 οὖσα,

2010 1974 2258 2029 celeriter
2297 1968 2655 2038 direptionem
2681 1961 2851 2016 facias
2882 1959 3203 2030 spoliorum,
3236 1957 3390 2013 adest
3409 1959 3576 2020 enim,

2009 2074 2062 2120 el
2091 2071 2260 2118 testes
2289 2060 2422 2117 mihi
2449 2057 2611 2111 facito
2652 2055 2837 2109 ﬁdeles
2873 2052 3140 2110 homines,
3177 2047 3361 2102 Uriam
3395 2064 3579 2104 sacer.

2009 2155 2211 2216 dotem,
2264 2161 2317 2206 et
2345 2148 2667 2203 Zachariam
2715 2144 2884 2198 lilium
2933 2140 3210 2195 Baracbiae
3236 2179 3250 2202 ,
3285 2148 3340 2194 et
3371 2138 3581 2192 accessi

2007 2242 2172 2315 329
2203 2241 2272 2296 ad
2317 2239 2741 2311 prophetissam,
2774 2243 2827 2288 et
2861 2233 2914 2287 in
2949 2239 3104 2286 utero
3127 2228 3354 2297 accepit,
3390 2237 3443 2282 et
3481 2241 3579 2296 pe-

2009 2339 2147 2408 perit
2184 2335 2374 2396 iilium,
2407 2341 2461 2386 et
2493 2329 2631 2384 dixit
2665 2327 2928 2381 Dominus
2960 2323 3024 2378 ad
3078 2337 3183 2382 me.
3220 2334 3353 2373 voca
3380 2334 3577 2374 nomen

2008 2423 2129 2492 ejus
2181 2421 2438 2475 A‘ccelera
2468 2417 2641 2487 spolia
2669 2415 2976 2476 detrahere,
3011 2411 3134 2466 Cito
3154 2409 3416 2481 praedare,
3449 2409 3579 2478 quia
3666 2416 3690 2464 ᾖ

2011 2524 2300 2583 antequam
2348 2511 2482 2567 sciat
2530 2523 2665 2579 puer
2728 2521 2925 2562 vocare
2955 2513 3163 2576 patrem
3195 2513 3288 2556 aut
3327 2513 3577 2561 matrem,

2010 2606 2238 2676 accipiet
2287 2611 2611 2674 potestatem
2681 2598 2952 2660 Damasci,
2997 2605 3050 2652 et
3091 2595 3263 2664 spolia
3318 2590 3581 2646 Samaria

2009 2715 2193 2754 coram
2220 2712 2346 2767 rege
2379 2695 2729 2765 Assyriorum
2759 2693 2826 2746 ⁸³.
2863 2709 2880 2743 ι
2909 2691 3276 2745 Continuatnr
3320 2700 3443 2739 cum
3488 2699 3580 2738 sn-

2009 2789 2222 2861 periore
2271 2786 2556 2858 prophetia
2595 2783 2709 2837 haec
2745 2801 2758 2836 :
2793 2780 2925 2847 Quze
2950 2781 3090 2834 enim
3118 2779 3228 2833 illic
3259 2775 3447 2843 Virgo,
3489 2789 3583 2827 no-

2009 2881 2218 2937 biscum
2248 2876 2416 2932 Deum
2440 2914 2454 2939 ,
2489 2887 2679 2944 parere
2703 2871 2924 2933 dicitur,
2979 2867 3321 2938 prophetissa
3356 2864 3409 2917 in
3445 2877 3582 2931 prae-

2009 2969 2150 3025 senti
2182 2966 2460 3021 nominata
2487 2971 2591 3017 est.
2627 2959 2734 3015 Sed
2763 2974 2886 3014 cum
2907 2957 3134 3028 quaestio
3149 2956 3389 3009 oriretur
3411 2951 3584 3005 undae

2010 3075 2135 3115 nam
2167 3065 2313 3113 esset
2350 3060 2700 3122 eoneeptura,
2736 3065 2857 3120 quae
2886 3052 3061 3102 virum
3083 3053 3305 3115 experta
3359 3059 3464 3097 non
3496 3057 3583 3096 es-

327 3133 488 3223 τοῦτο
519 3168 614 3223 νῦν
649 3133 685 3222 ό
715 3168 870 3237 λόγος
906 3133 1222 3230 induar.
1262 3167 1373 3220 Καὶ
1422 3133 1744 3238 προσῆλθον,
1778 3185 1796 3217 ι
1823 3133 1905 3219 λέἐ

2011 3161 2113 3214 set,
2146 3149 2324 3219 ipsum
2356 3146 2459 3200 hoc
2509 3144 2576 3198 dc
2620 3158 2727 3212 quo
2774 3141 3053 3211 quaeritur,
3107 3151 3252 3191 nunc
3296 3133 3577 3189 oraculum

327 3278 462 3328 γων,
500 3279 518 3312 ι
552 3260 690 3330 πρὸς
718 3259 814 3330 τὴν
846 3260 1137 3331 προφῆτιν,
1171 3257 1262 3310 καὶ
1289 3259 1345 3309 ὲν
1374 3256 1570 3328 γαστρὶ
1601 3255 1779 3319 ἔλαϐε,
1816 3256 1910 3308 καὶ

320 3351 515 3405 ἔτεκεν
539 3341 673 3404 υἱόν.
707 3370 726 3402 ι
768 3350 1079 3403 Ἀκουστέον
1099 3349 1153 3402 δὲ
1183 3347 1352 3401 ταῦτα
1370 3347 1442 3412 ὡς
1468 3347 1528 3412 ἐξ
1557 3348 1710 3416 ἁγίου
1741 3346 1909 3400 Πνεύ-

326 3459 523 3514 ματος,
546 3442 636 3511 ὑφ’
666 3435 727 3496 οὗ
771 3439 1195 3510 θεοφορούμενος
1232 3438 1260 3490 ὁ
1286 3439 1567 3508 προφήτης
1605 3434 1906 3499 ὲθέσπιζεν.

321 3533 469 3586 Αὐτὸ
493 3532 558 3603 δὴ
584 3528 675 3586 οῦν
705 3531 766 3585 τὸ
797 3531 1016 3601 Πνεῦμα
1039 3530 1099 3582 τὸ
1126 3530 1279 3597 ἆγιον
1316 3526 1736 3600 προεληλυθέναι
1779 3530 1909 3598 ὁμοι-

319 3627 477 3694 λογεῖ
502 3627 568 3696 τῇ
617 3624 941 3696 προφήτιδι·
994 3622 1022 3675 ὃ
1061 3622 1153 3676 καὶ
1204 3620 1390 3688 σαφῶς
1426 3619 1782 3690 πεπλήρωται
1813 3619 1908 3671 ἐπὶ

317 3715 423 3785 τῆς
450 3714 546 3768 τοῦ
571 3715 820 3785 Σωτῆρος
843 3710 998 3782 ἡμῶν
1043 3709 1216 3781 Ἰησοῦ
1251 3708 1482 3780 Χριστοῦ
1511 3709 1793 3778 γενέσεως,
1817 3709 1906 3761 ὅτε

329 3826 351 3860 ι
386 3806 668 3876 ἀπεστάλη
693 3805 920 3873 ἄγγελος
958 3802 1194 3874 Γαϐριὴλ
1225 3802 1329 3855 ὑπὸ
1365 3800 1457 3854 τοῦ
1486 3800 1618 3854 θεοῦ
1644 3803 1722 3864 είς
1753 3800 1906 3853 πόλιν

320 3899 424 3970 τῆς
478 3896 768 3958 Γαλιλαίας
894 3895 1065 3963 ὄνομα
1123 3891 1396 3963 Ναζαρὲθ,
1454 3889 1590 3961 πρὸς
1641 3889 1906 3960 παρθένον

325 3987 814 4060 μεμνηστευμένην
838 3985 991 4057 ἀνδρὶ
1086 3986 1256 4056 ὄνομα
1290 3982 1506 4051 Ἰωσὴφ,
1538 3979 1598 4043 eg
1638 3980 1786 4032 οἴκου
1812 3980 1906 4034 καὶ

325 4079 566 4150 πατριᾶς
595 4076 787 4131 Δαυῖδ’
887 4077 982 4131 καὶ
1013 4071 1134 4128 εἷπε
1157 4092 1171 4106 ’
1219 4077 1410 4143 Χαῖρε,
1463 4073 1902 4142 κεχαριτωμένη,

321 4170 352 4222 ὁ
373 4168 581 4240 Κύριος
613 4167 748 4238 μετὰ
770 4167 886 4230 σοῦ,
905 4165 1252 4236 εὐλογημένη
1287 4164 1351 4216 σὺ
1379 4165 1435 4215 ὲν
1466 4161 1695 4231 γυναιξί.
1746 4180 1765 4211 ι
1797 4160 1904 4212 Καὶ

324 4262 519 4316 πάλινο
563 4277 582 4310 ι
614 4259 704 4331 Μὴ
737 4257 934 4329 φοϐσῦο
961 4255 1118 4331 εὗρες
1146 4257 1254 4328 γὰρ
1286 4256 1444 4326 χάριν
1477 4253 1628 4325 παρὰ
1650 4251 1728 4322 τῷ
1759 4250 1897 4321 Θεῷ’

323 4358 418 4410 καὶ
442 4356 577 4417 ίδοὺ,
598 4353 840 4426 συλλήψῃ
870 4355 928 4406 ὲν
946 4352 1144 4424 γαστρὶ
1173 4350 1266 4404 καὶ
1296 4346 1426 4420 τέξῃ
1447 4347 1581 4411 υἱὸν,
1619 4339 1710 4399 καὶ⁵
1737 4343 1900 4397 καλέ-

323 4464 440 4511 σεις
471 4447 532 4500 τὸ
571 4446 742 4516 ὄνομα
763 4443 927 4499 αὑτοῦ
974 4442 1198 4513 Ἰησοῦν.
1234 4461 1252 4493 ι
1281 4438 1551 4507 Είπούσης
1576 4454 1634 4490 τε
1664 4437 1760 4507 τῆς
1782 4437 1901 4488 Μα-

2010 3246 2203 3299 docet:
2241 3259 2259 3293 ι
2296 3239 2362 3294 Ει
2387 3237 2614 3302 accessi,
2653 3233 2848 3304 inquit,
2885 3232 2950 3285 ad
2979 3229 3398 3300 prophetissam,
3431 3233 3484 3280 et
3517 3225 3575 3279 in

2010 3341 2166 3390 utero
2195 3331 2424 3400 accepit,
2452 3335 2505 3383 et
2524 3326 2734 3397 peperit
2776 3325 2968 3378 lilium.
2996 3342 3014 3373 ι
3047 3319 3140 3375 Est
3168 3326 3346 3373 autem
3377 3315 3578 3400 intell‘ic

2010 3425 2240 3498 gendum
2295 3391 2362 3477 de
2402 3391 2610 3491 Spiritu
2649 3423 2860 3478 sancto,
2889 3429 2918 3468 a
2941 3429 3049 3484 quo
3081 3411 3292 3466 afﬂatus
3315 3391 3580 3478 prepheta

2009 3516 2306 3572 divinabat.
2345 3513 2466 3581 Ipse
2495 3510 2637 3565 enim
2670 3513 2892 3562 sanctus
2927 3504 3164 3574 Spiritus
3189 3516 3248 3556 se
3275 3500 3578 3554 accessisse

2011 3607 2078 3661 ad
2120 3604 2514 3676 prophetissam
2539 3598 2754 3660 fatetur,
2793 3597 2937 3666 quod
2974 3593 3189 3664 quidem
3219 3592 3394 3661 ipsum
3421 3591 3580 3659 plane

2009 3697 2334 3767 completum
2391 3700 2477 3747 est
2527 3690 2583 3743 in
2615 3687 2913 3743 Salvatoris
2968 3683 3139 3739 nostri
3189 3680 3317 3734 Jesu
3369 3676 3576 3732 Christi

2007 3798 2152 3853 ortu,
2175 3801 2283 3858 quo
2330 3794 2575 3854 tempore
2609 3800 2628 3833 ι
2658 3779 2861 3835 missus
2908 3784 2994 3832 est
3042 3773 3266 3844 angelus
3285 3769 3512 3827 Gabriel
3542 3781 3572 3824 a

2009 3881 2117 3935 Deo
2151 3880 2205 3932 in
2229 3878 2504 3932 civitatem
2535 3873 2788 3935 Galilaeze,
2827 3870 2917 3925 cui
2951 3882 3147 3922 nomen
3189 3863 3477 3926 Nazareth,
3504 3859 3572 3915 ad

2006 3971 2268 4040 virginem
2293 3967 2678 4035 desponsatam
2736 3963 2878 4024 viro,
2912 3959 3000 4012 cui
3027 3973 3222 4012 nomen
3251 3955 3476 4027 Ioseph,
3505 3954 3574 4009 de

2007 4063 2168 4116 domo
2190 4066 2244 4114 et
2272 4057 2474 4112 familia
2508 4054 2695 4115 David,
2723 4051 2788 4105 ad
2814 4063 2976 4120 quam
3019 4049 3155 4102 dixit
3187 4065 3201 4102 :
3234 4048 3365 4110 Ave,
3400 4045 3575 4115 gratia

2009 4157 2188 4224 plena,
2244 4149 2510 4204 Dominus
2558 4154 2758 4206 tecum,
2807 4140 3089 4196 benedicta
3131 4148 3189 4191 tn
3239 4138 3295 4190 in
3334 4135 3576 4190 mulieri-

2007 4246 2110 4300 bus
2138 4243 2204 4295 “.
2233 4260 2251 4292 ι
2307 4239 2373 4292 Et
2402 4252 2627 4292 rursus:
2657 4252 2676 4285 ι
2706 4233 2782 4286 Ne
2853 4232 3068 4291 timeas,
3117 4227 3370 4282 invenisti
3427 4226 3574 4281 enim

2011 4334 2236 4405 gratiam
2278 4327 2420 4398 apud
2456 4327 2644 4387 Deum,
2677 4331 2730 4377 et
2761 4335 2890 4375 ecce
2941 4317 3217 4385 coneipies
3256 4316 3309 4369 in
3339 4319 3576 4381 utero,et

2012 4425 2194 4497 paries
2228 4422 2418 4483 tilium,
2441 4427 2494 4473 et
2522 4414 2745 4470 vocabis
2777 4425 2972 4465 nomen
2989 4408 3110 4478 ejus
3129 4405 3315 4462 Iesum
3336 4405 3382 4437 ³⁸
3407 4423 3421 4473 ς
3465 4424 3486 4458 ι
3520 4411 3574 4458 et

325 4539 484 4608 ρίαςο
529 4556 546 4586 ι
584 4493 707 4600 Πῶέ
732 4537 882 4589 ἔσται
905 4493 1081 4597 τοῦτο,
1111 4533 1231 4585 ἐπεὶ
1260 4530 1426 4600 ἄνδρα
1459 4493 1520 4582 ού
1560 4493 1842 4596 γινώσκω;
1879 4544 1898 4576 ι

2008 4493 2130 4571 cum
2174 4513 2403 4568 dixisset
2451 4505 2618 4560 Maria
2652 4519 2666 4554 :
2711 4520 2729 4553 ι
2755 4499 3036 4567 Quomodo
3067 4498 3171 4552 erit
3201 4493 3393 4550 istud?
3433 4508 3571 4563 quo-

2221 4604 2232 4608 _
2854 4592 2936 4608 κιο
3074 4605 3154 4608 ____
3203 4588 3311 4608 "Alt.
3351 4606 3359 4608 _
3397 4605 3409 4608 _
3446 4584 3538 4608 εμπ

322 4629 691 4700 ἁπεκρίνατο·
719 4648 736 4678 ι
771 4627 992 4698 Πνεῦμα
1015 4626 1166 4693 ἅγιον
1213 4621 1562 4675 ἐπελεύσεται
1583 4619 1675 4671 ἐπὶ
1699 4618 1776 4684 σὲ,
1813 4617 1903 4670 καὶ

317 4720 552 4790 δύναμις
588 4717 838 4788 Ὑψίστου
871 4716 1179 4771 ἐπισκιάσει
1218 4715 1318 4766 σοί.
1349 4711 1439 4764 Διὸ
1485 4710 1578 4764 καὶ
1609 4708 1667 4762 τὸ
1704 4706 1903 4777 γεννώ-

321 4825 489 4880 μενον
521 4807 672 4876 ἆγιον
706 4805 1030 4878 κληθήσεται
1063 4804 1190 4867 Υἱὸς
1221 4801 1374 4855 Θεοῦ.
1417 4821 1434 4852 ι
1469 4800 1579 4853 Καὶ
1606 4800 1662 4850 ὲν
1703 4798 1801 4868 μὲν
1831 4799 1897 4866 τῇ

321 4901 431 4974 πρὸ
464 4899 668 4967 ταύτης
696 4896 1000 4968 προφητεία
1044 4895 1160 4966 ἃμα
1198 4895 1265 4963 τῇ
1308 4890 1519 4959 γενέσει
1557 4886 1650 4940 τοῦ
1689 4886 1895 4957 Ἐμμαο

321 4992 508 5064 νουὴλ,
538 4991 666 5062 πρὶν
693 4989 726 5062 ἢ
753 4988 952 5058 γνῶναι
978 4987 1038 5040 τὸ
1065 4985 1272 5040 παιδίον
1296 4978 1549 5051 ἀγαθοειῆ
1576 4978 1766 5040 κακὸν,
1795 4977 1901 5029 ἐλέ-

323 5099 452 5154 γετο
485 5075 1073 5150 ὲγκαταλειφθήσεσθσι
1112 5076 1211 5146 τὴν
1241 5073 1345 5144 γῆν
1388 5070 1496 5123 ἀπὸ
1532 5068 1638 5121 τῶν
1681 5067 1898 5138 πολιορ-

324 5174 565 5230 κούντων
602 5172 772 5243 αὐτὴν
799 5171 941 5224 δυεῖν
972 5166 1252 5239 βασιλέων,
1281 5164 1400 5226 ἑνὸς
1430 5162 1526 5233 μὲν
1551 5159 1645 5212 τοῦ
1675 5159 1771 5230 τῆς
1791 5159 1897 5210 Σα-

325 5265 582 5336 μαρείας,
611 5263 838 5334 θατέρου
870 5260 928 5314 δὲ
971 5258 1063 5312 τοῦ
1085 5257 1184 5328 τῆς
1217 5251 1535 5326 Δαμασκοῦ·
1577 5250 1669 5304 ἐπὶ
1716 5248 1772 5301 δὲ
1802 5249 1900 5319 τῆς

324 5357 626 5429 παρούσης,
656 5356 784 5426 πρὶν
807 5352 839 5425 ἢ
872 5351 1073 5422 γνῶναι
1094 5349 1156 5403 τὺ
1186 5347 1392 5402 παιδίον
1415 5343 1598 5398 καλεῖν
1626 5339 1894 5411 πατέραῆ

325 5450 558 5519 μητέρα,
586 5445 814 5517 λήψεται
853 5443 1078 5512 δύναμιν
1116 5433 1428 5510 Δαμασκοῦ,
1477 5434 1572 5487 καὶ
1614 5431 1682 5486 τὰ
1724 5429 1895 5483 σκῦλα

322 5540 667 5611 Σαμαρείας·
715 5531 788 5593 ὧν
841 5538 935 5591 καὶ
983 5533 1216 5605 πρόσθεν
1262 5525 1727 5598 καταλυθήσεσθαι
1770 5523 1895 5585 τοὺς

323 5629 578 5700 βασιλέας
602 5629 694 5682 ἐπὶ
730 5631 797 5701 τῇ
837 5625 1048 5696 γενέσει
1086 5623 1180 5678 τοῦ
1216 5617 1562 5693 Ἐμμανουήλ
1588 5613 1891 5678 ὲθέσπιζεν.

2007 4607 2154 4662 niam
2185 4604 2360 4658 virum
2383 4615 2493 4654 non
2554 4609 2824 4666 cognosco
2853 4592 2936 4645 5°?
2969 4612 2987 4644 ι
3035 4588 3317 4658 respondit
3349 4606 3361 4640 :
3392 4605 3410 4637 ι
3446 4584 3572 4654 Spi-

2006 4703 2145 4756 ritus
2169 4705 2392 4752 sanctus
2430 4689 2776 4762 superveniet
2803 4688 2860 4740 in
2909 4693 2984 4748 te,
3018 4695 3072 4739 et
3093 4683 3269 4736 virtus
3302 4677 3570 4732 Altissimi

2004 4787 2352 4850 obumbrabit
2411 4783 2528 4838 tibi.
2570 4779 2804 4848 Ideoque
2836 4777 2979 4846 quod
3027 4774 3286 4845 gignitur,
3318 4776 3567 4825 sanctum

2005 4880 2310 4942 vocabitur,
2335 4875 2506 4929 Filius
2535 4871 2628 4925 Dei
2657 4871 2701 4902 ⁵⁷
2729 4890 2743 4923 :
2785 4889 2805 4922 ι
2837 4876 2890 4924 et
2941 4867 2995 4919 in
3025 4864 3307 4934 superiore
3348 4859 3568 4930 quidem

2005 4969 2288 5042 prophetia
2315 4967 2369 5020 in
2398 4973 2523 5020 ortu
2545 4963 2718 5032 ipsius
2741 4955 3082 5018 Emmanuel,
3112 4953 3427 5022 priusquam
3461 4946 3570 5003 sci-

2005 5072 2086 5117 ret
2117 5074 2250 5131 puer
2278 5059 2483 5112 bonum
2533 5060 2628 5106 aut
2661 5050 2887 5110 malum,
2920 5045 3222 5106 dicebatur,
3256 5042 3568 5109 relinquen-

2004 5153 2127 5208 dam
2142 5165 2264 5206 esse
2301 5159 2499 5203 terram
2547 5143 2615 5197 ab
2645 5137 3019 5196 obsidentibus
3054 5149 3175 5189 eam
3212 5133 3426 5187 duobus
3482 5146 3574 5184 re-

2003 5242 2183 5315 gibus,
2250 5253 2361 5293 uno
2409 5234 2626 5305 quidem
2689 5228 2985 5290 Samaria,
3035 5225 3205 5279 altero
3236 5236 3412 5278 autem
3460 5219 3566 5273 Da-

2002 5333 2216 5398 masci;
2254 5331 2308 5384 in
2349 5327 2601 5399 praesenti
2631 5338 2782 5387 vero,
2839 5322 3160 5392 priusquam
3211 5316 3348 5371 sciat
3367 5327 3565 5368 vocare

1999 5433 2208 5496 patrem
2234 5429 2328 5475 aut
2357 5426 2605 5482 matrem,
2627 5429 2856 5487 puerum
2878 5418 3225 5481 accepturum
3244 5411 3563 5477 potestatem

2001 5515 2272 5578 Damasci,
2303 5521 2358 5567 et
2413 5509 2588 5581 spolia
2635 5505 2894 5561 Samaria:
2927 5519 2942 5556 :
2974 5516 3205 5572 quarum
3244 5499 3396 5570 prius
3426 5497 3564 5551 abo-

2001 5608 2192 5664 lendos
2216 5620 2340 5662 esse
2373 5601 2604 5672 regesin
2623 5607 2747 5654 ortu
2781 5596 2956 5667 ipsius
2977 5591 3295 5648 Emmanuel
3336 5588 3558 5644 cecinit.

274 5813 295 5840 ‘
397 5811 439 5843 "
477 5809 581 5864 lsa.
613 5807 705 5870 vir,
729 5805 818 5859 9.5.
871 5805 915 5835 "
947 5801 1050 5856 lsa.
1082 5812 1198 5864 Vlll,
1225 5798 1275 5852 1.
1334 5797 1378 5829 ³³
1415 5793 1546 5850 ibid.
1578 5793 1691 5849 1-4.
1731 5823 1733 5825 ι
1767 5793 1814 5824 ³⁵
1837 5787 1905 5842 Lu

2007 5803 2040 5851 ι,
2065 5782 2257 5838 26-28.
2332 5781 2376 5812 ⁸³
2403 5778 2536 5834 ibid.
2568 5777 2656 5836 30.
2676 5776 2764 5831 5L
2842 5778 2886 5808 "
2914 5775 3042 5829 ibid.
3068 5772 3156 5828 54.
3233 5772 3276 5802 ⁸⁷
3303 5767 3434 5830 ibid,
3469 5763 3557 5820 35.
