4100 6430
562 313 664 369 M9

1251 311 1518 366 EUSEBII
1561 308 2042 368 CESARIENSIS
2081 309 2232 366 OPP.
2278 310 2457 366 PARS
2487 313 2566 368 ιι.
2608 344 2674 352 —-
2708 312 3209 372 APOLOGETICA.
3283 279 3288 286 .

3710 325 3826 380 520

562 430 626 484 Et
664 431 729 486 ad
760 394 981 485 verbum
1011 431 1230 498 quidem
1265 431 1320 484 in
1346 431 1540 486 diebus
1580 431 1761 485 Acha:
1792 431 1932 501 regis
1960 429 2098 484 Juda

2226 431 2508 502 Αῑσθητῶς
2541 433 2637 503 μὲν
2678 431 2768 487 οὖν
2793 438 2852 488 ὲν
2895 438 3077 508 ἡμέρα
3102 436 3276 507 Ἀχαζ
3315 437 3574 509 βασιλέως
3613 441 3823 504 Ἰούδα.

557 531 610 576 et
641 521 814 590 ipsius
845 522 1125 591 prophetae
1156 522 1325 582 Isaiae,
1358 522 1467 576 duo
1504 537 1659 592 reges
1706 537 1772 576 ex
1803 524 2126 593 composito,

556 629 652 668 eos
673 615 766 684 qui
797 613 1248 670 successionibus
1283 613 1450 668 David
1482 614 2126 684 parebant,obsoderunt.

557 707 698 760 sicut
737 707 898 760 etiam
939 706 1088 776 prius
1127 713 1408 760 ostensum
1455 714 1560 771 est,
1619 707 1756 763 alter
1780 705 1998 776 quidem
2031 707 2130 760 Da-

554 798 725 852 masci
783 798 1024 868 gentium
1078 798 1371 851 simulacra
1421 797 1764 853 adorantium
1818 814 1934 857 rex.
1988 800 2126 854 alter

552 903 682 946 vero
710 889 950 946 Iudaicae
981 891 1352 946 multitudinis
1395 893 1446 946 in
1473 908 1535 945 ea
1570 891 1876 947 Palaestina:
1905 891 2126 948 civitate

551 999 672 1053 qua:
705 992 837 1038 tunc
873 986 1090 1052 quidem
1116 986 1412 1039 vocabatur
1465 983 1731 1043 Samaria.
1758 998 1905 1038 nunc
1941 992 2122 1038 autem

551 1093 581 1130 a
610 1077 816 1131 nostris
848 1077 1075 1131 Sebaste
1108 1078 1424 1131 nominatur
1453 1095 1465 1130 :
1497 1077 1659 1147 33o
1684 1076 1750 1131 de
1767 1077 1966 1147 quibus
1982 1078 2122 1132 Deus

550 1185 647 1238 per
663 1169 980 1238 prophetam
1006 1169 1072 1222 ad
1106 1169 1286 1222 Achaz
1317 1168 1452 1223 dixit
1484 1187 1498 1222 :
1539 1189 1557 1219 ι
1585 1169 1661 1224 Ne
1690 1169 1907 1229 timeas.
1945 1185 2122 1238 neque

548 1261 729 1314 anima
761 1269 852 1314 tua
881 1261 1134 1330 langueat
1165 1277 1192 1314 a
1218 1261 1431 1315 duobus
1472 1261 1651 1331 lignis,
1691 1275 1721 1314 a
1767 1261 2009 1316 torribus
2038 1261 2127 1314 bis

548 1345 980 1416 fumiganttbus;
1023 1367 1040 1397 ι
1094 1356 1290 1402 etcum
1349 1349 1625 1402 interitum
1676 1349 1915 1402 virorum
1982 1365 2118 1403 con-

545 1436 701 1495 tinuo
747 1453 926 1506 neque
949 1440 1122 1491 multo
1174 1447 1297 1508 post
1345 1440 1584 1494 futurum
1622 1440 1892 1503 dixisset.
1961 1441 2115 1496 dein-

544 1545 674 1599 ceps
741 1541 890 1585 camt
951 1533 1406 1601 quemadmodum
1465 1534 1517 1588 in
1585 1535 1868 1589 nobiscum
1941 1535 2112 1589 futuri

547 1620 640 1673 Dei
691 1628 836 1682 ortu,
894 1622 1112 1691 penitus
1178 1623 1460 1677 amborum
1507 1625 1881 1694 exstinguctur
1925 1634 1978 1678 et
2001 1627 2114 1678 dis-
2146 1655 2168 1676 .

544 1713 784 1766 solvetur
825 1728 1071 1782 regnum.
1131 1713 1480 1772 Ostendimus
1539 1725 1718 1772 autem
1773 1719 1842 1772 ab
1888 1718 2112 1775 historia

541 1807 997 1875 quemadmodum
1022 1823 1196 1877 usque
1229 1808 1297 1862 ad
1355 1819 1595 1878 tempora
1621 1809 1888 1864 adventus
1922 1811 2112 1866 Salva-
2147 1789 2186 1844 Β

541 1899 679 1955 toris
705 1901 878 1955 nostri
938 1899 1067 1956 Iesu
1093 1899 1320 1960 Christi.
1363 1910 1654 1972 utrumque
1692 1910 1746 1956 et
1799 1901 2108 1960 Iudaeorum

539 1997 593 2042 et
625 1989 1082 2046 Damascenorum
1120 1994 1480 2062 permanserit
1521 2009 1767 2063 regnum.
1813 1993 2106 2066 Postquam

542 2097 669 2137 vero
692 2083 782 2138 ille
800 2083 864 2137 ad
895 2099 1086 2140 omnes
1119 2085 1365 2140 homines
1389 2085 1628 2147 advenit,
1653 2088 1795 2140 sicut
1825 2089 2105 2142 oraculum

539 2175 716 2245 ipsum
743 2177 1090 2246 praedixerat.
1117 2177 1451 2239 defecerunt.
1488 2193 1598 2249 quo
1644 2188 1888 2252 tempore
1936 2183 2105 2251 impe-

538 2267 678 2321 rium
707 2266 1074 2324 Romanorum
1096 2286 1202 2325 una
1227 2286 1349 2324 cum
1391 2271 1691 2328 Salvatoris
1734 2273 1907 2327 nostri
1932 2275 2108 2343 publi-

536 2361 752 2415 catione
783 2361 1012 2416 invaluit
1036 2378 1050 2415 :
1074 2371 1127 2417 et
1159 2363 1270 2418 h:ec
1302 2363 1369 2416 ad
1397 2365 1620 2419 verbum
1661 2379 1783 2418 cum
1816 2365 2107 2420 cecinisset

535 2453 838 2516 oraculum,
884 2453 1132 2508 transivit
1155 2453 1221 2507 ad
1253 2471 1472 2510 sensum
1516 2468 1568 2514 et
1596 2457 2024 2526 intelligentiam,
2051 2465 2106 2512 et

534 2545 601 2599 ad
663 2545 1020 2601 universalem
1074 2549 1298 2618 majoris
1329 2549 1556 2620 spiritus
1605 2551 1656 2604 in
1687 2549 2105 2619 contemplando

531 2636 928 2704 expositionem
955 2677 971 2698 .
1006 2647 1057 2691 et
1088 2651 1210 2690 cum
1243 2638 1382 2692 duos
1427 2638 1648 2692 ordines
1679 2639 1914 2694 hostium
1943 2647 2106 2710 atque

533 2725 877 2781 inimicorum
915 2728 1292 2791 invisibilium,
1344 2729 1446 2784 hoc
1490 2739 1575 2785 est
1606 2731 1871 2786 malorum
1902 2730 2105 2787 dmmo-

532 2834 688 2883 num,
723 2819 1072 2882 instituisset,
1103 2821 1196 2890 qui
1219 2836 1379 2876 omne
1427 2823 1704 2876 hominum
1737 2839 1909 2893 genus
1939 2826 2103 2879 variis

533 2911 708 2966 modis
732 2919 1066 2982 oppugnant,
1097 2928 1262 2965 unum
1310 2913 1528 2980 quidem
1563 2930 1748 2968 eorum
1791 2916 1883 2984 qui
1921 2923 1974 2967 et
2006 2931 2103 2969 un-

529 3003 694 3074 dique
725 3011 779 3058 et
801 3019 1013 3072 semper
1046 3003 1187 3056 inter
1207 3003 1454 3057 homines
1485 3005 1662 3060 cultus
1689 3005 2101 3059 simulacrorum

529 3092 662 3148 etin
687 3093 1038 3162 opinionibus
1094 3091 1258 3147 falsas
1313 3095 1610 3147 sententias
1638 3100 1900 3164 generant
1939 3102 2101 3164 atque

528 3186 784 3250 elliciunt,
815 3186 1045 3240 alterum
1079 3201 1208 3240 vero
1259 3201 1448 3240 eorum
1481 3186 1573 3256 qui
1625 3187 1677 3240 in
1711 3187 1954 3242 moribus
1980 3189 2097 3241 ani-

528 3292 740 3332 marum
799 3277 1154 3346 perditionem
1222 3285 1386 3346 atque
1445 3277 1721 3332 interitum
1777 3279 2097 3342 moliuntur,

528 3386 764 3441 cumque
797 3371 1001 3426 erroris
1048 3371 1101 3424 in
1167 3371 1479 3426 sinmlacris
1533 3371 1778 3426 colendis
1808 3371 2096 3442 imaginem

530 3463 672 3519 ferre
703 3463 1032 3518 ostendisset
1057 3479 1181 3519 eum
1211 3463 1303 3533 qui
1358 3462 1603 3517 Damasci
1634 3463 1947 3534 imperaret,
1981 3463 2100 3532 ejus

527 3569 659 3608 vero
693 3569 787 3624 per
813 3570 974 3624 quem
998 3554 1245 3610 homines
1274 3568 1303 3606 a
1333 3553 1656 3624 temperanti
1689 3568 1932 3624 saneque
1954 3555 2097 3608 victu

527 3647 893 3708 deducuntur,
952 3647 1175 3716 ﬁguram
1206 3661 1349 3706 esse.
1380 3661 1504 3700 eum
1535 3645 1628 3714 qui
1665 3645 1960 3700 Samarim:
1993 3662 2096 3700 non

525 3742 680 3811 prius
724 3741 798 3796 ait
848 3749 1047 3795 terram
1096 3740 1164 3793 ab
1218 3740 1368 3796 hisce
1427 3738 1757 3794 liberandam
1789 3739 1891 3808 (sic
1914 3740 2099 3810 utique

526 3849 728 3888 vocans
753 3833 1000 3889 homines
1032 3831 1085 3886 in
1125 3840 1271 3886 terra
1311 3831 1638 3901 habitantes)
1669 3846 1832 3901 quam
1870 3832 1925 3886 in
1953 3841 2096 3886 terra

525 3924 901 3992 conspiciatur
958 3921 1276 3976 Emmanuel
1333 3921 1477 3978 Deus
1506 3938 1519 3973 :
1550 3923 1641 3978 ubi
1695 3933 1874 3978 autem
1918 3923 2006 3978 hic
2033 3924 2097 3978 il-

526 4016 746 4077 luxerit.
777 4025 832 4070 et
865 4015 919 4067 in
970 4013 1208 4069 hominis
1241 4015 1422 4069 anima
1455 4016 1788 4085 regnaverit.
1825 4017 2094 4070 neminem

523 4109 752 4177 posthac
773 4105 1182 4177 superfuturum
1208 4121 1398 4162 eorum
1417 4107 1509 4178 qui
1529 4114 1686 4160 antea
1715 4107 1890 4176 ipsum
1920 4107 2095 4176 possi-

521 4199 742 4255 debant.
779 4199 872 4253 Sic
905 4215 1037 4254 sane
1067 4197 1233 4254 etiam
1259 4199 1362 4254 hoc
1388 4198 1442 4252 in
1488 4199 1610 4254 loco
1640 4199 1846 4253 dictum
1878 4213 2000 4254 esse
2032 4199 2096 4251 il-

524 4293 638 4355 lud,
690 4312 709 4344 ι
734 4294 965 4363 accipiet
1004 4300 1326 4362 potestatem
1374 4291 1646 4360 Damasci,
1679 4298 1734 4346 et
1784 4291 1956 4361 spolia
1995 4289 2095 4345 Sa-

523 4387 730 4449 marize,
758 4406 776 4438 ι
808 4393 995 4456 utpote
1023 4399 1146 4438 cum
1173 4382 1472 4437 Salvatoris
1498 4382 1672 4438 nostri
1721 4380 1852 4437 Jesu
1888 4381 2092 4437 Christi

2237 525 2328 576 καὶ
2355 524 2473 576 κατ’
2503 525 2662 577 αὑτὸν
2703 526 2925 579 Ἡσαΐαν
2947 529 3036 581 τὸν
3060 531 3360 601 προφήτην,
3377 530 3470 584 δύο
3487 531 3732 601 βασιλεῖς
3757 536 3824 586 ὲκ

2237 613 2509 685 συνθήκης
2529 616 2652 678 τοὺς
2665 615 2769 668 ὑπὸ
2783 619 2894 680 τοῖς
2904 616 3166 688 διαδόχοις
3185 618 3344 671 Δαυῒδ
3362 618 3823 692 βασιλευομένους

2233 705 2600 778 ἐπολιόρκουν,
2631 707 2708 769 ὡς
2736 707 2837 778 ἤδη
2877 707 3137 780 πρότερον
3169 709 3482 779 δεδήλωται,
3511 711 3540 761 ό
3575 712 3680 781 μὲν
3724 713 3824 764 ἐπὶ

2233 799 2329 868 τῆς
2359 797 2651 869 Δαμασκοῦ
2689 798 2795 852 τῶν
2828 799 3223 870 εἰδωλολατρῶν
3260 799 3430 854 ὲθνῶν
3475 801 3762 872 βασιλεὺς,
3794 804 3826 854 ὸ

2230 889 2285 942 δὲ
2315 890 2407 943 τοῦ
2441 890 2678 962 πλήθους
2725 890 2832 943 τῶν
2868 888 3135 946 Ἰουδαίων
3165 893 3224 944 ἐν
3269 896 3334 963 τῇ
3373 893 3682 966 καλουμένῃ
3709 895 3826 948 Σα-

2235 984 2434 1056 μαρείᾳ
2461 983 2614 1036 πόλει
2646 983 2745 1051 τῆς
2783 983 3166 1055 Παλαιστίνης,
3195 985 3261 1055 ῆν
3290 985 3563 1056 Σεϐαστὴν
3594 989 3640 1039 oi
3685 986 3821 1040 καθ’

2229 1076 2375 1145 ἡμᾶς
2404 1074 2755 1144 ὀνομάζουσι’
2789 1077 2914 1146 περὶ
2951 1070 3025 1128 ὧν
3058 1077 3086 1128 ό
3108 1076 3240 1139 Θεὸς
3280 1076 3368 1130 διὰ
3400 1077 3493 1129 τοῦ
3525 1079 3820 1148 προφήτου

2226 1165 2302 1235 τῷ
2325 1165 2498 1236 Ἀχαζ
2524 1162 2641 1218 εἷπε
2667 1184 2679 1196 ο
2727 1185 2744 1216 ι
2777 1166 2867 1238 Μὴ
2901 1167 3086 1236 φοϐοῦ,
3127 1169 3259 1239 μηδὲ
3289 1171 3322 1240 ὴ
3350 1169 3493 1240 ψυχή
3525 1185 3619 1222 σου
3650 1169 3823 1222 ἀσθε-

2225 1259 2383 1310 νείτω
2424 1259 2531 1312 ἀπὸ
2567 1259 2675 1312 τῶν
2708 1260 2800 1312 δύο
2839 1259 3029 1325 ξύλων,
3060 1261 3168 1312 τῶν
3201 1260 3372 1313 δαλῶν
3399 1261 3509 1314 τῶν
3545 1261 3819 1324 καπνιζο-

2227 1350 2401 1419 μένων
2438 1352 2641 1404 τούτων
2665 1370 2677 1382 ο
2730 1371 2748 1402 ι
2788 1353 2879 1404 καὶ
2909 1354 3006 1424 τὴν
3036 1352 3309 1406 ἀπώλειάν
3351 1370 3410 1422 γε
3458 1353 3566 1405 τῶν
3593 1353 3818 1425 ἀνδρῶν

2222 1443 2418 1496 αὐτίκα
2446 1443 2587 1514 μάλα
2609 1446 2703 1497 καὶ
2723 1444 2820 1497 οὐκ
2849 1447 2927 1508 εἰς
2963 1444 3178 1516 μακρὰν
3209 1445 3423 1498 ἔσεσθαι
3462 1443 3651 1502 είπὼν,
3678 1445 3816 1514 ὲξῆς

2222 1533 2572 1604 προφητεύει,
2603 1535 2677 1598 ὡς
2703 1537 2794 1588 ἐπὶ
2818 1539 2882 1606 τῇ
2915 1535 3006 1589 τοῦ
3046 1535 3162 1605 μεθ’
3191 1536 3348 1606 ἡμῶν
3378 1535 3636 1605 ἐσομένου
3662 1534 3811 1587 Θεοῦ

2220 1629 2429 1696 γενέσει
2466 1630 2696 1700 πάμπαν
2741 1631 3063 1702 ἀμφοτέρων
3107 1629 3457 1699 ὤεσθήσεται
3488 1629 3581 1681 καὶ
3627 1644 3811 1681 κατα-

2219 1719 2557 1793 λυθήσεταιή
2586 1722 2848 1792 βασιλεία.
2876 1723 3170 1793 Δείκνυμεν
3199 1721 3253 1774 δὲ
3275 1722 3382 1774 ἀπὸ
3401 1721 3500 1790 τῆς
3530 1721 3805 1791 ἱστορίας,

2217 1811 2292 1874 ὡς
2321 1813 2479 1884 μέχρι
2509 1814 2615 1866 τῶν
2642 1815 2847 1886 χρόνων
2871 1817 2966 1886 τῆς
2992 1813 3085 1866 τοῦ
3127 1813 3374 1884 Σωτῆρος
3417 1813 3573 1883 ἡμῶν
3616 1811 3803 1882 Ἰησοῦ

2215 1903 2309 1956 τοῦ
2334 1904 2566 1975 Χριστοῦ
2605 1905 2926 1976 παρουσίας,
2951 1905 3402 1976 διαμεμένηκενῆ
3435 1921 3494 1956 τε
3523 1903 3632 1956 τῶν
3667 1903 3806 1962 Ἰου-

2215 1996 2376 2049 δαίων
2408 1999 2500 2050 καὶ
2547 1997 2918 2068 Δαμασκηνῶν
2963 1996 3225 2066 βασιλεία.
3271 1997 3423 2050 Μετά
3453 1996 3508 2049 δὲ
3564 1995 3668 2066 τὴν
3716 1997 3800 2057 είς

2216 2090 2420 2153 πάντας
2453 2089 2769 2160 ἀνθρώπους
2812 2091 3126 2158 ἐπιφάνειαν
3158 2088 3344 2151 αὑτοῦ,
3384 2088 3695 2152 ἀκολούθως
3727 2090 3797 2158 τῇ

2215 2182 2512 2252 προρρήσει
2571 2179 2959 2243 διαλελοίπασι,
2996 2180 3096 2249 τῆς
3146 2177 3433 2249 Ῥωμαίων
3495 2179 3800 2250 μοναρχίας

2214 2272 2656 2344 ἐπικρατησάσης
2679 2273 2773 2324 σὺν
2795 2271 2871 2342 τῷ
2886 2272 2978 2324 τοῦ
3002 2271 3252 2342 Σωτῆρος
3275 2270 3429 2340 ἡμῶν
3451 2271 3793 2342 κηρύγματι.

2213 2364 2324 2417 Καὶ
2349 2363 2518 2417 ταῦτά
2541 2379 2602 2430 γε
2629 2365 2763 2434 πρὸς
2783 2362 2925 2426 λέξιν
2948 2362 3208 2424 θεσπίσας
3230 2364 3257 2414 ὁ
3273 2362 3446 2430 λόγος,
3472 2361 3795 2432 μετέϐαινεν

2213 2457 2304 2512 ἐπὶ
2331 2457 2428 2528 τὴν
2458 2456 2710 2518 διάνοιαν,
2747 2459 2839 2510 καὶ
2880 2457 2977 2528 τὴν
3003 2456 3230 2511 καθόλου
3267 2457 3794 2529 πνευματικωτέραν

2211 2553 2268 2604 ὲν
2297 2550 2548 2621 θεωρίαις
2585 2549 2866 2602 ἀπόδοσιν’
2913 2549 3357 2620 ύποστησάμενός
3393 2565 3450 2600 τε
3489 2547 3583 2600 δύο
3623 2550 3792 2618 στίφη

2210 2643 2454 2713 ἀοράτων
2504 2639 2710 2710 ἐχθρῶν
2757 2640 2850 2693 καὶ
2899 2640 3169 2711 πολεμίων
3205 2639 3472 2709 δαιμόνων
3509 2641 3790 2712 πονηρῶν,

2208 2732 2268 2786 τὸ
2294 2734 2509 2786 πάντων
2547 2730 2849 2803 ἀνθρώπων
2882 2733 3035 2800 γένος
3075 2732 3345 2804 διαφόρως
3384 2732 3786 2802 πολεμούντων,

2209 2823 2266 2875 ἓν
2311 2825 2408 2894 μὲν
2452 2823 2562 2875 τῶν
2580 2823 2678 2887 τὰς
2704 2825 2763 2877 ἐν
2806 2821 3110 2894 ἀνθρώποις
3154 2824 3517 2895 ἐνεργούντων
3567 2825 3656 2878 ἀεὶ
3691 2825 3790 2878 καὶ

2209 2914 2437 2968 πάντοτε
2461 2913 2919 2984 εἰδωλολατρείας,
2951 2914 3044 2965 καὶ
3069 2913 3166 2977 τὰς
3192 2915 3249 2966 ὲν
3275 2913 3503 2984 δόγμασι
3529 2913 3785 2983 ψευδοδο-

2211 3004 2346 3071 ξίας,
2371 3005 2594 3070 θάτερον
2622 3005 2679 3058 δὲ
2711 3006 2818 3059 τῶν
2853 3007 2911 3058 ὲν
2933 3005 3086 3077 ἤθεσι
3109 3004 3295 3075 ψυχῶν
3318 3003 3613 3076 διαφθορὰν
3645 3023 3786 3057 κατ-

2207 3095 2600 3168 εργαζομένων·
2639 3095 2732 3148 καὶ
2766 3095 2826 3147 τὸ
2863 3096 2960 3166 μὲν
2999 3095 3096 3164 τῆς
3146 3094 3530 3166 είδωλολάτρου
3573 3094 3786 3164 πλάνης

2204 3187 2386 3241 εἰκόνα
2418 3188 2602 3259 φέρειν
2630 3185 2933 3251 ἀποδείξας,
2957 3186 3047 3238 τὸν
3082 3186 3315 3255 ἄρχοντα
3341 3185 3442 3256 τῆς
3462 3185 3783 3256 Δαμασκοῦ,

2201 3279 2263 3332 τὸ
2284 3279 2338 3333 δὲ
2367 3279 2475 3330 τῶν
2503 3281 2560 3331 ὲν
2579 3277 2890 3332 ἀποπτῶσει
2917 3276 3009 3330 τοῦ
3041 3276 3312 3347 σώφρονος
3336 3279 3428 3330 καὶ
3450 3277 3637 3345 ὑγιοῦς
3661 3277 3784 3348 βίου

2200 3369 2368 3422 τύπον
2404 3365 2561 3431 εἶναι,
2598 3369 2688 3422 τὸν
2733 3370 2831 3440 τῆς
2867 3368 3199 3439 Σαμαρείας,
3227 3368 3286 3420 ού
3335 3369 3600 3439 πρότερον
3646 3386 3784 3437 φησι

2200 3461 2403 3516 τούτων
2445 3461 2917 3533 ἀπαλλαγήσεσθαι
2960 3461 3056 3532 τὴν
3085 3460 3208 3531 γῆν,
3239 3457 3402 3529 (οὕτω
3445 3461 3624 3514 καλῶν
3651 3463 3784 3524 τοὺς

2202 3557 2291 3608 ἐπὶ
2317 3556 2416 3626 γῆς
2444 3555 2826 3617 κατοικοῦντας
2848 3554 3209 3626 ἀνθρώπους,)
3236 3554 3268 3624 ἦ
3299 3554 3531 3625 φανῆναι
3555 3553 3646 3606 ἐπὶ
3672 3552 3783 3620 γῆς

2198 3644 2290 3697 τὸν
2328 3643 2672 3715 Ἑμμανουὴλ
2709 3643 2868 3695 Θεόν·
2903 3643 3091 3696 τούτου
3125 3643 3181 3696 δὲ
3219 3643 3642 3714 ἐπιλάμψαντος,
3682 3642 3783 3695 καὶ

2201 3733 2573 3802 βασιλεύοντος
2604 3732 2891 3808 ἀνθρώπου
2917 3733 3114 3804 ψυχῆς,
3147 3734 3349 3804 μηδένα
3393 3733 3471 3786 ἔτι
3493 3725 3779 3786 λείπεσθαι

2199 3826 2304 3878 τῶν
2327 3826 2490 3879 πάλαι
2535 3825 3011 3898 κατακρατοῦντων
3047 3825 3233 3896 αὐτῆς.
3277 3825 3432 3879 Οῦτω
3465 3825 3527 3896 δὴ
3561 3820 3652 3878 οὖν
3680 3843 3779 3878 και

2197 3917 2380 3971 ὲνθάδε
2413 3917 2540 3988 περὶ
2563 3917 2672 3969 τῶν
2697 3916 2873 3969 αὐτῶν
2905 3915 3152 3985 εἰρῆσθαι
3189 3915 3399 3986 νοήσεις
3438 3914 3518 3975 τὸ,
3550 3933 3567 3964 ι
3596 3913 3779 3984 Λήψε-

2195 4025 2284 4062 ται
2320 4007 2545 4077 δύναμιν
2584 4004 2896 4076 Δαμασκοῦ,
2929 3997 3023 4058 καὶ
3072 4005 3138 4058 τὰ
3174 4004 3346 4058 σκῦλα
3388 4005 3714 4080 Σαμαρείας,
3749 4027 3768 4056 ι

2194 4101 2292 4170 τῆς
2325 4099 2417 4152 τοῦ
2453 4101 2704 4170 Σωτῆρος
2722 4096 2879 4168 ἡμῶν
2916 4095 3087 4167 Ἰησοῦ
3115 4095 3349 4166 Χριστοῦ
3377 4095 3656 4166 δυνάμεως
3682 4115 3775 4151 κα-

2196 4191 2488 4262 θαιρούσης
2527 4189 2734 4262 ἀθρόως
2775 4187 2982 4249 πάντας
3015 4186 3139 4250 τοῦς
3176 4186 3440 4258 ἀοράτους
3483 4188 3638 4258 ἡμῶν
3680 4192 3774 4259 ὲχ-

2196 4283 2376 4354 θροῦς,
2399 4283 2446 4334 οἳ
2471 4281 2534 4353 δὴ
2557 4280 2720 4334 πάλαι
2743 4279 3002 4350 πρότερον
3016 4281 3133 4340 ταῖς
3153 4279 3574 4348 προειρημέναις
3589 4279 3772 4342 ἀθέοις

2195 4374 2288 4428 καὶ
2322 4373 2671 4427 ὲπιϐλαόέσιν
2713 4370 3012 4441 ἐνεργείαις
3041 4369 3247 4433 πάντας
3291 4369 3608 4441 ἀνθρώπους
3643 4373 3771 4423 ἐπο-

520 4475 605 4531 vis
660 4475 952 4529 acervatim
999 4487 1256 4527 eversura
1307 4479 1456 4526 esset
1503 4481 1731 4525 cunctos
1789 4470 2088 4525 invisibiles

2206 4467 2456 4538 ttépxouv.
2487 4465 2594 4517 Καὶ
2640 4463 2775 4534 πρὸς
2813 4461 2955 4527 λέξιν
2977 4461 3034 4514 δὲ
3068 4461 3228 4514 πάλιν
3272 4460 3403 4525 ἴδοις
3430 4462 3495 4515 ἂν
3534 4462 3668 4534 ὁμοῦ
3700 4465 3766 4534 τῇ

521 4568 681 4622 nobis
730 4567 960 4628 hostes,
990 4565 1082 4634 qui
1136 4563 1463 4633 jampridem
1500 4562 1608 4621 his.
1657 4576 1778 4632 quae
1839 4563 2091 4631 superius

519 4655 678 4709 dictae
705 4661 854 4716 sunt,
881 4667 910 4706 a
943 4650 1052 4706 Deo
1101 4652 1291 4706 alienis
1335 4658 1391 4706 et
1433 4651 1611 4705 noxiis
1659 4649 2088 4720 operationibus.

519 4747 805 4802 universos
831 4745 1080 4800 homines
1140 4744 1483 4799 occidebant.
1514 4741 1623 4798 Nec
1675 4759 1784 4798 non
1815 4757 2007 4797 rursus
2043 4743 2088 4796 si

519 4838 586 4892 ad
620 4838 845 4894 verbum
903 4836 1302 4905 interpreteris.
1353 4833 1540 4889 videas
1591 4835 1844 4905 protinus
1873 4833 1927 4887 in
1967 4841 2088 4887 ortu

519 4942 682 5002 atque
712 4933 948 4987 adventu
1003 4929 1301 4983 Salvatoris
1360 4928 1559 4990 nostri,
1611 4926 1863 4981 Damasci
1898 4932 2090 4997 potens

518 5026 647 5079 tiam
702 5039 988 5086 eversam,
1031 5031 1086 5076 et
1137 5021 1312 5090 spolia
1364 5017 1626 5073 Samaria:
1665 5017 1878 5072 sublata
1907 5057 1923 5081 ,
1986 5012 2088 5071 hoc

516 5127 619 5180 est,
658 5131 847 5172 earum
879 5129 1066 5184 regna,
1091 5128 1212 5183 quae
1243 5126 1417 5182 usque.
1465 5109 1531 5164 ad
1583 5117 1828 5180 tempora
1867 5110 1936 5165 de
1963 5110 2088 5180 qui-

515 5210 618 5264 bus
647 5207 854 5262 dictum
877 5209 981 5268 est.
1017 5205 1360 5264 duraverint.
1411 5217 1477 5257 ex
1509 5202 1601 5258 illo
1630 5202 1697 5256 ad
1723 5203 1870 5256 hunc
1914 5217 2088 5272 usque

517 5301 660 5356 diem
717 5309 778 5354 ut
807 5301 876 5352 ab
920 5298 1162 5353 oraculis
1197 5297 1515 5368 praedictum
1559 5304 1683 5357 est.
1747 5293 2083 5350 defecerunt.

514 5395 673 5467 331
711 5392 942 5459 Quidam
967 5407 1096 5446 vero
1125 5391 1290 5447 etiam
1325 5391 1481 5444 aliter
1535 5388 1748 5446 dicunt.
1773 5385 1958 5458 Magos
1991 5386 2085 5456 qui

515 5487 585 5540 ab
617 5485 838 5540 Oriente
862 5488 1147 5547 venerunt,
1196 5491 1250 5536 et
1287 5481 1586 5545 Christum,
1621 5480 1714 5551 qui
1739 5493 1873 5549 puer
1907 5477 2086 5532 adhuc

515 5592 654 5642 erat,
681 5580 1067 5640 adoraverunt,
1103 5578 1205 5632 hos
1245 5578 1392 5648 ipsos
1419 5591 1540 5632 esse
1559 5616 1574 5636 ,
1599 5581 1923 5646 potestatem
1976 5571 2082 5626 Da-

518 5677 712 5730 masci.
769 5673 932 5729 Potes
988 5675 1150 5728 etiam
1203 5672 1374 5741 magis
1411 5673 1468 5726 in
1527 5672 1843 5726 universum
1877 5668 2080 5728 dicere,

517 5785 707 5826 omnes
749 5767 1062 5837 quicunque
1115 5765 1347 5820 alienam
1407 5778 1437 5816 a
1482 5761 1591 5818 Deo
1640 5761 2082 5831 multitudinique

2193 4557 2520 4627 ysvécsexal
2554 4553 2843 4624 ἐπιφανείᾳ
2868 4553 2961 4606 τοῦ
3001 4554 3252 4625 Σωτῆρος
3281 4552 3438 4632 ήμῶν
3477 4554 3577 4624 τὴν
3606 4553 3767 4606 δύναο

2196 4670 2286 4722 μιν
2307 4647 2597 4720 Δαμασκοῦ
2620 4647 3027 4719 καθῃρημένην,
3057 4646 3149 4699 καὶ
3163 4645 3231 4698 τὰ
3257 4644 3428 4698 σκῦλα
3454 4645 3766 4717 Σαμαρείας

2191 4743 2425 4816 ὴρμένα,
2452 4740 2596 4796 τοῦτ’
2622 4740 2737 4792 ἔστι
2775 4739 2878 4803 τὰς
2924 4737 3193 4808 βασιλείας
3233 4736 3436 4800 αὐτῶν,
3483 4739 3562 4800 αἳ,
3606 4739 3763 4809 μέχρι

2189 4838 2296 4889 τῶν
2320 4834 2659 4907 δηλουμένων
2702 4832 2906 4904 χρόνων
2934 4831 3308 4902 διαρκέσασαι,
3331 4830 3390 4897 ἐξ
3424 4832 3635 4884 ἐκείνου
3671 4835 3761 4887 καὶ

2190 4932 2268 4994 είς
2297 4929 2456 5000 δεῦρο
2476 4926 2869 4992 ,διαλελοίπασῃ
2902 4924 3042 4978 κατά
3078 4923 3175 4986 τὰς
3221 4921 3368 4987 θείας
3409 4926 3755 4997 προρρήσεις.

2189 5023 2324 5077 Φασὶ
2349 5020 2407 5074 δέ
2441 5037 2583 5084 τινες
2622 5020 2716 5072 xui.
2759 5019 2934 5081 ἄλλως
2956 5057 2971 5080 ,
3000 5016 3126 5082 τοὺς
3163 5017 3257 5069 ἀπ’
3303 5017 3591 5088 Ἀνατολῆς
3637 5018 3760 5088 ἐλη-

2188 5099 2414 5178 λυθότας
2476 5113 2742 5181 Μάγους,
2822 5111 2917 5163 καὶ
2983 5108 3059 5180 τῷ
3114 5109 3333 5180 Χριστῷ
3393 5110 3588 5179 παιδίῳ
3648 5111 3758 5163 ὄντι

2189 5205 2698 5281 προσκεκυνηκότας
2721 5243 2736 5267 ,
2798 5202 3017 5265 τούτους
3068 5195 3207 5255 εἶναι
3264 5202 3362 5272 τὴν
3401 5200 3626 5272 δύναμιν
3658 5206 3760 5255 Δα-

2191 5299 2422 5372 μασκοῦ.
2511 5298 2699 5359 Εἷποις
2758 5295 2805 5347 δ’
2866 5292 2934 5346 ἂν
3003 5291 3431 5366 καθολικώτερον
3461 5332 3477 5356 ,
3554 5292 3760 5356 πάντας

2184 5393 2310 5456 τοὺς
2364 5391 2466 5462 τὴν
2517 5389 2615 5460 μὲν
2653 5385 2810 5442 ἄθεον
2858 5387 2955 5440 καὶ
3011 5383 3269 5438 πολύθεον
3316 5385 3758 5456 είδωλολατρείαν

2185 5481 2629 5555 ἀποστραφέντας
2655 5519 2671 5545 ,
2728 5477 2807 5550 τῷ
2863 5478 2922 5532 δὲ
2973 5476 3069 5530 τοῦ
3122 5475 3356 5548 Χριστοῦ
3400 5477 3542 5548 λόγῳ
3588 5494 3756 5530 κατα-

2184 5573 2542 5637 δουλωθέντας
2566 5610 2583 5635 ,
2662 5570 2896 5642 μάλιστα
2956 5569 3004 5622 εί
3063 5568 3276 5621 δυνατοί
3328 5585 3476 5632 τινες
3529 5563 3638 5621 εἷεν
3696 5570 3754 5622 ἐν

2184 5667 2325 5737 λόγῳ
2379 5664 2474 5718 καὶ
2531 5663 2694 5735 σοφίᾳ⁵
2736 5661 2830 5715 τοῦ
2863 5660 3055 5724 αίῶνος
3100 5659 3323 5722 τούτου,
3370 5661 3566 5725 αὐτοὺς
3614 5657 3752 5714 εἶναι

2183 5758 2308 5821 τοὺς
2331 5753 2770 5828 ὀνομαζομένους,
2785 5751 3011 5826 δύναμιν
3034 5750 3344 5825 Δαμασκοῦ.
3400 5750 3556 5805 Κατά
3583 5751 3754 5806 ταῦτα
3775 5807 3798 5836 ο
