4100 6430
276 324 398 383 321

1220 320 1870 381 DEMONSTRATIONIS
1907 318 2373 381 manusuam
2405 313 2539 382 Lm.
2580 322 2703 384 vu.
3140 306 3179 349 ‘

3429 327 3536 386 52?.

259 448 337 505 δὲ
373 448 466 504 καὶ
493 449 564 504 τὰ
595 447 764 504 σκῦλα
791 446 1103 520 Σαμαρείας
1134 446 1348 519 νοήσεις
1368 487 1384 512 ,
1441 419 1589 511 τοὺς
1614 446 1723 501 ἀπὸ
1766 446 1840 501 soi

1963 447 2191 502 deorum
2221 446 2493 502 addictam
2527 447 2943 504 simulacrorum
2973 446 3242 504 culturam
3269 457 3545 522 aspernati

277 538 571 594 Ἰουδαίων
626 538 817 606 ἔθνους
866 538 958 592 τοῦ
992 539 1241 610 Σωτῆρος
1288 537 1449 610 ήμῶν
1494 538 1743 610 μαθητὰς
1769 540 1864 593 καὶ

261 633 617 699 ἀποστόλους
638 674 653 697 ,
697 634 793 698 οὓς
839 633 1028 706 ὥσπερ
1054 636 1119 689 ὲκ
1152 633 1425 705 πολεμίων
1462 634 1571 687 τῶν
1602 635 1667 691 ἐκ
1710 651 1865 707 περι-

259 728 458 798 τομῆς
508 728 632 781 κατ’
671 726 839 781 αὑτοῦ
888 726 1372 799 στρατευσαμένων
1421 724 1591 780 σκῦλα
1638 726 1727 797 ὑφ’
1760 727 1863 780 αύ-

259 819 373 872 τὸν
429 820 612 875 λαϐὼν
660 820 719 887 ἐξ
778 819 1024 884 ἐναντίας
1078 818 1389 875 καθώπλισε
1441 818 1537 874 τοῦ
1594 821 1701 874 τῶν
1747 823 1863 875 Ἀσ-

260 912 486 985 συρίων
550 911 846 983 βασιλέως,
903 911 1046 967 οὕτω
1107 911 1270 967 πάλιν
1332 913 1608 985 τροπικῶς
1668 914 1859 985 δηλου-

263 1003 448 1074 μένου
500 1003 596 1058 τοῦ
642 1005 901 1076 ἄρχοντος
946 1004 1043 1059 τοῦ
1084 1004 1279 1069 αἰῶνος
1327 1011 1536 1061 τούτου.
1624 1007 1778 1062 Ἐπεὶ
1804 1009 1861 1062 δὲ

254 1095 337 1150 τὸ
389 1116 409 1147 ε
444 1098 691 1153 ἐναντίον
743 1098 1006 1170 βασιλέως
1043 1100 1359 1174 Ἀσσυρίων,
1401 1121 1420 1154 ι
1450 1098 1780 1175 σαφέστερον
1831 1103 1860 1156 ὁ

272 1187 525 1255 Ἀκύλας
577 1191 835 1256 ἐξέδωκεν
860 1231 874 1257 ,
907 1190 1101 1256 εἰπὼν,
1142 1209 1162 1243 ι
1217 1195 1295 1256 είς
1344 1193 1635 1264 πρόσωπον
1697 1191 1856 1264 βασι-

255 1280 416 1347 λέως
480 1285 799 1356 Ἀσσυρίων,
838 1304 859 1337 ι
890 1285 1181 1357 ἐπίστησον
1226 1288 1435 1357 μήποτε
1485 1286 1594 1359 ἄρα
1651 1285 1746 1339 καὶ
1798 1286 1857 1339 ὲν

254 1372 486 1438 τούτοις
525 1376 624 1447 τὴν
656 1375 943 1446 Ῥωμαίων
986 1376 1160 1448 ἀρχὴν
1205 1376 1355 1447 δηλοῖ
1376 1416 1393 1440 ,
1449 1375 1506 1431 εῐ
1546 1393 1613 1447 γε
1662 1392 1857 1431 κατευν-

253 1460 557 1528 θύνοντες,
611 1465 644 1537 ἢ
702 1467 1158 1539 κατευθυνόμενοι
1232 1468 1505 1541 Ἀσσύριοι
1575 1466 1855 1539 μεθερμης-

250 1555 563 1622 νεύονται,
633 1558 777 1615 κατὰ
822 1560 890 1613 τὰ
945 1559 1130 1632 μικρῷ
1186 1560 1419 1633 πρόσθεν
1463 1559 1850 1631 ἀποδεδομένα.

266 1648 438 1703 Ἐπεὶ
497 1650 677 1705 τοίνυν
724 1655 789 1724 τῇ
842 1654 972 1726 περὶ
1024 1654 1117 1708 τοῦ
1172 1655 1421 1725 Σωτῆρος
1476 1654 1630 1725 ἡμῶν
1679 1656 1852 1727 προρ-

253 1741 431 1811 ρήσει
502 1743 598 1797 καὶ
664 1742 760 1797 νῦν
813 1745 846 1798 ὁ
900 1746 1008 1798 τῶν
1077 1745 1376 1818 Ἀσσυρίων
1437 1744 1853 1817 συμπέπλεκται

1967 550 2116 605 sunt,
2142 552 2195 597 et
2227 541 2432 599 Christi
2479 542 2648 599 verbo
2677 544 2889 612 seipsos
2929 542 3271 613 addixerunt,
3310 563 3545 618 praeser-

1967 632 2060 686 tim
2087 632 2217 688 siin
2245 633 2421 689 verbo
2463 643 2519 689 et
2554 636 2819 705 sapientia
2854 638 3039 693 saeculi
3090 637 3254 708 hujus
3292 646 3543 710 potentes

1965 725 2117 790 sint,
2183 740 2279 781 eos
2331 726 2481 797 ipsos
2527 743 2655 783 esse
2697 727 2790 798 qni
2847 727 3092 785 Damasci
3147 732 3390 801 potentia
3440 748 3543 787 no-

1964 817 2257 872 minentur.
2290 817 2492 874 Eodem
2529 835 2699 883 sensu
2746 820 2911 876 etiam
2944 823 3117 891 spolia
3155 822 3416 880 Samaria:
3443 840 3540 881 ac-

1961 908 2157 978 cipies,
2190 909 2257 965 de
2295 910 2520 966 Iudaica
2574 921 2733 983 gente
2767 925 3077 984 assumptus
3114 913 3413 974 Salvatoris
3434 932 3539 974 no-

1961 1001 2065 1055 stri
2094 1001 2395 1073 discipulos
2428 1012 2484 1059 et
2516 1006 2815 1075 apostolos,
2842 1021 2981 1077 quos
3010 1008 3169 1077 quasi
3191 1009 3257 1064 de
3287 1010 3538 1068 hostibus

1960 1091 2028 1146 ad
2049 1093 2531 1151 circumcisionem
2559 1099 2957 1167 spectantibus,
3003 1099 3097 1169 qui
3138 1102 3428 1158 adversum
3476 1119 3537 1160 se

1960 1185 2336 1250 militaverint,
2400 1188 2597 1258 praeda}
2659 1191 2835 1245 instar
2884 1193 2989 1247 sibi
3049 1193 3152 1264 ipsi
3212 1195 3532 1263 subjiciam,

1958 1286 2151 1332 contra
2176 1279 2526 1349 Assyriorum
2571 1297 2752 1353 regem
2804 1284 3057 1348 armavit,
3095 1287 3534 1357 quandoquidem

1958 1370 2039 1425 sic
2072 1386 2266 1427 rursus
2321 1388 2417 1442 per
2449 1372 2674 1444 ﬁguram
2727 1377 2912 1432 seculi
2948 1377 3113 1446 hujus
3151 1379 3404 1449 princeps
3458 1379 3536 1435 si-

1954 1462 2263 1532 gniﬁcatur.
2333 1466 2404 1518 At
2457 1480 2589 1519 vero
2639 1468 2893 1535 quoniam
2960 1469 3092 1523 illud
3129 1478 3295 1525 «ante
3348 1486 3529 1541 regem

1940 1552 2324 1625 Assyriorum,
2351 1575 2368 1607 ι
2408 1557 2752 1615 manifestius
2782 1561 2979 1631 Aquila
3013 1560 3270 1627 reddidit,
3324 1563 3415 1618 ubi
3446 1564 3529 1618 sic

1955 1647 2051 1711 ait,
2089 1667 2107 1700 ι
2138 1648 2193 1703 in
2224 1648 2416 1706 faciem
2448 1653 2591 1724 regis
2623 1653 2991 1725 Assyriorum,
3019 1674 3037 1707 ι
3070 1658 3191 1712 vide
3216 1674 3283 1713 ne
3305 1657 3444 1714 forte
3474 1658 3530 1714 in

1954 1738 2040 1794 bis
2075 1741 2255 1796 verbis
2279 1740 2652 1799 Romanorum
2685 1746 2977 1816 imperium
3029 1747 3320 1819 signiticet,
3355 1749 3531 1820 siqui-

252 1828 525 1898 βασιλεὺς
551 1871 567 1895 ,
640 1834 861 1898 εἰκότως
917 1837 1046 1907 ἡμῖν
1102 1835 1380 1893 κάνταῦθα
1445 1837 1479 1908 ή
1558 1835 1840 1906 Ῥωμαίων

1950 1826 2071 1882 dem
2102 1843 2167 1883 ex
2206 1830 2274 1885 iis
2322 1847 2443 1902 qua:
2475 1834 2636 1903 paulo
2667 1843 2793 1889 ante
2818 1852 2851 1889 ιι
2881 1837 3038 1892 nobis
3076 1840 3323 1907 exposita
3373 1848 3524 1902 sunt,

252 1925 413 1995 ἀρχὴ
480 1925 886 1997 παρείληπται,
966 1927 1055 1981 διὰ
1117 1927 1178 1982 τὺ
1239 1928 1378 2000 πρὸς
1429 1926 1521 1980 τοῦ
1578 1924 1711 1980 Θεοῦ
1770 1927 1850 1990 είς

249 2016 368 2087 τὴν
448 2018 559 2072 τῶν
623 2017 790 2073 ὲθνῶν
873 2018 1149 2091 ὑποταγὴν
1206 2017 1650 2074 κατευθύνεσθαι.
1740 2018 1851 2089 Λή-

248 2103 465 2171 esseet
557 2107 843 2179 τοιγαροῦν
915 2108 975 2162 τὺ
1048 2108 1364 2180 τικτόμενον
1450 2108 1661 2163 παιδίον
1747 2109 1849 2181 τήν

248 2191 494 2264 δύναμιν
554 2196 846 2266 Δαμασκοῦ
872 2238 889 2262 ,
968 2199 1062 2252 καὶ
1121 2198 1191 2253 τὰ
1272 2197 1443 2252 σκῦλα
1508 2200 1845 2271 Σαμαρείας,

248 2286 355 2339 καὶ
413 2286 754 2355 παραδώσειν
791 2290 870 2352 είς
904 2289 1193 2361 πρόσωπον
1240 2290 1576 2363 Ἀσσυρίων,
1635 2292 1730 2345 καὶ
1788 2293 1847 2344 ὲν

246 2374 561 2447 ὀφθαλμοῖς
635 2377 743 2431 τῶν
815 2379 920 2434 ὑπὸ
996 2378 1087 2432 τοῦ
1168 2378 1302 2433 Θεοῦ
1368 2381 1846 2453 κατευθυνομένων

250 2466 600 2532 ὒεσπίζεταιο
631 2470 728 2524 καί⁵
771 2470 942 2525 ταῦτα
995 2471 1242 2543 ποιήσειν
1272 2471 1390 2544 ἅμα
1437 2476 1503 2545 τῇ
1549 2475 1714 2529 αὐτοῦ
1755 2492 1846 2544 γε·

250 2559 408 2613 νέσει
439 2601 453 2625 ,
515 2561 738 2633 ἀρρήτῳ
794 2564 889 2617 καὶ
948 2563 1116 2636 ὲνθέῳ
1168 2564 1441 2635 δυνάμει,
1505 2564 1586 2619 ἔτι
1648 2569 1845 2638 νηπιά-

249 2648 409 2714 ζοντι
467 2650 682 2721 σώματι
744 2652 984 2708 τοσαῦτα
1052 2656 1110 2709 ὲν
1164 2654 1469 2727 ἀνθρώποις
1531 2658 1845 2729 οἰκονομού-

250 2758 442 2813 μενος.
515 2744 698 2797 Πάντα
723 2744 780 2798 δὲ
823 2745 993 2800 ταῦτα
1027 2750 1056 2802 ό
1087 2749 1374 2821 προφήτης
1408 2751 1465 2803 ἐν
1491 2749 1641 2822 τόμῳ
1671 2751 1843 2824 καινῷ

245 2833 351 2888 καὶ
408 2834 628 2907 μεγάλῳ
698 2840 883 2908 γραφῇ
944 2839 1277 2911 παραδοῦναι
1336 2840 1625 2913 ἀνθρώπου
1683 2861 1842 2916 προσ-

247 2922 539 2990 τάσσεται,
592 2926 777 2980 τοῦτον
815 2929 909 2981 καὶ
956 2928 1054 2999 τῆς
1099 2931 1290 3001 καινῆς
1344 2934 1619 3005 Διαθήκης
1658 2934 1844 3007 δηλου-

251 3014 431 3087 {tim};
504 3018 596 3071 τὸν
668 3020 888 3091 τρόπον.
992 3022 1556 3096 Προσπαραλαμϐάνει
1616 3027 1673 3080 δὲ
1732 3028 1839 3081 τῶν

246 3109 567 3180 εἰρημένων
636 3111 919 3184 μάρτυρας
994 3114 1141 3185 ίερέα
1194 3116 1292 3168 καὶ
1360 3119 1682 3189 προφήτην,
1741 3120 1836 3173 τοῦ

243 3197 416 3270 λόγου
459 3203 825 3272 παιδεύοντος,
883 3205 959 3271 ὡς
995 3207 1076 3261 ὅτι
1124 3206 1306 3279 δεήσει
1342 3211 1400 3263 ὲν
1460 3214 1581 3275 ταῖς
1624 3212 1837 3266 ἀποδεί-

251 3292 378 3358 ξεσι
430 3297 551 3361 ταῖς
594 3297 719 3369 περὶ
768 3296 862 3351 τοῦ
922 3297 1158 3371 Χριστοῦ
1192 3300 1292 3364 τὰς
1342 3301 1451 3355 ἀπὸ
1493 3302 1593 3375 τῆς
1653 3305 1711 3358 ἐν
1746 3305 1833 3359 νό-

248 3403 344 3456 μῳ
422 3387 731 3460 ἱερουργίας
807 3388 902 3444 καὶ
968 3390 1076 3443 τῶν
1137 3391 1275 3461 μετὰ
1323 3392 1492 3447 ταῦτα
1540 3397 1834 3467 προφητῶν

248 3478 569 3550 μαρτυρίας
625 3480 1087 3554 παραλαμόάνειν.
1183 3485 1415 3549 mmo;
1474 3486 1530 3540 δὲ
1587 3487 1834 3558 βούλεται

243 3571 347 3623 καὶ
391 3570 572 3636 ἄλλως
624 3572 905 3646 μάρτυρας
947 3571 1085 3629 εἶναι
1139 3578 1263 3642 τοὺς
1315 3579 1414 3650 τὴν
1468 3580 1681 3647 γένεσιν
1738 3582 1833 3635 τοῦ

241 3660 579 3733 δηλουμένου
622 3664 833 3719 παιδίου
881 3666 1168 3737 μέλλοντας
1225 3670 1543 3723 ἐποπτεύειν
1566 3712 1580 3735 ,
1635 3673 1714 3737 είς
1772 3675 1834 3727 τὸ

246 3753 495 3807 συνιέναι
571 3753 830 3809 δύνασθαι
904 3755 974 3810 τὰ
1055 3761 1528 3831 προφητευόμενα.
1595 3782 1613 3811 ι
1708 3764 1832 3817 Ἐὰν

246 3842 365 3916 γὰρ
435 3844 509 3916 μὴ
574 3846 900 3917 πιστεύσητε
923 3886 938 3911 ,
1008 3849 1127 3903 οὐδὲ
1179 3851 1252 3922 μὴ
1313 3853 1525 3924 συνῆτε,
1571 3873 1588 3905 ι
1619 3853 1833 3923 ἐλέγετο

248 3936 515 4007 ἀνωτέρω
539 3953 557 3970 λ
612 3926 706 3991 καὶ
753 3938 845 4007 τὸν
907 3939 1005 4009 μὲν
1081 3939 1223 4011 ἔχειν
1256 3942 1372 4010 φῶς
1423 3944 1557 3998 Θεοῦ
1583 3962 1595 3975 ’
1636 3945 1826 4018 (τοῦτο

253 4025 370 4098 γὰρ
431 4028 458 4078 ὁ
529 4025 729 4100 Οὐρίας
789 4026 1169 4102 ἑρμηνεύεται)
1196 4073 1211 4097 ,
1264 4032 1358 4085 τὸν
1413 4034 1470 4087 δὲ
1529 4035 1642 4089 υἱὸν
1701 4033 1831 4092 ὄντα

248 4118 506 4187 εὐλογίας
536 4158 550 4183 ,
632 4119 730 4192 τήν
808 4122 1029 4194 μνήμην
1105 4122 1201 4177 τοῦ
1282 4125 1416 4178 Θεοῦ
1512 4128 1570 4180 ὲν
1653 4128 1830 4200 ἑαυτῷ

246 4210 478 4279 φέρειν·
560 4210 717 4265 τοῦτο
776 4211 886 4285 γὰρ
949 4214 1043 4267 καὶ
1094 4215 1124 4268 ὁ
1176 4214 1268 4269 τοῦ
1324 4216 1595 4290 Βαραχίου
1654 4222 1831 4290 Ζαχα-

251 4301 377 4376 ρίας
428 4303 591 4373 δηλοῖ.
671 4304 857 4360 Ταῦτα
913 4307 1016 4379 μὲν
1049 4303 1141 4363 οὖν
1169 4311 1249 4374 είς
1290 4311 1415 4374 τοὺς
1443 4312 1637 4376 τόπους
1670 4316 1828 4384 ἡμεῖς

249 4392 707 4466 ὲπιϐεὸλήκαμεν.
815 4397 879 4450 Ei
954 4398 1012 4451 δέ
1085 4417 1171 4464 τις
1224 4402 1333 4455 τῶν
1404 4403 1467 4455 ἐκ
1529 4406 1827 4476 περιτομῆς

1950 1918 2158 1991 Assyrii
2191 1937 2444 1980 sermone
2472 1935 2684 1991 nostro,
2732 1938 2787 1984 et
2825 1930 2919 1999 qui
2945 1930 3211 2000 dirigunt,
3243 1939 3297 1986 et
3320 1932 3413 2003 qui
3443 1930 3528 1986 di-

1951 2011 2204 2082 rignntur
2256 2015 2485 2087 intelligi
2522 2020 2720 2074 solent.
2749 2020 3019 2086 Quoniam
3076 2022 3243 2093 igitur
3301 2026 3524 2079 oraculo

1949 2102 2095 2171 quod
2124 2119 2270 2159 nunc
2304 2106 2374 2161 de
2400 2106 2683 2165 Salvatore
2714 2122 2902 2167 nostro
2932 2112 3200 2177 redditur,
3235 2115 3397 2170 etiam
3428 2131 3523 2171 rex

1948 2194 2298 2266 Assyriorum
2347 2199 2645 2269 implicitus
2685 2210 2812 2268 est,
2872 2206 3068 2261 merito
3104 2208 3191 2262 hic
3247 2223 3465 2277 quoque
3491 2222 3523 2261 a

1948 2284 2108 2339 nobis
2141 2284 2513 2344 Romanorum
2546 2291 2833 2358 imperium
2864 2302 3147 2364 acceptum
3179 2305 3284 2360 est,
3320 2297 3525 2367 quippe

1948 2375 2093 2445 quod
2124 2376 2190 2431 ad
2220 2378 2592 2448 subjiciendas
2620 2391 2809 2453 gentes
2824 2384 2892 2438 ab
2916 2384 3036 2454 ipso
3085 2385 3195 2442 Deo
3228 2388 3519 2459 dirigatur.

1948 2467 2096 2539 Ergo
2127 2469 2221 2539 qui
2246 2472 2491 2527 nascitur
2516 2490 2670 2545 puer,
2706 2484 3032 2548 accepturus
3088 2481 3385 2550 potentiam
3418 2481 3523 2535 Da-

1946 2563 2140 2626 masci,
2173 2570 2227 2619 et
2260 2565 2433 2635 spolia
2471 2564 2750 2632 Samarite,
2784 2580 2837 2625 et
2862 2572 3166 2629 traditurus
3214 2575 3267 2629 in
3326 2574 3519 2631 faciem

1945 2654 2295 2726 Assyriorum
2320 2665 2374 2713 et
2402 2657 2459 2712 in
2491 2661 2666 2716 oculis
2698 2678 2888 2717 eorum
2931 2666 3025 2736 qui
3059 2682 3089 2721 a
3133 2667 3239 2723 Deo
3271 2669 3518 2740 dirigun-

1944 2753 2056 2809 tur,
2087 2749 2345 2804 canitur:
2374 2759 2537 2821 atque
2576 2753 2691 2809 haec
2742 2756 2859 2825 ipsa
2894 2757 2945 2811 in
2980 2765 3103 2813 ortu
3141 2776 3240 2814 suo
3273 2761 3519 2821 facturus

1946 2838 1995 2892 vi
2028 2839 2264 2909 quadam
2287 2840 2470 2897 divina
2500 2851 2665 2914 atque
2692 2845 2971 2915 ineffabili,
3024 2851 3115 2920 qui
3168 2853 3386 2922 quidem
3421 2855 3520 2910 ad—

1944 2931 2051 2986 huc
2084 2932 2138 2987 in
2167 2935 2362 3003 puerili
2394 2950 2628 3006 corpore
2676 2942 3008 2997 constitutus
3042 2951 3191 2999 tanta
3249 2947 3393 3003 inter
3417 2949 3517 3001 ho-

1942 3024 2120 3075 mines
2180 3022 2589 3095 dispensatione
2637 3028 2913 3100 fungetur.
2969 3032 3160 3103 Omnia
3211 3051 3341 3092 vero
3399 3039 3516 3097 hac

1943 3116 2206 3185 propheta
2239 3118 2294 3171 in
2328 3133 2470 3175 novo
2498 3127 2551 3175 et
2579 3124 2767 3191 grandi
2812 3126 2953 3180 libro
2986 3128 3128 3199 stylo
3152 3138 3204 3184 et
3230 3133 3515 3202 sdriptum

1941 3206 2176 3262 hominis
2205 3210 2422 3265 tradere
2467 3209 2694 3280 jubetur
2725 3233 2738 3268 ι
2770 3217 2873 3270 hoc
2923 3218 3071 3273 enim
3123 3234 3376 3278 sermone
3405 3223 3517 3279 N06

1938 3313 2065 3353 vum
2126 3300 2469 3370 signiﬁcatur
2523 3303 2951 3365 Testamentum.
3014 3310 3262 3369 Assumit
3330 3324 3512 3371 autem

1936 3405 2126 3446 eorum
2157 3409 2280 3463 qua}
2312 3394 2456 3449 dicta
2496 3406 2626 3453 sunt
2666 3408 2833 3457 testes
2891 3405 3230 3462 sacerdotem
3289 3416 3343 3463 et
3385 3425 3511 3479 pro-'-

1939 3484 2175 3552 phetam,
2201 3489 2425 3544 oraculo
2466 3490 2694 3547 docente
2715 3534 2730 3557 ,
2757 3493 2873 3549 fore
2898 3511 3036 3567 opus
3068 3500 3118 3554 in
3163 3500 3508 3557 demonstra-

1936 3576 2175 3633 tionibus
2206 3579 2274 3634 de
2302 3579 2525 3637 Christo
2554 3591 2666 3638 tum
2704 3600 2733 3639 a
2757 3589 3066 3644 sacerdotio
3093 3592 3238 3661 quod
3292 3595 3350 3649 in
3394 3597 3510 3666 lege

1936 3669 2293 3735 cuntinetum
2322 3679 2437 3726 tum
2473 3689 2503 3727 a
2546 3677 2826 3748 prophetis
2883 3680 2977 3750 qui
3024 3693 3211 3751 pos-tea
3264 3685 3503 3755 fuerunt,

1935 3762 2189 3831 accipere
2223 3763 2571 3834 testimonia;
2624 3778 2677 3823 et
2728 3770 2930 3842 alioqui
2980 3773 3167 3832 ﬁdeles
3197 3779 3334 3833 “vult
3382 3795 3507 3837 esse

1935 3861 2122 3921 testes,
2155 3870 2250 3912 eos
2272 3858 2363 3927 qui
2395 3859 2548 3927 pueri
2575 3858 2644 3916 de
2667 3877 2779 3930 quo
2825 3865 3027 3934 agitur,
3061 3866 3359 3939 inspectnri
3393 3874 3504 3928 sint

1931 3954 2132 4010 ortum,
2163 3954 2223 4001 ut
2265 3963 2327 4003 ea
2387 3965 2511 4018 quae
2548 3952 2602 4006 in
2654 3954 2768 4024 ipsa
2804 3957 3086 4027 prophetia
3133 3964 3503 4031 continentur,

1933 4036 2230 4108 intelligere
2253 4043 2486 4110 possint.
2514 4042 2689 4114 Supra
2717 4048 2863 4101 enim
2902 4050 3208 4120 dicebatur,
3270 4073 3289 4106 ι
3314 4054 3369 4111 Si
3393 4073 3504 4115 non

1930 4127 2291 4193 credideritis,
2350 4149 2458 4187 non
2481 4135 2824 4205 intelligetis,
2858 4158 2876 4190 ι
2912 4149 2966 4194 et
2995 4141 3226 4198 alterum
3283 4148 3503 4217 quidem

1931 4219 2110 4274 lumen
2146 4219 2236 4275 Dei
2260 4221 2461 4278 habere
2493 4239 2506 4275 :
2541 4225 2711 4296 332.
2738 4226 2791 4280 id
2824 4229 2975 4285 enim
3005 4228 3163 4289 Urias
3211 4250 3275 4290 ex
3334 4238 3507 4293 intera-

1930 4314 2234 4381 pretutione
2264 4315 2534 4386 signiﬁcat
2567 4335 2582 4371 :
2614 4320 2845 4375 alterum
2879 4339 3031 4389 vero,
3054 4327 3502 4397 quibenedictioi

1929 4405 2016 4460 nis
2043 4406 2114 4461 sit
2147 4406 2310 4473 illius,
2338 4408 2429 4465 Dei
2454 4411 2507 4465 in
2542 4413 2725 4484 seipse
2753 4418 3068 4474 memoriam
3095 4420 3256 4480 ferre.
3282 4422 3339 4479 ld
3354 4426 3500 4480 enim

246 4484 314 4537 ού
358 4485 529 4539 ταῦτα
576 4486 749 4552 οὕτως
798 4487 942 4559 ἔχειν
993 4488 1238 4560 βούλεται
1260 4533 1275 4557 ,
1334 4491 1452 4566 ὥρα
1495 4492 1625 4566 ἡμῖν
1665 4496 1826 4548 αὑτὸν

1942 4498 2034 4553 sibi
2064 4500 2175 4553 vult
2206 4499 2481 4558 Barachiae
2529 4502 2875 4562 Zacharias:
2936 4510 3052 4565 haec
3094 4513 3259 4583 igitur
3316 4531 3417 4572 nos
3443 4518 3500 4573 in

247 4572 667 4642 ἀποδεικνύναι,
755 4580 841 4644 τίς
917 4578 1134 4634 πώποτε
1209 4585 1340 4655 παρ’
1420 4586 1600 4649 αὐτοῖς
1698 4588 1827 4659 Ἐμ-

253 4667 493 4740 μανουὴλ
570 4669 759 4739 γέγονε
781 4710 797 4736 ,
882 4672 978 4726 καὶ
1038 4673 1153 4738 πῶς
1207 4678 1236 4729 ὀ
1296 4679 1579 4751 προφήτης
1658 4697 1826 4753 προσ-

246 4756 384 4828 ῆλθε
462 4759 598 4831 πρὸς
668 4758 767 4830 τὴν
838 4763 1107 4834 προφῆτιν
1132 4805 1146 4829 ,
1226 4767 1321 4820 καὶ
1397 4768 1520 4822 τίνα
1597 4769 1823 4842 ταύτην,

250 4851 346 4904 καὶ
408 4853 524 4916 πῶς
603 4856 942 4928 παραχρῆμα
1000 4859 1257 4914 συνέλαϐε
1283 4899 1298 4923 ,
1379 4863 1472 4916 καὶ
1527 4863 1613 4928 τίς
1673 4866 1701 4918 ό
1761 4866 1825 4919 ἐκ

247 4945 349 5016 τῆς
406 4946 731 5018 προφήτιδος
783 4949 1103 5021 ἀποτεχθεὶς
1156 4951 1304 5016 υίὸς,
1365 4946 1411 5022 ᾧ
1459 4946 1622 5019 αὐτὸς
1649 4957 1677 5009 ό
1710 4957 1824 5009 Κύ-

251 5052 368 5109 ριος
400 5038 725 5093 ἐπιτέθειται
759 5040 949 5111 ὃνομα,
998 5060 1015 5092 ι
1048 5043 1278 5115 Ταχέως
1313 5045 1628 5111 σκύλευσον,
1669 5068 1687 5099 ι
1727 5050 1823 5103 καὶ

247 5128 334 5193 τίς
405 5130 438 5200 ή
500 5130 647 5183 αἰτία
717 5132 819 5202 τῆς
878 5134 1090 5188 τοιᾶσδε
1150 5134 1242 5188 τοῦ
1310 5137 1591 5208 τεχθέντος
1654 5158 1821 5213 προσ-

245 5220 496 5294 ηγορίας.
564 5223 937 5278 Δεικνύτωσαν
982 5226 1038 5280 δὲ
1069 5223 1162 5280 καὶ
1218 5228 1314 5293 τὸ,
1350 5247 1369 5281 ι
1408 5230 1543 5302 Πρὶν
1596 5226 1628 5302 ἢ
1678 5232 1819 5303 γνῶ-

244 5330 338 5370 ναι
387 5314 449 5368 τὸ
486 5315 694 5370 παιδίον
747 5317 931 5372 καλεῖν
982 5320 1193 5393 πατέρα
1222 5321 1315 5375 καὶ
1364 5322 1610 5396 μητέρα,
1648 5344 1666 5378 ι
1720 5327 1820 5398 τὴν

244 5401 478 5478 δύναμιν
528 5407 784 5479 εἰληφότα
835 5411 1124 5481 Δαμασκοῦ
1150 5452 1164 5477 ,
1225 5414 1320 5468 καὶ
1376 5413 1444 5468 τὰ
1494 5415 1669 5471 σκῦλα
1717 5418 1820 5471 Σα-

251 5498 480 5569 μαρείας
505 5539 521 5562 ,
559 5498 735 5553 ἔναντι
769 5500 1032 5571 βασιλέως
1076 5503 1394 5578 Ἀσσυρίων.
1487 5509 1678 5580 Ἡμεῖς
1707 5509 1817 5581 γὰρ

1933 4588 2131 4660 ﬁguras
2157 4591 2513 4661 conjecimus.
2582 4594 2640 4651 Si
2682 4599 2805 4668 quis
2845 4609 3024 4656 autem
3054 4618 3119 4657 ex
3167 4602 3370 4662 Iudaeis
3398 4608 3503 4664 hoc

1933 4681 2066 4734 nolit
2098 4684 2176 4737 sic
2205 4699 2265 4739 se
2300 4685 2519 4752 habere,
2549 4687 2615 4752 is,
2645 4705 2848 4760 quaeso,
2875 4693 3035 4749 nobis
3067 4697 3338 4763 ostendat,
3376 4702 3502 4771 quis

1929 4787 2169 4843 unquam
2201 4776 2345 4847 apud
2372 4778 2521 4848 ipsos
2555 4779 2873 4839 Emmanuel
2904 4783 3089 4853 fuerit,
3124 4796 3178 4843 et
3226 4795 3500 4860 quomodo

1927 4865 2190 4935 prepheta
2221 4866 2287 4922 ad
2322 4871 2723 4941 prophetissam
2780 4879 3098 4944 accesserit,
3135 4889 3326 4953 etquae
3374 4892 3500 4941 tan.

1926 4958 2059 5022 dem.
2077 4975 2141 5013 ea
2175 4960 2267 5023 sit.
2307 4972 2363 5016 et
2399 4966 2677 5033 quomodo
2726 4979 2758 5018 e
2810 4972 3038 5043 vestigio
3085 4977 3418 5046 conceperit,
3444 4990 3498 5034 et

1923 5051 2177 5119 quisnam
2208 5054 2311 5109 iste
2334 5071 2396 5110 ex
2426 5058 2770 5127 prophetissa
2791 5071 2954 5120 natus
2982 5065 3145 5134 ﬁlius,
3180 5070 3267 5122 cui
3298 5085 3499 5127 nomen

1924 5143 2043 5214 ipse
2062 5144 2326 5204 Dominus
2348 5148 2690 5220 imposuerit,
2719 5171 2738 5203 ι
2757 5152 3020 5211 Celeriter
3046 5157 3271 5216 detrahe
3300 5162 3495 5231 spolia,

1922 5232 2045 5288 Cito
2073 5236 2337 5304 praedare,
2375 5257 2393 5290 ι
2427 5250 2482 5293 et
2514 5255 2767 5311 quaenam
2797 5244 2869 5298 sit
2896 5260 3063 5302 causa
3083 5249 3332 5319 hujusce,
3374 5253 3495 5322 ejus

1922 5326 2013 5396 qui
2047 5334 2211 5383 natus
2272 5331 2365 5397 sit,
2420 5334 2820 5403 appellationis.
2876 5337 3181 5395 Ostendam
3235 5348 3495 5413 prmterea

1920 5419 2055 5474 illud
2082 5421 2213 5492 quid
2243 5424 2336 5487 sit,
2382 5442 2399 5474 ι
2424 5427 2576 5494 prius
2624 5443 2787 5497 quam
2821 5431 2958 5485 sciat
2984 5447 3119 5501 puer
3147 5449 3344 5491 vocare
3393 5450 3489 5505 pas

1920 5520 2055 5567 trem
2085 5520 2141 5569 et
2193 5524 2442 5579 matrem,
2474 5535 2492 5567 ι
2527 5525 2848 5588 potestatem
2903 5523 3181 5593 accepisse
3210 5524 3482 5590 Damasci,

245 5585 416 5642 ταῦτα
441 5628 455 5653 ,
516 5590 615 5643 καὶ
674 5594 807 5663 πρὸς
863 5591 1008 5657 λέξιν
1029 5634 1045 5658 ,
1088 5598 1091 5599 ⁷
1132 5595 1228 5650 καὶ
1286 5600 1561 5669 τροπικῶς
1610 5600 1817 5674 ἐξειλη-

1942 5613 1973 5658 ll
2021 5604 2193 5676 spolia
2243 5585 2739 5663 Samaria'coratn
2788 5626 2914 5682 rege
2950 5585 3321 5687 Assyriorum.

248 5673 405 5778 ῗᾶτες
427 5721 442 5745 ,
502 5682 891 5758 πεπληρῶσθαι
940 5686 1081 5742 αὐτὰ
1109 5689 1395 5762 δείκνυμεν
1445 5692 1539 5746 ἐπὶ
1587 5694 1687 5764 τῆς
1718 5673 1812 5749 τοῦ

1942 5673 2067 5751 mim'
2086 5696 2213 5761 ista,
2264 5697 2404 5752 etad
2438 5699 2687 5764 verbum,
2744 5710 2801 5755 et
2849 5673 3083 5775 figurate
3128 5708 3482 5778 accipientes,

249 5765 493 5843 Σωτῆρος
541 5774 697 5845 ήμῶν
749 5779 1048 5847 γενέσεως,
1122 5783 1495 5853 παριστῶντες
1544 5786 1661 5840 τοτὲ
1714 5788 1811 5858 μὲν

1942 5804 2023 5844 am
2056 5805 2203 5845 nunc
2250 5793 2522 5862 completa
2576 5809 2702 5854 esse
2754 5765 3197 5861 demonstrantis
3246 5765 3303 5859 in
3362 5808 3486 5856 ortu

567 5867 829 5931 Parant.
879 5872 994 5935 Gn.
1036 5873 1235 5939 XXII.

3102 5888 3176 5956 1⁵7
