4100 6430
580 324 704 387 τίει
940 302 973 339 ⁸

1271 320 1537 380 EUSEBll
1575 321 2055 380 cassamaivsrs
2093 322 2244 382 opp.
2280 323 2457 378 mas
2492 325 2558 379 ιι.
2592 300 3098 379 ‘APOLOGETICA.

3734 318 3836 374 32$

599 445 901 502 Salvatoris
948 443 1143 505 nostri,
1198 444 1398 512 quippe
1437 442 1531 511 qui
1578 440 1713 496 illud
1750 441 1878 496 item
1910 439 2165 497 ostende-

2281 438 2446 509 ῥητῶς
2515 422 2656 492 κατὰ
2707 435 2804 508 τὴν
2882 434 3172 509 πρόχειρον
3233 430 3469 486 διάνοιαν
3493 470 3508 495 ,
3590 430 3713 485 τοτὲ
3781 431 3838 486 δι

596 543 774 595 rimus
823 537 956 592 alias
988 535 1204 607 quidem
1251 533 1321 587 ad
1344 533 1592 598 verbum,
1621 540 1675 588 et
1703 533 2005 588 secundum
2049 546 2169 588 eam

598 631 925 690 sententiam
950 645 1071 700 quae
1099 629 1155 682 in
1204 633 1456 698 promptu
1484 627 1577 690 sit,
1611 625 1747 681 alias
1775 638 1906 680 vero
1948 624 2171 695 ﬁgurate

596 732 852 796 oportere
880 721 937 776 in
965 722 1113 791 ipsas
1157 718 1474 790 propbetias
1524 718 1870 784 incumbere;
1913 718 2171 773 continuo

585 829 838 886 namque
878 820 1003 883 post
1043 826 1138 867 eas
1186 826 1305 880 qua:
1334 817 1493 864 antea
1524 807 1686 863 dictae
1707 816 1836 864 sunt
1861 823 2042 873 voces,
2076 822 2172 876 per

601 907 947 963 obscuriores
990 905 1256 974 quasdam
1306 901 1508 972 ﬁguras
1539 900 1892 972 adjungitur:
1930 916 1948 950 ι
1984 897 2051 952 Et
2077 898 2173 952 ad-

580 998 730 1067 -jecit
756 994 1020 1050 Dominus
1076 994 1224 1064 loqui
1264 993 1333 1047 ad
1377 1008 1464 1047 me
1492 992 1670 1046 adhuc
1700 1035 1716 1059 ,
1756 1008 1821 1048 eo
1861 992 2005 1062 quod
2038 992 2173 1046 nolit

578 1090 837 1160 (populus
882 1088 999 1144 siste
1054 1101 1251 1158 aquam
1304 1083 1531 1150 Siloam,
1578 1101 1700 1156 quae
1736 1084 1884 1140 vadit
1939 1099 2063 1140 cum
2097 1085 2175 1141 εἱ-

600 1182 788 1246 lentio,
820 1179 914 1235 sed
928 1180 1058 1235 velit
1089 1178 1292 1234 habere
1321 1175 1600 1244 Bliaasim,
1641 1188 1697 1233 et
1732 1178 1900 1231 ﬁlium
1969 1176 2172 1234 Rome-

585 1274 706 1328 ilia‘.
740 1272 948 1327 Idcirco
971 1287 1100 1327 ecce
1120 1269 1381 1325 Dominus
1410 1267 1645 1325 adducet
1669 1285 1833 1341 super
1844 1284 1941 1326 vos
1977 1283 2172 1340 aquam

603 1366 845 1423 ﬂuminis
882 1366 1079 1421 fortem
1117 1373 1171 1422 et
1196 1366 1427 1420 multam
1453 1406 1468 1431 ,
1501 1379 1684 1436 regem
1716 1364 2090 1433 Assyriorum,
2120 1369 2175 1417 et

605 1460 832 1530 gloriam
888 1458 1009 1529 ejus
1048 1477 1061 1513 :
1099 1465 1152 1513 et
1185 1458 1442 1514 ascendet
1496 1472 1662 1528 super
1702 1470 1917 1510 omnem
1950 1454 2174 1509 conval-

604 1551 710 1605 lem
734 1557 992 1616 vestram,
1049 1556 1104 1605 et
1141 1550 1441 1605 ambulabit
1493 1564 1659 1620 super
1685 1562 1902 1603 omnem
1955 1559 2174 1600 murum

602 1651 870 1707 vestrum,
892 1650 947 1698 et
973 1641 1181 1698 auferet
1212 1642 1281 1697 de
1309 1641 1494 1697 Iudaea
1538 1641 1836 1702 hominem,
1885 1637 1979 1709 qui
2003 1637 2176 1708 possit

584 1742 770 1806 caput
800 1734 992 1789 tollere
1028 1748 1041 1785 :
1075 1742 1167 1788 aut
1195 1733 1287 1804 qui
1318 1733 1549 1789 idoneus
1575 1733 1646 1787 sit
1670 1744 2052 1786 consummare
2072 1728 2174 1782 ali-

605 1826 756 1897 quid,
800 1833 855 1882 et
907 1832 1067 1880 erunt
1101 1832 1284 1880 castra
1312 1825 1457 1897 ejus,
1494 1825 1570 1878 ita
1602 1831 1659 1877 ut
1692 1822 1955 1891 impleant
1991 1820 2177 1873 latitu-

582 1918 786 1973 dinem
829 1917 1069 1988 regionis
1119 1925 1245 1983 tuae,
1292 1916 1578 1971 nobiscum
1636 1914 1799 1970 Deus.
1854 1910 2178 1984 Cognoscitc

586 2019 796 2078 .gentes
827 2017 881 2063 et
908 2009 1218 2073 vincimini,
1273 2008 1528 2064 exaudite
1563 2020 1736 2076 usque
1778 2004 1844 2061 ad
1874 2012 2177 2060 extremum

594 2110 769 2157 terra:
797 2099 862 2155 ⁸⁸.
893 2118 912 2151 ι
948 2098 1274 2155 Planissime
1303 2100 1449 2154 enim
1476 2098 1593 2152 haec
1622 2097 1776 2152 nulla
1802 2097 1910 2151 alia
1940 2096 2175 2160 ratione,

608 2209 772 2263 quam
809 2208 876 2248 ex
912 2192 1104 2263 ﬁgura,
1156 2199 1213 2247 et
1247 2190 1648 2256 immutatione,
1710 2188 2178 2258 conversioneque

588 2286 897 2348 sermonis,
916 2284 1239 2340 sententiam
1253 2292 1473 2339 servant
1492 2305 1503 2338 :
1519 2281 1825 2354 signiﬁcant
1843 2295 2073 2352 namque
2084 2294 2179 2349 per

608 2392 807 2449 aquam
835 2375 1037 2432 Siloam
1059 2391 1181 2445 quae
1216 2376 1363 2431 vadit
1387 2390 1511 2431 cum
1540 2375 1780 2439 silentio,
1810 2372 2175 2443 evangelicam

609 2467 871 2525 salutaris
897 2467 1050 2521 verbi
1095 2467 1400 2520 doctrinam
1429 2484 1443 2521 :
1472 2481 1598 2521 nam
1621 2481 1690 2521 ex
1708 2463 2175 2533 interpretatione,

590 2559 815 2617 iSiloam
843 2560 1044 2616 dicitur
1068 2560 1283 2613 missus.
1316 2558 1490 2614 Porro
1521 2559 1612 2613 hic
1641 2558 1892 2628 quisnam
1922 2556 2061 2611 alius
2084 2554 2177 2620 sit,

611 2652 720 2709 nisi
765 2651 859 2723 qui
891 2666 921 2704 a
958 2648 1120 2704 Patre
1153 2648 1220 2703 ad
1254 2662 1355 2703 nos
1389 2648 1594 2704 missus
1635 2646 1779 2702 Deus
1806 2644 2090 2700 Verbum?
2112 2642 2180 2698 de

608 2758 721 2815 quo
763 2743 925 2798 etiam
975 2739 1155 2796 Moses
1180 2739 1303 2794 ait:
1350 2758 1370 2790 ι
1401 2738 1521 2795 Non
1550 2738 1765 2795 deﬁciet
1812 2737 2066 2807 princeps
2112 2735 2181 2790 de

607 2834 770 2899 Juda,
801 2848 977 2903 neque
1006 2832 1116 2887 dux
1167 2831 1236 2887 de
1286 2831 1587 2886 femoribus
1619 2830 1762 2900 ejus,
1795 2830 1970 2885 donec
2000 2827 2180 2884 veniat

612 2929 701 2983 cui
728 2926 1026 2999 repositum
1039 2932 1143 2993 cst,
1157 2933 1210 2981 et
1229 2923 1346 2996 ipse
1359 2924 1463 2980 erit
1476 2923 1809 2995 exspectatio
1820 2922 2059 2993 gentium
2076 2921 2141 2976 '9.
2154 2938 2173 2972 ι

611 3021 773 3093 333
798 3020 912 3075 Pro
945 3019 1039 3073 illo
1069 3019 1216 3073 enim
1236 3058 1251 3082 ,
1282 3036 1301 3068 ι
1332 3017 1419 3070 cui
1454 3016 1754 3086 repositum
1785 3022 1901 3077 est,
1939 3032 1959 3065 ι
1987 3013 2043 3067 in
2072 3010 2179 3067 He-

2205 1790 2249 1845 B
2278 1772 2595 1847 παρεμϐολὴ
2659 1768 2821 1823 αὐτοῦ
2850 1809 2866 1834 ,

2270 528 2545 603 τροπικῶς
2578 529 2705 583 οδεῖν
2760 526 3067 581 ἐπιϐάλλειν
3117 526 3237 587 ταῖς
3288 519 3664 595 προφητείαις.
3730 522 3840 576 Ab-

2269 600 2398 687 τίκα
2450 631 2580 704 ἑξῆς
2628 632 2753 694 ταῖς
2807 627 3231 701 προειρημέναις
3300 626 3504 696 φωναῖς
3568 623 3640 677 δι’
3694 600 3875 677 αίνι-’

2269 726 2494 797 γμάτων
2548 719 2703 787 αὖθις
2745 722 3052 790 ὲπιλέγεται
3077 737 3091 751 ·
3130 738 3150 771 ι
3176 719 3286 772 Καὶ
3317 717 3611 789 προσέθετο
3637 717 3841 788 Κύριος

2268 818 2499 889 λαλῆσαί
2551 834 2640 889 μοι
2690 816 2769 870 ἔτι
2792 856 2809 883 ,
2869 814 2958 868 διὰ
2988 814 3049 868 rb
3109 812 3185 885 μὴ
3237 806 3661 881 βούλεσθαι¹τδν
3718 807 3842 862 λαὸν

2269 908 2455 963 τοῦτον
2496 909 2558 962 rb
2590 907 2732 980 ὕδωρ
2764 904 2859 959 τοῦ
2889 903 3111 974 Σιλωὰμ
3133 902 3194 955 rb
3233 901 3593 973 πορευόμενον
3637 898 3842 970 ἡσυχῆ,

2271 1002 2407 1057 ἀλλὰ
2464 1000 2744 1073 βούλεσθαι
2802 998 2945 1071 ἔχειν
2994 997 3084 1050 τὸν
3127 995 3360 1065 Ῥαασὶμ
3382 1033 3399 1059 ,
3455 994 3549 1048 καὶ
3593 991 3687 1046 τὸν
3729 991 3844 1044 υἱὸν

2281 1093 2580 1166 Ῥομελίου.
2629 1093 2731 1148 Διὰ
2787 1091 2942 1145 τοῦτο
2975 1090 3080 1145 ἰδοὺ
3107 1088 3310 1173 ῌύριος
3339 1086 3529 1155 ἀνάγει
3557 1086 3642 1155 ἐφ’
3698 1084 3845 1155 ὑμᾶς

2268 1187 2333 1241 rb
2361 1186 2506 1259 ὕδωρ
2533 1184 2629 1239 τοῦ
2663 1183 2907 1256 ποταμοῦ
2936 1182 2997 1238 τὸ
3027 1180 3245 1253 ἰσχυρὸν
3271 1180 3365 1233 καὶ
3406 1178 3469 1232 rb
3516 1177 3652 1231 πολὺ
3679 1214 3696 1241 ,
3751 1174 3845 1230 τὸν

2274 1285 2497 1357 βασιλέα
2536 1283 2646 1339 τῶν
2692 1282 2989 1353 Ἀσσυρίων
3014 1319 3029 1345 ,
3062 1280 3157 1334 καὶ
3191 1278 3289 1350 τὴν
3315 1275 3469 1342 δόξαν
3500 1275 3663 1331 αὐτοῦ
3687 1290 3706 1308 ο
3749 1276 3844 1329 καὶ

2264 1378 2604 1449 ἀναϐήσεται
2652 1376 2747 1428 ἐπὶ
2798 1375 2978 1428 πᾶσαν
3028 1372 3286 1443 φάραγγα
3319 1370 3508 1441 ὑμῶν,
3543 1370 3640 1423 καὶ
3683 1384 3843 1440 περι-

2271 1481 2507 1550 πατήσει
2567 1476 2661 1531 ἐπὶ
2712 1477 2820 1531 πᾶν
2874 1478 3050 1545 τεῖχος
3100 1470 3253 1544 ὑμῶν
3277 1510 3293 1537 ,
3382 1470 3479 1525 καὶ
3514 1470 3705 1540 ἀφελεῖ
3733 1469 3845 1522 ἀπὸ

2268 1584 2372 1655 τῆς
2433 1582 2692 1644 Ἰουδαίας
2753 1578 3034 1651 ἄνθρωπον
3059 1614 3075 1640 ,
3148 1575 3210 1639 ὃς
3269 1575 3555 1646 δυνήσεται
3602 1570 3843 1643 κεφαλὴν
3908 1556 3915 1561 ’

2275 1675 2444 1751 ἆραι,
2495 1677 2529 1749 ἢ
2581 1674 2801 1729 δυνατὸν
2854 1669 3270 1725 συντελέσασθαι
3324 1681 3375 1723 τι
3397 1686 3410 1699 ⁸
3459 1670 3556 1723 καὶ
3600 1668 3750 1724 ἔσται
3800 1672 3840 1739 ἡ

2949 1768 3090 1822 ὥστε
3165 1763 3449 1836 πληρῶσαι
3507 1763 3571 1817 rb
3641 1763 3842 1826 πλάτος

2279 1875 2380 1944 τῆς
2430 1871 2610 1943 χώρας
2669 1887 2763 1923 σου
2792 1885 2809 1899 ο
2852 1867 2971 1939 μεθ’
3006 1865 3161 1938 ¹ἡμῶν
3197 1866 3227 1917 ὁ
3262 1864 3411 1928 Θεός.
3459 1864 3635 1918 Γνῶτε
3660 1904 3675 1930 ,
3713 1864 3841 1936 ἔθνη

2277 1963 2372 2017 καὶ
2424 1958 2699 2031 ἡττᾶσθε,
2754 1956 3090 2010 ὲπακοῦσατε
3136 1954 3241 2018 ἓως
3289 1953 3516 2025 ἐσχάτου
3546 1954 3644 2024 τῆς
3675 1956 3835 2025 γῆς.»

2276 2052 2473 2123 Σαφῶς
2517 2050 2625 2122 γὰρ
2675 2046 2846 2101 ταῦτα
2878 2045 2998 2099 οὐδὲ
3048 2046 3221 2107 ἄλλως
3252 2045 3285 2115 ἦ
3323 2044 3459 2115 μετὰ
3486 2043 3712 2116 θεωρίας
3738 2046 3846 2115 τῆς

2277 2145 2419 2200 κατὰ
2471 2142 2642 2215 μόνην
2676 2138 3029 2212 τροπολογίαν
3062 2125 3174 2207 τῆν’
3208 2135 3446 2190 διάνοιαν
3495 2135 3689 2201 σώζειο
3746 2138 3837 2208 δη.

2277 2235 2359 2289 λοῖ
2409 2232 2539 2301 γοῦν
2595 2229 2689 2285 καὶ
2736 2228 2876 2283 αὐτὰ
2914 2227 3002 2281 διὰ
3042 2227 3139 2299 μὲν
3194 2225 3287 2279 τοῦ
3334 2225 3526 2290 ὓδατος
3590 2225 3684 2278 τοῦ
3751 2227 3845 2278 Σι-

2277 2332 2434 2404 λωὰμ
2486 2329 2580 2384 τοῦ
2629 2328 2804 2399 ἡσυχῆ
2848 2324 3209 2399 πορευομένου
3236 2323 3334 2395 τὴν
3366 2321 3721 2394 εὐαγγελικὴν
3745 2321 3844 2375 τοῦ

2281 2422 2549 2496 σωτηρίου
2621 2420 2780 2489 λόγου
2855 2416 3232 2471 διδασκαλίανο
3320 2413 3673 2485 ἑρμηνεύεται
3731 2412 3846 2483 γὰρ

2278 2521 2500 2592 Σιλωὰμ
2528 2518 3000 2589 ἀπεσταλμένος.
3099 2508 3264 2580 Οὗτος
3296 2515 3340 2568 δ’
3369 2513 3434 2568 ἂν
3472 2513 3557 2584 εἴη
3589 2516 3618 2566 ὁ
3653 2515 3718 2566 ὲκ
3747 2512 3845 2565 τοῦ

2278 2618 2491 2690 Πατρδς
2539 2618 2669 2687 ἡμῖν
2720 2604 3147 2685 ἀπεσταλμένος
3174 2610 3306 2674 Θεὸς
3348 2609 3552 2677 Λόγος’
3603 2606 3731 2679 περὶ
3779 2601 3847 2660 οῦ

2279 2721 2373 2774 καὶ
2410 2718 2615 2789 Μωσῆς
2647 2734 2807 2788 φησιν
2830 2732 2844 2745 ·
2885 2734 2902 2766 ι
2932 2714 3045 2768 Οὐκ
3093 2710 3328 2781 ἐκλείψει
3355 2710 3535 2781 ἄρχων
3558 2706 3619 2772 ἐξ
3652 2705 3846 2770 Ἰούδα,

2278 2812 2399 2867 οὐδὲ
2425 2810 2722 2883 ἡγούμενος
2751 2810 2816 2862 ἐκ
2846 2806 2953 2861 τῶν
2998 2804 3186 2877 μηρῶν
3230 2802 3391 2857 αὑτοῦ
3412 2842 3426 2866 ,
3475 2802 3579 2865 ἕως
3618 2801 3683 2855 ἂν
3713 2800 3849 2875 ἔλθῃ

2277 2900 2322 2974 ᾧ
2371 2905 2692 2968 ἀπόκειται,
2752 2901 2847 2955 καὶ⁵
2893 2900 3052 2963 αὐτὸς
3098 2897 3246 2951 ἔσται
3295 2894 3582 2968 προσδοκία
3617 2891 3843 2946 ἐθνῶν.»

2292 2997 2435 3050 Ἀντὶ
2456 2995 2549 3049 τοῦ
2576 2996 2683 3066 γὰρ
2720 2986 2793 3062 «ᾧ
2809 2993 3111 3055 ἀπόκειται,
3125 3010 3143 3042 ι
3163 2990 3223 3043 τὸ
3246 2987 3526 3057 Ἐὕραῖκὸν
3549 3005 3568 3036 ι
3589 2978 3841 3055 Σιλωὰμ.

610 3076 805 3170 ἷὲἆῖἕο
828 3110 1059 3165 habetur
1082 3129 1100 3160 ι
1123 3076 1327 3164 Siloam
1346 3148 1360 3171 ,
1379 3127 1397 3159 ι
1417 3076 1542 3161 eum
1573 3107 1826 3162 videlicet
1850 3105 1944 3175 qui
1966 3104 2057 3160 hic
2084 3105 2178 3159 lia-

2284 3088 2543 3162 περιέχει,
2574 3088 2664 3141 τὸν
2717 3085 2948 3140 ἐνταῦθα
2990 3082 3227 3152 Σιλωὰμ,
3258 3081 3401 3134 τοῦτ’
3447 3079 3581 3144 ἔστι,
3613 3076 3701 3130 τὸν
3740 3076 3852 3129 ἁπ-

594 3207 775 3261 .betur
802 3202 1006 3259 Siloam
1026 3242 1040 3266 ,
1076 3202 1180 3256 hoc
1212 3208 1328 3265 est,
1364 3201 1591 3255 missum
1617 3239 1634 3265 ,
1665 3199 1830 3254 etiam
1861 3199 1973 3253 illic
2011 3199 2182 3269 signi-

595 3300 813 3353 .ﬁcante
857 3296 1101 3350 oraculo.
1154 3292 1326 3347 Porro
1377 3291 1640 3346 Rhaasim
1693 3306 1791 3347 rex
1845 3289 1949 3345 fuit
1993 3305 2183 3345 earum

615 3388 861 3459 gentium
905 3400 1026 3457 quae
1069 3383 1364 3440 simulacra
1407 3381 1661 3436 Damasci
1699 3381 1988 3444 colebant,
2040 3381 2187 3436 sicut

598 3480 877 3537 .llomelia:
911 3478 1054 3533 ﬁlius
1084 3477 1203 3547 ejus
1230 3475 1471 3530 Judaicae
1497 3473 1705 3544 gentis,
1741 3487 1862 3542 quae
1892 3471 1947 3525 in
1992 3471 2185 3526 Sama-

619 3572 701 3627 ria
742 3570 974 3643 patriam
1025 3570 1341 3638 religionem
1385 3566 1722 3622 deseruerat.
1769 3562 2007 3617 Minatur
2054 3576 2183 3631 ergo

619 3664 763 3719 Deus
792 3663 862 3719 iis
890 3662 986 3733 qui
1017 3659 1221 3715 Siloam
1244 3700 1259 3723 ,
1289 3660 1393 3713 hoc
1423 3664 1543 3726 est,
1578 3657 1809 3710 missum
1840 3654 2181 3717 Emmanuel,

620 3763 674 3809 ct
699 3769 826 3809 eum
852 3752 948 3822 qui
969 3768 1037 3807 ex
1063 3751 1289 3806 muliere
1314 3749 1633 3825 prophetica
1658 3753 1823 3801 natus
1852 3746 1958 3809 sit,
1990 3745 2181 3809 ﬁlium,

602 3846 965 3918 .potabileque
996 3860 1063 3899 ac
1093 3844 1385 3900 fecundum
1416 3842 1536 3911 ejus
1570 3839 1810 3896 Verbum
1844 3855 1955 3894 non
1996 3852 2185 3894 susce-

620 3940 839 4010 perint,
872 3938 969 3995 sed
1003 3937 1137 3992 illud
1169 3936 1421 4007 quamvis
1454 3941 1739 3988 mansuete
1770 3939 1825 3987 et
1857 3946 1980 3987 cum
2014 3932 2184 3987 silen-

602 4034 700 4105 tio
751 4030 982 4099 feratur,
1036 4029 1443 4089 recusaverint,
1497 4033 1553 4081 et
1599 4032 1790 4079 contra
1835 4024 2046 4095 seipsos
2093 4032 2188 4077 aut

619 4124 867 4196 gentium
897 4121 1194 4179 simulacra
1222 4118 1554 4181 colentium,
1595 4123 1690 4170 aut
1733 4115 1918 4186 populi
1958 4114 2051 4169 Dei
2094 4115 2188 4169 de—

600 4216 879 4274 ‘Iectionis
934 4214 1237 4286 principem
1302 4207 1657 4281 optaverint,
1718 4221 1780 4261 se
1832 4205 2186 4260 inducturum

619 4322 818 4380 aquam
873 4310 1118 4368 ﬂuminis
1189 4305 1385 4362 fortem
1459 4308 1513 4356 et
1552 4298 1813 4361 multam,
1844 4311 2006 4367 quam
2055 4310 2188 4349 sane

2282 3178 2605 3250 εσταλμένον
2628 3177 2787 3230 κάκεῖ
2818 3173 3101 3246 δηλοῦντος
3122 3171 3215 3224 τοῦ
3246 3169 3425 3239 λόγου.
3442 3167 3497 3221 Ὀ
3517 3167 3574 3219 δὲ
3610 3165 3851 3235 Ῥαασίμ

2284 3268 2533 3339 βασιλεὺς
2569 3262 2637 3336 ἦν
2666 3265 2829 3318 πάλιν
2887 3263 2996 3317 τῶν
3037 3265 3094 3316 ὲν
3140 3258 3414 3332 Δαμασκῷ
3452 3252 3852 3326 είδωλολατρῶν

2283 3368 2471 3431 ἐθνῶν,
2519 3368 2594 3431 ὡς
2642 3367 2735 3420 καὶ
2778 3368 2806 3419 ό
2853 3366 2966 3428 υἱὸς
3001 3361 3279 3433 Ῥομελίου
3331 3361 3439 3412 τῶν
3466 3360 3525 3412 ἐν
3569 3352 3853 3427 Σαμαρείᾳ

2281 3458 2376 3513 τοῦ
2414 3457 2681 3512 Ἰουδαίων
2722 3457 2905 3521 ἔθνους
2938 3455 3285 3509 ἀποστάντων
3307 3452 3403 3522 τῆς
3445 3448 3674 3519 πατρίου
3710 3447 3853 3517 θρη-

2286 3549 2491 3613 σκείας.
2558 3547 2793 3601 Ἀπειλεῖ
2820 3545 3153 3619 τοιγαροῦνό
3193 3542 3324 3606 Θεὸς
3363 3543 3476 3603 τοῖς
3522 3540 3597 3610 μὴ
3628 3538 3720 3591 τὸν
3759 3537 3855 3588 Σι-

2283 3640 2462 3711 λωάμ,
2486 3638 2627 3693 τοῦτ’
2659 3638 2772 3691 ἔστι
2802 3638 2891 3690 τὸν
2916 3634 3317 3705 ἀπεσταλμένον
3362 3626 3729 3700 Ἐμμανουὴλ,
3756 3625 3856 3678 καὶ

2282 3738 2373 3790 τὸν
2406 3738 2470 3789 ὲκ
2493 3736 2591 3806 τῆς
2624 3731 2948 3806 προφήτιδας
2981 3729 3341 3801 γεγενημένον
3376 3725 3510 3789 υἱὸν,
3540 3723 3631 3775 τόν
3656 3738 3716 3774 τε
3751 3720 3854 3773 πό-

2283 3845 2439 3900 τιμον
2467 3829 2560 3881 καὶ
2580 3827 2799 3897 γόνιμον
2824 3822 2987 3879 αὐτοῦ
3018 3822 3187 3891 Λόγον
3203 3816 3691 3891 παραδεξαμένοις,
3712 3813 3852 3867 ἀλλὰ
3910 3887 3919 3895 ⁸

2284 3921 2469 3974 τοῦτον
2527 3920 2642 3990 μὲν,
2700 3916 2877 3972 καίτοι
2930 3914 3120 3986 πράως
3175 3912 3269 3967 καὶ
3316 3909 3493 3983 ἠσυχῆ
3524 3907 3846 3981 φερόμενον,

2286 4009 2799 4084 παραιτησαμένοις,
2840 4007 2959 4061 καθ’
2984 4004 3187 4059 ὲαυτῶν
3229 4004 3286 4057 δὲ
3310 4004 3426 4074 ἤτοι
3451 4002 3542 4055 τὸν
3565 4000 3671 4054 τῶν
3697 3996 3851 4051 εἰδω-

2286 4101 2560 4173 λολατρῶν
2587 4098 2757 4154 ἐθνῶν
2800 4100 3055 4169 ἄρχοντα,
3088 4097 3122 4168 ἢ
3153 4096 3243 4149 τὸν
3274 4096 3372 4167 τῆς
3394 4092 3727 4154 ἀποστασίας
3752 4089 3851 4143 τοῦ

2288 4192 2415 4247 λαοῦ
2436 4191 2530 4246 τοῦ
2560 4191 2694 4245 Θεοῦ
2742 4190 3016 4260 ἑλομένοις
3050 4186 3271 4253 ἐπάξειν
3303 4185 3363 4238 τὸ
3385 4183 3527 4255 ὕδωρ
3554 4180 3647 4234 τοῦ
3678 4198 3850 4233 ποτα-

2293 4286 2395 4358 μοῦ
2416 4285 2476 4339 τὸ
2505 4282 2720 4355 ἰσχυρὸν
2762 4282 2856 4335 καὶ
2890 4281 2951 4333 τὸ
2987 4279 3144 4343 πολὺ,
3177 4280 3312 4350 ὅπερ
3345 4275 3489 4347 ὕδωρ
3512 4274 3672 4338 αὐτὸς
3702 4276 3731 4327 ὁ
3754 4274 3854 4343 τῆς

547 4424 553 4438 ι
619 4362 819 4474 aquam
847 4436 865 4465 ,
919 4398 1100 4469 ipsum
1137 4395 1434 4467 prophetiae
1470 4392 1753 4449 oraculum
1801 4362 2181 4457 interpretatur

2290 4377 2624 4451 προφητείας
2648 4375 2802 4443 λόγος
2852 4371 3159 4445 ἑρμηνεύει,
3188 4369 3358 4437 λέγων
3403 4367 3564 4421 αὑτὸν
3596 4362 3731 4419 εἶναι
3759 4365 3854 4417 τὸν

622 4494 850 4555 dicens,
887 4490 1067 4559 ipsum
1103 4502 1228 4543 esse
1270 4501 1457 4556 regem
1486 4483 1861 4553 Assyriorum.
1911 4479 2001 4534 Sic
2043 4479 2181 4534 enim

2294 4469 2517 4541 βασιλέα
2551 4467 2660 4533 τῶν
2705 4464 3002 4537 ’Δσσυρίων
3024 4481 3038 4492 ’
3073 4462 3213 4517 οὕτω
3236 4460 3396 4515 πάλιν
3428 4460 3546 4531 ἢτοι
3571 4457 3711 4512 κατὰ
3737 4456 3858 4510 διά-

598 4563 819 4640 τιιτείιε
852 4579 1153 4637 secundum
1187 4577 1550 4639 sententiam,
1586 4584 1680 4629 aut
1723 4572 1995 4642 signiﬁcat
2035 4570 2189 4640 prin-

620 4676 797 4747 cipem
827 4673 1013 4731 saeculi
1040 4672 1223 4740 hujus,
1253 4679 1346 4724 aut
1368 4709 1383 4734 ,
1407 4668 1551 4740 quod
1582 4683 1729 4722 nunc
1757 4682 1935 4721 rerum
1964 4665 2188 4733 potitur,

621 4769 994 4825 Romanorum
1025 4764 1349 4835 imperium,
1388 4761 1478 4815 cui
1525 4760 1757 4830 imperio
1799 4757 1986 4811 traditi
2029 4765 2188 4820 sunt,

624 4860 721 4931 qui
753 4873 873 4915 eam
898 4897 915 4923 ,
946 4855 1019 4912 de
1046 4869 1155 4924 qua
1184 4854 1390 4910 dictum
1410 4859 1502 4907 est
1523 4890 1540 4916 ,
1570 4865 1768 4920 aquam
1798 4847 2037 4914 Siloam,
2072 4862 2193 4917 quae

616 4966 758 5009 cum
793 4949 1011 5007 silentio
1053 4946 1237 5012 vadit,
1270 4952 1695 5010 recusaverunt,
1726 4940 2056 4996 adversariis
2094 4955 2194 4996 au-

622 5062 734 5109 tem
769 5057 933 5121 atque
967 5047 1215 5103 hostibus
1246 5052 1409 5099 rectae
1436 5040 1668 5097 rationis
1698 5035 1988 5094 sententiis
2028 5043 2193 5105 atque

623 5142 976 5213 opinionibus
992 5180 1007 5200 .
1032 5138 1243 5208 seipsos
1270 5134 1663 5204 subjecerunt:
1697 5147 1729 5188 e
1754 5131 1984 5202 vestigio
2008 5128 2156 5184 enim
2174 5167 2189 5192 ,

624 5249 808 5304 neque
839 5232 917 5288 ita
948 5238 1078 5303 post
1106 5230 1339 5285 multum
1378 5236 1594 5296 tempus
1613 5265 1630 5290 ,
1661 5225 1718 5279 in
1749 5238 1846 5280 eos
1876 5222 1973 5293 qui
2002 5219 2194 5275 Salva-

624 5326 769 5382 toris
793 5324 970 5380 nostri
1004 5322 1355 5394 Evangelium
1391 5334 1503 5375 non
1539 5321 1933 5386 susceperant,
1967 5312 2064 5369 sed
2096 5327 2194 5383 po—

626 5426 745 5471 tum
778 5414 982 5470 Siloam
1004 5454 1020 5479 ,
1054 5414 1150 5485 qui
1195 5412 1398 5469 labitur
1436 5424 1562 5466 cum
1597 5406 1845 5470 silentio.
1883 5417 2193 5461 recusa-ve-

625 5514 790 5570 rant,
822 5505 1193 5561 Romanorum
1224 5507 1294 5561 ab
1323 5504 1445 5576 ipso
1478 5502 1589 5558 Deo
1620 5501 1866 5557 directus
1893 5498 2192 5563 exercitus,

627 5598 780 5653 Iacto
814 5598 1017 5667 impetu
1037 5634 1054 5661 ,
1090 5596 1398 5666 penetravit
1431 5594 1489 5648 in
1522 5607 1744 5650 omnem
1774 5589 2079 5648 convallem
2113 5588 2198 5659 ip-

628 5704 857 5754 sorum,
903 5696 957 5744 et
1003 5688 1302 5746 ambulavit
1342 5702 1511 5757 super
1550 5700 1771 5740 omnem
1800 5696 2017 5743 murum
2048 5681 2196 5753 ipson

693 5810 744 5845 ⁵³
776 5806 884 5864 lsa.
912 5818 1035 5875 vin,
1072 5802 1190 5863 5.8.
1239 5802 1318 5897 ’ξ’
1345 5800 1481 5861 Gen.
1513 5799 1785 5897 luxato.

2291 4578 2438 4616 νοιαν
2489 4558 2767 4630 σημαίνων
2810 4555 2900 4609 τὸν
2949 4556 3182 4628 ἄρχοντα
3215 4551 3307 4605 τοῦ
3356 4550 3549 4613 αἰῶνος
3573 4547 3787 4611 τούτου,
3814 4546 3854 4619 ἢ

2291 4654 2387 4724 τὴν
2417 4652 2511 4707 νῦν
2531 4648 2928 4723 ἐπικρατοῦσαν
2954 4646 3235 4716 Ῥωμαίων
3266 4642 3437 4715 ἀρχὴν
3463 4682 3479 4708 ,
3582 4642 3678 4695 καὶ
3716 4656 3856 4711 παρ-

2292 4747 2551 4817 εδόθησαν
2607 4747 2656 4798 οἱ
2699 4741 2761 4796 rb
2823 4742 2921 4815 μὲν
2971 4739 3206 4812 δηλωθὲν
3239 4736 3332 4790 τοῦ
3367 4734 3586 4807 Σιλωάμ
3622 4732 3765 4805 ὓδωρ
3793 4734 3857 4787 τὸ

2294 4838 2652 4912 πορευόμενον
2675 4836 2849 4908 ἡσυχῆ
2877 4831 3366 4905 παραιτησάμενοι,
3391 4831 3501 4892 τοῖς
3515 4828 3572 4880 δὲ
3594 4825 3856 4889 ἐναντίοις

2292 4936 2385 4987 καὶ
2417 4929 2694 5002 πολεμίοις
2709 4927 2803 4982 τοῦ
2823 4925 2983 4999 ὀρθοῦ
3000 4924 3161 4994 τλόγου
3181 4920 3443 4993 δόγμασιν
3462 4920 3696 4981 ἑαυτοὺς
3720 4918 3853 4969 ὑπο-

2291 5023 2636 5094 ϐεϐληκότες.
2653 5020 2858 5074 Αὐτίκα
2868 5016 2996 5087 γοῦν
3020 5016 3114 5070 καὶ
3128 5014 3228 5068 οὐκ
3245 5014 3324 5077 εἰς
3355 5011 3570 5084 μακρὰν
3588 5010 3663 5083 μὴ
3678 5026 3857 5082 παρα-

2291 5115 2602 5187 δεξαμένοις
2616 5114 2799 5174 αὐτοῖς
2826 5111 2887 5164 rb
2921 5107 3013 5163 τοῦ
3039 5107 3288 5179 Σωτῆρος
3316 5104 3475 5177 ἡμῶν
3504 5102 3853 5172 Εὑαγγέλιον,

2295 5205 2791 5280 παραιτησαμένοις
2818 5202 2876 5256 δὲ
2904 5200 2967 5254 τὸ
2990 5197 3084 5253 τοῦ
3108 5197 3329 5269 Σιλωὰμ
3356 5195 3518 5250 ποτὸν
3544 5196 3607 5249 rb
3632 5195 3859 5264 πορευό-

2284 5311 2454 5366 μενον
2478 5292 2677 5366 ἡσυχῆ,
2706 5287 2945 5344 ἐπελθὼν
2976 5286 3083 5340 ὑπὸ
3116 5283 3209 5339 τοῦ
3237 5283 3371 5339 Θεοῦ
3396 5283 3858 5354 κατευθυνόμενος

2306 5385 2588 5460 Ῥωμαίων
2622 5383 2868 5457 στρατὸς,
2900 5378 3218 5452 ἀνελήλυθεν
3259 5379 3352 5431 ἐπὶ
3395 5378 3573 5430 πᾶσαν
3598 5375 3858 5448 φάραγγα

2294 5481 2494 5546 αὐτῶν,
2519 5479 2615 5533 καὶ
2639 5475 3037 5551 περιεπάτησεν
3065 5475 3156 5527 ἐπὶ
3187 5472 3295 5526 πᾶν
3328 5473 3506 5541 τεῖχος
3528 5467 3728 5532 αὐτῶν,
3763 5468 3859 5523 καὶ

2294 5585 2511 5658 ἀφεῖλεν
2553 5580 2659 5635 ἀπὸ
2705 5578 2805 5650 τῆς
2841 5575 3100 5641 Ἰουδαίας
3132 5574 3413 5646 ἄνθρωπον
3433 5611 3448 5637 ,
3480 5572 3540 5635 ὃς
3573 5569 3856 5640 δυνήσεται

2294 5676 2533 5748 κεφαλὴν
2574 5670 2725 5747 ἆραι,
2760 5672 2852 5727 καὶ
2904 5668 3125 5725 δυνατὸν
3175 5664 3591 5725 συντελέσασθαι
3629 5681 3709 5718 τι·
3760 5661 3855 5716 καὶ
