4080 6416
192 332 294 397 525

1110 332 1768 392 DEXON‘STRATAONIS
1797 325 2257 387 EV’ANGELIGAZ
2279 327 2410 383 LIB.
2443 325 2560 383 ΥΠ.

3346 329 3458 389 536

185 456 407 527 γέγονεν
436 453 474 527 ἠ
497 453 823 526 παρεμϐολὴ
854 452 948 507 τοῦ
973 452 1302 525 δηλωθέντος
1324 453 1588 524 τοσαύτη,
1629 452 1768 506 ὥστε

1875 464 2029 513 rum,
2057 456 2113 504 et
2142 445 2372 503 abstulit
2410 445 2478 501 de
2522 444 2713 501 Iudaea
2760 444 3083 508 hominem.
3129 444 3225 517 qui
3272 455 3461 517 posset

185 548 476 621 πληρῶσαι
531 548 595 601 τὸ
636 547 839 610 πλάτος
893 546 994 616 τῆς
1059 546 1315 609 Ἰουδαίας
1364 546 1606 617 ἁπάσης.
1658 546 1769 599 Καὶ

182 642 341 696 τοῦτό
366 657 431 710 γε
464 640 603 712 πρὸς
633 638 777 705 λέξιν
804 638 976 703 οὕτως
1013 638 1093 702 εἰς
1132 638 1374 702 ἐκείνους
1409 638 1769 708 ἐκπεπλήρω-

182 751 293 788 ται.
346 732 447 786 Διὰ
500 733 662 786 ποίαν
710 732 911 793 αἰτίαν,
937 730 984 783 εί
1009 730 1070 784 δὴ
1100 729 1290 801 μαθεῖν
1326 730 1549 792 ἐθέλεις,
1579 729 1769 784 ἄκουε.

184 826 306 880 Ὅτι
340 825 460 896 μεθ’
488 823 689 895 ἡμῶνὸ
709 824 842 886 Θεὸς
878 822 1247 893 Ἐμμανουὴλ,
1280 825 1309 875 ό
1333 824 1397 874 ἐκ
1426 821 1526 891 τῆς
1559 821 1769 893 Παρθέ-

182 933 275 970 νου
300 914 719 986 γεγεννημένος,
740 914 855 969 ἀλλ’
895 914 957 968 οὐ
1009 915 1099 967 καὶ
1134 915 1249 983 μετ’
1278 912 1456 968 αὐτῶν
1482 910 1549 984 ἦν
1568 930 1581 941 ·
1611 912 1687 976 ὡς
1719 912 1771 965 εἴ

182 1022 245 1075 γε
279 1002 426 1077 εἶχον
457 1005 641 1069 αὑτὸν,
679 1007 777 1059 οὐκ
827 1004 893 1058 ἂν
919 1004 1090 1058 ταῦτα
1143 1004 1522 1058 πεπόνθεισαν.
1568 1005 1659 1058 Διὸ
1702 1003 1767 1075 δὴ

183 1099 313 1170 ἑξῆς
336 1102 368 1153 ὁ
395 1100 551 1167 λόγος
581 1102 691 1161 τοῖς
717 1098 926 1152 ἔθνεσιν
955 1097 1240 1151 ἐπιϐοᾶται
1272 1098 1362 1152 τὸν
1398 1096 1766 1169 Ἐμμανουήλ,

181 1188 387 1259 λέγων·
426 1209 446 1242 t
484 1188 621 1243 Μεθ’
661 1187 817 1259 ἡμῶν
859 1201 888 1239 ο
930 1187 1062 1250 Θεός
1085 1203 1101 1218 ⁸
1133 1186 1330 1256 γνῶτε,
1368 1186 1516 1257 ἔθνη,
1542 1186 1636 1239 καὶ
1671 1187 1767 1256 ἠτ-

181 1282 376 1335 τᾶσθε.
404 1304 423 1332 ι
450 1282 561 1333 Καὶ
584 1279 755 1332 ταῦτα
786 1278 831 1331 δ’
860 1281 991 1349 ἡμῖν
1016 1278 1415 1350 ἑρμηνεύεται,
1444 1280 1524 1340 είς
1566 1277 1628 1330 τὸ
1656 1295 1764 1329 πα-

185 1368 483 1439 ραστῆσαι,
517 1368 593 1431 ὡς
621 1367 751 1420 ποτὲ
781 1368 878 1437 μὲν
911 1366 1052 1421 κατὰ
1081 1366 1245 1432 λέξιν,
1272 1369 1402 1421 ποτὲ
1447 1367 1505 1420 δὲ
1530 1367 1596 1420 δι’
1625 1370 1765 1420 αίνι-

181 1459 341 1529 γμῶν
363 1461 434 1513 τὰ
471 1459 699 1513 πλεῖστα
733 1459 841 1512 τῶν
889 1458 1237 1530 προφητειῶν
1271 1458 1629 1530 ἐκλαμϐάνειν
1654 1459 1762 1512 δεῖο

181 1551 334 1604 ἔνθεν
382 1551 442 1605 δὲ
492 1552 845 1622 ὁρμωμένους
874 1553 1142 1625 προσήκει
1176 1550 1268 1605 καὶ
1293 1550 1362 1604 τὰ
1382 1551 1543 1604 λοιπὰ
1575 1552 1671 1622 τῆς
1710 1553 1767 1604 ἐν

183 1647 340 1716 χερσὶ
373 1647 714 1717 προφητείας
737 1646 939 1716 ὁμοίως
973 1646 1317 1719 ὲπιθεωρεῖν.

1878 545 2043 612 caput
2091 538 2321 602 tollere,
2358 545 2452 591 aut
2482 535 2578 607 qui
2610 536 2843 593 idoneus
2874 544 3023 592 esset
3069 549 3460 593 consummare

1876 628 2088 700 aliquid
2115 646 2130 682 :
2166 635 2218 682 et
2255 626 2399 682 facta
2432 634 2561 684 sunt
2591 627 2714 697 ejus
2745 634 2929 683 castra
2963 625 3101 682 adeo
3135 642 3365 699 magna,
3398 638 3460 685 ut

1874 722 2149 778 universae
2196 719 2399 776 Iudaeae
2443 720 2790 775 latitudinem
2838 720 3206 790 impleverint.
3252 720 3320 774 Et
3354 722 3460 777 hoc

1875 815 2094 887 quidem
2116 829 2214 868 cur
2231 814 2305 867 ita
2324 812 2392 868 ad
2412 813 2637 869 verbum
2668 819 2862 868 contra
2881 812 3003 868 illos
3015 813 3343 884 completum
3364 814 3460 879 sit,

1874 909 1922 964 si
1954 908 2035 962 vis
2066 906 2313 968 discere,
2346 906 2475 960 audi
2503 905 2639 975 jam.
2671 903 2879 975 Nempe
2902 905 3161 974 quoniam
3192 904 3283 960 ille
3318 908 3461 960 Deus

1878 997 2239 1062 Emmanuel,
2286 998 2383 1069 qui
2430 998 2498 1053 de
2529 996 2755 1068 Virgine
2796 1005 2960 1052 natus
3003 1006 3120 1062 est,
3167 998 3460 1054 nobiscum

1876 1088 2012 1157 fuit,
2040 1105 2149 1145 non
2176 1104 2303 1143 cum
2335 1089 2445 1144 illis
2471 1107 2486 1156 ;
2512 1105 2637 1144 nam
2670 1089 2717 1144 si
2748 1089 2899 1143 illum
2927 1087 3251 1145 habuissent
3276 1130 3292 1154 ,
3320 1106 3461 1145 nun—

1871 1200 2034 1254 quam
2070 1185 2201 1238 talia
2238 1186 2383 1253 passi
2420 1192 2624 1239 essent.
2661 1183 3010 1253 Quapropter
3036 1183 3152 1252 jam
3187 1184 3451 1255 deinceps

1872 1277 2154 1332 oraculum
2204 1276 2273 1330 ad
2318 1285 2510 1346 gentes
2562 1276 2823 1329 inclamat
2874 1276 3055 1344 ipsum
3100 1274 3455 1342 Emmanuel,

1875 1369 2065 1423 dicens
2100 1388 2113 1423 :
2148 1389 2165 1419 ι
2204 1367 2505 1423 Nobiscum
2557 1366 2736 1433 Deus,
2792 1367 3129 1437 cognoscite,
3156 1377 3366 1439 gentes,
3401 1378 3459 1425 et

1874 1463 2182 1517 vincimiui.
2218 1482 2234 1512 ο
2269 1462 2332 1515 Et
2381 1461 2496 1516 lucc
2537 1461 2759 1531 quidem
2804 1476 2905 1515 nos
2940 1461 3044 1515 hoc
3088 1460 3251 1515 modo
3284 1460 3459 1516 inter-

1876 1558 2068 1626 pretati
2121 1571 2313 1610 sumus
2336 1597 2351 1620 ,
2385 1566 2443 1609 ut
2484 1556 2901 1609 ostenderemus
2924 1594 2938 1617 ,
2986 1554 3454 1624 quemadmodum

1876 1648 2025 1703 nunc
2073 1648 2292 1718 quidem
2328 1647 2396 1701 ad
2430 1648 2655 1701 verbum
2676 1688 2693 1712 ,
2729 1660 2879 1700 nunc
2910 1656 3091 1700 autem
3124 1662 3223 1716 per
3254 1646 3458 1702 obscu-

181 1743 362 1796 riores
398 1740 605 1811 ﬁguras
635 1742 929 1796 maximam
978 1740 1391 1812 prophetiarum
1426 1747 1639 1810 partem
1685 1739 1990 1812 intelligere
2014 1751 2265 1812 oportet;
2312 1750 2569 1795 cmterum
2627 1742 2743 1810 jam
2799 1741 2925 1798 inde
2973 1742 3261 1807 abeuntes,
3325 1757 3458 1799 con-

179 1835 330 1889 venit
363 1835 534 1889 etiam
562 1834 618 1889 id
647 1835 792 1905 quod
824 1835 892 1891 de
924 1836 1115 1891 eadem
1150 1836 1440 1906 prophetia
1473 1844 1765 1906 superest,
1806 1838 1971 1892 simili
2027 1837 2241 1892 ratione
2296 1837 2677 1907 contemplari.

245 1930 316 1983 Εἰ
332 1929 391 1982 δὲ
406 1930 488 1982 ἔτι
508 1931 604 1984 καὶ
621 1929 716 1984 νῦν
736 1932 814 1994 εἰς
832 1928 1092 2001 μέλλοντά
1103 1947 1229 1983 ποτε
1248 1931 1437 2001 χρόνον
1450 1929 1768 2001 γενήσεσθαι

1948 1932 2111 2004 334
2140 1932 2295 1999 Quod
2331 1933 2374 1987 si
2410 1933 2573 1986 etiam
2613 1948 2760 1988 nunc
2789 1932 2961 1989 Judaei
2982 1976 2996 1999 ,
3039 1935 3153 1991 haec
3184 1936 3293 1991 alio
3319 1952 3457 2007 quo-

177 2020 355 2077 ταῦτα
379 2025 430 2075 οἱ
464 2023 532 2075 ὲκ
552 2023 854 2094 περιτομῆς
880 2023 1063 2091 φασὶν,
1081 2024 1174 2073 ἐπὶ
1198 2022 1292 2073 τοῦ
1317 2020 1763 2093 προσδοκωμένου
1792 2098 1795 2105 _

176 2114 368 2178 αὐτοῖς
398 2115 661 2186 Χριστοῦ,
700 2115 878 2185 ῥητῶς
910 2115 1067 2185 μόνον
1096 2115 1189 2169 κα.)⁵
1218 2116 1356 2185 πρὸς
1381 2116 1526 2182 λέξιν
1544 2117 1764 2171 ἔσεσθαι

178 2206 322 2261 αὐτὰ
375 2206 821 2278 προσδεχόμενοι,
847 2206 1149 2277 ἐρωτητέον
1182 2208 1400 2270 αὐτοὺς,
1429 2207 1543 2271 πῶς
1581 2211 1610 2261 ὸ
1640 2209 1768 2278 μέλ-

178 2298 287 2352 λων
316 2298 475 2367 ἥξειν
510 2298 627 2352 κατ’
661 2299 855 2361 αὐτοὺς
889 2298 1115 2368 λήψεται
1162 2298 1390 2368 δύναμιν
1447 2299 1762 2369 Δαμασκοῦ,

178 2395 273 2447 καὶ
300 2394 371 2447 τὰ
405 2393 581 2446 σκῦλα
604 2392 917 2465 Σαμαρείας
934 2392 1112 2447 ἔναντι
1144 2392 1404 2462 βασιλέως
1444 2394 1763 2463 Ἀσσυρίων,

177 2486 582 2559 καθῃρημένης
616 2485 716 2556 μὲν
749 2485 849 2556 ἤδη
895 2488 993 2555 τῆς
1028 2485 1338 2557 Σαμαρείας
1363 2484 1506 2538 κατὰ
1538 2476 1630 2538 τὸν
1658 2502 1764 2538 πα-

180 2580 350 2651 ρόντα
391 2578 609 2650 καιρὸν,
663 2578 759 2632 καὶ
799 2577 994 2649 μηκέτι
1022 2577 1206 2650 οὔσης,
1244 2577 1380 2631 ἀλλὰ
1417 2579 1513 2631 καὶ
1530 2579 1630 2648 τῆς
1651 2580 1769 2631 ὀνο-

181 2673 507 2746 μαζομένης
553 2673 836 2744 δυνάμεως
877 2672 1170 2743 Δαμασκοῦ
1206 2672 1469 2743 μηδαμῶς
1491 2674 1766 2744 ὑπαρχού-

178 2784 309 2838 σης,
339 2766 479 2837 μηδὲ
508 2765 607 2836 τῆς
638 2764 749 2817 τῶν
789 2766 1087 2836 ’Δσσυρίων
1108 2765 1446 2827 δυναστείας,
1487 2767 1552 2837 ἢν
1592 2766 1764 2835 Μῆδοι

178 2860 279 2913 καὶ
330 2858 545 2929 Πέρσαι
603 2858 922 2921 καθελόντες
958 2858 1125 2911 πάλαι
1159 2858 1288 2911 ποτὲ
1320 2857 1621 2923 διεδέξαντο
1646 2874 1660 2922 ;
1689 2851 1763 2910 ὢν

176 2950 321 3022 ὁμοῦ
371 2950 592 3004 πάντων
644 2950 786 3003 κατὰ
815 2950 908 3003 τὸν
954 2948 1227 3003 ἐνεστῶτα
1276 2950 1465 3019 καιρὸν
1489 2948 1623 3018 μηδὲ
1666 2949 1765 3020 τὴν

178 3042 361 3114 ἀρχὴν
394 3040 740 3111 ὑφεστώτων,
768 3041 883 3105 πῶς
909 3040 1133 3094 δυνατὸν
1175 3042 1253 3103 εἰς
1286 3040 1545 3110 μέλλοντα
1576 3040 1766 3109 χρόνον

176 3136 283 3205 τὴν
320 3133 645 3205 καθαίρεσιν
667 3133 845 3187 αὐτῶν
882 3132 1218 3204 προσδοκᾷν;
1261 3132 1398 3185 Ἀλλ’
1426 3131 1548 3184 οὔτε
1576 3132 1766 3186 ἄλλοτε

181 3224 409 3280 πώποτε
447 3224 618 3277 πάλαι
671 3224 932 3296 πρότερον
978 3224 1298 3295 γεγενῆσθαι
1334 3224 1401 3277 τὰ
1430 3225 1766 3294 προφητευό-

1871 2025 1994 2080 dam
2043 2035 2287 2095 tempore
2328 2024 2510 2079 futura
2553 2042 2676 2080 esse
2714 2026 2929 2089 dicant,
2986 2034 3172 2096 utpote
3222 2043 3346 2081 cum
3389 2045 3454 2082 ea

1872 2134 1939 2173 ex
1985 2118 2193 2186 scripto
2236 2116 2535 2177 duntaxat,
2592 2126 2754 2188 atque
2802 2120 2867 2172 ad
2921 2120 3184 2184 verbum,
3232 2120 3301 2175 de
3350 2137 3450 2184 eo,

1871 2209 1964 2279 qui
2008 2209 2078 2263 ab
2122 2208 2258 2279 ipsis
2301 2207 2478 2262 adhuc
2523 2217 2890 2279 exspectatur.
2947 2210 3165 2266 Christo
3206 2212 3458 2281 accipere

1875 2303 2118 2365 soleant,
2167 2301 2540 2373 interrogandi
2564 2312 2691 2357 sunt
2715 2305 3001 2373 protinus,
3036 2303 3311 2373 quomodo
3358 2307 3454 2374 qui

1874 2404 2139 2450 venturus
2184 2405 2302 2456 est,
2334 2403 2392 2448 ut
2424 2394 2526 2463 ipsi
2561 2397 2745 2459 aiunt,
2793 2405 3113 2465 potestatem
3162 2396 3452 2463 Damasci,

1871 2494 1926 2540 et
1975 2486 2149 2555 spolia
2201 2483 2462 2539 Samarize
2510 2486 2743 2555 accipiet
2784 2502 2972 2541 coram
3022 2503 3150 2557 rege
3199 2489 3458 2559 Assyrio-

1873 2594 2016 2643 rum,
2045 2593 2168 2633 cum
2202 2578 2265 2631 in
2290 2579 2542 2647 praesenti
2567 2586 2808 2648 tempore
2840 2577 3085 2633 Samaria
3110 2580 3322 2637 sublata
3349 2581 3450 2644 sit,

1873 2683 2048 2737 neque
2094 2668 2328 2737 amplius
2374 2667 2632 2727 exsistat,
2677 2677 2732 2721 et
2788 2683 2847 2723 ea
2900 2684 3023 2737 quae
3079 2677 3320 2737 potestas
3347 2669 3455 2723 Da-

1873 2759 2044 2815 masci
2084 2760 2421 2823 nominatur,
2470 2775 2740 2829 nusquam
2780 2768 3070 2829 appareat,
3117 2776 3295 2831 neque
3323 2763 3453 2817 item

1871 2853 2112 2922 potentia
2162 2852 2538 2921 Assyriorum,
2574 2867 2735 2920 quam
2782 2853 3001 2922 quidem
3047 2868 3171 2907 eum
3209 2853 3348 2908 Medi
3390 2871 3454 2909 ac

1872 2943 2054 2998 Persa:
2098 2942 2454 3006 evertissent,
2504 2943 2557 2996 in
2590 2943 2710 3010 ejus
2746 2944 2927 2998 locum
2957 2945 3285 3015 jampridem
3324 2961 3453 3001 suc-

1873 3036 2203 3092 cesserunt?
2237 3050 2358 3105 quae
2410 3035 2571 3089 simul
2625 3036 2807 3089 omnia
2858 3052 2980 3089 cum
3035 3036 3120 3090 sui
3169 3037 3450 3106 ipsorum,

1872 3129 1977 3183 hoc
2026 3129 2145 3198 ipso
2202 3137 2443 3198 tempore
2497 3128 2585 3181 vix
2642 3129 2899 3198 exiguum
2955 3130 3227 3198 quoddam
3282 3132 3451 3186 vesti-

1874 3224 2020 3292 gium
2073 3220 2478 3283 demonstrent,
2529 3234 2638 3289 quo
2688 3221 2964 3288 possimus
3015 3238 3077 3277 ea
3129 3221 3299 3280 fuisse
3350 3227 3452 3279 ali-

180 3322 326 3394 μενά
364 3324 518 3375 ἐστιν
552 3322 747 3373 εἰπεῖν.
795 3318 981 3381 Οὐδεὶς
1025 3317 1153 3385 γοῦν
1178 3318 1303 3387 παρ’
1352 3316 1621 3386 Ἑϐραίοις
1657 3316 1768 3369 πώ-

1877 3314 2095 3383 quando
2139 3314 2449 3382 conjicere,
2497 3312 2590 3381 qui
2635 3316 2851 3369 tandem
2906 3314 3019 3367 ﬁeri
3076 3324 3253 3384 potest
3304 3324 3363 3371 ut
3397 3317 3452 3373 in

181 3431 320 3467 ποτε
365 3415 433 3466 ἐκ
463 3412 793 3484 προφήτιδος
840 3410 1064 3481 μητρὸς,
1093 3410 1186 3463 καὶ
1232 3409 1454 3461 Ἠσαῖου
1487 3407 1581 3460 τοῦ
1630 3425 1767 3477 προ-

181 3510 360 3578 φήτου
400 3504 706 3574 γεννηθεὶς,
753 3501 925 3554 σκῦλα
957 3502 1267 3573 Σαμαρείας
1298 3502 1390 3554 καί
1409 3500 1636 3571 δύναμιν
1662 3503 1767 3554 Δα-

186 3597 405 3668 μασκοῦ
428 3595 570 3649 κατὰ
620 3594 713 3649 τοῦ
749 3594 1010 3665 βασιλέως
1052 3592 1351 3664 Ἀσσυρίων
1400 3592 1766 3663 στρατεύσας,

179 3691 256 3752 ὡς
292 3688 436 3761 πρὸς
470 3686 640 3758 ῥητὴν
691 3685 930 3737 διάνοιαν
976 3682 1155 3736 λαϐὼν
1190 3682 1507 3753 ἱστόρηται*
1542 3681 1679 3735 ὥστε
1710 3682 1768 3747 ἐξ

184 3783 434 3840 ἅπαντος
484 3776 784 3849 ὁμολογεῖν,
818 3773 961 3828 αὐτὰ
984 3773 1123 3828 κατὰ
1149 3773 1246 3844 τὴν
1279 3774 1630 3827 ἀποδοθεῖσαν
1656 3774 1771 3828 διά-

182 3892 330 3929 νοιαν
365 3872 548 3944 μόνως
582 3868 992 3940 πεπληρῶσθαι,
1028 3868 1127 3921 οὐκ
1148 3866 1333 3921 ἄλλοτε
1360 3863 1607 3937 δηλαδὴῆ
1630 3865 1771 3919 κατὰ

183 3967 283 4039 τὴν
302 3962 614 4033 γενομένην
636 3959 935 4032 παρουσίαν
981 3957 1155 4031 Ἰησοῦ
1176 3956 1270 4011 τοῦ
1310 3958 1561 4029 Σωτῆρος
1592 3957 1766 4027 ἡμῶν,

184 4056 306 4110 καθ’
335 4056 402 4109 ὃν
438 4052 799 4124 ἀπεδείξαμεν
838 4051 991 4113 τέλος
1022 4050 1300 4121 εἰληφέναι
1333 4050 1400 4102 τὰ
1432 4066 1772 4120 προηγορευο

190 4150 352 4220 μένα.
415 4147 663 4218 Ἐγράφη
689 4144 731 4197 δ’
763 4139 856 4197 οῦν
907 4142 1047 4195 κατα
1092 4142 1189 4211 τὴν
1241 4142 1576 4213 προφητείαν
1619 4142 1711 4194 καὶ
1741 4143 1770 4193 ὁ

189 4239 375 4302 καινὸς
413 4237 581 4308 τόμος
610 4235 704 4287 ἐπὶ
728 4235 829 4304 τῆς
863 4232 1026 4286 αὑτοῦ
1056 4231 1377 4304 παρουσίας,
1399 4233 1426 4283 ὁ
1451 4231 1548 4301 τῆς
1574 4231 1770 4301 καινῆς

188 4331 467 4402 Διαθήκης
509 4327 665 4395 λόγος
712 4327 810 4397 τὴν
839 4325 1049 4393 γένεσιν
1084 4322 1351 4395 περιέχων
1382 4322 1475 4376 τοῦ
1503 4322 1603 4392 τῆς
1638 4338 1773 4393 προ-

192 4418 414 4490 φήτιδος
456 4415 598 4478 υίοῦ,
628 4415 687 4477 ὃς
739 4415 834 4468 καὶ
870 4413 1006 4485 πρὸς
1032 4412 1175 4480 λέξιν
1209 4413 1304 4466 καὶ
1330 4412 1644 4485 Δαμασκοῦ,
1677 4414 1771 4465 καὶ

190 4507 392 4578 Συρίας
424 4505 646 4575 ἁπάσης
680 4504 779 4575 τὴν
807 4503 1091 4574 βασιλικὴν
1134 4503 1387 4575 δύναμιν,
1420 4504 1492 4559 τά
1511 4522 1572 4559 τε
1600 4506 1772 4576 ἑρμη-

190 4593 447 4646 νευθέντα
502 4594 637 4663 ἡμῖν
664 4591 836 4645 σκῦλα
879 4592 1190 4663 Σαμαρείας
1219 4594 1441 4666 ἀρρήτῳ
1468 4594 1562 4649 καὶ
1602 4594 1771 4665 ὲνθέῳ

1874 3406 2120 3460 futurum
2154 3416 2373 3474 tempus
2404 3420 2596 3459 eorum
2629 3413 2982 3475 exspectetur
3014 3409 3271 3463 eversio?
3297 3412 3448 3479 atqui

1872 3514 1940 3552 ne
1981 3507 2139 3551 antea
2186 3496 2408 3567 quidem
2454 3499 2566 3552 ullo
2602 3514 2841 3568 unquam
2876 3507 3119 3568 tempore
3149 3499 3294 3555 facta
3326 3518 3451 3557 esse

1873 3607 1935 3646 ea
1964 3607 2086 3661 quae
2108 3592 2162 3645 in
2196 3590 2515 3661 huiusmodi
2542 3592 2828 3661 prephetia
2857 3593 3233 3657 continentur,
3262 3592 3448 3649 dicere

1875 3686 1986 3740 ullo
2012 3686 2177 3739 modo
2203 3693 2457 3754 possunt.
2484 3684 2679 3741 Nullus
2714 3692 2865 3740 certe
2898 3700 3136 3755 unquam
3171 3686 3313 3757 apud
3343 3685 3449 3741 He-

1872 3778 2048 3833 braeos
2075 3794 2140 3832 ex
2171 3777 2489 3848 prophetica
2522 3783 2698 3833 matre
2725 3785 2778 3832 et
2804 3775 2941 3832 Isaia
2970 3777 3235 3848 propheta
3261 3786 3445 3842 natus,

1872 3870 2048 3939 spolia
2098 3868 2363 3923 Samaria:
2402 3875 2456 3923 et
2499 3876 2821 3937 potestatem
2869 3869 3156 3933 Damasci,
3198 3870 3447 3925 exercitu

1871 3970 2062 4015 contra
2099 3976 2281 4031 regem
2307 3959 2662 4031 Assyriorum
2692 3968 3012 4029 comparato
3038 3962 3135 4029 (ut
3163 3976 3284 4015 eam
3317 3977 3446 4018 sen-

1873 4055 2098 4107 tentiam
2134 4068 2431 4123 sequamur
2460 4069 2582 4122 qua:
2612 4068 2642 4106 a
2674 4051 2859 4107 verbis
2893 4068 3001 4106 non
3036 4051 3319 4121 recedit),
3355 4069 3451 4111 ac-

1871 4146 2083 4216 cepisse
2117 4154 2473 4199 memoratur.
2508 4144 2667 4199 Omni
2702 4145 2884 4212 itaque
2918 4145 3131 4199 ratioue
3162 4144 3321 4202 fateri
3352 4163 3449 4203 co-

1871 4239 2051 4309 gimur
2070 4253 2131 4292 ea
2157 4238 2535 4291 tantummodo
2561 4236 2864 4291 secundum
2892 4236 3149 4307 superius
3174 4238 3446 4296 redditam

1873 4345 1903 4384 a
1935 4329 2096 4384 nobis
2129 4328 2457 4384 sententiam
2495 4328 2769 4397 completa
2801 4343 2926 4383 esse
2949 4366 2965 4392 ,
3013 4328 3117 4383 hoc
3146 4336 3269 4397 est,
3307 4346 3447 4388 nus-

1872 4438 2035 4493 quam
2077 4423 2214 4477 alias
2258 4436 2421 4491 quam
2468 4432 2590 4491 post
2632 4420 2922 4477 adventum
2966 4420 3097 4476 Jesu
3145 4422 3451 4480 Salvatoris

1872 4516 2084 4581 nostri,
2117 4528 2226 4586 quo
2260 4521 2504 4583 tempore
2532 4513 3061 4578 demonstravimus,
3092 4529 3155 4569 ea
3187 4531 3310 4585 qua:
3346 4516 3451 4573 hoc

1873 4605 2037 4660 modo
2065 4605 2325 4675 prtedicta
2359 4612 2524 4670 sunt,
2560 4604 2718 4659 ﬁnem
2751 4605 3053 4671 accepisse.
3083 4604 3227 4678 Ergo
3255 4607 3313 4661 in
3349 4609 3450 4663 hu-

188 4686 419 4757 δυνάμει
440 4686 525 4747 είς
553 4687 739 4756 χεῖρας
770 4683 869 4755 τῆς
905 4684 1191 4754 Ῥωμαίων
1224 4684 1498 4755 βασιλείας
1522 4686 1766 4771 παρέδω-

1873 4697 1963 4767 jus
2008 4697 2282 4762 adventu,
2330 4697 2473 4752 sicut
2525 4697 2578 4752 in
2627 4697 2745 4768 ipsa
2788 4697 3068 4767 prophetia
3110 4699 3449 4763 continetur,
3531 4770 3537 4776 .

193 4795 321 4831 κεν
374 4778 440 4831 οὐ
477 4778 587 4847 μὴν
637 4774 774 4830 ἀλλὰ
811 4777 907 4830 καὶ
937 4777 1077 4831 κατὰ
1112 4777 1349 4831 διάνοιαν
1378 4779 1504 4842 τοὺς
1542 4779 1600 4846 eg
1639 4763 1769 4833 ἰου-

189 4871 354 4924 δαίων
376 4869 543 4925 αὐτοῦ
574 4869 841 4941 μαθητὰς,
864 4870 1053 4944 ὥσπερ
1072 4871 1195 4926 τινὰ
1213 4871 1384 4925 σκῦλα
1413 4890 1772 4944 περιπεποιη-

196 4961 375 5032 μένος,
428 4965 642 5033 νοητοῖς
665 4963 761 5016 καὶ
796 4961 1031 5031 λογικοῖς
1074 4964 1259 5027 ὅπλοις
1306 4964 1667 5037 περιφράξας,
1691 4968 1771 5029 είς

194 5055 489 5124 πρόσωπον
518 5054 611 5108 τοῦ
651 5054 981 5126 δηλωθέντος
1014 5054 1272 5125 βασιλέως
1316 5055 1614 5127 Ἀσσυρίων
1641 5074 1772 5112 κατ-

191 5149 485 5219 εστήσατο,
532 5148 628 5201 καὶ
655 5147 878 5212 τούτους
913 5150 1010 5219 μὲν
1048 5149 1123 5213 ὡς
1153 5149 1385 5213 οἰκείους
1434 5149 1772 5222 στρατιώτας

189 5240 421 5306 ὁπλίτας
447 5242 858 5313 παρεσκεύασεν
877 5258 890 5271 ·
915 5240 1039 5306 τούς
1051 5259 1114 5312 γε
1135 5241 1239 5316 μὴν
1263 5244 1774 5315 παραιτησαμένους

190 5332 259 5384 τὸ
294 5332 513 5403 γόνιμον
543 5334 639 5387 καὶ
667 5332 895 5399 ζωτικὸν
932 5332 1076 5406 ὕδωρ
1115 5335 1214 5406 τῆς
1235 5336 1397 5389 αὐτοῦ
1428 5335 1774 5400 διδασκαλίας

192 5422 259 5475 τὸ
281 5423 644 5495 πορευόμενον
668 5425 867 5497 ἡσυχῆ,
903 5424 1184 5497 ἑλομένους
1211 5426 1352 5481 δὲτὰ
1380 5426 1657 5498 πολεμικὰ
1685 5427 1776 5481 καὶ

192 5513 373 5585 ἐχθρὰ
397 5514 472 5585 τῷ
499 5514 639 5587 Θεῷ,
677 5515 755 5589 τῷ
783 5516 891 5570 τῶν
940 5517 1236 5590 ’Δσσυρίων
1264 5517 1496 5585 ἐξέδωκε
1544 5516 1770 5588 βασιλεῖ,

186 5600 238 5675 ᾧ
268 5608 368 5660 καὶ
401 5607 561 5663 είσέτι
616 5607 711 5662 νῦν
749 5610 1073 5680 τυγχάνουσι
1126 5609 1525 5683 δεδουλωμένοι.
1578 5610 1770 5682 Ἀνέϐη

188 5699 336 5768 γοῦν
364 5692 512 5766 οὗτος
546 5700 642 5755 ἐπὶ
673 5703 853 5755 πᾶσαν
908 5700 1168 5775 φάραγγα
1201 5702 1401 5768 αὐτῶν,
1435 5709 1523 5758 καὶ
1554 5701 1644 5756 ἐπὶ
1666 5705 1773 5755 πᾶν

186 5793 380 5864 τεῖχος
406 5794 601 5863 αὐτῶν,
626 5794 734 5868 ,καὶ
782 5794 998 5866 ἀφεῖλεν
1038 5796 1146 5851 ἀπὸ
1166 5797 1264 5869 τῆς
1304 5798 1559 5861 Ἰουδαίας
1592 5798 1767 5857 πάντα

1876 4787 2117 4857 scriptus
2160 4795 2241 4843 est
2290 4804 2467 4844 novus
2514 4788 2674 4851 liber,
2707 4786 2843 4843 Novi
2883 4788 3075 4859 utique
3105 4787 3446 4846 Testamenti

1874 4879 2042 4934 verba
2071 4880 2442 4950 complectens
2460 4921 2475 4943 ,
2505 4889 2561 4937 et
2589 4881 2643 4936 in
2676 4882 2761 4937 liis
2788 4887 2943 4936 ortus
2972 4882 3305 4952 prophetica:
3335 4899 3450 4937 mu-
3537 4874 3543 4881 ’

1875 4970 2028 5027 lieris
2062 4970 2155 5026 lilii
2179 5010 2193 5035 ,
2229 4972 2321 5043 qui
2358 4972 2660 5029 secundum
2694 4973 2859 5028 verba
2893 4972 3219 5043 prophetia,
3257 4983 3310 5029 et
3346 4974 3448 5028 Da-

1875 5062 2048 5118 masci
2092 5070 2146 5118 et
2197 5061 2371 5133 Syriae
2418 5064 2684 5117 universa:
2732 5062 2967 5131 regalem
3018 5062 3354 5132 potentiam,
3393 5073 3449 5119 ct

1873 5170 1994 5224 qua:
2022 5169 2123 5210 nos
2148 5155 2491 5226 interpretati
2522 5169 2744 5213 sumus.
2776 5154 2952 5223 spolia
2984 5152 3243 5209 Samaria:
3269 5197 3283 5222 ,
3315 5157 3451 5211 incf.

1873 5245 2024 5302 fabili
2060 5248 2293 5319 quadam
2336 5247 2630 5316 divinaque
2676 5246 2878 5299 virtute
2919 5245 2977 5297 in
3020 5260 3216 5301 manus
3254 5262 3445 5318 regum

1872 5337 2243 5394 Romanorum
2274 5337 2532 5402 tradidit;
2563 5344 2938 5393 verumtamen
2965 5339 3290 5394 sententiam
3315 5355 3448 5411 quo-

1873 5447 1981 5501 que
2013 5430 2365 5502 sequentibus
2386 5470 2401 5493 ,
2437 5445 2567 5487 suos
2599 5429 2741 5484 idem
2775 5427 2843 5484 de
2867 5426 3073 5487 Judaeis
3100 5431 3404 5502 discipulos
3428 5483 3444 5499 ,

1876 5523 2034 5593 quasi
2086 5521 2258 5592 spolia
2298 5519 2543 5591 quzedam
2581 5519 2841 5590 adeptus,
2874 5517 3319 5589 intelligibilibus
3349 5534 3442 5576 ra-

1875 5613 2281 5683 tionalibusque
2329 5611 2497 5666 armis
2544 5612 2818 5674 munitos,
2862 5612 2918 5667 in
2964 5612 3155 5668 faciem
3211 5612 3332 5683 ejus
3379 5615 3448 5668 de

1875 5721 1986 5776 quo
2029 5704 2233 5760 dictum
2279 5711 2360 5758 est
2405 5704 2548 5774 regis
2577 5703 2928 5776 Assyriorum
2955 5745 2971 5772 ,
3008 5705 3326 5770 constituit,
3361 5714 3449 5761 at-

1875 5809 1981 5867 que
2027 5794 2128 5853 hos
2172 5801 2433 5865 tanquam
2480 5809 2611 5851 suos
2647 5797 2903 5868 proprios
2946 5804 3196 5857 scutatos
3235 5798 3447 5854 milites
