4100 6430
646 309 751 397 σὺ

1276 310 2061 403 Ευδειιιιέεεδιιιιεκειδ
2100 349 2250 404 ore.
2298 348 2476 405 PARS
2516 348 2577 404 ιι.
2612 379 2680 390 -
2714 348 3204 406 APOLOGETICA.

3784 345 3915 404 528

641 452 994 523 cuiuparavit.
1024 452 1273 507 Attamen
1302 471 1397 509 eos
1428 457 1517 525 qui
1553 456 1840 512 fecundam
1883 460 2205 529 vitaleuique

2311 460 2546 534 ἄρχοντα
2593 462 2685 514 καὶ
2738 462 2979 532 βασιλέα,
3037 461 3278 535 κεφαλὴν
3329 461 3749 533 ὀνομαζόμενον,
3796 465 3916 516 καὶ

643 547 910 601 doctrina:
936 560 1049 600 sua:
1078 561 1275 616 aquam
1296 588 1311 611 ,
1341 564 1463 618 qum
1493 565 1616 603 cum
1649 551 1867 606 silentio
1900 553 2104 607 labitur
2133 568 2219 607 re-

642 644 957 697 cusaverint
978 680 992 699 ,
1023 645 1076 693 et
1102 638 1332 695 hostiles
1365 640 1584 711 Deoque
1612 643 1865 698 inimicas
1898 657 2079 714 partes
2110 646 2217 701 cle-

640 731 849 802 gcrint,
879 731 989 801 regi
1017 731 1367 801 Assyriorum
1399 732 1656 796 tradidit,
1686 735 1774 788 cui
1801 735 2020 804 quidem
2052 737 2214 792 etiam

640 837 787 878 nunc
817 821 1019 879 addicti
1045 823 1310 879 serviunt.
1333 824 1493 896 335
1519 826 1780 882 Ascendit
1811 827 1979 897 igitur
2006 829 2093 883 hic
2125 844 2218 884 su-

644 932 739 985 per
769 931 985 971 omnem
1030 917 1333 972 convallem
1375 920 1618 989 ipsorum
1651 959 1665 981 ,
1696 929 1752 974 et
1796 936 1964 991 super
1994 937 2212 978 onmem

641 1024 859 1063 murum
889 1008 1133 1079 ipsorum
1156 1050 1170 1072 ,
1197 1017 1251 1063 et
1279 1010 1502 1066 abstulit
1526 1012 1593 1067 de
1616 1009 1801 1066 Judzca
1830 1028 2043 1067 omnem
2072 1013 2217 1083 prin-

640 1102 817 1171 cipem
846 1116 909 1156 ac
938 1116 1117 1172 regem
1142 1146 1156 1168 ,
1185 1104 1277 1173 qui
1309 1103 1413 1157 hoc
1446 1104 1500 1158 in
1537 1104 1657 1159 loco
1683 1113 1848 1175 caput
1875 1106 2212 1172 nominatur,

641 1201 696 1248 et
724 1209 940 1249 omnem
974 1203 1279 1266 potentem.
1310 1196 1403 1266 qui
1435 1197 1638 1268 aliquid
1669 1197 2000 1264 conﬁceret;
2033 1198 2214 1269 itaque

641 1301 706 1341 ex
740 1285 832 1340 illo
861 1286 914 1340 in
947 1286 1094 1341 hunc
1122 1302 1299 1355 usque
1325 1288 1468 1343 diem
1503 1289 1579 1343 illi
1648 1305 1823 1360 neque
1853 1290 2022 1344 ullum
2050 1297 2214 1360 caput

642 1377 874 1440 habent,
907 1394 1082 1449 neque
1113 1380 1348 1449 aliquem
1381 1380 1432 1433 in
1465 1380 1665 1435 divinis
1695 1387 1967 1452 potentem
1988 1420 2004 1447 ,
2036 1381 2214 1451 qualis

640 1469 915 1539 quondam
944 1479 1096 1534 erat,
1130 1473 1221 1542 qui
1253 1473 1359 1526 illis
1392 1482 1773 1526 ornamentum
1808 1473 2086 1544 decusque
2118 1472 2215 1528 ad-

639 1562 835 1629 debat,
872 1565 987 1619 sive
1033 1569 1334 1635 propheta,
1379 1567 1494 1621 sive
1536 1566 1738 1636 alioqui
1776 1566 1956 1637 justus
1998 1566 2213 1637 Deoque

640 1654 851 1709 amicus
880 1655 983 1709 vir.
1017 1655 1247 1710 Constat
1279 1664 1459 1710 autem
1496 1656 1627 1710 illud
1663 1671 1910 1726 quoque,
1949 1657 2212 1727 quemad-

639 1747 860 1801 modum
895 1749 1075 1802 omnis
1108 1748 1352 1818 ipsorum
1389 1750 1539 1818 regio
1571 1747 1810 1802 inimicis
1850 1748 2210 1818 hostibusque

2323 554 2499 608 πάντα
2553 552 2776 606 δυνατὸν
2808 554 3224 608 συντελέσασθαι
3257 570 3342 606 τιο
3393 553 3531 609 ὥστε
3583 552 3643 619 ἐξ
3681 556 3915 609 ἐκείνου

2319 645 2414 698 καὶ
2434 646 2513 708 εἰς
2535 644 2693 716 δεῦρο
2728 647 2865 717 μήτε
2913 645 3153 715 κεφαλὴν
3176 645 3373 708 αὐτοὺς
3408 645 3727 715 κεκτῆσθαι,
3755 648 3915 717 μήτε

2318 737 2439 790 τινὰ
2470 737 2697 791 δυνατὸν
2729 740 2786 790 ὲν
2812 741 2926 801 τοῖς
2969 738 3149 801 θείοις,
3180 732 3291 801 οἷος
3319 733 3387 808 ἦν
3417 740 3447 791 ὁ
3473 738 3639 792 πάλαι
3662 738 3913 809 διαπρέ-

2318 842 2436 880 πων
2465 829 2524 881 ὲν
2570 827 2774 892 αὐτοῖς,
2824 828 2933 882 εἴτε
2984 832 3289 899 προφήτης,
3330 828 3439 880 εἴτε
3471 826 3645 891 ἄλλως
3684 827 3912 889 δίκαιος

2316 916 2409 967 καὶ
2461 914 2714 987 θεοφιλὴς
2772 917 2931 988 ἀνήρ.
2971 916 3241 988 Πρόδηλον
3291 915 3350 970 δὲ
3413 918 3562 981 ὅπως
3594 917 3688 971 καὶ
3740 920 3911 972 πᾶσα

2314 1006 2495 1060 αὐτῶν
2517 1009 2551 1079 ή
2579 1006 2731 1079 χώρα
2764 1008 3074 1080 ὑποχείριος
3099 1012 3213 1073 τοῖς
3227 1008 3406 1062 αὐτῶν
3441 1009 3651 1081 ἐχθροῖς
3683 1011 3777 1064 καὶ
3800 1026 3908 1063 τω-

2312 1098 2521 1170 λεμίοις
2546 1101 2712 1153 εἰσέτι
2761 1100 2859 1155 νῦν
2902 1101 3225 1174 καθέστηκε,
3267 1102 3364 1155 καὶ
3402 1101 3479 1165 ὡς
3506 1101 3678 1155 ταῦτα
3710 1104 3911 1157 πάντα.

2313 1189 2406 1243 ἐπὶ
2437 1194 2500 1263 τῇ
2524 1192 2795 1264 παρουσίᾳ
2847 1192 2941 1246 τοῦ
2988 1193 3332 1266 Ἑμμανουὴλ
3365 1193 3696 1247 τετέλεσται.
3729 1193 3913 1247 οὕτω

2312 1282 2443 1351 γοῦν
2489 1285 2522 1353 ἡ
2568 1284 2831 1356 Ἐϐραίων
2863 1287 3047 1357 γραφὴ
3085 1287 3345 1358 περιέχει,
3375 1288 3653 1358 μονονουχὶ
3689 1287 3907 1358 σημαιο

2312 1390 2497 1437 νουσα,
2555 1374 2646 1428 τὸν
2713 1377 3060 1450 Ἐμμανουὴλ
3117 1379 3210 1430 τὸν
3239 1378 3607 1446 ἀπιπηθέντα
3651 1379 3750 1449 μὲν
3779 1379 3909 1433 ὑπὸ

2326 1466 2615 1527 Ἰουδαίων,
2651 1469 2744 1521 καὶ
2773 1470 2944 1522 αἴτιον
2973 1470 3155 1533 αὐτοῖς
3187 1469 3579 1523 τῶντοσούτων
3599 1471 3907 1542 γενόμενον

2314 1559 2628 1631 συμφορῶν,
2656 1562 2789 1631 ἡμῖν
2811 1560 2867 1613 δὲ
2885 1564 2998 1622 τοῖς
3018 1561 3193 1614 ἔθνεσι
3217 1561 3588 1625 πιστευθέντα,
3614 1562 3908 1634 σωτηρίας

2310 1665 2369 1700 τε
2405 1650 2497 1702 καὶ
2556 1649 2809 1719 γνώσεως
2850 1650 2984 1705 Θεοῦ
3024 1652 3311 1725 παραίτιον
3359 1652 3761 1723 ἀποδειχθέντα.
3796 1654 3907 1708 Διὸ

2313 1740 2442 1810 ἑξῆς
2493 1742 2800 1811 ὲπιλέγεται
2824 1760 2838 1775 ο
2878 1762 2895 1794 ι
2920 1744 3054 1797 Μεθ’
3087 1745 3241 1816 ἡμῶν
3262 1747 3292 1798 ὁ
3311 1744 3444 1809 Θεός
3464 1762 3477 1775 °
3503 1746 3700 1815 γνῶτε,
3734 1745 3900 1816 ἔθνη,

642 1840 882 1908 ipsorum
913 1840 1192 1909 subjecta,
1227 1840 1280 1893 in
1318 1840 1463 1894 hunc
1498 1857 1671 1911 usque
1702 1840 1845 1894 diem
1877 1848 2123 1904 vexetur,
2157 1848 2205 1895 et

2313 1834 2405 1885 καὶ
2436 1835 2691 1905 ἡττᾶσθε.
2732 1855 2751 1889 ι
2787 1836 3098 1909 ’ῐίττήμεθα
3129 1836 3260 1906 γοῦν
3293 1838 3365 1901 ὡς
3393 1836 3605 1909 ἀληθῶς
3638 1839 3796 1907 ἡμεῖς
3841 1837 3903 1891 οι

639 1930 752 1985 haec
794 1931 1049 1987 universa
1091 1931 1144 1985 in
1192 1931 1366 2003 ipsius
1411 1932 1727 1988 Emmanuel
1768 1932 2003 1987 adventu
2047 1948 2207 1987 suum

638 2024 798 2077 linem
847 2023 1041 2077 sortita
1084 2024 1214 2079 sint.
1264 2023 1379 2078 lloe
1431 2024 1613 2095 ipsum
1668 2039 1804 2079 sane
1853 2023 2205 2079 Hebraeorum

638 2116 841 2183 scripta
885 2115 1200 2187 continent,
1257 2131 1378 2186 qua:
1424 2115 1816 2187 propemodum
1866 2116 2209 2187 signiﬁcant,

638 2206 817 2276 ipsum
870 2204 1222 2270 Emmanuel,
1275 2207 1362 2261 cui
1408 2207 1632 2263 credere
1669 2207 1962 2262 noluerunt
2003 2206 2206 2274 Judaei,

637 2298 915 2353 audior-em
942 2299 1047 2354 illis
1078 2306 1351 2354 tantarum
1378 2300 1750 2355 calamitatum
1775 2301 2054 2356 exstitisse
2081 2318 2095 2366 ;
2122 2316 2213 2355 no-

636 2389 720 2444 bis
748 2397 929 2443 autem
954 2391 1204 2459 gentibus
1225 2430 1241 2454 ,
1274 2407 1394 2462 quae
1417 2392 1491 2445 illi
1518 2390 1876 2457 credidimus,
1900 2398 1955 2444 et
1980 2392 2209 2446 salutem

635 2491 689 2535 ct
724 2479 815 2535 Dei
845 2481 1114 2546 notitiam,
1155 2482 1342 2549 utjam
1366 2482 1796 2538 demonstratum
1837 2491 1952 2545 est,
1992 2483 2207 2537 attulis-

637 2589 715 2627 se.
750 2572 930 2639 Quare
961 2571 1214 2643 deinceps
1265 2574 1611 2645 adjungitur:
1656 2593 1673 2626 ι
1709 2573 2004 2628 Nobiscum
2035 2572 2204 2628 Deus:

634 2666 970 2733 cognoscite,
1005 2674 1211 2735 gentes,
1246 2673 1300 2719 et
1333 2664 1635 2720 vincimini.
1667 2684 1684 2716 ι
1715 2664 1993 2735 Siquidem
2019 2680 2118 2719 nos
2141 2681 2208 2720 ex

635 2754 887 2821 gentibus
918 2753 1045 2807 victi
1075 2768 1267 2808 sumus
1304 2770 1361 2809 re
1396 2770 1524 2809 vera
1548 2795 1564 2820 ,
1600 2754 1693 2825 qui
1728 2756 1830 2825 ipsi
1869 2756 2122 2816 veritati,
2152 2765 2207 2810 et

635 2846 833 2900 stantis
880 2846 1171 2900 nobiscum
1220 2845 1315 2901 Dei
1370 2847 1558 2901 virtuti
1607 2846 1894 2911 cedentes,
1942 2847 1997 2901 in
2055 2848 2205 2901 illum

634 2936 1000 2998 credidimus,
1052 2936 1415 3007 cedentesque
1464 2938 1640 2993 eidem
1690 2940 1974 3009 paruimus
2015 2954 2205 2994 omnes

633 3030 858 3099 pariter,
890 3032 1202 3100 quicunque
1247 3045 1420 3100 usque
1462 3032 1529 3084 ad
1570 3041 1812 3085 extrema
1847 3039 2006 3087 terra:
2045 3032 2203 3086 habi-

2314 1923 2372 1988 ἐξ
2429 1925 2597 1977 ἐθνῶν
2626 1930 2705 1989 εἰς
2753 1928 2914 1982 αὐτὸν
2962 1929 3405 1993 πεπιστευκότες,
3446 1928 3758 2000 νικηθέντες
3780 1926 3903 1982 iss-ub

2311 2016 2411 2087 τῆς
2444 2016 2699 2090 ἀληθείας
2723 2020 2816 2072 καὶ
2846 2021 2943 2091 τῆς
2969 2020 3064 2072 τοῦ
3092 2022 3382 2091 γενομένου
3420 2021 3537 2090 μεθ’
3569 2022 3724 2091 ἡμῶν
3748 2019 3902 2074 Θεοῦ

2310 2106 2590 2178 δυνάμεως
2610 2124 2623 2137 ·
2661 2108 2983 2179 ἡττηθέντες
3011 2127 3070 2162 τε
3093 2110 3481 2183 ὑπηκούσαμεν
3509 2112 3657 2183 αύτῷ
3689 2111 3905 2176 πάντες

2309 2197 2443 2269 ὁμοῦ
2477 2200 2524 2252 οἱ
2561 2200 2724 2272 μέχρι
2760 2201 2867 2255 τῶν
2898 2202 3159 2272 ἐσχατιιῖιν
3203 2204 3583 2268 κατοικοῦντες
3627 2206 3728 2277 τῆς
3759 2207 3900 2278 γῆς,

2311 2290 2449 2344 κατὰ
2479 2292 2577 2362 τὴν
2617 2294 2866 2363 φήσασαν
2906 2295 3242 2366 προφητείαν
3262 2311 3275 2325 ·
3316 2315 3335 2347 ι
3384 2297 3752 2353 Ἐπακούσατε
3778 2299 3902 2364 ἕως

2310 2383 2537 2453 ἐσχάτου
2581 2385 2682 2456 τῆς
2724 2386 2844 2456 γῆς.
2877 2406 2896 2437 s
2938 2387 3074 2439 Ἀλλ’
3107 2391 3265 2459 ἡμεῖς
3309 2388 3408 2459 μὲν
3442 2391 3538 2442 καὶ
3579 2392 3895 2461 ἡττήμεθα..

2310 2477 2403 2528 καὶ
2458 2474 2706 2530 καλοῦντι
2760 2479 3147 2551 ὑπηκούσαμεν
3168 2497 3184 2509 ·
3222 2482 3334 2543 τοῖς
3370 2481 3426 2534 δὲ
3468 2482 3547 2535 ἔτι
3579 2481 3688 2536 τῶν
3714 2483 3899 2537 ἐθνῶν

2309 2568 2594 2623 ἀπειθοῦσι
2627 2570 2696 2624 τὰ
2734 2572 2859 2642 ἑξῆς
2899 2573 3239 2627 ἀποτείνεται
3273 2573 3444 2642 λέγων
3467 2590 3481 2604 ο
3524 2593 3543 2626 ι
3583 2576 3898 2646 ἰσχυκότες

2311 2660 2566 2730 ἡττᾶσθε.
2634 2664 2729 2716 Ἂν
2762 2663 2871 2735 γὰρ
2900 2665 3062 2718 πάλιν
3130 2666 3405 2737 ῑσχύσητε,
3453 2668 3616 2723 πάλιν
3645 2670 3893 2743 ἡττηθή-

2310 2752 2499 2807 σεσθε·
2532 2755 2622 2808 καὶ
2653 2754 2809 2825 λόγον
2832 2758 2889 2809 ὃν
2923 2757 2988 2810 ἀν
3028 2758 3407 2829 βουλεύσησθε,
3441 2761 3503 2814 οὐ
3552 2762 3626 2832 μὴ
3649 2763 3890 2837 ὲμμείνῃ

2313 2845 2371 2896 ὲν
2407 2846 2556 2916 ύμῖν,
2591 2848 2671 2900 ὅτι
2705 2848 2823 2919 μεθ’
2847 2849 3005 2920 ἡμῶν
3027 2852 3055 2903 ὁ
3086 2850 3235 2913 Θεός.
3278 2871 3296 2902 ι
3331 2851 3487 2905 Οὕτω
3504 2851 3653 2920 λέγει
3678 2853 3895 2927 Κύριος

2306 2940 2371 3008 τῇ
2416 2939 2610 3011 ἰσχυρᾷ
2660 2944 2802 3012 χειρὶ
2857 2941 3204 2996 ἀπειθοῦσιν·
3247 2944 3313 2996 δι’
3344 2938 3419 3000 ὧν
3455 2945 3690 3015 σαφῶςό
3722 2947 3892 3016 λόγος

2305 3030 2573 3100 ἀφηνιῶσι
2618 3034 2713 3086 καὶ
2747 3035 3218 3106 ἀντιταττομένοις
3249 3039 3313 3107 τῇ
3338 3036 3430 3090 τοῦ
3465 3037 3699 3109 Χριστοῦ
3734 3039 3893 3094 διδα-

633 3132 842 3185 tamus,
900 3130 958 3175 ut
1007 3122 1062 3175 in
1113 3121 1396 3192 prophetia
1445 3122 1709 3192 scriptum
1752 3132 1871 3187 est,
1921 3138 2041 3193 qum
2086 3124 2197 3177 ait:

2309 3122 2523 3193 σκαλίᾳ,
2555 3124 2650 3177 καὶ
2678 3128 2790 3187 τοῖς
2831 3126 3113 3179 ἀπειθοῦσι
3152 3130 3217 3198 τῇ
3250 3130 3488 3199 κραταιᾷ
3536 3128 3702 3182 αὐτοῦ
3735 3131 3890 3202 χειρὶ

638 3234 655 3265 ι
700 3213 962 3267 Exaudite
990 3229 1162 3284 usque
1195 3213 1262 3266 ad
1292 3221 1594 3269 extremum
1623 3223 1801 3276 teme,
1834 3233 1852 3266 ι
1888 3224 1941 3270 et
1958 3231 2057 3271 nos
2086 3218 2205 3286 qui-

2311 3214 2576 3279 θεσπίζει,
2627 3217 2711 3269 ὅτι
2746 3217 2879 3288 μηδὲ
2922 3218 3165 3288 ἰσχύουσι
3202 3219 3615 3291 προσπολεμεῖν.
3632 3222 3724 3274 τὸν
3760 3222 3889 3293 μεθ’

630 3304 753 3360 dem
776 3345 790 3367 ,
827 3312 880 3358 et
916 3305 1040 3359 victi
1076 3321 1301 3369 sumus,
1334 3312 1389 3359 et
1431 3306 1646 3359 vocanti
1682 3306 2198 3377 obtemperavimus.

629 3396 715 3453 Ad
743 3412 839 3451 eos
866 3411 993 3451 vero
1021 3397 1114 3467 qui
1145 3397 1213 3453 de
1245 3397 1379 3467 ipsis
1405 3398 1659 3467 gentibus
1688 3413 1796 3452 non
1827 3400 2195 3466 crediderint,

627 3505 693 3546 ea
747 3490 936 3561 dirigit
986 3506 1108 3559 qua:
1161 3498 1489 3559 sequuntur,
1546 3489 1741 3545 dicens
1776 3509 1789 3544 :
1820 3509 1837 3542 ι
1878 3490 1981 3557 Qui
2033 3491 2201 3548 fortes

629 3583 845 3649 fuistis,
891 3582 1190 3637 vincimini.
1239 3580 1296 3635 Si
1328 3582 1474 3636 enim
1500 3597 1705 3638 rursus
1740 3581 1910 3637 fortes
1956 3584 2200 3651 fueritis,

627 3690 824 3730 rursus
862 3673 1161 3728 vincemini
1189 3714 1203 3737 ,
1237 3680 1290 3728 et
1320 3687 1704 3745 quamcunque
1758 3676 2022 3729 rationem
2062 3676 2199 3730 inie-

630 3764 782 3826 ritis,
835 3779 946 3818 non
1000 3762 1247 3817 manebit
1296 3762 1351 3816 in
1395 3763 1587 3827 vobis,
1627 3766 1881 3831 quoniam
1915 3766 2200 3821 nobiseum

630 3854 772 3912 Deus
800 3857 867 3913 “.
900 3876 918 3908 ι
949 3854 1039 3910 Sic
1069 3855 1204 3909 dicit
1240 3853 1516 3910 Dominus
1548 3854 1674 3910 forti
1704 3858 1887 3910 manui
1917 3872 2026 3911 non
2072 3872 2192 3913 cre-

627 3948 923 4004 dentibus:
979 3949 1181 4019 quibus
1227 3947 1412 4004 verbis
1462 3948 1745 4003 oraculum
1799 3948 1865 4003 ad
1916 3964 2049 4012 eos,
2100 3950 2195 4020 qui

2308 3305 2463 3377 ημῶν
2492 3307 2622 3360 Θεὸν
2645 3307 2991 3377 πειρώμενοι,
3030 3311 3122 3363 καὶ
3151 3310 3231 3363 ὅτι
3258 3313 3364 3364 πᾶν
3395 3312 3424 3365 ὃ
3448 3312 3513 3366 ἂν
3549 3312 3890 3382 βουλεύσων-

2304 3415 2393 3450 ται
2412 3398 2735 3470 καθ’ὴμῶν,
2786 3399 2846 3452 οὐ
2887 3400 2959 3471 μὴ
3012 3402 3244 3476 ὲμμείνῃ
3292 3403 3496 3468 αὐτοῖς,
3534 3404 3622 3458 διὰ
3651 3405 3713 3458 τὺ
3759 3405 3886 3476 μεθ’

2304 3490 2459 3562 ἡμῶν
2487 3486 2624 3545 εἶναι
2665 3492 2757 3545 τὸν
2808 3494 3168 3565 Ἐμμανουήλ.
3205 3494 3312 3548 Καὶ
3336 3494 3510 3566 τούτῳ
3545 3495 3601 3549 δὲ
3631 3496 3711 3566 τῷ
3742 3511 3891 3566 συμ-

2303 3584 2615 3654 περάσματι
2644 3583 2824 3655 ῥᾴδιον
2856 3587 3143 3657 ἐπιστῆσαι
3193 3586 3290 3650 τὰς
3317 3588 3438 3641 καθ’
3498 3587 3655 3659 ἡμῶν
3714 3589 3885 3641 ἀπει-

2301 3674 2418 3737 λὰς,
2441 3676 2536 3728 καὶ
2562 3675 2661 3738 τὰς
2707 3676 2847 3729 κατὰ
2874 3677 3099 3748 χρόνους
3128 3678 3236 3731 τῶν
3263 3679 3537 3751 ἀρχόντων
3569 3679 3889 3733 ἐπαναστά-

2304 3782 2416 3829 σεις
2450 3766 2781 3838 συνορῶντα,
2829 3770 2922 3821 καὶ
2969 3768 3048 3832 ὡς
3090 3768 3368 3841 ἄπρακτον
3414 3772 3597 3833 αὐτοῖς
3649 3770 3740 3825 διὰ
3783 3770 3885 3825 τὴν

2306 3859 2423 3930 μεθ’
2467 3860 2623 3931 ἡμῶν
2676 3860 2808 3914 Θεὸν
2840 3861 2927 3915 ἀεὶ
2985 3861 3307 3917 καθίσταται
3347 3862 3456 3916 τῶν
3515 3861 3755 3917 ἀπειλῶν
3812 3862 3885 3917 τὸ

2300 3950 2469 4015 τέλος.

620 4042 813 4113 iugum
863 4040 1203 4104 detrectant,
1258 4050 1310 4096 et
1362 4041 1626 4095 doctrina:
1674 4041 1880 4096 Christi
1927 4043 2225 4107 resistunt,
2276 4054 2329 4099 et
2375 4044 2578 4113 potenti
2629 4044 2804 4114 ipsius
2853 4047 3039 4099 manui
3085 4061 3195 4102 non
3245 4045 3508 4111 credunt,
3561 4046 3883 4117 planissime

625 4137 978 4199 vaticinatur,
1026 4136 1173 4205 quod
1228 4134 1470 4191 futurum
1519 4136 1627 4203 sit,
1678 4143 1739 4190 ut
1789 4151 1859 4192 ne
1914 4137 2131 4192 valeant
2167 4137 2388 4207 quidem
2435 4153 2751 4209 oppugnare
2807 4139 3091 4194 nobiscum
3139 4140 3344 4202 Deum,
3401 4140 3651 4211 quamvis
3702 4152 3878 4209 espe-

622 4232 859 4295 riantur,
913 4238 969 4285 et
1015 4228 1160 4300 quod
1212 4244 1373 4284 omne
1423 4229 1788 4301 quodcunque
1840 4228 2128 4284 adversum
2181 4246 2281 4286 nos
2320 4232 2828 4295 comminiscentur,
2867 4232 3003 4303 ipsis
3041 4246 3147 4286 non
3187 4240 3565 4287 constaturum
3602 4231 3707 4297 sit,
3746 4246 3878 4300 pro-

624 4331 806 4395 pterea
842 4322 988 4393 quod
1027 4322 1311 4377 nobiscum
1362 4320 1433 4377 sit
1472 4320 1825 4386 Emmanuel,
1871 4328 1925 4376 et
1974 4321 2116 4377 hanc
2157 4323 2376 4392 quidem
2423 4324 2747 4379 sententiam
2790 4324 2949 4378 facile
2982 4333 3105 4389 est,
3150 4334 3219 4388 ut
3264 4324 3300 4378 ii
3342 4322 3659 4389 attendant,
3709 4323 3877 4393 eique

622 4417 1017 4483 assentiamur,
1061 4417 1153 4487 qui
1199 4416 1380 4473 minas
1426 4415 1714 4471 adversum
1767 4431 1905 4484 nos,
1948 4423 2003 4472 et
2047 4418 2353 4488 principum
2405 4434 2503 4490 per
2551 4420 2764 4491 singula
2817 4428 3064 4490 tempora
3116 4419 3439 4475 insolentias
3490 4428 3655 4488 atque
3699 4418 3876 4487 impe-

621 4521 713 4567 tus
765 4510 1284 4575 animadverterint,
1338 4518 1501 4583 atque
1557 4518 1616 4565 ut
1667 4510 1947 4567 incassum
1998 4517 2083 4569 eis
2138 4517 2385 4569 omnium
2437 4517 2711 4571 minarum
2766 4522 2995 4578 eventa,
3052 4526 3273 4587 propter
3321 4516 3610 4570 nobiscum
3662 4512 3874 4580 Deum,

620 4601 915 4661 evaserint.

818 4720 897 4774 Ab
923 4720 1129 4804 eodem.
1162 4752 1232 4804 .—
1262 4721 1716 4804 ngmadmodum
1762 4732 1919 4804 natu-3.
1951 4737 2017 4777 ex
2047 4738 2189 4804 Em-

2309 4722 2442 4802 Ὰπρ
2461 4720 2567 4775 τοῦ
2597 4719 2803 4774 αὐτοῦ.
2841 4750 2916 4804 -τ
2947 4719 3040 4787 Ὡς
3071 4723 3103 4775 d
3125 4719 3588 4804 ,τεχθησρμενος
3612 4703 3763 4804 ἱυὶὀς
3799 4718 3872 4773 ἐκ

688 4791 832 4845 dicta
887 4792 994 4846 sive
1042 4791 1270 4863 virgine,
1312 4794 1416 4847 sive
1466 4793 1792 4861 prophetissa
1839 4793 2014 4862 filius,
2048 4793 2189 4848 Dens

689 4864 855 4917 simul
898 4873 947 4917 et
989 4862 1167 4935 magni
1209 4863 1417 4935 consilii
1454 4864 1706 4933 angelus,
1751 4864 1974 4935 aliisque
2016 4865 2189 4934 inopi-

689 4935 832 4987 natis
859 4934 1155 4988 nominibus
1197 4933 1489 5001 appellatus
1518 4944 1634 4998 est;
1665 4943 1715 4988 et
1747 4933 2188 5003 quemadmodum

687 5015 836 5077 ortus
865 5004 991 5077 ejus
1011 5004 1222 5057 luminis
1251 5005 1459 5072 pietatis
1492 5021 1656 5059 causa
1703 5004 1962 5075 adjuvans
2016 5007 2185 5077 genti-

691 5073 787 5128 bus
823 5073 1190 5129 constituetur.

692 5210 711 5241 ι
742 5188 857 5244 Hoc
887 5189 1122 5260 primum
1142 5228 1157 5253 ,
1198 5187 1356 5252 bibe,
1391 5186 1501 5241 cito
1546 5186 1631 5243 fac
1660 5229 1675 5254 ,
1712 5189 1861 5259 regio
1903 5186 2149 5243 Zabulon
2169 5228 2184 5252 ,

612 5290 670 5339 et
702 5288 849 5337 terra
877 5278 1222 5351 Nepbthalim
1242 5319 1257 5340 .
1291 5288 1345 5335 et
1373 5278 1568 5350 reliqui
1596 5278 1691 5349 qui
1724 5278 2055 5333 maritimam
2085 5279 2188 5333 ha-

576 5384 583 5391 °
612 5372 792 5429 bitant
823 5383 975 5427 trans
1002 5367 1293 5427 Iordanem
1317 5410 1333 5436 ,
1364 5366 1586 5425 Galilaaa
1636 5371 1878 5443 gentium
1906 5412 1920 5439 ,
1950 5371 2186 5441 populus

568 5466 573 5469 ’
612 5464 812 5522 sedens
840 5466 895 5521 in
922 5464 1192 5530 tenebris,
1220 5463 1398 5519 videte
1426 5464 1601 5520 lucem
1633 5479 1916 5536 magnam,
1946 5465 2188 5520 sedenti-

614 5557 718 5614 bus
764 5556 820 5612 in
867 5558 1090 5628 regione
1140 5566 1196 5613 et
1242 5557 1435 5614 umbra
1483 5560 1711 5621 mortis,
1751 5557 1845 5611 lux
1874 5564 2065 5612 exorta
2097 5563 2183 5612 est

2369 4790 2480 4859 τῆς
2505 4790 3051 4859 προφητευομένης,
3090 4791 3209 4843 εἶτε
3238 4790 3556 4858 παρθένου,
3585 4790 3705 4859 εἴτε
3727 4803 3870 4859 προ-

2364 4858 2633 4931 φήτιδοςέ
2655 4861 2798 4927 Θεὸς
2826 4858 2976 4930 ὁμοῦ
3002 4862 3100 4915 καὶ
3128 4859 3397 4931 μεγάλης
3417 4858 3660 4927 βουλῆς
3699 4858 3870 4927 ἅττ*

2360 4930 2491 4998 λος,
2525 4931 2751 5001 ἑτέραις
2780 4948 2843 4984 τε
2876 4931 3236 4999 παραδόξοις
3260 4930 3627 5001 ἐπωνυμίαις
3648 4930 3868 4998 ἁνητόο

2353 5019 2562 5070 ρευται
2591 4999 2732 5057 (καὶ
2788 5003 2870 5068 ὡς
2906 5003 2944 5072 ἡ
2990 5002 3224 5072 γένεσις
3265 4999 3673 5072 αὑτοῦφωτὸς
3695 5001 3868 5055 8130's-

2365 5075 2524 5139 ὄείας
2555 5072 2831 5142 παραιτία
2855 5071 2978 5138 τοῖς
2996 5071 3197 5127 ἔθνεσι
3230 5071 3688 5137 καταστήσεται.

2367 5206 2387 5239 ι
2428 5185 2598 5239 Τοῦτο
2647 5184 2885 5257 πρῶτον,
2931 5183 3040 5249 πίε,
3090 5184 3227 5255 ταχὺ
3271 5183 3446 5249 ποίει,
3483 5184 3634 5256 χώρα
3658 5184 3866 5241 Ζαϐου-

2292 5278 2420 5343 λὼν,
2448 5278 2542 5333 καὶ
2585 5279 2655 5350 γῆ
2687 5276 3021 5348 Νεφθαλεὶμ,
3065 5276 3158 5330 καὶ
3185 5278 3237 5330 οἱ
3275 5277 3453 5331 λοιποὶ
3486 5278 3538 5331 οἱ
3562 5277 3659 5349 τὴν
3689 5296 3866 5351 παρα-

2294 5371 2411 5426 λίαν
2437 5369 2812 5433 κατοικοῦντες
2833 5368 3004 5442 πέραν
3020 5368 3116 5422 τοῦ
3147 5367 3408 5440 Ἰορδάνου
3429 5386 3441 5399 ’
3474 5367 3733 5423 Γαλιλαία
3755 5368 3867 5424 τῶν

2295 5462 2464 5517 ἐθνῶν
2481 5480 2495 5493 ’
2514 5464 2543 5517 ὁ
2557 5460 2683 5526 λαὸς
2704 5463 2732 5515 ὀ
2758 5459 3062 5531 καθήμενος
3081 5461 3139 5515 ὲν
3160 5460 3360 5528 σκότει,
3385 5460 3521 5514 τδετε
3544 5459 3660 5531 φῶς
3689 5459 3829 5533 μέγα
3845 5478 3862 5493 ο

2291 5556 2386 5609 καὶ
2412 5557 2524 5619 τοῖς
2557 5553 2885 5625 καθημένοις
2918 5555 2976 5608 ὲν
3003 5552 3185 5607 σκότει
3207 5554 3300 5607 καὶ
3322 5555 3447 5626 σκιᾷ
3481 5553 3711 5609 θανάτου
3746 5551 3865 5623 φῶς

610 5651 691 5706 eis
721 5649 787 5715 ⁸⁸,
816 5667 834 5702 ι
862 5655 915 5704 et
946 5663 1068 5721 qua:
1093 5660 1427 5724 sequuntur;
1458 5648 1659 5721 quibus
1690 5646 1970 5722 adiungit,
2004 5668 2022 5702 ι
2045 5663 2182 5719 quo-

2309 5647 2558 5705 ινὲτειλεν
2590 5647 2791 5713 αὐτοῖς,
2826 5665 2843 5700 ι
2882 5645 2975 5700 καὶ
3032 5645 3100 5700 τὰ
3132 5645 3277 5718 ὲξῆςο
3312 5643 3393 5710 οῗς
3422 5645 3684 5715 ἐπιλέγει,
3726 5667 3744 5698 ι
3783 5645 3860 5699 ὅτι

622 5820 633 5834 ‘
682 5806 728 5839 "
760 5804 869 5864 ha.
901 5795 1007 5873 ιιι,
1038 5803 1190 5862 9-H.
1266 5807 1311 5840 “
1350 5805 1455 5863 ba.
1488 5819 1575 5873 ιι,
1608 5804 1746 5873 1,2.
