4100 6430
193 425 329 481 529

1099 424 1754 487 neuonsrumoxts
1792 392 2249 479 suaesuae
2289 418 2418 473 ua.
2459 416 2574 473 vn.
3360 415 3461 467 3:30

192 547 405 599 πᾶσαν
441 545 631 616 στολὴν
664 541 1104 618 ἐπισυνηγμένην
1129 547 1284 619 δόλῳ,
1307 547 1400 600 καὶ
1420 545 1633 616 ἱμάτιον
1656 541 1771 615 με,τέ

1897 541 2045 594 niam
2079 553 2295 593 omnem
2334 543 2539 593 vestem
2569 541 2954 606 congregatam
3000 533 3158 599 dolo,
3206 541 3259 590 et
3304 534 3461 587 indu-

196 637 567 707 καταλλαγῆς
588 636 958 700 ἀποτίσουσιν,
987 638 1085 690 καὶ
1111 638 1424 711 θελήσουσιν
1459 639 1510 691 εἰ
1538 635 1793 707 ἐγενήθηρ

198 746 323 782 σαν
386 727 784 800 πυρίκαυστοι·
819 730 901 782 ὅτι
955 730 1164 784 παιδίον
1206 726 1465 800 ἐγεννήθη
1496 730 1647 800 ἡμῖν,
1701 726 1794 780 καὶ

195 820 337 883 υίὸς
356 819 527 889 ἐδόθη·
544 821 697 891 ἡμῖν,
720 813 783 873 οὗ
808 822 845 892 ή
882 821 1024 892 ἀρχὴ
1057 821 1149 874 ἐπὶ
1177 820 1270 873 τοῦ
1300 818 1451 890 ὤμου
1475 818 1638 873 αὑτοῦ
1661 836 1672 848 ·
1701 818 1794 871 καὶ

194 913 465 967 καλεῖται
516 914 577 967 τὸ
625 914 795 985 ὄνομα
842 913 1009 967 αὐτοῦ
1042 913 1283 985 μεγάλης
1321 912 1514 983 βουλῆς
1544 910 1790 980 ἄγγελος,

194 1003 532 1075 θαυμαστὸς
582 1004 902 1077 σύμϐουλος,
952 1005 1082 1068 Θεὸς
1130 1004 1377 1076 ἰσχυρὸς,
1421 1003 1789 1073 ὲξουσιαστὴς,

196 1095 403 1166 ἄρχων
430 1096 675 1167 εἰρήνης,
718 1094 901 1166 πατὴρ
932 1099 1026 1147 τοῦ
1077 1094 1360 1166 μέλλοντος
1390 1093 1601 1157 αἰῶνος.
1647 1093 1793 1157 Ἀεω

195 1187 322 1258 γὰρ
365 1187 587 1257 εἰρήνην
648 1187 738 1239 ἐπὶ
774 1187 902 1248 τοὺς
959 1186 1242 1256 ἄρχοντας,
1274 1185 1364 1238 καὶ
1402 1184 1587 1254 ὑγείαν
1619 1182 1787 1254 αὐτῷ.

196 1277 446 1347 Μεγάλη
491 1279 524 1348 ἠ
557 1276 699 1348 ἀρχὴ
724 1275 911 1338 αὐτοῦ,
948 1277 1043 1330 καὶ
1091 1277 1191 1348 τῆς
1235 1278 1454 1348 εἰρήνης
1484 1275 1649 1330 αὑτοῦ
1691 1277 1789 1328 οὐκ

194 1368 361 1422 ἔστιν
387 1370 556 1440 δριον,
591 1369 682 1421 ἐπὶ
714 1367 804 1421 τὸν
834 1367 1019 1440 θρόνον
1050 1367 1235 1431 Δαδὶδ,
1266 1369 1359 1422 καὶ
1390 1368 1487 1439 τὴν
1515 1367 1788 1439 βασιλείαν

193 1461 399 1526 αὑτοῦ,
456 1460 800 1533 κατορθῶσαι
832 1460 1022 1531 αὐτὴν,
1052 1460 1144 1513 καὶ
1184 1459 1564 1514 ἀντιλαϐέσθαι
1592 1461 1651 1513 ὲν
1670 1460 1787 1532 κρίο

199 1570 343 1623 pars
370 1554 467 1607 καὶ
513 1553 821 1625 δικαιοσύνῃ
852 1553 959 1607 ἀπὸ
983 1552 1074 1607 τοῦ
1099 1551 1193 1606 νῦν
1238 1553 1333 1606 καὶ
1359 1554 1437 1617 εἰς
1470 1553 1560 1607 τὸν
1591 1553 1781 1606 αἰῶνα.

210 1644 274 1698 ’0
309 1645 478 1715 ζῆλος
533 1645 737 1714 Κυρίου
782 1643 1008 1698 Σαϐαὼθ
1053 1645 1265 1715 ποιήσει
1324 1643 1516 1698 ταῦτα.
1555 1664 1572 1695 ι
1617 1643 1785 1697 Τοῦτο

196 1737 392 1804 τρίτον
420 1736 521 1808 ἤδη
554 1736 615 1789 τὸ
640 1735 850 1788 παιδίον
878 1734 1297 1805 προφητεύεται,
1335 1735 1428 1790 τοῦ
1475 1734 1638 1788 αὑτοῦ
1668 1751 1785 1786 ποι-

1894 639 2169 691 tnentum.
2216 644 2341 683 cum
2386 626 2765 684 consiliatione
2806 626 3041 681 soluturi
3081 632 3243 689 sunt,
3275 634 3329 679 et
3363 642 3456 680 vo-

1892 723 2003 778 lent
2048 722 2096 778 si
2139 719 2338 775 fuerint
2379 718 2501 790 igne
2544 717 2855 773 combusti:
2901 717 3159 787 quoniam
3200 718 3459 786 puerulus

1893 821 2055 869 natus
2078 818 2162 867 est
2188 811 2376 876 nobis,
2405 818 2459 863 et
2487 808 2629 863 lilius
2660 807 2821 862 datus
2847 815 2930 863 est
2960 807 3150 872 nobis,
3181 806 3338 876 cujus
3366 808 3458 860 im-

1893 904 2101 976 perium
2142 917 2305 972 super
2342 900 2629 955 humerum
2672 898 2882 968 ipsius,
2918 905 2972 952 et
3001 905 3229 951 vocatur
3257 910 3457 950 nomen

1891 996 2011 1066 ejus
2042 996 2224 1065 magni
2261 993 2474 1048 consilii
2518 998 2780 1062 angelus,
2817 989 3156 1045 admirabilis
3200 989 3458 1043 consilia-

1890 1088 2042 1151 rius,
2075 1085 2217 1141 Deus
2250 1085 2435 1152 fortis,
2470 1084 2770 1156 potentiam
2805 1080 3049 1144 habens,
3080 1080 3333 1150 princeps
3362 1092 3458 1149 pa-

1889 1179 1999 1245 cis,
2033 1187 2186 1250 pater
2215 1178 2384 1232 futuri
2416 1177 2619 1233 saeculi.
2657 1175 2939 1230 Adducam
2968 1173 3112 1229 enim
3144 1187 3328 1243 pacem
3360 1186 3456 1224 su-

1891 1287 1986 1342 per
2016 1270 2293 1342 principes
2315 1309 2329 1333 ,
2363 1280 2415 1323 et
2450 1268 2736 1323 sanitatem
2767 1267 2847 1332 ei,
2878 1280 3132 1335 magnum
3170 1264 3452 1334 imperium

1887 1362 2010 1431 ejus
2030 1404 2045 1427 ,
2073 1371 2127 1416 et
2159 1362 2309 1431 pacis
2337 1359 2457 1433 ejus
2488 1374 2598 1413 non
2630 1366 2713 1413 est
2743 1357 2901 1420 linis,
2933 1370 3098 1426 super
3126 1354 3317 1409 solium
3350 1354 3456 1408 Da-

1886 1452 1973 1507 vid
2005 1461 2058 1507 et
2091 1467 2317 1521 regnum
2349 1450 2468 1519 ejus
2497 1457 2558 1505 ut
2588 1449 2787 1519 dirigat
2818 1447 2949 1502 illud
2971 1487 2985 1511 ,
3018 1456 3072 1502 et
3103 1447 3366 1517 Suscipiat
3398 1448 3450 1502 in

1879 1543 2085 1613 judicio
2116 1550 2170 1597 et
2206 1543 2419 1613 justitia
2460 1558 2526 1597 ex
2574 1543 2676 1595 hoc
2705 1550 2949 1610 tempore
2977 1548 3029 1594 et
3059 1554 3231 1609 usque
3263 1541 3316 1593 in
3349 1555 3451 1594 sa:—

1884 1635 2066 1691 culum
2094 1654 2108 1690 :
2144 1635 2295 1690 zelus
2330 1633 2543 1688 Domini
2580 1629 2818 1687 Sabaoth
2851 1631 3013 1687 faciet
3043 1632 3156 1687 haec
3187 1632 3252 1687 ⁸⁸.
3284 1652 3305 1683 ι
3332 1630 3448 1685 Jam

1885 1742 2029 1781 nunc
2060 1727 2223 1782 tertio
2253 1740 2480 1796 puerum
2524 1724 2671 1778 hunc
2714 1723 2997 1794 prophetia
3028 1730 3446 1785 commemorat,

196 1830 376 1893 κίλως
417 1829 834 1900 σημαινομένου.
884 1828 1102 1898 Ἐπειδὴ
1129 1828 1307 1882 τοίνυν
1349 1828 1631 1901 πρόκειται
1685 1828 1771 1881 νῦν

1883 1833 2003 1888 εμιω
2032 1818 2275 1873 eamdem
2307 1832 2418 1871 rem
2450 1815 2620 1871 variis
2646 1816 2823 1871 modis
2857 1816 3147 1886 signiﬁcat.
3181 1813 3449 1880 Quoniam

195 1923 342 1992 ἡμῖν
358 1890 690 1992 *τδνυτρόπον
721 1922 822 1991 τῆς
841 1923 920 1984 είς
943 1890 1263 1992 ἀνθρίῦπούς
1286 1921 1377 1974 τοῦ
1394 1890 1537 1971 ’Θεοῦ
1574 1937 1771 1991 παρου-

1885 1910 2049 1981 igitur
2099 1925 2245 1964 nunc
2298 1910 2637 1979 propositum
2688 1908 2849 1963 nobis
2896 1918 3009 1973 est,
3048 1907 3313 1963 adventus
3352 1906 3448 1963 Dei

197 2013 331 2076 σίας
354 2012 636 2077 ἐπιδεῖξαι,
672 2012 768 2065 θέα
788 2013 853 2065 δι’
888 2013 1027 2065 ὅσων
1059 2007 1211 2074 οὗτος
1231 2011 1324 2063 καὶ
1345 2011 1491 2072 ὅπως
1519 2010 1784 2081 παρίστα-

192 2121 314 2158 ται.
370 2104 700 2158 Ἑδεικνύετο
732 2103 946 2174 πρῶτον
985 2104 1013 2154 0
1049 2102 1361 2173 ἐπικληθεὶς
1417 2101 1778 2174 Ἑμμανουὴλ,

194 2194 340 2257 Θεὸς
386 2196 452 2248 ἐκ
504 2195 774 2266 παρθένου
796 2192 1163 2264 γεννώμενρςθ
1213 2193 1463 2265 δεύτερον
1499 2193 1558 2246 τὸ
1592 2194 1657 2247 ὲκ
1681 2193 1781 2263 τῆς

194 2286 535 2357 προφήτιδας
580 2285 674 2338 καὶ
714 2284 824 2337 τοῦε
863 2284 1018 2352 ἁγίου
1066 2282 1382 2352 Πνεύματος
1411 2282 1640 2345 παιδίον,
1682 2284 1780 2337 οὐκ

193 2375 334 2430 ἄλλο
386 2376 654 2445 τυγχάνον
683 2374 776 2429 τοῦ
808 2374 1286 2446 προηγορευμένου
1306 2390 1319 2403 ·
1365 2373 1545 2444 τρίτον
1586 2375 1615 2426 0
1642 2372 1779 2443 μετά

194 2472 416 2540 χεῖρας,
471 2463 552 2532 εἷς
592 2468 667 2522 ὢν
713 2470 806 2523 καὶ
836 2472 865 2522 0
898 2468 1059 2529 αὐτὸς
1112 2471 1226 2530 τοῖς
1270 2466 1573 2539 προτέροις.
1613 2486 1629 2518 ι
1670 2466 1778 2519 Καὶ

192 2561 378 2630 τούτῳ
436 2559 566 2628 γοῦν
619 2559 788 2629 ὄνομα
835 2556 973 2614 εἶναι
1016 2559 1255 2627 λέγεται,
1311 2558 1451 2611 κατά
1500 2557 1599 2626 μὲν
1650 2557 1777 2620 τοὺς

204 2653 613 2723 Ἐδδομήκοντα
633 2670 652 2703 ι
684 2653 926 2723 μεγάλης
951 2651 1141 2723 βουλῆς
1157 2651 1407 2721 ἄγγελος,
1432 2672 1447 2700 ι
1467 2652 1559 2704 καὶ
1570 2650 1644 2713 ὥς
1655 2667 1774 2704 τινα

190 2744 309 2798 τῶν
364 2744 711 2816 ἀντιγράφων
760 2744 907 2815 εχει,
992 2763 1013 2796 ¢
1077 2743 1388 2815 θαυμαστὸς
1440 2742 1770 2813 σύμϐουλος,

190 2835 331 2899 Θεὸς
380 2836 617 2907 ἰσχυρὸς,
653 2835 1021 2907 tenuamus
1068 2835 1252 2906 ἄρχων
1297 2836 1540 2906 είρήνηςν
1593 2834 1772 2905 πατὴρ

189 2927 293 2980 τοῦ
324 2927 608 2996 μέλλοντος
638 2928 830 2991 αἰῶνος
850 2945 863 2957 ·
898 2947 917 2979 ι
949 2912 1090 2981 κατὰ
1124 2928 1180 2981 δὲ
1208 2927 1269 2980 τὸ
1301 2927 1610 2999 Ἐϐραῖκδν,
1641 2927 1717 2990 ὼς
1743 2927 1772 2979 0

194 3021 300 3089 μὲν
347 3019 576 3084 ’Δκύλας
621 3021 815 3091 φησίν·
857 3021 1009 3075 (Ὅτι
1056 3020 1265 3076 παιδίον
1314 3019 1571 3092 ἐγεννήθη
1613 3022 1768 3091 ήμίν,

188 3112 314 3175 υἱὸς
347 3112 502 3185 ἐδόθη
529 3115 677 3184 ἡμῖν,
704 3114 797 3167 καὶ
821 3114 1033 3181 ἐγένετο
1068 3114 1266 3185 μέτρον
1293 3114 1379 3165 ἐπ’
1401 3112 1551 3185 ὤμου
1582 3113 1766 3167 αὑτοῦ.

190 3203 308 3256 Καὶ
336 3203 537 3275 ἐκλήθη
581 3202 642 3256 τὸ
688 3203 857 3275 ὄνομα
887 3204 1051 3258 αὐτοῦ
1084 3204 1404 3276 Θαυμαστὸς
1443 3203 1765 3275 σύμϐουλος,
1797 3231 1839 3293 C

191 3294 443 3367 ἰσχυρὸς,
487 3295 730 3359 δυνατὸς,
783 3295 984 3367 πατὴρ,
1039 3296 1119 3350 ἔτι
1156 3298 1335 3366 ἄρχων
1378 3297 1617 3369 εἰρήνης,
1672 3296 1768 3350 καὶ

187 3388 291 3457 τῆς
323 3388 550 3459 εἰρήνης
576 3386 740 3440 αὐτοῦ
768 3388 868 3441 οὐκ
898 3387 1013 3440 ἔστι
1048 3389 1250 3460 πέραςο
1292 3408 1309 3438 ι
1343 3389 1417 3452 ὡς
1447 3388 1502 3441 δὲ
1552 3389 1580 3440 0
1623 3388 1769 3458 Σύμ-

196 3496 404 3550 μαχος³
446 3498 465 3530 ι
494 3480 726 3544 Νεανίας
751 3479 861 3551 γὰρ
900 3479 1053 3551 ἐδόθη
1100 3482 1248 3551 ἡμῖν,
1287 3481 1400 3543 υίὸς
1426 3480 1577 3553 ἐδόθη
1611 3483 1763 3551 ἡμῖν.

190 3572 303 3624 Καὶ
343 3570 497 3623 ἔσται
541 3572 573 3641 ή
617 3570 829 3624 παιδεία
856 3570 1019 3625 αὑτοῦ
1049 3571 1138 3625 ἐπὶ
1169 3570 1262 3624 τοῦ
1287 3571 1435 3641 ὤμου
1463 3571 1648 3633 αὐτοῦ,
1674 3572 1767 3625 καί

190 3660 523 3732 κληθήσεται
545 3662 608 3714 τὸ
636 3662 806 3732 ὄνομα
834 3661 999 3715 αὑ.τοῦ
1026 3662 1467 3734 Παραδοξασμὸς,
1497 3661 1766 3731 βουλευτι-

188 3753 310 3817 κὸς,
352 3754 590 3826 ισχυρὸς,
633 3754 876 3818 δυνατὸς,
920 3753 1101 3825 πατὴρ
1140 3754 1353 3819 αἰῶνοςν
1391 3756 1573 3826 ἄρχων
1615 3755 1765 3826 είρή·

191 3862 311 3916 νης,
340 3845 437 3899 καὶ
459 3846 557 3910 τῆς
578 3848 799 3918 εἰρήνης
828 3845 995 3900 αὐτοῦ
1019 3847 1120 3899 οὐκ
1145 3846 1256 3899 ἔστι
1280 3847 1472 3918 πέρας.
1505 3865 1522 3897 ι
1558 3845 1764 3899 Οὐκοῦν

188 3937 289 4007 οὐχ
316 3936 506 4001 ἀπλῶς
550 3938 777 4007 ἄγγελος
809 3938 951 3993 κατά
992 3941 1118 4002 τοὺς
1156 3940 1575 4010 Ἐϐδομήκοντι
1623 3938 1759 3993 ἀλλά

193 4050 213 4081 ι
236 4031 306 4101 τῆ
318 4049 339 4092 ς
369 4030 607 4102 μεγάλης
628 4030 823 4101 βουλῆς
840 4030 1088 4100 ἄγγελος,
1105 4032 1199 4086 καὶ
1211 4032 1522 4102 θαυμαστὸς
1538 4032 1599 4084 σύ
1608 4033 1765 4103 p.606-

186 4120 299 4184 λος,
327 4123 424 4175 καὶ
465 4123 596 4186 Θεὸς
640 4123 879 4194 ἰσχυρὸς,
908 4124 1002 4177 καὶ
1045 4124 1411 4195 ἐξουσιαστὴς,
1441 4125 1534 4177 καὶ
1580 4123 1763 4195 ἄρχων

185 4216 431 4285 εἰρήνης,
470 4215 562 4268 καὶ
600 4218 783 4288 πατὴρ
806 4216 900 4270 τοῦ
928 4216 1207 4288 μέλλοντος
1233 4215 1424 4279 αἰῶνος
1453 4234 1471 4265 ι
1500 4214 1761 4286 γεννηθή-

188 4304 402 4368 σεσθαι,
440 4306 535 4358 καὶ
579 4307 788 4361 παιδίον
816 4307 1033 4360 ἔσεσθαι
1076 4306 1161 4361 διὰ
1198 4305 1402 4359 τούτων
1427 4305 1757 4370 ἐθεσπίζετο.

189 4396 379 4467 Ἔχεις
400 4396 456 4450 δὲ
495 4399 552 4449 ἐν
590 4402 702 4461 τοῖς
738 4399 1023 4471 προτέροις
1045 4398 1137 4451 τὸν
1161 4397 1254 4450 τοῦ
1281 4397 1415 4451 Θεοῦ
1443 4398 1632 4467 Λόγον,
1667 4398 1762 4451 καὶ

184 4485 341 4547 Θεὸν,
371 4486 465 4539 καὶ
487 4485 687 4557 Κύριον
722 4487 989 4557 διαφόρως
1032 4487 1481 4558 ἀνηγορευμένον,
1526 4485 1659 4558 ὁμοῦ
1702 4485 1759 4539 δὲ

1883 2000 1947 2055 ad
1990 2001 2239 2055 homines
2282 2001 2503 2053 modum
2550 2000 2869 2063 ostendere,
2915 2001 3071 2062 vide,
3113 2015 3325 2068 qureso,
3358 2000 3446 2053 hic

1880 2105 2039 2162 quam
2059 2091 2245 2145 multis
2272 2090 2449 2145 modis
2475 2090 2896 2145 demonstretur.
2928 2088 3109 2145 Primo
3127 2091 3342 2160 quidem
3370 2092 3449 2146 di-

1879 2191 1999 2237 ctus
2028 2189 2114 2237 est
2157 2180 2517 2244 Emmanuel,
2553 2179 2695 2235 Deus
2742 2182 2833 2251 qui
2885 2180 2953 2236 de
2991 2181 3213 2251 Virgine
3254 2197 3446 2235 nasce-

1880 2280 2047 2328 retur.
2106 2272 2396 2337 Secumlo,
2460 2287 2523 2326 ex
2579 2272 2895 2342 prophetica
2942 2272 3171 2328 muliere
3221 2283 3275 2328 et
3320 2271 3446 2343 Spi-

1877 2362 1982 2416 ritu
2020 2370 2213 2418 sancto
2252 2363 2545 2432 puerulus,
2591 2364 2683 2432 qui
2728 2379 2835 2418 non
2880 2364 3022 2420 alius
3066 2371 3149 2418 est
3190 2380 3353 2435 quam
3396 2365 3444 2422 ls

1875 2454 1943 2508 de
1981 2469 2092 2524 quo
2133 2455 2244 2523 jam
2280 2454 2541 2509 diximus.
2578 2452 2764 2510 Tertio
2794 2456 2842 2511 is
2867 2497 2882 2520 ,
2915 2455 2982 2513 de
3012 2473 3120 2529 quo
3150 2474 3297 2514 nunc
3331 2459 3446 2530 agi-

1876 2558 2029 2608 mus,
2087 2543 2179 2613 qui
2226 2558 2354 2615 pum
2407 2544 2680 2613 prioribus
2732 2561 2873 2601 unus
2926 2554 3008 2602 est
3060 2555 3221 2618 atque
3275 2548 3439 2604 idem.

1876 2633 2011 2690 Huic
2059 2634 2225 2705 igitur
2271 2650 2394 2690 esse
2436 2651 2631 2690 nomen
2691 2637 2911 2700 dicitur,
2961 2648 3020 2692 ut
3062 2639 3257 2710 legitur
3298 2642 3438 2711 apud

1876 2722 2259 2796 Septuaginta,
2285 2745 2303 2777 ι
2328 2727 2510 2796 magni
2537 2728 2753 2782 consilii
2789 2730 3015 2800 angelus
3044 2750 3057 2785 :
3082 2749 3099 2782 ι
3118 2741 3204 2795 et,
3241 2740 3298 2785 ut
3326 2732 3443 2801 qui-

1872 2817 1995 2873 dam
2018 2818 2233 2874 codices
2259 2818 2482 2883 habent,
2507 2837 2526 2871 ‹
2552 2819 2886 2876 admirabilis
2908 2822 3275 2888 consiliarius,
3299 2823 3442 2880 Deus

1872 2908 2064 2978 fortis,
2117 2911 2417 2983 potentiam
2468 2910 2707 2977 habens,
2752 2912 3009 2985 princeps
3054 2914 3242 2983 pacis.
3286 2926 3433 2983 pater

1868 3001 2026 3074 337
2054 3002 2221 3058 futuri
2250 3003 2456 3059 saeculi.
2498 3023 2517 3055 ι
2554 3003 2623 3058 Ut
2653 3020 2780 3060 vero
2798 3015 2875 3061 est
2902 3006 2957 3060 in
2984 3004 3273 3068 Hebraico.
3299 3006 3441 3063 sicut

1870 3094 2065 3165 Aquila
2114 3094 2444 3151 testiﬁcatur
2474 3112 2487 3148 :
2527 3114 2546 3147 ι
2577 3095 2844 3162 Quoniam
2881 3098 3142 3168 puerulus
3167 3106 3324 3153 natus
3355 3106 3439 3153 est
3550 3120 3559 3127 ν

1873 3187 2051 3254 nobis,
2086 3187 2230 3242 lilius
2260 3187 2422 3242 datus
2455 3194 2537 3241 est
2566 3188 2745 3252 nobis,
2778 3196 2831 3243 et
2864 3189 3003 3243 facta
3055 3196 3140 3245 est
3183 3205 3435 3246 mensura

1870 3296 2035 3351 super
2057 3281 2342 3337 humerum
2379 3280 2520 3351 ejus,
2555 3288 2608 3335 et
2634 3289 2886 3335 vocatum
2930 3267 3015 3336 est
3052 3298 3248 3338 nomen
3293 3284 3433 3353 ejus,

1867 3376 2219 3432 Admirabilis
2244 3375 2612 3440 consiliarius,
2640 3374 2819 3438 fortis,
2840 3385 3054 3446 potens,
3079 3386 3252 3447 pater,
3271 3378 3434 3432 etiam

1870 3468 2125 3538 princeps
2151 3469 2322 3538 pacis,
2347 3477 2400 3524 et
2430 3469 2581 3538 pacis
2609 3467 2727 3536 ejus
2769 3482 2877 3522 non
2912 3475 2997 3522 est
3037 3468 3176 3523 linis.
3221 3488 3240 3523 ι
3277 3469 3433 3524 Sicut

1868 3566 2047 3614 autem
2082 3556 2444 3630 Symmachus
2481 3578 2493 3614 :
2529 3576 2547 3610 ι
2585 3558 3042 3616 Adolescentulus
3093 3561 3237 3614 enim
3273 3562 3434 3619 datus

1865 3662 1952 3710 est
1994 3654 2174 3715 nobis.
2212 3655 2355 3711 ﬁlius
2398 3654 2559 3710 datus
2598 3663 2682 3709 est
2710 3654 2891 3719 nobis,
2927 3663 2981 3709 et
3010 3656 3116 3731 erit
3145 3656 3431 3727 disciplina

1866 3747 1985 3817 ejus
2024 3762 2189 3818 super
2216 3747 2500 3802 humerum
2531 3746 2670 3818 ejus,
2706 3754 2760 3802 et
2780 3747 3063 3802 vocabitur
3084 3765 3280 3805 nomen
3313 3749 3435 3821 ejus

1866 3835 2293 3901 Admirabilitas,
2335 3836 2705 3901 consiliarius,
2765 3837 2945 3903 fortis,
3000 3847 3217 3908 potens,
3278 3849 3432 3911 pater

1866 3927 2072 3991 saeculi,
2107 3928 2362 3997 princeps
2395 3929 2567 3998 pacis,
2595 3935 2649 3982 et
2672 3928 2822 3997 pacis
2841 3927 2961 3998 ejus
2989 3943 3096 3983 non
3119 3938 3201 3985 est
3223 3931 3362 3987 linis.
3405 3951 3424 3984 ι

1866 4018 2006 4090 Ergo
2069 4035 2178 4073 non
2247 4020 2567 4089 simpliciter
2619 4021 2844 4091 angelus
2924 4021 3223 4075 secundum
3280 4024 3431 4091 ipsos

1866 4107 2027 4171 LXX,
2061 4108 2155 4162 sed
2187 4127 2206 4159 ι
2249 4109 2427 4177 magni
2475 4110 2691 4163 consilii
2729 4110 2976 4178 angelus,
3010 4117 3063 4163 et
3090 4111 3429 4167 admirabilis

1864 4199 2234 4263 consiliarius,
2267 4208 2321 4252 et
2343 4198 2486 4253 Deus
2514 4198 2697 4263 fortis,
2727 4208 2782 4252 et
2806 4201 3103 4269 potentiam
3137 4201 3431 4264 habens,et

1865 4292 2119 4361 princeps
2145 4290 2317 4359 pacis,
2337 4296 2391 4343 et
2418 4296 2573 4359 pater
2595 4290 2764 4343 futuri
2799 4291 2982 4344 surculi
3012 4310 3030 4341 ι
3065 4291 3309 4347 oriturus
3335 4294 3430 4347 ali-

1862 4382 2103 4452 quando,
2139 4391 2192 4437 et
2243 4381 2505 4451 puerulus
2560 4380 2801 4445 futurus,
2848 4382 2915 4436 iis
2961 4383 3141 4439 verbis
3191 4384 3428 4438 caneba-

1865 4482 1973 4526 tur.
2044 4471 2223 4528 Habes
2261 4471 2421 4526 etiam
2458 4472 2514 4526 in
2549 4473 2616 4527 iis
2646 4488 2766 4541 quae
2798 4473 2950 4543 prius
2984 4473 3127 4528 dicta
3158 4485 3307 4539 sunt,
3331 4475 3426 4531 Dei

183 4575 278 4630 τὸν
300 4578 466 4630 αὐτὸν
490 4578 718 4647 ἄγγελον
742 4577 1126 4651 ὠνομασμένον
1152 4579 1245 4631 τοῦ
1274 4579 1506 4650 Πατρὸςν
1534 4577 1627 4631 καὶ
1662 4578 1761 4649 ἀρ-

1872 4563 2124 4627 Verbum,
2146 4573 2203 4619 et
2231 4563 2421 4626 Deum,
2442 4570 2501 4619 et
2531 4563 2820 4619 Dominum
2855 4565 3088 4622 diversis
3120 4566 3298 4624 modis
3331 4583 3426 4639 αρε

186 4667 550 4739 χιστράτηγον
579 4669 859 4741 δυνάμεως
885 4671 1109 4742 Κυρίου.
1148 4671 1243 4733 Τίς
1266 4671 1310 4724 δ’
1336 4671 1401 4724 ἂν
1436 4666 1529 4724 οὖν
1555 4670 1763 4738 γένοιτο

186 4760 329 4812 κατὰ
353 4761 450 4831 μὲν
474 4760 564 4814 τὸν
601 4761 827 4815 Ἀκύλαν
860 4763 955 4817 καὶ
984 4763 1084 4828 τὰς
1109 4763 1276 4817 εἰσέτι
1320 4761 1413 4816 νῦν
1458 4762 1762 4833 φερομένας

184 4853 316 4923 παρ’
346 4853 612 4924 Ἑϐραίοις
639 4856 962 4927 μαρτυρίας,
992 4857 1048 4908 ἐν
1074 4854 1378 4927 ἀνθρώποις
1402 4853 1758 4924 γεννώμενος,

185 4946 280 4997 καὶ
310 4963 329 4994 ι
354 4945 563 5000 παιδίον
587 4965 605 4997 ι
631 4947 930 5017 γινόμενος,
955 4966 973 4998 ι
1003 4946 1313 5017 θαυμαστὸς
1331 4946 1392 5000 σύ
1402 4946 1648 5017 μδουλος,
1665 4947 1759 4999 καὶ

188 5030 426 5100 ἰσχυρὸς,
454 5031 694 5099 δυνατὸς,
713 5036 807 5088 καὶ
831 5035 1031 5106 πατὴρ,
1051 5036 1130 5088 ἔτι
1148 5037 1240 5089 καὶ
1264 5036 1444 5106 ἄρχων
1473 5037 1711 5108 εἰρήνης,
1728 5056 1745 5087 ι

183 5120 245 5173 οὔ
273 5122 405 5175 ποτέ
423 5123 438 5184 ί
448 5124 496 5183 l)
518 5141 681 5194 φησιν
695 5124 913 5179 ἔσεσθαι
934 5125 1101 5189 τέλος·
1122 5125 1263 5177 κατά
1278 5125 1332 5178 δὲ
1348 5127 1439 5179 τὸν
1456 5125 1749 5197 Σύμμαχον

189 5228 209 5262 ι
239 5211 679 5284 Παραδοξασμὺς,
709 5214 1068 5285 βουλευτικὸς,
1103 5216 1338 5287 ἰσχυρὸς,
1364 5217 1608 5281 δυνατὸς,
1639 5235 1747 5270 πα-

181 5302 287 5377 τὴρ
316 5306 527 5371 αἰῶνος,
557 5307 739 5379 ἄρχων
765 5309 1007 5379 εἰρήνης,
1036 5309 1129 5361 καὶ
1165 5308 1365 5379 ταύτης
1402 5309 1628 5380 ἀπείρου
1656 5312 1748 5362 καὶ

180 5396 570 5468 ἀτελευτήτου·
606 5419 624 5448 ι
656 5400 751 5452 καὶ
792 5399 933 5453 κατὰ
975 5399 1319 5463 θεοδοτίωνα,
1372 5420 1390 5450 ι
1424 5399 1751 5471 θαυμαστῶς

185 5486 468 5557 βουλεύων,
499 5490 734 5562 ἰσχυρὸς,
760 5490 1043 5561 δυνάστης,
1073 5492 1274 5563 πατὴρ,
1306 5493 1487 5563 ἄρχων
1506 5493 1747 5563 εἰρήνης,

179 5579 259 5648 τῷ
291 5579 580 5651 πληθύνειν
621 5582 721 5652 τὴν
765 5582 1028 5646 παιδείαν,
1054 5576 1115 5636 06
1142 5583 1240 5654 τῆς
1265 5584 1484 5654 εἰρήνης
1506 5584 1605 5635 οὐκ
1633 5582 1745 5637 ἔστι

182 5667 372 5737 πέρας.
406 5689 425 5720 ι
460 5671 567 5724 Καὶ
592 5670 737 5742 αὐτῷ
775 5688 857 5725 σοι
888 5672 957 5724 τὰ
981 5672 1107 5743 ἑξῆς
1147 5671 1458 5729 καταλείπω
1502 5676 1744 5736 σκοπεῖν,

251 5756 295 5785 ⁶¹
327 5755 437 5810 lsa.
476 5759 690 5818 υμῖν-7.

1861 4656 2140 4727 pellatum,
2172 4663 2226 4709 et
2257 4655 2461 4725 pariter
2486 4656 2738 4711 eumdem
2774 4658 3024 4728 angelum
3057 4659 3229 4729 patris
3249 4659 3426 4714 nomi-

1861 4760 2071 4813 natum,
2096 4759 2150 4807 et
2181 4753 2415 4822 primum
2461 4753 2845 4823 imperatorem
2870 4755 3150 4824 comarum
3184 4754 3422 4811 Domini.

1861 4841 1966 4897 Sed
1995 4843 2120 4913 quis
2151 4844 2370 4899 tandem
2401 4844 2490 4899 hic
2530 4846 2649 4901 sit?
2684 4844 2992 4901 Secundum
3023 4846 3274 4917 Aquilam
3300 4849 3421 4920 qui-

1857 4935 1978 4990 dem
2002 4933 2379 4990 ct'socundum
2402 4952 2463 4991 ea
2487 4953 2609 5007 quze
2628 4939 2790 4992 etiam
2823 4954 2969 4993 nunc
2993 4940 3135 5008 apud
3166 4939 3423 4997 Hebraea

1862 5023 2112 5080 feruntur
2145 5026 2478 5090 testimonia,
2501 5027 2595 5098 qui
2633 5026 2775 5082 inter
2803 5027 3051 5082 homines
3072 5036 3349 5094 nascetur,
3370 5038 3426 5083 et

1864 5132 1883 5166 ι
1925 5115 2184 5185 puerulus
2224 5136 2243 5168 ι
2300 5117 2549 5184 exsistet,
2606 5136 2625 5168 σ
2669 5118 3110 5187 admirabilisque
3164 5120 3423 5176 consilia-

1852 5208 1992 5271 rius,
2025 5216 2080 5264 et
2110 5207 2286 5272 fortis,
2311 5218 2366 5265 et
2396 5223 2607 5280 petens,
2637 5218 2692 5265 et
2720 5221 2871 5280 pater
2898 5210 3058 5263 etiam
3087 5218 3139 5263 et
3168 5212 3422 5283 princeps

1858 5301 2031 5370 pacis,
2074 5321 2092 5352 ›
2136 5301 2297 5372 cujus
2345 5304 2496 5371 pacis
2539 5317 2812 5371 nunquam
2862 5300 2938 5353 ait
2964 5299 3204 5355 futurum
3236 5300 3419 5358 linem.

1862 5390 2172 5447 Secundum
2228 5392 2615 5463 Symmachum
2674 5400 2854 5449 autem
2921 5410 2940 5443 ι
2987 5390 3418 5461 Admirabilitas,

1855 5484 2224 5546 consiliarius,
2260 5483 2440 5549 fortis,
2488 5494 2699 5555 potens.
2732 5493 2879 5555 pater
2927 5483 3133 5549 saeculi,
3167 5485 3420 5555 princeps

1857 5576 2029 5646 pacis,
2060 5584 2114 5631 et
2174 5577 2322 5646 pacis
2365 5576 2589 5632 inliniue
2638 5588 2798 5646 atque
2846 5577 3223 5631 interminata).
3265 5597 3285 5630 ι
3326 5577 3417 5641 At,

1856 5669 1999 5723 sicut
2039 5667 2375 5724 Theudotion
2407 5672 2596 5735 voluit,
2631 5689 2649 5721 ι
2685 5670 3072 5726 admirabiliter
3103 5673 3415 5735 consulens,

254 5845 330 5915 (Ι)
353 5846 436 5900 οὐ
457 5862 618 5902 ποτε.
641 5848 779 5919 Lege
807 5844 868 5903 οὗ
884 5866 978 5919 pro
999 5849 1082 5916 οὐ,
1107 5858 1159 5906 et
1186 5851 1372 5922 accipe
1398 5850 1525 5905 ποτέ
1556 5866 1721 5907 sensu
1739 5856 1771 5906 0l

1872 5868 1952 5917 τε,
1970 5851 2053 5906 vel
2068 5857 2193 5922 puta
2216 5851 2482 5908 excidisse
2512 5853 2758 5909 voculam
2779 5848 2845 5927 ής
2869 5861 2992 5907 ante
3017 5853 3231 5907 οὔποτε.
3258 5851 3415 5908 Ειιιτ.
