4100 6430
260 403 386 463 533

1182 393 1832 456 DEMONSTRATIONIS
1867 392 2345 452 EVANGELICE'
2365 388 2492 449 LIB.
2535 386 2650 448 Vlf.

3413 387 3545 443 εδι-

261 521 491 595 χρόνοις
552 516 797 590 φαίνεται
842 518 935 573 ἐπὶ
987 516 1077 573 τὸν
1130 500 1407 590 βασιλικδν
1454 516 1549 572 τοῦ
1585 517 1844 591 Ἐϐραίων

1949 514 2094 569 rium
2132 512 2273 583 ejus,
2309 510 2628 566 destruxisti
2682 522 2873 565 omnes
2931 522 3088 582 sepes
3133 504 3255 578 ejus
3292 505 3360 562 “.
3399 523 3419 558 ι
3452 504 3520 559 Et

260 614 458 679 εθνους
521 613 807 678 καθεσθεὶς
859 612 1046 685 θρόνον
1100 612 1259 687 μέχρι
1317 613 1417 685 τῆς
1462 611 1559 666 τοῦ
1607 611 1843 686 Χριστοῦ

262 704 590 780 παρουσίας.
622 706 729 760 Τοῦ
779 706 837 760 δὲ
882 707 946 759 ἐκ
990 706 1300 778 σπέρματος
1345 704 1509 759 Δαϐὶδ
1553 705 1844 777 ¹γενομένου

261 799 479 871 Κυρίου
510 802 605 853 καὶ
646 798 898 871 Σωτῆρος
920 798 1076 870 ἡμῶν
1116 798 1292 870 Ἰησοῦ
1318 798 1556 873 Χριστοῦ
1584 797 1845 871 βασιλέως

260 892 365 946 ἐπὶ
411 894 590 948 πᾶσαν
630 889 736 961 τὴν
765 892 1086 965 οἰκουμένην
1138 892 1627 967 ἀνακηρυχθέντος,
1658 890 1845 962 ὥσπερ

257 984 377 1038 ἀπὸ
420 985 530 1055 γῆς
569 986 662 1040 καὶ
696 984 983 1057 πτώματος
1024 985 1345 1050 ἀνανεωθεὶς
1384 984 1544 1049 αὐτὸς
1589 986 1794 1046 ἐκεῖνος
1817 984 1846 1036 6

256 1077 457 1149 θρόνος
487 1078 652 1131 Δαϐὶδ
682 1077 769 1131 διὰ
803 1078 904 1150 τῆς
935 1076 1029 1131 τοῦ
1060 1078 1310 1150 Σωτῆρος
1350 1076 1506 1150 ἡμῶν
1533 1077 1713 1131 ἐνθέου
1750 1073 1846 1146 βα-

258 1169 478 1235 σιλείας
520 1169 855 1241 ἀνὼρθιιιται,
890 1171 984 1225 καὶ
1025 1170 1265 1242 διαμενεῖ
1293 1172 1373 1236 εἰς
1412 1170 1503 1223 τὸν
1534 1168 1725 1233 αἰῶνα,
1754 1166 1847 1221 καὶ

254 1263 435 1317 εἰσέτι
468 1280 556 1332 γε,
598 1264 672 1327 ὠς
703 1265 730 1318 6
762 1263 911 1335 ἥλιος
950 1263 1189 1318 ἐναντίον
1220 1262 1312 1316 τοῦ
1341 1262 1497 1327 Θεοῦ,
1529 1263 1629 1333 τὴν
1667 1263 1845 1316 πᾶσαν

254 1355 643 1427 καταλάμπων
673 1356 992 1428 οἰκουμένην
1015 1358 1134 1420 ταῖς
1166 1356 1346 1410 ἀκτῖσι
1392 1354 1485 1409 τοῦ
1529 1354 1703 1425 φωτὸς
1743 1352 1844 1425 τῆς

251 1445 613 1512 διδασκαλίας
644 1448 829 1514 αὑτοῦ,
863 1448 1168 1513 ἀκολούθως
1201 1450 1267 1521 τῇ
1294 1465 1354 1502 τε
1387 1447 1494 1502 ἀπὸ
1512 1445 1605 1501 τοῦ
1626 1445 1843 1520 ψαλμοῦ

257 1540 566 1613 μαρτυρίᾳ,
602 1543 695 1595 καὶ
730 1541 824 1596 τοῦ
856 1541 994 1615 μετά
1039 1545 1226 1615 χεῖρας
1254 1543 1555 1615 προφήτου,
1591 1540 1718 1612 περὶ
1749 1539 1843 1594 τοῦ

250 1633 731 1706 γεννηθησομένου
758 1634 971 1688 παιδίου
997 1634 1262 1705 λέγοντος,
1290 1634 1382 1688 ἐπὶ
1407 1634 1500 1688 τὸν
1531 1633 1716 1707 θρόνον
1738 1634 1843 1688 Δα-

251 1721 371 1786 σὶδ,
406 1723 606 1796 δηλαδὴ
627 1726 719 1779 τὸν
751 1725 965 1780 αἰώνιον
991 1728 1085 1781 καὶ
1110 1727 1327 1800 διαρκῆ,
1349 1727 1440 1780 τὸν
1466 1727 1529 1798 δὴ
1555 1727 1648 1781 καὶ
1674 1729 1847 1796 ὲπηγ-

251 1814 527 1887 γελμένον
556 1816 636 1887 τῷ
664 1817 827 1870 Δαϐὶδ
851 1817 1280 1889 καθεσθήσεσθαι
1313 1817 1475 1871 αὑτὸν
1506 1816 1598 1870 ἐπὶ
1629 1815 1726 1887 τὴν
1751 1815 1847 1886 βα-

1945 613 2070 679 post
2096 619 2271 676 pauca
2305 622 2317 659 :
2356 622 2376 655 ι
2421 601 2615 658 Sedem
2644 600 2765 670 ejus
2792 601 2850 655 in
2879 600 3081 656 terram
3112 598 3385 664 cullisisti,
3413 597 3517 651 mi-

1947 698 2114 755 nuisti
2139 697 2255 753 dies
2278 693 2540 766 temporis
2566 692 2706 764 ejus,
2752 690 3041 764 perfudisti
3083 706 3205 746 eum
3236 686 3519 745 confusio-

1945 806 2015 845 ne
2041 790 2109 843 ⁸⁷.
2151 808 2169 841 ι
2200 788 2331 855 Quae
2363 789 2547 842 omnia
2606 801 2730 841 cum
2777 784 2891 853 jam
2943 782 3129 854 perﬁci
3191 781 3518 852 inceperim,

1947 882 2099 937 abeo
2129 889 2374 951 tempore
2404 894 2513 951 quo
2545 878 2779 949 populus
2812 878 2868 931 in
2912 875 3242 947 Babylonem
3270 874 3522 945 captivus

1945 975 2143 1031 ductus
2175 972 2276 1039 est,
2307 989 2480 1044 usque
2513 971 2581 1026 ad
2626 970 2993 1025 Romanorum
3017 974 3072 1024 ct
3103 967 3306 1023 Tiberii
3349 967 3524 1035 impe-

1945 1065 2087 1121 rium
2114 1066 2326 1136 prolata
2373 1074 2735 1135 provectaque
2786 1068 2929 1117 sunt.
2963 1060 3126 1131 339
3151 1058 3343 1115 Nullus
3372 1058 3520 1114 enim

1944 1171 2011 1212 ex
2054 1171 2252 1229 genere
2302 1154 2472 1210 David
2527 1154 2631 1209 hoc
2659 1161 2774 1208 toto
2811 1150 3139 1206 intermedio
3185 1157 3429 1219 tempore
3463 1147 3518 1200 in

1946 1247 2225 1305 Hebraicae
2256 1249 2432 1320 gemis
2474 1248 2624 1320 regia
2680 1246 2809 1303 sede
2836 1243 3054 1300 videtur
3090 1241 3318 1305 sedisse.
3345 1256 3521 1311 usque

1946 1341 2014 1396 ad
2036 1341 2241 1397 Christi
2263 1342 2576 1397 adventum.
2601 1338 2706 1394 Ubi
2736 1353 2867 1394 vero
2901 1337 3160 1392 Dominus
3188 1344 3241 1393 et
3275 1333 3522 1388 Salvator

1944 1440 2134 1489 noster
2162 1431 2323 1489 Jesus
2371 1431 2645 1496 Christus,
2681 1430 2773 1502 qui
2800 1430 2869 1484 de
2924 1428 3131 1484 semine
3165 1424 3334 1480 David
3366 1432 3521 1479 ortus

1945 1531 2051 1589 est,
2092 1523 2150 1579 in
2188 1531 2363 1579 totum
2389 1524 2576 1578 orbem
2608 1536 2706 1576 rex
2741 1520 3097 1576 denuntiatus
3126 1525 3231 1583 est,
3256 1523 3521 1587 tanquam

1944 1632 2008 1673 ea
2037 1632 2159 1689 quae
2202 1615 2270 1672 de
2301 1624 2447 1671 terra
2478 1624 2532 1671 et
2566 1614 2726 1669 ruina
2776 1613 3080 1670 instaurata
3139 1612 3231 1677 sit,
3260 1606 3377 1689 ipsa
3429 1609 3523 1665 illa

1944 1686 2102 1769 sedes
2129 1710 2301 1766 David
2336 1726 2432 1781 per
2459 1711 2704 1765 divinum
2739 1708 3041 1766 Salvatoris
3087 1686 3266 1760 nostri
3292 1718 3522 1774 regnum

1944 1811 2126 1861 erecta
2148 1812 2251 1868 est,
2280 1810 2337 1856 et
2360 1802 2703 1873 permanebit
2730 1802 2783 1855 in
2826 1807 3115 1864 aeternum,
3151 1796 3319 1852 veluti
3354 1795 3436 1851 sol
3463 1795 3522 1849 in

255 1906 475 1962 σιλείαν
515 1908 701 1973 αὑτοῦ,
729 1909 1071 1982 κατορθῶσαι
1118 1909 1285 1981 αὐτὴν
1336 1909 1429 1962 καὶ
1463 1906 1841 1962 ἀντιλαϐέσθαι

1943 1901 2241 1966 conspectu
2278 1892 2394 1957 Dei,
2445 1893 2592 1948 illius
2625 1893 2788 1949 .lucis
2838 1891 3028 1953 radiis,
3057 1904 3219 1960 quam
3269 1887 3520 1943 doctrina

250 2000 321 2052 ἐν
356 1999 584 2071 κρίματι
632 1998 725 2053 καὶ
771 1998 1081 2070 δικαιοσύνῃ
1123 2000 1230 2052 ἀπὸ
1261 1998 1356 2050 τοῦ
1391 1997 1485 2051 νῦν
1517 1997 1609 2050 καὶ
1638 1998 1719 2059 εἰς
1750 1996 1841 2050 τὸν

242 2090 655 2153 αἱῶνα.⁸⁸οπως
683 2090 740 2142 δὲ
763 2089 934 2143 ταῦτα
967 2088 1288 2161 ἐπληροῦτο,
1312 2088 1626 2153 διδάσκαλος
1648 2089 1843 2157 γένοιτ’

252 2184 334 2238 ἂν
381 2184 677 2255 ἀξιόχρεως
730 2182 966 2256 Γαϐριὴλ
1012 2184 1041 2236 6
1088 2182 1318 2251 ἄγγελος
1359 2184 1417 2237 ἐν
1465 2182 1543 2253 τῷ
1576 2183 1711 2254 πρὸς
1744 2183 1842 2254 τὴν

252 2275 542 2349 Παρθένον
590 2276 954 2348 χρηματισμῷ
1005 2278 1257 2349 φάσκωψ
1318 2295 1336 2327 ι
1366 2274 1459 2347 Μὴ
1503 2274 1688 2346 φοϐοῦ,
1724 2276 1844 2329 Μα-

260 2371 438 2440 ριάμ·
465 2363 624 2441 εὗρες
655 2369 764 2441 γὰρ
796 2370 952 2442 χάριν
987 2359 1137 2440 παρά
1168 2368 1247 2440 τῷ
1278 2368 1423 2439 Θεῷ’
1455 2369 1547 2421 καὶ
1577 2367 1683 2421 ἰδοὺ
1720 2366 1842 2420 συλ-

254 2461 412 2535 λήψει
440 2465 499 2515 ὲν
524 2462 739 2533 γαστρὶ,
759 2462 851 2514 καὶ¹
874 2462 1003 2535 τέξῃ
1030 2464 1161 2525 υἱὸν,
1196 2462 1289 2515 καὶ
1313 2461 1560 2524 καλέσεις
1590 2461 1649 2513 τὸ
1674 2461 1842 2530 ὄνομα

255 2554 430 2608 αὐτοῦ
463 2556 690 2627 Ἰησοῦν.
723 2551 890 2619 Οὗτος
923 2554 1073 2608 ἔσται
1105 2554 1297 2626 μέγας,
1319 2555 1413 2608 καὶ
1443 2554 1557 2616 υἱὸς
1587 2554 1839 2623 Ὑψίστου

254 2646 615 2718 κληθήσεται,
655 2649 750 2702 καὶ
781 2647 942 2702 δώσει
972 2646 1120 2717 αὐτῷ
1148 2646 1353 2719 Κύριος
1380 2648 1407 2700 6
1440 2647 1572 2710 Θεὸς
1596 2647 1686 2699 τὸν
1715 2646 1841 2717 θρό-

254 2755 353 2792 νον
386 2739 551 2793 Δαϐὶδ
586 2739 678 2793 τοῦ
708 2741 915 2812 πατρὸς
948 2740 1133 2805 αὑτοῦ,
1161 2742 1254 2794 καὶ
1290 2738 1595 2811 βασιλεύσει
1627 2740 1718 2792 ἐπὶ
1750 2738 1841 2791 τὸν

254 2826 412 2884 οἷκον
452 2830 647 2883 Ἰακὼϐ
680 2834 759 2896 εἰς
784 2832 875 2885 τὸν
908 2832 1100 2896 αἰῶνα,
1126 2834 1218 2887 καὶ
1243 2833 1344 2903 τῆς
1373 2830 1647 2903 βασιλείας
1677 2828 1841 2883 αὑτοῦ

258 2925 364 2978 ούκ
394 2924 545 2978 ἔσται
568 2925 738 2989 τέλος.
774 2945 791 2976 ι
828 2925 1042 2997 Ταύτην
1082 2928 1138 2979 ὲν
1168 2925 1248 2996 τῷ
1290 2924 1673 2997 προειρημένῳ
1704 2921 1840 2992 ψαλ-

263 3015 351 3088 μῷ
379 3018 475 3070 καὶ
506 3018 533 3070 6
569 3018 849 3089 προφήτης
884 3016 1191 3087 προσδοκῶν
1228 3018 1326 3089 τὴν
1356 3015 1449 3069 τοῦ
1477 3015 1710 3088 Χριστοῦ
1746 3014 1840 3083 γέ-

259 3124 428 3171 νεσιν,
460 3110 558 3179 τήν
594 3126 651 3161 τε
687 3110 979 3181 ὑπέρθεσιν
1005 3110 1194 3180 αὐτῆς,
1230 3109 1321 3161 καὶ
1361 3106 1624 3179 ἀναϐολὴν
1654 3106 1841 3179 ὥσπερ

259 3199 443 3253 αἰτίαν
492 3200 731 3271 συνορῶν
774 3201 871 3272 τῆς
911 3201 1005 3254 τοῦ
1033 3201 1221 3273 θρόνου
1257 3200 1417 3256 Δαϐὶδ
1450 3197 1837 3263 ἀποπτώσεως,

258 3292 632 3345 ἀποδυσπετεί
654 3293 826 3361 λέγων
846 3311 858 3323 ο
890 3312 908 3344 ι
936 3294 1006 3345 Σὺ
1027 3293 1082 3345 δὲ
1108 3292 1311 3346 ἀπώσω
1336 3292 1429 3345 καὶ
1458 3291 1837 3355 ἐξουδένωσας,

253 3384 525 3439 ἀνεϐάλου
556 3385 646 3437 τὸν
675 3386 905 3456 Χριστόν
941 3402 1055 3438 σου.
1090 3404 1109 3436 ι
1148 3384 1382 3456 Εὔχεται
1413 3384 1469 3436 δὲ
1500 3383 1686 3455 ὥσπερ
1720 3383 1846 3435 δυσ-

252 3474 430 3530 ωπῶν
476 3475 535 3527 τὸ
578 3474 750 3539 Θείον,
850 3474 1015 3544 τάχος
1048 3473 1401 3545 πληρωθῆναι
1438 3473 1508 3526 τὰ
1543 3473 1644 3542 τῆς
1672 3475 1844 3541 ἐπαγ-

252 3566 471 3635 γελίας,
502 3565 725 3635 φάσκων
750 3583 765 3595 ·
800 3586 818 3616 ι
847 3565 958 3619 Ποῦ
1001 3568 1116 3619 ἐστι
1146 3566 1214 3620 τὰ
1243 3567 1365 3637 ἑλέη
1398 3583 1490 3618 σου
1521 3565 1587 3618 τὰ
1621 3567 1840 3637 ἀρχαῖα,

252 3657 461 3730 Κύριε,
496 3656 532 3711 ἀ
564 3656 780 3728 ὤμοσας
814 3657 892 3727 τῷ
918 3656 1081 3710 Δαϐὶδ
1125 3659 1183 3711 ὲν
1230 3659 1295 3728 τῇ
1329 3657 1556 3727 ἀληθείᾳ
1587 3672 1713 3720 σου;
1749 3675 1767 3707 ι
1807 3655 1843 3709 ἀ

252 3747 326 3822 δὴ
381 3748 693 3817 σαφέστατα
745 3747 839 3801 καὶ
889 3747 1028 3801 αὐτὰ
1077 3748 1141 3819 δὴ
1191 3747 1362 3801 ταῦτα
1389 3747 1841 3820 πληρωθήσεσθαι
1901 3808 1905 3811 _

255 3840 356 3893 ἐπὶ
380 3842 450 3911 τῇ
479 3840 688 3909 γενέσει
716 3839 808 3892 τοῦ
844 3840 942 3911 τῆς
979 3839 1218 3911 μεγάλης
1251 3839 1445 3910 βουλῆς
1480 3840 1709 3908 ἀγγέλου
1755 3839 1843 3892 θε-

257 3932 449 3997 σπίζει
467 3950 482 3963 ·
526 3934 640 4002 Ἐφ’
664 3925 710 4000 ᾧ
752 3931 1061 4003 θελήσουσι,
1090 3932 1275 4003 φησὶν,
1304 3933 1353 3985 οἱ
1382 3932 1843 4003 προαποδοθέντες

256 4031 311 4082 εί
348 4028 689 4099 ἐγενήθησαν
754 4027 1133 4099 πυρίκαυστον
1168 4044 1188 4077 ι
1235 4025 1366 4079 διότι
1426 4025 1634 4079 παιδίον
1687 4029 1840 4095 ἐγεν-

256 4120 399 4192 νήθη
436 4122 588 4191 ἡμῖν,
624 4120 716 4173 καὶ
753 4119 865 4183 υίὸς
893 4118 1044 4189 ἐδόθη
1079 4120 1209 4191 ἡμῖν
1239 4119 1268 4172 ὁ
1294 4117 1392 4189 τῆς
1435 4118 1679 4190 μεγάλης
1717 4132 1841 4189 pou-

258 4212 357 4282 λῆς
392 4211 640 4280 ἄγγελος.
684 4231 703 4263 ι
740 4210 861 4267 Τίσι
886 4211 941 4265 δὲ
971 4213 1103 4282 ἡμῖν
1148 4212 1181 4283 ἢ
1232 4213 1346 4275 τοῖς
1379 4211 1459 4274 είς
1483 4210 1643 4263 αὐτὸν
1677 4227 1840 4263 πεπι-

262 4305 519 4357 στευκόσι
546 4306 659 4367 τοῖς
690 4306 749 4356 ὲν
790 4305 856 4374 τῇ
906 4301 1163 4375 Γαλιλαία
1189 4302 1298 4356 τῶν
1326 4301 1523 4365 ἐθνῶν,
1558 4297 1638 4366 οἷς
1672 4302 1842 4366 αἴτιος

258 4396 554 4467 γεγένηται
585 4394 760 4465 φωτὸς
794 4396 886 4448 καὶ
913 4394 1266 4466 εὐφροσύνης,
1299 4394 1485 4449 καινοῦ
1519 4412 1577 4447 τε
1605 4396 1695 4447 καὶ
1720 4394 1839 4446 νέου

259 4489 449 4554 τωτοῦ,
484 4489 585 4559 τῆς
630 4489 820 4559 καινῆς
866 4486 1138 4559 Διαοήκης
1188 4489 1505 4559 μυστηρίου,
1557 4487 1695 4540 κατά
1742 4488 1839 4558 τὴν

260 4588 514 4658 φήσασαν
565 4582 928 4654 προφητείαν,
987 4599 1004 4632 ι
1032 4580 1201 4633 Τοῦτο
1252 4581 1486 4652 πρῶτον,
1537 4580 1646 4643 πίε,
1699 4579 1835 4647 ταχὺ
1870 4613 1913 4666 D

260 4675 427 4742 ποίει,
458 4672 613 4746 χώρα
662 4670 965 4735 Ζαϐουλὼν,
1003 4672 1095 4724 καὶ
1144 4670 1217 4741 γῆ
1269 4671 1609 4741 Νεφθαλείμ,
1649 4672 1742 4724 καὶ
1789 4671 1838 4724 οἰ

257 4768 439 4823 λοιποὶ
478 4767 525 4820 οἱ
567 4766 663 4837 τὴν
704 4762 976 4836 παραλίαν
1008 4762 1281 4827 οἰκοῦντες
1305 4764 1476 4835 πέραν
1503 4763 1598 4816 τοῦ
1638 4761 1839 4835 ’ῐορδά-

258 4876 376 4924 νου,
413 4854 670 4912 Γαλιλαία
694 4853 803 4907 τῶν
830 4852 1016 4907 ἐθνῶν⁸
1045 4855 1073 4906 6
1091 4853 1218 4917 λαὸς
1237 4856 1264 4907 6
1292 4854 1597 4926 καθήμενος
1629 4855 1686 4906 ἐν
1717 4853 1840 4906 σκό-

257 4966 364 5014 τει,
386 4947 504 5017 φῶς
550 4947 685 5001 ἴδετε
723 4945 894 5017 μέγαο
929 4948 1024 5000 καὶ
1053 4947 1163 5008 τοῖς
1202 4944 1526 5015 καθημένοις
1561 4947 1618 4998 ἐν
1663 4946 1841 4998 σκότει

257 5043 357 5097 καὶ⁵
382 5041 511 5113 σκιᾷ
537 5041 787 5106 θανάτου,
822 5039 937 5111 φῶς
960 5039 1230 5093 ἀνέτειλεν
1253 5040 1467 5106 αύτοῖς;
1504 5058 1523 5089 ι
1554 5034 1676 5091 Εἶεν
1701 5037 1744 5090 δ’
1775 5036 1841 5091 ἂν

254 5135 316 5188 ὲν
350 5130 562 5196 τούτοις
590 5131 905 5202 δηλούμενοι
938 5132 1065 5183 οἵτε
1100 5129 1158 5194 ἐξ
1188 5129 1356 5183 ἐθνῶν
1385 5131 1464 5194 εἰς
1488 5130 1577 5183 τὸν
1607 5133 1841 5205 Χριστὸν

140 5260 147 5267 .
252 5222 352 5277 τοῦ
388 5221 524 5277 Θεοῦ
550 5221 994 5289 πεπιστευκότες,
1024 5219 1119 5273 κοιλ¹
1168 5220 1216 5272 οἱ
1260 5218 1352 5271 τοῦ
1401 5219 1651 5290 Σωτῆρος
1680 5220 1838 5292 ἡμῶν

258 5315 503 5388 μαθηταὶ
553 5314 646 5369 καί
690 5314 995 5377 ἀπόστολοι,
1027 5311 1119 5378 οὓς
1148 5311 1253 5365 ἀπὸ
1285 5312 1389 5383 γῆς
1429 5310 1712 5366 Ζαϐουλὼν
1744 5311 1840 5365 καὶ

254 5407 578 5478 Νεφθαλείμ
618 5407 1113 5477 ἀνακαλεσάμενος,
1148 5402 1427 5469 ἐξελέξατο
1461 5405 1707 5476 κήρυκας
1741 5401 1837 5456 τοῦ

255 5497 611 5568 Εύαγγελίου.
647 5498 868 5562 Τούτοις
898 5497 995 5566 μὲν
1043 5493 1135 5552 οὖν
1176 5499 1205 5552 6
1242 5496 1344 5567 τῆς
1372 5496 1612 5570 μεγάλης
1638 5495 1838 5567 βουλῆς

255 5593 487 5664 ἄγγελος
522 5593 634 5657 υίὸς
668 5592 842 5664 ἐδόθη,
880 5592 1154 5663 σωτηρίας
1185 5593 1374 5656 αίτιος⁵
1394 5593 1505 5655 τοῖς
1533 5591 1590 5645 δὲ
1622 5593 1703 5656 είς
1734 5592 1835 5645 αύ-

255 5684 349 5741 τὺν
378 5685 733 5755 ⁴ίιπιστηκόσι,
751 5684 920 5756 πυρὸς
958 5666 1157 5754 δηλαδὴ
1189 5682 1285 5738 καὶ
1310 5682 1751 5755 καύσεως.”ολης
1778 5682 1836 5735 δὲ

1946 1986 2093 2040 illius
2119 1999 2230 2056 prae
2251 1998 2311 2039 se
2332 1982 2459 2048 fert,
2499 1991 2672 2041 totum
2699 1983 2886 2039 orbem
2914 1988 3187 2037 terrarum
3212 1979 3517 2043 illustrans;

1944 2077 2088 2148 quod
2117 2075 2335 2148 quidem
2367 2082 2420 2131 et
2448 2076 2644 2145 psalmi
2672 2076 2921 2147 proximo
2950 2071 3266 2129 testimonio
3288 2084 3521 2125 consen-

1944 2179 2162 2225 taneum
2191 2178 2293 2234 est,
2319 2178 2373 2225 et
2401 2169 2528 2224 huic
2544 2169 2845 2241 prophetaz,
2884 2166 2951 2221 de
2974 2181 3083 2236 quo
3104 2177 3252 2219 nunc
3282 2164 3517 2234 agimus,

1943 2262 2037 2335 qui
2100 2261 2168 2318 de
2212 2277 2389 2333 puero
2420 2261 2633 2316 orituro
2675 2261 2772 2324 ait,
2805 2260 2985 2329 ipsum
3042 2257 3100 2311 in
3144 2253 3274 2313 sede
3323 2253 3517 2317 David,

1941 2361 2146 2410 aeterna
2167 2353 2421 2408 videlicet
2443 2367 2507 2407 ac
2539 2358 2912 2423 permanente,
2944 2363 3065 2419 quae
3087 2347 3251 2404 etiam
3282 2346 3386 2418 ipsi
3413 2345 3521 2400 Da-

1944 2447 2032 2503 vid
2057 2447 2326 2519 promissa
2361 2454 2466 2510 est,
2486 2461 2767 2502 sessurum
2797 2446 2853 2500 in
2884 2459 3050 2514 regno
3079 2443 3273 2513 ipsius,
3305 2451 3362 2495 ut
3392 2440 3522 2494 diri-

1943 2547 2033 2611 gat
2060 2534 2195 2594 illud
2229 2545 2283 2594 et
2317 2536 2587 2608 suscipiat
2640 2537 2698 2591 in
2733 2534 2944 2606 judicio
2968 2545 3023 2588 et
3062 2533 3280 2602 justitia
3321 2531 3390 2585 ab
3414 2530 3519 2584 hoc

1943 2632 2063 2701 ipso
2094 2641 2336 2701 tempore
2374 2644 2551 2699 usque
2573 2629 2630 2682 in
2662 2627 2943 2683 saeculum.
2968 2624 3140 2682 Porro
3172 2632 3352 2680 autem
3383 2638 3519 2693 quo-

1943 2724 2104 2779 modo
2137 2723 2252 2778 haec
2281 2722 2399 2792 ipsa
2426 2721 2695 2790 completa
2725 2719 2858 2783 sint,
2911 2717 3046 2775 satis
3106 2714 3322 2770 abunde
3354 2714 3520 2769 doce-

1942 2832 2002 2872 re
2025 2831 2123 2870 nos
2144 2822 2325 2885 potest
2348 2814 2573 2884 angelus
2602 2810 2843 2875 Gabriel,
2870 2812 2926 2865 in
2953 2824 3018 2865 ea
3054 2808 3380 2864 allocutione
3410 2824 3518 2880 qua

1942 2909 2007 2963 ad
2037 2907 2315 2979 Virginem
2354 2921 2488 2961 usus
2536 2912 2621 2959 est
2674 2903 2755 2958 sic
2805 2902 2993 2957 dicens
3040 2914 3055 2952 τ
3097 2918 3115 2950 ‹
3169 2897 3248 2954 Ne
3298 2898 3515 2962 timeas,

1944 2999 2133 3064 Maria,
2175 2997 2433 3053 invenisti
2487 2996 2632 3051 enim
2684 2992 2915 3064 gratiam
2969 2990 3112 3061 apud
3142 2988 3354 3056 Deum;
3388 3003 3525 3045 ecco-

1942 3091 2219 3161 concipies
2255 3090 2311 3144 in
2352 3096 2509 3143 utero
2544 3094 2598 3141 et
2644 3085 2826 3157 paries
2865 3084 3056 3147 ﬁlium,
3082 3091 3137 3138 et
3164 3082 3389 3139 vocabis
3416 3097 3531 3137 nos

1943 3202 2064 3241 men
2091 3184 2211 3254 ejus
2239 3182 2450 3246 Jesum,
2480 3182 2568 3235 hic
2594 3180 2699 3235 erit
2741 3192 2993 3249 magnus,
3025 3185 3079 3233 et
3126 3177 3268 3232 ﬁlius
3299 3176 3525 3231 Altissio

1944 3278 2015 3331 mi
2047 3277 2353 3338 vocabitur,
2386 3281 2440 3330 et
2468 3273 2620 3328 dabit
2646 3273 2696 3327 ei
2732 3270 2995 3326 Dominus
3014 3269 3159 3325 Deus
3197 3269 3381 3325 sedem
3414 3268 3521 3322 Da-

1943 3367 2032 3420 vid
2062 3366 2230 3436 patris
2266 3364 2406 3433 ejus,
2436 3371 2489 3418 et
2523 3361 2771 3434 regnabit
2806 3363 2858 3415 in
2886 3360 3049 3415 domo
3072 3357 3245 3413 Jacob
3276 3359 3331 3411 in
3354 3368 3516 3412 aeter-

1942 3474 2092 3519 num.
2131 3466 2184 3512 et
2206 3458 2359 3527 regni
2397 3456 2518 3525 ejus
2565 3471 2672 3509 non
2706 3454 2812 3508 erit
2857 3455 2983 3508 ﬁnis
3007 3454 3077 3515 ⁸⁸,
3121 3473 3139 3505 ›
3167 3452 3344 3523 ipsum
3371 3451 3521 3505 hunc

1943 3554 1997 3607 in
2056 3553 2267 3625 psalmo
2320 3550 2603 3621 superiore
2652 3550 2815 3602 etiam
2874 3547 3139 3619 propheta
3191 3552 3518 3615 exspectans

1942 3647 2143 3701 Christi
2180 3655 2382 3709 ortum,
2409 3653 2460 3699 et
2492 3657 2700 3696 moram
2726 3642 2866 3709 ejus,
2898 3641 3330 3713 dilationemq‘ue
3362 3639 3517 3710 quasi

1942 3740 2115 3792 ruinae
2140 3737 2289 3793 sedis
2322 3735 2487 3790 David
2518 3750 2739 3789 causam
2777 3733 3096 3803 inspiciens,
3128 3732 3288 3788 tazdio
3310 3732 3519 3802 ingenti

1942 3831 2197 3896 afﬁcitur,
2221 3839 2273 3885 et
2317 3828 2394 3882 ait
2432 3847 2446 3884 :
2490 3846 2507 3878 ‹
2546 3826 2626 3882 Tu
2659 3842 2789 3881 vero
2822 3825 3070 3895 repulisti
3103 3824 3517 3895 et'despexisti,

1942 3922 2203 3977 distulisti
2263 3920 2546 3977 Christum
2604 3928 2779 3973 tuum.
2817 3939 2837 3972 ι
2880 3918 3084 3974 Deinde
3132 3919 3289 3990 quasi
3319 3919 3519 3974 timens

1942 4030 2005 4069 ac
2031 4014 2340 4084 suspicans,
2372 4011 2544 4067 Deum
2568 4012 2746 4082 ipsum
2773 4021 2914 4075 orat,
2948 4020 3009 4065 ιιι
3038 4027 3202 4082 quam
3235 4011 3535 4067 celerrime

1942 4126 2002 4164 ea
2034 4125 2155 4179 quae
2178 4107 2449 4178 promissa
2493 4116 2623 4160 sunt
2659 4103 3042 4170 exhibeantur,
3076 4104 3268 4159 dicens
3306 4123 3321 4159 :
3359 4122 3378 4155 ι
3412 4102 3539 4157 Uhi'

1944 4209 2070 4258 sunt
2102 4198 2495 4256 misericordiae
2528 4207 2634 4254 tuae
2670 4198 2940 4267 antiquze,
2975 4195 3225 4260 Domine,
3257 4211 3396 4267 quas
3423 4196 3517 4265 ju-

1942 4295 2078 4348 rasti
2112 4292 2277 4348 David
2307 4293 2361 4347 in
2393 4291 2624 4347 veritate
2666 4297 2760 4344 tua
2790 4290 2875 4343 ‘9?
2914 4309 2932 4343 ι
2973 4305 3093 4361 quae
3120 4288 3345 4359 quidem
3374 4290 3515 4359 ipsa,

1944 4388 2081 4457 ipsa,
2114 4386 2357 4457 inquam,
2397 4383 2512 4439 hinc
2541 4381 2862 4455 planissime
2922 4381 3248 4452 complenda
3295 4395 3419 4438 esse
3461 4382 3519 4437 in

1942 4487 2066 4534 ortu
2098 4478 2277 4549 magni
2312 4476 2533 4532 consilii
2573 4475 2752 4546 angeli
2783 4474 3118 4529 vaticinatur
3151 4493 3164 4529 :
3198 4473 3256 4529 in
3290 4489 3398 4545 quo
3423 4492 3521 4529 vo-

1944 4579 2076 4640 lent,
2101 4575 2299 4646 inquit,
2326 4574 2365 4628 ii
2399 4573 2467 4629 de
2497 4573 2696 4645 quibus
2723 4580 2885 4628 antea
2915 4571 3126 4627 dictum
3155 4578 3263 4637 est,
3298 4573 3344 4627 si
3383 4571 3521 4629 fuis-

1943 4676 2063 4725 sent
2111 4668 2236 4739 igne
2264 4666 2561 4722 combusti.
2600 4665 2874 4731 Quoniam
2912 4665 3178 4736 puerulus
3225 4672 3390 4721 natus
3437 4674 3524 4720 est

1940 4761 2119 4824 nobis,
2144 4768 2199 4815 et
2238 4758 2382 4815 ﬁlius
2412 4758 2575 4814 datus
2605 4766 2691 4814 est
2735 4757 2918 4823 nobis,
2956 4758 3140 4830 magni
3180 4758 3396 4813 consilii
3431 4773 3530 4811 aus

1940 4854 2113 4926 gelus.
2145 4852 2357 4919 Quibus
2409 4857 2591 4907 autem
2622 4850 2805 4917 nobis,
2831 4849 2937 4907 nisi
2995 4850 3064 4907 iis
3092 4850 3187 4922 qui
3232 4851 3291 4906 in
3338 4851 3518 4921 ipsum

1940 4943 2298 5008 credidimus,
2323 4941 2417 5014 qui
2446 4942 2503 4996 in
2534 4939 2756 4996 Galilaaa
2790 4941 3033 5014 gentium
3074 4957 3289 5008 sumus,
3320 4942 3521 5011 quibus

1941 5047 2133 5093 auctor
2156 5036 2335 5093 factus
2368 5042 2453 5092 est
2482 5034 2707 5090 luminis
2735 5043 2790 5090 et
2829 5036 3053 5102 laetitiae,
3084 5042 3140 5091 et
3161 5037 3399 5096 recentis
3420 5052 3521 5089 no-

1940 5128 2107 5200 vique
2165 5138 2351 5200 potus,
2386 5127 2523 5184 Novi
2581 5127 2919 5185 Testamenti
2974 5127 3246 5198 mysterii,
3284 5135 3342 5181 ut
3399 5128 3545 5201 ipsa.

1943 5236 2161 5292 quoque
2199 5220 2485 5292 prophetia
2542 5222 2617 5275 ait
2647 5265 2661 5288 ,
2697 5221 2861 5296 340
2895 5240 2913 5272 ‹
2958 5220 3201 5280 Primum
3230 5220 3376 5283 bibe,
3408 5219 3532 5273 cito.

1940 5313 2048 5383 fac,
2074 5313 2222 5384 regio
2260 5311 2529 5379 Zahulon,
2563 5322 2617 5369 et
2648 5323 2788 5370 terra
2820 5311 3190 5384 Nephthalim,
3242 5321 3297 5368 et
3319 5310 3529 5382 reliqui

1941 5406 2274 5462 maritimam
2336 5404 2641 5462 incolentes
2700 5406 2843 5459 ultra
2903 5402 3233 5469 Iordanem,
3294 5403 3531 5462 Galiltna.

1940 5499 2183 5572 gentium
2209 5517 2224 5553 :
2260 5498 2495 5570 populus
2520 5498 2717 5553 sedens
2742 5498 2799 5553 in
2831 5496 3097 5564 tenebris,
3124 5497 3305 5554 videte
3336 5499 3524 5553 lucem.

1941 5606 2217 5662 magnam,
2241 5598 2296 5647 et
2318 5590 2635 5647 sedentibus
2656 5591 2709 5645 in
2736 5589 2979 5646 tenebris
3005 5596 3059 5645 et
3074 5591 3266 5645 umbra
3298 5592 3512 5655 mortis,
3548 5599 3555 5607 '

1942 5684 2035 5738 lux
2068 5692 2186 5737 orta
2216 5692 2300 5739 est
2321 5684 2404 5739 eis
2430 5683 2477 5716 7°
2520 5703 2539 5736 ι
2566 5683 2591 5737 ?
2621 5681 2761 5738 Sunt
2788 5700 2916 5741 vero
2938 5684 2977 5739 ii
2997 5683 3089 5756 qui
3129 5684 3181 5737 in
3211 5683 3298 5739 his
3330 5683 3510 5740 verbis

358 5847 402 5882 “
424 5845 570 5904 Psal.
604 5861 864 5914 Lxxxvm,
902 5844 1099 5901 ’ὅθ-ιιι..
1167 5844 1208 5877 ⁸⁷
1258 5843 1390 5899 ibid.
1422 5845 1512 5915 £5,
1546 5846 1617 5901 46
1711 5846 1754 5880 ⁸⁸
1781 5843 1844 5902 Lt

1958 5862 1997 5914 1,
2038 5842 2219 5903 30-53.
2264 5835 2509 5901 7"Psal.
2536 5861 2803 5914 Lxxxvm,
2846 5845 2932 5901 56.
3009 5841 3186 5901 "‘lsa.
3223 5844 3386 5911 11,1,
3416 5844 3477 5899 ﬁt
