4100 6430
578 362 682 420 53’:

1248 358 1518 417 EUSEBII
1559 358 2035 417 C£SA~RlENS|S
2072 358 2121 415 Ο

2250 359 2431 414 PARS
2472 362 2531 418 ll.
2574 388 2643 402 -ι
2681 358 3157 419 Αροιοςετιεκ

3690 358 3797 415 ΗΒ

572 476 953 546 signiﬁcantur
982 482 1037 555 et
1062 474 1375 544 quicunque
1396 491 1459 529 ex
1483 474 1735 544 gentibus
1773 475 1825 527 in
1857 474 2121 529 Christum

2237 474 2436 544 ταύτης
2477 474 2574 545 τῆς
2625 477 2932 546 οίκονομιας
2970 474 3223 528 ὑπόθεσιν
3244 472 3518 541 γεγονέναι
3548 472 3683 546 φητὶ
3705 472 3797 528 τὸν

580 566 1069 630 Dcicrediderunt,
1106 573 1161 620 et
1205 564 1503 621 Salvatoris
1549 566 1720 621 nostri
1773 565 2026 635 discipuli
2058 574 2139 620 at-

576 676 681 732 que
708 660 964 731 apostoli,
995 675 1135 730 quos
1156 659 1397 715 deterra
1441 659 1682 713 Zabulon
1713 670 1767 713 et
1797 658 2138 728 Nephthalim

573 758 847 812 evocatos,
874 764 1152 819 precoues
1179 748 1456 819 Evangelii
1481 749 1563 803 sui
1594 748 1774 819 elegit.
1808 746 1965 802 Hisce
1990 748 2138 801 enim

570 838 754 908 magni
772 838 984 894 consilii
1004 839 1232 908 angelus
1261 838 1404 893 illius
1419 840 1577 894 datus
1598 847 1680 894 est
1710 847 1900 892 auctor
1925 839 2136 893 salutis.

570 929 643 985 lis
675 945 803 984 vero
834 929 926 999 qui
963 931 1017 983 in
1043 931 1220 997 ipsum
1248 946 1356 983 non
1391 930 1744 989 crediderint.
1780 930 1922 1000 ig-nis
1944 930 2139 983 videli-

571 1026 657 1075 cet
691 1029 853 1089 atque
884 1020 1143 1076 incendii.
1195 1019 1475 1075 Universae
1526 1027 1705 1073 autem
1763 1019 1993 1087 hujusce
2022 1018 2136 1073 dis-

566 1111 907 1181 pensationis
938 1126 1157 1167 causam
1198 1111 1371 1167 fuisse
1430 1111 1507 1165 ait
1563 1110 1734 1164 zelum
1791 1107 2023 1172 Domini,
2056 1107 2137 1163 sic

569 1204 800 1260 dicens:
837 1221 855 1254 ι
888 1202 1049 1259 Zelus
1092 1203 1303 1258 Domini
1358 1202 1594 1257 Sabaoth
1644 1201 1802 1255 faciet
1847 1200 1961 1255 haec
2003 1200 2069 1253 τί.
2111 1219 2131 1252 ι

574 1295 680 1350 Sed
716 1296 842 1366 quis
877 1295 1095 1350 tandem
1130 1296 1218 1351 hic
1252 1295 1324 1350 sit
1366 1295 1515 1350 zelus
1546 1293 1652 1348 nisi
1683 1293 1729 1346 is
1762 1291 1921 1359 cujus
1946 1289 2136 1349 memi-

570 1388 649 1445 nit
683 1386 879 1452 Moses,
918 1388 1009 1443 ubi
1064 1390 1138 1443 ait
1171 1406 1184 1443 ι
1224 1406 1242 1439 ι
1281 1387 1385 1457 ipsi
1427 1385 1558 1439 mihi
1604 1384 1781 1441 zelum
1833 1382 2135 1451 iniecerunt

569 1480 622 1533 in
658 1494 723 1533 eo
756 1480 847 1550 qui
874 1496 985 1537 non
1011 1489 1131 1533 erat
1165 1479 1331 1542 Deus,
1367 1486 1421 1533 et
1458 1478 1810 1532 irritaverunt
1854 1490 1938 1529 me
1966 1474 2018 1526 in
2059 1473 2135 1528 si-

568 1572 832 1629 mulaeris
864 1573 1012 1638 suis;
1037 1582 1089 1627 et
1117 1588 1217 1643 ego
1250 1572 1423 1627 zelum
1454 1569 1699 1647 injiciam
1723 1569 1804 1623 cis
1837 1568 1891 1621 in
1922 1580 1983 1621 ea
2014 1579 2134 1636 quae

2235 566 2396 637 ζῆλον
2438 566 2663 638 Κυρίου,
2714 566 2918 634 λέγων’
2972 584 2990 617 ι
3023 566 3081 619 ὐ
3118 564 3277 636 ζῆλος
3324 565 3524 636 Κυρίου
3570 561 3796 619 Σαϐαὼθ

2238 659 2449 729 ποιήσει
2502 657 2690 711 ταῦτα.
2725 677 2743 709 ι
2790 658 2951 718 Ποῖος
2988 656 3047 709 δὲ
3095 655 3288 727 ζῆλοςς
3335 657 3367 728 ἢ
3411 651 3474 711 οὗ
3527 656 3797 729 μέμνηται

2236 748 2472 819 Μωσῆς,
2522 746 2726 814 λέγων’
2779 766 2797 799 ι
2848 747 3009 801 Αὐτοὶ
3060 747 3448 818 παρεζήλωσὰν
3502 765 3569 818 με
3622 749 3797 805 ὲπόὑ

2235 839 2371 911 Θεῷ,
2401 839 2756 913 παρώργισάν
2788 858 2855 911 με
2895 843 2953 894 ὲν
2980 843 3093 904 τοῖς
3127 838 3361 903 εἰδώλοις
3395 840 3606 894 αὐτῶνθ
3640 837 3801 908 κάγὼ

2236 929 2612 1005 παραζηλώσω
2649 932 2841 994 αὐτοὺς
2869 934 2952 985 ἐπ’
2984 933 3082 986 οὐκ
3110 932 3250 987 ἔθνει
3270 949 3284 962 ·
3319 932 3404 985 ἐπ’
3430 931 3570 985 ἔθνει
3598 930 3799 985 ἀσυνέ-

2232 1041 2309 1095 τῳ
2349 1024 2632 1097 παροργιῶ
2659 1025 2871 1090 αὐτούς.
2903 1045 2921 1077 ι
2943 1025 3078 1079 Ἀλλ’
3109 1027 3231 1092 ἐπεὶ
3268 1027 3363 1079 σὺν
3396 1024 3513 1097 Θεῷ
3555 1023 3627 1078 τὰ
3666 1023 3801 1096 περὶ

2230 1114 2331 1185 τῆς
2366 1115 2458 1169 τοῦ
2494 1117 2962 1187 προφητευομένου
3011 1119 3089 1180 είς
3126 1116 3441 1188 ἀνθρώπους
3482 1116 3798 1187 ἐπιδημίας,

2231 1209 2290 1262 οὐ
2318 1208 2424 1281 μὴν
2452 1209 2586 1262 ἀλλὰ
2613 1211 2706 1263 καὶ
2749 1211 2778 1263 ὀ
2817 1210 3014 1281 τρόπος
3043 1211 3139 1282 τῆς
3168 1211 3482 1279 ἐπιφανείας
3511 1208 3675 1264 αὐτοῦ
3704 1208 3798 1262 διὰ

2229 1293 2336 1347 τῶν
2381 1295 2731 1368 προφητικῶν
2757 1297 3121 1352 ἀποδέδεικται
3151 1298 3481 1371 μαρτυριῶν,
3516 1299 3708 1370 καιρὸς
3729 1298 3798 1354 ἃν

2228 1387 2312 1457 εἴη
2345 1388 2594 1452 συνιδεῖν,
2622 1388 2725 1441 ποῦ
2751 1388 2852 1460 γῆς
2879 1390 3320 1461 γεννηθήσεσθαι,
3344 1390 3436 1444 καί
3460 1389 3579 1443 ὅθεν
3605 1390 3798 1459 γένους

2228 1475 2397 1547 ἤξειν,
2432 1478 2491 1544 ἐξ
2534 1479 2724 1544 ὁποίας
2768 1496 2826 1533 τε
2865 1482 3125 1553 Ἐϐραίων
3171 1480 3588 1554 προελεύσεσθαι
3624 1481 3798 1553 φυλῆς

2231 1564 2585 1635 ὲκηρύττετο’
2616 1567 2652 1622 ἃ
2684 1569 2776 1622 καὶ
2802 1570 2959 1631 αὐτὰ,
2989 1571 3141 1642 φέρε,
3168 1572 3560 1642 ὲρευνήσωμεν.

567 1683 674 1720 non
727 1673 811 1722 est
860 1682 1030 1738 gens,
1066 1667 1120 1720 in
1164 1675 1322 1736 gente
1372 1665 1541 1720 stulta
1591 1662 1819 1716 irritabo
1859 1659 1981 1712 illos
2009 1658 2075 1711 τ’.
2105 1677 2124 1707 ι
2172 1652 2276 1709 Sed
2301 1656 2556 1725 quoniam
2594 1659 2806 1715 favente
2832 1659 2940 1715 Deo
2964 1661 3076 1729 jam
3110 1678 3254 1716 nunc
3298 1678 3362 1718 ea
3395 1676 3515 1733 quae
3570 1662 3644 1719 ad
3672 1678 3795 1731 ejus

566 1760 856 1819 adventum
892 1760 957 1814 ad
988 1759 1235 1813 homines
1278 1757 1571 1827 pertinent.
1600 1754 1667 1809 de
1698 1768 1806 1824 quo
1834 1751 1975 1822 apud
1999 1748 2288 1820 prophetas
2352 1752 2549 1819 agitur,
2618 1767 2830 1806 necnon
2880 1752 3120 1822 ejusdem
3175 1754 3438 1808 adventus
3468 1751 3685 1818 modus,
3727 1769 3792 1808 ex

565 1852 900 1923 prepheticis
944 1852 1270 1906 testimoniis
1317 1848 1691 1905 demonstrata
1724 1853 1873 1908 sunt,
1916 1854 2127 1910 tempus
2159 1839 2269 1908 jam
2307 1856 2429 1895 esse
2458 1842 2670 1897 videtur
2701 1851 2760 1897 ut
2791 1844 3169 1914 inspiciamus,
3217 1842 3308 1900 ubi
3362 1854 3630 1899 terrarum
3686 1846 3793 1899 ori-

562 1958 740 2010 turus,
775 1955 829 2001 et
885 1962 953 2000 ex
1005 1962 1112 2015 quo
1151 1960 1347 2015 genere
1401 1951 1685 2005 venturus.
1738 1943 1865 1995 item
1907 1954 1972 1994 ex
2017 1951 2124 2003 qua
2170 1933 2517 1991 Hebraeorum
2585 1938 2730 1992 tribu
2811 1938 3154 2010 profecturus
3216 1941 3591 2009 nuntiaretur;
3669 1955 3793 2011 qua:

565 2040 782 2112 quidem
821 2041 938 2109 ipsa
972 2040 1019 2094 si
1048 2040 1246 2110 placet,
1281 2039 1528 2102 obsecro,
1557 2044 1884 2092 scrutemur.

1175 2157 1401 2213 CAPUT
1433 2158 1497 2213 ll.

560 2275 605 2329 Α
639 2274 882 2329 Midam.
928 2300 998 2313 -—
1030 2272 1105 2326 De
1138 2273 1249 2325 loco
1291 2271 1381 2324 ubi
1429 2281 1561 2326 esset
1611 2272 1842 2324 oritura:
1885 2272 1930 2323 is
1968 2272 2125 2334 Deus,

699 2362 779 2399 em
832 2343 1095 2413 propheta:
1132 2343 1445 2413 nuntiarunt
1476 2358 1494 2395 :
1531 2353 1579 2396 et
1598 2342 2034 2411 quemadmodum
2064 2342 2131 2396 dc

655 2411 931 2470 ’Ietloleliem
977 2414 1185 2482 regione
1230 2411 1536 2466 Palwstinw
1567 2413 1807 2481 procedet
1855 2429 1886 2464 a
1935 2413 2127 2465 sa'culo

631 2486 992 2560 pra'exsistens
1018 2486 1219 2560 piorum
1253 2483 1417 2560 gentis
1433 2484 1694 2560 princeps,
1722 2493 1771 2535 et
1794 2482 2124 2560 quemadan

630 2553 755 2607 dum
807 2556 894 2610 ille
930 2553 1182 2607 Dominus
1231 2553 1486 2605 ducturus
1529 2554 1795 2605 divinatur
1822 2568 1907 2604 eos
1944 2556 2032 2621 qui
2062 2555 2125 2605 ab

631 2627 837 2683 ultimis
868 2639 1027 2695 usque
1053 2633 1207 2677 terra
1229 2621 1422 2690 ﬁnibus
1444 2623 1497 2676 in
1523 2639 1639 2677 eum
1663 2621 1999 2676 crediderint.

640 2781 753 2836 «Et
822 2789 921 2846 tu,
983 2780 1338 2843 Bethlehcm,
1393 2779 1592 2834 domus
1642 2777 1901 2849 Ephrata.
1963 2778 2127 2833 mini-

560 2890 645 2932 ma
718 2890 778 2929 es
823 2883 905 2950 .ut
984 2874 1062 2929 sis
1123 2874 1176 2927 in
1238 2872 1481 2926 millibus
1537 2870 1711 2936 Juda;
1759 2887 1823 2925 ex
1881 2882 1933 2925 te
1992 2871 2122 2924 mihi

557 2967 869 3036 egredietur
928 2965 1021 3034 qui
1076 2963 1297 3033 prasit,
1360 2973 1421 3017 ut
1501 2963 1574 3018 sit
1638 2963 1895 3033 princeps
1961 2960 2119 3033 341

557 3061 613 3115 in
659 3057 844 3119 Israel,
888 3067 940 3112 et
979 3056 1160 3111 exitus
1191 3056 1311 3124 ejus
1345 3055 1415 3109 ab
1457 3056 1611 3109 initio
1642 3071 1709 3110 ex
1768 3055 1961 3110 diebus
2021 3069 2126 3108 sae-

555 3148 685 3202 culi.
737 3146 943 3203 idcirco
980 3145 1132 3200 dabit
1172 3160 1269 3201 eos
1315 3160 1491 3215 usque
1531 3144 1599 3199 ad
1647 3152 1860 3215 tempus
1907 3144 2124 3214 parien-

556 3240 663 3304 tis;
698 3239 892 3308 pariet,
934 3244 988 3291 et
1027 3235 1221 3306 reliqui
1250 3233 1484 3289 fratrum
1527 3235 1767 3304 ipsormn
1799 3242 2125 3289 converten-

556 3340 646 3388 tur
670 3329 737 3384 ad
772 3329 912 3384 lilios
940 3330 1127 3391 Israel,
1143 3339 1196 3383 et
1223 3328 1506 3390 consistet,
1537 3334 1590 3382 et
1617 3325 1843 3389 videbit,
1866 3335 1920 3380 et
1938 3333 2123 3397 pascet

556 3435 772 3492 gregem
804 3435 964 3475 suum
996 3421 1049 3473 in
1084 3420 1279 3474 robore
1311 3417 1593 3481 Dominus,
1626 3426 1681 3471 et
1712 3417 1769 3471 in
1815 3418 1986 3486 gloria
2017 3433 2120 3471 no-

2752 2157 3141 2213 ΚΕΦΑΛᾹΙΟΝ
3191 2161 3265 2212 B'.

2242 2271 2389 2343 ἈπὸΔ
2408 2269 2512 2323 τοῦ
2542 2271 3004 2343 Μιχαία.-Α11ερὶ
3028 2273 3133 2343 τοῦ
3157 2275 3340 2327 τόπου
3369 2272 3479 2339 τῆς
3501 2273 3795 2343 γενέσεως

2297 2340 2402 2393 τοῦ
2423 2341 2977 2421 ςιροκτφυτξοιιένου
2990 2342 3140 2421 βεοῦ
3160 2344 3285 2421 οκαὶ
3500 2340 3787 2409 Βηθλεὲμ,

2297 2413 2511 2482 χωρίου
2556 2412 2663 2479 τῆς
2707 2414 3130 2478 Παλαιστίνης,
3163 2412 3231 2482 ἐξ
3273 2412 3485 2477 αἰῶνός
3513 2431 3600 2479 τις
3641 2429 3786 2482 προσ

2296 2480 2594 2549 ὑπάρχων,
2619 2483 2946 2552 ἡγούμενος
2972 2482 3075 2536 τοῦ
3109 2481 3226 2535 τῶν
3252 2483 3545 2537 θεοσεϐὧν
3576 2480 3789 2552 γένους·

2300 2552 2742 2623 προελεύσεται,
2781 2551 2903 2623 κειὶῄ
2932 2553 3012 2617 ὡς
3040 2554 3222 2623 αὑτός
3258 2555 3292 2623 ό
3332 2555 3543 2620 Κύριος
3578 2551 3788 2623 ποιμα-

2294 2620 2421 2693 νεῖν
2450 2621 2777 2693 θεσπίζεται
2817 2621 2955 2687 τοὺς
2996 2621 3169 2691 μέχρι
3203 2622 3322 2675 τῶν
3346 2622 3640 2692 ἐσχατιῶν
3675 2620 3788 2693 τῆς

2296 2690 2402 2759 γῆς
2436 2694 2521 2756 εἰς
2547 2691 2732 2743 αὐτόν
2764 2690 3253 2758 πεπιστευκότας.

2300 2803 2318 2834 ι
2349 2785 2456 2838 Καὶ
2498 2786 2583 2847 σὺ,
2612 2784 2855 2856 Βηθλεὲμ
2886 2780 3033 2847 οἶκος
3071 2783 3164 2837 τοῦ
3212 2784 3473 2856 Ἐφραθὰ,
3511 2786 3789 2855 ὀλιγοστὸς

2223 2871 2271 2928 εἷ
2305 2876 2396 2929 τοῦ
2428 2872 2563 2930 εἶναι
2610 2878 2667 2929 ἐν
2701 2877 2932 2947 χιλιάσιν
2966 2876 3132 2931 Ἰούδα
3191 2879 3283 2932 Ἐκ
3327 2878 3419 2932 σοῦ
3459 2897 3546 2951 μοι
3575 2880 3787 2947 ἐξελεύο

2225 2986 2373 3021 σεται
2406 2968 2730 3039 ἡγούμενος,
2769 2966 2863 3021 τοῦ
2906 2963 3041 3021 εἶναι
3073 2970 3306 3041 ἄρχοντα
3337 2970 3394 3022 ὲν
3429 2969 3509 3040 τῷ
3546 2971 3785 3042 Ἰσραὴλ,

2223 3061 2316 3114 καὶ
2365 3063 2418 3113 αἱ
2448 3060 2613 3124 ἔξοδοι
2646 3060 2808 3115 αὐτοῦ
2868 3061 2961 3114 ἀπ’
3006 3060 3180 3131 ἀρχῆς
3217 3061 3274 3128 ἐξ
3319 3062 3534 3134 ἡμερῶν
3567 3063 3782 3127 αίῶνος.

2223 3153 2321 3206 Διά
2356 3152 2513 3207 τοῦτο
2555 3152 2714 3208 δώσει
2743 3154 2938 3217 αὐτοὺς
2975 3154 3077 3216 ἕως
3110 3152 3301 3227 καιροῦ
3338 3155 3645 3226 τικτούσης.
3678 3154 3784 3209 Τέ-

2224 3242 2391 3307 eam,
2415 3245 2507 3297 xui
2537 3246 2585 3297 οἱ
2620 3234 2885 3297 ἐπίλοιποι
2908 3243 3015 3297 τῶν
3045 3244 3286 3315 ἀδελφῶν
3317 3246 3492 3298 αὐτῶν
3528 3246 3785 3318 ὲπιστρέυ

2220 3335 2409 3405 ψουσιν
2450 3335 2541 3388 ἐπὶ
2586 3338 2712 3399 τοὺς
2761 3337 2910 3397 υἱοὺς
2951 3336 3194 3408 Ἰσραήλ·
3244 3339 3338 3391 καὶ
3377 3339 3647 3407 στήσεται,
3687 3337 3787 3392 καὶ

2221 3426 2428 3496 ὄψεται,
2467 3428 2559 3480 καὶ
2609 3430 2862 3499 ποιμανεῖ
2907 3428 2967 3481 τὸ
3004 3428 3248 3499 ποίμνιον
3317 3428 3479 3483 αὐτοῦ
3546 3430 3604 3482 ὲν
3638 3430 3784 3500 ἰσχύῖ

554 3514 719 3570 minis
754 3511 965 3566 Domini
986 3510 1077 3566 Dei
1109 3513 1348 3580 ipsorum
1378 3511 1665 3575 exsistent,
1691 3510 1946 3579 quoniam
1974 3524 2119 3563 nunc

2223 3520 2440 3591 Κύριος,
2498 3523 2590 3574 καὶ
2642 3523 2700 3574 ὲν
2750 3524 2815 3593 τῇ
2848 3522 2972 3595 δόξῃ
3010 3523 3104 3576 τοῦ
3132 3524 3388 3595 ὀνόματος
3428 3525 3627 3597 Κυρίου
3645 3524 3779 3580 Θεοῦ

556 3604 1050 3676 tnagniﬁcabuntur
1100 3618 1272 3673 usque
1314 3603 1377 3656 ad
1429 3609 1671 3655 extrema
1713 3609 1890 3665 terrai,
1931 3608 1985 3655 et
2016 3601 2120 3655 erit

553 3698 668 3753 haec
698 3713 803 3768 pax
827 3697 891 3751 ⁷³.
932 3716 950 3748 ι
982 3694 1134 3764 Quod
1170 3695 1390 3766 quidem
1427 3695 1540 3765 ipse
1569 3692 1908 3754 Emmanuel,
1938 3692 2031 3761 qui
2054 3707 2121 3745 ex

551 3791 1000 3861 interpretatione
1044 3797 1127 3845 est
1157 3789 1426 3841 nobiscum
1476 3786 1635 3845 Deus.
1665 3785 1733 3840 de
1764 3784 1986 3856 Virgine
2022 3798 2120 3838 na-

552 3891 757 3947 scatur,
790 3881 1022 3954 etquod
1079 3897 1208 3951 puer
1257 3881 1349 3935 ﬁat
1394 3879 1573 3949 magni
1623 3878 1837 3933 consilii
1869 3876 2115 3948 angelus.

554 3974 873 4045 planissime
901 3989 966 4029 ex
999 3974 1065 4028 iis
1098 3988 1219 4042 quae
1244 3980 1368 4023 ante
1409 3969 1687 4040 proposita
1717 3978 1865 4033 sunt,
1893 3968 2117 4022 demon-

551 4074 784 4121 stratum
816 4075 920 4121 est.
957 4064 1245 4129 Carterum,
1285 4063 1572 4133 oportebat
1612 4062 1774 4116 etiam
1822 4061 2026 4124 locum,
2061 4060 2117 4115 in

547 4174 657 4229 quo
696 4161 784 4215 ille
829 4159 1071 4213 oriturus
1103 4163 1269 4218 esset,
1305 4153 1621 4225 signiﬁcari.
1668 4151 1936 4208 Divinitus
1987 4167 2118 4223 ergo

550 4250 865 4323 praedieilur
900 4250 967 4306 de
1001 4249 1308 4304 Bethlehem
1348 4247 1569 4317 quidam
1602 4261 1927 4315 egressurus
1962 4247 2114 4315 prin-

547 4358 676 4415 ceps
699 4344 752 4398 in
784 4342 969 4407 Israel,
996 4342 1176 4396 exitus
1202 4340 1270 4394 ab
1296 4339 1452 4393 initio
1486 4354 1550 4393 ex
1581 4338 1774 4393 diebus
1805 4339 1989 4393 saeculi
2017 4338 2114 4391 ha-

546 4436 703 4491 bens.
743 4433 858 4489 lloc
886 4443 1065 4489 autem
1101 4434 1279 4502 ipsum
1309 4447 1589 4501 nunquam
1626 4432 1876 4488 humana:
1908 4439 2117 4486 natura:

547 4525 952 4582 accommodari
980 4525 1200 4595 poterit,
1231 4523 1322 4577 sed
1361 4524 1462 4577 soli
1497 4522 1812 4577 Emmanuel
1844 4533 1896 4579 et
1931 4526 2111 4594 magni

543 4619 761 4674 consilii
795 4618 1007 4689 angelo.
1047 4616 1198 4683 Quod
1230 4615 1371 4670 enim
1410 4614 1477 4670 ab
1511 4623 1715 4671 aeterno
1743 4618 1991 4682 exsistat,
2024 4618 2113 4672 cui

545 4712 765 4768 tandem
817 4712 889 4766 sit
924 4711 1448 4766 accommodandum
1482 4709 1588 4765 nisi
1622 4710 1722 4764 soli
1756 4709 1903 4764 Deo?
1942 4708 2113 4780 Igitur

544 4806 611 4860 de
645 4802 958 4858 ltetblehem
1004 4804 1110 4869 (est
1152 4808 1332 4856 autem
1391 4800 1479 4854 hic
1534 4798 1733 4855 Judieze
1791 4800 1963 4866 locus,
1997 4817 2107 4856 non

543 4895 734 4965 procul
769 4894 837 4949 ab
861 4894 976 4965 ipsa
1006 4891 1306 4947 Jerusalem
1337 4891 1497 4957 situs)
1557 4891 1759 4946 dicitur
1788 4893 2009 4962 quidam
2038 4893 2108 4947 ab

542 4996 747 5042 esterno
790 4987 1062 5041 exsistcns
1110 5000 1520 5056 progressurus.
1573 4982 1788 5038 Nullum
1830 5000 1960 5040 vero
2004 4985 2111 5041 nisi

545 5095 711 5134 unum
754 5077 920 5135 David
954 5077 1261 5134 invenimus
1309 5077 1484 5148 gloria
1527 5075 1810 5149 praeditum
1860 5092 1923 5130 ac
1957 5078 2105 5133 cele-

543 5168 717 5232 brem,
764 5169 856 5239 qui
901 5166 1027 5222 inde
1060 5168 1131 5222 sit
1171 5177 1413 5228 exortus,
1450 5173 1503 5219 et
1550 5173 1673 5235 post
1706 5165 1882 5235 ipsum
1918 5164 2108 5233 David,

544 5259 774 5314 alterum
814 5260 1100 5321 duntaxat,
1129 5268 1375 5314 nostrum
1407 5258 1593 5326 utique
1638 5254 1974 5312 Salvatorem
2018 5253 2108 5311 Je-

543 5364 687 5413 sum,
720 5349 812 5418 qui
843 5349 1095 5403 Christus
1132 5355 1218 5404 est
1246 5347 1339 5403 Dei
1366 5368 1377 5402 :
1408 5356 1603 5419 praeter
1638 5347 1738 5403 hos
1770 5357 1949 5403 autem
1984 5350 2110 5403 nul-

544 5442 657 5496 lum
690 5440 854 5493 alium
877 5456 1124 5510 prorsus.
1150 5441 1220 5495 At
1244 5456 1373 5497 vero
1412 5442 1527 5512 ipse
1553 5441 1769 5512 quidem
1800 5440 1968 5496 David
2001 5442 2105 5498 hu—

539 5532 695 5613 jusce
745 5533 1042 5604 prephetim
1083 5541 1327 5603 tempora
1378 5536 1690 5600 antecessit,
1752 5544 1806 5590 et
1857 5536 2107 5606 p'nrimis

611 5650 658 5682 τί
692 5647 796 5704 lsa.
827 5664 1031 5711 xxxv",
1063 5648 1151 5702 52.
1246 5652 1291 5682 ⁷⁸
1315 5651 1472 5706 Deut.
1497 5666 1670 5720 χχιιι,
1696 5653 1789 5709 21.

2223 3612 2397 3664 αὐτῶν
2478 3611 2772 3682 ὑπάρξουσι
2809 3630 2822 3644 ο
2903 3613 3034 3667 διότι
3121 3614 3214 3667 νῦν
3294 3616 3782 3688 μεγαλυνθήσονται

2220 3702 2321 3766 ἓως
2351 3702 2533 3774 ἄκρων
2564 3702 2664 3772 τῆς
2695 3704 2797 3774 γῆς
2819 3742 2832 3766 ,
2880 3704 2974 3757 καὶ
3010 3705 3159 3759 ἔσται
3199 3704 3337 3775 αὕτη
3368 3707 3573 3778 εἰρήνη.
3602 3726 3619 3757 ι
3656 3708 3786 3778 Ἐμ-

2223 3791 2461 3863 μανουὴλ
2490 3791 3023 3864 μεθερμηνευόμενος
3057 3797 3186 3864 μεθ’
3216 3793 3382 3863 ἡμῶν
3411 3794 3570 3861 Θεὸς,
3598 3798 3661 3847 ἐκ
3685 3795 3783 3864 τῆς

2220 3883 2493 3955 Παρθένου
2529 3882 2896 3954 γεννώμενος,
2928 3886 3020 3937 καὶ
3070 3884 3277 3938 παιδίον
3314 3885 3593 3955 γινόμενος
3618 3888 3645 3939 ό
3683 3886 3783 3955 τῆς

2222 3974 2462 4045 μεγάλης
2492 3974 2688 4045 βουλῆς
2742 3974 3004 4043 ἄγγελος,
3060 3976 3244 4044 σαφῶς
3285 3975 3495 4047 ἐδείχθη
3539 3976 3627 4030 διὰ
3671 3977 3780 4029 τῶν

2220 4065 2733 4138 προεκτεθειμένων.
2776 4065 2911 4119 Ἀλλ’
2942 4066 3107 4139 ἐχρῆν
3154 4067 3244 4120 καὶ
3278 4067 3366 4120 τὸν
3394 4068 3493 4138 τῆς
3518 4069 3781 4136 γενέσεως

2216 4158 2379 4212 αὐτοῦ
2434 4158 2772 4230 σημανθῆναι
2827 4159 3010 4215 τόπον.
3075 4160 3476 4231 Προφητεύεται
3534 4160 3667 4231 δῆτα
3715 4161 3782 4213 ἐκ

2216 4249 2461 4321 Βηθλεέμ
2486 4268 2570 4313 τις
2591 4249 2962 4315 ἐξελεύσεσθαι
3004 4251 3184 4322 ἄρχων
3213 4253 3270 4304 ὲν
3291 4251 3369 4321 τῷ
3411 4251 3643 4323 Ἰσραὴλ,
3680 4250 3781 4313 τὰς

2216 4342 2423 4407 ἐξόδους
2455 4344 2547 4396 ἀπ’
2572 4344 2745 4415 ἀρχῆς
2767 4342 2826 4409 ἐξ
2852 4345 3075 4417 ἡμερῶν
3102 4343 3295 4408 αἰῶνος
3335 4343 3492 4415 ἔχων.
3532 4343 3700 4396 Τοῦτο
3720 4342 3780 4397 δὲ

2214 4437 2312 4489 οὐκ
2339 4436 2403 4489 ἂν
2435 4438 2791 4507 ἐφαρμόσειεν
2824 4437 3106 4506 ἀνθρώπου
3137 4437 3314 4507 φύσει,
3343 4439 3391 4490 εί
3423 4435 3497 4507 μὴ
3534 4437 3678 4507 μόνῳ
3698 4434 3779 4505 τῷ

2227 4528 2589 4601 Ἐμμανουὴλ,
2622 4530 2715 4582 καὶ
2740 4527 2819 4599 τῷ
2844 4529 2950 4600 τῆς
2965 4530 3208 4601 μεγάλης
3230 4527 3421 4599 βουλῆς
3453 4527 3682 4597 ἀγγέλῳ.
3705 4525 3780 4579 Τδ

2212 4619 2388 4692 γὰρὲξ
2401 4620 2591 4684 αἰῶνος
2604 4621 2918 4690 ὑφεστάναι,
2935 4622 3039 4674 τίνι
3055 4620 3162 4693 ἄρα
3176 4620 3499 4691 ὲφαρμόττοι
3512 4618 3615 4688 ἂνῆ
3633 4617 3778 4687 μόνῳ

2212 4710 2366 4780 Θεῷ;
2414 4711 2506 4764 Ἐκ
2532 4712 2708 4764 τοίνυν
2746 4711 2844 4783 τῆς
2897 4711 3143 4782 Βηθλεὲμ
3188 4711 3402 4782 (χωρίον
3428 4709 3485 4762 δέ
3530 4710 3643 4760 ἐστι
3677 4705 3779 4776 τῆς

2225 4802 2498 4865 Ἰουδαίας,
2528 4804 2589 4856 οὐ
2611 4804 2796 4877 πόρρω
2821 4803 2921 4873 τῆς
2952 4801 3302 4876 Ἰερουσαλὴμ
3346 4797 3596 4866 διεστὼς)
3621 4796 3776 4866 λέγε-ι

2212 4895 2300 4949 ταί
2330 4912 2412 4959 τις
2453 4895 2510 4962 ἐξ
2540 4895 2732 4960 αἰῶνος
2758 4897 3014 4967 ὑπάρχων
3050 4890 3486 4965 προελεύσεσθαι.
3530 4890 3651 4944 Οὐδ’
3696 4889 3773 4959 (1)

2211 4988 2394 5059 ἕτερον
2417 4988 2473 5041 δὲ
2507 4987 2713 5042 ἐνθένδε
2750 4988 2784 5059 ἢ
2818 4988 2974 5060 μόνον
2993 4988 3082 5041 τὸν
3100 4987 3261 5040 Δαόὶδ
3280 4986 3510 5057 εὕρομεν
3535 4982 3774 5047 ἐπίδοξον

2210 5076 2594 5149 γεγενημένον,
2628 5076 2722 5130 καὶ
2774 5077 2962 5130 ἔπειτα
2989 5074 3103 5145 μετ’
3132 5076 3336 5126 ἐκεῖνον
3376 5071 3466 5125 τὸν
3512 5070 3774 5143 ἡμέτερον

2211 5170 2438 5242 Σωτῆρα
2492 5168 2694 5239 Ἰησοῦν
2738 5169 2827 5221 τὸν
2861 5166 3091 5238 Χριστὸν
3147 5164 3242 5218 τοῦ
3284 5162 3452 5218 Θεοῦ·
3486 5163 3670 5229 ἕτερον
3716 5160 3775 5216 Bt

2212 5259 2362 5333 παρὰ
2387 5259 2608 5323 τούτους
2635 5259 2841 5312 οὐδένα.
2877 5258 3013 5312 Ἀλλ’
3034 5260 3064 5312 ό
3088 5258 3182 5328 μὲν
3197 5255 3377 5320 Δαϐὶδ,
3405 5255 3529 5318 τοὺς
3552 5252 3775 5326 χρόνους

2210 5352 2308 5424 τῆς
2336 5351 2668 5424 προφητείας
2698 5348 3057 5421 προειληφὼς,
3099 5348 3470 5417 τετελευτήκει
3501 5345 3774 5406 πλείστοις

2212 5445 2473 5515 πρότερον
2508 5444 2650 5498 ἔτεσι
2704 5444 2802 5514 τῆς
2847 5443 3237 5514 προρρήσεως·
3269 5438 3380 5492 ἀλλ’
3430 5438 3550 5492 οὐδὲ
3584 5436 3643 5491 δὲ
3694 5435 3771 5511 (2)

2208 5537 2301 5605 ἀφ’
2357 5535 2576 5607 ἡμερῶν
2624 5534 2815 5599 αἰῶνος
2875 5530 3026 5599 οὗτος
3074 5534 3173 5597 τὰς
3234 5532 3443 5598 ἐξόδους
3487 5529 3773 5602 πεποίητο,

1866 5654 1911 5684 ⁷³
1933 5653 2098 5709 Mieb.
2134 5671 2186 5717 Υ.
2221 5654 2339 5711 2-5.

673 5810 864 5880 iam
879 5808 965 5864 δέ.
997 5808 1167 5882 Lege,
1184 5821 1240 5866 ut
1272 5828 1438 5883 sape,
1483 5830 1581 5884 pro
1605 5815 1746 5881 οὐδὲ,
1771 5815 1862 5882 οὐ,
1900 5823 1953 5871 et
1987 5815 2112 5870 huic

2222 5812 2414 5879 niunge
2443 5812 2499 5866 δέ
2546 5828 2803 5876 sequens.
2835 5818 2894 5868 ut
2923 5813 2994 5868 sit
3024 5814 3142 5867 οὺδέ
3169 5814 3365 5869 solum.
3400 5809 3558 5866 Ευιτ.

612 5739 862 5809 ¹1>οῠδ’.
899 5738 1038 5807 lege
1074 5740 1190 5811 οὐχ.
1229 5741 1386 5797 Enn.

614 5778 691 5891 t2)
712 5810 864 5866 om
879 5808 965 5864 δέ.
997 5808 1158 5882 Lege,
1184 5821 1240 5866 ut
1272 5828 1383 5883 sap
