4100 6430
331 352 470 410 537

1268 362 1925 425 ,οΕιιοΝετιιΑτιοΝιε
1961 362 2421 424 ΕἾΑΝΟΕΙΔΟΛΕ
2457 366 2589 424 LIB.
2630 366 2744 426 VII.

3496 369 3601 424 538

336 469 572 527 οὐκοῦν
613 468 857 529 λείπεται
891 473 982 529 ἐπὶ
1032 475 1123 530 τὸν
1170 470 1308 547 μετὰ
1350 476 1521 533 ταῦτα
1562 481 1628 534 ἐκ
1681 477 1928 551 Βηθλεὲμ

2033 486 2161 534 ante
2190 480 2296 535 hoc
2320 481 2606 535 oraculum
2641 482 2804 536 ann-is
2832 487 3081 547 mortuus
3108 484 3227 547 est;
3256 486 3516 550 pwrea
3534 495 3604 536 ne

333 564 651 638 γενόμενον
679 566 769 619 τὸν
809 566 1020 637 ἀληθῶς
1070 568 1446 642 Ἐμμανουήλ,
1475 569 1567 624 τὸν
1594 568 1704 642 πρὸ
1750 570 1929 640 πάσης

338 658 592 720 κτίσεως
617 658 854 728 προόντα
877 658 1007 714 Θεὸν
1036 660 1207 729 ⁴Λόγον
1236 661 1329 716 καὶ
1354 661 1474 733 μεθ’
1498 661 1654 733 ήμῶν
1680 661 1814 715 Θεὸν
1841 661 1930 714 λε-

338 746 611 817 γόμενον,
647 748 1096 821 συμπληροῦσθαι
1149 752 1218 806 τὰ
1247 752 1637 826 γεγραμμέναο
1665 754 1788 808 ἐπεὶ
1838 754 1932 807 καὶ

341 838 385 906 ἡ
417 839 476 890 ἐν
496 838 744 911 Βηθλεέμ
769 841 979 909 γένεσις
1001 843 1164 907 αὐτοῦ
1190 845 1445 917 ἄντικρυς
1468 846 1605 900 Θεοῦ
1629 846 1932 917 παρουσίαν

338 929 550 999 ἐδήλου
580 932 668 987 διὰ
695 933 802 987 τῶν
824 936 943 989 κατ’
981 936 1151 1009 αὐτὴν
1199 937 1537 1011 παραδόξων.
1567 939 1771 1011 Γράφει
1801 938 1932 1008 γοῦν

338 1022 379 1076 ὁ
414 1025 629 1089 Λουκᾶς
665 1026 853 1079 τοῦτον
896 1028 1122 1101 ἱστορῶν
1155 1029 1248 1082 τὸν
1284 1030 1514 1102 τρόπον⁸
1543 1050 1562 1083 ι
1598 1031 1843 1100 Ἐγένετο
1870 1031 1931 1085 δὲ

340 1113 415 1170 ἑν
448 1120 571 1181 ταῖς
608 1118 835 1191 ήμέραις
878 1121 1143 1185 ἐκείναις,
1187 1121 1377 1193 ἐξῆλθε
1405 1123 1578 1195 δόγμα
1617 1123 1768 1195 παρὰ
1796 1123 1934 1176 Καί-

340 1222 528 1278 σαρος
590 1210 899 1280 Αὐγούστου
963 1212 1055 1266 τοῦ
1120 1214 1540 1287 ἀπογράψασθαι
1597 1216 1778 1270 πᾶσαν
1833 1216 1932 1285 τὴν

338 1302 683 1374 οἰκουμένην
702 1321 715 1333 ·
750 1304 892 1375 αὕτη
929 1306 1223 1379 ἀπογραφὴ
1253 1307 1444 1380 πρώτη
1472 1309 1687 1385 ἐγένετο
1726 1311 1933 1381 ἠγεμο-

339 1392 605 1459 νεύοντος
629 1395 729 1467 τῆς
752 1397 952 1469 Συρίας
975 1399 1269 1471 Κυρηνίου.
1299 1402 1408 1455 Kal
1441 1401 1763 1474 ἐπορεύοντο
1793 1403 1932 1456 πάν-

338 1502 447 1550 τες
478 1487 908 1558 ἀπογράφεσθαι,
946 1490 1171 1555 ἕκαστος
1230 1492 1312 1556 είς
1360 1493 1461 1566 τὴν
1512 1493 1705 1547 ἑαυτοῦ
1757 1494 1929 1548 πόλιν.

359 1577 564 1649 ’Δνέδη
588 1578 643 1632 δὲ
674 1580 769 1633 καὶ
810 1580 1007 1653 Ἰωσὴφ
1028 1581 1137 1635 ἀπὸ
1163 1583 1264 1655 τῆς
1294 1583 1603 1652 Γαλιλαίας,
1627 1588 1693 1639 ἐκ
1728 1585 1935 1651 Διιῖόλειιιιις

342 1668 613 1742 Ναζαρὲθ
642 1674 722 1736 είς
764 1674 864 1745 τὴν
915 1674 1208 1740 Ἰουδαίαν,
1235 1678 1318 1741 είς
1371 1677 1525 1731 πόλιν
1573 1678 1764 1743 Δαόὶδ,
1810 1679 1932 1749 ἤτις

343 1761 603 1817 καλεῖται
641 1763 889 1836 Βηθλεέμ
909 1806 925 1829 ,
970 1765 1058 1819 διὰ
1088 1766 1149 1820 τὸ
1178 1763 1318 1820 εἶναι
1346 1768 1509 1822 αὐτὸν
1552 1768 1612 1833 ἐξ
1653 1769 1805 1822 οίκου
1838 1769 1932 1822 καὶ

2032 586 2064 625 a
2096 572 2290 628 diebus
2336 574 2559 643 quidem
2610 573 2795 630 saeculi
2843 572 3026 628 exitus
3078 586 3211 627 suos
3253 572 3380 626 fecit
3411 570 3601 629 David.

2035 661 2300 734 Superest
2324 663 2491 735 igitur
2521 671 2581 718 ut
2609 664 2665 717 in
2695 678 2783 726 eo,
2813 662 2917 734 qui
2938 662 3167 733 posthac
3198 660 3268 717 de
3289 661 3601 717 Betlilehem

2030 752 2418 822 proﬁciscitur,
2470 767 2531 806 re
2572 768 2699 808 vera
2752 751 3108 813 Emmanuel,
3166 752 3368 823 quippe
3419 753 3602 805 omnia

2032 859 2154 914 qua:
2179 856 2363 900 creata
2394 855 2523 899 sunt
2548 843 2842 908 antecedit,
2872 853 2925 900 et
2952 843 3093 900 Deus
3120 843 3382 908 Verbum,
3415 854 3469 900 et
3501 860 3603 897 no-

2033 937 2244 993 biscum
2273 936 2416 992 Deus
2442 939 2768 1008 appellatur,
2804 952 2926 1007 quae
2954 937 3043 991 hic
3075 938 3279 1007 scripta
3302 946 3431 991 sunt
3452 952 3595 990 com-

2032 1030 2283 1101 pleantur
2317 1049 2331 1085 :
2361 1033 2619 1101 quoniam
2644 1031 2760 1101 ipse
2789 1046 3005 1101 quoque
3034 1031 3183 1085 illius
3207 1031 3260 1084 in
3290 1029 3600 1085 Bethleltem

2030 1133 2207 1182 ortus.
2233 1123 2552 1193 planissime
2589 1123 2682 1178 Dei
2720 1123 3013 1179 adventum
3049 1122 3399 1193 signiﬁcavit,
3436 1140 3501 1178 ex
3532 1124 3604 1179 iis

2032 1212 2446 1270 admirabilibus
2486 1215 2671 1275 rebus,
2696 1231 2817 1284 quae
2854 1213 3000 1284 apud
3055 1214 3227 1284 ipsam
3263 1215 3410 1269 illam
3442 1215 3603 1270 Beth-

2032 1308 2206 1362 lebem
2237 1319 2558 1364 evenerunt.
2592 1309 2875 1379 Siquidem
2910 1309 3088 1367 Lucas
3120 1311 3177 1364 in
3196 1311 3345 1365 hunc
3376 1312 3601 1367 modum

2031 1416 2297 1457 enarrans
2320 1400 2585 1457 describit
2616 1422 2630 1457 :
2676 1421 2697 1453 ι
2736 1401 2964 1457 Factum
3007 1413 3092 1458 est
3122 1414 3300 1459 autem
3331 1405 3386 1458 in
3410 1403 3601 1459 diebus

2032 1491 2161 1546 illis.
2189 1489 2336 1546 Exiit
2358 1492 2597 1547 edictum
2623 1508 2654 1546 a
2688 1492 2903 1549 Caesare
2932 1493 3201 1565 Augusto,
3238 1503 3297 1548 ut
3326 1494 3605 1549 describe-

2031 1589 2184 1637 retur
2211 1584 2504 1640 universus
2533 1584 2685 1639 orbis
2726 1603 2740 1639 :
2776 1586 2891 1640 hac
2930 1584 3228 1654 descriptio
3252 1586 3427 1655 prima
3462 1584 3603 1639 facta

2031 1680 2117 1726 est
2145 1672 2375 1741 praeside
2410 1670 2580 1743 Syria:
2609 1672 2864 1744 Cyrenio.
2885 1673 2948 1727 Et
2991 1675 3147 1728 ibant
3186 1689 3377 1729 omnes
3404 1682 3462 1728 ut
3484 1688 3606 1745 pro-

2033 1766 2318 1819 literentur
2345 1765 2544 1836 singuli
2578 1764 2632 1819 in
2663 1780 2819 1819 suam
2852 1766 3150 1820 civitatem.
3206 1766 3470 1821 Ascendit
3501 1782 3602 1819 an—

347 1855 594 1925 πατριᾶς
622 1855 814 1920 Δασὶδ,
852 1833 1283 1930 ’ἀπογράψασθαι
1317 1861 1414 1913 σὺν
1457 1861 1690 1932 Μαριὰμ
1729 1864 1795 1932 τῇ
1835 1878 1928 1931 με·

2035 1863 2141 1911 tem
2173 1864 2227 1911 et
2256 1833 2457 1926 Joseph
2490 1872 2522 1911 a
2552 1856 2772 1911 Galilaea
2824 1857 2892 1911 de
2943 1858 3162 1911 civitate
3204 1857 3495 1919 Nazarcth,
3548 1858 3604 1913 in

345 1946 737 2019 μνηστευμένῃ
770 1948 916 2020 αὐτῷ
941 1950 1161 2018 γυναικὶ
1191 1950 1326 2026 οὔσῃ
1349 1951 1547 2023 ἐγκύῳ.
1592 1953 1838 2022 Ἐγένετο
1873 1955 1932 2007 δέ

342 2038 414 2090 ἐν
450 2038 529 2109 τῷ
555 2040 752 2104 αὐτοὺς
786 2035 922 2095 εἶναι
962 2042 1112 2108 ἐκεῖ,
1138 2043 1483 2115 ἐπλήσθησαν
1518 2048 1572 2099 αἱ
1607 2046 1807 2117 ἡμέραι
1836 2045 1929 2099 τοῦ

343 2134 534 2184 τεκεῖν
573 2134 761 2205 αὐτήν.
797 2134 906 2188 Kal
940 2136 1096 2190 ἔτεκε
1140 2137 1234 2191 τὸν
1279 2138 1393 2191 υἱὸν
1434 2138 1601 2210 αὐτῆς
1645 2140 1738 2192 τὸν
1776 2157 1931 2211 πρω-

342 2225 573 2278 τότοκον
602 2268 617 2289 ,
672 2229 765 2281 καὶ
816 2230 1236 2300 ἐσπαργάνωσεν
1277 2232 1439 2285 αὐτὸν
1458 2272 1473 2297 ,
1521 2234 1614 2287 καὶ
1655 2233 1932 2287 ἀνέκλινεν

342 2317 518 2370 αὐτὸν
545 2319 603 2371 ἐν
632 2323 699 2391 τῇ
730 2320 926 2393 φάτνῃ,
966 2321 1099 2375 διότι
1128 2322 1228 2376 ούκ
1254 2319 1321 2395 ἦν
1353 2324 1537 2387 αὐτοῖς
1560 2324 1724 2387 τόπος
1756 2327 1814 2377 ἐν
1852 2323 1932 2395 τῷ

344 2407 714 2478 καταλύματι.
744 2410 853 2463 Καὶ
884 2413 1138 2483 ποιμένες
1164 2409 1304 2485 ἦσαν
1331 2416 1389 2467 ἐν
1411 2418 1477 2485 τῇ
1508 2413 1660 2487 χώρα
1690 2418 1756 2486 τῇ
1792 2417 1927 2487 αὐτῇ

347 2499 778 2571 ἀγραυλοῦντες,
807 2504 900 2557 καὶ
928 2503 1292 2574 φυλάσσοντες
1324 2504 1570 2575 φυλακὰς
1610 2507 1709 2578 τῆς
1738 2507 1932 2571 νυκτὸς

348 2589 446 2642 ἐπὶ
466 2592 565 2663 τὴν
602 2593 834 2664 ποίμνην
869 2596 1048 2650 αὐτῶν
1068 2613 1080 2627 ·
1108 2597 1203 2652 καὶ
1230 2597 1457 2667 ἄγγελος
1484 2600 1689 2669 Κυρίου
1725 2600 1929 2672 ἐπέστη

352 2680 557 2745 αὐτοῖς.
594 2684 686 2736 καὶ
713 2684 840 2751 δόξα
863 2684 998 2740 Θεοῦ
1031 2687 1400 2759 περιέλαμψεν
1435 2689 1652 2753 αὐτοὺς,
1673 2690 1768 2743 καὶ
1807 2692 1932 2760 ἐφο-

354 2772 604 2845 ϐήθησαν
642 2777 803 2846 φόϐον
833 2779 1023 2849 μέγαν.
1064 2781 1172 2835 Καὶ
1202 2780 1354 2835 εἶπεν
1397 2783 1578 2847 αὐτοῖς
1600 2784 1629 2836 6
1660 2783 1888 2852 ἄγγελος
1911 2801 1927 2815 ·

366 2862 458 2932 Μὴ
494 2862 776 2932 φοϐεῖσθε·
828 2868 937 2922 ίδοὺ
979 2869 1087 2942 γὰρ
1117 2871 1537 2943 εὐαγγελίζομαι
1582 2874 1711 2944 ύμῖν
1754 2874 1930 2946 χαρὰν

355 2955 621 3028 μεγάλην,
652 2959 772 3029 ἥτις
800 2960 951 3015 ἔσται
985 2964 1148 3017 παντὶ
1170 2965 1250 3035 τῷ
1278 2964 1388 3035 λαῷ
1406 2982 1420 2995 ·
1460 2966 1542 3018 ὅτι
1582 2967 1775 3037 ἐτέχθη
1802 2969 1930 3038 ὑμῖν

355 3051 596 3120 σήμερον
639 3053 862 3124 Σωτὴρ.
892 3056 950 3119 ὃς
994 3057 1107 3111 ἐστι
1154 3058 1390 3129 Χριστὸς
1428 3058 1653 3130 Κύριος,
1692 3061 1748 3113 ἐν
1780 3060 1928 3114 πόλει

2030 1944 2291 2011 Iudaeam,
2343 1946 2398 2000 in
2443 1946 2720 2001 civitatem
2752 1946 2946 2010 David,
2979 1963 3099 2017 quae
3130 1956 3359 2003 vocatur
3387 1948 3603 2004 Bethle«

2033 2036 2177 2102 hem,
2212 2052 2278 2092 eo
2304 2036 2450 2107 quod
2479 2044 2624 2092 esset
2667 2038 2733 2092 de
2772 2037 2936 2091 dumo
2980 2044 3035 2091 et
3079 2036 3285 2091 familia
3326 2038 3515 2099 David,
3544 2045 3605 2092 nt

2032 2128 2377 2198 proﬁteretur
2396 2143 2520 2180 cum
2554 2127 2722 2181 Maria
2749 2127 3082 2198 desponsata
3112 2129 3215 2183 sibi
3246 2128 3408 2201 342
3430 2145 3603 2185 uxore

2031 2228 2363 2290 praegnante.
2399 2216 2625 2273 Factum
2648 2228 2733 2275 est
2767 2228 2971 2284 autem,
2996 2235 3120 2275 cum
3158 2230 3344 2276 essent
3372 2222 3466 2283 ibi,
3500 2222 3604 2275 im-

2032 2311 2160 2382 pleti
2207 2318 2335 2366 sunt
2374 2309 2493 2365 dies
2522 2318 2582 2365 ut
2633 2320 2872 2381 pareret,
2905 2321 2958 2367 et
2994 2312 3203 2382 peperit
3239 2312 3408 2366 tilium
3441 2328 3601 2367 suum

2030 2403 2475 2473 primogenitum,
2497 2410 2553 2459 et
2577 2404 2777 2473 pannis
2805 2419 2929 2459 eum
2954 2403 3208 2467 involvit,
3229 2412 3285 2458 et
3315 2405 3605 2459 reclinavit

2028 2509 2152 2549 eum
2185 2493 2238 2548 in
2279 2495 2565 2566 praesepio,
2598 2496 2857 2566 quianon
2883 2503 3003 2549 erat
3034 2495 3115 2549 eis
3153 2495 3311 2551 locus
3344 2494 3399 2550 in
3424 2495 3606 2550 diver-

2029 2588 2197 2644 sorio.
2238 2586 2303 2641 Et
2335 2597 2585 2659 pastores
2611 2596 2768 2643 erant
2801 2589 2857 2642 in
2888 2589 3111 2657 regione
3150 2589 3338 2643 eadem
3370 2588 3603 2659 vigilan-

2028 2688 2134 2744 tes,
2162 2690 2215 2735 et
2248 2681 2627 2737 custodientes
2678 2681 2894 2750 vigilias
2939 2682 3118 2737 noctis
3167 2697 3334 2752 super
3381 2698 3601 2753 gregem

2029 2789 2189 2831 suum
2216 2792 2230 2828 :
2261 2782 2313 2829 et
2337 2775 2565 2844 angelus
2596 2772 2811 2830 Domini
2843 2775 2994 2830 stetit
3019 2788 3185 2844 super
3204 2790 3323 2838 eos,
3347 2784 3400 2829 et
3430 2776 3605 2845 gloria

2031 2866 2124 2922 Dei
2155 2866 2520 2922 circumfulsit
2551 2867 2695 2930 illos,
2719 2874 2776 2921 et
2817 2867 3117 2921 timuerunt
3157 2868 3352 2922 timore
3383 2883 3600 2937 magno.

2031 2958 2096 3011 Et
2127 2958 2266 3013 dixit
2313 2958 2423 3015 illis
2474 2957 2704 3029 angelus
2757 2956 2983 3012 :Nolite
3029 2958 3243 3019 timere,
3280 2971 3408 3011 ecce
3456 2957 3601 3012 enim

2027 3049 2341 3119 cvangelizo
2373 3048 2528 3104 vobis
2551 3046 2809 3118 gaudium
2841 3060 3122 3116 magnum,
3145 3046 3290 3116 quod
3319 3048 3426 3100 erit
3451 3046 3603 3099 omni

350 3139 537 3195 Δαδίδ.
570 3143 680 3197 Kal
715 3146 872 3200 τοῦτο
901 3149 1027 3219 ὑμῖν
1056 3149 1116 3202 τὸ
1144 3153 1399 3220 σημεῖον
1430 3152 1691 3222 εὑρήσετε
1730 3150 1928 3225 βρέφος

2033 3141 2252 3212 populo,
2303 3140 2562 3211 quoniam
2610 3148 2774 3194 natus
2824 3146 2909 3193 est
2939 3138 3095 3194 vobis
3138 3137 3298 3193 hodie
3331 3136 3602 3201 Salvator,

349 3234 842 3308 ἐσπαργανωμένον
866 3241 923 3292 ἐν
949 3241 1142 3313 φάτνῃ.
1169 3242 1281 3296 Kal
1304 3240 1563 3314 ἐξαίφνης
1585 3243 1801 3312 ἐγένετο
1827 3246 1924 3298 σὺν

346 3323 427 3393 τῷ
454 3326 671 3398 ἀγγέλῳ
710 3327 913 3400 πλῆθος
938 3335 1195 3403 στρατιᾶς
1232 3334 1487 3405 οὐρανίου
1518 3334 1808 3389 αἰνούντων
1833 3336 1925 3390 τὸν

347 3412 504 3479 Θεὸν,
535 3416 627 3470 καὶ
660 3417 949 3487 λεγόντων’
982 3420 1120 3489 Δόξα
1150 3423 1208 3477 ἐν
1239 3424 1485 3492 ὑψίστοις
1529 3424 1668 3492 Θεῷ,
1701 3425 1797 3478 καὶ
1831 3425 1925 3479 ἐπὶ

348 3506 452 3577 γῆς
486 3509 695 3579 εἰρήνη,
728 3511 787 3564 ἐν
814 3511 1121 3583 ἀνθρώποις
1158 3515 1391 3570 εὐδοκία.
1436 3516 1546 3570 Kal
1586 3516 1822 3585 ἐγένετο,
1849 3517 1926 3581 ὡς

345 3599 592 3670 ἀπῆλθον
634 3603 727 3656 ἀπ’
767 3605 947 3659 αὐτῶν
988 3609 1068 3671 είς
1107 3608 1196 3661 τὸν
1235 3609 1463 3681 οὐρανὸν
1503 3610 1552 3663 oi
1590 3609 1842 3679 ἄγγελοι,
1875 3609 1925 3661 οἱ

345 3693 608 3763 ποιμένες
656 3692 807 3750 εἷπον
852 3698 988 3770 πρὸς
1041 3700 1305 3771 ἀλλήλους
1325 3719 1339 3732 ’
1368 3702 1670 3773 Διέλθωμεν
1724 3702 1789 3774 δὴ
1821 3702 1926 3765 ἕως

348 3784 616 3857 Βηθλεὲμ,
657 3788 751 3841 καὶ
788 3789 993 3861 ἴδωμει
1013 3791 1073 3845 τὸ
1101 3792 1254 3864 ῥῆμα
1284 3791 1442 3846 τοῦτο
1468 3794 1531 3847 τὸ
1558 3794 1869 3864 γενόμενον,
1896 3792 1926 3845 ὃ

345 3872 380 3925 6
409 3875 612 3949 Κύριος
634 3878 926 3952 ἐγνώρισεν
953 3883 1103 3952 ἡμῖν.
1133 3884 1241 3937 Kal
1263 3880 1424 3955 ἦλθον
1453 3886 1806 3950 σπεύσαντες,
1830 3887 1926 3940 καὶ

345 3962 509 4039 εὗρον
542 3970 639 4043 τὴν
692 3972 925 4044 Μαριάμ
967 3975 1059 4028 καὶ
1096 3976 1189 4028 τὸν
1238 3977 1468 4047 Ἰωσήφ,
1505 3978 1678 4031 καὶτὸ
1729 3978 1925 4050 βρέφος

349 4058 603 4128 κείμενον
642 4062 702 4113 ἐν
737 4064 803 4132 τῇ
845 4063 1040 4136 φάτνῃ.
1087 4064 1306 4127 ’ἰδόντες
1351 4065 1409 4119 δὲ
1459 4065 1756 4138 ἐγνώρισαν
1797 4068 1925 4137 περὶ⁵

347 4149 446 4203 τοῦ
481 4153 724 4222 ῥήματος
746 4153 843 4206 τοῦ
869 4154 1190 4226 λαληθέντος
1214 4158 1398 4221 αὐτοῖς
1428 4158 1556 4228 περὶ
1587 4157 1680 4210 τοῦ
1713 4157 1923 4211 παιδίου

350 4238 574 4293 τούτου·
630 4243 725 4295 καὶ
772 4244 969 4308 πάντες
991 4247 1040 4298 ot
1087 4245 1417 4310 ἀκούσαντες
1450 4246 1764 4317 ἐθαύμασαν
1798 4248 1925 4318 περὶ

348 4332 461 4385 τῶν
487 4331 823 4406 λαληθέντων
860 4337 964 4390 ὑπὸ
1006 4337 1114 4391 τῶν
1147 4338 1416 4409 ποιμένων
1459 4338 1595 4412 πρὸς
1646 4337 1862 4402 αύτούς.
1902 4359 1919 4388 ι

350 4424 541 4480 Ταῦτα
582 4428 678 4496 μὲν
727 4431 756 4482 6
799 4430 1033 4493 Λουκᾶς.
1084 4431 1195 4484 Kal
1225 4433 1254 4484 6
1290 4430 1569 4496 Ματθαίος
1600 4432 1658 4487 δὲ
1697 4430 1768 4485 τά
1796 4433 1926 4505 περὶ

2030 3234 2123 3303 qui
2153 3242 2240 3288 est
2269 3234 2524 3288 Christus
2548 3233 2810 3291 Dominus
2832 3237 2885 3288 in
2916 3235 3136 3289 civitate
3166 3233 3335 3288 David
3370 3251 3384 3288 :
3416 3243 3470 3288 et
3502 3234 3605 3287 hoc

2030 3326 2186 3381 vobis
2219 3327 2455 3395 signum.
2490 3326 2782 3382 Invenietis
2830 3325 3090 3380 infantem
3150 3324 3349 3396 pannis
3391 3324 3604 3377 involu-

2031 3425 2167 3478 tum,
2208 3424 2260 3471 et
2294 3418 2529 3486 positum
2581 3417 2635 3470 in
2681 3417 2965 3486 praesepio.
3016 3414 3082 3468 Et
3120 3416 3301 3469 subito
3342 3414 3486 3467 facta
3519 3421 3605 3466 est

2030 3524 2154 3562 cum
2184 3512 2378 3578 angelo
2408 3508 2702 3562 multitudo
2737 3508 2945 3563 militia!
2989 3508 3231 3563 caelestis
3263 3506 3602 3561 laudantium

2033 3599 2202 3654 Deum
2249 3608 2306 3655 et
2350 3600 2648 3655 dicentium
2703 3618 2715 3654 :
2749 3598 2935 3653 Gloria
2979 3601 3033 3654 iu
3067 3599 3354 3655 altissimis
3387 3599 3516 3662 Deo,
3550 3606 3605 3653 et

2031 3690 2086 3746 in
2109 3702 2251 3746 terra
2282 3707 2406 3762 pax,
2430 3692 2485 3745 in
2505 3692 2815 3746 hominibus
2836 3692 2976 3746 bona
3004 3692 3279 3747 voluntas.
3307 3691 3374 3745 Et
3402 3690 3603 3745 factum

2028 3792 2135 3845 est,
2171 3792 2231 3837 ut
2263 3783 2638 3838 discesserunt
2667 3784 2737 3837 ab
2776 3784 2845 3839 iis
2869 3784 2923 3838 in
2950 3784 3149 3838 caelum
3178 3784 3380 3854 angeli,
3412 3792 3605 3853 pasto-

2030 3890 2118 3929 res
2139 3874 2395 3930 dixerunt
2416 3876 2482 3929 ad
2506 3892 2565 3931 se
2592 3877 2844 3938 invicem,
2875 3885 3220 3931 transeamus
3252 3892 3424 3945 usque
3446 3875 3609 3930 Beth-

2030 3964 2230 4030 lehem,
2274 3972 2328 4018 et
2358 3964 2643 4022 videamus
2672 3967 2777 4021 hoc
2803 3967 3028 4022 verbum
3060 3968 3205 4035 quod
3263 3967 3465 4021 factum
3495 3974 3602 4028 est,

2028 4056 2176 4125 quod
2213 4055 2475 4112 Dominus
2513 4059 2757 4113 ostendit
2810 4060 2969 4114 nobis
3005 4078 3018 4113 :
3055 4068 3108 4114 et
3151 4067 3414 4114 venerunt
3462 4058 3608 4113 festi-

2031 4157 2244 4214 nantes,
2275 4158 2330 4205 et
2364 4150 2691 4204 invenerunt
2722 4150 2943 4204 Mariam
2974 4160 3028 4205 et
3060 4150 3283 4221 Joseplt,
3329 4161 3383 4206 et
3427 4150 3605 4204 infan-

2030 4249 2137 4297 tem
2171 4242 2406 4312 positum
2442 4244 2496 4299 in
2528 4244 2813 4314 praesepio.
2862 4241 3122 4299 Videntes
3165 4252 3344 4298 autem
3401 4257 3607 4314 cogno-

2031 4341 2228 4388 verunt
2260 4334 2330 4389 de
2365 4334 2548 4396 verbo,
2596 4335 2743 4405 quod
2797 4334 3003 4388 dictum
3037 4343 3155 4390 erat
3195 4336 3302 4389 illis
3334 4334 3403 4389 de
3436 4349 3605 4405 puero

2033 4427 2135 4480 hoc
2171 4447 2187 4482 :
2220 4435 2276 4482 et
2300 4442 2491 4483 omnes
2512 4427 2604 4498 qui
2623 4428 2915 4483 audierunt
2937 4430 3116 4482 mirati
3139 4437 3268 4483 sunt
3297 4428 3364 4483 de
3394 4429 3462 4483 iis
3482 4443 3604 4498 ιιιιίε

346 4521 451 4591 τὴν
481 4520 691 4587 γένεσιν
716 4521 808 4575 τοῦ
832 4522 1083 4593 Σωτῆρος
1112 4522 1265 4594 ήμῶν
1307 4525 1552 4597 ίστορῶν,
1579 4524 1766 4579 τοῦτον
1791 4526 1925 4596 γρά-

2031 4519 2177 4573 dicta
2209 4526 2367 4574 erant
2396 4535 2427 4573 a
2454 4520 2767 4589 pastoribus
2806 4520 2870 4573 ad
2908 4520 3057 4590 ipsos
3079 4520 3147 4574 “.
3178 4543 3198 4573 ι
3233 4520 3355 4575 Haec
3381 4519 3600 4590 quidem

348 4630 444 4682 φει
473 4611 566 4665 τὸν
588 4614 804 4685 τρόπον·
844 4635 861 4665 ι
897 4614 1003 4668 Τοῦ
1033 4614 1090 4668 δὲ
1134 4614 1305 4686 Ἰησοῦ
1332 4616 1679 4687 γεννηθέντος
1710 4617 1767 4670 ἐν
1789 4616 1929 4688 Βηθ-

349 4707 487 4777 λεέμ
509 4707 609 4777 τῆς
645 4707 897 4771 Ἰουδαίας
921 4710 977 4761 ἐν
995 4707 1229 4780 ἡμέραις
1258 4708 1498 4777 Ἡρώδου
1518 4709 1613 4763 τοῦ
1640 4710 1923 4781 βασιλέως,

352 4800 464 4856 ἰδοὺ
491 4800 670 4868 Μάγοι
699 4800 1059 4873 παρεγένοντο
1084 4800 1190 4854 άπέ
1235 4801 1509 4855 ανατολῶν
1539 4804 1619 4866 είς
1656 4804 1922 4875 Ἰερουσα-

348 4891 499 4963 λὴμ,
532 4891 807 4959 λέγοντεςσ
840 4892 951 4947 Ποῦ
995 4894 1141 4946 ἐστιν
1185 4894 1215 4946 6
1258 4893 1470 4964 τεχθεὶς
1516 4894 1769 4964 βασιλεὺς
1818 4894 1928 4951 τῶν

361 4983 650 5040 Ἰουδαίων·
690 4985 901 5057 εἴδομεν
921 4985 1031 5057 γάρ
1058 4984 1222 5040 αὐτοῦ
1255 4985 1346 5039 τὸν
1396 4986 1602 5058 ἀστέρα
1630 4988 1689 5039 ὲν
1707 4991 1773 5059 τῇ
1800 4990 1930 5042 ἀνα-

347 5077 501 5148 τολῇ,
547 5079 641 5131 καὶ
660 5079 901 5149 ’ἤλθομεν
930 5080 1303 5150 προσκυνῆσαι
1336 5077 1506 5148 αὐτῷ.
1556 5080 1817 5145 Ἀκούσας
1871 5081 1928 5135 δὲ

349 5167 382 5219 6
408 5165 660 5236 βασιλεὺς
698 5166 943 5239 Ἡρώδης
979 5168 1274 5240 ἐταράχθη,
1312 5168 1408 5222 καὶ
1446 5169 1597 5223 πᾶσα
1626 5170 1660 5239 ἡ
1700 5169 1929 5242 Ἰεροσό-

350 5258 495 5329 λυμα
522 5260 637 5329 μετ’
659 5260 845 5314 αὑτοῦ.
869 5260 978 5313 Kal
1007 5259 1325 5329 συναγαγὼν
1353 5261 1565 5325 πάντας
1589 5263 1715 5327 τοὺς
1745 5263 1930 5334 ἀρχιε-

353 5356 464 5424 ρεῖς
498 5352 593 5406 καὶ
623 5356 969 5423 γραμματεῖς
994 5353 1088 5408 τοῦ
1113 5352 1267 5418 λαοῦ,
1298 5352 1632 5407 ἐπυνθάνετο
1668 5357 1798 5426 παρ’
1833 5357 1930 5408 αύ-

349 5444 479 5509 τῶν,
515 5445 618 5497 πού
642 5446 670 5499 6
702 5446 931 5516 Χριστὸς
961 5448 1239 5513 γεννᾶται.
1265 5447 1327 5499 Οί
1355 5446 1412 5500 δὲ
1440 5441 1597 5500 εἶπον
1620 5446 1771 5517 αὐτῷ
1790 5465 1803 5477 ο
1841 5448 1928 5501 Ἐν

352 5536 599 5608 Βηθλεὲμ
620 5537 720 5605 τῆς
752 5537 1027 5601 Ἰουδαίας.
1050 5537 1207 5593 υῦτω
1242 5540 1352 5611 γὰρ
1380 5539 1691 5612 γέγραπται
1714 5540 1801 5593 διὰ
1835 5540 1926 5594 τοῦ

351 5627 652 5697 προφήτουσ
687 5628 796 5679 Kal
817 5627 903 5689 σὺ,
938 5627 1204 5698 Βηθλεέμ,
1235 5624 1384 5691 οἶκος
1414 5628 1507 5683 τοῦ
1543 5630 1808 5703 Ἐφραθά,
1839 5630 1930 5684 ού-

349 5716 536 5788 ὃαμῶς
571 5717 825 5789 ἐλαχίστη
853 5713 904 5771 εἷ
935 5720 993 5772 ὲν
1018 5722 1131 5785 τοῖς
1166 5719 1429 5792 ἡγεμόσιν
1470 5721 1656 5778 Ἰούδα.
1696 5723 1788 5777 Ἐκ
1833 5723 1924 5776 σοῦ

423 5807 467 5839 ’⁸
505 5806 639 5864 Luc.
668 5824 728 5875 ιι,
762 5808 905 5863 L18.

2032 4609 2230 4666 Lucas.
2258 4610 2543 4668 Matthaaus
2572 4621 2752 4667 autem
2778 4613 2871 4668 ubi
2905 4630 2970 4670 ea
2996 4630 3119 4685 qua:
3149 4614 3215 4669 ad
3245 4621 3424 4668 ortum
3477 4611 3601 4667 Sai-

2028 4703 2234 4758 vatoris
2277 4704 2449 4758 nostri
2494 4705 2738 4773 exponit,
2779 4705 2973 4759 scribit
3020 4707 3075 4759 in
3125 4705 3271 4759 hunc
3309 4703 3530 4759 modum
3584 4722 3599 4758 :

2032 4815 2051 4846 ι
2088 4794 2223 4849 Cum
2244 4804 2425 4850 autem
2450 4807 2610 4851 natus
2630 4808 2776 4851 esset
2794 4796 2955 4852 .lcsus
2981 4799 3034 4852 in
3067 4797 3377 4853 Bethlehem
3404 4796 3603 4850 Iudam

2028 4889 2082 4942 in
2113 4887 2308 4944 diebus
2339 4886 2570 4943 Herodis
2611 4890 2777 4959 regis.
2813 4903 2942 4944 ecce
2983 4888 3120 4959 Magi
3154 4890 3223 4943 ab
3258 4889 3470 4943 oriente
3504 4901 3595 4940 ve-

2028 4985 2226 5033 nerunt
2260 4979 2314 5033 in
2344 4977 2673 5043 Jerusalem,
2708 4978 2956 5034 dicentes
2998 4996 3010 5032 :
3065 4979 3164 5033 Ubi
3199 4986 3283 5034 est
3311 4979 3403 5048 qui
3440 4985 3601 5033 natus

2026 5085 2110 5132 est
2133 5093 2225 5132 rex
2255 5076 2608 5132 Iudaeorum?
2659 5076 2897 5131 vidimus
2927 5077 3071 5131 enim
3127 5076 3338 5130 stellam
3373 5075 3495 5142 ejus
3541 5073 3598 5129 in

2028 5169 2261 5232 oriente,
2291 5178 2347 5223 et
2376 5172 2626 5225 venimus
2662 5176 2720 5223 ut
2753 5170 3043 5224 adoremus
3065 5184 3209 5223 eum.
3228 5168 3470 5223 Audiens
3503 5182 3598 5222 au-

2030 5269 2137 5317 tem
2156 5260 2398 5317 Herodes
2425 5277 2521 5317 rex
2539 5264 2793 5318 turbatus
2815 5268 2919 5328 est,
2952 5269 3007 5317 et
3027 5262 3206 5315 omnis
3226 5259 3599 5329 Hierosolyma

2027 5366 2153 5405 cum
2183 5351 2276 5406 illo
2310 5371 2323 5407 :
2357 5360 2412 5407 et
2445 5367 2783 5423 congregans
2819 5367 3012 5406 omnes
3038 5352 3315 5422 principes
3343 5352 3600 5406 sacerdo-

2028 5449 2142 5495 tum
2191 5450 2246 5497 et
2298 5444 2510 5498 scribas
2566 5442 2774 5513 populi,
2817 5442 3210 5498 sciscitabatur
3262 5444 3330 5498 ab
3375 5444 3458 5498 eis
3507 5426 3599 5496 ubi

2026 5536 2279 5591 Christus
2305 5549 2643 5591 nasceretur.
2686 5538 2755 5591 At
2798 5537 2877 5592 illi
2910 5538 3167 5592 dixerunt
3193 5537 3264 5600 ei,
3296 5536 3351 5590 in
3385 5532 3601 5590 Bethle-

2027 5628 2150 5682 bem
2203 5626 2422 5682 Iudaeae.
2462 5625 2554 5682 Sic
2599 5628 2743 5682 enim
2797 5630 3063 5700 scriptum
3098 5635 3183 5683 est
3221 5643 3319 5699 per
3364 5631 3600 5698 prOphe-

2027 5733 2135 5779 tam
2168 5723 2366 5790 :Ettu,
2398 5722 2710 5778 Bethlcbem
2735 5721 2930 5778 domus
2951 5720 3597 5793 Ephratba,ncqnaquam
