4080 6416
548 349 659 410 553

1237 341 1503 398 EUSEBII
1540 338 2018 398 CESARIENSIS
2053 335 2136 393 ΟΡ

2247 334 2427 393 PARS
2462 336 2527 393 ll.
2552 369 2624 383 —
2658 332 3155 397 APOLOGETICA.

3683 344 3785 402 510

554 462 784 520 minima
815 474 877 517 es
906 458 965 513 iu
1010 455 1352 528 principibus
1378 454 1541 510 Juda.
1576 454 1655 509 Ex
1685 463 1738 511 te
1772 455 1919 511 enim
1949 451 2123 509 exibit

2235 449 2331 524 γάρ
2358 451 2697 517 ἐξελεύσεται
2737 436 3057 525 ἡγούιιίτνος,
3089 455 3235 518 ὅστις
3266 455 3637 526 ποιμανεττδν
3659 457 3782 513 λαόν

557 557 688 619 dux,
724 553 819 624 qui
850 558 1036 616 pascet
1067 549 1327 620 populum
1363 563 1542 603 meum
1586 547 1772 604 lsrael.
1824 547 1978 602 Tunc
2008 544 2115 600 He-

559 645 721 701 rodes
748 644 893 698 clam
925 640 1135 697 vocatis
1168 638 1359 710 Magis,
1391 640 1678 711 diligenter
1704 640 1897 695 didicit
1932 639 2002 693 ab
2039 637 2121 692 eis

558 748 773 807 tempus
816 735 987 790 stellae
1012 747 1132 802 qua:
1162 731 1415 802 apparuit
1451 732 1554 796 eis,
1584 738 1639 786 et
1683 732 1904 785 mittens
1939 744 2034 784 eos
2064 729 2122 783 in

561 828 895 890 Bethlehem,
928 822 1088 895 343
1123 822 1258 876 dixit
1288 838 1303 877 :
1330 822 1408 876 lte
1435 833 1490 877 et
1517 822 1848 889 interrogate
1893 820 2124 889 diligen-

558 935 644 981 ter
677 923 746 978 de
792 934 987 992 puero,
1031 927 1233 971 etcum
1266 914 1604 980 inveneritis,
1636 914 1943 967 renuntiate
1966 913 2122 977 mihi,

556 1024 622 1072 ut
650 1022 707 1070 et
730 1028 831 1085 ego
853 1009 1081 1066 veniens
1111 1006 1330 1062 adorem
1358 1021 1504 1061 eum.
1529 1004 1634 1070 Qui
1663 1019 1786 1058 cum
1823 1006 2127 1059 audiissent

562 1123 765 1179 regem,
813 1106 1085 1165 abierunt,
1134 1109 1188 1157 et
1217 1115 1347 1156 ecce
1389 1099 1566 1162 stella,
1598 1112 1762 1168 quam
1792 1098 2041 1152 viderant
2070 1099 2127 1151 in

563 1200 797 1263 oriente,
820 1195 1178 1252 antecedebat
1208 1208 1324 1255 eos,
1356 1192 1530 1246 donec
1563 1192 1787 1245 veniens
1820 1198 1991 1245 staret
2035 1205 2129 1244 su—

567 1305 662 1361 pra
695 1289 784 1344 uhi
811 1295 929 1343 erat
976 1301 1129 1357 puer.
1172 1285 1429 1340 Videntes
1477 1290 1655 1337 autem
1703 1282 1914 1336 stellam
1956 1281 2129 1351 gavisi

565 1393 698 1438 sunt
722 1380 921 1451 gaudio
950 1394 1148 1449 magno
1177 1378 1356 1438 valde,
1390 1383 1444 1430 et
1494 1376 1762 1430 intrantes
1792 1375 2013 1429 domum
2046 1373 2131 1427 vi-

565 1473 764 1528 derunt
791 1486 1017 1541 puerum
1051 1484 1173 1523 cum
1205 1467 1372 1522 Maria
1398 1474 1569 1521 matre
1588 1466 1729 1535 ejus,
1765 1472 1819 1520 et
1848 1464 2133 1535 prociden-

568 1571 651 1617 tes
678 1560 1045 1615 adoraverunt
1070 1573 1216 1621 eum,
1244 1564 1297 1611 et
1326 1559 1532 1626 apertis
1568 1557 1841 1611 thesauris
1871 1556 2008 1619 suis,
2033 1555 2133 1609 oh-

566 1655 810 1709 tulerunt
845 1653 897 1708 ei
920 1666 1168 1713 munera,
1202 1664 1395 1704 aurum
1426 1658 1481 1704 et
1503 1650 1629 1705 thus
1657 1659 1710 1704 et
1742 1650 2051 1720 myrrham;
2077 1655 2133 1702 et

568 1760 837 1816 responso
875 1751 1101 1813 accepto
1132 1742 1186 1795 in
1219 1742 1427 1797 somnis
1461 1757 1529 1796 ne
1570 1742 1812 1795 redirent
1860 1740 1927 1794 ad
1964 1739 2133 1794 Hero-

567 1838 715 1901 dem,
787 1852 885 1907 per
930 1836 1091 1891 aliam
1138 1836 1279 1889 viam
1331 1834 1535 1888 reversi
1570 1841 1699 1889 sunt
1751 1835 1807 1887 in
1853 1834 2130 1903 regionem

569 1944 728 1987 suam
753 1931 822 1983 ⁷⁵.
863 1948 884 1981 ι
919 1927 1044 1982 Haec
1069 1936 1248 1982 autem
1276 1928 1530 1981 universa
1552 1928 1803 1995 exposui,
1831 1934 1890 1980 ut
1911 1926 2136 1980 demon-

567 2033 798 2076 Strarem
835 2034 901 2075 ea
928 2033 1048 2089 quae
1074 2019 1133 2073 in
1158 2026 1282 2070 ortu
1312 2016 1612 2070 Salvatoris
1643 2017 1811 2070 nostri
1844 2017 1897 2069 in
1921 2014 2135 2069 Bethle-

572 2113 695 2167 hem
727 2121 877 2183 gesta
910 2119 1059 2173 sunt,
1089 2108 1396 2164 certissima
1429 2107 1670 2177 praebere
1698 2115 2039 2177 argumenta,
2066 2106 2135 2158 il—

570 2206 684 2260 lum
712 2220 834 2259 esse
864 2203 932 2259 de
960 2218 1072 2273 quo
1122 2201 1364 2271 loquitur
1415 2200 1716 2269 prophetia.
1769 2200 1945 2269 Atque
1978 2199 2136 2254 hodie

570 2311 810 2368 quoque,
845 2296 939 2365 qui
972 2297 1151 2349 locum
1184 2294 1335 2349 illum
1367 2293 1634 2355 incolunt,
1676 2301 1931 2361 tanquam
1982 2308 2011 2344 a
2047 2306 2137 2360 pa-

572 2388 748 2442 tribus
793 2388 1039 2457 ipsorum
1076 2394 1297 2454 accepta
1332 2386 1615 2444 memoria.
1665 2384 1755 2447 iis,
1790 2383 1883 2453 qui
1927 2383 2133 2437 visendi

572 2481 680 2535 loci
724 2480 898 2550 gratia
948 2477 1261 2533 Bethlehem
1295 2486 1477 2547 petere
1526 2486 1948 2538 consueverunt,
1981 2477 2135 2531 testi-

571 2572 816 2627 monium
864 2585 1026 2625 suum
1073 2569 1327 2632 alierum,
1380 2570 1592 2623 veritati
1642 2569 1798 2623 ﬁdem
1853 2569 2133 2631 facientes,

571 2678 873 2735 agrumque
919 2661 1379 2722 demonstrantes.
1416 2663 1508 2716 ubi
1554 2660 1719 2731 Virgo
1762 2663 1920 2715 enixa
1953 2663 2135 2716 infan-

573 2763 683 2811 tem
720 2755 972 2825 deposuit
1006 2774 1020 2809 :
1053 2769 1158 2825 qua
1210 2753 1276 2809 de
1322 2769 1383 2810 re
1420 2755 1534 2825 ipsa
1565 2754 1845 2825 prephetia
1901 2754 1979 2807 sic
2012 2754 2088 2807 ait
2118 2775 2133 2807 ;

577 2868 599 2900 α
637 2845 848 2902 Idcirco
892 2847 1049 2901 dabis
1107 2864 1201 2901 eos
1253 2863 1427 2917 usque
1461 2847 1525 2899 ad
1561 2853 1775 2916 tempus
1810 2849 2070 2915 parientis
2120 2865 2132 2901 :

574 2939 772 3009 pariet.
813 2948 867 2993 et
902 2938 1095 3005 reliqui
1134 2935 1363 2991 fratrum
1398 2938 1640 3006 ipsorum
1668 2943 2069 2990 convertentur.
2113 2955 2132 2987 ι

573 3030 954 3085 Consentanee
984 3039 1163 3083 autem
1216 3030 1306 3083 hic
1360 3045 1576 3099 quoque
1610 3031 1909 3099 parientem
1938 3028 2139 3082 intelli-

575 3122 655 3193 git
681 3137 819 3181 eam.
850 3135 971 3189 quae
1001 3119 1056 3172 in
1088 3120 1462 3188 superioribus
1489 3119 1725 3172 oraculis
1770 3117 1934 3187 Virgo
1962 3118 2136 3172 nomi-
2164 3157 2210 3217 Ο

576 3225 703 3269 nata
741 3220 845 3275 est,
876 3219 931 3266 et
958 3212 1276 3282 prophetica
1311 3211 1527 3272 mulier,
1560 3226 1680 3278 qua:
1714 3211 1890 3279 ipsum
1923 3208 2139 3261 Emma-

2226 562 2327 616 μου
2353 546 2444 599 τὸν
2478 544 2713 616 Ἰσραήλ.
2734 545 2870 599 Τότε
2902 545 3165 618 Ἡρώδης,
3196 545 3368 620 λάθρα
3401 547 3636 613 καλέσας
3661 552 3780 615 τοὺς

2229 638 2456 708 μάγους,
2476 636 2757 708 ἠκρίϐωσε
2793 638 2923 710 παρ’
2949 638 3128 692 αὐτῶν
3154 638 3245 692 τὸν
3266 639 3454 710 χρόνον
3481 640 3574 693 τοῦ
3605 658 3782 710 φαινο-

2229 731 2387 801 μένου
2409 731 2636 803 ἀστέρος
2652 746 2667 762 ο
2693 730 2788 784 καὶ
2807 729 3026 801 πέμψας
3043 731 3239 794 αὐτοὺς
3262 734 3341 794 είς
3355 730 3619 804 Βηθλεὲμ,
3644 729 3779 787 εἷπε·

2225 824 2586 896 Πορευθέντες
2621 822 2911 890 ἐξετάσατε
2947 822 3187 895 ἀκριϐῶς
3245 824 3381 896 περὶ·
3406 824 3498 877 τοῦ
3551 824 3783 884 παιδίου.

2239 916 2406 970 Ἐπάν
2427 917 2485 970 δὲ
2519 915 2737 988 εὕρητε,
2761 915 3114 985 ἀναγγείλατέ
3143 933 3252 987 μοι,
3274 917 3421 981 ὃπως
3446 917 3602 985 κάγὼ
3621 917 3788 972 ἐλθὼν

2227 1009 2587 1082 προσκυνήσω
2628 1009 2794 1080 αὐτῷ.
2843 1010 2904 1063 Οί
2933 1010 2990 1063 δὲ
3031 1009 3358 1074 ἀκούσαντες
3397 1008 3491 1063 τοῦ
3533 1009 3791 1079 βασιλέως

2227 1101 2621 1173 ἐπορεύθησαν.
2649 1102 2759 1155 Καὶ
2787 1100 2894 1154 ἰδοὺ
2929 1103 2957 1154 ὁ
3008 1102 3201 1174 ἀστὴρ,
3227 1101 3285 1154 ὃν
3313 1097 3449 1154 εἶδον
3476 1102 3534 1155 ἐν
3562 1104 3628 1173 τῇ
3666 1104 3793 1155 ἀνα-

2226 1194 2375 1265 τολῇ,
2400 1193 2638 1265 προῆγεν
2662 1193 2875 1257 αὐτοὺς,
2907 1192 3013 1257 ἓως
3050 1192 3217 1247 ἐλθὼν
3251 1192 3380 1263 ἔστη
3414 1192 3599 1246 ἐπάνω
3642 1185 3703 1245 οὗ
3728 1189 3792 1264 ἦν

2226 1288 2287 1340 τὸ
2327 1286 2555 1341 παιδίον.
2600 1286 2819 1347 Ἰδόντες
2841 1286 2898 1339 δέ
2933 1286 3026 1339 τὸν
3073 1286 3274 1357 ἀστέρα
3301 1287 3575 1358 ἐχάρησαν
3622 1287 3795 1357 χαρὰν

2234 1380 2475 1451 μεγάλην
2502 1380 2702 1451 σφόδρα
2725 1397 2740 1410 ·
2768 1379 2862 1432 καὶ
2897 1378 3138 1441 ἐλθόντες
3175 1380 3255 1442 είς
3288 1377 3386 1449 τὴν
3430 1377 3607 1431 οἰκίαν
3660 1376 3795 1431 εἶδον

2228 1470 2292 1523 τὸ
2351 1469 2561 1523 παιδίον
2607 1468 2744 1540 μετά
2783 1469 3001 1541 Μαρίας
3039 1471 3140 1539 τῆς
3199 1469 3403 1541 μητρὸς
3457 1466 3659 1532 αὑτοῦ,
3706 1469 3798 1520 καὶ

2231 1563 2488 1625 πεσόντες
2527 1562 2935 1634 προσεκύνησαν
2970 1562 3147 1634 αύτῷ·
3195 1562 3291 1615 καὶ
3330 1559 3638 1627 ἀνοίξαντες
3676 1562 3799 1624 τοὺς

2233 1653 2537 1725 θησαυροὺς
2567 1651 2765 1717 αὐτῶν,
2807 1654 3182 1724 προσήνεγκαν
3207 1650 3353 1722 αὐτῷ
3378 1650 3545 1723 δῶρα,
3575 1650 3797 1722 χρυσὸν,

2234 1748 2328 1800 καὶ
2365 1747 2597 1811 λίϐανον,
2623 1747 2718 1800 καὶ
2745 1746 3010 1819 σμύρναν.
3039 1747 3148 1801 Καὶ
3190 1748 3652 1819 χρηματισθέντες
3681 1749 3798 1801 κατ’

2164 1797 2205 1851 Β
2235 1797 2844 1910 ιᾴέρ“μῆἰςρᾏιξᾶέιιιὲζ
2859 1797 3010 1911 ζςῖδξ
3040 1797 3646 1912 ligauisa'uia’
3677 1797 3797 1891 se:

2236 1929 2588 2002 ἀνεχώρησαν
2617 1932 2697 1993 είς
2728 1930 2827 2002 τὴν
2869 1930 3052 2003 χώραν
3080 1931 3277 1985 αὐτῶν.
3308 1950 3327 1983 ι
3358 1931 3493 1985 Ὅλα
3535 1931 3591 1984 δέ
3630 1930 3802 1985 ταῦτα

2235 2021 2498 2091 ἐξεθέμην
2548 2024 2626 2085 είς
2668 2023 3006 2094 παράστασιν
3036 2023 3145 2076 τῶν
3181 2022 3580 2095 πεπραγμένων
3613 2023 3707 2076 ἐπὶ
3733 2026 3800 2093 τῇ

2235 2112 2293 2164 ἐν
2346 2113 2590 2184 Βηθλεέμ
2645 2113 2853 2182 γενέσει
2905 2114 2996 2168 τοῦ
3055 2116 3304 2188 Σωτῆρος
3350 2114 3538 2187 ἡμῶν,
3596 2115 3801 2188 ἐναργῆ

2233 2206 2508 2275 τεκμήρια
2541 2204 2845 2277 παρέχοντα
2887 2206 3048 2260 αὑτὸν
3087 2202 3222 2260 εἶναι
3248 2206 3338 2261 τὸν
3385 2205 3489 2260 ὑπὸ
3519 2206 3621 2277 τῆς
3671 2224 3803 2278 προ-

2237 2297 2463 2366 φητείας
2487 2297 2830 2369 δηλούμενον.
2873 2300 2982 2353 Kal
3024 2299 3105 2362 είς
3128 2298 3285 2371 δεῦρο
3328 2299 3383 2353 δέ
3431 2299 3481 2352 οἱ
3522 2298 3615 2352 τὸν
3639 2299 3804 2355 τόπον

2235 2387 2527 2451 οἰκοῦντες,
2564 2388 2638 2451 ὡς
2681 2391 2743 2442 ἐκ
2785 2390 3036 2460 πατέρων
3077 2391 3157 2453 είς
3205 2390 3400 2453 αὐτοὺς
3436 2389 3805 2461 κατελθούσης

2242 2477 2609 2548 παραδόσεως,
2633 2481 2745 2541 τοῖς
2786 2479 2896 2532 τῶν
2925 2480 3106 2535 τόπων
3139 2482 3380 2553 ἱστορίας
3409 2482 3570 2553 χάριν
3598 2482 3677 2545 είς
3702 2483 3804 2554 τὴν

2238 2568 2482 2639 Βηθλεέμ
2513 2570 2926 2640 ἀφικνουμένοις
2962 2571 3316 2643 μαρτυροῦσι,
3351 2571 3458 2626 τῶν
3499 2572 3673 2642 λόγων
3711 2590 3803 2624 πι-

2239 2659 2521 2728 στούμενοι
2553 2660 2650 2731 τὴν
2679 2661 2931 2732 ἀλήθειαν
2971 2662 3059 2715 διὰ
3095 2664 3193 2733 τῆς
3220 2662 3314 2716 τοῦ
3350 2662 3521 2735 ἀγροῦ
3562 2664 3803 2730 δείξεως,

2238 2751 2294 2803 ἐν
2322 2745 2365 2819 ᾧ
2394 2750 2626 2804 τεκοῦσα
2672 2754 2704 2823 ἡ
2752 2751 3025 2824 Παρθένος
3068 2752 3442 2807 κατατέθειται
3472 2753 3534 2806 τὸ
3572 2752 3801 2825 βρέφος·

2239 2843 2321 2911 ἐφ’
2349 2838 2485 2914 οῖςὴ
2517 2844 2819 2914 προφητεία
2842 2844 2972 2913 φησί
2993 2859 3007 2875 ⁶
3045 2861 3065 2895 ι
3097 2843 3198 2897 Διά
3221 2844 3377 2897 τοῦτο
3408 2841 3568 2896 δώσει
3609 2844 3808 2905 αὐτοὺς

2239 2933 2342 2995 ἓως
2376 2934 2568 3005 καιροῦ
2596 2935 2899 3004 τικτούσης.
2927 2934 3168 3001 Τέξεται,
3195 2936 3289 2990 καὶ
3325 2937 3373 2989 οἱ
3402 2935 3673 2989 ἐπίλοιποι
3694 2935 3807 2987 τῶν

2240 3018 2481 3088 ἀδελφῶν
2504 3021 2684 3075 αὐτῶν
2716 3022 3147 3095 ἐπιστρέφουσιν.
3171 3043 3190 3076 ι
3230 3025 3560 3089 Ἀκολούθως
3588 3025 3645 3078 δὲ
3672 3026 3807 3078 κάν-

2240 3112 2412 3166 ταῦθα
2443 3114 2729 3167 τίκτουσαν
2751 3114 2900 3185 δηλοῖ
2921 3114 3019 3187 τὴν
3054 3117 3113 3168 ἐν
3155 3118 3274 3179 ταῖς
3319 3117 3551 3187 πρόσθεν
3596 3134 3811 3188 προφη-

2241 3205 2411 3268 τείαις
2445 3205 2718 3277 Παρθένον
2760 3207 3150 3277 ὠνομασμένην
3193 3208 3287 3261 καὶ
3332 3209 3659 3279 προφήτιδα,
3706 3209 3809 3278 τὴν

577 3304 708 3358 nuel
731 3314 784 3358 et
815 3304 995 3373 magni
1031 3301 1247 3355 consilii
1282 3301 1533 3370 angelum
1566 3300 1670 3354 erit
1700 3300 1968 3369 paritura.
2003 3297 2136 3352 Nam

2240 3297 2330 3351 τὸν
2363 3298 2705 3369 Ἐμμανουήλ
2763 3298 2856 3351 καὶ
2897 3298 2987 3352 τὸν
3019 3299 3120 3369 τῆς
3153 3299 3389 3370 μεγάλης
3418 3298 3612 3370 βουλῆς
3645 3301 3812 3368 ἀγγε-

577 3410 752 3464 usque
779 3394 849 3448 ad
878 3394 1105 3462 hujusce
1137 3400 1401 3459 tempora,
1424 3390 1657 3460 ejusque
1675 3390 1766 3459 qui
1788 3390 1854 3445 de
1882 3390 2000 3458 ipsa
2023 3395 2136 3442 erat

2240 3390 2329 3443 λον
2357 3390 2777 3463 ἀποτεξομένην.
2806 3393 2949 3457 Ἕως
2977 3392 3086 3463 γὰρ
3107 3392 3215 3445 τῶν
3248 3392 3449 3464 ταύτης
3472 3393 3680 3464 καιρῶν
3714 3394 3812 3446 καὶ

574 3484 842 3545 oriturus,
875 3499 995 3552 qua:
1023 3480 1091 3535 ad
1123 3481 1357 3550 priorem
1395 3481 1650 3548 populum
1700 3481 1994 3549 pertinent,
2024 3487 2136 3534 ste-

2239 3482 2332 3536 τοῦ
2366 3482 2425 3547 ἐξ
2472 3484 2645 3552 αὐτῆς
2684 3484 3075 3555 ἀποτεχθέντος
3131 3484 3224 3538 καὶ
3273 3484 3340 3537 τά
3388 3483 3485 3538 τοῦ
3540 3484 3810 3556 προτέρου

580 3584 782 3639 terunt,
813 3577 1012 3644 quippe
1043 3588 1166 3628 cum
1208 3572 1288 3626 eis
1324 3572 1662 3641 praescriptio
1705 3573 1965 3642 temporis
2015 3572 2136 3625 data

2241 3575 2368 3629 λαοῦ
2408 3578 2782 3649 συνειστήκει,
2809 3577 3057 3649 δοθείσης
3104 3579 3286 3639 αὐτοῖς
3331 3576 3669 3649 προθεσμίας
3704 3578 3812 3643 ἓως

576 3676 729 3724 esset
757 3682 930 3736 usque
963 3665 1033 3720 ad
1078 3675 1288 3735 tempus
1342 3664 1627 3733 parientis,
1679 3664 1783 3718 hoc
1826 3671 1931 3729 est,
1968 3681 2136 3734 usque

2241 3667 2435 3739 καιροῦ
2466 3668 2784 3740 τικτούσης,
2831 3667 2977 3721 τοῦτ’
3013 3669 3158 3722 ἐστιν
3209 3670 3314 3734 ἓως
3358 3671 3456 3741 τῆς
3503 3670 3813 3741 παραδόξου

580 3760 646 3814 ad
678 3758 983 3814 mirabilem
1014 3766 1194 3812 ortum
1228 3756 1370 3824 ejus,
1402 3756 1496 3826 qui
1525 3756 1593 3812 de
1634 3755 1858 3829 Virgine
1886 3772 2141 3814 nascere-

578 3864 669 3908 tur
696 3868 708 3904 :
743 3856 867 3919 post
897 3864 1078 3921 quem,
1108 3847 1383 3903 sublatum
1422 3847 1641 3915 quidem
1671 3856 1756 3903 est
1784 3849 2026 3918 ipsorum
2052 3863 2140 3903 re-

578 3957 770 4014 gnum;
798 3942 890 4012 qui
919 3956 1046 3995 vero
1081 3938 1272 4009 reliqui
1308 3938 1536 3993 fratrum
1577 3939 1818 4009 ipsorum
1861 3938 2138 4006 dicuntur,

580 4034 619 4089 ii
645 4048 773 4089 sunt
797 4031 1120 4103 accipiendi,
1147 4034 1239 4102 qui
1267 4032 1322 4085 in
1348 4029 1624 4086 Christum
1643 4029 1738 4086 Dei
1769 4030 2139 4097 crediderunt,

579 4126 810 4198 apostoli
845 4134 897 4181 et
921 4126 1176 4194 discipuli
1216 4132 1272 4180 et
1318 4125 1666 4196 evangelista:
1713 4122 2013 4181 Salvatoris
2041 4139 2141 4179 no-

577 4218 679 4275 stri
721 4236 736 4274 :
773 4234 911 4288 quos
941 4232 1239 4273 conversos
1287 4220 1406 4288 ipse
1451 4216 1715 4275 DominL:
1754 4231 1980 4287 pascere
2006 4218 2143 4273 dici-

577 4316 689 4376 tur,
723 4325 831 4363 non
865 4309 1007 4365 sicut
1056 4311 1205 4378 prius
1233 4324 1330 4379 per
1373 4309 1616 4379 angelos,
1650 4316 1743 4363 aut
1782 4323 1881 4379 per
1911 4309 2144 4363 admini-

577 4411 722 4456 stros
760 4401 1027 4463 homines,
1061 4400 1155 4454 scd
1193 4401 1308 4470 ipse
1338 4415 1431 4469 per
1460 4400 1725 4470 seipsum,
1784 4417 1959 4471 usque
2007 4401 2143 4457 adeo

2240 3759 2506 3827 γενέσεως
2544 3758 2638 3812 τοῦ
2682 3762 2743 3812 ἐκ
2794 3759 2895 3829 τῆς
2927 3760 3204 3832 Παρθένου
3243 3760 3544 3831 τεχθέντος,
3592 3762 3709 3831 μεθ’
3748 3761 3810 3815 ὃν

2240 3852 2382 3924 ἤρθη
2427 3853 2524 3923 μὲν
2567 3852 2746 3907 αὐτῶν
2798 3854 2831 3923 ἡ
2875 3852 3139 3923 βασιλεία.
3168 3853 3231 3907 Οἱ
3283 3852 3340 3907 δὲ
3385 3852 3652 3906 ἐπίλοιποι
3701 3854 3816 3907 τῶν

2241 3942 2484 4013 ἀδελφῶν
2513 3944 2708 4009 αὐτῶν,
2743 3938 2887 4002 οὗτοι
2915 3943 2981 3998 ἂν
3005 3939 3114 3997 εἷεν
3137 3943 3187 3995 οἱ
3219 3944 3300 4007 είς
3332 3942 3424 3997 τὸν
3450 3944 3683 4016 Χριστὸν
3713 3943 3813 3997 τοῦ

2241 4034 2377 4090 Θεοῦ
2423 4037 2844 4100 πεπιστευκότες
2880 4036 3165 4092 ἀπόστολοι
3190 4077 3205 4101 ,
3246 4036 3342 4090 καὶ
3390 4035 3663 4108 μαθηταὶ,
3717 4037 3817 4089 καὶ

2241 4129 2623 4197 εύαγγελισταὶ
2652 4128 2746 4183 τοῦ
2768 4129 3018 4201 Σωτῆρος
3045 4128 3224 4201 ἡμῶν,
3254 4128 3347 4192 οὓς
3375 4128 3816 4199 ἐπιστρέψαντας

2242 4221 2404 4285 αὐτὸς
2429 4224 2457 4275 ὁ
2480 4222 2682 4295 Κύριος
2707 4224 2987 4293 ποιμανείν
3008 4221 3245 4290 λέγεται,
3268 4222 3329 4274 ού
3368 4219 3550 4284 καθὼς
3582 4220 3643 4274 τὸ
3681 4222 3815 4292 πρὶν

2241 4313 2307 4366 δι’
2335 4314 2578 4382 ἀγγέλων
2609 4314 2750 4384 ἢδιά
2783 4314 3121 4384 θεραπόντων
3149 4311 3468 4383 ἀνθρώπων,
3500 4310 3615 4366 ἀλλ’
3650 4312 3817 4374 αὐτὸς

2241 4404 2307 4457 δι’
2334 4405 2549 4469 ἐαυτοῦ,
2569 4406 2707 4459 ὥστε
2733 4404 2821 4459 διὰ
2858 4404 3015 4458 τοῦτο
3046 4404 3445 4476 μεγαλυνθῆναι
3478 4403 3676 4467 αὐτοὺς
3707 4403 3813 4467 ἕως

579 4502 638 4548 ιιι
665 4505 887 4564 propter
914 4496 1014 4548 hoc
1045 4494 1380 4564 magnificari
1412 4510 1507 4549 eos
1548 4495 1837 4565 contigerit
1867 4511 2041 4567 usque
2070 4496 2136 4550 ad

2243 4494 2413 4567 ἄκρου
2441 4495 2541 4565 τῆς
2567 4496 2688 4566 γῆς.
2737 4495 3208 4567 Ἐμεγαλύνθησαν
3242 4494 3350 4567 γὰρ
3392 4496 3480 4548 ὅτε
3526 4497 3608 4558 είς
3632 4496 3813 4549 πᾶσαν

576 4596 878 4640 extremum
914 4593 1090 4639 terrm.
1127 4584 1452 4655 Magnifieati
1482 4586 1625 4639 enim
1668 4595 1816 4651 sunt,
1864 4602 1974 4657 quo
2013 4594 2141 4640 tem-

577 4692 709 4748 pore
737 4676 792 4729 in
830 4690 1044 4730 omnem
1093 4682 1294 4728 terram
1328 4676 1496 4731 exivit
1540 4691 1709 4731 sonus
1753 4692 1964 4743 eorum,
1999 4684 2054 4731 et
2084 4680 2139 4732 in

578 4768 713 4824 lines
740 4768 890 4824 orbis
915 4774 1073 4821 terra:
1109 4768 1270 4821 verba
1312 4782 1524 4822 eorum.
1565 4767 1792 4823 Constat
1819 4784 1948 4825 vero
1977 4770 2139 4824 etiam

577 4859 734 4924 illud,
760 4874 922 4929 quam
946 4874 1173 4929 magnus
1203 4874 1334 4929 grex
1375 4873 1471 4927 per
1509 4859 1816 4915 universam
1848 4868 2047 4914 terram
2080 4871 2141 4914 ut

578 4952 937 5009 rationalibus
968 4951 1328 5020 humanisque
1360 4952 1553 5008 ovibus
1586 4953 1689 5021 ipsi
1719 4952 1882 5024 3M
1912 4953 2140 5009 Domino

580 5062 675 5117 per
703 5047 979 5116 apostolos
1000 5059 1130 5102 suos
1156 5044 1419 5099 collectus
1438 5044 1528 5098 sit.
1553 5043 1723 5109 Quem
1759 5061 1890 5100 sane
1923 5061 2138 5117 gregem

579 5138 695 5206 ipse
728 5136 986 5193 Dominus
1016 5153 1111 5208 per
1142 5136 1405 5206 seipsum,
1452 5137 1544 5206 qui
1579 5136 1702 5205 ejus
1748 5144 1934 5205 pastor
1973 5137 2138 5192 simul

578 5237 633 5284 et
659 5227 911 5284 Dominus
935 5236 1039 5293 est,
1057 5230 1277 5285 visurus
1298 5237 1664 5299 pasturusque
1692 5230 1746 5284 in
1780 5231 1974 5285 robore
2002 5232 2140 5286 dici-

578 5328 689 5382 tur,
714 5319 847 5373 adeo
865 5321 1103 5391 quidem,
1128 5330 1186 5376 ut
1205 5322 1259 5377 in
1282 5338 1442 5376 manu
1464 5321 1591 5377 forti
1610 5330 1663 5378 et
1683 5322 1907 5378 brachio
1922 5324 2139 5379 excelso

579 5410 869 5466 aDomino
897 5420 951 5466 et
993 5421 1210 5480 pastore
1259 5423 1596 5470 conservatae
1643 5430 1774 5471 oves
1822 5417 1957 5470 nihil
2011 5418 2137 5471 mali

579 5500 857 5571 patiantur
888 5501 956 5591 alt
992 5501 1379 5563 insidiantibus
1408 5506 1619 5577 asperis
1647 5515 1701 5563 et
1726 5507 2028 5563 immitibus
2060 5507 2138 5563 fe-

578 5592 677 5648 ris.
705 5589 773 5645 Et
792 5606 855 5645 ea
883 5589 1097 5662 quidem
1123 5609 1242 5664 qute
1267 5597 1333 5651 ad
1359 5606 1534 5653 ortum
1559 5598 1612 5652 in
1634 5596 1964 5664 Bethlehem,
1987 5615 2136 5669 (pue-

650 5777 699 5809 "
737 5774 925 5831 Matth.
961 5792 1019 5843 ll,
1058 5777 1193 5832 ΗΞ.

2242 4584 2341 4655 τὴν
2369 4583 2473 4653 γῆν
2497 4583 2715 4654 ἐξῆλθεν
2738 4586 2766 4638 ὁ
2789 4583 3021 4655 φθόγγος
3047 4585 3245 4647 αὐτῶν,
3278 4584 3371 4638 καὶ
3394 4586 3474 4647 είς
3496 4582 3565 4638 τά
3602 4583 3814 4655 πέρατα

2242 4676 2340 4746 τῆς
2365 4676 2688 4746 οἰκουμένης
2713 4674 2783 4728 τὰ
2832 4677 3031 4747 ῥήματ’
3072 4675 3269 4731 αὐτῶν.
3310 4675 3581 4746 Πρόδηλον
3612 4677 3670 4728 δὲ
3717 4678 3814 4731 καὶ

2242 4767 2421 4819 ὁποῖον
2440 4766 2581 4836 μέγα
2596 4765 2845 4837 ποίμνιον
2864 4767 2984 4820 καθ’
3003 4765 3129 4836 ὅλης
3143 4766 3243 4837 τῆς
3261 4766 3366 4837 γῆς
3381 4768 3446 4819 ἐκ
3469 4765 3702 4835 λογικῶν
3719 4768 3814 4820 καὶ

2242 4856 2592 4928 ἀνθρωπείων
2614 4857 2897 4927 προϐάτων
2916 4857 2992 4929 τῷ
3024 4858 3212 4931 Κυρίῳ
3237 4858 3324 4911 διὰ
3362 4857 3469 4910 τῶν
3497 4859 3811 4912 ἀποστόλων

2243 4950 2405 5003 αὐτοῦ
2426 4950 2669 5021 συνέστη
2686 4952 2714 5004 ὃ
2729 4952 2823 5004 καὶ
2837 4952 3000 5015 αὐτὸς
3017 4953 3045 5004 ὁ
3061 4951 3263 5024 Κύριος
3276 4951 3341 5004 δι’
3354 4950 3582 5015 ἐαυτοῦ,
3608 4950 3812 5021 ποιμὴν

2238 5041 2375 5114 όμοῦ
2398 5043 2490 5097 καὶ
2506 5043 2706 5114 Κύριος
2720 5042 2795 5097 ὢν
2805 5044 2902 5115 τῆς
2917 5044 3169 5115 ποίμνης,
3184 5042 3480 5113 ἐπόψεσθαι
3493 5044 3587 5095 καὶ
3619 5055 3816 5111 ποιμα-

2239 5138 2350 5190 νείν
2362 5138 2418 5191 ἐν
2440 5136 2582 5207 ἰσχύϊ
2596 5136 2829 5205 λέγεται,
2847 5136 2985 5189 ὥστε
3003 5137 3059 5187 ἐν
3074 5137 3216 5206 χειρὶ
3230 5136 3465 5206 κραταιᾷ
3485 5134 3579 5187 καὶ
3599 5136 3660 5187 ἐν
3686 5133 3816 5204 βρα-

2239 5234 2374 5304 χίονι
2386 5231 2575 5303 ὑψηλῴ
2588 5231 2722 5302 πρὸς
2733 5230 2826 5283 τοῦ
2840 5229 3096 5283 δεσπότου
3111 5227 3205 5281 καὶ
3221 5227 3473 5297 ποιμένος
3485 5226 3809 5298 φυλαττόμει

2238 5341 2305 5377 να
2348 5323 2420 5377 τὰ
2442 5321 2685 5392 πρόϐατα
2710 5320 2872 5391 μηδέν
2893 5337 2947 5371 τι
2976 5318 3167 5372 παθεῖν
3190 5319 3358 5373 δεινὸν
3385 5319 3522 5390 πρὸς
3546 5318 3654 5372 τῶν
3684 5318 3813 5387 ἐφε-

2238 5414 2534 5486 δρευόντων
2562 5413 2742 5476 αὐτοῖς
2757 5411 2960 5483 ἀγρίων
2986 5412 3081 5463 καὶ
3104 5410 3328 5481 ἀπηνῶν
3359 5410 3582 5482 θηρίων.
3613 5412 3721 5464 Kal.
3739 5407 3813 5463 τὰ

2244 5506 2341 5576 μὲν
2373 5506 2500 5575 περὶ
2525 5506 2623 5575 τῆς
2643 5506 2699 5558 ἐν
2737 5503 2934 5575 Βηθλεέ
2942 5522 3000 5574 μ,
3020 5504 3114 5558 καὶ
3128 5506 3225 5576 τῆς
3235 5503 3341 5557 ἀπὸ
3363 5504 3566 5575 ταύτης
3580 5503 3808 5575 προόδου

2240 5598 2332 5651 τοῦ
2359 5596 2861 5671 προκηρύττομένου
2877 5596 3031 5659 Θεοῦ,
3050 5597 3232 5651 τοῦτον
3249 5598 3357 5668 ἔχει
3375 5598 3463 5651 τὸν
3477 5597 3696 5668 τρόπον’
3710 5594 3813 5670 τὴν
