4080 6416
403 392 504 450 551

1322 382 1973 443 DEMONSTRATIONIS
1997 381 2451 438 EVANGELICIE
2481 381 2615 436 LIB.
2650 381 2760 439 VII.

3532 382 3636 437 542

394 508 455 564 δὲ
488 507 548 572 ἐξ
579 505 826 581 οὐρανῶν
854 507 931 571 εἰς
979 504 1295 578 ἀνθρώπους
1342 502 1636 576 ἐπιδημίαν
1669 500 1831 555 αὑτοῦ
1878 500 1952 554 τοί

2076 513 2183 569 que
2216 497 2282 552 ad
2309 511 2662 568 progressum
2685 511 2751 551 ex
2772 510 2840 551 eo
2869 493 3164 564 pertinent,
3195 492 3316 562 ejus
3350 492 3444 549 Dei
3474 511 3635 564 quem

394 600 602 672 Κυρίου
638 601 732 653 καί
770 597 1023 669 ποιμένος
1052 598 1151 669 ἤδη
1177 597 1270 651 καὶ
1303 596 1564 668 πρότερον
1595 594 1654 659 ἐξ
1682 593 1843 647 αὐτοῦ
1867 590 1963 645 τοῦ

395 692 535 763 μετά
562 695 747 764 χεῖρας
774 694 1050 763 προφήτου
1080 688 1481 761 παρατέθειμαι
1509 727 1523 749 ,
1554 687 1617 739 δι’
1647 680 1722 738 ὧν
1746 685 1925 753 ἔλεγεν
1945 701 1959 715 -

397 806 415 835 ο
458 784 772 847 Ἀκούσατε,
810 784 925 837 λαοὶ
963 783 1181 846 πάντες,
1208 783 1301 836 καὶ
1335 778 1648 851 προσεχέτω
1684 780 1715 849 ή
1743 779 1835 849 γῆ,
1870 779 1964 832 καὶ

390 877 593 940 πάντες
625 877 675 929 οί
702 878 758 928 ἐν
790 876 949 945 αὐτῇ,
987 876 1077 928 καὶ
1113 874 1264 927 ἔσται
1304 873 1505 942 Κύριος
1538 871 1666 941 ύμῖν
1707 872 1785 933 είς
1825 888 1966 941 μαρ-

382 968 609 1040 τύριον,
659 968 863 1039 Κύριος
907 966 965 1033 ἐξ
1010 965 1156 1019 οἴκου
1210 964 1365 1033 ἁγίου
1420 964 1614 1016 αὐτοῦ·
1670 962 1801 1015 διότι
1854 962 1961 1015 ἰδοῦ

384 1059 596 1131 Κύριος
651 1059 851 1130 Κύριος
899 1056 1252 1129 ἐκπορεύεται
1297 1059 1361 1109 ἐκ
1412 1054 1503 1109 τοῦ
1558 1055 1725 1108 τόπου
1771 1056 1960 1118 αὐτοῦ,

381 1152 480 1204 καὶ
504 1150 893 1221 καταϐήσεται,
922 1170 939 1200 ι
965 1150 1059 1202 καὶ
1078 1148 1145 1201 τὰ
1174 1147 1317 1217 ἑξῆς
1339 1142 1419 1211 οἷς
1441 1146 1703 1214 ἐπιλέγων
1728 1146 1959 1216 ἔφασκε·

383 1258 400 1289 ι
438 1239 792 1293 Δι’ἀσέϐειαν
826 1236 1019 1292 Ἰακὼϐ
1052 1238 1227 1290 πάντα
1259 1235 1450 1296 ταῦτα,
1484 1238 1579 1289 καὶ
1603 1236 1669 1288 δι’
1692 1237 1963 1308 ἁμαρτίαν

384 1335 540 1387 οἴκου
584 1333 821 1405 Ἰσραήλ·
865 1352 882 1382 ι
935 1332 1112 1400 Σαφές
1159 1330 1214 1383 δὲ
1262 1330 1360 1383 καὶ
1400 1329 1507 1381 ἀπὺ
1538 1329 1645 1382 τῶν
1699 1329 1824 1400 ἑξῆς
1866 1329 1961 1383 τοῦ

386 1424 554 1481 αὐτοῦ
583 1425 885 1495 προφήτου,
926 1425 1005 1477 ὅτι
1030 1424 1103 1495 μὴ
1138 1423 1294 1494 μόνον
1336 1423 1423 1476 διὰ
1456 1421 1551 1484 τὰς
1586 1422 1837 1485 ἀσεϐείας
1868 1424 1961 1477 τοῦ

397 1515 667 1568 Ἰουδαίων
692 1513 875 1576 ἔθνους
898 1514 996 1583 τήν
1036 1512 1093 1578 ἐξ
1127 1511 1368 1583 οὐρανῶν
1410 1512 1439 1563 ὁ
1472 1510 1672 1580 Κύριος
1701 1510 1963 1579 πεποίητο

386 1606 634 1669 κάθοδον,
663 1603 799 1657 ἀλλά
821 1606 913 1657 καὶ
936 1603 1022 1656 διὰ
1056 1605 1155 1675 τὴν
1191 1602 1461 1672 σωτηρίαν
1500 1602 1591 1655 καὶ
1629 1601 1823 1670 κλῆσιν
1854 1601 1961 1653 τῶν

386 1698 560 1753 ἐθνῶν
605 1698 876 1751 ἁπάντων.
913 1695 1180 1763 Ἐπιλέγει
1210 1693 1251 1745 δ’
1283 1689 1374 1745 οῦν
1422 1692 1581 1762 ἐξῆςο
1629 1711 1648 1742 ι
1676 1693 1783 1745 Καὶ
1811 1692 1959 1745 ἔσται

385 1793 475 1844 ἐπ’
511 1790 752 1861 ἐσχάτων
784 1789 891 1841 τεῖιν
926 1786 1145 1857 ήμερῶν
1180 1785 1420 1853 ἐμφανὲς
1458 1784 1520 1837 τὸ
1560 1784 1682 1854 ὅρος
1732 1782 1957 1855 Κυρίου,

385 1884 485 1937 καὶ
509 1880 829 1934 σπεύσουσιν
852 1878 935 1931 ἐπ’
965 1878 1094 1930 αὐτὸ
1125 1876 1243 1929 λαοὶ
1269 1875 1470 1937 πολλοὶ,
1495 1877 1586 1927 καὶ
1611 1873 1963 1944 πορεύσονται

384 1975 513 2045 ἔθνη
550 1971 756 2034 πολλὰ,
793 1973 886 2025 καὶ
937 1970 1155 2041 ἐροῦσι·
1213 1968 1395 2031 Δεῦτε,
1446 1966 1728 2036 ἀναδῶμεν
1777 1967 1857 2028 είς
1904 1966 1964 2018 τὸ

382 2066 511 2136 ὅρος
540 2064 765 2134 Κυρίου.
802 2082 819 2113 ι
857 2062 945 2115 Διὸ
980 2064 1072 2114 καὶ
1103 2060 1238 2131 μετά
1278 2059 1450 2112 ταῦτα
1481 2059 1572 2111 τὸν
1621 2058 1726 2128 πρὸ
1756 2055 1963 2110 αἰώνων

382 2157 495 2211 ἀπὸ
529 2157 629 2227 τῆς
665 2155 911 2225 Βηθλεὲμ
940 2152 1314 2220 ἐξελεύσεσθαι
1346 2150 1694 2222 ἀνακηρύξας
1719 2190 1730 2211 ,
1781 2150 1962 2202 οὐκέτι

379 2244 479 2297 τοῦ
516 2243 733 2315 Ἰσραὴλ
768 2243 948 2313 μόνου,
985 2241 1118 2295 ἀλλὰ
1155 2241 1368 2312 ἀθρόως
1414 2240 1629 2293 πάντων
1663 2237 1962 2309 ἀνθρώπων

378 2330 490 2393 ἓως
514 2330 737 2384 καὶτῶν
767 2331 949 2403 ἄκρων
976 2331 1072 2401 τῆς
1099 2331 1204 2399 γῆς
1232 2329 1416 2401 ἄρξειν
1437 2330 1596 2382 αὐτόν
1621 2344 1751 2398 φησι
1773 2345 1787 2357 ·
1815 2328 1959 2395 λέγει

378 2420 427 2472 δ’
460 2416 554 2474 οῦν
577 2437 591 2450 ⁸
629 2439 647 2470 ι
680 2423 787 2474 Καὶ
817 2424 1091 2491 στήσεται,
1123 2423 1215 2474 καὶ
1249 2421 1456 2489 ὄψεται,
1483 2422 1576 2473 καὶ
1613 2421 1865 2489 ποιμανεῖ
1901 2419 1964 2471 τὸ

379 2512 637 2583 ποίμνιον
660 2511 827 2564 αὑτοῦ
856 2514 912 2563 ἐν
956 2512 1098 2581 ἰσχύϊ
1139 2510 1362 2582 Κύριος,
1398 2511 1490 2563 καὶ
1518 2513 1576 2562 ἐν
1600 2513 1665 2581 τῇ
1710 2508 1835 2582 δόξῃ
1866 2509 1960 2563 τοῦ

378 2604 647 2674 ὀνόματος
694 2604 898 2674 Κυρίου
951 2602 1084 2655 Θεοῦ
1138 2602 1315 2654 αὐτῶν
1344 2602 1671 2673 ὑπάρξουσι⁸
1704 2602 1834 2655 διότι
1866 2601 1962 2653 νῦν

382 2690 882 2762 μεγαλυνθήσονται
938 2692 1041 2754 ἓως
1089 2690 1274 2761 ἄκρων
1325 2692 1423 2761 τῆς
1467 2693 1571 2762 γῆς
1598 2732 1612 2755 ,
1676 2694 1769 2745 ναὶ
1811 2692 1960 2747 ἔσται

379 2784 523 2856 αῦτη
547 2784 760 2855 εἰρήνη.
798 2803 815 2834 ι
848 2782 963 2835 Τίνι
988 2783 1044 2835 δὲ
1076 2778 1228 2835 ἔσται
1273 2783 1410 2855 αὕτη
1449 2785 1639 2855 εἰρήνη
1679 2784 1792 2836 ἀλλ’
1827 2786 1860 2854 ἢ
1891 2788 1957 2855 τῇ

380 2879 475 2946 γῇ,
500 2870 606 2947 ἐνῇ
629 2874 1123 2945 μεγαλυνθήσονται
1147 2875 1216 2927 τὰ
1237 2876 1460 2945 ποίμνια
1477 2875 1569 2927 τοῦ
1590 2876 1793 2946 Κυρίου
1814 2892 1827 2939 ;
1853 2878 1961 2929 Καὶ

378 2965 540 3018 τοῦτο
566 2966 644 3029 δὲ,
679 2965 861 3017 ὁποίου
889 2966 1073 3028 τέλους
1102 2966 1255 3036 ἔτυχε
1287 2970 1429 3036 μετὰ
1466 2965 1543 3037 (1)
1583 2966 1676 3019 τοῦ
1711 2967 1959 3038 Σωτῆρος

380 3058 540 3129 ἡμῶν
566 3056 741 3127 Ἰησοῦ
769 3057 1007 3131 Χριστοῦ
1033 3060 1357 3130 παρουσίαν,
1389 3059 1550 3112 παντί
1573 3078 1650 3130 τῳ
1673 3059 1957 3130 πρόδηλον⁸

378 3150 585 3221 πολλῆς
618 3149 726 3222 γὰρ
753 3149 919 3221 ούσης
965 3152 1073 3221 πρὸ
1096 3152 1285 3204 τούτου
1335 3152 1682 3222 πολυαρχίας,
1726 3153 1818 3205 καὶ
1848 3149 1955 3205 τῶν

380 3243 552 3297 ἐθνῶν
586 3243 841 3297 ἁπάντων
862 3245 1305 3315 τυραννουμένων
1330 3246 1362 3315 ἢ
1391 3245 1911 3317 δημοκρατουμένων
1934 3284 1951 3308 ,

374 3335 455 3398 ὡς
535 3334 804 3405 μηδεμίαν
879 3336 1021 3406 πρὸς
1102 3335 1362 3405 ἀλλήλους
1443 3337 1728 3407 ἐπιμιξίαν
1825 3340 1952 3401 τοὺς

377 3424 702 3495 ἀνθρώπους
758 3424 941 3495 ἔχειν,
1000 3424 1143 3487 ἰδίως
1188 3424 1276 3488 δὲ,
1341 3426 1472 3496 φέρε
1514 3428 1723 3489 εἰπεῖν,
1788 3427 1953 3494 Λίγυ-

376 3517 552 3571 πτίων
618 3517 725 3571 ὑπὸ
796 3518 980 3588 οἰκείῳ
1045 3517 1266 3588 ἄρχοντι
1324 3517 1787 3588 βασιλευομένων,
1858 3519 1952 3571 καὶ

388 3606 637 3678 Ἀράϐων
692 3606 971 3669 ὡσαύτως,
1036 3608 1128 3660 καὶ
1192 3608 1524 3677 Ἰδουμαίων,
1583 3609 1841 3661 Φοινίκων
1891 3627 1948 3661 τε

375 3697 473 3750 καὶ
503 3698 713 3768 Σύρων,
747 3698 841 3751 καὶ
870 3696 978 3750 τῶν
1008 3697 1180 3751 ἄλλων
1214 3698 1402 3762 ἐθνῶν,
1427 3699 1866 3769 ἐπανισταμένων
1889 3718 1947 3752 τε

375 3789 549 3844 ἐθνῶν
581 3788 780 3851 ἔθνεσι,
803 3791 899 3841 καὶ
930 3788 1136 3842 πόλεων
1166 3774 1371 3851 πόλεσι,
1406 3789 1726 3861 πολιορκιῶν
1756 3808 1815 3843 τε
1850 3809 1949 3861 μυ-

376 3882 512 3952 ρίων
543 3882 636 3934 καὶ
668 3881 1054 3951 αἰχμαλωσιῶν
1087 3880 1225 3934 κατὰ
1255 3882 1431 3935 πάντα
1462 3882 1624 3935 τόπον
1645 3900 1703 3935 τε
1730 3883 1823 3936 καὶ
1842 3882 1947 3953 χώ-

376 3990 478 4045 ραν
512 3972 961 4043 ἐπιτελουμένων,
997 3974 1182 4045 ἐπειδὴ
1220 3976 1401 4045 παρῆν
1433 3976 1462 4026 ὀ
1497 3975 1683 4047 ωτήρ
1712 3976 1805 4028 καὶ
1832 3975 1944 4029 Κύ-

375 4080 513 4136 ριος,
549 4064 683 4134 ὁμοῦ
712 4067 779 4134 τῇ
815 4066 894 4126 είς
927 4063 1242 4136 ἀνθρώπους
1269 4065 1433 4119 αὑτοῦ
1465 4066 1698 4137 παρόδῳ,
1730 4065 1943 4138 πρώτου

368 4171 434 4207 τε
475 4155 759 4225 Ῥωμαίων
788 4156 1098 4222 Αὐγούστου
1128 4156 1235 4210 τῶν
1262 4156 1430 4209 ἐθνῶν
1459 4158 1941 4228 ἐπικρατήσαντος,

369 4246 561 4300 λέλυτο
595 4248 691 4318 μὲν
721 4250 755 4318 ή
789 4247 1014 4318 πλείστη
1046 4247 1369 4320 πολυαρχία,
1407 4249 1594 4319 εἰρήνη
1634 4248 1690 4301 δὲ
1723 4248 1941 4319 διελάμ-

370 4337 500 4390 ϐανε
543 4336 643 4409 τὴν
674 4338 963 4409 σύμπασαν
993 4340 1116 4410 γῆν,
1153 4343 1216 4410 τῇ
1255 4339 1390 4410 μετά
1422 4343 1609 4412 χεῖρας
1639 4339 1943 4403 ἀκολούθως

367 4430 698 4499 προρρήσει,
719 4429 1013 4501 διαρρήδην
1040 4432 1259 4503 mederi
1287 4432 1412 4502 περὶ
1440 4430 1547 4483 τῶν
1579 4431 1672 4484 τοῦ
1704 4432 1939 4503 Χριστοῦ

371 4519 650 4590 μαθητῶν·
688 4539 706 4571 ι
735 4521 877 4574 Διότι
900 4521 994 4574 νῦν
1018 4520 1507 4593 μεγαλυνθήσονται
1532 4523 1635 4586 ἕως
1654 4523 1821 4595 ἄκρου
1844 4524 1940 4594 τῆς

365 4611 496 4681 γῆς·
535 4613 630 4665 καὶ
657 4611 808 4666 ἔσται
832 4612 972 4682 αῦτη
998 4614 1205 4684 εἰρήνη·
1237 4632 1257 4664 ι
1297 4608 1341 4682 ᾧ
1375 4614 1583 4685 συνᾴδει
1612 4614 1672 4667 τὸ
1704 4617 1759 4667 ἐν
1790 4615 1942 4668 Ψαλ-

370 4707 493 4775 μοῖς
516 4703 724 4771 φάσκον
758 4708 886 4777 περὶ
914 4705 1008 4759 τοῦ
1040 4705 1276 4777 Χριστοῦ
1298 4705 1493 4774 λόγιονο
1526 4726 1544 4758 ι
1591 4707 1854 4761 Ἀνατελεῖ
1883 4712 1942 4763 ἐν

362 4800 489 4860 ταῖς
516 4798 752 4869 ἡμέραις
772 4797 934 4851 αὐτοῦ
954 4796 1287 4868 δικαιοσύνη,
1312 4799 1405 4851 καὶ
1424 4797 1624 4869 πλῆθος
1645 4801 1881 4872 εἰρήνης.
1916 4820 1936 4852 ›

366 4889 459 4941 Διό
496 4905 586 4959 μοι
619 4888 764 4943 δοκεῖ
791 4890 975 4962 ἄρχων
1006 4891 1227 4962 εἰρήνης
1266 4891 1322 4948 ἐν
1362 4891 1429 4959 τῇ
1475 4889 1583 4961 πρὸ
1611 4890 1809 4963 ταύτης
1837 4909 1944 4945 πα-

367 4980 657 5053 ρατεθείσῃ
687 4982 990 5054 προφητεία
1009 4980 1341 5052 ὠνομάσθαι.
1396 4982 1717 5052 Ἑπίστησόν
1747 5000 1809 5051 γε
1835 4983 1939 5054 μὴν

362 5072 490 5125 τίνα
510 5072 709 5143 τρόπον
730 5073 759 5123 ὁ
788 5072 922 5143 μετὰ
942 5074 1127 5144 χεῖρας
1149 5074 1432 5144 προφήτης
1455 5073 1547 5127 καὶ
1567 5072 1937 5137 ἐξελεύσεσθαι

368 5162 468 5231 μὲν
509 5159 570 5223 ἐξ
606 5161 848 5232 οὐρανῶν
880 5161 971 5213 τὸν
1010 5161 1212 5233 Κύριον
1257 5162 1557 5233 ἀρχόμενος
1604 5162 1822 5233 ἔφησεν,
1874 5164 1935 5215 οὐ

362 5253 632 5323 πρότερον
664 5252 721 5305 δὲ
756 5256 1038 5324 ποιμανεῖν
1069 5255 1195 5317 τοὺς
1227 5254 1566 5326 ἀνθρώπους,
1603 5255 1636 5326 ἢ
1673 5253 1937 5326 γεννηθῆ-

363 5364 453 5400 ναι
479 5346 571 5398 τδν
600 5344 986 5416 θεσπιζόμενον
1016 5348 1075 5399 ἐν
1106 5349 1173 5417 τῇ
1203 5346 1466 5418 Βηθλεέμ·
1501 5347 1648 5410 ὃπως
1680 5345 1738 5399 δὲ
1764 5346 1938 5400 ταῦτα

364 5440 460 5492 ἐπὶ
483 5439 577 5491 τὸν
607 5439 832 5510 Σωτῆρα
865 5438 959 5492 καὶ
982 5439 1183 5511 Κύριον
1220 5439 1377 5510 ἡμῶν
1404 5437 1741 5511 ἐπεραιοῦτο,
1768 5439 1939 5509 ἐμαρ-

362 5527 602 5601 τύρησεν
628 5531 660 5583 ό
691 5528 1111 5601 Εὐαγγελιστὴς,
1155 5531 1221 5584 δι’
1250 5524 1324 5585 ὧν
1364 5530 1728 5603 προεξεθέμην
1771 5530 1935 5584 αὐτοῦ

368 5617 591 5687 φωνῶν,
618 5619 827 5691 Ποιμήν
863 5618 922 5672 δὲ
955 5621 1049 5674 πα)⁵
1081 5619 1379 5690 ἡγούμενος
1409 5622 1437 5674 ὁ
1467 5621 1699 5693 Χριστὸς
1724 5621 1933 5675 ἀναδει-

2068 590 2344 661 prophetae
2375 589 2722 652 nuntiabant,
2759 589 2814 641 in
2844 586 2991 641 hunc
3031 585 3250 640 modum
3304 601 3363 641 se
3409 587 3633 643 habent.

2068 684 2374 738 Adventum
2406 688 2586 736 autem
2618 681 2792 751 ipsius
2818 678 3031 733 Domini
3063 688 3116 732 et
3144 677 3380 747 pastoris
3402 677 3469 732 de
3493 678 3634 733 cmlo

2068 778 2136 832 ad
2185 778 2436 832 homines
2484 772 2809 844 jampridem
2856 787 2922 826 ex
2976 768 3166 825 eodem
3216 768 3497 839 propheta,
3540 769 3633 840 qui

2068 884 2217 923 nunc
2250 870 2305 922 in
2360 867 2614 921 manibus
2662 871 2767 926 est,
2823 862 3105 932 proposui,
3150 860 3241 915 ubi
3287 860 3369 915 sic
3405 861 3632 917 aiebat:

2073 979 2093 1010 ι
2134 960 2348 1023 Audite,
2376 959 2562 1029 populi
2591 972 2802 1017 omnes,
2827 963 2881 1011 et
2902 953 3141 1008 attendat
3168 960 3334 1016 terra,
3369 960 3422 1007 et
3444 967 3634 1009 omnes

2069 1052 2162 1122 qui
2202 1057 2330 1105 sunt
2375 1051 2428 1103 in
2456 1063 2539 1111 ea,
2572 1055 2625 1102 et
2664 1047 2767 1100 erit
2804 1045 3067 1099 Dominus
3099 1043 3255 1097 vobis
3301 1041 3356 1094 in
3382 1043 3631 1096 testimo-

2066 1144 2218 1199 nium
2247 1160 2261 1195 :
2290 1140 2551 1194 Dominus
2579 1155 2643 1195 ex
2672 1140 2838 1194 domo
2860 1143 3051 1192 sancta
3082 1149 3203 1196 sua,
3233 1134 3360 1203 quia
3388 1147 3514 1187 ecce
3537 1130 3651 1187 Do-

2068 1236 2250 1290 minus
2282 1233 2544 1287 Dominus
2590 1229 2898 1300 egredietur
2921 1226 2987 1281 de
3018 1226 3138 1279 loco
3164 1239 3286 1287 suo,
3316 1233 3368 1277 et
3399 1223 3632 1277 descen-

2065 1326 2157 1380 det
2188 1327 2255 1389 ",
2300 1344 2319 1376 ι
2354 1331 2406 1379 et
2455 1331 2691 1387 czetera;
2744 1320 2947 1389 quibus
2985 1316 3233 1386 adjungit
3278 1335 3293 1369 :
3349 1333 3366 1365 ι
3406 1315 3632 1384 Propter

2066 1416 2398 1484 impietatem
2427 1412 2597 1467 Jacob
2626 1410 2809 1466 omnia
2840 1410 2976 1471 haec,
3013 1416 3067 1462 et
3097 1414 3318 1478 propter
3346 1415 3631 1476 peccatum

2066 1508 2261 1561 domus
2290 1506 2456 1561 Israel
2484 1506 2552 1558 ⁷⁷.
2611 1524 2629 1555 ι
2674 1504 2758 1556 Ah
2810 1503 2877 1557 iis
2930 1511 3112 1556 autem
3161 1516 3282 1571 qum
3326 1506 3633 1569 sequuntur

2068 1597 2211 1668 apud
2241 1597 2489 1652 eumdem
2538 1596 2856 1666 prophetam
2886 1596 3049 1649 etiam
3100 1594 3230 1648 illud
3262 1593 3481 1663 planum
3522 1598 3629 1659 est,

2064 1690 2210 1759 quod
2243 1705 2350 1743 non
2380 1691 2556 1744 solum
2590 1697 2809 1758 propter
2838 1689 3147 1757 impietates
3183 1684 3421 1740 Iudaica:
3449 1685 3629 1754 gentis

2069 1778 2330 1833 Dominus
2356 1780 2422 1832 de
2448 1780 2590 1833 coelo
2624 1779 2929 1838 descendit.
2966 1777 3063 1832 sed
3089 1778 3250 1831 etiam
3283 1784 3504 1846 propter
3539 1789 3629 1830 sa-

1999 1866 2036 1918 Β
2064 1871 2228 1924 Ιιιιῑοιιι
2261 1880 2310 1923 et
2336 1872 2677 1924 vocationem
2707 1870 2948 1941 gentium
2979 1877 3323 1924 cunctarum.
3369 1868 3629 1939 Adjungit

2063 1962 2232 2030 igitur
2257 1960 2515 2030 deinceps
2550 1979 2563 2014 :
2602 1979 2619 2011 ι
2654 1961 2719 2014 Et
2740 1961 2844 2015 erit
2870 1961 2924 2014 in
2952 1960 3268 2014 novissimis
3304 1958 3498 2013 diebus
3518 1972 3628 2012 ma-

2065 2053 2299 2107 nifestus
2329 2068 2484 2106 mons
2513 2051 2746 2115 Domini,
2772 2060 2826 2106 et
2857 2052 3191 2106 festinabunt
3221 2051 3287 2105 ad
3312 2051 3489 2120 ipsum
3525 2066 3625 2119 po-

2064 2144 2174 2211 puli
2207 2143 2384 2202 multi.
2414 2151 2470 2198 et.
2514 2143 2669 2197 ibunt
2710 2150 2897 2213 gentes
2941 2144 3143 2204 multa},
3176 2153 3227 2197 et
3259 2143 3441 2198 «licent
3479 2162 3491 2195 :
3524 2141 3627 2197 Vc-

2064 2236 2195 2297 nite,
2247 2236 2609 2291 asccndamus
2668 2237 2723 2289 in
2769 2245 3010 2289 montem
3042 2234 3256 2289 Domini
3286 2236 3354 2290 ⁷⁸.
3395 2255 3411 2286 ι
3447 2234 3627 2301 Quare

2062 2328 2288 2399 posthac
2320 2328 2411 2382 ubi
2436 2343 2558 2382 eum
2588 2328 2684 2398 qui
2725 2336 2809 2381 est
2832 2336 2955 2382 ante
2986 2327 3184 2380 sarcula
3217 2328 3283 2381 de
3314 2326 3624 2380 Bethleliem

2062 2433 2406 2489 egressurum
2436 2417 2728 2479 nuntiavit,
2772 2432 2881 2470 non
2914 2417 3013 2470 soli
3045 2414 3211 2470 Israel
3244 2416 3498 2484 amplius,
3529 2415 3624 2468 sed

2062 2510 2347 2563 confertim
2378 2510 2630 2563 omnibus
2674 2508 2928 2577 gentibus
2958 2522 3129 2574 usque
3151 2506 3215 2559 ad
3241 2514 3483 2560 extrema
3516 2513 3625 2559 ter-

2062 2614 2137 2653 rae
2187 2600 2337 2652 illum
2368 2600 2759 2668 imperaturum
2792 2597 3040 2650 aﬂirntat.
3078 2598 3214 2651 Dicit
3246 2597 3409 2665 igitur
3447 2614 3459 2649 :
3501 2613 3521 2645 ι
3560 2595 3624 2647 Et

2062 2693 2248 2749 stabit.
2281 2701 2337 2747 et
2365 2692 2588 2755 videbit,
2611 2698 2664 2745 et
2688 2698 2876 2760 pascet
2905 2706 3120 2759 gregem
3144 2706 3300 2743 suum
3326 2691 3379 2742 in
3409 2689 3623 2743 lortitu—

2060 2786 2189 2841 dine
2224 2784 2507 2850 Dominus,
2534 2784 2666 2838 etin
2699 2782 2871 2852 gloria
2895 2782 3133 2837 nominis
3163 2780 3376 2837 Domini
3414 2781 3507 2835 Dei
3542 2781 3622 2852 ip—

2060 2893 2246 2933 sorum
2290 2877 2573 2932 exsistent.
2624 2875 2893 2941 Quoniam
2940 2888 3087 2927 nunc
3133 2872 3622 2943 magniﬁcabuntur

2061 2985 2235 3039 usque
2268 2969 2334 3023 ad
2358 2978 2599 3022 extrema
2626 2977 2784 3021 terra:
2819 2986 2836 3021 :
2866 2974 2919 3022 et
2948 2968 3051 3021 erit
3078 2966 3193 3020 hinc
3222 2982 3325 3037 pax
3352 2966 3417 3021 ⁷⁸.
3466 2986 3483 3018 ι
3520 2965 3622 3021 Cui

2059 3075 2225 3131 porro
2256 3060 2360 3115 erit
2389 3059 2501 3113 haec
2534 3074 2661 3127 pax,
2692 3058 2799 3112 nisi
2829 3066 2986 3113 terra:
3040 3059 3095 3112 in
3154 3074 3260 3128 qua
3307 3056 3619 3129 magniﬁca-1

2059 3154 2263 3208 buntur
2294 3167 2485 3223 greges
2520 3149 2770 3204 Domini?
2824 3150 2883 3204 Id
2932 3150 3107 3221 ipsum
3140 3157 3340 3211 autem,
3372 3165 3530 3219 quem
3559 3150 3618 3203 li-

2059 3263 2181 3301 nem
2213 3247 2463 3302 sortitum
2494 3246 2564 3300 sit
2595 3253 2718 3315 post
2753 3242 3053 3299 Salvatoris
3082 3245 3252 3299 nostri
3284 3242 3411 3299 Jesu
3462 3243 3622 3297 Chri-

2058 3340 2127 3395 sti
2156 3339 2470 3401 adventum,
2508 3338 2711 3391 nemini
2760 3337 3053 3392 obscurum
3082 3353 3203 3393 esse
3236 3343 3412 3407 potest
3443 3355 3455 3389 :
3491 3350 3619 3389 nam

2056 3447 2179 3486 cum
2209 3442 2334 3486 ante
2362 3431 2506 3484 hunc
2535 3430 2848 3493 adventum,
2885 3429 3188 3500 principum
3234 3438 3379 3484 esset
3430 3429 3614 3482 multi-

2055 3523 2209 3585 tudo,
2244 3532 2298 3577 et
2321 3523 2583 3576 universae
2610 3528 2795 3590 gentes
2869 3530 2963 3574 aut
2990 3521 3093 3575 sub
3133 3521 3401 3591 tyrannis,
3436 3531 3531 3573 aut
3562 3521 3616 3573 in

2056 3623 2196 3669 statu
2229 3612 2474 3683 populari
2506 3617 2687 3665 essent
2716 3610 3041 3673 constitutae,
3074 3617 3132 3663 ut
3162 3610 3368 3664 nullum
3397 3610 3539 3664 inter
3560 3624 3619 3664 se

2054 3704 2435 3760 commercium
2461 3702 2707 3755 homines
2728 3702 3010 3766 baberent,
3027 3702 3119 3756 sed
3140 3702 3423 3771 privatim:
3440 3718 3617 3757 exemr

2055 3792 2126 3863 pli
2154 3793 2349 3863 gratia,
2375 3791 2515 3860 apud
2544 3787 2833 3859 Egyptios
2872 3806 3005 3846 suus
3046 3792 3299 3861 princeps
3343 3800 3615 3861 regnaret,

2054 3885 2193 3954 apud
2223 3884 2429 3938 Arabas
2459 3885 2586 3939 item
2617 3902 2773 3949 suus,
2802 3884 2943 3954 apud
2973 3883 3260 3949 lduntazos,
3303 3882 3613 3946 Phoenicas,

2050 3974 2210 4046 345
2258 3973 2425 4045 Syros
2471 3976 2713 4045 aliasque
2746 3977 2872 4030 item
2925 3984 3398 4045 gentes;cumque
3427 3986 3615 4046 gentes

2050 4068 2307 4122 adversus
2323 4075 2585 4137 gentes,et
2596 4068 2843 4121 civitates
2857 4067 3116 4123 adversus
3132 4068 3377 4122 civitates
3390 4082 3615 4122 consuro

2047 4158 2671 4227 gerent,obsidionesque
2688 4158 3102 4213 innumerabiles
3115 4165 3168 4212 et
3182 4159 3611 4228 captivitatesper

2048 4263 2259 4303 omnem
2280 4250 2453 4302 locum
2475 4264 2536 4302 ac
2552 4249 2821 4319 regionem
2843 4248 3168 4308 ﬁerent.tum
3184 4264 3310 4302 vero
3327 4248 3417 4304 ubi
3434 4248 3614 4305 Salva-

2046 4346 2133 4393 tor
2161 4349 2344 4394 noster
2364 4355 2426 4394 ac
2451 4338 2707 4395 Dominus
2739 4340 2932 4403 adfuit,
2965 4354 3069 4393 una
3093 4357 3214 4394 cum
3240 4341 3384 4396 illius
3412 4340 3479 4395 ad
3513 4342 3614 4395 bo«

2046 4432 2224 4486 mines
2256 4431 2514 4495 adventu,
2546 4431 2660 4501 jam
2713 4439 2828 4484 tum
2878 4431 3053 4501 primo
3093 4430 3458 4485 Romanorum
3501 4432 3614 4487 Au-

2048 4532 2206 4592 gusto
2238 4523 2517 4592 imperium
2563 4523 2619 4576 in
2650 4523 2801 4577 orbis
2846 4524 3096 4579 nationes
3134 4524 3431 4588 obtinente,
3463 4525 3613 4580 solu-

2046 4620 2135 4666 tus
2164 4611 2311 4666 illico
2341 4620 2423 4667 est
2454 4612 2542 4667 ille
2590 4613 2866 4682 multiplex
2892 4613 3246 4684 principatus.
3278 4623 3330 4668 et
3355 4629 3459 4683 pax
3489 4614 3613 4668 uni-

2046 4720 2257 4760 versam
2310 4712 2509 4759 terram
2565 4706 2794 4775 accepit,
2846 4706 2896 4761 ei
2954 4707 3252 4777 pr0phetia‘
3304 4723 3425 4776 qua:
3464 4722 3611 4762 nunc

2046 4800 2311 4849 tractatur
2333 4795 2693 4858 concordans,
2729 4797 3067 4865 apertissime
3105 4796 3171 4851 de
3207 4796 3411 4850 Christi
3441 4796 3611 4852 disci-

2044 4886 2185 4957 pulis
2219 4886 2453 4940 dicenti:
2492 4905 2510 4937 ι
2535 4886 2800 4951 Quoniam
2824 4902 2968 4942 nunc
2995 4888 3483 4958 magniﬁcabuntur
3520 4904 3610 4943 us-

2043 4993 2149 5048 que
2189 4977 2255 5031 ad
2286 4985 2587 5032 extremum
2632 4985 2822 5033 terrae:
2867 4990 2921 5034 et
2964 4980 3065 5035 erit
3121 4980 3233 5033 haec
3300 4995 3425 5049 pax.
3470 4979 3607 5034 )Cui

2043 5075 2467 5122 consentaneum
2492 5074 2577 5122 est
2592 5070 2734 5138 quod
2764 5069 2817 5123 in
2839 5068 3067 5125 Psalmis
3091 5069 3285 5139 legitur
3300 5071 3365 5124 de
3388 5069 3609 5125 Christo

2043 5160 2345 5225 oraculum,
2376 5159 2591 5216 dicens:
2631 5179 2649 5211 ι
2680 5159 2896 5215 Orietur
2923 5162 2976 5214 in
3013 5161 3200 5217 diebus
3245 5163 3361 5227 ejus
3392 5162 3605 5231 justitia

2040 5260 2097 5308 et
2126 5254 2454 5309 abundantia
2485 5254 2634 5325 pacis
2651 5253 2719 5309 '°.
2747 5273 2764 5303 ι
2808 5253 2884 5307 Ex
2921 5270 3029 5324 quo
3056 5255 3186 5307 mihi
3220 5256 3432 5310 videtur
3455 5258 3605 5325 prin-

2040 5358 2168 5414 ceps
2217 5345 2367 5415 pacis
2398 5344 2450 5396 in
2479 5359 2563 5408 ea,
2615 5359 2734 5414 quae
2779 5343 3023 5413 proxime
3055 5346 3297 5414 exposita
3329 5352 3433 5406 est,
3474 5359 3604 5414 pro-

2044 5436 2223 5507 phetia
2257 5436 2547 5491 nominari.
2581 5436 2962 5492 Animadverte
2996 5444 3198 5501 tamen,
3224 5453 3431 5509 quaeso,
3463 5450 3603 5506 quo-

2042 5543 2166 5581 nam
2208 5535 2367 5595 pacto
2403 5526 2448 5582 is
2486 5526 2554 5582 de
2591 5543 2699 5597 quo
2730 5544 2876 5583 nunc
2914 5530 3125 5599 agimus
3169 5529 3449 5599 propheta,
3492 5526 3601 5579 Do.

2040 5619 2247 5674 minum
2276 5619 2342 5673 de
2363 5620 2501 5674 caelo
2526 5634 2869 5690 egressurum
2900 5621 3058 5676 initio
3080 5622 3176 5687 ait,
3214 5636 3278 5677 ac
3306 5636 3414 5676 non
3445 5620 3599 5693 prius

440 5711 488 5743 "
516 5709 659 5764 Mich
705 5727 747 5773 ι,
777 5710 833 5776 2,
875 5711 929 5766 5.
1004 5712 1049 5743 ⁷⁷
1089 5710 1221 5765 ibid.
1257 5712 1308 5766 5.
1383 5711 1431 5744 "
1460 5711 1624 5766 Miclt.
1654 5729 1728 5777 tv,
1768 5714 1820 5778 1,
1851 5714 1906 5769 2.

2055 5711 2198 5769 llich.
2234 5729 2287 5780 v,
2322 5713 2374 5776 4,
2408 5711 2459 5766 5.
2534 5713 2578 5744 ⁸⁸
2614 5711 2756 5770 Psal.
2785 5730 2932 5780 Lxxt,
2967 5716 3016 5769 7.

442 5804 520 5875 (ι,
542 5800 1029 5875 Typographorum
1063 5804 1275 5862 incuria
1304 5804 1648 5864 intercidisse
1678 5806 1895 5865 videtur
1916 5824 1952 5861 τ

2064 5803 2208 5875 quod
2240 5802 2509 5862 referatur
2540 5804 2608 5860 ad
2635 5807 2953 5880 παρουσίαν.
2983 5806 3143 5863 Ευιτ.
