4080 6416
516 355 622 413 563
1223 352 1496 408 EUSEBH
1536 354 2014 413 CAESARIENSIS
2052 358 2199 414 OPB.
2237 357 2418 413 PARS
2453 359 2515 414 ll.
2551 392 2621 402 —
2656 360 3153 422 APOLOGETICA.
3657 375 3756 431 5.“

512 485 641 541 erga
694 470 944 524 homines
997 467 1234 538 pastoris
1285 466 1461 522 ollicio
1528 468 1867 537 functurum,
1930 485 2044 541 qua)

2147 481 2166 533 ι
2199 471 2494 542 χθήσεσθαι
2523 472 2615 525 τοῦ
2670 475 2887 546 Ἰσραὴλ
2929 477 3163 548 εἴρηται,
3208 480 3451 552 συνήθως
3483 484 3578 553 τῆς
3616 487 3755 560 ἱερᾶς

512 559 772 618 nascetur
804 563 848 616 is
878 560 967 630 qui
995 575 1024 613 a
1058 559 1343 629 prapbetis
1378 560 1615 625 canitur,
1649 562 1703 616 in
1736 562 2044 619 Bethlebem

2206 561 2428 633 Γραφῆς
2455 562 2544 616 τὸν
2578 562 2750 635 ἀληθῆ
2797 565 3011 637 Ἰσραὴλ
3045 568 3185 620 κατὰ
3213 568 3449 623 διάνοιαν
3478 572 3648 628 πάντα
3671 577 3756 634 τὸν

508 654 785 727 quomodo
823 669 951 708 vero
983 653 1097 707 lucc
1135 653 1187 705 in
1234 650 1521 709 Sal‘vatore
1552 669 1616 709 ac
1646 653 1878 709 Domino
1906 664 2039 711 term

2190 653 2516 725 διορατικδν,
2549 655 2642 708 καὶ
2672 655 2881 727 ἀρετῶς
2912 656 3031 728 Θεῷ
3063 657 3280 727 βιοῦντα
3303 662 3751 739 ὲπονομαζούσηςο

510 756 635 802 nata
670 746 802 803 sint.
833 744 1150 801 testimonio
1192 761 1293 799 suo
1337 746 1560 816 planum
1607 747 1734 802 fecit
1758 749 2044 818 evangelisl

2189 745 2266 809 ὡς
2302 744 2533 816 ἔμπαλιν
2573 748 2698 809 τοὺς
2728 748 2793 800 ὲκ
2835 749 3156 820 περιτομῆς,
3190 751 3343 804 ὁπόθ’
3383 754 3750 827 ἀμαρτάνοιεν,

510 840 564 893 in
598 838 664 893 iis
698 838 894 903 verbis,
928 853 1049 907 qme
1071 838 1139 892 ab
1172 838 1263 891 illo
1286 853 1462 906 nuper
1500 838 1776 908 accipiens
1805 855 2039 910 proposn

2187 838 2521 902 Χαναναίους
2550 841 2644 893 καὶ
2674 840 2895 912 σπέρμα
2924 841 3179 912 Χαναὰμ,
3203 844 3295 896 καὶ
3320 845 3420 897 οὐκ
3458 845 3641 912 Ἰούδα,
3670 851 3755 922 ἆρ-

506 927 702 984 Pastor
744 937 923 982 autem
968 929 1154 982 etdux
1186 928 1358 998 ipsius
1414 928 1581 983 Israel
1607 929 1974 987 declarandus
2000 933 2044 987 di

2186 933 2379 1000 χοντάς
2406 948 2467 984 τε
2491 931 2760 1002 Σοδόμων,
2784 932 2878 985 καὶ
2906 930 3034 985 λαὸν
3063 933 3365 1006 Γομόρρας,
3395 936 3644 1009 ἐμφερῶς
3662 941 3752 995 ας)-

504 1022 650 1078 citur
697 1022 969 1084 Christus,
1030 1036 1153 1076 cum
1201 1023 1316 1078 haec
1362 1037 1643 1077 sacrarum
1677 1023 1979 1078 litterarum
2011 1041 2039 1081 s

2184 1021 2294 1074 τῶν
2327 1025 2438 1086 τοῖς
2460 1022 2683 1095 τρόποις
2707 1022 3103 1093 ἀποκαλούσης.
3132 1023 3337 1090 Ἀλλως
3356 1025 3411 1079 δὲ
3436 1028 3572 1099 πρὸς
3593 1027 3749 1097 λέξιν,

504 1111 865 1173 consuetudo,
900 1119 959 1164 ut
1001 1114 1325 1166 sententiam
1369 1112 1754 1181 sequentibus,
1787 1127 1976 1167 verum
2001 1112 2044 1168 ls

2182 1115 2215 1185 ή
2250 1116 2398 1167 πᾶσα
2428 1114 2523 1168 τοῦ
2556 1115 2809 1187 Σωτῆρος
2838 1115 2993 1187 ἡμῶν
3033 1115 3284 1189 διατριϐὴ
3324 1118 3475 1190 παρὰ
3512 1118 3590 1191 τῷ
3629 1121 3752 1175 Ἰου-

504 1206 617 1259 rael
652 1204 934 1258 nominent
968 1219 1184 1256 omnem
1235 1219 1357 1257 eum
1403 1204 1495 1273 qui
1532 1203 1888 1272 contemplari
1922 1203 2044 1258 facil

2178 1204 2340 1258 δαίων
2374 1204 2517 1258 ἔθνει
2548 1206 2759 1275 γέγονε,
2785 1207 2878 1260 καί
2911 1205 3119 1260 πολλῶν
3145 1224 3206 1276 γε
3234 1207 3327 1261 τοῦ
3379 1209 3590 1282 Ἰσραὴλ
3620 1214 3753 1284 ἡγή-

502 1300 698 1367 possit,
731 1306 785 1351 et
816 1307 1024 1367 gratam
1058 1295 1167 1350 Deo
1197 1298 1362 1350 vitam
1397 1304 1688 1366 sequatur:
1725 1296 1868 1350 sicut
1894 1311 1924 1350 e
1945 1310 2044 1350 con

2180 1312 2330 1358 σατο,
2376 1297 2488 1349 ὅσοι
2534 1296 2596 1368 δὴ
2641 1296 2882 1366 ἔγνωσαν
2928 1298 3109 1362 αὑτὸν,
3157 1300 3251 1353 καὶ
3286 1302 3367 1364 είς
3398 1301 3561 1356 αὑτὸν
3595 1320 3749 1356 πεπι-

499 1394 670 1445 trario
693 1389 910 1446 Iudaeos
928 1398 1047 1460 post
1072 1399 1380 1460 peccatum,
1405 1389 1767 1452 Chananazos,
1789 1398 1841 1444 et
1862 1403 2044 1444 semen

2177 1390 2440 1444 στεύκασι
2479 1388 2586 1443 τῶν
2615 1392 2679 1443 ὲκ
2712 1391 3037 1463 περιτομῆς.
3085 1392 3194 1445 Καὶ
3223 1392 3284 1445 τὸ
3321 1393 3418 1464 μὲν
3460 1394 3558 1465 τῆς
3605 1396 3749 1449 ἐκτε-

496 1495 607 1538 non
652 1480 812 1544 Juda,
846 1481 940 1537 sed
968 1481 1251 1549 Chanaan,
1283 1491 1338 1537 et
1380 1482 1656 1553 principes
1709 1480 2044 1536 Sodomorun

2173 1480 2360 1553 θείσης
2390 1482 2746 1553 προρρήσεως
2777 1481 3031 1553 τοιαύτην
3068 1482 3258 1554 εἴληφε
3284 1484 3384 1555 τὴν
3412 1483 3654 1539 ἔκϐασιν·
3684 1487 3748 1541 τὰ

496 1581 552 1629 et
577 1576 835 1646 pepnlum
880 1574 1199 1629 Gomorrlize
1246 1574 1315 1629 ad
1359 1590 1541 1629 mores
1577 1575 1795 1629 illorum
1824 1574 2041 1628 alluden

2171 1574 2227 1628 δὲ
2261 1573 2385 1645 ἑξῆς
2408 1575 2500 1643 ἀφ’
2521 1575 2714 1646 ἑτέρας
2733 1576 3106 1645 ἀναγνωστέον
3125 1575 3319 1648 ἀρχῆς,
3343 1574 3515 1641 οὕτως
3537 1577 3743 1648 ἔχοντα·

497 1676 581 1721 tes
613 1680 811 1721 vocare
841 1666 1014 1720 solitae
1046 1673 1210 1720 sunt:
1246 1666 1449 1736 alioqui
1492 1680 1622 1721 vero
1652 1666 1816 1720 etiam
1852 1666 1918 1719 ad
1944 1681 2041 1719 ver

2175 1680 2194 1712 ι
2244 1661 2525 1733 Ἀσσύριος
2544 1663 2671 1716 ὅταν
2692 1663 2893 1736 ἐπέλθῃ
2924 1664 3016 1717 ἐπὶ
3041 1664 3140 1736 τὴν
3169 1666 3271 1736 γῆν
3303 1665 3477 1736 ὑμῶν,
3508 1669 3603 1720 καί
3626 1669 3746 1722 ὅταν

496 1759 622 1814 bum
654 1759 1158 1829 interpretantibus.
1192 1760 1371 1814 omnis
1400 1758 1704 1815 Salvatoris
1733 1759 1909 1815 nostri
1942 1759 2044 1813 vita

2170 1753 2332 1826 ἐπιϐῇ
2368 1755 2459 1807 ἐπὶ
2497 1755 2594 1826 τὴν
2626 1755 2809 1827 χώραν
2843 1757 3017 1827 ὑμῶν,
3051 1758 3145 1810 καὶ
3170 1759 3632 1831 ὲπεγερθήσονται
3662 1763 3745 1814 ἐπ’

494 1854 837 1907 consuetudo
870 1852 1013 1922 apud
1043 1850 1325 1907 Judaicam
1371 1860 1585 1923 gentem
1631 1853 1751 1915 fuit,
1783 1860 1836 1908 et
1866 1853 2044 1907 multo

2167 1845 2325 1899 αὑτὸν
2349 1845 2490 1900 ἑπτὰ
2515 1847 2789 1918 ποιμένες,
2814 1849 2907 1901 καὶ
2928 1848 3072 1901 ὀκτὼ
3092 1849 3343 1921 δήγματα
3365 1849 3460 1904 ἀνθ
3468 1851 3689 1923 ρώπων,
3722 1873 3739 1904 ι

452 1928 612 1997 ’νιιηι
670 1961 736 1998 ex
772 1943 935 1999 Israel
966 1944 1076 1999 dux
1132 1944 1363 2006 exstitit,
1424 1960 1611 1999 eorum
1672 1943 1925 1999 videlicet
1968 1944 2063 2014 qui

492 2034 667 2104 ipsum
694 2045 1048 2105 agnoverunt,
1070 2043 1234 2105 atque
1254 2051 1319 2089 ex
1350 2033 1770 2089 circumcisione
1799 2034 1852 2087 in
1884 2033 2061 2103 ipsum

488 2126 859 2189 crediderunt,
886 2134 939 2179 et
972 2127 1022 2180 id
1055 2126 1274 2198 quidem
1318 2126 1465 2196 quod
1498 2125 1564 2179 ad
1594 2125 1904 2195 expositum
1936 2140 2063 2179 ora-

487 2219 669 2272 enlum
701 2219 953 2288 pertinet,
992 2220 1149 2273 talem
1203 2218 1408 2272 exitum
1458 2218 1685 2285 invenit;
1721 2233 1841 2287 qua!
1878 2226 2058 2272 autem

486 2320 791 2381 sequuntur
816 2312 986 2366 altero
1010 2318 1293 2381 assumpto
1316 2310 1473 2365 initio
1502 2310 1729 2381 legenda
1755 2318 1905 2374 sunt,
1937 2324 2060 2380 quae

483 2403 564 2458 sic
592 2404 809 2473 quidem
846 2418 905 2458 se
953 2403 1185 2457 habent:
1230 2421 1248 2453 ι
1273 2403 1532 2473 Assyrius
1579 2416 1702 2456 cum
1750 2401 1960 2456 venerit
1999 2401 2054 2455 in

480 2500 682 2551 terram
719 2505 975 2559 vestram,
1025 2504 1080 2551 et
1132 2511 1258 2550 cum
1310 2494 1618 2551 ascenderit
1668 2493 1723 2547 in
1776 2494 2052 2563 regionem

479 2598 739 2650 vestram,
772 2589 1159 2643 excitabuntur
1190 2587 1242 2640 in
1276 2587 1426 2640 illum
1466 2591 1672 2654 septem
1705 2592 1974 2653 pastores,
1997 2590 2053 2637 et

476 2686 601 2734 Octo
651 2695 867 2735 morsus
917 2679 1199 2733 hominum
1226 2680 1296 2743 ⁸⁸,
1329 2699 1347 2732 ι
1406 2686 1459 2733 et
1508 2678 1751 2747 reliqua;
1794 2690 1916 2745 quae
1942 2689 2053 2743 quo

476 2785 645 2827 sensu
693 2770 807 2825 sint
859 2771 1199 2841 accipienda,
1260 2786 1369 2823 non
1421 2777 1506 2824 est
1553 2782 1700 2822 nunc
1755 2764 2051 2820 enarrandi

475 2858 652 2916 locus.
720 2860 927 2915 Dixerit
977 2871 1156 2915 autem
1206 2861 1479 2930 quispiam
1536 2867 1658 2929 post
1698 2858 2047 2928 Assyriorum

477 2953 530 3007 in
564 2952 807 3008 Judzcam
843 2953 1156 3017 adventum,
1195 2953 1359 3025 346
1392 2969 1501 3022 quo
1544 2951 1767 3005 Judaica
1801 2966 1935 3021 gens
1976 2951 2049 3004 ab

474 3044 582 3102 illis
616 3054 774 3116 capta
814 3055 921 3107 est.
955 3053 1065 3098 tam
1112 3046 1311 3099 multas
1367 3044 1710 3099 incursiones
1756 3050 1919 3112 atque
1962 3043 2047 3096 in-

2166 1940 2260 1991 καὶ
2291 1938 2360 1992 τὰ
2394 1938 2602 2002 τούτοις
2636 1940 2921 1994 ἀκόλουθα·
2972 1939 3008 1994 ἃ
3049 1942 3142 1995 καὶ
3186 1942 3373 2006 ὁποίας
3420 1940 3609 2014 ἔχεται
3640 1944 3746 1999 8:1-

2163 2031 2334 2094 νοίας,
2356 2032 2417 2084 οὐ
2446 2031 2539 2084 τοῦ
2570 2032 2833 2102 παρόντος
2854 2032 3112 2103 τυγχάνει
3136 2033 3497 2104 διηγήσασθαι
3528 2035 3740 2105 καιροῦ.

2163 2124 2321 2176 Εἴποι
2353 2123 2397 2176 δ’
2427 2123 2490 2177 ἄν
2526 2140 2612 2186 τις
2637 2123 2775 2193 μετὰ
2798 2123 2894 2195 τὴν
2931 2125 3229 2196 Ἀσσυρίων
3255 2128 3333 2190 είς
3353 2125 3450 2198 τὴν
3485 2127 3742 2180 Ἰουδαίαν

2161 2214 2471 2285 ἐπιδημίαν,
2506 2214 2626 2267 καθ’
2659 2214 2726 2285 ἢν
2760 2209 2901 2267 εἷλον
2934 2215 2995 2268 τὸ
3037 2215 3307 2270 Ἰουδαίων
3340 2216 3509 2281 ἔθνος,
3549 2218 3742 2271 τοσαύ-

2156 2323 2256 2369 τας
2301 2306 2698 2375 ἐπαναστάσεις
2752 2308 2870 2360 κατ’
2920 2307 3099 2361 αὐτῶν
3144 2309 3448 2377 γεγονέναι,
3486 2310 3614 2363 ὅσαι
3652 2309 3743 2382 δη-

2157 2394 2374 2449 λοῦνται
2404 2395 2493 2450 διὰ
2533 2396 2641 2449 τῶν
2685 2396 2825 2449 ἑπτὰ
2876 2398 3146 2468 ποιμένων
3184 2400 3279 2452 καὶ
3316 2398 3404 2452 διὰ
3444 2399 3553 2453 τῶν
3599 2401 3740 2455 ὀκτὼ

2155 2488 2467 2559 δηγμάτων
2492 2487 2668 2541 ταῦτα
2692 2488 2748 2541 δὲ
2774 2488 3032 2542 δύνασθαι
3053 2490 3250 2543 εἰδέναι
3275 2491 3402 2554 τοὺς
3431 2491 3502 2544 τὰ
3547 2492 3738 2546 Ἀσσυ-

2156 2580 2285 2652 ρίων
2324 2580 2696 2653 ίστορηκότας,
2730 2576 2805 2634 ὧν
2836 2581 2928 2633 ἐπὶ
2968 2582 3112 2635 τέλει
3143 2582 3236 2635 τὸν
3271 2585 3336 2636 ὲκ
3362 2583 3462 2653 τῆς
3488 2584 3739 2655 Βηθλεὲμ

2153 2673 2625 2743 προφητευόμενον
2658 2673 2957 2740 γεγονέναι,
3007 2673 3149 2727 κατὰ
3191 2676 3318 2739 τοὺς
3353 2675 3495 2729 ἑπτὰ
3534 2676 3737 2749 δηλαδὴ

2156 2765 2416 2834 ποιμένας
2451 2765 2547 2817 καὶ
2573 2764 2641 2818 τὰ
2669 2763 2811 2818 ὀκτὼ
2826 2765 3088 2836 ,δήγματα
3108 2768 3220 2829 τοῖς
3260 2767 3569 2838 Ἀσσυρίοις
3598 2785 3734 2839 συμ-

2156 2855 2327 2910 ϐάντα
2356 2859 2412 2909 ὲν
2442 2858 2686 2928 ὑστέροις
2708 2857 2918 2928 χρόνοις
2938 2857 3036 2928 τῆς
3054 2858 3133 2921 εἰς
3151 2858 3249 2929 τὴν
3280 2858 3537 2911 Ἰουδαίαν
3554 2860 3735 2912 αὐτῶν

2154 2949 2364 3016 ἐφόδου.
2400 2948 2679 3003 Ταῦταίδὲ
2723 2950 2979 3021 πλείστης
3003 2951 3230 3023 ἐρεύνης
3263 2952 3515 3022 δεόμενα,
3544 2954 3611 3006 οὐ
3642 2951 3732 3007 νῦν

2155 3040 2625 3112 πολυπραγμονεῖν
2653 3042 2861 3113 καιρός.

472 3140 730 3197 δοιεηιῑιὶε
763 3149 954 3196 contra
1004 3141 1125 3195 illos
1159 3140 1457 3202 exstitisse,
1486 3156 1647 3209 quam
1696 3141 1879 3193 multae
1956 3145 2162 3209 septem
2205 3140 2517 3208 pastoribus
2567 3146 2621 3193 et
2667 3148 2792 3195 octo
2856 3140 3134 3195 morsibus
3188 3140 3519 3202 indicantur.
3602 3143 3727 3197 llas:

470 3242 652 3289 autem
715 3233 843 3287 sciri
886 3248 1046 3303 posse
1114 3232 1182 3286 ab
1230 3233 1299 3287 iis
1332 3233 1424 3292 qui
1470 3248 1558 3287 res
1596 3232 1946 3304 Assyriorum
2006 3234 2282 3286 memoria:
2332 3231 2669 3301 prodiderint
2713 3250 2728 3287 :
2798 3248 3029 3303 quorum
3082 3244 3207 3305 post
3255 3234 3442 3302 finem,
3491 3253 3621 3294 eum
3664 3241 3733 3295 de

467 3347 577 3402 quo
611 3329 891 3401 prophetae
932 3329 1233 3397 loquuntur
1272 3329 1340 3384 de
1379 3327 1688 3384 Bethlebem
1739 3329 2035 3391 exstitisse,
2080 3335 2203 3397 post
2238 3338 2445 3397 septem
2471 3327 2724 3382 videlicet
2752 3338 3000 3399 pastores
3032 3340 3087 3383 et
3116 3338 3241 3400 post
3304 3338 3434 3385 octo
3497 3347 3724 3390 morsus

467 3422 561 3493 qui
626 3421 882 3492 Assyrios
928 3423 1248 3486 invaserint,
1295 3423 1629 3493 temporibus
1682 3437 1802 3492 quae
1866 3422 2080 3476 illorum
2147 3422 2203 3476 in
2248 3419 2489 3475 Judaeum
2543 3436 2826 3477 accessum
2882 3424 3177 3478 subsecuta
3234 3431 3382 3479 sunt.
3423 3422 3725 3493 Caeterum,

467 3518 583 3573 haec
631 3516 920 3588 plurimam
953 3518 1285 3588 postulantia
1312 3518 1738 3592 indagationem,
1768 3534 1878 3573 non
1924 3525 2008 3572 est
2050 3532 2199 3571 nunc
2228 3518 2505 3571 curiosius
2528 3516 2848 3586 explorandi
2876 3524 3113 3588 tempus.

463 3656 509 3711 Α
534 3654 741 3724 psalmo
777 3670 961 3728 ειμι.
996 3686 1066 3695 -
1094 3656 1363 3722 Quwrenti
1387 3725 1402 3728 Α
1428 3655 1596 3710 David
1652 3657 1896 3727 quisnam
1950 3658 2028 3710 to-

2147 3657 2279 3711 Ἀπὸ
2327 3655 2575 3728 grai;on
2606 3656 2739 3728 pita'.
2762 3688 2831 3698 -—
2856 3655 3176 3724 Πυθομένῳ
3209 3654 3289 3728 τῷ
3320 3655 3517 3721 Δαϐὶδ,
3551 3666 3727 3727 ποῖος

533 3743 627 3781 cus
671 3735 805 3798 esset
849 3725 1109 3795 Ephrata,
1142 3730 1199 3779 in
1239 3743 1341 3797 qua
1380 3725 1516 3781 Deus
1562 3724 1954 3795 prainuutiams
1999 3746 2032 3781 a

2206 3729 2296 3796 ἄρ’
2324 3728 2416 3793 εἴη
2444 3724 2474 3779 ὀ
2503 3724 2617 3793 τῆς(
2642 3726 2747 3780 τοῦ
2781 3725 3342 3798 προκηρυνττομένου
3373 3729 3521 3780 Θεοῦ
3552 3724 3723 3798 τεθεί-

532 3796 799 3867 prophetis
851 3808 1175 3860 nasceretur,
1212 3798 1329 3864 ipsa
1373 3808 1545 3850 autent
1580 3807 1660 3852 est
1708 3798 2027 3862 Belide/tem,

2202 3815 2356 3863 σεως
2379 3798 2577 3863 τόπος,
2607 3798 2646 3865 ἡ
2690 3796 2961 3866 Ἐφραθὰ,
2995 3797 3147 3864 αὕτη
3180 3796 3249 3850 δέ
3289 3797 3461 3851 ἐστιν
3491 3799 3528 3867 ἠ
3560 3796 3723 3867 Βηθ-

532 3865 626 3937 per
656 3865 911 3934 Spiritum
938 3881 1179 3921 sanctum
1213 3870 1605 3937 manifestatur.

2200 3869 2367 3937 λεέμ,
2398 3868 2495 3920 διὰ
2526 3866 2629 3921 τοῦ
2661 3865 2822 3922 θείου
2852 3868 3197 3937 Πνεύματος
3234 3865 3616 3937 φανεροῦται.

2209 4001 2230 4030 ‹
2264 3978 2570 4050 Μνήσθητι,
2624 3977 2817 4050 Κύριε,
2866 3976 2960 4031 τοῦ
3020 3977 3205 4043 Δαϐὶδ,
3251 3978 3345 4032 καὶ
3388 3979 3575 4052 πάσης
3623 3982 3723 4051 τῆς

2132 4073 2437 4146 πραότητος
2478 4070 2662 4126 αὑτοῦ·
2705 4071 2781 4135 ὡς
2812 4069 2992 4142 ὤμοσε
3026 4070 3106 4142 τῷ
3142 4072 3356 4143 Κυρίῳ,
3403 4070 3611 4143 ηὔξατο
3642 4074 3722 4145 τῷ

2132 4164 2251 4238 Θεῷ
2288 4164 2499 4218 Ἰακώϐ·
2530 4164 2593 4217 El
2621 4164 2993 4234 εἰσελεύσομαι
3014 4164 3095 4227 είς
3119 4165 3382 4234 σκήνωμα
3405 4163 3556 4218 οίκου
3589 4182 3718 4235 μου,

2131 4260 2181 4312 εἰ
2214 4256 2555 4331 ἀναϐήσομαι
2602 4258 2696 4311 ἐπὶ
2735 4256 2921 4327 κλίνης
2967 4256 3257 4328 στρωμνῆς
3293 4273 3415 4328 μου·
3464 4259 3513 4310 εἰ
3558 4256 3720 4311 δώσω

2135 4351 2301 4405 ὕπνον
2345 4354 2459 4415 τοῖς
2502 4350 2796 4419 ὀφθαλμοῖς
2848 4365 2969 4419 μου,
3007 4349 3099 4401 καὶ
3130 4351 3247 4412 τοῖς
3281 4348 3577 4421 βλεφάροις
3612 4367 3716 4420 μου

2132 4444 2464 4514 νυσταγμὸν,
2492 4442 2598 4505 ἕως
2630 4435 2690 4495 οὕ
2719 4441 2866 4512 εὕρω
2899 4441 3061 4495 τόπον
3093 4440 3172 4511 τῷ
3204 4442 3413 4513 Κυρίῳ,
3445 4444 3719 4513 σκίδυωμα

2128 4535 2209 4606 τῷ
2237 4535 2355 4606 Θεῷ
2395 4532 2605 4588 Ἰακώϐ.
2645 4533 2775 4588 Ἰδοὺ
2799 4533 3111 4605 ἠκούσαμεν
3141 4533 3310 4605 αὐτὴν
3341 4535 3399 4586 ὲν
3444 4535 3714 4606 Ἐφροίιὰ,

2132 4627 2362 4699 εὕρομεν
2392 4625 2560 4697 αὐτὴν
2586 4627 2646 4677 ὲν
2668 4628 2779 4689 τοῖς
2801 4625 3001 4688 πεδίοις
3022 4624 3117 4678 τοῦ
3144 4624 3372 4697 δρυμοῦ-
3408 4626 3689 4681 είσελευσὸ
3706 4661 3717 4670 -

2133 4717 2276 4789 μεθα
2318 4719 2398 4781 εἰς
2435 4716 2504 4770 τὰ
2554 4716 2886 4787 σκηνώματα
2926 4715 3113 4782 αὑτοῦ,
3147 4719 3601 4790 προσκυνήσομεν
3632 4724 3715 4785 εἰς

454 4812 599 4882 ejus,
641 4812 992 4868 adorabimus
1052 4811 1110 4866 in
1177 4812 1296 4866 loco
1365 4809 1457 4865 ubi
1516 4816 1786 4867 steterunt
1863 4811 2028 4880 pedes

2147 4810 2220 4862 τὸν
2266 4808 2448 4873 τόπον,
2488 4801 2550 4861 οὕ
2594 4809 2825 4879 ἔστησαν
2869 4811 2919 4863 oi
2965 4809 3122 4873 πόδες
3165 4809 3353 4863 αὑτοῦ.
3387 4830 3407 4862 ι
3440 4807 3554 4866 Εἶθ’
3579 4813 3712 4883 ἑξῆς

453 4904 659 4975 ejus".
713 4924 733 4957 ι
772 4903 909 4959 Tum
994 4902 1250 4974 deinceps
1350 4903 1597 4974 adjungit
1644 4922 1656 4957 :
1734 4920 1753 4955 ι
1796 4901 2028 4973 Propter

2147 4900 2387 4969 επιλὲγει·
2404 4917 2424 4953 ι
2437 4899 2661 4954 Ἕνεκεν
2679 4900 2841 4955 Δαόὶδ
2860 4901 2953 4955 τοῦ
2974 4902 3159 4956 δούλου
3189 4919 3304 4968 σου,
3335 4902 3408 4975 μὴ
3436 4905 3710 4977 ἀποστρέ-

456 4995 628 5052 David
675 5012 892 5053 servum
938 5003 1113 5064 tuum,
1175 5011 1245 5052 ne
1292 5004 1509 5051 avertas
1560 4995 1751 5052 faciem
1822 4994 2024 5050 Christi

2147 4992 2236 5067 'm;
2274 4992 2336 5047 τὸ
2376 4994 2664 5069 πρόσωπον
2694 4992 2789 5047 τοῦ
2823 4993 3060 5065 Χριστοῦ
3102 5011 3217 5049 σου.
3265 4997 3471 5066 ’Ὠμοσε
3502 4996 3710 5069 Κύριος

454 5090 559 5145 tui.
600 5088 811 5146 Juravit
872 5090 1132 5144 Dominus
1205 5087 1375 5143 David
1428 5086 1734 5152 veritatem,
1803 5096 1859 5144 et
1918 5103 2027 5143 non

2147 5083 2293 5139 ὶαὸὶδ
2334 5084 2611 5158 ἀλήθειαν,
2659 5088 2753 5141 καὶ
2800 5089 2862 5140 οὐ
2912 5089 2985 5159 μὴ
3015 5088 3296 5161 ιὰθετήσει
3348 5089 3544 5143 αὐτόν’
3610 5092 3709 5144 Ἐκ

454 5181 811 5241 frustrahitur
858 5196 1004 5246 eum,
1067 5183 1133 5237 de
1185 5180 1367 5236 fructu
1415 5181 1621 5236 ventris
1679 5179 1759 5234 tui
1825 5195 2025 5251 ponam

2147 5175 2339 5247 ιαρποῦ
2365 5176 2467 5249 τῆς
2491 5179 2699 5243 κοιλίας
2725 5196 2817 5231 σου
2849 5179 3083 5251 θήσομαι
3114 5182 3205 5235 ἐπὶ
3227 5182 3318 5235 τὸν
3339 5180 3525 5253 θρόνον
3550 5198 3701 5235 σου..

456 5290 623 5346 super
652 5272 836 5329 sedem
867 5280 1015 5328 tuam
1037 5274 1103 5330 ⁸³.
1131 5294 1150 5327 ι
1180 5273 1247 5328 Et
1269 5272 1515 5345 adjungit
1540 5272 1625 5328 his
1650 5273 1775 5327 item
1802 5272 2021 5328 dicens:

2147 5272 2232 5324 (ai.
2256 5272 2723 5345 ὲπιφέρειτούτοις
2744 5273 2933 5342 λέγων’
2972 5292 2992 5324 ι
3019 5275 3162 5328 Ἐκεῖ
3197 5275 3502 5341 ὲξανατελῶ
3534 5276 3706 5347 κέρας

458 5384 480 5419 ι
510 5365 642 5422 Illuc
692 5364 987 5436 producam
1035 5382 1206 5421 cornu
1258 5364 1448 5430 David,
1505 5366 1693 5436 paravi
1741 5365 2019 5421 lucernam

2147 5362 2199 5432 νῷ
2240 5363 2424 5427 Δαδὶδ,
2471 5364 2743 5435 ὴτυίμασα
2778 5364 2968 5435 λύχνον
3016 5365 3095 5436 τῷ
3131 5365 3351 5437 Χριστῶ
3397 5383 3533 5437 μον
3573 5369 3706 5431 τεὺς

454 5454 677 5512 Christo
725 5471 877 5511 meo:
933 5456 1186 5512 inimicos
1231 5455 1352 5526 ejus
1395 5455 1616 5510 induam
1671 5455 2015 5519 confusione,

2152 5455 2348 5529 χθροὺς
2386 5457 2549 5511 αὐτοῦ
2593 5458 2795 5511 ἐνδύσω
2833 5459 3115 5530 αἰσχύνην,
3149 5464 3241 5515 ἐπὶ
3269 5461 3328 5516 δὲ
3355 5461 3516 5515 αὐτὸν
3545 5461 3704 5527 ἐξαν-

454 5562 622 5619 super
652 5548 828 5617 ipsum
866 5559 1046 5604 autem
1078 5548 1339 5605 elﬂorebit
1371 5548 1733 5603 sanctilicatio
1764 5561 1881 5601 mea
1899 5545 1966 5601 “.
1996 5565 2012 5597 ι

2147 5549 2277 5619 μήσει
2310 5548 2370 5601 τὸ
2404 5548 2650 5622 ἁγίασμά
2680 5567 2798 5622 μου.
2832 5570 2849 5601 ι
2886 5551 3105 5623 Συνᾴδει
3136 5555 3203 5623 τῇ
3234 5553 3339 5622 πρὸ
3367 5552 3567 5624 ταύτης
3598 5553 3699 5606 καὶ

453 5638 631 5696 Etiam
654 5640 770 5694 hare
801 5642 1083 5713 prophetia
1105 5657 1228 5696 cum
1261 5641 1540 5712 superiore
1564 5639 1880 5703 concordat,
1900 5654 2021 5710 quae

2147 5660 2157 5711 ι
2193 5641 2440 5712 παροῦσα
2475 5641 2795 5713 προφητεία,
2832 5643 2893 5696 ὲκ
2924 5642 3171 5716 Βηθλεὲμ
3198 5644 3289 5697 τὸν
3319 5644 3697 5717 προκηρυττό-

538 3999 557 4032 ι
578 3978 869 4043 Memento,
907 3978 1154 4043 Domine,
1200 3979 1391 4043 David,
1421 3991 1474 4035 et
1502 3981 1679 4037 omnis
1709 3990 2031 4037 mansuetu-

462 4071 608 4128 diuis
630 4072 785 4141 ejus:
821 4072 964 4128 sicut
986 4072 1192 4143 juravit
1225 4071 1476 4135 Domino,
1514 4082 1700 4127 votum
1738 4075 1884 4130 vovit
1923 4074 2030 4128 Deo

458 4160 658 4219 Jacob:
708 4164 755 4219 si
809 4163 1073 4218 introiero
1106 4165 1160 4219 in
1192 4165 1603 4220 tabernaculum
1634 4163 1827 4220 domus
1874 4181 2026 4228 meze,

460 4255 509 4313 si
539 4254 839 4312 ascendero
867 4254 921 4309 in
956 4255 1157 4309 lectum
1202 4256 1360 4310 strati
1393 4256 1533 4311 mei:
1580 4256 1626 4311 si
1657 4254 1856 4310 dedero
1882 4271 2030 4309 som-

459 4363 590 4405 num
617 4349 792 4404 oculis
819 4348 976 4412 meis,
1006 4359 1059 4404 et
1087 4348 1360 4419 palpebris
1380 4349 1515 4404 meis
1553 4347 2021 4412 dormitationem,

460 4439 543 4514 [et
578 4441 823 4513 requiem
854 4442 1192 4517 temporibus
1222 4440 1405 4515 meis,]
1437 4440 1615 4497 donec
1647 4442 1917 4498 inveniam
1948 4443 2029 4497 lo-

457 4550 585 4591 cum
646 4534 901 4601 Domino,
969 4535 1384 4589 tabernaculum
1445 4532 1555 4591 Deo
1617 4533 1807 4591 Jacob.
1886 4533 2028 4589 Ecce

456 4628 770 4684 audivimus
851 4642 971 4683 eam
1053 4628 1110 4683 in
1190 4627 1449 4697 Ephrata,
1521 4628 1829 4682 invenimus
1906 4642 2025 4682 eam

456 4718 515 4776 in
579 4719 788 4792 campis
854 4719 1053 4790 sylva:
1144 4719 1491 4774 introihimus
1556 4718 1613 4773 in
1674 4717 2028 4773 tabernacula

524 5796 565 5828 ⁸¹
607 5798 769 5854 Mich.
795 5814 849 5865 ν,
883 5798 935 5853 5.
1011 5799 1056 5831 ⁸⁸
1087 5796 1230 5853 Psal.
1272 5798 1392 5864 151,
1433 5797 1535 5853 1-7.
1612 5798 1658 5829 "'
1693 5796 1824 5853 ibid.
1860 5799 1947 5861 10,
1996 5799 2044 5852 ll

2158 5798 2201 5830 “
2238 5797 2367 5854 ibid.
2411 5796 2498 5865 17,
2544 5796 2627 5852 18.
