4080 6416
347 323 442 380 δ-ίῢ

1198 312 1859 372 DEMONSTRATIONIS
1901 310 2364 368 EVANCELIC/E
2405 310 2533 367 LIB.
2578 310 2690 367 VH.

3472 318 3577 377 διδ

349 458 493 515 μενον
515 435 643 491 Θεὸν
671 433 1091 506 προελεύσεσθαι
1125 433 1481 505 σημαίνουσα.
1521 432 1690 486 Τοῦτο
1722 433 1778 485 δὲ
1803 427 1889 485 οὖν

1999 429 2153 483 illum
2186 427 2382 491 Deum,
2412 428 2507 498 qui
2537 426 2826 481 nuntiatur
2854 435 3145 494 venturus,
3172 430 3240 486 de
3260 429 3575 492 Bcthlehem

345 532 463 587 αὐτὸ
510 529 595 583 καὶ
639 529 667 581 ό
715 526 902 593 Δαϐιδ,
948 526 1211 598 πρότερον
1254 525 1351 595 μὲν
1392 524 1624 593 ἀγνοῶν,
1677 522 1894 593 εὔχεται

346 625 482 699 παρὰ
517 620 605 676 τοῦ
649 620 784 675 Θεοῦ
833 619 1043 692 μαθεῖν,
1083 616 1179 674 εἶτ’
1222 618 1519 691 εὐξάμενος
1560 616 1891 671 παιδεύεται.

357 715 550 785 Ἐπειδὴ
569 713 678 784 γὰρ
698 712 961 785 τετύχηκε
987 710 1235 783 χρησμοῦ
1267 711 1357 764 τοῦ
1386 711 1521 782 πρὸς
1548 710 1707 763 αὐτὸν
1737 710 1794 762 ἐν
1818 709 1895 781 τῷ

343 808 521 881 ψαλμῷ
554 808 843 878 φήσαντκ,
885 825 904 856 ι
947 806 1043 858 Ἐκ
1073 803 1284 874 καρποῦ
1316 804 1414 874 τῆς
1443 802 1650 866 κοιλίας
1684 819 1776 855 σου
1803 801 1896 874 θή-

349 920 490 974 σομαι
522 902 612 954 ἐπὶ
644 900 736 952 τὸν
764 899 950 971 θρόνον
980 916 1094 963 σου,
1135 918 1152 949 ι
1193 899 1287 952 καὶ
1317 894 1494 960 αὖθις,
1548 916 1565 950 ι
1617 898 1763 951 Ἐκεῖ
1808 896 1895 965 ἐξ·

341 993 561 1050 ανατελῶ
585 993 753 1063 κέρας
776 991 854 1062 τῷ
867 991 1044 1054 Δαϐὶδ,
1068 992 1338 1062 ήτοίμασα
1363 990 1554 1061 λύχνον
1576 989 1654 1061 τῷ
1675 989 1895 1063 Χριστῷ

344 1105 454 1160 μου,
484 1106 501 1138 ι
530 1085 757 1148 εἰκότως
792 1084 1120 1156 προσπίπτει
1150 1082 1227 1153 τῷ
1259 1081 1398 1153 Θεῷ,
1433 1082 1528 1135 καὶ
1568 1081 1893 1154 προσπεσὼν

339 1178 417 1232 ἐπ’
443 1176 669 1243 ἐδάφους
706 1174 1012 1226 ποτνιᾶται·
1068 1171 1162 1223 ἐπὶ
1213 1170 1372 1223 πλέον
1417 1170 1473 1223 δὲ
1502 1172 1569 1241 τῇ
1616 1171 1890 1241 προσευχῇ

339 1265 742 1343 προσκαρτερῶν
770 1266 961 1335 όμνυσι
990 1261 1068 1333 τῷ
1095 1261 1234 1333 Θεῷ,
1273 1261 1347 1334 μὴ
1375 1261 1635 1333 πρότερον
1666 1259 1895 1313 εἰσελεύ-

338 1361 506 1415 σεσθαι
545 1361 625 1421 είς
672 1358 932 1427 σκήνωμα
965 1355 1114 1407 οἴκου
1154 1353 1342 1415 αὑτοῦ,
1385 1353 1520 1425 μηδὲ
1560 1351 1749 1405 δώσειν
1780 1355 1893 1415 τοῖς

335 1450 613 1523 ὀφθαλμοῖς
662 1448 824 1504 αὐτοῦ
874 1449 1059 1511 ῦπνον,
1110 1447 1204 1499 καὶ
1248 1449 1359 1509 τοῖς
1399 1444 1686 1517 βλεφάροις
1725 1443 1890 1497 αὑτοῦ

333 1543 643 1614 νυσταγμὸν,
687 1542 819 1613 μηδὲ
860 1539 1224 1611 ἀναϐήσεσθαι
1257 1539 1349 1605 ὲπξι
1382 1537 1569 1608 κλίνης
1604 1537 1892 1608 στρωμνῆς

333 1637 506 1700 αὐτοῦ,
538 1634 754 1689 κεῖσθαι
779 1634 835 1686 δὲ
868 1634 1041 1703 χαμαὶ
1077 1630 1507 1703 προσκυνοῦντα,
1544 1630 1637 1683 καὶ
1664 1626 1892 1681 ποτνιώ-

334 1743 506 1798 μενον,
540 1725 655 1778 ἐστ’
687 1723 752 1777 ἂν
782 1722 914 1794 εὕρῃ
946 1724 1109 1776 τόπον
1142 1720 1219 1792 τῷ
1252 1722 1460 1791 Κυρίῳ,
1496 1720 1591 1774 καὶ
1626 1719 1890 1789 σκήνωμα

330 1819 398 1889 τῷ
427 1817 537 1888 Θεῴ
573 1815 796 1878 Ἰακὼϐ,
831 1813 975 1868 τοῦτ’
1001 1813 1144 1868 ἔστιν
1165 1813 1268 1879 ἕως
1293 1812 1357 1867 ἂν
1380 1811 1547 1884 μάθῃ,
1572 1810 1664 1865 τοῦ
1686 1810 1891 1882 Κυρίου
1925 1832 1962 1885 Β

330 1908 727 1982 φανερώσαντος
761 1907 930 1977 αὐτῷ,
955 1905 1053 1976 τὴν
1076 1905 1286 1974 γένεσιν
1311 1904 1404 1959 τοῦ
1428 1902 1684 1976 Χριστοῦ·
1722 1901 1887 1967 εύξὰ-

330 2018 473 2072 ιιενος
502 1999 577 2062 δὲ,
623 2001 718 2052 καὶ
756 1996 977 2050 τοιαῦτα
999 1995 1200 2064 γνῶναι
1234 1994 1498 2066 ποθήσας,
1535 1994 1635 2046 ούκ
1666 1994 1745 2056 είς
1782 2010 1888 2063 μα-

326 2093 450 2163 κρὰν
474 2090 547 2161 τῷ
582 2089 719 2161 θείῳ
754 2088 1031 2158 Πνεύματι
1054 2086 1121 2140 τὰ
1151 2086 1408 2158 μέλλοντα
1432 2083 1650 2139 ἔσεσθαι
1673 2083 1886 2157 θεωρεῖ,

307 2181 410 2256 ποῦ
428 2180 555 2235 Θεοῦ
593 2183 707 2243 τοῖς
739 2177 958 2240 οἰκείοις
984 2175 1447 2247 ἐπαγγειλαμένου
1474 2175 1553 2229 ἔτι
1582 2192 1645 2244 γε
1669 2174 1891 2228 λαλούν-

327 2288 423 2325 των
453 2268 871 2324 ὲπακούσεσθαι.
932 2266 1319 2331 Ἐπακουσθεὶς
1363 2266 1497 2338 δῆτα
1544 2265 1889 2331 καταξιοῦται

327 2362 554 2436 χρησμοῦ
586 2362 690 2432 τὴν
724 2359 967 2430 Βηθλεὲμ
990 2357 1381 2429 ἐπιφωνοῦντος
1405 2358 1570 2430 αὐτῷ,
1598 2358 1673 2423 ὡς
1703 2358 1769 2412 ἂν
1802 2360 1887 2411 ὲν-

328 2456 439 2509 θάδε
470 2455 626 2508 τοῦτό
662 2471 765 2507 που
794 2451 889 2506 τοῦ
926 2450 1152 2523 Κυρίου,
1181 2450 1388 2505 καὶτοῦ
1414 2450 1767 2523 σκηνώματος
1796 2451 1887 2504 τοῦ

325 2547 445 2601 Θεοῦ
506 2545 706 2601 Ἰακὼϐ
754 2543 1173 2615 συστησομένου.
1231 2543 1415 2597 Ταῦτα
1458 2542 1747 2614 τοιγαροῦν
1793 2543 1887 2596 τοῦ

325 2639 457 2694 θείου
495 2640 815 2711 Πνεῦματος
847 2641 905 2692 ἐν
944 2636 1091 2708 αύτῷ
1125 2636 1500 2699 θεσπίσαντος,
1528 2634 1690 2699 αὐτὸς
1723 2633 1887 2687 αὑτοῦ

323 2732 615 2795 ἐπακούσας
670 2730 931 2798 ἐπιλέγει·
993 2748 1012 2780 ‹
1067 2729 1193 2782 Ἰδοὺ
1241 2727 1552 2799 ἠκούσαμεν
1607 2725 1773 2797 αὐτὴν
1830 2727 1887 2779 ἐν

335 2824 577 2896 Ἐφραθά.
612 2843 631 2874 ι
673 2822 919 2893 Ἐφραθὰ
951 2821 1007 2874 δὲ
1039 2823 1071 2893 ή
1106 2821 1241 2892 αύτή
1277 2822 1392 2872 ἐστι
1424 2821 1489 2890 τῇ
1523 2818 1787 2889 Βηθλεὲμ,
1813 2818 1884 2884 ὡς

322 2914 464 2984 δῆλόν
496 2915 608 2967 ἐστι
645 2911 757 2965 ἀπὸ
790 2912 886 2982 τῆς
920 2910 1208 2974 Γενέσεως,
1245 2910 1373 2963 ἔνθα
1400 2910 1646 2980 περὶτῆς
1689 2911 1889 2982 Ῥαχὴλ

325 3007 551 3077 εἴρηται,
611 3008 700 3058 ὅτι
752 3024 771 3055 ι
806 3002 1050 3072 Ἐθαψαν
1102 3002 1268 3073 αὐτὴν
1328 3004 1385 3056 ὲν
1435 3001 1512 3072 τῷ
1568 3002 1887 3073 ἱπποδρόμῳ

334 3096 580 3167 Ἐφραθὰ,
619 3094 765 3167 αῦτη
801 3096 918 3147 ἐστὶ
951 3094 1222 3165 Βηθλεέμ.
1262 3114 1280 3146 ι
1320 3094 1432 3146 Καὶ
1466 3095 1498 3165 ή
1542 3094 1648 3164 πρὸ
1683 3094 1886 3167 ταύτης

1998 537 2422 593 progressurum:
2459 518 2753 593 signiﬁcat.
2808 522 2991 591 Ipsum
3049 522 3154 577 hoc
3204 525 3371 596 igitur
3406 524 3576 582 David

1996 630 2237 686 quoque,
2270 614 2425 685 prius
2476 613 2696 684 quidem
2730 613 3015 684 ignorans,
3047 625 3200 687 optat
3241 618 3459 676 discere
3508 619 3575 676 ab

1999 704 2118 773 ipso
2150 702 2279 767 Deo,
2312 713 2425 757 tum
2464 719 2593 757 vero
2634 704 2723 756 ubi
2768 705 2974 773 optavit
3016 718 3251 778 votoque
3301 710 3571 780 poposcit,

2002 796 2054 851 id
2092 797 2271 866 ipsum
2298 795 2562 858 docetur,
2594 794 2754 867 347
2788 793 3080 866 Postquam
3111 800 3257 853 enim
3291 802 3573 855 oraculum

2004 890 2239 958 accepit,
2268 885 2413 957 quod
2446 886 2513 940 ad
2545 887 2721 957 ipsum
2761 887 2815 940 in
2848 889 3059 957 psalmo
3090 892 3201 955 ait,
3242 909 3261 941 ι
3294 891 3367 946 De
3392 892 3575 946 fructu

1996 982 2202 1035 ventris
2233 980 2313 1034 tui
2346 995 2542 1051 ponam
2575 995 2738 1048 super
2765 980 2945 1033 sedem
2993 990 3177 1047 tuam;
3206 1000 3227 1035 ι
3264 991 3318 1037 et
3356 999 3572 1047 rursus,

2004 1090 2022 1123 ι
2053 1071 2183 1127 illuc
2228 1065 2526 1142 producam
2570 1086 2742 1125 cornu
2799 1069 2996 1134 David,
3052 1074 3240 1143 paravi
3287 1076 3572 1130 lucernam

1996 1166 2219 1222 Christo
2252 1180 2394 1228 meo,
2428 1184 2447 1217 ι
2500 1164 2699 1218 merito
2749 1164 3060 1233 procumbit
3100 1166 3205 1236 ipsi
3239 1164 3369 1230 Deo,
3409 1176 3575 1237 atque

2000 1259 2070 1311 ita
2107 1257 2318 1310 luerens
2344 1258 2481 1319 solo,
2510 1255 2785 1325 supplicat
2809 1263 2863 1309 ct
2893 1264 3189 1326 precatur:
3222 1259 3438 1329 longius
3470 1274 3570 1311 au-

1998 1356 2105 1401 tem
2137 1347 2594 1417 constantiusque
2635 1346 2690 1399 in
2731 1346 2978 1401 oratione
3017 1363 3395 1417 perseverans,
3424 1350 3574 1419 jurat

1998 1439 2128 1501 Deo,
2183 1455 2293 1493 non
2335 1440 2488 1509 prius
2543 1454 2601 1495 se
2652 1441 3028 1511 ingressurum
3074 1441 3129 1494 in
3161 1443 3574 1495 tabernacalum

1996 1529 2191 1584 domus
2223 1545 2356 1592 suae,
2387 1545 2565 1599 neque
2608 1528 2865 1584 daturum
2906 1530 3083 1585 oculis
3127 1531 3244 1585 suis
3293 1546 3569 1594 somnum,

1994 1628 2047 1674 et
2073 1619 2348 1689 palpebris
2372 1620 2487 1675 suis
2511 1619 2976 1684 dormitatiouem,
3008 1637 3186 1692 neque
3209 1638 3567 1678 ascensurum

1996 1710 2049 1765 in
2098 1711 2297 1765 lectum
2329 1711 2485 1765 strati
2532 1713 2640 1776 sui,
2679 1713 2829 1766 humi
2855 1721 3087 1768 stratum
3123 1715 3351 1784 soloque
3382 1716 3569 1770 adhae-

1996 1809 2224 1866 rentem,
2256 1818 2430 1873 eoque
2480 1803 2642 1858 modo
2698 1806 3017 1860 adorantem
3067 1824 3129 1861 ac
3173 1810 3572 1879 supplicantem

1994 1908 2341 1959 mansurum,
2372 1895 2546 1951 donec
2579 1896 2823 1951 inveniat
2876 1898 3055 1951 locum
3104 1898 3356 1965 Domino,
3387 1908 3441 1956 et
3484 1911 3570 1955 ta-
3630 1940 3638 1961 ,

1994 1986 2349 2041 bernaculum
2411 1988 2522 2042 Deo
2581 1988 2773 2055 Jacob,
2821 1991 2923 2046 hoc
2998 1999 3104 2054 est,
3147 1991 3570 2067 doneediscat,
3636 1976 3641 1979 ’

1995 2076 2228 2132 Domino
2260 2080 2369 2134 sibi
2400 2080 2703 2148 indicante,
2734 2082 2911 2153 ipsius
2945 2082 3148 2139 Christi
3181 2094 3398 2141 ortum:
3445 2102 3572 2143 cum

1993 2178 2171 2221 autem
2205 2179 2334 2223 voto
2365 2169 2418 2224 id
2449 2172 2803 2240 postulasset,
2843 2181 2898 2227 et
2928 2174 3054 2228 talia
3094 2190 3429 2246 cognoscere
3471 2194 3570 2233 ex-

1994 2260 2298 2329 pctivisset,
2334 2261 2476 2315 haud
2511 2263 2585 2316 ita
2620 2266 2792 2318 multo
2826 2274 2970 2334 post,
3028 2283 3151 2337 quae
3183 2267 3366 2323 futura
3412 2280 3572 2325 erant

1991 2350 2176 2404 divino
2207 2351 2484 2411 indicante
2519 2352 2724 2424 Spiritu
2757 2360 3183 2426 contemplatur,
3216 2362 3417 2431 quippe
3442 2378 3567 2416 cum

1992 2444 2110 2497 suis
2134 2442 2275 2498 Deus
2305 2446 2585 2515 pollicitus
2616 2449 2707 2513 sit,
2740 2465 2800 2505 se
2829 2452 3065 2520 amplius
3090 2453 3379 2523 loquentes
3400 2471 3570 2510 exau-

1991 2536 2255 2591 diturum.
2292 2538 2481 2608 Itaque
2516 2540 2595 2593 illi
2629 2542 2683 2595 in
2708 2542 2853 2596 hunc
2883 2545 3109 2598 modum
3138 2547 3418 2613 exaudito,
3451 2563 3575 2601 ora-

1991 2630 2175 2683 culum
2204 2629 2473 2694 redditur,
2528 2648 2638 2701 quo
2690 2634 2808 2703 ipsa
2856 2633 3170 2691 Bethlchem
3219 2638 3567 2707 iuclamatur,

1990 2729 2250 2791 tauquam
2285 2722 2398 2791 illic
2430 2723 2587 2777 locus
2619 2723 2872 2785 Domino.
2908 2735 2964 2779 et
3004 2728 3421 2782 tabernaculum
3454 2728 3564 2782 Deo

1990 2811 2159 2867 Jacob
2179 2815 2567 2870 constituenda
2620 2817 2750 2871 sint.
2822 2816 2946 2873 Haec
2992 2818 3160 2889 igitur
3204 2821 3297 2875 ubi
3344 2821 3567 2876 divinus

1993 2909 2232 2977 Spiritus
2258 2910 2402 2980 apud
2432 2925 2491 2964 se
2525 2910 2702 2979 ipsum
2731 2911 2954 2977 cecinit,
2986 2912 3099 2981 ipse
3124 2914 3366 2982 scipsum
3398 2929 3570 2968 exau-

1991 2997 2148 3053 diens
2198 2999 2468 3070 adjungit,
2501 3019 2519 3051 ι
2556 2999 2694 3055 Ecce
2723 3001 3034 3057 audivimus
3061 3019 3177 3058 eam
3211 3004 3264 3058 in
3296 3003 3564 3075 Ephraaa:

1997 3104 2015 3136 ι
2047 3087 2283 3158 Ephrata
2316 3106 2447 3144 vero
2498 3091 2687 3146 eadem
2739 3100 2823 3146 est
2861 3100 2915 3147 et
2949 3093 3262 3148 Bethlehem
3290 3111 3304 3160 ;
3339 3091 3482 3164 sicut
3510 3097 3565 3150 iu

320 3187 369 3237 δὲ
400 3191 635 3259 περιεῖχε
674 3187 998 3258 προφητεία·
1033 3204 1051 3235 t
1086 3185 1197 3239 Καὶ
1230 3185 1317 3248 σὺ,
1353 3184 1598 3255 Βηθλεὲμ
1624 3180 1771 3249 οῗκος
1793 3186 1884 3239 τοῦ

1992 3184 2190 3240 Genesi
2243 3191 2482 3247 constat,
2521 3184 2614 3238 ubi
2668 3185 2737 3240 de
2767 3183 2971 3241 Rachel
3016 3186 3224 3241 dictum
3276 3196 3401 3244 est:
3438 3208 3457 3241 ι
3500 3189 3568 3244 Et

330 3277 574 3347 Ἐφραθά.
614 3299 741 3329 ι-ι
768 3279 918 3341 Ἰδοὺ,
948 3278 1129 3348 φησιν,
1161 3296 1179 3327 ‹
1211 3276 1521 3346 ἠκούσαμεν
1537 3277 1721 3348 αὑτήν·
1752 3298 1768 3328 ι
1796 3278 1887 3348 δῆ-

319 3369 400 3421 λον
430 3372 471 3423 δ’
502 3372 582 3424 ὅτι
617 3371 721 3441 τὴν
749 3370 842 3423 τοῦ
872 3367 1107 3440 Χριστοῦ
1138 3367 1371 3436 γένεσιν,
1398 3368 1491 3420 και
1520 3366 1616 3438 τὴν
1638 3366 1730 3421 τοῦ
1753 3368 1886 3422 Θεοῦ

331 3462 509 3515 Ἰακὼϐ
542 3464 982 3532 κατασκήνωσιν.
1030 3461 1186 3513 Ποῖον
1217 3459 1260 3511 δ’
1311 3460 1376 3513 ἂν
1413 3458 1498 3530 εἴη
1533 3459 1591 3513 τὸ
1627 3462 1891 3532 σκήνωμα

319 3554 404 3606 τοῦ
446 3554 575 3610 Θεοῦ
632 3553 834 3608 Ἰακὼϐ
871 3553 904 3625 ἢ
935 3554 994 3606 τὸ
1028 3552 1186 3624 σῶμα
1216 3551 1308 3605 τοῦ
1344 3552 1579 3624 Χριστοῦ
1618 3553 1678 3606 τὸ
1722 3555 1778 3606 ὲν
1812 3551 1890 3624 τῷ

318 3648 456 3717 τόπῳ
482 3650 580 3720 τῆς
610 3646 863 3718 Βηθλεὲμ
888 3646 1312 3717 γεγεννημένον;
1337 3647 1393 3698 ὲν
1419 3639 1461 3714 ᾧ
1488 3646 1563 3710 ὡς
1585 3648 1642 3699 ὲν
1675 3644 1887 3717 σκηνώ-

322 3758 459 3809 ματι,
505 3744 537 3812 ἡ
582 3740 781 3810 θεότης
811 3738 904 3792 τοῦ
948 3737 1282 3808 Μονογενοῦς
1322 3739 1725 3808 κατεσκήνωσε.
1778 3738 1888 3807 Ούχ

320 3832 494 3897 ἁπλῶς
530 3832 589 3886 δὲ
646 3829 809 3896 Θεοῦ,
858 3829 994 3884 ἀλλὰ
1048 3828 1186 3900 μετὰ
1230 3829 1546 3901 προσθήκης
1598 3828 1695 3899 τῆς
1739 3847 1757 3878 ι
1796 3828 1887 3880 τοῦ

319 3923 442 3977 Θεοῦ
488 3923 708 3988 Ἰακὼϐ,
749 3943 768 3975 ι
804 3922 1021 3992 λέγεται
1049 3924 1111 3975 τὸ
1137 3924 1401 3993 σκήνωμα
1434 3920 1593 3987 εἶναι,
1618 3921 1706 3975 διὰ
1729 3923 1788 3974 τὺ
1813 3921 1886 3992 μή

317 4015 432 4069 ἄλλο
453 4013 671 4071 εἶναιτὸ
692 4015 978 4087 σκηνῶσαν
1015 4018 1072 4069 ὲν
1108 4014 1256 4085 αύτῷ
1287 4015 1319 4085 ἢ
1354 4015 1444 4067 τὸν
1474 4014 1554 4085 τῷ
1600 4012 1792 4067 Ἰακὼϐ
1828 4016 1887 4067 ἐν

319 4104 595 4178 ἀνθρώπου
628 4106 762 4159 εἴδει
797 4106 891 4159 καὶ
925 4104 1408 4178 σχήματιὸφθέντα
1437 4105 1590 4168 Θεὸν,
1617 4105 1683 4157 δι’
1712 4104 1770 4157 ὃν
1792 4106 1887 4158 καὶ

317 4193 407 4264 τῆς
437 4197 530 4249 ἐπὶ
550 4196 632 4268 τῷ
647 4196 865 4268 Ἰσραὴλ
885 4214 1134 4266 προσωνυ
1142 4197 1268 4267 μίας
1291 4196 1519 4268 ἠξιώθη,
1542 4197 1697 4265 ὀρῶν
1717 4198 1884 4249 Θεόν·

313 4285 462 4339 τοῦτο
491 4288 601 4360 γὰρ
627 4287 991 4360 ἑρμηνεύεται
1010 4287 1071 4340 τὸ
1091 4287 1260 4358 ὄνομα
1290 4285 1765 4359 προσαγορευθείς·
1789 4287 1887 4339 οὐκ

315 4378 461 4432 ἄλλον
480 4380 537 4433 δὲ
564 4381 699 4434 ὄντα
729 4379 822 4432 τοῦ
845 4379 979 4433 Θεοῦ
1004 4381 1178 4449 Λόγου
1206 4380 1296 4433 τὸν
1329 4380 1406 4451 τῷ
1441 4378 1631 4433 Ἰακὼϐ
1654 4378 1888 4448 ὀφθέντα

316 4472 368 4524 ἐν
396 4476 505 4537 τοῖς
552 4472 797 4546 πρώτοις
834 4472 935 4542 τῆς
980 4473 1117 4545 μετὰ
1161 4476 1349 4544 χεῖρας
1393 4472 1699 4535 ὑποθέσεως
1746 4489 1886 4544 παρ-

1990 3279 2325 3348 sepelierunt
2380 3292 2499 3332 eam
2530 3277 2587 3331 in
2630 3278 2992 3348 hippodromo
3050 3279 3309 3350 Ephrata,
3343 3283 3457 3338 haec
3484 3293 3569 3338 est

1989 3369 2302 3424 Bethlehem
2327 3368 2395 3423 ⁸⁸.
2489 3368 2599 3422 »Ει
2652 3372 2904 3440 superior
2971 3372 3256 3441 prephetia
3328 3372 3568 3429 habebat

1993 3460 2162 3515 illud:
2195 3479 2213 3511 ι
2237 3459 2304 3514 Et
2333 3469 2391 3515 tu
2416 3459 2729 3517 Bethlebem
2758 3463 2954 3518 domus
2980 3463 3237 3533 Ephrata.
3254 3484 3272 3517 ι
3295 3484 3391 3516 -ι
3408 3465 3565 3530 Ecce,

1997 3552 2197 3621 inquit,
2251 3551 2562 3606 audivimus
2595 3568 2713 3607 eam
2763 3553 2846 3607 3‘:
2887 3572 2905 3605 ι
2937 3562 3153 3608 constat
3206 3564 3384 3610 autem
3421 3556 3565 3627 quod

1988 3659 2085 3712 per
2113 3644 2248 3698 illud
2290 3658 2411 3698 eam
2443 3642 2653 3700 Christi
2682 3645 2951 3714 originem
2982 3646 3260 3715 intelligit,
3290 3655 3345 3703 et
3390 3649 3566 3719 ipsius

1988 3737 2082 3791 Dei
2106 3736 2295 3798 Jacob,
2332 3736 2748 3791 habitationem.
2789 3737 2893 3792 Sed
2911 3735 3032 3808 οὐκ
3059 3740 3276 3793 tandem
3304 3740 3418 3795 hac
3446 3740 3563 3795 fue-

1987 3831 2058 3884 rit
2088 3831 2355 3884 habitatio
2400 3829 2489 3885 Dei
2519 3828 2711 3897 Jacob,
2745 3831 2851 3886 nisi
2881 3832 3055 3901 ipsius
3092 3833 3297 3889 Christi
3329 3850 3556 3906 corpus.

1987 3922 2133 3992 quod
2193 3921 2251 3976 in
2306 3919 2620 3975 Bethlehem
2671 3929 2858 3974 natum
2904 3930 3008 3985 est,
3042 3923 3096 3976 in
3146 3940 3255 3993 quo
3300 3933 3560 3995 tanquam

1988 4011 2042 4064 in
2074 4010 2449 4072 tabernaculo,
2484 4010 2631 4064 unici
2665 4009 2759 4063 ﬁlii
2788 4009 3055 4066 divinitas
3088 4013 3393 4069 habitavit?
3446 4015 3561 4071 Cat-

1997 4111 2175 4156 terum
2225 4116 2335 4155 non
2396 4100 2722 4169 simpliciter
2764 4098 2880 4162 Dei,
2933 4104 3027 4157 sed
3085 4118 3210 4157 cum
3262 4106 3561 4169 additione.

1994 4212 2012 4246 ι
2037 4191 2132 4248 Dei
2155 4190 2327 4247 Jacob
2341 4192 2385 4223 ⁸⁷
2423 4210 2442 4242 ι
2473 4192 2889 4246 tabernaculum
2916 4208 3039 4248 esse
3053 4194 3277 4257 dicitur,
3313 4203 3565 4264 propter-

1988 4299 2052 4340 ea
2103 4282 2246 4354 quod
2279 4298 2389 4338 non
2435 4281 2583 4337 aliud
2628 4282 2700 4338 sit
2728 4284 3025 4353 quidquam
3060 4286 3207 4354 quod
3240 4288 3295 4340 in
3337 4287 3430 4340 illo
3461 4287 3560 4341 ha-

1988 4377 2143 4441 bitet,
2180 4390 2344 4446 quam
2377 4375 2426 4430 is
2454 4373 2597 4429 Deus
2626 4376 2722 4446 qui
2759 4374 2864 4446 ipsi
2890 4374 3060 4433 Jacob
3087 4378 3141 4431 in
3172 4377 3412 4434 hominis
3438 4393 3561 4448 spe-

1989 4471 2072 4525 cie
2102 4485 2167 4525 ac
2202 4469 2371 4540 ﬁgura
2402 4469 2475 4523 sit
2501 4469 2674 4525 visus.
2708 4470 2882 4539 Cujus
2910 4486 3043 4526 sane
3068 4472 3242 4542 gratia
3271 4472 3366 4527 illo
3395 4473 3559 4527 etiam

315 4566 639 4638 εστὴσαμεν.
691 4563 929 4637 Ἐδείχθη
961 4564 1246 4637 τοιγαροῦν
1279 4564 1357 4636 τῷ
1388 4565 1552 4619 Δαϐὶδ
1582 4565 1882 4636 εὐξαμένῳ,

1992 4561 2315 4632 cognomine
2374 4560 2538 4617 Israel
2566 4562 2765 4631 dignus
2813 4570 2897 4619 est
2947 4563 3189 4632 habitus,
3225 4572 3482 4633 tanquam
3512 4567 3562 4618 is

314 4656 402 4708 καὶ
435 4656 737 4729 ποθήσαντι
762 4655 853 4709 τοῦ
878 4655 1081 4727 Κυρίου
1106 4658 1200 4709 καὶ
1222 4656 1354 4709 Θεοῦ
1390 4655 1583 4711 Ἰακὼϐ
1604 4656 1696 4710 τὸν
1720 4657 1884 4711 τόπον

314 4746 402 4799 καὶ
438 4748 499 4801 τὸ
541 4749 810 4820 σκήνωμα
843 4748 1043 4819 εὑρεῖν,
1087 4748 1116 4800 ὁ
1146 4748 1237 4800 ἐπὶ
1281 4747 1379 4817 τῆς
1413 4747 1657 4818 Βηθλεὲμ
1701 4748 1883 4813 τόπος·

315 4837 493 4910 διόπερ
522 4839 718 4903 εἰπὼν,
748 4859 765 4891 ι
803 4840 931 4893 Ἰδοὺ
955 4838 1266 4910 ἠκούσαμεν
1286 4838 1453 4910 αὐτὴν
1482 4841 1540 4891 ὲν
1571 4839 1832 4911 Ἐφραθὰ,
1860 4861 1877 4894 ι

316 4932 557 5007 ἐπιφέρει
590 4933 788 5001 λέγων·
829 4951 844 4982 ι
869 4932 1340 5003 Προσκυνήσωμεν
1374 4934 1451 4995 είς
1484 4931 1573 4986 τὸν
1607 4933 1771 4986 τόπον
1821 4926 1882 4987 οὗ

314 5021 541 5092 ἔστησαν
581 5025 633 5075 οί
676 5024 832 5086 πόδες
862 5021 1043 5076 αὑτοῦ.
1076 5042 1094 5073 ι
1125 5021 1320 5092 Σαφῶς
1357 5022 1645 5095 τοιγαροῦν
1694 5026 1787 5078 καὶ
1827 5025 1884 5080 ἐν

315 5110 515 5175 τούτοις
542 5115 603 5166 ὲν
634 5116 700 5184 τῇ
742 5112 1005 5186 Ἐφραθὰ,
1035 5113 1156 5183 ἥτις
1190 5112 1337 5165 ἐστὶν
1373 5114 1406 5184 ή
1433 5112 1697 5184 Βηθλεὲμ,
1723 5115 1885 5182 αὐτὸς

314 5202 342 5253 ὁ
371 5203 572 5274 Κύριος
597 5204 694 5256 καὶ
721 5202 852 5268 Θεὸς
886 5203 1080 5256 Ἰακὼϐ
1110 5202 1271 5255 τόπον
1301 5201 1476 5272 ἑαυτῷ
1501 5204 1594 5256 καὶ
1622 5205 1887 5277 σκήνωμα

317 5295 677 5367 συστήσεσθαι
696 5295 1114 5367 προεφήτεύετο,
1138 5294 1433 5365 ὁμοφώνως
1452 5296 1517 5367 τῇ
1541 5294 1633 5348 τοῦ
1652 5296 1882 5368 Μιχαίου

316 5389 617 5460 προφητείᾳ
666 5389 911 5460 φησάσῃ·
970 5407 989 5440 ι
1017 5387 1128 5442 Καὶ
1173 5388 1260 5451 σὺ,
1321 5387 1566 5458 Βηθλεὲμ
1601 5383 1746 5451 οἶκος
1789 5389 1881 5443 τοῦ

328 5478 587 5551 Ἑφραθᾶ,
623 5483 692 5534 ἐκ
720 5482 811 5535 σοῦ
849 5499 936 5555 μοι
969 5481 1306 5549 ἐξελεύσεται
1347 5480 1665 5555 ἡγούμενος,
1705 5485 1797 5538 καὶ
1824 5485 1882 5538 αί

316 5569 479 5636 ἐξοδοι
522 5572 695 5628 αὑτοῦ
725 5575 817 5629 ἀπ’
855 5575 1029 5648 ἀρχῆς
1060 5575 1119 5641 ἐξ
1156 5574 1378 5649 ἡμερῶν
1416 5574 1628 5640 αἰῶνος·
1687 5596 1706 5629 ι
1741 5575 1884 5650 ἅπερ

379 5776 427 5811 ⁸⁸
452 5775 595 5836 Gen.
629 5794 797 5848 xxxv,
832 5778 917 5835 i9.
992 5779 1037 5811 "
1072 5779 1217 5837 Psal.
1244 5793 1430 5847 cam,
1464 5779 1517 5837 6.
1593 5781 1636 5818 ⁸⁷
1662 5778 1796 5834 ibid.
1828 5778 1880 5833 5.

1988 4656 2082 4725 qui
2118 4654 2296 4722 Deum,
2321 4654 2549 4720 viderit;
2584 4668 2710 4708 nam
2758 4654 2813 4709 id
2844 4670 3042 4711 nomen
3070 4656 3116 4711 si
3160 4655 3555 4725 interpreteris,

1988 4764 2135 4811 eum,
2171 4748 2259 4819 qui
2295 4746 2457 4801 Deum
2507 4747 2703 4809 videat.
2759 4747 3019 4803 habebis:
3071 4746 3220 4817 quod
3277 4762 3409 4801 vero
3449 4761 3557 4801 non

1989 4841 2133 4895 alius
2161 4840 2233 4895 sit
2261 4855 2425 4911 quam
2465 4838 2611 4895 Deus
2644 4838 2906 4908 Verbum,
2938 4841 3032 4910 qui
3071 4839 3174 4911 ipsi
3214 4838 3387 4895 Jacob
3411 4840 3560 4895 visus

1990 4933 2080 4995 sit.
2120 4932 2174 4987 in
2210 4932 2439 5001 hujusce
2480 4932 2664 5002 operis
2688 4933 3003 5004 primordiis
3034 4933 3553 4989 demonstravimus.

1989 5024 2244 5078 Precanti
2291 5038 2421 5093 ergo
2451 5020 2644 5090 David,
2678 5032 2732 5078 et
2777 5024 2958 5079 videre
3009 5025 3246 5093 cupienti
3280 5026 3460 5079 locum
3492 5040 3558 5083 ac

1990 5116 2405 5171 tabernaculum
2439 5116 2647 5171 Domini
2694 5115 2899 5187 Deique
2945 5115 3137 5180 Jacob,
3177 5118 3292 5186 ipse
3338 5117 3558 5175 Bethle-

1990 5207 2112 5264 hem
2176 5210 2329 5265 locus
2372 5218 2628 5267 ostensus
2680 5217 2797 5265 est;
2850 5207 3016 5280 3&8
3057 5223 3392 5284 quapropter
3431 5226 3555 5267 cum

1988 5299 2240 5365 dixisset,
2275 5318 2294 5351 ι
2323 5299 2459 5355 Ecce
2489 5300 2797 5356 audivimus
2834 5315 2951 5356 eam
2985 5318 3039 5356 in
3056 5301 3556 5371 Ephrata,oadjun-

1988 5390 2065 5461 git
2107 5391 2338 5447 dicens:
2378 5408 2396 5441 ι
2436 5390 2739 5465 Adoremus
2779 5392 2983 5448 inloco
3034 5393 3125 5449 ubi
3162 5402 3431 5451 steterunt
3465 5395 3563 5465 pe;

1987 5485 2085 5540 des
2111 5485 2230 5554 ejus
2249 5483 2316 5536 ⁸⁸.
2342 5502 2361 5534 ι
2403 5482 2730 5540 Planissime
2756 5487 2919 5557 igitur
2949 5487 3006 5543 in
3056 5489 3143 5546 bis
3168 5505 3388 5561 quoque
3429 5505 3558 5546 ver-

1988 5576 2074 5633 bis
2106 5578 2163 5632 in
2187 5576 2446 5649 Ephrata,
2474 5592 2592 5651 qua:
2642 5587 2727 5635 est
2769 5578 3105 5650 Bethlebem,
3134 5584 3273 5654 ipw
3294 5582 3561 5642 Dominus

1958 5780 1980 5810 '
2026 5778 2157 5836 ibid.
2199 5778 2250 5834 7.
