4106 6420
502 306 617 403 im

1180 339 1446 396 EUSEBII
1479 336 1961 394 CIESARIENSIS
2002 336 2154 393 OPP.
2197 337 2381 392 PARS
2419 335 2482 393 lI.
2509 334 3093 394 ——APOLOGETICA.

3662 338 3774 394 548

509 475 576 515 ac
600 456 742 512 Deus
767 455 934 510 Iacob
970 455 1150 508 locum
1189 453 1292 510 sibi
1333 469 1396 508 ac
1429 453 1849 509 tabernaculum
1880 454 2082 509 consti-

2189 452 2393 524 ἀρτίως
2424 451 2774 519 ἐξετάσαντες
2798 452 3114 522 ἐδείκνυμεν
3144 452 3510 524 ἀναφέρεσθαι
3541 455 3650 510 οὐδ’
3680 459 3777 528 ἐφ’

509 559 733 608 taturus
759 549 999 610 canitur,
1031 547 1177 617 quod
1206 547 1386 617 ipsum
1421 563 1545 601 cum
1580 544 1817 600 Michazae
1853 545 2092 615 prophe-

511 645 585 697 tia
616 639 913 695 concordat
948 638 1165 692 dicente
1200 655 1212 692 :
1271 655 1290 687 ι
1320 635 1385 689 Ει
1418 645 1497 702 ιιι,
1534 633 1847 690 Bethlehem
1894 634 2090 689 domus

508 732 808 806 Ephratha.
845 730 923 785 Ex
954 737 1007 784 te
1034 730 1168 783 mihi
1202 729 1515 800 egredietur
1557 728 1697 782 dux:
1735 734 1789 784 et
1833 743 2091 797 egressus

507 829 627 898 ejus
661 826 731 881 al)
762 826 920 880 initio
946 840 1009 879 ex
1033 824 1227 878 diebus
1250 822 1470 886 swculi;
1498 842 1515 874 ι
1551 838 1673 892 qua:
1693 837 1816 875 cum
1844 822 2093 891 proxime

510 942 908 994 scrutaremur,
950 928 1288 985 ostendimus
1322 928 1389 983 ad
1420 929 1629 983 nullum
1662 930 1828 984 alium
1852 946 1972 985 esse
2004 944 2093 985 re-

510 1023 756 1091 ferenda,
786 1039 948 1093 quam
986 1022 1053 1076 ad
1092 1038 1260 1076 unum
1313 1020 1649 1076 Salvatorem
1694 1038 1757 1077 ac
1801 1022 2088 1078 Dominum

511 1130 760 1174 nostrum
805 1116 995 1172 Jcsum
1045 1118 1137 1187 qui
1188 1116 1440 1171 Christus
1490 1127 1573 1171 est
1614 1114 1731 1179 Dei,
1784 1118 1985 1187 quique
2035 1118 2088 1170 in

510 1212 853 1274 Bethlehem,
879 1213 1025 1265 sicut
1050 1210 1351 1280 prophetia:
1381 1209 1767 1278 przedixerant,
1799 1219 1960 1263 natus
1983 1217 2083 1264 est.

450 1294 451 1297 “
508 1303 735 1358 Nullum
786 1304 931 1357 enim
980 1303 1146 1356 alium
1195 1300 1467 1371 quispiam
1521 1316 1760 1370 unquam
1812 1301 2085 1365 ostendet,

512 1398 606 1467 qui
659 1398 784 1451 inde
824 1412 947 1450 cum
984 1397 1154 1465 gloria
1198 1406 1316 1465 post
1369 1396 1541 1463 ipsius
1600 1395 1899 1463 prophetia:
1952 1406 2088 1447 tem-

513 1505 645 1560 pora
671 1488 976 1558 prodierit:
1008 1490 1193 1543 nullus
1224 1488 1367 1542 enim
1407 1502 1581 1555 neque
1609 1503 1723 1547 rex,
1756 1502 1931 1555 neque
1963 1503 2089 1556 pro-

511 1583 700 1653 phela,
732 1595 911 1651 neque
957 1582 1101 1635 alius
1140 1579 1415 1649 quispiam
1452 1593 1641 1631 eorum
1675 1577 1767 1646 qui
1807 1577 1947 1647 apud
1982 1577 2088 1633 Hc-

510 1674 687 1728 brazos
723 1671 833 1725 Deo
868 1671 1029 1723 amici
1071 1670 1294 1731 fuerint,
1332 1680 1529 1739 praeter
1565 1686 1728 1723 unum
1753 1668 2085 1724 Salvatorem

511 1779 576 1818 ac
609 1762 899 1817 Dominum
930 1770 1179 1815 nostrum
1215 1760 1307 1830 qui
1342 1762 1595 1816 Christus
1629 1772 1711 1815 est
1736 1760 1850 1824 Dei,
1875 1770 2083 1814 utrum-

2193 544 2378 615 ἕτερον
2418 543 2451 615 ἢ
2500 542 2592 596 ἐπὶ
2634 544 2794 613 μόνον
2834 543 2926 596 τὸν
2964 542 3194 614 Σωτῆρα
3235 545 3331 596 καὶ
3367 544 3568 617 Κύριον
3612 548 3780 619 ἡμῶν

2204 634 2412 707 Ἰησοῦν
2432 634 2520 688 τὸν
2544 634 2776 707 Χριστὸν
2794 633 2887 687 τοῦ
2916 633 3072 697 Θεοῦ,
3098 635 3156 687 ἐν
3182 633 3432 706 Βηθλεέμ
3461 639 3583 701 ταῖς
3608 643 3782 713 προρι

2195 730 2416 800 ρήσεσιν
2433 725 2745 789 ἀκολούθως
2766 726 3183 798 γεγεννημένον.
3212 729 3325 780 Οὐκ
3353 727 3419 780 ἂν
3450 728 3581 797 γοῦν
3613 730 3777 785 ἄλλον

2191 837 2275 883 τις
2305 818 2619 884 ἐπιδείξειεν
2650 819 2714 870 ἐκ
2740 817 2942 888 ταύτης
2973 815 3197 882 ἐνδόξως
3231 819 3371 889 μετά
3401 822 3526 884 τοὺς
3559 838 3761 894 προφηι

2191 912 2341 974 τείας
2387 910 2609 981 χρόνους
2660 910 3010 981 προελθόντασ
3043 910 3165 963 οὗτε
3203 910 3311 981 γὰρ
3348 911 3620 980 βασιλεὺς,
3646 912 3777 967 οὔτε

2192 1002 2501 1071 προφήτης,
2533 999 2639 1052 οὐδ’
2668 1000 2855 1070 ἕτερός
2886 1017 2969 1061 τις
2994 1000 3102 1053 τῶν
3123 1001 3254 1072 παρ’
3289 1002 3559 1073 Ἑϐραίοις
3589 1004 3776 1075 θεοφι-
3872 1000 3885 1008 ”

2190 1092 2316 1155 λῶν,
2358 1092 2390 1163 ἢ
2427 1092 2584 1162 μόνος
2617 1093 2645 1143 ό
2678 1091 2867 1162 Σωτὴρ
2912 1093 3003 1144 καὶ
3040 1092 3240 1163 Κύριος
3281 1093 3438 1164 ήμῶν
3477 1097 3506 1148 ό
3537 1096 3777 1168 Χριστὸς

2188 1183 2282 1237 τοῦ
2315 1184 2471 1247 (θεοῦ,
2514 1183 2651 1255 ὁμοῦ
2680 1186 2774 1237 καὶ
2804 1187 2866 1237 ἐκ
2899 1185 3211 1258 σπέρματος
3244 1187 3428 1250 Δαϐὶδ,
3467 1189 3560 1241 καὶ
3584 1188 3774 1242 αὐτόθι

2191 1279 2583 1349 γεγεννημένος
2629 1278 3032 1331 ἀποδείκνυται.
3092 1280 3231 1350 Ὦρα
3271 1282 3561 1351 τοιγαροῦν
3608 1281 3774 1336 αὑτὸν

2189 1374 2395 1424 ἐκεῖνον
2428 1366 2588 1432 εἶναι,
2626 1370 2718 1422 καὶ
2757 1369 2877 1422 ούδέ
2925 1369 3000 1438 (1)
3036 1370 3193 1423 ἄλλον
3219 1371 3310 1424 τὸν
3335 1376 3429 1425 καὶ
3479 1375 3536 1426 ἐν
3560 1373 3775 1437 τούτοις

2191 1461 2663 1531 προφητευόμενον
2696 1458 3000 1531 ὁμολογεῖν,
3021 1462 3102 1513 ὅτι
3121 1479 3178 1513 τε
3204 1462 3390 1530 σαφῶς
3423 1466 3480 1517 ἐν
3500 1469 3612 1529 τοῖς
3644 1466 3775 1536 ἑξῆς

2188 1555 2216 1605 6
2238 1554 2400 1618 αὐτὸς
2427 1553 2639 1623 ψαλμὸς
2671 1553 2928 1624 ὀνομαστὶ
2956 1554 3046 1607 τὸν
3089 1556 3323 1626 Χριστὸν
3351 1558 3774 1629 προσαγορεύων

2188 1646 2344 1700 τοῦτο
2378 1649 2695 1719 παρίστησι,
2739 1646 2804 1699 δι’
2836 1640 2910 1700 ὧν
2943 1666 3123 1720 φησιν·
3172 1668 3191 1699 ι
3231 1649 3452 1703 Ἕνεκεν
3483 1652 3646 1705 Δαϐὶδ
3673 1653 3770 1706 τοῦ

2187 1740 2370 1792 δούλου
2415 1757 2508 1793 σου
2557 1740 2630 1811 μὴ
2672 1741 3024 1814 ἀποστρέψῃς
3062 1743 3123 1795 τὸ
3167 1744 3456 1816 πρόσωπον
3499 1745 3592 1799 τοῦ
3637 1747 3774 1818 Χρι-

467 1887 470 1891 ~
511 1872 617 1926 que
664 1856 923 1909 habuisse
979 1853 1414 1915 demonstratur,
1466 1863 1519 1906 et
1571 1853 1715 1923 quod
1761 1852 2082 1927 desernine

2194 1833 2317 1885 στοῦ
2361 1850 2477 1885 σου*
2513 1853 2531 1885 ι
2571 1836 2664 1887 καὶ
2698 1835 2879 1888 πάλινο
2924 1855 2942 1887 ι
2989 1836 3138 1890 Ἐκεῖ
3169 1837 3470 1903 ἐξανατελῶ
3494 1839 3660 1912 κέρας
3691 1840 3773 1911 τῷ

515 1961 715 2022 David,
747 1972 801 2016 et
827 1962 969 2030 quod
1000 1960 1053 2014 in
1085 1976 1150 2015 eo
1182 1962 1303 2015 loco
1336 1964 1408 2015 sit
1436 1970 1620 2016 natus.
1654 1960 1892 2031 Tempus
1924 1960 2089 2031 igitur

504 2059 621 2127 jam
648 2064 729 2112 est
758 2065 818 2110 ut
845 2056 994 2109 illum
1038 2056 1217 2125 ipsum
1260 2070 1382 2109 esse
1419 2070 1529 2109 non
1572 2056 1740 2109 alium
1775 2057 2086 2124 quempiam

512 2149 804 2212 fateamur,
829 2149 920 2217 qui
947 2150 1002 2202 in
1035 2149 1121 2201 his
1153 2148 1485 2216 propheticis
1513 2147 1696 2202 verbis
1726 2148 2086 2227 signiﬁcatur,

510 2240 901 2309 evidenterque
957 2241 1011 2293 in
1044 2240 1112 2294 iis
1162 2255 1283 2309 quae
1322 2247 1631 2309 sequuntur
1659 2240 1911 2294 eumdem
1941 2243 2087 2309 psal-

512 2347 682 2393 mum,
703 2331 829 2385 dum
857 2330 1175 2385 nominatim
1195 2331 1477 2385 Christum
1501 2334 1757 2402 appellat,
1781 2333 1884 2387 hoc
1907 2335 2086 2403 ipsum

511 2421 822 2484 ostendere,
862 2421 951 2475 ubi
999 2422 1105 2475 ait:
1140 2440 1159 2472 ι
1184 2420 1417 2492 Propter
1446 2421 1614 2477 David
1662 2440 1881 2479 servum
1907 2434 2083 2492 tuum,

512 2528 581 2568 ne
610 2523 824 2568 avertas
856 2512 1047 2567 faciem
1075 2513 1281 2568 Christi
1317 2516 1395 2568 tui
1415 2515 1482 2567 ⁸³.
1510 2515 1612 2569 »Ει
1647 2532 1872 2573 rursus:
1915 2537 1933 2568 ι
1955 2516 2086 2573 Illuc

512 2605 811 2675 producam
842 2621 1014 2659 cornu
1049 2605 1249 2659 David:
1298 2609 1485 2675 paravi
1536 2608 1814 2663 lucernam
1865 2608 2086 2664 Christo

512 2711 654 2750 meo.
724 2694 979 2750 Inimicos
1039 2697 1161 2764 ejus
1229 2698 1451 2753 induam
1522 2700 1866 2781 confusione.
1920 2717 2088 2772 super

512 2790 693 2858 ipsum
739 2797 920 2843 autem
951 2789 1219 2843 elllorcbit
1254 2792 1619 2847 sanctiﬁcatio
1667 2795 1874 2848 mea“.
1905 2813 1923 2845 ι
1978 2795 2085 2849 Sed

515 2879 605 2932 ubi
636 2878 852 2933 tandem
908 2881 984 2932 ait
1008 2895 1068 2934 se
1105 2881 1501 2950 producturum
1528 2901 1709 2939 .cornu
1743 2885 1934 2950 David,
1977 2888 2087 2944 nisi

512 2969 570 3023 in
601 2970 912 3026 Bethlehem
942 2981 1104 3042 atque
1129 2975 1185 3027 in
1212 2973 1532 3044 Ephratha?
1569 2976 1699 3032 Inde
1731 2980 1875 3033 enim
1911 2995 2085 3034 cornu

511 3062 685 3117 David
713 3064 969 3119 Christus
1015 3076 1287 3135 quatenus
1328 3069 1395 3121 ad
1426 3081 1676 3123 naturam
1713 3073 1945 3139 pertinet
1991 3072 2089 3127 hu-

512 3184 750 3234 manant,
785 3173 940 3240 quasi
972 3172 1166 3241 ingens
1198 3173 1381 3227 lumen
1412 3183 1663 3228 exortum
1696 3184 1803 3231 est.
1830 3176 1932 3232 Hic
1954 3179 2081 3233 item
2113 3177 2153 3232 C

508 3260 711 3315 Christi
748 3262 967 3316 lucerna
990 3263 1059 3316 ab
1092 3266 1210 3332 ipso
1235 3263 1343 3319 Deo
1375 3267 1611 3322 universi
1642 3278 1942 3338 praeparata
1965 3280 2077 3326 est:

513 3350 677 3404 fuerit
708 3361 886 3406 autem
934 3353 1049 3407 hate
1078 3355 1302 3409 lucerna
1330 3358 1486 3424 quasi
1521 3359 1877 3430 intelligihilis
1921 3362 2078 3427 lucis,

509 3440 808 3495 humanum
859 3457 1082 3512 corpus,
1127 3460 1223 3513 per
1265 3447 1410 3515 quod
1443 3447 1617 3502 instar
1657 3452 1880 3505 testacei
1913 3454 2078 3517 vasis,

506 3536 766 3600 tanquam
801 3548 898 3602 per
945 3535 1245 3600 lucernam,
1283 3538 1488 3607 pl'Opl'ii
1535 3539 1759 3597 luminis
1792 3543 1976 3598 radios
2024 3545 2077 3597 in

505 3636 721 3684 omnes,
755 3624 1073 3695 quicunque
1106 3628 1411 3696 ignorantia
1445 3627 1542 3684 Dei
1574 3639 1628 3685 et
1669 3634 1956 3701 profundis
2000 3643 2079 3690 te-

507 3712 692 3768 nebris
725 3716 1131 3783 premebantur,
1161 3719 1363 3772 emisit.
1402 3720 1613 3775 Etenim
1660 3726 1713 3777 in
1743 3724 1827 3780 his
1861 3742 2078 3796 quoque

505 3803 867 3861 demonstrari
886 3808 1205 3876 planissime
1218 3813 1456 3865 arbitror
1480 3812 1647 3868 Deum
1669 3814 1859 3881 Jacob,
1885 3820 1978 3888 qui
2010 3821 2079 3874 ab

504 3896 661 3965 initio
683 3904 736 3951 et
751 3914 817 3952 ex
838 3900 1031 3954 diebus
1054 3903 1239 3957 saaculi
1258 3905 1495 3971 exsistit,
1516 3907 1583 3960 ad
1606 3908 1853 3967 homines
1878 3922 2075 3967 ventu-

504 4001 714 4053 rum,ct
737 3991 1006 4047 oriturum
1030 4010 1139 4051 non
1163 3998 1290 4052 alibi
1321 4006 1587 4055 terrarum
1608 4018 1769 4072 quam
1797 4005 1851 4059 in
1873 4004 2079 4062 Bethle-

482 4080 624 4163 _'hem
650 4082 791 4147 loco,
815 4085 907 4154 qui
925 4101 1034 4140 non
1053 4091 1244 4158 procul
1269 4092 1338 4146 ab
1360 4091 1753 4167 Hierosolymis
1769 4096 1930 4153 hodie
1942 4115 2077 4168 quo-

499 4186 607 4240 que
626 4173 845 4241 visitur,
873 4178 964 4232 ubi
981 4195 1112 4234 sane
1129 4196 1237 4236 non
1252 4184 1394 4239 alius
1411 4195 1533 4256 post
1547 4187 1932 4258 prephetarum
1946 4200 2079 4246 tem-

500 4280 632 4333 pora
656 4265 904 4333 illustris,
920 4278 974 4324 et
995 4273 1139 4341 apud
1158 4289 1349 4332 omnes
1371 4276 1622 4335 homines
1635 4282 1806 4352 gloria
1820 4284 2073 4350 celebris,

501 4368 665 4442 3&9
694 4387 857 4441 quam
890 4391 1033 4432 unus
1069 4376 1230 4434 Jesus
1259 4380 1513 4440 Christus
1547 4386 1617 4441 ab
1665 4388 1921 4445 omnibus
1955 4390 2074 4458 ejus

503 4461 608 4514 loci
639 4464 834 4519 incolis
865 4466 981 4536 (qui
1016 4469 1236 4538 quidem
1284 4472 1365 4527 sic
1393 4487 1517 4528 cum
1549 4479 1880 4548 evangelicis
1921 4483 2073 4535 voci—

498 4551 606 4607 bus
631 4557 989 4628 concordant)
1031 4568 1195 4617 natus
1237 4578 1361 4619 esse
1387 4565 1723 4634 perhibetur.
1758 4569 1853 4624 Est
1892 4579 2071 4626 autem

503 4644 843 4713 Bethlehem,
892 4665 958 4704 ex
988 4652 1459 4724 interpretatione,
1498 4658 1687 4715 domus
1726 4665 1901 4732 panis,
1953 4683 2074 4735 qua:

501 4739 584 4794 sic
625 4740 846 4809 quidem
893 4742 1137 4812 ejusdem
1192 4754 1277 4803 est
1310 4751 1549 4807 nominis
1593 4767 1718 4808 cum
1767 4771 1833 4811 eo
1868 4759 1959 4828 qui
2002 4759 2071 4814 de

501 4831 620 4901 ipsa
652 4833 928 4902 profectus
970 4846 1082 4897 est,
1121 4837 1404 4897 Salvatore
1454 4853 1664 4911 nostro,
1713 4850 1803 4919 qui
1840 4866 1964 4905 cum
1998 4854 2068 4907 sit

502 4921 597 4977 Dei
640 4923 879 4981 Verbum
923 4934 977 4982 et
1014 4929 1175 4994 ratio,
1228 4933 1544 4988 animalium
1580 4939 1929 4995 rationalium
1983 4952 2066 4999 est

500 5013 840 5074 alimentum.
900 5015 1073 5083 Quam
1119 5034 1234 5075 rem
1278 5024 1396 5093 ipse
1439 5041 1657 5097 quoque
1705 5028 2063 5098 demonstrat,

500 5105 594 5160 ubi
635 5106 742 5163 ait:
771 5126 791 5159 ‹
820 5108 932 5180 Ego
962 5125 1082 5165 sum
1109 5112 1266 5181 panis
1294 5116 1385 5185 qui
1420 5117 1488 5172 de
1509 5121 1651 5176 uelo
1677 5122 1930 5177 descendi
1950 5126 2015 5181 ⁹¹.
2041 5146 2060 5180 ›

499 5194 702 5254 Verum
747 5205 1005 5272 quoniam
1051 5206 1166 5262 haec
1216 5208 1404 5265 eadem
1457 5212 1628 5281 ipsius
1680 5213 1848 5269 David
1892 5217 2063 5288 patria

497 5289 621 5357 luit,
646 5294 842 5348 merito
864 5296 958 5365 qui
986 5301 1197 5356 ratione
1216 5301 1466 5357 humanae
1488 5311 1696 5360 naturae
1721 5306 1886 5363 David
1917 5312 2062 5367 tilius

494 5394 622 5459 fuit,
642 5412 707 5452 ex
729 5397 833 5454 hoc
865 5399 985 5471 ipso
1008 5402 1129 5459 loco
1157 5406 1438 5476 profectus
1463 5415 1571 5474 est,
1600 5412 1654 5465 in
1688 5427 1755 5467 eo
1783 5428 1914 5470 sane
1935 5432 2058 5473 cum

490 5489 832 5564 propheticis
874 5498 1217 5554 concordans
1261 5502 1499 5557 oraculis
1544 5519 1559 5557 :
1601 5504 1784 5576 itaque
1827 5510 2062 5567 obscura

489 5594 619 5637 esse
642 5584 880 5656 amplius
911 5602 1076 5643 causa
1106 5606 1213 5645 non
1246 5601 1445 5661 potest,
1486 5610 1586 5652 cur
1611 5599 1715 5654 sibi
1751 5599 2060 5659 Bethlehem

564 5689 611 5725 ⁸⁵
641 5694 784 5749 Psal.
814 5711 996 5766 cxxxt,
1030 5699 1116 5754 10.
1196 5702 1240 5734 ὀ
1263 5704 1395 5762 ibid.
1431 5707 1517 5773 17,
1548 5709 1631 5764 18.
1714 5715 1756 5745 ἰ
1788 5713 2041 5783 Joan.vr,
2073 5718 2162 5775 41.

564 5786 813 5861 (ι)οὺδ’.
846 5789 985 5865 Lege
1015 5796 1109 5865 οὐχ
1132 5816 1144 5829 ο
1181 5800 1305 5855 item
1348 5812 1397 5856 et
1437 5807 1600 5875 paulo
1635 5819 1778 5877 post.
1824 5810 1981 5869 Eon.

2189 1925 2376 1991 Δαϐὶδ,
2395 1926 2667 1996 ἡτοίμασα
2696 1926 2886 1998 λύχνον
2914 1927 2992 1999 τῷ
3008 1929 3228 2002 Χριστῷ
3248 1948 3367 2000 μου.
3388 1931 3525 1994 Τοὺς
3544 1932 3772 2005 ἐχθροὺς

2191 2017 2353 2070 αὑτοῦ
2399 2018 2601 2071 ἐνδύσω
2634 2020 2914 2092 αἰσχύνην,
2959 2022 3052 2073 ἐπὶ
3094 2022 3151 2075 δὲ
3194 2022 3355 2075 αὐτὸν
3397 2024 3679 2095 ἐξανθήσει
3708 2026 3773 2078 τὸ

2189 2112 2437 2182 ἀγίασμά
2464 2129 2585 2183 μου.
2622 2132 2640 2163 ι
2675 2113 2786 2166 Ποῦ
2814 2113 2870 2166 δέ
2901 2131 3085 2186 φησιν,
3126 2133 3145 2166 ‹
3192 2116 3337 2169 Ἑκεί
3356 2116 3658 2181 ἐξανατελῶ
3678 2100 3770 2172 x2-

2194 2220 2291 2275 ρας
2321 2205 2398 2276 τῷ
2426 2206 2609 2268 Δαὸὶδ,
2645 2226 2663 2256 ι
2699 2207 2731 2277 ἢ
2769 2208 2826 2259 ὲν
2870 2209 2935 2277 τῇ
2981 2207 3227 2278 Βηθλεὲμ
3261 2212 3325 2279 τῇ
3378 2210 3653 2281 Ἐιρραθάς
3684 2214 3773 2263 ἐνσι

2187 2296 2376 2349 τεῦθεν
2401 2298 2509 2368 γὰρ
2540 2299 2600 2351 τὸ
2647 2300 2811 2371 κέρας
2853 2299 2947 2352 τοῦ
2979 2301 3144 2356 Δαὸὶδ
3187 2303 3215 2353 6
3260 2303 3491 2371 Χριστὸς
3531 2303 3594 2357 τὸ
3627 2306 3767 2359 κατά

2192 2390 2367 2461 σάρκα
2389 2387 2499 2444 οἶόν
2521 2410 2575 2444 τι
2604 2392 2747 2462 μέγα
2775 2392 2890 2461 φῶς
2916 2395 3268 2461 ἐξανέτειλεν,
3293 2374 3527 2451 ἐνταῦθά
3546 2413 3605 2449 τε
3630 2400 3769 2470 ἡτοί-

2192 2500 2364 2552 μαστο
2391 2484 2495 2536 ὑπὸ
2522 2484 2615 2536 τοῦ
2643 2484 2776 2539 Θεοῦ
2810 2486 2917 2539 τῶν
2948 2486 3082 2540 ὅλων
3110 2491 3138 2541 6
3168 2488 3261 2541 τοῦ
3290 2488 3526 2559 Χριστοῦ
3552 2488 3763 2561 λύχνος.

2187 2575 2289 2645 Εῖη
2319 2576 2363 2628 δ’
2391 2575 2455 2629 ἂν
2486 2576 2676 2648 λύχνος
2701 2578 2886 2642 αὑτοῦ,
2917 2574 3003 2633 οἷα
3036 2580 3221 2652 νοεροῦ
3249 2580 3445 2651 φωτὸς,
3480 2581 3538 2634 τὸ
3564 2582 3768 2665 ἀνθρώ⁴

2189 2684 2337 2721 πειον
2371 2669 2585 2739 σκῆνος,
2607 2670 2672 2723 δι’
2703 2663 2763 2723 οὗ
2792 2671 2945 2743 δίκην
2967 2673 3285 2744 ὀστρακίνου
3308 2674 3554 2739 σκεύους,
3579 2672 3724 2728 ὥσπε
3734 2694 3768 2748 ρ

2186 2757 2274 2811 διὰ
2300 2758 2513 2830 λύχνου,
2540 2762 2639 2825 τάς
2667 2761 2761 2815 τοῦ
2796 2763 2923 2816 ἰδίου
2954 2767 3129 2834 φωτὸς
3158 2768 3381 2830 ἀκτῖνας
3412 2768 3544 2820 πᾶσι
3574 2770 3686 2832 τοῖς
3708 2770 3769 2822 ἐν

2187 2849 2379 2919 ἀγνοίᾳ
2409 2850 2543 2903 Θεοῦ
2574 2851 2667 2904 καὶ
2698 2853 2873 2924 σκότῳ
2900 2854 3050 2924 βαθεί
3076 2848 3763 2929 πιεζομένοιςί’ὲξέλαμψεν.

2200 2938 2357 2992 Ἀλλά
2427 2941 2533 3011 γὰρ
2597 2942 2692 2994 καί
2746 2943 2803 2995 ἐν
2858 2946 3068 3007 τούτοις
3136 2943 3517 3019 ἀποδεδεῖχθαι
3579 2946 3766 3016 σαφῶς

2188 3031 2428 3102 ἡγοῦμαι
2477 3034 2609 3087 Θεὸν
2655 3033 2847 3088 Ἰακὼϐ
2904 3035 3229 3109 ἀπ”ἀρχῆς
3284 3039 3376 3091 καὶ
3432 3039 3490 3103 ἐξ
3545 3041 3770 3113 ἡμερῶν

2186 3127 2518 3194 τυγχάνοντα
2537 3128 2729 3192 αἰῶνος
2756 3128 3058 3200 ἀνθρώποις
3081 3132 3459 3205 ἐπιδημήσειν,
3478 3136 3569 3186 καί
3584 3152 3774 3204 γεννη-

2187 3217 2443 3289 θήσεσθαι
2467 3220 2566 3272 οὐκ
2587 3220 2839 3292 ἀλλαχόθι
2868 3222 2973 3293 γῆς
2999 3224 3162 3295 ἀλλ’ἢ
3182 3229 3239 3279 ἐν
3261 3226 3338 3297 τῷ
3360 3229 3497 3281 κατὰ
3520 3227 3770 3298 Βηθλεὲμ

2186 3312 2354 3382 τόπῳ,
2371 3312 2506 3383 πρὸς
2523 3316 2631 3376 τοῖς
2660 3314 2920 3386 Ἰεροσολύ
2930 3334 3050 3387 μοις
3065 3317 3232 3371 εἰσέτι
3251 3321 3344 3372 καὶ
3361 3318 3455 3373 νῦν
3472 3320 3774 3374 ἐπιδεικνυ-

2187 3404 2333 3474 μένῳ
2355 3403 2557 3474 χωρίῳ,
2583 3403 2709 3458 ἔνθα
2734 3406 2841 3458 οὐδ’
2863 3407 3020 3472 ἄλλος
3044 3409 3179 3480 μετά
3206 3413 3327 3475 τοὺς
3349 3412 3455 3465 τῶν
3473 3415 3770 3487 προφητῶν

2184 3496 2409 3567 χρόνους
2427 3498 2696 3568 ἐπιφανὴς
2724 3501 2817 3552 καὶ
2848 3503 2927 3562 εἰς
2944 3503 3151 3568 πάντας
3175 3505 3270 3558 ἀνθ
3281 3504 3495 3577 ρώπους
3522 3507 3768 3575 ἐπίδοξος

2181 3588 2213 3659 ἣ
2240 3588 2395 3660 μόνος
2424 3589 2629 3659 Ἰησοῦς
2655 3592 2683 3642 6
2705 3593 2938 3664 Χριστὸς
2967 3596 3101 3667 πρὸς
3122 3598 3228 3651 τῶν
3254 3601 3563 3671 ἐπιχωρίων
3588 3602 3767 3655 ἀπάν-

2180 3697 2287 3733 των
2324 3680 2632 3745 ἀκολούθως
2684 3687 2803 3748 ταῖς
2851 3686 3232 3755 εύαγγελικαῖς
3279 3693 3483 3758 φωναῖς
3522 3691 3762 3760 γεγονὼς

2183 3776 2553 3843 μαρτυρεῖται.
2602 3776 2989 3849 Ἐρμηνεύεται
3035 3779 3090 3831 δὲ
3126 3782 3157 3851 ἠ
3192 3781 3436 3852 Βηθλεὲμ
3468 3780 3631 3850 οἶκος
3654 3782 3761 3852 ἄρ-

2180 3879 2306 3928 του,
2340 3864 2657 3936 φερώνυμος
2683 3863 2816 3921 οὖσα
2847 3870 2941 3923 τοῦ
2975 3871 3322 3942 προελθόντος
3356 3874 3415 3938 ἐξ
3443 3876 3613 3945 αὐτῆς
3645 3876 3761 3929 Σω-

2178 3954 2339 4025 τῆρος
2386 3957 2540 4027 ἡμῶν
2573 3958 2721 4024 ὄντος
2755 3960 2889 4013 Θεοῦ
2918 3963 3115 4032 Λόγου,
3146 3965 3334 4037 ψυχῶν
3366 3966 3599 4036 λογικῶν
3633 3968 3761 4037 θρε-

2180 4047 2372 4100 πτικοῦ
2393 4065 2405 4078 ·
2441 4049 2469 4102 ὃ
2493 4051 2585 4103 καὶ
2619 4051 2947 4125 παρίστησιν
2968 4056 3128 4120 αὐτὸς
3157 4056 3330 4128 λέγων
3352 4076 3364 4088 ο
3409 4079 3427 4110 ι
3471 4060 3610 4130 Ἐγώ
3642 4064 3759 4132 εἰμι

2176 4141 2204 4191 6
2238 4138 2403 4210 ἄρτος
2432 4144 2460 4195 6
2508 4143 2572 4195 ἐκ
2617 4145 2712 4198 τοῦ
2745 4146 2973 4218 ούρανοῦ
3010 4149 3273 4214 καταϐάς.
3320 4171 3337 4201 ι
3387 4152 3526 4206 Ἀλλ’
3569 4155 3757 4224 ἐπειδὴ

2178 4234 2271 4284 καὶ
2314 4232 2408 4285 τοῦ
2453 4236 2617 4289 Δαϐἰδ
2644 4238 2861 4307 γέγονεν
2903 4240 3040 4313 αὕτη
3087 4243 3302 4313 πατρὶς,
3336 4244 3560 4310 εἰκότως
3591 4248 3684 4302 καὶ
3728 4252 3759 4302 ό

2177 4323 2317 4377 κατά
2353 4326 2529 4399 σάρκα
2561 4330 2848 4400 γενόμενος
2870 4332 2983 4395 υίὸς
3011 4334 3175 4388 Δαϐἰδ
3194 4335 3291 4407 τὴν
3324 4337 3546 4409 πρόοδον
3572 4339 3632 4405 ἐξ
3657 4340 3757 4394 a6-

2176 4417 2273 4487 τῆς
2301 4420 2609 4490 ἐποιήσατο,
2643 4422 2950 4488 ἀκολούθως
2975 4428 3094 4489 ταῖς
3127 4433 3489 4500 προφητικαίς
3521 4434 3757 4504 προῤῥήε

2105 4520 2151 4577 ι)
2180 4525 2357 4561 σεσιν·
2395 4510 2533 4564 ὥστε
2574 4514 2674 4566 οὐκ
2705 4513 2896 4585 ἄδηλον
2930 4511 3066 4570 εἶναι
3111 4521 3204 4573 καὶ
3242 4519 3340 4591 τὴν
3380 4523 3559 4576 αἰτίαν
3588 4523 3655 4577 δι’
3687 4525 3756 4596 ἣν

2177 4601 2406 4672 πατρίδα
2433 4604 2529 4675 τὴν
2557 4604 2805 4677 Βηθλεέμ
2837 4608 3204 4681 ἐπεγράψατο.
3253 4612 3410 4668 Ἀλλά
3438 4616 3530 4669 καὶ
3555 4620 3613 4671 ἐν
3637 4619 3753 4672 Να-

2177 4689 2361 4764 ζάροις
2410 4694 2740 4767 ἀνατραφεὶς
2788 4698 3024 4768 λέγεται,
3079 4702 3173 4755 καὶ
3226 4703 3386 4758 πάλιν
3437 4703 3754 4780 Ναξαραῖος

2176 4782 2557 4855 κληθήσεσθαι.
2578 4787 2774 4842 ’ἰστέον
2798 4787 2911 4853 οῦν,
2937 4794 3019 4846 ὃτι
3052 4794 3222 4848 καὶτὸ
3248 4793 3557 4868 Ναζαραῖον
3581 4799 3751 4872 ὄνομα

2187 4875 2466 4947 Ἐὅραῖκὸν
2499 4882 2755 4951 τυγχάνει
2788 4884 2845 4936 ἐν
2889 4885 3157 4958 Λευῖτικῷ
3190 4890 3281 4942 ἐπὶ
3312 4890 3405 4944 τοῦ
3450 4894 3752 4967 χρίσματος

2169 4966 2265 5020 τοῦ
2298 4970 2428 5042 παρ’
2458 4972 2642 5037 αὐτοῖς
2673 4975 2930 5047 Χριστοῦ.
2960 4973 3068 5031 τΗν
3094 4978 3151 5032 δὲ
3183 4973 3338 5047 οὗτος
3360 4985 3389 5037 6
3418 4966 3602 5057 ἄρχων
3629 4988 3749 5042 κατ’

2169 5061 2352 5115 εἰκόνα
2379 5062 2470 5116 τοῦ
2509 5065 2743 5135 μεγάλου
2779 5070 2870 5121 καὶ
2902 5070 3116 5141 ἀληθῶς
3148 5074 3450 5147 ἀρχιερέως
3485 5078 3580 5131 τοῦ
3613 5081 3751 5153 Χρι-

2170 5152 2295 5205 στοῦ
2316 5154 2409 5207 τοῦ
2441 5155 2598 5221 Θεοῦ,
2623 5158 2821 5233 σκιώδη
2851 5161 2971 5215 τινὰ
2999 5165 3091 5217 καὶ
3120 5168 3347 5222 τυπικὸν
3371 5171 3604 5242 Χριστὸν
3629 5173 3751 5226 ἐπι-

2170 5244 2487 5316 φερόμενος.
2521 5248 2607 5302 Ἐν
2638 5245 2720 5314 οἷς
2746 5252 2875 5320 γοῦν
2905 5253 3118 5328 εἴρηται
3152 5259 3294 5314 κατά
3317 5262 3444 5326 τοὺς
3482 5263 3746 5337 Ἑϐδομή-

2172 5354 2337 5391 κοντα
2367 5340 2493 5413 περί
2526 5342 2618 5395 τοῦ
2662 5345 2982 5418 Ἀρχιερέως
3006 5367 3018 5380 ⁸
3057 5369 3075 5401 ι
3106 5352 3215 5406 Καὶ
3238 5354 3300 5407 οὐ
3335 5354 3632 5426 βεδηλὼσει
3654 5357 3749 5413 τὸν

2169 5432 2500 5502 ἡγιασμένον
2546 5434 2638 5488 τοῦ
2694 5435 2829 5490 Θεοῦ
2881 5440 3047 5494 αὑτοῦ
3071 5459 3084 5473 ο
3137 5444 3218 5499 ὅτι
3262 5444 3325 5500 τὸ
3370 5448 3523 5517 ἆγιον
3568 5447 3748 5504 ἔλαιον

2169 5522 2404 5593 Χριστοῦ
2429 5524 2518 5578 τοῦ
2545 5525 2679 5579 Θεοῦ
2712 5527 2907 5581 αὐτοῦ’
2953 5549 2972 5581 ι
3004 5531 3066 5585 τὸ
3101 5533 3200 5605 μὲν
3239 5535 3544 5607 Ἐϐραῖκόν,
3578 5556 3599 5589 ι
3623 5538 3747 5592 Ὅτι

2170 5611 2354 5685 Ναζὲρ
2386 5614 2580 5680 ἔλαιον,
2614 5636 2632 5668 ι
2664 5617 2932 5687 περιέχειο
2968 5622 2996 5674 6
3024 5621 3080 5675 δὲ
3121 5622 3378 5691 Ἀκύλας’
3421 5644 3441 5679 ι
3483 5616 3602 5681 Ὅτι
3646 5628 3753 5707 ἀφΔ

2129 5936 2184 5947 ρ.
