  <div class='ocr_page' id='page_1' title='image "/cluster/home/n/w/nwhite01/storage/ocr_20150623/22/hvd.32044073501140/282.png"; bbox 0 0 4106 6420; ppageno 0'>
   <div class='ocr_carea' id='block_1_1' title="bbox 238 350 3503 413">
    <p class='ocr_par' dir='ltr' id='par_1_1' title="bbox 238 350 3503 413">
     <span class='ocr_line' id='line_1_1' title="bbox 238 350 3503 413; baseline 0 -1"><span class='ocrx_word' id='word_1_1' title='bbox 238 352 365 413; x_wconf 63' lang='grc' dir='ltr'><strong>διο</strong></span> <span class='ocrx_word' id='word_1_2' title='bbox 1163 350 1816 409; x_wconf 72' lang='lat' dir='ltr'><strong>DEMONSTRATIONIS</strong></span> <span class='ocrx_word' id='word_1_3' title='bbox 1856 351 2317 407; x_wconf 67' lang='lat' dir='ltr'><strong>EVANGELICJE</strong></span> <span class='ocrx_word' id='word_1_4' title='bbox 2363 352 2493 409; x_wconf 81' lang='lat' dir='ltr'><strong>LIB:</strong></span> <span class='ocrx_word' id='word_1_5' title='bbox 2535 353 2648 410; x_wconf 75' lang='lat' dir='ltr'><strong>VH.</strong></span> <span class='ocrx_word' id='word_1_6' title='bbox 3394 357 3503 413; x_wconf 80' lang='lat'><strong>550</strong></span> 
     </span>
    </p>
   </div>
   <div class='ocr_carea' id='block_1_2' title="bbox 230 467 1836 545">
    <p class='ocr_par' dir='ltr' id='par_1_2' title="bbox 230 467 1831 545">
     <span class='ocr_line' id='line_1_2' title="bbox 230 467 1831 545; baseline -0.007 -14"><span class='ocrx_word' id='word_1_7' title='bbox 230 479 480 545; x_wconf 73' lang='grc' dir='ltr'>ὁρισμα,</span> <span class='ocrx_word' id='word_1_8' title='bbox 502 472 676 527; x_wconf 73' lang='grc' dir='ltr'>ἔλαιον</span> <span class='ocrx_word' id='word_1_9' title='bbox 696 471 1027 544; x_wconf 82' lang='grc' dir='ltr'>ἀλείμματος</span> <span class='ocrx_word' id='word_1_10' title='bbox 1052 468 1185 524; x_wconf 81' lang='grc' dir='ltr'>Θεοῦ</span> <span class='ocrx_word' id='word_1_11' title='bbox 1210 468 1374 523; x_wconf 76' lang='grc' dir='ltr'>αὐτοῦ</span> <span class='ocrx_word' id='word_1_12' title='bbox 1405 470 1490 522; x_wconf 74' lang='grc' dir='ltr'>ἐπ’</span> <span class='ocrx_word' id='word_1_13' title='bbox 1523 467 1669 524; x_wconf 79' lang='grc' dir='ltr'>αὑτῶ</span> <span class='ocrx_word' id='word_1_14' title='bbox 1692 482 1706 495; x_wconf 87' lang='grc'><strong>·</strong></span> <span class='ocrx_word' id='word_1_15' title='bbox 1747 487 1766 520; x_wconf 76' lang='grc' dir='ltr'><strong>ι</strong></span> <span class='ocrx_word' id='word_1_16' title='bbox 1802 468 1831 520; x_wconf 99' lang='lat'><strong>6</strong></span> 
     </span>
    </p>
   </div>
   <div class='ocr_carea' id='block_1_3' title="bbox 1935 467 3503 545">
    <p class='ocr_par' dir='ltr' id='par_1_3' title="bbox 1935 468 3503 539">
     <span class='ocr_line' id='line_1_3' title="bbox 1935 468 3503 539; baseline 0.006 -18"><span class='ocrx_word' id='word_1_17' title='bbox 1935 468 2161 538; x_wconf 81' lang='lat' dir='ltr'><strong>patriam</strong></span> <span class='ocrx_word' id='word_1_18' title='bbox 2186 468 2521 539; x_wconf 80' lang='lat' dir='ltr'><strong>ascripserit.</strong></span> <span class='ocrx_word' id='word_1_19' title='bbox 2554 468 2821 525; x_wconf 61' lang='lat' dir='ltr'><strong>Caeterum</strong></span> <span class='ocrx_word' id='word_1_20' title='bbox 2842 469 3003 525; x_wconf 87' lang='lat' dir='ltr'><strong>etiam</strong></span> <span class='ocrx_word' id='word_1_21' title='bbox 3032 472 3087 527; x_wconf 90' lang='lat' dir='ltr'><strong>in</strong></span> <span class='ocrx_word' id='word_1_22' title='bbox 3115 471 3342 529; x_wconf 82' lang='lat' dir='ltr'><strong>Nazaris</strong></span> <span class='ocrx_word' id='word_1_23' title='bbox 3364 475 3503 531; x_wconf 87' lang='lat' dir='ltr'><strong>edu-</strong></span> 
     </span>
    </p>
   </div>
   <div class='ocr_carea' id='block_1_4' title="bbox 232 560 1836 638">
    <p class='ocr_par' dir='ltr' id='par_1_4' title="bbox 232 562 1832 638">
     <span class='ocr_line' id='line_1_4' title="bbox 232 562 1832 638; baseline -0.003 -18"><span class='ocrx_word' id='word_1_24' title='bbox 232 566 305 620; x_wconf 68' lang='grc' dir='ltr'><strong>δὲ</strong></span> <span class='ocrx_word' id='word_1_25' title='bbox 342 567 676 638; x_wconf 82' lang='grc' dir='ltr'>Σύμμαχος·</span> <span class='ocrx_word' id='word_1_26' title='bbox 719 583 738 616; x_wconf 76' lang='grc' dir='ltr'><strong>ι</strong></span> <span class='ocrx_word' id='word_1_27' title='bbox 777 566 898 618; x_wconf 82' lang='grc' dir='ltr'>’Ότι</span> <span class='ocrx_word' id='word_1_28' title='bbox 931 563 1151 617; x_wconf 79' lang='grc' dir='ltr'><strong>ἄθικτον</strong></span> <span class='ocrx_word' id='word_1_29' title='bbox 1193 563 1371 616; x_wconf 71' lang='grc' dir='ltr'>ἔλαιον</span> <span class='ocrx_word' id='word_1_30' title='bbox 1413 562 1507 616; x_wconf 91' lang='grc' dir='ltr'><strong>τοῦ</strong></span> <span class='ocrx_word' id='word_1_31' title='bbox 1534 563 1832 634; x_wconf 79' lang='grc' dir='ltr'>χρίσματος</span> 
     </span>
    </p>
   </div>
   <div class='ocr_carea' id='block_1_5' title="bbox 1935 560 3504 638">
    <p class='ocr_par' dir='ltr' id='par_1_5' title="bbox 1935 560 3504 627">
     <span class='ocr_line' id='line_1_5' title="bbox 1935 560 3504 627; baseline 0.007 -14"><span class='ocrx_word' id='word_1_32' title='bbox 1935 570 2084 613; x_wconf 90' lang='lat' dir='ltr'><strong>catus</strong></span> <span class='ocrx_word' id='word_1_33' title='bbox 2116 575 2238 614; x_wconf 87' lang='lat' dir='ltr'><strong>esse</strong></span> <span class='ocrx_word' id='word_1_34' title='bbox 2260 560 2485 627; x_wconf 85' lang='lat' dir='ltr'><strong>dicitur,</strong></span> <span class='ocrx_word' id='word_1_35' title='bbox 2511 570 2563 615; x_wconf 89' lang='lat' dir='ltr'><strong>et</strong></span> <span class='ocrx_word' id='word_1_36' title='bbox 2590 561 2670 615; x_wconf 87' lang='lat' dir='ltr'><strong>sic</strong></span> <span class='ocrx_word' id='word_1_37' title='bbox 2700 560 2993 617; x_wconf 83' lang='lat' dir='ltr'><strong>Nazaraeus</strong></span> <span class='ocrx_word' id='word_1_38' title='bbox 3020 564 3319 621; x_wconf 85' lang='lat' dir='ltr'><strong>vocandus.</strong></span> <span class='ocrx_word' id='word_1_39' title='bbox 3345 565 3504 625; x_wconf 81' lang='lat' dir='ltr'><strong>Scire</strong></span> 
     </span>
    </p>
   </div>
   <div class='ocr_carea' id='block_1_6' title="bbox 233 648 1836 726">
    <p class='ocr_par' dir='ltr' id='par_1_6' title="bbox 233 654 1830 726">
     <span class='ocr_line' id='line_1_6' title="bbox 233 654 1830 726; baseline -0.006 -13"><span class='ocrx_word' id='word_1_40' title='bbox 233 660 349 712; x_wconf 76' lang='grc' dir='ltr'><strong>τοῦ</strong></span> <span class='ocrx_word' id='word_1_41' title='bbox 380 657 519 713; x_wconf 82' lang='grc' dir='ltr'>Θεοῦ</span> <span class='ocrx_word' id='word_1_42' title='bbox 545 655 707 711; x_wconf 78' lang='grc' dir='ltr'>αὐτοῦ</span> <span class='ocrx_word' id='word_1_43' title='bbox 740 656 827 708; x_wconf 79' lang='grc' dir='ltr'>ἐπ’</span> <span class='ocrx_word' id='word_1_44' title='bbox 861 654 1042 726; x_wconf 77' lang='grc' dir='ltr'><strong>αύτῷ⁹</strong></span> <span class='ocrx_word' id='word_1_45' title='bbox 1086 674 1105 707; x_wconf 77' lang='grc' dir='ltr'><strong>ι</strong></span> <span class='ocrx_word' id='word_1_46' title='bbox 1142 656 1171 709; x_wconf 84' lang='lat'><strong>6</strong></span> <span class='ocrx_word' id='word_1_47' title='bbox 1212 654 1267 708; x_wconf 85' lang='grc' dir='ltr'><strong>δὲ</strong></span> <span class='ocrx_word' id='word_1_48' title='bbox 1300 654 1619 708; x_wconf 84' lang='grc' dir='ltr'>Θεοδοτίων·</span> <span class='ocrx_word' id='word_1_49' title='bbox 1659 672 1676 703; x_wconf 76' lang='grc' dir='ltr'><strong>ι</strong></span> <span class='ocrx_word' id='word_1_50' title='bbox 1709 654 1830 706; x_wconf 82' lang='grc' dir='ltr'>’Ότι</span> 
     </span>
    </p>
   </div>
   <div class='ocr_carea' id='block_1_7' title="bbox 1935 648 3499 726">
    <p class='ocr_par' dir='ltr' id='par_1_7' title="bbox 1935 648 3499 720">
     <span class='ocr_line' id='line_1_7' title="bbox 1935 648 3499 720; baseline 0.007 -19"><span class='ocrx_word' id='word_1_51' title='bbox 1935 648 2098 719; x_wconf 84' lang='lat' dir='ltr'><strong>igitur</strong></span> <span class='ocrx_word' id='word_1_52' title='bbox 2138 656 2356 720; x_wconf 75' lang='lat' dir='ltr'><strong>oportet</strong></span> <span class='ocrx_word' id='word_1_53' title='bbox 2396 649 2542 719; x_wconf 91' lang='lat' dir='ltr'><strong>quod</strong></span> <span class='ocrx_word' id='word_1_54' title='bbox 2592 665 2789 706; x_wconf 86' lang='lat' dir='ltr'><strong>nomen</strong></span> <span class='ocrx_word' id='word_1_55' title='bbox 2821 661 2905 707; x_wconf 90' lang='lat' dir='ltr'><strong>est</strong></span> <span class='ocrx_word' id='word_1_56' title='bbox 2956 652 3286 710; x_wconf 82' lang='lat' dir='ltr'><strong>Hebraicum</strong></span> <span class='ocrx_word' id='word_1_57' title='bbox 3331 657 3499 713; x_wconf 72' lang='lat' dir='ltr'><strong>Nazi-</strong></span> 
     </span>
    </p>
   </div>
   <div class='ocr_carea' id='block_1_8' title="bbox 232 737 1836 821">
    <p class='ocr_par' dir='ltr' id='par_1_8' title="bbox 232 744 1831 821">
     <span class='ocr_line' id='line_1_8' title="bbox 232 744 1831 821; baseline -0.004 -17"><span class='ocrx_word' id='word_1_58' title='bbox 232 749 309 804; x_wconf 70' lang='grc' dir='ltr'>τὸ</span> <span class='ocrx_word' id='word_1_59' title='bbox 344 748 532 821; x_wconf 74' lang='grc' dir='ltr'>Ναζὲρ</span> <span class='ocrx_word' id='word_1_60' title='bbox 558 748 732 803; x_wconf 77' lang='grc' dir='ltr'>ἔλαιον</span> <span class='ocrx_word' id='word_1_61' title='bbox 757 748 817 801; x_wconf 81' lang='grc' dir='ltr'><strong>τὸ</strong></span> <span class='ocrx_word' id='word_1_62' title='bbox 841 746 1056 821; x_wconf 68' lang='grc' dir='ltr'>χριστον</span> <span class='ocrx_word' id='word_1_63' title='bbox 1091 745 1241 819; x_wconf 87' lang='grc' dir='ltr'><strong>παρά</strong></span> <span class='ocrx_word' id='word_1_64' title='bbox 1268 744 1401 800; x_wconf 83' lang='grc' dir='ltr'>Θεοῦ</span> <span class='ocrx_word' id='word_1_65' title='bbox 1426 745 1590 799; x_wconf 80' lang='grc' dir='ltr'>αὑτοῦ</span> <span class='ocrx_word' id='word_1_66' title='bbox 1620 747 1705 799; x_wconf 82' lang='grc' dir='ltr'>ἐπ’</span> <span class='ocrx_word' id='word_1_67' title='bbox 1736 746 1831 798; x_wconf 83' lang='grc' dir='ltr'>αύ-</span> 
     </span>
    </p>
   </div>
   <div class='ocr_carea' id='block_1_9' title="bbox 1935 737 3500 821">
    <p class='ocr_par' dir='ltr' id='par_1_9' title="bbox 1935 737 3500 819">
     <span class='ocr_line' id='line_1_9' title="bbox 1935 737 3500 819; baseline 0.009 -28"><span class='ocrx_word' id='word_1_68' title='bbox 1935 755 2095 792; x_wconf 74' lang='lat' dir='ltr'><strong>rzeum</strong></span> <span class='ocrx_word' id='word_1_69' title='bbox 2140 739 2194 792; x_wconf 94' lang='lat' dir='ltr'><strong>in</strong></span> <span class='ocrx_word' id='word_1_70' title='bbox 2246 737 2509 804; x_wconf 81' lang='lat' dir='ltr'><strong>Levitico,</strong></span> <span class='ocrx_word' id='word_1_71' title='bbox 2558 740 2611 794; x_wconf 91' lang='lat' dir='ltr'><strong>in</strong></span> <span class='ocrx_word' id='word_1_72' title='bbox 2648 741 2769 810; x_wconf 88' lang='lat' dir='ltr'><strong>ejus</strong></span> <span class='ocrx_word' id='word_1_73' title='bbox 2797 742 3001 799; x_wconf 80' lang='lat' dir='ltr'><strong>Christi</strong></span> <span class='ocrx_word' id='word_1_74' title='bbox 3039 748 3301 803; x_wconf 91' lang='lat' dir='ltr'><strong>unctione</strong></span> <span class='ocrx_word' id='word_1_75' title='bbox 3337 765 3500 819; x_wconf 86' lang='lat' dir='ltr'><strong>quem</strong></span> 
     </span>
    </p>
   </div>
   <div class='ocr_carea' id='block_1_10' title="bbox 232 817 1836 912">
    <p class='ocr_par' dir='ltr' id='par_1_10' title="bbox 232 817 1832 912">
     <span class='ocr_line' id='line_1_10' title="bbox 232 817 1832 912; baseline -0.003 -18"><span class='ocrx_word' id='word_1_76' title='bbox 232 842 350 912; x_wconf 78' lang='grc' dir='ltr'><strong>τῷ·</strong></span> <span class='ocrx_word' id='word_1_77' title='bbox 411 861 433 894; x_wconf 71' lang='grc' dir='ltr'><strong>ι</strong></span> <span class='ocrx_word' id='word_1_78' title='bbox 465 817 604 895; x_wconf 80' lang='grc' dir='ltr'>ῶστε</span> <span class='ocrx_word' id='word_1_79' title='bbox 638 835 774 895; x_wconf 80' lang='grc' dir='ltr'>εἶναι</span> <span class='ocrx_word' id='word_1_80' title='bbox 796 817 856 892; x_wconf 71' lang='grc' dir='ltr'><strong>τδ</strong></span> <span class='ocrx_word' id='word_1_81' title='bbox 882 817 1090 910; x_wconf 72' lang='grc' dir='ltr'>Ναζέρ,</span> <span class='ocrx_word' id='word_1_82' title='bbox 1126 817 1266 891; x_wconf 76' lang='grc' dir='ltr'>κατὰ</span> <span class='ocrx_word' id='word_1_83' title='bbox 1299 839 1396 910; x_wconf 81' lang='grc' dir='ltr'><strong>μὲν</strong></span> <span class='ocrx_word' id='word_1_84' title='bbox 1419 838 1543 901; x_wconf 80' lang='grc' dir='ltr'>τοὺς</span> <span class='ocrx_word' id='word_1_85' title='bbox 1577 836 1832 909; x_wconf 83' lang='grc' dir='ltr'><strong>Ἐϐδομή-</strong></span> 
     </span>
    </p>
   </div>
   <div class='ocr_carea' id='block_1_11' title="bbox 1935 817 3503 912">
    <p class='ocr_par' dir='ltr' id='par_1_11' title="bbox 1935 817 3503 905">
     <span class='ocr_line' id='line_1_11' title="bbox 1935 817 3503 905; baseline 0.01 -24"><span class='ocrx_word' id='word_1_86' title='bbox 1935 829 2031 898; x_wconf 86' lang='lat' dir='ltr'><strong>ipsi</strong></span> <span class='ocrx_word' id='word_1_87' title='bbox 2061 828 2351 883; x_wconf 78' lang='lat' dir='ltr'><strong>habebant.</strong></span> <span class='ocrx_word' id='word_1_88' title='bbox 2386 828 2557 883; x_wconf 85' lang='lat' dir='ltr'><strong>Porro</strong></span> <span class='ocrx_word' id='word_1_89' title='bbox 2576 830 2663 883; x_wconf 92' lang='lat' dir='ltr'><strong>hic</strong></span> <span class='ocrx_word' id='word_1_90' title='bbox 2697 840 2812 886; x_wconf 91' lang='lat' dir='ltr'><strong>erat</strong></span> <span class='ocrx_word' id='word_1_91' title='bbox 2847 835 3213 905; x_wconf 83' lang='lat' dir='ltr'><strong>principatum</strong></span> <span class='ocrx_word' id='word_1_92' title='bbox 3246 817 3503 897; x_wconf 83' lang='lat' dir='ltr'><strong>obtinens</strong></span> 
     </span>
    </p>
   </div>
   <div class='ocr_carea' id='block_1_12' title="bbox 234 920 1836 1002">
    <p class='ocr_par' dir='ltr' id='par_1_12' title="bbox 234 928 1832 1002">
     <span class='ocr_line' id='line_1_12' title="bbox 234 928 1832 1002; baseline -0.003 -17"><span class='ocrx_word' id='word_1_93' title='bbox 234 950 443 995; x_wconf 76' lang='grc' dir='ltr'>κοντα,</span> <span class='ocrx_word' id='word_1_94' title='bbox 469 934 661 1002; x_wconf 80' lang='grc' dir='ltr'>ἅγιον,</span> <span class='ocrx_word' id='word_1_95' title='bbox 695 932 835 986; x_wconf 87' lang='grc' dir='ltr'><strong>κατά</strong></span> <span class='ocrx_word' id='word_1_96' title='bbox 865 931 923 985; x_wconf 80' lang='grc' dir='ltr'><strong>δὲ</strong></span> <span class='ocrx_word' id='word_1_97' title='bbox 944 931 1033 985; x_wconf 80' lang='grc' dir='ltr'>τὸν</span> <span class='ocrx_word' id='word_1_98' title='bbox 1050 929 1300 995; x_wconf 84' lang='grc' dir='ltr'>Ἀκύλαν,</span> <span class='ocrx_word' id='word_1_99' title='bbox 1336 930 1657 998; x_wconf 63' lang='grc' dir='ltr'>ἀρόρισμα,</span> <span class='ocrx_word' id='word_1_100' title='bbox 1691 928 1832 982; x_wconf 84' lang='grc' dir='ltr'><strong>κατά</strong></span> 
     </span>
    </p>
   </div>
   <div class='ocr_carea' id='block_1_13' title="bbox 1935 920 3501 1002">
    <p class='ocr_par' dir='ltr' id='par_1_13' title="bbox 1935 920 3501 993">
     <span class='ocr_line' id='line_1_13' title="bbox 1935 920 3501 993; baseline 0.009 -20"><span class='ocrx_word' id='word_1_101' title='bbox 1935 920 2229 973; x_wconf 87' lang='lat' dir='ltr'><strong>secundum</strong></span> <span class='ocrx_word' id='word_1_102' title='bbox 2268 920 2555 989; x_wconf 75' lang='lat' dir='ltr'><strong>imaginem</strong></span> <span class='ocrx_word' id='word_1_103' title='bbox 2586 925 2764 993; x_wconf 81' lang='lat' dir='ltr'><strong>magni</strong></span> <span class='ocrx_word' id='word_1_104' title='bbox 2797 933 2851 978; x_wconf 93' lang='lat' dir='ltr'><strong>et</strong></span> <span class='ocrx_word' id='word_1_105' title='bbox 2874 927 2987 980; x_wconf 87' lang='lat' dir='ltr'><strong>veri</strong></span> <span class='ocrx_word' id='word_1_106' title='bbox 3024 925 3308 986; x_wconf 84' lang='lat' dir='ltr'><strong>Pontiticis</strong></span> <span class='ocrx_word' id='word_1_107' title='bbox 3338 931 3501 988; x_wconf 86' lang='lat' dir='ltr'><strong>Chri-</strong></span> 
     </span>
    </p>
   </div>
   <div class='ocr_carea' id='block_1_14' title="bbox 232 1009 1836 1094">
    <p class='ocr_par' dir='ltr' id='par_1_14' title="bbox 232 1019 1833 1094">
     <span class='ocr_line' id='line_1_14' title="bbox 232 1019 1833 1094; baseline 0 -21"><span class='ocrx_word' id='word_1_108' title='bbox 232 1022 302 1075; x_wconf 73' lang='grc' dir='ltr'><strong>δὲ</strong></span> <span class='ocrx_word' id='word_1_109' title='bbox 330 1021 427 1076; x_wconf 72' lang='grc' dir='ltr'>τὸν</span> <span class='ocrx_word' id='word_1_110' title='bbox 462 1024 775 1094; x_wconf 80' lang='grc' dir='ltr'><strong>Σύμμαχον,</strong></span> <span class='ocrx_word' id='word_1_111' title='bbox 810 1024 1052 1079; x_wconf 79' lang='grc' dir='ltr'><strong>ἄθικτον</strong></span> <span class='ocrx_word' id='word_1_112' title='bbox 1070 1041 1082 1053; x_wconf 89' lang='grc'><strong>·</strong></span> <span class='ocrx_word' id='word_1_113' title='bbox 1110 1022 1246 1076; x_wconf 83' lang='grc' dir='ltr'>ὥστε</span> <span class='ocrx_word' id='word_1_114' title='bbox 1278 1024 1341 1075; x_wconf 82' lang='grc' dir='ltr'><strong>ἐκ</strong></span> <span class='ocrx_word' id='word_1_115' title='bbox 1371 1021 1559 1074; x_wconf 88' lang='grc' dir='ltr'>τούτου</span> <span class='ocrx_word' id='word_1_116' title='bbox 1582 1020 1642 1074; x_wconf 83' lang='grc' dir='ltr'>τὸ</span> <span class='ocrx_word' id='word_1_117' title='bbox 1667 1019 1833 1084; x_wconf 76' lang='grc' dir='ltr'>Ναξι-</span> 
     </span>
    </p>
   </div>
   <div class='ocr_carea' id='block_1_15' title="bbox 1935 1009 3504 1094">
    <p class='ocr_par' dir='ltr' id='par_1_15' title="bbox 1935 1009 3504 1091">
     <span class='ocr_line' id='line_1_15' title="bbox 1935 1009 3504 1091; baseline 0.01 -27"><span class='ocrx_word' id='word_1_118' title='bbox 1935 1010 1999 1064; x_wconf 90' lang='lat' dir='ltr'><strong>sti</strong></span> <span class='ocrx_word' id='word_1_119' title='bbox 2034 1009 2148 1075; x_wconf 87' lang='lat' dir='ltr'><strong>Dei,</strong></span> <span class='ocrx_word' id='word_1_120' title='bbox 2194 1011 2573 1066; x_wconf 83' lang='lat' dir='ltr'><strong>adumbratum</strong></span> <span class='ocrx_word' id='word_1_121' title='bbox 2602 1014 2854 1069; x_wconf 75' lang='lat' dir='ltr'><strong>videlicet</strong></span> <span class='ocrx_word' id='word_1_122' title='bbox 2883 1018 3171 1086; x_wconf 87' lang='lat' dir='ltr'><strong>quemdam</strong></span> <span class='ocrx_word' id='word_1_123' title='bbox 3219 1030 3273 1075; x_wconf 91' lang='lat' dir='ltr'><strong>et</strong></span> <span class='ocrx_word' id='word_1_124' title='bbox 3308 1022 3504 1091; x_wconf 79' lang='lat' dir='ltr'><strong>figura-</strong></span> 
     </span>
    </p>
   </div>
   <div class='ocr_carea' id='block_1_16' title="bbox 237 1103 1836 1186">
    <p class='ocr_par' dir='ltr' id='par_1_16' title="bbox 237 1112 1830 1186">
     <span class='ocr_line' id='line_1_16' title="bbox 237 1112 1830 1186; baseline -0.001 -19"><span class='ocrx_word' id='word_1_125' title='bbox 237 1117 405 1183; x_wconf 71' lang='grc' dir='ltr'><strong>ραῖον</strong></span> <span class='ocrx_word' id='word_1_126' title='bbox 458 1115 629 1185; x_wconf 74' lang='grc' dir='ltr'>ὄνομα</span> <span class='ocrx_word' id='word_1_127' title='bbox 678 1115 960 1186; x_wconf 77' lang='grc' dir='ltr'><strong>σημαίνειν</strong></span> <span class='ocrx_word' id='word_1_128' title='bbox 1006 1116 1123 1185; x_wconf 73' lang='grc' dir='ltr'>ἦτοι</span> <span class='ocrx_word' id='word_1_129' title='bbox 1157 1113 1246 1167; x_wconf 82' lang='grc' dir='ltr'><strong>τὸν</strong></span> <span class='ocrx_word' id='word_1_130' title='bbox 1294 1115 1467 1182; x_wconf 80' lang='grc' dir='ltr'>ἆγιον,</span> <span class='ocrx_word' id='word_1_131' title='bbox 1498 1113 1532 1183; x_wconf 81' lang='grc' dir='ltr'>ἢ</span> <span class='ocrx_word' id='word_1_132' title='bbox 1574 1112 1664 1166; x_wconf 80' lang='grc' dir='ltr'><strong>τὸν</strong></span> <span class='ocrx_word' id='word_1_133' title='bbox 1726 1113 1830 1182; x_wconf 71' lang='grc' dir='ltr'><strong>ἀφ-</strong></span> 
     </span>
    </p>
   </div>
   <div class='ocr_carea' id='block_1_17' title="bbox 1935 1103 3498 1186">
    <p class='ocr_par' dir='ltr' id='par_1_17' title="bbox 1935 1103 3498 1175">
     <span class='ocr_line' id='line_1_17' title="bbox 1935 1103 3498 1175; baseline 0.009 -21"><span class='ocrx_word' id='word_1_134' title='bbox 1935 1110 2044 1156; x_wconf 89' lang='lat' dir='ltr'><strong>tum</strong></span> <span class='ocrx_word' id='word_1_135' title='bbox 2071 1103 2348 1159; x_wconf 86' lang='lat' dir='ltr'><strong>Christum</strong></span> <span class='ocrx_word' id='word_1_136' title='bbox 2374 1114 2791 1175; x_wconf 66' lang='lat' dir='ltr'><strong>repraesentans.</strong></span> <span class='ocrx_word' id='word_1_137' title='bbox 2826 1108 2922 1163; x_wconf 85' lang='lat' dir='ltr'><strong>Ubi</strong></span> <span class='ocrx_word' id='word_1_138' title='bbox 2943 1126 3069 1164; x_wconf 86' lang='lat' dir='ltr'><strong>vero</strong></span> <span class='ocrx_word' id='word_1_139' title='bbox 3098 1110 3239 1165; x_wconf 71' lang='lat' dir='ltr'><strong>LXX</strong></span> <span class='ocrx_word' id='word_1_140' title='bbox 3257 1114 3321 1166; x_wconf 86' lang='lat' dir='ltr'><strong>de</strong></span> <span class='ocrx_word' id='word_1_141' title='bbox 3354 1113 3498 1168; x_wconf 86' lang='lat' dir='ltr'><strong>Pon-</strong></span> 
     </span>
    </p>
   </div>
   <div class='ocr_carea' id='block_1_18' title="bbox 1933 1193 3503 1274">
    <p class='ocr_par' dir='ltr' id='par_1_18' title="bbox 1933 1193 3503 1274">
     <span class='ocr_line' id='line_1_18' title="bbox 1933 1193 3503 1274; baseline 0.01 -28"><span class='ocrx_word' id='word_1_142' title='bbox 1933 1193 2079 1248; x_wconf 76' lang='lat' dir='ltr'><strong>tifice</strong></span> <span class='ocrx_word' id='word_1_143' title='bbox 2114 1195 2186 1248; x_wconf 89' lang='lat' dir='ltr'><strong>ita</strong></span> <span class='ocrx_word' id='word_1_144' title='bbox 2232 1196 2573 1267; x_wconf 91' lang='lat' dir='ltr'><strong>interpretati</strong></span> <span class='ocrx_word' id='word_1_145' title='bbox 2629 1210 2776 1264; x_wconf 87' lang='lat' dir='ltr'><strong>sunt,</strong></span> <span class='ocrx_word' id='word_1_146' title='bbox 2830 1220 2847 1250; x_wconf 76' lang='grc' dir='ltr'><strong>ι</strong></span> <span class='ocrx_word' id='word_1_147' title='bbox 2879 1211 2931 1255; x_wconf 91' lang='lat' dir='ltr'><strong>et</strong></span> <span class='ocrx_word' id='word_1_148' title='bbox 2979 1219 3087 1255; x_wconf 89' lang='lat' dir='ltr'><strong>non</strong></span> <span class='ocrx_word' id='word_1_149' title='bbox 3126 1205 3329 1272; x_wconf 89' lang='lat' dir='ltr'><strong>polluet</strong></span> <span class='ocrx_word' id='word_1_150' title='bbox 3357 1208 3503 1274; x_wconf 89' lang='lat' dir='ltr'><strong>quod</strong></span> 
     </span>
    </p>
   </div>
   <div class='ocr_carea' id='block_1_19' title="bbox 1931 1285 3501 1361">
    <p class='ocr_par' dir='ltr' id='par_1_19' title="bbox 1931 1285 3501 1361">
     <span class='ocr_line' id='line_1_19' title="bbox 1931 1285 3501 1361; baseline 0.008 -21"><span class='ocrx_word' id='word_1_151' title='bbox 1931 1285 2327 1340; x_wconf 76' lang='lat' dir='ltr'><strong>sanctificatum</strong></span> <span class='ocrx_word' id='word_1_152' title='bbox 2358 1296 2442 1342; x_wconf 88' lang='lat' dir='ltr'><strong>est</strong></span> <span class='ocrx_word' id='word_1_153' title='bbox 2474 1289 2565 1344; x_wconf 85' lang='lat' dir='ltr'><strong>Dei</strong></span> <span class='ocrx_word' id='word_1_154' title='bbox 2595 1293 2700 1355; x_wconf 91' lang='lat' dir='ltr'><strong>sui,</strong></span> <span class='ocrx_word' id='word_1_155' title='bbox 2735 1294 2991 1361; x_wconf 91' lang='lat' dir='ltr'><strong>quoniam</strong></span> <span class='ocrx_word' id='word_1_156' title='bbox 3025 1304 3275 1348; x_wconf 86' lang='lat' dir='ltr'><strong>sanctum</strong></span> <span class='ocrx_word' id='word_1_157' title='bbox 3319 1298 3501 1352; x_wconf 86' lang='lat' dir='ltr'><strong>oleum</strong></span> 
     </span>
    </p>
   </div>
   <div class='ocr_carea' id='block_1_20' title="bbox 1931 1378 3503 1456">
    <p class='ocr_par' dir='ltr' id='par_1_20' title="bbox 1931 1378 3503 1456">
     <span class='ocr_line' id='line_1_20' title="bbox 1931 1378 3503 1456; baseline 0.008 -25"><span class='ocrx_word' id='word_1_158' title='bbox 1931 1378 2205 1433; x_wconf 82' lang='lat' dir='ltr'><strong>unctionis</strong></span> <span class='ocrx_word' id='word_1_159' title='bbox 2228 1378 2319 1433; x_wconf 92' lang='lat' dir='ltr'><strong>Dei</strong></span> <span class='ocrx_word' id='word_1_160' title='bbox 2346 1381 2430 1434; x_wconf 89' lang='lat' dir='ltr'><strong>sui</strong></span> <span class='ocrx_word' id='word_1_161' title='bbox 2454 1381 2520 1446; x_wconf 79' lang='lat'><strong>”,</strong></span> <span class='ocrx_word' id='word_1_162' title='bbox 2547 1402 2565 1434; x_wconf 77' lang='grc' dir='ltr'><strong>ι</strong></span> <span class='ocrx_word' id='word_1_163' title='bbox 2598 1381 2651 1435; x_wconf 93' lang='lat' dir='ltr'><strong>in</strong></span> <span class='ocrx_word' id='word_1_164' title='bbox 2678 1380 2943 1438; x_wconf 83' lang='lat' dir='ltr'><strong>Hebraico</strong></span> <span class='ocrx_word' id='word_1_165' title='bbox 2965 1386 3180 1454; x_wconf 79' lang='lat' dir='ltr'><strong>legitur,</strong></span> <span class='ocrx_word' id='word_1_166' title='bbox 3208 1404 3225 1435; x_wconf 75' lang='grc' dir='ltr'><strong>ι</strong></span> <span class='ocrx_word' id='word_1_167' title='bbox 3246 1389 3503 1456; x_wconf 83' lang='lat' dir='ltr'><strong>quoniam</strong></span> 
     </span>
    </p>
   </div>
   <div class='ocr_carea' id='block_1_21' title="bbox 1930 1466 3508 1549">
    <p class='ocr_par' dir='ltr' id='par_1_21' title="bbox 1930 1466 3508 1549">
     <span class='ocr_line' id='line_1_21' title="bbox 1930 1466 3508 1549; baseline 0.008 -28"><span class='ocrx_word' id='word_1_168' title='bbox 1930 1466 2105 1524; x_wconf 88' lang='lat' dir='ltr'><strong>Nazer</strong></span> <span class='ocrx_word' id='word_1_169' title='bbox 2136 1471 2312 1526; x_wconf 88' lang='lat' dir='ltr'><strong>oleum</strong></span> <span class='ocrx_word' id='word_1_170' title='bbox 2348 1490 2361 1526; x_wconf 92' lang='lat'><strong>:</strong></span> <span class='ocrx_word' id='word_1_171' title='bbox 2398 1492 2415 1524; x_wconf 83' lang='grc'><strong>›</strong></span> <span class='ocrx_word' id='word_1_172' title='bbox 2451 1474 2642 1542; x_wconf 83' lang='lat' dir='ltr'><strong>Aquila</strong></span> <span class='ocrx_word' id='word_1_173' title='bbox 2678 1485 2855 1529; x_wconf 87' lang='lat' dir='ltr'><strong>autem</strong></span> <span class='ocrx_word' id='word_1_174' title='bbox 2895 1475 2973 1531; x_wconf 91' lang='lat' dir='ltr'><strong>sic</strong></span> <span class='ocrx_word' id='word_1_175' title='bbox 3001 1481 3289 1544; x_wconf 81' lang='lat' dir='ltr'><strong>convertit,</strong></span> <span class='ocrx_word' id='word_1_176' title='bbox 3326 1498 3344 1531; x_wconf 78' lang='grc' dir='ltr'><strong>ι</strong></span> <span class='ocrx_word' id='word_1_177' title='bbox 3378 1495 3508 1549; x_wconf 89' lang='lat' dir='ltr'><strong>quo-</strong></span> 
     </span>
    </p>
   </div>
   <div class='ocr_carea' id='block_1_22' title="bbox 1931 1562 3509 1641">
    <p class='ocr_par' dir='ltr' id='par_1_22' title="bbox 1931 1562 3509 1641">
     <span class='ocr_line' id='line_1_22' title="bbox 1931 1562 3509 1641; baseline 0.008 -26"><span class='ocrx_word' id='word_1_178' title='bbox 1931 1562 2076 1615; x_wconf 84' lang='lat' dir='ltr'><strong>niam</strong></span> <span class='ocrx_word' id='word_1_179' title='bbox 2118 1565 2459 1635; x_wconf 79' lang='lat' dir='ltr'><strong>segrcgatio,</strong></span> <span class='ocrx_word' id='word_1_180' title='bbox 2506 1566 2683 1620; x_wconf 85' lang='lat' dir='ltr'><strong>oleum</strong></span> <span class='ocrx_word' id='word_1_181' title='bbox 2736 1568 3015 1622; x_wconf 88' lang='lat' dir='ltr'><strong>unctionis</strong></span> <span class='ocrx_word' id='word_1_182' title='bbox 3051 1568 3142 1624; x_wconf 89' lang='lat' dir='ltr'><strong>Dei</strong></span> <span class='ocrx_word' id='word_1_183' title='bbox 3202 1573 3286 1625; x_wconf 85' lang='lat' dir='ltr'><strong>sui</strong></span> <span class='ocrx_word' id='word_1_184' title='bbox 3343 1588 3509 1641; x_wconf 82' lang='lat' dir='ltr'><strong>super</strong></span> 
     </span>
    </p>
   </div>
   <div class='ocr_carea' id='block_1_23' title="bbox 1932 1656 3505 1732">
    <p class='ocr_par' dir='ltr' id='par_1_23' title="bbox 1932 1656 3505 1732">
     <span class='ocr_line' id='line_1_23' title="bbox 1932 1656 3505 1732; baseline 0.007 -24"><span class='ocrx_word' id='word_1_185' title='bbox 1932 1656 2128 1725; x_wconf 90' lang='lat' dir='ltr'><strong>ipsum.</strong></span> <span class='ocrx_word' id='word_1_186' title='bbox 2164 1678 2183 1709; x_wconf 69' lang='grc' dir='ltr'><strong>ι</strong></span> <span class='ocrx_word' id='word_1_187' title='bbox 2227 1657 2586 1731; x_wconf 82' lang='lat' dir='ltr'><strong>Symmachus</strong></span> <span class='ocrx_word' id='word_1_188' title='bbox 2634 1668 2835 1724; x_wconf 89' lang='lat' dir='ltr'><strong>autem,</strong></span> <span class='ocrx_word' id='word_1_189' title='bbox 2878 1664 3184 1732; x_wconf 74' lang='lat' dir='ltr'><strong>«quoniam</strong></span> <span class='ocrx_word' id='word_1_190' title='bbox 3239 1667 3505 1719; x_wconf 85' lang='lat' dir='ltr'><strong>intactum</strong></span> 
     </span>
    </p>
   </div>
   <div class='ocr_carea' id='block_1_24' title="bbox 235 1206 1828 1279">
    <p class='ocr_par' dir='ltr' id='par_1_24' title="bbox 235 1206 1828 1279">
     <span class='ocr_line' id='line_1_24' title="bbox 235 1206 1828 1279; baseline 0.001 -20"><span class='ocrx_word' id='word_1_191' title='bbox 235 1207 636 1279; x_wconf 81' lang='grc' dir='ltr'>ωρισμένον,ῆ</span> <span class='ocrx_word' id='word_1_192' title='bbox 664 1208 755 1260; x_wconf 86' lang='grc' dir='ltr'>τὸν</span> <span class='ocrx_word' id='word_1_193' title='bbox 785 1206 1018 1261; x_wconf 83' lang='grc' dir='ltr'>ἄθικτον.</span> <span class='ocrx_word' id='word_1_194' title='bbox 1062 1207 1197 1260; x_wconf 80' lang='grc' dir='ltr'>Ἀλλ’</span> <span class='ocrx_word' id='word_1_195' title='bbox 1229 1209 1276 1261; x_wconf 84' lang='grc' dir='ltr'><strong>οἱ</strong></span> <span class='ocrx_word' id='word_1_196' title='bbox 1319 1208 1415 1278; x_wconf 83' lang='grc' dir='ltr'>μὲν</span> <span class='ocrx_word' id='word_1_197' title='bbox 1448 1206 1614 1260; x_wconf 80' lang='grc' dir='ltr'>πάλαι</span> <span class='ocrx_word' id='word_1_198' title='bbox 1645 1209 1828 1277; x_wconf 81' lang='grc' dir='ltr'><strong>ἱερεῖς,</strong></span> 
     </span>
    </p>
   </div>
   <div class='ocr_carea' id='block_1_25' title="bbox 234 1297 1831 1370">
    <p class='ocr_par' dir='ltr' id='par_1_25' title="bbox 234 1297 1831 1370">
     <span class='ocr_line' id='line_1_25' title="bbox 234 1297 1831 1370; baseline -0.001 -19"><span class='ocrx_word' id='word_1_199' title='bbox 234 1297 314 1351; x_wconf 74' lang='grc' dir='ltr'><strong>δι’</strong></span> <span class='ocrx_word' id='word_1_200' title='bbox 339 1299 527 1352; x_wconf 76' lang='grc' dir='ltr'>ἐλαίου</span> <span class='ocrx_word' id='word_1_201' title='bbox 554 1298 870 1363; x_wconf 76' lang='grc' dir='ltr'><strong>σκευαστοῦ,</strong></span> <span class='ocrx_word' id='word_1_202' title='bbox 899 1297 990 1351; x_wconf 88' lang='grc' dir='ltr'><strong>τοῦ</strong></span> <span class='ocrx_word' id='word_1_203' title='bbox 1014 1298 1162 1370; x_wconf 78' lang='grc' dir='ltr'>παρὰ</span> <span class='ocrx_word' id='word_1_204' title='bbox 1204 1300 1394 1351; x_wconf 86' lang='grc' dir='ltr'><strong>Μωσεί</strong></span> <span class='ocrx_word' id='word_1_205' title='bbox 1433 1298 1615 1368; x_wconf 78' lang='grc' dir='ltr'>Ναζὲρ</span> <span class='ocrx_word' id='word_1_206' title='bbox 1641 1298 1831 1351; x_wconf 87' lang='grc' dir='ltr'>καλου-</span> 
     </span>
    </p>
   </div>
   <div class='ocr_carea' id='block_1_26' title="bbox 240 1385 1829 1460">
    <p class='ocr_par' dir='ltr' id='par_1_26' title="bbox 240 1385 1829 1460">
     <span class='ocr_line' id='line_1_26' title="bbox 240 1385 1829 1460; baseline 0 -19"><span class='ocrx_word' id='word_1_207' title='bbox 240 1386 443 1457; x_wconf 75' lang='grc' dir='ltr'>μένου,</span> <span class='ocrx_word' id='word_1_208' title='bbox 478 1388 774 1460; x_wconf 83' lang='grc' dir='ltr'>χριόμενοι,</span> <span class='ocrx_word' id='word_1_209' title='bbox 821 1386 1163 1459; x_wconf 78' lang='grc' dir='ltr'><strong>παραγώγως</strong></span> <span class='ocrx_word' id='word_1_210' title='bbox 1206 1387 1315 1441; x_wconf 79' lang='grc' dir='ltr'><strong>ἀπὸ</strong></span> <span class='ocrx_word' id='word_1_211' title='bbox 1359 1386 1452 1439; x_wconf 88' lang='grc' dir='ltr'><strong>τοῦ</strong></span> <span class='ocrx_word' id='word_1_212' title='bbox 1488 1385 1667 1459; x_wconf 78' lang='grc' dir='ltr'>Ναζέρ</span> <span class='ocrx_word' id='word_1_213' title='bbox 1700 1387 1829 1441; x_wconf 83' lang='grc' dir='ltr'>ἐκα-</span> 
     </span>
    </p>
   </div>
   <div class='ocr_carea' id='block_1_27' title="bbox 237 1478 1831 1551">
    <p class='ocr_par' dir='ltr' id='par_1_27' title="bbox 237 1478 1831 1551">
     <span class='ocr_line' id='line_1_27' title="bbox 237 1478 1831 1551; baseline -0.001 -19"><span class='ocrx_word' id='word_1_214' title='bbox 237 1478 446 1533; x_wconf 79' lang='grc' dir='ltr'>λοῦντο</span> <span class='ocrx_word' id='word_1_215' title='bbox 494 1480 821 1551; x_wconf 71' lang='grc' dir='ltr'>Ναζιραῖοιο</span> <span class='ocrx_word' id='word_1_216' title='bbox 876 1481 904 1533; x_wconf 88' lang='lat'><strong>6</strong></span> <span class='ocrx_word' id='word_1_217' title='bbox 940 1478 996 1531; x_wconf 85' lang='grc' dir='ltr'><strong>δέ</strong></span> <span class='ocrx_word' id='word_1_218' title='bbox 1044 1480 1233 1551; x_wconf 76' lang='grc' dir='ltr'>Σωτὴρ</span> <span class='ocrx_word' id='word_1_219' title='bbox 1280 1480 1371 1531; x_wconf 75' lang='grc' dir='ltr'><strong>καὶ</strong></span> <span class='ocrx_word' id='word_1_220' title='bbox 1424 1478 1625 1550; x_wconf 85' lang='grc' dir='ltr'>Κύριος</span> <span class='ocrx_word' id='word_1_221' title='bbox 1676 1478 1831 1548; x_wconf 83' lang='grc' dir='ltr'>ἡμῶν</span> 
     </span>
    </p>
   </div>
   <div class='ocr_carea' id='block_1_28' title="bbox 240 1567 1831 1640">
    <p class='ocr_par' dir='ltr' id='par_1_28' title="bbox 240 1567 1831 1640">
     <span class='ocr_line' id='line_1_28' title="bbox 240 1567 1831 1640; baseline -0.003 -17"><span class='ocrx_word' id='word_1_222' title='bbox 240 1570 400 1623; x_wconf 81' lang='grc' dir='ltr'><strong>κατά</strong></span> <span class='ocrx_word' id='word_1_223' title='bbox 436 1569 596 1640; x_wconf 79' lang='grc' dir='ltr'>φύσιν</span> <span class='ocrx_word' id='word_1_224' title='bbox 632 1570 766 1640; x_wconf 76' lang='grc' dir='ltr'>ἔχων</span> <span class='ocrx_word' id='word_1_225' title='bbox 811 1569 873 1621; x_wconf 78' lang='grc' dir='ltr'>τὸ</span> <span class='ocrx_word' id='word_1_226' title='bbox 906 1569 1078 1637; x_wconf 85' lang='grc' dir='ltr'>ἆγιον,</span> <span class='ocrx_word' id='word_1_227' title='bbox 1122 1569 1215 1621; x_wconf 78' lang='grc' dir='ltr'><strong>καὶ</strong></span> <span class='ocrx_word' id='word_1_228' title='bbox 1250 1568 1311 1621; x_wconf 86' lang='grc' dir='ltr'><strong>τὸ</strong></span> <span class='ocrx_word' id='word_1_229' title='bbox 1353 1567 1591 1629; x_wconf 78' lang='grc' dir='ltr'><strong>ἄθικτον,</strong></span> <span class='ocrx_word' id='word_1_230' title='bbox 1636 1567 1728 1620; x_wconf 57' lang='grc' dir='ltr'><strong>καὶ⁸</strong></span> <span class='ocrx_word' id='word_1_231' title='bbox 1771 1567 1831 1619; x_wconf 79' lang='grc' dir='ltr'><strong>τὸ</strong></span> 
     </span>
    </p>
   </div>
   <div class='ocr_carea' id='block_1_29' title="bbox 242 1659 1828 1734">
    <p class='ocr_par' dir='ltr' id='par_1_29' title="bbox 242 1659 1828 1734">
     <span class='ocr_line' id='line_1_29' title="bbox 242 1659 1828 1734; baseline -0.004 -18"><span class='ocrx_word' id='word_1_232' title='bbox 242 1661 655 1734; x_wconf 61' lang='grc' dir='ltr'>ὰςωρισμένον,</span> <span class='ocrx_word' id='word_1_233' title='bbox 686 1661 746 1713; x_wconf 84' lang='grc' dir='ltr'>οὐ</span> <span class='ocrx_word' id='word_1_234' title='bbox 776 1659 1025 1730; x_wconf 79' lang='grc' dir='ltr'>δεόμενός</span> <span class='ocrx_word' id='word_1_235' title='bbox 1056 1677 1117 1729; x_wconf 90' lang='grc' dir='ltr'><strong>γε</strong></span> <span class='ocrx_word' id='word_1_236' title='bbox 1147 1660 1442 1732; x_wconf 72' lang='grc' dir='ltr'><strong>χρίσματος</strong></span> <span class='ocrx_word' id='word_1_237' title='bbox 1468 1659 1828 1731; x_wconf 83' lang='grc' dir='ltr'>ἀνθρωπίνου,</span> 
     </span>
    </p>
   </div>
   <div class='ocr_carea' id='block_1_30' title="bbox 240 1747 1836 1825">
    <p class='ocr_par' dir='ltr' id='par_1_30' title="bbox 240 1749 1832 1825">
     <span class='ocr_line' id='line_1_30' title="bbox 240 1749 1832 1825; baseline -0.003 -19"><span class='ocrx_word' id='word_1_238' title='bbox 240 1755 407 1825; x_wconf 84' lang='grc' dir='ltr'>ὅμως</span> <span class='ocrx_word' id='word_1_239' title='bbox 435 1754 534 1823; x_wconf 80' lang='grc' dir='ltr'>τῆς</span> <span class='ocrx_word' id='word_1_240' title='bbox 576 1752 667 1805; x_wconf 91' lang='grc' dir='ltr'>τοῦ</span> <span class='ocrx_word' id='word_1_241' title='bbox 709 1749 1009 1823; x_wconf 81' lang='grc' dir='ltr'>Ναζιραίου</span> <span class='ocrx_word' id='word_1_242' title='bbox 1056 1750 1424 1823; x_wconf 85' lang='grc' dir='ltr'>προσηγορίας</span> <span class='ocrx_word' id='word_1_243' title='bbox 1471 1752 1599 1821; x_wconf 80' lang='grc' dir='ltr'>παρ’</span> <span class='ocrx_word' id='word_1_244' title='bbox 1625 1749 1832 1821; x_wconf 83' lang='grc' dir='ltr'>ἀνθρώ-</span> 
     </span>
    </p>
   </div>
   <div class='ocr_carea' id='block_1_31' title="bbox 1935 1747 3505 1825">
    <p class='ocr_par' dir='ltr' id='par_1_31' title="bbox 1935 1747 3505 1821">
     <span class='ocr_line' id='line_1_31' title="bbox 1935 1747 3505 1821; baseline 0.008 -24"><span class='ocrx_word' id='word_1_245' title='bbox 1935 1747 2110 1800; x_wconf 85' lang='lat' dir='ltr'><strong>oleum</strong></span> <span class='ocrx_word' id='word_1_246' title='bbox 2140 1750 2413 1803; x_wconf 85' lang='lat' dir='ltr'><strong>unetionis</strong></span> <span class='ocrx_word' id='word_1_247' title='bbox 2450 1749 2541 1803; x_wconf 89' lang='lat' dir='ltr'><strong>Dei</strong></span> <span class='ocrx_word' id='word_1_248' title='bbox 2572 1750 2655 1803; x_wconf 89' lang='lat' dir='ltr'><strong>sui</strong></span> <span class='ocrx_word' id='word_1_249' title='bbox 2680 1768 2846 1821; x_wconf 88' lang='lat' dir='ltr'><strong>super</strong></span> <span class='ocrx_word' id='word_1_250' title='bbox 2876 1752 3073 1821; x_wconf 88' lang='lat' dir='ltr'><strong>ipsum.</strong></span> <span class='ocrx_word' id='word_1_251' title='bbox 3113 1774 3131 1805; x_wconf 75' lang='grc' dir='ltr'><strong>ι</strong></span> <span class='ocrx_word' id='word_1_252' title='bbox 3162 1753 3505 1809; x_wconf 81' lang='lat' dir='ltr'><strong>Tlieodotiou</strong></span> 
     </span>
    </p>
   </div>
   <div class='ocr_carea' id='block_1_32' title="bbox 243 1840 1836 1915">
    <p class='ocr_par' dir='ltr' id='par_1_32' title="bbox 243 1841 1831 1915">
     <span class='ocr_line' id='line_1_32' title="bbox 243 1841 1831 1915; baseline -0.002 -18"><span class='ocrx_word' id='word_1_253' title='bbox 243 1862 378 1908; x_wconf 75' lang='grc' dir='ltr'>ποις</span> <span class='ocrx_word' id='word_1_254' title='bbox 409 1845 616 1915; x_wconf 76' lang='grc' dir='ltr'>ἔτυχεν,</span> <span class='ocrx_word' id='word_1_255' title='bbox 644 1844 743 1897; x_wconf 78' lang='grc' dir='ltr'>οὐκ</span> <span class='ocrx_word' id='word_1_256' title='bbox 788 1842 894 1896; x_wconf 79' lang='grc' dir='ltr'><strong>ἀπὸ</strong></span> <span class='ocrx_word' id='word_1_257' title='bbox 937 1841 1027 1895; x_wconf 90' lang='grc' dir='ltr'><strong>τοῦ</strong></span> <span class='ocrx_word' id='word_1_258' title='bbox 1062 1841 1393 1913; x_wconf 80' lang='grc' dir='ltr'><strong>καλουμένου</strong></span> <span class='ocrx_word' id='word_1_259' title='bbox 1430 1842 1611 1914; x_wconf 75' lang='grc' dir='ltr'>Ναζέρ</span> <span class='ocrx_word' id='word_1_260' title='bbox 1654 1841 1831 1895; x_wconf 82' lang='grc' dir='ltr'>ἐλαίου</span> 
     </span>
    </p>
   </div>
   <div class='ocr_carea' id='block_1_33' title="bbox 1935 1840 3506 1915">
    <p class='ocr_par' dir='ltr' id='par_1_33' title="bbox 1935 1840 3506 1908">
     <span class='ocr_line' id='line_1_33' title="bbox 1935 1840 3506 1908; baseline 0.007 -18"><span class='ocrx_word' id='word_1_261' title='bbox 1935 1854 2074 1903; x_wconf 76' lang='lat' dir='ltr'><strong>vero,</strong></span> <span class='ocrx_word' id='word_1_262' title='bbox 2113 1859 2131 1889; x_wconf 75' lang='grc' dir='ltr'><strong>ι</strong></span> <span class='ocrx_word' id='word_1_263' title='bbox 2156 1844 2411 1908; x_wconf 90' lang='lat' dir='ltr'><strong>quoniam</strong></span> <span class='ocrx_word' id='word_1_264' title='bbox 2452 1840 2628 1895; x_wconf 89' lang='lat' dir='ltr'><strong>Nazer</strong></span> <span class='ocrx_word' id='word_1_265' title='bbox 2667 1842 2845 1895; x_wconf 88' lang='lat' dir='ltr'><strong>oleum</strong></span> <span class='ocrx_word' id='word_1_266' title='bbox 2878 1844 3154 1898; x_wconf 83' lang='lat' dir='ltr'><strong>unctionis</strong></span> <span class='ocrx_word' id='word_1_267' title='bbox 3197 1861 3226 1898; x_wconf 93' lang='lat' dir='ltr'><strong>a</strong></span> <span class='ocrx_word' id='word_1_268' title='bbox 3264 1845 3372 1900; x_wconf 79' lang='lat' dir='ltr'><strong>Deo</strong></span> <span class='ocrx_word' id='word_1_269' title='bbox 3406 1863 3506 1901; x_wconf 90' lang='lat' dir='ltr'><strong>suo</strong></span> 
     </span>
    </p>
   </div>
   <div class='ocr_carea' id='block_1_34' title="bbox 242 1918 1836 2007">
    <p class='ocr_par' dir='ltr' id='par_1_34' title="bbox 242 1931 1826 2007">
     <span class='ocr_line' id='line_1_34' title="bbox 242 1931 1826 2007; baseline -0.002 -19"><span class='ocrx_word' id='word_1_270' title='bbox 242 1935 551 2007; x_wconf 73' lang='grc' dir='ltr'>Ναζιραῖος</span> <span class='ocrx_word' id='word_1_271' title='bbox 593 1933 847 2004; x_wconf 85' lang='grc' dir='ltr'>γεγονὼς,</span> <span class='ocrx_word' id='word_1_272' title='bbox 879 1934 992 1987; x_wconf 83' lang='grc' dir='ltr'>ἀλλ’</span> <span class='ocrx_word' id='word_1_273' title='bbox 1032 1931 1105 1988; x_wconf 84' lang='grc' dir='ltr'>ὣν</span> <span class='ocrx_word' id='word_1_274' title='bbox 1154 1934 1251 2005; x_wconf 80' lang='grc' dir='ltr'><strong>μὲν</strong></span> <span class='ocrx_word' id='word_1_275' title='bbox 1282 1938 1348 2005; x_wconf 83' lang='grc' dir='ltr'>τῇ</span> <span class='ocrx_word' id='word_1_276' title='bbox 1385 1933 1542 2002; x_wconf 82' lang='grc' dir='ltr'>φύσει</span> <span class='ocrx_word' id='word_1_277' title='bbox 1567 1932 1826 1997; x_wconf 74' lang='grc' dir='ltr'>τοιοῦτός,</span> 
     </span>
    </p>
   </div>
   <div class='ocr_carea' id='block_1_35' title="bbox 1935 1918 3508 2007">
    <p class='ocr_par' dir='ltr' id='par_1_35' title="bbox 1936 1930 3508 2004">
     <span class='ocr_line' id='line_1_35' title="bbox 1936 1930 3508 2004; baseline 0.007 -22"><span class='ocrx_word' id='word_1_278' title='bbox 1936 1944 2100 1999; x_wconf 89' lang='lat' dir='ltr'><strong>super</strong></span> <span class='ocrx_word' id='word_1_279' title='bbox 2129 1930 2326 2000; x_wconf 88' lang='lat' dir='ltr'><strong>ipsum.</strong></span> <span class='ocrx_word' id='word_1_280' title='bbox 2364 1950 2381 1981; x_wconf 74' lang='grc' dir='ltr'><strong>ι</strong></span> <span class='ocrx_word' id='word_1_281' title='bbox 2416 1932 2593 1997; x_wconf 79' lang='lat' dir='ltr'><strong>Quare</strong></span> <span class='ocrx_word' id='word_1_282' title='bbox 2625 1930 2797 1987; x_wconf 86' lang='lat' dir='ltr'><strong>Nazer</strong></span> <span class='ocrx_word' id='word_1_283' title='bbox 2831 1934 2979 2004; x_wconf 89' lang='lat' dir='ltr'><strong>ipsos</strong></span> <span class='ocrx_word' id='word_1_284' title='bbox 3004 1937 3223 2003; x_wconf 84' lang='lat' dir='ltr'><strong>quidem</strong></span> <span class='ocrx_word' id='word_1_285' title='bbox 3250 1936 3390 1989; x_wconf 77' lang='lat' dir='ltr'><strong>LXX</strong></span> <span class='ocrx_word' id='word_1_286' title='bbox 3419 1954 3508 1993; x_wconf 79' lang='lat' dir='ltr'><strong>se-</strong></span> 
     </span>
    </p>
   </div>
   <div class='ocr_carea' id='block_1_36' title="bbox 242 2021 1836 2098">
    <p class='ocr_par' dir='ltr' id='par_1_36' title="bbox 242 2024 1831 2098">
     <span class='ocr_line' id='line_1_36' title="bbox 242 2024 1831 2098; baseline -0.003 -16"><span class='ocrx_word' id='word_1_287' title='bbox 242 2027 477 2098; x_wconf 72' lang='grc' dir='ltr'>κληθεὶς</span> <span class='ocrx_word' id='word_1_288' title='bbox 515 2027 571 2080; x_wconf 73' lang='grc' dir='ltr'><strong>δὲ</strong></span> <span class='ocrx_word' id='word_1_289' title='bbox 620 2026 713 2080; x_wconf 70' lang='grc' dir='ltr'><strong>καὶ</strong></span> <span class='ocrx_word' id='word_1_290' title='bbox 743 2028 871 2097; x_wconf 80' lang='grc' dir='ltr'>παρ’</span> <span class='ocrx_word' id='word_1_291' title='bbox 908 2024 1212 2096; x_wconf 77' lang='grc' dir='ltr'>ἀνθρώποις</span> <span class='ocrx_word' id='word_1_292' title='bbox 1253 2026 1544 2096; x_wconf 76' lang='grc' dir='ltr'>Ναζιραῖος</span> <span class='ocrx_word' id='word_1_293' title='bbox 1590 2025 1696 2079; x_wconf 84' lang='grc' dir='ltr'><strong>ἀπὸ</strong></span> <span class='ocrx_word' id='word_1_294' title='bbox 1733 2025 1831 2096; x_wconf 81' lang='grc' dir='ltr'><strong>τῆς</strong></span> 
     </span>
    </p>
   </div>
   <div class='ocr_carea' id='block_1_37' title="bbox 1935 2021 3504 2098">
    <p class='ocr_par' dir='ltr' id='par_1_37' title="bbox 1935 2021 3504 2098">
     <span class='ocr_line' id='line_1_37' title="bbox 1935 2021 3504 2098; baseline 0.006 -25"><span class='ocrx_word' id='word_1_295' title='bbox 1935 2021 2225 2090; x_wconf 87' lang='lat' dir='ltr'><strong>quentibus</strong></span> <span class='ocrx_word' id='word_1_296' title='bbox 2252 2032 2490 2076; x_wconf 74' lang='lat' dir='ltr'><strong>sanctum</strong></span> <span class='ocrx_word' id='word_1_297' title='bbox 2522 2024 2645 2086; x_wconf 92' lang='lat' dir='ltr'><strong>erit,</strong></span> <span class='ocrx_word' id='word_1_298' title='bbox 2679 2025 2856 2094; x_wconf 89' lang='lat' dir='ltr'><strong>ipsum</strong></span> <span class='ocrx_word' id='word_1_299' title='bbox 2885 2041 3012 2079; x_wconf 83' lang='lat' dir='ltr'><strong>vero</strong></span> <span class='ocrx_word' id='word_1_300' title='bbox 3039 2027 3313 2097; x_wconf 86' lang='lat' dir='ltr'><strong>Aquilam.</strong></span> <span class='ocrx_word' id='word_1_301' title='bbox 3348 2046 3504 2098; x_wconf 66' lang='grc' dir='ltr'><strong>δορα⁴</strong></span> 
     </span>
    </p>
   </div>
   <div class='ocr_carea' id='block_1_38' title="bbox 246 2110 1836 2192">
    <p class='ocr_par' dir='ltr' id='par_1_38' title="bbox 246 2114 1832 2192">
     <span class='ocr_line' id='line_1_38' title="bbox 246 2114 1832 2192; baseline -0.003 -20"><span class='ocrx_word' id='word_1_302' title='bbox 246 2118 530 2192; x_wconf 75' lang='grc' dir='ltr'>Ναζαρὲθ,</span> <span class='ocrx_word' id='word_1_303' title='bbox 565 2117 693 2171; x_wconf 80' lang='grc' dir='ltr'>ἔνθα</span> <span class='ocrx_word' id='word_1_304' title='bbox 719 2118 865 2187; x_wconf 84' lang='grc' dir='ltr'><strong>παρά</strong></span> <span class='ocrx_word' id='word_1_305' title='bbox 894 2120 1005 2180; x_wconf 85' lang='grc' dir='ltr'>τοῖς</span> <span class='ocrx_word' id='word_1_306' title='bbox 1031 2116 1169 2169; x_wconf 77' lang='grc' dir='ltr'>κατὰ</span> <span class='ocrx_word' id='word_1_307' title='bbox 1202 2118 1377 2187; x_wconf 84' lang='grc' dir='ltr'>σάρκα</span> <span class='ocrx_word' id='word_1_308' title='bbox 1410 2114 1624 2184; x_wconf 79' lang='grc' dir='ltr'>γονεῦσι</span> <span class='ocrx_word' id='word_1_309' title='bbox 1645 2114 1743 2185; x_wconf 79' lang='grc' dir='ltr'><strong>τὴν</strong></span> <span class='ocrx_word' id='word_1_310' title='bbox 1775 2116 1832 2167; x_wconf 81' lang='grc' dir='ltr'><strong>ἐν</strong></span> 
     </span>
    </p>
   </div>
   <div class='ocr_carea' id='block_1_39' title="bbox 1935 2110 3617 2192">
    <p class='ocr_par' dir='ltr' id='par_1_39' title="bbox 1935 2110 3617 2189">
     <span class='ocr_line' id='line_1_39' title="bbox 1935 2110 3617 2189; baseline 0.007 -24"><span class='ocrx_word' id='word_1_311' title='bbox 1935 2113 2093 2175; x_wconf 81' lang='lat' dir='ltr'><strong>ratio,</strong></span> <span class='ocrx_word' id='word_1_312' title='bbox 2128 2110 2513 2184; x_wconf 84' lang='lat' dir='ltr'><strong>Symmachum</strong></span> <span class='ocrx_word' id='word_1_313' title='bbox 2542 2125 2745 2180; x_wconf 89' lang='lat' dir='ltr'><strong>autem,</strong></span> <span class='ocrx_word' id='word_1_314' title='bbox 2778 2118 3073 2182; x_wconf 82' lang='lat' dir='ltr'><strong>intactum;</strong></span> <span class='ocrx_word' id='word_1_315' title='bbox 3109 2120 3292 2189; x_wconf 88' lang='lat' dir='ltr'><strong>itaque</strong></span> <span class='ocrx_word' id='word_1_316' title='bbox 3322 2138 3387 2175; x_wconf 77' lang='lat' dir='ltr'><strong>ex</strong></span> <span class='ocrx_word' id='word_1_317' title='bbox 3423 2122 3508 2177; x_wconf 87' lang='lat' dir='ltr'><strong>his</strong></span> <span class='ocrx_word' id='word_1_318' title='bbox 3614 2152 3617 2155; x_wconf 57' lang='grc' dir='ltr'><strong>ι</strong></span> 
     </span>
    </p>
   </div>
   <div class='ocr_carea' id='block_1_40' title="bbox 178 2202 1836 2281">
    <p class='ocr_par' dir='ltr' id='par_1_40' title="bbox 178 2203 1833 2281">
     <span class='ocr_line' id='line_1_40' title="bbox 178 2203 1833 2281; baseline -0.004 -17"><span class='ocrx_word' id='word_1_319' title='bbox 178 2268 191 2279; x_wconf 62' lang='grc'><strong>,</strong></span> <span class='ocrx_word' id='word_1_320' title='bbox 245 2213 449 2264; x_wconf 70' lang='grc' dir='ltr'>παισὶν</span> <span class='ocrx_word' id='word_1_321' title='bbox 505 2209 812 2281; x_wconf 77' lang='grc' dir='ltr'>ἀνατροφὴν</span> <span class='ocrx_word' id='word_1_322' title='bbox 860 2208 1079 2279; x_wconf 74' lang='grc' dir='ltr'>ἔσχηκε.</span> <span class='ocrx_word' id='word_1_323' title='bbox 1136 2206 1228 2260; x_wconf 84' lang='grc' dir='ltr'><strong>Διὸ</strong></span> <span class='ocrx_word' id='word_1_324' title='bbox 1271 2206 1515 2260; x_wconf 86' lang='grc' dir='ltr'>λέλεκται</span> <span class='ocrx_word' id='word_1_325' title='bbox 1556 2205 1707 2277; x_wconf 82' lang='grc' dir='ltr'><strong>παρά</strong></span> <span class='ocrx_word' id='word_1_326' title='bbox 1756 2203 1833 2275; x_wconf 82' lang='grc' dir='ltr'>τῷ</span> 
     </span>
    </p>
   </div>
   <div class='ocr_carea' id='block_1_41' title="bbox 1935 2202 3509 2281">
    <p class='ocr_par' dir='ltr' id='par_1_41' title="bbox 1935 2202 3509 2278">
     <span class='ocr_line' id='line_1_41' title="bbox 1935 2202 3509 2278; baseline 0.008 -21"><span class='ocrx_word' id='word_1_327' title='bbox 1935 2202 2233 2258; x_wconf 69' lang='lat' dir='ltr'><strong>Nazirazum</strong></span> <span class='ocrx_word' id='word_1_328' title='bbox 2284 2220 2481 2260; x_wconf 89' lang='lat' dir='ltr'><strong>nomen</strong></span> <span class='ocrx_word' id='word_1_329' title='bbox 2533 2207 2890 2278; x_wconf 83' lang='lat' dir='ltr'><strong>signiﬁcabit,</strong></span> <span class='ocrx_word' id='word_1_330' title='bbox 2942 2217 3036 2263; x_wconf 90' lang='lat' dir='ltr'><strong>aut</strong></span> <span class='ocrx_word' id='word_1_331' title='bbox 3083 2220 3362 2277; x_wconf 86' lang='lat' dir='ltr'><strong>sanctum,</strong></span> <span class='ocrx_word' id='word_1_332' title='bbox 3415 2227 3509 2269; x_wconf 90' lang='lat' dir='ltr'><strong>aut</strong></span> 
     </span>
    </p>
   </div>
   <div class='ocr_carea' id='block_1_42' title="bbox 246 2297 1831 2373">
    <p class='ocr_par' dir='ltr' id='par_1_42' title="bbox 246 2297 1831 2373">
     <span class='ocr_line' id='line_1_42' title="bbox 246 2297 1831 2373; baseline -0.004 -17"><span class='ocrx_word' id='word_1_333' title='bbox 246 2301 525 2371; x_wconf 73' lang='grc' dir='ltr'>Πατθαίῳ</span> <span class='ocrx_word' id='word_1_334' title='bbox 550 2317 563 2331; x_wconf 90' lang='grc'><strong>·</strong></span> <span class='ocrx_word' id='word_1_335' title='bbox 621 2320 639 2352; x_wconf 78' lang='grc' dir='ltr'><strong>ι</strong></span> <span class='ocrx_word' id='word_1_336' title='bbox 672 2299 1077 2373; x_wconf 74' lang='grc' dir='ltr'>Χρηματισθεὶς</span> <span class='ocrx_word' id='word_1_337' title='bbox 1116 2299 1170 2352; x_wconf 82' lang='grc' dir='ltr'>δὲ</span> <span class='ocrx_word' id='word_1_338' title='bbox 1215 2299 1333 2352; x_wconf 81' lang='grc' dir='ltr'>κατ’</span> <span class='ocrx_word' id='word_1_339' title='bbox 1364 2299 1494 2370; x_wconf 80' lang='grc' dir='ltr'>ὄναρ</span> <span class='ocrx_word' id='word_1_340' title='bbox 1546 2297 1722 2369; x_wconf 83' lang='grc' dir='ltr'>(δῆλον</span> <span class='ocrx_word' id='word_1_341' title='bbox 1753 2297 1831 2361; x_wconf 83' lang='grc' dir='ltr'><strong>δὲ,</strong></span> 
     </span>
    </p>
   </div>
   <div class='ocr_carea' id='block_1_43' title="bbox 246 2385 1836 2464">
    <p class='ocr_par' dir='ltr' id='par_1_43' title="bbox 246 2385 1836 2464">
     <span class='ocr_line' id='line_1_43' title="bbox 246 2385 1836 2464; baseline -0.003 -17"><span class='ocrx_word' id='word_1_342' title='bbox 246 2396 338 2447; x_wconf 80' lang='grc' dir='ltr'><strong>ὅτι</strong></span> <span class='ocrx_word' id='word_1_343' title='bbox 376 2393 404 2446; x_wconf 85' lang='lat'><strong>6</strong></span> <span class='ocrx_word' id='word_1_344' title='bbox 444 2392 684 2464; x_wconf 70' lang='grc' dir='ltr'>Ἰωσὴφ),</span> <span class='ocrx_word' id='word_1_345' title='bbox 736 2389 1080 2463; x_wconf 81' lang='grc' dir='ltr'>ἀνεχώρησεν</span> <span class='ocrx_word' id='word_1_346' title='bbox 1125 2391 1204 2453; x_wconf 77' lang='grc' dir='ltr'>εἰς</span> <span class='ocrx_word' id='word_1_347' title='bbox 1235 2390 1302 2443; x_wconf 82' lang='grc' dir='ltr'>τὰ</span> <span class='ocrx_word' id='word_1_348' title='bbox 1348 2390 1486 2461; x_wconf 87' lang='grc' dir='ltr'>μέρη</span> <span class='ocrx_word' id='word_1_349' title='bbox 1533 2389 1632 2461; x_wconf 83' lang='grc' dir='ltr'><strong>τῆς</strong></span> <span class='ocrx_word' id='word_1_350' title='bbox 1680 2385 1836 2442; x_wconf 87' lang='grc' dir='ltr'>Γαλι-</span> 
     </span>
    </p>
   </div>
   <div class='ocr_carea' id='block_1_44' title="bbox 244 2483 1833 2555">
    <p class='ocr_par' dir='ltr' id='par_1_44' title="bbox 244 2483 1833 2555">
     <span class='ocr_line' id='line_1_44' title="bbox 244 2483 1833 2555; baseline -0.003 -17"><span class='ocrx_word' id='word_1_351' title='bbox 244 2485 417 2541; x_wconf 74' lang='grc' dir='ltr'>λαίας</span> <span class='ocrx_word' id='word_1_352' title='bbox 435 2503 450 2516; x_wconf 85' lang='grc'><strong>’</strong></span> <span class='ocrx_word' id='word_1_353' title='bbox 479 2487 573 2540; x_wconf 71' lang='grc' dir='ltr'><strong>καὶ</strong></span> <span class='ocrx_word' id='word_1_354' title='bbox 590 2484 765 2539; x_wconf 81' lang='grc' dir='ltr'>ἐλθὼν</span> <span class='ocrx_word' id='word_1_355' title='bbox 790 2483 1105 2555; x_wconf 81' lang='grc' dir='ltr'>κατῴκησεν</span> <span class='ocrx_word' id='word_1_356' title='bbox 1136 2486 1214 2547; x_wconf 85' lang='grc' dir='ltr'><strong>είς</strong></span> <span class='ocrx_word' id='word_1_357' title='bbox 1237 2483 1390 2536; x_wconf 79' lang='grc' dir='ltr'>πόλιν</span> <span class='ocrx_word' id='word_1_358' title='bbox 1404 2483 1701 2553; x_wconf 79' lang='grc' dir='ltr'>λεγομένην</span> <span class='ocrx_word' id='word_1_359' title='bbox 1718 2483 1833 2534; x_wconf 86' lang='grc' dir='ltr'><strong>Να-</strong></span> 
     </span>
    </p>
   </div>
   <div class='ocr_carea' id='block_1_45' title="bbox 248 2573 1832 2649">
    <p class='ocr_par' dir='ltr' id='par_1_45' title="bbox 248 2573 1832 2649">
     <span class='ocr_line' id='line_1_45' title="bbox 248 2573 1832 2649; baseline -0.001 -20"><span class='ocrx_word' id='word_1_360' title='bbox 248 2576 424 2647; x_wconf 77' lang='grc' dir='ltr'>ζαρὰ,</span> <span class='ocrx_word' id='word_1_361' title='bbox 457 2577 603 2640; x_wconf 84' lang='grc' dir='ltr'>ὅπως</span> <span class='ocrx_word' id='word_1_362' title='bbox 649 2575 909 2649; x_wconf 76' lang='grc' dir='ltr'>πληρωθῇ</span> <span class='ocrx_word' id='word_1_363' title='bbox 960 2574 1021 2627; x_wconf 83' lang='grc' dir='ltr'><strong>τὸ</strong></span> <span class='ocrx_word' id='word_1_364' title='bbox 1054 2574 1211 2646; x_wconf 78' lang='grc' dir='ltr'>ῥηθὲν</span> <span class='ocrx_word' id='word_1_365' title='bbox 1240 2573 1328 2628; x_wconf 86' lang='grc' dir='ltr'>διά</span> <span class='ocrx_word' id='word_1_366' title='bbox 1369 2574 1477 2628; x_wconf 89' lang='grc' dir='ltr'><strong>τῶν</strong></span> <span class='ocrx_word' id='word_1_367' title='bbox 1522 2573 1832 2646; x_wconf 74' lang='grc' dir='ltr'>προφητῶν,</span> 
     </span>
    </p>
   </div>
   <div class='ocr_carea' id='block_1_46' title="bbox 248 2664 1834 2739">
    <p class='ocr_par' dir='ltr' id='par_1_46' title="bbox 248 2664 1834 2739">
     <span class='ocr_line' id='line_1_46' title="bbox 248 2664 1834 2739; baseline -0.001 -20"><span class='ocrx_word' id='word_1_368' title='bbox 248 2667 343 2720; x_wconf 80' lang='grc' dir='ltr'>ὅτι</span> <span class='ocrx_word' id='word_1_369' title='bbox 374 2665 686 2739; x_wconf 80' lang='grc' dir='ltr'>Ναζαραῖος</span> <span class='ocrx_word' id='word_1_370' title='bbox 732 2667 1080 2738; x_wconf 83' lang='grc' dir='ltr'>κληθήσεται.</span> <span class='ocrx_word' id='word_1_371' title='bbox 1136 2685 1153 2717; x_wconf 76' lang='grc' dir='ltr'><strong>ι</strong></span> <span class='ocrx_word' id='word_1_372' title='bbox 1195 2664 1343 2719; x_wconf 80' lang='grc' dir='ltr'>Ἔδει</span> <span class='ocrx_word' id='word_1_373' title='bbox 1390 2665 1487 2736; x_wconf 84' lang='grc' dir='ltr'>μὲν</span> <span class='ocrx_word' id='word_1_374' title='bbox 1521 2665 1628 2738; x_wconf 80' lang='grc' dir='ltr'><strong>γὰρ</strong></span> <span class='ocrx_word' id='word_1_375' title='bbox 1675 2665 1834 2719; x_wconf 80' lang='grc' dir='ltr'>αὑτὸν</span> 
     </span>
    </p>
   </div>
   <div class='ocr_carea' id='block_1_47' title="bbox 249 2756 1834 2836">
    <p class='ocr_par' dir='ltr' id='par_1_47' title="bbox 249 2756 1834 2836">
     <span class='ocr_line' id='line_1_47' title="bbox 249 2756 1834 2836; baseline 0.001 -26"><span class='ocrx_word' id='word_1_376' title='bbox 249 2758 321 2824; x_wconf 71' lang='grc' dir='ltr'><strong>ἐξ</strong></span> <span class='ocrx_word' id='word_1_377' title='bbox 348 2758 585 2822; x_wconf 72' lang='grc' dir='ltr'>ἅπαντος</span> <span class='ocrx_word' id='word_1_378' title='bbox 618 2759 776 2829; x_wconf 79' lang='grc' dir='ltr'>φύσει</span> <span class='ocrx_word' id='word_1_379' title='bbox 809 2759 901 2812; x_wconf 70' lang='grc' dir='ltr'>καὶ</span> <span class='ocrx_word' id='word_1_380' title='bbox 937 2757 1163 2829; x_wconf 73' lang='grc' dir='ltr'>ἀληθείᾳ</span> <span class='ocrx_word' id='word_1_381' title='bbox 1193 2756 1488 2822; x_wconf 74' lang='grc' dir='ltr'>Ναξιραῖον</span> <span class='ocrx_word' id='word_1_382' title='bbox 1517 2757 1666 2836; x_wconf 78' lang='grc' dir='ltr'>ὄντα,</span> <span class='ocrx_word' id='word_1_383' title='bbox 1690 2756 1834 2811; x_wconf 82' lang='grc' dir='ltr'>τοῦτ’</span> 
     </span>
    </p>
   </div>
   <div class='ocr_carea' id='block_1_48' title="bbox 249 2847 1837 2921">
    <p class='ocr_par' dir='ltr' id='par_1_48' title="bbox 249 2847 1837 2921">
     <span class='ocr_line' id='line_1_48' title="bbox 249 2847 1837 2921; baseline -0.001 -18"><span class='ocrx_word' id='word_1_384' title='bbox 249 2850 409 2903; x_wconf 76' lang='grc' dir='ltr'>εστιν</span> <span class='ocrx_word' id='word_1_385' title='bbox 440 2850 591 2919; x_wconf 78' lang='grc' dir='ltr'>ἆγιον</span> <span class='ocrx_word' id='word_1_386' title='bbox 616 2850 708 2903; x_wconf 78' lang='grc' dir='ltr'><strong>καὶ</strong></span> <span class='ocrx_word' id='word_1_387' title='bbox 740 2849 957 2904; x_wconf 77' lang='grc' dir='ltr'>ἄθικτον</span> <span class='ocrx_word' id='word_1_388' title='bbox 991 2850 1084 2903; x_wconf 75' lang='grc' dir='ltr'>καὶ</span> <span class='ocrx_word' id='word_1_389' title='bbox 1110 2849 1505 2921; x_wconf 83' lang='grc' dir='ltr'>ἀφωρισμένον,</span> <span class='ocrx_word' id='word_1_390' title='bbox 1539 2847 1599 2913; x_wconf 81' lang='grc' dir='ltr'>ἐξ</span> <span class='ocrx_word' id='word_1_391' title='bbox 1630 2847 1837 2921; x_wconf 83' lang='grc' dir='ltr'>ἀνθρὼ-</span> 
     </span>
    </p>
   </div>
   <div class='ocr_carea' id='block_1_49' title="bbox 252 2940 1836 3013">
    <p class='ocr_par' dir='ltr' id='par_1_49' title="bbox 252 2940 1836 3013">
     <span class='ocr_line' id='line_1_49' title="bbox 252 2940 1836 3013; baseline 0 -18"><span class='ocrx_word' id='word_1_392' title='bbox 252 2959 384 2995; x_wconf 71' lang='grc' dir='ltr'><strong>πων</strong></span> <span class='ocrx_word' id='word_1_393' title='bbox 403 2942 663 3011; x_wconf 78' lang='grc' dir='ltr'>κληθῆναι</span> <span class='ocrx_word' id='word_1_394' title='bbox 690 2941 861 3012; x_wconf 80' lang='grc' dir='ltr'>ταύτῃ</span> <span class='ocrx_word' id='word_1_395' title='bbox 892 2944 957 3012; x_wconf 81' lang='grc' dir='ltr'>τῇ</span> <span class='ocrx_word' id='word_1_396' title='bbox 977 2942 1315 3013; x_wconf 79' lang='grc' dir='ltr'>προσηγορίᾳ</span> <span class='ocrx_word' id='word_1_397' title='bbox 1340 2956 1353 2969; x_wconf 89' lang='grc'><strong>·</strong></span> <span class='ocrx_word' id='word_1_398' title='bbox 1384 2940 1495 2994; x_wconf 84' lang='grc' dir='ltr'>ἀλλ’</span> <span class='ocrx_word' id='word_1_399' title='bbox 1530 2941 1651 2995; x_wconf 72' lang='grc' dir='ltr'>ἐπεὶ</span> <span class='ocrx_word' id='word_1_400' title='bbox 1675 2941 1749 3013; x_wconf 84' lang='grc' dir='ltr'>μὴ</span> <span class='ocrx_word' id='word_1_401' title='bbox 1772 2944 1836 2995; x_wconf 86' lang='grc' dir='ltr'><strong>ἐκ</strong></span> 
     </span>
    </p>
   </div>
   <div class='ocr_carea' id='block_1_50' title="bbox 252 3031 1836 3106">
    <p class='ocr_par' dir='ltr' id='par_1_50' title="bbox 252 3031 1836 3106">
     <span class='ocr_line' id='line_1_50' title="bbox 252 3031 1836 3106; baseline -0.002 -18"><span class='ocrx_word' id='word_1_402' title='bbox 252 3032 359 3088; x_wconf 77' lang='grc' dir='ltr'><strong>τοῦ</strong></span> <span class='ocrx_word' id='word_1_403' title='bbox 392 3033 573 3106; x_wconf 76' lang='grc' dir='ltr'>Ναζέρ</span> <span class='ocrx_word' id='word_1_404' title='bbox 602 3033 779 3086; x_wconf 78' lang='grc' dir='ltr'>ἐλαίου</span> <span class='ocrx_word' id='word_1_405' title='bbox 809 3031 1013 3104; x_wconf 84' lang='grc' dir='ltr'>ταύτης</span> <span class='ocrx_word' id='word_1_406' title='bbox 1038 3032 1193 3102; x_wconf 78' lang='grc' dir='ltr'>ἔτυχε</span> <span class='ocrx_word' id='word_1_407' title='bbox 1215 3033 1311 3102; x_wconf 79' lang='grc' dir='ltr'>τῆς</span> <span class='ocrx_word' id='word_1_408' title='bbox 1340 3033 1726 3106; x_wconf 86' lang='grc' dir='ltr'>προσηγορίας,</span> <span class='ocrx_word' id='word_1_409' title='bbox 1762 3034 1836 3104; x_wconf 81' lang='grc' dir='ltr'><strong>μὴ</strong></span> 
     </span>
    </p>
   </div>
   <div class='ocr_carea' id='block_1_51' title="bbox 254 3123 1838 3197">
    <p class='ocr_par' dir='ltr' id='par_1_51' title="bbox 254 3123 1838 3197">
     <span class='ocr_line' id='line_1_51' title="bbox 254 3123 1838 3197; baseline -0.001 -19"><span class='ocrx_word' id='word_1_410' title='bbox 254 3123 476 3197; x_wconf 71' lang='grc' dir='ltr'>δεηθεὶς</span> <span class='ocrx_word' id='word_1_411' title='bbox 500 3124 837 3195; x_wconf 76' lang='grc' dir='ltr'>ἀνθρωπίνου</span> <span class='ocrx_word' id='word_1_412' title='bbox 870 3124 1188 3195; x_wconf 82' lang='grc' dir='ltr'>χρίσματος,</span> <span class='ocrx_word' id='word_1_413' title='bbox 1212 3124 1273 3176; x_wconf 82' lang='grc' dir='ltr'><strong>ἐκ</strong></span> <span class='ocrx_word' id='word_1_414' title='bbox 1302 3123 1395 3177; x_wconf 89' lang='grc' dir='ltr'><strong>τοῦ</strong></span> <span class='ocrx_word' id='word_1_415' title='bbox 1424 3124 1585 3178; x_wconf 83' lang='grc' dir='ltr'>τόπου</span> <span class='ocrx_word' id='word_1_416' title='bbox 1611 3125 1708 3195; x_wconf 86' lang='grc' dir='ltr'>τῆς</span> <span class='ocrx_word' id='word_1_417' title='bbox 1728 3125 1838 3177; x_wconf 87' lang='grc' dir='ltr'><strong>Να-</strong></span> 
     </span>
    </p>
   </div>
   <div class='ocr_carea' id='block_1_52' title="bbox 258 3215 1838 3287">
    <p class='ocr_par' dir='ltr' id='par_1_52' title="bbox 258 3215 1838 3287">
     <span class='ocr_line' id='line_1_52' title="bbox 258 3215 1838 3287; baseline 0.001 -18"><span class='ocrx_word' id='word_1_418' title='bbox 258 3216 434 3287; x_wconf 76' lang='grc' dir='ltr'>ζαρὲθ</span> <span class='ocrx_word' id='word_1_419' title='bbox 462 3215 560 3287; x_wconf 72' lang='grc' dir='ltr'>τὴν</span> <span class='ocrx_word' id='word_1_420' title='bbox 588 3217 901 3287; x_wconf 74' lang='grc' dir='ltr'>ἐπωνυμίαν</span> <span class='ocrx_word' id='word_1_421' title='bbox 930 3217 1216 3287; x_wconf 80' lang='grc' dir='ltr'>ἐκτήσατο.</span> <span class='ocrx_word' id='word_1_422' title='bbox 1244 3215 1459 3269; x_wconf 81' lang='grc' dir='ltr'>Τούτων</span> <span class='ocrx_word' id='word_1_423' title='bbox 1501 3216 1671 3280; x_wconf 75' lang='grc' dir='ltr'>οὕτως</span> <span class='ocrx_word' id='word_1_424' title='bbox 1705 3217 1838 3270; x_wconf 91' lang='grc' dir='ltr'>ἀπο-</span> 
     </span>
    </p>
   </div>
   <div class='ocr_carea' id='block_1_53' title="bbox 1935 2300 3509 2374">
    <p class='ocr_par' dir='ltr' id='par_1_53' title="bbox 1935 2300 3509 2374">
     <span class='ocr_line' id='line_1_53' title="bbox 1935 2300 3509 2374; baseline 0.004 -20"><span class='ocrx_word' id='word_1_425' title='bbox 1935 2306 2298 2369; x_wconf 83' lang='lat' dir='ltr'><strong>segregatum,</strong></span> <span class='ocrx_word' id='word_1_426' title='bbox 2344 2305 2436 2353; x_wconf 94' lang='lat' dir='ltr'><strong>aut</strong></span> <span class='ocrx_word' id='word_1_427' title='bbox 2484 2300 2770 2355; x_wconf 90' lang='lat' dir='ltr'><strong>intactum.</strong></span> <span class='ocrx_word' id='word_1_428' title='bbox 2810 2302 2881 2356; x_wconf 84' lang='lat' dir='ltr'><strong>At</strong></span> <span class='ocrx_word' id='word_1_429' title='bbox 2916 2320 3046 2359; x_wconf 89' lang='lat' dir='ltr'><strong>vero</strong></span> <span class='ocrx_word' id='word_1_430' title='bbox 3092 2305 3257 2374; x_wconf 89' lang='lat' dir='ltr'><strong>prisci</strong></span> <span class='ocrx_word' id='word_1_431' title='bbox 3288 2306 3509 2374; x_wconf 88' lang='lat' dir='ltr'><strong>quidem</strong></span> 
     </span>
    </p>
   </div>
   <div class='ocr_carea' id='block_1_54' title="bbox 1935 2388 3509 2465">
    <p class='ocr_par' dir='ltr' id='par_1_54' title="bbox 1935 2388 3509 2465">
     <span class='ocr_line' id='line_1_54' title="bbox 1935 2388 3509 2465; baseline 0.004 -22"><span class='ocrx_word' id='word_1_432' title='bbox 1935 2388 2285 2453; x_wconf 85' lang='lat' dir='ltr'><strong>sacerdotes,</strong></span> <span class='ocrx_word' id='word_1_433' title='bbox 2358 2404 2481 2442; x_wconf 92' lang='lat' dir='ltr'><strong>cum</strong></span> <span class='ocrx_word' id='word_1_434' title='bbox 2541 2391 2661 2445; x_wconf 87' lang='lat' dir='ltr'><strong>oleo</strong></span> <span class='ocrx_word' id='word_1_435' title='bbox 2720 2402 3076 2463; x_wconf 85' lang='lat' dir='ltr'><strong>comparato,</strong></span> <span class='ocrx_word' id='word_1_436' title='bbox 3154 2396 3298 2464; x_wconf 88' lang='lat' dir='ltr'><strong>quod</strong></span> <span class='ocrx_word' id='word_1_437' title='bbox 3365 2397 3509 2465; x_wconf 84' lang='lat' dir='ltr'><strong>apud</strong></span> 
     </span>
    </p>
   </div>
   <div class='ocr_carea' id='block_1_55' title="bbox 1936 2478 3509 2555">
    <p class='ocr_par' dir='ltr' id='par_1_55' title="bbox 1936 2478 3509 2555">
     <span class='ocr_line' id='line_1_55' title="bbox 1936 2478 3509 2555; baseline 0.005 -22"><span class='ocrx_word' id='word_1_438' title='bbox 1936 2478 2121 2534; x_wconf 74' lang='lat' dir='ltr'><strong>Mosen</strong></span> <span class='ocrx_word' id='word_1_439' title='bbox 2172 2479 2345 2534; x_wconf 84' lang='lat' dir='ltr'><strong>Nazer</strong></span> <span class='ocrx_word' id='word_1_440' title='bbox 2400 2482 2719 2551; x_wconf 81' lang='lat' dir='ltr'><strong>appellatur,</strong></span> <span class='ocrx_word' id='word_1_441' title='bbox 2775 2496 3138 2555; x_wconf 85' lang='lat' dir='ltr'><strong>ungerenlur,</strong></span> <span class='ocrx_word' id='word_1_442' title='bbox 3189 2503 3255 2541; x_wconf 78' lang='lat' dir='ltr'><strong>ex</strong></span> <span class='ocrx_word' id='word_1_443' title='bbox 3296 2487 3509 2542; x_wconf 86' lang='lat' dir='ltr'><strong>deriva-</strong></span> 
     </span>
    </p>
   </div>
   <div class='ocr_carea' id='block_1_56' title="bbox 1934 2570 3509 2632">
    <p class='ocr_par' dir='ltr' id='par_1_56' title="bbox 1934 2570 3509 2632">
     <span class='ocr_line' id='line_1_56' title="bbox 1934 2570 3509 2632; baseline 0.006 -9"><span class='ocrx_word' id='word_1_444' title='bbox 1934 2572 2083 2626; x_wconf 88' lang='lat' dir='ltr'><strong>tione</strong></span> <span class='ocrx_word' id='word_1_445' title='bbox 2127 2586 2157 2624; x_wconf 92' lang='lat' dir='ltr'><strong>a</strong></span> <span class='ocrx_word' id='word_1_446' title='bbox 2187 2570 2360 2626; x_wconf 85' lang='lat' dir='ltr'><strong>Nazer</strong></span> <span class='ocrx_word' id='word_1_447' title='bbox 2422 2572 2762 2628; x_wconf 86' lang='lat' dir='ltr'><strong>vocabantur</strong></span> <span class='ocrx_word' id='word_1_448' title='bbox 2803 2573 3051 2631; x_wconf 72' lang='lat' dir='ltr'><strong>Nazirzei.</strong></span> <span class='ocrx_word' id='word_1_449' title='bbox 3105 2575 3210 2631; x_wconf 84' lang='lat' dir='ltr'><strong>Sed</strong></span> <span class='ocrx_word' id='word_1_450' title='bbox 3264 2576 3509 2632; x_wconf 77' lang='lat' dir='ltr'><strong>Salvator</strong></span> 
     </span>
    </p>
   </div>
   <div class='ocr_carea' id='block_1_57' title="bbox 1936 2659 3506 2735">
    <p class='ocr_par' dir='ltr' id='par_1_57' title="bbox 1936 2659 3506 2735">
     <span class='ocr_line' id='line_1_57' title="bbox 1936 2659 3506 2735; baseline 0.004 -19"><span class='ocrx_word' id='word_1_451' title='bbox 1936 2669 1991 2716; x_wconf 91' lang='lat' dir='ltr'><strong>et</strong></span> <span class='ocrx_word' id='word_1_452' title='bbox 2016 2659 2278 2716; x_wconf 89' lang='lat' dir='ltr'><strong>Dominus</strong></span> <span class='ocrx_word' id='word_1_453' title='bbox 2307 2670 2514 2726; x_wconf 81' lang='lat' dir='ltr'><strong>noster,</strong></span> <span class='ocrx_word' id='word_1_454' title='bbox 2546 2674 2734 2734; x_wconf 86' lang='lat' dir='ltr'><strong>suapte</strong></span> <span class='ocrx_word' id='word_1_455' title='bbox 2772 2673 2968 2720; x_wconf 90' lang='lat' dir='ltr'><strong>natura</strong></span> <span class='ocrx_word' id='word_1_456' title='bbox 3001 2668 3054 2721; x_wconf 92' lang='lat' dir='ltr'><strong>iu</strong></span> <span class='ocrx_word' id='word_1_457' title='bbox 3090 2684 3146 2722; x_wconf 87' lang='lat' dir='ltr'><strong>sc</strong></span> <span class='ocrx_word' id='word_1_458' title='bbox 3189 2668 3420 2735; x_wconf 82' lang='lat' dir='ltr'><strong>habens,</strong></span> <span class='ocrx_word' id='word_1_459' title='bbox 3457 2678 3506 2724; x_wconf 84' lang='lat' dir='ltr'><strong>et</strong></span> 
     </span>
    </p>
   </div>
   <div class='ocr_carea' id='block_1_58' title="bbox 1937 2754 3508 2830">
    <p class='ocr_par' dir='ltr' id='par_1_58' title="bbox 1937 2754 3508 2830">
     <span class='ocr_line' id='line_1_58' title="bbox 1937 2754 3508 2830; baseline 0.004 -21"><span class='ocrx_word' id='word_1_460' title='bbox 1937 2759 2207 2817; x_wconf 85' lang='lat' dir='ltr'><strong>sanctum,</strong></span> <span class='ocrx_word' id='word_1_461' title='bbox 2242 2764 2291 2809; x_wconf 90' lang='lat' dir='ltr'><strong>et</strong></span> <span class='ocrx_word' id='word_1_462' title='bbox 2316 2754 2605 2821; x_wconf 88' lang='lat' dir='ltr'><strong>intactum,</strong></span> <span class='ocrx_word' id='word_1_463' title='bbox 2632 2762 2684 2810; x_wconf 89' lang='lat' dir='ltr'><strong>et</strong></span> <span class='ocrx_word' id='word_1_464' title='bbox 2704 2768 3036 2825; x_wconf 86' lang='lat' dir='ltr'><strong>separatum,</strong></span> <span class='ocrx_word' id='word_1_465' title='bbox 3074 2776 3252 2829; x_wconf 87' lang='lat' dir='ltr'><strong>neque</strong></span> <span class='ocrx_word' id='word_1_466' title='bbox 3276 2761 3508 2830; x_wconf 86' lang='lat' dir='ltr'><strong>alicujus</strong></span> 
     </span>
    </p>
   </div>
   <div class='ocr_carea' id='block_1_59' title="bbox 1936 2844 3507 2923">
    <p class='ocr_par' dir='ltr' id='par_1_59' title="bbox 1936 2844 3507 2923">
     <span class='ocr_line' id='line_1_59' title="bbox 1936 2844 3507 2923; baseline 0.005 -24"><span class='ocrx_word' id='word_1_467' title='bbox 1936 2844 2185 2916; x_wconf 75' lang='lat' dir='ltr'><strong>indigens</strong></span> <span class='ocrx_word' id='word_1_468' title='bbox 2212 2844 2465 2901; x_wconf 73' lang='lat' dir='ltr'><strong>humana:</strong></span> <span class='ocrx_word' id='word_1_469' title='bbox 2510 2849 2805 2913; x_wconf 85' lang='lat' dir='ltr'><strong>unctionis,</strong></span> <span class='ocrx_word' id='word_1_470' title='bbox 2836 2861 3019 2905; x_wconf 81' lang='lat' dir='ltr'><strong>tamen</strong></span> <span class='ocrx_word' id='word_1_471' title='bbox 3060 2850 3287 2905; x_wconf 65' lang='grc' dir='ltr'><strong>Νειιὶτωὶ</strong></span> <span class='ocrx_word' id='word_1_472' title='bbox 3319 2854 3507 2923; x_wconf 83' lang='lat' dir='ltr'><strong>appel-</strong></span> 
     </span>
    </p>
   </div>
   <div class='ocr_carea' id='block_1_60' title="bbox 1937 2935 3507 3013">
    <p class='ocr_par' dir='ltr' id='par_1_60' title="bbox 1937 2935 3507 3013">
     <span class='ocr_line' id='line_1_60' title="bbox 1937 2935 3507 3013; baseline 0.005 -25"><span class='ocrx_word' id='word_1_473' title='bbox 1937 2935 2196 2991; x_wconf 89' lang='lat' dir='ltr'><strong>lationem</strong></span> <span class='ocrx_word' id='word_1_474' title='bbox 2231 2937 2374 3006; x_wconf 90' lang='lat' dir='ltr'><strong>apud</strong></span> <span class='ocrx_word' id='word_1_475' title='bbox 2398 2938 2647 2994; x_wconf 84' lang='lat' dir='ltr'><strong>homines</strong></span> <span class='ocrx_word' id='word_1_476' title='bbox 2674 2941 2929 3005; x_wconf 89' lang='lat' dir='ltr'><strong>obtinuit,</strong></span> <span class='ocrx_word' id='word_1_477' title='bbox 2955 2958 3064 2997; x_wconf 91' lang='lat' dir='ltr'><strong>non</strong></span> <span class='ocrx_word' id='word_1_478' title='bbox 3105 2944 3250 3013; x_wconf 91' lang='lat' dir='ltr'><strong>quod</strong></span> <span class='ocrx_word' id='word_1_479' title='bbox 3282 2945 3349 2999; x_wconf 91' lang='lat' dir='ltr'><strong>ab</strong></span> <span class='ocrx_word' id='word_1_480' title='bbox 3384 2946 3507 3001; x_wconf 86' lang='lat' dir='ltr'><strong>oleo</strong></span> 
     </span>
    </p>
   </div>
   <div class='ocr_carea' id='block_1_61' title="bbox 1937 3024 3507 3105">
    <p class='ocr_par' dir='ltr' id='par_1_61' title="bbox 1937 3024 3507 3105">
     <span class='ocr_line' id='line_1_61' title="bbox 1937 3024 3507 3105; baseline 0.008 -28"><span class='ocrx_word' id='word_1_481' title='bbox 1937 3025 2080 3094; x_wconf 89' lang='lat' dir='ltr'><strong>quod</strong></span> <span class='ocrx_word' id='word_1_482' title='bbox 2114 3024 2286 3079; x_wconf 86' lang='lat' dir='ltr'><strong>Nazer</strong></span> <span class='ocrx_word' id='word_1_483' title='bbox 2302 3038 2587 3082; x_wconf 88' lang='lat' dir='ltr'><strong>vocaretur</strong></span> <span class='ocrx_word' id='word_1_484' title='bbox 2610 3028 2887 3086; x_wconf 70' lang='lat' dir='ltr'><strong>Naziraeus</strong></span> <span class='ocrx_word' id='word_1_485' title='bbox 2922 3031 3215 3097; x_wconf 81' lang='lat' dir='ltr'><strong>exstiterit,</strong></span> <span class='ocrx_word' id='word_1_486' title='bbox 3241 3034 3335 3087; x_wconf 85' lang='lat' dir='ltr'><strong>sed</strong></span> <span class='ocrx_word' id='word_1_487' title='bbox 3363 3037 3507 3105; x_wconf 88' lang='lat' dir='ltr'><strong>quod</strong></span> 
     </span>
    </p>
   </div>
   <div class='ocr_carea' id='block_1_62' title="bbox 1938 3119 3505 3190">
    <p class='ocr_par' dir='ltr' id='par_1_62' title="bbox 1938 3119 3505 3190">
     <span class='ocr_line' id='line_1_62' title="bbox 1938 3119 3505 3190; baseline 0.006 -19"><span class='ocrx_word' id='word_1_488' title='bbox 1938 3119 2186 3188; x_wconf 81' lang='lat' dir='ltr'><strong>quamvis</strong></span> <span class='ocrx_word' id='word_1_489' title='bbox 2222 3126 2417 3173; x_wconf 88' lang='lat' dir='ltr'><strong>natura</strong></span> <span class='ocrx_word' id='word_1_490' title='bbox 2445 3120 2662 3190; x_wconf 89' lang='lat' dir='ltr'><strong>quidem</strong></span> <span class='ocrx_word' id='word_1_491' title='bbox 2708 3121 2832 3176; x_wconf 92' lang='lat' dir='ltr'><strong>talis</strong></span> <span class='ocrx_word' id='word_1_492' title='bbox 2878 3130 3044 3186; x_wconf 88' lang='lat' dir='ltr'><strong>esset,</strong></span> <span class='ocrx_word' id='word_1_493' title='bbox 3082 3133 3261 3179; x_wconf 87' lang='lat' dir='ltr'><strong>tamen</strong></span> <span class='ocrx_word' id='word_1_494' title='bbox 3304 3140 3336 3178; x_wconf 89' lang='lat' dir='ltr'><strong>a</strong></span> <span class='ocrx_word' id='word_1_495' title='bbox 3378 3126 3505 3180; x_wconf 81' lang='lat' dir='ltr'><strong>civi-</strong></span> 
     </span>
    </p>
   </div>
   <div class='ocr_carea' id='block_1_63' title="bbox 1937 3211 3507 3284">
    <p class='ocr_par' dir='ltr' id='par_1_63' title="bbox 1937 3211 3507 3284">
     <span class='ocr_line' id='line_1_63' title="bbox 1937 3211 3507 3284; baseline 0.006 -20"><span class='ocrx_word' id='word_1_496' title='bbox 1937 3219 2049 3266; x_wconf 85' lang='lat' dir='ltr'><strong>tate</strong></span> <span class='ocrx_word' id='word_1_497' title='bbox 2081 3211 2351 3267; x_wconf 89' lang='lat' dir='ltr'><strong>Nazareth</strong></span> <span class='ocrx_word' id='word_1_498' title='bbox 2395 3214 2535 3283; x_wconf 89' lang='lat' dir='ltr'><strong>apud</strong></span> <span class='ocrx_word' id='word_1_499' title='bbox 2563 3213 2812 3272; x_wconf 89' lang='lat' dir='ltr'><strong>homines</strong></span> <span class='ocrx_word' id='word_1_500' title='bbox 2840 3214 3122 3271; x_wconf 65' lang='lat' dir='ltr'><strong>Naziraaus</strong></span> <span class='ocrx_word' id='word_1_501' title='bbox 3160 3228 3387 3274; x_wconf 87' lang='lat' dir='ltr'><strong>vocatus</strong></span> <span class='ocrx_word' id='word_1_502' title='bbox 3416 3219 3507 3284; x_wconf 89' lang='lat' dir='ltr'><strong>sit,</strong></span> 
     </span>
    </p>
   </div>
   <div class='ocr_carea' id='block_1_64' title="bbox 255 3290 1836 3382">
    <p class='ocr_par' dir='ltr' id='par_1_64' title="bbox 255 3308 1834 3382">
     <span class='ocr_line' id='line_1_64' title="bbox 255 3308 1834 3382; baseline -0.001 -18"><span class='ocrx_word' id='word_1_503' title='bbox 255 3309 638 3381; x_wconf 66' lang='grc' dir='ltr'>δεδειγμένων,</span> <span class='ocrx_word' id='word_1_504' title='bbox 671 3310 860 3382; x_wconf 83' lang='grc' dir='ltr'>καιρὸς</span> <span class='ocrx_word' id='word_1_505' title='bbox 895 3309 1290 3379; x_wconf 70' lang='grc' dir='ltr'>ἐπισκέψασθαι</span> <span class='ocrx_word' id='word_1_506' title='bbox 1315 3310 1406 3362; x_wconf 74' lang='grc' dir='ltr'><strong>καὶ</strong></span> <span class='ocrx_word' id='word_1_507' title='bbox 1435 3308 1494 3375; x_wconf 81' lang='grc' dir='ltr'><strong>ἐξ</strong></span> <span class='ocrx_word' id='word_1_508' title='bbox 1527 3309 1711 3363; x_wconf 83' lang='grc' dir='ltr'>ὁποίου</span> <span class='ocrx_word' id='word_1_509' title='bbox 1739 3310 1834 3380; x_wconf 81' lang='grc' dir='ltr'>γέ-</span> 
     </span>
    </p>
   </div>
   <div class='ocr_carea' id='block_1_65' title="bbox 1935 3290 3507 3382">
    <p class='ocr_par' dir='ltr' id='par_1_65' title="bbox 1938 3305 3507 3379">
     <span class='ocr_line' id='line_1_65' title="bbox 1938 3305 3507 3379; baseline 0.004 -22"><span class='ocrx_word' id='word_1_510' title='bbox 1938 3306 2031 3359; x_wconf 90' lang='lat' dir='ltr'><strong>ubi</strong></span> <span class='ocrx_word' id='word_1_511' title='bbox 2061 3305 2203 3376; x_wconf 90' lang='lat' dir='ltr'><strong>apud</strong></span> <span class='ocrx_word' id='word_1_512' title='bbox 2232 3322 2381 3372; x_wconf 91' lang='lat' dir='ltr'><strong>suos,</strong></span> <span class='ocrx_word' id='word_1_513' title='bbox 2414 3321 2523 3376; x_wconf 87' lang='lat' dir='ltr'><strong>qua</strong></span> <span class='ocrx_word' id='word_1_514' title='bbox 2554 3306 2717 3362; x_wconf 90' lang='lat' dir='ltr'><strong>homo</strong></span> <span class='ocrx_word' id='word_1_515' title='bbox 2756 3317 2894 3372; x_wconf 90' lang='lat' dir='ltr'><strong>erat,</strong></span> <span class='ocrx_word' id='word_1_516' title='bbox 2932 3316 3207 3379; x_wconf 91' lang='lat' dir='ltr'><strong>parentes,</strong></span> <span class='ocrx_word' id='word_1_517' title='bbox 3242 3310 3507 3379; x_wconf 89' lang='lat' dir='ltr'><strong>puerilem</strong></span> 
     </span>
    </p>
   </div>
   <div class='ocr_carea' id='block_1_66' title="bbox 260 3398 1831 3471">
    <p class='ocr_par' dir='ltr' id='par_1_66' title="bbox 260 3398 1831 3471">
     <span class='ocr_line' id='line_1_66' title="bbox 260 3398 1831 3471; baseline -0.002 -17"><span class='ocrx_word' id='word_1_518' title='bbox 260 3417 409 3465; x_wconf 79' lang='grc' dir='ltr'>νους,</span> <span class='ocrx_word' id='word_1_519' title='bbox 437 3400 495 3466; x_wconf 77' lang='grc' dir='ltr'>ἐξ</span> <span class='ocrx_word' id='word_1_520' title='bbox 526 3400 712 3463; x_wconf 75' lang='grc' dir='ltr'>ὁποίας</span> <span class='ocrx_word' id='word_1_521' title='bbox 732 3416 791 3452; x_wconf 88' lang='grc' dir='ltr'><strong>τε</strong></span> <span class='ocrx_word' id='word_1_522' title='bbox 828 3398 1089 3469; x_wconf 81' lang='grc' dir='ltr'>Ἐϐραίων</span> <span class='ocrx_word' id='word_1_523' title='bbox 1117 3398 1289 3469; x_wconf 77' lang='grc' dir='ltr'>φυλῆς</span> <span class='ocrx_word' id='word_1_524' title='bbox 1315 3401 1343 3452; x_wconf 87' lang='lat'><strong>6</strong></span> <span class='ocrx_word' id='word_1_525' title='bbox 1366 3398 1555 3471; x_wconf 80' lang='grc' dir='ltr'>Σωτὴρ</span> <span class='ocrx_word' id='word_1_526' title='bbox 1587 3399 1697 3452; x_wconf 88' lang='grc' dir='ltr'><strong>τῶν</strong></span> <span class='ocrx_word' id='word_1_527' title='bbox 1728 3400 1831 3470; x_wconf 74' lang='grc' dir='ltr'><strong>ψυ-</strong></span> 
     </span>
    </p>
   </div>
   <div class='ocr_carea' id='block_1_67' title="bbox 260 3489 1838 3563">
    <p class='ocr_par' dir='ltr' id='par_1_67' title="bbox 260 3489 1838 3563">
     <span class='ocr_line' id='line_1_67' title="bbox 260 3489 1838 3563; baseline 0 -19"><span class='ocrx_word' id='word_1_528' title='bbox 260 3492 377 3562; x_wconf 80' lang='grc' dir='ltr'><strong>χῶν</strong></span> <span class='ocrx_word' id='word_1_529' title='bbox 405 3490 582 3563; x_wconf 66' lang='grc' dir='ltr'>ἡμῶν,</span> <span class='ocrx_word' id='word_1_530' title='bbox 614 3492 643 3543; x_wconf 87' lang='lat'><strong>6</strong></span> <span class='ocrx_word' id='word_1_531' title='bbox 688 3489 919 3561; x_wconf 77' lang='grc' dir='ltr'>Χριστὸς</span> <span class='ocrx_word' id='word_1_532' title='bbox 950 3489 1044 3544; x_wconf 92' lang='grc' dir='ltr'><strong>τοῦ</strong></span> <span class='ocrx_word' id='word_1_533' title='bbox 1087 3489 1219 3543; x_wconf 82' lang='grc' dir='ltr'>Θεοῦ</span> <span class='ocrx_word' id='word_1_534' title='bbox 1266 3489 1684 3561; x_wconf 88' lang='grc' dir='ltr'>προελεύσεσθαι</span> <span class='ocrx_word' id='word_1_535' title='bbox 1710 3492 1838 3561; x_wconf 85' lang='grc' dir='ltr'>ἐκη-</span> 
     </span>
    </p>
   </div>
   <div class='ocr_carea' id='block_1_68' title="bbox 265 3579 1839 3656">
    <p class='ocr_par' dir='ltr' id='par_1_68' title="bbox 265 3579 1839 3656">
     <span class='ocr_line' id='line_1_68' title="bbox 265 3579 1839 3656; baseline -0.003 -19"><span class='ocrx_word' id='word_1_536' title='bbox 265 3583 509 3656; x_wconf 81' lang='grc' dir='ltr'>ρύττετο.</span> <span class='ocrx_word' id='word_1_537' title='bbox 545 3580 773 3653; x_wconf 82' lang='grc' dir='ltr'>Πρώτας</span> <span class='ocrx_word' id='word_1_538' title='bbox 806 3581 862 3634; x_wconf 85' lang='grc' dir='ltr'><strong>δέ</strong></span> <span class='ocrx_word' id='word_1_539' title='bbox 892 3581 991 3645; x_wconf 90' lang='grc' dir='ltr'><strong>τάς</strong></span> <span class='ocrx_word' id='word_1_540' title='bbox 1041 3580 1398 3650; x_wconf 85' lang='grc' dir='ltr'>εύαγγελικάς</span> <span class='ocrx_word' id='word_1_541' title='bbox 1436 3582 1529 3634; x_wconf 74' lang='grc' dir='ltr'>καὶ</span> <span class='ocrx_word' id='word_1_542' title='bbox 1559 3581 1687 3654; x_wconf 72' lang='grc' dir='ltr'>περὶ</span> <span class='ocrx_word' id='word_1_543' title='bbox 1716 3579 1839 3634; x_wconf 92' lang='grc' dir='ltr'>τού-</span> 
     </span>
    </p>
   </div>
   <div class='ocr_carea' id='block_1_69' title="bbox 260 3667 1841 3743">
    <p class='ocr_par' dir='ltr' id='par_1_69' title="bbox 260 3667 1841 3743">
     <span class='ocr_line' id='line_1_69' title="bbox 260 3667 1841 3743; baseline 0.001 -20"><span class='ocrx_word' id='word_1_544' title='bbox 260 3690 359 3725; x_wconf 84' lang='grc' dir='ltr'><strong>του</strong></span> <span class='ocrx_word' id='word_1_545' title='bbox 389 3671 773 3742; x_wconf 84' lang='grc' dir='ltr'>παραθήσομαι</span> <span class='ocrx_word' id='word_1_546' title='bbox 792 3670 967 3737; x_wconf 82' lang='grc' dir='ltr'>λέξεις</span> <span class='ocrx_word' id='word_1_547' title='bbox 991 3688 1003 3701; x_wconf 82' lang='grc'><em>’</em></span> <span class='ocrx_word' id='word_1_548' title='bbox 1031 3667 1129 3723; x_wconf 84' lang='grc' dir='ltr'>εἷθ’</span> <span class='ocrx_word' id='word_1_549' title='bbox 1152 3670 1339 3742; x_wconf 82' lang='grc' dir='ltr'>ὥσπερ</span> <span class='ocrx_word' id='word_1_550' title='bbox 1358 3672 1647 3743; x_wconf 82' lang='grc' dir='ltr'>ἁρμονίους</span> <span class='ocrx_word' id='word_1_551' title='bbox 1669 3690 1841 3743; x_wconf 80' lang='grc' dir='ltr'>σφρα-</span> 
     </span>
    </p>
   </div>
   <div class='ocr_carea' id='block_1_70' title="bbox 262 3758 1840 3833">
    <p class='ocr_par' dir='ltr' id='par_1_70' title="bbox 262 3758 1840 3833">
     <span class='ocr_line' id='line_1_70' title="bbox 262 3758 1840 3833; baseline 0.001 -20"><span class='ocrx_word' id='word_1_552' title='bbox 262 3761 423 3828; x_wconf 76' lang='grc' dir='ltr'>γῖδας</span> <span class='ocrx_word' id='word_1_553' title='bbox 451 3759 550 3825; x_wconf 88' lang='grc' dir='ltr'><strong>τάς</strong></span> <span class='ocrx_word' id='word_1_554' title='bbox 573 3758 910 3831; x_wconf 63' lang='grc' dir='ltr'>πῳφητικάς</span> <span class='ocrx_word' id='word_1_555' title='bbox 939 3759 1128 3824; x_wconf 81' lang='grc' dir='ltr'>αὐταῖς</span> <span class='ocrx_word' id='word_1_556' title='bbox 1154 3761 1395 3832; x_wconf 81' lang='grc' dir='ltr'>ἐπιθήσω</span> <span class='ocrx_word' id='word_1_557' title='bbox 1421 3763 1741 3833; x_wconf 87' lang='grc' dir='ltr'>μαρτυρίας.</span> <span class='ocrx_word' id='word_1_558' title='bbox 1780 3763 1840 3815; x_wconf 87' lang='lat'><strong>&#39;0</strong></span> 
     </span>
    </p>
   </div>
   <div class='ocr_carea' id='block_1_71' title="bbox 269 3845 1843 3925">
    <p class='ocr_par' dir='ltr' id='par_1_71' title="bbox 269 3845 1843 3925">
     <span class='ocr_line' id='line_1_71' title="bbox 269 3845 1843 3925; baseline 0.003 -21"><span class='ocrx_word' id='word_1_559' title='bbox 269 3852 370 3921; x_wconf 83' lang='grc' dir='ltr'>μὲν</span> <span class='ocrx_word' id='word_1_560' title='bbox 408 3847 504 3905; x_wconf 77' lang='grc' dir='ltr'>οὖν</span> <span class='ocrx_word' id='word_1_561' title='bbox 535 3850 812 3916; x_wconf 84' lang='grc' dir='ltr'>Ματθαῖος</span> <span class='ocrx_word' id='word_1_562' title='bbox 844 3845 946 3905; x_wconf 76' lang='grc' dir='ltr'><strong>ὧδε</strong></span> <span class='ocrx_word' id='word_1_563' title='bbox 983 3852 1074 3907; x_wconf 84' lang='grc' dir='ltr'>τὸν</span> <span class='ocrx_word' id='word_1_564' title='bbox 1104 3853 1336 3925; x_wconf 83' lang='grc' dir='ltr'>Χριστὸν</span> <span class='ocrx_word' id='word_1_565' title='bbox 1364 3853 1504 3907; x_wconf 88' lang='grc' dir='ltr'><strong>κατά</strong></span> <span class='ocrx_word' id='word_1_566' title='bbox 1538 3854 1716 3925; x_wconf 86' lang='grc' dir='ltr'>σάρκα</span> <span class='ocrx_word' id='word_1_567' title='bbox 1750 3872 1843 3923; x_wconf 79' lang='grc' dir='ltr'>γε-</span> 
     </span>
    </p>
   </div>
   <div class='ocr_carea' id='block_1_72' title="bbox 265 3943 1840 4018">
    <p class='ocr_par' dir='ltr' id='par_1_72' title="bbox 265 3943 1840 4018">
     <span class='ocr_line' id='line_1_72' title="bbox 265 3943 1840 4018; baseline 0.003 -21"><span class='ocrx_word' id='word_1_568' title='bbox 265 3944 547 4012; x_wconf 78' lang='grc' dir='ltr'>νεαλογεῖο</span> <span class='ocrx_word' id='word_1_569' title='bbox 589 3962 607 3993; x_wconf 76' lang='grc' dir='ltr'><strong>ι</strong></span> <span class='ocrx_word' id='word_1_570' title='bbox 648 3943 835 4008; x_wconf 84' lang='grc' dir='ltr'>Βίϐλος</span> <span class='ocrx_word' id='word_1_571' title='bbox 885 3944 1149 4013; x_wconf 87' lang='grc' dir='ltr'>γενέσεως</span> <span class='ocrx_word' id='word_1_572' title='bbox 1196 3945 1368 4017; x_wconf 87' lang='grc' dir='ltr'>Ἰησοῦ</span> <span class='ocrx_word' id='word_1_573' title='bbox 1426 3947 1683 4018; x_wconf 80' lang='grc' dir='ltr'>Χριστοῦ,</span> <span class='ocrx_word' id='word_1_574' title='bbox 1723 3947 1840 4001; x_wconf 84' lang='grc' dir='ltr'>υἱοῦ</span> 
     </span>
    </p>
   </div>
   <div class='ocr_carea' id='block_1_73' title="bbox 264 4034 1840 4109">
    <p class='ocr_par' dir='ltr' id='par_1_73' title="bbox 264 4034 1840 4109">
     <span class='ocr_line' id='line_1_73' title="bbox 264 4034 1840 4109; baseline 0.002 -19"><span class='ocrx_word' id='word_1_575' title='bbox 264 4036 451 4101; x_wconf 67' lang='grc' dir='ltr'>Δαϐὶδ,</span> <span class='ocrx_word' id='word_1_576' title='bbox 495 4034 610 4089; x_wconf 86' lang='grc' dir='ltr'>υίοῦ</span> <span class='ocrx_word' id='word_1_577' title='bbox 644 4036 910 4108; x_wconf 78' lang='grc' dir='ltr'>Ἀϐραάμ.</span> <span class='ocrx_word' id='word_1_578' title='bbox 959 4035 1204 4108; x_wconf 81' lang='grc' dir='ltr'>Ἀϐραὰμ</span> <span class='ocrx_word' id='word_1_579' title='bbox 1224 4038 1477 4109; x_wconf 76' lang='grc' dir='ltr'>ἐγέννησε</span> <span class='ocrx_word' id='word_1_580' title='bbox 1504 4039 1594 4092; x_wconf 80' lang='grc' dir='ltr'><strong>τὸν</strong></span> <span class='ocrx_word' id='word_1_581' title='bbox 1636 4041 1840 4104; x_wconf 77' lang='grc' dir='ltr'>Ἰσαὰκ,</span> 
     </span>
    </p>
   </div>
   <div class='ocr_carea' id='block_1_74' title="bbox 281 4124 1841 4199">
    <p class='ocr_par' dir='ltr' id='par_1_74' title="bbox 281 4124 1841 4199">
     <span class='ocr_line' id='line_1_74' title="bbox 281 4124 1841 4199; baseline -0.001 -18"><span class='ocrx_word' id='word_1_582' title='bbox 281 4127 473 4181; x_wconf 81' lang='grc' dir='ltr'>Ἰσαὰκ</span> <span class='ocrx_word' id='word_1_583' title='bbox 513 4126 569 4180; x_wconf 77' lang='grc' dir='ltr'><strong>δὲ</strong></span> <span class='ocrx_word' id='word_1_584' title='bbox 600 4125 853 4197; x_wconf 84' lang='grc' dir='ltr'>ἐγέννησε</span> <span class='ocrx_word' id='word_1_585' title='bbox 884 4125 975 4179; x_wconf 82' lang='grc' dir='ltr'><strong>τὸν</strong></span> <span class='ocrx_word' id='word_1_586' title='bbox 1012 4124 1225 4189; x_wconf 83' lang='grc' dir='ltr'>Ἰακὼϐ,</span> <span class='ocrx_word' id='word_1_587' title='bbox 1266 4125 1457 4180; x_wconf 81' lang='grc' dir='ltr'>Ἰακὼϐ</span> <span class='ocrx_word' id='word_1_588' title='bbox 1497 4127 1554 4180; x_wconf 77' lang='grc' dir='ltr'><strong>δὲ</strong></span> <span class='ocrx_word' id='word_1_589' title='bbox 1589 4128 1841 4199; x_wconf 76' lang='grc' dir='ltr'>ἐγέννησε</span> 
     </span>
    </p>
   </div>
   <div class='ocr_carea' id='block_1_75' title="bbox 269 4213 1845 4288">
    <p class='ocr_par' dir='ltr' id='par_1_75' title="bbox 269 4213 1845 4288">
     <span class='ocr_line' id='line_1_75' title="bbox 269 4213 1845 4288; baseline 0.001 -19"><span class='ocrx_word' id='word_1_590' title='bbox 269 4217 365 4269; x_wconf 77' lang='grc' dir='ltr'>τὸν</span> <span class='ocrx_word' id='word_1_591' title='bbox 403 4215 624 4280; x_wconf 82' lang='grc' dir='ltr'>Ἰούδαν,</span> <span class='ocrx_word' id='word_1_592' title='bbox 696 4218 788 4269; x_wconf 76' lang='grc' dir='ltr'>καὶ</span> <span class='ocrx_word' id='word_1_593' title='bbox 850 4214 918 4268; x_wconf 79' lang='grc' dir='ltr'>τὰ</span> <span class='ocrx_word' id='word_1_594' title='bbox 958 4213 1101 4285; x_wconf 77' lang='grc' dir='ltr'>ἑξῆς.</span> <span class='ocrx_word' id='word_1_595' title='bbox 1136 4214 1357 4285; x_wconf 79' lang='grc' dir='ltr'>Συνᾴδει</span> <span class='ocrx_word' id='word_1_596' title='bbox 1404 4215 1458 4269; x_wconf 77' lang='grc' dir='ltr'><strong>δὲ</strong></span> <span class='ocrx_word' id='word_1_597' title='bbox 1503 4217 1651 4288; x_wconf 80' lang='grc' dir='ltr'>αὐτῷ</span> <span class='ocrx_word' id='word_1_598' title='bbox 1684 4220 1775 4271; x_wconf 75' lang='grc' dir='ltr'>καὶ</span> <span class='ocrx_word' id='word_1_599' title='bbox 1817 4221 1845 4271; x_wconf 93' lang='lat'><strong>6</strong></span> 
     </span>
    </p>
   </div>
   <div class='ocr_carea' id='block_1_76' title="bbox 283 4307 1843 4378">
    <p class='ocr_par' dir='ltr' id='par_1_76' title="bbox 283 4307 1843 4378">
     <span class='ocr_line' id='line_1_76' title="bbox 283 4307 1843 4378; baseline -0.001 -16"><span class='ocrx_word' id='word_1_600' title='bbox 283 4308 625 4373; x_wconf 70' lang='grc' dir='ltr'>Ἀπύστολος,</span> <span class='ocrx_word' id='word_1_601' title='bbox 646 4307 817 4375; x_wconf 85' lang='grc' dir='ltr'>λέγων</span> <span class='ocrx_word' id='word_1_602' title='bbox 850 4307 1153 4378; x_wconf 75' lang='grc' dir='ltr'>ἀφωρίσθαι</span> <span class='ocrx_word' id='word_1_603' title='bbox 1191 4327 1207 4359; x_wconf 80' lang='grc' dir='ltr'><strong>ι</strong></span> <span class='ocrx_word' id='word_1_604' title='bbox 1228 4309 1307 4371; x_wconf 83' lang='grc' dir='ltr'><strong>εἰς</strong></span> <span class='ocrx_word' id='word_1_605' title='bbox 1341 4308 1666 4377; x_wconf 85' lang='grc' dir='ltr'>Εύαγγέλιον</span> <span class='ocrx_word' id='word_1_606' title='bbox 1688 4309 1843 4373; x_wconf 86' lang='grc' dir='ltr'>Θεοῦ,</span> 
     </span>
    </p>
   </div>
   <div class='ocr_carea' id='block_1_77' title="bbox 258 4396 1847 4471">
    <p class='ocr_par' dir='ltr' id='par_1_77' title="bbox 258 4396 1847 4471">
     <span class='ocr_line' id='line_1_77' title="bbox 258 4396 1847 4471; baseline 0.001 -20"><span class='ocrx_word' id='word_1_607' title='bbox 258 4399 299 4451; x_wconf 82' lang='grc' dir='ltr'><strong>’ὃ</strong></span> <span class='ocrx_word' id='word_1_608' title='bbox 338 4399 806 4470; x_wconf 85' lang='grc' dir='ltr'>προεπηγγείλατο</span> <span class='ocrx_word' id='word_1_609' title='bbox 832 4397 919 4451; x_wconf 89' lang='grc' dir='ltr'>διά</span> <span class='ocrx_word' id='word_1_610' title='bbox 950 4397 1058 4451; x_wconf 83' lang='grc' dir='ltr'><strong>τῶν</strong></span> <span class='ocrx_word' id='word_1_611' title='bbox 1094 4396 1387 4469; x_wconf 83' lang='grc' dir='ltr'>προφητῶν</span> <span class='ocrx_word' id='word_1_612' title='bbox 1428 4400 1592 4452; x_wconf 85' lang='grc' dir='ltr'>αὑτοῦ</span> <span class='ocrx_word' id='word_1_613' title='bbox 1622 4401 1678 4451; x_wconf 85' lang='grc' dir='ltr'>ὲν</span> <span class='ocrx_word' id='word_1_614' title='bbox 1706 4399 1847 4471; x_wconf 88' lang='grc' dir='ltr'>Γρα-</span> 
     </span>
    </p>
   </div>
   <div class='ocr_carea' id='block_1_78' title="bbox 271 4485 1845 4559">
    <p class='ocr_par' dir='ltr' id='par_1_78' title="bbox 271 4485 1845 4559">
     <span class='ocr_line' id='line_1_78' title="bbox 271 4485 1845 4559; baseline -0.001 -17"><span class='ocrx_word' id='word_1_615' title='bbox 271 4492 403 4557; x_wconf 74' lang='grc' dir='ltr'>φαῖς</span> <span class='ocrx_word' id='word_1_616' title='bbox 434 4488 614 4557; x_wconf 85' lang='grc' dir='ltr'>ἁγίαις</span> <span class='ocrx_word' id='word_1_617' title='bbox 658 4488 785 4559; x_wconf 76' lang='grc' dir='ltr'>περὶ</span> <span class='ocrx_word' id='word_1_618' title='bbox 815 4486 908 4540; x_wconf 89' lang='grc' dir='ltr'><strong>τοῦ</strong></span> <span class='ocrx_word' id='word_1_619' title='bbox 953 4486 1083 4539; x_wconf 87' lang='grc' dir='ltr'>Υίοῦ</span> <span class='ocrx_word' id='word_1_620' title='bbox 1118 4486 1283 4540; x_wconf 77' lang='grc' dir='ltr'>αὑτοῦ</span> <span class='ocrx_word' id='word_1_621' title='bbox 1314 4485 1410 4540; x_wconf 90' lang='grc' dir='ltr'><strong>τοῦ</strong></span> <span class='ocrx_word' id='word_1_622' title='bbox 1448 4487 1737 4558; x_wconf 86' lang='grc' dir='ltr'>γενομένου</span> <span class='ocrx_word' id='word_1_623' title='bbox 1781 4488 1845 4540; x_wconf 84' lang='grc' dir='ltr'><strong>ἐκ</strong></span> 
     </span>
    </p>
   </div>
   <div class='ocr_carea' id='block_1_79' title="bbox 271 4576 1848 4651">
    <p class='ocr_par' dir='ltr' id='par_1_79' title="bbox 271 4576 1848 4651">
     <span class='ocr_line' id='line_1_79' title="bbox 271 4576 1848 4651; baseline 0.007 -28"><span class='ocrx_word' id='word_1_624' title='bbox 271 4579 590 4651; x_wconf 76' lang='grc' dir='ltr'>σπέρματος</span> <span class='ocrx_word' id='word_1_625' title='bbox 620 4579 780 4632; x_wconf 72' lang='grc' dir='ltr'>Δαϐὶδ</span> <span class='ocrx_word' id='word_1_626' title='bbox 824 4577 967 4632; x_wconf 89' lang='grc' dir='ltr'><strong>κατά</strong></span> <span class='ocrx_word' id='word_1_627' title='bbox 1001 4577 1198 4650; x_wconf 80' lang='grc' dir='ltr'>σάρκα.</span> <span class='ocrx_word' id='word_1_628' title='bbox 1235 4596 1254 4629; x_wconf 75' lang='grc' dir='ltr'><strong>ι</strong></span> <span class='ocrx_word' id='word_1_629' title='bbox 1282 4578 1496 4632; x_wconf 81' lang='grc' dir='ltr'>Γένοιτο</span> <span class='ocrx_word' id='word_1_630' title='bbox 1526 4578 1571 4631; x_wconf 86' lang='grc' dir='ltr'><strong>δ’</strong></span> <span class='ocrx_word' id='word_1_631' title='bbox 1611 4576 1677 4632; x_wconf 84' lang='grc' dir='ltr'>ἂν</span> <span class='ocrx_word' id='word_1_632' title='bbox 1712 4576 1848 4649; x_wconf 85' lang='grc' dir='ltr'>σύμ-</span> 
     </span>
    </p>
   </div>
   <div class='ocr_carea' id='block_1_80' title="bbox 273 4671 1669 4743">
    <p class='ocr_par' dir='ltr' id='par_1_80' title="bbox 273 4671 1669 4743">
     <span class='ocr_line' id='line_1_80' title="bbox 273 4671 1669 4743; baseline -0.001 -16"><span class='ocrx_word' id='word_1_633' title='bbox 273 4676 429 4742; x_wconf 72' lang='grc' dir='ltr'>φωνα</span> <span class='ocrx_word' id='word_1_634' title='bbox 450 4672 623 4727; x_wconf 81' lang='grc' dir='ltr'>ταῦτα</span> <span class='ocrx_word' id='word_1_635' title='bbox 654 4674 773 4736; x_wconf 81' lang='grc' dir='ltr'>ταῖς</span> <span class='ocrx_word' id='word_1_636' title='bbox 796 4671 968 4736; x_wconf 86' lang='grc' dir='ltr'>οῦτως</span> <span class='ocrx_word' id='word_1_637' title='bbox 1007 4671 1256 4741; x_wconf 76' lang='grc' dir='ltr'>ἐχούσαις</span> <span class='ocrx_word' id='word_1_638' title='bbox 1284 4672 1669 4743; x_wconf 74' lang='grc' dir='ltr'>προρρήσεσιν.</span> 
     </span>
    </p>
   </div>
   <div class='ocr_carea' id='block_1_81' title="bbox 1935 3393 3504 3469">
    <p class='ocr_par' dir='ltr' id='par_1_81' title="bbox 1935 3393 3504 3469">
     <span class='ocr_line' id='line_1_81' title="bbox 1935 3393 3504 3469; baseline 0.004 -23"><span class='ocrx_word' id='word_1_639' title='bbox 1935 3393 2312 3449; x_wconf 89' lang='lat' dir='ltr'><strong>educationem</strong></span> <span class='ocrx_word' id='word_1_640' title='bbox 2347 3396 2600 3451; x_wconf 87' lang='lat' dir='ltr'><strong>obtinuit.</strong></span> <span class='ocrx_word' id='word_1_641' title='bbox 2642 3395 2721 3452; x_wconf 80' lang='lat' dir='ltr'><strong>Ex</strong></span> <span class='ocrx_word' id='word_1_642' title='bbox 2752 3415 2861 3469; x_wconf 91' lang='lat' dir='ltr'><strong>quo</strong></span> <span class='ocrx_word' id='word_1_643' title='bbox 2904 3399 3047 3469; x_wconf 90' lang='lat' dir='ltr'><strong>apud</strong></span> <span class='ocrx_word' id='word_1_644' title='bbox 3077 3399 3385 3455; x_wconf 79' lang='lat' dir='ltr'><strong>Mattlneum</strong></span> <span class='ocrx_word' id='word_1_645' title='bbox 3427 3400 3504 3453; x_wconf 88' lang='lat' dir='ltr'><strong>di-</strong></span> 
     </span>
    </p>
   </div>
   <div class='ocr_carea' id='block_1_82' title="bbox 1938 3485 3508 3557">
    <p class='ocr_par' dir='ltr' id='par_1_82' title="bbox 1938 3485 3508 3557">
     <span class='ocr_line' id='line_1_82' title="bbox 1938 3485 3508 3557; baseline 0.004 -19"><span class='ocrx_word' id='word_1_646' title='bbox 1938 3493 2086 3538; x_wconf 87' lang='lat' dir='ltr'><strong>ctum</strong></span> <span class='ocrx_word' id='word_1_647' title='bbox 2137 3494 2220 3541; x_wconf 88' lang='lat' dir='ltr'><strong>est</strong></span> <span class='ocrx_word' id='word_1_648' title='bbox 2246 3504 2258 3538; x_wconf 91' lang='lat'><strong>:</strong></span> <span class='ocrx_word' id='word_1_649' title='bbox 2292 3485 2453 3556; x_wconf 81' lang='lat'><strong>350</strong></span> <span class='ocrx_word' id='word_1_650' title='bbox 2479 3506 2496 3538; x_wconf 78' lang='grc' dir='ltr'><strong>ι</strong></span> <span class='ocrx_word' id='word_1_651' title='bbox 2526 3486 2811 3557; x_wconf 83' lang='lat' dir='ltr'><strong>Responso</strong></span> <span class='ocrx_word' id='word_1_652' title='bbox 2843 3499 3024 3545; x_wconf 89' lang='lat' dir='ltr'><strong>autem</strong></span> <span class='ocrx_word' id='word_1_653' title='bbox 3067 3490 3121 3544; x_wconf 92' lang='lat' dir='ltr'><strong>in</strong></span> <span class='ocrx_word' id='word_1_654' title='bbox 3171 3494 3381 3547; x_wconf 88' lang='lat' dir='ltr'><strong>somnis</strong></span> <span class='ocrx_word' id='word_1_655' title='bbox 3413 3507 3508 3545; x_wconf 91' lang='lat' dir='ltr'><strong>ac-</strong></span> 
     </span>
    </p>
   </div>
   <div class='ocr_carea' id='block_1_83' title="bbox 1938 3576 3514 3652">
    <p class='ocr_par' dir='ltr' id='par_1_83' title="bbox 1938 3576 3514 3652">
     <span class='ocr_line' id='line_1_83' title="bbox 1938 3576 3514 3652; baseline 0.006 -26"><span class='ocrx_word' id='word_1_656' title='bbox 1938 3584 2094 3643; x_wconf 87' lang='lat' dir='ltr'><strong>cepto</strong></span> <span class='ocrx_word' id='word_1_657' title='bbox 2126 3576 2263 3645; x_wconf 90' lang='lat' dir='ltr'><strong>(ipse</strong></span> <span class='ocrx_word' id='word_1_658' title='bbox 2290 3577 2543 3633; x_wconf 83' lang='lat' dir='ltr'><strong>videlicet</strong></span> <span class='ocrx_word' id='word_1_659' title='bbox 2569 3577 2793 3651; x_wconf 70' lang='lat' dir='ltr'><strong>Ioseph)</strong></span> <span class='ocrx_word' id='word_1_660' title='bbox 2828 3581 3056 3636; x_wconf 89' lang='lat' dir='ltr'><strong>secessit</strong></span> <span class='ocrx_word' id='word_1_661' title='bbox 3087 3581 3142 3635; x_wconf 89' lang='lat' dir='ltr'><strong>in</strong></span> <span class='ocrx_word' id='word_1_662' title='bbox 3189 3590 3375 3652; x_wconf 89' lang='lat' dir='ltr'><strong>partes</strong></span> <span class='ocrx_word' id='word_1_663' title='bbox 3406 3579 3514 3636; x_wconf 88' lang='lat' dir='ltr'><strong>Ga-</strong></span> 
     </span>
    </p>
   </div>
   <div class='ocr_carea' id='block_1_84' title="bbox 1941 3663 3513 3742">
    <p class='ocr_par' dir='ltr' id='par_1_84' title="bbox 1941 3663 3513 3742">
     <span class='ocr_line' id='line_1_84' title="bbox 1941 3663 3513 3742; baseline 0.008 -27"><span class='ocrx_word' id='word_1_664' title='bbox 1941 3663 2124 3731; x_wconf 69' lang='lat' dir='ltr'><strong>lilaeze;</strong></span> <span class='ocrx_word' id='word_1_665' title='bbox 2170 3673 2223 3720; x_wconf 78' lang='lat' dir='ltr'><strong>et</strong></span> <span class='ocrx_word' id='word_1_666' title='bbox 2251 3668 2473 3724; x_wconf 89' lang='lat' dir='ltr'><strong>veniens</strong></span> <span class='ocrx_word' id='word_1_667' title='bbox 2509 3669 2777 3725; x_wconf 87' lang='lat' dir='ltr'><strong>habitavit</strong></span> <span class='ocrx_word' id='word_1_668' title='bbox 2807 3672 2863 3725; x_wconf 92' lang='lat' dir='ltr'><strong>in</strong></span> <span class='ocrx_word' id='word_1_669' title='bbox 2903 3673 3121 3726; x_wconf 82' lang='lat' dir='ltr'><strong>civitate</strong></span> <span class='ocrx_word' id='word_1_670' title='bbox 3153 3688 3274 3742; x_wconf 70' lang='lat' dir='ltr'><strong>qua:</strong></span> <span class='ocrx_word' id='word_1_671' title='bbox 3305 3673 3513 3727; x_wconf 89' lang='lat' dir='ltr'><strong>dicitur</strong></span> 
     </span>
    </p>
   </div>
   <div class='ocr_carea' id='block_1_85' title="bbox 1940 3754 3512 3835">
    <p class='ocr_par' dir='ltr' id='par_1_85' title="bbox 1940 3754 3512 3835">
     <span class='ocr_line' id='line_1_85' title="bbox 1940 3754 3512 3835; baseline 0.008 -27"><span class='ocrx_word' id='word_1_672' title='bbox 1940 3754 2173 3823; x_wconf 69' lang='lat' dir='ltr'><strong>Nazara,</strong></span> <span class='ocrx_word' id='word_1_673' title='bbox 2207 3766 2268 3811; x_wconf 91' lang='lat' dir='ltr'><strong>ut</strong></span> <span class='ocrx_word' id='word_1_674' title='bbox 2302 3758 2620 3830; x_wconf 90' lang='lat' dir='ltr'><strong>impleretur</strong></span> <span class='ocrx_word' id='word_1_675' title='bbox 2641 3765 2785 3832; x_wconf 89' lang='lat' dir='ltr'><strong>quod</strong></span> <span class='ocrx_word' id='word_1_676' title='bbox 2809 3763 3016 3817; x_wconf 87' lang='lat' dir='ltr'><strong>dictum</strong></span> <span class='ocrx_word' id='word_1_677' title='bbox 3044 3771 3127 3819; x_wconf 91' lang='lat' dir='ltr'><strong>est</strong></span> <span class='ocrx_word' id='word_1_678' title='bbox 3156 3779 3252 3835; x_wconf 89' lang='lat' dir='ltr'><strong>per</strong></span> <span class='ocrx_word' id='word_1_679' title='bbox 3275 3764 3512 3835; x_wconf 88' lang='lat' dir='ltr'><strong>prophe-</strong></span> 
     </span>
    </p>
   </div>
   <div class='ocr_carea' id='block_1_86' title="bbox 1940 3847 3508 3925">
    <p class='ocr_par' dir='ltr' id='par_1_86' title="bbox 1940 3847 3508 3925">
     <span class='ocr_line' id='line_1_86' title="bbox 1940 3847 3508 3925; baseline 0.007 -25"><span class='ocrx_word' id='word_1_680' title='bbox 1940 3855 2069 3911; x_wconf 88' lang='lat' dir='ltr'><strong>tam,</strong></span> <span class='ocrx_word' id='word_1_681' title='bbox 2090 3847 2234 3915; x_wconf 90' lang='lat' dir='ltr'><strong>quod</strong></span> <span class='ocrx_word' id='word_1_682' title='bbox 2264 3847 2552 3907; x_wconf 70' lang='lat' dir='ltr'><strong>Nazaraeus</strong></span> <span class='ocrx_word' id='word_1_683' title='bbox 2576 3852 2858 3908; x_wconf 82' lang='lat' dir='ltr'><strong>vocabitur</strong></span> <span class='ocrx_word' id='word_1_684' title='bbox 2876 3855 2944 3908; x_wconf 79' lang='grc'><strong>’³.</strong></span> <span class='ocrx_word' id='word_1_685' title='bbox 2967 3873 2993 3907; x_wconf 68' lang='grc' dir='ltr'><strong>ο</strong></span> <span class='ocrx_word' id='word_1_686' title='bbox 3038 3853 3336 3925; x_wconf 82' lang='lat' dir='ltr'><strong>Oportebat</strong></span> <span class='ocrx_word' id='word_1_687' title='bbox 3360 3859 3508 3912; x_wconf 88' lang='lat' dir='ltr'><strong>enim</strong></span> 
     </span>
    </p>
   </div>
   <div class='ocr_carea' id='block_1_87' title="bbox 1941 3939 3513 4011">
    <p class='ocr_par' dir='ltr' id='par_1_87' title="bbox 1941 3939 3513 4011">
     <span class='ocr_line' id='line_1_87' title="bbox 1941 3939 3513 4011; baseline 0.007 -23"><span class='ocrx_word' id='word_1_688' title='bbox 1941 3950 2333 4005; x_wconf 84' lang='lat' dir='ltr'><strong>usquequaque</strong></span> <span class='ocrx_word' id='word_1_689' title='bbox 2360 3951 2482 3992; x_wconf 90' lang='lat' dir='ltr'><strong>cum</strong></span> <span class='ocrx_word' id='word_1_690' title='bbox 2513 3939 2628 4010; x_wconf 90' lang='lat' dir='ltr'><strong>ipse</strong></span> <span class='ocrx_word' id='word_1_691' title='bbox 2656 3948 2845 4011; x_wconf 85' lang='lat' dir='ltr'><strong>suapte</strong></span> <span class='ocrx_word' id='word_1_692' title='bbox 2874 3950 3070 3998; x_wconf 85' lang='lat' dir='ltr'><strong>natura</strong></span> <span class='ocrx_word' id='word_1_693' title='bbox 3100 3951 3155 3999; x_wconf 90' lang='lat' dir='ltr'><strong>et</strong></span> <span class='ocrx_word' id='word_1_694' title='bbox 3186 3959 3374 4000; x_wconf 81' lang='lat' dir='ltr'><strong>revera</strong></span> <span class='ocrx_word' id='word_1_695' title='bbox 3402 3944 3513 3999; x_wconf 78' lang='lat' dir='ltr'><strong>Na-</strong></span> 
     </span>
    </p>
   </div>
   <div class='ocr_carea' id='block_1_88' title="bbox 1942 4026 3505 4106">
    <p class='ocr_par' dir='ltr' id='par_1_88' title="bbox 1942 4026 3505 4106">
     <span class='ocr_line' id='line_1_88' title="bbox 1942 4026 3505 4106; baseline 0.007 -27"><span class='ocrx_word' id='word_1_696' title='bbox 1942 4026 2135 4082; x_wconf 84' lang='lat' dir='ltr'><strong>ziraeus</strong></span> <span class='ocrx_word' id='word_1_697' title='bbox 2159 4038 2324 4091; x_wconf 91' lang='lat' dir='ltr'><strong>esset,</strong></span> <span class='ocrx_word' id='word_1_698' title='bbox 2352 4029 2453 4083; x_wconf 92' lang='lat' dir='ltr'><strong>hoc</strong></span> <span class='ocrx_word' id='word_1_699' title='bbox 2482 4039 2567 4086; x_wconf 92' lang='lat' dir='ltr'><strong>est</strong></span> <span class='ocrx_word' id='word_1_700' title='bbox 2593 4038 2838 4099; x_wconf 91' lang='lat' dir='ltr'><strong>sanctus,</strong></span> <span class='ocrx_word' id='word_1_701' title='bbox 2863 4034 3122 4099; x_wconf 91' lang='lat' dir='ltr'><strong>intactus,</strong></span> <span class='ocrx_word' id='word_1_702' title='bbox 3166 4045 3505 4106; x_wconf 84' lang='lat' dir='ltr'><strong>segregatus,</strong></span> 
     </span>
    </p>
   </div>
   <div class='ocr_carea' id='block_1_89' title="bbox 1942 4119 3513 4195">
    <p class='ocr_par' dir='ltr' id='par_1_89' title="bbox 1942 4119 3513 4195">
     <span class='ocr_line' id='line_1_89' title="bbox 1942 4119 3513 4195; baseline 0.006 -23"><span class='ocrx_word' id='word_1_703' title='bbox 1942 4119 2094 4172; x_wconf 90' lang='lat' dir='ltr'><strong>illum</strong></span> <span class='ocrx_word' id='word_1_704' title='bbox 2147 4119 2214 4174; x_wconf 90' lang='lat' dir='ltr'><strong>ab</strong></span> <span class='ocrx_word' id='word_1_705' title='bbox 2244 4119 2559 4176; x_wconf 88' lang='lat' dir='ltr'><strong>hominibus</strong></span> <span class='ocrx_word' id='word_1_706' title='bbox 2602 4124 2702 4178; x_wconf 88' lang='lat' dir='ltr'><strong>hae</strong></span> <span class='ocrx_word' id='word_1_707' title='bbox 2748 4125 3111 4195; x_wconf 87' lang='lat' dir='ltr'><strong>appellatione</strong></span> <span class='ocrx_word' id='word_1_708' title='bbox 3150 4129 3366 4194; x_wconf 85' lang='lat' dir='ltr'><strong>vocari;</strong></span> <span class='ocrx_word' id='word_1_709' title='bbox 3417 4127 3513 4182; x_wconf 85' lang='lat' dir='ltr'><strong>sed</strong></span> 
     </span>
    </p>
   </div>
   <div class='ocr_carea' id='block_1_90' title="bbox 1944 4209 3500 4287">
    <p class='ocr_par' dir='ltr' id='par_1_90' title="bbox 1944 4209 3500 4287">
     <span class='ocr_line' id='line_1_90' title="bbox 1944 4209 3500 4287; baseline 0.005 -25"><span class='ocrx_word' id='word_1_710' title='bbox 1944 4209 2202 4281; x_wconf 89' lang='lat' dir='ltr'><strong>quoniam</strong></span> <span class='ocrx_word' id='word_1_711' title='bbox 2245 4227 2356 4266; x_wconf 90' lang='lat' dir='ltr'><strong>non</strong></span> <span class='ocrx_word' id='word_1_712' title='bbox 2404 4227 2433 4265; x_wconf 91' lang='lat' dir='ltr'><strong>a</strong></span> <span class='ocrx_word' id='word_1_713' title='bbox 2467 4211 2640 4268; x_wconf 89' lang='lat' dir='ltr'><strong>Nazer</strong></span> <span class='ocrx_word' id='word_1_714' title='bbox 2668 4214 2789 4269; x_wconf 92' lang='lat' dir='ltr'><strong>oleo</strong></span> <span class='ocrx_word' id='word_1_715' title='bbox 2822 4214 2965 4268; x_wconf 87' lang='lat' dir='ltr'><strong>hanc</strong></span> <span class='ocrx_word' id='word_1_716' title='bbox 3007 4216 3243 4270; x_wconf 85' lang='lat' dir='ltr'><strong>obtinuit</strong></span> <span class='ocrx_word' id='word_1_717' title='bbox 3276 4217 3500 4287; x_wconf 85' lang='lat' dir='ltr'><strong>appella-</strong></span> 
     </span>
    </p>
   </div>
   <div class='ocr_carea' id='block_1_91' title="bbox 1944 4303 3511 4374">
    <p class='ocr_par' dir='ltr' id='par_1_91' title="bbox 1944 4303 3511 4374">
     <span class='ocr_line' id='line_1_91' title="bbox 1944 4303 3511 4374; baseline 0.003 -19"><span class='ocrx_word' id='word_1_718' title='bbox 1944 4303 2167 4366; x_wconf 87' lang='lat' dir='ltr'><strong>tionem,</strong></span> <span class='ocrx_word' id='word_1_719' title='bbox 2197 4304 2395 4374; x_wconf 88' lang='lat' dir='ltr'><strong>quippe</strong></span> <span class='ocrx_word' id='word_1_720' title='bbox 2426 4306 2518 4373; x_wconf 89' lang='lat' dir='ltr'><strong>qui</strong></span> <span class='ocrx_word' id='word_1_721' title='bbox 2547 4306 2797 4361; x_wconf 66' lang='lat' dir='ltr'><strong>humanae</strong></span> <span class='ocrx_word' id='word_1_722' title='bbox 2828 4307 3033 4362; x_wconf 89' lang='lat' dir='ltr'><strong>nullius</strong></span> <span class='ocrx_word' id='word_1_723' title='bbox 3067 4309 3345 4363; x_wconf 85' lang='lat' dir='ltr'><strong>unctionis</strong></span> <span class='ocrx_word' id='word_1_724' title='bbox 3369 4308 3511 4362; x_wconf 62' lang='lat' dir='ltr'><strong>indio</strong></span> 
     </span>
    </p>
   </div>
   <div class='ocr_carea' id='block_1_92' title="bbox 1946 4395 3489 4471">
    <p class='ocr_par' dir='ltr' id='par_1_92' title="bbox 1946 4395 3489 4471">
     <span class='ocr_line' id='line_1_92' title="bbox 1946 4395 3489 4471; baseline 0.004 -22"><span class='ocrx_word' id='word_1_725' title='bbox 1946 4402 2115 4464; x_wconf 80' lang='lat' dir='ltr'><strong>geret,</strong></span> <span class='ocrx_word' id='word_1_726' title='bbox 2174 4411 2202 4449; x_wconf 91' lang='lat' dir='ltr'><strong>a</strong></span> <span class='ocrx_word' id='word_1_727' title='bbox 2248 4397 2368 4451; x_wconf 90' lang='lat' dir='ltr'><strong>loco</strong></span> <span class='ocrx_word' id='word_1_728' title='bbox 2412 4395 2680 4453; x_wconf 85' lang='lat' dir='ltr'><strong>Nazareth</strong></span> <span class='ocrx_word' id='word_1_729' title='bbox 2730 4399 3227 4455; x_wconf 90' lang='lat' dir='ltr'><strong>denominatiouem</strong></span> <span class='ocrx_word' id='word_1_730' title='bbox 3276 4402 3489 4471; x_wconf 91' lang='lat' dir='ltr'><strong>accepit</strong></span> 
     </span>
    </p>
   </div>
   <div class='ocr_carea' id='block_1_93' title="bbox 1945 4486 3513 4558">
    <p class='ocr_par' dir='ltr' id='par_1_93' title="bbox 1945 4486 3513 4558">
     <span class='ocr_line' id='line_1_93' title="bbox 1945 4486 3513 4558; baseline 0.004 -17"><span class='ocrx_word' id='word_1_731' title='bbox 1945 4486 2079 4541; x_wconf 91' lang='lat' dir='ltr'><strong>Cum</strong></span> <span class='ocrx_word' id='word_1_732' title='bbox 2106 4486 2271 4557; x_wconf 86' lang='lat' dir='ltr'><strong>igitur</strong></span> <span class='ocrx_word' id='word_1_733' title='bbox 2302 4487 2416 4542; x_wconf 68' lang='lat' dir='ltr'><strong>haec</strong></span> <span class='ocrx_word' id='word_1_734' title='bbox 2441 4488 2495 4542; x_wconf 93' lang='lat' dir='ltr'><strong>in</strong></span> <span class='ocrx_word' id='word_1_735' title='bbox 2526 4489 2673 4543; x_wconf 92' lang='lat' dir='ltr'><strong>hunc</strong></span> <span class='ocrx_word' id='word_1_736' title='bbox 2703 4490 2924 4546; x_wconf 89' lang='lat' dir='ltr'><strong>modum</strong></span> <span class='ocrx_word' id='word_1_737' title='bbox 2958 4500 3176 4549; x_wconf 78' lang='lat' dir='ltr'><strong>ostensa</strong></span> <span class='ocrx_word' id='word_1_738' title='bbox 3208 4493 3338 4558; x_wconf 91' lang='lat' dir='ltr'><strong>sint,</strong></span> <span class='ocrx_word' id='word_1_739' title='bbox 3370 4503 3513 4548; x_wconf 89' lang='lat' dir='ltr'><strong>tem-</strong></span> 
     </span>
    </p>
   </div>
   <div class='ocr_carea' id='block_1_94' title="bbox 1948 4583 3506 4659">
    <p class='ocr_par' dir='ltr' id='par_1_94' title="bbox 1948 4583 3506 4659">
     <span class='ocr_line' id='line_1_94' title="bbox 1948 4583 3506 4659; baseline 0.004 -23"><span class='ocrx_word' id='word_1_740' title='bbox 1948 4598 2052 4652; x_wconf 89' lang='lat' dir='ltr'><strong>pus</strong></span> <span class='ocrx_word' id='word_1_741' title='bbox 2078 4583 2189 4653; x_wconf 85' lang='lat' dir='ltr'><strong>jam</strong></span> <span class='ocrx_word' id='word_1_742' title='bbox 2222 4598 2344 4639; x_wconf 91' lang='lat' dir='ltr'><strong>esse</strong></span> <span class='ocrx_word' id='word_1_743' title='bbox 2379 4583 2593 4640; x_wconf 89' lang='lat' dir='ltr'><strong>videtur</strong></span> <span class='ocrx_word' id='word_1_744' title='bbox 2624 4584 2914 4655; x_wconf 87' lang='lat' dir='ltr'><strong>inspicere,</strong></span> <span class='ocrx_word' id='word_1_745' title='bbox 2961 4593 3014 4642; x_wconf 90' lang='lat' dir='ltr'><strong>et</strong></span> <span class='ocrx_word' id='word_1_746' title='bbox 3047 4603 3110 4642; x_wconf 75' lang='lat' dir='ltr'><strong>ex</strong></span> <span class='ocrx_word' id='word_1_747' title='bbox 3143 4603 3250 4658; x_wconf 90' lang='lat' dir='ltr'><strong>quo</strong></span> <span class='ocrx_word' id='word_1_748' title='bbox 3284 4602 3506 4659; x_wconf 86' lang='lat' dir='ltr'><strong>genere,</strong></span> 
     </span>
    </p>
   </div>
   <div class='ocr_carea' id='block_1_95' title="bbox 1881 4666 3513 4744">
    <p class='ocr_par' dir='ltr' id='par_1_95' title="bbox 1881 4666 3513 4744">
     <span class='ocr_line' id='line_1_95' title="bbox 1881 4666 3513 4744; baseline 0.001 -16"><span class='ocrx_word' id='word_1_749' title='bbox 1881 4666 1923 4721; x_wconf 86' lang='lat' dir='ltr'><strong>D</strong></span> <span class='ocrx_word' id='word_1_750' title='bbox 1948 4682 2003 4728; x_wconf 92' lang='lat' dir='ltr'><strong>et</strong></span> <span class='ocrx_word' id='word_1_751' title='bbox 2023 4689 2089 4728; x_wconf 81' lang='lat' dir='ltr'><strong>ex</strong></span> <span class='ocrx_word' id='word_1_752' title='bbox 2124 4689 2229 4744; x_wconf 91' lang='lat' dir='ltr'><strong>qua</strong></span> <span class='ocrx_word' id='word_1_753' title='bbox 2268 4672 2614 4729; x_wconf 65' lang='lat' dir='ltr'><strong>Hebraeorum</strong></span> <span class='ocrx_word' id='word_1_754' title='bbox 2656 4676 2828 4740; x_wconf 88' lang='lat' dir='ltr'><strong>tribu,</strong></span> <span class='ocrx_word' id='word_1_755' title='bbox 2864 4677 3170 4732; x_wconf 89' lang='lat' dir='ltr'><strong>animarum</strong></span> <span class='ocrx_word' id='word_1_756' title='bbox 3200 4687 3513 4733; x_wconf 86' lang='lat' dir='ltr'><strong>nostrarum</strong></span> 
     </span>
    </p>
   </div>
   <div class='ocr_carea' id='block_1_96' title="bbox 274 4764 3511 4840">
    <p class='ocr_par' dir='ltr' id='par_1_96' title="bbox 274 4764 3511 4840">
     <span class='ocr_line' id='line_1_96' title="bbox 274 4764 3511 4840; baseline 0 -17"><span class='ocrx_word' id='word_1_757' title='bbox 274 4768 527 4824; x_wconf 80' lang='lat' dir='ltr'><strong>Salvator</strong></span> <span class='ocrx_word' id='word_1_758' title='bbox 554 4768 807 4823; x_wconf 88' lang='lat' dir='ltr'><strong>Christus</strong></span> <span class='ocrx_word' id='word_1_759' title='bbox 867 4767 959 4822; x_wconf 91' lang='lat' dir='ltr'><strong>Dei</strong></span> <span class='ocrx_word' id='word_1_760' title='bbox 999 4767 1313 4838; x_wconf 91' lang='lat' dir='ltr'><strong>proditurus</strong></span> <span class='ocrx_word' id='word_1_761' title='bbox 1382 4766 1747 4822; x_wconf 89' lang='lat' dir='ltr'><strong>nuntiaretur.</strong></span> <span class='ocrx_word' id='word_1_762' title='bbox 1786 4764 2053 4822; x_wconf 62' lang='lat' dir='ltr'><strong>Caeterum</strong></span> <span class='ocrx_word' id='word_1_763' title='bbox 2096 4767 2199 4822; x_wconf 90' lang='lat' dir='ltr'><strong>hac</strong></span> <span class='ocrx_word' id='word_1_764' title='bbox 2228 4767 2295 4823; x_wconf 90' lang='lat' dir='ltr'><strong>de</strong></span> <span class='ocrx_word' id='word_1_765' title='bbox 2341 4783 2400 4823; x_wconf 91' lang='lat' dir='ltr'><strong>re</strong></span> <span class='ocrx_word' id='word_1_766' title='bbox 2425 4769 2659 4837; x_wconf 88' lang='lat' dir='ltr'><strong>primum</strong></span> <span class='ocrx_word' id='word_1_767' title='bbox 2695 4770 2862 4825; x_wconf 89' lang='lat' dir='ltr'><strong>verba</strong></span> <span class='ocrx_word' id='word_1_768' title='bbox 2929 4771 3115 4826; x_wconf 88' lang='lat' dir='ltr'><strong>citabo</strong></span> <span class='ocrx_word' id='word_1_769' title='bbox 3168 4771 3511 4840; x_wconf 85' lang='lat' dir='ltr'><strong>evangelica,</strong></span> 
     </span>
    </p>
   </div>
   <div class='ocr_carea' id='block_1_97' title="bbox 270 4857 3515 4935">
    <p class='ocr_par' dir='ltr' id='par_1_97' title="bbox 270 4857 3515 4935">
     <span class='ocr_line' id='line_1_97' title="bbox 270 4857 3515 4935; baseline 0 -16"><span class='ocrx_word' id='word_1_770' title='bbox 270 4863 472 4919; x_wconf 85' lang='lat' dir='ltr'><strong>deinde</strong></span> <span class='ocrx_word' id='word_1_771' title='bbox 498 4868 756 4932; x_wconf 81' lang='lat' dir='ltr'><strong>tanquam</strong></span> <span class='ocrx_word' id='word_1_772' title='bbox 795 4868 952 4916; x_wconf 90' lang='lat' dir='ltr'><strong>notas</strong></span> <span class='ocrx_word' id='word_1_773' title='bbox 974 4870 1137 4931; x_wconf 87' lang='lat' dir='ltr'><strong>atque</strong></span> <span class='ocrx_word' id='word_1_774' title='bbox 1166 4857 1554 4929; x_wconf 87' lang='lat' dir='ltr'><strong>impressiones</strong></span> <span class='ocrx_word' id='word_1_775' title='bbox 1595 4860 1832 4916; x_wconf 66' lang='lat' dir='ltr'><strong>maxime</strong></span> <span class='ocrx_word' id='word_1_776' title='bbox 1868 4861 2329 4927; x_wconf 85' lang='lat' dir='ltr'><strong>accommodatas,</strong></span> <span class='ocrx_word' id='word_1_777' title='bbox 2392 4862 2709 4933; x_wconf 89' lang='lat' dir='ltr'><strong>prophetica</strong></span> <span class='ocrx_word' id='word_1_778' title='bbox 2750 4863 2859 4919; x_wconf 89' lang='lat' dir='ltr'><strong>illis</strong></span> <span class='ocrx_word' id='word_1_779' title='bbox 2926 4864 3217 4935; x_wconf 85' lang='lat' dir='ltr'><strong>adjungam</strong></span> <span class='ocrx_word' id='word_1_780' title='bbox 3276 4865 3515 4919; x_wconf 84' lang='lat' dir='ltr'><strong>testimo-</strong></span> 
     </span>
    </p>
   </div>
   <div class='ocr_carea' id='block_1_98' title="bbox 274 4951 3513 5028">
    <p class='ocr_par' dir='ltr' id='par_1_98' title="bbox 274 4951 3513 5028">
     <span class='ocr_line' id='line_1_98' title="bbox 274 4951 3513 5028; baseline 0 -19"><span class='ocrx_word' id='word_1_781' title='bbox 274 4955 391 5011; x_wconf 87' lang='lat' dir='ltr'><strong>nia.</strong></span> <span class='ocrx_word' id='word_1_782' title='bbox 428 4952 710 5008; x_wconf 74' lang='lat' dir='ltr'><strong>Matthzeus</strong></span> <span class='ocrx_word' id='word_1_783' title='bbox 734 4968 864 5023; x_wconf 84' lang='lat' dir='ltr'><strong>ergo</strong></span> <span class='ocrx_word' id='word_1_784' title='bbox 918 4951 1125 5008; x_wconf 89' lang='lat' dir='ltr'><strong>Christi</strong></span> <span class='ocrx_word' id='word_1_785' title='bbox 1187 4967 1380 5022; x_wconf 87' lang='lat' dir='ltr'><strong>genus,</strong></span> <span class='ocrx_word' id='word_1_786' title='bbox 1454 4962 1721 5023; x_wconf 88' lang='lat' dir='ltr'><strong>quatenus</strong></span> <span class='ocrx_word' id='word_1_787' title='bbox 1764 4954 1830 5007; x_wconf 88' lang='lat' dir='ltr'><strong>ad</strong></span> <span class='ocrx_word' id='word_1_788' title='bbox 1881 4954 2172 5008; x_wconf 89' lang='lat' dir='ltr'><strong>humanam</strong></span> <span class='ocrx_word' id='word_1_789' title='bbox 2228 4955 2347 5024; x_wconf 89' lang='lat' dir='ltr'><strong>ejus</strong></span> <span class='ocrx_word' id='word_1_790' title='bbox 2389 4964 2640 5011; x_wconf 88' lang='lat' dir='ltr'><strong>naturam</strong></span> <span class='ocrx_word' id='word_1_791' title='bbox 2685 4958 2943 5028; x_wconf 89' lang='lat' dir='ltr'><strong>pertinet.</strong></span> <span class='ocrx_word' id='word_1_792' title='bbox 2990 4959 3047 5012; x_wconf 90' lang='lat' dir='ltr'><strong>in</strong></span> <span class='ocrx_word' id='word_1_793' title='bbox 3095 4957 3241 5012; x_wconf 88' lang='lat' dir='ltr'><strong>hunc</strong></span> <span class='ocrx_word' id='word_1_794' title='bbox 3290 4955 3513 5012; x_wconf 89' lang='lat' dir='ltr'><strong>modum</strong></span> 
     </span>
    </p>
   </div>
   <div class='ocr_carea' id='block_1_99' title="bbox 274 5043 3518 5121">
    <p class='ocr_par' dir='ltr' id='par_1_99' title="bbox 274 5043 3518 5121">
     <span class='ocr_line' id='line_1_99' title="bbox 274 5043 3518 5121; baseline 0 -18"><span class='ocrx_word' id='word_1_795' title='bbox 274 5047 581 5103; x_wconf 82' lang='lat' dir='ltr'><strong>describit:</strong></span> <span class='ocrx_word' id='word_1_796' title='bbox 618 5064 638 5098; x_wconf 79' lang='grc' dir='ltr'><strong>ι</strong></span> <span class='ocrx_word' id='word_1_797' title='bbox 668 5044 829 5101; x_wconf 90' lang='lat' dir='ltr'><strong>Liber</strong></span> <span class='ocrx_word' id='word_1_798' title='bbox 861 5043 1231 5117; x_wconf 76' lang='lat' dir='ltr'><strong>generationis</strong></span> <span class='ocrx_word' id='word_1_799' title='bbox 1274 5043 1403 5101; x_wconf 76' lang='lat' dir='ltr'><strong>Jesu</strong></span> <span class='ocrx_word' id='word_1_800' title='bbox 1446 5044 1686 5110; x_wconf 90' lang='lat' dir='ltr'><strong>Christi,</strong></span> <span class='ocrx_word' id='word_1_801' title='bbox 1741 5045 1837 5100; x_wconf 79' lang='lat' dir='ltr'><strong>ﬁlii</strong></span> <span class='ocrx_word' id='word_1_802' title='bbox 1880 5046 2066 5110; x_wconf 89' lang='lat' dir='ltr'><strong>David,</strong></span> <span class='ocrx_word' id='word_1_803' title='bbox 2106 5047 2200 5101; x_wconf 87' lang='lat' dir='ltr'><strong>lilii</strong></span> <span class='ocrx_word' id='word_1_804' title='bbox 2234 5048 2531 5104; x_wconf 88' lang='lat' dir='ltr'><strong>Abraham.</strong></span> <span class='ocrx_word' id='word_1_805' title='bbox 2567 5048 2839 5104; x_wconf 85' lang='lat' dir='ltr'><strong>Abraham</strong></span> <span class='ocrx_word' id='word_1_806' title='bbox 2903 5050 3090 5121; x_wconf 87' lang='lat' dir='ltr'><strong>genuit</strong></span> <span class='ocrx_word' id='word_1_807' title='bbox 3145 5051 3320 5105; x_wconf 89' lang='lat' dir='ltr'><strong>Isaac.</strong></span> <span class='ocrx_word' id='word_1_808' title='bbox 3364 5048 3518 5105; x_wconf 88' lang='lat' dir='ltr'><strong>Isaac</strong></span> 
     </span>
    </p>
   </div>
   <div class='ocr_carea' id='block_1_100' title="bbox 276 5131 3515 5210">
    <p class='ocr_par' dir='ltr' id='par_1_100' title="bbox 276 5131 3515 5210">
     <span class='ocr_line' id='line_1_100' title="bbox 276 5131 3515 5210; baseline 0.002 -20"><span class='ocrx_word' id='word_1_809' title='bbox 276 5144 459 5192; x_wconf 83' lang='lat' dir='ltr'><strong>autem</strong></span> <span class='ocrx_word' id='word_1_810' title='bbox 519 5136 707 5208; x_wconf 80' lang='lat' dir='ltr'><strong>genuit</strong></span> <span class='ocrx_word' id='word_1_811' title='bbox 765 5132 953 5189; x_wconf 73' lang='lat' dir='ltr'><strong>Iacob.</strong></span> <span class='ocrx_word' id='word_1_812' title='bbox 1009 5131 1181 5190; x_wconf 79' lang='lat' dir='ltr'><strong>Jacob</strong></span> <span class='ocrx_word' id='word_1_813' title='bbox 1243 5143 1424 5189; x_wconf 91' lang='lat' dir='ltr'><strong>autem</strong></span> <span class='ocrx_word' id='word_1_814' title='bbox 1501 5136 1686 5205; x_wconf 88' lang='lat' dir='ltr'><strong>genuit</strong></span> <span class='ocrx_word' id='word_1_815' title='bbox 1742 5133 1939 5191; x_wconf 74' lang='lat' dir='ltr'><strong>Iudam</strong></span> <span class='ocrx_word' id='word_1_816' title='bbox 1991 5137 2058 5204; x_wconf 74' lang='lat'><strong>&quot;,</strong></span> <span class='ocrx_word' id='word_1_817' title='bbox 2090 5155 2108 5187; x_wconf 74' lang='grc' dir='ltr'><strong>ι</strong></span> <span class='ocrx_word' id='word_1_818' title='bbox 2164 5144 2218 5192; x_wconf 90' lang='lat' dir='ltr'><strong>et</strong></span> <span class='ocrx_word' id='word_1_819' title='bbox 2282 5153 2403 5209; x_wconf 63' lang='lat' dir='ltr'><strong>quae</strong></span> <span class='ocrx_word' id='word_1_820' title='bbox 2470 5147 2795 5210; x_wconf 90' lang='lat' dir='ltr'><strong>sequuntur.</strong></span> <span class='ocrx_word' id='word_1_821' title='bbox 2840 5138 2979 5194; x_wconf 84' lang='lat' dir='ltr'><strong>Huic</strong></span> <span class='ocrx_word' id='word_1_822' title='bbox 3035 5152 3167 5195; x_wconf 89' lang='lat' dir='ltr'><strong>vero</strong></span> <span class='ocrx_word' id='word_1_823' title='bbox 3220 5138 3515 5210; x_wconf 81' lang='lat' dir='ltr'><strong>Apostolus</strong></span> 
     </span>
    </p>
   </div>
   <div class='ocr_carea' id='block_1_101' title="bbox 277 5224 3514 5303">
    <p class='ocr_par' dir='ltr' id='par_1_101' title="bbox 277 5224 3514 5303">
     <span class='ocr_line' id='line_1_101' title="bbox 277 5224 3514 5303; baseline 0.001 -20"><span class='ocrx_word' id='word_1_824' title='bbox 277 5244 496 5302; x_wconf 88' lang='lat' dir='ltr'><strong>quoque</strong></span> <span class='ocrx_word' id='word_1_825' title='bbox 518 5226 834 5290; x_wconf 85' lang='lat' dir='ltr'><strong>concordat,</strong></span> <span class='ocrx_word' id='word_1_826' title='bbox 870 5224 963 5296; x_wconf 91' lang='lat' dir='ltr'><strong>qui</strong></span> <span class='ocrx_word' id='word_1_827' title='bbox 991 5225 1145 5289; x_wconf 90' lang='lat' dir='ltr'><strong>dicit,</strong></span> <span class='ocrx_word' id='word_1_828' title='bbox 1191 5242 1211 5275; x_wconf 76' lang='grc' dir='ltr'><strong>ι</strong></span> <span class='ocrx_word' id='word_1_829' title='bbox 1242 5232 1584 5295; x_wconf 82' lang='lat' dir='ltr'><strong>segregatum</strong></span> <span class='ocrx_word' id='word_1_830' title='bbox 1621 5241 1681 5282; x_wconf 91' lang='lat' dir='ltr'><strong>se</strong></span> <span class='ocrx_word' id='word_1_831' title='bbox 1709 5241 1831 5283; x_wconf 88' lang='lat' dir='ltr'><strong>esse</strong></span> <span class='ocrx_word' id='word_1_832' title='bbox 1871 5228 1925 5281; x_wconf 93' lang='lat' dir='ltr'><strong>in</strong></span> <span class='ocrx_word' id='word_1_833' title='bbox 1959 5225 2310 5298; x_wconf 88' lang='lat' dir='ltr'><strong>Evangelium</strong></span> <span class='ocrx_word' id='word_1_834' title='bbox 2349 5228 2465 5294; x_wconf 91' lang='lat' dir='ltr'><strong>Dei,</strong></span> <span class='ocrx_word' id='word_1_835' title='bbox 2513 5230 2659 5302; x_wconf 87' lang='lat' dir='ltr'><strong>quod</strong></span> <span class='ocrx_word' id='word_1_836' title='bbox 2698 5239 2825 5286; x_wconf 88' lang='lat' dir='ltr'><strong>ante</strong></span> <span class='ocrx_word' id='word_1_837' title='bbox 2889 5231 3210 5301; x_wconf 85' lang='lat' dir='ltr'><strong>promiserat</strong></span> <span class='ocrx_word' id='word_1_838' title='bbox 3238 5247 3337 5303; x_wconf 87' lang='lat' dir='ltr'><strong>per</strong></span> <span class='ocrx_word' id='word_1_839' title='bbox 3388 5245 3514 5302; x_wconf 88' lang='lat' dir='ltr'><strong>pro-</strong></span> 
     </span>
    </p>
   </div>
   <div class='ocr_carea' id='block_1_102' title="bbox 279 5315 3511 5393">
    <p class='ocr_par' dir='ltr' id='par_1_102' title="bbox 279 5315 3511 5393">
     <span class='ocr_line' id='line_1_102' title="bbox 279 5315 3511 5393; baseline 0.002 -17"><span class='ocrx_word' id='word_1_840' title='bbox 279 5321 473 5393; x_wconf 86' lang='lat' dir='ltr'><strong>phetas</strong></span> <span class='ocrx_word' id='word_1_841' title='bbox 501 5334 631 5376; x_wconf 89' lang='lat' dir='ltr'><strong>suos</strong></span> <span class='ocrx_word' id='word_1_842' title='bbox 660 5318 716 5372; x_wconf 91' lang='lat' dir='ltr'><strong>in</strong></span> <span class='ocrx_word' id='word_1_843' title='bbox 747 5315 1044 5389; x_wconf 89' lang='lat' dir='ltr'><strong>Scripturis</strong></span> <span class='ocrx_word' id='word_1_844' title='bbox 1082 5316 1288 5374; x_wconf 88' lang='lat' dir='ltr'><strong>sanctis</strong></span> <span class='ocrx_word' id='word_1_845' title='bbox 1316 5317 1384 5373; x_wconf 91' lang='lat' dir='ltr'><strong>de</strong></span> <span class='ocrx_word' id='word_1_846' title='bbox 1411 5315 1545 5372; x_wconf 82' lang='lat' dir='ltr'><strong>Filio</strong></span> <span class='ocrx_word' id='word_1_847' title='bbox 1575 5332 1698 5384; x_wconf 90' lang='lat' dir='ltr'><strong>suo,</strong></span> <span class='ocrx_word' id='word_1_848' title='bbox 1736 5320 1829 5389; x_wconf 90' lang='lat' dir='ltr'><strong>qui</strong></span> <span class='ocrx_word' id='word_1_849' title='bbox 1871 5323 2048 5376; x_wconf 78' lang='lat' dir='ltr'><strong>factus</strong></span> <span class='ocrx_word' id='word_1_850' title='bbox 2102 5329 2186 5376; x_wconf 91' lang='lat' dir='ltr'><strong>est</strong></span> <span class='ocrx_word' id='word_1_851' title='bbox 2248 5338 2315 5377; x_wconf 84' lang='lat' dir='ltr'><strong>ex</strong></span> <span class='ocrx_word' id='word_1_852' title='bbox 2371 5322 2577 5379; x_wconf 91' lang='lat' dir='ltr'><strong>semine</strong></span> <span class='ocrx_word' id='word_1_853' title='bbox 2607 5321 2776 5379; x_wconf 87' lang='lat' dir='ltr'><strong>David</strong></span> <span class='ocrx_word' id='word_1_854' title='bbox 2814 5324 3110 5381; x_wconf 87' lang='lat' dir='ltr'><strong>secundum</strong></span> <span class='ocrx_word' id='word_1_855' title='bbox 3144 5337 3364 5381; x_wconf 85' lang='lat' dir='ltr'><strong>carnem</strong></span> <span class='ocrx_word' id='word_1_856' title='bbox 3386 5322 3457 5383; x_wconf 81' lang='lat'><strong>&quot;.</strong></span> <span class='ocrx_word' id='word_1_857' title='bbox 3487 5337 3511 5378; x_wconf 77' lang='grc' dir='ltr'><strong>ι</strong></span> 
     </span>
    </p>
   </div>
   <div class='ocr_carea' id='block_1_103' title="bbox 278 5410 2261 5482">
    <p class='ocr_par' dir='ltr' id='par_1_103' title="bbox 278 5410 2261 5482">
     <span class='ocr_line' id='line_1_103' title="bbox 278 5410 2261 5482; baseline 0.001 -14"><span class='ocrx_word' id='word_1_858' title='bbox 278 5410 503 5469; x_wconf 73' lang='lat' dir='ltr'><strong>Fuerint</strong></span> <span class='ocrx_word' id='word_1_859' title='bbox 523 5425 655 5467; x_wconf 86' lang='lat' dir='ltr'><strong>vero</strong></span> <span class='ocrx_word' id='word_1_860' title='bbox 693 5410 808 5466; x_wconf 67' lang='lat' dir='ltr'><strong>haec</strong></span> <span class='ocrx_word' id='word_1_861' title='bbox 830 5416 1195 5468; x_wconf 87' lang='lat' dir='ltr'><strong>consentanea</strong></span> <span class='ocrx_word' id='word_1_862' title='bbox 1236 5411 1327 5477; x_wconf 90' lang='lat' dir='ltr'><strong>iis,</strong></span> <span class='ocrx_word' id='word_1_863' title='bbox 1372 5426 1493 5482; x_wconf 72' lang='lat' dir='ltr'><strong>qua:</strong></span> <span class='ocrx_word' id='word_1_864' title='bbox 1525 5411 1600 5471; x_wconf 89' lang='lat' dir='ltr'><strong>ita</strong></span> <span class='ocrx_word' id='word_1_865' title='bbox 1640 5427 1699 5469; x_wconf 92' lang='lat' dir='ltr'><strong>se</strong></span> <span class='ocrx_word' id='word_1_866' title='bbox 1742 5413 1967 5479; x_wconf 87' lang='lat' dir='ltr'><strong>habent,</strong></span> <span class='ocrx_word' id='word_1_867' title='bbox 2002 5416 2261 5472; x_wconf 89' lang='lat' dir='ltr'><strong>oraculis.</strong></span> 
     </span>
    </p>
   </div>
   <div class='ocr_carea' id='block_1_104' title="bbox 356 5603 2594 5685">
    <p class='ocr_par' dir='ltr' id='par_1_104' title="bbox 356 5603 2594 5685">
     <span class='ocr_line' id='line_1_104' title="bbox 356 5603 2594 5685; baseline 0 -20"><span class='ocrx_word' id='word_1_868' title='bbox 356 5605 402 5649; x_wconf 73' lang='lat'><strong>&quot;</strong></span> <span class='ocrx_word' id='word_1_869' title='bbox 437 5605 609 5665; x_wconf 77' lang='lat' dir='ltr'><strong>Levit.</strong></span> <span class='ocrx_word' id='word_1_870' title='bbox 641 5625 754 5677; x_wconf 73' lang='lat' dir='ltr'><strong>xxx,</strong></span> <span class='ocrx_word' id='word_1_871' title='bbox 788 5607 872 5664; x_wconf 76' lang='lat' dir='ltr'><strong>t2.</strong></span> <span class='ocrx_word' id='word_1_872' title='bbox 947 5607 993 5642; x_wconf 78' lang='lat'>”</span> <span class='ocrx_word' id='word_1_873' title='bbox 1028 5606 1296 5675; x_wconf 66' lang='lat' dir='ltr'><strong>Matthm,</strong></span> <span class='ocrx_word' id='word_1_874' title='bbox 1319 5605 1521 5676; x_wconf 84' lang='lat'><strong>22,25.</strong></span> <span class='ocrx_word' id='word_1_875' title='bbox 1596 5603 1856 5666; x_wconf 71' lang='lat' dir='ltr'><strong>&quot;Matth.</strong></span> <span class='ocrx_word' id='word_1_876' title='bbox 1881 5625 1919 5677; x_wconf 85' lang='grc' dir='ltr'><strong>ι,</strong></span> <span class='ocrx_word' id='word_1_877' title='bbox 1948 5608 2073 5676; x_wconf 74' lang='grc'>1,2.</span> <span class='ocrx_word' id='word_1_878' title='bbox 2148 5612 2193 5644; x_wconf 70' lang='grc'><strong><em>’⁵</em></strong></span> <span class='ocrx_word' id='word_1_879' title='bbox 2221 5608 2380 5667; x_wconf 80' lang='lat' dir='ltr'><strong>Rom.</strong></span> <span class='ocrx_word' id='word_1_880' title='bbox 2414 5625 2453 5677; x_wconf 82' lang='grc' dir='ltr'><strong>ι,</strong></span> <span class='ocrx_word' id='word_1_881' title='bbox 2489 5608 2594 5685; x_wconf 64' lang='lat'><strong>1—3.</strong></span> 
     </span>
    </p>
   </div>
   <div class='ocr_carea' id='block_1_105' title="bbox 1854 5848 1933 5875">
    <p class='ocr_par' dir='ltr' id='par_1_105' title="bbox 1854 5848 1933 5875">
     <span class='ocr_line' id='line_1_105' title="bbox 1854 5848 1933 5875; baseline 0 -7"><span class='ocrx_word' id='word_1_882' title='bbox 1854 5848 1933 5875; x_wconf 50' lang='grc' dir='ltr'><strong>σε.</strong></span> 
     </span>
    </p>
   </div>
  </div>
