4110 6410
587 317 682 374 551

1197 419 1426 477 CAPUT
1466 419 1555 475 ΙΙΙ.

589 542 627 595 Δ
683 536 911 593 secundo
965 532 1430 602 Paralipomenon.
1470 563 1540 573 -—
1571 532 1655 586 Ex
1678 551 1782 605 quo
1822 546 1972 605 gente
2011 544 2059 589 et
2101 550 2167 589 ex

657 625 762 736 (qua
777 606 1104 729 {admorunt
1141 604 1283 658 tribu
1324 620 1705 676 progressurus
1743 604 1987 663 Christus
2027 621 2168 675 pra:-

695 694 772 733 tce
810 686 953 731 atur.

695 686 953 733 tcebatur.

660 859 921 914 Dominus
952 873 1047 928 per
1081 856 1296 912 Nathan
1328 852 1647 925 pmphetam
1679 852 1793 907 haec
1828 852 1994 925 David
2027 869 2169 923 pra:-

587 951 745 1014 dicit,
773 951 827 1004 in
858 948 1104 1005 secundo
1127 946 1353 1020 [primo]
1380 943 1874 1014 Paralipomenon:
1900 961 1918 995 ι
1955 944 2018 998 Ει
2038 945 2162 1010 erit,

593 1060 719 1098 cum
765 1044 1021 1113 completi
1071 1042 1271 1095 fuerint
1302 1040 1420 1093 dies
1448 1039 1547 1101 lui,
1606 1047 1660 1091 et
1700 1036 1992 1093 dormieris
2038 1052 2162 1092 cum

587 1137 830 1207 patribus
859 1136 988 1191 luis.
1025 1134 1305 1189 suscitabo
1349 1147 1536 1186 semen
1569 1140 1723 1185 tuum
1757 1137 1881 1202 post
1913 1140 1985 1198 te,
2017 1132 2163 1203 quod

581 1232 687 1285 erit
716 1245 778 1284 ex
804 1238 992 1282 ventre
1021 1235 1136 1289 tuo,
1169 1239 1223 1281 et
1245 1225 1448 1296 parabo
1471 1239 1699 1293 regnum
1726 1222 1867 1293 ejus.
1893 1221 2015 1294 Ipse
2036 1224 2167 1279 aedi-

587 1323 771 1377 ﬁcabit
799 1322 930 1375 mihi
964 1322 1185 1376 domum
1217 1320 1272 1373 iu
1302 1318 1528 1373 nomine
1557 1332 1700 1379 meo,
1751 1324 1805 1371 et
1837 1316 2040 1387 erigam
2081 1332 2165 1371 se-

583 1412 705 1469 dem
737 1413 856 1482 ejus
889 1429 1063 1482 usque
1093 1411 1147 1465 in
1180 1411 1594 1480 sempiternum.
1627 1408 1739 1479 Ego
1760 1425 1855 1462 ero
1877 1409 1951 1463 illi
1981 1410 2035 1463 in
2065 1425 2165 1480 pa-

581 1516 755 1567 trem,
804 1503 962 1574 351
994 1510 1047 1557 et
1103 1502 1220 1570 ipse
1272 1501 1379 1554 erit
1438 1498 1573 1552 mihi
1618 1497 1675 1551 in
1720 1496 1891 1553 lilium
1914 1497 1983 1549 ".
2029 1516 2047 1549 ι
2104 1495 2163 1551 In

582 1605 779 1652 octavo
809 1605 991 1649 autem
1030 1600 1085 1647 et
1117 1591 1456 1661 octogesimo
1482 1588 1694 1659 psalmo
1723 1587 1792 1642 de
1821 1587 2010 1643 eodem
2049 1596 2166 1641 tan;

581 1704 747 1758 quam
791 1686 860 1740 de
899 1684 1066 1740 David
1127 1683 1274 1737 dicta
1315 1684 1428 1737 hate
1465 1689 1634 1737 sunt:
1667 1701 1686 1734 ι
1725 1674 1844 1751 lpse
1891 1679 2164 1734 invocabit

1272 306 1541 362 EUSEB"
1577 306 2056 363 CAESARlENSlS
2092 308 2245 364 OPP.
2282 306 2461 365 PARS
2490 307 2557 366 ll.
2596 339 2666 348 -—
2702 307 3204 368 APOLOGETICA.

3741 320 3843 374 53‘!

2799 425 3195 479 KEbAAAION
3239 426 3312 478 I".

2284 529 2417 609 Ἆξὸ
2468 529 2588 609 ,τῆς
2626 532 2922 609 Δδευτέρας
2980 533 3109 609 τῶνΔ
3154 538 3715 609 Παραλειπομέγων.
3772 570 3830 584 -

2356 601 2504 681 ’A:z_d.
2536 603 2710 658 ποίου
2756 603 2972 681 retrove
3003 605 3115 681 grai
3333 601 3512 681 ποίᾳξ
3565 609 3836 678 Ἐὅραίιην

2338 675 2542 796 ﬁgi:
2609 676 3083 743 προελεύσεσθαι
3145 680 3179 730 ό
3250 678 3505 747 Χριστὸς
3577 675 3835 752 προεφη-

2352 850 2409 903 '0
2432 850 2634 922 Κύριος
2662 851 2750 907 διὰ
2779 853 2964 908 Νάθαν
2992 854 3087 908 τοῦ
3112 857 3389 929 προφήτου
3420 859 3593 914 ταῦτα
3622 861 3704 933 τῷ
3735 867 3836 914 Δα-

2269 941 2356 995 σιδ
2409 943 2651 1009 θεσπίζει
2702 948 2760 1000 ὲν
2804 934 3041 1019 δευτέραί
3088 949 3622 1023 Παραλειπομένων·
3669 973 3690 1005 ‹
3731 955 3839 1008 Καὶ

2266 1035 2439 1101 ἔσται,
2467 1038 2562 1090 ἐὰν
2595 1038 2954 1112 πληρωθῶσιν
3000 1043 3055 1097 αἰ
3097 1044 3303 1117 ἡμέραι
3355 1061 3471 1111 σου,
3517 1046 3613 1100 καὶ
3643 1064 3837 1120 κοιμη-

2268 1127 2407 1200 θήσῃ
2464 1129 2600 1201 μετὰ
2632 1130 2743 1185 τῶν
2798 1133 3045 1205 πατέρων
3100 1152 3218 1198 σου,
3280 1138 3373 1193 καὶ
3431 1138 3720 1209 ἀναστήσω
3777 1139 3838 1193 τὸ

2269 1218 2487 1289 σπέρμα
2539 1237 2632 1274 σου
2669 1221 2806 1292 μετὰ
2843 1222 2922 1287 σὲ,
2956 1223 3014 1288 ὃς
3054 1224 3205 1280 ἔσται
3249 1228 3315 1281 ὲκ
3342 1229 3441 1300 τῆς
3484 1230 3692 1295 κοιλίας
3720 1249 3836 1295 σου,

2265 1310 2361 1363 καὶ
2402 1311 2674 1382 ἑτοιμάσω
2703 1316 2800 1386 τὴν
2838 1314 3110 1384 βασιλείαν
3140 1318 3323 1373 αὑτοῦ.
3351 1320 3523 1386 aere;
3556 1324 3844 1396 οἰκοδομή-

2269 1415 2351 1451 σει
2380 1396 2526 1454 οἷκον
2551 1401 2630 1471 τῷ
2653 1403 2875 1474 ὀνόματί
2903 1422 3027 1475 μου,
3057 1408 3152 1461 καὶ
3193 1408 3487 1483 ἀνορθώσω
3520 1409 3708 1482 θρόνον
3738 1415 3837 1468 αὑ-

2265 1490 2359 1543 τοῦ
2392 1494 2471 1555 εἰς
2513 1493 2605 1546 τὸν
2645 1496 2829 1549 αἰῶνα.
2873 1496 3012 1566 Ἐγὼ
3051 1498 3243 1571 ἔσομαι
3288 1501 3438 1573 αὑτῷ
3480 1505 3560 1568 εἰς
3604 1507 3835 1579 πατέρα,

2266 1586 2360 1639 καὶ
2387 1586 2548 1650 αὑτὸς
2572 1586 2723 1641 ἔσται
2765 1607 2854 1660 μοι
2897 1591 2975 1644 εἰς⁹
3003 1592 3136 1646 υἱόν.
3170 1613 3188 1646 ι
3225 1595 3336 1648 Kal.
3364 1597 3422 1648 ὲν
3455 1596 3625 1668 ὀγδόῳ
3656 1597 3713 1651 δὲ
3742 1599 3841 1652 καὶ

2265 1680 2606 1753 ὀγδοηκοστῷ
2630 1681 2829 1755 ψαλμῷ
2852 1684 2978 1757 περὶ
3023 1685 3117 1739 τοῦ
3148 1688 3335 1750 αὑτοῦ,
3368 1688 3445 1753 ὡς
3490 1691 3617 1762 περὶ
3647 1693 3833 1756 Δαϐἰδ.

584 1795 690 1846 me,
717 1786 869 1843 pater
907 1792 1060 1831 meus
1089 1792 1149 1831 CS
1189 1786 1269 1838 ιιι,
1296 1773 1440 1829 Deus
1476 1788 1631 1829 meus
1658 1781 1712 1828 εἰ.
1752 1782 2036 1843 ευδοοριοι·
2074 1788 2157 1827 sa-

2263 1773 2388 1826 τάδε
2416 1772 2630 1845 εἴρηται
2653 1792 2667 1804 ·
2701 1794 2721 1826 ι
2761 1775 2931 1840 Αὐτὸς
2965 1777 3347 1833 ὲπικαλέσεταί
3377 1798 3477 1851 με’
3508 1782 3700 1856 Πατήρ
3732 1802 3835 1856 μου

586 1871 715 1927 Iutis
745 1884 898 1925 mete.
926 1867 991 1921 Et
1024 1882 1124 1938 ego
1159 1866 1580 1937 primogenitum
1617 1880 1813 1936 ponam
1858 1864 2032 1929 illum,
2064 1879 2160 1917 ex-

581 1965 792 2019 celsum
823 1976 932 2031 pra:
977 1960 1197 2031 regibus
1223 1968 1416 2026 terrae;
1446 1959 1502 2012 in
1533 1966 1792 2013 aeternum
1826 1956 2056 2011 servabo
2083 1955 2161 2009 illi

586 2056 1022 2112 misericordiam
1053 2068 1251 2117 meam,
1284 2060 1336 2108 et
1371 2059 1760 2107 testamentum
1795 2066 1974 2104 meum
2005 2049 2161 2106 ﬁdele

585 2149 689 2219 ipsi
720 2148 786 2202 “.
824 2167 840 2199 ι
880 2145 946 2199 Ει
978 2162 1173 2201 rursus
1203 2164 1216 2200 :
1251 2163 1269 2196 ι
1296 2142 1485 2199 Juravi
1521 2143 1690 2198 David
1738 2158 1897 2198 servo
1924 2157 2067 2208 meo,
2105 2142 2160 2197 in

586 2240 844 2295 saeculum
868 2237 1072 2307 parabo
1100 2251 1288 2292 semen
1315 2243 1490 2303 tuum,
1515 2242 1569 2288 et
1592 2233 1877 2289 aediﬁcabo
1908 2234 1962 2288 in
1996 2250 2161 2305 gene-

585 2327 853 2381 rationem
904 2334 958 2381 et
1011 2325 1418 2396 generationem
1484 2323 1669 2381 sedem
1731 2330 1880 2377 tuam
1910 2323 1976 2377 ⁸⁸.
2011 2342 2032 2377 ι
2096 2322 2162 2377 Et

585 2433 822 2472 rursus:
861 2433 879 2466 t
913 2414 1092 2470 Semel
1137 2415 1318 2484 juravi
1362 2414 1417 2468 in
1454 2424 1648 2469 sancto
1703 2429 1845 2477 meo,
1902 2414 1949 2470 si
1993 2412 2157 2468 David

586 2510 840 2575 mentiar,
872 2523 1058 2563 semen
1086 2507 1206 2575 ejus
1242 2509 1298 2562 in
1330 2514 1596 2563 aeternum
1630 2506 1893 2570 manebit,
1923 2513 1977 2560 et
2008 2504 2162 2559 thro--

585 2618 689 2657 nus
714 2602 834 2670 ejus
859 2600 1002 2656 sicut
1033 2601 1115 2655 sol
1146 2600 1200 2654 in
1245 2609 1544 2670 conspectu
1593 2615 1735 2663 meo,
1768 2607 1822 2653 et
1861 2600 2005 2654 sicut
2033 2599 2161 2653 luna

584 2693 825 2767 perfecta
855 2694 911 2747 in
944 2692 1290 2747 aeternum“.
1322 2711 1341 2743 ι
1372 2689 1437 2743 Et
1460 2706 1655 2747 rursus
1686 2710 1701 2746 :
1736 2711 1753 2742 ‹
1785 2690 1850 2745 Et
1874 2705 2072 2763 ponam
2103 2688 2160 2743 in

585 2787 845 2842 mculum
891 2784 1083 2841 saeculi
1129 2799 1315 2839 semen
1362 2783 1484 2853 ejus
1512 2785 1551 2836 ί.
1590 2803 1608 2836 ι
1652 2782 1877 2838 Fuerint
1905 2796 2034 2836 vero
2076 2780 2159 2834 bis

584 2877 783 2935 similia
818 2879 979 2932 etiam
1029 2877 1119 2930 illa
1160 2878 1214 2929 in
1247 2875 1448 2945 quibus
1496 2875 1704 2930 dictum
1737 2882 1820 2930 est
1850 2894 1862 2928 :
1900 2892 1918 2925 ι
1949 2872 2161 2927 Juravit

587 2971 851 3025 Dominus
882 2967 1051 3022 David
1078 2969 1383 3034 veritatem,
1408 2977 1460 3022 et
1483 2982 1589 3022 non
1624 2964 1976 3020 frustrabitur
1996 2978 2154 3018 eum:

583 3062 651 3117 de
684 3063 864 3116 fructu
899 3062 1104 3115 ventris
1142 3061 1221 3114 tui
1252 3075 1446 3129 ponam
1480 3073 1645 3129 super
1669 3058 1850 3112 sedem
1882 3066 2032 3109 tuam
2057 3055 2099 3110 '.
2133 3073 2152 3107 ι

2266 1861 2319 1918 εἴ
2341 1865 2427 1927 σὺ,
2458 1864 2590 1929 θεός
2617 1884 2737 1937 μου,
2773 1869 2868 1920 καὶ
2894 1868 3236 1941 ἁντιλήπτωρ
3257 1872 3355 1943 τῆς
3392 1877 3663 1945 σωτηρίας
3692 1893 3793 1945 μου
3816 1893 3832 1908 ⁸

2266 1954 2419 2026 κάγὼ
2457 1958 2797 2026 πρωτότοκον
2818 1958 3051 2030 θήσομαι
3083 1961 3263 2027 αὐτὸν,
3299 1962 3501 2033 ὑψηλὸν
3535 1967 3685 2037 παρὰ
3723 1969 3835 2030 τοῖς

2266 2048 2542 2119 βασιλεῦσι
2568 2051 2667 2122 τῆς
2703 2052 2836 2123 γῆς’
2875 2053 2954 2114 εἰς
2984 2053 3074 2106 τὸν
3117 2053 3288 2109 αἰῶνα
3325 2056 3544 2125 φυλάξω
3587 2058 3735 2129 αὑτῷ
3774 2059 3836 2113 τὸ

2262 2142 2409 2207 ἔλεός
2452 2158 2575 2214 μου,
2624 2143 2721 2196 καὶ
2763 2144 2796 2213 ή
2838 2144 3071 2215 διαθήκη
3119 2162 3218 2215 μου
3252 2147 3415 2219 πιστὴ
3449 2147 3635 2219 αὐτῷ*
3682 2169 3701 2200 ι
3740 2151 3836 2204 καὶ

2261 2231 2415 2299 αὖθις
2439 2252 2452 2265 ο
2489 2254 2508 2286 t
2545 2236 2756 2305 Ὢμοσα
2786 2235 2950 2289 Δαϐἰδ
2975 2236 3052 2307 τῷ
3089 2237 3258 2309 δούλῳ
3294 2256 3394 2309 μου
3417 2257 3430 2269 ·
3470 2240 3615 2307 Ἕως
3640 2228 3833 2308 αἰῶνος

2262 2325 2532 2396 ἑτοιμάσω
2557 2324 2617 2378 τὸ
2644 2326 2862 2397 σπέρμα
2897 2344 3011 2390 σου,
3039 2327 3131 2380 καὶ
3160 2328 3498 2400 οἰκοδομήσω
3529 2333 3607 2395 εἰς
3640 2333 3834 2401 γενεὰν

2262 2416 2353 2469 καὶ
2392 2416 2584 2484 γενεάν
2610 2416 2703 2469 τὸν
2748 2416 2936 2489 θρόνον
2982 2435 3111 2471 σοον
3145 2438 3164 2472 ι
3207 2420 3300 2472 καὶ
3347 2420 3508 2475 πάλιν
3531 2438 3547 2453 ο
3598 2440 3618 2474 ι
3652 2424 3833 2491 "Am:

2260 2505 2449 2578 ὤμοσα
2490 2508 2547 2559 ὲν
2587 2506 2665 2577 τῷ
2696 2508 2833 2579 άγίῳ
2880 2526 3011 2578 μου’
3046 2510 3108 2563 Εἰ
3134 2510 3210 2581 τῷ
3247 2510 3409 2564 Δαϐἰδ
3448 2511 3742 2586 ψεύσομαι,
3774 2516 3839 2569 τὸ

2262 2598 2479 2671 σπέρμα
2507 2599 2671 2652 αὑτοῦ
2700 2601 2779 2664 εἰς
2809 2600 2898 2653 τὸν
2932 2600 3102 2654 αἰῶνα
3136 2606 3302 2673 μενεῖ,
3329 2604 3422 2657 καί
3450 2607 3479 2658 ό
3526 2603 3713 2676 θρόνος
3735 2607 3831 2661 αὐ-

2260 2689 2372 2755 τοῦ,
2399 2690 2473 2754 ὼς
2499 2691 2648 2763 ἥλιος
2679 2692 2916 2746 ἐναντίον
2952 2711 3074 2764 μου,
3105 2696 3198 2748 καὶ
3226 2696 3300 2755 ὼς
3332 2697 3366 2768 ή
3407 2697 3601 2771 σελήνη
3631 2717 3834 2772 κατηρ-

2259 2781 2487 2853 τισμένη
2519 2783 2598 2846 εἰς
2624 2782 2715 2835 τὸν
2750 2784 2921 2838 αἰῶνα
2944 2800 2958 2813 ·
3003 2804 3022 2836 ι
3056 2785 3147 2838 καὶ
3177 2782 3331 2850 αὖθις
3353 2803 3367 2816 ·
3406 2807 3424 2838 ι
3453 2789 3562 2843 Καὶ
3598 2790 3833 2865 θήσομαι

2261 2874 2339 2936 εἰς
2362 2872 2453 2925 τὸν
2479 2873 2651 2929 αἰῶνα
2679 2875 2772 2928 τοῦ
2804 2875 2995 2940 αἰῶνος
3022 2877 3083 2929 τὸ
3114 2878 3333 2948 σπέρμα
3362 2880 3545 2936 αὑτοῦ.
3579 2901 3600 2934 ι
3633 2884 3834 2955 Ὅμοια

2259 2966 2304 3020 δ’
2337 2967 2402 3021 ἂν
2440 2967 2527 3040 εἴη
2567 2968 2777 3033 τούτοις
2823 2970 2916 3023 καὶ
2952 2970 3019 3023 τὰ
3065 2970 3131 3023 δι’
3156 2964 3230 3024 ὧν
3272 2973 3516 3045 εἰρηται·
3571 2995 3591 3027 ι
3630 2978 3831 3049 Ὠμοσε

2262 3055 2466 3130 Κύριος
2488 3059 2568 3129 τῷ
2605 3058 2767 3112 Δαὸὶδ
2805 3059 3080 3131 ἀλήθειαν,
3112 3062 3205 3115 καί
3237 3063 3297 3115 οὑ
3344 3063 3418 3136 μὴ
3465 3065 3703 3139 ἀθετήσῃ
3735 3069 3833 3122 αὐ·

585 3155 845 3211 Salomon
892 3153 1137 3224 quidem,
1183 3167 1308 3206 cum
1357 3161 1504 3207 esset
1549 3150 1695 3205 illius
1746 3147 1937 3211 David,
1981 3147 2155 3203 eidem

2261 3148 2349 3203 τόν
2371 3165 2386 3179 ⁶
2421 3150 2485 3203 ὲκ
2518 3150 2731 3222 καρποῦ
2759 3151 2855 3221 τῆς
2875 3150 3078 3214 κοιλίας
3105 3168 3196 3205 σου
3219 3152 3447 3225 θήσομαι
3476 3157 3566 3209 ἐπὶ
3593 3158 3685 3211 τὸν
3708 3159 3839 3231 θρόει

584 3249 761 3318 palam
805 3248 859 3301 in
893 3260 1060 3317 regno
1094 3244 1365 3301 successit
1395 3262 1409 3297 :
1438 3243 1527 3298 hic
1569 3243 1729 3298 etiam
1762 3240 2156 3312 Hierosolymis

585 3338 794 3409 primus
835 3338 943 3391 Deo
991 3338 1254 3407 templum
1299 3334 1609 3391 aediﬁcavit.
1648 3334 1805 3389 Hunc
1840 3334 2026 3403 itaque
2064 3349 2158 3388 su-

584 3430 784 3501 spicari
827 3429 1045 3486 Judreos
1078 3431 1230 3484 illum
1275 3444 1419 3493 esse,
1468 3429 1535 3483 de
1579 3444 1689 3498 quo
1737 3427 2035 3498 prophetiae
2076 3426 2156 3480 lo-

582 3530 846 3592 quuntur,
871 3522 1167 3579 verisimile
1187 3528 1290 3577 est.
1318 3518 1424 3577 Sed
1458 3519 1698 3582 videant,
1721 3533 1928 3589 quaeso,
1960 3517 2153 3581 Judaei,

583 3606 715 3667 num
784 3614 852 3668 ad
913 3611 1261 3669 Salomonem
1333 3610 1539 3667 referre
1605 3612 1884 3666 oraculum
1943 3610 2157 3683 possint

581 3706 730 3779 quod
778 3708 853 3761 ita
896 3707 1018 3763 ait:
1060 3727 1078 3758 ι
1110 3705 1177 3759 Ει
1229 3706 1435 3776 erigam
1495 3704 1679 3765 sedem
1720 3704 1840 3773 ejus
1882 3719 2055 3773 usque
2100 3705 2155 3758 in

583 3800 1020 3870 sempiternum;
1051 3818 1070 3852 ι
1119 3806 1175 3853 et
1223 3812 1418 3853 rursus
1468 3796 1615 3869 quod
1640 3811 1762 3850 cum
1791 3795 2154 3866 jurisjurandi

583 3890 944 3947 afﬁrmatione
983 3890 1289 3961 pollicitum
1339 3903 1463 3947 esse
1515 3886 1682 3943 Deum
1719 3888 1775 3941 in
1819 3894 2011 3943 sancto
2054 3903 2155 3943 suo

581 3982 816 4045 inducit,
850 3981 1089 4036 futuram
1125 3980 1310 4035 sedem
1342 3979 1487 4049 ejus,
1522 3994 1681 4049 quem
1709 3986 1998 4033 venturum
2028 3993 2156 4048 pro-

582 4074 758 4145 jhetae
784 4081 1011 4140 canunt,
1043 4072 1184 4127 sicut
1211 4071 1405 4134 solem,
1442 4079 1497 4126 et
1521 4073 1662 4125 sicut
1697 4069 1815 4126 dies
1843 4070 1988 4124 caeli.
2020 4069 2156 4124 Nam

582 4167 630 4225 si
660 4167 784 4238 quis
821 4166 975 4236 regni
1017 4164 1330 4220 Salomonis
1371 4171 1587 4232 tempus
1630 4161 1893 4232 inquirat,
1925 4160 2156 4232 quadra-

582 4260 730 4332 ginta
752 4275 861 4314 non
893 4258 1127 4330 amplius
1165 4270 1340 4311 annos
1383 4256 1658 4320 inveniet;
1691 4253 1834 4323 quod
1871 4254 1917 4309 si
1958 4267 2148 4307 eorum

582 4354 677 4424 qui
710 4352 786 4406 illi
827 4349 1199 4406 successerint
1232 4348 1288 4401 in
1334 4360 1603 4402 summam
1648 4345 1875 4416 redigat,
1915 4358 1982 4397 ne
2012 4350 2153 4398 totos

580 4445 800 4518 quidem
856 4443 1187 4513 quingentos
1250 4454 1426 4495 annos
1471 4438 1594 4492 illos
1653 4452 1843 4497 omnes
1899 4450 2154 4504 regnasse

2261 3257 2351 3295 vov
2380 3257 2495 3295 σου.
2530 3261 2548 3293 ι
2580 3241 2851 3313 Σολομὼν,
2877 3245 3005 3306 παῖς
3030 3242 3126 3313 μὲν
3165 3242 3238 3298 ὢν
3266 3244 3358 3298 τοῦ
3389 3246 3569 3311 Δαὸὶδ,
3607 3251 3701 3304 καὶ
3728 3251 3830 3321 τῆς

2263 3332 2536 3403 βασιλείας
2563 3333 2804 3404 διάδοχος
2833 3334 3067 3405 πέφηνεν
3098 3334 3537 3408 ὁμολογουμένως
3556 3356 3569 3369 ’
3600 3336 3754 3405 οὗτος
3775 3344 3833 3398 δὶ

2262 3425 2357 3479 καὶ
2385 3426 2475 3479 τὸν
2517 3429 2573 3480 ὲν
2612 3426 2998 3500 Ἱεροσολύμοις
3025 3427 3158 3482 νεὼν
3185 3428 3263 3500 τῷ
3294 3429 3412 3502 Θεῷ
3453 3432 3667 3504 πρῶτος
3698 3435 3831 3488 ἐδεί-

2265 3531 2422 3585 ματο.
2459 3515 2569 3568 Καὶ
2591 3513 2780 3568 τοῦτον
2804 3515 2948 3579 εἰκὸς
2983 3516 3349 3589 ὑπολήψεσθαι
3373 3520 3499 3583 τοὺς
3524 3523 3589 3573 ἐκ
3622 3539 3833 3593 περιτο-

2265 3605 2370 3676 μῆς
2399 3605 2490 3658 τὸν
2521 3605 2990 3676 προφητευόμενον
3017 3604 3187 3659 εἶναι*
3216 3607 3309 3671 οὒς
3346 3607 3637 3679 ἐπιστῆσαι
3671 3611 3831 3665 καλὸν

2260 3701 2309 3752 εἰ
2331 3696 2440 3751 οἷόν
2470 3715 2529 3751 τε
2552 3694 2659 3751 εἶεν
2696 3699 2771 3768 (1)
2802 3698 2895 3749 ἐπὶ
2924 3698 3210 3770 Σολομῶνα
3228 3700 3447 3769 ἀνάγειν
3469 3700 3559 3755 τὸν
3584 3705 3830 3775 χρησμὸν

2262 3790 2567 3860 φάσκονταο
2599 3809 2617 3841 ι
2652 3791 2758 3844 Καὶ
2790 3789 3084 3863 ἀνορθώσω
3113 3791 3202 3846 τὸν
3229 3791 3414 3864 θρόνον
3444 3792 3608 3847 αὑτοῦ
3635 3796 3717 3860 εἰς
3742 3796 3830 3850 τὸν

2261 3881 2461 3936 αἰῶνα·
2498 3902 2516 3933 ι
2554 3883 2646 3935 καὶ
2674 3877 2827 3944 αὖθις
2863 3882 2980 3953 μεθ’
3006 3883 3169 3954 ὅρκου
3210 3882 3507 3949 διατάσεως
3537 3885 3828 3956 ὀμωμοκέ-

2260 3989 2349 4025 ναι
2392 3971 2482 4025 τὸν
2523 3971 2656 4026 Θεὸν
2702 3974 2759 4025 ὲν
2789 3972 2865 4044 τῷ
2894 3972 3033 4044 ἁγίῳ
3077 3972 3263 4037 αὑτοῦ,
3326 3974 3402 4038 ὡς
3440 3976 3549 4047 ἄρα
3602 3977 3757 4043 ἔσται
3798 3977 3829 4030 ό

2261 4062 2446 4133 θρόνος
2478 4063 2570 4117 τοῦ
2603 4064 3102 4136 προφητευομένου,
3134 4064 3209 4128 ὡς
3248 4066 3276 4118 ὁ
3302 4066 3450 4135 ἦλιος
3481 4068 3576 4121 καὶ
3606 4070 3663 4121 αἱ
3693 4068 3829 4138 ήμέο

2262 4171 2352 4225 ραι
2384 4153 2479 4207 τοῦ
2543 4154 2805 4227 οὐρανοῦ·
2868 4157 2916 4207 εἰ
2960 4155 3070 4227 γάρ
3102 4155 3165 4229 δή
3196 4173 3279 4221 τις
3308 4158 3433 4222 τοὺς
3478 4159 3703 4229 χρόνους
3745 4159 3828 4226 ἐξα

2260 4246 2470 4299 ετάσειε
2497 4246 2596 4317 τῆς
2639 4244 2734 4299 τοῦ
2763 4245 3071 4317 Σολομῶνος
3104 4246 3393 4318 βασιλείας,
3421 4250 3824 4321 τεσσαράκοντα

2260 4339 2376 4409 ἔτη,
2407 4340 2466 4392 οὐ
2497 4338 2715 4392 πλείονα
2745 4338 2984 4411 εὑρήσει.
3016 4339 3080 4392 Εἰ
3103 4338 3161 4392 δὲ
3191 4342 3285 4394 καὶ
3310 4339 3419 4394 τῶν
3440 4339 3699 4412 διαδόχων
3727 4344 3823 4396 αὑ-

2259 4431 2352 4483 τοῦ
2380 4429 2614 4495 συνάξοι,
2652 4429 2759 4484 οὐδ’
2786 4431 2872 4501 ἐφ’
2905 4430 3045 4494 ὅλοις
3073 4431 3444 4495 πεντακοσίοις
3470 4431 3648 4487 ἐτεσιν
3677 4432 3823 4505 εὖροι

582 4534 897 4607 comperiet.
951 4531 1057 4586 Sed
1103 4529 1471 4587 concedamus
1519 4542 1615 4583 eos
1648 4541 1822 4598 usque
1865 4525 1932 4579 ad
1981 4532 2157 4579 extre-

2263 4522 2328 4576 ἂν
2358 4522 2481 4586 τοὺς
2506 4521 2714 4585 πάντας
2750 4522 3180 4594 διαγενομένους.
3228 4523 3385 4578 Ἀλλά
3418 4521 3559 4578 ἔστω
3588 4525 3717 4589 τοὺς
3737 4525 3823 4578 αὑ-

582 4644 727 4684 tnam
760 4626 1002 4682 Judaicae
1037 4624 1215 4696 gentis
1251 4620 1615 4682 obsidionem,
1641 4634 1748 4690 qua
1770 4615 2000 4673 Romani
2034 4617 2157 4672 illos

581 4724 1073 4792 expugnaverunt,
1118 4729 1345 4787 regnum
1396 4725 1774 4775 conservasse,
1827 4707 1958 4779 quid
2009 4708 2153 4763 istud

584 4816 800 4871 tandem
841 4812 909 4867 ad
949 4809 1287 4882 prophetiam
1322 4821 1443 4877 quae
1491 4805 1589 4868 ait,
1643 4822 1662 4855 ι
1692 4803 1745 4857 in
1792 4798 2099 4856 aeternum?
2128 4818 2146 4851 ι

592 4919 646 4966 et
677 4924 797 4980 quae
827 4915 885 4961 ut
914 4904 1083 4959 solem
1124 4909 1287 4970 atque
1332 4907 1391 4954 ut
1423 4896 1541 4951 dies
1586 4895 1707 4951 coeli
1740 4905 2149 4964 permansuram

586 5003 733 5057 illam
770 4996 953 5055 sedem
997 4992 1183 5049 canit?
1210 4988 1342 5043 Illud
1382 5002 1533 5051 vero,
1576 5004 1594 5037 ι
1634 4984 1698 5039 Et
1735 5000 1835 5055 ego
1867 4997 1962 5040 ero
1989 4981 2065 5036 illi
2098 4980 2153 5033 in

583 5107 816 5169 patrem,
866 5102 919 5149 et
966 5092 1080 5163 ipse
1129 5088 1235 5143 erit
1293 5084 1425 5139 mihi
1476 5083 1530 5137 in
1584 5081 1773 5147 lilium,
1810 5098 1829 5131 ι
1880 5078 1972 5148 qui
2033 5072 2151 5129 ﬁeri

582 5167 761 5260 potest
807 5192 868 5241 ut
910 5181 1188 5239 Salomoni
1235 5176 1545 5240 conveniat,
1600 5172 1817 5244 quando
1865 5169 2045 5242 palam
2093 5167 2148 5222 in

580 5279 808 5338 historia
851 5293 973 5349 quae
1020 5282 1088 5334 de
1127 5277 1220 5330 illo
1272 5277 1474 5332 exstat,
1512 5263 1861 5322 abhorrentia
1904 5260 2153 5331 longissi-

583 5389 775 5445 meque
800 5379 1004 5426 remota
1029 5369 1097 5422 ab
1118 5364 1408 5435 adoptione
1432 5361 1524 5416 Dei
1559 5360 1626 5415 de
1656 5360 1750 5413 illo
1772 5355 1974 5427 prodit.
2008 5355 2149 5409 Audi

583 5468 755 5540 igitur
784 5479 947 5535 quam
982 5462 1131 5516 illius
1162 5459 1568 5515 accusationem
1601 5452 1885 5522 complexa
1916 5448 2017 5505 sit:
2044 5467 2062 5499 ι
2086 5447 2152 5502 Ει

653 5580 700 5613 ³⁸
738 5577 760 5632 1
808 5575 955 5632 Par.
996 5573 1331 5639 xvu,ll-H.

581 5666 767 5712 cxxxr,
801 5648 888 5702 tl.

1426 5570 1470 5603 "
1499 5569 1645 5626 Psal.
1686 5582 1951 5625 uxxvm.
1978 5564 2157 5621 27-29.

2263 5565 2282 5594 ³·
2313 5564 2447 5621 ibid.
2470 5563 2525 5626 4,
2549 5562 2604 5619 5.
2681 5560 2725 5593 θ’
2764 5558 2898 5616 ibid.
2928 5557 3109 5617 36-38.
3186 5558 3205 5591 ⁸
3234 5558 3370 5616 ibid.
3424 5559 3514 5617 '50.

2257 4618 2382 4679 τοὺς
2408 4616 2502 4669 καὶ
2547 4614 2706 4685 μέχρι
2748 4615 2847 4686 τῆς
2876 4616 3112 4688 ὑστάτης
3149 4617 3253 4671 ὑπὸ
3295 4618 3574 4689 Ῥωμαίων
3608 4617 3822 4689 πολιορ·

2257 4710 2378 4774 κίας
2409 4709 2501 4764 τοῦ
2537 4694 2801 4763 Ἰουδαίων
2846 4709 3031 4773 ἔθνους
3066 4709 3345 4781 διαρκέσαι
3378 4708 3695 4781 νομίζεσθαι
3722 4727 3736 4740 ·
3770 4708 3820 4762 τί

2252 4802 2347 4862 οὖν
2374 4806 2531 4860 τοῦτο
2561 4806 2696 4877 πρὸς
2725 4805 2823 4877 τὴν
2866 4804 3221 4877 προφητείαν,
3267 4822 3284 4855 t
3334 4805 3413 4868 εἰς
3445 4804 3534 4857 τὸν
3567 4804 3761 4868 αἰῶνα,
3796 4822 3813 4855 ι

2254 4900 2349 4954 καὶ
2374 4899 2449 4963 ὡς
2495 4898 2585 4952 τὸν
2616 4897 2786 4969 ἥλιον,
2815 4898 2908 4951 καὶ
2946 4897 3021 4961 ὡς
3051 4896 3150 4961 τάς
3199 4895 3412 4968 ἡμέρας
3453 4895 3546 4949 τοῦ
3591 4895 3817 4970 οὐρανοῦ

2252 4991 2525 5062 διαμενεῖν
2584 4990 2675 5043 τὸν
2721 4988 2907 5061 θρόνον
2957 4987 3120 5043 αὑτοῦ
3174 4987 3568 5051 θεσπίζουσαν;
3619 4988 3694 5041 Τὸ
3741 4988 3815 5053 δὲ,

2260 5103 2279 5139 ι
2307 5084 2417 5139 Καὶ
2443 5082 2552 5153 ἐγὼ
2590 5083 2780 5154 ἔσομαι
2812 5081 2961 5152 αὑτῷ
2987 5082 3067 5145 εἰς
3096 5080 3323 5153 πατέρα,
3356 5081 3449 5134 καὶ
3473 5081 3633 5145 αὐτὸς
3664 5082 3817 5135 ἔσται

2257 5192 2347 5247 μοι
2376 5176 2455 5237 εἰς
2481 5173 2617 5236 υἱὸν,
2645 5191 2663 5223 ι
2696 5171 2809 5235 πῶς
2840 5171 2906 5225 ἂν
2929 5169 3007 5241 τῷ
3034 5163 3304 5241 Σολόμῶνι
3338 5168 3667 5242 άρμόζοιενς
3696 5172 3815 5227 Ὅτε

2253 5264 2545 5337 διαρρήδην
2578 5264 2611 5334 ή
2642 5261 2783 5316 κατὰ
2818 5261 2977 5316 αὑτὸν
3008 5261 3237 5332 ἱστορία,
3267 5260 3518 5333 ἀλλότρια
3544 5263 3641 5316 καὶ
3672 5264 3815 5333 ἀπιμ-

2255 5357 2487 5430 κισμένα
2518 5357 2615 5427 τῆς
2644 5353 2737 5411 τοῦ
2767 5353 2901 5409 Θεοῦ
2928 5354 3281 5425 εἰσποιήσεως
3321 5352 3450 5425 περὶ
3481 5353 3649 5409 αὑτοῦ
3677 5355 3817 5409 διδά-

2256 5466 2397 5504 σκει.
2426 5448 2628 5500 Ἀκουε
2664 5446 2710 5499 δ’
2739 5441 2831 5498 οὖν
2873 5445 2989 5497 οἵαν
3030 5444 3360 5517 κατηγορίαν
3387 5442 3551 5497 αὑτοῦ
3584 5442 3813 5498 καταλέ-

3596 5560 3618 5592 ¹
3643 5558 3769 5616 Psal

654 5743 732 5815 (Ι)
770 5735 909 5795 010':~
938 5755 1002 5793 τε
1026 5732 1165 5793 εἷεν.
1200 5733 1359 5789 Forte
1390 5732 1676 5805 legendum
1710 5730 1796 5787 vel
1834 5722 1934 5782 οἷοί
1960 5745 2015 5782 τε
2042 5722 2153 5781 εἷεν

2261 5727 2282 5780 τι
2315 5721 2425 5779 οἷόν
2454 5740 2513 5777 τε
2542 5722 2645 5793 εἰη.
2691 5720 2843 5775 Eutr.
