4110 6410
280 372 393 430 555

280 591 478 652 ναίκος
511 588 800 661 ἀλλοτρίας
835 590 1056 657 πολλάς,
1093 591 1186 645 καὶ
1218 590 1314 662 τὴν
1346 588 1621 660 θυγατέρα
1652 586 1870 658 Φαραὼ,

280 679 653 745 Μωαϐίτιδας,
713 682 1124 755 Ἀμμανίτιδας,
1173 684 1265 737 καὶ
1321 681 1644 753 Ἰδουμαίας,
1696 681 1873 754 Σύρας

282 772 379 826 καὶ
421 773 710 838 Χετταίας,
740 774 835 828 καὶ
890 775 1242 848 Ἀμορραίας,
1291 776 1355 828 ἐκ
1395 773 1506 827 τῶν
1554 772 1750 838 ἐθνῶν,
1798 768 1874 828 ὧν

282 864 491 918 ἀπεῖπε
542 865 751 937 Κύριος
777 867 808 919 6
834 865 968 931 Θεὸς
1010 870 1123 931 τοῖς
1171 868 1306 931 υἱοῖς
1347 866 1585 939 Ἰσραὴλ,
1617 867 1717 920 ούκ
1758 867 1871 919 εἱσ-

281 956 603 1012 ελεύσεσθαι
630 961 710 1023 εις
737 959 928 1024 αὐτάς.
968 979 987 1011 ι
1019 960 1126 1014 Kal
1156 961 1404 1031 ἐπιφέρει
1429 959 1641 1025 τούτοις
1665 976 1678 989 ·
1715 977 1734 1010 ι
1763 960 1873 1014 Kal

278 1049 383 1103 οὐκ
408 1044 478 1120 ἦν
513 1051 547 1121 ἡ
577 1050 778 1123 καρδία
815 1051 980 1105 αὑτοῦ
1012 1051 1193 1105 εὐθεῖα
1217 1051 1353 1122 μετά
1374 1052 1579 1123 Κυρίου
1607 1050 1702 1106 τοῦ
1736 1050 1871 1105 Θεοῦ

280 1138 473 1202 αὐτοῦ,
501 1140 738 1211 καθὼςή
769 1141 966 1213 καρδία
997 1140 1160 1194 Δαῦὶδ
1189 1141 1281 1194 τοῦ
1317 1140 1521 1211 πατρὸς
1544 1139 1709 1194 αὐτοῦ
1730 1157 1745 1173 ο
1778 1140 1873 1195 καὶ

279 1231 557 1306 ἐπορεύθη
591 1230 846 1304 Σολομὼν
873 1232 1048 1286 ὀπίσω
1074 1234 1174 1305 τῆς
1214 1232 1534 1305 Ἀστάρτης,
1571 1232 1872 1303 βδελύγμαο

276 1341 374 1388 τος
400 1324 692 1390 Σιδωνίων,
725 1324 818 1378 καὶ
847 1324 1023 1378 ὀπίσω
1050 1323 1144 1377 τοῦ
1186 1322 1448 1394 βασιλέως
1478 1323 1680 1387 αὐτῶν,
1715 1322 1871 1376 εἰδώ-

278 1416 375 1468 λου
404 1413 537 1468 υίῶν
575 1414 799 1486 Ἀμμών
820 1432 835 1446 σ
886 1416 980 1468 καὶ
1016 1416 1241 1486 ἐποίησε
1265 1414 1514 1486 Σολομὼν
1545 1415 1607 1467 τὸ
1635 1415 1872 1487 πονηρὸν

278 1505 517 1562 ἐνώπιον
551 1508 781 1579 Κυρίου.
816 1526 835 1559 ι
886 1508 994 1561 Kal
1032 1503 1189 1573 αὖθις
1220 1507 1347 1578 ἑξῆς
1386 1506 1663 1576 ἐπιλέγει·
1703 1525 1721 1558 ι
1763 1508 1872 1560 Kal

276 1600 476 1671 ἤγειρε
527 1598 731 1670 Κύριος
778 1598 956 1653 Σατάν
986 1598 1067 1670 τῷ
1098 1599 1393 1670 Σολομῶνι,
1444 1601 1535 1654 τὸν
1569 1600 1732 1671 Ἀδερ
1779 1600 1871 1654 τὸν

293 1691 616 1762 Ἰδουμαῖοι
656 1710 676 1743 ι
713 1691 817 1745 Τὸν
843 1691 910 1764 δὴ
938 1692 1032 1745 ἐπὶ
1055 1693 1331 1757 τοσούτοις
1355 1692 1451 1746 καλ⁵
1482 1692 1742 1758 τοιούτοις
1763 1693 1873 1747 δια-

278 1782 621 1855 ϐεϐλημένον
658 1783 746 1846 τίς
770 1783 837 1837 ἂν
870 1785 1018 1855 αἱρεῖ
1053 1784 1209 1854 λόγος
1238 1785 1450 1859 πατέρα
1474 1786 1566 1840 τὸν
1598 1786 1729 1840 Θεὸν
1759 1785 1872 1839 το).-

284 1879 393 1949 μᾷν
424 1876 846 1949 ἐπιγράφεσθαι,
871 1877 964 1930 καὶ
988 1878 1078 1931 τὸν
1102 1879 1192 1932 ἐπὶ
1217 1879 1433 1933 πάντων
1454 1879 1588 1933 Θεὸν
1613 1880 1727 1933 υἱὸν
1753 1881 1872 1935 ἐαυ-

276 1968 373 2023 τοῦ
408 1968 754 2040 πρωτότοκον
800 1968 1156 2041 ἀναγορεύειν
1194 1971 1387 2037 αύτόνς
1428 1971 1553 2037 Πῶς
1597 1970 1655 2025 δὲ
1700 1971 1871 2027 ταῦτα

280 2058 406 2113 τοτὲ
440 2057 541 2129 μὲν
571 2056 647 2122 ὡς
694 2058 821 2131 περὶ
865 2059 1029 2113 αὑτοῦ
1074 2060 1290 2129 λέγεται
1322 2062 1415 2117 τοῦ
1449 2062 1635 2127 Δαῦὶδ,
1665 2064 1785 2117 τοτὲ
1810 2064 1870 2117 δὲ

281 2150 361 2216 ὡς
386 2152 517 2224 περὶ
540 2152 855 2222 σπέρματος
876 2152 1075 2218 air-toi};
1110 2153 1247 2207 Ἀλλ’
1276 2155 1396 2209 οὐδὲ
1420 2154 1497 2227 τῷ
1522 2156 1687 2209 Δαϐιδ
1707 2158 1872 2229 ἐφαρ-

281 2242 439 2314 μόζοι
483 2242 572 2308 ἂν,
623 2243 699 2309 ὡς
729 2245 1083 2316 ἐπιοτήσαντί
1124 2263 1207 2300 σοι
1251 2246 1409 2319 δῆλον
1443 2246 1616 2300 ἔσται.
1658 2247 1871 2303 Οὐκοῦν

280 2335 373 2390 τὸν
424 2336 493 2389 ἐκ
541 2335 856 2407 σπέρματος
895 2336 1062 2390 Δαϐὶδ
1103 2338 1505 2411 ἀναστήσεσθαι
1554 2341 1610 2394 ἐν
1659 2340 1870 2405 τούτοις

261 2425 611 2498 ,δηλούμενον
650 2427 836 2498 ἕτερον
869 2426 1150 2501 ζητητέον.
1192 2429 1332 2483 Ἀλλ’
1371 2430 1545 2494 οὐδεὶς
1575 2430 1734 2496 ἄλλος
1762 2449 1871 2486 τοι-

274 2518 440 2583 οῦτος
463 2517 523 2586 ἐξ
546 2518 712 2573 αὐτοῦ
737 2518 979 2589 γέγονεν,
1010 2520 1085 2584 ὡς
1117 2522 1430 2593 ἱστορεῖται,
1456 2522 1488 2594 ἢ
1519 2523 1601 2577 ὅτι
1632 2541 1697 2592 γε
1732 2519 1812 2589 εἷς
1840 2525 1869 2576 6

280 2610 477 2682 Σωτὴρ
506 2612 601 2664 καὶ
624 2609 828 2683 Κύριος
857 2610 1013 2683 ἡμῶν
1049 2612 1255 2683 Ἰησοῦς
1279 2614 1307 2665 ὁ
1336 2614 1569 2686 Χριστὸς
1592 2614 1685 2668 τοῦ
1710 2615 1867 2682 Θεοῦ,

276 2702 340 2767 ὃς
377 2702 540 2773 μόνος
568 2702 675 2755 τῶν
701 2702 921 2756 πώποτε
946 2705 1011 2757 ἐκ
1033 2704 1349 2777 σπέρματος
1377 2705 1541 2759 Δασὶδ
1564 2705 1872 2777 βεϐασιλευ-

275 2797 460 2850 κὸτων
499 2794 621 2848 καθ’
661 2794 788 2866 ὅλης
831 2796 1191 2869 ἀνηγόρευται
1237 2798 1337 2870 τῆς
1380 2799 1707 2870 οἰκουμένης
1756 2800 1870 2863 υἱὸς

272 2891 468 2956 Δασιδ,
500 2891 643 2947 κατά
670 2891 769 2965 τὴν
800 2891 1061 2967 ἐνσαρκον
1108 2893 1275 2950 αὐτοῦ
1321 2896 1533 2966 γένεσιν
1582 2895 1871 2966 ὁμολογού-

277 2998 470 3053 μενος,
507 2983 603 3036 καὶ
629 2982 819 3036 τούτου
847 2993 912 3052 γε
947 2984 1099 3054 μένει
1136 2985 1231 3039 καὶ
1266 2985 1507 3057 διαμενεῖ
1542 2987 1574 3057 ἡ
1602 2985 1867 3057 βασιλεία,

275 3075 364 3138 εἰς
396 3073 490 3127 τὸν
522 3073 750 3145 ἄπειρον
790 3073 963 3132 αἰῶνα
1007 3076 1427 3148 παρατείνουσα,
1476 3077 1651 3131 καίτοι
1699 3077 1870 3150 μυρία

276 3167 385 3238 μὲν
433 3166 949 3240 ἐπιϐεϐουλευμένη,
992 3167 1114 3241 θείᾳ
1159 3168 1215 3223 δὲ
1264 3170 1357 3224 καὶ
1398 3169 1539 3243 ὑπὲρ
1583 3169 1869 3243 ἄνθρωπον

270 3259 511 3330 δυνάμει
538 3259 599 3313 τὸ
628 3258 809 3314 ἔνθεον
834 3262 929 3314 καὶ
961 3261 1225 3333 ἀήττητον
1257 3262 1355 3333 τῆς
1378 3262 1506 3334 περὶ
1534 3262 1699 3317 αὐτοῦ
1734 3281 1867 3336 προ-

278 3348 515 3421 φητείας
543 3350 849 3416 ἀκολούθως
879 3352 1312 3425 ἐπιδεικνυμένη.
1345 3353 1407 3406 Ei
1431 3353 1485 3406 δὲ
1513 3353 1751 3424 ὀμνύντα
1774 3354 1865 3409 τὸν

273 3442 416 3498 Θεὸν
450 3442 669 3509 ἀκούεις
698 3444 838 3498 κατά
856 3444 949 3498 τοῦ
972 3446 1127 3514 ἁγίου
1161 3445 1347 3511 αὐτοῦ,
1377 3446 1451 3510 ῶς
1475 3446 1679 3519 πατρὸς
1702 3446 1866 3501 ἄκουε

271 3536 551 3606 ὀμνύντος
583 3537 725 3591 κατά
752 3536 847 3590 τοῦ
874 3536 1008 3590 Θεοῦ
1048 3538 1242 3606 Λόγου,
1276 3538 1371 3591 τοῦ
1398 3538 1614 3592 πάντων
1654 3537 1865 3593 αἰώνων

277 3624 726 3699 προῦςρεστῶτος,
760 3626 915 3695 ἁγίου
963 3628 1057 3681 καὶ
1096 3629 1416 3700 μονογενοῦς
1448 3628 1611 3683 αύτοῦ
1648 3630 1863 3696 Παιδὸς,

273 3715 341 3771 δν
367 3717 629 3782 ποικίλως
653 3717 1007 3789 ὲθεολόγησαν
1035 3720 1091 3773 αἱ
1122 3719 1357 3792 πρόσθεν
1390 3722 1521 3792 ἡμῖν
1542 3721 1867 3793 παρατεθεῖ-

280 3828 376 3865 σαι
399 3810 599 3880 φωναὶ,
630 3810 752 3864 καθ’
776 3805 837 3866 οὗ
867 3810 1092 3881 ὄμνυσιν
1115 3812 1145 3865 6
1172 3811 1304 3876 Θεὸς
1331 3814 1427 3866 καὶ
1474 3812 1654 3884 πατὴρ
1678 3811 1864 3876 αὑτοῦ,

273 3904 360 3968 ὡς
404 3902 549 3959 κατὰ
590 3904 968 3974 ἠγαπημένον,
998 3905 1089 3958 τὸν
1136 3905 1201 3957 ἐκ
1234 3905 1543 3976 σπέρματος
1587 3905 1751 3959 Δαόὶδ
1774 3905 1866 3958 τὸν

278 3996 511 4068 ἄπειρον
546 3995 718 4049 αἰῶνα
753 3996 995 4063 δοξάσειν
1015 4015 1028 4026 ·
1057 3997 1086 4050 6
1114 3996 1209 4050 καὶ
1243 3996 1463 4067 γέγονεν
1506 3999 1593 4051 ὅτε
1638 4000 1665 4052 6
1694 3997 1867 4066 Λόγος

280 4088 423 4161 σάρξ
454 4087 747 4158 γενόμενος
771 4086 865 4140 τὸν
893 4089 959 4141 ἐκ
992 4087 1304 4161 σπέρματος
1325 4087 1490 4141 Δαὸὶδ
1516 4087 1772 4160 ἀνείληφέ
1803 4106 1863 4142 τε

278 4180 377 4234 καὶ
408 4179 746 4251 ἐθεοποίησε.
769 4180 861 4234 Διὸ
885 4178 978 4233 καὶ
998 4180 1114 4233 υἱὸν
1137 4180 1297 4233 αὑτὸν
1319 4179 1639 4252 ἀναγορεύει
1668 4178 1864 4249 λέγων,

284 4286 305 4319 ι
329 4265 475 4335 Ἐγὼ
496 4265 690 4338 ἔσομαι
713 4266 859 4339 αύτῷ
873 4268 952 4331 είς
966 4266 1198 4341 πατέρα,
1217 4266 1312 4323 καὶ
1329 4266 1488 4332 αὐτὸς
1505 4267 1654 4321 ἔσται
1674 4286 1762 4340 μοι
1786 4270 1865 4333 εἰς

280 4357 467 4412 υἱόν·›
500 4359 594 4412 καὶ
635 4357 823 4413 πάλιν·
861 4377 881 4412 ι
920 4357 1094 4427 Κάγὼ
1126 4359 1469 4432 πρωτότοκον
1499 4359 1735 4431 θήσομαι
1768 4362 1864 4413 αύ-

280 4450 390 4504 τόν.
421 4468 443 4502 ι
472 4448 668 4519 Σαφῶς
697 4449 985 4523 τοιγαροῦν
1007 4453 1072 4504 ἐκ
1102 4450 1307 4506 τούτων
1337 4454 1366 4505 6
1396 4452 1523 4517 Υίὺς
1552 4452 1644 4507 τοῦ
1678 4453 1814 4507 Θεοῦ
1838 4454 1865 4507 6

1206 372 1868 432 DEMONSTRATIONIS
1907 373 2370 431 ΕἻΔΝΕΕΙᾸΕΑΞ
2412 374 2543 431 LIB.
2587 373 2713 447 \‘ll._

280 511 404 566 γει·
437 514 459 547 ι
488 495 600 550 Kal
634 495 886 569 Σολομὼν
914 494 985 568 ἦν
1022 497 1422 568 φιλογύναικος,
1467 499 1563 552 καὶ
1591 497 1751 551 ἔλαϐε
1778 515 1867 566 γυ-

1976 495 2235 551 Salomon
2268 494 2369 552 fuit
2417 494 2707 551 mulierum
2754 501 2984 556 amator,
3019 502 3071 550 et
3119 496 3329 566 accepit
3372 507 3556 552 exter-
3648 516 3657 521 ·

3449 377 3556 434 εει

1978 604 2079 643 nas
2120 588 2349 644 fetutinas
2379 591 2604 654 multas,
2632 597 2686 642 et
2720 586 2885 641 ﬁliam
2917 584 3246 651 Pharaonis,
3272 596 3325 643 et
3354 588 3557 648 Moabi-

1976 681 2141 736 tidast
2187 688 2241 735 et
2278 678 2701 743 Ammanitidas,
2746 685 2801 733 et
2832 676 3118 737 Idumaeas.
3167 688 3223 734 et
3270 678 3459 752 Syras,
3499 690 3556 736 et

1973 775 2137 847 352
2160 775 2453 833 Chettaaas.
2486 784 2541 830 ct
2585 773 2951 839 Amorrltaaas,
3001 790 3069 829 ex
3110 774 3368 845 gentibus
3415 790 3555 846 quas

1976 869 2262 924 interdixit
2304 868 2567 924 Dominus
2615 866 2758 921 Deus
2796 866 2922 921 ﬁliis
2959 864 3151 932 israel,
3198 884 3304 921 non
3342 868 3555 939 ingredi

1975 960 2042 1015 ad
2067 975 2161 1015 eas
2185 960 2225 1012 ³.
2260 978 2277 1011 ι
2311 958 2379 1013 Et
2410 959 2658 1029 adjungit
2692 977 2705 1013 :
2737 978 2757 1008 ι
2789 957 2852 1012 Et
2894 974 3004 1013 non
3045 967 3163 1014 erat
3193 975 3289 1014 cor
3314 962 3435 1028 eius
3465 978 3555 1018 re-

1974 1062 2120 1107 ctum
2150 1067 2277 1107 cum
2314 1050 2546 1104 Domino
2578 1049 2691 1104 Deo
2730 1066 2852 1115 suo,
2883 1050 3028 1104 sicut
3062 1066 3159 1105 cor
3186 1051 3357 1107 David
3381 1053 3555 1124 patris

1973 1140 2135 1211 eius;
2166 1148 2220 1195 et
2245 1140 2380 1194 abiit
2414 1138 2674 1194 Salomon
2709 1147 2831 1211 post
2861 1141 3160 1203 Astartem,
3197 1144 3555 1199 abominatio-

1973 1248 2098 1287 nem
2140 1230 2517 1298 Sidoniorum,
2561 1239 2616 1288 et
2661 1241 2785 1303 post
2849 1248 3032 1303 regem
3074 1250 3286 1301 eorum,
3327 1237 3556 1291 simula-

1973 1342 2128 1382 crum
2163 1326 2397 1381 ﬁliorum
2430 1326 2686 1388 Ammon,
2717 1331 2771 1380 et
2805 1324 2934 1379 fecit
2964 1324 3226 1382 Salomon
3260 1328 3458 1383 malum
3494 1330 3552 1385 in

1972 1424 2269 1486 conspectu
2312 1415 2526 1471 Domini
2553 1415 2594 1471 ‘.
2631 1433 2649 1467 ι
2678 1413 2745 1469 Ει
2793 1430 2988 1471 rursus
3035 1416 3186 1472 addit
3236 1418 3290 1472 in
3327 1419 3396 1474 iis
3432 1436 3555 1491 qua:

1974 1516 2324 1578 sequuntur:
2356 1527 2374 1560 ι
2409 1506 2475 1563 Et
2524 1507 2813 1563 suscitavit
2860 1506 3124 1565 Dominus
3172 1508 3343 1565 Satan
3397 1510 3553 1568 Salo—

1973 1600 2145 1662 moni,
2179 1599 2324 1655 Ader
2350 1598 2645 1655 ldumazum
2668 1599 2711 1655 '.
2748 1618 2767 1652 ι
2803 1598 2936 1655 Eum
2966 1601 3132 1672 igitur
3150 1602 3244 1673 qui
3269 1602 3323 1657 in
3348 1604 3552 1661 talibus

1970 1702 2027 1748 et
2070 1692 2239 1747 tantis
2282 1699 2596 1757 accusetur,
2648 1706 2771 1762 quae
2809 1707 3050 1762 unquam
3108 1693 3245 1748 ratio
3300 1694 3548 1759 dictabit,

1972 1793 2185 1857 patrem
2219 1784 2325 1839 sibi
2351 1784 2557 1840 audere
2600 1782 2770 1839 Deum
2803 1786 3102 1850 ascribere,
3134 1786 3425 1857 ipsumque
3458 1803 3552 1841 su-

1972 1892 2221 1948 premum
2248 1876 2414 1931 Deum
2447 1876 2616 1931 lilium
2642 1876 2790 1931 hunc
2814 1892 2973 1931 suum
3007 1877 3430 1948 primogenitum
3455 1894 3553 1949 ap-

1972 1970 2217 2041 pellare?
2260 1967 2434 2035 Quam
2482 1977 2663 2025 autem
2698 1970 2769 2024 ob
2814 1984 3036 2024 causam
3087 1970 3201 2027 base
3240 1972 3377 2028 alias
3427 1974 3551 2044 qui-

1971 2063 2093 2118 dem
2123 2062 2280 2133 quasi
2314 2061 2381 2117 de
2405 2061 2525 2132 ipso
2550 2061 2812 2116 dicuntur
2835 2061 3028 2127 David,
3061 2063 3197 2119 alias
3232 2080 3360 2122 vero
3389 2068 3549 2138 quasi

1970 2156 2038 2210 de
2068 2154 2218 2210 illius
2252 2155 2498 2210 semine?
2537 2153 2704 2226 Atqui
2741 2155 2860 2225 ipsa
2900 2154 3014 2209 haec
3050 2155 3157 2226 ipsi
3190 2157 3411 2227 quidem
3447 2157 3551 2212 Da-

1970 2244 2061 2301 vid
2102 2260 2385 2317 nunquam
2436 2245 2839 2300 accommodari
2892 2252 3170 2316 poterunt,
3195 2250 3551 2318 quemadmo-

1970 2339 2099 2394 dum
2150 2338 2249 2393 tibi
2303 2339 2591 2409 diligenter
2642 2340 2958 2397 observanti
3008 2342 3100 2399 ﬁet
3138 2341 3490 2399 manifestum
3533 2361 3545 2395 :

1973 2430 2140 2501 igitur
2172 2431 2339 2485 alium
2368 2446 2434 2486 ex
2464 2430 2675 2486 semine
2713 2429 2886 2485 David
2916 2442 3316 2500 surrecturum,
3344 2434 3412 2490 de
3439 2451 3549 2505 quo

1971 2520 2088 2576 haac
2131 2522 2355 2576 oracula
2402 2522 2717 2592 loquantur,
2746 2536 2992 2592 quaerere
3024 2532 3259 2595 Oportet.
3290 2525 3361 2579 At
3396 2526 3544 2581 enim

1970 2629 2039 2669 ex
2069 2614 2162 2668 illo
2186 2622 2460 2684 quatenus
2494 2623 2587 2670 aut
2633 2624 2987 2669 monumenta
3028 2616 3333 2671 litterarum
3363 2615 3547 2685 prodi-

1971 2704 2173 2770 derint,
2206 2711 2302 2758 aut
2344 2703 2399 2758 in
2442 2703 2703 2759 memoria
2737 2702 3021 2758 hominum
3062 2705 3320 2772 resideat,
3363 2707 3546 2762 nullus

1970 2799 2113 2852 alius
2151 2797 2274 2853 talis
2307 2796 2538 2860 exstitit,
2571 2795 2677 2851 nisi
2721 2812 2864 2851 unus
2910 2795 3161 2853 Salvator
3188 2806 3243 2853 et
3283 2797 3546 2855 Dominus

1972 2896 2162 2945 noster
2189 2887 2351 2945 Jesus
2380 2889 2473 2959 qui
2504 2887 2760 2945 Christus
2787 2898 2872 2946 est
2899 2888 3015 2955 Dei,
3041 2890 3132 2961 qui
3155 2889 3378 2962 quidem
3401 2909 3545 2949 unus

1970 2998 2037 3040 ex
2077 2982 2336 3038 omnibus
2354 2982 2451 3053 qui
2486 2996 2726 3052 unquam
2751 2982 2819 3037 de
2848 2982 3057 3037 semine
3086 2982 3252 3039 David
3284 3000 3545 3055 regnave-

1972 3076 2103 3140 rint,
2138 3075 2194 3130 in
2224 3082 2341 3129 toto
2373 3074 2504 3129 orbe
2531 3080 2800 3129 terrarum
2838 3073 2979 3130 ﬁlius
3015 3073 3184 3129 David
3214 3077 3543 3148 appellatur,

1895 3202 1937 3260 ο
1974 3170 2187 3240 hocque
2237 3166 2540 3224 secundum
2580 3167 2728 3223 illius
2772 3176 2955 3222 ortum
3005 3170 3099 3239 qui
3131 3169 3196 3223 ad
3247 3170 3541 3223 humanam

1969 3270 2221 3317 naturam
2266 3259 2503 3329 pertinet
2535 3272 2727 3314 omnes
2769 3258 3102 3312 conﬁtentur
3128 3275 3145 3311 :
3176 3268 3340 3327 atque
3378 3256 3544 3326 hujus

1966 3367 2196 3425 regnum
2224 3360 2279 3407 et
2308 3358 2489 3407 manet
2514 3365 2660 3405 nunc
2688 3357 2741 3406 et
2761 3365 3179 3421 permansurum
3204 3357 3291 3405 est
3314 3349 3544 3420 posthac

1969 3445 2026 3500 in
2072 3443 2342 3498 inﬁnitum
2373 3455 2547 3497 terum
2588 3455 2966 3512 perseverans,
3016 3455 3193 3510 neque
3230 3438 3546 3494 innumera-

1967 3538 2104 3593 biles
2142 3534 2406 3590 adversus
2436 3532 2571 3588 illud
2607 3531 2817 3588 insidia:
2865 3532 3171 3603 proﬁcient,
3224 3531 3318 3587 sed
3355 3533 3542 3586 divina

1968 3639 2066 3679 sua
2099 3631 2153 3680 et
2184 3624 2308 3696 plus
2354 3638 2519 3693 quam
2556 3622 2792 3676 humana
2838 3624 3056 3687 virtute,
3088 3622 3231 3693 quod
3275 3622 3542 3678 divinitus

1969 3716 2208 3772 adlatum
2256 3724 2420 3789 atque
2462 3715 2831 3786 insuperabile
2882 3715 3069 3770 habuit
3101 3715 3388 3786 prophetia
3417 3732 3539 3787 qua:

1966 3809 2035 3865 de
2071 3810 2191 3881 ipso
2220 3816 2422 3871 exstat,
2460 3808 2639 3879 palam
2672 3808 2820 3862 omni
2853 3814 3095 3877 tempore
3118 3807 3537 3864 demonstrabit.

1970 3898 2072 3955 Ubi
2100 3916 2230 3956 vero
2256 3899 2423 3954 Deum
2465 3914 2562 3969 per
2586 3906 2835 3955 sanctum
2875 3913 3034 3953 suum
3060 3899 3329 3966 iurantem
3358 3901 3538 3965 audis,

1967 3989 2185 4045 Patrem
2232 3992 2417 4059 accipe
2454 3989 2733 4057 iurantem
2779 4003 2876 4059 per
2926 3987 3095 4044 Deum
3135 3986 3399 4057 Verbum,
3446 3993 3540 4060 qui

1965 4083 2151 4138 omnia
2182 4083 2382 4138 saecula
2409 4082 2701 4148 antecedit,
2733 4088 2983 4137 sanctum
3008 4082 3196 4153 utique
3224 4091 3387 4153 atque
3417 4086 3541 4139 uni-

1967 4190 2091 4229 cum
2115 4191 2273 4231 suum
2307 4172 2525 4238 Filium,
2551 4189 2712 4245 quem
2746 4173 2897 4228 varie
2932 4181 2991 4228 ut
3016 4173 3184 4229 Deum
3218 4184 3344 4233 ante
3373 4192 3404 4232 a
3438 4193 3538 4232 no-

1968 4268 2053 4323 bis
2082 4268 2314 4339 expositi
2351 4283 2634 4325 sermones
2666 4266 3102 4333 celebraverunt,
3135 4283 3233 4339 per
3258 4284 3419 4339 quem
3446 4269 3538 4340 ju-

1968 4367 2052 4413 rat
2085 4360 2229 4417 Deus
2271 4368 2326 4416 et
2353 4369 2505 4431 pater
2529 4360 2702 4431 ipsius
2724 4366 2984 4428 tanquam
3025 4375 3123 4433 per
3158 4360 3440 4425 dilectum.
3478 4380 3538 4418 se

1967 4468 2093 4507 eum
2123 4454 2215 4523 qui
2242 4454 2308 4509 de
2331 4452 2537 4508 semine
2558 4452 2725 4509 David
2756 4453 2966 4508 oriatur
2988 4453 3042 4508 in
3067 4452 3338 4509 inﬁnitum
3362 4471 3539 4511 sarcu-

280 4540 627 4615 πρωτότοκος
651 4545 727 4597 ἐκ
760 4543 1073 4616 σπέρματος
1110 4542 1329 4598 ἔσεσθαι
1360 4545 1525 4599 Δαὸὶδ
1555 4545 1861 4617 ἀνείρηται,

1969 4546 2081 4600 lum
2121 4545 2588 4616 gloriﬁcaturum;
2626 4545 2773 4615 quod
2808 4544 2984 4614 ipsum
3011 4545 3173 4601 etiam
3209 4553 3293 4601 est
3334 4546 3537 4603 factum

278 4632 422 4689 ὥστε
455 4634 553 4688 ἕνα
586 4633 681 4688 καὶ
712 4633 802 4688 τὸν
843 4634 1006 4689 αὑτὸν
1036 4630 1176 4689 εἶναι
1201 4635 1291 4689 τὸν
1323 4637 1436 4691 υἱὸν
1469 4635 1561 4691 τοῦ
1594 4636 1757 4690 Δαύὶδ
1787 4636 1866 4709 τῷ

279 4723 415 4781 Θεοῦ
453 4725 729 4799 Υἰῷκκαὶ
759 4725 849 4780 τὸν
882 4726 1009 4781 Υἱδν
1042 4727 1133 4782 τοῦ
1174 4726 1307 4782 Θεοῦ
1342 4727 1418 4800 τῷ
1452 4728 1552 4799 υίῷ
1576 4727 1758 4783 Δαὸίδ·
1796 4728 1864 4782 δι’

278 4810 354 4872 ὧν
391 4816 643 4891 ἐναργῶς
680 4819 710 4871 6
757 4817 1106 4889 Πρωτότοκος
1157 4818 1335 4891 πάσης
1376 4819 1605 4884 κτίσεως
1646 4820 1808 4886 αὐτὸς
1836 4823 1864 4874 6

281 4909 408 4975 Υἱὸς
458 4908 552 4964 τοῦ
585 4907 721 4962 Θεοῦ
767 4909 883 4974 υίδς
919 4908 1210 4983 ἀνθρώπου
1262 4910 1586 4983 γενήσεσθαι
1620 4930 1864 4985 προειρη-

275 5002 487 5056 τεύετο.
533 5001 644 5055 Kal
694 5000 851 5055 τοῦτο
900 5001 957 5055 δὲ
1000 5002 1059 5055 τὸ
1102 5002 1279 5072 λόγιον
1322 5004 1354 5075 ὴ
1401 5002 1495 5056 τοῦ
1529 5004 1862 5074 Εύαγγελίου

274 5094 466 5166 γραφὴ
498 5094 970 5165 ὲπισφραγίξεται,
1006 5094 1075 5149 δι’
1105 5088 1180 5150 ὧν
1227 5112 1390 5167 '91;ch
1431 5096 1727 5151 ἐπιστάντα
1770 5098 1862 5153 τὸν

276 5184 519 5260 Γαϐριὴλ
553 5188 619 5258 τῇ
660 5187 791 5260 ἁγίᾳ
822 5187 1082 5261 Παρθένῳ
1123 5188 1289 5259 φάναι
1322 5190 1449 5261 τιερῖ¹
1482 5189 1575 5243 τοῦ
1610 5189 1864 5263 Σωτῆρος

274 5278 457 5350 ἡμῶν*
492 5299 509 5330 ι
541 5274 709 5344 Οὗτος
740 5278 889 5334 ἔσται
925 5279 1119 5352 μέγας,
1154 5281 1248 5336 καὶ
1282 5280 1396 5347 υίδς
1438 5281 1692 5353 Ὑψίστου
1726 5281 1857 5353 κλη-

276 5368 527 5441 θήσεται,
564 5372 660 5426 καὶ
695 5369 857 5426 δώσει
899 5372 1048 5445 αύτῷ
1078 5373 1281 5446 Κύριος
1311 5376 1342 5428 6
1387 5372 1519 5439 Θεὸς
1546 5374 1639 5429 τὸν
1668 5372 1857 5447 θρόνον

273 5462 444 5516 Δαϐὶδ
493 5463 587 5517 τοῦ
639 5462 847 5535 πατρὸς
897 5462 1082 5527 αὑτοῦ,
1131 5463 1225 5518 καὶ
1273 5463 1582 5534 βασιλεύσει
1628 5465 1722 5519 ἐπὶ
1764 5466 1856 5519 τὸν

272 5548 426 5608 οἷκον
470 5553 666 5610 Ἰακὼϐ
712 5557 793 5620 είς
839 5556 965 5619 τοὺς
1016 5554 1248 5621 αἰῶνας,
1295 5556 1389 5609 καὶ
1432 5555 1536 5628 τῆς
1581 5556 1857 5628 βασιλείας

273 5646 441 5703 αὐτοῦ
470 5647 571 5702 οὐκ
600 5646 753 5702 ἔσται
783 5647 956 5713 τέλος.
998 5666 1017 5699 ι
1044 5649 1153 5703 Kal
1191 5648 1331 5719 μετὰ
1362 5647 1569 5721 βραχέα
1600 5649 1657 5705 δὲ
1690 5639 1748 5704 ἐν
1778 5647 1856 5719 τῷ

323 5822 687 5897 ιιιιηρε.ιι,
731 5822 780 5878 ι.
843 5822 1165 5881 ιίδιά.ιοσ.
1233 5824 1533 5883 'ibith.

592 5918 863 5981 Ριτιιοι..
897 5920 1012 5982 Gn.
1054 5918 1258 5981 ΧΧΠ.

1964 4652 2075 4708 quo
2104 4645 2346 4707 tempore
2368 4635 2605 4693 Verbum
2631 4654 2761 4693 caro
2790 4639 3038 4695 eﬁ‘ectum
3068 4648 3171 4703 est,
3210 4649 3263 4697 et
3291 4656 3416 4697 eum
3444 4643 3538 4712 qui

1966 4728 2034 4784 de
2082 4729 2290 4784 semine
2342 4728 2513 4786 David
2559 4731 2868 4793 oriebatur,
2915 4732 3217 4801 assumpsit
3258 4730 3540 4803 Deumque

1965 4819 2160 4876 effecit.
2185 4817 2455 4887 Quocirca
2473 4819 2671 4876 Filium
2694 4838 2911 4893 quoque
2931 4824 3180 4878 eumdem
3199 4825 3432 4893 appellat
3455 4825 3506 4879 di
3522 4854 3535 4864 ο

1965 4926 2097 4967 cens
2130 4930 2144 4966 :
2177 4930 2196 4963 ι
2225 4909 2338 4983 Ego
2368 4927 2463 4968 ero
2495 4912 2571 4967 illi
2600 4913 2656 4967 in
2688 4922 2921 4983 patretr,
2956 4921 3011 4969 et
3039 4913 3156 4984 ipse
3187 4914 3292 4968 erit
3320 4914 3452 4968 mihi
3480 4915 3537 4969 in

1964 5003 2156 5059 ﬁlium.
2190 5022 2209 5055 ι
2246 5001 2313 5055 Ει
2350 5018 2545 5059 rursus
2573 5022 2586 5057 :
2616 5022 2634 5055 ι
2665 5001 2732 5057 Et
2755 5017 2857 5073 ego
2890 5001 3311 5073 primogenitum
3334 5015 3536 5072 ponam

1963 5095 2138 5151 illum.
2165 5115 2184 5148 ι
2226 5093 2554 5151 Planissime
2588 5094 2753 5166 igitur
2786 5096 2842 5150 in
2890 5095 2976 5149 his
3014 5090 3203 5148 verbis
3225 5090 3393 5148 Filius
3439 5079 3551 5149 Dei.

1962 5188 2123 5261 353
2147 5189 2539 5259 primogenitus
2568 5188 2636 5244 de
2675 5187 2881 5244 semine
2911 5184 3078 5240 David
3107 5184 3324 5240 futurus
3354 5183 3536 5241 dictus

1965 5290 2070 5346 est,
2122 5281 2258 5337 adeo
2291 5283 2529 5353 quidem,
2581 5289 2641 5337 ut
2674 5298 2815 5338 unus
2866 5290 3028 5353 atque
3076 5281 3216 5338 idem
3270 5284 3341 5339 sit
3386 5282 3532 5337 ﬁlius

1964 5375 2132 5431 David
2162 5392 2284 5431 cum
2316 5374 2453 5432 Filio
2485 5375 2600 5439 Dei,
2625 5384 2678 5432 et
2717 5374 2887 5431 Filius
2920 5375 3012 5431 Dei
3042 5392 3165 5432 cum
3198 5376 3310 5431 ﬁlio
3341 5374 3532 5439 David.

1965 5464 2023 5520 in
2066 5466 2269 5537 quibus
2298 5465 2705 5522 evidentissime
2730 5466 3129 5538 primogenitus
3169 5467 3349 5522 omnis
3377 5481 3536 5521 crea-

1965 5565 2103 5613 turae
2132 5559 2247 5624 ipse
2270 5557 2441 5613 Filius
2479 5556 2591 5622 Dei,
2618 5556 2761 5613 ﬁlius
2793 5557 3027 5613 hominis
3054 5557 3271 5615 futurus
3300 5557 3535 5613 caneba-

1965 5657 2074 5708 tur.
2125 5647 2239 5705 Hoc
2302 5658 2482 5705 autem
2531 5650 2812 5705 oraculum
2877 5646 3161 5721 Scriptura
3224 5650 3537 5721 evangelica

3144 5917 3219 5979 18
