4110 6410
539 389 642 444 5325

1246 383 1513 439 EUETEllll
1553 385 2033 442 CXESARIENSIS
2073 386 2222 443 ΟΡΡ.
2251 386 2432 442 PARS
2471 387 2511 444 1.
2555 420 2623 428 -
2663 389 3166 448 APOLOGETICA.

3704 385 3810 441 556

445 495 454 502 ’
541 514 699 582 quasi
740 511 894 580 signo
936 509 1205 578 impresso
1242 507 1553 572 conﬁrmat,
1605 508 1696 562 ubi
1737 508 1834 572 ait,
1878 508 2094 564 Gabriel

2224 508 2372 581 αὐτῷ
2423 509 2736 582 Εὐαγγελίῳ
2783 512 3059 583 Ζαχαρίας
3104 513 3132 564 6
3183 508 3276 562 τοῦ
3331 509 3576 563 Ἰωάννου
3626 507 3811 580 πατὴρ

540 621 664 660 cum
703 605 968 659 astitisset
997 601 1230 673 Virgini,
1267 601 1474 656 dixisse
1499 601 1566 655 de
1599 599 1880 657 Salvatore
1910 613 2121 668 nostro,

544 717 562 748 ι
593 697 692 752 Hic
726 696 831 751 erit
861 711 1112 767 magnus,
1145 704 1200 750 et
1228 693 1400 749 Filius
1425 693 1695 749 Altissimi
1733 695 2040 759 vocabitur,
2070 703 2123 749 et

538 789 688 843 dabit
723 788 770 842 ei
801 787 1065 842 Dominus
1101 785 1243 840 Deus
1277 785 1457 840 sedem
1492 785 1661 839 David
1701 787 1873 856 patris
1896 786 2039 856 ejus,
2070 797 2122 842 et

543 881 794 952 regnabit
827 881 882 935 in
913 881 1076 936 domo
1119 879 1288 934 Jacob
1323 881 1376 934 in
1405 888 1692 944 aeternum,
1723 889 1778 935 et
1821 883 1973 951 regni
2002 881 2122 949 ejus

545 987 652 1025 non
678 972 783 1026 erit
827 971 950 1025 linis
975 971 1013 1024 ⁸.
1056 989 1074 1021 ι
1106 968 1170 1022 Et
1197 977 1321 1040 post
1362 984 1533 1040 pauca
1562 969 1614 1023 in
1646 968 1834 1023 eodem
1879 968 2123 1038 Evange-

544 1061 638 1124 lio,
687 1060 985 1114 Zacharias
1017 1057 1248 1113 Joannis
1281 1068 1435 1129 pater
1466 1058 1582 1112 haec
1625 1058 1692 1112 de
1723 1058 1943 1113 Christo
1982 1057 2123 1110 divi-

538 1163 633 1209 nat
662 1170 674 1204 :
708 1173 726 1205 ‹
765 1153 1095 1209 Benedictus
1127 1151 1393 1205 Dominus
1419 1150 1563 1206 Deus
1586 1149 1778 1216 Israel,
1810 1151 1938 1222 quia
1987 1151 2120 1205 visi-

539 1247 674 1302 tavit
704 1255 757 1302 et
793 1245 922 1301 fecit
964 1244 1397 1312 redemptionem
1440 1244 1642 1314 populo
1691 1258 1814 1307 suo,
1853 1253 1907 1298 et
1947 1244 2120 1298 erexit

535 1355 707 1393 cornu
751 1338 946 1394 salutis
977 1337 1030 1391 in
1073 1336 1235 1391 nobis
1265 1336 1321 1391 in
1361 1335 1532 1390 domo
1583 1334 1755 1389 David
1809 1336 1962 1405 pueri
2007 1336 2116 1400 sui,

533 1431 676 1485 sicut
704 1429 924 1485 locutus
971 1436 1057 1484 est
1105 1444 1201 1499 per
1233 1443 1296 1483 os
1342 1436 1682 1492 sanctorum,
1715 1429 1809 1498 qui
1847 1443 1877 1481 a
1916 1430 2118 1483 saeculo

535 1529 665 1580 sunt
702 1522 1092 1594 pr0pbelarum
1132 1521 1315 1589 ejus".
1359 1540 1376 1573 ι
1415 1519 1570 1586 Quod
1615 1536 1744 1576 vero
1789 1521 2114 1591 promissam

534 1615 640 1686 ipsi
697 1613 865 1668 David
914 1623 1175 1669 aeternam
1229 1612 1412 1668 sedem
1469 1610 1723 1666 Salvator
1765 1621 1819 1666 et
1853 1610 2117 1666 Dominus

534 1715 720 1763 noster
749 1705 933 1772 Jcsus,
973 1707 1066 1777 qui
1105 1705 1360 1762 Christus
1395 1715 1478 1761 est
1514 1704 1631 1770 Dei,
1669 1721 1845 1774 neque
1877 1705 2017 1760 alius
2049 1720 2114 1758 ex

525 1801 810 1854 hominum
843 1815 1040 1870 genere
1074 1797 1346 1869 quispiam
1391 1797 1686 1868 acceperit,
1728 1797 1862 1853 satis
1902 1813 1964 1853 ea
1995 1813 2116 1868 qum

2227 601 2351 655 τάδε
2385 604 2511 674 περὶ
2557 603 2648 655 τοῦ
2696 603 2932 674 Χριστοῦ
2984 599 3248 665 θεσπίζει·
3288 619 3305 651 ι
3346 597 3650 669 Εὐλογητὸς
3693 598 3809 651 Ku-

2228 713 2342 767 ριος
2368 696 2395 748 6
2424 694 2554 759 Θεὸς
2580 694 2672 748 τοῦ
2702 695 2934 767 Ἰσραὴλ,
2954 695 3034 748 ὅτι
3067 690 3426 761 ἐπεσκέψατο,
3455 692 3548 744 καὶ
3583 690 3807 762 ἐποίησε

2225 788 2491 861 λύτρωσιν
2524 787 2600 858 τῷ
2628 787 2744 858 λαῷ
2776 785 2963 849 αὑτοῦ,
2989 785 3082 838 καὶ
3109 785 3295 856 ἤγειρε
3329 784 3495 855 κέρας
3532 781 3808 854 σωτηρίας

2224 884 2355 953 ἡμῖν
2387 885 2444 936 ὲν
2477 881 2611 952 οἴκῳ
2655 880 2820 934 Δαϐιδ
2865 878 2955 932 τοῦ
2991 877 3178 940 παιδὸς
3213 875 3401 940 αὑτοῦ,
3453 875 3636 938 καθὼς
3684 873 3808 928 ἑλά-

2223 973 2351 1044 λησε
2390 973 2478 1026 διὰ
2527 973 2797 1044 στόματος
2849 972 2957 1024 τῶν
3017 972 3188 1041 ἁγίων
3248 971 3342 1024 ἀπ’
3394 968 3588 1030 αἰῶνος
3638 965 3806 1020 αὑτοῦ

2223 1063 2538 1135 προφητῶν.
2584 1082 2602 1114 ι
2662 1061 2801 1114 Ἀλλ’
2839 1062 2921 1115 ὅτι
2976 1061 3074 1132 μὲν
3118 1061 3211 1114 τὸν
3265 1058 3678 1129 ἐπηγγελμένον
3725 1057 3808 1128 τῷ

2222 1154 2384 1207 Δαϐὶδ
2434 1153 2648 1207 αἰώνιον
2703 1153 2889 1224 θρόνον
2932 1155 2961 1206 ό
3008 1151 3198 1222 Σωτὴρ
3251 1150 3345 1204 καὶ
3403 1149 3605 1220 Κύριος
3645 1148 3806 1221 ἡμῶν

2233 1244 2440 1316 Ἰησοῦς
2471 1245 2500 1297 6
2535 1244 2768 1317 Χριστὸς
2803 1245 2894 1298 τοῦ
2929 1243 3064 1297 Θεοῦ
3083 1283 3096 1307 ,
3126 1243 3223 1296 καὶ
3253 1243 3373 1295 οὐδὲ
3407 1241 3562 1305 ἄλλος
3589 1241 3805 1312 ἀνθρὼαΔ

2221 1353 2340 1389 πων
2382 1336 2714 1407 ἀπείληφεν,
2762 1337 2942 1390 ἱκαναὶ
2993 1335 3370 1390 πιστώσασθαι
3415 1338 3470 1391 αἱ
3513 1354 3805 1408 προπαρα-

2219 1429 2455 1484 τεθεῖσαι
2512 1431 2840 1504 μαρτυρίαι,
2881 1431 2915 1502 ἦ
2965 1448 3024 1484 τε
3069 1431 3163 1484 τοῦ
3211 1431 3452 1504 Γαϐριὴλ
3500 1432 3592 1485 καὶ
3636 1433 3668 1503 ἡ
3706 1430 3804 1485 τοῦ

2219 1524 2512 1594 Ζαχαρίου,
2548 1523 2616 1576 δι’
2648 1518 2721 1577 ὧν
2760 1524 2853 1578 καὶ
2899 1524 3210 1578 συνίσταται
3246 1527 3310 1577 ἐκ
3354 1525 3667 1596 σπέρματος
3712 1543 3806 1594 γε-

2218 1615 2391 1684 γονὼς
2423 1615 2589 1670 Δαὸὶδ
2626 1617 2764 1672 κατὰ
2801 1619 2999 1689 σάρκα.
3051 1617 3165 1671 Τίνι
3203 1617 3261 1670 δὲ
3300 1617 3442 1689 λόγῳ
3475 1618 3566 1670 τὸν
3602 1618 3804 1689 Ἰωσὴφ

2219 1708 2635 1777 γενεαλογοῦσιν
2693 1711 2741 1762 οἱ
2802 1711 2938 1783 ἱεροὶ
2991 1709 3409 1779 εὐαγγελισταὶ,
3470 1710 3673 1782 καίπερ
3725 1709 3803 1782 μὴ

2217 1799 2370 1863 ὄντος
2413 1799 2506 1854 τοῦ
2541 1801 2794 1873 Σωτῆρος
2836 1801 2995 1873 ἡμῶν
3046 1801 3105 1866 ἐξ
3153 1801 3352 1867 αὑτοῦ,
3405 1801 3519 1854 ἀλλ’
3551 1801 3609 1867 ἐξ
3643 1802 3802 1870 ἁγίου

529 1893 786 1963 snperius
830 1892 1008 1962 posita
1057 1898 1185 1944 sunt
1232 1889 1549 1945 testimonia
1599 1890 2104 1960 comprobaverint,

2215 1891 2530 1963 Πνεῦματος
2577 1892 2670 1946 κα)⁴
2717 1893 2818 1964 τῆς
2853 1892 3010 1960 ἁγίας
3051 1893 3348 1963 Παρθένου,
3401 1895 3549 1959 ὅπως
3597 1912 3656 1947 τε
3705 1896 3802 1949 καὶ

529 1999 742 2040 necnon
769 1983 939 2054 ipsius
975 1981 1193 2039 Gabriel
1227 1990 1280 2036 et
1309 1981 1606 2045 Zachariae,
1635 1981 1690 2034 in
1724 1981 1923 2051 quibus
1943 1983 2106 2035 etiam

528 2077 660 2132 illud
691 2074 1249 2146 conﬁrmatur,quod,
1269 2083 1542 2146 quatenus
1569 2074 1636 2128 ad
1660 2075 1955 2128 humanam
1986 2075 2109 2143 ejus

528 2177 779 2225 naturam
811 2171 1067 2240 pertinet,
1101 2170 1169 2224 de
1203 2170 1410 2225 semine
1447 2167 1615 2223 David
1648 2177 1815 2224 natus
1851 2176 1956 2223 est.
1987 2167 2106 2222 Cae-

527 2270 725 2324 terum,
761 2277 866 2331 qua
889 2242 1100 2315 ratione
1129 2262 1301 2332 ipsius
1328 2259 1528 2330 Joseph
1554 2277 1726 2331 genus
1748 2261 1920 2316 sancti
1949 2276 2110 2315 evan-

525 2351 736 2422 gelista:
763 2350 1101 2415 describant,
1137 2351 1396 2422 quamvis
1439 2351 1692 2406 Salvator
1724 2359 1914 2407 noster
1940 2366 2006 2405 ex
2041 2366 2106 2405 eo

522 2454 684 2499 natus
705 2459 811 2497 non
845 2443 936 2508 sit,
972 2443 1068 2500 sed
1101 2445 1168 2499 de
1199 2444 1408 2515 Spiritu
1452 2452 1647 2500 sancto
1681 2451 1736 2499 et
1761 2451 1951 2500 sancta
1979 2441 2106 2497 Vir-

2216 1982 2354 2056 αῦτη
2388 1985 2422 2055 ἡ
2454 1983 2549 2037 τοῦ
2584 1985 2788 2056 Κυρίου
2827 1986 3008 2058 μήτηρ
3056 1984 3164 2040 ἀπὸ
3195 1984 3386 2054 γένους
3419 1987 3511 2041 καὶ
3547 1986 3799 2057 σπέρμα-

2215 2092 2304 2138 τος
2337 2076 2720 2130 ἀποδείκνυται
2757 2072 2897 2131 εἶναι
2927 2077 3109 2140 Δαϐὶδ,
3145 2078 3205 2130 ὲν
3242 2078 3318 2148 τῷ
3351 2077 3554 2150 πρώτῳ
3583 2079 3690 2134 τῶν
3719 2081 3803 2143 είς

2214 2164 2312 2236 τὴν
2338 2165 2687 2234 γενεαλογίαν
2715 2164 2809 2218 τοῦ
2842 2166 3094 2237 Σωτῆρος
3135 2167 3295 2238 ἡμῶν
3330 2165 3660 2239 ζητημάτων
3702 2168 3802 2222 καὶ

2214 2255 2417 2308 λύσεων
2449 2255 2801 2328 διειληφότες,
2831 2255 2917 2309 ἐπ’
2949 2258 3130 2310 ὲκεῖνα
3160 2257 3285 2321 τοὺς
3315 2257 3631 2330 φιλομαθεῖς
3662 2261 3802 2312 ἁνα-

2213 2347 2526 2419 πέμπομεν,
2577 2348 2661 2418 ἐφ’
2689 2348 2880 2420 ἑτέραν
2914 2349 3060 2420 ἡμᾶς
3092 2349 3348 2403 ὑπόθεσιν
3379 2350 3802 2420 κατεπείγοντος

2211 2439 2306 2494 τοῦ
2337 2439 2601 2511 παρόντος
2634 2439 2850 2513 καιροῦ.

521 2540 668 2613 gine,
717 2557 934 2612 quoque
980 2541 1142 2598 modo
1180 2543 1296 2598 haec
1347 2541 1521 2614 ipsius
1567 2540 1783 2596 Domini
1820 2548 1993 2596 mater
2040 2541 2106 2595 de
2136 2553 2336 2611 genere
2364 2553 2429 2592 ex
2456 2537 2667 2592 semine
2687 2535 2857 2592 David
2889 2535 3060 2594 fuisse
3123 2538 3470 2605 ostendatur,
3532 2540 3586 2594 in
3617 2539 3801 2610 primo

517 2643 573 2691 et
602 2636 964 2708 quastionum
992 2644 1047 2692 et
1087 2638 1421 2693 solutionum
1463 2653 1584 2708 quae
1621 2637 1688 2691 ad
1734 2637 1953 2708 generis
2004 2633 2304 2689 Salvatoris
2326 2632 2502 2688 nostri
2551 2633 2749 2689 seriem
2812 2644 2976 2705 atque
3037 2636 3440 2691 enarrationem
3497 2636 3798 2706 perlimat,

519 2732 1040 2803 explicavimus.Ad
1069 2735 1159 2790 illa
1186 2734 1351 2806 igitur
1403 2751 1499 2791 eos
1529 2735 1619 2806 qui
1653 2733 1870 2789 discere
1913 2733 2142 2804 cupiunt
2179 2731 2533 2796 remittimus,
2587 2731 2808 2803 quando
2869 2733 2935 2787 ad
2989 2733 3134 2788 aliud
3171 2733 3448 2789 scribendi
3503 2749 3802 2807 argumen-

520 2833 635 2880 tum
661 2843 906 2898 praesens
937 2846 1037 2886 nos
1065 2838 1278 2902 tempus
1308 2837 1528 2885 revocat
1556 2837 1719 2900 atque
1750 2830 2004 2900 impellit.

520 2943 558 2996 A
588 2944 793 3016 psalmo
819 2963 964 3002 uxr.
995 2977 1065 2988 —
1090 2945 1163 3000 De
1205 2945 1490 3000 Salomone
1511 2956 1560 3000 et
1581 2963 1640 3000 eo
1684 2947 1771 3016 qui
1797 2961 1863 3000 ex
1909 2946 2104 2999 semine

1102 3017 1215 3086 ejus
1243 3017 1503 3084 procedet.

596 3147 614 3178 ι
658 3126 820 3190 Deus,
843 3125 1109 3195 judicium
1136 3133 1289 3180 tuum
1315 3126 1426 3196 regi
1458 3126 1547 3192 da,
1575 3134 1628 3182 et
1651 3125 1925 3196 justitiam
1952 3134 2100 3182 tuam
2131 3153 2172 3210 ρ

522 3220 630 3273 tilio
657 3220 854 3289 regis“,
892 3239 909 3270 ι
940 3233 1004 3273 ac
1021 3218 1279 3289 deinceps
1308 3219 1474 3292 354
1501 3219 1748 3290 adjungit
1781 3237 1794 3271 :
1835 3241 1852 3271 ‹
1884 3220 1948 3273 Et
1977 3237 2101 3290 per-

519 3309 760 3363 manebit
796 3321 920 3360 cum
971 3308 1088 3364 sole
1131 3317 1186 3362 et
1215 3315 1341 3362 ante
1371 3309 1577 3371 lunam,
1611 3308 1990 3378 generationes
2019 3324 2106 3379 ge-

520 3399 892 3460 nerationum,
945 3395 1240 3452 descendet
1287 3396 1432 3452 sicut
1486 3398 1671 3468 pluvia
1725 3399 1780 3453 in
1817 3399 2014 3463 vellus,
2049 3406 2104 3454 et

519 3490 662 3544 sicut
690 3489 966 3546 stillicidia
1004 3489 1264 3545 stillantia
1307 3504 1471 3559 super
1534 3500 1756 3553 terram,
1790 3490 2001 3546 orietur
2045 3491 2102 3546 in

519 3584 711 3638 diebus
733 3584 854 3651 ejus
877 3583 1114 3653 justitia,
1147 3591 1198 3636 et
1232 3583 1566 3638 abundantia
1600 3585 1774 3653 p'lCiS,
1803 3584 1976 3640 donec
2004 3601 2102 3639 au-

517 3674 725 3729 feratur
759 3659 920 3739 luna,
940 3683 994 3728 et
1019 3673 1388 3729 dominabitur
1411 3691 1441 3729 a
1471 3677 1608 3729 mari
1642 3693 1817 3747 usque
1838 3676 1906 3731 ad
1927 3693 2096 3739 mare,

516 3777 570 3820 et
600 3781 631 3819 a
667 3765 892 3821 ﬂumine
934 3782 1107 3836 usque
1144 3765 1213 3820 ad
1258 3768 1526 3822 terminos
1563 3769 1714 3823 orbis
1765 3766 1968 3824 terrm’.
2003 3768 2099 3824 :Et

516 3867 640 3927 post
661 3874 854 3929 pauca,
875 3858 954 3913 sic
979 3861 1053 3913 ait
1075 3878 1087 3912 :
1109 3877 1126 3910 ι
1155 3857 1622 3929 Superextolletur
1640 3877 1805 3930 super
1830 3860 2096 3916 Libanum

515 3953 726 4007 fructus
755 3951 896 4021 ejus,
916 3953 1022 4006 erit
1042 3968 1239 4008 nomen
1265 3952 1385 4022 ejus
1414 3952 1761 4008 benedictum
1794 3955 1847 4009 in
1871 3955 2093 4020 szecula,

515 4052 642 4100 ante
673 4045 841 4100 solem
881 4045 1222 4115 permanebit
1267 4061 1464 4100 nomen
1495 4045 1639 4116 ejus,
1686 4052 1740 4102 et
1765 4046 2097 4102 benedicen-

517 4143 604 4187 tur
640 4134 693 4188 in
717 4133 836 4204 ipso
866 4149 1057 4188 omnes
1087 4133 1267 4187 tribus
1300 4140 1482 4196 terrze,
1524 4147 1718 4186 omnes
1744 4142 1934 4203 gentes
1969 4133 2096 4187 bea-

513 4223 933 4279 tiﬁcabunteum
958 4224 1021 4278 ‘°.
1056 4243 1074 4276 ›
1103 4223 1334 4290 Quando
1349 4238 1478 4293 ergo
1497 4223 1550 4277 in
1583 4221 1931 4277 Salomonem
1959 4222 2095 4278 scri-

513 4325 636 4387 ptus
689 4329 775 4372 est
826 4316 1096 4386 psalmus,
1142 4315 1354 4386 primus
1413 4315 1609 4386 psalmi
1664 4315 1973 4371 versiculus
2025 4313 2093 4369 ad

513 4410 662 4463 illum
681 4407 972 4474 referatur;
991 4423 1111 4478 qua}
1138 4423 1268 4463 vero
1297 4416 1602 4478 sequuntur
1619 4409 1802 4462 omnia
1825 4407 1894 4462 ad
1921 4406 2090 4464 tilium

2223 2920 2364 2972 Ἀπὸ
2408 2919 2655 2989 ψαλμοῦ
2685 2926 2790 2975 oa’.
2822 2951 2891 2961 ——
2931 2920 3069 2987 Περὶ
3116 2919 3502 2988 Σολομῶντος
3544 2922 3641 2976 καί
3685 2922 3799 2978 τοῦ

2242 3025 2244 3027 ›
2387 2989 2455 3043 ἐκ
2482 2990 2824 3059 σπέρματος
2855 2991 3043 3044 αὐτοῦ
3069 2992 3615 3062 προελευσομένου.

2287 3123 2306 3156 ι
2353 3104 2412 3158 Ὀ
2445 3105 2597 3169 Θεὸς,
2635 3105 2696 3158 τὸ
2729 3105 2904 3179 κρῖμά
2938 3123 3031 3160 σου
3063 3105 3139 3176 τῷ
3173 3105 3381 3177 βασιλεῖ
3410 3107 3520 3172 δὸς,
3566 3109 3660 3161 καὶ
3692 3108 3798 3180 τὴν

2205 3197 2549 3268 δικαιοσύνην
2601 3213 2695 3250 σου
2747 3197 2825 3267 τῷ
2877 3196 2978 3267 υίῷ
3009 3195 3103 3250 τοῦ
3153 3195 3444 3268 βασιλέωςο
3489 3217 3508 3251 ι
3541 3191 3635 3253 καὶ
3665 3199 3800 3270 ἑξῆς

2206 3289 2464 3356 ἐπιλέγειο
2505 3308 2523 3338 ι
2571 3289 2679 3341 Καὶ
2731 3291 3152 3361 συμπαραμενεῖ
3201 3289 3277 3360 τῷ
3314 3290 3490 3361 ἡλίῳ,
3541 3292 3633 3344 καὶ
3687 3292 3801 3363 πρὸ

2203 3382 2302 3453 τῆς
2335 3381 2563 3452 σελήνης
2612 3380 2804 3449 γενεὰς
2847 3383 3081 3449 γενεῶν,
3119 3381 3488 3454 καταϐήσεται
3529 3383 3605 3446 ὡς
3638 3384 3800 3448 ὑετὸς

2204 3474 2296 3527 ἐπὶ
2345 3475 2530 3541 πόκον,
2585 3474 2677 3528 καὶ
2735 3473 2867 3527 ὡσεὶ
2918 3476 3175 3544 σταγόνες
3225 3476 3519 3540 στάζουσαι
3570 3478 3662 3530 ἐπὶ
3691 3477 3798 3550 τὴν

2200 3568 2336 3638 γῆν·
2387 3567 2636 3621 ἀνατελεῖ
2676 3567 2736 3620 ὲν
2786 3571 2906 3632 ταῖς
2952 3568 3187 3640 ἡμέραις
3242 3569 3404 3622 αὑτοῦ
3451 3569 3793 3640 δικαιοσύνη,

2203 3661 2296 3712 καὶ
2339 3659 2540 3730 πλῆθος
2573 3661 2828 3732 εἰρήνης,
2867 3661 2972 3724 ἓως
3005 3653 3066 3712 οῦ
3100 3661 3460 3733 ἀνταναιρεθῇ
3497 3665 3530 3734 ἡ
3568 3662 3793 3734 σελήνη.

2202 3752 2295 3804 καὶ
2321 3751 2741 3823 κατακυριεύσει
2775 3753 2883 3807 ἀπὸ
2919 3752 3193 3824 θαλάσσης
3223 3754 3328 3818 ἓως
3359 3753 3654 3825 θαλάσσης,
3691 3755 3796 3808 καὶ

2201 3842 2310 3895 ἀπὸ
2349 3842 2594 3914 ποταμοῦ
2636 3844 2742 3908 ’ἐως
2784 3845 3036 3916 περάτων
3080 3847 3180 3916 τῆς
3225 3845 3572 3917 οἶκουμένης.
3621 3865 3638 3897 ι
3675 3846 3795 3898 Καὶ

2203 3933 2341 4006 μετὰ
2395 3934 2600 4006 βραχέα
2654 3936 2852 4006 φησίνο
2904 3956 2921 3988 ι
2969 3928 3445 4010 ’Υπερᾶρθήσεται
3493 3937 3635 4008 ὑπὲρ
3693 3936 3794 3989 τὸν

2199 4025 2425 4080 Λίϐανον
2454 4029 2482 4080 ὁ
2514 4027 2726 4099 καρπὸς
2758 4027 2942 4081 αὑτοῦ·
2972 4028 3124 4082 ἔσται
3149 4029 3208 4083 τὸ
3240 4029 3410 4100 ὄνομα
3440 4027 3604 4082 αὑτοῦ
3633 4026 3796 4080 εὐλο-

2198 4119 2436 4190 γημένον
2470 4123 2549 4185 εἰς
2599 4121 2690 4175 τὸν
2732 4121 2927 4188 αἰῶνα,
2962 4119 3064 4195 πρὸ
3112 4123 3206 4176 τοῦ
3253 4122 3406 4194 ἡλίου
3451 4121 3696 4192 διαμενεῖ
3721 4121 3790 4174 τὸ

2197 4211 2366 4284 ὄνομα
2398 4212 2584 4278 αὐτοῦ,
2627 4213 2721 4267 καὶ
2771 4213 3284 4287 ὲνευλογηθήσονται
3327 4215 3384 4267 ὲν
3429 4213 3577 4286 αὐτῷ
3609 4215 3789 4268 πᾶσαι

2197 4305 2253 4356 αἱ
2299 4304 2465 4375 φυλαὶ
2503 4305 2602 4376 τῆς
2632 4307 2755 4377 γῆς,
2791 4305 2968 4360 πάντα
2999 4307 3068 4361 τὰ
3113 4307 3238 4379 ἔθνη
3281 4305 3639 4380 μακαριοῦσιν
3685 4306 3791 4361 af:-

2195 4395 2306 4451 τόν.
2344 4416 2362 4449 ι
2404 4397 2621 4470 Ἐπειδὴ
2653 4397 2960 4469 γέγραπται
2995 4401 3073 4464 είς
3111 4398 3397 4470 Σολομῶνα
3427 4401 3454 4452 6
3485 4398 3716 4469 ψαλμδς,
3751 4399 3789 4452 ὁ

515 4497 848 4560 Salomonis,
899 4513 1009 4552 non
1045 4496 1313 4561 Roboam,
1349 4496 1442 4567 qui
1478 4505 1604 4566 post
1657 4498 1808 4551 illum
1844 4497 2091 4566 regnavit

2207 4487 2412 4560 πρῶτος
2443 4489 2536 4542 τοῦ
2566 4489 2781 4561 ψαλμοῦ
2809 4491 2991 4562 στίχος
3021 4493 3099 4555 είς
3133 4490 3294 4544 αὑτὸν
3327 4491 3678 4562 ἀναφέροιτο,
3711 4490 3789 4544 τὰ

511 4591 567 4646 in
611 4589 976 4656 Hierusalem,
1011 4590 1106 4645 sed
1149 4589 1216 4642 ad
1263 4605 1388 4644 eum
1435 4590 1527 4659 qui
1579 4588 1648 4644 de
1685 4591 1805 4659 ejus
1861 4589 2090 4654 semine,

511 4685 724 4738 ratione
772 4682 1025 4736 humana:
1074 4689 1283 4736 natura:
1329 4681 1609 4754 profectus
1655 4691 1760 4744 est,
1810 4681 2091 4738 Christum

509 4775 625 4832 Dei.
657 4773 813 4842 Quod
862 4775 1004 4829 enim
1052 4790 1228 4844 neque
1271 4774 1340 4828 ad
1390 4773 1756 4836 Salomonem,
1792 4790 1968 4846 neque
2019 4776 2090 4828 ad

507 4869 630 4936 ejus
662 4882 1044 4924 successorem
1087 4865 1280 4922 referri
1307 4866 1524 4938 possint
1549 4882 1615 4922 ea
1639 4881 1760 4938 qua}
1791 4867 1844 4921 in
1878 4867 2090 4937 psalmo

510 4962 886 5027 continentur,
921 4968 1144 5032 propter
1177 4974 1273 5026 ea,
1324 4975 1444 5030 qure
1483 4959 1552 5015 de
1595 4960 1688 5014 illo
1722 4961 1940 5031 cognita
1996 4961 2092 5016 ha-

509 5055 728 5120 bentur,
755 5053 1069 5124 quicunque
1120 5050 1426 5106 divmarum
1478 5047 1887 5120 Seripturarum
1920 5049 2091 5120 impe-

510 5147 652 5201 ritus
691 5162 800 5201 non
827 5156 931 5211 est,
970 5145 1129 5201 facile
1171 5143 1540 5200 conﬁtebitur.
1598 5143 1810 5198 Etenim
1845 5143 1937 5212 qui
1973 5142 2091 5197 ﬁeri

510 5245 692 5310 potest
739 5246 798 5292 ut
839 5241 908 5293 de
944 5235 1256 5302 Salomone,
1292 5243 1386 5290 aut
1418 5237 1483 5290 de
1531 5234 1652 5304 ejus
1697 5233 1806 5287 tilio
1841 5231 2085 5287 Roboam

509 5331 870 5401 accipiantur,
922 5346 1043 5400 quae
1095 5346 1191 5400 per
1239 5336 1412 5384 totum
1477 5327 1748 5398 psalmum
1812 5322 2083 5391 feruntur,

509 5423 670 5491 quale
708 5429 792 5476 est
824 5420 958 5476 illud
999 5440 1012 5475 :
1053 5438 1071 5471 ι
1119 5418 1497 5473 Dominabitur
1542 5431 1572 5470 a
1614 5414 1754 5468 mari
1810 5431 1982 5484 usque
2017 5417 2085 5471 ad

511 5528 681 5578 mare,
716 5521 769 5567 et
798 5530 828 5568 a
852 5512 1072 5566 ﬂumine
1101 5527 1275 5582 usque
1305 5509 1371 5565 ad
1406 5509 1666 5565 terminos
1696 5506 1845 5560 orbis
1871 5517 2080 5572 terram

509 5616 564 5661 et
597 5607 729 5663 illud
760 5624 773 5660 :
806 5626 825 5659 ι
857 5605 1207 5662 Permanebit
1239 5620 1362 5659 cum
1395 5603 1508 5659 sole
1537 5608 1591 5656 et
1616 5607 1742 5654 ante
1775 5601 1958 5654 lunam
1990 5616 2085 5670 [ξος

508 5700 822 5754 nerationes
869 5695 1303 5768 generationum,
1340 5713 1358 5747 ι
1394 5700 1447 5748 et
1497 5704 1836 5763 quaecunque
1870 5691 1974 5744 alia
1999 5687 2086 5744 bis

2193 4580 2250 4634 δὲ
2299 4581 2539 4652 ἑπόμενα
2585 4581 2766 4636 πάντα
2813 4585 2894 4647 είς
2944 4583 3034 4636 τὸν
3078 4583 3192 4635 υίὸν
3225 4581 3570 4654 Σολομῶνος,
3600 4581 3660 4636 οὐ
3689 4582 3790 4637 τόν

2208 4669 2464 4742 Ῥοϐοὰμ,
2517 4672 2576 4735 ὃς
2621 4675 2738 4743 μετ’
2786 4674 2949 4727 αὐτὸν
2999 4673 3312 4727 ἐϐασίλευσε
3371 4673 3464 4726 τοῦ
3526 4673 3784 4746 Ἰσραὴλ,

2195 4762 2332 4816 ἀλλὰ
2373 4763 2464 4816 τὸν
2511 4765 2575 4818 ὲκ
2610 4765 2926 4838 σπέρματος
2955 4766 3118 4820 αὑτοῦ
3163 4765 3302 4820 κατὰ
3348 4768 3527 4838 σάρκα
3553 4766 3794 4836 γενόμε-

2195 4871 2305 4918 νον,
2354 4853 2444 4906 τὸν
2492 4855 2726 4928 Χριστὸν
2758 4857 2851 4909 τοῦ
2891 4856 3046 4914 Θεοῦ.
3080 4858 3199 4911 ’Ὁτι
3240 4857 3350 4930 γὰρ
3397 4859 3496 4911 οὐκ
3542 4857 3634 4910 ἐπὶ
3686 4857 3786 4910 τὸν

2195 4945 2501 5018 Σολομῶνα,
2549 4949 2670 5004 οὐδὲ
2715 4951 2806 5003 ἐπὶ
2836 4950 2925 5004 τὸν
2967 4953 3156 5006 τούτου
3203 4950 3443 5022 διάδοχον
3486 4951 3788 5020 ἀναφέρειν

2193 5041 2416 5096 δυνατὸν
2447 5043 2516 5096 τὰ
2549 5047 2605 5097 ὲν
2633 5043 2710 5116 τῷ
2747 5043 2946 5116 ψαλμῴ
2974 5045 3062 5099 διὰ
3094 5043 3162 5098 τὰ
3193 5045 3321 5118 περὶ
3355 5043 3517 5099 αὑτοῦ
3547 5043 3790 5115 δεδηλω-

2197 5133 2353 5203 μένα.
2383 5135 2488 5198 πᾶς
2528 5137 2557 5188 6
2593 5134 2667 5206 μὴ
2695 5137 3081 5207 ἀνεπιστήμων
3118 5136 3226 5189 τῶν
3259 5136 3418 5189 θείων
3450 5135 3788 5206 ὁμολογήσει

2196 5225 2449 5297 Γραφῶν.
2490 5225 2650 5280 Ἀλλὰ
2699 5228 2792 5282 καὶ
2843 5227 2959 5291 πῶς
3008 5222 3120 5280 οἷόν
3150 5246 3209 5281 τε
3251 5228 3343 5281 ἐπὶ
3387 5227 3696 5297 Σολομῶνα,
3743 5227 3786 5300 ἢ

2195 5319 2288 5371 ἐπὶ
2315 5319 2403 5372 τὸν
2433 5318 2619 5372 τούτου
2655 5319 2769 5372 υἱὸν
2811 5317 3045 5390 Ῥοϐοὰμ
3091 5319 3449 5392 ἐκλαμϐάνειν
3493 5320 3561 5372 τὰ
3607 5319 3790 5389 ἐμφε-

2179 5413 2399 5490 ρόμενα
2435 5411 2500 5464 δι’
2534 5412 2654 5465 ὅλου
2682 5409 2775 5465 τοῦ
2804 5409 3051 5484 ψαλμοῦς
3081 5407 3191 5465 οἷον
3221 5414 3302 5479 τὸ,
3337 5434 3354 5464 ι
3400 5412 3794 5483 Κατακυριεύ-

2197 5521 2279 5557 σει
2318 5503 2424 5557 ἀπὸ
2455 5503 2726 5576 θαλάσσης
2757 5504 2860 5568 ἕως
2890 5503 3184 5576 θαλάσσης,
3234 5507 3325 5558 καὶ
3371 5505 3478 5558 ἀπὸ
3531 5504 3791 5574 ποταμοῦ

2192 5597 2297 5660 ἕως
2331 5597 2581 5668 περάτων
2625 5598 2723 5668 τῆς
2766 5598 3114 5669 οἰκουμένηςο
3151 5619 3168 5650 ι
3197 5599 3287 5652 καὶ
3316 5597 3375 5650 τὸ
3406 5618 3423 5648 ι
3479 5597 3796 5668 Συμπαραε

2197 5691 2346 5761 μενεῖ
2377 5689 2455 5761 τῷ
2477 5690 2633 5761 ἡλίῳ,
2658 5690 2753 5743 καὶ
2783 5690 2890 5761 πρὸ
2917 5689 3015 5761 τῆς
3042 5690 3269 5763 σελήνης
3295 5689 3487 5760 γενεὰς
3516 5688 3738 5758 γενεῶν·
3759 5710 3786 5744 ι

581 5855 604 5888 ⁸
635 5854 766 5911 Luc.
802 5871 841 5922 1,
864 5852 956 5921 32,
991 5855 1080 5911 '53.
1118 5857 1137 5889 ’⁷
1177 5854 1309 5921 ibid,
1345 5853 1523 5910 68-70.
1556 5854 1575 5884 ⁸
1605 5852 1750 5910 Psal.
1784 5870 1932 5922 ιικι,
1959 5855 2012 5912 2.
2077 5855 2097 5888 ’
2129 5854 2258 5910 ibid.
2289 5854 2398 5910 5-8.
2459 5853 2500 5885 “
2533 5851 2659 5908 ibid.
2703 5853 2786 5911 16.
2831 5851 2916 5908 17.
