4106 6420
322 360 429 416 557

1212 348 1876 411 DEMONSTRATIONIS
1916 342 2380 402 EVANGELICJE
2420 342 2547 398 LIB.
2591 340 2704 397 ΥΠ.

325 476 422 530 καὶ
447 475 549 529 ὅσα
578 474 714 530 ἄλλα
742 473 951 538 τούτοις
982 475 1147 546 ὅμοια
1173 472 1505 542 ἐπιλέγεται.
1541 471 1740 543 Διόπερ
1776 468 1913 523 ἀϐα-

2019 466 2156 537 ipsis
2193 463 2393 520 similia
2434 461 2826 531 adjunguntur.
2870 456 3215 527 Quapropter
3248 452 3368 507 sine
3413 450 3587 504 multa

327 567 597 631 σανίστως
644 566 931 639 ἀποδοθείη
962 566 1028 621 ἂν
1068 568 1096 620 ὁ
1144 566 1241 636 μὲν
1277 566 1500 635 φάσκων
1534 567 1590 617 ἐν
1630 564 1772 634 ἀρχῇ
1816 560 1909 615 τοῦ

323 658 545 731 ψαλμοῦ
597 659 771 727 λόγος·
808 678 827 710 ι
872 659 930 710 Ὀ
959 657 1110 724 Θεὸς,
1139 657 1201 711 τὸ
1249 657 1424 730 κρϊμά
1464 673 1557 710 σου
1593 654 1672 725 τῷ
1705 653 1914 725 βασιλεῖ

323 750 454 816 δὸς,
493 770 513 802 ι
552 752 637 804 ἐπ’
679 750 842 805 αὐτὸν
891 752 1095 804 ἐκεῖνον
1132 748 1437 821 Σολομῶνα·
1463 749 1493 801 ὁ
1530 748 1794 816 ἐπιλέγων
1830 746 1909 813 δὲ,

329 862 355 899 ι
390 845 503 900 Καὶ
532 844 631 915 τὴν
667 843 1012 914 δικαιοσύνην
1061 860 1154 896 σου
1184 842 1261 914 τῷ
1301 841 1400 914 υἱῷ
1429 840 1524 895 τοῦ
1560 839 1843 912 βασιλέως.
1886 861 1905 893 ι

324 935 426 990 ἐπὶ
455 935 549 989 τὸν
579 934 888 1006 Σολομῶνος
920 934 1055 999 υἱὸν,
1098 934 1159 987 οὑ
1204 934 1296 987 τὸν
1329 933 1673 1005 πρωτότοκον
1704 934 1911 986 ἐκεῖνον

324 1026 423 1081 τὸν
469 1026 713 1098 διάδοχον
762 1024 928 1081 αὐτοῦ
978 1027 1079 1098 τῆς
1109 1026 1384 1098 βασιλείας
1433 1026 1745 1098 γενόμενον,
1778 1024 1910 1096 (οὐδ’

324 1118 474 1184 ὅλοις
506 1118 616 1192 γάρ
646 1119 852 1183 ἐκεῖνος
887 1118 1256 1174 ἑπτακαίδεκα
1286 1117 1429 1172 ἔτεσι
1457 1118 1617 1189 μόνου
1644 1117 1740 1171 τοῦ
1782 1117 1913 1171 Ἰου-

325 1211 499 1266 δαίων
544 1212 730 1277 ἔθνους
776 1210 1035 1284 προστάς,
1070 1210 1303 1265 κάκιστα
1348 1210 1586 1283 κέχρητο
1619 1213 1685 1283 τῇ
1720 1210 1909 1282 ἀρχῇ·)

327 1303 451 1357 ἀλλ’
481 1302 593 1356 οὐδ’
619 1305 704 1373 ἐφ’
732 1302 917 1374 ἕτερον
944 1303 1052 1355 τῶν
1091 1300 1331 1373 Ῥοϐοάμ
1356 1301 1448 1355 τὸν
1474 1300 1663 1374 θρόνον
1690 1301 1791 1372 τῆς
1814 1299 1909 1354 τοῦ

325 1388 644 1461 Σολομῶνος
671 1388 945 1459 βασιλείας
976 1388 1391 1460 διαδεξαμένων,
1426 1391 1518 1444 ἐπὶ
1546 1394 1702 1462 μόνον
1733 1390 1790 1443 δὲ
1819 1390 1912 1444 τὸν

329 1482 399 1535 ἐκ
436 1480 750 1553 σπέρματος
782 1480 967 1545 Δαϐιδ,
994 1480 1135 1535 οὕτω
1169 1481 1262 1535 καὶ
1292 1481 1385 1535 τοῦ
1431 1482 1741 1554 Σολομῶνος
1773 1482 1909 1547 υἱὸν,

324 1569 408 1633 ὡς
441 1570 537 1624 καὶ
569 1569 661 1623 τοῦ
690 1569 855 1623 Δαϐὶδ
884 1571 1319 1643 χρηματίσαντα.
1352 1563 1519 1637 Οὗτος
1552 1573 1597 1627 δ’
1642 1569 1710 1645 ἦν
1744 1574 1772 1626 ὁ
1800 1575 1913 1627 Σω-

323 1661 436 1734 τὴρ
485 1664 580 1716 καὶ
622 1661 825 1735 Κύριος
873 1662 1029 1734 ἡμῶν
1072 1662 1278 1732 Ἰησοῦς
1323 1665 1352 1718 ό
1400 1664 1654 1736 Χριστός.
1708 1665 1910 1719 Τούτου

324 1754 442 1827 γὰρ
498 1754 678 1826 μόνου,
736 1755 828 1809 καὶ
877 1754 987 1808 οὐδ’
1031 1756 1218 1829 ἐτέρου
1269 1756 1379 1810 τῶν
1424 1756 1677 1824 πώποτε,
1733 1761 1762 1813 ό
1809 1759 1910 1829 τῆς

324 1846 515 1899 ἐνθέου
557 1846 827 1917 βασιλείας
854 1846 1042 1920 θρόνος
1068 1827 1488 1922 συμπαραμενεῖ
1518 1850 1596 1921 τῷ
1626 1850 1781 1922 ἠλίῳο
1817 1827 1911 1906 καὶ
1945 1827 1985 1881 Β

323 1929 488 2000 οὗτός
537 1954 636 2006 γε,
666 1937 779 1990 ἀλλ’
831 1938 1005 2003 οὐδεὶς
1047 1938 1234 2012 ἕτερος
1273 1939 1610 2013 ἀνθρώπων,
1658 1941 1763 2015 πρὸ
1812 1942 1911 2013 τῆς

325 2029 563 2101 σελήνης
607 2030 700 2083 καὶ
744 2028 852 2102 πρὸ
899 2029 1000 2101 τῆς
1045 2031 1138 2085 τοῦ
1182 2032 1387 2104 κόσμου
1440 2032 1782 2098 συστάσεως,
1816 2034 1911 2087 ἆτε

323 2122 502 2189 Λόγος
531 2121 606 2175 ὢν
636 2121 792 2188 Θεοῦ,
822 2123 1196 2195 προϋπῆρχεν,
1233 2123 1425 2193 Ξσταξέ
1463 2142 1523 2178 τε
1559 2125 1719 2197 μόνος
1758 2118 1913 2189 οὗτος

325 2212 621 2284 οὐρανόθεν
647 2212 840 2285 δρόσου
866 2213 1024 2286 δίκην
1051 2215 1143 2268 ἐπὶ
1166 2217 1347 2270 πᾶσαν
1385 2215 1483 2289 τὴν
1524 2217 1651 2288 γῆν.
1683 2217 1911 2291 Εἴρηται

324 2303 386 2356 δὲ
434 2305 526 2359 καί
575 2307 654 2370 είς
698 2306 905 2371 πάντας
936 2306 1256 2380 ἀνθρώπους
1294 2309 1740 2375 ἀνατεταλκέναι,
1773 2310 1913 2364 κατά

328 2394 398 2447 τά
429 2395 612 2466 μικρῷ
644 2396 878 2467 πρόσθεν
907 2399 1038 2470 ἡμῖν
1060 2398 1450 2471 ἀποδεδομένα,
1479 2400 1576 2455 καὶ
1599 2400 1912 2475 δικαιοσύνη

334 2486 725 2558 παραμένουσα
758 2487 919 2560 μέχρι
964 2488 1063 2560 τῆς
1114 2488 1208 2543 τοῦ
1258 2489 1374 2560 βίου
1430 2489 1760 2555 συντελείας,
1789 2491 1913 2562 ἦτις

330 2578 712 2649 ἀνταναίρεσις
731 2580 1042 2650 ὠνόμασται
1066 2580 1168 2651 τῆς
1199 2582 1445 2653 σελήνης.
1480 2582 1754 2654 Ἐναργῶς
1782 2601 1840 2637 τε
1878 2586 1910 2657 ή

328 2671 427 2723 τοῦ
459 2672 709 2743 Σωτῆρος
733 2674 764 2744 ἡ
776 2672 891 2744 μῶν
922 2673 1148 2746 δύναμις
1176 2678 1364 2747 κρατεῖ
1399 2675 1492 2730 καὶ
1520 2675 1761 2748 κυριεύει
1804 2676 1913 2730 τῶν

331 2763 394 2830 ἐξ
459 2762 601 2834 ἑῴας
646 2764 922 2838 θαλάσσης
957 2768 1051 2820 καὶ
1097 2768 1190 2821 ἐπὶ
1235 2767 1427 2822 δύοντα
1457 2769 1627 2840 ἥλιον,
1669 2768 1912 2841 ἐνεργεῖν

335 2854 438 2925 μὲν
465 2853 744 2927 ἀρξαμένη
788 2857 894 2910 ἀπὸ
934 2857 1201 2929 ποταμοῦ,
1233 2859 1351 2930 ἦτοι
1381 2859 1475 2913 τοῦ
1509 2860 1649 2913 κατά
1688 2859 1912 2933 λουτρὸν

337 2947 670 3020 μυστηρίου,
721 2948 755 3021 ἢ
806 2950 901 3003 καὶ
948 2950 1039 3019 ἀφ’
1084 2943 1257 3023 οὗπερ
1309 2951 1450 3006 κατὰ
1495 2953 1587 3006 τὸν
1640 2953 1911 3026 Ἰορδάνην

334 3037 550 3108 πρῶτον
582 3041 770 3109 φανεὶς
814 3041 1016 3113 ἤρξατο
1057 3042 1158 3114 τῆς
1206 3044 1285 3107 εἰς
1331 3042 1655 3116 ἀνθρώπους
1689 3047 1911 3117 εὐεργε-

2018 557 2310 614 admodum
2348 555 2745 626 exploratione,
2786 567 2907 622 qum
2955 550 3176 620 quidem
3221 545 3385 600 verba
3431 542 3589 597 initio

2015 647 2213 720 psalmi
2243 646 2514 700 habentur
2542 663 2554 698 :
2588 662 2606 694 ι
2643 642 2807 705 Deus,
2832 639 3097 711 judicium
3124 646 3276 691 tuum
3306 633 3415 705 regi
3442 632 3511 688 da
3532 652 3583 698 ,ι

2013 755 2147 797 sane
2192 737 2258 792 ad
2295 738 2446 791 illum
2481 736 2660 807 ipsum
2703 732 3047 788 Salomonem
3097 728 3432 790 referantur;
3464 732 3586 795 qua:

2012 848 2143 889 vero
2176 838 2484 903 sequuntur
2516 844 2530 881 :
2574 846 2594 880 ι
2635 826 2702 881 Ει
2735 826 3003 897 justitiam
3034 831 3181 877 tuam
3219 821 3328 875 lilio
3367 818 3534 890 regis,
3562 837 3582 869 ι

2013 927 2083 982 ad
2114 923 2425 981 Salomonis
2457 919 2651 985 filium,
2678 933 2788 974 non
2826 917 2977 970 illum
3010 914 3455 986 primogenitum,
3492 911 3588 982 qui

2012 1019 2093 1074 illi
2120 1019 2177 1072 in
2214 1030 2385 1087 regno
2421 1011 2689 1069 successit
2722 1006 2868 1081 (nam
2915 1008 3005 1061 ille
3046 1021 3171 1061 cum
3214 1004 3315 1059 soli
3347 1001 3590 1057 Iudaicae

2011 1112 2159 1182 genti
2192 1124 2261 1164 ne
2290 1116 2434 1163 totos
2463 1103 2682 1175 quidem
2719 1101 2906 1157 decem
2940 1107 2993 1154 et
3019 1088 3226 1170 septem
3258 1111 3430 1152 annos
3452 1109 3589 1167 pra:-

2012 1202 2227 1267 t‘uisset,
2259 1199 2494 1272 pessime
2515 1211 2651 1252 usus
2680 1203 2763 1251 est
2784 1193 3057 1264 imperio),
3087 1190 3183 1247 sed
3209 1205 3309 1246 nec
3331 1188 3399 1244 ad
3420 1189 3586 1243 alium

2014 1305 2276 1368 prmterea
2306 1292 2613 1366 quempiam
2643 1304 2833 1346 corum
2863 1287 2957 1359 qui
2994 1294 3117 1358 post
3145 1282 3387 1339 Roboam
3413 1281 3468 1336 in
3499 1295 3591 1336 re-

2014 1404 2121 1459 gno
2154 1386 2464 1442 Salomonis
2498 1383 2889 1447 successerint,
2922 1381 3015 1436 sed
3053 1378 3121 1433 ad
3152 1377 3329 1432 solum
3360 1391 3390 1430 a
3417 1373 3588 1428 David

2014 1477 2329 1543 oriundum,
2360 1475 2452 1547 qui
2483 1476 2558 1530 ita
2591 1471 2901 1529 Salomonis
2945 1469 3091 1525 ﬁlius
3130 1475 3190 1522 ut
3219 1464 3394 1537 ipsius
3416 1462 3588 1518 David

2013 1570 2194 1626 dictus
2243 1576 2349 1626 est.
2401 1567 2501 1623 Hic
2540 1579 2721 1623 autem
2767 1562 2873 1618 fuit
2915 1562 3168 1617 Salvator
3219 1569 3274 1614 et
3320 1556 3589 1613 Dominus

2014 1672 2200 1719 noster
2225 1659 2387 1717 Iesus
2415 1659 2687 1716 Christus.
2720 1656 2893 1728 Hujus
2930 1655 3075 1710 enim
3107 1651 3295 1731 unius,
3324 1664 3426 1705 nec
3452 1647 3588 1703 alte-

2014 1757 2130 1811 rius
2157 1754 2466 1826 cujuspiam
2513 1766 2726 1814 eorum.
2755 1749 2850 1820 qui
2883 1760 3122 1818 unquam
3161 1743 3384 1807 fuerint,
3415 1740 3589 1798 divini

2014 1845 2167 1918 regni
2192 1855 2357 1916 atque
2387 1841 2602 1913 imperii
2627 1840 2787 1897 sedes
2805 1847 3166 1911 permansura
3199 1840 3284 1888 est
3305 1846 3430 1886 cum
3446 1830 3586 1896 sole,

2012 1948 2066 1997 et
2093 1939 2184 1994 hic
2207 1938 2352 1993 idem
2380 1951 2481 1991 nec
2506 1934 2646 1990 alius
2665 1931 2934 2004 quispiam
2963 1943 3029 1984 ex
3050 1926 3330 1982 hominum
3364 1938 3584 1995 genere,

2014 2044 2138 2088 ante
2184 2032 2369 2087 lunam
2412 2036 2467 2085 et
2506 2034 2633 2082 ante
2673 2022 2834 2096 355
2880 2020 3071 2076 mundi
3115 2016 3586 2080 constitutionem,

2012 2133 2273 2196 tanquam
2303 2123 2351 2179 is
2375 2121 2467 2192 qui
2497 2119 2590 2175 Dei
2620 2117 2692 2174 sit
2714 2115 2975 2178 Verbum,
3000 2113 3067 2168 ab
3094 2111 3252 2167 initio
3277 2109 3401 2172 fuit,
3423 2115 3588 2179 atque

2013 2216 2104 2273 hic
2135 2216 2286 2272 solus
2313 2214 2530 2270 cmlitus
2554 2213 2609 2265 in
2626 2224 2843 2265 omnem
2873 2216 3077 2262 terram
3107 2204 3252 2259 roris
3274 2203 3448 2257 instar
3477 2201 3588 2256 stil-

2013 2309 2162 2364 lavit.
2194 2307 2406 2363 Dictum
2442 2319 2660 2376 quoque
2683 2310 2789 2367 est,
2822 2301 2973 2355 illum
3005 2299 3071 2354 ad
3111 2311 3302 2353 omnes
3335 2294 3590 2350 homines

2012 2410 2261 2457 exortum
2304 2414 2448 2465 esse,
2476 2399 2532 2452 in
2565 2397 2632 2451 iis
2662 2410 2781 2466 qua:
2807 2392 2970 2465 paulo
3010 2398 3137 2446 ante
3170 2404 3200 2443 a
3232 2388 3393 2443 nobis
3419 2402 3590 2457 expo-

2013 2496 2116 2551 sita
2146 2501 2293 2556 sunt,
2328 2499 2383 2546 et
2406 2488 2678 2559 justitiam
2710 2488 3115 2557 permanentem
3160 2494 3336 2550 usque
3366 2478 3435 2533 ad
3467 2472 3589 2532 vitae

2013 2583 2560 2645 consummationem,
2592 2594 2715 2650 quae
2748 2577 2889 2651 lpum
2907 2573 3145 2630 sublatio
3176 2572 3457 2629 nominata
3480 2578 3585 2627 est.

2013 2676 2306 2732 Evidenter
2330 2686 2461 2729 vero
2507 2669 2811 2726 Salvatoris
2843 2667 3020 2724 nostri
3049 2668 3227 2723 virtus
3272 2665 3589 2720 dominatur

2014 2777 2177 2840 atque
2219 2769 2451 2838 imperat
2487 2767 2556 2821 ab
2587 2764 2699 2819 Eoo
2747 2762 2884 2817 mari
2927 2774 3102 2831 usque
3135 2759 3202 2814 ad
3242 2758 3411 2814 solem
3443 2758 3589 2812 occi-

2013 2862 2259 2924 dentem;
2295 2876 2415 2932 quae
2452 2859 2674 2931 quidem
2714 2858 2891 2912 virtus
2916 2854 3195 2910 actionum
3225 2866 3449 2908 suarum
3477 2851 3589 2906 ini-

2011 2955 2151 3010 tium
2196 2954 2324 3009 fecit
2360 2970 2389 3008 a
2432 2952 2676 3015 ﬂumine,
2722 2949 2870 3023 quod
2898 2956 3005 3016 est,
3052 2955 3146 3001 aut
3171 2944 3372 3001 lavacri
3396 2953 3593 3015 myste-

2013 3045 2118 3114 rio,
2150 3054 2244 3100 aut
2278 3059 2309 3098 a
2333 3043 2592 3108 Iordane,
2634 3042 2727 3097 ubi
2772 3056 2897 3096 cum
2925 3040 3159 3110 primum
3203 3053 3263 3092 se
3294 3035 3590 3092 videndum

338 3131 480 3193 σίας.
511 3131 925 3203 Παρεκταθεῖσα
958 3134 1088 3202 γοῦν
1124 3135 1180 3202 ἐξ
1211 3136 1420 3190 ἐκείνου
1450 3139 1483 3208 ἡ
1513 3139 1571 3190 ἐν
1602 3137 1909 3211 ἀνθρώποις

2015 3138 2323 3207 praebuerit,
2350 3137 2666 3192 hominibus
2704 3133 2872 3204 coepit
2908 3147 3033 3188 esse
3062 3130 3359 3186 beneﬁcus.
3392 3127 3469 3182 Ex
3498 3128 3591 3182 illo

336 3219 585 3290 βασιλεία
637 3223 821 3289 αὐτοῦ,
862 3225 1044 3296 διῆλθε
1094 3227 1212 3281 καθ’
1263 3227 1391 3300 ὅλης
1417 3230 1516 3301 τῆς
1565 3229 1909 3303 οίκουμένηςυ

332 3310 571 3365 Λιϐάνου
601 3312 660 3368 δὲ
704 3314 1095 3388 ἐπινοουμένης
1139 3318 1238 3389 τῆς
1279 3320 1652 3393 Ἰερουσαλὴμ,
1686 3323 1763 3386 ὡς
1805 3324 1914 3377 ἀπὸ

333 3402 603 3458 πλείστων
655 3405 794 3459 ὅσων
853 3410 1199 3480 προφητειῶν
1252 3412 1668 3479 ἀποδείκνυται,
1718 3414 1808 3468 διὰ
1852 3414 1915 3468 τὸ

333 3492 506 3546 πάλαι
540 3495 599 3547 ἐν
632 3496 768 3567 αὐτῇ
799 3498 1068 3570 ἀγίασμα,
1101 3501 1280 3555 καὶτὸ
1312 3501 1718 3579 θυσιαστήριον,
1756 3507 1827 3562 τά
1854 3524 1913 3561 τε

334 3588 430 3640 ἐπὶ
456 3587 630 3659 τούτῳ
675 3591 755 3653 είς
797 3590 959 3662 τιμὴν
996 3593 1376 3666 ἀναφερόμενα
1414 3595 1629 3650 λιϐάνου
1658 3598 1812 3671 δίκην
1838 3597 1915 3670 τῷ

334 3676 478 3748 Θεῷ,
506 3679 535 3730 ό
572 3678 663 3733 τοῦ
708 3678 946 3753 Χριστοῦ
983 3683 1190 3755 καρπὸς
1230 3687 1263 3757 ἡ
1309 3685 1367 3752 ἐξ
1416 3685 1582 3741 ἐθνῶν
1622 3687 1917 3760 Ἐκκλησία

334 3768 480 3840 ὑπὲρ
507 3770 596 3823 τὸν
629 3770 859 3826 Λίϐανον
895 3772 1227 3846 ἀρθήσεσθαι
1264 3776 1597 3842 θεσπίζεται.
1637 3780 1760 3834 Ἐπὶ
1790 3797 1916 3852 σχο-

338 3861 441 3930 λῆς
468 3862 511 3914 δ’
548 3861 613 3917 ἂν
638 3865 666 3916 ὁ
691 3863 999 3936 φιλομαθὴς
1036 3866 1214 3938 ἑαυτῷ
1247 3868 1339 3922 τὸν
1368 3869 1581 3940 ψαλμὸν
1608 3870 1744 3943 πρὸς
1772 3871 1916 3938 λέξιν

342 3952 659 4023 βασανίσας,
708 3955 854 4028 μόνῳ
902 3956 980 4029 τῷ
1026 3957 1281 4031 ἡμετέρῳ
1335 3961 1526 4033 Κυρίῳ
1565 3960 1635 4014 τά
1666 3963 1725 4016 ἐν
1769 3962 1918 4035 αὐτῷ

339 4051 637 4121 προσήκειν
680 4049 1062 4122 ὁμολογήσειεν
1107 4052 1190 4106 ἀν’
1242 4052 1379 4107 ἀλλά
1416 4052 1541 4107 οὔτε
1585 4055 1664 4128 τῷ
1706 4055 1919 4128 παλαιῷ

335 4140 633 4212 ὣλομῶνι,
685 4142 808 4197 οὔτε
861 4143 1031 4216 ἑτέρῳ
1077 4143 1187 4197 τῶν
1270 4146 1386 4216 μετ’
1444 4146 1607 4200 αὑτὸν
1658 4146 1918 4218 βασιλέων

337 4232 460 4296 ἐνὸς
506 4232 696 4298 ἔθνους
729 4234 839 4288 τῶν
879 4235 1149 4291 Ἰουδαίων
1174 4236 1474 4309 ἀρξάντων,
1510 4240 1601 4293 καὶ
1633 4240 1695 4293 οὐ
1734 4239 1918 4295 πλεῖον

335 4323 637 4393 ὀλιγοστῶν
684 4324 890 4403 ἐθνῶνο,
938 4329 1032 4381 καὶ
1082 4328 1192 4383 οὐδ’
1221 4329 1305 4399 ἐφ’
1335 4330 1528 4403 ἐτέρας
1564 4331 1598 4403 ἢ
1627 4332 1792 4405 μόνης
1818 4334 1918 4404 τῆς

350 4415 614 4480 ἰουδαίας
638 4414 761 4489 γῆς.

349 4621 499 4679 Ἀπὸ
540 4624 648 4680 τοῦ
685 4626 926 4710 Ἱζσαΐου
972 4629 1206 4710 -ιηερί
1257 4628 1508 4710 Ἰεσσαὶ,
1550 4630 1648 4686 καὶ
1690 4632 1796 4687 τοῦ
1846 4633 1917 4688 ἐκ

621 4696 961 4767 σπέρματος
990 4696 1176 4753 αὐτοῦ
1209 4701 1637 4773 γενησομένου.

416 4826 438 4861 σ
474 4809 585 4863 Καὶ
617 4809 957 4875 ἐξελεύσεται
1004 4812 1199 4884 ῥάϐδος
1244 4815 1310 4868 ἐκ
1352 4815 1451 4886 τῆς
1496 4816 1651 4888 ῥίζης
1688 4816 1917 4882 Ἰεσσαὶ,

340 4898 437 4952 καὶ
466 4899 623 4965 ἄνθος
652 4904 718 4955 ἐκ
752 4902 853 4973 τῆς
897 4902 1053 4973 ῥίζης
1096 4904 1446 4976 ἀναϐήσεται,
1483 4909 1576 4961 καὶ
1598 4908 1919 4962 ἐπαναπαύ-

343 5007 496 5045 σεται
545 4994 641 5047 ἐπὶ
685 4993 847 5047 αὑτὸν
890 4993 1111 5065 πνεῦμα
1141 4993 1297 5060 Θεοῦ,
1344 4997 1561 5069 πνεῦμα
1602 4999 1793 5069 σοφίας
1824 5001 1920 5054 καὶ

342 5085 634 5151 συνέσεως,
672 5087 888 5158 πνεῦμα
929 5086 1123 5160 βουλῆς
1160 5088 1253 5143 καὶ
1289 5088 1505 5161 ισχύος,
1537 5089 1757 5161 πνεῦμα
1782 5090 1922 5159 γνώ-

342 5195 481 5243 σεως
529 5181 624 5233 καὶ
665 5180 966 5245 εὐσεϐείας·
1009 5180 1278 5253 ἐμπλήσει
1312 5180 1473 5236 αὐτὸν
1510 5180 1726 5254 πνεῦμα
1755 5182 1919 5252 φόϐου

339 5269 493 5324 Θεοῦ.
527 5272 602 5325 Ού
652 5270 792 5325 κατά
834 5272 934 5343 τὴν
973 5271 1133 5336 δόξαν
1157 5276 1354 5345 κρινεῖ,
1381 5274 1503 5327 οὐδὲ
1535 5274 1677 5328 κατά
1701 5274 1799 5344 τὴν
1825 5273 1922 5328 λα·-

339 5360 459 5415 λιάν
489 5361 718 5431 ἐλέγξει,
740 5362 882 5416 ἀλλά
910 5366 1088 5434 κρινεῖ
1105 5363 1345 5436 ταπεινῷ
1364 5365 1564 5436 κρίσιν,
1593 5364 1688 5419 καὶ
1711 5365 1921 5435 ἐλέγξει

337 5455 464 5518 τοὺς
506 5456 794 5519 ταπεινοὺς
828 5455 925 5526 τῆς
959 5454 1082 5526 γῆς.
1118 5457 1229 5510 Καὶ
1269 5456 1422 5512 ἐσται
1449 5457 1762 5532 δικαιοσύνῃ
1788 5458 1923 5524 ἐζω-

342 5548 536 5616 σμένος
560 5546 658 5618 τὴν
696 5546 867 5617 ὀσφὺν
911 5546 1099 5611 αὐτοῦ,
1134 5548 1231 5602 καὶ
1258 5547 1485 5620 ἀληθεία
1513 5549 1795 5620 εἱλημένος
1823 5550 1922 5614 τὰς

339 5634 579 5707 πλευράς
629 5635 829 5701 αὑτοῦ,
873 5637 967 5691 καὶ
1022 5636 1530 5710 συμϐοσκηθήσεται
1584 5637 1745 5703 λύκος
1786 5642 1923 5710 μετά

338 5729 536 5802 ἀρνὸς,
583 5730 677 5783 καί
723 5730 987 5801 πάρδαλις
1036 5730 1510 5786 συναναπαύσεται
1564 5732 1736 5804 ἐρίφῳ
1762 5772 1777 5797 ,
1827 5734 1923 5788 καὶ

340 5822 637 5896 μοσχάριον
667 5825 760 5880 καὶ
800 5823 937 5877 λέων
982 5823 1097 5895 ἅμα
1135 5824 1579 5898 βοσκηθήσονται.
1622 5826 1731 5881 Καὶ
1769 5824 1921 5879 ἔσται

2012 3243 2144 3299 ergo
2171 3226 2476 3298 profectum
2504 3226 2651 3280 illius
2692 3225 2837 3278 inter
2882 3222 3133 3277 homines
3179 3234 3409 3290 regnum
3466 3217 3593 3271 uni-

2012 3335 2226 3377 versam
2261 3328 2463 3375 terram
2501 3318 2832 3389 peragravit.
2872 3314 3008 3371 Cum
3038 3328 3169 3369 vero
3196 3327 3294 3383 per
3322 3310 3589 3366 Libanum

2014 3413 2354 3469 Hierusalem
2400 3410 2755 3482 intelligatur,
2803 3415 2862 3463 ut
2898 3421 2962 3462 ex
3001 3403 3424 3477 quamplurimis
3463 3417 3592 3473 pro-

2018 3506 2213 3578 plietiis
2248 3511 2494 3577 apparet,
2537 3510 2762 3573 propter
2810 3501 3096 3570 antiquum
3126 3498 3183 3552 in
3210 3496 3302 3552 illa
3334 3502 3591 3552 sanctua-

2016 3601 2180 3664 rium,
2216 3606 2271 3653 et
2307 3598 2498 3661 altare,
2526 3604 2580 3651 et
2606 3610 2728 3664 quae
2756 3595 2810 3648 in
2839 3608 2906 3648 eo
2938 3591 3005 3647 ad
3033 3590 3296 3645 honorem
3325 3587 3436 3645 Deo
3461 3589 3592 3642 tliu-

2015 3691 2093 3745 ris
2123 3691 2295 3745 instar
2325 3688 2715 3749 olferebantur,
2748 3684 2953 3741 Christi
3000 3682 3235 3744 fructus,
3269 3697 3391 3752 quae
3412 3688 3591 3737 estex

2015 3782 2266 3853 gentibus
2311 3780 2578 3846 Ecclesia,
2615 3795 2782 3849 super
2824 3776 3096 3832 Libanum
3120 3773 3466 3831 extollendus
3495 3787 3589 3828 ca—

2018 3876 2185 3931 nitur.
2219 3873 2511 3940 Caaterum,
2549 3871 2847 3929 studiosior
2882 3867 3158 3940 quispiam
3205 3863 3454 3921 discendi
3496 3864 3592 3920 ubi

2018 3982 2114 4038 per
2139 3966 2314 4022 otium
2344 3966 2487 4038 apud
2510 3966 2751 4036 seipsum
2775 3977 2873 4034 per
2904 3961 3120 4033 singula
3149 3961 3316 4017 verba
3340 3959 3593 4015 eumdem

2019 4061 2285 4131 psalmum
2304 4058 2689 4128 exploraverit,
2710 4056 2803 4111 uni
2830 4054 3056 4109 Domino
3085 4061 3275 4108 nostro
3302 4051 3596 4107 convenire

2019 4167 2141 4225 quae
2166 4153 2223 4207 in
2255 4167 2320 4207 eo
2343 4151 2713 4214 continentur,
2738 4147 2897 4203 facile
2917 4146 3287 4206 conﬁtebitur.
3314 4143 3592 4200 Salomoni

2020 4255 2225 4310 autem,
2259 4252 2352 4299 aut
2377 4244 2469 4298 alii
2497 4242 2736 4313 cuipiam
2772 4255 2965 4297 eorum
2997 4253 3186 4311 regum
3213 4239 3307 4308 qui
3339 4244 3462 4309 post
3501 4234 3597 4290 Sa-

2019 4338 2291 4393 lomonem
2331 4333 2523 4406 paucis
2578 4334 2740 4389 annis
2782 4348 2892 4388 non
2938 4332 3172 4403 amplius
3215 4331 3310 4386 uni
3355 4329 3597 4386 Iudaica

2021 4433 2165 4500 genti
2196 4445 2307 4485 non
2342 4427 2471 4483 alibi
2515 4422 2680 4499 quam
2723 4426 2780 4482 in
2814 4440 2922 4481 una
2959 4425 3144 4481 Iudaea
3181 4433 3328 4481 terra
3360 4426 3598 4497 impera-

1944 4510 1990 4564 Β
2018 4523 2215 4588 veriut,
2238 4534 2605 4592 nequaquam.

2018 4632 2098 4687 Ab
2143 4631 2312 4688 Isaia.
2350 4662 2415 4673 ο-
2459 4630 2536 4686 De
2574 4629 2746 4690 Iesse,
2789 4640 2838 4684 et
2887 4646 2947 4683 eo
2998 4631 3089 4701 qui
3125 4645 3191 4684 es:
3237 4635 3431 4684 semine
3482 4629 3595 4698 ejus

2674 4710 2940 4755 nascetur.

2098 4830 2118 4864 ι
2152 4810 2215 4865 Ει
2240 4810 2548 4882 egredietur
2586 4809 2741 4881 virga
2786 4808 2855 4863 de
2895 4808 3079 4864 radice
3106 4806 3280 4874 Iesse,
3315 4816 3370 4864 et
3400 4806 3501 4863 llos
3529 4808 3599 4866 de

2020 4904 2208 4960 radice
2242 4904 2363 4974 ejus
2406 4902 2687 4967 ascendet,
2719 4911 2774 4958 et
2804 4904 3109 4973 requiescet
3128 4916 3292 4973 super
3321 4917 3446 4956 eum
3474 4900 3598 4973 Spi-

2022 4994 2163 5050 ritus
2185 4993 2302 5061 Dei,
2332 4994 2558 5065 spiritus
2588 4993 2870 5064 sapientias
2901 5000 2955 5049 et
2984 4992 3329 5057 "intellectus,
3366 4993 3600 5064 spiritus

2021 5084 2242 5139 consilii
2264 5093 2319 5140 et
2350 5084 2710 5149 fortitudinis,
2735 5083 2964 5153 spiritus
2993 5084 3237 5139 scientiae
3267 5094 3322 5140 et
3354 5084 3595 5156 pietatis;

2022 5177 2254 5247 replebit
2283 5193 2407 5232 eum
2459 5177 2686 5247 spiritus
2737 5179 2950 5234 timoris
2986 5175 3106 5242 Dei,
3152 5192 3262 5232 non
3294 5177 3597 5234 secundum

2020 5269 2332 5340 opinionem
2374 5270 2681 5340 judicabit,
2731 5286 2907 5340 neque
2965 5268 3267 5325 secundum
3320 5271 3596 5340 loquelam

2021 5359 2335 5432 redarguet,
2370 5360 2466 5416 sed
2496 5359 2762 5429 judicabit
2784 5360 2976 5414 humili
2997 5359 3287 5429 judicium,
3324 5366 3379 5414 et
3408 5357 3598 5413 redar-

2020 5460 2149 5529 guet
2177 5453 2412 5508 humiles
2438 5459 2618 5517 terrae,
2657 5462 2710 5507 et
2742 5451 2847 5507 erit
2881 5451 3097 5521 justitia
3125 5451 3405 5523 cingulum
3455 5451 3600 5507 lum-

2022 5546 2219 5601 borum
2249 5546 2390 5615 ejus,
2421 5553 2475 5600 et
2512 5545 2714 5600 veritas
2748 5546 3128 5602 indumentum
3157 5544 3401 5607 .laterum
3451 5544 3596 5612 ejus.

2023 5647 2076 5694 et
2106 5645 2363 5709 pascetur
2397 5636 2559 5692 simul
2590 5636 2753 5707 lupus
2780 5653 2905 5692 cum
2934 5652 3095 5707 agno,
3123 5646 3179 5693 et
3200 5637 3405 5707 pardus
3433 5635 3598 5691 simul

2025 5732 2275 5802 quiescet
2303 5745 2429 5783 cum
2464 5729 2649 5794 bcedo,
2682 5736 2737 5786 et
2764 5730 2971 5784 vitulus
2991 5739 3045 5785 et
3073 5729 3159 5785 leo
3179 5729 3340 5785 simul
3371 5743 3599 5798 pascen-

2022 5832 2132 5891 tur,
2168 5822 2333 5894 356
2366 5835 2418 5878 et
2452 5823 2556 5880 erit
2582 5823 2735 5879 radix
2776 5820 2950 5889 Iesse,
2981 5830 3035 5879 et
3078 5823 3168 5893 qui
3213 5822 3384 5892 surgit
3428 5821 3617 5890 itt:pc-_

3484 331 3589 386 553
3650 358 3655 367 ·
