4106 6420
420 334 592 416 '55:)

1162 354 1431 412 EUSEBII
1467 348 1950 409 CIESARIENSIS
1989 346 2139 403 OPP.
2186 345 2367 404 PARS
2405 350 2469 406 ll.
2496 352 3080 439 —APOLOGETICA.

3650 354 3756 413 £60

489 498 614 538 rare
647 481 931 553 gentibus,
977 479 1029 533 in
1075 495 1138 533 eo
1176 488 1362 549 gentes
1406 477 1727 549 sperabunt,
1764 483 1817 530 et
1839 473 1946 529 erit
1980 485 2063 525 re‘

2177 472 2210 541 ἡ
2239 472 2364 543 ῥίζα
2387 472 2481 527 τοῦ
2520 475 2734 541 Ἰεσσαὶ,
2770 476 2863 529 καὶ
2893 478 2922 530 ὁ
2949 475 3310 546 ἀνιστάμενος
3340 474 3529 561 ἄρχειν
3561 474 3757 539 ἐθνῶν,

488 576 645 647 quies
694 574 815 644 ejus
851 572 1110 626 honor“.
1153 592 1171 623 ι
1206 570 1306 626 Hic
1338 570 1523 638 Jesse,
1561 572 1654 643 qui
1701 572 1805 625 hoc
1845 570 1901 624 in
1947 570 2068 626 loco

488 666 783 732 indicatur,
829 673 983 735 pater
1029 664 1127 718 fuit
1172 662 1362 720 David.
1404 664 1878 732 Quemadmodum
1919 664 2067 719 enim

489 761 544 815 in
566 760 634 814 iis
666 757 968 830 prophetiis
998 773 1119 827 quae
1154 757 1326 828 ipsam
1354 757 1498 838 hanc
1531 763 1968 821 antecesserunt,
2001 756 2069 811 de

489 853 671 908 fructu
694 866 749 908 et
781 852 991 906 semine
1015 850 1185 905 David
1220 850 1539 921 proditurus
1569 850 1872 915 dicebatur,
1905 858 2068 922 atque

489 947 617 1003 item
659 947 727 1003 de
764 947 973 1002 semine
1005 944 1337 1010 Salomonis,
1362 947 1552 1002 eodem
1589 946 1752 1002 modo
1781 948 1944 1001 etiam
1978 946 2068 1001 hic

489 1039 741 1111 plurimis
770 1038 931 1096 annis
970 1046 1094 1110 post
1129 1048 1357 1095 mortem
1387 1056 1494 1094 non
1538 1040 1715 1094 solum
1749 1038 1937 1105 David,
1970 1040 2066 1097 sed

488 1132 651 1187 etiam
683 1129 1016 1195 Salomonis,
1034 1130 1101 1186 de
1132 1130 1318 1185 radice
1343 1128 1519 1194 Jesse,
1550 1129 1653 1184 hoc
1680 1138 1763 1184 est
1789 1129 1858 1185 de
1881 1129 2066 1186 radice

488 1223 657 1280 David
679 1224 997 1295 proditurus
1028 1223 1252 1294 quidam
1282 1223 1620 1295 praedicitur.
1657 1224 1908 1280 Praesens
1966 1239 2066 1279 aus

486 1326 594 1374 tem
638 1317 778 1373 ratio
812 1335 875 1373 ea
915 1317 1198 1380 dissolvet,
1241 1332 1363 1387 qua:
1399 1318 1454 1371 in
1497 1317 1878 1388 superioribus
1918 1317 2061 1388 apud

2176 566 2261 617 ἐπ’
2286 565 2435 637 αὐτῷ
2458 565 2584 637 ἔθνη
2617 567 2881 633 ὲλπιοῦσι,
2907 569 2998 621 καὶ
3018 567 3169 621 ἔσται
3201 568 3235 637 ἡ
3259 567 3565 631 ἀνάπαυσις
3589 566 3757 621 αὐτοῦ

2173 658 2332 729 τιμή.
2386 677 2404 710 ι
2461 658 2517 711 '0
2565 658 2890 731 δηλούμενος
2940 657 3172 714 ἐνταῦθα
3216 659 3412 714 Ἰεσσαὶ
3456 661 3641 733 πατὴρ
3687 656 3758 733 ἦν

2172 750 2268 803 τοῦ
2298 749 2481 806 Δαϐίδ.
2512 750 2721 824 ’Ὠσπερ
2768 747 2860 806 οὖν
2906 753 2964 805 ἐν
3010 755 3128 816 ταῖς
3158 753 3264 825 πρὸ
3304 752 3507 827 ταύτης
3541 768 3760 827 προφη-

2173 842 2343 906 τείαις
2364 844 2428 896 ὲκ
2451 843 2665 915 καρποῦ
2688 844 2781 898 καὶ
2807 845 3117 916 σπέρματος
3142 844 3306 898 dum
3330 845 3759 917 προελεύσεσθαι

2173 935 2411 1006 ἐλέγετο,
2458 938 2554 992 καὶ
2600 937 2762 992 πάλιν
2806 940 2869 991 ἐκ
2916 939 3231 1010 σπέρματος
3272 938 3617 1011 Σολομῶνος,
3660 940 3757 995 τὸν

2173 1030 2336 1091 αὐτὸν
2381 1030 2581 1102 τρόπον
2626 1030 2904 1086 κάνταῦθα
2950 1031 3224 1097 πλείστοις
3267 1032 3491 1105 ὕστερον
3532 1035 3631 1105 τῆς
3658 1030 3758 1086 τοῦ

2172 1121 2337 1176 Δαϐὶδ
2364 1123 2424 1175 οὐ
2470 1124 2659 1194 μόνον,
2686 1123 2821 1178 ἀλλά
2853 1124 2947 1178 καὶ
2978 1124 3077 1196 τῆς
3112 1123 3207 1179 τοῦ
3238 1124 3545 1196 Σολομῶνος
3572 1125 3757 1178 τελευ-

2170 1214 2272 1285 τῆς
2303 1215 2498 1277 ἔτεσιν,
2530 1218 2596 1270 ὲκ
2629 1215 2785 1287 ῥίζης
2828 1216 3053 1280 Ἰεσσαὶ,
3081 1217 3239 1288 δῆλον
3260 1217 3305 1270 δ’
3334 1219 3416 1271 ὅτι
3442 1219 3534 1273 καὶ
3563 1220 3628 1271 ἐκ
3655 1218 3757 1290 τῆς

2172 1306 2265 1360 τοῦ
2301 1307 2466 1362 Δαόὶδ
2496 1308 2919 1380 προελεύσεσθαί
2940 1327 3025 1373 τις
3058 1309 3395 1376 θεσπίζεται.
3430 1310 3597 1366 Λύσει
3627 1312 3685 1365 δὲ
3724 1315 3756 1367 ὁ

485 1408 704 1466 Judaaos
731 1408 809 1464 'de
844 1407 1138 1464 Salomone
1168 1408 1555 1472 credebantur,
1591 1423 1715 1462 cum
1741 1408 1889 1463 illius
1916 1424 2063 1462 mor-

2172 1398 2364 1472 παρὼν
2390 1399 2546 1469 λόγος
2573 1402 2672 1474 τὴν
2702 1403 2760 1455 ὲν
2788 1404 2900 1466 τοῖς
2941 1401 3176 1476 πρόσθεν
3208 1402 3571 1476 νομιζομένην
3601 1403 3755 1475 παρὰ

484 1504 555 1559 tis
589 1511 801 1573 tempus
833 1509 1068 1566 constet,
1102 1509 1155 1556 et
1184 1500 1299 1554 haec
1326 1499 1515 1555 eadem
1546 1497 1715 1556 Isaias
1736 1499 1803 1555 de
1827 1500 2063 1571 quodam

483 1596 593 1650 alio
618 1595 963 1658 vaticinetur,
993 1592 1083 1664 qui
1110 1592 1180 1647 sit
1197 1592 1265 1647 de
1291 1591 1477 1647 radice
1503 1590 1659 1649 Iesse
1680 1602 1735 1648 et
1762 1592 1830 1648 de
1855 1593 2064 1649 semine

484 1685 656 1741 David
696 1686 1033 1755 proditurus.
1066 1683 1221 1751 Quod
1257 1700 1391 1740 vero
1428 1701 1539 1740 non
1580 1685 1646 1739 ad
1690 1687 1857 1740 alium
1898 1701 2061 1756 quam

484 1778 553 1835 ad
595 1787 844 1834 nostrum
888 1776 1226 1833 Salvatorem
1266 1776 1546 1832 Christum
1598 1777 1714 1842 Dei,
1750 1778 1844 1849 qui
1877 1777 1944 1833 de
1974 1793 2063 1832 ra-

2185 1491 2460 1556 Ίουδαίοις
2517 1494 2646 1567 περὶ
2698 1493 2793 1548 τοῦ
2846 1495 3159 1567 Σολομῶνος
3219 1495 3480 1566 τελευτῆς
3532 1498 3748 1568 χρόνου.

2170 1586 2359 1640 Ταῦτα
2400 1586 2630 1653 Ἡσαΐας
2663 1588 2792 1660 περί
2833 1604 2975 1653 τινος
3007 1590 3193 1661 ἑτέρου
3225 1589 3581 1661 προφητεύει,
3625 1590 3754 1661 μέλ-

2169 1680 2353 1745 λοντος
2399 1683 2464 1735 ὲκ
2508 1681 2666 1754 ῥίζης
2721 1682 2918 1736 Ἰεσσαὶ
2967 1684 3061 1737 καὶ
3110 1686 3174 1737 ἐκ
3223 1685 3536 1756 σπέρματος
3587 1684 3753 1740 mea

2172 1775 2637 1846 ἀναφανήσεσθαι.
2675 1778 2794 1830 Ὅτι
2835 1776 2892 1829 δὲ
2939 1776 3047 1830 οὐδ’
3094 1777 3179 1845 ἐφ’
3223 1776 3410 1849 ἕτερον
3454 1778 3488 1850 ἢ
3526 1778 3616 1831 ἐπὶ
3658 1777 3754 1833 τὸν

482 1869 605 1926 dice
652 1867 819 1923 David
849 1874 904 1924 et
937 1865 1090 1922 Jesse
1128 1875 1285 1921 ortus
1329 1874 1436 1930 est,
1470 1841 1910 1922 referenda-sint
1941 1883 2063 1937 qua:

2169 1841 2433 1938 ἡμέτερον
2460 1869 2688 1941 Σωτῆρα
2709 1868 2801 1922 τὸν
2830 1868 3064 1941 Χριστὸν
3099 1841 3192 1922 τοῦ
3228 1841 3363 1923 Θεοῦ
3393 1841 3651 1940 ἀνάγεται
3681 1872 3753 1928 τά

483 1962 728 2032 proxime
751 1960 1063 2022 citavimus,
1088 1956 1464 2013 dubitaturum
1496 1958 1735 2013 arbitror
1765 1959 2060 2023 neminem,

481 2053 577 2125 qui
603 2061 657 2110 et
686 2054 1015 2123 promissum
1041 2053 1248 2108 oraculi
1277 2052 1589 2115 attenderit,
1625 2051 1771 2123 quod
1802 2052 1916 2106 ait:
1948 2070 1965 2101 ι
1996 2050 2063 2106 Ει

481 2146 586 2203 erit
623 2144 774 2201 radix
803 2144 978 2211 Jesse,
1007 2154 1061 2200 et
1088 2146 1182 2217 qui
1220 2147 1393 2217 surgit
1424 2155 1483 2200 ut
1523 2146 1751 2216 imperet
1783 2145 2059 2217 gentibus,

482 2241 539 2296 in
566 2254 632 2296 eo
669 2247 859 2311 gentes
895 2240 1214 2311 sperabunt,
1247 2259 1266 2292 ο
1303 2247 1357 2295 et
1402 2254 1584 2294 rerum
1616 2248 1809 2295 eventa
1840 2256 1962 2311 quae
1992 2241 2061 2296 de

482 2335 766 2391 Salvatore
819 2341 1010 2390 nostro
1062 2332 1532 2389 demon'strantur.
1567 2331 1730 2391 Solus
1775 2335 1922 2389 enim
1974 2334 2063 2389 bic

480 2429 575 2485 ubi
604 2444 634 2483 a
667 2434 843 2483 morte
874 2428 1136 2493 surrexit,
1169 2437 1391 2498 propter
1412 2427 1555 2498 quod
1572 2427 1735 2482 etiam
1759 2428 1910 2482 illum
1943 2444 2065 2484 sur-

480 2531 696 2594 gentem
714 2530 970 2577 vocatum
998 2535 1121 2576 esse
1150 2520 1409 2583 arbitror,
1436 2537 1546 2575 non
1576 2517 1807 2575 Judaieo
1837 2520 2061 2591 populo.

480 2612 575 2668 sed
610 2611 883 2668 universis
918 2612 1173 2682 gentibus
1203 2606 1513 2684 imperavit.
1549 2613 1685 2669 adeo
1728 2614 1973 2684 quidem,
2004 2624 2064 2669 ut

480 2719 552 2760 ne
598 2704 708 2759 ulla
750 2703 974 2775 quidem
1028 2705 1481 2776 interpretatione
1525 2705 1771 2776 indigere
1812 2706 2065 2762 vndeatur

479 2796 789 2860 oraculum,
830 2811 955 2853 cum
1006 2795 1329 2867 planissime
1378 2805 1594 2852 constet
1647 2797 1703 2851 in
1754 2797 1848 2852 illo
1903 2798 2062 2854 tinem

481 2889 761 2960 accepisse
785 2904 895 2944 una
920 2904 1044 2944 cum
1069 2888 1193 2943 aliis
1218 2889 1351 2942 illud
1373 2904 1591 2961 quoque
1622 2905 1667 2942 τι
1698 2889 1757 2945 ln
1786 2906 1852 2946 eo
1875 2900 2064 2962 gentes

480 2980 799 3051 sperabunt.
839 2998 857 3032 ι
899 2978 1031 3046 Quae
1064 2995 1194 3035 vero
1237 2989 1500 3051 tanquam
1538 2981 1605 3036 de
1645 2981 1974 3037 animalibus
2008 2987 2065 3038 et

481 3071 614 3129 feris
639 3072 1157 3137 mansuefaciendis,
1193 3080 1246 3129 et
1285 3082 1531 3145 agrestes
1561 3089 1742 3129 mores
1776 3082 1941 3145 atque
1972 3074 2064 3129 in-

2167 1958 2491 2030 δηλούμενα,
2522 1962 2586 2013 ἐκ
2619 1960 2772 2032 ῥίζης
2803 1961 3091 2032 γενόμενον
3116 1961 3281 2016 Δαϐίδ
3306 1980 3366 2015 τε
3398 1964 3492 2017 καὶ
3529 1964 3751 2028 Ἰεσσαὶ,

2167 2054 2266 2107 ούκ
2298 2042 2451 2124 οἶμαί
2475 2071 2595 2107 τινα
2622 2053 3003 2126 ἀμφιϐάλλειν,
3023 2056 3393 2126 ἐπιστήσαντα
3409 2058 3473 2128 τῇ
3501 2073 3558 2111 τε
3580 2058 3756 2127 ἐπαγ-

2166 2147 2322 2219 γελία
2367 2147 2466 2216 τῆς
2518 2148 2875 2221 προρρήσεως
2926 2147 3246 2222 φασκούσῃ·
3293 2168 3313 2201 ι
3358 2150 3468 2204 Καὶ
3514 2150 3665 2204 ἔσται
3719 2153 3750 2223 ἡ

2167 2238 2292 2311 ῥίζα
2339 2239 2432 2293 τοῦ
2474 2240 2688 2304 Ἰεσσαὶ,
2733 2241 2829 2294 καὶ
2861 2243 2889 2295 ὁ
2930 2240 3287 2310 ἀνιστάμενος
3332 2242 3522 2314 ἄρχειν
3554 2243 3747 2307 ἐθνῶν,

2165 2332 2252 2385 ἐπ’
2286 2321 2434 2404 αύτῷ
2462 2332 2589 2406 ἔθνη
2625 2333 2869 2387 ἐλπιοῦσι
2889 2374 2903 2398 ,
2940 2354 2958 2388 ›
2991 2337 3221 2400 καὶτοῖς
3254 2335 3348 2388 ἐπὶ
3371 2334 3465 2389 τοῦ
3499 2336 3751 2407 Σοπῆρος

2164 2422 2322 2492 ἡμῶν
2360 2421 2729 2494 δεικνυμένοις
2766 2423 3188 2497 άποτελέσμασι.
3233 2425 3409 2490 Μόνος
3436 2424 3566 2495 γοῦν
3592 2419 3751 2491 οὗτος

2168 2514 2307 2586 μετὰ
2355 2515 2454 2587 τὴν
2486 2517 2552 2570 ὲκ
2600 2516 2809 2589 νεκρῶν
2844 2518 3171 2584 ἀνάστασιν,
3221 2518 3288 2573 δι’
3336 2518 3402 2590 ἢν
3453 2519 3548 2574 καὶ
3594 2517 3750 2592 οἶμαι

2165 2606 2326 2660 αὑτὸν
2374 2609 2726 2680 ἀνιστάμενον
2776 2610 3200 2683 ἐπικεκλῆσθαι,
3237 2613 3299 2666 οὐ
3349 2612 3442 2666 τοῦ
3482 2613 3751 2668 Ἰουδαίων

2164 2697 2315 2767 λαοῦ,
2341 2701 2478 2756 ἀλλά
2513 2701 2622 2756 τῶν
2654 2701 2824 2758 ὲθνῶν
2852 2704 3110 2759 ἁπάντων
3149 2700 3336 2777 ἧρξεν,
3362 2707 3438 2772 ὠς
3464 2707 3538 2779 μὴ
3567 2707 3750 2777 δεδεῆ-

2168 2794 2290 2848 σθαι
2321 2794 2383 2849 τὸ
2429 2795 2606 2865 λόγιον
2652 2797 2946 2868 ἑρμηνείας
2971 2838 2985 2863 ,
3039 2797 3227 2868 σαφῶς
3277 2798 3541 2870 προδήλου
3588 2799 3751 2854 καθε-

2168 2887 2399 2951 στῶτος,
2455 2890 2602 2953 ὅπως
2652 2892 2732 2955 εἰς
2788 2891 2950 2945 αὐτὸν
3003 2890 3154 2955 τέλος
3205 2892 3395 2964 εἴληφε
3447 2891 3583 2965 μετὰ
3635 2894 3748 2948 τῶν

2166 2979 2340 3034 ἄλλων
2361 2982 2555 3048 καὶτὸ,
2586 3001 2604 3033 ι
2647 2984 2763 3036 Ἐπ’
2786 2984 2933 3055 αὐτῷ
2961 2984 3088 3057 ἔθνη
3112 2986 3410 3042 ἐλπιοῦσιν.
3444 3005 3463 3039 ι
3494 2987 3574 3041 Τά
3599 2986 3643 3041 δ’
3667 2988 3749 3054 ὡς

2168 3072 2296 3146 περὶ
2345 3072 2499 3139 ζώων
2546 3075 2641 3129 καὶ
2687 3075 2891 3147 θηρίων
2937 3077 3328 3150 ἡμερουμὲνων
3375 3079 3435 3134 ἐν
3482 3078 3749 3153 ἐπιδημίᾳ

479 3165 716 3223 domitos
747 3165 1103 3236 deposituris,
1135 3167 1190 3221 in
1217 3166 1338 3236 ejus
1371 3166 1608 3221 adventu
1640 3166 1708 3222 de
1742 3166 2063 3238 qundoqui-

2167 3163 2435 3237 λεγόμενα
2478 3166 2814 3242 ἀλληγοροῖτ’
2845 3170 2912 3226 ἂν
2959 3170 3051 3224 ἐπὶ
3096 3171 3333 3244 τρόπους
3374 3172 3603 3243 ἀπηνεῖς
3649 3173 3747 3227 καὶ

481 3265 573 3313 tur
601 3258 906 3329 prophetia,
931 3256 1208 3322 dicuntur,
1230 3274 1324 3328 per
1344 3258 1568 3329 ﬁguram
1591 3258 1782 3315 referri
1808 3266 2063 3331 poterunt

2167 3256 2409 3330 ἀγρίους,
2442 3262 2535 3312 καὶ
2568 3258 2672 3333 ἡθη
2717 3261 2927 3335 ἀνδρῶν
2958 3261 3221 3335 θηριώδη,
3248 3261 3338 3317 διὰ
3364 3263 3463 3335 τῆς
3482 3262 3577 3318 τοῦ
3607 3265 3746 3336 Χρι-

481 3348 550 3404 ad
580 3365 763 3406 mores
788 3350 1029 3406 immites
1072 3358 1235 3422 atque
1265 3361 1532 3423 agrestes,
1568 3361 1623 3408 et
1655 3353 1724 3408 ad
1757 3356 1937 3410 victus
1964 3354 2063 3409 ho—

2167 3348 2293 3402 στοῦ
2326 3349 2675 3416 διδασκαλίας
2707 3352 2805 3425 τῆς
2837 3353 3061 3422 ἀλογίας
3104 3356 3197 3409 καὶ
3243 3354 3533 3426 θηριωδίας
3580 3372 3747 3427 μετα-

480 3443 690 3499 minum
724 3442 889 3508 feros,
924 3444 1016 3514 qui
1063 3459 1159 3514 per
1189 3443 1394 3499 Christi
1428 3444 1761 3509 doctrinam,
1809 3445 2063 3500 immani-

2167 3443 2459 3516 θησόμενα.
2505 3445 2880 3517 Ἀλληγοροῖτο
2925 3446 2970 3499 δ’
3009 3446 3076 3500 ἂν
3114 3445 3289 3502 ταῦτα
3338 3448 3524 3518 σαφῶς
3551 3448 3744 3514 οὕτως,

478 3542 648 3589 tatem
701 3534 938 3606 priorem
987 3548 1052 3589 ac
1090 3532 1363 3591 feritatem
1387 3536 1708 3607 abjecerint.
1737 3535 2064 3593 Planissime

480 3635 661 3683 autem
706 3629 902 3684 horum
948 3629 1212 3702 ﬁguratus
1262 3644 1459 3687 sensus
1508 3630 1805 3701 aperietur,
1858 3630 1906 3687 si
1934 3630 2062 3702 quis

477 3720 716 3777 radicem
743 3720 918 3788 Jesse,
954 3739 1076 3796 qua:
1106 3723 1162 3779 in
1192 3723 1474 3794 prophetia
1507 3724 1840 3787 continetur,
1871 3731 1926 3779 et
1951 3723 2064 3779 vir-

476 3828 622 3885 gam,
647 3823 700 3870 et
724 3813 910 3870 liorem
946 3815 1012 3871 ad
1044 3832 1266 3873 sensum
1297 3824 1624 3874 convertens
1648 3819 2057 3889 interpretetur,

474 3915 822 3978 exponatque
868 3924 975 3979 qua
1014 3910 1229 3964 ratione
1271 3910 1609 3981 intelligatur
1641 3910 1856 3981 justitia
1888 3912 2061 3966 latera

476 4000 739 4064 cinxisse,
785 4007 840 4055 et
873 4000 1102 4055 veritate
1151 4000 1367 4057 lumbos
1402 4000 1668 4056 induisse.
1722 3999 1877 4055 Sicut
1912 4000 2058 4055 enim

478 4093 593 4147 haec
617 4108 727 4148 non
757 4092 914 4146 aliter
946 4108 1239 4163 possumus
1266 4107 1429 4164 quam
1456 4109 1551 4163 per
1574 4094 1860 4165 ﬁguratam
1891 4108 2059 4164 expo-

476 4185 733 4239 sitionem
778 4184 1151 4255 interpretari,
1184 4184 1259 4239 ita
1308 4188 1579 4259 sequitur,
1625 4196 1685 4240 ut
1729 4200 1794 4239 ea
1837 4200 2055 4256 quoque

477 4278 725 4347 accipere
747 4285 1017 4349 oporteat,
1049 4294 1170 4350 qua:
1195 4280 1362 4336 variis
1380 4281 1435 4333 in
1465 4279 1600 4335 locis
1616 4278 1720 4334 sub
1736 4278 2054 4334 animalium

475 4371 791 4426 nominibus
822 4370 1197 4441 proferuntur.

475 4504 637 4577 357
673 4505 750 4559 Ab
772 4505 1029 4577 Ieremia.
1056 4532 1127 4546 ιη-
1166 4506 1330 4577 Ortus
1357 4506 1539 4576 justus
1562 4522 1627 4560 ea:
1647 4507 1843 4561 semine
1883 4506 2054 4562 David

546 4553 852 4646 :x'aurgens,
880 4584 929 4630 et
951 4575 1218 4630 hominum
1250 4553 1389 4632 idem
1430 4592 1542 4639 rex,
1584 4594 1817 4644 novaque
1855 4580 2055 4631 consti-
2088 4553 2132 4607 θ

546 4647 740 4701 tuenda
763 4646 1047 4721 appellatio
1066 4648 1153 4709 iis,
1170 4649 1260 4717 qui
1289 4646 1386 4700 sub
1410 4664 1469 4702 eo
1494 4647 1804 4721 regnabant,
1829 4649 2055 4721 itemun

848 4718 1084 4787 priorum
1112 4727 1441 4786 peccatorum
1466 4719 1682 4774 solutio.

548 4917 568 4948 ι
600 4896 742 4952 Ecce
769 4896 887 4952 dies
929 4898 1176 4961 veniunt,
1202 4898 1337 4953 dicit
1358 4897 1648 4963 Dominus,
1683 4904 1738 4954 et
1772 4899 2053 4954 suscitabo

471 4990 577 5060 ipsi
616 4989 787 5046 David
811 4998 991 5046 ortum
1018 4990 1253 5062 justum,
1282 4998 1336 5046 et
1375 4992 1627 5063 regnabit
1669 5007 1788 5056 rex,
1811 5000 1865 5047 et
1895 4992 2055 5047 intel-

471 5085 623 5155 liget.
674 5095 728 5141 et
775 5086 938 5143 faciet
963 5086 1252 5157 judicium,
1300 5094 1355 5142 et
1388 5086 1663 5156 justitiam
1704 5086 1758 5141 in
1791 5095 1960 5149 terra.
2000 5087 2056 5141 in

473 5179 668 5234 diebus
713 5180 833 5249 ejus
889 5180 1198 5235 servabitur
1237 5177 1430 5243 ludas,
1460 5187 1516 5235 et
1565 5179 1735 5235 Israel
1791 5179 2056 5234 habitabit

475 5269 778 5334 conlidens,
811 5278 866 5326 et
903 5271 1008 5326 hoc
1032 5283 1230 5326 nomen
1261 5285 1371 5341 quo
1402 5270 1619 5325 vocabit
1644 5271 1847 5341 ipsum,
1880 5271 2058 5325 Domi-

467 5368 597 5428 tius,
664 5360 971 5418 Josedecim
1017 5365 1160 5418 inter
1210 5363 1508 5435 prophetas
1537 5364 1603 5419 ¹¹.
1670 5361 1728 5417 In
1784 5362 1873 5418 die
1937 5362 2052 5428 illa,

472 5456 610 5513 dixit
641 5455 925 5522 Dominus,
950 5466 1231 5514 conteram
1257 5456 1451 5527 jugum
1486 5456 1554 5513 de
1585 5456 1729 5512 collo
1756 5471 1971 5521 eorum.
2003 5464 2058 5512 et

470 5551 691 5609 vincula
715 5565 905 5608 eorum
927 5548 1194 5622 frangam,
1216 5557 1272 5604 et
1291 5564 1401 5603 non
1427 5548 1799 5620 operabuntur
1822 5549 2059 5620 amplius

472 5644 581 5703 diis
608 5643 823 5714 alienis,
853 5642 950 5700 sed
979 5643 1354 5715 operabuntur
1383 5641 1616 5699 Domino
1648 5641 1756 5699 Deo
1789 5643 2056 5716 ipsorum,

503 5842 509 5849 -
544 5827 589 5871 at
616 5828 719 5886 lca.
757 5845 832 5900 ιι,
864 5828 950 5885 10.
1033 5830 1075 5863 η
1104 5826 1196 5885 Jer
1251 5844 1385 5883 nm
1409 5871 1423 5898 ,
1463 5828 1518 5896 5,
1538 5828 1591 5883 6.

2161 3534 2227 3588 ἂν
2280 3535 2373 3588 καὶ
2416 3536 2516 3608 τὴν
2558 3535 2893 3608 δηλουμένην
2935 3536 3023 3591 διὰ
3069 3538 3167 3610 τῆς
3217 3540 3551 3612 προφητείας
3590 3539 3749 3610 ῥίζαν

2173 3626 2393 3690 Ἰεσσαὶ,
2446 3628 2539 3681 καὶ
2584 3628 2683 3699 τὴν
2726 3627 2942 3699 ῥάϐδον,
2980 3629 3075 3683 καὶ
3111 3630 3170 3683 τὸ
3202 3629 3362 3696 ἄνθος
3400 3630 3747 3704 τροπολογῶν

2158 3732 2243 3780 τις
2273 3716 2351 3771 ἑτι
2397 3718 2752 3790 ἑρμηνεύσειε
2781 3720 2876 3773 καὶ
2902 3720 2977 3785 ὡς
3008 3720 3073 3775 ἂν
3100 3722 3407 3794 ἐπινοηθείη
3433 3721 3746 3797 δικαιοσύνῃ

2163 3808 2263 3879 μὲν
2290 3807 2389 3872 τὰς
2420 3808 2658 3881 πλευρὰς
2692 3807 3050 3881 ζωννύμενος,
3087 3811 3315 3883 ἀληθείᾳ.
3354 3810 3410 3865 δὲ
3440 3811 3541 3882 τὴν
3572 3811 3743 3879 ὀσφὺν

2160 3896 2463 3971 εἱλημένος.
2501 3899 2587 3963 Ὣς
2632 3900 2743 3973 γὰρ
2790 3900 2850 3953 ού
2890 3901 3113 3955 δυνατὸν
3154 3901 3356 3974 ἑτέρως
3382 3899 3559 3957 ταῦτα
3590 3902 3625 3974 ἢ
3653 3900 3744 3956 διὰ

2164 3991 2330 4062 μόνης
2353 3991 2718 4065 άλληγορικὴς
2754 3992 3063 4057 ἀποδόσεως
3088 3993 3432 4065 ἑρμηνεύειν,
3465 3994 3555 4048 τὸν
3581 3993 3741 4048 αὑτὸν

2158 4084 2359 4154 τρόπον
2404 4084 2716 4139 ἕπεταικαὶ
2758 4083 2828 4139 τά
2876 4086 3003 4158 περὶ
3048 4085 3156 4139 τῶν
3187 4085 3328 4140 κατὰ
3374 4087 3498 4150 τοὺς
3544 4086 3743 4149 τόπους

2159 4175 2574 4249 ὀνομαζομένων
2603 4175 2756 4253 ζῴων
2782 4176 2978 4248 χρῆναι
3003 4177 3113 4231 δεῖν
3145 4175 3528 4249 ἐκλαμϐάνειν.

2174 4505 2307 4561 Ἀπὸ
2338 4503 2445 4559 τοῦ
2487 4504 2779 4573 Ἰερεμίου.
2815 4532 2887 4544 -—
2922 4504 3203 4572 Ἀνατολὴ
3228 4504 3427 4557 δικαία
3456 4505 3525 4558 ἐκ
3554 4503 3742 4572 σπέρο

2226 4594 2414 4646 ματος
2440 4574 2617 4629 Δαόὶδ
2644 4576 3015 4644 ἀνισταμένη
3036 4616 3049 4639 ,
3089 4575 3188 4629 καί
3222 4574 3548 4643 ἀνθρώπων
3576 4580 3609 4631 d
3634 4578 3746 4646 αὺ-

2231 4645 2336 4714 rec
2351 4646 2669 4712 βασιλεὺς,
2684 4646 2869 4716 ᾲκαινή
2891 4662 2955 4700 τε
2976 4647 3343 4716 προσηγορία
3368 4645 3741 4716 τεθησομένη

2232 4717 2355 4784 τοῖς
2400 4717 2501 4772 ὑπ’
2553 4714 2713 4781 αὐτῷ
2755 4714 3385 4785 ,βασιλευίθηονομένοις
3408 4758 3422 4782 ,
3470 4716 3569 4769 καί
3622 4714 3743 4770 τῶν

2233 4788 2535 4858 προτέρων
2566 4786 3000 4857 ἁμαρτημάτων
3032 4789 3237 4853 λύσις.

2236 4924 2256 4956 ι
2295 4903 2427 4958 Ἰδοὺ
2461 4904 2668 4975 ἡμέραι
2712 4902 2983 4975 ἔρχονται,
3025 4901 3174 4971 λέγει
3208 4901 3431 4971 Κύριος,
3468 4901 3563 4955 καὶ
3609 4902 3743 4954 ἀνα-

2164 4997 2346 5068 στήσω
2384 4995 2464 5068 τῷ
2503 4995 2668 5050 Δαὸὶδ
2711 4994 2976 5065 ἀνατολὴν
3017 4992 3251 5061 δικαίαν,
3294 4993 3390 5046 καὶ
3435 4991 3742 5064 βασιλεύσει

2164 5089 2436 5161 βασιλεὺς,
2466 5091 2561 5143 καὶ
2585 5095 2822 5161 συνησςι,
2848 5088 2945 5142 καὶ
2976 5087 3190 5159 ποιήσει
3215 5087 3389 5159 κρῖμα
3418 5086 3512 5139 καὶ
3537 5083 3746 5139 δικαιο-

2164 5182 2330 5255 σύνην
2363 5182 2456 5236 ἐπὶ
2478 5182 2578 5253 τῆς
2605 5180 2727 5251 γῆς.
2766 5180 2856 5233 Ἐν
2886 5180 3007 5242 ταῖς
3038 5178 3275 5249 ἡμέραις
3308 5175 3473 5231 αὐτοῦ
3503 5174 3746 5247 σωθήσε-

2161 5293 2249 5331 ται
2298 5276 2528 5340 Ἰούδας,
2574 5274 2667 5329 καὶ
2721 5272 2933 5345 Ἰσραὴλ
2975 5269 3391 5343 κατασκηνώσει
3423 5267 3744 5337 πεποιθὼς,

2163 5370 2257 5424 καὶ
2283 5370 2439 5426 τοῦτο
2476 5369 2538 5423 τὸ
2581 5367 2750 5437 ὖνομα
2774 5359 2819 5434 ᾧ
2848 5364 3066 5418 καλέσει
3100 5363 3263 5418 αὑτὸν
3290 5362 3527 5434 Κύριος,
3565 5362 3749 5416 Ἰωσε-

2160 5462 2354 5533 δεκεὶμ
2384 5464 2444 5515 ὲν
2473 5462 2585 5524 τοῖς
2610 5457 2936 5530 προφήταις.
2974 5456 3063 5510 Ἐν
3083 5457 3149 5526 τῇ
3185 5455 3366 5526 ἡμέρᾳ
3392 5453 3597 5527 ἐκείνῃ,
3618 5447 3741 5506 εἷπε

2162 5556 2367 5628 Κύριος
2389 5596 2405 5620 ,
2438 5550 2711 5625 συντρίψω
2752 5549 2845 5604 τὸν
2878 5547 3041 5617 ζυγὸν
3085 5547 3193 5603 ἀπὸ
3221 5544 3492 5619 τραχήλου
3526 5543 3741 5608 αὐτῶν,

2163 5651 2257 5705 καὶ
2287 5650 2413 5713 τοὺς
2437 5646 2670 5719 δεσμοὺς
2695 5642 2874 5700 αὐτῶν
2903 5641 3197 5714 διαρῥὴξω,
3221 5641 3314 5694 καὶ
3339 5639 3440 5693 οὐκ
3469 5639 3742 5710 ἑργῶνται
