4110 6410
309 398 406 455 361

1163 394 1814 452 DEMONSTRATIONIS
1851 391 2305 449 EVANGELICAZ
2337 390 2466 449 LIB.
2513 390 2620 445 VII.

3470 387 3576 445 56'!

311 519 392 573 ἔτι
421 517 568 582 θεοῖς
597 518 837 590 ἑτέροις,
865 518 998 572 ἀλλά
1026 517 1295 588 ἐργῶνται
1325 519 1518 591 Κυρίῳ
1551 519 1630 591 τῷ
1652 518 1772 589 Θεῷ
1799 518 1888 570 αύ-

1996 525 2048 569 et
2081 530 2262 587 regem
2289 513 2457 568 David
2492 511 2774 568 suscitabo
2806 508 2887 566 eis
2915 510 2977 565 ".
3020 529 3039 562 ι
3066 508 3252 581 Longo
3282 509 3575 566 admodum

308 610 456 674 τῶν,
509 609 606 664 καὶ
653 610 742 662 τὸν
774 610 938 664 Δαὸὶδ
986 609 1211 680 βασιλέα
1245 609 1422 664 αὐτῶν
1459 611 1748 681 ἀναστήσω
1792 610 1894 662 αύ-

307 702 443 765 τοίς.
473 721 494 753 ι
527 701 683 756 Μετά
717 701 966 755 πλεῖστον
993 703 1093 773 τῆς
1115 703 1372 774 τελευτῆς
1406 702 1502 756 τοῦ
1531 702 1696 756 Δαϐὶδ
1717 742 1732 764 ,
1761 701 1897 755 ἀλλά

311 793 407 848 καὶ
432 792 529 848 τοῦ
555 794 868 864 Σολομῶνος
893 795 1104 865 χρόνον,
1128 795 1303 850 ταῦτα
1332 795 1427 848 καὶ
1467 793 1733 868 Ἱερεμίας
1766 794 1894 864 περὶ

309 885 405 939 τοῦ
435 885 724 956 μέλλοντος
752 887 816 939 ἐκ
849 887 1162 959 σπέρματος
1188 887 1589 959 ἀναστήσεσθαι
1615 887 1780 942 Δαὸὶδ
1801 886 1896 958 βα-

311 979 506 1042 σιλέως
537 978 822 1043 θεσπίζει·
845 980 905 1032 ὃν
940 981 1155 1052 πρῶτον
1185 981 1282 1052 μὲν
1309 981 1570 1052 ἀνατολὴν
1593 981 1765 1044 καλεῖ,
1802 981 1895 1035 καὶ

307 1072 408 1142 οὐχ
437 1071 648 1135 ἀπλῶς,
673 1071 809 1124 ἀλλά
835 1071 1070 1136 δικαίαν,
1095 1072 1171 1135 ὡς
1196 1072 1261 1126 ἂν
1285 1071 1344 1136 ἐξ
1372 1071 1523 1143 ἡλίου
1546 1071 1894 1143 δικαιοσύνης

310 1165 733 1235 συστησόμενον,
777 1166 904 1237 περὶ
937 1158 997 1218 οὗ
1027 1165 1376 1237 διειλήφαμεν
1400 1168 1458 1219 ἐν
1485 1168 1605 1229 ταῖς
1640 1166 1768 1238 περὶ
1798 1165 1892 1218 τοῦ

306 1254 561 1325 δευτέρου
583 1257 757 1310 αἰτίου
787 1256 1146 1323 ἀποδείξεσιν,
1195 1259 1252 1310 ἐν
1284 1255 1371 1321 αἷς
1399 1258 1490 1311 τὸν
1521 1259 1756 1328 προόντα
1799 1257 1892 1310 τοῦ

307 1346 444 1401 Θεοῦ
479 1348 685 1417 Λόγον,
740 1349 960 1421 μυρίαις
1006 1350 1346 1421 κεχρημένον
1394 1350 1762 1418 ἐπωνυμίαις,
1799 1350 1894 1403 καὶ

303 1437 460 1507 ἣλιον
506 1437 854 1510 δικαιοσύνης
896 1439 1260 1511 ὀνομάζεσθαι
1318 1441 1747 1511 ἀπεδείκνυμεν,
1795 1440 1894 1512 τὴν

306 1529 628 1597 φάσκουσαν
668 1531 1041 1601 προφητείαν,
1095 1549 1113 1582 ι
1145 1531 1271 1595 Τοῖς
1314 1532 1370 1586 δέ
1421 1533 1775 1603 φοϐουμένοις
1825 1549 1891 1603 με

303 1619 562 1674 ἀνατελεῖ
588 1621 736 1691 ἥλιος
771 1621 1146 1695 δικαιοσύνης,
1191 1647 1210 1676 ι
1259 1624 1648 1696 παραθέμενοι.
1682 1628 1890 1699 Ὥσπερ

301 1705 399 1765 οὖν
431 1711 584 1780 ἥλιον
619 1712 998 1784 δικαιοσύνης,
1035 1714 1178 1768 οὕτω
1211 1715 1304 1768 καὶ
1337 1716 1600 1787 ἀνατολὴν
1623 1718 1838 1772 δικαίαν
1864 1721 1892 1771 ὁ

301 1803 465 1871 λόγος
491 1805 588 1856 ἐπὶ
613 1803 706 1858 τοῦ
741 1805 1007 1876 παρόντος
1035 1808 1366 1877 ἀναστήσειν
1390 1808 1466 1880 τῷ
1491 1809 1656 1862 Δαδὶδ
1681 1827 1891 1881 προφη-

300 1893 478 1948 τεύει.
518 1894 622 1948 Τὸν
662 1895 824 1950 αὐτὸν
863 1895 919 1948 δέ
961 1896 1148 1951 τοῦτον
1191 1897 1416 1969 βασιλέα
1464 1900 1745 1965 συνιέντα,
1796 1902 1892 1954 κα)⁵

303 1988 567 2042 ποιοῦντα
599 1990 772 2060 κρῖμα
819 1991 910 2042 καὶ
949 1989 1296 2062 δικαιοσύνην
1343 1991 1434 2044 ἐπὶ
1485 1991 1585 2062 τῆς
1622 1993 1726 2064 γῆς
1760 2013 1892 2067 προ-

301 2080 585 2152 ἀγορεύει.
617 2077 749 2134 Εἶτα
797 2081 890 2135 καὶ
927 2082 1235 2154 ὁμωνύμως
1275 2083 1368 2137 τὸν
1419 2085 1580 2138 αὐτὸν
1624 2087 1780 2140 καλεί
1813 2088 1893 2159 τῷ

303 2174 478 2227 πάλαι
523 2174 790 2245 πρότερον
836 2175 1248 2246 τετελευτηκότι
1277 2177 1460 2230 Δαϐίδ.
1509 2179 1752 2250 Πρὸσχες
1782 2181 1892 2254 γάρ

298 2264 586 2335 ἐπιμελῶς
611 2265 688 2337 τῷ
719 2267 978 2338 ἀνωτέρω
1014 2268 1141 2339 μὲν,
1180 2288 1198 2319 ι
1229 2270 1340 2324 Καὶ
1373 2270 1660 2343 ἀναστήσω
1680 2273 1756 2344 τῷ
1783 2275 1892 2327 Δα-

298 2357 390 2410 ϐὶδ
411 2355 676 2428 ἀνατολὴν
698 2355 936 2421 δικαίαν,
963 2375 981 2407 ι
1008 2357 1102 2410 ἐπὶ
1124 2358 1267 2410 τέλει
1299 2358 1356 2411 δὲ
1385 2359 1766 2432 ἐπιφερομένῳ
1790 2361 1888 2431 τῷ,

305 2467 326 2499 α
375 2449 490 2502 Καὶ
531 2447 624 2501 τὸν
656 2447 820 2501 Δαὸὶδ
867 2446 1092 2517 βασιλέα
1133 2447 1299 2502 αὑτοῦ
1341 2450 1631 2520 ἀναστήσω
1663 2451 1830 2523 αύτῷ.
1865 2472 1884 2503 ι

299 2540 424 2594 Τίνι
453 2539 512 2593 δὲ
539 2538 689 2610 αὐτῷ
711 2538 745 2609 ἢ
766 2537 846 2609 τῷ
875 2537 1067 2604 Δα6ίδ;
1088 2540 1265 2610 τούτῳ
1291 2539 1400 2612 γάρ
1423 2541 1624 2611 ἔφησεν
1652 2543 1890 2614 ἀναστή-

299 2647 420 2686 σειν
460 2629 560 2701 τὴν
591 2629 856 2699 ἀνατολὴν
901 2628 1000 2700 τὴν
1033 2629 1268 2682 δικαίαν.
1307 2631 1418 2684 Καὶ
1461 2631 1491 2684 ὁ
1535 2633 1806 2703 Ζαχαρίας
1832 2633 1890 2687 δὲ

297 2725 434 2798 περὶ
462 2725 559 2779 τοῦ
593 2723 758 2778 αὐτοῦ
791 2722 1150 2795 προφητεύων
1187 2723 1390 2794 ὁμοίως
1435 2725 1701 2796 ἀνατολὴν
1729 2726 1890 2780 αὑτὸν

296 2820 477 2880 καλεῖ,
503 2817 677 2886 λέγων
697 2833 710 2846 ·
741 2835 760 2868 ι
801 2816 932 2869 Ἰδοὺ
963 2815 1121 2886 ἀνὴρ,
1152 2816 1387 2887 ἀνατολὴ
1413 2816 1582 2888 ὄνομα
1606 2818 1776 2890 αύτῷ,
1795 2820 1890 2872 καλ⁸

296 2908 657 2964 ὑποκάτωθεν
702 2906 867 2962 αὑτοῦ
909 2909 1158 2962 ἀνατελεῖ
1199 2909 1514 2980 δικαιοσύνη
1539 2928 1551 2940 ⁸
1595 2930 1614 2962 ι
1649 2913 1744 2965 καὶ
1783 2913 1889 2965 πά-

294 3007 383 3059 λιν
403 3021 420 3035 ο
475 3024 493 3056 ‹
520 3003 753 3059 Καλέσω
783 3001 874 3055 τὸν
901 3002 1086 3056 δοῦλόν
1118 3019 1219 3074 μου
1247 3004 1530 3076 ἀνατολήν.
1565 3025 1582 3057 ι
1630 3005 1767 3058 Ἀλλ’
1798 3009 1889 3060 ού-

294 3096 410 3160 δείς
437 3113 502 3164 γε
535 3095 672 3166 μετά
697 3095 825 3157 τοὺς
864 3091 1128 3164 Ἱερεμίου
1158 3095 1386 3165 χρόνους
1408 3137 1422 3160 ,
1455 3097 1572 3150 ἀλλ’
1601 3097 1721 3150 οὐδὲ
1752 3099 1889 3168 μετὰ

2002 618 2246 679 tempore
2288 615 2412 678 post
2448 614 2677 661 mortem
2709 620 2818 661 non
2855 605 3031 660 solum
3065 602 3252 671 David,
3285 603 3378 660 sed
3410 605 3575 658 etiam

1998 699 2327 762 Salomonis,
2353 698 2467 752 hac
2493 695 2759 752 Jeremias
2788 694 2856 750 de
2885 709 2950 749 eo
2979 709 3124 766 rege,
3153 693 3246 764 qui
3270 693 3337 748 de
3369 693 3576 749 semine

1997 793 2166 848 David
2197 798 2344 848 esset
2369 791 2632 853 oriturus,
2665 787 2874 846 divinat
2905 805 2918 842 :
2949 801 3110 856 quem
3146 786 3322 855 primo
3353 785 3574 855 quidem

1995 892 2177 940 ortum
2208 890 2390 947 vocat,
2437 897 2614 952 neque
2662 879 2989 950 simpliciter
3028 887 3232 943 ortum,
3264 877 3359 933 sed
3391 887 3569 931 ortum

1991 980 2228 1050 justum,
2260 987 2519 1047 tanquam
2551 990 2673 1030 eum
2712 974 2804 1044 qui
2830 989 2896 1028 ex
2935 973 3049 1028 sole
3072 972 3302 1042 justitiae
3339 972 3410 1026 sit
3440 985 3573 1024 con-

1997 1071 2340 1131 stituendus,
2373 1068 2442 1122 de
2471 1081 2580 1137 quo
2620 1080 2753 1120 sane
2795 1064 3156 1120 disseruimus
3201 1065 3255 1117 in
3287 1061 3354 1118 iis
3388 1102 3401 1125 ,
3452 1076 3575 1132 quas

1997 1172 2156 1218 antea
2193 1162 2261 1217 de
2294 1161 2404 1215 Deo
2444 1158 2626 1214 Verbo
2673 1155 3209 1219 demonstravimus,
3265 1155 3318 1209 in
3371 1154 3573 1225 quibus

1996 1256 2089 1312 Dei
2124 1255 2383 1318 Verbum,
2415 1255 2560 1324 quod
2593 1263 2752 1309 antea
2794 1258 2911 1306 erat
2951 1247 3443 1304 innumerabilibus
3473 1261 3572 1316 ap-

1996 1351 2252 1419 pellatum
2282 1348 2618 1411 nominibus,
2650 1346 2813 1400 etiam
2839 1343 3065 1414 justitia:
3099 1341 3269 1396 solem
3301 1339 3570 1394 nominari

1995 1442 2217 1512 planum
2249 1440 2500 1504 fecimus,
2531 1440 2621 1494 ubi
2653 1436 2990 1509 prophetiam
3039 1450 3161 1505 quae
3191 1435 3261 1488 ita
3297 1433 3370 1486 ait
3398 1452 3411 1487 :
3445 1451 3464 1483 ι
3499 1431 3573 1488 lis

1995 1541 2174 1588 autem
2197 1534 2290 1603 qui
2315 1549 2401 1587 me
2432 1533 2648 1598 timent,
2679 1531 2885 1586 orietur
2914 1529 2996 1584 sol
3030 1527 3258 1598 justitia:
3289 1525 3355 1591 ιδ,
3391 1545 3410 1576 ι
3445 1525 3576 1579 cita-

1993 1626 2192 1679 vimus.
2233 1624 2387 1678 Sicut
2426 1639 2554 1694 ergo
2589 1623 2758 1679 solem
2803 1621 3050 1692 iustitiae,
3090 1620 3160 1673 ita
3199 1619 3360 1673 etiam
3391 1626 3571 1672 ortum

1988 1717 2198 1787 justum
2231 1732 2472 1787 praesens
2518 1715 2802 1770 oraculum
2849 1725 3224 1771 surrecturum
3271 1713 3372 1783 ipsi
3403 1713 3570 1768 David

1995 1811 2342 1866 vaticinatur.
2384 1809 2557 1864 Porro
2590 1807 2841 1864 eumdem
2876 1823 3055 1878 regem
3101 1807 3484 1878 intelligentem
3520 1814 3573 1862 et

1926 1875 1964 1928 Β
1997 1904 2282 1959 facientem
2325 1902 2596 1973 judicium
2631 1910 2687 1956 et
2714 1875 2987 1971 justitiam
3031 1901 3086 1954 in
3118 1875 3572 1970 terra'appellat.

1994 1995 2199 2052 Deinde
2244 1995 2496 2052 eumdem
2538 2003 2697 2050 vocat
2736 2010 2848 2050 uno
2886 2000 2940 2049 et
2972 1993 3162 2048 eodem
3195 1993 3416 2047 nomine
3446 2007 3570 2044 eum

1991 2105 2076 2154 eo,
2108 2089 2201 2160 qui
2249 2088 2424 2143 multo
2466 2095 2592 2143 ante
2621 2087 2878 2152 decessit,
2922 2085 3109 2140 David.
3148 2085 3381 2140 Attende
3423 2085 3568 2139 enim

1991 2184 2281 2255 diligenter
2329 2199 2454 2237 cum
2499 2181 2633 2236 illud
2665 2183 2918 2253 superius
2953 2201 2964 2236 :
2999 2198 3019 2232 ι
3060 2179 3125 2233 Et
3155 2179 3432 2235 suscitabo
3466 2179 3571 2248 ipsi

1992 2277 2160 2332 David
2197 2286 2377 2332 ortum
2426 2276 2659 2347 justum,
2711 2296 2730 2328 ι
2767 2285 2880 2330 tum
2923 2273 3056 2329 illud
3092 2272 3235 2344 quod
3288 2272 3354 2326 ad
3387 2281 3569 2327 extre—

1991 2388 2138 2426 mum
2170 2371 2416 2426 additum
2438 2378 2524 2427 est
2556 2391 2569 2426 :
2604 2388 2623 2422 ι
2655 2369 2720 2424 Et
2751 2368 2921 2423 David
2958 2382 3136 2438 regem
3183 2381 3341 2421 suum
3394 2380 3574 2420 suscr-

1993 2467 2118 2518 tabo
2141 2464 2227 2520 ei.
2263 2483 2282 2517 ι
2331 2464 2429 2520 Cui
2470 2480 2601 2519 vero
2630 2464 2706 2529 ei,
2743 2463 2848 2518 nisi
2884 2463 2988 2532 ipsi
3027 2459 3238 2515 David?
3265 2458 3394 2513 huic
3423 2457 3570 2512 enim

1989 2558 2126 2613 dixit
2161 2573 2220 2613 se
2268 2558 2660 2614 suscitaturum
2691 2567 2868 2612 ortum
2910 2555 3143 2625 justum.
3172 2550 3338 2623 358
3361 2549 3570 2604 Zacha-

1991 2648 2101 2702 rias
2130 2649 2258 2702 item
2289 2647 2355 2702 de
2394 2647 2583 2702 eodem
2612 2647 2953 2710 vaticinans,
3000 2652 3184 2698 ortum
3213 2642 3347 2696 illud
3378 2641 3570 2697 simili-

1989 2750 2072 2794 ter
2099 2748 2258 2794 vocat
2295 2759 2308 2795 :
2367 2757 2386 2791 ι
2427 2739 2568 2794 Ecce
2594 2740 2697 2805 vir,
2738 2747 2894 2794 ortus
2925 2752 3125 2792 nomen
3170 2737 3241 2798 ei,
3292 2742 3346 2790 et
3379 2735 3572 2790 subter

1988 2851 2111 2890 eum
2143 2835 2351 2889 orietur
2379 2833 2590 2904 justitia
2629 2833 2689 2886 ³⁵.
2727 2852 2745 2884 ι
2770 2831 2835 2885 Et
2868 2845 3102 2886 rursus:
3139 2847 3158 2881 ι
3196 2827 3417 2884 Vocabo
3445 2843 3566 2883 ser-

1990 2943 2115 2980 vum
2160 2941 2364 2991 meum,
2419 2933 2600 2980 ortum
2643 2925 2687 2957 ¹⁶
2727 2943 2739 2978 :
2785 2943 2802 2974 ι
2859 2921 2964 2978 Sed
3020 2923 3165 2976 enim
3217 2921 3401 2975 nullus
3450 2931 3570 2990 post

1987 3019 2234 3076 Jeremiae
2275 3027 2540 3088 tempora,
2597 3032 2663 3072 ac
2707 3032 2777 3072 ne
2830 3024 2956 3086 post
3011 3015 3292 3071 Zachariae
3343 3012 3566 3084 quidem

1988 3113 2132 3183 apud
2159 3111 2376 3166 Iudaeos
2399 3110 2522 3165 talis
2552 3109 2781 3174 exstitit,
2811 3117 2870 3163 ut
2889 3128 2907 3161 ι
2949 3109 3133 3164 oriens
3162 3109 3342 3178 justus
3368 3127 3386 3159 ι
3411 3120 3571 3161 voca-

293 3189 424 3250 τοὺς
467 3185 564 3239 τοῦ
593 3186 865 3256 Ζαχαρίου
890 3184 1132 3248 τοιοῦτος
1159 3185 1358 3257 ἀνέστη
1397 3191 1510 3251 τοῖς
1552 3190 1616 3241 ἐκ
1666 3206 1884 3260 περιτο-

1991 3214 2140 3261 retur
2165 3212 2219 3260 et
2255 3224 2272 3257 ι
2310 3203 2619 3272 intelligens
2645 3216 2761 3264 rex,
2791 3209 2846 3256 et
2868 3200 3073 3256 faciens
3102 3199 3368 3271 judicium
3400 3207 3452 3252 et
3474 3197 3569 3267 ju-

297 3279 412 3351 μῆς
431 3319 447 3344 ,
478 3278 554 3341 ὡς
585 3298 603 3330 ι
635 3278 870 3350 ἀνατολὴ
896 3277 1082 3332 δικαία
1107 3299 1130 3330 ι
1167 3279 1461 3351 κληθῆναι,
1507 3281 1604 3336 καὶ
1638 3301 1656 3332 ‹
1685 3283 1886 3346 συνιεὶς

296 3370 556 3440 βασιλεὺς
580 3410 595 3435 ,
627 3371 722 3423 καὶ
752 3369 922 3423 ποιῶν
956 3374 1130 3442 κρῖμα
1163 3373 1257 3424 καὶ
1288 3371 1636 3443 δικαιοσύνην
1665 3375 1758 3428 ἐπὶ
1791 3375 1888 3446 τῆς

292 3464 420 3534 γῆς.
454 3483 476 3516 ›
522 3465 587 3519 Εἰ
635 3463 693 3517 δὲ
737 3463 882 3533 λέγοι
927 3481 1012 3527 τις
1052 3464 1142 3528 διά
1189 3465 1398 3519 τούτων
1439 3467 1646 3538 Ἰησοῦν
1671 3468 1764 3521 τὸν
1792 3468 1887 3521 τοῦ

307 3556 557 3612 Ἰωσεδὲκ
588 3556 900 3628 δηλοῦσθαι,
926 3557 1267 3624 λεκτέον,ὃτι
1301 3559 1362 3611 ού
1395 3560 1726 3631 συνέστηκεν
1756 3564 1784 3614 ὁ
1803 3561 1888 3614 λό-

293 3668 391 3718 γος
421 3649 594 3720 αὐτῷ.
621 3648 762 3703 Οὔτε
783 3652 889 3722 γὰρ
916 3651 1023 3704 ἀπὸ
1055 3651 1246 3719 γένους
1273 3651 1441 3704 Δαὸὶδ
1468 3645 1623 3716 οὗτος
1646 3649 1735 3724 ἦν,
1763 3652 1886 3707 οὔτε

292 3743 370 3806 ὼς
397 3742 654 3813 βασιλεὺς
673 3742 1047 3798 ἐϐασίλευσεν.
1077 3743 1202 3808 Πῶς
1228 3743 1286 3797 δὲ
1320 3744 1406 3796 ἐπ’
1438 3747 1641 3798 ἐκεῖνον
1665 3746 1887 3800 δύναται

296 3837 593 3907 ἁρμόττειν
615 3836 704 3899 τὸ,
739 3854 758 3886 ε
786 3836 896 3889 Καὶ
925 3836 1014 3890 τὸν
1039 3836 1206 3889 Δαϐὶδ
1233 3837 1456 3907 βασιλέα
1477 3839 1766 3910 ἀναστήσω
1792 3841 1889 3894 αύ-

294 3927 408 3999 τῷ;
441 3946 460 3979 ι
495 3926 660 3979 ὁπότε
693 3926 865 3997 φυλῆς
897 3926 998 3998 μὲν
1027 3923 1096 3998 ἦν
1119 3928 1280 3991 Λευὶ,
1311 3929 1520 3994 τάξεως
1551 3929 1595 3982 δ’
1626 3931 1888 4001 ἀρχιερα-

294 4024 455 4095 τικῆς
476 4064 493 4089 ,
531 4023 627 4076 καὶ
667 4023 856 4090 γένους
900 4023 1088 4095 ἐτέρου
1119 4023 1268 4095 παρὰ
1297 4023 1385 4076 τὸν
1419 4023 1600 4088 Δαὸὶδ,
1636 4024 1888 4094 βασιλεὺς

292 4119 338 4173 δ’
367 4116 623 4188 οὐδαμῶς
658 4114 898 4185 γεγονὼς
926 4117 1224 4188 ίστορῆται.
1255 4118 1440 4180 Ὥστε,
1478 4119 1526 4169 εἰ
1563 4117 1750 4188 μηδεὶς
1780 4119 1890 4171 ἓτε-

300 4229 385 4283 ρος
431 4211 746 4280 εὑρίσκοιτο
795 4208 1074 4273 τοιοῦτος,
1122 4211 1240 4280 ὥρα
1273 4210 1364 4262 τὸν
1412 4210 1887 4282 προφητευόμενον

295 4307 389 4358 καὶ
423 4303 519 4358 διὰ
569 4301 776 4356 τούτων
816 4301 1097 4372 ὁμολογεῖν
1136 4303 1295 4373 μόνον
1335 4298 1472 4356 εἶναι
1522 4303 1613 4356 τὸν
1659 4302 1888 4375 Σωτῆρα

296 4399 386 4450 καὶ
440 4395 651 4465 Κύριον
700 4395 891 4466 ήμῶν,
936 4393 1026 4447 τὸν
1074 4394 1166 4448 καὶ
1221 4396 1279 4448 ἐν
1329 4395 1536 4466 ἑτέροις
1584 4413 1603 4446 ι
1635 4395 1750 4465 φῶς
1790 4397 1884 4450 τοῦ

295 4491 503 4559 κόσμου
536 4488 630 4540 καὶ
663 4486 777 4555 φῶς
804 4487 912 4541 τῶν
949 4486 1120 4540 ἐθνῶν
1154 4507 1172 4539 ι
1215 4487 1674 4559 ἀνηγορευμένον.
1716 4489 1888 4555 Αὐτὸς

1992 3297 2198 3353 stitiam
2223 3297 2278 3350 in
2318 3304 2517 3350 terra.»
2556 3293 2714 3360 Quod
2745 3295 2789 3349 si
2821 3297 2949 3364 quis
2982 3294 3133 3347 dicat
3167 3295 3219 3346 in
3254 3291 3338 3348 his
3373 3289 3564 3347 Iesum

1991 3391 2158 3445 tilium
2193 3389 2423 3445 Josedec
2451 3389 2769 3459 signiﬁcari,
2801 3387 3090 3442 dicendum
3119 3387 3222 3441 erit
3249 3384 3394 3456 quod
3428 3384 3569 3438 ratio

1991 3483 2105 3537 hmo
2160 3482 2238 3536 illi
2296 3491 2550 3537 constare
2602 3495 2711 3535 non
2746 3487 2942 3550 potest.
2996 3477 3131 3532 Nam
3174 3478 3262 3532 hic
3297 3492 3473 3547 neque
3501 3475 3569 3531 de

1990 3589 2186 3646 genere
2232 3574 2404 3629 David
2435 3573 2560 3637 fuit,
2607 3588 2783 3642 neque
2839 3580 3094 3640 tanquam
3150 3586 3242 3625 rex
3303 3569 3567 3639 regnavit.

1989 3667 2274 3734 Quomodo
2308 3675 2488 3721 autem
2519 3667 2594 3720 illi
2623 3673 2801 3736 potest
2835 3662 3238 3718 accommodari
3263 3660 3427 3720 illud,
3467 3678 3487 3710 ι
3516 3669 3572 3714 et

1992 3759 2160 3814 David
2188 3775 2369 3829 regem
2412 3759 2694 3814 suscitabo
2726 3758 2819 3813 ei?
2859 3778 2877 3810 ι
2917 3772 3040 3811 cum
3077 3765 3129 3810 et
3161 3771 3227 3810 ex
3261 3755 3406 3808 tribu
3439 3750 3568 3807 Levi

1989 3861 2042 3906 et
2091 3866 2159 3905 ex
2191 3849 2385 3905 ordine
2441 3849 2722 3919 pontiticio
2766 3846 2949 3911 fuerit,
2980 3855 3034 3900 et
3088 3861 3284 3916 genere
3315 3859 3344 3897 a
3399 3842 3567 3896 David

1991 3943 2224 4003 alienus,
2279 3957 2457 4010 neque
2496 3956 2589 3995 rex
2645 3940 2756 3993 ullo
2796 3941 2958 3994 modo
3000 3938 3567 3993 exstitissememore-

1990 4035 2114 4089 tur?
2143 4048 2314 4104 quare
2347 4033 2393 4088 si
2430 4034 2612 4089 nullus
2645 4033 2786 4088 alius
2838 4032 3111 4086 invenitur
3154 4031 3279 4085 talis
3304 4070 3318 4092 ,
3352 4037 3568 4098 tempus

1984 4127 2096 4195 jam
2132 4125 2296 4180 fuerit
2321 4140 2444 4179 eum
2478 4124 2546 4179 de
2569 4141 2679 4194 quo
2719 4125 2770 4177 in
2810 4124 2894 4179 his
2925 4124 3164 4178 oraculis
3195 4121 3396 4176 mentio
3428 4120 3566 4174 facta

1988 4223 2091 4281 est,
2124 4222 2177 4270 et
2204 4214 2270 4270 de
2298 4231 2407 4285 quo
2437 4216 2526 4268 illa
2561 4216 2832 4285 praecipue
2890 4212 3372 4284 loquuntur,t‘ateri
3398 4227 3564 4265 unum

1987 4323 2112 4363 esse
2148 4306 2486 4362 Salvatorem
2517 4323 2580 4361 ac
2608 4306 2894 4361 Dominum
2925 4313 3197 4369 nostrum,
3233 4305 3324 4374 qui
3359 4303 3486 4357 alibi
3517 4311 3571 4356 et

1995 4419 2012 4449 ι
2045 4399 2133 4452 lux
2151 4399 2337 4452 mundi
2360 4405 2414 4454 et
2434 4399 2619 4452 lumen
2647 4399 2887 4469 gentium
2920 4416 2938 4448 ι
2979 4406 3226 4450 vocatur.
3262 4396 3382 4464 Ipse
3403 4393 3571 4464 igitur

1990 4491 2150 4547 etiam
2190 4491 2294 4546 hoc
2326 4491 2449 4545 loco
2488 4489 2651 4545 fuerit
2681 4491 2748 4544 de
2777 4505 2888 4560 quo
2914 4488 3176 4560 propheta
3225 4487 3484 4558 loquitur,
3517 4495 3571 4540 et

292 4579 590 4648 τοιγαροῦν
631 4579 716 4650 εἴη
761 4577 828 4631 ἂν
869 4577 1151 4632 κάνταῦθα
1177 4581 1204 4632 ὁ
1239 4581 1750 4652 προφητευόμενος,
1793 4582 1882 4634 καὶ

1993 4598 2122 4638 sane
2157 4583 2362 4653 absque
2400 4582 2684 4638 mendacio
2728 4582 2976 4638 constitit
3029 4581 3370 4637 vaticinium.
3407 4579 3568 4634 Solus

298 4671 630 4740 συνέστηκεν
681 4669 918 4742 ἀψευδὴς
965 4673 997 4741 ἡ
1046 4671 1372 4743 πρόρρησις.
1435 4673 1609 4736 Μόνος
1666 4673 1772 4744 γὰρ
1821 4675 1884 4725 ὲκ

296 4765 616 4839 σπέρματος
669 4763 832 4816 Δαϐὶδ
895 4763 1200 4833 ὁμωνύμως
1255 4764 1335 4835 τῷ
1391 4767 1695 4838 προπάτορι
1743 4767 1886 4820 κατά

293 4859 566 4921 διάνοιαν,
611 4857 733 4910 ἐπεὶ
768 4857 1130 4927 ἑρμηνεύεται
1178 4875 1196 4907 ‹
1227 4856 1448 4922 δυνατὸς
1481 4860 1658 4930 χειρὶ,
1695 4880 1712 4910 ι
1751 4877 1886 4932 χρη-

297 4950 577 5020 ματίσας,
617 4968 634 5001 ι
666 4952 840 5021 κρῖμα
887 4949 978 5002 καὶ
1022 4949 1369 5021 δικαιοσύνην
1400 4970 1417 5001 ›
1457 4951 1548 5005 διά
1585 4953 1684 5024 τῆς
1716 4951 1881 5006 αὑτοῦ

291 5041 646 5103 διδασκαλίας
676 5044 788 5104 τοῖς
821 5041 912 5094 ἐπὶ
931 5043 1035 5112 γῆς
1065 5041 1268 5094 ἅπασιν
1300 5042 1532 5114 ἐκήρυξε
1551 5084 1565 5106 ,
1600 5045 1693 5098 καὶ
1724 5045 1882 5114 μόνος

293 5135 402 5188 τῶν
431 5133 653 5187 πώποτε
685 5133 784 5186 ούκ
815 5135 907 5186 ἐπὶ
935 5135 1134 5206 μέρους
1164 5135 1476 5189 ἐϐασίλευσε
1507 5136 1606 5207 τῆς
1633 5137 1882 5207 οίκουμέ-

295 5245 390 5300 νης
412 5268 427 5293 ,
457 5225 596 5286 ἀλλά
624 5225 716 5278 ἐπὶ
741 5227 919 5278 πᾶσαν
951 5226 1048 5298 τὴν
1080 5228 1202 5298 γῆν,
1229 5229 1323 5281 καὶ
1356 5228 1514 5297 μόνος
1543 5227 1780 5280 ἀνέτειλε
1804 5226 1883 5280 δι-

295 5319 591 5391 καιοσύνην
609 5360 625 5383 ,
661 5306 971 5382 ἀκολούθως
1010 5320 1104 5372 καὶ
1130 5319 1208 5391 τῷ
1236 5321 1294 5372 ἐν
1319 5318 1518 5390 ψαλμῷ
1557 5320 1684 5388 περὶ
1718 5319 1880 5372 αὐτοῦ

291 5411 572 5488 λεγρμένῳ
596 5427 611 5442 ο
667 5429 685 5461 ι
725 5411 1000 5464 Ἀνατελεῖ
1035 5415 1091 5464 ἐν
1143 5415 1264 5476 ταῖς
1313 5411 1550 5484 ήμέραις
1593 5410 1758 5465 αὑτοῦ
1799 5411 1880 5465 δι-

292 5503 576 5575 καιοσύνη,
619 5504 716 5558 καὶ
762 5504 963 5576 πλῆθος
1002 5507 1242 5576 εἰρήνης.
1296 5525 1314 5556 ι
1365 5504 1564 5568 Ἰούδας
1611 5505 1668 5557 δὲ
1713 5504 1880 5575 σωθη-

295 5600 517 5668 σόμενος
551 5599 647 5652 καὶ
701 5597 918 5670 Ἰσραὴλ
949 5599 1007 5650 ἐν
1038 5601 1158 5661 ταῖς
1186 5599 1422 5670 ἡμέραις
1469 5595 1632 5651 αὐτοῦ
1679 5596 1880 5660 πάντες

286 5691 425 5743 εἰσὶν
451 5691 503 5745 οἱ
545 5691 614 5761 τῇ
647 5688 716 5742 δι’
753 5688 919 5742 αὐτοῦ
963 5688 1243 5760 θεοσεϐείᾳ
1282 5689 1745 5762 προσεληλυθὸτες
1783 5689 1876 5743 τοῦ

363 5870 404 5900 ¹⁹
441 5867 558 5924 Jer.
598 5883 742 5931 xxx,
780 5865 832 5929 8,
861 5867 892 5920 9
969 5866 1010 5904 ιι
1051 5865 1279 5921 Malach.
1315 5881 1402 5932 tv,
1439 5866 1492 5920 2.

1991 4676 2134 4730 enim
2193 4676 2260 4730 de
2315 4677 2522 4731 semine
2568 4673 2736 4730 David
2791 4675 2885 4745 qui
2947 4677 3136 4730 eodem
3191 4676 3410 4728 nomine
3439 4685 3566 4726 cum

1992 4767 2176 4838 prisco
2213 4773 2316 4822 Suo
2357 4778 2582 4838 parente
2614 4768 2680 4822 ad
2733 4782 2956 4823 sensum
3005 4767 3076 4821 sit
3105 4767 3310 4827 dictus,
3350 4763 3570 4834 quando

1992 4877 2059 4917 ex
2099 4861 2546 4931 interpretatione
2590 4861 2680 4916 ille
2708 4867 2792 4916 est
2839 4874 3001 4914 manu
3041 4867 3257 4930 potens,
3297 4855 3565 4927 judicium

1992 4963 2046 5009 et
2073 4954 2343 5024 justitiam
2397 4969 2494 5024 per
2537 4969 2692 5009 suam
2737 4954 2910 5024 ipsius
2957 4950 3262 5006 doctrinam
3313 4945 3571 5002 omnibus

1990 5049 2082 5117 qui
2131 5054 2315 5101 essent
2345 5047 2398 5100 in
2435 5055 2579 5102 terra
2612 5047 2880 5100 nuntiavit
2901 5085 2914 5108 ,
2947 5053 3000 5098 et
3026 5043 3176 5099 solus
3208 5039 3453 5094 omnium
3478 5053 3574 5093 eo.

1990 5156 2112 5196 rum
2161 5142 2252 5211 qui
2290 5157 2530 5210 unquam
2565 5139 2766 5194 fuerint
2793 5153 2902 5192 non
2943 5137 2996 5189 in
3021 5144 3176 5205 parte
3203 5133 3386 5203 aliqua
3419 5129 3572 5186 orbis

1990 5237 2258 5307 regnavit,
2293 5235 2386 5290 sed
2427 5235 2482 5288 in
2529 5235 2676 5287 omni
2733 5245 2962 5302 prorsus
3002 5239 3170 5291 terra,
3223 5235 3277 5282 et
3325 5226 3477 5282 solus
3511 5237 3570 5277 ttt

1989 5327 2295 5407 exoriretur
2331 5325 2546 5394 justitia
2580 5333 2772 5377 auctor
2818 5320 2921 5374 fuit
2955 5363 2970 5382 ,
3009 5317 3466 5388 quemadmodum
3501 5315 3570 5367 de

1989 5415 2108 5484 ipso
2139 5401 2194 5466 in
2223 5413 2434 5482 psalmo
2465 5411 2672 5464 dictum
2701 5415 2805 5471 est,
2837 5426 2856 5458 ‹
2889 5407 3100 5461 orietur
3127 5407 3184 5459 in
3217 5403 3412 5460 diebus
3445 5401 3568 5469 ejus

1983 5506 2194 5576 justitia
2218 5511 2272 5560 et
2294 5502 2628 5558 abundantia
2654 5503 2806 5571 pacis
2833 5502 2898 5557 ”.
2940 5521 2958 5552 ι
2993 5498 3164 5554 Judas
3190 5506 3373 5553 autem
3403 5507 3566 5564 atque

1987 5600 2176 5660 Israel,
2211 5597 2304 5667 qui
2350 5595 2404 5650 in
2429 5595 2625 5650 diebus
2655 5594 2803 5650 illius
2860 5593 3113 5648 servandi
3171 5597 3321 5652 sunt,
3372 5602 3564 5644 omnes

1987 5696 2116 5744 sunt
2147 5689 2238 5759 qui
2277 5688 2423 5743 illius
2459 5686 2715 5758 pietatem
2753 5700 2815 5739 ac
2856 5685 3063 5739 cultum
3111 5701 3178 5741 ex
3206 5681 3434 5738 Iudaico
3468 5694 3564 5750 po—

1577 5865 1616 5896 ”
1657 5864 1884 5922 Zachar.
1923 5881 2010 5928 γι,
2049 5863 2132 5920 li.
2213 5865 2253 5895 “‘
2283 5860 2512 5916 Zachar.
2550 5878 2645 5927 ιιι,
2682 5861 2733 5916 8,
2815 5862 2853 5892 ³⁷
2896 5858 3039 5915 Psal.
3074 5875 3237 5923 uxr,
3278 5859 3326 5915 7.
