4106 6420
512 403 618 461 565

1186 398 1457 456 EUSEBll
1497 397 1975 456 C.-ESARIENSIS
2015 398 2166 454 OPP.
2211 397 2391 453 PARS
2430 397 3088 456 ll.—APOLOGETIC.\.

3660 407 3768 462 56$

512 528 644 599 pulo
697 526 1028 594 acceperint,
1081 525 1318 595 apostoli
1367 524 1612 594 ejusdem
1649 535 1702 580 et
1745 525 1995 595 discipuli
2034 533 2079 580 el

2192 527 2256 578 ὲκ
2287 526 2587 597 περιτομῆς
2611 525 2764 587 λαοῦ,
2788 523 3074 578 ἀπόστολοί
3099 541 3159 577 τε
3185 523 3352 577 αὑτοῦ
3379 525 3471 578 καὶ
3504 525 3767 597 μαθηταὶ,

509 619 880 688 evangelista,
931 624 1024 670 aut
1057 617 1220 670 etiam
1274 631 1466 672 omnes
1491 616 1582 687 qui
1657 618 1712 672 in
1747 620 1965 672 occulto
1990 617 2089 673 Ju-

511 709 709 770 dzeum,
735 722 1036 777 verumque
1061 704 1229 761 lsrael
1258 717 1604 770 conservent,
1631 723 1754 763 eum
1781 709 1967 779 utique
1996 709 2088 779 qui

510 799 814 857 secundum
870 798 1190 854 sententiam
1251 798 1420 853 Deum
1470 798 1675 854 videat.
1713 819 1732 852 ι
1779 799 1898 854 Non
1943 801 2088 854 enim

507 893 602 964 qui
637 892 692 947 in
724 903 914 962 aperto
947 889 1170 946 Iudaeus
1207 901 1310 955 est,
1353 891 1531 962 inquit
1567 892 1886 963 Apostolus,
1913 909 2094 964 neque

512 997 632 1055 quze
665 984 717 1036 in
752 990 942 1047 aperto
976 983 1031 1036 in
1064 997 1231 1036 carne
1259 989 1346 1036 est
1376 981 1746 1048 circumcisio,
1787 985 1880 1039 sed
1911 987 2000 1054 qui
2034 986 2087 1038 in

508 1076 726 1130 occulto
747 1074 988 1134 Judreus.
1016 1083 1072 1129 et
1101 1073 1451 1130 circumcisio
1476 1074 1658 1130 cordis
1681 1074 1735 1130 in
1755 1076 2084 1146 spiritu,non

510 1169 562 1223 in
591 1169 790 1232 littera,
823 1168 982 1238 cujus
1010 1168 1128 1222 laus
1157 1182 1264 1220 non
1283 1183 1346 1222 ex
1381 1165 1720 1230 hominibus,
1757 1169 1850 1222 sed
1879 1184 1942 1223 ex
1979 1170 2087 1223 Deo
2115 1243 2118 1248 λ

505 1268 590 1316 ost
615 1261 679 1322 ".
724 1281 742 1312 ι
775 1259 886 1315 llos
915 1259 1085 1332 igitur
1113 1275 1178 1313 ex
1200 1257 1404 1313 Christi
1448 1259 1734 1315 vocatione
1762 1257 2007 1314 Judaeum
2029 1261 2084 1314 in

506 1351 722 1404 occulto
754 1360 804 1405 et
835 1365 1022 1404 verum
1044 1349 1210 1404 Israel
1241 1349 1541 1406 referentes
1570 1350 1680 1405 alio
1712 1351 1936 1406 nomine
1963 1367 2087 1408 esse

506 1442 784 1497 vocandas
808 1441 964 1505 dicit,
997 1456 1111 1496 non
1149 1440 1338 1511 utique
1380 1440 1598 1497 Judaeos
1628 1450 1722 1496 aut
1765 1442 1953 1508 lsrael,
1989 1443 2087 1498 sed

507 1549 648 1588 novo
695 1534 930 1605 quodam
975 1544 1174 1604 praeter
1230 1534 1364 1588 haec.
1405 1532 1571 1604 359
1609 1531 1720 1587 Hoc
1765 1534 1946 1598 enim,
2002 1535 2087 1589 in-

505 1626 644 1696 quit.
678 1641 896 1688 nomen,
940 1641 1050 1696 quo
1079 1625 1295 1680 vocabit
1325 1639 1420 1680 eos
1460 1623 1727 1680 Dominus
1754 1624 2082 1690 Josedecim,

504 1717 648 1786 quod
703 1733 768 1770 ex
808 1718 1255 1786 interpretatione
1308 1723 1439 1778 est,
1488 1716 1580 1785 qui
1617 1715 1754 1784 justi
1795 1727 1917 1769 sunt
1966 1715 2081 1773 Dei.

501 1809 801 1865 Considera
851 1818 1038 1864 autem
1097 1825 1229 1864 num
1289 1809 1518 1865 forsitan
1568 1823 1599 1863 a
1653 1808 1820 1864 Josue
1881 1810 2081 1865 factum

2193 618 2288 671 καὶ
2322 618 2722 686 εύαγγελισταὶ,
2757 616 2790 687 ἢ
2821 617 2914 670 καὶ
2955 616 3155 680 πάντες
3201 617 3250 669 οί
3299 616 3392 669 τὸν
3444 619 3503 670 ὲν
3541 617 3774 690 κρυπτῷ

2206 708 2454 762 Ἰουδαῖον
2481 709 2576 762 καὶ
2607 708 2700 761 τὸν
2720 707 2971 776 ἀληθινὸν
3002 707 3218 780 Ἰσραὴλ
3249 708 3338 761 τὸν
3363 709 3503 763 κατὰ
3529 710 3774 764 διάνοιαν

2190 803 2400 876 ὁρῶντα
2447 802 2579 855 Θεὸν
2621 799 3014 864 ἀποσώζοντες.
3056 821 3074 853 ι
3103 802 3178 855 Ού
3216 801 3325 871 γὰρ
3367 805 3396 856 ό
3441 805 3499 855 ὲν
3550 799 3769 872 φανερῷ

2202 894 2450 958 Ἰουδαῖός
2482 896 2596 948 ἐστι
2615 933 2630 957 ,
2663 912 2682 944 ι
2714 893 2876 962 φησὶν
2901 895 2930 946 6
2965 892 3314 955 ’Δπόστολος,
3349 913 3367 945 ι
3395 894 3512 947 οὐδὲ
3539 892 3570 958 ἡ
3600 896 3658 946 ὲν
3691 897 3773 964 τῷ

2191 985 2407 1061 φρνερῷ
2438 989 2495 1040 ὲν
2531 985 2694 1057 σαρκὶ
2743 984 3052 1056 περιτομὴ,
3099 985 3214 1038 ἀλλ’
3247 988 3274 1040 6
3323 987 3381 1039 ὲν
3417 985 3496 1055 τῷ
3539 984 3772 1057 κρυπτῷ

2202 1079 2487 1142 Ἰουδαῖος,
2530 1077 2624 1130 καὶ
2672 1077 2944 1150 περιτομὴ
2976 1076 3202 1149 καρδίας
3245 1078 3306 1130 ἐν
3352 1077 3650 1148 πνεύματι,
3703 1079 3770 1134 οὐ

2189 1171 2516 1244 γράμματι,
2552 1164 2613 1224 οὗ
2645 1170 2674 1222 6
2698 1170 2920 1233 ἔπαινος
2956 1169 3056 1222 οὐκ
3083 1167 3143 1234 ἐξ
3168 1169 3501 1240 ἀνθρώπων,
3533 1171 3670 1224 ἀλλὰ
3703 1173 3772 1226 ὲκ

2187 1262 2280 1316 τοῦ
2317 1260 2476 1315 Θεοῦ.
2510 1279 2529 1313 ι
2571 1261 2806 1325 Τούτους
2839 1257 2930 1314 οὖν
2957 1261 3043 1314 διὰ
3071 1261 3172 1331 τῆς
3214 1261 3304 1314 τοῦ
3348 1262 3583 1334 Χριστοῦ
3635 1262 3773 1332 κλή-

2191 1369 2326 1415 σεως
2352 1351 2442 1404 τὸν
2465 1353 2522 1404 ὲν
2544 1350 2770 1425 κρυπτῷ
2804 1352 3054 1404 Ἰουδαῖον
3083 1353 3175 1405 καὶ
3198 1349 3288 1405 τὸν
3312 1351 3526 1422 ἀληθῶς
3549 1352 3767 1423 Ἰσραήλ

2189 1445 2449 1518 φέροντας
2492 1445 2662 1517 ἑτέρῳ
2692 1445 2824 1517 φησὶ
2868 1445 3234 1518 κληθήσεσθαι
3263 1447 3488 1517 ὀνόματι
3513 1488 3527 1510 ,
3559 1447 3679 1518 οὐχὶ
3709 1447 3767 1499 δὲ

2187 1535 2264 1606 τῷ
2296 1534 2390 1587 τοῦ
2421 1535 2702 1602 Ἰουδαίου,
2747 1536 2865 1589 οὐδὲ
2898 1536 2979 1606 τῷ
3009 1536 3103 1590 τοῦ
3157 1537 3373 1610 Ἰσραήλ
3393 1577 3406 1600 ,
3450 1536 3587 1590 ἀλλὰ
3630 1537 3769 1610 ξένῳ

2185 1627 2294 1679 τινὶ
2323 1625 2476 1700 παρὰ
2516 1627 2708 1681 ταῦτα.
2737 1627 2909 1681 Τοῦτο
2943 1629 3048 1700 γάρ
3075 1644 3208 1698 φησι
3236 1627 3298 1680 τὸ
3327 1627 3518 1698 ὄνομα,
3551 1627 3578 1680 ὃ
3603 1627 3769 1681 καλέ-

2188 1736 2271 1772 σει
2305 1719 2502 1782 αὐτοὺς
2539 1718 2745 1790 Κύριος
2783 1720 3124 1791 Ἰωσεδεκεὶμ
3147 1760 3162 1785 ,
3199 1720 3336 1791 ὅπερ
3366 1719 3722 1790 ἑρμηνεύεται
3747 1763 3767 1786 ,

2186 1815 2240 1864 οἱ
2267 1811 2372 1865 τοῦ
2395 1811 2542 1866 Θεοῦ
2570 1811 2784 1867 δίκαοι.
2842 1813 3134 1884 Ἐφίστημι
3165 1812 3222 1865 δὲ
3257 1813 3330 1884 μή
3367 1829 3497 1864 ποτε
3532 1829 3767 1882 πεποιη-

503 1901 575 1954 sit
623 1914 844 1962 nomen,
883 1907 936 1953 et
958 1897 1263 1953 Josedecim
1311 1900 1563 1970 discipuli
1584 1899 1713 1956 Jesu
1743 1902 2079 1972 appellentur

2188 1903 2349 1973 μένον
2389 1902 2509 1955 ἐστὶ
2545 1887 2916 1974 τοῦνομαὰπὸ
2943 1901 3035 1955 τοῦ
3071 1903 3268 1956 Ἰοσουὲ
3318 1901 3692 1972 Ἰωσεδεκεὶμ,
3736 1901 3767 1954 ὅ

501 1990 641 2062 apud
669 1990 858 2055 Deum,
873 1989 966 2060 qui
985 1991 1127 2060 apud
1146 1991 1392 2048 homines
1409 1991 1626 2062 quidem
1641 1993 1829 2048 Graeco
1845 1994 2081 2064 quodam

501 2099 655 2136 more
686 2098 715 2136 a
741 2081 960 2137 Christo
989 2081 1432 2146 denominentur,
1459 2083 1727 2140 Hebraiea
1761 2095 1941 2141 auten:
1980 2087 2084 2140 lin-

502 2193 607 2245 gua
636 2183 746 2229 tam
778 2175 920 2244 apud
953 2176 1101 2244 ipsos
1129 2191 1291 2244 quam
1331 2177 1476 2246 apud
1514 2178 1832 2248 prophetas,
1866 2180 1936 2234 ab
1965 2180 2083 2250 ipso

501 2265 629 2321 ἔθευ
664 2274 921 2336 tanquam
959 2281 1055 2336 per
1103 2266 1254 2320 illum
1287 2269 1482 2322 servati
1509 2267 1830 2324 Josedecim.
1867 2269 1944 2324 Ex
1973 2287 2082 2341 quo

501 2357 634 2412 illud
663 2357 867 2411 dictum
898 2366 1001 2424 est,
1043 2375 1062 2409 ι
1104 2368 1157 2414 et
1189 2359 1292 2413 hoe
1327 2375 1523 2415 nomen
1555 2377 1664 2431 quo
1722 2362 1940 2416 vocabit
1984 2379 2081 2418 eos

502 2449 764 2504 Dominus
811 2447 1113 2504 Josedecim
1169 2451 1314 2506 inter
1364 2453 1676 2524 prophetas.
1718 2473 1736 2506 ι
1800 2451 1936 2508 Nam
1988 2457 2077 2525 qui

500 2541 622 2609 ejus
652 2541 721 2596 de
751 2557 859 2612 quo
890 2542 1174 2612 prOphetia
1211 2543 1473 2614 loquitur,
1503 2545 1698 2616 inquit,
1732 2546 1965 2615 populus
1998 2545 2084 2600 fu-

500 2643 662 2688 turus
685 2641 789 2699 est,
822 2649 946 2687 cum
978 2634 1044 2688 ad
1079 2651 1302 2690 sensum
1326 2646 1582 2706 acceptus
1608 2635 1778 2692 Judas
1812 2639 1883 2693 sit
1914 2645 2080 2708 atque

497 2723 686 2788 Israel,
717 2726 785 2780 ah
807 2724 975 2782 Josue
999 2728 1373 2782 nominabitur
1393 2726 1723 2792 Josedecim,
1755 2739 1919 2800 atque
1954 2731 2076 2793 hae,

496 2820 699 2886 inquit,
734 2819 1098 2889 appellatione
1125 2821 1469 2875 vocabuntur
1498 2837 1603 2875 non
1630 2822 1774 2890 apud
1803 2822 2075 2886 homines,

499 2912 593 2966 sed
639 2913 782 2982 apud
816 2909 982 2966 Deum
1008 2951 1020 2974 ,
1055 2919 1109 2966 et
1151 2911 1292 2981 apud
1337 2912 1627 2981 prophetas
1673 2912 1812 2980 ejus.
1847 2911 2079 2967 Attende

496 3004 642 3058 ιιιιὶιιι
697 3003 986 3073 diligenter
1017 3003 1194 3072 ipsum
1243 3004 1550 3066 oraculum,
1607 3003 1736 3057 dum
1780 3004 1857 3056 ait
1894 3022 1907 3056 :
1949 3021 1968 3053 ι
2023 3012 2078 3058 et

498 3093 602 3148 hoc
645 3108 868 3156 nomen,
905 3107 1015 3164 quo
1056 3093 1277 3147 vocabit
1320 3107 1415 3148 eos
1453 3091 1738 3159 Dominus,
1768 3091 2074 3148 Josedecim

498 3187 643 3241 inter
665 3186 983 3256 prophetas,
1026 3205 1044 3239 ι
1079 3186 1224 3256 quod
1250 3201 1469 3248 nomen,
1496 3193 1554 3239 ut
1583 3186 1714 3243 dixi.
1745 3186 1800 3240 in
1828 3194 2073 3240 nostram

2187 1995 2337 2064 παρὰ
2359 1994 2436 2065 τῷ
2462 1994 2580 2066 Θεῷ
2605 1996 2656 2048 οἱ
2685 1994 2778 2048 τοῦ
2813 1993 2989 2065 Ἰησοῦ
3023 1993 3264 2066 μαθηταὶ
3291 1994 3603 2064 κέκληνται,
3630 1994 3763 2063 παρ’

2183 2085 2490 2157 ἀνθρώποις
2516 2089 2620 2158 μὴν
2649 2086 3072 2158 ἑλληνικώτερον
3101 2085 3630 2157 προσαγορευόμενοι
3656 2085 3765 2136 ἀπὶ

2181 2176 2281 2246 τῆς
2311 2176 2402 2228 τοῦ
2427 2177 2664 2248 Χριστοῦ
2691 2176 3070 2249 παρωνυμίας,
3103 2176 3245 2229 κατὰ
3275 2176 3331 2228 δὲ
3362 2177 3462 2246 τὴν
3497 2175 3765 2245 Ἐϐραίων

2184 2268 2366 2340 φωνὴν
2393 2269 2483 2322 καὶ
2505 2268 2654 2340 παρὰ
2685 2269 2866 2332 αὐτοῖς
2892 2272 3002 2331 τοῖς
3030 2268 3367 2339 προφήταις,
3390 2268 3496 2320 ἀπὸ
3526 2266 3616 2319 τοῦ
3655 2268 3764 2335 Ἰη-

2184 2359 2298 2423 σοῦ,
2332 2360 2406 2424 ὡς
2437 2361 2502 2414 ἂν
2546 2361 2612 2414 δι’
2655 2359 2819 2414 αὑτοῦ
2862 2360 3216 2431 σεσωσμένοι,
3280 2359 3636 2428 Ἰωσεδεκείμ.
3671 2359 3759 2410 Διὸ

2182 2450 2457 2515 λέλεκται,
2497 2454 2618 2505 «καὶ
2644 2453 2802 2505 τοῦτο
2833 2453 2892 2506 τὸ
2925 2452 3094 2524 ὄνομα
3127 2453 3156 2506 ὃ
3183 2452 3398 2506 καλέσει
3426 2452 3621 2514 αὐτοὺς
3649 2450 3761 2502 K23-

2183 2561 2316 2616 ριος,
2354 2545 2694 2616 Ἰωσεδεκεὶμ
2727 2548 2784 2599 ὲν
2807 2549 2920 2610 τοῖς
2952 2547 3310 2618 προφήταις.ι
3330 2547 3389 2599 '0
3421 2545 3485 2616 δὴ
3517 2541 3607 2598 οὗν
3635 2545 3764 2615 μέλι

2181 2637 2307 2703 λων,
2348 2640 2502 2710 φησι,
2536 2639 2623 2692 διὰ
2640 2639 2734 2692 τοῦ
2769 2641 3247 2711 προφητευομένου
3284 2639 3435 2702 λαὸς,
3469 2639 3608 2692 κατὰ
3645 2639 3762 2692 διὰ-

2181 2748 2328 2786 νοιαν
2365 2731 2561 2796 Ἰούδας
2596 2733 2746 2796 ὄντες
2775 2734 2867 2786 καὶ
2900 2734 3114 2805 Ἰσραήλ
3135 2773 3149 2796 ,
3173 2733 3629 2805 ὀνομασθήσονται
3652 2731 3764 2784 ἀπὸ

2178 2823 2272 2876 τοῦ
2312 2821 2509 2875 Ἰοσουὲ
2552 2821 2912 2892 Ἰωσεδεκεὶμ,
2939 2825 3033 2876 καὶ
3057 2822 3231 2894 τούτῳ
3260 2822 3324 2890 γέ
3353 2839 3517 2892 φησι,
3551 2820 3760 2890 κληθή-

2183 2930 2362 2966 σονται
2388 2911 2466 2982 τῷ
2489 2913 2838 2983 προσρήματι
2866 2913 2926 2965 οὐ
2957 2914 3088 2984 παρ’
3111 2911 3434 2983 ἀνθρώποις,
3460 2910 3594 2963 ἀλλὰ
3627 2911 3756 2980 παρ’

2180 3005 2328 3076 αὐτῷ
2359 3004 2440 3076 τῷ
2459 3005 2597 3076 Θεῷ,
2621 3006 2716 3058 καὶ
2742 3004 2895 3076 παρὰ
2926 3007 3036 3067 τοῖς
3072 3005 3374 3075 προφήταις
3403 3000 3586 3054 αὐτοῦ.
3605 3001 3761 3052 Ἐπι-

2185 3098 2361 3169 μελῶς
2394 3099 2502 3170 γὰρ
2537 3098 2774 3169 πρόσχες
2812 3096 2891 3168 τῷ
2921 3096 3064 3166 λόγῳ
3099 3097 3364 3166 φήσαντι,
3416 3113 3434 3145 ι
3466 3094 3558 3147 καὶ
3599 3094 3757 3144 τοῦτο

2178 3192 2238 3244 τὸ
2263 3191 2460 3262 ὄνομα,
2497 3191 2524 3244 ὃ
2557 3190 2773 3245 καλέσει
2803 3189 2998 3252 αὐτοὺς
3036 3189 3265 3260 Κύριος,
3319 3186 3654 3255 Ἰωσεδεκεὶμ
3700 3187 3760 3238 ἐν

495 3277 737 3348 linguam
769 3293 1092 3332 conversum
1135 3276 1318 3346 justos
1351 3276 1444 3332 Dei
1477 3277 1766 3348 signiﬁcat.
1801 3278 1936 3331 Cum
1977 3292 2075 3330 au-

2181 3287 2292 3348 τοῖς
2349 3258 2673 3356 προφήταις.
2707 3303 2724 3334 ι
2775 3258 3262 3354 Μεταλαμϐάνεται
3315 3280 3400 3343 δὲ,
3461 3280 3537 3341 ὡς
3589 3277 3756 3347 ἔφην,

499 3378 608 3423 tem
643 3368 696 3422 bi
730 3369 812 3424 sic
841 3369 1091 3424 servandi
1125 3370 1255 3434 sint,
1298 3371 1580 3440 antiquum
1627 3378 1680 3426 et
1725 3386 1889 3442 grave
1933 3385 2078 3426 acer-

496 3459 860 3516 bissimorum
896 3460 1203 3517 dzemonum
1250 3479 1308 3517 se
1357 3463 1719 3518 contriturum
1764 3464 1990 3534 jugum,
2023 3473 2078 3519 et

498 3554 702 3624 quibus
733 3562 893 3609 antea
938 3554 1266 3609 tenebantur
1297 3554 1588 3624 impietatis
1629 3555 1885 3619 vinculis,
1914 3571 1977 3612 ea
2016 3573 2076 3612 se

502 3645 904 3717 periraeturum
963 3647 1253 3717 pollicetur
1297 3646 1460 3702 Deus.
1490 3647 1760 3714 Quocirca
1809 3665 1919 3704 non
1961 3665 2075 3704 am--

503 3741 645 3810 plius
674 3739 867 3796 alienis
917 3740 1239 3803 inservient,
1279 3741 1374 3796 scd
1408 3742 1500 3795 uni
1537 3741 1639 3812 ipsi
1682 3741 1922 3797 fructum
1951 3757 2078 3813 gra-

501 3833 773 3889 tissimum
807 3831 1056 3888 alTerent.
1089 3831 1206 3887 Huc
1239 3835 1377 3890 adde
1416 3838 1545 3892 illud
1577 3839 1720 3909 quod
1747 3841 1800 3894 in
1836 3836 2077 3891 secundo

500 3924 710 3994 psalmc
729 3922 798 3979 de
818 3923 1054 3979 adventu
1074 3924 1701 3998 Christi,vocationeque
1723 3931 1963 4000 gentium
1993 3928 2076 3982 di-

498 4017 575 4071 cit
601 4016 938 4072 oraculum:
988 4035 1007 4068 ι
1064 4015 1450 4086 Βὶιυιινριιιηιιε
1494 4019 1714 4074 vincula
1764 4035 1976 4084 eorum,
2020 4027 2076 4074 et

496 4108 853 4180 projiciamus
905 4123 943 4163 a.
970 4108 1128 4164 nobis
1157 4107 1350 4179 jugum
1393 4108 1637 4180 ipsorum
1680 4111 1764 4168 "3.
1799 4121 1820 4156 ³
1849 4109 1938 4165 cui
1989 4125 2078 4164 eo-

495 4210 723 4271 gnatum
749 4209 803 4256 et
835 4201 1015 4257 simile
1040 4215 1164 4256 esse
1196 4201 1438 4256 arbitror
1463 4205 1607 4270 quod
1639 4215 1786 4256 nunc
1813 4205 1866 4255 in
1899 4203 2077 4256 mani-

495 4295 600 4349 bus
642 4301 748 4357 est,
772 4293 962 4348 dicens
993 4309 1006 4345 :
1051 4311 1069 4343 ι
1106 4293 1165 4347 In
1198 4293 1286 4348 die
1315 4293 1428 4356 illa,
1464 4292 1600 4348 dixit
1625 4291 1912 4359 Dominus,
1943 4309 2076 4348 con-

494 4393 668 4439 teram
679 4383 870 4453 jugum
891 4383 1115 4438 (le-collo
1145 4399 1357 4448 eorum,
1386 4392 1441 4438 et
1467 4383 1680 4438 vincula
1722 4397 1911 4438 eorum
1942 4399 2075 4438 con-

495 4476 751 4546 fringam,
776 4492 953 4547 neque
971 4477 1342 4546 operabuntur
1359 4477 1594 4545 amplius
1612 4475 1720 4530 diis
1739 4475 1952 4539 alienis,
1979 4476 2081 4532 sed.

495 4569 870 4639 operabuntur
898 4568 1128 4624 Domino
1157 4569 1268 4624 Deo
1296 4585 1419 4624 suo.
1461 4589 1480 4621 ι
1517 4568 1809 4635 Caeterum,
1834 4568 1981 4638 quod
2005 4568 2073 4623 de

494 4663 678 4717 fructu
701 4662 920 4732 quidem
947 4662 1156 4717 ventris
1187 4660 1376 4725 David,
1409 4659 1549 4716 etde
1583 4660 1793 4716 semine
1822 4658 2074 4714 Salomo-

493 4756 605 4819 nis,
644 4755 823 4825 deque
869 4753 1054 4808 radice
1089 4753 1245 4809 Jesse
1283 4752 1540 4809 Christus
1577 4753 1669 4808 Dei
1714 4753 1961 4808 oriturus
2002 4754 2077 4809 sit

493 4853 700 4917 dictus,
722 4851 869 4923 quod
893 4851 1058 4923 etiam
1088 4849 1270 4920 ipsum
1305 4848 1506 4903 factum
1551 4858 1655 4911 est,
1699 4847 1920 4918 quando
1947 4863 2082 4902 cum.

495 4921 997 5000 innumerabilibus
1027 4921 1150 4998 aliis
1189 4941 1669 5014 appellationibus,
1702 4941 1868 4995 etiam
1907 4940 2075 4995 David

492 5039 672 5108 ipsum
709 5037 897 5091 divina
931 5044 1130 5091 vocant
1159 5035 1404 5099 oracula,
1436 5034 1572 5089 satis
1607 5033 1822 5088 abunde
1870 5034 2074 5103 proba—

492 5130 670 5185 verint
699 5145 784 5192 ea,
819 5145 940 5199 quae
963 5128 1075 5199 jam
1109 5127 1252 5181 dicta
1286 5133 1434 5181 sunt.
1465 5123 1622 5191 Quod
1653 5140 1784 5179 vero
1810 5126 1975 5179 etiam
2007 5124 2076 5179 de

491 5223 638 5276 tribu
664 5220 801 5275 Juda
837 5222 1056 5276 dicatur
1091 5220 1433 5291 proditurus,
1471 5233 1540 5272 ne
1559 5216 1913 5287 quaerendum
1944 5217 2071 5286 qui-

492 5315 615 5367 dem
668 5314 855 5377 fuerit,
891 5329 1018 5368 cum
1045 5329 1109 5367 ex
1142 5314 1246 5366 alia
1280 5311 1429 5366 nulla
1477 5309 1643 5374 tribu,
1679 5323 1842 5378 quam
1872 5323 1939 5361 ex
1970 5307 2072 5362 hac

495 5407 610 5473 ipsa
649 5417 804 5460 ortus
835 5406 906 5460 sit
937 5407 1051 5475 ipse
1084 5404 1274 5460 David.
1300 5403 1472 5457 Porro
1501 5402 1643 5456 idem
1675 5400 1780 5454 hoc
1810 5399 2074 5470 plenioris

491 5498 781 5565 cujusdam
817 5496 936 5550 ﬁdei
967 5497 1137 5566 gratia
1159 5495 1442 5551 oraculum
1469 5508 1686 5564 quoque
1722 5492 1854 5546 illud
1885 5500 2072 5545 osten-

491 5589 630 5645 derit
665 5588 813 5660 quod
855 5589 996 5659 apud
1031 5587 1232 5643 Mosem
1266 5589 1323 5643 in
1365 5587 1511 5641 hunc
1542 5585 1764 5640 modum
1800 5600 1858 5641 se
1887 5583 2066 5640 habet.

565 5859 608 5888 "
650 5856 782 5913 ltom
841 5873 916 5927 ιι,
951 5857 1121 5913 28-29
1225 5861 1268 5892 ¹⁹
1309 5856 1456 5914 Psal.
1493 5871 1565 5924 ιι,
1607 5857 1659 5912 3.

2179 3373 2414 3444 τοῦνομα.
2438 3375 2516 3438 είς
2543 3376 2642 3445 τὴν
2657 3374 2921 3445 Ἐλλήνων
2941 3372 3144 3443 φωνὴν,
3168 3373 3218 3424 οἱ
3248 3369 3340 3423 τοῦ
3373 3368 3506 3422 Θεοῦ
3536 3367 3756 3420 δίκαιον

2179 3467 2382 3520 τούτων
2407 3467 2462 3520 δὲ
2491 3466 2662 3531 οὕτως
2695 3465 3090 3538 σωθησομένων
3111 3505 3127 3529 ,
3154 3464 3245 3518 τὸν
3275 3463 3501 3516 παλαιὸν
3534 3461 3626 3514 καὶ
3661 3459 3758 3528 βα.-

2183 3561 2278 3630 ρὺν
2305 3558 2416 3611 τῶν
2450 3558 2665 3630 πικρῶν
2693 3557 2966 3628 δαιμόνων
2988 3555 3150 3625 ζυγὸν
3179 3553 3487 3626 συντρίψειν
3509 3553 3604 3606 καὶ
3631 3553 3757 3615 τοὺς

2177 3645 2259 3714 οἷς
2309 3651 2370 3704 τὸ
2414 3651 2541 3722 πρὶν
2589 3650 2926 3722 συνείχοντο,
2973 3649 3204 3720 δεσμοὺς
3236 3647 3344 3701 τῶν
3395 3645 3758 3716 ἀσεϐημάτων

2177 3741 2488 3813 διαρρήξειν
2538 3742 2567 3794 6
2605 3740 2737 3804 Θεὸς
2783 3738 3208 3808 ἐπαγγέλλεται,
3255 3736 3330 3800 ὼς
3371 3735 3568 3807 μηκέτι
3614 3734 3758 3797 Θεοῖς

2177 3834 2478 3905 ἀλλοτρίοις
2509 3832 2778 3887 δουλεύειν
2822 3833 3018 3896 αὐτοὺς
3037 3872 3051 3895 ,
3099 3831 3243 3902 μόνῳ
3281 3829 3337 3882 δὲ
3369 3827 3516 3898 αὐτῷ
3548 3843 3758 3897 καρπο-

2180 3930 2367 3999 φορεῖν
2398 3925 2762 3997 ἀρεσκόντως.
2804 3924 3056 3995 Παράθες
3101 3923 3157 3975 δὲ
3189 3921 3398 3984 τούτοις
3441 3919 3499 3973 τὸ
3537 3921 3592 3971 ἑν
3634 3921 3758 3971 δευ-

2177 4017 2322 4089 τέρῳ
2359 4015 2559 4087 ψαλμῷ
2594 4016 2687 4068 ἐπὶ
2713 4017 2778 4086 τῇ
2810 4013 2905 4067 τοῦ
2934 4011 3170 4084 Χριστοῦ
3213 4010 3517 4082 παρουσίᾳ,
3561 4009 3653 4062 καὶ
3687 4010 3754 4078 τῇ

2177 4109 2284 4163 τῶν
2340 4109 2508 4162 ἐθνῶν
2555 4108 2745 4179 κλήσει
2791 4106 2997 4175 φάσκον
3057 4105 3267 4173 λόγιον,
3318 4123 3335 4155 ι
3364 4099 3764 4174 Δξιαρρήξωμεν·

2175 4201 2303 4266 τοὺς
2327 4201 2557 4272 δεσμοὺς
2589 4199 2789 4264 αὐτῶν,
2819 4200 2914 4252 καὶ
2939 4196 3332 4270 ἀπορρίψωμεν
3361 4195 3452 4262 ἀφ’
3483 4193 3638 4264 ήμῶν
3661 4193 3754 4246 τὸν

2178 4293 2340 4364 ζυγὸν
2379 4293 2586 4357 αὐτῶν,
2621 4311 2638 4344 ι
2683 4284 2728 4360 ᾧ
2761 4290 3043 4360 συγγενὲς,
3091 4287 3352 4360 ἡγοῦμαι,
3402 4285 3657 4355 τυγχάνει
3695 4285 3756 4336 τὸ

2181 4386 2319 4458 μετὰ
2361 4389 2548 4458 χεῖρας
2591 4384 2787 4452 λέγονο
2843 4403 2861 4434 ι
2906 4383 2992 4435 Ἐν
3019 4384 3084 4452 τῇ
3131 4379 3316 4451 ήμέρᾳ
3363 4378 3569 4449 ἐκείνῃ,
3631 4373 3762 4429 εἷπε.

2176 4479 2379 4551 Κύριος
2399 4517 2413 4542 ,
2446 4475 2720 4548 συντρίψω
2764 4473 2927 4543 ζυγὸν
2971 4473 3079 4526 ἀπὸ
3107 4471 3378 4544 τραχήλου
3409 4471 3588 4524 αὐτῶν
3613 4512 3627 4535 ,
3660 4471 3756 4522 καὶ

2105 4595 2148 4650 D
2175 4571 2302 4634 τοὺς
2329 4569 2561 4640 δεσμοὺς
2588 4567 2766 4621 αὐτῶν
2792 4565 3067 4639 διαρρήξω
3085 4605 3099 4628 ,
3129 4567 3223 4618 καὶ
3255 4566 3355 4618 οὐκ
3378 4564 3642 4636 ὲργῶνται
3673 4564 3756 4616 ἔτι

2177 4661 2318 4724 θεοῖς
2353 4660 2684 4731 ἀλλοτρίοις,
2716 4658 2833 4712 ἀλλ’
2875 4658 3141 4728 ὲργῶνται
3175 4656 3362 4729 Κυρίῳ
3402 4656 3479 4726 τῷ
3507 4655 3625 4726 Θεῷ
3659 4657 3757 4709 αύ-

2177 4755 2304 4809 τῶν.
2339 4775 2355 4806 ι
2413 4753 2552 4807 Ἀλλ’
2595 4753 2678 4806 ὅτι
2715 4753 2816 4824 μὲν
2846 4753 2910 4805 ἐκ
2961 4751 3172 4824 καρποῦ
3205 4750 3304 4821 τῆς
3344 4750 3548 4813 κοιλίας
3590 4749 3755 4802 Δαὸὶδ

2178 4848 2279 4901 καὶ
2301 4849 2364 4902 ὲκ
2393 4845 2706 4916 σπέρματος
2733 4843 3065 4915 Σολομῶνος,
3098 4843 3190 4896 καὶ
3224 4843 3288 4896 ὲκ
3315 4841 3470 4913 ῥίζης
3503 4843 3698 4895 Ἰεσσαὶ
3724 4843 3753 4892 6

2177 4937 2411 5008 Χριστὸς
2443 4937 2536 4989 τοῦ
2572 4935 2726 4988 Θεοῧν
2756 4930 3192 5004 γεννηθήσεσθαι
3223 4930 3574 5003 προείρηται,
3617 4930 3754 5000 ὅπερ

2178 5031 2271 5084 καὶ
2303 5029 2559 5098 γέγονεν,
2605 5028 2687 5081 ὅτι
2732 5026 2869 5097 μετὰ
2907 5025 3114 5096 μυρίων
3163 5023 3336 5078 ἄλλων
3373 5022 3753 5096 προσηγοριῶν

2183 5120 2276 5174 καὶ
2306 5119 2470 5173 Δαιῖιδ
2501 5117 2662 5172 αὑτὸν
2693 5115 3045 5186 ὀνομάζουσιν
3077 5116 3125 5167 οἱ
3160 5114 3290 5166 θεῖοι
3314 5112 3480 5181 λόγοι,
3504 5113 3753 5183 αὐτάρκη

2181 5211 2555 5266 πιστώσασθαι
2601 5211 2669 5264 τὰ
2720 5209 3005 5281 εἰρημένα.
3056 5209 3185 5264 Ὅτι,
3223 5207 3278 5258 δὲ
3326 5206 3419 5258 καὶ
3464 5207 3529 5258 ἐκ
3581 5204 3752 5274 φυλῆς

2192 5303 2360 5358 Ἰούδα
2384 5303 2608 5372 λέγεται,
2632 5300 3085 5374 προελεύσεσθαι,
3113 5299 3222 5352 οὐδ’
3252 5298 3318 5352 ἂν
3353 5296 3607 5369 ζητηθείή
3631 5336 3644 5356 ,
3673 5299 3760 5368 τῷ

2182 5396 2305 5468 μηδ’
2335 5395 2527 5466 ἑτέρας
2557 5395 2590 5468 ἦ
2617 5394 2718 5464 τῆς
2743 5392 3073 5465 δηλωθείσης
3117 5388 3289 5461 φυλῆς
3314 5389 3408 5442 καὶ
3431 5386 3594 5442 αὐτὸν
3619 5381 3766 5440 εἶναι

2178 5487 2268 5540 τὸν
2296 5488 2481 5541 Δαϐίδ.
2527 5487 2739 5540 Γένοιτο
2782 5485 2826 5538 δ’
2862 5484 2927 5539 ἂν
2975 5485 3039 5537 ἐκ
3082 5480 3396 5554 περιουσίας
3440 5479 3534 5532 καὶ
3565 5477 3758 5532 τούτου

2178 5581 2588 5654 παραστατικὸν
2623 5579 2682 5633 τὺ
2716 5579 2866 5650 παρὰ
2892 5579 3115 5632 Μωῦσεῖ
3145 5577 3356 5646 λόγιον,
3403 5571 3590 5626 τοῦτον
3632 5569 3758 5641 ἔχον

2177 5673 2268 5726 τὸν
2299 5674 2521 5726 τώπον.
