4106 6420
295 333 402 389 565

1147 329 1803 389 DEMONSTBATIONIS
1840 327 2296 387 EVANGELICAS
2333 325 2459 381 LIB.
2501 323 2603 378 Yll.

3447 317 3550 374 566

306 451 454 530 Ἀξτᾲ
481 451 592 519 τῆς
618 450 1129 530 Γενέοεωςς-Ῑης
1149 453 1217 506 ἐκ
1239 451 1438 530 φυέῆς
1456 452 1666 530 ,Ἰούδα
1683 469 1883 530 γεννη-

1994 449 2146 520 360
2174 445 2560 530 A_Genes.i.m——'
2596 436 3049 530 Quemadmodum
3097 451 3162 490 ex
3212 434 3353 530 trib‘u
3403 432 3550 488 Iuda

367 522 617 604 θήςεςαι
637 564 662 601 ,
683 524 779 575 καὶ
811 520 930 574 τῶν
957 519 1147 604 sola-(Br
1171 519 1504 590 προσδοκία
1546 526 1578 576 ό
1618 522 1875 589 Χριστὸς

371 593 481 647 τοῦ
517 591 665 646 Θεοῦ
687 591 1220 658 κατασταθήσεται.

375 743 395 776 ι
438 724 642 789 Ἰούδα,
679 725 739 778 σέ
771 725 1074 779 αίνέσουσιν
1105 727 1154 780 οξ
1189 725 1405 794 ἀδελφοί
1448 743 1573 791 σου,
1609 727 1662 780 αί
1699 726 1878 799 χεῖρές

2055 505 2300 592 ἦᾶεειιρν
2323 515 2411 579 qui
2433 505 2676 592 Christus
2703 519 2780 565 est
2805 507 2923 577 Dei,
2946 507 3182 578 idemque
3206 505 3436 577 gentium
3458 521 3553 560 ex-

2042 583 2295 651 spectatio
2321 583 2686 636 constituetur.

2055 739 2072 772 ι
2127 717 2285 781 Juda,
2313 727 2366 773 te
2402 715 2704 771 laudabunt
2757 710 2958 766 fratres
3001 709 3102 774 tui,
3134 722 3328 763 manus
3357 714 3464 762 tua:
3496 709 3551 762 in

297 833 395 870 σου
427 817 521 871 ἐπὶ
545 815 714 871 νώτου
737 817 846 872 τῶν
875 817 1083 890 ἐχθρῶν
1109 836 1222 884 σου,
1263 820 1696 891 προσκυνήσουσί
1725 837 1806 872 σοι
1829 820 1877 872 οί

1994 830 2130 885 .ergo
2157 812 2502 868 inimicorum
2535 817 2778 871 tuorum.
2818 804 3124 859 adorabunt
3152 810 3206 856 te
3252 800 3349 854 ﬁlii
3381 807 3552 870 patris

295 909 407 962 υἱοὶ
435 908 529 962 τοῦ
583 909 788 982 πατρός
837 927 950 965 σου.
993 910 1237 982 Σκύμνος
1277 910 1490 974 λέοντος
1511 949 1526 975 ,
1567 910 1766 976 Ἰούδα,
1816 912 1880 964 ἐκ

298 999 536 1070 βλαστοῦ
567 1017 666 1071 μου
686 1040 702 1062 ,
728 1001 810 1054 υίὲ
833 1042 847 1067 ,
878 1001 1099 1074 ἁνέὃης.
1141 1000 1450 1055 Ἀναπεσὼν
1484 1001 1779 1073 ἐκοιμήθης
1805 1001 1880 1065 ὡς

297 1085 474 1149 λέων,
503 1085 598 1139 καὶ
618 1085 694 1150 ὼς
712 1086 968 1158 σκύμνος.
1006 1089 1103 1153 Τίς
1141 1090 1324 1162 ἐγερεῖ
1353 1089 1544 1156 αὑτόν;
1573 1090 1686 1144 Οὐκ
1711 1089 1883 1142 ἐκλεί-

297 1177 391 1246 ψει
421 1180 606 1251 ἄρχων
634 1179 692 1244 ἐξ
722 1178 925 1246 Ἰούδα,
956 1180 1074 1234 οὐδὲ
1114 1179 1413 1253 ἡγούμενος
1451 1183 1516 1235 ἐκ
1553 1180 1661 1236 τῶν
1693 1181 1880 1254 μηρῶν

299 1271 502 1335 αὑτοῦ,
551 1271 656 1336 ἕως
695 1270 762 1326 ἂν
796 1271 922 1344 ἔλθῃ
974 1265 1018 1340 ᾧ
1049 1273 1369 1340 ἀπόκειται,
1410 1273 1504 1327 καὶ
1535 1273 1696 1337 αὐτὸς
1729 1274 1880 1328 ἔσται

301 1363 602 1434 προσδοκία
660 1362 850 1418 ἐθνῶν.
886 1383 904 1416 ι
953 1363 1172 1419 Δώδεκα
1217 1365 1396 1435 φυλῶν
1443 1365 1572 1438 παρ’
1614 1366 1887 1437 Ἑϐραίοις

299 1452 502 1518 οὐσῶν,
532 1453 598 1508 δι’
625 1447 699 1508 ὧν
725 1455 783 1507 τὸ
817 1456 924 1508 πᾶν
954 1454 1105 1519 ἔθνος
1139 1457 1496 1528 συνεστήκει,
1528 1458 1657 1527 μιᾶς
1679 1455 1886 1510 τούτων

300 1543 610 1616 προπάτωρ
655 1545 846 1614 γέγονε
874 1547 969 1600 καὶ
1001 1547 1298 1618 ἀρχίφυλος
1322 1550 1351 1602 ὁ
1390 1547 1622 1612 Ἰούδας,
1658 1547 1794 1617 πρὸς
1826 1547 1885 1602 δν

297 1635 654 1689 τεθέσπισται
696 1636 766 1690 τὰ
804 1638 1141 1709 προκείμενα
1164 1678 1179 1702 ,
1218 1637 1276 1704 ἐξ
1324 1639 1487 1693 αὐτοῦ
1519 1639 1612 1693 τὸν
1651 1641 1886 1710 Χριστὸν

301 1727 728 1799 προελεύσεσθαι
761 1730 1116 1802 σημαίνοντα.
1163 1731 1226 1784 El
1264 1731 1395 1800 γοῦν
1432 1731 1761 1801 συναγάγοις
1792 1732 1885 1784 ἐπὶ

299 1819 504 1883 ταύτὸ,
544 1820 636 1873 καὶ
666 1820 969 1893 πειραθείης
1006 1824 1070 1894 τῇ
1109 1821 1245 1893 μετά
1292 1825 1482 1895 χεῖρας
1521 1823 1620 1886 τὰς
1672 1824 1730 1875 ἐν
1773 1825 1884 1885 τοῖς

301 1909 543 1980 πρόσθεν
572 1909 818 1973 τεθείσας
845 1912 1198 1982 προφητείας,
1221 1911 1402 1983 εὕροις
1424 1911 1490 1966 ἂν
1517 1911 1714 1982 ὁμοίως
1744 1911 1886 1965 κατὰ

297 2016 357 2051 τι
391 1999 571 2051 κοινὸν
614 2003 838 2071 σημεῖον
879 2001 969 2055 τὸν
1018 2001 1182 2056 αὑτὸν
1226 2003 1649 2073 κηρυττόμενον.
1688 2003 1752 2055 Ἦ
1787 2002 1885 2073 μὲν

299 2091 414 2162 γὰρ
443 2091 598 2160 ἔλεγε
627 2095 755 2163 περὶ
784 2094 880 2147 τοῦ
914 2096 978 2147 ἐκ
1019 2094 1173 2165 ῥίζης
1213 2095 1409 2148 Ἰεσσαὶ
1445 2095 1884 2166 άναστησομένου

301 2184 388 2248 τὸ,
431 2203 449 2234 ι
483 2186 592 2237 Kal.
624 2185 774 2240 ἔσται
797 2187 1155 2258 ἀνιστάμενος
1178 2186 1369 2258 ἄρχειν
1396 2187 1584 2253 ἐθνῶν,
1616 2188 1702 2242 ἐπ’
1739 2187 1887 2258 αὐτῷ

305 2276 436 2347 ἔθνη
466 2275 739 2330 ἐλπιοῦσιν
760 2295 773 2308 ο
812 2298 830 2330 ›
871 2280 902 2349 ἡ
934 2278 990 2330 δέ
1019 2279 1146 2350 περὶ
1176 2279 1270 2331 τοῦ
1304 2279 1418 2332 υἱοῦ
1455 2278 1764 2350 Σολομῶνος
1791 2279 1885 2341 τὸ,

313 2386 334 2417 ι
367 2368 789 2438 κατακυριεύσει
839 2370 947 2422 ἀπὸ
986 2369 1260 2442 Θαλάσσης
1298 2371 1402 2435 ἕως
1451 2371 1758 2442 θαλάσσης,
1795 2373 1890 2425 καὶ⁵

308 2459 419 2511 ἀπὸ
469 2460 715 2530 ποταμοῦ
772 2462 875 2525 ἓως
920 2462 1172 2534 περάτων
1227 2463 1328 2535 τῆς
1383 2462 1744 2534 οἰκουμένης,
1795 2465 1890 2517 καὶ

311 2549 829 2622 ἐνευλογηθήσονται
873 2553 930 2606 ἐν
964 2553 1112 2624 αὐτῷ
1162 2554 1340 2609 πάντα
1386 2553 1456 2607 τὰ
1493 2554 1654 2626 ἐθνηο
1689 2572 1708 2606 ›
1755 2556 1789 2626 ή
1835 2554 1890 2608 δέ

317 2643 456 2712 μετὰ
479 2646 666 2714 χεῖρας
691 2646 1108 2717 παραπλησίως,
1146 2664 1166 2698 ι
1194 2645 1299 2710 ἕως
1325 2646 1393 2701 ἂν
1435 2645 1562 2717 ἔλθῃ
1584 2686 1597 2710 ,
1638 2664 1658 2698 ι
1686 2647 1850 2717 φησὶν
1871 2687 1886 2712 ,

319 2752 336 2782 ι
371 2725 417 2800 ᾧ
437 2733 726 2787 ἀπόκειται
749 2775 764 2798 ,
811 2735 904 2787 καὶ
932 2735 1094 2799 αὐτὸς
1135 2733 1286 2789 ἔσται
1317 2735 1611 2806 προσδοκία
1637 2734 1824 2788 ἐθνῶν.
1865 2754 1884 2786 ι

315 2822 379 2873 Ei
400 2821 466 2892 δὴ
489 2817 582 2875 οὖν
616 2823 928 2894 συνᾴδουσιν
953 2825 1009 2877 αἱ
1040 2823 1166 2896 περὶ
1193 2823 1304 2877 τῶν
1336 2823 1505 2877 ἐθνῶν
1536 2825 1888 2896 προρρήσεις,

315 2913 713 2987 ἀπεδείχθησαν
738 2915 794 2968 δὲ
821 2917 877 2968 αἰ
905 2915 1009 2986 πρὸ
1035 2915 1240 2970 τούτων
1271 2915 1476 2987 ὁρῶσαι
1506 2916 1596 2970 τὸν
1626 2917 1891 2989 ἡμέτερον

317 3006 583 3077 Σωτῆρα,
626 3007 779 3062 οὐδὲν
805 3007 871 3062 ἂν
901 3007 988 3079 εἴη
1019 3007 1266 3080 ἐμποδὼν
1301 3009 1376 3080 μὴ
1418 3008 1540 3080 οὐχὶ
1592 3009 1685 3062 τὸν
1731 3008 1893 3062 αὐτὸν

1981 908 2079 961 tui.
2118 904 2350 960 Catulus
2406 899 2578 957 leonis
2605 896 2775 960 Juda,
2815 893 2884 950 de
2924 893 3189 964 germine,
3231 890 3304 944 mi
3332 888 3430 956 fili,
3466 904 3554 944 as-

1981 997 2236 1061 cendisti,
2278 994 2606 1051 recumbens
2643 986 2951 1044 dormivisti
2987 992 3046 1039 ut
3083 985 3189 1047 leo,
3222 991 3277 1039 et
3308 989 3370 1037 ut
3399 989 3555 1036 catu-

1981 1091 2088 1154 lus,
2120 1089 2246 1160 quis
2295 1084 2553 1142 excitabit
2603 1080 2762 1137 cum?
2790 1093 2898 1132 non
2940 1076 3158 1132 deficiet
3197 1075 3451 1146 princeps
3487 1072 3556 1128 de

1983 1180 2143 1245 Juda,
2183 1191 2356 1248 neque
2391 1176 2499 1230 dux
2542 1173 2609 1228 de
2663 1169 2961 1226 femoribus
3006 1166 3147 1236 ejus,
3176 1165 3348 1220 donec
3374 1163 3558 1219 veniat

1984 1276 2075 1330 cui
2126 1272 2426 1343 repositum
2477 1275 2582 1331 est,
2633 1275 2687 1320 et
2723 1264 2841 1335 ipse
2897 1260 2999 1318 erit
3047 1258 3380 1330 exspectatio
3426 1271 3558 1328 gen—

1984 1367 2120 1422 tium
2150 1365 2217 1420 ὀ.
2260 1383 2278 1417 ι
2306 1361 2441 1417 Cum
2473 1357 2759 1414 duodecim
2813 1354 2954 1424 apud
2977 1351 3232 1407 Hebraaos
3263 1349 3440 1403 tribus
3471 1363 3559 1404 es-

1987 1465 2130 1517 sent.
2160 1471 2226 1510 ex
2255 1453 2452 1524 quibus
2487 1464 2618 1520 gens
2647 1448 2901 1502 universa
2929 1441 3238 1504 constabat,
3268 1440 3433 1494 unius
3461 1438 3559 1492 ha-
3583 1477 3592 1486 .

1985 1562 2107 1602 rum
2152 1544 2361 1616 primus
2391 1555 2589 1612 parens
2629 1552 2693 1591 ac
2738 1535 2991 1607 princeps
3017 1531 3227 1588 exstitit
3267 1530 3458 1594 Judas,
3491 1529 3558 1583 ad

1986 1652 2147 1708 quem
2176 1651 2260 1699 ea,
2313 1649 2434 1704 quae
2465 1628 2627 1684 modo
2659 1625 2948 1682 citavimus
2990 1624 3058 1677 ab
3103 1621 3326 1676 oraculo
3354 1621 3558 1675 directa

1989 1737 2136 1794 sunt,
2167 1743 2287 1799 qua:
2317 1726 2384 1781 de
2430 1725 2522 1779 illo
2554 1721 2672 1792 ipso
2701 1717 2978 1774 Christum
3013 1714 3354 1784 proditurum
3388 1711 3557 1782 signi-

1989 1823 2172 1877 ﬁcent.
2210 1819 2363 1886 Quod
2418 1817 2465 1870 si
2508 1813 2697 1870 eodem
2744 1807 3110 1879 congesseris,
3144 1814 3198 1862 et
3242 1804 3370 1859 huic
3395 1818 3559 1874 quam

1987 1927 2134 1969 nunc
2173 1917 2500 1972 tractamus,
2533 1921 2627 1962 eas
2658 1906 2785 1959 item
2815 1916 2936 1972 quae
2975 1899 3031 1954 in
3072 1896 3445 1968 superioribus
3464 1910 3563 1964 po-

1988 2007 2107 2061 sita‘.
2153 2011 2300 2068 sunt,
2353 1997 2664 2072 prophetias
2716 1992 3068 2066 apposueris,
3101 1989 3344 2044 invenies
3399 1986 3560 2043 simili

1988 2098 2200 2152 ratione
2229 2094 2298 2149 ad
2333 2091 2603 2163 quoddam
2653 2089 2868 2159 signum
2909 2098 3226 2148 commune,
3273 2095 3440 2135 unum
3479 2087 3562 2132 at-

1988 2204 2096 2261 que
2133 2186 2383 2243 eumdem
2429 2180 2690 2238 nuntiari.
2726 2178 2818 2232 llla
2849 2177 3066 2248 quidem
3100 2174 3168 2230 de
3215 2189 3279 2230 eo
3326 2171 3561 2235 dicebat,

1989 2283 2083 2353 qui
2115 2280 2182 2335 de
2210 2278 2393 2333 radice
2423 2274 2580 2330 Iesse
2609 2279 2754 2327 esset
2783 2275 3154 2329 surrecturus,
3195 2284 3215 2317 ι
3246 2274 3300 2319 et
3323 2262 3430 2318 erit
3467 2262 3562 2331 qui

1991 2374 2166 2445 surgit
2215 2373 2484 2441 imperare
2527 2366 2820 2438 gentibus,
2867 2364 2923 2417 in
2976 2362 3096 2432 ipso
3130 2364 3319 2430 gentes
3372 2370 3562 2425 spera-

1992 2468 2128 2523 bunt
2160 2467 2227 2521 “.
2261 2484 2280 2517 ι
2314 2462 2432 2516 Alia
2463 2475 2594 2516 vero
2625 2458 2692 2513 de
2727 2456 2838 2511 ﬁlio
2867 2452 3196 2515 Salomonis,
3234 2468 3253 2501 ι
3294 2456 3348 2504 et
3385 2448 3562 2503 domi-

1991 2557 2212 2614 nabitur
2242 2570 2274 2609 a
2301 2554 2439 2609 mari
2471 2567 2643 2623 usque
2666 2551 2730 2605 ad
2772 2563 2943 2612 mare,
2987 2555 3040 2602 et
3067 2560 3097 2599 a
3139 2542 3359 2597 ﬂumine
3387 2555 3566 2610 usque

1994 2649 2064 2704 ad
2096 2647 2234 2703 lines
2257 2645 2408 2701 orbis
2446 2652 2625 2706 teme,
2661 2649 2716 2696 et
2758 2638 3149 2695 benedicentur
3183 2634 3238 2688 in
3263 2648 3329 2688 eo
3373 2645 3564 2687 omnes

1992 2747 2180 2810 gentes
2195 2737 2264 2792 “.
2299 2755 2318 2788 ι
2345 2733 2422 2788 Ea
2442 2748 2573 2788 vero
2595 2745 2756 2802 quam
2787 2743 2932 2783 nunc
2979 2723 3318 2780 tractandam
3345 2733 3564 2775 assum—

1994 2809 2225 2900 psimus,
2249 2825 2434 2881 itidem
2467 2841 2480 2877 :
2520 2841 2538 2875 ι
2569 2821 2749 2876 Donec
2790 2818 2988 2882 veniat,
3019 2815 3216 2887 inquit,
3245 2811 3332 2868 cui
3355 2809 3568 2880 reposi-

1996 2898 2111 2975 tum
2146 2926 2249 2982 est,
2281 2926 2336 2974 et
2365 2917 2480 2986 ipse
2511 2915 2615 2969 erit
2664 2908 2998 2981 exspectatio
3041 2905 3303 2977 gentium.
3355 2921 3373 2955 ι
3409 2898 3567 2967 Quod

1998 3013 2044 3070 si
2070 3013 2187 3068 haec
2212 3011 2279 3066 de
2306 3008 2561 3082 gentibus
2585 3003 2805 3062 oracula
2832 2999 3189 3061 concordant,
3211 3004 3265 3051 et
3283 3002 3568 3050 ostensum

317 3099 538 3205 βλέπειν
551 3101 661 3205 ’καὶ
691 3101 788 3173 τήν
820 3102 1119 3174 παροῦσαν,
1144 3105 1300 3175 εῐπερ
1338 3103 1604 3176 σύμφωνα
1635 3104 1890 3176 ἀλλήλαις

1995 3113 2080 3161 est
2118 3100 2576 3174 quemadmodum
2620 3111 2683 3152 ea
2713 3105 2931 3165 quoque
2960 3104 3080 3161 quae
3108 3088 3222 3142 haec
3255 3086 3373 3156 ipsa
3413 3089 3569 3137 ante-

2269 3203 2276 3205 -
2386 3191 2400 3205 -
2453 3189 2486 3205 η
2528 3191 2540 3205 ι
2619 3197 2631 3205 -
2824 3191 3071 3205 _---_--...
3121 3187 3361 3205 MM.-.“
3431 3173 3566 3205 ..ιλιι

315 3194 704 3265 ὁμολογοῦνται
730 3173 1006 3261 θεσπίζειν
1024 3213 1038 3228 ’
1069 3173 1302 3268 μάλιστα
1329 3173 1420 3251 ὅτε
1448 3198 1608 3270 μέχρι
1646 3173 1890 3270 μὲν-τῶν

1996 3173 2304 3261 cesserunt,
2336 3191 2404 3248 ad
2453 3189 2790 3247 Salvatorem
2824 3191 3074 3240 nostrum
3120 3187 3387 3251 spectant,
3431 3173 3569 3230 nihil

314 3286 526 3356 χρόνων
572 3287 671 3358 τῆς
711 3287 804 3340 τοῦ
843 3287 1096 3360 Σωτῆρος
1131 3288 1290 3360 ἡμῶν
1337 3290 1661 3359 ἐπιφανείας
1699 3291 1747 3343 oi
1795 3287 1892 3343 τοῦ

328 3376 600 3430 Ἰουδαίων
641 3376 826 3442 ἔθνους
861 3381 1119 3451 ἄρχοντες
1158 3381 1254 3433 καὶ
1292 3381 1582 3452 ἡγούμενοι
1621 3381 1800 3435 αὐτῶν
1829 3383 1895 3435 ἐκ

317 3473 604 3541 προγόνων
649 3472 895 3543 διαδοχῆς
927 3475 1329 3545 συνεστήκεσαν
1351 3514 1366 3538 ,
1398 3475 1514 3545 ἅμα
1543 3473 1600 3528 δέ
1630 3477 1695 3546 τῇ
1727 3473 1892 3529 αὐτοῦ

316 3565 595 3637 παρουσίᾳ
620 3565 1046 3631 διελελοίπεσαν,
1073 3566 1208 3638 ὁμοῦ
1240 3584 1300 3620 τε
1334 3569 1366 3639 ή
1397 3565 1504 3620 τῶν
1534 3566 1705 3621 ἐθνῶν
1736 3585 1897 3639 προσ-

314 3655 470 3708 δοκία
493 3656 647 3720 τέλος
676 3656 849 3728 ἐπῆγε
881 3661 946 3729 τῇ
971 3657 1063 3711 τοῦ
1106 3657 1300 3712 Ἰακὼὸ
1339 3658 1658 3730 προρρήσει.
1688 3657 1896 3711 Οὐκοῦν

315 3747 598 3800 κάνταῦθα
632 3742 669 3801 δ’
696 3749 932 3821 Χριστὸς
959 3749 1304 3822 δηλούμενος,
1349 3749 1445 3804 καὶ
1466 3750 1586 3803 οὐδὲ
1612 3749 1768 3813 ἄλλος
1793 3791 1806 3814 ,
1833 3751 1897 3803 ἐκ

317 3839 491 3908 φυλῆς
530 3839 701 3894 Ἰούδα
742 3839 1185 3913 προελεύσεσθαι.
1229 3842 1339 3895 Καὶ
1384 3842 1474 3895 ὅτε
1519 3840 1577 3894 δὲ
1627 3842 1693 3894 ἐκ
1735 3841 1898 3895 Δαδὶδ

317 3930 414 3983 καὶ
458 3930 802 4003 Σολομῶνος,
853 3931 918 3986 ἐκ
955 3950 1016 3986 τε
1052 3933 1151 4005 τῆς
1201 3932 1356 4005 ῥίζης
1416 3933 1615 3986 Ἰεσσαὶ
1657 3931 1896 4002 γεγονὼς

320 4024 606 4095 ἐδηλοῦτο,
645 4027 710 4079 ἐκ
747 4021 848 4098 τῆς
888 4027 1059 4098 αὐτῆς
1103 4025 1276 4096 φυλῆς
1319 4026 1394 4079 ῶν
1423 4024 1717 4082 ἐδείκνυτο.
1761 4026 1898 4088 Παῖς

327 4118 425 4188 μὲν
453 4118 563 4190 γὰρ
591 4115 658 4191 ἦν
676 4119 771 4172 τοῦ
806 4120 1004 4173 Ἰεσσαὶ
1029 4119 1213 4183 Δαὸὶδ,
1231 4119 1325 4172 τοῦ
1353 4119 1409 4172 δὲ
1430 4117 1594 4172 Δαὸὶδ
1625 4115 1894 4187 Σολομὼν,

325 4211 620 4276 συστάντες
649 4214 711 4264 ἐκ
747 4211 919 4282 φυλῆς
951 4210 1137 4267 Ἰούδα.
1162 4210 1262 4281 Εἴη
1298 4209 1362 4264 ἂν
1396 4208 1683 4280 τοιγαροῦν
1711 4207 1771 4273 ἐξ
1800 4209 1898 4261 αὐ-

322 4305 424 4374 τῆς
458 4308 487 4358 ὁ
518 4304 706 4379 Σωτὴρ
742 4309 837 4362 καὶ
887 4307 1091 4379 Κύριος
1138 4303 1330 4376 ήμῶν,
1372 4302 1657 4375 ὡσπεροῦν
1708 4305 1736 4357 ὁ
1779 4301 1902 4354 θαυ-

327 4395 521 4463 μάσιος
568 4397 956 4469 εύαγγελιστὴς
1003 4397 1312 4466 γενεαλογεί
1367 4395 1645 4459 Ματθαῖος
1691 4394 1863 4463 λέγων
1884 4411 1896 4423 ·

2003 3288 2237 3360 amplius
2267 3285 2431 3341 fuerit
2459 3281 2868 3354 impedimento,
2899 3277 3032 3350 quin
3091 3273 3197 3328 hoc
3227 3273 3402 3342 ipsum
3432 3284 3571 3339 quo-

1996 3398 2102 3454 que
2131 3379 2274 3452 quod
2305 3392 2449 3433 nunc
2470 3385 2790 3439 tractamus,
2817 3369 3067 3428 eumdem
3095 3366 3247 3423 illum
3269 3362 3526 3434 respiciat
3551 3380 3565 3414 :

1997 3470 2437 3544 quandoquidem
2485 3467 2598 3538 jam
2643 3477 2967 3519 concessum
3010 3466 3095 3516 est
3127 3499 3142 3524 ,
3204 3460 3570 3510 consentanea

1997 3567 2139 3620 inter
2175 3578 2235 3617 se
2264 3562 2334 3616 ah
2358 3558 2614 3614 omnibus
2660 3556 2770 3611 illis
2799 3552 3034 3610 divinari
3067 3569 3081 3606 :
3114 3546 3414 3621 prmsertim
3444 3560 3571 3599 cum
3632 3597 3634 3599 ,

2001 3671 2173 3726 usque
2217 3653 2285 3707 ad
2317 3661 2562 3722 tempora
2609 3647 2876 3702 adventus
2921 3640 3220 3698 Salvatoris
3249 3638 3446 3702 nostri,
3475 3634 3574 3690 Ju-

1998 3751 2168 3805 daicae
2217 3747 2395 3820 gentis
2437 3743 2713 3815 principes
2759 3737 3112 3810 ejusdemque
3138 3734 3304 3788 duces
3349 3746 3416 3786 ex
3455 3745 3575 3784 ma-

1996 3844 2180 3913 jorum
2213 3852 2437 3895 suorum
2470 3833 2820 3891 successione
2847 3827 3268 3902 permanserint,
3303 3836 3410 3876 una
3443 3835 3574 3875 vero

2000 3912 2126 3987 cum
2157 3931 2276 4000 ejus
2323 3931 2560 3982 adventu
2605 3921 2940 3984 defecerint,
2993 3917 3343 3990 gentiumque
3370 3912 3576 3982 pariter

1999 4020 2503 4094 exspectatioﬁnem
2529 4017 2705 4088 ipsius
2732 4013 2901 4068 Jacob
2938 4010 3201 4066 vaticinio
3233 4005 3574 4077 imposuerit.

2000 4112 2169 4184 Igitur
2198 4112 2300 4166 hoc
2321 4111 2484 4165 etiam
2508 4109 2564 4162 in
2589 4108 2708 4162 loco
2732 4105 3005 4166 Chrislus,
3032 4101 3125 4171 qui
3156 4099 3272 4169 ipse
3299 4112 3406 4152 non
3435 4095 3577 4151 alius

2001 4205 2067 4262 de
2097 4205 2243 4262 tribu
2269 4201 2408 4257 Juda
2430 4199 2743 4271 proditurus
2771 4196 3128 4268 signiﬁcatur,
3154 4192 3355 4261 quique
3376 4204 3444 4244 ex
3473 4189 3578 4241 Da-

2001 4298 2091 4354 vid
2122 4304 2176 4353 et
2209 4295 2522 4359 Salomone,
2562 4291 2721 4362 361
2757 4297 2918 4360 atque
2946 4302 3012 4341 ex
3055 4283 3240 4339 radice
3278 4281 3435 4337 Jesse
3461 4279 3578 4334 exi-

2003 4399 2162 4446 turus
2191 4387 2487 4450 ferebatur,
2518 4400 2584 4440 ex
2629 4383 2819 4439 eadem
2851 4379 2994 4434 tribu
3025 4375 3305 4448 profectus
3334 4371 3580 4429 ostendi-

328 4507 347 4539 ι
379 4489 573 4552 Βίϐλος
599 4490 864 4558 γενέσεως
897 4466 1070 4564 Ἰησοῦ
1093 4488 1360 4563 Χριστοῦ.
1406 4489 1524 4542 υἱοῦ
1553 4487 1718 4542 Δαὸἱδ
1735 4527 1749 4550 ,
1781 4487 1890 4540 υίοῐ

2007 4491 2116 4537 tur.
2142 4480 2274 4534 Nam
2302 4476 2457 4534 Iesse
2485 4476 2703 4547 quidem
2731 4473 2874 4529 ﬁlius
2900 4471 3000 4526 fuit
3033 4469 3199 4523 David
3239 4489 3250 4524 :
3283 4466 3457 4535 ipsius
3489 4480 3582 4518 au-

336 4580 606 4652 Ἀσραάμ.
653 4582 903 4654 Ἀϐραὰμ
938 4582 1195 4653 ἐγέννησε
1223 4582 1314 4636 τὸν
1363 4581 1578 4635 Ἰσαάκ·
1621 4579 1805 4633 Ἰσαὰκ
1841 4579 1898 4632 δὲ

325 4673 584 4744 ἐγέννησε
615 4673 705 4727 τὸν
740 4674 964 4728 Ἰακώὸο
1011 4674 1202 4728 Ἰακὼὸ
1244 4675 1301 4728 δὲ
1340 4673 1597 4744 ἐγέννησε
1628 4671 1721 4725 τὸν
1770 4670 1899 4724 Ἰού-

324 4764 451 4815 δανο
488 4784 506 4817 ι
544 4766 639 4819 καὶ
670 4765 739 4818 τὰ
776 4764 921 4836 ἑξῆς.
970 4767 1126 4820 Ἀλλὰ
1171 4765 1280 4839 γὰρ
1313 4766 1407 4820 καὶ
1449 4764 1654 4817 τούτων
1689 4763 1787 4836 τὴν
1824 4765 1902 4817 οἰ-

329 4855 483 4909 κείαν
513 4857 784 4924 ἀπόδειξιν
811 4857 1186 4930 ἀπειληφότων
1207 4897 1220 4922 ,
1256 4856 1446 4927 καιρὸς
1479 4855 1571 4908 καὶ
1609 4854 1734 4917 τοὺς
1771 4853 1899 4924 χρό-

326 4965 453 5012 νους
514 4949 744 5001 συνιδεῖν
802 4949 900 5020 τῆς
958 4948 1067 5001 τῶν
1116 4946 1605 5020 προηγορευμὲνων
1649 4943 1896 5015 ἀποπληη

331 5055 571 5109 ρωσεως.

2006 4582 2113 4628 tem
2135 4570 2304 4626 David
2333 4570 2611 4634 Salomon,
2637 4567 2730 4638 qui
2751 4567 2818 4622 de
2844 4566 2987 4620 tribu
3015 4561 3154 4618 Juda
3184 4558 3400 4615 oriundi
3430 4563 3579 4612 sunt.

2005 4667 2120 4723 Erit
2147 4680 2276 4738 ergo
2308 4681 2376 4720 ex
2423 4664 2612 4720 eadem
2658 4660 2908 4717 Salvator
2935 4673 2999 4713 ac
3045 4655 3308 4710 Dominus
3340 4659 3528 4706 noster
3565 4667 3577 4702 :

2008 4760 2148 4814 sicut
2189 4760 2357 4814 etiam
2398 4757 2616 4813 divinus
2647 4754 2981 4826 evangelista
3033 4748 3319 4804 Mattheus
3357 4745 3414 4799 in
3461 4743 3582 4812 ejus

2006 4865 2202 4922 genere
2233 4849 2506 4904 narrando
2536 4847 2859 4903 testificatur
2885 4843 3075 4899 dicens
3114 4859 3126 4895 :
3169 4858 3186 4889 ι
3225 4836 3389 4892 Liber
3419 4848 3585 4904 gene-

2013 4941 2243 4996 rationis
2289 4940 2418 4996 Jesu
2469 4939 2675 4994 Christi
2735 4936 2830 4990 ﬁlii
2883 4932 3088 4996 David,
3138 4929 3234 4985 filii
3282 4927 3580 4982 Abraham.

2013 5032 2286 5088 Abraham
2315 5031 2499 5103 genuit
2526 5029 2676 5086 Isaac
2711 5048 2723 5082 :
2754 5029 2902 5083 ISaac
2924 5034 3103 5080 autem
3155 5021 3341 5093 genuit
3367 5016 3536 5073 Jacob
3565 5032 3580 5070 :

327 5131 502 5188 Jacoh
549 5141 728 5190 autem
817 5135 1002 5206 genuit
1060 5132 1251 5188 ludam
1283 5133 1351 5198 ",
1427 5153 1446 5184 ι
1488 5140 1543 5187 et
1592 5140 1810 5189 caetera.
1867 5130 1975 5187 Sed
2013 5129 2232 5202 quando
2267 5130 2459 5183 harum
2509 5143 2690 5183 rerum
2737 5125 3010 5197 propriam
3063 5117 3582 5177 demonstrationem

330 5231 760 5299 explicavimus,
831 5241 1043 5302 tempus
1093 5232 1205 5302 jam
1261 5229 1424 5287 fuerit
1479 5232 1676 5287 intueri
1735 5230 1935 5301 quibus
2009 5227 2344 5298 temporibus
2381 5242 2445 5281 ea
2498 5241 2618 5296 quae
2663 5222 2938 5294 propheta:
2995 5217 3374 5290 praedixerant,
3436 5225 3587 5265 corn-

332 5323 476 5392 pleta
509 5324 638 5378 sint.

408 5503 454 5535 ³⁸
492 5503 624 5560 Gen.
660 5521 820 5572 uix,
855 5506 1004 5560 8-l0.

1083 5512 1122 5538 "
1169 5507 1273 5563 Isa.
1312 5524 1396 5572 λι,
1439 5508 1522 5563 10.
1563 5511 1606 5543 ³²
1636 5505 1778 5562 Psal.
1820 5519 1943 5559 Lm
1972 5544 1986 5567 ,
2018 5504 2082 5569 8,
2126 5502 2208 5556 l7.
2286 5502 2328 5532 ’³
2367 5497 2554 5552 Matth.
2593 5511 2640 5560 l,
2679 5499 2726 5567 l,
2760 5501 2808 5552 Ξ.

1943 5733 2010 5748 .-
