4106 6420
1230 310 1320 367 EU
1330 308 1501 366 SEBII
1541 305 1909 365 CL’ESABIEN
1919 306 2033 364 SIS
2059 307 2085 364 (ξ

2185 313 2213 362 ⁵.
2248 299 2437 363 ῬΜὶὸ
2473 306 2538 361 ll.
2563 336 2631 347 —
2656 300 3159 364 ΑΡοιοσΕτισιι.

1426 614 1588 687 3“
1630 562 2729 801 ΕΥΣΕΒΙΟΥ

1753 911 1980 999 ΤΟΥ
2043 906 2645 998 ΠΑΜΦΙΛΟΥ
3111 962 3114 969 ι

1005 1105 2186 1240 ΕΥΑΓΓΕΛΙΚΗΣ
2258 1097 3134 1235 ΑΠΟΔΕΙΞΕ

1681 1350 2119 1434 ΒΙΒΛΙΟΝ
2184 1344 2670 1434 ΟΓΔΟΟΝ.

1284 1676 2045 1839 EUSEBII
2128 1668 3050 1830 PAMPHILI

852 1968 2359 2107 DEMONSTBATIONIS
2435 1966 3499 2101 EVANGELICIE

1663 2227 2022 2314 LIBER
2075 2221 2661 2317 OCTAVUS.

524 2549 699 2610 HAEC
733 2545 1026 2605 INSUNT
1052 2544 1137 2600 ΙΝ
1170 2543 1354 2603 OCTA
1374 2543 1467 2601 νο
1501 2543 1729 2602 LIBRO
1760 2544 2095 2600 EVANGE-
2131 2554 2171 2612 Α

594 2619 791 2677 LICE
848 2618 944 2676 DE
990 2615 1430 2674 SALVATORE
1460 2616 1757 2676 NOSTRO
1806 2616 2101 2673 DEMON-

593 2690 852 2749 STRAT!
865 2689 1001 2747 0N1
1011 2689 1072 2745 S.

516 2803 600 2863 De
626 2803 944 2875 temporibus
975 2803 1090 2875 ejus
1123 2801 1193 2857 ad
1216 2802 1451 2875 homines
1501 2802 1760 2875 aduentus
1804 2818 1869 2857 ea:
1903 2804 2099 2859 subno-

868 2876 995 2929 tatit
1042 2872 1231 2928 divina
1255 2872 1547 2940 Scripturw
1592 2873 1740 2928 locis.

592 2992 641 3047 ί.
673 2990 716 3045 Α
751 2989 961 3045 Genesi.

587 3060 643 3117 2.
677 3062 722 3114 Α
761 3061 999 3116 Daniele.

588 3134 642 3188 5.
673 3132 719 3186 Α
749 3129 999 3186 licitam.

586 3203 642 3260 4.
678 3204 717 3255 Α
753 3200 1040 3256 Zaclraria.

587 3273 638 3328 5.
676 3274 714 3326 Α
727 3272 756 3325 b
789 3272 962 3327 Isaia.

1092 3380 1521 3441 ΡῐιοοΕΜιυΜ.

583 3498 722 3555 Cum
768 3508 927 3556 antea
986 3500 1545 3558 demonstraverimus
1591 3501 1646 3556 in
1687 3516 1849 3574 quam
1906 3501 2093 3557 multis

514 3590 814 3663 Scriptum
868 3591 1066 3649 divina:
1120 3593 1261 3650 locis
1296 3592 1393 3649 Dei
1428 3591 1664 3650 V'erbum
1718 3593 1785 3649 ad
1839 3593 2092 3650 homines

512 3692 803 3738 venturum
839 3692 1149 3748 caneretur,
1207 3684 1459 3756 undeque
1491 3692 1546 3739 et
1576 3684 1690 3751 ubi,
1723 3692 1777 3741 et
1816 3682 2092 3755 quomodo

511 3775 581 3829 iis
605 3774 700 3845 qui
748 3775 804 3831 in
838 3784 984 3831 terra
1022 3786 1374 3834 versarentur
1404 3776 1700 3834 videndum
1753 3777 2092 3849 propheticis

2207 2546 2334 2620 me
2342 2544 2651 2620 E__BI_V_I_5'§
2660 2544 2816 2620 1111
2836 2545 2939 2620 ei!
2950 2618 2963 2620 _
2979 2543 3072 2620 ra
3124 2550 3262 2620 om
3271 2551 3367 2620 ag
3414 2553 3800 2611 Σιτιτριιπι

2269 2616 2457 2668 MATI
2494 2612 2638 2667 ΤΗΣ
2679 2615 2854 2668 ΠΕΡΙ
2896 2612 3386 2675 ΤΟΥΣΩΤΙΠ³οΣ
3412 2624 3628 2679 ΗΜΩΝ
3666 2628 3802 2680 ΕΥ-

2272 2686 2706 2740 ΑΓΓΕΛΙΚΗΣ
2739 2684 3220 2743 ΑΠΟΔΕΙΞΕΩΣ.

2199 2800 2346 2879 Περὶ⁸
2378 2798 2499 2879 τῶν
2536 2798 2907 2879 κρὼςωνεῆς
2931 2804 3020 2868 είς
3052 2803 3407 2879 ἀνθρώπους
3438 2806 3796 2879 ἐπιφανείας

2280 2870 2488 2936 αὑτοῦ,
2522 2870 2591 2924 ὲκ
2624 2870 2744 2923 τῶν
2770 2870 3395 2946 ὐποσεσημειώμένωφέ
3421 2870 3701 2949 Γρᾰφῶν.

2268 2981 2337 3054 αξ.
2384 2982 2528 3037 Ἀπὸ
2560 2982 2673 3054 τῆς
2692 2983 3026 3054 Γενέσεως.

2271 3052 2336 3123 βέ.
2385 3054 2527 3108 Ἀπὸ
2557 3053 2663 3108 τοῦ
2698 3055 2949 3119 Δανιήλ.

2268 3122 2340 3191 γ’.
2390 3123 2535 3179 Ἀπὸ
2568 3123 2676 3178 τοῦ
2708 3127 2953 3194 Μιχαία.

2267 3194 2329 3248 δ’.
2378 3195 2523 3267 Ἀπὸ
2548 3195 2658 3250 τοῦ
2694 3198 3010 3267 Ζαχαρίου.

2269 3271 2329 3317 ε’.
2373 3266 2516 3320 Ἀπὸ
2546 3266 2652 3321 τοῦ
2693 3266 2955 3322 Ἡσαΐου.

2792 3382 3198 3439 ΠΡΟΟΙΜΙΟΝ.

2274 3493 2677 3559 Ἀποδείξαντες
2709 3494 2777 3547 δι’
2810 3496 2949 3549 ὅσων
2980 3498 3009 3550 ὸ
3038 3498 3133 3551 τοῦ
3181 3498 3316 3555 Θεοῦ
3362 3504 3535 3574 Λόγος
3572 3509 3652 3571 εἰς
3686 3509 3763 3565 ἀν

2194 3588 2445 3663 θρώπους
2499 3587 2648 3660 ἥξειν
2697 3586 3034 3654 ὲθεσπίζετο,
3062 3590 3186 3646 ὅθεν
3226 3595 3321 3648 καὶ
3367 3596 3474 3669 ὅπη
3505 3599 3599 3652 καὶ
3630 3601 3788 3666 ὅπως

2191 3680 2522 3754 ὀφθήσεσθαι
2552 3682 2667 3744 τοῖς
2690 3679 2783 3734 ἐπὶ
2810 3680 2914 3752 γῆς
2942 3682 2999 3735 ὲν
3032 3686 3154 3748 ταῖς
3181 3688 3311 3760 παρ’
3349 3688 3622 3763 Ἑϐραίοις
3647 3709 3762 3764 προ

2193 3775 2446 3845 φητικαίς
2480 3776 2681 3842 φωναῖς
2710 3774 2809 3844 ὲκη
2820 3774 3058 3844 ρύττετο,
3093 3776 3175 3830 ὅτι
3188 3795 3246 3831 τε
3274 3780 3435 3846 αὐτὸς
3458 3784 3665 3850 ἐκεῖνος
3686 3782 3781 3858 ἦν,

510 3867 655 3937 apud
687 3865 944 3924 Hebraeos
969 3869 1192 3925 vocibus
1253 3870 1621 3934 nuntiaretur,
1678 3878 1734 3925 et
1764 3870 1910 3941 quod
1942 3870 2085 3925 idem

2193 3859 2285 3913 καὶ
2315 3860 2423 3913 οὐδ’
2455 3859 2632 3923 ἄλλος,
2662 3862 2691 3915 ὁ
2729 3860 2839 3915 τῶν
2871 3861 3084 3917 αἰώνων
3119 3870 3476 3938 προῦφεςτὼς
3511 3873 3638 3938 Υἱὸς
3680 3877 3782 3931 τοῦ

508 3971 620 4011 non
652 3957 816 4024 alius,
847 3958 944 4014 sed
974 3959 1092 4029 ipse
1137 3959 1228 4015 ille
1254 3967 1402 4017 esset
1434 3958 1527 4015 Dei
1557 3957 1749 4025 Filius,
1775 3960 1871 4031 qui
1903 3959 2085 4016 omnia

2191 3951 2349 4019 Θεοῦ,
2379 3954 2437 4007 ὃν
2473 3953 2561 4008 διὰ
2598 3954 2707 4009 τῶν
2746 3955 2949 4026 ἐτέρων
2974 3956 3109 4011 Θεόν
3138 3977 3198 4015 τε
3234 3963 3329 4015 καὶ
3365 3963 3587 4038 Κύριον,
3618 3970 3780 4043 ἀρχι-

508 4050 713 4106 szecula
764 4051 1060 4119 antecedit,
1115 4068 1388 4125 quemque
1418 4052 1475 4107 in
1510 4053 1667 4126 aliis,
1704 4060 1759 4110 et
1813 4055 2002 4121 Deum,
2033 4060 2089 4109 et

505 4140 823 4208 Dominum,
848 4154 902 4201 et
929 4145 1167 4216 primum
1199 4145 1603 4217 imperatorem,
1645 4152 1699 4202 et
1740 4146 1922 4218 magni
1956 4162 2089 4201 con-

506 4236 618 4293 silii
651 4236 926 4309 angelum,
955 4247 1009 4293 et
1041 4237 1136 4294 Dei
1166 4239 1479 4309 pontiﬁcem
1514 4254 1639 4295 esse
1691 4247 1851 4295 antea
1893 4240 2087 4296 didici-

502 4343 666 4387 mus:
699 4328 951 4399 sequitur
982 4337 1043 4383 ut
1083 4336 1207 4400 post
1227 4329 1319 4383 illa
1347 4329 1531 4385 omnia
1547 4345 1671 4401 qua:
1701 4330 1958 4401 superius
1984 4346 2085 4386 ex-

501 4423 705 4493 plicata
757 4429 925 4486 sunt,
958 4420 1203 4490 ejusdem
1250 4422 1519 4478 adventus
1570 4431 1819 4494 tempora
1851 4439 1918 4479 ex
1950 4425 2086 4494 ipsis

499 4526 697 4571 rursus
753 4511 1090 4585 propheticis
1138 4513 1589 4584 praedictionibus
1645 4531 1710 4572 ac
1750 4518 2083 4573 testimoniis

498 4605 962 4673 demonstremus,
994 4610 1233 4683 indeque
1288 4610 1505 4665 initium
1538 4610 1699 4682 363
1729 4609 1963 4681 hujusce
2002 4611 2083 4666 rei

496 4699 803 4768 capiamus.
840 4697 1171 4770 Tcmporum
1222 4701 1367 4757 enim
1409 4701 1611 4773 quibus
1637 4702 1843 4758 Christi
1876 4702 2081 4758 adven—

494 4795 588 4847 tus
615 4788 836 4849 futurus
866 4799 1035 4857 esset,
1067 4792 1225 4863 signa
1255 4791 1530 4850 evidentia
1575 4794 1691 4850 haec
1722 4792 1873 4859 fore,
1908 4809 2081 4850 sacrae

496 4877 693 4937 litterae
721 4883 999 4937 nuntiant.
1026 4882 1164 4938 Cum
1202 4883 1306 4937 tria
1334 4882 1634 4954 insigniora
1664 4883 1909 4955 vigerent
1935 4885 2080 4954 apud

495 4971 755 5031 Hebraeos
790 4975 1212 5046 magistratuum
1251 4991 1474 5047 genera,
1508 4992 1539 5032 a
1563 4977 1767 5049 quibus
1794 4992 1929 5048 gens
1960 4976 2077 5047 ipsa

493 5078 695 5123 nomen
723 5075 778 5124 et
810 5068 981 5124 decus
1010 5068 1314 5133 obtinebat,
1343 5086 1513 5125 unum
1568 5072 1801 5141 regium,
1843 5070 2076 5126 alterum

491 5156 893 5227 prepheticum,
915 5160 1137 5216 tertium
1166 5161 1530 5232 pontificium,
1555 5162 1751 5217 horum
1780 5163 2075 5218 simulem-

2192 4046 2495 4117 στράτηγον
2549 4046 2642 4100 καὶ
2693 4046 2936 4118 μεγάλης
2989 4047 3186 4122 βουλῆς
3236 4054 3485 4123 ἄγγελον,
3534 4059 3670 4114 Θεοῦ
3713 4078 3776 4115 τε

2188 4137 2450 4210 ἀρχιερέα
2513 4139 2800 4209 τυγχάνειν
2861 4145 3397 4218 προμεμαθήκαμεν,
3460 4150 3776 4218 ἀκολούθως

2192 4229 2329 4300 μετά
2361 4230 2431 4283 τὰ
2464 4232 2986 4307 προδιεξωδευμένα,
3026 4238 3152 4301 τοὺς
3182 4240 3407 4312 χρὸνους
3433 4242 3535 4313 τῆς
3574 4244 3775 4314 ἐπιφα-

2186 4322 2333 4388 νείας
2363 4324 2528 4378 αὐτοῦ
2561 4325 2721 4380 πάλιν
2756 4326 2817 4391 ἐξ
2855 4325 3034 4381 αὐτῶν
3071 4329 3179 4383 τῶν
3205 4336 3560 4406 προφητικῶν
3596 4340 3771 4411 προρ-

2187 4415 2395 4487 ρήσεων
2427 4418 2949 4491 ὲπιμαρτυρώμεθα,
3002 4419 3214 4476 ἐνθένδε
3271 4424 3590 4496 ἀρξάμενοι.
3647 4430 3770 4484 Τῶν

2185 4506 2392 4579 χρόνων
2420 4507 2517 4579 τῆς
2550 4508 2643 4561 τοῦ
2674 4510 2913 4582 Χριστοῦ
2964 4514 3264 4583 παρουσίας
3297 4517 3506 4588 ἐκφανῆ
3570 4523 3771 4591 σημεῖ-ι

2183 4601 2310 4655 τάδε
2343 4600 2564 4654 ἔσεσθαι
2598 4600 3072 4676 προκηρύττουσιν
3106 4608 3162 4660 αἱ
3197 4609 3341 4680 ἱεραὶ
3378 4609 3613 4682 Γραφαί.
3640 4615 3770 4666 Ὄν-

2182 4710 2290 4746 των
2353 4693 2519 4766 τριῶν
2574 4693 2662 4748 τὸ·
2694 4696 2823 4767 πρὶν
2882 4699 3161 4768 ἐπιφανῶν
3233 4698 3558 4773 ἀξιωμάτων
3620 4705 3772 4778 παρὰ

2196 4784 2466 4858 Ἑϐραίοις
2484 4786 2913 4859 διαπρεπόντων,
2929 4789 2996 4843 δι’
3014 4782 3090 4843 ὧν
3113 4791 3173 4845 τὸ
3192 4790 3343 4856 ἔθνος
3366 4799 3766 4867 συνεκροτεῖτο,

2182 4877 2301 4941 ἐνὸς
2335 4878 2431 4950 μὲν
2468 4877 2562 4932 τοῦ
2602 4878 2905 4950 βασιλικοῦ,
2936 4882 3126 4955 ἐτέρου
3162 4883 3224 4937 δὲ
3272 4884 3365 4938 τοῦ
3401 4888 3765 4959 προφητικοῦ,

2181 4972 2275 5026 καὶ
2311 4973 2405 5026 ἐπὶ
2439 4972 2649 5038 τούτοις
2678 4975 2771 5029 τοῦ
2809 4976 3219 5050 ἀρχιερατικοῦ,
3254 4978 3460 5035 τούτων
3497 4983 3637 5054 ὁμοῦ
3668 4985 3767 5056 τὴν

2180 5062 2477 5119 κατάλυσιν
2506 5066 2602 5119 καὶ
2637 5066 2736 5139 τὴν
2785 5069 3025 5140 παντελῆ
3072 5070 3392 5142 καθαίρεσιν
3431 5076 3635 5149 σημεῖα
3666 5076 3767 5150 τῆς

2178 5155 2273 5209 τοῦ
2306 5156 2539 5230 Χριστοῦ
2562 5159 2862 5231 παρουσίας
2887 5160 3109 5215 ἔσεσθαι
3131 5162 3468 5229 θεσπίζουσι.
3486 5160 3767 5239 Δείγματα

491 5248 645 5304 nium
677 5251 1093 5322 dissipationem
1148 5264 1313 5325 atque
1364 5263 1663 5310 extremam
1707 5256 2068 5320 eversionem,

2185 5248 2231 5302 δὲ
2246 5249 2357 5304 τῶν
2386 5251 2564 5307 αὐτῶν
2583 5247 2720 5306 εἶναι
2741 5254 2948 5325 χρόνων
2964 5256 3055 5307 καὶ
3080 5255 3178 5327 τῆς
3203 5258 3345 5312 κατὰ
3370 5259 3609 5315 Μωῦσέα
3637 5262 3767 5333 θρη-

493 5338 805 5409 signilleare
852 5342 1144 5398 adventum
1173 5344 1379 5401 Christi
1405 5345 1597 5401 adesse
1658 5345 2027 5400 vaticinantur
2059 5365 2072 5400 :

491 5439 814 5502 argumenta
845 5449 973 5487 vero
1008 5442 1170 5505 atque
1194 5434 1396 5490 indicia
1421 5435 1738 5492 eorumdem
1768 5452 1891 5492 esse
1933 5444 2074 5491 tem-

491 5535 711 5591 porum,
741 5536 866 5576 cum
888 5521 1128 5580 Mosaico
1164 5527 1292 5581 ritui
1324 5526 1487 5582 linem
1522 5527 1805 5598 injectum,
1837 5536 1951 5581 tum
1984 5527 2070 5599 ip-

490 5613 612 5671 sius
638 5609 943 5669 Jerusalem
985 5616 1304 5687 templique,
1328 5618 1476 5690 quod
1519 5620 1574 5673 in
1605 5634 1764 5673 saera
1792 5628 1912 5674 erat
1940 5619 2073 5674 soli-

489 5702 705 5768 tudine,
730 5711 847 5759 tum
891 5705 1058 5761 etiam
1106 5708 1379 5763 universae
1407 5706 1652 5765 Judaicaa
1680 5711 1828 5780 genti
1863 5711 1932 5766 ab
1960 5710 2071 5765 ini-

491 5796 651 5853 micis
687 5804 849 5869 atque
879 5798 1132 5857 hostibus
1156 5798 1348 5872 jugum
1403 5802 1687 5860 servitutis
1730 5804 2067 5877 impositum.

2186 5342 2372 5407 σκείας
2404 5344 2503 5416 τὴν
2531 5345 2897 5417 περιγραφὴν,
2930 5347 3031 5417 τῆς
3056 5364 3115 5399 τε
3158 5348 3513 5423 Ἰερουσαλὴμ
3544 5355 3636 5407 καὶ
3668 5355 3764 5408 τοῦ

2183 5433 2320 5507 πρὸς
2370 5434 2508 5507 αὐτῇ
2572 5436 2717 5509 ἱεροῦ
2762 5438 2861 5509 τὴν
2908 5438 3209 5510 ἐρήμωσιν,
3242 5441 3303 5494 οὐ
3348 5444 3456 5514 μὴν
3496 5443 3633 5500 ἀλλά
3673 5446 3766 5500 καὶ

2179 5524 2274 5579 τοῦ
2296 5528 2494 5592 παντὸς
2527 5528 2793 5582 Ἰουδαίων
2821 5528 3006 5594 ἔθνους
3024 5530 3125 5602 τὴν
3150 5532 3255 5585 ὑπὸ
3287 5538 3399 5599 τοῖς
3425 5535 3645 5608 ἐχθροῖς
3670 5541 3766 5592 καὶ

2174 5618 2454 5691 πολεμίοις
2483 5619 2749 5687 δουλείαν,
2787 5622 2880 5676 καὶ
2913 5622 3047 5677 ἄλλα
3082 5625 3140 5679 δὲ
3168 5625 3280 5680 τῶν
3312 5627 3491 5681 αὐτῶν
3526 5628 3765 5683 ὑποϐάλ-

2171 5709 2323 5764 λουσι
2360 5715 2561 5783 σημεῖα
2596 5713 2829 5785 χρόνων,
2861 5715 3065 5788 πλῆθος
3098 5719 3341 5791 εἰρήνης,
3368 5718 3539 5773 ἐθνῶν
3570 5720 3672 5791 τῆς
3701 5718 3764 5780 ἐξ

2173 5804 2366 5870 αἰῶνος
2405 5806 2525 5859 κατ’
2577 5805 2728 5872 ἔθνος
2769 5810 2863 5864 καὶ
2921 5809 3061 5865 κατὰ
3115 5811 3268 5865 πόλιν
3312 5814 3614 5883 τοπαρχίας
3666 5816 3763 5870 καὶ
