  <div class='ocr_page' id='page_1' title='image "/cluster/home/n/w/nwhite01/storage/ocr_20150623/22/hvd.32044073501140/292.png"; bbox 0 0 4106 6420; ppageno 0'>
   <div class='ocr_carea' id='block_1_1' title="bbox 319 274 457 328">
    <p class='ocr_par' dir='ltr' id='par_1_1' title="bbox 319 274 457 328">
     <span class='ocr_line' id='line_1_1' title="bbox 319 274 457 328; baseline 0.014 -2"><span class='ocrx_word' id='word_1_1' title='bbox 319 274 457 328; x_wconf 77' lang='lat'><strong>559</strong></span> 
     </span>
    </p>
   </div>
   <div class='ocr_carea' id='block_1_2' title="bbox 1196 269 2686 332">
    <p class='ocr_par' dir='ltr' id='par_1_2' title="bbox 1196 269 2686 332">
     <span class='ocr_line' id='line_1_2' title="bbox 1196 269 2686 332; baseline -0.001 0"><span class='ocrx_word' id='word_1_2' title='bbox 1196 272 1850 332; x_wconf 67' lang='lat' dir='ltr'><strong>DEMONSTRATIONIS</strong></span> <span class='ocrx_word' id='word_1_3' title='bbox 1881 269 2342 327; x_wconf 69' lang='lat' dir='ltr'><strong>EVANGELICIE</strong></span> <span class='ocrx_word' id='word_1_4' title='bbox 2380 271 2508 329; x_wconf 81' lang='lat' dir='ltr'><strong>LIB.</strong></span> <span class='ocrx_word' id='word_1_5' title='bbox 2550 271 2686 330; x_wconf 77' lang='lat' dir='ltr'>VIII.</span> 
     </span>
    </p>
   </div>
   <div class='ocr_carea' id='block_1_3' title="bbox 3500 275 3609 331">
    <p class='ocr_par' dir='ltr' id='par_1_3' title="bbox 3500 275 3609 331">
     <span class='ocr_line' id='line_1_3' title="bbox 3500 275 3609 331; baseline 0 -1"><span class='ocrx_word' id='word_1_6' title='bbox 3500 275 3609 331; x_wconf 72' lang='grc' dir='ltr'>εἶθ</span> 
     </span>
    </p>
   </div>
   <div class='ocr_carea' id='block_1_4' title="bbox 316 386 1897 466">
    <p class='ocr_par' dir='ltr' id='par_1_4' title="bbox 316 389 1897 466">
     <span class='ocr_line' id='line_1_4' title="bbox 316 389 1897 466; baseline 0.001 -22"><span class='ocrx_word' id='word_1_7' title='bbox 316 389 669 461; x_wconf 74' lang='grc' dir='ltr'>πολιαρχίας</span> <span class='ocrx_word' id='word_1_8' title='bbox 720 392 1017 466; x_wconf 85' lang='grc' dir='ltr'>ἀναίρεσιν,</span> <span class='ocrx_word' id='word_1_9' title='bbox 1046 394 1146 466; x_wconf 80' lang='grc' dir='ltr'>τῆς</span> <span class='ocrx_word' id='word_1_10' title='bbox 1182 393 1442 450; x_wconf 86' lang='grc' dir='ltr'>πολυθέου</span> <span class='ocrx_word' id='word_1_11' title='bbox 1477 394 1571 448; x_wconf 69' lang='grc' dir='ltr'><strong>κα)⁸</strong></span> <span class='ocrx_word' id='word_1_12' title='bbox 1599 391 1897 463; x_wconf 73' lang='grc' dir='ltr'>δαιμονικῆ</span> 
     </span>
    </p>
   </div>
   <div class='ocr_carea' id='block_1_5' title="bbox 1996 386 3606 466">
    <p class='ocr_par' dir='ltr' id='par_1_5' title="bbox 1996 386 3606 463">
     <span class='ocr_line' id='line_1_5' title="bbox 1996 386 3606 463; baseline -0.001 -19"><span class='ocrx_word' id='word_1_13' title='bbox 1996 448 1997 451; x_wconf 32' lang='grc' dir='ltr'><strong>η</strong></span> <span class='ocrx_word' id='word_1_14' title='bbox 2026 386 2134 444; x_wconf 86' lang='lat' dir='ltr'><strong>Sed</strong></span> <span class='ocrx_word' id='word_1_15' title='bbox 2162 389 2270 443; x_wconf 91' lang='lat' dir='ltr'><strong>alia</strong></span> <span class='ocrx_word' id='word_1_16' title='bbox 2295 396 2554 459; x_wconf 69' lang='lat' dir='ltr'><strong>praeterea</strong></span> <span class='ocrx_word' id='word_1_17' title='bbox 2584 388 2906 445; x_wconf 91' lang='lat' dir='ltr'><strong>eorumdem</strong></span> <span class='ocrx_word' id='word_1_18' title='bbox 2938 390 3239 460; x_wconf 73' lang='lat' dir='ltr'><strong>subjiciunt</strong></span> <span class='ocrx_word' id='word_1_19' title='bbox 3276 391 3432 463; x_wconf 78' lang='lat' dir='ltr'><strong>signa</strong></span> <span class='ocrx_word' id='word_1_20' title='bbox 3464 396 3606 446; x_wconf 84' lang='lat' dir='ltr'><strong>tem-</strong></span> 
     </span>
    </p>
   </div>
   <div class='ocr_carea' id='block_1_6' title="bbox 312 482 1921 559">
    <p class='ocr_par' dir='ltr' id='par_1_6' title="bbox 312 482 1921 559">
     <span class='ocr_line' id='line_1_6' title="bbox 312 482 1921 559; baseline 0.002 -23"><span class='ocrx_word' id='word_1_21' title='bbox 312 482 789 557; x_wconf 71' lang='grc' dir='ltr'>ιέδωλολατρείας</span> <span class='ocrx_word' id='word_1_22' title='bbox 844 486 1192 559; x_wconf 78' lang='grc' dir='ltr'>ἀποστροφὴν</span> <span class='ocrx_word' id='word_1_23' title='bbox 1210 526 1226 552; x_wconf 92' lang='grc'><strong>,</strong></span> <span class='ocrx_word' id='word_1_24' title='bbox 1286 486 1579 555; x_wconf 76' lang='grc' dir='ltr'><strong>ἐπίγνωσιν</strong></span> <span class='ocrx_word' id='word_1_25' title='bbox 1641 486 1921 551; x_wconf 82' lang='grc' dir='ltr'>εὐσεϐείας</span> 
     </span>
    </p>
   </div>
   <div class='ocr_carea' id='block_1_7' title="bbox 312 574 1921 651">
    <p class='ocr_par' dir='ltr' id='par_1_7' title="bbox 312 574 1921 651">
     <span class='ocr_line' id='line_1_7' title="bbox 312 574 1921 651; baseline 0.003 -24"><span class='ocrx_word' id='word_1_26' title='bbox 312 574 464 639; x_wconf 70' lang='grc' dir='ltr'>ἑνὸς</span> <span class='ocrx_word' id='word_1_27' title='bbox 506 576 602 630; x_wconf 85' lang='grc' dir='ltr'><strong>τοῦ</strong></span> <span class='ocrx_word' id='word_1_28' title='bbox 637 578 730 631; x_wconf 78' lang='grc' dir='ltr'>ἐπὶ</span> <span class='ocrx_word' id='word_1_29' title='bbox 773 580 991 633; x_wconf 86' lang='grc' dir='ltr'>πάντων</span> <span class='ocrx_word' id='word_1_30' title='bbox 1034 578 1371 651; x_wconf 85' lang='grc' dir='ltr'>δημιουργοῦ</span> <span class='ocrx_word' id='word_1_31' title='bbox 1415 578 1572 633; x_wconf 87' lang='grc' dir='ltr'>Θεοῦ.</span> <span class='ocrx_word' id='word_1_32' title='bbox 1600 578 1785 633; x_wconf 89' lang='grc' dir='ltr'>Ταῦτα</span> <span class='ocrx_word' id='word_1_33' title='bbox 1827 574 1921 633; x_wconf 83' lang='grc' dir='ltr'>οὖν</span> 
     </span>
    </p>
   </div>
   <div class='ocr_carea' id='block_1_8' title="bbox 316 667 1921 742">
    <p class='ocr_par' dir='ltr' id='par_1_8' title="bbox 316 667 1921 742">
     <span class='ocr_line' id='line_1_8' title="bbox 316 667 1921 742; baseline 0.003 -23"><span class='ocrx_word' id='word_1_34' title='bbox 316 667 592 733; x_wconf 70' lang='grc' dir='ltr'>ἅπαντα,</span> <span class='ocrx_word' id='word_1_35' title='bbox 628 670 703 741; x_wconf 80' lang='grc' dir='ltr'>μὴ</span> <span class='ocrx_word' id='word_1_36' title='bbox 755 670 884 723; x_wconf 80' lang='grc' dir='ltr'>δντα</span> <span class='ocrx_word' id='word_1_37' title='bbox 928 671 1097 726; x_wconf 88' lang='grc' dir='ltr'>πάλαι</span> <span class='ocrx_word' id='word_1_38' title='bbox 1138 670 1281 726; x_wconf 81' lang='grc' dir='ltr'>κατὰ</span> <span class='ocrx_word' id='word_1_39' title='bbox 1322 672 1449 735; x_wconf 72' lang='grc' dir='ltr'>τοὺς</span> <span class='ocrx_word' id='word_1_40' title='bbox 1477 670 1586 724; x_wconf 87' lang='grc' dir='ltr'><strong>τῶν</strong></span> <span class='ocrx_word' id='word_1_41' title='bbox 1625 670 1921 742; x_wconf 76' lang='grc' dir='ltr'>προφητῶν</span> 
     </span>
    </p>
   </div>
   <div class='ocr_carea' id='block_1_9' title="bbox 322 760 1920 837">
    <p class='ocr_par' dir='ltr' id='par_1_9' title="bbox 322 760 1920 837">
     <span class='ocr_line' id='line_1_9' title="bbox 322 760 1920 837; baseline 0.003 -24"><span class='ocrx_word' id='word_1_42' title='bbox 322 760 591 827; x_wconf 80' lang='grc' dir='ltr'>χρόνους,</span> <span class='ocrx_word' id='word_1_43' title='bbox 638 762 732 815; x_wconf 81' lang='grc' dir='ltr'><strong>ἐπὶ</strong></span> <span class='ocrx_word' id='word_1_44' title='bbox 771 762 874 833; x_wconf 81' lang='grc' dir='ltr'>τῆς</span> <span class='ocrx_word' id='word_1_45' title='bbox 903 764 1138 834; x_wconf 76' lang='grc' dir='ltr'><strong>Χριστοῦ</strong></span> <span class='ocrx_word' id='word_1_46' title='bbox 1183 764 1484 837; x_wconf 80' lang='grc' dir='ltr'><strong>παρουσίας</strong></span> <span class='ocrx_word' id='word_1_47' title='bbox 1509 761 1831 835; x_wconf 88' lang='grc' dir='ltr'>γενήσεσθαι</span> <span class='ocrx_word' id='word_1_48' title='bbox 1867 763 1920 817; x_wconf 77' lang='lat' dir='ltr'><strong>oi</strong></span> 
     </span>
    </p>
   </div>
   <div class='ocr_carea' id='block_1_10' title="bbox 319 850 1920 928">
    <p class='ocr_par' dir='ltr' id='par_1_10' title="bbox 319 850 1920 928">
     <span class='ocr_line' id='line_1_10' title="bbox 319 850 1920 928; baseline 0.005 -26"><span class='ocrx_word' id='word_1_49' title='bbox 319 850 475 904; x_wconf 81' lang='grc' dir='ltr'>θεῖοι</span> <span class='ocrx_word' id='word_1_50' title='bbox 518 854 759 924; x_wconf 80' lang='grc' dir='ltr'>χρησμοὶ</span> <span class='ocrx_word' id='word_1_51' title='bbox 797 855 1184 928; x_wconf 78' lang='grc' dir='ltr'><strong>προηγόρευον,</strong></span> <span class='ocrx_word' id='word_1_52' title='bbox 1219 857 1256 911; x_wconf 75' lang='grc' dir='ltr'>ἃ</span> <span class='ocrx_word' id='word_1_53' title='bbox 1288 858 1382 911; x_wconf 75' lang='grc' dir='ltr'>καὶ</span> <span class='ocrx_word' id='word_1_54' title='bbox 1409 858 1530 919; x_wconf 89' lang='grc' dir='ltr'>ταῖς</span> <span class='ocrx_word' id='word_1_55' title='bbox 1554 857 1920 928; x_wconf 74' lang='grc' dir='ltr'>προρρήσεσιν</span> 
     </span>
    </p>
   </div>
   <div class='ocr_carea' id='block_1_11' title="bbox 314 938 1920 1018">
    <p class='ocr_par' dir='ltr' id='par_1_11' title="bbox 314 938 1920 1018">
     <span class='ocr_line' id='line_1_11' title="bbox 314 938 1920 1018; baseline 0.006 -28"><span class='ocrx_word' id='word_1_56' title='bbox 314 938 650 1006; x_wconf 75' lang='grc' dir='ltr'>ἀκολούθως</span> <span class='ocrx_word' id='word_1_57' title='bbox 679 944 760 1009; x_wconf 89' lang='grc' dir='ltr'><strong>είς</strong></span> <span class='ocrx_word' id='word_1_58' title='bbox 791 945 962 1018; x_wconf 83' lang='grc' dir='ltr'>πέρας</span> <span class='ocrx_word' id='word_1_59' title='bbox 987 947 1205 1001; x_wconf 87' lang='grc' dir='ltr'>ἐλθόντα</span> <span class='ocrx_word' id='word_1_60' title='bbox 1233 949 1355 1001; x_wconf 83' lang='grc' dir='ltr'>ὅσον</span> <span class='ocrx_word' id='word_1_61' title='bbox 1390 946 1542 1001; x_wconf 73' lang='grc' dir='ltr'>οὔπω</span> <span class='ocrx_word' id='word_1_62' title='bbox 1575 947 1920 1018; x_wconf 78' lang='grc' dir='ltr'>παραστήσε-</span> 
     </span>
    </p>
   </div>
   <div class='ocr_carea' id='block_1_12' title="bbox 315 1034 1919 1112">
    <p class='ocr_par' dir='ltr' id='par_1_12' title="bbox 315 1034 1919 1112">
     <span class='ocr_line' id='line_1_12' title="bbox 315 1034 1919 1112; baseline 0.007 -30"><span class='ocrx_word' id='word_1_63' title='bbox 315 1046 449 1085; x_wconf 72' lang='grc' dir='ltr'>ται.</span> <span class='ocrx_word' id='word_1_64' title='bbox 507 1034 589 1089; x_wconf 87' lang='grc' dir='ltr'>Τά</span> <span class='ocrx_word' id='word_1_65' title='bbox 637 1053 703 1104; x_wconf 90' lang='grc' dir='ltr'><strong>γε</strong></span> <span class='ocrx_word' id='word_1_66' title='bbox 739 1037 845 1109; x_wconf 77' lang='grc' dir='ltr'>μὴν</span> <span class='ocrx_word' id='word_1_67' title='bbox 865 1039 1012 1094; x_wconf 77' lang='grc' dir='ltr'>αἴτια</span> <span class='ocrx_word' id='word_1_68' title='bbox 1058 1040 1153 1095; x_wconf 87' lang='grc' dir='ltr'><strong>τοῦ</strong></span> <span class='ocrx_word' id='word_1_69' title='bbox 1198 1040 1272 1112; x_wconf 76' lang='grc' dir='ltr'>μὴ</span> <span class='ocrx_word' id='word_1_70' title='bbox 1321 1041 1609 1112; x_wconf 89' lang='grc' dir='ltr'>πρότερον,</span> <span class='ocrx_word' id='word_1_71' title='bbox 1646 1039 1784 1093; x_wconf 82' lang='grc' dir='ltr'><strong>ἀλλά</strong></span> <span class='ocrx_word' id='word_1_72' title='bbox 1824 1039 1919 1094; x_wconf 87' lang='grc' dir='ltr'><strong>νῦν</strong></span> 
     </span>
    </p>
   </div>
   <div class='ocr_carea' id='block_1_13' title="bbox 316 1121 1919 1205">
    <p class='ocr_par' dir='ltr' id='par_1_13' title="bbox 316 1121 1919 1205">
     <span class='ocr_line' id='line_1_13' title="bbox 316 1121 1919 1205; baseline 0.011 -33"><span class='ocrx_word' id='word_1_73' title='bbox 316 1121 425 1173; x_wconf 83' lang='grc' dir='ltr'>ἐπ’</span> <span class='ocrx_word' id='word_1_74' title='bbox 478 1122 723 1195; x_wconf 64' lang='grc' dir='ltr'>ἐσχάτων</span> <span class='ocrx_word' id='word_1_75' title='bbox 774 1130 983 1202; x_wconf 76' lang='grc' dir='ltr'>καιρῶν</span> <span class='ocrx_word' id='word_1_76' title='bbox 1031 1131 1167 1202; x_wconf 84' lang='grc' dir='ltr'>μετὰ</span> <span class='ocrx_word' id='word_1_77' title='bbox 1209 1132 1300 1185; x_wconf 78' lang='grc' dir='ltr'>τὸν</span> <span class='ocrx_word' id='word_1_78' title='bbox 1354 1134 1564 1205; x_wconf 79' lang='grc' dir='ltr'>μακρὸν</span> <span class='ocrx_word' id='word_1_79' title='bbox 1610 1137 1706 1190; x_wconf 77' lang='grc' dir='ltr'><strong>καὶ</strong></span> <span class='ocrx_word' id='word_1_80' title='bbox 1751 1135 1919 1190; x_wconf 73' lang='grc' dir='ltr'>πολὺν</span> 
     </span>
    </p>
   </div>
   <div class='ocr_carea' id='block_1_14' title="bbox 318 1212 1918 1298">
    <p class='ocr_par' dir='ltr' id='par_1_14' title="bbox 318 1212 1918 1298">
     <span class='ocr_line' id='line_1_14' title="bbox 318 1212 1918 1298; baseline 0.011 -33"><span class='ocrx_word' id='word_1_81' title='bbox 318 1212 514 1267; x_wconf 78' lang='grc' dir='ltr'>αἰῶνα</span> <span class='ocrx_word' id='word_1_82' title='bbox 534 1216 626 1271; x_wconf 83' lang='grc' dir='ltr'>τὸν</span> <span class='ocrx_word' id='word_1_83' title='bbox 657 1220 889 1291; x_wconf 82' lang='grc' dir='ltr'>Χριστὸν</span> <span class='ocrx_word' id='word_1_84' title='bbox 918 1218 1133 1295; x_wconf 78' lang='grc' dir='ltr'>ἐμφανῆ</span> <span class='ocrx_word' id='word_1_85' title='bbox 1156 1224 1404 1293; x_wconf 82' lang='grc' dir='ltr'>γενέσθαι</span> <span class='ocrx_word' id='word_1_86' title='bbox 1429 1226 1509 1298; x_wconf 82' lang='grc' dir='ltr'>τῷ</span> <span class='ocrx_word' id='word_1_87' title='bbox 1531 1227 1649 1298; x_wconf 83' lang='grc' dir='ltr'>βίῳ,</span> <span class='ocrx_word' id='word_1_88' title='bbox 1671 1228 1918 1283; x_wconf 76' lang='grc' dir='ltr'>λέλεκται</span> 
     </span>
    </p>
   </div>
   <div class='ocr_carea' id='block_1_15' title="bbox 318 1307 1919 1393">
    <p class='ocr_par' dir='ltr' id='par_1_15' title="bbox 318 1307 1919 1393">
     <span class='ocr_line' id='line_1_15' title="bbox 318 1307 1919 1393; baseline 0.009 -32"><span class='ocrx_word' id='word_1_89' title='bbox 318 1307 441 1378; x_wconf 78' lang='grc' dir='ltr'>μὲν</span> <span class='ocrx_word' id='word_1_90' title='bbox 469 1308 573 1379; x_wconf 68' lang='grc' dir='ltr'>ἤδη</span> <span class='ocrx_word' id='word_1_91' title='bbox 600 1312 694 1365; x_wconf 80' lang='grc' dir='ltr'>καὶ</span> <span class='ocrx_word' id='word_1_92' title='bbox 724 1312 977 1385; x_wconf 84' lang='grc' dir='ltr'>πρόσθεν,</span> <span class='ocrx_word' id='word_1_93' title='bbox 1011 1316 1072 1368; x_wconf 74' lang='grc' dir='ltr'>οὐ</span> <span class='ocrx_word' id='word_1_94' title='bbox 1103 1315 1208 1387; x_wconf 80' lang='grc' dir='ltr'><strong>μὴν</strong></span> <span class='ocrx_word' id='word_1_95' title='bbox 1243 1316 1378 1371; x_wconf 84' lang='grc' dir='ltr'><strong>ἀλλά</strong></span> <span class='ocrx_word' id='word_1_96' title='bbox 1419 1319 1514 1372; x_wconf 77' lang='grc' dir='ltr'><strong>καὶ</strong></span> <span class='ocrx_word' id='word_1_97' title='bbox 1560 1320 1656 1373; x_wconf 88' lang='grc' dir='ltr'><strong>νῦν</strong></span> <span class='ocrx_word' id='word_1_98' title='bbox 1690 1325 1748 1374; x_wconf 84' lang='grc' dir='ltr'><strong>ἐν</strong></span> <span class='ocrx_word' id='word_1_99' title='bbox 1787 1320 1919 1393; x_wconf 84' lang='grc' dir='ltr'>βρα-</span> 
     </span>
    </p>
   </div>
   <div class='ocr_carea' id='block_1_16' title="bbox 315 1397 1917 1479">
    <p class='ocr_par' dir='ltr' id='par_1_16' title="bbox 315 1397 1917 1479">
     <span class='ocr_line' id='line_1_16' title="bbox 315 1397 1917 1479; baseline 0.008 -29"><span class='ocrx_word' id='word_1_100' title='bbox 315 1397 487 1467; x_wconf 72' lang='grc' dir='ltr'>χέσιν</span> <span class='ocrx_word' id='word_1_101' title='bbox 522 1402 817 1472; x_wconf 82' lang='grc' dir='ltr'>εἰρήσεται.</span> <span class='ocrx_word' id='word_1_102' title='bbox 848 1403 1023 1468; x_wconf 74' lang='grc' dir='ltr'>Πολὺς</span> <span class='ocrx_word' id='word_1_103' title='bbox 1053 1401 1121 1476; x_wconf 75' lang='grc' dir='ltr'>ἦν</span> <span class='ocrx_word' id='word_1_104' title='bbox 1150 1406 1319 1460; x_wconf 85' lang='grc' dir='ltr'>πάλαι</span> <span class='ocrx_word' id='word_1_105' title='bbox 1374 1407 1639 1479; x_wconf 85' lang='grc' dir='ltr'>πρότερον</span> <span class='ocrx_word' id='word_1_106' title='bbox 1680 1408 1777 1473; x_wconf 73' lang='grc' dir='ltr'>τὰς</span> <span class='ocrx_word' id='word_1_107' title='bbox 1808 1410 1917 1462; x_wconf 87' lang='grc' dir='ltr'><strong>τῶν</strong></span> 
     </span>
    </p>
   </div>
   <div class='ocr_carea' id='block_1_17' title="bbox 316 1487 1919 1569">
    <p class='ocr_par' dir='ltr' id='par_1_17' title="bbox 316 1487 1919 1569">
     <span class='ocr_line' id='line_1_17' title="bbox 316 1487 1919 1569; baseline 0.007 -27"><span class='ocrx_word' id='word_1_108' title='bbox 316 1487 641 1560; x_wconf 79' lang='grc' dir='ltr'>ἀνθρώπων</span> <span class='ocrx_word' id='word_1_109' title='bbox 682 1492 859 1563; x_wconf 75' lang='grc' dir='ltr'>ψυχὰς</span> <span class='ocrx_word' id='word_1_110' title='bbox 913 1496 1217 1550; x_wconf 77' lang='grc' dir='ltr'>ἐπισκοτῶν</span> <span class='ocrx_word' id='word_1_111' title='bbox 1274 1498 1585 1569; x_wconf 76' lang='grc' dir='ltr'>ἀφροσύνης</span> <span class='ocrx_word' id='word_1_112' title='bbox 1637 1500 1733 1553; x_wconf 58' lang='grc' dir='ltr'><strong>καὶ⁹</strong></span> <span class='ocrx_word' id='word_1_113' title='bbox 1791 1500 1919 1554; x_wconf 87' lang='grc' dir='ltr'>ἀσε-</span> 
     </span>
    </p>
   </div>
   <div class='ocr_carea' id='block_1_18' title="bbox 316 1578 1913 1664">
    <p class='ocr_par' dir='ltr' id='par_1_18' title="bbox 316 1578 1913 1664">
     <span class='ocr_line' id='line_1_18' title="bbox 316 1578 1913 1664; baseline 0.01 -33"><span class='ocrx_word' id='word_1_114' title='bbox 316 1578 489 1644; x_wconf 79' lang='grc' dir='ltr'>ϐείας</span> <span class='ocrx_word' id='word_1_115' title='bbox 524 1583 753 1654; x_wconf 77' lang='grc' dir='ltr'>αὐχμὸς,</span> <span class='ocrx_word' id='word_1_116' title='bbox 779 1584 925 1658; x_wconf 77' lang='grc' dir='ltr'>δεινή</span> <span class='ocrx_word' id='word_1_117' title='bbox 971 1603 1029 1640; x_wconf 85' lang='grc' dir='ltr'><strong>τε</strong></span> <span class='ocrx_word' id='word_1_118' title='bbox 1071 1588 1302 1661; x_wconf 81' lang='grc' dir='ltr'><strong>ἀθεότης</strong></span> <span class='ocrx_word' id='word_1_119' title='bbox 1347 1592 1768 1664; x_wconf 85' lang='grc' dir='ltr'>κατακρατοῦσα</span> <span class='ocrx_word' id='word_1_120' title='bbox 1819 1593 1913 1647; x_wconf 86' lang='grc' dir='ltr'><strong>τοῦ</strong></span> 
     </span>
    </p>
   </div>
   <div class='ocr_carea' id='block_1_19' title="bbox 315 1670 1915 1754">
    <p class='ocr_par' dir='ltr' id='par_1_19' title="bbox 315 1670 1915 1754">
     <span class='ocr_line' id='line_1_19' title="bbox 315 1670 1915 1754; baseline 0.013 -35"><span class='ocrx_word' id='word_1_121' title='bbox 315 1670 539 1733; x_wconf 71' lang='grc' dir='ltr'>παντὸς</span> <span class='ocrx_word' id='word_1_122' title='bbox 574 1672 876 1745; x_wconf 87' lang='grc' dir='ltr'>ἀνθρώπων</span> <span class='ocrx_word' id='word_1_123' title='bbox 918 1675 1056 1746; x_wconf 79' lang='grc' dir='ltr'>βίου,</span> <span class='ocrx_word' id='word_1_124' title='bbox 1086 1678 1163 1742; x_wconf 88' lang='grc' dir='ltr'><strong>ώς</strong></span> <span class='ocrx_word' id='word_1_125' title='bbox 1212 1679 1378 1750; x_wconf 81' lang='grc' dir='ltr'>μηδὲν</span> <span class='ocrx_word' id='word_1_126' title='bbox 1426 1680 1534 1734; x_wconf 86' lang='grc' dir='ltr'><strong>τῶν</strong></span> <span class='ocrx_word' id='word_1_127' title='bbox 1578 1683 1786 1754; x_wconf 84' lang='grc' dir='ltr'>ἀγρίων</span> <span class='ocrx_word' id='word_1_128' title='bbox 1821 1684 1915 1739; x_wconf 73' lang='grc' dir='ltr'>καὶ</span> 
     </span>
    </p>
   </div>
   <div class='ocr_carea' id='block_1_20' title="bbox 2022 482 3606 553">
    <p class='ocr_par' dir='ltr' id='par_1_20' title="bbox 2022 482 3606 553">
     <span class='ocr_line' id='line_1_20' title="bbox 2022 482 3606 553; baseline -0.001 -17"><span class='ocrx_word' id='word_1_129' title='bbox 2022 497 2238 553; x_wconf 91' lang='lat' dir='ltr'><strong>porum,</strong></span> <span class='ocrx_word' id='word_1_130' title='bbox 2296 482 2690 537; x_wconf 76' lang='lat' dir='ltr'><strong>abundantiam</strong></span> <span class='ocrx_word' id='word_1_131' title='bbox 2743 483 2917 553; x_wconf 85' lang='lat' dir='ltr'><strong>pacis,</strong></span> <span class='ocrx_word' id='word_1_132' title='bbox 2953 484 3356 553; x_wconf 79' lang='lat' dir='ltr'><strong>principatuum</strong></span> <span class='ocrx_word' id='word_1_133' title='bbox 3391 497 3606 538; x_wconf 83' lang='lat' dir='ltr'><strong>rerum-</strong></span> 
     </span>
    </p>
   </div>
   <div class='ocr_carea' id='block_1_21' title="bbox 2024 572 3604 644">
    <p class='ocr_par' dir='ltr' id='par_1_21' title="bbox 2024 572 3604 644">
     <span class='ocr_line' id='line_1_21' title="bbox 2024 572 3604 644; baseline -0.001 -16"><span class='ocrx_word' id='word_1_134' title='bbox 2024 588 2129 643; x_wconf 88' lang='lat' dir='ltr'><strong>que</strong></span> <span class='ocrx_word' id='word_1_135' title='bbox 2161 572 2525 644; x_wconf 86' lang='lat' dir='ltr'><strong>publicarum,</strong></span> <span class='ocrx_word' id='word_1_136' title='bbox 2560 587 2683 642; x_wconf 64' lang='lat' dir='ltr'><strong>quae</strong></span> <span class='ocrx_word' id='word_1_137' title='bbox 2718 587 2748 625; x_wconf 90' lang='lat' dir='ltr'><strong>a</strong></span> <span class='ocrx_word' id='word_1_138' title='bbox 2792 572 3015 627; x_wconf 91' lang='lat' dir='ltr'><strong>condito</strong></span> <span class='ocrx_word' id='word_1_139' title='bbox 3043 587 3159 626; x_wconf 69' lang='lat' dir='ltr'><strong>aevo</strong></span> <span class='ocrx_word' id='word_1_140' title='bbox 3203 572 3472 635; x_wconf 87' lang='lat' dir='ltr'><strong>fuissent,</strong></span> <span class='ocrx_word' id='word_1_141' title='bbox 3504 586 3604 642; x_wconf 85' lang='lat' dir='ltr'><strong>per</strong></span> 
     </span>
    </p>
   </div>
   <div class='ocr_carea' id='block_1_22' title="bbox 2024 662 3603 735">
    <p class='ocr_par' dir='ltr' id='par_1_22' title="bbox 2024 662 3603 735">
     <span class='ocr_line' id='line_1_22' title="bbox 2024 662 3603 735; baseline -0.002 -14"><span class='ocrx_word' id='word_1_142' title='bbox 2024 664 2271 734; x_wconf 73' lang='lat' dir='ltr'><strong>singulas</strong></span> <span class='ocrx_word' id='word_1_143' title='bbox 2299 673 2491 735; x_wconf 70' lang='lat' dir='ltr'><strong>gentes</strong></span> <span class='ocrx_word' id='word_1_144' title='bbox 2509 672 2672 733; x_wconf 90' lang='lat' dir='ltr'><strong>atque</strong></span> <span class='ocrx_word' id='word_1_145' title='bbox 2692 664 2859 718; x_wconf 87' lang='lat' dir='ltr'><strong>urbes</strong></span> <span class='ocrx_word' id='word_1_146' title='bbox 2885 663 3190 727; x_wconf 84' lang='lat' dir='ltr'><strong>interitum,</strong></span> <span class='ocrx_word' id='word_1_147' title='bbox 3219 678 3251 717; x_wconf 89' lang='lat' dir='ltr'><strong>a</strong></span> <span class='ocrx_word' id='word_1_148' title='bbox 3275 662 3603 719; x_wconf 78' lang='lat' dir='ltr'><strong>simulacro-</strong></span> 
     </span>
    </p>
   </div>
   <div class='ocr_carea' id='block_1_23' title="bbox 2023 754 3605 827">
    <p class='ocr_par' dir='ltr' id='par_1_23' title="bbox 2023 754 3605 827">
     <span class='ocr_line' id='line_1_23' title="bbox 2023 754 3605 827; baseline 0 -15"><span class='ocrx_word' id='word_1_149' title='bbox 2023 772 2144 812; x_wconf 89' lang='lat' dir='ltr'><strong>rum</strong></span> <span class='ocrx_word' id='word_1_150' title='bbox 2177 757 2350 821; x_wconf 92' lang='lat' dir='ltr'><strong>cultu,</strong></span> <span class='ocrx_word' id='word_1_151' title='bbox 2381 772 2491 827; x_wconf 91' lang='lat' dir='ltr'><strong>quo</strong></span> <span class='ocrx_word' id='word_1_152' title='bbox 2514 756 2698 826; x_wconf 78' lang='lat' dir='ltr'><strong>plures</strong></span> <span class='ocrx_word' id='word_1_153' title='bbox 2734 756 2852 811; x_wconf 88' lang='lat' dir='ltr'><strong>sive</strong></span> <span class='ocrx_word' id='word_1_154' title='bbox 2892 755 2969 810; x_wconf 90' lang='lat' dir='ltr'><strong>dii</strong></span> <span class='ocrx_word' id='word_1_155' title='bbox 3018 758 3134 813; x_wconf 84' lang='lat' dir='ltr'><strong>sive</strong></span> <span class='ocrx_word' id='word_1_156' title='bbox 3164 754 3441 812; x_wconf 63' lang='lat' dir='ltr'><strong>damones</strong></span> <span class='ocrx_word' id='word_1_157' title='bbox 3462 756 3605 813; x_wconf 77' lang='lat' dir='ltr'><strong>cole-</strong></span> 
     </span>
    </p>
   </div>
   <div class='ocr_carea' id='block_1_24' title="bbox 2022 844 3605 919">
    <p class='ocr_par' dir='ltr' id='par_1_24' title="bbox 2022 844 3605 919">
     <span class='ocr_line' id='line_1_24' title="bbox 2022 844 3605 919; baseline 0.004 -20"><span class='ocrx_word' id='word_1_158' title='bbox 2022 844 2241 910; x_wconf 88' lang='lat' dir='ltr'><strong>bantur,</strong></span> <span class='ocrx_word' id='word_1_159' title='bbox 2283 847 2647 911; x_wconf 86' lang='lat' dir='ltr'><strong>aversionem,</strong></span> <span class='ocrx_word' id='word_1_160' title='bbox 2673 848 2839 903; x_wconf 91' lang='lat' dir='ltr'><strong>unius</strong></span> <span class='ocrx_word' id='word_1_161' title='bbox 2873 849 3117 919; x_wconf 88' lang='lat' dir='ltr'><strong>supremi</strong></span> <span class='ocrx_word' id='word_1_162' title='bbox 3147 848 3362 919; x_wconf 84' lang='lat' dir='ltr'><strong>opificis</strong></span> <span class='ocrx_word' id='word_1_163' title='bbox 3390 849 3485 906; x_wconf 87' lang='lat' dir='ltr'><strong>Dei</strong></span> <span class='ocrx_word' id='word_1_164' title='bbox 3512 864 3605 905; x_wconf 84' lang='lat' dir='ltr'><strong>co-</strong></span> 
     </span>
    </p>
   </div>
   <div class='ocr_carea' id='block_1_25' title="bbox 2021 935 3601 1008">
    <p class='ocr_par' dir='ltr' id='par_1_25' title="bbox 2021 935 3601 1008">
     <span class='ocr_line' id='line_1_25' title="bbox 2021 935 3601 1008; baseline 0.004 -19"><span class='ocrx_word' id='word_1_165' title='bbox 2021 936 2317 1007; x_wconf 76' lang='lat' dir='ltr'><strong>gnitionem</strong></span> <span class='ocrx_word' id='word_1_166' title='bbox 2363 950 2427 990; x_wconf 90' lang='lat' dir='ltr'><strong>ac</strong></span> <span class='ocrx_word' id='word_1_167' title='bbox 2474 935 2903 992; x_wconf 74' lang='lat' dir='ltr'><strong>venerationem.</strong></span> <span class='ocrx_word' id='word_1_168' title='bbox 2951 936 3075 992; x_wconf 66' lang='lat' dir='ltr'><strong>llaec</strong></span> <span class='ocrx_word' id='word_1_169' title='bbox 3127 937 3292 1008; x_wconf 79' lang='lat' dir='ltr'><strong>igitur</strong></span> <span class='ocrx_word' id='word_1_170' title='bbox 3338 939 3601 996; x_wconf 87' lang='lat' dir='ltr'><strong>universa</strong></span> 
     </span>
    </p>
   </div>
   <div class='ocr_carea' id='block_1_26' title="bbox 2020 1028 3597 1101">
    <p class='ocr_par' dir='ltr' id='par_1_26' title="bbox 2020 1028 3597 1101">
     <span class='ocr_line' id='line_1_26' title="bbox 2020 1028 3597 1101; baseline 0.004 -20"><span class='ocrx_word' id='word_1_171' title='bbox 2020 1043 2253 1099; x_wconf 87' lang='lat' dir='ltr'><strong>quorum</strong></span> <span class='ocrx_word' id='word_1_172' title='bbox 2300 1028 2436 1083; x_wconf 83' lang='lat' dir='ltr'><strong>nihil</strong></span> <span class='ocrx_word' id='word_1_173' title='bbox 2489 1028 2764 1099; x_wconf 87' lang='lat' dir='ltr'><strong>quondam</strong></span> <span class='ocrx_word' id='word_1_174' title='bbox 2809 1030 3148 1100; x_wconf 87' lang='lat' dir='ltr'><strong>temporibus</strong></span> <span class='ocrx_word' id='word_1_175' title='bbox 3209 1031 3597 1101; x_wconf 84' lang='lat' dir='ltr'><strong>prophetarum</strong></span> 
     </span>
    </p>
   </div>
   <div class='ocr_carea' id='block_1_27' title="bbox 2019 1118 3597 1190">
    <p class='ocr_par' dir='ltr' id='par_1_27' title="bbox 2019 1118 3597 1190">
     <span class='ocr_line' id='line_1_27' title="bbox 2019 1118 3597 1190; baseline 0.002 -16"><span class='ocrx_word' id='word_1_176' title='bbox 2019 1127 2173 1184; x_wconf 89' lang='lat' dir='ltr'><strong>erat,</strong></span> <span class='ocrx_word' id='word_1_177' title='bbox 2209 1121 2314 1175; x_wconf 89' lang='lat' dir='ltr'><strong>sub</strong></span> <span class='ocrx_word' id='word_1_178' title='bbox 2363 1120 2537 1190; x_wconf 85' lang='lat' dir='ltr'><strong>ipsius</strong></span> <span class='ocrx_word' id='word_1_179' title='bbox 2569 1118 2776 1174; x_wconf 89' lang='lat' dir='ltr'><strong>Christi</strong></span> <span class='ocrx_word' id='word_1_180' title='bbox 2833 1121 3128 1176; x_wconf 73' lang='lat' dir='ltr'><strong>adventum</strong></span> <span class='ocrx_word' id='word_1_181' title='bbox 3186 1123 3369 1177; x_wconf 84' lang='lat' dir='ltr'><strong>futura</strong></span> <span class='ocrx_word' id='word_1_182' title='bbox 3413 1123 3597 1178; x_wconf 81' lang='lat' dir='ltr'><strong>divina</strong></span> 
     </span>
    </p>
   </div>
   <div class='ocr_carea' id='block_1_28' title="bbox 2020 1211 3597 1284">
    <p class='ocr_par' dir='ltr' id='par_1_28' title="bbox 2020 1211 3597 1284">
     <span class='ocr_line' id='line_1_28' title="bbox 2020 1211 3597 1284; baseline 0.001 -17"><span class='ocrx_word' id='word_1_183' title='bbox 2020 1214 2238 1268; x_wconf 91' lang='lat' dir='ltr'><strong>oracula</strong></span> <span class='ocrx_word' id='word_1_184' title='bbox 2274 1211 2666 1282; x_wconf 65' lang='lat' dir='ltr'><strong>praadicahant,</strong></span> <span class='ocrx_word' id='word_1_185' title='bbox 2704 1228 2828 1283; x_wconf 72' lang='lat' dir='ltr'><strong>qua:</strong></span> <span class='ocrx_word' id='word_1_186' title='bbox 2859 1213 3022 1267; x_wconf 88' lang='lat' dir='ltr'><strong>etiam</strong></span> <span class='ocrx_word' id='word_1_187' title='bbox 3052 1228 3176 1267; x_wconf 86' lang='lat' dir='ltr'><strong>eum</strong></span> <span class='ocrx_word' id='word_1_188' title='bbox 3204 1213 3338 1284; x_wconf 84' lang='lat' dir='ltr'><strong>ipsis</strong></span> <span class='ocrx_word' id='word_1_189' title='bbox 3357 1214 3597 1269; x_wconf 88' lang='lat' dir='ltr'><strong>oraculis</strong></span> 
     </span>
    </p>
   </div>
   <div class='ocr_carea' id='block_1_29' title="bbox 2018 1303 3598 1374">
    <p class='ocr_par' dir='ltr' id='par_1_29' title="bbox 2018 1303 3598 1374">
     <span class='ocr_line' id='line_1_29' title="bbox 2018 1303 3598 1374; baseline 0.003 -16"><span class='ocrx_word' id='word_1_190' title='bbox 2018 1303 2412 1359; x_wconf 90' lang='lat' dir='ltr'><strong>concordantia</strong></span> <span class='ocrx_word' id='word_1_191' title='bbox 2442 1320 2601 1360; x_wconf 90' lang='lat' dir='ltr'><strong>suum</strong></span> <span class='ocrx_word' id='word_1_192' title='bbox 2631 1305 2791 1360; x_wconf 80' lang='lat' dir='ltr'><strong>linem</strong></span> <span class='ocrx_word' id='word_1_193' title='bbox 2820 1305 3089 1374; x_wconf 80' lang='lat' dir='ltr'><strong>attigisse,</strong></span> <span class='ocrx_word' id='word_1_194' title='bbox 3125 1304 3268 1358; x_wconf 75' lang='lat' dir='ltr'><strong>haud</strong></span> <span class='ocrx_word' id='word_1_195' title='bbox 3317 1305 3391 1359; x_wconf 91' lang='lat' dir='ltr'><strong>ita</strong></span> <span class='ocrx_word' id='word_1_196' title='bbox 3422 1305 3598 1362; x_wconf 90' lang='lat' dir='ltr'><strong>multo</strong></span> 
     </span>
    </p>
   </div>
   <div class='ocr_carea' id='block_1_30' title="bbox 2016 1394 3593 1466">
    <p class='ocr_par' dir='ltr' id='par_1_30' title="bbox 2016 1394 3593 1466">
     <span class='ocr_line' id='line_1_30' title="bbox 2016 1394 3593 1466; baseline 0.003 -20"><span class='ocrx_word' id='word_1_197' title='bbox 2016 1402 2140 1465; x_wconf 91' lang='lat' dir='ltr'><strong>post</strong></span> <span class='ocrx_word' id='word_1_198' title='bbox 2172 1394 2715 1450; x_wconf 83' lang='lat' dir='ltr'><strong>demonstrabuntur.</strong></span> <span class='ocrx_word' id='word_1_199' title='bbox 2742 1394 3010 1451; x_wconf 62' lang='lat' dir='ltr'><strong>Caeterum</strong></span> <span class='ocrx_word' id='word_1_200' title='bbox 3033 1411 3131 1447; x_wconf 91' lang='lat' dir='ltr'><strong>cur</strong></span> <span class='ocrx_word' id='word_1_201' title='bbox 3163 1411 3271 1449; x_wconf 90' lang='lat' dir='ltr'><strong>non</strong></span> <span class='ocrx_word' id='word_1_202' title='bbox 3297 1395 3470 1466; x_wconf 90' lang='lat' dir='ltr'><strong>prius,</strong></span> <span class='ocrx_word' id='word_1_203' title='bbox 3498 1396 3593 1451; x_wconf 83' lang='lat' dir='ltr'><strong>sed</strong></span> 
     </span>
    </p>
   </div>
   <div class='ocr_carea' id='block_1_31' title="bbox 2017 1487 3598 1558">
    <p class='ocr_par' dir='ltr' id='par_1_31' title="bbox 2017 1487 3598 1558">
     <span class='ocr_line' id='line_1_31' title="bbox 2017 1487 3598 1558; baseline 0.003 -19"><span class='ocrx_word' id='word_1_204' title='bbox 2017 1501 2165 1541; x_wconf 85' lang='lat' dir='ltr'><strong>nunc</strong></span> <span class='ocrx_word' id='word_1_205' title='bbox 2196 1487 2462 1542; x_wconf 76' lang='lat' dir='ltr'><strong>duntaxat</strong></span> <span class='ocrx_word' id='word_1_206' title='bbox 2492 1487 2645 1542; x_wconf 88' lang='lat' dir='ltr'><strong>hisce</strong></span> <span class='ocrx_word' id='word_1_207' title='bbox 2667 1488 2930 1543; x_wconf 78' lang='lat' dir='ltr'><strong>extremis</strong></span> <span class='ocrx_word' id='word_1_208' title='bbox 2962 1488 3298 1557; x_wconf 79' lang='lat' dir='ltr'><strong>temporibus</strong></span> <span class='ocrx_word' id='word_1_209' title='bbox 3330 1495 3452 1558; x_wconf 90' lang='lat' dir='ltr'><strong>post</strong></span> <span class='ocrx_word' id='word_1_210' title='bbox 3485 1488 3598 1543; x_wconf 90' lang='lat' dir='ltr'><strong>lon-</strong></span> 
     </span>
    </p>
   </div>
   <div class='ocr_carea' id='block_1_32' title="bbox 2016 1579 3593 1652">
    <p class='ocr_par' dir='ltr' id='par_1_32' title="bbox 2016 1579 3593 1652">
     <span class='ocr_line' id='line_1_32' title="bbox 2016 1579 3593 1652; baseline 0.003 -21"><span class='ocrx_word' id='word_1_211' title='bbox 2016 1593 2141 1648; x_wconf 76' lang='lat' dir='ltr'><strong>gum</strong></span> <span class='ocrx_word' id='word_1_212' title='bbox 2169 1579 2507 1650; x_wconf 86' lang='lat' dir='ltr'><strong>multumque</strong></span> <span class='ocrx_word' id='word_1_213' title='bbox 2539 1595 2713 1634; x_wconf 74' lang='lat' dir='ltr'><strong>aevum</strong></span> <span class='ocrx_word' id='word_1_214' title='bbox 2743 1579 2999 1634; x_wconf 81' lang='lat' dir='ltr'><strong>Christus</strong></span> <span class='ocrx_word' id='word_1_215' title='bbox 3021 1579 3314 1634; x_wconf 87' lang='lat' dir='ltr'><strong>videndum</strong></span> <span class='ocrx_word' id='word_1_216' title='bbox 3349 1582 3593 1652; x_wconf 84' lang='lat' dir='ltr'><strong>seipsum</strong></span> 
     </span>
    </p>
   </div>
   <div class='ocr_carea' id='block_1_33' title="bbox 2016 1670 3595 1745">
    <p class='ocr_par' dir='ltr' id='par_1_33' title="bbox 2016 1670 3595 1745">
     <span class='ocr_line' id='line_1_33' title="bbox 2016 1670 3595 1745; baseline 0.004 -22"><span class='ocrx_word' id='word_1_217' title='bbox 2016 1670 2073 1725; x_wconf 92' lang='lat' dir='ltr'><strong>in</strong></span> <span class='ocrx_word' id='word_1_218' title='bbox 2104 1670 2211 1726; x_wconf 87' lang='lat' dir='ltr'><strong>vita</strong></span> <span class='ocrx_word' id='word_1_219' title='bbox 2261 1672 2587 1742; x_wconf 73' lang='lat' dir='ltr'><strong>praebuerit,</strong></span> <span class='ocrx_word' id='word_1_220' title='bbox 2650 1687 2833 1743; x_wconf 76' lang='lat' dir='ltr'><strong>causa:</strong></span> <span class='ocrx_word' id='word_1_221' title='bbox 2880 1672 3101 1743; x_wconf 88' lang='lat' dir='ltr'><strong>quidem</strong></span> <span class='ocrx_word' id='word_1_222' title='bbox 3157 1681 3316 1727; x_wconf 87' lang='lat' dir='ltr'><strong>antea</strong></span> <span class='ocrx_word' id='word_1_223' title='bbox 3373 1690 3595 1745; x_wconf 87' lang='lat' dir='ltr'><strong>quoque</strong></span> 
     </span>
    </p>
   </div>
   <div class='ocr_carea' id='block_1_34' title="bbox 314 1752 1897 1844">
    <p class='ocr_par' dir='ltr' id='par_1_34' title="bbox 314 1752 1897 1844">
     <span class='ocr_line' id='line_1_34' title="bbox 314 1752 1897 1844; baseline 0.011 -32"><span class='ocrx_word' id='word_1_224' title='bbox 314 1760 641 1818; x_wconf 79' lang='grc' dir='ltr'>ἁτιθάσσων</span> <span class='ocrx_word' id='word_1_225' title='bbox 683 1764 884 1838; x_wconf 82' lang='grc' dir='ltr'>Θηρίων</span> <span class='ocrx_word' id='word_1_226' title='bbox 917 1769 1195 1842; x_wconf 68' lang='grc' dir='ltr'>διαφέρειν</span> <span class='ocrx_word' id='word_1_227' title='bbox 1222 1770 1398 1825; x_wconf 86' lang='grc' dir='ltr'>δοκεῖν</span> <span class='ocrx_word' id='word_1_228' title='bbox 1418 1788 1435 1805; x_wconf 74' lang='grc'><em>’</em></span> <span class='ocrx_word' id='word_1_229' title='bbox 1476 1774 1615 1844; x_wconf 82' lang='grc' dir='ltr'>μήτε</span> <span class='ocrx_word' id='word_1_230' title='bbox 1654 1752 1784 1844; x_wconf 82' lang='grc' dir='ltr'>γοῦν</span> <span class='ocrx_word' id='word_1_231' title='bbox 1814 1776 1897 1829; x_wconf 87' lang='grc' dir='ltr'>πό-</span> 
     </span>
    </p>
   </div>
   <div class='ocr_carea' id='block_1_35' title="bbox 1996 1752 3595 1844">
    <p class='ocr_par' dir='ltr' id='par_1_35' title="bbox 2012 1760 3595 1835">
     <span class='ocr_line' id='line_1_35' title="bbox 2012 1760 3595 1835; baseline 0.005 -21"><span class='ocrx_word' id='word_1_232' title='bbox 2012 1760 2171 1816; x_wconf 73' lang='lat' dir='ltr'><strong>dicta:</strong></span> <span class='ocrx_word' id='word_1_233' title='bbox 2209 1768 2357 1826; x_wconf 91' lang='lat' dir='ltr'><strong>sunt,</strong></span> <span class='ocrx_word' id='word_1_234' title='bbox 2387 1771 2767 1818; x_wconf 82' lang='lat' dir='ltr'><strong>verumtamen</strong></span> <span class='ocrx_word' id='word_1_235' title='bbox 2807 1763 2972 1817; x_wconf 90' lang='lat' dir='ltr'><strong>etiam</strong></span> <span class='ocrx_word' id='word_1_236' title='bbox 3006 1779 3153 1817; x_wconf 90' lang='lat' dir='ltr'><strong>nunc</strong></span> <span class='ocrx_word' id='word_1_237' title='bbox 3190 1766 3383 1834; x_wconf 84' lang='lat' dir='ltr'><strong>paucis</strong></span> <span class='ocrx_word' id='word_1_238' title='bbox 3428 1773 3595 1835; x_wconf 88' lang='lat' dir='ltr'><strong>atque</strong></span> 
     </span>
    </p>
   </div>
   <div class='ocr_carea' id='block_1_36' title="bbox 314 1850 1911 1937">
    <p class='ocr_par' dir='ltr' id='par_1_36' title="bbox 314 1850 1911 1937">
     <span class='ocr_line' id='line_1_36' title="bbox 314 1850 1911 1937; baseline 0.011 -33"><span class='ocrx_word' id='word_1_239' title='bbox 314 1850 459 1917; x_wconf 82' lang='grc' dir='ltr'>λεις,</span> <span class='ocrx_word' id='word_1_240' title='bbox 477 1855 619 1926; x_wconf 76' lang='grc' dir='ltr'>μήτε</span> <span class='ocrx_word' id='word_1_241' title='bbox 642 1856 934 1923; x_wconf 78' lang='grc' dir='ltr'>πολιτείας,</span> <span class='ocrx_word' id='word_1_242' title='bbox 956 1860 1090 1932; x_wconf 83' lang='grc' dir='ltr'>μήτε</span> <span class='ocrx_word' id='word_1_243' title='bbox 1113 1861 1331 1933; x_wconf 81' lang='grc' dir='ltr'>νόμους,</span> <span class='ocrx_word' id='word_1_244' title='bbox 1356 1864 1494 1936; x_wconf 82' lang='grc' dir='ltr'>μήτε</span> <span class='ocrx_word' id='word_1_245' title='bbox 1519 1882 1571 1918; x_wconf 89' lang='grc' dir='ltr'><strong>τι</strong></span> <span class='ocrx_word' id='word_1_246' title='bbox 1598 1866 1796 1937; x_wconf 82' lang='grc' dir='ltr'>σεμνὸν</span> <span class='ocrx_word' id='word_1_247' title='bbox 1816 1868 1911 1922; x_wconf 74' lang='grc' dir='ltr'>καὶ</span> 
     </span>
    </p>
   </div>
   <div class='ocr_carea' id='block_1_37' title="bbox 315 1943 1909 2032">
    <p class='ocr_par' dir='ltr' id='par_1_37' title="bbox 315 1943 1909 2032">
     <span class='ocr_line' id='line_1_37' title="bbox 315 1943 1909 2032; baseline 0.014 -37"><span class='ocrx_word' id='word_1_248' title='bbox 315 1943 597 2014; x_wconf 74' lang='grc' dir='ltr'>βιωφελές</span> <span class='ocrx_word' id='word_1_249' title='bbox 624 1948 843 2015; x_wconf 83' lang='grc' dir='ltr'>εἰδότες,</span> <span class='ocrx_word' id='word_1_250' title='bbox 871 1951 1008 2023; x_wconf 84' lang='grc' dir='ltr'>μηδὲ</span> <span class='ocrx_word' id='word_1_251' title='bbox 1033 1954 1139 2026; x_wconf 85' lang='grc' dir='ltr'>μὴν</span> <span class='ocrx_word' id='word_1_252' title='bbox 1167 1956 1474 2029; x_wconf 78' lang='grc' dir='ltr'>ἐπιστήμας</span> <span class='ocrx_word' id='word_1_253' title='bbox 1509 1960 1601 2014; x_wconf 77' lang='grc' dir='ltr'><strong>καὶ</strong></span> <span class='ocrx_word' id='word_1_254' title='bbox 1629 1960 1823 2032; x_wconf 83' lang='grc' dir='ltr'>τέχνας</span> <span class='ocrx_word' id='word_1_255' title='bbox 1851 1965 1909 2019; x_wconf 83' lang='grc' dir='ltr'><strong>ἐν</strong></span> 
     </span>
    </p>
   </div>
   <div class='ocr_carea' id='block_1_38' title="bbox 310 2036 1903 2121">
    <p class='ocr_par' dir='ltr' id='par_1_38' title="bbox 310 2036 1903 2121">
     <span class='ocr_line' id='line_1_38' title="bbox 310 2036 1903 2121; baseline 0.014 -33"><span class='ocrx_word' id='word_1_256' title='bbox 310 2036 397 2107; x_wconf 82' lang='grc' dir='ltr'>νῷ</span> <span class='ocrx_word' id='word_1_257' title='bbox 434 2037 733 2109; x_wconf 85' lang='grc' dir='ltr'>τιθέμενοι,</span> <span class='ocrx_word' id='word_1_258' title='bbox 761 2041 965 2113; x_wconf 81' lang='grc' dir='ltr'>ἀρετῆς</span> <span class='ocrx_word' id='word_1_259' title='bbox 996 2062 1056 2100; x_wconf 90' lang='grc' dir='ltr'><strong>τε</strong></span> <span class='ocrx_word' id='word_1_260' title='bbox 1098 2047 1195 2101; x_wconf 77' lang='grc' dir='ltr'>καὶ</span> <span class='ocrx_word' id='word_1_261' title='bbox 1225 2049 1544 2121; x_wconf 81' lang='grc' dir='ltr'>φιλοσοφίας</span> <span class='ocrx_word' id='word_1_262' title='bbox 1577 2054 1687 2107; x_wconf 79' lang='grc' dir='ltr'>οὐδ’</span> <span class='ocrx_word' id='word_1_263' title='bbox 1716 2058 1797 2120; x_wconf 88' lang='grc' dir='ltr'><strong>είς</strong></span> <span class='ocrx_word' id='word_1_264' title='bbox 1824 2057 1903 2111; x_wconf 34' lang='grc' dir='ltr'>ἔνθ</span> 
     </span>
    </p>
   </div>
   <div class='ocr_carea' id='block_1_39' title="bbox 312 2130 1907 2217">
    <p class='ocr_par' dir='ltr' id='par_1_39' title="bbox 312 2130 1907 2217">
     <span class='ocr_line' id='line_1_39' title="bbox 312 2130 1907 2217; baseline 0.013 -37"><span class='ocrx_word' id='word_1_265' title='bbox 312 2145 476 2182; x_wconf 86' lang='grc' dir='ltr'>νοιαν</span> <span class='ocrx_word' id='word_1_266' title='bbox 523 2130 712 2196; x_wconf 89' lang='grc' dir='ltr'>ἰόντες,</span> <span class='ocrx_word' id='word_1_267' title='bbox 752 2132 942 2203; x_wconf 85' lang='grc' dir='ltr'>μόναις</span> <span class='ocrx_word' id='word_1_268' title='bbox 985 2136 1074 2188; x_wconf 81' lang='grc' dir='ltr'><strong>ἐπ’</strong></span> <span class='ocrx_word' id='word_1_269' title='bbox 1112 2138 1392 2209; x_wconf 85' lang='grc' dir='ltr'>ἐρημίαις,</span> <span class='ocrx_word' id='word_1_270' title='bbox 1425 2142 1482 2195; x_wconf 78' lang='grc' dir='ltr'><strong>ἐν</strong></span> <span class='ocrx_word' id='word_1_271' title='bbox 1528 2160 1587 2196; x_wconf 89' lang='grc' dir='ltr'><strong>τε</strong></span> <span class='ocrx_word' id='word_1_272' title='bbox 1632 2144 1782 2217; x_wconf 79' lang='grc' dir='ltr'>ϐρεσι</span> <span class='ocrx_word' id='word_1_273' title='bbox 1812 2148 1907 2201; x_wconf 80' lang='grc' dir='ltr'><strong>καὶ</strong></span> 
     </span>
    </p>
   </div>
   <div class='ocr_carea' id='block_1_40' title="bbox 314 2219 1903 2311">
    <p class='ocr_par' dir='ltr' id='par_1_40' title="bbox 314 2219 1903 2311">
     <span class='ocr_line' id='line_1_40' title="bbox 314 2219 1903 2311; baseline 0.013 -39"><span class='ocrx_word' id='word_1_274' title='bbox 314 2219 615 2311; x_wconf 82' lang='grc' dir='ltr'>σπηλαίοις</span> <span class='ocrx_word' id='word_1_275' title='bbox 666 2224 759 2278; x_wconf 77' lang='grc' dir='ltr'><strong>καὶ</strong></span> <span class='ocrx_word' id='word_1_276' title='bbox 797 2224 1010 2297; x_wconf 80' lang='grc' dir='ltr'>κώμαις</span> <span class='ocrx_word' id='word_1_277' title='bbox 1046 2227 1144 2293; x_wconf 87' lang='grc' dir='ltr'><strong>τάς</strong></span> <span class='ocrx_word' id='word_1_278' title='bbox 1188 2229 1466 2302; x_wconf 82' lang='grc' dir='ltr'>διατριϐάς</span> <span class='ocrx_word' id='word_1_279' title='bbox 1491 2236 1784 2303; x_wconf 85' lang='grc' dir='ltr'>ἐποιοῦντο,</span> <span class='ocrx_word' id='word_1_280' title='bbox 1809 2238 1903 2311; x_wconf 77' lang='grc' dir='ltr'><strong>λῃο</strong></span> 
     </span>
    </p>
   </div>
   <div class='ocr_carea' id='block_1_41' title="bbox 312 2310 1905 2398">
    <p class='ocr_par' dir='ltr' id='par_1_41' title="bbox 312 2310 1905 2398">
     <span class='ocr_line' id='line_1_41' title="bbox 312 2310 1905 2398; baseline 0.011 -35"><span class='ocrx_word' id='word_1_281' title='bbox 312 2310 691 2385; x_wconf 83' lang='grc' dir='ltr'>στρικώτερον</span> <span class='ocrx_word' id='word_1_282' title='bbox 723 2316 1087 2389; x_wconf 74' lang='grc' dir='ltr'>ἐπιτιθέμενοι</span> <span class='ocrx_word' id='word_1_283' title='bbox 1116 2322 1227 2385; x_wconf 91' lang='grc' dir='ltr'>τοῖς</span> <span class='ocrx_word' id='word_1_284' title='bbox 1252 2322 1630 2393; x_wconf 77' lang='grc' dir='ltr'>πλησιάζουσι,</span> <span class='ocrx_word' id='word_1_285' title='bbox 1659 2310 1905 2398; x_wconf 74' lang='grc' dir='ltr'>πορίζονο</span> 
     </span>
    </p>
   </div>
   <div class='ocr_carea' id='block_1_42' title="bbox 312 2401 1904 2488">
    <p class='ocr_par' dir='ltr' id='par_1_42' title="bbox 312 2401 1904 2488">
     <span class='ocr_line' id='line_1_42' title="bbox 312 2401 1904 2488; baseline 0.011 -35"><span class='ocrx_word' id='word_1_286' title='bbox 312 2417 410 2464; x_wconf 78' lang='grc' dir='ltr'><strong>τες</strong></span> <span class='ocrx_word' id='word_1_287' title='bbox 457 2401 527 2455; x_wconf 77' lang='grc' dir='ltr'><strong>τά</strong></span> <span class='ocrx_word' id='word_1_288' title='bbox 568 2405 705 2475; x_wconf 72' lang='grc' dir='ltr'>πρὸς</span> <span class='ocrx_word' id='word_1_289' title='bbox 743 2405 804 2459; x_wconf 77' lang='grc' dir='ltr'><strong>τὸ</strong></span> <span class='ocrx_word' id='word_1_290' title='bbox 849 2404 949 2479; x_wconf 77' lang='grc' dir='ltr'><strong>ζῇν</strong></span> <span class='ocrx_word' id='word_1_291' title='bbox 991 2410 1089 2463; x_wconf 82' lang='grc' dir='ltr'>οὐκ</span> <span class='ocrx_word' id='word_1_292' title='bbox 1128 2411 1351 2466; x_wconf 80' lang='grc' dir='ltr'>ἄλλοθεν</span> <span class='ocrx_word' id='word_1_293' title='bbox 1376 2414 1488 2467; x_wconf 82' lang='grc' dir='ltr'>ἀλλ’</span> <span class='ocrx_word' id='word_1_294' title='bbox 1514 2414 1546 2487; x_wconf 81' lang='grc' dir='ltr'>ἢ</span> <span class='ocrx_word' id='word_1_295' title='bbox 1576 2417 1641 2469; x_wconf 83' lang='grc' dir='ltr'><strong>ἐκ</strong></span> <span class='ocrx_word' id='word_1_296' title='bbox 1667 2417 1768 2488; x_wconf 82' lang='grc' dir='ltr'>τῆς</span> <span class='ocrx_word' id='word_1_297' title='bbox 1794 2417 1904 2471; x_wconf 87' lang='grc' dir='ltr'><strong>τῶν</strong></span> 
     </span>
    </p>
   </div>
   <div class='ocr_carea' id='block_1_43' title="bbox 314 2492 1904 2579">
    <p class='ocr_par' dir='ltr' id='par_1_43' title="bbox 314 2492 1904 2579">
     <span class='ocr_line' id='line_1_43' title="bbox 314 2492 1904 2579; baseline 0.013 -35"><span class='ocrx_word' id='word_1_298' title='bbox 314 2492 770 2567; x_wconf 76' lang='grc' dir='ltr'>καταδεεστέρων</span> <span class='ocrx_word' id='word_1_299' title='bbox 809 2500 1285 2569; x_wconf 86' lang='grc' dir='ltr'>καταδυναστείας.</span> <span class='ocrx_word' id='word_1_300' title='bbox 1323 2506 1482 2560; x_wconf 80' lang='grc' dir='ltr'>’Δλλά</span> <span class='ocrx_word' id='word_1_301' title='bbox 1520 2506 1625 2579; x_wconf 85' lang='grc' dir='ltr'>μὴν</span> <span class='ocrx_word' id='word_1_302' title='bbox 1640 2510 1760 2563; x_wconf 77' lang='grc' dir='ltr'>οὐδὲ</span> <span class='ocrx_word' id='word_1_303' title='bbox 1772 2510 1904 2566; x_wconf 81' lang='grc' dir='ltr'>Θεὸν</span> 
     </span>
    </p>
   </div>
   <div class='ocr_carea' id='block_1_44' title="bbox 311 2580 1905 2671">
    <p class='ocr_par' dir='ltr' id='par_1_44' title="bbox 311 2580 1905 2671">
     <span class='ocr_line' id='line_1_44' title="bbox 311 2580 1905 2671; baseline 0.012 -36"><span class='ocrx_word' id='word_1_304' title='bbox 311 2580 412 2637; x_wconf 81' lang='grc' dir='ltr'>τὸν</span> <span class='ocrx_word' id='word_1_305' title='bbox 461 2584 558 2638; x_wconf 74' lang='grc' dir='ltr'><strong>ἐπὶ</strong></span> <span class='ocrx_word' id='word_1_306' title='bbox 603 2587 820 2642; x_wconf 80' lang='grc' dir='ltr'>πάντων</span> <span class='ocrx_word' id='word_1_307' title='bbox 855 2591 1072 2661; x_wconf 75' lang='grc' dir='ltr'>ᾔδεσαν,</span> <span class='ocrx_word' id='word_1_308' title='bbox 1101 2594 1224 2649; x_wconf 82' lang='grc' dir='ltr'><strong>οὑδὲ</strong></span> <span class='ocrx_word' id='word_1_309' title='bbox 1261 2612 1326 2665; x_wconf 87' lang='grc' dir='ltr'><strong>γε</strong></span> <span class='ocrx_word' id='word_1_310' title='bbox 1363 2596 1643 2663; x_wconf 77' lang='grc' dir='ltr'>εὐσεϐείας</span> <span class='ocrx_word' id='word_1_311' title='bbox 1672 2599 1905 2671; x_wconf 79' lang='grc' dir='ltr'>ἀληθοῦς</span> 
     </span>
    </p>
   </div>
   <div class='ocr_carea' id='block_1_45' title="bbox 309 2675 1903 2762">
    <p class='ocr_par' dir='ltr' id='par_1_45' title="bbox 309 2675 1903 2762">
     <span class='ocr_line' id='line_1_45' title="bbox 309 2675 1903 2762; baseline 0.012 -34"><span class='ocrx_word' id='word_1_312' title='bbox 309 2675 545 2747; x_wconf 81' lang='grc' dir='ltr'>τρόπον,</span> <span class='ocrx_word' id='word_1_313' title='bbox 591 2685 849 2748; x_wconf 85' lang='grc' dir='ltr'>φυσικαῖς</span> <span class='ocrx_word' id='word_1_314' title='bbox 879 2683 935 2736; x_wconf 86' lang='grc' dir='ltr'>δὲ</span> <span class='ocrx_word' id='word_1_315' title='bbox 972 2687 1202 2751; x_wconf 82' lang='grc' dir='ltr'>ἐννοίαις</span> <span class='ocrx_word' id='word_1_316' title='bbox 1247 2688 1678 2761; x_wconf 82' lang='grc' dir='ltr'>ἅνακινούμενοι,</span> <span class='ocrx_word' id='word_1_317' title='bbox 1711 2692 1771 2744; x_wconf 84' lang='grc' dir='ltr'>τὸ</span> <span class='ocrx_word' id='word_1_318' title='bbox 1802 2693 1903 2762; x_wconf 80' lang='grc' dir='ltr'>μὲν</span> 
     </span>
    </p>
   </div>
   <div class='ocr_carea' id='block_1_46' title="bbox 314 2769 1902 2853">
    <p class='ocr_par' dir='ltr' id='par_1_46' title="bbox 314 2769 1902 2853">
     <span class='ocr_line' id='line_1_46' title="bbox 314 2769 1902 2853; baseline 0.011 -32"><span class='ocrx_word' id='word_1_319' title='bbox 314 2769 592 2841; x_wconf 73' lang='grc' dir='ltr'>ὑπάρχειν</span> <span class='ocrx_word' id='word_1_320' title='bbox 635 2775 691 2826; x_wconf 89' lang='grc' dir='ltr'><strong>ἐν</strong></span> <span class='ocrx_word' id='word_1_321' title='bbox 732 2778 845 2838; x_wconf 89' lang='grc' dir='ltr'>τοῖς</span> <span class='ocrx_word' id='word_1_322' title='bbox 872 2773 991 2831; x_wconf 76' lang='grc' dir='ltr'>οὖσι</span> <span class='ocrx_word' id='word_1_323' title='bbox 1039 2778 1187 2832; x_wconf 87' lang='grc' dir='ltr'>θείαν</span> <span class='ocrx_word' id='word_1_324' title='bbox 1214 2780 1336 2833; x_wconf 85' lang='grc' dir='ltr'>τινὰ</span> <span class='ocrx_word' id='word_1_325' title='bbox 1375 2782 1602 2853; x_wconf 82' lang='grc' dir='ltr'>δύναμιν</span> <span class='ocrx_word' id='word_1_326' title='bbox 1645 2784 1739 2837; x_wconf 77' lang='grc' dir='ltr'><strong>καὶ</strong></span> <span class='ocrx_word' id='word_1_327' title='bbox 1769 2784 1902 2839; x_wconf 83' lang='grc' dir='ltr'>Θεὸν</span> 
     </span>
    </p>
   </div>
   <div class='ocr_carea' id='block_1_47' title="bbox 312 2855 1902 2948">
    <p class='ocr_par' dir='ltr' id='par_1_47' title="bbox 312 2855 1902 2948">
     <span class='ocr_line' id='line_1_47' title="bbox 312 2855 1902 2948; baseline 0.009 -33"><span class='ocrx_word' id='word_1_328' title='bbox 312 2855 483 2929; x_wconf 83' lang='grc' dir='ltr'>εἶναι,</span> <span class='ocrx_word' id='word_1_329' title='bbox 514 2866 608 2919; x_wconf 75' lang='grc' dir='ltr'>καὶ</span> <span class='ocrx_word' id='word_1_330' title='bbox 631 2866 1009 2938; x_wconf 79' lang='grc' dir='ltr'>ὀνομάζεσθαι,</span> <span class='ocrx_word' id='word_1_331' title='bbox 1042 2872 1307 2943; x_wconf 85' lang='grc' dir='ltr'>σωτήριόν</span> <span class='ocrx_word' id='word_1_332' title='bbox 1332 2890 1392 2927; x_wconf 88' lang='grc' dir='ltr'><strong>τε</strong></span> <span class='ocrx_word' id='word_1_333' title='bbox 1426 2875 1520 2927; x_wconf 80' lang='grc' dir='ltr'>καὶ</span> <span class='ocrx_word' id='word_1_334' title='bbox 1547 2876 1902 2948; x_wconf 81' lang='grc' dir='ltr'>εὐεργετικὴν</span> 
     </span>
    </p>
   </div>
   <div class='ocr_carea' id='block_1_48' title="bbox 309 2956 1901 3042">
    <p class='ocr_par' dir='ltr' id='par_1_48' title="bbox 309 2956 1901 3042">
     <span class='ocr_line' id='line_1_48' title="bbox 309 2956 1901 3042; baseline 0.008 -33"><span class='ocrx_word' id='word_1_335' title='bbox 309 2956 609 3026; x_wconf 81' lang='grc' dir='ltr'>τυγχάνειν</span> <span class='ocrx_word' id='word_1_336' title='bbox 664 2958 764 3032; x_wconf 84' lang='grc' dir='ltr'>τὴν</span> <span class='ocrx_word' id='word_1_337' title='bbox 829 2962 1201 3034; x_wconf 79' lang='grc' dir='ltr'>προσηγορίαν</span> <span class='ocrx_word' id='word_1_338' title='bbox 1262 2965 1520 3036; x_wconf 74' lang='grc' dir='ltr'>αὖτοφυεί</span> <span class='ocrx_word' id='word_1_339' title='bbox 1584 2968 1901 3042; x_wconf 78' lang='grc' dir='ltr'>διδασκαλίᾳ</span> 
     </span>
    </p>
   </div>
   <div class='ocr_carea' id='block_1_49' title="bbox 311 3049 1895 3132">
    <p class='ocr_par' dir='ltr' id='par_1_49' title="bbox 311 3049 1895 3132">
     <span class='ocr_line' id='line_1_49' title="bbox 311 3049 1895 3132; baseline 0.008 -30"><span class='ocrx_word' id='word_1_340' title='bbox 311 3049 761 3119; x_wconf 76' lang='grc' dir='ltr'>συνωμολόγουνο</span> <span class='ocrx_word' id='word_1_341' title='bbox 789 3051 852 3105; x_wconf 78' lang='grc' dir='ltr'><strong>τὸ</strong></span> <span class='ocrx_word' id='word_1_342' title='bbox 887 3053 945 3107; x_wconf 86' lang='grc' dir='ltr'>δὲ</span> <span class='ocrx_word' id='word_1_343' title='bbox 979 3053 1053 3125; x_wconf 79' lang='grc' dir='ltr'>μὴ</span> <span class='ocrx_word' id='word_1_344' title='bbox 1087 3054 1214 3108; x_wconf 81' lang='grc' dir='ltr'>ἄλλο</span> <span class='ocrx_word' id='word_1_345' title='bbox 1249 3073 1303 3109; x_wconf 87' lang='grc' dir='ltr'><strong>τι</strong></span> <span class='ocrx_word' id='word_1_346' title='bbox 1325 3057 1566 3129; x_wconf 73' lang='grc' dir='ltr'>νομίζειν</span> <span class='ocrx_word' id='word_1_347' title='bbox 1593 3060 1625 3132; x_wconf 79' lang='grc' dir='ltr'><strong>ἢ</strong></span> <span class='ocrx_word' id='word_1_348' title='bbox 1650 3061 1740 3114; x_wconf 85' lang='grc' dir='ltr'>τὸν</span> <span class='ocrx_word' id='word_1_349' title='bbox 1768 3061 1895 3115; x_wconf 82' lang='grc' dir='ltr'>ἐπέ-</span> 
     </span>
    </p>
   </div>
   <div class='ocr_carea' id='block_1_50' title="bbox 308 3142 1893 3216">
    <p class='ocr_par' dir='ltr' id='par_1_50' title="bbox 308 3142 1893 3216">
     <span class='ocr_line' id='line_1_50' title="bbox 308 3142 1893 3216; baseline 0.009 -23"><span class='ocrx_word' id='word_1_350' title='bbox 308 3157 472 3194; x_wconf 86' lang='grc' dir='ltr'>κεινα</span> <span class='ocrx_word' id='word_1_351' title='bbox 502 3142 721 3215; x_wconf 87' lang='grc' dir='ltr'>ἀπάσης</span> <span class='ocrx_word' id='word_1_352' title='bbox 753 3142 852 3214; x_wconf 81' lang='grc' dir='ltr'>τῆς</span> <span class='ocrx_word' id='word_1_353' title='bbox 881 3145 1163 3216; x_wconf 84' lang='grc' dir='ltr'>ὀρωμένης</span> <span class='ocrx_word' id='word_1_354' title='bbox 1193 3147 1401 3213; x_wconf 82' lang='grc' dir='ltr'>οὐσίας,</span> <span class='ocrx_word' id='word_1_355' title='bbox 1443 3150 1542 3203; x_wconf 80' lang='grc' dir='ltr'>οὐκ</span> <span class='ocrx_word' id='word_1_356' title='bbox 1579 3150 1656 3204; x_wconf 77' lang='grc' dir='ltr'><strong>ἔθ’</strong></span> <span class='ocrx_word' id='word_1_357' title='bbox 1689 3145 1791 3206; x_wconf 77' lang='grc' dir='ltr'>οἷοί</span> <span class='ocrx_word' id='word_1_358' title='bbox 1832 3169 1893 3206; x_wconf 87' lang='grc' dir='ltr'><strong>τε</strong></span> 
     </span>
    </p>
   </div>
   <div class='ocr_carea' id='block_1_51' title="bbox 305 3228 1889 3318">
    <p class='ocr_par' dir='ltr' id='par_1_51' title="bbox 305 3228 1889 3318">
     <span class='ocr_line' id='line_1_51' title="bbox 305 3228 1889 3318; baseline 0.009 -33"><span class='ocrx_word' id='word_1_359' title='bbox 305 3228 454 3304; x_wconf 81' lang='grc' dir='ltr'>ἦσαν</span> <span class='ocrx_word' id='word_1_360' title='bbox 489 3234 865 3305; x_wconf 80' lang='grc' dir='ltr'>ἀποδέχεσθαι.</span> <span class='ocrx_word' id='word_1_361' title='bbox 888 3238 1087 3310; x_wconf 85' lang='grc' dir='ltr'>Διόπερ</span> <span class='ocrx_word' id='word_1_362' title='bbox 1123 3258 1141 3291; x_wconf 82' lang='grc' dir='ltr'><strong>ι</strong></span> <span class='ocrx_word' id='word_1_363' title='bbox 1169 3241 1220 3293; x_wconf 89' lang='grc' dir='ltr'><strong>οί</strong></span> <span class='ocrx_word' id='word_1_364' title='bbox 1255 3241 1353 3312; x_wconf 81' lang='grc' dir='ltr'>μὲν</span> <span class='ocrx_word' id='word_1_365' title='bbox 1384 3242 1565 3297; x_wconf 80' lang='grc' dir='ltr'>αὐτῶν</span> <span class='ocrx_word' id='word_1_366' title='bbox 1588 3243 1889 3318; x_wconf 85' lang='grc' dir='ltr'>ἐσεϐάσθη·-</span> 
     </span>
    </p>
   </div>
   <div class='ocr_carea' id='block_1_52' title="bbox 309 3325 1888 3405">
    <p class='ocr_par' dir='ltr' id='par_1_52' title="bbox 309 3325 1888 3405">
     <span class='ocr_line' id='line_1_52' title="bbox 309 3325 1888 3405; baseline 0.007 -27"><span class='ocrx_word' id='word_1_367' title='bbox 309 3340 436 3380; x_wconf 87' lang='grc' dir='ltr'>σαν.</span> <span class='ocrx_word' id='word_1_368' title='bbox 470 3325 564 3379; x_wconf 75' lang='grc' dir='ltr'>καὶ</span> <span class='ocrx_word' id='word_1_369' title='bbox 607 3325 939 3397; x_wconf 81' lang='grc' dir='ltr'>ἐλάτρευσαν</span> <span class='ocrx_word' id='word_1_370' title='bbox 978 3331 1045 3400; x_wconf 80' lang='grc' dir='ltr'><strong>τῇ</strong></span> <span class='ocrx_word' id='word_1_371' title='bbox 1080 3333 1252 3384; x_wconf 82' lang='grc' dir='ltr'>κτίσει</span> <span class='ocrx_word' id='word_1_372' title='bbox 1294 3332 1446 3405; x_wconf 85' lang='grc' dir='ltr'><strong>παρά</strong></span> <span class='ocrx_word' id='word_1_373' title='bbox 1475 3332 1566 3387; x_wconf 81' lang='grc' dir='ltr'>τὸν</span> <span class='ocrx_word' id='word_1_374' title='bbox 1594 3334 1888 3389; x_wconf 73' lang='grc' dir='ltr'>κτίσανταο</span> 
     </span>
    </p>
   </div>
   <div class='ocr_carea' id='block_1_53' title="bbox 304 3410 1893 3496">
    <p class='ocr_par' dir='ltr' id='par_1_53' title="bbox 304 3410 1893 3496">
     <span class='ocr_line' id='line_1_53' title="bbox 304 3410 1893 3496; baseline 0.008 -28"><span class='ocrx_word' id='word_1_375' title='bbox 304 3418 359 3469; x_wconf 80' lang='grc' dir='ltr'>οἱ</span> <span class='ocrx_word' id='word_1_376' title='bbox 392 3416 450 3470; x_wconf 79' lang='grc' dir='ltr'>δὲ</span> <span class='ocrx_word' id='word_1_377' title='bbox 489 3416 912 3490; x_wconf 83' lang='grc' dir='ltr'>ἐματαιώθησαν</span> <span class='ocrx_word' id='word_1_378' title='bbox 940 3420 999 3473; x_wconf 86' lang='grc' dir='ltr'><strong>ἐν</strong></span> <span class='ocrx_word' id='word_1_379' title='bbox 1031 3410 1144 3485; x_wconf 87' lang='grc' dir='ltr'>τοῖς</span> <span class='ocrx_word' id='word_1_380' title='bbox 1173 3422 1542 3496; x_wconf 80' lang='grc' dir='ltr'>διαλογισμοῖς</span> <span class='ocrx_word' id='word_1_381' title='bbox 1568 3426 1767 3491; x_wconf 79' lang='grc' dir='ltr'>αὐτῶν,</span> <span class='ocrx_word' id='word_1_382' title='bbox 1798 3428 1893 3481; x_wconf 77' lang='grc' dir='ltr'>καὶ</span> 
     </span>
    </p>
   </div>
   <div class='ocr_carea' id='block_1_54' title="bbox 304 3510 1890 3588">
    <p class='ocr_par' dir='ltr' id='par_1_54' title="bbox 304 3510 1890 3588">
     <span class='ocr_line' id='line_1_54' title="bbox 304 3510 1890 3588; baseline 0.007 -24"><span class='ocrx_word' id='word_1_383' title='bbox 304 3510 600 3581; x_wconf 75' lang='grc' dir='ltr'>ἐσκοτίσθη</span> <span class='ocrx_word' id='word_1_384' title='bbox 633 3514 665 3583; x_wconf 80' lang='grc' dir='ltr'><strong>ή</strong></span> <span class='ocrx_word' id='word_1_385' title='bbox 712 3510 967 3576; x_wconf 83' lang='grc' dir='ltr'>ἀσύνετος</span> <span class='ocrx_word' id='word_1_386' title='bbox 1009 3514 1189 3567; x_wconf 74' lang='grc' dir='ltr'>αὐτῶν</span> <span class='ocrx_word' id='word_1_387' title='bbox 1221 3516 1440 3588; x_wconf 90' lang='grc' dir='ltr'>καρδία,</span> <span class='ocrx_word' id='word_1_388' title='bbox 1490 3518 1566 3582; x_wconf 84' lang='grc' dir='ltr'><strong>ῶς</strong></span> <span class='ocrx_word' id='word_1_389' title='bbox 1605 3519 1890 3586; x_wconf 74' lang='grc' dir='ltr'>ἐναλλάξαι</span> 
     </span>
    </p>
   </div>
   <div class='ocr_carea' id='block_1_55' title="bbox 302 3603 1891 3681">
    <p class='ocr_par' dir='ltr' id='par_1_55' title="bbox 302 3603 1891 3681">
     <span class='ocr_line' id='line_1_55' title="bbox 302 3603 1891 3681; baseline 0.005 -24"><span class='ocrx_word' id='word_1_390' title='bbox 302 3604 410 3677; x_wconf 82' lang='grc' dir='ltr'>τὴν</span> <span class='ocrx_word' id='word_1_391' title='bbox 435 3603 596 3669; x_wconf 81' lang='grc' dir='ltr'>δόξαν</span> <span class='ocrx_word' id='word_1_392' title='bbox 625 3604 719 3659; x_wconf 91' lang='grc' dir='ltr'><strong>τοῦ</strong></span> <span class='ocrx_word' id='word_1_393' title='bbox 752 3605 1029 3678; x_wconf 76' lang='grc' dir='ltr'>ἀφθάρτου</span> <span class='ocrx_word' id='word_1_394' title='bbox 1073 3607 1209 3661; x_wconf 90' lang='grc' dir='ltr'>Θεοῦ</span> <span class='ocrx_word' id='word_1_395' title='bbox 1241 3610 1298 3662; x_wconf 92' lang='grc' dir='ltr'><strong>ἐν</strong></span> <span class='ocrx_word' id='word_1_396' title='bbox 1329 3608 1634 3681; x_wconf 84' lang='grc' dir='ltr'>ὁμοιώματι</span> <span class='ocrx_word' id='word_1_397' title='bbox 1684 3612 1891 3677; x_wconf 85' lang='grc' dir='ltr'>εἰκόνος</span> 
     </span>
    </p>
   </div>
   <div class='ocr_carea' id='block_1_56' title="bbox 306 3693 1882 3773">
    <p class='ocr_par' dir='ltr' id='par_1_56' title="bbox 306 3693 1882 3773">
     <span class='ocr_line' id='line_1_56' title="bbox 306 3693 1882 3773; baseline 0.006 -25"><span class='ocrx_word' id='word_1_398' title='bbox 306 3693 554 3768; x_wconf 74' lang='grc' dir='ltr'>φθαρτοῦ</span> <span class='ocrx_word' id='word_1_399' title='bbox 605 3694 916 3766; x_wconf 84' lang='grc' dir='ltr'>ἀνθρώπου,</span> <span class='ocrx_word' id='word_1_400' title='bbox 955 3699 1049 3752; x_wconf 78' lang='grc' dir='ltr'>καὶ</span> <span class='ocrx_word' id='word_1_401' title='bbox 1092 3699 1354 3754; x_wconf 84' lang='grc' dir='ltr'>πετεινῶν</span> <span class='ocrx_word' id='word_1_402' title='bbox 1393 3701 1486 3755; x_wconf 72' lang='grc' dir='ltr'>καὶ</span> <span class='ocrx_word' id='word_1_403' title='bbox 1516 3703 1882 3773; x_wconf 79' lang='grc' dir='ltr'>τετραπόδων,</span> 
     </span>
    </p>
   </div>
   <div class='ocr_carea' id='block_1_57' title="bbox 304 3786 1888 3865">
    <p class='ocr_par' dir='ltr' id='par_1_57' title="bbox 304 3786 1888 3865">
     <span class='ocr_line' id='line_1_57' title="bbox 304 3786 1888 3865; baseline 0.006 -26"><span class='ocrx_word' id='word_1_404' title='bbox 304 3786 406 3840; x_wconf 77' lang='grc' dir='ltr'><strong>καὶ</strong></span> <span class='ocrx_word' id='word_1_405' title='bbox 436 3786 701 3857; x_wconf 81' lang='grc' dir='ltr'>ἑρπετῶν.</span> <span class='ocrx_word' id='word_1_406' title='bbox 734 3806 753 3838; x_wconf 75' lang='grc' dir='ltr'><strong>ι</strong></span> <span class='ocrx_word' id='word_1_407' title='bbox 786 3788 1014 3862; x_wconf 84' lang='grc' dir='ltr'>Νεκρῶν</span> <span class='ocrx_word' id='word_1_408' title='bbox 1032 3790 1089 3844; x_wconf 81' lang='grc' dir='ltr'>δὲ</span> <span class='ocrx_word' id='word_1_409' title='bbox 1117 3786 1211 3845; x_wconf 81' lang='grc' dir='ltr'><strong>οῦν</strong></span> <span class='ocrx_word' id='word_1_410' title='bbox 1236 3792 1344 3846; x_wconf 77' lang='grc' dir='ltr'>οἵδε</span> <span class='ocrx_word' id='word_1_411' title='bbox 1382 3792 1589 3865; x_wconf 79' lang='grc' dir='ltr'>ἀνδρῶν</span> <span class='ocrx_word' id='word_1_412' title='bbox 1613 3793 1888 3848; x_wconf 85' lang='grc' dir='ltr'>δυναστῶν</span> 
     </span>
    </p>
   </div>
   <div class='ocr_carea' id='block_1_58' title="bbox 302 3877 1887 3951">
    <p class='ocr_par' dir='ltr' id='par_1_58' title="bbox 302 3877 1887 3951">
     <span class='ocr_line' id='line_1_58' title="bbox 302 3877 1887 3951; baseline 0.006 -23"><span class='ocrx_word' id='word_1_413' title='bbox 302 3892 492 3941; x_wconf 84' lang='grc' dir='ltr'>τινων,</span> <span class='ocrx_word' id='word_1_414' title='bbox 539 3877 573 3946; x_wconf 81' lang='grc' dir='ltr'>ἢ</span> <span class='ocrx_word' id='word_1_415' title='bbox 630 3877 721 3932; x_wconf 76' lang='grc' dir='ltr'>καὶ</span> <span class='ocrx_word' id='word_1_416' title='bbox 772 3880 1051 3950; x_wconf 85' lang='grc' dir='ltr'>τυράννων</span> <span class='ocrx_word' id='word_1_417' title='bbox 1095 3881 1264 3935; x_wconf 90' lang='grc' dir='ltr'>πάλαι</span> <span class='ocrx_word' id='word_1_418' title='bbox 1312 3882 1623 3951; x_wconf 80' lang='grc' dir='ltr'>γενομένων</span> <span class='ocrx_word' id='word_1_419' title='bbox 1673 3884 1887 3947; x_wconf 82' lang='grc' dir='ltr'>εἰκόνας</span> 
     </span>
    </p>
   </div>
   <div class='ocr_carea' id='block_1_59' title="bbox 306 3965 1887 4043">
    <p class='ocr_par' dir='ltr' id='par_1_59' title="bbox 306 3965 1887 4043">
     <span class='ocr_line' id='line_1_59' title="bbox 306 3965 1887 4043; baseline 0.004 -24"><span class='ocrx_word' id='word_1_420' title='bbox 306 3965 907 4038; x_wconf 85' lang='grc' dir='ltr'>ἀνειδωλοποιήσαντες,</span> <span class='ocrx_word' id='word_1_421' title='bbox 947 3971 1041 4023; x_wconf 76' lang='grc' dir='ltr'>καὶ</span> <span class='ocrx_word' id='word_1_422' title='bbox 1073 3970 1300 4035; x_wconf 83' lang='grc' dir='ltr'>ταύταις</span> <span class='ocrx_word' id='word_1_423' title='bbox 1324 3972 1384 4025; x_wconf 87' lang='grc' dir='ltr'>τὸ</span> <span class='ocrx_word' id='word_1_424' title='bbox 1414 3970 1556 4025; x_wconf 88' lang='grc' dir='ltr'>θεῖον</span> <span class='ocrx_word' id='word_1_425' title='bbox 1586 3972 1887 4043; x_wconf 75' lang='grc' dir='ltr'>περιάψαν-</span> 
     </span>
    </p>
   </div>
   <div class='ocr_carea' id='block_1_60' title="bbox 302 4059 1887 4127">
    <p class='ocr_par' dir='ltr' id='par_1_60' title="bbox 302 4059 1887 4127">
     <span class='ocr_line' id='line_1_60' title="bbox 302 4059 1887 4127; baseline 0.004 -16"><span class='ocrx_word' id='word_1_426' title='bbox 302 4074 397 4122; x_wconf 85' lang='grc' dir='ltr'><strong>τες</strong></span> <span class='ocrx_word' id='word_1_427' title='bbox 428 4059 615 4122; x_wconf 79' lang='grc' dir='ltr'>σὲϐας,</span> <span class='ocrx_word' id='word_1_428' title='bbox 649 4060 745 4124; x_wconf 83' lang='grc' dir='ltr'><strong>τάς</strong></span> <span class='ocrx_word' id='word_1_429' title='bbox 775 4078 835 4115; x_wconf 91' lang='grc' dir='ltr'><strong>τε</strong></span> <span class='ocrx_word' id='word_1_430' title='bbox 875 4062 1137 4127; x_wconf 75' lang='grc' dir='ltr'>ἐκτύπους</span> <span class='ocrx_word' id='word_1_431' title='bbox 1165 4063 1259 4117; x_wconf 77' lang='grc' dir='ltr'>καὶ</span> <span class='ocrx_word' id='word_1_432' title='bbox 1291 4063 1622 4127; x_wconf 75' lang='grc' dir='ltr'>ἀκολάστους</span> <span class='ocrx_word' id='word_1_433' title='bbox 1650 4063 1757 4117; x_wconf 88' lang='grc' dir='ltr'><strong>τῶν</strong></span> <span class='ocrx_word' id='word_1_434' title='bbox 1791 4064 1887 4117; x_wconf 73' lang='grc' dir='ltr'><strong>αὒ-</strong></span> 
     </span>
    </p>
   </div>
   <div class='ocr_carea' id='block_1_61' title="bbox 303 4150 1885 4228">
    <p class='ocr_par' dir='ltr' id='par_1_61' title="bbox 303 4150 1885 4228">
     <span class='ocr_line' id='line_1_61' title="bbox 303 4150 1885 4228; baseline 0.004 -25"><span class='ocrx_word' id='word_1_435' title='bbox 303 4150 414 4206; x_wconf 77' lang='grc' dir='ltr'><strong>τῶν</strong></span> <span class='ocrx_word' id='word_1_436' title='bbox 448 4151 696 4223; x_wconf 79' lang='grc' dir='ltr'>πράξεις,</span> <span class='ocrx_word' id='word_1_437' title='bbox 723 4153 800 4217; x_wconf 88' lang='grc' dir='ltr'>ὼς</span> <span class='ocrx_word' id='word_1_438' title='bbox 824 4152 962 4208; x_wconf 87' lang='grc' dir='ltr'>θεῶν</span> <span class='ocrx_word' id='word_1_439' title='bbox 989 4155 1386 4228; x_wconf 77' lang='grc' dir='ltr'>κατορθώματα</span> <span class='ocrx_word' id='word_1_440' title='bbox 1425 4156 1710 4227; x_wconf 83' lang='grc' dir='ltr'>σεμνύνειν</span> <span class='ocrx_word' id='word_1_441' title='bbox 1738 4156 1885 4210; x_wconf 84' lang='grc' dir='ltr'>ἐθεο-</span> 
     </span>
    </p>
   </div>
   <div class='ocr_carea' id='block_1_62' title="bbox 303 4242 1881 4323">
    <p class='ocr_par' dir='ltr' id='par_1_62' title="bbox 303 4242 1881 4323">
     <span class='ocr_line' id='line_1_62' title="bbox 303 4242 1881 4323; baseline 0.002 -23"><span class='ocrx_word' id='word_1_442' title='bbox 303 4243 565 4315; x_wconf 84' lang='grc' dir='ltr'>λόγησαν.</span> <span class='ocrx_word' id='word_1_443' title='bbox 602 4245 727 4310; x_wconf 86' lang='grc' dir='ltr'><strong>Πῶς</strong></span> <span class='ocrx_word' id='word_1_444' title='bbox 753 4242 844 4300; x_wconf 79' lang='grc' dir='ltr'>οὖν</span> <span class='ocrx_word' id='word_1_445' title='bbox 879 4249 991 4310; x_wconf 91' lang='grc' dir='ltr'>τοῖς</span> <span class='ocrx_word' id='word_1_446' title='bbox 1026 4247 1383 4319; x_wconf 82' lang='grc' dir='ltr'>τυγχάνουσιν</span> <span class='ocrx_word' id='word_1_447' title='bbox 1415 4250 1474 4302; x_wconf 79' lang='grc' dir='ltr'><strong>ἐν</strong></span> <span class='ocrx_word' id='word_1_448' title='bbox 1505 4248 1732 4323; x_wconf 77' lang='grc' dir='ltr'>τοιαύτῃ</span> <span class='ocrx_word' id='word_1_449' title='bbox 1767 4249 1881 4320; x_wconf 87' lang='grc' dir='ltr'>βίου</span> 
     </span>
    </p>
   </div>
   <div class='ocr_carea' id='block_1_63' title="bbox 303 4338 1879 4412">
    <p class='ocr_par' dir='ltr' id='par_1_63' title="bbox 303 4338 1879 4412">
     <span class='ocr_line' id='line_1_63' title="bbox 303 4338 1879 4412; baseline 0.003 -23"><span class='ocrx_word' id='word_1_450' title='bbox 303 4338 638 4391; x_wconf 83' lang='grc' dir='ltr'>καταστάσει</span> <span class='ocrx_word' id='word_1_451' title='bbox 674 4340 702 4391; x_wconf 86' lang='grc' dir='ltr'>ὁ</span> <span class='ocrx_word' id='word_1_452' title='bbox 734 4339 1004 4408; x_wconf 84' lang='grc' dir='ltr'>πάνσοφος</span> <span class='ocrx_word' id='word_1_453' title='bbox 1034 4340 1127 4393; x_wconf 81' lang='grc' dir='ltr'>καὶ</span> <span class='ocrx_word' id='word_1_454' title='bbox 1158 4339 1458 4412; x_wconf 85' lang='grc' dir='ltr'>πανάρετος</span> <span class='ocrx_word' id='word_1_455' title='bbox 1502 4339 1594 4393; x_wconf 87' lang='grc' dir='ltr'><strong>τοῦ</strong></span> <span class='ocrx_word' id='word_1_456' title='bbox 1641 4339 1879 4412; x_wconf 80' lang='grc' dir='ltr'>Χριστοῦ</span> 
     </span>
    </p>
   </div>
   <div class='ocr_carea' id='block_1_64' title="bbox 299 4426 1957 4504">
    <p class='ocr_par' dir='ltr' id='par_1_64' title="bbox 299 4426 1957 4504">
     <span class='ocr_line' id='line_1_64' title="bbox 299 4426 1957 4504; baseline 0.004 -24"><span class='ocrx_word' id='word_1_457' title='bbox 299 4426 459 4496; x_wconf 86' lang='grc' dir='ltr'>λόγος</span> <span class='ocrx_word' id='word_1_458' title='bbox 501 4428 598 4498; x_wconf 83' lang='grc' dir='ltr'>τὴν</span> <span class='ocrx_word' id='word_1_459' title='bbox 644 4431 725 4493; x_wconf 88' lang='grc' dir='ltr'><strong>είς</strong></span> <span class='ocrx_word' id='word_1_460' title='bbox 762 4430 930 4501; x_wconf 83' lang='grc' dir='ltr'>ἄκρον</span> <span class='ocrx_word' id='word_1_461' title='bbox 971 4430 1361 4499; x_wconf 79' lang='grc' dir='ltr'>καταγγέλλων</span> <span class='ocrx_word' id='word_1_462' title='bbox 1396 4430 1732 4499; x_wconf 81' lang='grc' dir='ltr'>φιλοσοφίαν,</span> <span class='ocrx_word' id='word_1_463' title='bbox 1769 4434 1881 4496; x_wconf 86' lang='grc' dir='ltr'>τοῖς</span> <span class='ocrx_word' id='word_1_464' title='bbox 1908 4445 1957 4504; x_wconf 82' lang='grc' dir='ltr'><strong>ι)</strong></span> 
     </span>
    </p>
   </div>
   <div class='ocr_carea' id='block_1_65' title="bbox 295 4518 1877 4593">
    <p class='ocr_par' dir='ltr' id='par_1_65' title="bbox 295 4518 1877 4593">
     <span class='ocr_line' id='line_1_65' title="bbox 295 4518 1877 4593; baseline 0.004 -22"><span class='ocrx_word' id='word_1_465' title='bbox 295 4535 357 4572; x_wconf 81' lang='grc' dir='ltr'><strong>τε</strong></span> <span class='ocrx_word' id='word_1_466' title='bbox 388 4521 446 4571; x_wconf 84' lang='grc' dir='ltr'><strong>ἐν</strong></span> <span class='ocrx_word' id='word_1_467' title='bbox 476 4518 715 4591; x_wconf 75' lang='grc' dir='ltr'>τοσούτῳ</span> <span class='ocrx_word' id='word_1_468' title='bbox 746 4520 899 4590; x_wconf 85' lang='grc' dir='ltr'>βάθει</span> <span class='ocrx_word' id='word_1_469' title='bbox 935 4520 1133 4585; x_wconf 86' lang='grc' dir='ltr'>κακίας</span> <span class='ocrx_word' id='word_1_470' title='bbox 1179 4521 1616 4593; x_wconf 74' lang='grc' dir='ltr'>καλινδουμένοις</span> <span class='ocrx_word' id='word_1_471' title='bbox 1655 4522 1877 4578; x_wconf 79' lang='grc' dir='ltr'>δύναται</span> 
     </span>
    </p>
   </div>
   <div class='ocr_carea' id='block_1_66' title="bbox 297 4610 1876 4689">
    <p class='ocr_par' dir='ltr' id='par_1_66' title="bbox 297 4610 1876 4689">
     <span class='ocr_line' id='line_1_66' title="bbox 297 4610 1876 4689; baseline 0.004 -26"><span class='ocrx_word' id='word_1_472' title='bbox 297 4610 626 4682; x_wconf 79' lang='grc' dir='ltr'>ἁρμόττειν;</span> <span class='ocrx_word' id='word_1_473' title='bbox 656 4612 734 4666; x_wconf 86' lang='grc' dir='ltr'>διὸ</span> <span class='ocrx_word' id='word_1_474' title='bbox 755 4612 818 4684; x_wconf 82' lang='grc' dir='ltr'>δὴ</span> <span class='ocrx_word' id='word_1_475' title='bbox 847 4613 1085 4678; x_wconf 81' lang='grc' dir='ltr'>ἐκείνους</span> <span class='ocrx_word' id='word_1_476' title='bbox 1111 4616 1143 4685; x_wconf 83' lang='grc' dir='ltr'><strong>ἡ</strong></span> <span class='ocrx_word' id='word_1_477' title='bbox 1168 4612 1285 4667; x_wconf 90' lang='grc' dir='ltr'>θεία</span> <span class='ocrx_word' id='word_1_478' title='bbox 1316 4615 1411 4668; x_wconf 68' lang='grc' dir='ltr'><strong>κει.)⁸</strong></span> <span class='ocrx_word' id='word_1_479' title='bbox 1436 4615 1651 4671; x_wconf 85' lang='grc' dir='ltr'>πάντων</span> <span class='ocrx_word' id='word_1_480' title='bbox 1682 4615 1876 4689; x_wconf 78' lang='grc' dir='ltr'>ἔφορος</span> 
     </span>
    </p>
   </div>
   <div class='ocr_carea' id='block_1_67' title="bbox 293 4701 1877 4778">
    <p class='ocr_par' dir='ltr' id='par_1_67' title="bbox 293 4701 1877 4778">
     <span class='ocr_line' id='line_1_67' title="bbox 293 4701 1877 4778; baseline 0.004 -24"><span class='ocrx_word' id='word_1_481' title='bbox 293 4701 534 4773; x_wconf 77' lang='grc' dir='ltr'>δίκη,ὠς</span> <span class='ocrx_word' id='word_1_482' title='bbox 569 4703 766 4773; x_wconf 88' lang='grc' dir='ltr'>ἀγρίαν</span> <span class='ocrx_word' id='word_1_483' title='bbox 794 4705 886 4756; x_wconf 78' lang='grc' dir='ltr'>καὶ</span> <span class='ocrx_word' id='word_1_484' title='bbox 916 4703 1333 4775; x_wconf 75' lang='grc' dir='ltr'>βλαϐερωτάτην</span> <span class='ocrx_word' id='word_1_485' title='bbox 1359 4704 1491 4776; x_wconf 76' lang='grc' dir='ltr'>ὓλην</span> <span class='ocrx_word' id='word_1_486' title='bbox 1518 4706 1877 4778; x_wconf 87' lang='grc' dir='ltr'>περικόπτου-</span> 
     </span>
    </p>
   </div>
   <div class='ocr_carea' id='block_1_68' title="bbox 297 4794 1873 4870">
    <p class='ocr_par' dir='ltr' id='par_1_68' title="bbox 297 4794 1873 4870">
     <span class='ocr_line' id='line_1_68' title="bbox 297 4794 1873 4870; baseline 0.003 -22"><span class='ocrx_word' id='word_1_487' title='bbox 297 4811 390 4854; x_wconf 77' lang='grc' dir='ltr'><strong>σα,</strong></span> <span class='ocrx_word' id='word_1_488' title='bbox 440 4794 563 4848; x_wconf 77' lang='grc' dir='ltr'>τοτὲ</span> <span class='ocrx_word' id='word_1_489' title='bbox 614 4794 713 4865; x_wconf 81' lang='grc' dir='ltr'>μὲν</span> <span class='ocrx_word' id='word_1_490' title='bbox 765 4794 1188 4866; x_wconf 84' lang='grc' dir='ltr'>κατακλυσμοῖς,</span> <span class='ocrx_word' id='word_1_491' title='bbox 1235 4798 1355 4849; x_wconf 88' lang='grc' dir='ltr'><strong>τοτέ</strong></span> <span class='ocrx_word' id='word_1_492' title='bbox 1398 4796 1454 4850; x_wconf 85' lang='grc' dir='ltr'>δὲ</span> <span class='ocrx_word' id='word_1_493' title='bbox 1500 4797 1873 4870; x_wconf 82' lang='grc' dir='ltr'>πυρπολήσεσι</span> 
     </span>
    </p>
   </div>
   <div class='ocr_carea' id='block_1_69' title="bbox 298 4884 1872 4960">
    <p class='ocr_par' dir='ltr' id='par_1_69' title="bbox 298 4884 1872 4960">
     <span class='ocr_line' id='line_1_69' title="bbox 298 4884 1872 4960; baseline 0.004 -24"><span class='ocrx_word' id='word_1_494' title='bbox 298 4884 522 4955; x_wconf 74' lang='grc' dir='ltr'>μετῄει·</span> <span class='ocrx_word' id='word_1_495' title='bbox 554 4886 674 4938; x_wconf 85' lang='grc' dir='ltr'>τοτὲ</span> <span class='ocrx_word' id='word_1_496' title='bbox 711 4884 768 4937; x_wconf 78' lang='grc' dir='ltr'>δὲ</span> <span class='ocrx_word' id='word_1_497' title='bbox 806 4885 1002 4950; x_wconf 76' lang='grc' dir='ltr'>αὐτοὺς</span> <span class='ocrx_word' id='word_1_498' title='bbox 1033 4888 1142 4949; x_wconf 91' lang='grc' dir='ltr'>τοῖς</span> <span class='ocrx_word' id='word_1_499' title='bbox 1168 4888 1287 4939; x_wconf 82' lang='grc' dir='ltr'>κατ’</span> <span class='ocrx_word' id='word_1_500' title='bbox 1316 4886 1561 4959; x_wconf 85' lang='grc' dir='ltr'>ἀλλήλων</span> <span class='ocrx_word' id='word_1_501' title='bbox 1596 4888 1872 4960; x_wconf 82' lang='grc' dir='ltr'>πολέμοις,</span> 
     </span>
    </p>
   </div>
   <div class='ocr_carea' id='block_1_70' title="bbox 294 4976 1871 5051">
    <p class='ocr_par' dir='ltr' id='par_1_70' title="bbox 294 4976 1871 5051">
     <span class='ocr_line' id='line_1_70' title="bbox 294 4976 1871 5051; baseline 0.001 -21"><span class='ocrx_word' id='word_1_502' title='bbox 294 4976 706 5049; x_wconf 83' lang='grc' dir='ltr'>ἀνδροκτασίαις</span> <span class='ocrx_word' id='word_1_503' title='bbox 728 4994 787 5030; x_wconf 88' lang='grc' dir='ltr'><strong>τε</strong></span> <span class='ocrx_word' id='word_1_504' title='bbox 816 4979 910 5031; x_wconf 74' lang='grc' dir='ltr'>καὶ</span> <span class='ocrx_word' id='word_1_505' title='bbox 941 4977 1273 5049; x_wconf 86' lang='grc' dir='ltr'>πολιορκίαις</span> <span class='ocrx_word' id='word_1_506' title='bbox 1305 4978 1391 5030; x_wconf 80' lang='grc' dir='ltr'>ἐπ’</span> <span class='ocrx_word' id='word_1_507' title='bbox 1415 4978 1678 5049; x_wconf 77' lang='grc' dir='ltr'>ἀλλήλους</span> <span class='ocrx_word' id='word_1_508' title='bbox 1700 4996 1871 5051; x_wconf 83' lang='grc' dir='ltr'>παρε-</span> 
     </span>
    </p>
   </div>
   <div class='ocr_carea' id='block_1_71' title="bbox 294 5067 1873 5145">
    <p class='ocr_par' dir='ltr' id='par_1_71' title="bbox 294 5067 1873 5145">
     <span class='ocr_line' id='line_1_71' title="bbox 294 5067 1873 5145; baseline 0.002 -25"><span class='ocrx_word' id='word_1_509' title='bbox 294 5068 459 5145; x_wconf 80' lang='grc' dir='ltr'>δίδου,</span> <span class='ocrx_word' id='word_1_510' title='bbox 489 5067 624 5139; x_wconf 70' lang='grc' dir='ltr'>πρὸς</span> <span class='ocrx_word' id='word_1_511' title='bbox 660 5069 839 5121; x_wconf 85' lang='grc' dir='ltr'>αὐτῶν</span> <span class='ocrx_word' id='word_1_512' title='bbox 857 5068 965 5122; x_wconf 84' lang='grc' dir='ltr'><strong>τῶν</strong></span> <span class='ocrx_word' id='word_1_513' title='bbox 998 5069 1286 5140; x_wconf 88' lang='grc' dir='ltr'>δαιμόνων,</span> <span class='ocrx_word' id='word_1_514' title='bbox 1311 5068 1418 5121; x_wconf 83' lang='grc' dir='ltr'><strong>τῶν</strong></span> <span class='ocrx_word' id='word_1_515' title='bbox 1437 5068 1500 5141; x_wconf 82' lang='grc' dir='ltr'>δὴ</span> <span class='ocrx_word' id='word_1_516' title='bbox 1529 5069 1666 5124; x_wconf 87' lang='grc' dir='ltr'>θεῶν</span> <span class='ocrx_word' id='word_1_517' title='bbox 1693 5072 1873 5134; x_wconf 73' lang='grc' dir='ltr'>αὐτοῖς</span> 
     </span>
    </p>
   </div>
   <div class='ocr_carea' id='block_1_72' title="bbox 294 5158 1869 5234">
    <p class='ocr_par' dir='ltr' id='par_1_72' title="bbox 294 5158 1869 5234">
     <span class='ocr_line' id='line_1_72' title="bbox 294 5158 1869 5234; baseline 0.004 -24"><span class='ocrx_word' id='word_1_518' title='bbox 294 5158 718 5229; x_wconf 80' lang='grc' dir='ltr'>νενομισμένων,</span> <span class='ocrx_word' id='word_1_519' title='bbox 755 5160 848 5212; x_wconf 72' lang='grc' dir='ltr'>ἐπὶ</span> <span class='ocrx_word' id='word_1_520' title='bbox 889 5161 981 5213; x_wconf 76' lang='grc' dir='ltr'>τὸν</span> <span class='ocrx_word' id='word_1_521' title='bbox 1030 5162 1149 5214; x_wconf 82' lang='grc' dir='ltr'>κατ’</span> <span class='ocrx_word' id='word_1_522' title='bbox 1173 5160 1416 5229; x_wconf 78' lang='grc' dir='ltr'>ἀλλήλων</span> <span class='ocrx_word' id='word_1_523' title='bbox 1449 5160 1683 5234; x_wconf 87' lang='grc' dir='ltr'>πόλεμον</span> <span class='ocrx_word' id='word_1_524' title='bbox 1728 5162 1869 5227; x_wconf 82' lang='grc' dir='ltr'>ἐξοι-</span> 
     </span>
    </p>
   </div>
   <div class='ocr_carea' id='block_1_73' title="bbox 293 5249 1866 5325">
    <p class='ocr_par' dir='ltr' id='par_1_73' title="bbox 293 5249 1866 5325">
     <span class='ocr_line' id='line_1_73' title="bbox 293 5249 1866 5325; baseline 0.004 -25"><span class='ocrx_word' id='word_1_525' title='bbox 293 5249 653 5320; x_wconf 80' lang='grc' dir='ltr'>στρουμένους</span> <span class='ocrx_word' id='word_1_526' title='bbox 677 5267 690 5280; x_wconf 76' lang='grc' dir='ltr'><strong>ο</strong></span> <span class='ocrx_word' id='word_1_527' title='bbox 722 5250 861 5304; x_wconf 79' lang='grc' dir='ltr'>ὣστε</span> <span class='ocrx_word' id='word_1_528' title='bbox 882 5251 1078 5305; x_wconf 81' lang='grc' dir='ltr'>ἄϐατον</span> <span class='ocrx_word' id='word_1_529' title='bbox 1112 5249 1247 5307; x_wconf 74' lang='grc' dir='ltr'>εἶναι</span> <span class='ocrx_word' id='word_1_530' title='bbox 1292 5257 1403 5319; x_wconf 87' lang='grc' dir='ltr'>τοῖς</span> <span class='ocrx_word' id='word_1_531' title='bbox 1449 5253 1866 5325; x_wconf 88' lang='grc' dir='ltr'>πλησιοχώροις,</span> 
     </span>
    </p>
   </div>
   <div class='ocr_carea' id='block_1_74' title="bbox 290 5339 1868 5417">
    <p class='ocr_par' dir='ltr' id='par_1_74' title="bbox 290 5339 1868 5417">
     <span class='ocr_line' id='line_1_74' title="bbox 290 5339 1868 5417; baseline 0.004 -25"><span class='ocrx_word' id='word_1_532' title='bbox 290 5339 645 5410; x_wconf 86' lang='grc' dir='ltr'>ἀνεπίμικτόν</span> <span class='ocrx_word' id='word_1_533' title='bbox 668 5359 727 5394; x_wconf 89' lang='grc' dir='ltr'><strong>τε</strong></span> <span class='ocrx_word' id='word_1_534' title='bbox 754 5342 848 5396; x_wconf 82' lang='grc' dir='ltr'>καὶ</span> <span class='ocrx_word' id='word_1_535' title='bbox 873 5343 1233 5416; x_wconf 85' lang='grc' dir='ltr'>ἀκοινώνητον</span> <span class='ocrx_word' id='word_1_536' title='bbox 1261 5344 1353 5398; x_wconf 83' lang='grc' dir='ltr'>τὸν</span> <span class='ocrx_word' id='word_1_537' title='bbox 1380 5345 1500 5399; x_wconf 87' lang='grc' dir='ltr'>τότε</span> <span class='ocrx_word' id='word_1_538' title='bbox 1528 5345 1636 5398; x_wconf 85' lang='grc' dir='ltr'><strong>τῶν</strong></span> <span class='ocrx_word' id='word_1_539' title='bbox 1660 5345 1868 5417; x_wconf 80' lang='grc' dir='ltr'>ἀνθρώ-</span> 
     </span>
    </p>
   </div>
   <div class='ocr_carea' id='block_1_75' title="bbox 290 5427 1867 5510">
    <p class='ocr_par' dir='ltr' id='par_1_75' title="bbox 290 5427 1867 5510">
     <span class='ocr_line' id='line_1_75' title="bbox 290 5427 1867 5510; baseline 0.006 -29"><span class='ocrx_word' id='word_1_540' title='bbox 290 5443 409 5482; x_wconf 88' lang='grc' dir='ltr'><strong>πων</strong></span> <span class='ocrx_word' id='word_1_541' title='bbox 442 5427 576 5500; x_wconf 83' lang='grc' dir='ltr'>βίον.</span> <span class='ocrx_word' id='word_1_542' title='bbox 605 5431 834 5503; x_wconf 87' lang='grc' dir='ltr'>Βραχείς</span> <span class='ocrx_word' id='word_1_543' title='bbox 866 5431 922 5485; x_wconf 78' lang='grc' dir='ltr'>δέ</span> <span class='ocrx_word' id='word_1_544' title='bbox 957 5450 1126 5498; x_wconf 88' lang='grc' dir='ltr'>τινας,</span> <span class='ocrx_word' id='word_1_545' title='bbox 1147 5434 1223 5499; x_wconf 88' lang='grc' dir='ltr'><strong>ώς</strong></span> <span class='ocrx_word' id='word_1_546' title='bbox 1256 5438 1314 5489; x_wconf 89' lang='grc' dir='ltr'><strong>ἐν</strong></span> <span class='ocrx_word' id='word_1_547' title='bbox 1351 5435 1574 5510; x_wconf 75' lang='grc' dir='ltr'>τοιαύτῃ</span> <span class='ocrx_word' id='word_1_548' title='bbox 1603 5437 1867 5490; x_wconf 77' lang='grc' dir='ltr'>καταστά-</span> 
     </span>
    </p>
   </div>
   <div class='ocr_carea' id='block_1_76' title="bbox 292 5520 1864 5599">
    <p class='ocr_par' dir='ltr' id='par_1_76' title="bbox 292 5520 1864 5599">
     <span class='ocr_line' id='line_1_76' title="bbox 292 5520 1864 5599; baseline 0.006 -27"><span class='ocrx_word' id='word_1_549' title='bbox 292 5535 398 5585; x_wconf 85' lang='grc' dir='ltr'>σει,</span> <span class='ocrx_word' id='word_1_550' title='bbox 442 5523 546 5576; x_wconf 78' lang='grc' dir='ltr'>καὶ</span> <span class='ocrx_word' id='word_1_551' title='bbox 596 5523 813 5595; x_wconf 82' lang='grc' dir='ltr'>ἀριθμῷ</span> <span class='ocrx_word' id='word_1_552' title='bbox 865 5524 1123 5595; x_wconf 71' lang='grc' dir='ltr'>ληπτοὺς,</span> <span class='ocrx_word' id='word_1_553' title='bbox 1160 5520 1236 5582; x_wconf 83' lang='grc' dir='ltr'><strong>ὧν</strong></span> <span class='ocrx_word' id='word_1_554' title='bbox 1289 5528 1359 5583; x_wconf 77' lang='grc' dir='ltr'>τὰ</span> <span class='ocrx_word' id='word_1_555' title='bbox 1404 5530 1534 5599; x_wconf 82' lang='grc' dir='ltr'>παρ’</span> <span class='ocrx_word' id='word_1_556' title='bbox 1595 5526 1864 5598; x_wconf 77' lang='grc' dir='ltr'>Ἑϐραίοις</span> 
     </span>
    </p>
   </div>
   <div class='ocr_carea' id='block_1_77' title="bbox 361 5695 1068 5770">
    <p class='ocr_par' dir='ltr' id='par_1_77' title="bbox 361 5695 1068 5770">
     <span class='ocr_line' id='line_1_77' title="bbox 361 5695 1068 5770; baseline 0.016 -21"><span class='ocrx_word' id='word_1_557' title='bbox 361 5696 408 5729; x_wconf 74' lang='grc'><strong>⁸⁸</strong></span> <span class='ocrx_word' id='word_1_558' title='bbox 448 5695 605 5757; x_wconf 77' lang='lat' dir='ltr'><strong>Rom.</strong></span> <span class='ocrx_word' id='word_1_559' title='bbox 645 5717 698 5768; x_wconf 91' lang='lat' dir='ltr'><strong>I,</strong></span> <span class='ocrx_word' id='word_1_560' title='bbox 735 5700 841 5770; x_wconf 71' lang='lat'><strong>2‘3,</strong></span> <span class='ocrx_word' id='word_1_561' title='bbox 876 5702 939 5758; x_wconf 71' lang='lat' dir='ltr'><strong>2i</strong></span> <span class='ocrx_word' id='word_1_562' title='bbox 975 5701 1068 5760; x_wconf 73' lang='grc'><strong>23.</strong></span> 
     </span>
    </p>
   </div>
   <div class='ocr_carea' id='block_1_78' title="bbox 2010 1854 3590 1926">
    <p class='ocr_par' dir='ltr' id='par_1_78' title="bbox 2010 1854 3590 1926">
     <span class='ocr_line' id='line_1_78' title="bbox 2010 1854 3590 1926; baseline 0.003 -18"><span class='ocrx_word' id='word_1_563' title='bbox 2010 1856 2064 1908; x_wconf 90' lang='lat' dir='ltr'><strong>in</strong></span> <span class='ocrx_word' id='word_1_564' title='bbox 2112 1868 2323 1909; x_wconf 85' lang='lat' dir='ltr'><strong>summa</strong></span> <span class='ocrx_word' id='word_1_565' title='bbox 2367 1862 2701 1925; x_wconf 87' lang='lat' dir='ltr'><strong>repetentur.</strong></span> <span class='ocrx_word' id='word_1_566' title='bbox 2739 1854 2875 1910; x_wconf 91' lang='lat' dir='ltr'><strong>Cum</strong></span> <span class='ocrx_word' id='word_1_567' title='bbox 2908 1854 3111 1911; x_wconf 91' lang='lat' dir='ltr'><strong>multus</strong></span> <span class='ocrx_word' id='word_1_568' title='bbox 3139 1863 3284 1911; x_wconf 85' lang='lat' dir='ltr'><strong>esset</strong></span> <span class='ocrx_word' id='word_1_569' title='bbox 3314 1859 3590 1926; x_wconf 90' lang='lat' dir='ltr'><strong>quondam</strong></span> 
     </span>
    </p>
   </div>
   <div class='ocr_carea' id='block_1_79' title="bbox 2009 1944 3590 2020">
    <p class='ocr_par' dir='ltr' id='par_1_79' title="bbox 2009 1944 3590 2020">
     <span class='ocr_line' id='line_1_79' title="bbox 2009 1944 3590 2020; baseline 0.004 -21"><span class='ocrx_word' id='word_1_570' title='bbox 2009 1944 2103 2016; x_wconf 87' lang='lat' dir='ltr'><strong>qui</strong></span> <span class='ocrx_word' id='word_1_571' title='bbox 2152 1946 2423 2002; x_wconf 88' lang='lat' dir='ltr'><strong>humanas</strong></span> <span class='ocrx_word' id='word_1_572' title='bbox 2475 1948 2687 2004; x_wconf 84' lang='lat' dir='ltr'><strong>animas</strong></span> <span class='ocrx_word' id='word_1_573' title='bbox 2746 1946 3135 2003; x_wconf 88' lang='lat' dir='ltr'><strong>obtenebrarct</strong></span> <span class='ocrx_word' id='word_1_574' title='bbox 3194 1949 3492 2020; x_wconf 79' lang='lat' dir='ltr'><strong>impietatis</strong></span> <span class='ocrx_word' id='word_1_575' title='bbox 3536 1958 3590 2006; x_wconf 89' lang='lat' dir='ltr'><strong>ct</strong></span> 
     </span>
    </p>
   </div>
   <div class='ocr_carea' id='block_1_80' title="bbox 2009 2038 3650 2109">
    <p class='ocr_par' dir='ltr' id='par_1_80' title="bbox 2009 2038 3650 2109">
     <span class='ocr_line' id='line_1_80' title="bbox 2009 2038 3650 2109; baseline 0.004 -19"><span class='ocrx_word' id='word_1_576' title='bbox 2009 2039 2258 2094; x_wconf 69' lang='lat' dir='ltr'><strong>amentia:</strong></span> <span class='ocrx_word' id='word_1_577' title='bbox 2280 2039 2504 2108; x_wconf 84' lang='lat' dir='ltr'><strong>squalor</strong></span> <span class='ocrx_word' id='word_1_578' title='bbox 2528 2078 2543 2102; x_wconf 93' lang='lat'><strong>,</strong></span> <span class='ocrx_word' id='word_1_579' title='bbox 2575 2046 2630 2094; x_wconf 92' lang='lat' dir='ltr'><strong>et</strong></span> <span class='ocrx_word' id='word_1_580' title='bbox 2655 2039 2837 2109; x_wconf 82' lang='lat' dir='ltr'><strong>gravis</strong></span> <span class='ocrx_word' id='word_1_581' title='bbox 2854 2039 3100 2109; x_wconf 72' lang='lat' dir='ltr'><strong>quaedam</strong></span> <span class='ocrx_word' id='word_1_582' title='bbox 3133 2054 3162 2092; x_wconf 90' lang='lat' dir='ltr'><strong>a</strong></span> <span class='ocrx_word' id='word_1_583' title='bbox 3189 2038 3299 2096; x_wconf 90' lang='lat' dir='ltr'><strong>Deo</strong></span> <span class='ocrx_word' id='word_1_584' title='bbox 3330 2042 3590 2097; x_wconf 80' lang='lat' dir='ltr'><strong>alienatio</strong></span> <span class='ocrx_word' id='word_1_585' title='bbox 3639 2041 3650 2054; x_wconf 89' lang='lat'><strong>&#39;</strong></span> 
     </span>
    </p>
   </div>
   <div class='ocr_carea' id='block_1_81' title="bbox 2007 2127 3590 2201">
    <p class='ocr_par' dir='ltr' id='par_1_81' title="bbox 2007 2127 3590 2201">
     <span class='ocr_line' id='line_1_81' title="bbox 2007 2127 3590 2201; baseline 0.004 -21"><span class='ocrx_word' id='word_1_586' title='bbox 2007 2141 2223 2183; x_wconf 88' lang='lat' dir='ltr'><strong>omnem</strong></span> <span class='ocrx_word' id='word_1_587' title='bbox 2250 2128 2414 2181; x_wconf 84' lang='lat' dir='ltr'><strong>vitam</strong></span> <span class='ocrx_word' id='word_1_588' title='bbox 2445 2127 2729 2182; x_wconf 88' lang='lat' dir='ltr'><strong>hominum</strong></span> <span class='ocrx_word' id='word_1_589' title='bbox 2776 2129 3086 2199; x_wconf 75' lang='lat' dir='ltr'><strong>sul-egisset</strong></span> <span class='ocrx_word' id='word_1_590' title='bbox 3116 2142 3280 2199; x_wconf 87' lang='lat' dir='ltr'><strong>atque</strong></span> <span class='ocrx_word' id='word_1_591' title='bbox 3320 2146 3590 2201; x_wconf 88' lang='lat' dir='ltr'><strong>occupas-</strong></span> 
     </span>
    </p>
   </div>
   <div class='ocr_carea' id='block_1_82' title="bbox 2010 2218 3587 2292">
    <p class='ocr_par' dir='ltr' id='par_1_82' title="bbox 2010 2218 3587 2292">
     <span class='ocr_line' id='line_1_82' title="bbox 2010 2218 3587 2292; baseline 0.003 -18"><span class='ocrx_word' id='word_1_592' title='bbox 2010 2228 2112 2279; x_wconf 89' lang='lat' dir='ltr'><strong>set,</strong></span> <span class='ocrx_word' id='word_1_593' title='bbox 2146 2218 2283 2275; x_wconf 89' lang='lat' dir='ltr'><strong>adeo</strong></span> <span class='ocrx_word' id='word_1_594' title='bbox 2314 2230 2373 2273; x_wconf 89' lang='lat' dir='ltr'><strong>ut</strong></span> <span class='ocrx_word' id='word_1_595' title='bbox 2402 2220 2472 2276; x_wconf 90' lang='lat' dir='ltr'><strong>ab</strong></span> <span class='ocrx_word' id='word_1_596' title='bbox 2506 2221 2815 2292; x_wconf 75' lang='lat' dir='ltr'><strong>agrestibus</strong></span> <span class='ocrx_word' id='word_1_597' title='bbox 2851 2229 2905 2275; x_wconf 89' lang='lat' dir='ltr'><strong>et</strong></span> <span class='ocrx_word' id='word_1_598' title='bbox 2949 2222 3249 2276; x_wconf 86' lang='lat' dir='ltr'><strong>immitibus</strong></span> <span class='ocrx_word' id='word_1_599' title='bbox 3280 2222 3409 2277; x_wconf 90' lang='lat' dir='ltr'><strong>feris</strong></span> <span class='ocrx_word' id='word_1_600' title='bbox 3450 2225 3587 2279; x_wconf 90' lang='lat' dir='ltr'><strong>nihil</strong></span> 
     </span>
    </p>
   </div>
   <div class='ocr_carea' id='block_1_83' title="bbox 2009 2309 3590 2385">
    <p class='ocr_par' dir='ltr' id='par_1_83' title="bbox 2009 2309 3590 2385">
     <span class='ocr_line' id='line_1_83' title="bbox 2009 2309 3590 2385; baseline 0.004 -22"><span class='ocrx_word' id='word_1_601' title='bbox 2009 2309 2226 2365; x_wconf 76' lang='lat' dir='ltr'><strong>differre</strong></span> <span class='ocrx_word' id='word_1_602' title='bbox 2256 2311 2505 2367; x_wconf 89' lang='lat' dir='ltr'><strong>homines</strong></span> <span class='ocrx_word' id='word_1_603' title='bbox 2557 2311 2904 2376; x_wconf 81' lang='lat' dir='ltr'><strong>viderentur,</strong></span> <span class='ocrx_word' id='word_1_604' title='bbox 2934 2321 3047 2365; x_wconf 91' lang='lat' dir='ltr'><strong>tum</strong></span> <span class='ocrx_word' id='word_1_605' title='bbox 3084 2313 3158 2366; x_wconf 91' lang='lat' dir='ltr'><strong>illi</strong></span> <span class='ocrx_word' id='word_1_606' title='bbox 3188 2330 3365 2385; x_wconf 87' lang='lat' dir='ltr'><strong>neque</strong></span> <span class='ocrx_word' id='word_1_607' title='bbox 3397 2316 3590 2370; x_wconf 86' lang='lat' dir='ltr'><strong>civita-</strong></span> 
     </span>
    </p>
   </div>
   <div class='ocr_carea' id='block_1_84' title="bbox 2004 2403 3592 2475">
    <p class='ocr_par' dir='ltr' id='par_1_84' title="bbox 2004 2403 3592 2475">
     <span class='ocr_line' id='line_1_84' title="bbox 2004 2403 3592 2475; baseline 0.005 -20"><span class='ocrx_word' id='word_1_608' title='bbox 2004 2412 2106 2465; x_wconf 85' lang='lat' dir='ltr'><strong>tes,</strong></span> <span class='ocrx_word' id='word_1_609' title='bbox 2125 2418 2298 2472; x_wconf 77' lang='lat' dir='ltr'><strong>neque</strong></span> <span class='ocrx_word' id='word_1_610' title='bbox 2322 2403 2680 2472; x_wconf 89' lang='lat' dir='ltr'><strong>respublicas,</strong></span> <span class='ocrx_word' id='word_1_611' title='bbox 2702 2421 2879 2474; x_wconf 89' lang='lat' dir='ltr'><strong>neque</strong></span> <span class='ocrx_word' id='word_1_612' title='bbox 2904 2405 3067 2473; x_wconf 75' lang='lat' dir='ltr'><strong>leges,</strong></span> <span class='ocrx_word' id='word_1_613' title='bbox 3094 2421 3269 2475; x_wconf 89' lang='lat' dir='ltr'><strong>neque</strong></span> <span class='ocrx_word' id='word_1_614' title='bbox 3295 2405 3592 2463; x_wconf 86' lang='lat' dir='ltr'><strong>honestum</strong></span> 
     </span>
    </p>
   </div>
   <div class='ocr_carea' id='block_1_85' title="bbox 2004 2494 3589 2571">
    <p class='ocr_par' dir='ltr' id='par_1_85' title="bbox 2004 2494 3589 2571">
     <span class='ocr_line' id='line_1_85' title="bbox 2004 2494 3589 2571; baseline 0.006 -26"><span class='ocrx_word' id='word_1_615' title='bbox 2004 2494 2298 2564; x_wconf 80' lang='lat' dir='ltr'><strong>quidquam</strong></span> <span class='ocrx_word' id='word_1_616' title='bbox 2334 2502 2429 2546; x_wconf 88' lang='lat' dir='ltr'><strong>aut</strong></span> <span class='ocrx_word' id='word_1_617' title='bbox 2471 2496 2594 2548; x_wconf 77' lang='lat' dir='ltr'><strong>vita-</strong></span> <span class='ocrx_word' id='word_1_618' title='bbox 2648 2495 2996 2550; x_wconf 85' lang='lat' dir='ltr'><strong>conducibile</strong></span> <span class='ocrx_word' id='word_1_619' title='bbox 3049 2505 3349 2561; x_wconf 87' lang='lat' dir='ltr'><strong>noverant,</strong></span> <span class='ocrx_word' id='word_1_620' title='bbox 3410 2513 3589 2571; x_wconf 85' lang='lat' dir='ltr'><strong>neque</strong></span> 
     </span>
    </p>
   </div>
   <div class='ocr_carea' id='block_1_86' title="bbox 2003 2584 3589 2659">
    <p class='ocr_par' dir='ltr' id='par_1_86' title="bbox 2003 2584 3589 2659">
     <span class='ocr_line' id='line_1_86' title="bbox 2003 2584 3589 2659; baseline 0.004 -21"><span class='ocrx_word' id='word_1_621' title='bbox 2003 2600 2133 2639; x_wconf 86' lang='lat' dir='ltr'><strong>vero</strong></span> <span class='ocrx_word' id='word_1_622' title='bbox 2162 2584 2424 2641; x_wconf 83' lang='lat' dir='ltr'><strong>scientias</strong></span> <span class='ocrx_word' id='word_1_623' title='bbox 2460 2586 2598 2641; x_wconf 82' lang='lat' dir='ltr'><strong>ullas</strong></span> <span class='ocrx_word' id='word_1_624' title='bbox 2623 2595 2716 2640; x_wconf 87' lang='lat' dir='ltr'><strong>aut</strong></span> <span class='ocrx_word' id='word_1_625' title='bbox 2738 2598 2884 2641; x_wconf 88' lang='lat' dir='ltr'><strong>artes</strong></span> <span class='ocrx_word' id='word_1_626' title='bbox 2919 2588 3101 2641; x_wconf 88' lang='lat' dir='ltr'><strong>animo</strong></span> <span class='ocrx_word' id='word_1_627' title='bbox 3130 2590 3589 2659; x_wconf 87' lang='lat' dir='ltr'><strong>complecteban—</strong></span> 
     </span>
    </p>
   </div>
   <div class='ocr_carea' id='block_1_87' title="bbox 2004 2676 3587 2750">
    <p class='ocr_par' dir='ltr' id='par_1_87' title="bbox 2004 2676 3587 2750">
     <span class='ocr_line' id='line_1_87' title="bbox 2004 2676 3587 2750; baseline 0.004 -23"><span class='ocrx_word' id='word_1_628' title='bbox 2004 2684 2112 2743; x_wconf 90' lang='lat' dir='ltr'><strong>tur,</strong></span> <span class='ocrx_word' id='word_1_629' title='bbox 2143 2676 2362 2732; x_wconf 86' lang='lat' dir='ltr'><strong>virtutis</strong></span> <span class='ocrx_word' id='word_1_630' title='bbox 2380 2685 2561 2730; x_wconf 86' lang='lat' dir='ltr'><strong>autem</strong></span> <span class='ocrx_word' id='word_1_631' title='bbox 2582 2691 2645 2729; x_wconf 90' lang='lat' dir='ltr'><strong>ac</strong></span> <span class='ocrx_word' id='word_1_632' title='bbox 2679 2676 3044 2746; x_wconf 71' lang='lat' dir='ltr'><strong>philosophia:</strong></span> <span class='ocrx_word' id='word_1_633' title='bbox 3068 2691 3136 2731; x_wconf 90' lang='lat' dir='ltr'><strong>ne</strong></span> <span class='ocrx_word' id='word_1_634' title='bbox 3166 2680 3443 2733; x_wconf 90' lang='lat' dir='ltr'><strong>minimam</strong></span> <span class='ocrx_word' id='word_1_635' title='bbox 3460 2679 3587 2750; x_wconf 74' lang='grc' dir='ltr'><strong>(ιιιί-</strong></span> 
     </span>
    </p>
   </div>
   <div class='ocr_carea' id='block_1_88' title="bbox 2002 2766 3580 2835">
    <p class='ocr_par' dir='ltr' id='par_1_88' title="bbox 2002 2766 3580 2835">
     <span class='ocr_line' id='line_1_88' title="bbox 2002 2766 3580 2835; baseline 0.004 -15"><span class='ocrx_word' id='word_1_636' title='bbox 2002 2766 2123 2822; x_wconf 88' lang='lat' dir='ltr'><strong>dem</strong></span> <span class='ocrx_word' id='word_1_637' title='bbox 2153 2768 2431 2823; x_wconf 90' lang='lat' dir='ltr'><strong>notionem</strong></span> <span class='ocrx_word' id='word_1_638' title='bbox 2465 2768 2745 2832; x_wconf 89' lang='lat' dir='ltr'><strong>tenebant,</strong></span> <span class='ocrx_word' id='word_1_639' title='bbox 2771 2767 2866 2824; x_wconf 90' lang='lat' dir='ltr'><strong>sed</strong></span> <span class='ocrx_word' id='word_1_640' title='bbox 2902 2768 2956 2822; x_wconf 92' lang='lat' dir='ltr'><strong>in</strong></span> <span class='ocrx_word' id='word_1_641' title='bbox 2995 2768 3128 2824; x_wconf 87' lang='lat' dir='ltr'><strong>solis</strong></span> <span class='ocrx_word' id='word_1_642' title='bbox 3160 2767 3396 2827; x_wconf 86' lang='lat' dir='ltr'><strong>desertis</strong></span> <span class='ocrx_word' id='word_1_643' title='bbox 3420 2770 3580 2835; x_wconf 91' lang='lat' dir='ltr'><strong>locis,</strong></span> 
     </span>
    </p>
   </div>
   <div class='ocr_carea' id='block_1_89' title="bbox 2002 2859 3582 2931">
    <p class='ocr_par' dir='ltr' id='par_1_89' title="bbox 2002 2859 3582 2931">
     <span class='ocr_line' id='line_1_89' title="bbox 2002 2859 3582 2931; baseline 0.003 -20"><span class='ocrx_word' id='word_1_644' title='bbox 2002 2859 2056 2911; x_wconf 92' lang='lat' dir='ltr'><strong>in</strong></span> <span class='ocrx_word' id='word_1_645' title='bbox 2095 2860 2373 2914; x_wconf 85' lang='lat' dir='ltr'><strong>montibus</strong></span> <span class='ocrx_word' id='word_1_646' title='bbox 2403 2874 2466 2913; x_wconf 89' lang='lat' dir='ltr'><strong>ac</strong></span> <span class='ocrx_word' id='word_1_647' title='bbox 2495 2860 2774 2929; x_wconf 88' lang='lat' dir='ltr'><strong>speluncis</strong></span> <span class='ocrx_word' id='word_1_648' title='bbox 2818 2870 2873 2915; x_wconf 89' lang='lat' dir='ltr'><strong>et</strong></span> <span class='ocrx_word' id='word_1_649' title='bbox 2914 2861 3054 2916; x_wconf 86' lang='lat' dir='ltr'><strong>vicis</strong></span> <span class='ocrx_word' id='word_1_650' title='bbox 3109 2860 3370 2931; x_wconf 83' lang='lat' dir='ltr'><strong>degentes</strong></span> <span class='ocrx_word' id='word_1_651' title='bbox 3393 2879 3582 2919; x_wconf 85' lang='lat' dir='ltr'><strong>versa-</strong></span> 
     </span>
    </p>
   </div>
   <div class='ocr_carea' id='block_1_90' title="bbox 2002 2947 3582 3021">
    <p class='ocr_par' dir='ltr' id='par_1_90' title="bbox 2002 2947 3582 3021">
     <span class='ocr_line' id='line_1_90' title="bbox 2002 2947 3582 3021; baseline 0.005 -20"><span class='ocrx_word' id='word_1_652' title='bbox 2002 2947 2221 3014; x_wconf 87' lang='lat' dir='ltr'><strong>bantur,</strong></span> <span class='ocrx_word' id='word_1_653' title='bbox 2241 2957 2294 3003; x_wconf 93' lang='lat' dir='ltr'><strong>et</strong></span> <span class='ocrx_word' id='word_1_654' title='bbox 2311 2950 2583 3003; x_wconf 87' lang='lat' dir='ltr'><strong>latronum</strong></span> <span class='ocrx_word' id='word_1_655' title='bbox 2617 2951 2794 3004; x_wconf 85' lang='lat' dir='ltr'><strong>instar</strong></span> <span class='ocrx_word' id='word_1_656' title='bbox 2819 2965 2917 3004; x_wconf 87' lang='lat' dir='ltr'><strong>eos</strong></span> <span class='ocrx_word' id='word_1_657' title='bbox 2940 2951 3032 3020; x_wconf 90' lang='lat' dir='ltr'><strong>qui</strong></span> <span class='ocrx_word' id='word_1_658' title='bbox 3067 2952 3294 3021; x_wconf 88' lang='lat' dir='ltr'><strong>propius</strong></span> <span class='ocrx_word' id='word_1_659' title='bbox 3320 2960 3582 3009; x_wconf 82' lang='lat' dir='ltr'><strong>accessis-</strong></span> 
     </span>
    </p>
   </div>
   <div class='ocr_carea' id='block_1_91' title="bbox 2001 3039 3576 3117">
    <p class='ocr_par' dir='ltr' id='par_1_91' title="bbox 2001 3039 3576 3117">
     <span class='ocr_line' id='line_1_91' title="bbox 2001 3039 3576 3117; baseline 0.006 -24"><span class='ocrx_word' id='word_1_660' title='bbox 2001 3048 2121 3095; x_wconf 88' lang='lat' dir='ltr'><strong>sent</strong></span> <span class='ocrx_word' id='word_1_661' title='bbox 2156 3039 2487 3097; x_wconf 87' lang='lat' dir='ltr'><strong>invadebant</strong></span> <span class='ocrx_word' id='word_1_662' title='bbox 2525 3082 2539 3107; x_wconf 96' lang='lat'><strong>,</strong></span> <span class='ocrx_word' id='word_1_663' title='bbox 2577 3058 2674 3098; x_wconf 90' lang='lat' dir='ltr'><strong>nec</strong></span> <span class='ocrx_word' id='word_1_664' title='bbox 2722 3043 2941 3098; x_wconf 88' lang='lat' dir='ltr'><strong>aliunde</strong></span> <span class='ocrx_word' id='word_1_665' title='bbox 2994 3045 3097 3099; x_wconf 88' lang='lat' dir='ltr'><strong>sibi</strong></span> <span class='ocrx_word' id='word_1_666' title='bbox 3134 3046 3336 3100; x_wconf 91' lang='lat' dir='ltr'><strong>victum</strong></span> <span class='ocrx_word' id='word_1_667' title='bbox 3365 3063 3576 3117; x_wconf 72' lang='lat' dir='ltr'><strong>quzere-</strong></span> 
     </span>
    </p>
   </div>
   <div class='ocr_carea' id='block_1_92' title="bbox 1920 3099 3573 3206">
    <p class='ocr_par' dir='ltr' id='par_1_92' title="bbox 1920 3099 3573 3206">
     <span class='ocr_line' id='line_1_92' title="bbox 1920 3099 3573 3206; baseline 0.004 -21"><span class='ocrx_word' id='word_1_668' title='bbox 1920 3099 1961 3151; x_wconf 66' lang='grc' dir='ltr'>Ο</span> <span class='ocrx_word' id='word_1_669' title='bbox 1996 3132 2146 3195; x_wconf 88' lang='lat' dir='ltr'><strong>bant,</strong></span> <span class='ocrx_word' id='word_1_670' title='bbox 2182 3148 2347 3203; x_wconf 89' lang='lat' dir='ltr'><strong>quam</strong></span> <span class='ocrx_word' id='word_1_671' title='bbox 2388 3148 2454 3187; x_wconf 78' lang='lat' dir='ltr'><strong>ex</strong></span> <span class='ocrx_word' id='word_1_672' title='bbox 2485 3148 2674 3187; x_wconf 89' lang='lat' dir='ltr'><strong>eorum</strong></span> <span class='ocrx_word' id='word_1_673' title='bbox 2730 3135 3086 3204; x_wconf 81' lang='lat' dir='ltr'><strong>oppressione</strong></span> <span class='ocrx_word' id='word_1_674' title='bbox 3135 3150 3275 3206; x_wconf 90' lang='lat' dir='ltr'><strong>quos</strong></span> <span class='ocrx_word' id='word_1_675' title='bbox 3324 3136 3573 3192; x_wconf 82' lang='lat' dir='ltr'><strong>imbecil-</strong></span> 
     </span>
    </p>
   </div>
   <div class='ocr_carea' id='block_1_93' title="bbox 1992 3225 3573 3301">
    <p class='ocr_par' dir='ltr' id='par_1_93' title="bbox 1992 3225 3573 3301">
     <span class='ocr_line' id='line_1_93' title="bbox 1992 3225 3573 3301; baseline 0.006 -23"><span class='ocrx_word' id='word_1_676' title='bbox 1992 3225 2156 3281; x_wconf 89' lang='lat' dir='ltr'><strong>liores</strong></span> <span class='ocrx_word' id='word_1_677' title='bbox 2186 3226 2328 3281; x_wconf 88' lang='lat' dir='ltr'><strong>nacti</strong></span> <span class='ocrx_word' id='word_1_678' title='bbox 2364 3233 2550 3282; x_wconf 88' lang='lat' dir='ltr'><strong>essent</strong></span> <span class='ocrx_word' id='word_1_679' title='bbox 2577 3246 2589 3281; x_wconf 90' lang='lat'>:</span> <span class='ocrx_word' id='word_1_680' title='bbox 2645 3226 2809 3282; x_wconf 81' lang='lat' dir='ltr'><strong>iidem</strong></span> <span class='ocrx_word' id='word_1_681' title='bbox 2851 3243 3017 3298; x_wconf 91' lang='lat' dir='ltr'><strong>porro</strong></span> <span class='ocrx_word' id='word_1_682' title='bbox 3049 3245 3226 3299; x_wconf 87' lang='lat' dir='ltr'><strong>neque</strong></span> <span class='ocrx_word' id='word_1_683' title='bbox 3256 3246 3573 3301; x_wconf 88' lang='lat' dir='ltr'><strong>supremum</strong></span> 
     </span>
    </p>
   </div>
   <div class='ocr_carea' id='block_1_94' title="bbox 1991 3317 3576 3392">
    <p class='ocr_par' dir='ltr' id='par_1_94' title="bbox 1991 3317 3576 3392">
     <span class='ocr_line' id='line_1_94' title="bbox 1991 3317 3576 3392; baseline 0.008 -22"><span class='ocrx_word' id='word_1_684' title='bbox 1991 3317 2182 3385; x_wconf 91' lang='lat' dir='ltr'><strong>Deum,</strong></span> <span class='ocrx_word' id='word_1_685' title='bbox 2216 3334 2393 3390; x_wconf 88' lang='lat' dir='ltr'><strong>neque</strong></span> <span class='ocrx_word' id='word_1_686' title='bbox 2423 3320 2593 3374; x_wconf 90' lang='lat' dir='ltr'><strong>ullum</strong></span> <span class='ocrx_word' id='word_1_687' title='bbox 2659 3322 2944 3392; x_wconf 81' lang='lat' dir='ltr'><strong>religionis</strong></span> <span class='ocrx_word' id='word_1_688' title='bbox 2980 3339 3126 3378; x_wconf 66' lang='lat' dir='ltr'><strong>verte</strong></span> <span class='ocrx_word' id='word_1_689' title='bbox 3156 3324 3380 3380; x_wconf 89' lang='lat' dir='ltr'><strong>modum</strong></span> <span class='ocrx_word' id='word_1_690' title='bbox 3404 3342 3576 3384; x_wconf 88' lang='lat' dir='ltr'><strong>nove-</strong></span> 
     </span>
    </p>
   </div>
   <div class='ocr_carea' id='block_1_95' title="bbox 1991 3410 3572 3482">
    <p class='ocr_par' dir='ltr' id='par_1_95' title="bbox 1991 3410 3572 3482">
     <span class='ocr_line' id='line_1_95' title="bbox 1991 3410 3572 3482; baseline 0.007 -20"><span class='ocrx_word' id='word_1_691' title='bbox 1991 3420 2133 3473; x_wconf 84' lang='lat' dir='ltr'><strong>rant,</strong></span> <span class='ocrx_word' id='word_1_692' title='bbox 2163 3410 2259 3466; x_wconf 86' lang='lat' dir='ltr'><strong>sed</strong></span> <span class='ocrx_word' id='word_1_693' title='bbox 2290 3411 2423 3467; x_wconf 86' lang='lat' dir='ltr'><strong>solis</strong></span> <span class='ocrx_word' id='word_1_694' title='bbox 2465 3411 2796 3482; x_wconf 84' lang='lat' dir='ltr'><strong>quihusdam</strong></span> <span class='ocrx_word' id='word_1_695' title='bbox 2849 3414 3195 3470; x_wconf 84' lang='lat' dir='ltr'><strong>naturalibus</strong></span> <span class='ocrx_word' id='word_1_696' title='bbox 3249 3416 3572 3473; x_wconf 83' lang='lat' dir='ltr'><strong>notionibus</strong></span> 
     </span>
    </p>
   </div>
   <div class='ocr_carea' id='block_1_96' title="bbox 1987 3501 3573 3576">
    <p class='ocr_par' dir='ltr' id='par_1_96' title="bbox 1987 3501 3573 3576">
     <span class='ocr_line' id='line_1_96' title="bbox 1987 3501 3573 3576; baseline 0.003 -21"><span class='ocrx_word' id='word_1_697' title='bbox 1987 3501 2257 3567; x_wconf 88' lang='lat' dir='ltr'><strong>instincti,</strong></span> <span class='ocrx_word' id='word_1_698' title='bbox 2292 3502 2559 3557; x_wconf 75' lang='lat' dir='ltr'><strong>exsistere</strong></span> <span class='ocrx_word' id='word_1_699' title='bbox 2591 3502 2812 3573; x_wconf 87' lang='lat' dir='ltr'><strong>quidem</strong></span> <span class='ocrx_word' id='word_1_700' title='bbox 2846 3502 3010 3576; x_wconf 65' lang='lat'><strong>364</strong></span> <span class='ocrx_word' id='word_1_701' title='bbox 3044 3504 3096 3558; x_wconf 91' lang='lat' dir='ltr'><strong>in</strong></span> <span class='ocrx_word' id='word_1_702' title='bbox 3136 3506 3299 3562; x_wconf 91' lang='lat' dir='ltr'><strong>rebus</strong></span> <span class='ocrx_word' id='word_1_703' title='bbox 3334 3506 3573 3560; x_wconf 87' lang='lat' dir='ltr'><strong>divinam</strong></span> 
     </span>
    </p>
   </div>
   <div class='ocr_carea' id='block_1_97' title="bbox 1987 3593 3571 3664">
    <p class='ocr_par' dir='ltr' id='par_1_97' title="bbox 1987 3593 3571 3664">
     <span class='ocr_line' id='line_1_97' title="bbox 1987 3593 3571 3664; baseline 0.003 -17"><span class='ocrx_word' id='word_1_704' title='bbox 1987 3594 2257 3664; x_wconf 91' lang='lat' dir='ltr'><strong>quandam</strong></span> <span class='ocrx_word' id='word_1_705' title='bbox 2290 3596 2417 3659; x_wconf 87' lang='lat' dir='ltr'><strong>vim,</strong></span> <span class='ocrx_word' id='word_1_706' title='bbox 2455 3593 2735 3664; x_wconf 87' lang='lat' dir='ltr'><strong>Deumque</strong></span> <span class='ocrx_word' id='word_1_707' title='bbox 2779 3610 2902 3649; x_wconf 88' lang='lat' dir='ltr'><strong>esse</strong></span> <span class='ocrx_word' id='word_1_708' title='bbox 2949 3611 3011 3649; x_wconf 90' lang='lat' dir='ltr'><strong>ac</strong></span> <span class='ocrx_word' id='word_1_709' title='bbox 3042 3598 3337 3659; x_wconf 85' lang='lat' dir='ltr'><strong>nominari,</strong></span> <span class='ocrx_word' id='word_1_710' title='bbox 3369 3605 3424 3652; x_wconf 91' lang='lat' dir='ltr'><strong>et</strong></span> <span class='ocrx_word' id='word_1_711' title='bbox 3452 3614 3571 3652; x_wconf 89' lang='lat' dir='ltr'><strong>eam</strong></span> 
     </span>
    </p>
   </div>
   <div class='ocr_carea' id='block_1_98' title="bbox 1988 3686 3572 3758">
    <p class='ocr_par' dir='ltr' id='par_1_98' title="bbox 1988 3686 3572 3758">
     <span class='ocr_line' id='line_1_98' title="bbox 1988 3686 3572 3758; baseline 0.002 -18"><span class='ocrx_word' id='word_1_712' title='bbox 1988 3687 2281 3740; x_wconf 85' lang='lat' dir='ltr'><strong>salutarem</strong></span> <span class='ocrx_word' id='word_1_713' title='bbox 2312 3700 2376 3740; x_wconf 92' lang='lat' dir='ltr'><strong>ac</strong></span> <span class='ocrx_word' id='word_1_714' title='bbox 2398 3686 2698 3741; x_wconf 83' lang='lat' dir='ltr'><strong>beneficam</strong></span> <span class='ocrx_word' id='word_1_715' title='bbox 2744 3687 2951 3742; x_wconf 85' lang='lat' dir='ltr'><strong>sentire</strong></span> <span class='ocrx_word' id='word_1_716' title='bbox 2999 3689 3439 3758; x_wconf 88' lang='lat' dir='ltr'><strong>appellationem,</strong></span> <span class='ocrx_word' id='word_1_717' title='bbox 3472 3705 3572 3743; x_wconf 88' lang='lat' dir='ltr'><strong>na-</strong></span> 
     </span>
    </p>
   </div>
   <div class='ocr_carea' id='block_1_99' title="bbox 1987 3777 3569 3848">
    <p class='ocr_par' dir='ltr' id='par_1_99' title="bbox 1987 3777 3569 3848">
     <span class='ocr_line' id='line_1_99' title="bbox 1987 3777 3569 3848; baseline 0.004 -17"><span class='ocrx_word' id='word_1_718' title='bbox 1987 3778 2151 3831; x_wconf 87' lang='lat' dir='ltr'><strong>turali</strong></span> <span class='ocrx_word' id='word_1_719' title='bbox 2203 3777 2440 3848; x_wconf 85' lang='lat' dir='ltr'><strong>quadam</strong></span> <span class='ocrx_word' id='word_1_720' title='bbox 2504 3778 2757 3833; x_wconf 88' lang='lat' dir='ltr'><strong>doctrina</strong></span> <span class='ocrx_word' id='word_1_721' title='bbox 2798 3780 3152 3847; x_wconf 75' lang='lat' dir='ltr'><strong>fatebantur;</strong></span> <span class='ocrx_word' id='word_1_722' title='bbox 3208 3789 3268 3835; x_wconf 88' lang='lat' dir='ltr'><strong>ut</strong></span> <span class='ocrx_word' id='word_1_723' title='bbox 3299 3797 3429 3837; x_wconf 89' lang='lat' dir='ltr'><strong>vero</strong></span> <span class='ocrx_word' id='word_1_724' title='bbox 3461 3799 3569 3837; x_wconf 77' lang='lat' dir='ltr'><strong>non</strong></span> 
     </span>
    </p>
   </div>
   <div class='ocr_carea' id='block_1_100' title="bbox 1986 3868 3568 3944">
    <p class='ocr_par' dir='ltr' id='par_1_100' title="bbox 1986 3868 3568 3944">
     <span class='ocr_line' id='line_1_100' title="bbox 1986 3868 3568 3944; baseline 0.004 -22"><span class='ocrx_word' id='word_1_725' title='bbox 1986 3868 2134 3923; x_wconf 88' lang='lat' dir='ltr'><strong>aliud</strong></span> <span class='ocrx_word' id='word_1_726' title='bbox 2163 3869 2461 3940; x_wconf 87' lang='lat' dir='ltr'><strong>quidquam</strong></span> <span class='ocrx_word' id='word_1_727' title='bbox 2492 3880 2764 3939; x_wconf 91' lang='lat' dir='ltr'><strong>putarent,</strong></span> <span class='ocrx_word' id='word_1_728' title='bbox 2801 3887 2964 3942; x_wconf 90' lang='lat' dir='ltr'><strong>quam</strong></span> <span class='ocrx_word' id='word_1_729' title='bbox 2989 3888 3112 3927; x_wconf 92' lang='lat' dir='ltr'><strong>eum</strong></span> <span class='ocrx_word' id='word_1_730' title='bbox 3145 3875 3238 3942; x_wconf 87' lang='lat' dir='ltr'><strong>qui</strong></span> <span class='ocrx_word' id='word_1_731' title='bbox 3267 3882 3350 3928; x_wconf 92' lang='lat' dir='ltr'><strong>est</strong></span> <span class='ocrx_word' id='word_1_732' title='bbox 3403 3890 3568 3944; x_wconf 87' lang='lat' dir='ltr'><strong>supra</strong></span> 
     </span>
    </p>
   </div>
   <div class='ocr_carea' id='block_1_101' title="bbox 1984 3962 3567 4035">
    <p class='ocr_par' dir='ltr' id='par_1_101' title="bbox 1984 3962 3567 4035">
     <span class='ocr_line' id='line_1_101' title="bbox 1984 3962 3567 4035; baseline 0.006 -24"><span class='ocrx_word' id='word_1_733' title='bbox 1984 3974 2200 4012; x_wconf 84' lang='lat' dir='ltr'><strong>munem</strong></span> <span class='ocrx_word' id='word_1_734' title='bbox 2231 3976 2352 4030; x_wconf 76' lang='lat' dir='ltr'><strong>quze</strong></span> <span class='ocrx_word' id='word_1_735' title='bbox 2374 3962 2619 4015; x_wconf 88' lang='lat' dir='ltr'><strong>cernitur</strong></span> <span class='ocrx_word' id='word_1_736' title='bbox 2651 3971 2926 4025; x_wconf 91' lang='lat' dir='ltr'><strong>naturam,</strong></span> <span class='ocrx_word' id='word_1_737' title='bbox 2969 3978 3315 4035; x_wconf 87' lang='lat' dir='ltr'><strong>nequaquam</strong></span> <span class='ocrx_word' id='word_1_738' title='bbox 3368 3966 3567 4021; x_wconf 86' lang='lat' dir='ltr'><strong>adduci</strong></span> 
     </span>
    </p>
   </div>
   <div class='ocr_carea' id='block_1_102' title="bbox 1983 4052 3562 4126">
    <p class='ocr_par' dir='ltr' id='par_1_102' title="bbox 1983 4052 3562 4126">
     <span class='ocr_line' id='line_1_102' title="bbox 1983 4052 3562 4126; baseline 0.004 -19"><span class='ocrx_word' id='word_1_739' title='bbox 1983 4060 2254 4124; x_wconf 88' lang='lat' dir='ltr'><strong>poterant.</strong></span> <span class='ocrx_word' id='word_1_740' title='bbox 2285 4052 2519 4109; x_wconf 89' lang='lat' dir='ltr'><strong>Proinde</strong></span> <span class='ocrx_word' id='word_1_741' title='bbox 2546 4073 2565 4105; x_wconf 78' lang='grc' dir='ltr'><strong>ι</strong></span> <span class='ocrx_word' id='word_1_742' title='bbox 2608 4056 2852 4109; x_wconf 88' lang='lat' dir='ltr'><strong>nonnulli</strong></span> <span class='ocrx_word' id='word_1_743' title='bbox 2880 4057 3098 4126; x_wconf 85' lang='lat' dir='ltr'><strong>quidem</strong></span> <span class='ocrx_word' id='word_1_744' title='bbox 3131 4073 3324 4112; x_wconf 90' lang='lat' dir='ltr'><strong>eorum</strong></span> <span class='ocrx_word' id='word_1_745' title='bbox 3351 4060 3562 4115; x_wconf 88' lang='lat' dir='ltr'><strong>cultum</strong></span> 
     </span>
    </p>
   </div>
   <div class='ocr_carea' id='block_1_103' title="bbox 1985 4146 3563 4222">
    <p class='ocr_par' dir='ltr' id='par_1_103' title="bbox 1985 4146 3563 4222">
     <span class='ocr_line' id='line_1_103' title="bbox 1985 4146 3563 4222; baseline 0.003 -21"><span class='ocrx_word' id='word_1_746' title='bbox 1985 4162 2143 4201; x_wconf 92' lang='lat' dir='ltr'><strong>suum</strong></span> <span class='ocrx_word' id='word_1_747' title='bbox 2165 4146 2489 4208; x_wconf 87' lang='lat' dir='ltr'><strong>tribuerunt,</strong></span> <span class='ocrx_word' id='word_1_748' title='bbox 2511 4160 2574 4200; x_wconf 88' lang='lat' dir='ltr'><strong>ac</strong></span> <span class='ocrx_word' id='word_1_749' title='bbox 2592 4148 2900 4201; x_wconf 83' lang='lat' dir='ltr'><strong>servierunt</strong></span> <span class='ocrx_word' id='word_1_750' title='bbox 2914 4156 3179 4203; x_wconf 65' lang='lat' dir='ltr'><strong>creatura:</strong></span> <span class='ocrx_word' id='word_1_751' title='bbox 3196 4151 3379 4219; x_wconf 89' lang='lat' dir='ltr'><strong>potius</strong></span> <span class='ocrx_word' id='word_1_752' title='bbox 3397 4166 3563 4222; x_wconf 89' lang='lat' dir='ltr'><strong>quam</strong></span> 
     </span>
    </p>
   </div>
   <div class='ocr_carea' id='block_1_104' title="bbox 1982 4235 3565 4308">
    <p class='ocr_par' dir='ltr' id='par_1_104' title="bbox 1982 4235 3565 4308">
     <span class='ocr_line' id='line_1_104' title="bbox 1982 4235 3565 4308; baseline 0.003 -17"><span class='ocrx_word' id='word_1_753' title='bbox 1982 4235 2271 4291; x_wconf 89' lang='lat' dir='ltr'><strong>Creatori:</strong></span> <span class='ocrx_word' id='word_1_754' title='bbox 2307 4236 2401 4289; x_wconf 86' lang='lat' dir='ltr'><strong>alii</strong></span> <span class='ocrx_word' id='word_1_755' title='bbox 2458 4251 2589 4291; x_wconf 88' lang='lat' dir='ltr'><strong>vero</strong></span> <span class='ocrx_word' id='word_1_756' title='bbox 2630 4244 2975 4289; x_wconf 82' lang='lat' dir='ltr'><strong>evanuerunt</strong></span> <span class='ocrx_word' id='word_1_757' title='bbox 3024 4237 3079 4291; x_wconf 89' lang='lat' dir='ltr'><strong>in</strong></span> <span class='ocrx_word' id='word_1_758' title='bbox 3131 4238 3565 4308; x_wconf 77' lang='lat' dir='ltr'><strong>cogitationibus</strong></span> 
     </span>
    </p>
   </div>
   <div class='ocr_carea' id='block_1_105' title="bbox 1984 4326 3567 4397">
    <p class='ocr_par' dir='ltr' id='par_1_105' title="bbox 1984 4326 3567 4397">
     <span class='ocr_line' id='line_1_105' title="bbox 1984 4326 3567 4397; baseline 0.003 -15"><span class='ocrx_word' id='word_1_759' title='bbox 1984 4329 2122 4391; x_wconf 89' lang='lat' dir='ltr'><strong>suis,</strong></span> <span class='ocrx_word' id='word_1_760' title='bbox 2160 4336 2218 4383; x_wconf 89' lang='lat' dir='ltr'><strong>et</strong></span> <span class='ocrx_word' id='word_1_761' title='bbox 2236 4328 2591 4382; x_wconf 89' lang='lat' dir='ltr'><strong>obscuratum</strong></span> <span class='ocrx_word' id='word_1_762' title='bbox 2624 4338 2708 4382; x_wconf 91' lang='lat' dir='ltr'><strong>est</strong></span> <span class='ocrx_word' id='word_1_763' title='bbox 2740 4326 3009 4397; x_wconf 88' lang='lat' dir='ltr'><strong>insipiens</strong></span> <span class='ocrx_word' id='word_1_764' title='bbox 3035 4343 3134 4382; x_wconf 92' lang='lat' dir='ltr'><strong>cor</strong></span> <span class='ocrx_word' id='word_1_765' title='bbox 3184 4344 3398 4395; x_wconf 89' lang='lat' dir='ltr'><strong>eorum,</strong></span> <span class='ocrx_word' id='word_1_766' title='bbox 3427 4329 3567 4386; x_wconf 86' lang='lat' dir='ltr'><strong>adeo</strong></span> 
     </span>
    </p>
   </div>
   <div class='ocr_carea' id='block_1_106' title="bbox 1983 4420 3561 4492">
    <p class='ocr_par' dir='ltr' id='par_1_106' title="bbox 1983 4420 3561 4492">
     <span class='ocr_line' id='line_1_106' title="bbox 1983 4420 3561 4492; baseline 0.003 -19"><span class='ocrx_word' id='word_1_767' title='bbox 1983 4420 2200 4490; x_wconf 89' lang='lat' dir='ltr'><strong>quidem</strong></span> <span class='ocrx_word' id='word_1_768' title='bbox 2232 4428 2291 4476; x_wconf 94' lang='lat' dir='ltr'><strong>ut</strong></span> <span class='ocrx_word' id='word_1_769' title='bbox 2324 4421 2658 4474; x_wconf 88' lang='lat' dir='ltr'><strong>mutaverint</strong></span> <span class='ocrx_word' id='word_1_770' title='bbox 2696 4420 2928 4491; x_wconf 77' lang='lat' dir='ltr'><strong>gloriam</strong></span> <span class='ocrx_word' id='word_1_771' title='bbox 2957 4420 3395 4492; x_wconf 87' lang='lat' dir='ltr'><strong>ineorruptibilis</strong></span> <span class='ocrx_word' id='word_1_772' title='bbox 3442 4422 3561 4487; x_wconf 85' lang='lat' dir='ltr'><strong>Dei,</strong></span> 
     </span>
    </p>
   </div>
   <div class='ocr_carea' id='block_1_107' title="bbox 1982 4511 3564 4584">
    <p class='ocr_par' dir='ltr' id='par_1_107' title="bbox 1982 4511 3564 4584">
     <span class='ocr_line' id='line_1_107' title="bbox 1982 4511 3564 4584; baseline 0.002 -18"><span class='ocrx_word' id='word_1_773' title='bbox 1982 4513 2038 4567; x_wconf 90' lang='lat' dir='ltr'><strong>in</strong></span> <span class='ocrx_word' id='word_1_774' title='bbox 2063 4511 2481 4568; x_wconf 89' lang='lat' dir='ltr'><strong>similitudinem</strong></span> <span class='ocrx_word' id='word_1_775' title='bbox 2518 4511 2772 4582; x_wconf 83' lang='lat' dir='ltr'><strong>imaginis</strong></span> <span class='ocrx_word' id='word_1_776' title='bbox 2802 4513 3182 4584; x_wconf 87' lang='lat' dir='ltr'><strong>corruptibilis</strong></span> <span class='ocrx_word' id='word_1_777' title='bbox 3217 4514 3478 4579; x_wconf 87' lang='lat' dir='ltr'><strong>hominis,</strong></span> <span class='ocrx_word' id='word_1_778' title='bbox 3506 4522 3564 4571; x_wconf 90' lang='lat' dir='ltr'><strong>et</strong></span> 
     </span>
    </p>
   </div>
   <div class='ocr_carea' id='block_1_108' title="bbox 1981 4601 3563 4676">
    <p class='ocr_par' dir='ltr' id='par_1_108' title="bbox 1981 4601 3563 4676">
     <span class='ocr_line' id='line_1_108' title="bbox 1981 4601 3563 4676; baseline 0.003 -18"><span class='ocrx_word' id='word_1_779' title='bbox 1981 4603 2286 4667; x_wconf 87' lang='lat' dir='ltr'><strong>volucrum,</strong></span> <span class='ocrx_word' id='word_1_780' title='bbox 2308 4610 2361 4656; x_wconf 90' lang='lat' dir='ltr'><strong>et</strong></span> <span class='ocrx_word' id='word_1_781' title='bbox 2380 4601 2818 4672; x_wconf 87' lang='lat' dir='ltr'><strong>quadrupedum,</strong></span> <span class='ocrx_word' id='word_1_782' title='bbox 2842 4610 2895 4658; x_wconf 89' lang='lat' dir='ltr'><strong>et</strong></span> <span class='ocrx_word' id='word_1_783' title='bbox 2914 4605 3319 4673; x_wconf 81' lang='lat' dir='ltr'><strong>serpentium&quot;.</strong></span> <span class='ocrx_word' id='word_1_784' title='bbox 3337 4625 3354 4657; x_wconf 74' lang='grc' dir='ltr'><strong>ι</strong></span> <span class='ocrx_word' id='word_1_785' title='bbox 3376 4604 3563 4676; x_wconf 82' lang='lat' dir='ltr'><strong>Itaque</strong></span> 
     </span>
    </p>
   </div>
   <div class='ocr_carea' id='block_1_109' title="bbox 1980 4696 3561 4768">
    <p class='ocr_par' dir='ltr' id='par_1_109' title="bbox 1980 4696 3561 4768">
     <span class='ocr_line' id='line_1_109' title="bbox 1980 4696 3561 4768; baseline 0.003 -17"><span class='ocrx_word' id='word_1_786' title='bbox 1980 4705 2325 4751; x_wconf 87' lang='lat' dir='ltr'><strong>mortuorum</strong></span> <span class='ocrx_word' id='word_1_787' title='bbox 2371 4696 2618 4750; x_wconf 82' lang='lat' dir='ltr'><strong>virorum</strong></span> <span class='ocrx_word' id='word_1_788' title='bbox 2671 4698 3033 4767; x_wconf 89' lang='lat' dir='ltr'><strong>quorumdam</strong></span> <span class='ocrx_word' id='word_1_789' title='bbox 3077 4701 3380 4768; x_wconf 89' lang='lat' dir='ltr'><strong>potentium</strong></span> <span class='ocrx_word' id='word_1_790' title='bbox 3408 4740 3422 4763; x_wconf 91' lang='lat'><strong>,</strong></span> <span class='ocrx_word' id='word_1_791' title='bbox 3466 4711 3561 4756; x_wconf 89' lang='lat' dir='ltr'><strong>aut</strong></span> 
     </span>
    </p>
   </div>
   <div class='ocr_carea' id='block_1_110' title="bbox 1979 4789 3560 4861">
    <p class='ocr_par' dir='ltr' id='par_1_110' title="bbox 1979 4789 3560 4861">
     <span class='ocr_line' id='line_1_110' title="bbox 1979 4789 3560 4861; baseline 0.002 -19"><span class='ocrx_word' id='word_1_792' title='bbox 1979 4789 2142 4842; x_wconf 90' lang='lat' dir='ltr'><strong>etiam</strong></span> <span class='ocrx_word' id='word_1_793' title='bbox 2161 4797 2517 4860; x_wconf 84' lang='lat' dir='ltr'><strong>tyrannorum</strong></span> <span class='ocrx_word' id='word_1_794' title='bbox 2546 4791 2638 4859; x_wconf 90' lang='lat' dir='ltr'><strong>qui</strong></span> <span class='ocrx_word' id='word_1_795' title='bbox 2664 4791 2969 4861; x_wconf 87' lang='lat' dir='ltr'><strong>antiquitus</strong></span> <span class='ocrx_word' id='word_1_796' title='bbox 2996 4790 3248 4856; x_wconf 78' lang='lat' dir='ltr'><strong>fuissent,</strong></span> <span class='ocrx_word' id='word_1_797' title='bbox 3271 4808 3395 4846; x_wconf 88' lang='lat' dir='ltr'><strong>cum</strong></span> <span class='ocrx_word' id='word_1_798' title='bbox 3422 4793 3560 4846; x_wconf 84' lang='lat' dir='ltr'><strong>ima-</strong></span> 
     </span>
    </p>
   </div>
   <div class='ocr_carea' id='block_1_111' title="bbox 1979 4864 3571 4951">
    <p class='ocr_par' dir='ltr' id='par_1_111' title="bbox 1979 4864 3571 4951">
     <span class='ocr_line' id='line_1_111' title="bbox 1979 4864 3571 4951; baseline 0.002 -20"><span class='ocrx_word' id='word_1_799' title='bbox 1979 4880 2134 4950; x_wconf 81' lang='lat' dir='ltr'><strong>gincs</strong></span> <span class='ocrx_word' id='word_1_800' title='bbox 2167 4864 2265 4950; x_wconf 54' lang='lat' dir='ltr'><strong>pr’o</strong></span> <span class='ocrx_word' id='word_1_801' title='bbox 2296 4880 2611 4936; x_wconf 90' lang='lat' dir='ltr'><strong>simulacris</strong></span> <span class='ocrx_word' id='word_1_802' title='bbox 2671 4882 2979 4937; x_wconf 72' lang='lat' dir='ltr'><strong>erexissent</strong></span> <span class='ocrx_word' id='word_1_803' title='bbox 3008 4920 3022 4946; x_wconf 96' lang='lat'><strong>,</strong></span> <span class='ocrx_word' id='word_1_804' title='bbox 3063 4882 3258 4951; x_wconf 90' lang='lat' dir='ltr'><strong>hisque</strong></span> <span class='ocrx_word' id='word_1_805' title='bbox 3311 4883 3571 4947; x_wconf 82' lang='lat' dir='ltr'><strong>divinum</strong></span> 
     </span>
    </p>
   </div>
   <div class='ocr_carea' id='block_1_112' title="bbox 1979 4972 3554 5044">
    <p class='ocr_par' dir='ltr' id='par_1_112' title="bbox 1979 4972 3554 5044">
     <span class='ocr_line' id='line_1_112' title="bbox 1979 4972 3554 5044; baseline 0.001 -18"><span class='ocrx_word' id='word_1_806' title='bbox 1979 4972 2300 5027; x_wconf 83' lang='lat' dir='ltr'><strong>tribuissent</strong></span> <span class='ocrx_word' id='word_1_807' title='bbox 2326 4973 2556 5037; x_wconf 86' lang='lat' dir='ltr'><strong>cultum,</strong></span> <span class='ocrx_word' id='word_1_808' title='bbox 2592 4981 2706 5027; x_wconf 93' lang='lat' dir='ltr'><strong>tum</strong></span> <span class='ocrx_word' id='word_1_809' title='bbox 2742 4973 3007 5027; x_wconf 73' lang='lat' dir='ltr'><strong>deformia</strong></span> <span class='ocrx_word' id='word_1_810' title='bbox 3069 4981 3232 5042; x_wconf 89' lang='lat' dir='ltr'><strong>atque</strong></span> <span class='ocrx_word' id='word_1_811' title='bbox 3282 4972 3554 5044; x_wconf 87' lang='lat' dir='ltr'><strong>impudica</strong></span> 
     </span>
    </p>
   </div>
   <div class='ocr_carea' id='block_1_113' title="bbox 1978 5063 3552 5136">
    <p class='ocr_par' dir='ltr' id='par_1_113' title="bbox 1978 5063 3552 5136">
     <span class='ocr_line' id='line_1_113' title="bbox 1978 5063 3552 5136; baseline -0.003 -15"><span class='ocrx_word' id='word_1_812' title='bbox 1978 5064 2293 5121; x_wconf 88' lang='lat' dir='ltr'><strong>eorumdem</strong></span> <span class='ocrx_word' id='word_1_813' title='bbox 2350 5063 2494 5120; x_wconf 79' lang='lat' dir='ltr'><strong>facta</strong></span> <span class='ocrx_word' id='word_1_814' title='bbox 2542 5066 2699 5136; x_wconf 90' lang='lat' dir='ltr'><strong>quasi</strong></span> <span class='ocrx_word' id='word_1_815' title='bbox 2753 5065 2977 5119; x_wconf 87' lang='lat' dir='ltr'><strong>deorum</strong></span> <span class='ocrx_word' id='word_1_816' title='bbox 3011 5073 3163 5132; x_wconf 80' lang='lat' dir='ltr'><strong>gesta</strong></span> <span class='ocrx_word' id='word_1_817' title='bbox 3188 5064 3552 5134; x_wconf 88' lang='lat' dir='ltr'><strong>pulcherrima</strong></span> 
     </span>
    </p>
   </div>
   <div class='ocr_carea' id='block_1_114' title="bbox 1977 5140 3550 5231">
    <p class='ocr_par' dir='ltr' id='par_1_114' title="bbox 1977 5140 3550 5231">
     <span class='ocr_line' id='line_1_114' title="bbox 1977 5140 3550 5231; baseline 0.001 -22"><span class='ocrx_word' id='word_1_818' title='bbox 1977 5159 2247 5223; x_wconf 84' lang='lat' dir='ltr'><strong>venerari,</strong></span> <span class='ocrx_word' id='word_1_819' title='bbox 2265 5140 2587 5231; x_wconf 51' lang='lat' dir='ltr'><strong>theologicis</strong></span> <span class='ocrx_word' id='word_1_820' title='bbox 2603 5157 2930 5230; x_wconf 87' lang='lat' dir='ltr'><strong>quibusdam</strong></span> <span class='ocrx_word' id='word_1_821' title='bbox 2951 5157 3148 5211; x_wconf 83' lang='lat' dir='ltr'><strong>ritibus</strong></span> <span class='ocrx_word' id='word_1_822' title='bbox 3172 5157 3550 5212; x_wconf 89' lang='lat' dir='ltr'><strong>instituerunt.</strong></span> 
     </span>
    </p>
   </div>
   <div class='ocr_carea' id='block_1_115' title="bbox 1975 5250 3551 5322">
    <p class='ocr_par' dir='ltr' id='par_1_115' title="bbox 1975 5250 3551 5322">
     <span class='ocr_line' id='line_1_115' title="bbox 1975 5250 3551 5322; baseline 0.003 -20"><span class='ocrx_word' id='word_1_823' title='bbox 1975 5250 2079 5316; x_wconf 84' lang='lat' dir='ltr'><strong>Qui</strong></span> <span class='ocrx_word' id='word_1_824' title='bbox 2116 5250 2281 5321; x_wconf 79' lang='lat' dir='ltr'><strong>igitur</strong></span> <span class='ocrx_word' id='word_1_825' title='bbox 2315 5250 2431 5305; x_wconf 84' lang='lat' dir='ltr'><strong>ﬁeri</strong></span> <span class='ocrx_word' id='word_1_826' title='bbox 2484 5252 2754 5322; x_wconf 87' lang='lat' dir='ltr'><strong>potuisset</strong></span> <span class='ocrx_word' id='word_1_827' title='bbox 2788 5259 2845 5305; x_wconf 88' lang='lat' dir='ltr'><strong>ut</strong></span> <span class='ocrx_word' id='word_1_828' title='bbox 2898 5252 2951 5305; x_wconf 91' lang='lat' dir='ltr'><strong>iu</strong></span> <span class='ocrx_word' id='word_1_829' title='bbox 2987 5251 3078 5305; x_wconf 89' lang='lat' dir='ltr'><strong>tali</strong></span> <span class='ocrx_word' id='word_1_830' title='bbox 3114 5260 3260 5305; x_wconf 86' lang='lat' dir='ltr'><strong>statu</strong></span> <span class='ocrx_word' id='word_1_831' title='bbox 3297 5252 3421 5306; x_wconf 60' lang='lat' dir='ltr'><strong>vita;</strong></span> <span class='ocrx_word' id='word_1_832' title='bbox 3456 5251 3551 5306; x_wconf 93' lang='lat' dir='ltr'><strong>dc-</strong></span> 
     </span>
    </p>
   </div>
   <div class='ocr_carea' id='block_1_116' title="bbox 1971 5342 3549 5414">
    <p class='ocr_par' dir='ltr' id='par_1_116' title="bbox 1971 5342 3549 5414">
     <span class='ocr_line' id='line_1_116' title="bbox 1971 5342 3549 5414; baseline 0.001 -18"><span class='ocrx_word' id='word_1_833' title='bbox 1971 5342 2246 5414; x_wconf 74' lang='lat' dir='ltr'><strong>gentibus,</strong></span> <span class='ocrx_word' id='word_1_834' title='bbox 2284 5352 2446 5413; x_wconf 86' lang='lat' dir='ltr'><strong>atque</strong></span> <span class='ocrx_word' id='word_1_835' title='bbox 2473 5342 2525 5396; x_wconf 91' lang='lat' dir='ltr'><strong>iu</strong></span> <span class='ocrx_word' id='word_1_836' title='bbox 2554 5352 2701 5397; x_wconf 87' lang='lat' dir='ltr'><strong>tanta</strong></span> <span class='ocrx_word' id='word_1_837' title='bbox 2755 5343 3130 5413; x_wconf 87' lang='lat' dir='ltr'><strong>profunditate</strong></span> <span class='ocrx_word' id='word_1_838' title='bbox 3170 5345 3392 5399; x_wconf 77' lang='lat' dir='ltr'><strong>malitia:</strong></span> <span class='ocrx_word' id='word_1_839' title='bbox 3424 5360 3549 5399; x_wconf 82' lang='lat' dir='ltr'><strong>ver-</strong></span> 
     </span>
    </p>
   </div>
   <div class='ocr_carea' id='block_1_117' title="bbox 1971 5436 3547 5508">
    <p class='ocr_par' dir='ltr' id='par_1_117' title="bbox 1971 5436 3547 5508">
     <span class='ocr_line' id='line_1_117' title="bbox 1971 5436 3547 5508; baseline 0.002 -19"><span class='ocrx_word' id='word_1_840' title='bbox 1971 5436 2244 5500; x_wconf 88' lang='lat' dir='ltr'><strong>santibus,</strong></span> <span class='ocrx_word' id='word_1_841' title='bbox 2277 5437 2740 5505; x_wconf 87' lang='lat' dir='ltr'><strong>sapientissimum</strong></span> <span class='ocrx_word' id='word_1_842' title='bbox 2770 5445 2934 5508; x_wconf 91' lang='lat' dir='ltr'><strong>atque</strong></span> <span class='ocrx_word' id='word_1_843' title='bbox 2969 5452 3186 5492; x_wconf 87' lang='lat' dir='ltr'><strong>omnem</strong></span> <span class='ocrx_word' id='word_1_844' title='bbox 3210 5438 3464 5491; x_wconf 87' lang='lat' dir='ltr'><strong>virtutem</strong></span> <span class='ocrx_word' id='word_1_845' title='bbox 3489 5437 3547 5492; x_wconf 85' lang='lat' dir='ltr'><strong>in</strong></span> 
     </span>
    </p>
   </div>
   <div class='ocr_carea' id='block_1_118' title="bbox 1971 5525 3537 5603">
    <p class='ocr_par' dir='ltr' id='par_1_118' title="bbox 1971 5525 3537 5603">
     <span class='ocr_line' id='line_1_118' title="bbox 1971 5525 3537 5603; baseline 0 -20"><span class='ocrx_word' id='word_1_846' title='bbox 1971 5542 2030 5583; x_wconf 85' lang='lat' dir='ltr'><strong>se</strong></span> <span class='ocrx_word' id='word_1_847' title='bbox 2052 5530 2338 5582; x_wconf 84' lang='lat' dir='ltr'><strong>continens</strong></span> <span class='ocrx_word' id='word_1_848' title='bbox 2366 5526 2572 5583; x_wconf 86' lang='lat' dir='ltr'><strong>Christi</strong></span> <span class='ocrx_word' id='word_1_849' title='bbox 2602 5525 2862 5594; x_wconf 84' lang='lat' dir='ltr'><strong>Verbum,</strong></span> <span class='ocrx_word' id='word_1_850' title='bbox 2887 5529 3016 5584; x_wconf 90' lang='lat' dir='ltr'><strong>dum</strong></span> <span class='ocrx_word' id='word_1_851' title='bbox 3050 5544 3320 5586; x_wconf 87' lang='lat' dir='ltr'><strong>summam</strong></span> <span class='ocrx_word' id='word_1_852' title='bbox 3355 5530 3537 5603; x_wconf 69' lang='lat' dir='ltr'><strong>perfe-</strong></span> 
     </span>
    </p>
   </div>
  </div>
