4106 6420
502 269 602 331 5τί
1190 268 1461 323 hliSiLBll
1494 264 1975 323 CIESARIENSIS
2014 266 2096 323 ΟΡ

2206 266 2388 323 PARS
2422 265 2486 322 ll.
2504 294 2578 309 -
2611 265 3112 324 APOLOGETICA.
3699 265 3835 322 5ῖί

466 431 473 438 .
501 395 763 459 ctamqne
792 389 1013 443 nuntiat
1063 387 1491 460 philosophiam,
1530 388 2046 445 accommodaretur
2076 389 2096 443 ‘i

2206 388 2533 460 μνημονεύει
2581 387 2759 458 λόγια,
2815 388 3083 459 θεοφιλεῖς
3130 387 3392 460 εὑροῦσα,
3439 387 3657 454 τούτοις
3717 388 3830 443 διὰ

505 479 855 551 Quapropter
880 481 1003 536 illos
1037 481 1227 537 divina
1282 482 1574 552 omniaque
1625 496 1830 537 curans
1853 480 2092 551 justitia,

2197 479 2462 552 χρησμῶν
2507 480 2602 534 καὶ
2646 480 2929 553 θειοτέρας
2959 479 3281 549 ἐπιφανείας
3325 479 3543 551 ὡμίλει,
3581 479 3831 546 δεξιου-

504 572 667 644 quasi
699 581 974 644 agrestem
1006 580 1060 627 et
1085 574 1536 629 nocentissimam
1575 573 1772 629 silvam
1803 572 2095 631 attondens

505 672 671 735 atque
700 673 1020 735 amputans,
1039 679 1188 719 nunc
1218 665 1439 735 quidem
1461 665 1708 728 diluviis,
1744 680 1894 720 nunc
1911 672 2093 720 autem

503 755 775 813 incendiis
799 757 1102 827 castigabat
1126 775 1141 813 :
1176 755 1451 812 interdum
1481 773 1613 814 vero
1630 755 1854 814 eosdem
1885 756 2095 813 mutuis

506 849 668 905 bellis
710 856 768 904 et
817 850 1063 906 caedibus
1093 859 1148 906 et
1182 849 1569 907 obsidionibus
1616 850 1860 907 assiduis
1910 849 2097 906 trade-

506 942 620 1007 bat,
665 942 870 1013 quippe
912 942 1186 1013 quos'ipsi
1220 943 1518 1008 daemones,
1557 944 1702 1015 ipsi,
1732 944 1980 1015 inquam,
2014 942 2095 999 illi

505 1050 646 1106 quos
671 1035 803 1091 deos
833 1051 966 1091 suos
994 1037 1318 1102 censebant,
1345 1036 1398 1091 in
1420 1036 1637 1092 furores
1662 1037 1952 1101 bellorum,
1971 1036 2097 1108 qui-

507 1130 613 1183 hus
642 1135 836 1182 contra
874 1143 934 1183 se
968 1126 1202 1182 invicem
1238 1133 1643 1197 grassarentur,
1669 1125 2093 1185 inﬂammarent.

2202 572 2340 644 μένη
2374 573 2498 639 τοὺς
2537 573 2734 646 ἄνδρας
2756 574 2851 627 καὶ
2873 572 3250 645 θεραπεύουσα
3273 572 3458 645 νόμοις
3488 576 3600 639 τοις
3634 573 3830 645 παρὰ

2197 664 2479 730 Μωῦσέως
2510 667 2893 735 είσαγωγικοϊς
2923 665 3017 719 καὶ
3048 664 3387 736 βιωφελέσιν.
3421 664 3561 719 Ἀλλ’
3586 666 3691 720 ὅτε
3741 664 3825 736 δὴ

2198 756 2264 809 ἐκ
2316 756 2416 828 τῆς
2472 756 2684 822 τούτοις
2730 757 3081 829 διαταγείσης
3130 756 3449 829 νομοθεσίας
3480 757 3544 812 ἐκ
3583 774 3643 813 τε
3686 756 3827 811 τῶν

2200 847 2338 920 μετὰ
2369 848 2543 903 ταῦτα
2575 849 2930 922 προφητικῶν
2966 848 3306 921 μαθημάτων
3338 851 3420 914 εἰς
3447 850 3665 914 πάντας
3704 848 3825 901 ἀν-

2197 938 2447 1013 θρώπους
2495 941 2724 1005 εὐωδίας
2771 940 2930 1012 δίκην
2989 940 3394 1012 προχεομένων,
3431 940 3531 1013 ήδη
3593 937 3823 993 λοιπὸν

2196 1030 2451 1102 ήμέρωτο
2479 1030 2584 1085 τῶν
2608 1030 2819 1086 πολλῶν
2849 1031 2919 1085 τά
2950 1031 3295 1103 φρονήματα,
3325 1033 3439 1095 τοῖς
3473 1048 3530 1084 τε
3564 1030 3821 1094 πολλοῖς

2194 1123 2373 1178 ἔθνεσι
2415 1124 2681 1179 πολιτεῖαι
2723 1125 2817 1179 καὶ
2850 1123 3193 1196 νομοθεσίαι⁶
3212 1125 3550 1191 συνίσταντο,
3578 1122 3821 1196 ἀρετῆς

508 1216 590 1274 Ex
635 1226 747 1289 quo
794 1216 958 1272 fiebat
1011 1225 1070 1272 ut
1101 1218 1286 1273 nullos
1315 1218 1458 1273 inter
1498 1233 1561 1274 se
1613 1218 1795 1274 aditus
1831 1218 2097 1276 haberent

509 1310 751 1374 finitimi,
803 1310 899 1365 sed
931 1309 1272 1381 impermista
1309 1309 1960 1382 incommunicabilisque
1993 1311 2098 1366 ho-

509 1411 718 1465 minum
752 1417 906 1467 esset
942 1410 1054 1467 illis
1092 1412 1435 1483 temporibus
1476 1412 1610 1468 vita.
1644 1411 1859 1470 Paucos
1912 1422 2095 1471 autem

508 1500 799 1570 quosdam,
835 1507 897 1555 ut
933 1503 990 1555 in
1019 1501 1291 1571 ejusmodi
1328 1509 1497 1566 statu,
1550 1509 1605 1557 et
1649 1501 1807 1558 facile
1838 1516 2089 1557 numera-

509 1592 924 1662 biles,quorum
973 1607 1133 1649 sacra
1164 1592 1311 1664 apud
1338 1592 1595 1649 Hebraeos
1641 1595 1865 1649 oracula
1898 1593 2095 1649 memi-

506 1689 730 1750 nerunt,
747 1680 841 1737 Dei
861 1683 1142 1739 studiosos
1177 1684 1496 1755 amicosque
1528 1692 1712 1753 nacta,
1740 1685 1843 1741 hos
1874 1686 2025 1757 ipsos
2041 1691 2096 1739 et

2196 1232 2255 1269 τε
2302 1216 2396 1271 καὶ
2429 1216 2744 1287 φιλοσοφίας
2787 1216 2960 1289 ὄνομα
3006 1215 3158 1288 παρὰ
3187 1220 3299 1282 τοῖς
3323 1217 3537 1281 πολλοῖς
3563 1217 3813 1283 ἐϐοᾶτο,

2195 1307 2271 1371 ὡς
2294 1307 2360 1363 ἂν
2397 1309 2754 1381 πεπαυμένης
2793 1310 2892 1381 τῆς
2929 1309 3165 1374 παλαιᾶς
3211 1309 3521 1383 θηριωδίας,
3561 1324 3802 1382 μετατι-

2198 1400 2434 1474 θεμένης
2475 1401 2534 1455 δὲ
2569 1403 2672 1474 τῆς
2706 1401 2905 1473 ἀγρίας
2944 1402 3038 1455 καὶ
3062 1402 3312 1481 άπηνοῦς
3341 1401 3554 1473 διαίτης
3579 1403 3679 1456 ἐπὶ
3736 1401 3811 1456 τὸ

2197 1493 2520 1564 πραότερον,
2545 1493 2708 1558 αὐτὸς
2740 1493 2839 1565 ἤδη
2879 1493 3064 1548 λοιπὸν
3096 1493 3238 1548 κατὰ
3282 1494 3471 1567 καιρὸν
3499 1494 3593 1548 τὸν
3611 1511 3795 1567 προσ·

2195 1587 2397 1659 ήκοντα
2437 1588 2465 1640 ό
2506 1586 2615 1640 τῶν
2646 1587 2865 1641 τελείων
2894 1604 2953 1640 τε
2976 1588 3069 1641 καὶ
3093 1588 3359 1660 οὐρανίων
3391 1588 3684 1658 δογμάτων
3734 1601 3808 1640 τε

2196 1678 2290 1733 καὶ
2323 1677 2659 1749 μαθημάτων
2691 1679 2897 1744 τέλειος
2943 1680 3040 1734 καὶ
3087 1680 3336 1751 οὐράνιος
3374 1679 3731 1743 διδάσκαλος,
3772 1680 3806 1731 ό

507 1774 793 1842 responsis
824 1774 1231 1845 alloquebatur,
1261 1782 1317 1832 et
1345 1776 1413 1831 ad
1448 1775 1669 1832 divinas
1698 1777 1943 1833 visiones
1991 1776 2089 1830 ad-

2197 1770 2292 1841 τῆς
2323 1770 2557 1841 ἀληθοῦς
2599 1770 2930 1841 θεογνωσίας
2977 1774 3338 1842 είσαγωγεύς,
3371 1775 3399 1825 ό
3434 1772 3568 1836 Θεὸς
3605 1771 3805 1840 Λόγος

506 1871 781 1936 mittebat,
815 1873 1149 1945 eosdemque
1200 1874 1418 1930 interim
1449 1877 1608 1947 quasi
1643 1891 1810 1931 manu
1866 1886 2095 1946 captans

506 1967 760 2030 curabat,
791 1975 845 2023 et
880 1966 1113 2038 legibus,
1157 1983 1298 2039 quas
1339 1967 1519 2025 Moses
1572 1969 1790 2033 fixerat,
1834 1969 2097 2024 cultiores

506 2056 790 2114 reddebat.
817 2057 921 2115 Sed
948 2059 1039 2115 ubi
1059 2059 1175 2129 jam
1201 2075 1267 2116 ex
1300 2061 1513 2132 legibus
1528 2077 1651 2132 quae
1670 2062 1755 2117 his
1785 2061 1919 2130 ipsis
1956 2060 2097 2115 datae

507 2149 748 2218 fuerant,
794 2157 960 2222 atque
992 2168 1059 2207 ex
1090 2153 1430 2223 propheticis
1485 2153 1716 2224 posthac
1761 2152 2092 2223 disciplinis,

505 2245 564 2300 in
588 2259 779 2300 omnes
809 2244 1062 2301 homines
1095 2245 1409 2315 fragrantia:
1442 2246 1732 2316 cujusdam
1766 2246 1944 2301 instar
1962 2259 2094 2315 pro-

507 2338 667 2401 fusis,
690 2338 834 2410 quod
859 2347 1167 2409 supererat,
1191 2340 1485 2396 multorum
1502 2339 1671 2394 animi
1698 2339 2096 2395 mansuetiores

506 2452 817 2509 evaserant,
836 2445 998 2516 365
1017 2446 1312 2516 multisque
1334 2446 1587 2516 gentibus
1607 2453 1661 2502 et
1676 2445 1867 2501 civiles
1889 2458 2092 2509 mores,

506 2546 560 2590 et
605 2536 783 2606 legum
830 2537 1210 2594 institutiones
1265 2538 1639 2602 constabant,
1672 2539 2002 2610 virtutisque
2031 2552 2097 2595 ac

507 2628 870 2699 philosophiae
896 2644 1099 2684 nomen
1128 2630 1275 2707 apud
1311 2630 1515 2686 multos
1541 2630 1890 2698 audiebatur,
1912 2629 2092 2700 quasi

505 2720 688 2791 prisca
721 2722 811 2775 illa
867 2720 1083 2776 feritate
1104 2721 1412 2785 desinente,
1443 2730 1497 2777 et
1528 2721 1731 2792 agresti
1759 2722 2097 2792 immanique

507 2814 657 2867 victu
720 2813 777 2868 in
828 2814 1101 2868 mitiorem
1127 2813 1242 2884 jam
1286 2820 1645 2876 commutato,
1680 2815 1799 2884 ipse
1824 2814 1937 2884 jam
1981 2824 2094 2868 tum

509 2907 776 2976 temporis
806 2907 1271 2977 opportunitatem
1305 2916 1518 2972 nactus,
1554 2908 1671 2978 ipse
1705 2907 1931 2977 inquam
1980 2922 2099 2978 per-

510 2995 778 3053 fectorum
805 2999 1222 3069 cmlestiumque
1251 2999 1629 3054 institutorum
1652 3000 2096 3070 disciplinarum-

507 3105 616 3159 que
644 3088 919 3161 perfectus
935 3091 1286 3162 coelestisque
1302 3091 1579 3162 magister,
1606 3107 1848 3162 veraeque
1870 3091 1962 3147 Dei
1985 3108 2094 3147 no—
2122 3108 2164 3164 ρ

509 3184 644 3238 titiae
700 3181 1045 3238 introductor
1079 3182 1223 3239 Deus
1255 3181 1499 3239 Verbum
1532 3183 1774 3254 seipsum
1817 3184 2089 3248 exhibuit,

508 3275 579 3329 ad
626 3275 1006 3345 przescriptum
1060 3276 1313 3331 humanae
1343 3292 1376 3332 a
1409 3291 1469 3332 se
1493 3276 1839 3333 assumendae
1887 3285 2095 3332 naturae

507 3384 746 3448 tempus,
777 3392 1051 3448 unamque
1106 3377 1361 3449 gentibus
1418 3376 1693 3433 universis
1728 3387 1837 3431 tam
1892 3376 2095 3434 Graecis

508 3459 975 3539 quam'barbaris,
1010 3471 1160 3525 omni
1193 3471 1384 3543 utique
1413 3470 1658 3527 humano
1687 3471 1896 3543 generi,
1917 3470 2096 3526 Patris

510 3559 596 3615 sui
627 3560 971 3616 clementiam
999 3561 1365 3633 pietatemque
1397 3563 1658 3617 nuntiare
1682 3571 1797 3615 tum
1827 3561 2016 3631 coepit.
2041 3567 2096 3616 et

508 3655 578 3709 ad
608 3670 773 3709 unam
801 3662 1033 3711 cunctos
1067 3655 1318 3711 homines
1369 3654 1425 3709 in
1460 3654 1569 3710 Deo
1598 3653 1881 3709 adhortari
1931 3653 2097 3708 salu-

509 3754 643 3811 tem,
676 3746 960 3817 ipsamque
991 3747 1275 3802 veritatem
1307 3760 1558 3815 veraeque
1589 3743 2093 3816 religionislumen,

509 3857 613 3897 nec
642 3855 754 3896 non
785 3841 1010 3897 cmleste
1071 3854 1302 3911 regnum
1333 3853 1397 3892 ac
1429 3837 1778 3908 sempiternae
1809 3835 1935 3891 vita:
1968 3851 2096 3906 pro-

512 3930 855 3994 missionem,
877 3929 1135 3986 omnibus
1159 3930 1274 4001 ipse
1302 3928 1453 3999 prior
1482 3926 1756 3998 spondere
1785 3938 1850 3982 ac
1878 3940 2093 3996 parare.

514 4020 792 4078 llactenus
847 4022 1015 4093 igitur
1071 4022 1186 4077 haec
1242 4021 1391 4076 dicta
1448 4018 1561 4076 sint
1611 4019 1681 4075 de
1737 4017 2095 4088 temporibus,

513 4140 677 4194 quant
737 4124 926 4195 utique
954 4124 1025 4181 ob
1054 4139 1277 4180 causam
1320 4139 1435 4179 non
1476 4124 1590 4196 jam
1638 4122 1733 4177 diu
1758 4163 1774 4187 ,
1819 4122 1917 4179 sed
1948 4137 2098 4178 nunc

513 4223 755 4289 demum,
791 4224 1049 4281 Christus
1086 4223 1179 4279 Dei
1208 4224 1264 4279 in
1294 4240 1487 4281 omnes
1535 4223 1788 4279 homines
1820 4238 1982 4279 suum
2009 4224 2100 4279 lu-

516 4339 641 4380 men
701 4323 964 4380 emiserit.
1020 4322 1290 4378 Caeterum
1336 4321 1405 4377 ad
1445 4320 1731 4391 superiora
1778 4320 2095 4381 redeuntes.

2198 1862 2462 1932 ἐπέφανεν
2505 1863 2716 1926 ἐαυτὸν,
2752 1864 2895 1917 κατὰ
2925 1864 3018 1918 τὸν
3051 1865 3440 1937 ὐπογραφέντα
3491 1864 3593 1936 τῆς
3623 1866 3802 1918 ἐνανο

2197 1952 2530 2026 θρωπήσεως
2562 1955 2725 2008 αὐτοῦ
2760 1955 2971 2027 χρόνον,
3023 1954 3151 2027 μίαν
3197 1959 3310 2021 τοῖς
3351 1958 3515 2011 πᾶσιν
3546 1954 3802 2018 ἔθνεσιν,

2200 2043 2422 2115 Ἕλλησί
2469 2062 2528 2098 τε
2582 2046 2676 2098 καὶ
2733 2044 3049 2117 βαρϐάροις,
3076 2046 3154 2119 τῷ
3186 2064 3245 2101 τε
3292 2047 3456 2102 παντὶ
3492 2045 3638 2102 ἔθνει
3670 2046 3801 2100 τῶν

2196 2135 2497 2210 ἀνθρώπων
2544 2136 2644 2209 τὴν
2680 2137 2776 2191 τοῦ
2816 2138 3032 2211 Πατρὸς
3065 2139 3471 2212 φιλανθρωπίαν
3503 2140 3800 2209 εὐαγγελι⁹

2197 2227 2442 2300 ζόμενος,
2475 2229 2567 2282 ἐπὶ
2600 2230 2729 2300 μίαν
2758 2247 2817 2283 τε
2849 2231 2977 2294 τοὺς
3020 2231 3228 2297 πάντας
3250 2231 3548 2303 παρορμῶν
3576 2234 3635 2286 ἐν
3658 2232 3797 2303 Θεῷ

2200 2319 2491 2391 σωτηρίαν,
2527 2318 2782 2391 ἀλήθειάν
2809 2337 2868 2373 τε
2901 2320 3071 2393 αὐτὴν
3098 2322 3193 2376 καὶ
3219 2322 3337 2392 φῶς
3363 2321 3594 2394 ἀληθοῦς
3626 2321 3797 2374 εὐσε-

2198 2410 2368 2475 ϐείας,
2391 2410 2664 2481 βασιλείαν
2693 2428 2752 2464 τε
2784 2411 3052 2483 οὐρανῶν,
3077 2413 3170 2466 καὶ
3193 2413 3412 2467 αἰωνίου
3439 2411 3581 2484 ζωῆς
3604 2413 3794 2481 ἐπαγ-

2196 2501 2382 2570 γελίαν
2412 2504 2525 2565 τοῖς
2557 2503 2693 2555 πᾶσι
2733 2502 3146 2575 προμνώμενος.
3180 2503 3365 2558 Ταῦτα
3400 2505 3497 2577 μὲν
3523 2500 3616 2561 οὖν
3649 2505 3793 2576 περὶ

2195 2591 2304 2645 τῶν
2330 2592 2535 2664 χρόνωι¹
2564 2591 2821 2663 εἰρήσθω,
2856 2592 2924 2646 δι’
2950 2595 3016 2665 ἢν
3040 2594 3220 2648 αἰτίαν
3251 2593 3366 2659 νῦν,
3385 2594 3498 2647 ἀλλ’
3518 2595 3579 2647 οὐ
3609 2594 3790 2649 πάλαι

2198 2683 2462 2757 πρότερον
2507 2686 2537 2736 ὁ
2568 2683 2799 2756 Χριστὸς
2829 2684 2922 2737 τοῦ
2952 2684 3087 2739 Θεοῦ
3117 2687 3197 2749 εἰς
3222 2685 3430 2751 πάντας
3475 2685 3791 2757 ἐξέλαμψεν

2198 2774 2541 2847 ἀνθρώπους.
2572 2775 2710 2847 Φέρε
2756 2774 2815 2828 δὲ
2859 2775 3247 2841 ἐπανελθόντες
3282 2776 3390 2831 τῶν
3435 2776 3640 2848 χρόνων
3677 2777 3789 2847 τῆς

2197 2865 2432 2935 ἀφίξεως
2461 2866 2626 2920 αὐτοῦ
2654 2866 2723 2919 τὰ
2752 2870 2955 2938 σημεῖα
2977 2867 3118 2922 κατὰ
3141 2868 3305 2940 μέρος
3332 2868 3790 2939 ἐπισκεψώμεθα,

2195 2957 2295 3022 τὶς
2340 2957 2700 3028 εὐαγγελικὰς
2737 2960 2865 3032 περὶ
2894 2960 2994 3032 τῆς
3022 2961 3288 3030 γενέσεως
3319 2960 3480 3015 αὐτοῦ
3515 2960 3698 3030 φωνὰς
3723 2963 3790 3014 ἐν

2198 3049 2434 3122 πρώτοις
2458 3051 3020 3123 ἐπισημειωσάμενοι.
3068 3054 3124 3107 Ὁ
3156 3052 3255 3125 μὲν
3281 3048 3375 3106 οὖν
3395 3051 3668 3116 Ματθαῖος
3686 3053 3788 3107 τὸν

2199 3142 2385 3214 χρόνον
2404 3142 2504 3213 τῆς
2533 3142 2800 3215 ἐνσάρκου
2833 3142 3000 3197 αὐτοῦ
3031 3142 3349 3214 ἐπιφανείας
3368 3136 3470 3197 ὧδέ
3497 3160 3612 3206 πως
3638 3145 3788 3196 ἱστο-

2199 3237 2284 3306 ρεῖ
2312 3233 2514 3303 λέγων·
2556 3254 2575 3287 ι
2618 3236 2726 3290 Τοῦ
2759 3236 2817 3291 δὲ
2857 3236 3032 3308 Ἰησοῦ
3064 3236 3412 3309 γεννηθέντος
3442 3237 3500 3290 ὲν
3531 3236 3788 3309 Βηθλεὲμ

2197 3326 2299 3396 τῆς
2342 3327 2624 3393 Ἰουδαίας,
2658 3332 2718 3384 ἐν
2763 3329 3000 3401 ἡμέραις
3037 3328 3275 3402 Ἡρώδου
3308 3329 3400 3384 τοῦ
3436 3328 3699 3400 βασιλέως
3720 3346 3737 3360 ·
3758 3347 3784 3383 ι

2198 3420 2292 3473 καὶ
2323 3422 2440 3491 μετ’
2471 3420 2630 3490 όλίγα
2656 3423 2822 3495 φησίν
2841 3439 2856 3453 ο
2882 3441 2901 3475 ι
2946 3424 3210 3488 Ἀκούσας
3238 3423 3316 3487 δέ,
3346 3424 3429 3477 ὅτι
3492 3421 3787 3494 Ἀρχέλαος

2200 3509 2472 3581 βασιλεύει
2513 3512 2616 3583 τῆς
2660 3513 2919 3579 Ἰουδαίας
2964 3514 3085 3570 ἀντὶ
3128 3513 3368 3588 Ἡρώδου
3422 3512 3516 3567 τοῦ
3575 3512 3786 3583 πατρὸς

2198 3602 2388 3658 αὐτοῦ.
2432 3622 2451 3655 ι
2497 3603 2557 3658 '0
2597 3604 2655 3659 δὲ
2708 3605 2925 3669 Λουκᾶς
2955 3605 3050 3659 τὸν
3079 3606 3178 3678 τῆς
3226 3604 3576 3668 διδασκαλίας
3613 3603 3786 3658 αὐτοῦ

2198 3694 2293 3748 καὶ
2319 3694 2637 3761 ἀναδείξεως
2668 3696 2859 3768 χρόνον
2893 3697 3207 3770 παρέστησε
3234 3697 3409 3767 λέγων
3432 3714 3445 3729 ·
3487 3716 3507 3749 ι
3548 3696 3636 3749 Ἐν
3670 3698 3786 3750 ἔτει

2199 3788 2668 3860 πεντεκαιδεκάτῳ
2712 3789 2812 3860 τῆς
2853 3788 3150 3861 ἡγεμονίας
3190 3789 3441 3861 Τιϐερίου
3480 3788 3783 3862 Καίσαρος,

2197 3880 2645 3953 ἐπιτροπεύοντος
2688 3882 2913 3935 Ποντίου
2948 3882 3180 3935 Πιλάτου
3221 3883 3321 3953 τῆς
3375 3880 3654 3944 Ἰουδαίας,
3688 3896 3784 3933 τε-

2197 3974 2562 4046 τραρχοῦντος
2586 3975 2642 4029 δὲ
2664 3977 2765 4047 τῆς
2796 3976 3086 4041 Γαλιλαίας
3130 3975 3391 4048 Ἡρώδου,
3424 3974 3689 4029 Φιλίππου
3722 3973 3784 4028 δὲ

2196 4067 2289 4121 τοῦ
2314 4068 2541 4138 ἀδελφοῦ
2576 4068 2742 4124 αὐτοῦ
2779 4069 3202 4142 τετραρχοῦντος
3227 4070 3329 4140 τῆς
3364 4069 3662 4142 Ἰτουραίας
3688 4068 3784 4123 καὶ

2199 4160 2595 4232 Τραχωνίτιδος
2639 4158 2842 4233 χώρας,
2894 4160 2990 4215 καὶ
3037 4161 3306 4215 Λυσανίου
3351 4161 3452 4232 τῆς
3494 4159 3783 4232 ’Λὸιληνῆς

2198 4251 2644 4325 τετραρχοῦντος,
2685 4253 2780 4307 ἐπὶ
2818 4252 3122 4325 ἀρχιερέως
3154 4253 3321 4308 Ἅννα
3361 4254 3455 4307 καὶ
3486 4251 3730 4320 Καῖάφα.
3756 4270 3776 4303 ›

2199 4343 2423 4408 Τούτοις
2464 4343 2528 4417 δὴ
2572 4340 2665 4399 οὖν
2711 4344 2893 4409 καλῶς
2949 4345 3062 4416 ἔχει
3114 4345 3458 4418 παραθέσθαι
3500 4345 3602 4417 τὴν
3630 4341 3782 4415 παρὰ

516 4432 821 4495 temporum
850 4423 1121 4479 adventus
1165 4423 1314 4478 illius
1342 4420 1712 4492 particulatim
1767 4436 1891 4491 qua:
1938 4422 2093 4494 signa

2198 4435 2390 4489 Μωσετ
2420 4435 2512 4488 τοῦ
2563 4434 2757 4490 Ἰακὼὸ
2780 4435 3146 4521 προφητείαν,
3180 4437 3368 4492 τοῦτον
3411 4437 3641 4509 ἔχουσαν
3688 4435 3782 4490 τὸν

513 4525 845 4590 exstiterint,
875 4524 1310 4585 consideremus,
1336 4522 1788 4593 evangelicasque
1818 4523 1871 4576 in
1897 4523 2092 4591 primis
2198 4526 2419 4597 τρόπον.

512 4619 583 4675 de
628 4626 753 4674 ortu
791 4618 912 4688 ejus
947 4633 1110 4674 voces
1165 4616 1512 4673 adnotemus.
1573 4614 1873 4673 Matthaeus'
1917 4616 2086 4688 igitur
2122 4626 2340 4690 tempus
2368 4635 2478 4689 quo
2510 4620 2601 4676 ille
2624 4620 2681 4676 in
2735 4635 2966 4691 corpore
2998 4619 3240 4677 humano
3267 4620 3442 4677 videri
3481 4619 3671 4691 carpit,
3724 4619 3780 4673 in

516 4712 663 4767 hunc
694 4712 916 4768 modum
937 4721 1124 4766 narrat
1150 4729 1196 4767 ει
1226 4710 1364 4767 Cum
1395 4717 1561 4777 esset,
1582 4709 1778 4781 inquit,
1800 4719 1962 4767 natus
1998 4710 2161 4768 Jesus
2190 4713 2244 4767 in
2262 4712 2575 4769 Bethlehem
2603 4713 2805 4770 Judaete
2838 4714 2893 4768 in
2915 4715 3108 4771 diebus
3140 4712 3370 4770 Herodis
3387 4713 3531 4784 regis
3559 4712 3628 4765 ".
3666 4732 3684 4763 ο
3715 4708 3782 4764 Et

515 4807 677 4876 paulo
710 4814 874 4878 post:
911 4826 930 4859 ι
955 4806 1219 4870 Audiens,
1250 4805 1449 4876 inquit,
1483 4803 1630 4876 quod
1653 4803 1956 4859 Archelaus
1987 4814 2248 4876 regnaret
2282 4806 2337 4861 in
2374 4804 2563 4862 Iudaea
2621 4823 2719 4879 pro
2774 4806 2989 4864 Herode
3044 4816 3199 4879 patre
3260 4822 3363 4862 suo
3400 4806 3467 4861 “.
3526 4824 3546 4858 ι
3603 4802 3781 4858 Lucas

515 4908 699 4956 autem
718 4917 827 4971 quo
857 4907 1102 4972 tempore
1126 4900 1215 4956 ille
1243 4906 1299 4956 et
1343 4899 1543 4954 docere
1593 4906 1651 4955 et
1720 4898 1966 4970 seipsum
2004 4900 2296 4955 ostendere
2345 4900 2595 4970 coeperit,
2626 4899 2988 4965 demonstrat,
3046 4898 3139 4955 ubi
3161 4898 3280 4953 ait:
3316 4915 3335 4949 ι
3376 4896 3534 4951 Anno
3576 4911 3646 4950 xv
3679 4895 3781 4947 imo

455 4979 463 4987 ’
517 4993 655 5062 perii
707 4992 912 5049 Tiberii
965 4993 1223 5054 Cmsaris,
1272 5001 1603 5064 procurante
1643 4990 1840 5046 Pontio
1878 4989 2052 5046 Pilato
2100 4989 2367 5057 Judaeum,
2414 4994 2693 5049 tetrarcha
2723 5000 2904 5048 autem
2948 4992 3182 5048 Galilaaze
3240 4990 3473 5055 Herode,
3532 4988 3781 5059 Philippo

517 5099 696 5144 autem
736 5087 903 5146 fratre
925 5091 1045 5160 ejus
1094 5089 1369 5145 tetrarcha
1398 5088 1578 5143 lturia:
1596 5096 1651 5143 et
1669 5086 2076 5144 Trachonitidis
2114 5090 2377 5158 regionis,
2438 5099 2492 5146 et
2518 5089 2754 5162 Lysania
2784 5090 3027 5147 Abilenze
3066 5092 3364 5159 tetrarcba,
3396 5091 3502 5147 sub
3530 5088 3762 5161 principi

515 5183 621 5238 bus
647 5183 995 5239 sacerdotum
1030 5183 1188 5239 Anna
1227 5192 1283 5239 et
1311 5182 1520 5253 Caipha
1553 5183 1619 5239 ".
1666 5202 1686 5236 ι
1729 5181 1825 5238 His
1857 5183 2024 5252 igitur
2048 5182 2094 5238 si
2132 5181 2306 5240 Jacob
2332 5187 2674 5257 prophetiam
2703 5202 2824 5258 qua:
2848 5194 2932 5243 est
2986 5187 3130 5259 apud
3189 5185 3394 5244 Mosen)
3418 5198 3784 5259 apponamus,

514 5289 696 5345 Operae
728 5274 961 5345 pretium
989 5274 1306 5339 fecerimus,
1361 5288 1485 5345 quze
1517 5272 1570 5327 in
1604 5271 1750 5327 hunc
1781 5271 2003 5326 modum
2036 5287 2095 5328 se
2129 5271 2313 5330 habet.

588 5482 634 5517 “
679 5478 866 5538 Matth.
909 5496 984 5545 ιι,
1020 5480 1070 5535 l.
1150 5481 1195 5511 "
1237 5478 1370 5535 ibid.
1408 5476 1499 5532 26.
1578 5477 1621 5508 ³⁷
1664 5489 1797 5532 huc.
1830 5490 1926 5542 ιιι,
1962 5474 2012 5529 i.
