4110 6410
377 280 487 338 675

1233 278 1894 337 DEMONSTRATIONIS
1933 278 2391 336 EVANGELICIE
2432 276 2571 334 LIB.
2609 275 2746 332 VIII.

3539 276 3643 333 574

382 393 523 451 Ἅπὸ
554 393 666 462 τῆς
708 358 1125 462 Γενέσεως.-
1151 396 1291 464 Περὶ
1323 395 1443 450 τῶν
1469 399 1703 465 χρόνων
1744 396 1854 465 τῆς
1881 400 1953 465 εις

441 468 797 522 ἀνθρώπους
860 466 1211 522 ἐπιφανείας
1256 466 1463 521 αὑτοῦ.
1523 468 1619 522 Ὠς
1678 469 1806 522 καθ’
1857 468 1953 522 οὓ(

2071 398 2236 522 3ξ6
2265 400 2305 453 Α
2346 398 2553 455 Genesi.
2580 428 2652 438 —
2680 394 2884 464 Quibus
2926 392 3242 464 temporibus
3283 393 3528 449 Christus
3573 398 3646 450 ad

2181 473 2378 522 omines
2424 469 2709 522 advenerit.
2743 464 3197 522 Quemadmodum
3225 464 3411 522 quibus
3447 475 3637 522 teumo—

2181 487 2263 523 om

441 468 797 536 ἀνθρώπους
860 466 1211 535 ἐπιφανείας
1256 466 1463 521 αὑτοῦ.
1523 468 1619 533 Ὠς
1678 469 1806 522 καθ’
1857 468 1964 536 οὓς

445 537 709 605 κρόνους
726 535 793 615 τὸ
817 538 952 603 παρ’
987 536 1278 616 ’βϐραίοις
1302 536 1497 590 (inde!
1520 540 1535 575 ί
1549 554 1600 590 ει
1616 535 1961 602 βασίλειον,

445 605 510 659 τὸ
538 621 870 673 τηνικαυτα
892 607 930 674 ἡ
953 624 1070 659 των
1086 608 1277 660 ὲθνων
1297 554 1685 672 eamagema
1708 608 1966 674 προσδο-

443 622 510 659 to
538 622 870 673 τηνικαυτα
892 622 930 674 η
953 624 1070 659 των
1086 622 1277 660 εσνων
1297 622 1685 672 επιστησεται
1708 622 1966 675 προσδο-

443 674 1054 798 ῗέεαὲαὸνέἕοτέγονεν
1083 676 1183 729 ἐπὶ
1214 674 1324 745 τῆς
1354 676 1462 731 τοῦ
1492 675 1768 745 Σωτῆρος
1795 677 1966 747 ἡμῶν

440 760 823 815 επιφανειας.

444 897 466 929 ι
518 877 777 932 Ἐκάλεσε
826 877 883 930 δὲ
924 876 1118 931 Ἰακὼϐ
1150 879 1278 941 τοὺς
1305 877 1459 941 υἱοὺς
1479 877 1647 931 αὐτοῦ
1680 879 1775 932 καὶ⁹
1805 873 1958 931 εἴπεο

364 970 679 1041 Συνάχθητε
714 969 802 1023 ἵνα
833 970 1144 1039 ὲπαγγείλω
1177 973 1307 1042 ὑμῖν
1348 970 1403 1024 τί
1437 971 1809 1043 ἀπαντήσεται
1833 972 1961 1043 ὑμῖν

366 1059 461 1113 ἐπ’
492 1059 724 1130 ἐσχάτου
753 1058 864 1112 τῶν
895 1058 1117 1132 ἡμερῶν
1136 1077 1151 1090 ·
1184 1059 1530 1133 ἀθροίσθητε,
1550 1061 1644 1114 καὶ
1667 1060 1959 1126 ἀκούσατε,

372 1152 487 1205 υἱοὶ
532 1150 751 1216 Ἰακὼϐ,
782 1150 1073 1218 ἀκούσατε,
1103 1151 1339 1224 Ἰσραὴλ,
1361 1151 1456 1206 τοῦ
1492 1152 1697 1224 πατρὸς
1729 1151 1903 1224 ὑμῶν.
1935 1170 1955 1205 ι

365 1239 507 1297 Εἶτα
565 1242 774 1307 τούτοις
823 1242 950 1313 ἑξῆς
1006 1241 1458 1315 ἐπιμεμψάμενος
1513 1244 1635 1299 τινα
1681 1261 1792 1298 τισι
1848 1246 1961 1309 τοῖς

367 1334 661 1405 προτέροις
711 1335 866 1398 υἱοῖς,
899 1334 975 1398 ὼς
1008 1333 1096 1390 διά
1136 1351 1260 1389 τινα
1296 1334 1477 1389 αὐτῶν
1509 1335 1959 1407 πλημμελήματα

363 1424 682 1495 γενομένοις
703 1424 941 1490 ἀναξίοις
960 1425 1060 1496 τῆς
1085 1424 1385 1498 μελλούσης
1412 1425 1761 1495 ἐπιλέγεσθαι
1789 1429 1959 1500 προρ-

366 1517 603 1588 ρήσεως,
643 1516 722 1587 τῷ
754 1516 1000 1588 τετάρτῳ
1026 1516 1102 1580 ὼς
1134 1516 1226 1570 τὸν
1253 1516 1366 1587 βίον
1399 1517 1685 1589 κρείττονα
1714 1516 1824 1571 τῶν
1849 1517 1958 1571 λοι-

363 1608 491 1662 πῶν
529 1608 771 1679 ἀδελφῶν
820 1609 1244 1681 ὲπιδεδειγμένῳ
1278 1609 1403 1665 τάδε
1436 1609 1725 1675 θεσπίζει·
1761 1629 1781 1663 ι
1821 1608 1957 1664 Ἰού-

360 1701 454 1765 δα,
492 1701 551 1755 σὲ
589 1701 894 1756 αἱνέσουσιν
921 1705 969 1756 οἱ
1004 1702 1219 1772 ἀδελφοί
1254 1719 1377 1757 σου·
1413 1703 1470 1756 αἱ
1499 1702 1680 1774 χεῖρές
1726 1718 1819 1756 σου
1863 1702 1957 1755 ἐπὶ

2268 473 2378 525 iues
2424 469 2709 523 advenerit.
2743 464 3197 529 Quemadmodum
3225 464 3411 534 quibus
3447 475 3637 533 tempo-

2140 541 2284 594 ribus
2317 557 2533 610 regnum
2562 537 2701 606 apud
2738 535 2988 610 Helmeos
3004 533 3268 610 defecerit.
3299 533 3485 610 iisdem
3520 553 3638 607 gen-

2141 612 2272 663 tium
2299 605 2519 664 instabit
2549 605 2868 676 exspectatio
2897 622 2915 659 :
2942 605 3080 673 quod
3102 620 3228 658 sane
3247 605 3407 657 etiam
3442 605 3642 675 factum

2134 690 2215 734 est
2252 684 2349 735 sub
2376 681 2548 749 ipsum
2574 675 2870 734 Saluatoris
2902 675 3072 730 nostri
3109 677 3408 730 adventum.
3613 690 3616 694 λ

2140 899 2159 933 ‹
2187 878 2419 937 Vocavit
2452 886 2633 935 autem
2662 877 2833 935 Jacob
2863 876 3005 933 ﬁlios
3034 892 3169 934 suos
3196 885 3251 933 et
3278 876 3416 932 dixit
3447 896 3461 933 :
3494 874 3638 933 Con.

2061 971 2360 1042 gregamini
2401 978 2460 1024 ut
2484 969 2805 1025 annuntiem
2854 968 3012 1024 vobis
3047 969 3179 1040 quid
3214 975 3537 1025 eventurum
3568 968 3643 1023 sit

2061 1062 2219 1119 vobis
2253 1062 2309 1117 in
2338 1062 2533 1117 diebus
2578 1060 2939 1117 novissimis:
2973 1060 3379 1132 congregamini
3413 1067 3467 1115 et
3490 1058 3645 1114 audi-

2060 1161 2134 1219 te,
2166 1152 2261 1208 ﬁlii
2294 1151 2483 1215 Iacob.
2513 1152 2721 1220 audite,
2755 1151 2942 1220 Israel,
2974 1161 3188 1223 patrem
3217 1162 3463 1210 vestrum
3513 1153 3578 1209 ³⁸.
3612 1171 3636 1207 s

2060 1242 2266 1301 Deinde
2315 1245 2406 1300 ubi
2435 1246 2712 1315 prioribus
2745 1244 2870 1301 ﬁliis
2918 1245 3024 1299 alia
3054 1244 3178 1300 aliis
3210 1244 3442 1300 crimina
3486 1244 3644 1314 obje-

2059 1334 2165 1398 cit,
2221 1341 2482 1406 tanquam
2510 1335 2580 1392 iis
2605 1336 2697 1406 qni
2725 1336 2796 1391 ob
2828 1351 2985 1391 suam
3016 1336 3261 1406 ipsorum
3303 1336 3540 1405 culpam,
3574 1349 3642 1391 eo

2059 1425 2205 1497 quod
2234 1441 2383 1482 nunc
2438 1427 2729 1482 dicendum
2765 1434 2849 1484 est
2871 1468 2886 1493 ,
2922 1429 3148 1482 oraculo
3190 1427 3402 1498 indigni
3430 1427 3645 1481 evasis-

2059 1529 2201 1581 sent.
2236 1526 2437 1589 quarto
2462 1535 2651 1575 eorum
2685 1531 2945 1590 tanquam
2977 1520 3026 1575 ei
3056 1520 3148 1590 qui
3178 1519 3420 1590 reliquos
3443 1518 3644 1575 fratres

2057 1611 2330 1683 probitate
2344 1612 2469 1665 vitae
2492 1611 2747 1675 anteiret,
2773 1611 2889 1665 haec
2922 1610 3105 1664 futura
3153 1609 3402 1679 praedicit
3432 1628 3445 1663 :
3493 1628 3513 1660 ι
3548 1607 3644 1663 Ju-

2057 1703 2147 1766 da,
2174 1711 2228 1759 te
2254 1701 2763 1759 laudabuntfratres
2785 1702 2863 1757 tui
2897 1716 3130 1757 :manus
3151 1708 3257 1756 tute
3289 1701 3344 1755 in
3372 1708 3526 1771 tergo
3556 1702 3645 1755 in-

360 1789 540 1845 νώτου
564 1789 670 1844 τῶν
706 1790 918 1863 ἐχθρῶν
951 1809 1044 1846 σου
1064 1810 1078 1824 ⁸
1104 1793 1542 1866 προσκυνήσουσί
1559 1809 1618 1846 σε
1645 1793 1696 1846 oi
1727 1792 1835 1846 υἱοὶ
1858 1792 1953 1847 τοῦ

2058 1795 2345 1851 imicorum
2393 1802 2661 1849 tuorum:
2730 1792 3039 1848 adorabunt
3074 1800 3130 1848 te
3178 1792 3272 1846 ﬁlii
3329 1793 3502 1863 patris
3535 1793 3637 1849 tui.

362 1882 579 1956 πατρός
614 1899 727 1936 σου.
758 1882 1005 1955 Σκύμνος
1037 1884 1269 1949 λέοντος,
1299 1884 1488 1950 Ἰούδα,
1502 1885 1566 1939 ὲκ
1597 1883 1849 1955 βλαστοῦ,
1869 1885 1953 1939 υἱέ

366 1990 499 2043 μοι’.
531 1973 764 2045 ἀνέὄης⁰
800 1974 1088 2029 ἀναπεσὼν
1121 1976 1421 2049 ἐκοιμήθης
1448 1977 1525 2042 ὼς
1567 1978 1704 2033 λέων
1752 1979 1848 2034 καὶ
1879 1979 1955 2044 ὡς

362 2061 627 2133 σκύμνος.
659 2062 757 2127 Τίς
807 2065 990 2136 ἐγερεῖ
1030 2065 1226 2134 αὐτόν;
1257 2066 1358 2120 ούκ
1405 2066 1643 2138 ἐκλείψει
1681 2068 1865 2141 ἄρχων
1895 2070 1955 2137 ἐξ

374 2152 575 2217 Ἰούδα,
606 2152 726 2208 οἷέιὲ
762 2152 1065 2224 ἡγούμενος
1084 2156 1148 2208 ἐκ
1181 2154 1288 2208 τῶν
1316 2154 1506 2227 μηρῶν
1530 2157 1719 2221 αὐτοῦ,
1748 2158 1853 2222 ἕως
1889 2158 1956 2212 ἂν

355 2245 497 2315 ἔλθῃ
545 2244 616 2298 τὰ
665 2245 1003 2316 ἀποκείμενα
1068 2245 1249 2317 αὐτῷ·
1293 2246 1389 2300 καὶ
1446 2247 1610 2312 αὐτὸς
1658 2247 1956 2320 προσδοκία

357 2335 558 2392 ἐθνῶν.
598 2355 618 2387 ι
659 2337 857 2390 Σκόπει
890 2336 953 2408 δή
986 2337 1201 2410 πρῶτον
1229 2338 1351 2392 τίνα
1381 2337 1489 2410 ἄρα
1516 2340 1681 2409 φησὶν
1712 2335 1852 2394 εἶναι
1889 2341 1957 2396 τὰ

358 2429 707 2500 ἀποκείμενα
754 2429 938 2501 αὐτῷ·
973 2431 1070 2484 καὶ
1107 2431 1212 2502 ὅρα
1243 2433 1292 2485 εἰ
1328 2430 1404 2503 μὴ
1437 2431 1577 2485 αὐτὰ
1620 2427 1713 2503 ἦν,
1763 2430 1799 2485 ἃ.
1843 2434 1956 2496 τοῖς

356 2522 513 2591 αμφὶ
560 2520 654 2575 τὸν
689 2521 943 2593 Ἀϐραὰμ
986 2522 1326 2593 προπάτορσι
1352 2524 1482 2594 περὶ
1512 2523 1609 2595 τῆς
1640 2522 1751 2576 τῶν
1785 2523 1956 2579 ἐθνῶν

354 2613 614 2685 κλήσεως
638 2616 667 2668 6
693 2614 827 2678 Θεὸς
852 2614 1130 2687 ἁνείρηκε,
1159 2614 1445 2680 θεσπίσας.
1469 2616 1786 2689 Γέγραπται
1802 2620 1952 2691 γοῦν,

353 2704 441 2769 ὡς
470 2706 579 2778 ἄρα
611 2705 767 2759 εἶπεν
795 2709 824 2759 6
848 2706 982 2771 Θεὸς
1004 2706 1083 2777 τῷ
1113 2706 1363 2780 Ἀϐραάμ
1382 2724 1395 2739 ·
1438 2726 1458 2760 ι
1504 2710 1615 2763 Καὶ
1648 2708 1750 2782 ἔσῃ
1806 2710 1953 2762 εὐλο-

354 2796 555 2870 γητὸς,
589 2799 685 2851 καὶ
704 2797 988 2869 εὐλογήσω
1016 2798 1141 2861 τοὺς
1189 2798 1545 2867 εύλογοῦντάς
1576 2815 1658 2864 σε,
1709 2795 1954 2862 καὶτοὺς

362 2890 797 2961 καταρωμένους
844 2906 904 2942 σε
935 2890 1351 2962 καταράσομαι·
1387 2892 1482 2945 καὶ
1514 2889 1956 2962 ὲνευλογήσονται

354 2984 422 3036 ἐν
498 2983 582 3036 σοὶ
656 2984 827 3037 πᾶσαι
879 2983 936 3036 αἱ
995 2983 1159 3053 φυλαὶ
1202 2984 1303 3055 τῆς
1380 2983 1505 3054 γῆς.
1560 3001 1580 3034 ι
1620 2982 1730 3036 Καὶ
1799 2976 1955 3045 αὖθις

361 3093 385 3125 ι
442 3074 696 3146 Ἀϐραὰμ
744 3076 823 3139 δὲ,
873 3094 893 3127 ι
948 3076 1102 3146 φησὶ,
1136 3093 1156 3127 ι
1192 3076 1476 3147 γινόμενος
1502 3075 1655 3131 ἔσται
1690 3076 1770 3138 εἰς
1804 3073 1955 3137 ἔθνος

360 3167 511 3238 μέγα
559 3167 654 3221 καὶ
694 3168 850 3235 πολὺ,
884 3169 980 3222 καὶ
1019 3167 1462 3240 ὲνευλογήσονται
1494 3170 1552 3221 ὲν
1586 3166 1736 3238 αὐτῷ
1774 3166 1954 3222 πάντα

352 3261 429 3315 τὰ
463 3259 591 3332 ἔθνη
619 3261 720 3332 τῆς
747 3261 869 3332 γῆς.
897 3281 916 3313 ι
944 3261 987 3313 Τ
989 3259 1024 3313 ὰ
1054 3261 1218 3331 ὅμοια
1243 3259 1301 3313 δὲ
1327 3259 1421 3313 καὶ
1449 3258 1527 3330 τῷ
1560 3258 1746 3312 Ἰσαὰκ
1770 3261 1798 3312 6
1819 3275 1955 3335 χρη-

358 3355 504 3425 σμὸς
551 3353 736 3407 τοῦτον
790 3354 1029 3423 ὲκφωνεῖ
1069 3353 1162 3407 τὸν
1211 3353 1441 3424 τρόπον*
1486 3370 1505 3403 ι
1546 3351 1657 3406 Καὶ
1701 3349 1955 3421 πληθυνῶ

354 3444 423 3498 τὸ
485 3444 709 3517 σπέρμα
770 3462 863 3499 σου
915 3445 992 3509 ὡς
1042 3446 1170 3510 τοὺς
1239 3445 1481 3517 ἀστέρας
1532 3442 1627 3496 τοῦ
1699 3440 1951 3514 οὐρανοῦ,

352 3537 457 3591 καὶ
506 3536 945 3609 ὲνευλογήσονται
989 3538 1048 3590 ὲν
1088 3536 1167 3609 τῷ
1212 3536 1487 3608 σπέρματι
1538 3552 1632 3588 σου
1664 3535 1842 3589 πάντα
1884 3536 1956 3590 τὰ

355 3627 490 3699 ἔθνη
512 3627 614 3699 τῆς
648 3627 773 3700 γῆς.
817 3647 838 3679 ι
885 3628 1006 3681 Ἔτι
1048 3628 1105 3682 δὲ
1128 3628 1222 3682 καὶ
1262 3628 1342 3698 τῷ
1382 3626 1576 3681 Ἰακὼϐ
1624 3625 1852 3681 τοιαῦτα
1887 3627 1951 3701 δὴ

356 3718 607 3790 timur
643 3736 664 3770 ι
706 3717 849 3788 Ἐγὼ
875 3718 1078 3791 Κύριος
1099 3722 1129 3774 6
1170 3718 1303 3783 Θεὸς
1336 3718 1589 3791 Ἀϐραὰμ
1624 3718 1718 3773 τοῦ
1748 3719 1955 3791 πατρός

364 3824 483 3870 σου,
509 3808 605 3861 καὶ
633 3811 663 3863 6
684 3808 817 3873 Θεὸς
856 3809 1058 3863 Ἰσαάιυ
1098 3809 1173 3881 μὴ
1209 3808 1398 3878 φοϐοῦ,
1438 3827 1457 3861 s
1488 3809 1584 3862 καὶ
1624 3808 1770 3880 ἑξῆς·
1799 3826 1819 3860 ι
1858 3810 1954 3862 καὶ

358 3899 881 3973 ὲνευλογηθήσονται
920 3904 978 3955 ἐν
1019 3902 1103 3956 σοὶ
1144 3903 1314 3956 πᾶσαι
1340 3903 1395 3955 αἱ
1436 3899 1602 3971 φυλαὶ
1628 3899 1731 3970 τῆς
1760 3901 1884 3972 γῆς.
1927 3920 1947 3953 ι

359 3992 474 4045 Καὶ
514 3991 703 4046 ἄλλοτε
744 3987 897 4045 εἶπεν
922 3991 1070 4064 αὐτῷ
1104 3995 1133 4047 6
1172 3992 1334 4056 Θεός’
1374 4011 1393 4044 ι
1440 3988 1581 4059 Ἐγὼ
1620 3993 1649 4045 6
1672 3991 1806 4054 Θεὸς
1834 4007 1949 4055 σου,

358 4083 595 4150 αύξάνου
641 4083 738 4138 καὶ
769 4082 1061 4154 πληθύνου·
1109 4082 1235 4156 ἔθνη
1282 4083 1379 4137 καὶ
1424 4082 1737 4151 συναγωγαὶ
1781 4080 1953 4135 ἐθνῶν

357 4176 734 4243 ἐξελεύσονται
768 4177 835 4229 ὲκ
862 4175 978 4240 σοῦ,
1017 4176 1110 4230 καὶ
1149 4175 1386 4248 βασιλεῖς
1420 4176 1485 4229 ὲκ
1509 4174 1609 4245 τῆς
1632 4174 1834 4245 ὀσφύος
1857 4190 1951 4229 σου

358 4269 754 4335 ἐξελεύσονται.
795 4290 814 4323 ι
839 4269 1117 4334 Τοσαύτας
1166 4270 1294 4341 περὶ
1333 4269 1433 4341 τῆς
1460 4268 1570 4323 τῶν
1609 4267 1777 4323 ἐθνῶν
1821 4268 1955 4340 κλή-

360 4377 503 4425 σεως
534 4364 868 4435 προρρήσεις
895 4361 986 4416 τοῦ
1014 4360 1148 4415 Θεοῦ
1179 4360 1625 4434 προμεμαθηκὼς
1651 4362 1681 4415 6
1725 4359 1945 4423 Ἰακὼϐ,

2053 1889 2282 1945 Catulus
2302 1887 2478 1943 leonis
2500 1885 2661 1949 Juda,
2687 1886 2755 1942 de
2786 1885 3053 1957 germine,
3084 1883 3157 1938 ﬁli
3183 1884 3279 1948 mi,
3302 1884 3637 1953 ascendisti;

2054 1985 2381 2039 recumbens
2428 1979 2734 2037 dormivisti
2787 1985 2847 2033 ut
2898 1978 2983 2032 leo
3023 1985 3077 2032 et
3122 1986 3180 2030 ut
3212 1978 3446 2033 catulus.
3501 1976 3640 2045 Quis

2055 2074 2313 2131 excitabit
2346 2075 2528 2145 ipsum
2555 2072 2579 2125 ?
2610 2070 2725 2124 Non
2748 2069 2963 2124 deﬁciet
2988 2068 3246 2139 princeps
3267 2069 3334 2124 de
3350 2068 3511 2135 Juda,
3535 2084 3638 2125 ne~

2054 2167 2285 2237 quedux
2315 2164 2384 2221 de
2411 2163 2709 2220 femoribus
2755 2164 2897 2234 ejus,
2929 2163 3101 2218 donec
3129 2160 3351 2215 veniant
3378 2176 3499 2232 quae
3530 2161 3638 2231 ipsi

2055 2258 2295 2328 reposita
2349 2265 2525 2312 sunt:
2578 2264 2632 2312 et
2681 2257 2799 2327 ipse
2846 2255 3184 2326 exspectatio
3231 2253 3473 2323 gentium
3502 2253 3571 2308 ”.
3611 2271 3636 2308 ι

2054 2348 2357 2404 Considera
2378 2387 2393 2412 ,
2430 2362 2636 2417 quaeso,
2669 2348 2907 2417 primum
2939 2361 3187 2417 quasnam
3224 2359 3289 2400 ea
3321 2358 3444 2399 esse
3492 2342 3640 2398 dicat

2056 2436 2297 2507 (ιιιιείρεὶ
2318 2437 2557 2507 reposita
2582 2445 2746 2503 sunt;
2780 2444 2836 2491 et
2854 2436 2976 2491 vide
2990 2450 3122 2490 num
3166 2448 3232 2489 ea
3262 2434 3372 2489 sint
3420 2446 3542 2504 quae
3568 2431 3639 2487 ad

2054 2528 2329 2583 Abraham
2355 2535 2409 2581 et
2437 2526 2502 2581 ad
2532 2536 2744 2583 veteres
2806 2527 2982 2583 eidem
3041 2525 3250 2582 similes
3311 2532 3518 2596 patres.
3569 2522 3641 2579 de

2055 2620 2341 2676 vocatione
2382 2620 2622 2689 gentium
2674 2619 2819 2675 Deus
2848 2620 2978 2674 olim
3010 2633 3218 2673 canens
3270 2616 3637 2687 responderit.

2057 2711 2334 2781 Scriptum
2376 2711 2545 2781 igitur
2577 2718 2683 2779 est,
2737 2708 3198 2784 quemadmodum
3252 2707 3321 2762 ad
3363 2707 3638 2762 Abraham

2057 2801 2198 2857 Dens
2224 2802 2463 2858 dixerit:
2514 2822 2531 2853 ι
2571 2802 2637 2856 Et
2677 2802 2789 2858 eris
2823 2801 3168 2865 benedictus,
3208 2808 3265 2856 et
3317 2799 3639 2855 benedicam

2054 2894 2506 2950 benedicentibus
2537 2894 2718 2955 tibi.et
2755 2893 3210 2950 maledicentibus
3259 2892 3357 2947 tibi
3404 2891 3638 2945 maledi-

2055 2999 2197 3049 cam,
2224 2992 2279 3040 et
2300 2984 2693 3040 benedicentur
2732 2983 2788 3037 iu
2832 2989 2886 3039 te
2912 2996 3105 3037 omnes
3134 2979 3312 3034 tribus
3333 2988 3492 3034 terra:
3522 2978 3634 3048 ³⁰.;»

2057 3072 2123 3128 Et
2149 3090 2387 3130 rursus:
2437 3092 2456 3126 ι
2513 3072 2791 3127 Abraham
2846 3085 3003 3135 vero,
3054 3069 3253 3139 inquit,
3306 3066 3526 3121 futurus
3554 3075 3643 3122 est

2058 3167 2111 3221 in
2145 3175 2359 3237 gentem
2392 3179 2643 3236 magnam
2700 3172 2755 3218 et
2796 3162 3105 3223 multam,et
3138 3158 3537 3215 benedicentur
3579 3159 3639 3213 in

2056 3258 2176 3327 ipso
2217 3272 2409 3311 omnes
2443 3265 2633 3326 gentes
2667 3262 2826 3308 terra;
2847 3252 2913 3307 ³¹.
2946 3270 2966 3303 ι
3010 3248 3117 3304 Sed
3149 3248 3316 3305 etiam
3349 3248 3453 3318 ipsi
3486 3247 3641 3302 Isaac

2055 3343 2254 3400 similia
2307 3343 2365 3397 in
2422 3343 2568 3396 hunc
2640 3339 2860 3396 modum
2920 3337 3220 3410 respondet
3285 3336 3573 3392 oraculum
3619 3354 3637 3393 :

2060 3453 2081 3487 ι
2126 3434 2191 3488 Et
2234 3433 2611 3505 multiplicabo
2663 3448 2851 3489 semen
2881 3440 3038 3487 tuum
3072 3432 3214 3488 sicut
3263 3432 3451 3487 stellas
3485 3431 3638 3495 caeli,

2053 3527 2215 3599 367
2239 3537 2294 3582 et
2322 3526 2716 3581 benedicentur
2745 3525 2800 3578 in
2831 3523 3040 3579 semine
3073 3529 3169 3579 tuo
3203 3538 3397 3579 omnes
3443 3529 3641 3593 gentes

2055 3623 2293 3678 terrae“.
2334 3641 2354 3674 ›
2385 3621 2491 3692 Ipsi
2540 3620 2667 3676 item
2710 3616 2880 3673 Jacob
2912 3617 3041 3671 olim
3089 3616 3220 3670 talia
3260 3615 3406 3670 dicta
3452 3622 3583 3670 sunt
3620 3633 3636 3670 :

2060 3735 2079 3767 ι
2110 3714 2222 3787 Ego
2248 3714 2510 3771 Dominus
2542 3712 2682 3769 Deus
2729 3710 3007 3766 Abraham
3051 3709 3226 3781 patris
3277 3708 3380 3772 tui,
3412 3716 3465 3763 et
3497 3706 3640 3762 Deus

2053 3805 2206 3863 Isaac
2234 3824 2249 3862 :
2279 3821 2347 3861 ne
2380 3806 2570 3861 timeas
2591 3805 2656 3869 ³³,
2696 3823 2716 3855 ι
2752 3811 2805 3858 et
2831 3808 3050 3865 caetera,
3102 3821 3121 3852 ι
3163 3808 3218 3855 et
3246 3800 3640 3855 benedicentur

2054 3900 2110 3953 in
2161 3907 2216 3954 te
2258 3914 2450 3954 omnes
2501 3898 2680 3951 tribus
2732 3894 2978 3950 terrae“.
3019 3911 3038 3944 ι
3088 3891 3156 3945 Ει
3195 3892 3332 3947 alias
3377 3891 3517 3945 dixit
3569 3888 3636 3943 ad

2053 3992 2234 4063 ipsum
2273 3989 2417 4047 Deus
2450 4006 2464 4042 :
2501 4009 2519 4041 ι
2552 3988 2664 4059 Ego
2695 3986 2839 4042 Deus
2875 3995 3025 4051 tuus,
3064 3999 3253 4040 cresce
3285 3993 3341 4039 et
3371 3981 3640 4051 multipli-

2054 4098 2203 4148 care,
2234 4089 2424 4154 gentes
2443 4088 2497 4136 et
2526 4078 2980 4149 congregationes
3012 4074 3257 4146 gentium
3287 4072 3639 4143 egredientur

2054 4176 2122 4232 de
2150 4184 2223 4240 te,
2245 4183 2301 4231 et
2333 4189 2491 4245 reges
2522 4172 2589 4228 de
2619 4170 2822 4225 lumbis
2842 4170 2955 4225 tuis
2971 4166 3319 4239 egredientur
3343 4165 3409 4221 ⁸⁸.
3448 4184 3467 4216 ι
3498 4165 3636 4218 Cum

2055 4275 2165 4322 tam
2224 4266 2395 4322 multa
2440 4265 2510 4320 de
2560 4262 2849 4319 vocatione
2898 4260 3141 4332 gentium
3195 4256 3418 4313 oracula
3465 4252 3639 4309 Jacob

2058 4368 2219 4415 antea
2252 4359 2608 4429 percepisset,
2643 4362 2699 4412 et
2728 4356 2930 4412 liberos
2975 4366 3159 4407 mares
3199 4348 3489 4404 duodecim
3534 4361 3638 4400 nu-

358 4454 572 4509 παεδων
610 4453 760 4525 αὐτῷ
811 4454 903 4507 τὸν
953 4453 1184 4526 ἀριθμὸν
1230 4455 1643 4526 γεγεννημένων
1688 4454 1915 4508 δεκαδύο
1932 4494 1947 4517 ,

2056 4469 2211 4510 mero
2249 4455 2553 4525 genuisset,
2606 4449 2867 4504 omnibus
2906 4445 3019 4501 illis
3068 4450 3325 4498 extremo
3357 4455 3459 4495 suo
3505 4445 3639 4492 tem-

359 4543 502 4615 πρὸς
524 4546 593 4616 τῇ
615 4544 840 4616 τελευτῇ
871 4542 1210 4614 συγκαλέσας
1231 4546 1358 4608 τοὺς
1390 4545 1621 4610 πάντας,
1663 4545 1951 4616 περιεσκό-

357 4653 477 4700 πει,
502 4635 565 4702 ἐξ
606 4637 794 4691 ὁποίου
821 4637 929 4709 ἄρα
975 4637 1152 4690 αὐτῶν
1189 4639 1290 4708 τῆς
1327 4637 1575 4709 διαδοχῆς
1609 4638 1679 4692 τὰ
1725 4637 1833 4693 τῶν
1856 4638 1950 4691 τοῦ

358 4729 498 4783 Θεοῦ
537 4730 895 4802 προρρήσεων
924 4728 1015 4782 ἐπὶ
1046 4729 1199 4794 τέλος
1238 4728 1376 4801 ἥξει.
1408 4726 1524 4783 Εἶτ’
1562 4729 1769 4794 ἐπιθεὶς
1807 4733 1954 4802 τρισὶ

363 4823 467 4893 μὲν
495 4824 608 4885 τοῖς
647 4821 882 4893 πρώτοις
927 4819 1077 4893 αὐτῷ
1122 4821 1439 4891 γενομένοις
1484 4822 1670 4877 παισὶν
1702 4821 1955 4893 ἐλέγχους

278 4957 283 4961 .
359 4909 439 4969 ὧν
463 4914 913 4987 ἐπλημμέλησαν,
936 4914 1185 4987 ἐπιφέρει
1208 4915 1493 4978 διδάσκων,
1527 4916 1610 4969 ὅτι
1640 4914 1750 4969 τῶν
1770 4915 1954 4969 τετολ-

364 5007 629 5078 μημένων
656 5008 840 5071 αὐτοῖς
877 5006 1042 5061 ἕνεκα
1068 5009 1130 5061 ού
1171 5007 1239 5061 δι’
1265 5008 1442 5062 αὐτῶν
1466 5007 1951 5081 ἑκπληρωθήσεται

358 5100 430 5154 τὰ
451 5083 561 5151 τῶν
580 5100 935 5173 προρρήσεων
957 5099 1371 5171 ἀποτελέσματα
1392 5117 1407 5133 ·
1438 5100 1532 5153 ἐπὶ
1557 5100 1613 5153 δὲ
1633 5101 1726 5154 τὸν
1764 5101 1953 5174 τέταρ-

357 5208 454 5244 τον
478 5190 650 5245 ἐλθὼν
672 5192 766 5245 τὸν
795 5191 1013 5256 Ἰούδαν,
1040 5191 1177 5263 ὁμοῦ
1217 5193 1307 5246 τὸν
1339 5194 1589 5265 φήσαντα
1627 5192 1777 5264 αὐτῷ
1817 5211 1953 5266 χρη-

361 5283 524 5356 σμὸν,
551 5302 570 5335 ι
612 5284 860 5349 Βασιλεῖς
895 5286 959 5337 ὲκ
977 5286 1073 5357 τῆς
1085 5283 1285 5355 ὀσφύος
1302 5285 1465 5340 αὐτοῦ
1496 5286 1886 5351 ἐξελεύσονται,
1923 5308 1943 5340 ι

358 5377 448 5431 διὰ
487 5376 590 5446 τῆς
631 5376 821 5431 τούτου
869 5378 1118 5451 διαδοχῆς
1150 5379 1303 5444 τέλος
1351 5379 1614 5449 λήψεσθαι
1664 5379 1943 5445 θεσπίζειο

358 5469 631 5542 πρόδηλον
655 5471 766 5543 γὰρ
810 5472 886 5535 ὡς
931 5473 994 5526 ἐκ
1021 5472 1120 5544 τῆς
1153 5472 1321 5526 ’ἰούδα
1358 5472 1529 5544 φυλῆς
1564 5472 1627 5527 τὸ
1669 5473 1946 5545 βασιλικὸν

428 5668 475 5701 ’⁸
513 5667 652 5725 Gen.
690 5685 854 5728 XLIX.
896 5670 946 5723 Ι.
1055 5671 1098 5702 ¹⁹
1141 5672 1270 5727 ibid.
1308 5672 1461 5725 8-H).

359 5756 556 5804 xxvru,
587 5741 676 5795 13.
732 5741 800 5814 εδδ
837 5739 967 5796 ibid.
1011 5740 1090 5795 1-1.
1171 5743 1213 5775 ³⁵
1256 5743 1390 5798 Gen.
1430 5759 1604 5801 sxw.
1646 5746 1732 5801 ll.

1568 5672 1615 5704 ³⁸
1656 5673 1790 5731 Gen.
1832 5691 1940 5743 xxi,
1976 5677 2028 5732 5.

2054 4564 2187 4620 pore
2212 4547 2553 4609 convocatis,
2586 4540 3090 4612 circumspiciebat,
3119 4538 3186 4593 de
3214 4533 3375 4605 cujus
3416 4532 3634 4586 illorum

2054 4641 2442 4713 propagatione
2462 4638 2647 4692 divina
2685 4633 2911 4688 oracula
2941 4630 3102 4685 ﬁnem
3134 4642 3294 4685 suum
3325 4634 3509 4681 essent
3546 4637 3639 4676 ac-

2059 4747 2314 4805 ceptura;
2347 4730 2544 4787 deinde
2574 4743 2699 4784 cum
2733 4727 2912 4781 tribus
2942 4722 3135 4795 primis
3159 4720 3391 4776 crimina
3415 4718 3635 4789 pr0pria

2057 4827 2374 4898 objecisset,
2409 4824 2599 4880 docuit
2628 4822 2888 4892 deinceps
2920 4813 3382 4889 quemadmodum
3414 4816 3636 4881 propter

2060 4920 2289 4984 scelera,
2325 4933 2446 4989 quae
2483 4917 2589 4988 ipsi
2637 4914 2759 4971 ausi
2793 4912 3033 4973 fuerant,
3075 4922 3186 4962 non
3220 4907 3274 4960 in
3317 4904 3454 4974 ipsis
3483 4916 3636 4957 com-

2057 5013 2254 5083 plenda
2307 5018 2512 5076 essent,
2552 5025 2674 5079 quae
2726 5025 2781 5063 tn
2826 5005 3100 5076 prioribus
3154 4998 3394 5055 oraculis
3440 5001 3633 5052 eventa

2056 5102 2496 5158 continebantur.
2540 5102 2677 5156 Cum
2727 5106 2907 5152 autem
2958 5094 3197 5149 venisset
3245 5089 3313 5144 ad
3351 5095 3632 5158 quartum,

2055 5194 2149 5264 qui
2173 5190 2345 5249 ludas
2376 5192 2501 5259 fuit,
2528 5199 2639 5245 tum
2675 5204 2807 5243 vero
2835 5184 3121 5241 oraculum
3167 5180 3312 5252 quod
3352 5178 3455 5250 ipsi
3499 5177 3630 5233 olim

2054 5301 2379 5357 responsum
2406 5286 2633 5349 fuerat,«
2669 5282 2843 5352 Reges
2857 5280 2924 5336 de
2954 5277 3156 5332 lumbis
3187 5274 3310 5346 ejus
3333 5269 3623 5343 egredien-

2053 5386 2166 5443 tur,
2198 5398 2217 5430 ι
2249 5395 2316 5434 ex
2346 5377 2511 5447 hujus
2533 5375 2856 5446 posteritate
2888 5385 3049 5426 sumn
3078 5368 3238 5424 ﬁnem
3271 5372 3627 5435 accepturum

2053 5471 2372 5543 planissime
2420 5469 2657 5527 cecinit:
2704 5474 2925 5522 constat
2972 5463 3122 5519 enim
3167 5455 3629 5532 quemadmodum

2138 5676 2176 5707 ³⁸
2221 5673 2355 5729 Gen.
2392 5689 2560 5739 xvm,
2618 5672 2701 5728 18.
2811 5671 2853 5704 ³¹
2895 5671 3030 5727 Gen.
3072 5682 3231 5733 τινι,
3268 5664 3322 5720 6.
3399 5661 3445 5696 ⁸³
3482 5657 3621 5716 Gen.
