4106 6420
535 333 643 391 575
1209 333 1479 390 EUSEBII
1517 332 2001 392 CAESARIENSIS
2027 333 2179 391 OPP.
2224 333 2405 423 PAR?
2443 331 2505 391 II.
2526 335 3118 394 —APOLOGETICA.
3695 333 3815 393 576

534 450 605 506 de
636 449 782 505 tribu
812 447 951 503 Iuda
980 447 1193 519 regium
1221 451 1396 519 genus
1425 451 1719 511 exstiterit,
1750 460 1804 505 et
1829 450 1992 506 simul
2025 448 2119 504 Dei
2148 499 2155 512 ι

2224 448 2454 520 συνέστη
2489 449 2678 518 γένος’
2720 450 2855 522 ὁμοῦ
2901 449 3128 514 καὶτὰς
3153 448 3248 504 τοῦ
3291 447 3427 503 Θεοῦ
3470 449 3815 522 προρρήσεις

538 555 798 611 responsa
854 541 1209 611 gentiumque
1259 542 1531 611 promissa
1590 544 1793 614 quibus
1850 544 2120 597 instarent

2222 540 2315 593 καὶ
2340 539 2438 604 τὰς
2463 541 2573 594 τῶν
2599 540 2766 596 ἐθνῶν
2784 542 3126 614 ὑποσχέσεις,
3149 540 3272 595 καθ’
3286 540 3504 605 ὁποίους
3525 542 3817 612 ἐνστήσον-

536 633 895 703 temporibus,
922 633 1179 688 ostendit.
1215 633 1394 704 Atq‘ue
1419 650 1487 689 ex
1520 650 1585 690 eo
1623 614 1966 705 proditurum
1998 650 2120 690 esse

2220 647 2310 683 ται
2339 631 2565 703 χρόνους
2599 631 2945 704 παρίστησιν,
2989 630 3050 697 ἐξ
3075 632 3241 686 αὑτοῦ
3279 648 3339 684 τε
3379 628 3813 702 προελεύσεσθαι

534 724 723 779 docuit
747 740 893 791 eum,
930 726 1024 796 qui
1057 734 1203 781 esset
1236 727 1490 782 omnibus
1514 729 1770 797 gentibus
1797 728 2121 798 cunctisque

2219 722 2458 778 διδάσκει
2478 723 2570 777 τὸν
2602 724 2861 795 μέλλοντα
2882 725 3051 779 αἴτιον
3074 723 3508 796 καταστήσεσθαι
3532 725 3666 777 πᾶσι
3689 725 3814 787 τοῖς

536 816 790 872 tribubus
817 827 977 872 terra:
1006 818 1203 873 similis
1250 819 1355 887 ipsi
1401 819 1677 873 Abraham
1720 820 2120 875 benedictionis

2220 814 2418 880 ἔθνεσι,
2447 817 2542 870 καὶ
2591 816 2792 881 πάσαις
2828 820 2946 882 ταῖς
2975 817 3168 887 φυλαῖς
3203 818 3303 888 τῆς
3346 817 3450 888 γῆς
3485 816 3584 887 τῆς
3617 832 3814 887 παρα-

535 920 732 963 auctnr
775 908 1019 967 futurus.
1052 909 1179 965 Ilaec
1221 911 1390 981 igitur
1433 911 1691 966 universa
1732 911 1954 968 fuerunt
1999 928 2120 983 quae

2221 908 2454 979 πλησίας
2499 909 2578 979 τῷ
2622 909 2873 981 Ἀϐραὰμ
2920 910 3187 980 εὐλογίας.
3226 911 3413 965 Ταῦτα
3451 906 3544 965 οὗν
3586 911 3816 965 ἅπαντα

534 1000 638 1070 ipsi
673 998 816 1054 Inda
859 1003 1099 1069 reposita
1129 1009 1307 1067 erant,
1342 1016 1407 1056 ea
1451 1002 1703 1058 videlicet
1725 1019 1846 1074 quae
1894 1005 1960 1059 de
1985 1005 2118 1076 ipsis

2217 995 2286 1072 ῆν
2314 999 2380 1053 τὰ
2406 1001 2744 1072 ἀποκείμενα
2779 1000 2857 1072 τῷ
2892 1001 3081 1074 Ἰούδᾳ,
3108 1002 3307 1073 δηλαδὴ
3351 1003 3421 1056 τὰ
3452 1002 3619 1057 πάλαι
3665 1018 3815 1075 προ-

533 1093 789 1163 gentibus
819 1094 949 1146 olim
996 1108 1259 1163 respousa
1305 1092 1523 1148 fuerant
1552 1113 1565 1149 :
1592 1102 1647 1149 et
1689 1095 1848 1158 illud,
1888 1115 1907 1148 ι
1944 1096 2117 1167 Reges

2219 1089 2578 1144 θεσπισθέντα
2610 1090 2737 1163 περὶ
2778 1091 2882 1145 τῶν
2914 1090 3102 1156 ἐθνῶν,
3131 1092 3226 1147 καὶ
3271 1093 3351 1157 τὸ,
3383 1111 3402 1143 ι
3449 1092 3700 1155 Βασιλεῖς
3739 1094 3810 1145 ἐκ

532 1174 603 1239 de
633 1185 835 1240 lumbis
882 1185 993 1239 tuis
1040 1184 1408 1254 egrediantur,
1449 1204 1468 1237 ι
1509 1202 1682 1256 quare
1702 1188 1864 1243 etiam
1893 1188 2118 1258 reliquis

2217 1180 2318 1251 τῆς
2342 1183 2542 1251 ὀσφύος
2580 1199 2674 1235 σου
2702 1182 3092 1247 ἐξελεύσονται·
3125 1204 3143 1235 ι
3175 1184 3256 1237 διὸ
3301 1185 3394 1239 καὶ
3441 1184 3550 1239 τῶν
3592 1183 3806 1237 λοιπιῖιν

536 1274 800 1332 fratribus
856 1278 1203 1346 antepositus
1258 1279 1465 1349 regiam
1532 1280 1741 1350 ipsam,
1796 1281 2118 1351 caztcrisque

2217 1272 2459 1342 ἀδελφῶν
2505 1273 2817 1345 προκριθεὶς
2846 1275 3129 1346 βασιλικῆς
3173 1275 3346 1346 φυλῆς
3375 1278 3469 1330 καὶ
3497 1277 3806 1349 διαπρεπε-

533 1368 886 1424 illustriorem
926 1370 1127 1424 tribum
1159 1371 1388 1427 sortitus
1435 1380 1541 1427 est.
1586 1372 1863 1428 Continuo
1886 1374 2030 1429 enim
2063 1378 2114 1429 in

2220 1364 2419 1434 στέρας
2468 1365 2619 1434 παρὰ
2664 1365 2763 1430 τὰς
2794 1366 2984 1431 λοιπὰς
3028 1366 3255 1437 ἠξιώθη.
3307 1367 3514 1420 Αὐτίκα
3552 1366 3646 1420 ἐπὶ
3695 1367 3805 1438 τῆς

533 1462 707 1517 tutius
738 1462 924 1532 populi
968 1463 1319 1517 ordinatione
1353 1464 1528 1531 ipsius
1566 1463 1734 1520 Mosis
1776 1466 2116 1536 temporibus

2216 1452 2507 1520 διατάξεως
2536 1455 2629 1509 τοῦ
2651 1458 2851 1521 παντὸς
2888 1456 3018 1511 λαοῦ
3035 1518 3038 1522 Α
3053 1458 3194 1511 κατὰ
3216 1459 3341 1521 τοὺς
3363 1459 3641 1522 Μωῦσέως
3666 1458 3805 1529 χρό-

534 1550 762 1620 rcliquis
798 1552 1052 1607 tribubus
1088 1552 1228 1606 lianc
1259 1568 1491 1622 praeesse
1515 1553 1746 1623 imperat
1770 1553 1931 1610 Deus.
1971 1555 2118 1610 Scri-

2218 1562 2340 1609 νους
2360 1547 2608 1617 ἡγεῖσθαι
2634 1549 2836 1619 ταύτην
2856 1552 2885 1603 ὁ
2907 1549 3039 1614 Θεὸς
3067 1549 3174 1603 τῶν
3196 1549 3397 1604 λοιπῶν
3429 1550 3607 1620 φυλῶν
3628 1568 3806 1623 προσ-

533 1648 684 1710 ptum
710 1652 794 1696 est
830 1641 997 1707 enim,
1033 1661 1051 1693 ι
1087 1641 1149 1695 Ει
1176 1643 1391 1698 locutus
1417 1652 1501 1698 est
1527 1642 1790 1700 Dominus
1821 1644 1888 1699 ad
1914 1645 2115 1702 Mosem

2217 1639 2420 1694 τάττει.
2458 1639 2774 1712 Γέγραπται
2804 1640 2934 1714 γάρ·
2977 1661 2996 1693 ι
3033 1644 3142 1696 Kal
3163 1643 3391 1715 ἐλάλησε
3424 1643 3628 1717 Κύριος
3666 1645 3812 1715 πρὸς

530 1740 587 1787 et
612 1732 794 1787 Aaron
827 1734 1020 1789 dii-ens
1049 1752 1062 1787 :
1097 1735 1306 1805 Singuli
1337 1751 1432 1805 per
1464 1744 1695 1802 turmas,
1731 1738 1910 1808 signa,
1951 1748 2114 1810 atque

2220 1733 2459 1805 Μωῦσῆν
2510 1735 2603 1787 καὶ
2669 1734 2900 1807 Ἀαρὼν,
2953 1734 3155 1805 λέγων·
3208 1735 3493 1807 ἄνθρωπος
3543 1736 3810 1807 ἐχόμενος

534 1825 729 1879 vexilla
767 1834 819 1880 et
860 1825 1056 1880 domus
1093 1827 1480 1897 cognationum
1528 1845 1774 1894 suarum,
1820 1800 2155 1887 castrame-1

2221 1824 2364 1879 κατὰ
2392 1826 2648 1896 τάγματα
2673 1827 2861 1889 αὑτοῦ,
2890 1826 3033 1881 κατὰ
3059 1828 3320 1899 σημαίας.
3352 1828 3471 1882 κατ’
3492 1829 3677 1892 οἴκους
3699 1843 3812 1881 πα.-

531 1926 717 1973 teutur
746 1918 838 1972 ﬁlii
886 1916 1050 1974 Israel
1086 1920 1136 1972 in
1186 1930 1482 1991 conspectu
1538 1924 1749 1977 Domini
1793 1940 1890 1994 per
1924 1941 2117 1997 gyrum

2219 1916 2387 1988 τριῶν
2407 1916 2588 1970 αὐτῶν
2616 1918 3116 1989 παρεμϐαλὰωσαν
3145 1921 3194 1973 οί
3228 1920 3335 1973 υἱοὶ
3380 1919 3596 1991 Ἰσραὴλ
3622 1919 3811 1973 ἔναντι

532 2010 872 2066 tabernaculi
911 2012 1236 2079 testimonii,
1269 2024 1325 2069 et
1372 2025 1824 2072 castrametantes
1859 2019 2020 2088 primi
2051 2018 2118 2073 ad

2221 2007 2450 2078 Κυρίου,
2483 2006 2667 2077 κύκλῳ
2712 2008 2811 2077 τῆς
2858 2008 3064 2078 σκηνῆς
3093 2008 3188 2061 τοῦ
3238 2008 3561 2079 μαρτυρίου,
3614 2009 3713 2062 καὶ
3755 2010 3810 2062 οἱ

533 2105 827 2167 orientem,
860 2103 1009 2158 acies
1056 2113 1363 2161 castrorum
1397 2106 1627 2161 ﬁliorum
1671 2107 1833 2171 Iuda,
1867 2125 1991 2164 cum
2019 2125 2117 2164 co-

2220 2097 2693 2170 παρεμϐάλλοντες
2724 2099 2932 2170 πρῶτοι
2964 2100 3106 2156 κατὰ
3133 2100 3416 2164 ἀνατολὰς,
3445 2101 3635 2172 τάγμα
3663 2118 3811 2173 παρ-

530 2194 636 2264 piis
671 2195 876 2249 suis“.
914 2214 933 2247 ι
967 2196 1045 2250 Ac
1079 2196 1339 2267 deinceps
1376 2198 1429 2252 in
1461 2198 1529 2253 iis
1562 2215 1684 2269 quae
1713 2200 1781 2253 ad
1810 2200 2118 2256 innovatio-

2217 2190 2455 2261 εμϐολῆς
2499 2189 2633 2245 υἱῶν
2683 2190 2886 2253 Ἰούδα,
2944 2193 3041 2245 σὺν
3094 2192 3320 2264 δυνάμει
3367 2193 3566 2247 αὐτῶν.
3624 2211 3644 2245 ι
3691 2194 3807 2246 Kal

528 2301 655 2339 nem
705 2288 1043 2341 tabernaculi
1100 2288 1454 2345 referuntur:
1487 2310 1505 2343 ι
1542 2291 1687 2346 Dixit
1737 2290 2000 2350 Dominus
2048 2294 2115 2349 ad

2217 2280 2345 2352 ἑξῆς
2375 2282 2467 2334 ἐπὶ
2489 2280 2594 2334 τῶν
2612 2283 2692 2345 είς
2720 2282 2810 2335 τὸν
2836 2284 3189 2355 ἐγκαινισμὸν
3220 2284 3321 2355 τῆς
3366 2284 3570 2355 σκηνῆς
3601 2285 3812 2354 ἀναφε-

528 2373 732 2432 Mosem
760 2397 773 2433 :
798 2376 1062 2449 Princeps
1089 2395 1229 2435 unus
1247 2396 1341 2450 per
1365 2381 1612 2453 singulos
1639 2382 1758 2440 dies
1787 2383 1973 2441 olIeret
1995 2400 2118 2439 mu-

2220 2373 2464 2446 ρομένων
2488 2391 2502 2404 ·
2538 2392 2557 2425 ι
2599 2370 2735 2428 Εῐπε
2764 2374 2968 2447 Κύριος
3012 2376 3151 2447 πρὸς
3191 2377 3463 2446 ΜωῡσῆΨ
3504 2377 3690 2449 ἄρχων
3724 2372 3810 2443 εἷς

525 2484 657 2525 nera
680 2484 778 2524 sua
810 2488 826 2538 ;
856 2478 910 2526 et
944 2470 1046 2525 fuit
1078 2471 1316 2527 oﬂ’ercns
1353 2474 1531 2543 primo
1561 2475 1648 2531 die
1696 2492 1897 2531 munus
1927 2493 2112 2542 suum,

2216 2466 2338 2521 καθ’
2382 2468 2595 2540 ἡμέραν
2650 2469 3000 2539 προσοίσουσι
3055 2469 3125 2522 τὰ
3173 2468 3323 2543 δῶρα
3366 2470 3566 2524 αὐτῶν.
3602 2471 3714 2525 Ka‘t
3736 2466 3808 2543 ῆν

523 2561 770 2619 Naassou
808 2562 949 2620 ﬁlius
990 2564 1314 2631 Aminadab,
1356 2565 1958 2639 princepstribuslnda
1980 2571 2046 2626 ⁸⁷.
2089 2588 2109 2623 ι

2215 2560 2588 2632 ὁπροσφέρων
2634 2563 2700 2631 τῇ
2746 2560 2930 2633 ἡμέρᾳ.
2956 2564 3022 2633 τῇ
3069 2559 3263 2635 πρώτῃ
3309 2563 3371 2617 τὸ
3395 2562 3569 2635 δῶρον
3610 2563 3805 2629 αὑτοῦ,

523 2653 692 2727 368
728 2653 795 2708 Et
830 2655 885 2709 in
920 2656 1060 2711 libro
1088 2655 1218 2712 Iesu
1256 2658 1402 2714 Nave
1451 2673 1577 2713 cum
1616 2667 1763 2715 terra
1794 2661 2116 2730 promissio-

2215 2648 2484 2705 Ναασσὼν
2514 2651 2630 2715 υἱὸς
2666 2652 2981 2722 Ἀμιναδάϐ,
3012 2652 3195 2727 ἅρχων
3218 2654 3317 2724 τῆς
3348 2653 3521 2725 φυλῆς
3554 2654 3746 2710 Ἰούδα.
3781 2676 3801 2709 ι

524 2746 614 2800 nis
657 2752 805 2801 sorte
858 2745 1072 2800 caeteris
1124 2746 1379 2802 tribubus
1432 2747 1725 2803 distributa
1780 2758 1949 2813 esset,
1996 2752 2115 2806 sine

2214 2740 2323 2793 Kal
2349 2742 2407 2793 ἐν
2437 2742 2502 2811 τῇ
2557 2739 2723 2812 βίϐλῳ
2758 2740 2817 2795 δὲ
2858 2740 2951 2794 τοῦ
2999 2741 3173 2812 Ἰησοῦ
3224 2741 3319 2795 τοῦ
3352 2742 3507 2814 Ναυῆ
3557 2743 3656 2815 τῆς
3698 2744 3808 2817 γῆς

523 2843 674 2891 sorte
689 2836 1046 2908 omniumque
1073 2840 1247 2909 prima
1274 2841 1452 2895 tribus
1476 2839 1616 2896 Juda
1649 2844 1925 2913 propriam
1955 2851 2115 2900 terra

2212 2830 2310 2902 τῆς
2337 2830 2672 2900 ἐπαγγελίας
2698 2832 2887 2904 κλήρῳ
2924 2835 3066 2888 κατὰ
3098 2834 3206 2888 τῶν
3241 2835 3440 2889 λοιπῶν
3472 2838 3655 2908 φυλῶν
3678 2838 3806 2895 δια-

522 2937 735 2999 partem
770 2930 1003 2999 accepit.
1039 2928 1145 2985 Sed
1175 2932 1339 2986 etiam
1372 2939 1496 3002 post
1526 2942 1758 2988 mortem
1787 2933 1917 2990 Jesu
1952 2950 2116 3006 roga-

2212 2924 2577 2996 νεμηθείσης,
2633 2924 2913 2998 ἀκληρωτὶ
2971 2926 3067 2980 καὶ
3126 2925 3317 2981 πασῶν
3367 2927 3555 3000 πρώτη
3614 2931 3649 3001 ἡ
3702 2930 3804 2985 τοῦ

521 3025 721 3072 verunt
752 3016 847 3072 lilii
878 3017 1043 3073 Israel
1068 3020 1121 3073 in
1145 3019 1372 3075 Domino
1395 3021 1643 3077 dicentes
1672 3041 1686 3077 :
1710 3042 1729 3074 ι
1761 3023 1896 3091 Quis
1920 3040 2115 3081 ascen-

2226 3016 2392 3071 Ἰούδα
2442 3017 2582 3090 φυλὴ
2620 3017 2681 3070 τὸ
2707 3020 2907 3072 οἰκεῖον
2937 3017 3101 3090 μέρος
3132 3018 3233 3089 τῆς
3258 3018 3365 3089 γῆς
3401 3020 3799 3093 ἀπολαμϐάνει.

522 3113 616 3165 det
648 3118 776 3165 ante
820 3125 923 3165 nos
957 3122 1150 3166 contra
1191 3111 1585 3178 Cliananteum,
1616 3124 1669 3169 et
1710 3116 1815 3171 erit
1841 3116 1952 3173 dux
1984 3118 2109 3173 belli
2138 3164 2143 3199 γ

2228 3108 2386 3163 Ἀλλὰ
2426 3110 2519 3163 καὶ
2556 3108 2694 3181 μετὰ
2737 3109 2838 3181 τὴν
2886 3106 3144 3183 τελευτὴν
3185 3111 3360 3182 Ἰησοῦ
3403 3112 3703 3184 ἐπηρώτων
3751 3118 3803 3169 οἱ

523 3202 579 3255 iu
608 3202 772 3257 eum?
804 3201 871 3255 Et
903 3202 1046 3257 dixit
1090 3202 1376 3266 Dominus,
1424 3202 1595 3261 Judas
1642 3207 1939 3263 ascendet:
1981 3223 2111 3265 ecce

2214 3202 2319 3256 uiol
2364 3201 2578 3274 Ἰσραὴλ
2618 3203 2675 3254 ἐν
2706 3203 2918 3274 Κυρίῳ,
2959 3202 3209 3271 λέγοντες
3231 3220 3244 3233 ·
3286 3222 3306 3255 ι
3339 3205 3435 3268 Τίς
3468 3204 3806 3277 ἀναϐήσεται

522 3294 648 3349 dedi
696 3303 900 3349 terram
952 3295 1007 3349 in
1041 3311 1235 3351 manus
1261 3297 1382 3365 ejus
1405 3297 1470 3353 ³⁸.
1508 3317 1526 3350 i
1564 3297 1731 3354 Plane
1762 3299 1928 3370 igitur
1961 3303 2107 3355 omni

2212 3295 2343 3365 ἡμῖν
2372 3294 2509 3368 πρὸς
2533 3294 2624 3348 τδν
2658 3293 2983 3362 Καναναῖον,
3023 3295 3402 3368 ἀφηγούμενος
3437 3298 3530 3351 τού
3562 3298 3810 3371 πολεμῆ-

521 3386 690 3441 Israel
726 3401 962 3456 praeesse
997 3386 1201 3441 tribum
1252 3386 1392 3443 Iuda
1424 3387 1566 3445 Deus
1606 3390 1662 3443 in
1694 3389 1780 3444 bis
1811 3390 1996 3446 verbis
2019 3391 2111 3462 ju-

2213 3403 2301 3439 σαι
2352 3386 2413 3439 ἐν
2476 3385 2665 3458 αύτῷς
2716 3387 2828 3439 Kal
2875 3382 2995 3439 εἶπε
3038 3386 3239 3460 Κύριος
3271 3404 3284 3418 ·
3353 3388 3551 3454 Ἰούδας
3599 3390 3806 3463 ἀναϐη-

521 3477 634 3535 bet.
663 3479 935 3544 Quocirca
964 3479 1226 3555 deinceps
1255 3482 1521 3550 scriptum
1548 3488 1634 3535 cst
1668 3498 1681 3533 :
1716 3500 1735 3534 ι
1768 3482 1832 3537 Et
1862 3485 2111 3539 ascendit

2212 3493 2380 3531 σεται.
2428 3477 2559 3530 Ἰδοὺ
2608 3478 2815 3532 δέδωκα
2856 3479 2957 3550 τὴν
3011 3480 3113 3550 γῆν
3168 3481 3250 3544 είς
3304 3484 3494 3552 χεῖρας
3540 3480 3732 3535 αὑτοῦ.
3778 3500 3800 3533 ι

520 3568 716 3636 Iudas,
748 3579 801 3625 et
832 3570 1059 3625 tradidit
1110 3570 1374 3626 Dominus
1405 3571 1774 3627 Cbananmum
1816 3583 1870 3629 et
1908 3573 2111 3631 Phere-

2211 3569 2407 3639 Σαφῶς
2466 3564 2561 3623 οὖν
2610 3568 2702 3622 τοῦ
2748 3572 2950 3634 παντὸς
2998 3570 3213 3643 Ἰσραὴλ
3250 3571 3501 3643 ⁴ἡγεῖσθαι
3551 3573 3651 3645 τὴν
3704 3572 3804 3628 τοῦ

524 3678 697 3716 meum
730 3663 783 3716 in
811 3678 1036 3717 manum
1065 3663 1264 3732 ejus“.
1298 3683 1316 3716 ι
1355 3663 1422 3718 Et
1444 3680 1677 3721 rursus:
1714 3684 1733 3717 ι
1771 3664 1838 3719 Et
1872 3666 2105 3722 bellare-

2224 3662 2390 3716 Ἰούδα
2417 3662 2589 3734 φυλὴν
2615 3665 2644 3716 ὁ
2684 3662 2817 3726 Θεὸς
2854 3662 2941 3716 διά
2987 3663 3188 3717 τούτων
3240 3666 3601 3736 προστάττει·
3669 3665 3794 3719 ὅθεν

522 3762 652 3810 rui'it
690 3754 782 3810 ﬁlii
828 3754 968 3810 Iuda
999 3757 1052 3812 in
1091 3756 1431 3820 Jerusalem.
1482 3766 1537 3813 et
1575 3759 2108 3830 comprehenderunt

2210 3756 2338 3827 ἐξῆς
2371 3756 2679 3828 γέγραπται
2707 3771 2720 3785 ο
2757 3774 2776 3806 ι
2805 3755 2914 3809 Kal
2939 3755 3108 3826 ἀνέϐη
3150 3755 3372 3820 Ἰούδας,
3397 3757 3492 3810 καὶ
3515 3758 3803 3829 παρέδωκε

518 3862 663 3912 eam,
693 3856 747 3902 et
779 3848 1183 3904 descenderunt
1214 3850 1307 3904 ﬁlii
1331 3850 1472 3905 Juda
1500 3852 1555 3906 in
1586 3851 1957 3908 Cliananzeum
1980 3853 2048 3908 ⁸ο.
2082 3874 2101 3906 i

2209 3848 2412 3920 Κύριος
2431 3848 2522 3901 τὸν
2550 3848 2851 3901 Χαναναῖον
2878 3848 2971 3901 καὶ
2998 3846 3089 3901 τὸν
3113 3846 3404 3919 Φερεζαὼν
3438 3850 3498 3903 ἐν
3522 3851 3668 3921 χειρὶ
3703 3851 3804 3903 αύ-

521 3939 590 3994 Et
638 3956 876 3996 rursus:
926 3961 944 3994 ι
993 3941 1056 3996 Et
1091 3944 1223 3997 abiit
1266 3942 1439 3999 Iudas
1489 3961 1613 3999 cum
1654 3943 1892 4018 Symcon
1938 3946 2107 4003 fratre

2207 3938 2321 3994 τοῖν
2360 3958 2378 3991 ι
2427 3940 2521 3993 καὶ
2566 3939 2747 3994 πάλινο
2788 3957 2809 3990 ι
2858 3940 2968 3992 Kal
3006 3939 3353 4012 ἐπολέμησαν
3390 3943 3439 3994 oi.
3482 3943 3586 3995 υἱοὶ
3622 3941 3801 3997 Ἰούδα

521 4050 623 4089 suo
646 4033 715 4088 ιι.
749 4053 766 4087 ι
799 4034 865 4089 Ει
894 4035 1155 4105 deinceps
1181 4054 1195 4091 :
1225 4061 1244 4088 ι
1282 4036 1345 4091 Et
1375 4037 1477 4092 fuit
1503 4037 1766 4096 Dominus
1789 4055 1911 4094 cum
1938 4039 2099 4105 Juda,

2207 4032 2264 4084 ἐν
2311 4030 2685 4102 Ἰερουσαλὴμ,
2736 4030 2829 4084 καὶ
2874 4030 3237 4085 κατελάϐοντο
3278 4033 3468 4104 αὐτὴν,
3503 4026 3598 4088 καὶ
3664 4051 3799 4090 κατι

516 4134 574 4180 et
602 4125 851 4196 possedit
871 4133 1109 4181 montem
1127 4126 1191 4180 ".
1215 4146 1233 4179 ι
1253 4128 1318 4183 Et
1341 4139 1463 4200 post
1486 4131 1603 4186 haec
1638 4148 1651 4184 :
1684 4150 1704 4183 ι
1735 4131 1800 4185 Ει
1837 4135 2104 4189 ascende-

2207 4123 2410 4196 έϐησαν
2459 4124 2568 4176 ulol
2613 4122 2805 4188 Ἰούδα,
2848 4122 3156 4194 πολεμῆσαι
3205 4126 3264 4177 ἐν
3308 4123 3387 4194 τῷ
3408 4126 3716 4198 Χαναναίῳ.
3770 4145 3793 4181 ι

519 4222 648 4270 runt
682 4216 777 4270 ﬁlii
816 4215 1020 4289 Ioseph
1064 4220 1168 4290 ipsi
1216 4236 1435 4292 quoque
1482 4223 1537 4277 in
1583 4222 1787 4279 Baitliel
1833 4233 1887 4281 et
1932 4224 2102 4283 Iudas

2205 4216 2316 4268 Kal
2371 4211 2552 4279 αὖθις·
2592 4232 2611 4265 ι
2648 4216 2756 4269 Kal
2806 4213 3077 4287 ἐπορεύθη
3124 4214 3324 4279 Ἰούδας
3386 4214 3528 4285 μετὰ
3570 4216 3795 4288 Συμεὼν

516 4322 640 4361 cum
669 4307 807 4377 ipsis
828 4307 894 4364 “.
935 4328 954 4361 ι
982 4309 1169 4382 Itaque
1199 4328 1323 4367 cum
1351 4315 1406 4368 in
1437 4314 1579 4371 libro
1606 4313 1884 4381 Iudicum,
1916 4318 2101 4374 diver-

2203 4311 2296 4365 τοῦ
2344 4308 2573 4380 ἀδελφοῦ
2622 4309 2806 4364 αὐτοῦ.
2871 4330 2888 4361 >
2941 4310 3050 4363 Kal
3098 4308 3255 4381 ἑξῆς
3303 4310 3413 4364 Καὶ
3467 4306 3536 4382 ἦν
3592 4312 3799 4381 Κύριος

516 4399 596 4454 sis
638 4402 982 4470 temporibus
1033 4402 1276 4475 (tametsi
1306 4405 1652 4462 diversarum
1701 4408 1946 4471 tribuum
1977 4426 2101 4466 esse

2207 4403 2347 4475 μετὰ
2375 4404 2563 4467 Ἰούδα,
2598 4404 2693 4457 καὶ
2737 4402 3144 4475 ἐκληρονόμησε
3178 4404 3239 4458 τὸ
3285 4403 3410 4474 ὅρος
3434 4419 3449 4436 ο
3493 4424 3511 4457 ι
3570 4406 3665 4460 καὶ
3700 4423 3798 4478 με-

513 4488 881 4560 τὶάθὺοιιιιιν),
902 4492 1118 4560 judices
1148 4495 1347 4564 populo
1371 4505 1692 4565 prmessent,
1719 4498 1895 4553 tribus
1915 4507 2097 4556 tamen

2172 4496 2270 4550 ,τὰ
2298 4497 2502 4551 ταῦτα·
2543 4516 2561 4547 ‹
2592 4498 2700 4549 Kal
2731 4496 3001 4567 ἀνέϐησαν
3066 4497 3118 4550 οί
3163 4498 3269 4550 υἱοι
3313 4497 3544 4567 Ἰωσὴφ,
3593 4499 3687 4552 καί
3732 4517 3793 4569 γε

512 4577 653 4636 .‘uda
690 4581 745 4635 in
778 4584 1094 4639 universum
1136 4588 1303 4642 totius
1334 4590 1511 4658 gentis
1539 4588 1650 4642 dux
1677 4597 1797 4645 erat
1822 4606 1839 4642 :
1866 4592 2101 4661 idipsum

2209 4591 2361 4643 αὐτοὶ
2408 4591 2466 4643 ἐν
2507 4588 2729 4661 Βαιθὴλ,
2777 4590 2871 4642 καὶ
2922 4588 3121 4651 Ἰούδας
3151 4589 3264 4657 μετ²
3310 4589 3506 4643 αὐτῶν.
3546 4609 3563 4640 ι
3603 4592 3713 4645 Kal
3737 4593 3795 4647 ἐν

514 4689 645 4727 vero
675 4676 1020 4745 temporibus
1058 4678 1226 4732 David
1254 4695 1753 4751 successurumque
1782 4682 1903 4751 ejus
1932 4685 2104 4740 multo

2206 4685 2272 4753 τῇ
2333 4680 2498 4752 βίϐλῳ
2536 4680 2593 4734 δὲ
2652 4680 2761 4735 τῶν
2808 4680 3025 4752 Κριτῶν
3070 4680 3340 4753 διαφόρων
3386 4683 3527 4736 κατὰ
3571 4682 3796 4756 χρόνους

515 4765 711 4834 magis,
737 4768 938 4837 quippe
971 4784 1095 4823 cum
1132 4770 1391 4839 plaue'de
1416 4772 1563 4825 tribu
1598 4770 1738 4826 Iuda
1776 4773 1852 4826 illi
1877 4776 2107 4831 exsiste-

2209 4773 2617 4846 προϊσταμένων
2648 4771 2744 4826 τοῦ
2784 4771 2935 4835 λαοῦ,
2972 4774 3020 4826 εί
3052 4774 3146 4827 καὶ
3174 4775 3240 4827 ἐκ
3276 4774 3547 4848 διαφόρων
3574 4776 3793 4831 ἐδόκουν

516 4865 660 4921 rent,
706 4865 762 4912 et
804 4873 1035 4930 regnum
1082 4878 1256 4932 usque
1312 4862 1378 4916 ad
1433 4862 1821 4935 Babylonicam
1860 4866 2103 4936 ipsorum

2207 4860 2347 4918 εἶναι
2379 4862 2562 4934 φυλῶν
2592 4866 2640 4918 oi
2669 4865 2875 4937 κριταὶ,
2898 4864 3047 4935 ὅμως
3075 4864 3133 4917 δὲ
3165 4865 3392 4919 καθόλου
3426 4868 3459 4938 ἡ
3487 4866 3581 4920 τοῦ
3622 4868 3790 4922 ’ἰούδα

516 4948 729 5002 cladem
772 4950 1152 5021 produxerim,
1190 4961 1314 5024 post
1347 4969 1511 5024 quam
1552 4954 1764 5010 cladem
1799 4956 1867 5011 iis
1906 4957 1999 5027 qui
2033 4957 2100 5012 de

2209 4956 2349 5029 φυλὴ
2381 4956 2476 5010 τοῦ
2508 4957 2708 5022 παντὸς
2739 4957 2925 5020 ἔθνους
2956 4959 3141 5027 ἡγεῖτο
3162 4974 3177 4987 ·
3209 4957 3387 5029 πολλῷ
3417 4958 3475 5011 δὲ
3511 4959 3670 5013 πλέον
3696 4962 3789 5015 ἐπὶ

514 5039 606 5092 illa
636 5043 901 5097 servitute
923 5043 979 5098 iu
1010 5044 1242 5115 patriam
1274 5055 1475 5100 terram
1494 5047 1701 5102 reversi
1730 5056 1879 5113 sunt,
1906 5064 2100 5106 rursus

2206 5051 2315 5105 τῶν
2346 5050 2554 5124 χρόνων
2585 5050 2681 5103 τοῦ
2714 5049 2898 5114 Δαϐὶδ,
2932 5050 3028 5103 καὶ
3059 5047 3168 5102 τῶν
3198 5048 3388 5105 τούτου
3420 5051 3699 5122 διαδόχων,
3722 5053 3790 5107 ἐκ

513 5131 735 5197 praefuit
765 5131 1090 5200 Zoroliabcl,
1142 5134 1404 5190 Salatliiel
1452 5134 1596 5191 ﬁlius
1636 5136 1703 5192 de
1748 5139 1893 5193 tribu
1932 5137 2095 5194 Iuda.

2206 5144 2379 5215 φυλῆς
2421 5143 2519 5216 μὲν
2548 5143 2643 5198 τοῦ
2684 5143 2856 5197 Ἰούδα
2904 5142 3223 5212 γεγονότων,
3262 5142 3425 5215 μέχρι
3473 5144 3531 5198 δέ
3560 5145 3663 5215 τῆς
3696 5128 3790 5211 ἐίς

513 5220 645 5276 Inde
690 5223 854 5277 etiam
900 5223 1187 5296 Scriptura
1217 5243 1340 5298 qua:
1386 5226 1844 5298 Paralipomenon
1873 5230 2096 5295 dicitur,

2205 5237 2502 5291 Βαϐυλῶνα
2528 5236 2904 5307 αἰχμαλωσίας
2929 5234 3028 5306 τὴν
3064 5233 3339 5304 βασιλείαν
3370 5236 3787 5305 διενεγκάντων,

512 5312 801 5370 duodecim
836 5318 1076 5371 tribuuzu
1118 5319 1285 5374 Israel
1313 5322 1511 5375 seriem
1546 5323 1763 5391 generis
1807 5338 2095 5389 enarratis,

2208 5328 2326 5400 μεθ’
2357 5331 2423 5401 ἢν
2449 5329 2558 5383 τῶν
2591 5329 2655 5381 ἐκ
2685 5328 2784 5398 τῆς
2804 5326 3180 5399 αἰχμαλωσίας
3212 5328 3304 5381 ἐπὶ
3334 5328 3434 5400 τὴν
3457 5329 3664 5384 οἰκείαν
3684 5330 3789 5402 γῆν

514 5407 585 5461 ab
609 5423 671 5461 ea
703 5424 827 5479 qua:
851 5418 935 5465 est
967 5411 1140 5480 ipsius
1167 5412 1307 5467 Iuda
1342 5412 1471 5469 fecit
1523 5414 1741 5468 initium
1775 5432 1788 5468 :
1822 5431 1952 5487 ergo
1978 5417 2097 5486 ipso

2205 5421 2533 5474 ἐπανιόντων
2560 5416 2716 5483 αὖθις
2737 5421 2952 5492 ἡγεῖται
2977 5417 3304 5491 Ζοροϐάϐελ,
3334 5422 3363 5474 ὁ
3392 5419 3487 5474 τοῦ
3517 5420 3788 5495 Σαλαθιὴλ

512 5497 707 5556 ordine
737 5503 989 5572 sequitur
1015 5511 1074 5558 ut
1112 5505 1274 5560 etiam
1328 5509 1725 5577 posterioribus
1758 5511 2099 5580 temporibus

2206 5515 2271 5566 ἐκ
2303 5512 2474 5582 φυλῆς
2521 5511 2708 5568 Ἰούδα,
2747 5513 2776 5564 ὁ
2807 5509 3015 5566 καὶτὸν
3035 5508 3173 5565 νεὼν
3207 5513 3445 5585 ἐγείρας.
3476 5513 3668 5567 Ἔνθεν
3689 5515 3789 5569 καὶ

513 5592 783 5655 fateamur
809 5597 1055 5654 eamdem
1090 5600 1292 5654 tribum
1316 5602 1543 5674 reliquis
1565 5604 1869 5675 praefuisse,
1902 5621 2099 5678 quam-

2209 5606 2384 5678 ἡτῶν
2420 5604 2910 5679 Παραλειπομένων
2959 5606 3168 5678 γραφὴ,
3216 5605 3318 5670 τὰς
3358 5605 3567 5661 δώδεκα
3613 5610 3787 5679 φυλὰς

582 5711 637 5794 εξ.
664 5710 836 5794 Nu");
868 5715 1138 5794 ιηξζξ.-
1201 5717 1261 5794 :7.
1288 5714 1449 5773 Num.
1492 5736 1589 5787 γλ,
1633 5722 1714 5789 11,
1759 5724 1837 5779 12.
1917 5724 1960 5758 ³⁸
1998 5723 2176 5782 Judic.

2165 5769 2176 5781 .
2232 5741 2281 5790 ι,
2320 5729 2369 5789 1,
2408 5726 2462 5780 2.
2541 5725 2580 5759 ³⁹
2620 5724 2730 5780 ibid
2782 5726 2835 5782 1,
2912 5727 2956 5759 ⁸⁸
2997 5725 3127 5782 ibid’.
3189 5724 3244 5792 3,
3276 5725 3326 5780 9.
3408 5726 3447 5759 “
3492 5726 3622 5781 ibid.
3694 5726 3781 5782 17.

512 5783 560 5816 δ’
602 5784 735 5841 ibid.
775 5785 860 5841 I9.
952 5790 997 5823 "
1025 5787 1161 5845 Ibid.
1197 5786 1285 5846 22.
