4106 6420
563 314 668 394 579

561 548 708 603 hunc
736 548 853 617 ipse
877 543 1048 601 Iudas
1090 560 1197 600 una
1242 538 1366 600 cum
1415 547 1645 617 reliquis
1690 546 1955 601 fratribus
2010 543 2144 599 ado-

560 652 718 694 rasse
744 636 1086 705 perhibetur,
1128 638 1348 693 tametsi
1380 636 1435 692 id
1466 638 1642 708 ipsum
1669 645 1794 692 ante
1827 637 1990 707 hujus
2014 652 2141 707 pru-

560 727 756 798 phetiae
776 729 946 783 verba
971 746 984 782 :
1010 728 1242 798 posthac
1280 728 1424 783 enim
1459 743 1527 782 ne
1556 728 1661 797 ipsi
1689 725 1912 797 quidem
1937 724 2137 796 Ioseph

560 819 670 873 tale
713 817 1014 888 quidquam
1058 817 1383 889 contigisse,
1429 832 1493 872 ac
1531 818 1703 871 multo
1748 816 1913 871 etiam
1954 816 2140 870 minus

560 905 666 975 ipsi
689 904 848 970 Iuda,
875 906 1104 963 historia
1124 906 1418 977 signiﬁcat.
1441 905 1506 961 Et
1533 906 1664 960 illud
1693 921 1706 957 :
1739 924 1759 957 ι
1794 905 2140 962 Recumbens

561 1005 743 1053 autem
770 997 1078 1053 dormivisti
1116 1006 1176 1052 ut
1204 999 1311 1062 leo,
1341 1004 1396 1053 et
1436 1004 1496 1052 ut
1536 998 1773 1061 catulus,
1819 1017 1837 1050 ι
1876 998 2138 1067 majorem

561 1104 696 1144 sane
745 1090 1110 1160 postulaverit
1151 1090 1701 1163 contemplationem,
1743 1104 1906 1160 quam
1958 1103 2024 1145 ea
2066 1089 2139 1144 sit

561 1195 683 1252 quae
703 1178 897 1235 Iudam
928 1181 1207 1252 respiciat.
1226 1179 1372 1247 Quin
1395 1180 1557 1236 etiam
1589 1180 1722 1235 illud
1740 1179 1886 1251 quod
1919 1188 2044 1252 post
2073 1195 2136 1235 ea

560 1273 769 1328 dictum
797 1280 882 1328 est
915 1288 930 1325 :
958 1290 978 1324 ι
1015 1272 1130 1326 Non
1156 1271 1372 1328 deﬁciet
1402 1272 1656 1342 princeps
1679 1270 1747 1326 de
1771 1268 1932 1335 Iuda,
1960 1285 2138 1340 neque

560 1366 671 1421 dux
700 1364 769 1419 de
801 1363 1101 1420 femoribus
1133 1364 1276 1433 ejus,
1315 1364 1490 1418 donec
1519 1362 1742 1418 veniant
1769 1377 1891 1434 quae
1916 1362 2021 1433 ipsi
2050 1377 2138 1418 re-

561 1457 740 1528 posita
768 1464 920 1521 sunt,
948 1465 1002 1511 et
1029 1455 1149 1526 ipse
1176 1455 1512 1526 exspectatio
1539 1454 1805 1526 gentium,
1839 1473 1857 1506 ι
1890 1461 2136 1524 tempora

560 1547 697 1601 mibi
739 1546 1051 1617 signiﬁcare
1081 1547 1294 1601 videtur
1321 1547 1463 1616 ejus,
1494 1546 1562 1601 de
1598 1561 1707 1615 quo
1740 1545 2025 1614 prophetia
2052 1544 2134 1599 lo-

559 1638 768 1710 quitur,
801 1636 1087 1691 adventus.
1122 1635 1235 1691 lloc
1256 1638 1428 1700 enim,
1448 1636 1646 1706 inquit,
1670 1652 1778 1690 non
1806 1634 1929 1699 erit,
1961 1634 2135 1690 donec

560 1729 695 1784 illud
717 1728 966 1795 eveniat;
998 1743 1173 1798 neque
1199 1729 1344 1783 enim
1377 1728 1533 1798 prius
1549 1726 1801 1782 desinent
1831 1726 1884 1780 in
1907 1724 2134 1782 Iudaica

1232 333 1501 391 EUSEBII
1530 333 2013 391 CIESARIENSIS
2050 333 2203 391 OPP.
2254 332 2435 389 PARS
2472 332 2539 390 ll.
2563 366 2633 377 -
2670 334 3176 394 APOLOGETICA.

465 515 477 529 κ
561 463 667 518 ret,
709 452 757 508 si
794 450 899 524 ipsi
950 451 1146 522 Ioseph
1197 452 1405 508 dictum
1456 463 1636 516 esset,
1683 450 2130 523 quandoquidem

2236 448 2434 520 ᾔνεσαν
2469 449 2521 503 oi
2571 450 2806 520 ἀδελφοί.
2838 452 2963 505 Ἐπὶ
3006 451 3144 522 ποίῳ
3192 450 3302 523 γὰρ
3334 452 3498 508 αὐτοῦ
3549 453 3874 527 κατορῢὼ-

3743 338 3879 397 580

2252 559 2383 612 ματι
2410 541 2567 595 τοῦτο
2594 541 2854 614 ἐποίησαν
2885 543 2987 608 ἂν;
3028 544 3146 598 οὐδὲ
3188 544 3294 615 μὴν
3330 546 3524 618 ἐκείνῳ
3560 544 3877 620 προσεκύ-

2248 647 2418 701 νησαν
2453 631 2503 684 οἱ
2535 631 2640 683 υίοὶ
2688 632 2784 685 τοῦ
2832 634 3057 705 πατρός.
3117 633 3337 688 Μᾶλλον
3367 634 3413 689 δ’
3464 636 3532 691 ἂν
3582 639 3612 690 6
3674 637 3873 704 λόγος

2246 721 2521 793 ἥρμοσεν,
2556 725 2604 776 εί
2648 722 2726 794 τῷ
2767 726 2964 797 Ἰωσὴφ
2997 725 3221 798 εἴρητο*
3268 727 3455 800 ἐπειδὴ
3496 728 3689 784 τοῦτον
3721 730 3871 800 ἅμα

2245 816 2358 877 τοῖς
2389 812 2594 879 λοιποῖς
2621 816 2867 887 ἀδελφοῖς
2894 818 2989 871 καὶ
3016 817 3178 882 αὐτὸς
3219 818 3418 884 Ἰούδας
3444 823 3875 893 προσκυνήσας

2247 908 2530 977 φαίνεται·
2559 908 2701 978 πλὴν
2722 908 2859 963 ἀλλά
2881 910 2989 981 πρὸ
3012 910 3120 964 τῶν
3142 910 3316 979 λόγων
3345 912 3444 984 τῆς
3470 913 3869 984 προφητείας.

2245 1000 2397 1054 Μετά
2430 999 2538 1071 γὰρ
2562 999 2784 1063 τούτους
2816 1000 2970 1055 οὐδέν
3006 1019 3060 1055 τι
3107 1002 3378 1067 τοιοῦτον,
3411 1003 3535 1058 οὐδὲ
3570 1005 3705 1076 περὶ
3752 1004 3872 1056 τὸν

2257 1090 2476 1163 Ἰωσὴφ,
2498 1093 2638 1163 ῆπου
2678 1108 2743 1161 γε
2770 1093 2899 1164 περὶ
2928 1093 3020 1147 τὸν
3051 1093 3251 1149 Ἰούδαν
3278 1112 3369 1165 vs]
3381 1096 3500 1161 ονδς
3536 1099 3570 1168 ἡ
3616 1096 3869 1169 impia

2245 1183 2558 1253 παρίστησι.
2573 1184 2683 1236 Καὶ
2710 1184 2792 1248 τὸ,
2813 1203 2831 1235 ι
2854 1183 3169 1240 ’Δναπεσὼν
3192 1186 3248 1240 δὲ
3269 1187 3571 1261 ἐκοιμήθης
3588 1189 3668 1253 ὡς
3694 1187 3868 1241 λέων

2243 1272 2338 1325 καὶ
2356 1272 2432 1336 ὡς
2451 1272 2711 1345 σκύμνος,
2740 1292 2757 1324 ι
2770 1274 3011 1344 μείζονος
3031 1274 3096 1329 ἀν
3110 1276 3329 1349 δὲοιτοῆ
3349 1278 3490 1333 κατά
3509 1285 3601 1333 τὸν
3625 1279 3867 1333 Ἰούδαν

2244 1363 2497 1437 θεωρίας.
2535 1364 2697 1420 Ἀλλά
2728 1366 2822 1420 καὶ
2851 1366 2914 1420 τὸ
2955 1367 3093 1439 μετά
3124 1367 3297 1423 ταῦτα
3324 1369 3645 1442 εἰρημένον·
3673 1388 3694 1422 ι
3719 1368 3866 1423 Οὐκ

2243 1455 2480 1525 ἐκλείψει
2530 1456 2714 1528 ἄρχων
2749 1458 2808 1525 ἐξ
2859 1459 3061 1524 Ἰούδα,
3109 1460 3232 1513 οὐδὲ
3274 1460 3578 1532 ἡγούμενος
3619 1462 3689 1513 ἐκ
3719 1458 3861 1512 τῶν

2246 1547 2435 1619 μηρῶν
2464 1548 2648 1613 αὐτοῦ,
2683 1550 2786 1614 ἕως
2810 1549 2876 1604 ἂν
2900 1550 3030 1626 ἔλθῃ
3058 1551 3129 1606 τά
3158 1553 3496 1624 ἀποκείμενα
3534 1552 3707 1624 αὐτῷ,
3737 1552 3858 1605 καὶ

2241 1637 2404 1701 αὐτὸς
2450 1639 2744 1710 προσδοκία
2778 1640 2974 1707 ἐθνῶν,
3007 1661 3026 1695 ι
3070 1644 3198 1707 τοὺς
3229 1643 3456 1716 χρόνους
3490 1643 3855 1697 αἰνίττεσθαί

2247 1746 2335 1799 μοι
2356 1729 2503 1783 δοκεῖ
2523 1730 2622 1801 τῆς
2652 1730 2748 1785 τοῦ
2797 1734 3273 1806 προφητευομένου
3323 1736 3645 1807 παρουσίας.
3694 1736 3854 1789 Τόδε

559 1835 718 1893 gente
769 1821 1046 1892 principes
1096 1836 1161 1875 ac
1216 1821 1408 1885 duces,
1450 1835 1614 1891 quam
1669 1820 1912 1891 gentium
1955 1822 2135 1877 veniat

2236 1820 2364 1894 γάρ,
2413 1825 2596 1894 φησὶν,
2636 1824 2738 1877 οὐκ
2785 1824 2961 1891 ἔσται,
2999 1826 3108 1880 ἐστ’
3149 1828 3215 1881 ἂν
3258 1827 3469 1897 γένοιτο
3498 1828 3651 1882 τόδε·
3704 1827 3850 1881 οὐδὲ

559 1914 919 1984 exspectatio,
946 1922 1001 1968 et
1028 1928 1150 1983 quae
1166 1913 1405 1983 reposita
1426 1918 1555 1969 sunt
1575 1911 1624 1968 ei
1649 1911 1717 1967 de
1742 1928 1852 1983 quo
1874 1912 2136 1984 propheta

559 2009 821 2078 loquitur.
855 2006 982 2062 Haec
1030 2017 1215 2062 autem
1264 2007 1633 2077 interpretans
1667 2005 2028 2072 Theodotion,
2069 2006 2139 2062 ab

560 2103 696 2173 ipsis
719 2100 860 2154 LXX
894 2116 1002 2156 non
1025 2098 1226 2154 diﬁ'ert.
1260 2098 1458 2169 Aquila
1485 2113 1616 2153 vero
1647 2098 1701 2153 in
1733 2098 1880 2153 hunc
1916 2098 2136 2154 modum

560 2195 833 2265 exposuit,
865 2212 884 2244 ι
917 2209 1026 2247 non
1070 2191 1431 2246 suscitabitur
1478 2200 1752 2260 sceptrum
1789 2191 1856 2246 de
1899 2188 2059 2255 Iuda,
2086 2198 2139 2245 et

559 2283 654 2353 qui
682 2282 954 2353 exquisite
994 2289 1292 2352 cognoscat
1323 2279 1391 2335 de
1423 2281 1604 2335 medio
1640 2282 1840 2351 pedum
1870 2282 2013 2352 ejus,
2041 2282 2140 2337 do-

562 2392 661 2431 nec
710 2376 896 2430 veniat
944 2385 1000 2430 et
1048 2375 1152 2445 ipsi
1200 2374 1550 2445 congregatio
1591 2376 1939 2444 populorum.
1980 2395 1999 2428 ι
2036 2374 2138 2429 Ubi

559 2482 685 2522 cum
706 2466 939 2527 dicatur,
980 2485 997 2516 ι
1031 2481 1140 2520 non
1168 2464 1382 2520 deﬁciet
1408 2465 1663 2537 princeps
1688 2466 1756 2522 de
1783 2465 1943 2529 Iuda,
1979 2486 1997 2518 ι
2037 2466 2141 2521 hoc

560 2559 690 2614 item
723 2556 792 2613 de
822 2558 944 2626 ipso
980 2555 1073 2609 illo
1110 2554 1285 2625 primo
1310 2553 1451 2609 Iuda
1479 2570 1588 2610 non
1622 2562 1836 2626 oportet
1864 2556 2132 2625 accipere,

559 2652 704 2708 sicut
735 2663 837 2704 nec
866 2646 1020 2711 illud,
1045 2665 1065 2698 ι
1092 2644 1252 2711 Iuda,
1281 2656 1334 2701 te
1359 2646 1660 2701 laudabunt
1689 2646 1885 2702 fratres
1913 2647 2014 2705 tui.
2048 2666 2066 2699 ι
2084 2653 2141 2703 et

558 2755 682 2813 quae
714 2747 1042 2811 sequuntur,
1085 2737 1151 2792 ad
1184 2737 1437 2793 eumdem
1470 2737 1623 2792 illum
1652 2737 1845 2793 referri
1874 2744 2135 2809 possunt:

561 2833 752 2889 multis
776 2831 925 2888 enim
964 2830 1181 2886 saeculis
1210 2829 1487 2900 principes
1511 2844 1578 2884 ac
1612 2828 1783 2885 duces
1815 2830 1869 2884 in
1912 2828 2139 2886 Iudaica

557 2935 716 2999 gente
749 2924 1101 2987 exsﬁterunt,
1134 2922 1229 2993 qui
1260 2922 1328 2978 de
1354 2923 1502 2980 illius
1529 2923 1631 2979 viri
1665 2939 1863 2995 genere
1910 2922 2139 2992 profecti

562 3037 676 3076 non
705 3027 854 3076 sunt.
890 3018 1109 3073 Primus
1157 3033 1397 3088 namque
1444 3018 1561 3088 ipse
1594 3016 1773 3072 Moses
1805 3017 1913 3072 dux
1954 3016 2139 3087 populi

560 3112 685 3179 fuit,
718 3116 810 3183 qui
833 3128 942 3167 non
965 3112 1032 3166 de
1057 3110 1219 3175 Iuda,
1253 3112 1349 3166 sed
1374 3110 1441 3166 de
1463 3108 1591 3166 Levi
1615 3116 1778 3164 natus
1805 3116 1917 3177 est;
1942 3108 2139 3165 deinde

560 3203 692 3260 Iesu
726 3205 793 3260 de
838 3205 984 3258 tribu
1019 3203 1275 3274 Ephrem,
1311 3209 1434 3273 post
1455 3218 1617 3273 quem
1648 3200 1859 3274 praefuit
1891 3201 2137 3255 Debbora

560 3296 632 3351 dc
669 3296 816 3350 tribu
843 3295 972 3349 item
1004 3293 1264 3365 Ephrem,
1309 3301 1363 3349 et
1388 3292 1560 3347 Barac
1593 3292 1660 3348 de
1685 3293 1832 3348 tribu
1861 3290 2137 3362 Nephtha-

560 3391 678 3454 lim,
724 3398 850 3461 post
898 3405 1037 3459 quos
1077 3387 1298 3444 Gedeon
1331 3388 1399 3444 de
1426 3389 1571 3443 tribu
1621 3386 1893 3455 Manasse,
1940 3386 2138 3442 deinde

563 3482 707 3539 ﬁlius
745 3481 988 3547 Gedeon,
1027 3491 1085 3538 et
1118 3492 1240 3553 post
1270 3483 1418 3536 hunc
1447 3480 1620 3535 Thola
1655 3480 1725 3536 de
1746 3480 1934 3536 eadem
1968 3479 2134 3544 tribu,

560 3584 750 3645 postea
774 3573 987 3630 Esebon
1012 3590 1078 3630 ex
1102 3574 1441 3638 Bethlehem,
1472 3580 1527 3630 et
1558 3579 1681 3644 post
1711 3573 1857 3627 hunc
1883 3572 2042 3627 Ailon
2070 3572 2138 3628 de

559 3669 705 3723 tribu
738 3667 1022 3735 Zabulon;
1056 3667 1204 3723 hunc
1242 3674 1465 3723 secutus
1512 3675 1596 3721 est
1630 3663 1856 3719 Labdon
1887 3663 1955 3720 de
1983 3664 2134 3719 tribu

559 3759 813 3830 Ephrem,
867 3761 1063 3816 deinde
1119 3758 1391 3830 Sampson
1435 3758 1504 3815 de
1545 3760 1694 3815 tribu
1730 3757 1897 3827 Dan;
1943 3766 2135 3829 postea

557 3864 683 3903 cum
717 3850 837 3905 sine
864 3850 1107 3921 principe
1135 3857 1343 3915 essent,
1384 3848 1597 3921 praefuit
1626 3851 1761 3921 ipsis
1805 3849 1920 3906 Heli
1953 3864 2136 3906 sacer-

557 3940 660 3995 dos
688 3941 758 3997 de
789 3941 936 3995 tribu
965 3940 1094 3996 Levi
1120 3959 1134 3995 :
1162 3941 1218 3996 hi
1246 3943 1432 3997 cuncti
1454 3942 1670 4013 judices
1697 3941 1794 4012 qui
1815 3940 2137 4011 judicabant

557 4034 731 4091 lsrael
750 4050 861 4089 non
883 4034 951 4090 de
975 4050 1173 4105 genere
1202 4036 1376 4107 ipsius
1397 4034 1557 4101 Iuda,
1583 4034 1677 4091 sed
1708 4050 1772 4090 ex
1791 4034 2023 4090 diversis
2044 4032 2137 4087 tri-

561 4128 740 4183 bubus
763 4142 831 4183 ex
854 4128 961 4182 alia
992 4128 1135 4184 alius
1164 4128 1407 4193 oriundi,
1440 4136 1496 4184 et
1518 4129 1611 4198 qui
1640 4133 1763 4199 post
1795 4126 1895 4183 hos
1922 4126 2132 4196 primus

558 4218 705 4289 apud
729 4234 826 4275 eos
858 4220 1065 4291 regiam
1095 4220 1415 4291 dignitatem
1460 4220 1672 4289 accepit
1706 4216 1860 4285 Saul,
1892 4217 1961 4274 de
1988 4216 2133 4272 tribu

559 4311 664 4366 fuit
712 4311 1018 4382 Benjamin.
1060 4312 1346 4380 Quomodo
1399 4312 1565 4385 igitur
1605 4311 1784 4369 illud:
1820 4329 1839 4363 ι
1879 4309 1999 4365 Non
2033 4310 2132 4367 de-

561 4399 705 4454 ﬁciet
758 4401 1012 4471 princeps
1076 4403 1145 4458 de
1210 4400 1387 4468 Iuda,
1434 4417 1614 4472 neque
1666 4402 1777 4456 dux
1828 4400 1897 4456 de
1963 4400 2133 4456 femo-

2238 1914 2347 1986 γὰρ
2376 1915 2638 1987 πρότερον
2671 1916 2968 1972 παύσονται
3000 1918 3096 1973 τοῦ
3133 1920 3401 1974 Ἰουδαίων
3426 1920 3610 1984 ἔθνους
3630 1920 3849 1991 ἄρχον-

2236 2023 2329 2068 τες
2374 2007 2468 2060 καὶ
2522 2007 2834 2079 ἡγούμενοι,
2871 2008 2904 2080 ἢ
2953 2010 3054 2082 τὴν
3093 2010 3200 2064 τῶν
3263 2011 3435 2066 ἐθνῶν
3492 2011 3847 2085 προσδοκίαν

2239 2098 2444 2163 ἐλθεῖν,
2511 2099 2606 2153 καὶ
2675 2100 2745 2155 τά
2812 2103 3149 2173 ἀποκείμενα
3206 2103 3286 2174 τῷ
3338 2103 3838 2176 προφητευομένῳ.

2239 2190 2425 2245 Ταῦτα
2451 2190 2507 2244 δέ
2533 2193 2734 2264 ὁμοίως
2765 2196 2875 2257 τοῖς
2919 2193 3317 2266 Ἐδδομήκοντα
3346 2196 3441 2249 καὶ
3467 2197 3496 2249 6
3526 2195 3841 2249 Θεοδοτίων

2240 2280 2601 2352 ἡρμήνευσεν.
2639 2282 2696 2334 ’0
2745 2283 2804 2337 δέ
2844 2282 3076 2348 Ἀκύλας
3114 2284 3302 2339 τοῦτον
3346 2285 3573 2352 ἐξέδωκε
3605 2286 3703 2341 καὶ
3734 2286 3839 2340 τὸν

2240 2372 2466 2444 τρόπον’
2511 2390 2531 2425 ι
2569 2373 2682 2428 Οὐκ
2720 2376 3083 2446 ἀναστήσεται
3123 2376 3401 2449 σκῆπτρον
3454 2377 3561 2431 ἀπὸ
3625 2379 3831 2443 Ἰούδα,

2241 2463 2334 2516 καὶ
2358 2462 2789 2536 ἀκριὸαζόμενος
2819 2466 2927 2520 ἀπὸ
2960 2465 3161 2537 μεταξὺ
3195 2467 3372 2520 ποδῶν
3395 2467 3585 2531 αὐτοῦ,
3614 2468 3725 2533 ἕως
3757 2469 3833 2523 ἂν

2241 2553 2369 2628 ἔλθῃ
2394 2556 2487 2609 καὶ
2511 2555 2658 2627 αὐτῷ
2684 2556 2937 2628 σύστημα
2962 2558 3125 2612 λαῶν,
3148 2578 3164 2608 ι
3191 2558 3360 2612 Ἔνθα
3379 2559 3674 2631 λεγομένου
3700 2559 3828 2621 τοῦ,

2245 2663 2265 2696 ι
2288 2645 2402 2698 Ούκ
2435 2645 2673 2716 ἐκλείψει
2703 2646 2886 2719 ἄρχων
2909 2648 2971 2713 ἐξ
3004 2645 3194 2713 Ἰούδα,
3224 2668 3243 2701 ι
3279 2649 3441 2703 πάλιν
3469 2650 3532 2702 οὐ
3565 2649 3697 2722 περὶ
3726 2647 3827 2702 τοῦ

2252 2738 2441 2803 Ἰούδα,
2470 2740 2632 2793 αὐτοῦ
2667 2740 2729 2811 δὴ
2762 2742 2970 2795 ἐκείνου
2994 2741 3089 2795 τοῦ
3119 2741 3340 2814 πρώτου
3364 2742 3558 2814 ἀνδρὸς
3600 2723 3829 2795 ἀκούειν

2239 2830 2458 2902 δεήσει,
2492 2831 2681 2904 ὥσπερ
2712 2833 2834 2886 οὐδὲ
2864 2832 2957 2898 τὸ,
3001 2851 3020 2885 ι
3071 2833 3260 2896 Ἰούδα,
3300 2834 3359 2886 σὲ
3409 2834 3715 2887 αίνέσουσιν
3772 2834 3825 2887 οἱ

2240 2921 2590 2992 ἀδελφοίσου,
2624 2942 2643 2975 ι
2677 2925 2771 2977 καὶ
2812 2923 2880 2979 τὰ
2913 2924 3062 2996 ἑξῆς,
3087 2925 3172 2978 ἐπ’
3222 2927 3433 2979 ἐκεῖνον
3471 2926 3820 2997 ἀναφέροιτο.

2241 3012 2521 3079 Πλείστοις
2555 3015 2598 3068 δ’
2626 3011 2718 3069 οὖν
2760 3014 2972 3088 χρόνοις
2998 3018 3257 3089 ἄρχοντες
3279 3018 3373 3071 καὶ
3405 3018 3538 3088 ήχού
3547 3034 3699 3089 μενοι
3726 3016 3821 3070 τού

2255 3105 2524 3159 Ἰουδαίων
2556 3105 2742 3170 ἔθνους
2796 3106 3171 3178 κατέστησαν,
3220 3108 3321 3162 οὐκ
3367 3110 3430 3162 ἐκ
3467 3108 3567 3179 τῆς
3608 3108 3823 3162 ἐκείνου

2166 3165 2206 3223 C
2237 3197 2333 3251 τοῦ
2363 3196 2554 3269 ἀνδρὸς
2578 3165 2847 3268 διαδοχῆς.
2874 3165 3098 3269 Πρῶτος
3124 3165 3222 3270 μὲν
3253 3197 3363 3270 γὰρ
3390 3165 3631 3269 Μωῦσῆς
3658 3200 3823 3263 αὐτὸς

2237 3290 2480 3361 ἡγήσατο
2515 3287 2609 3342 τοῦ
2659 3287 2812 3352 λαοῦ,
2850 3289 2924 3360 μὴ
2965 3290 3031 3343 ἐκ
3073 3288 3169 3343 τοῦ
3221 3290 3391 3344 Ἰούδα
3413 3330 3427 3355 ,
3477 3290 3590 3344 ἀλλ’
3619 3293 3685 3345 ἐκ
3721 3289 3816 3345 τοῦ

2237 3378 2369 3435 Λευῖ
2401 3378 2659 3451 γεγονώς.
2694 3377 2827 3435 Εἶτα
2863 3379 3069 3453 Ἰησοῦς
3103 3382 3167 3435 ἐκ
3201 3380 3372 3453 φυλῆς
3410 3382 3671 3454 Ἐφραὶμ,
3698 3382 3816 3453 μεθ’

2234 3473 2293 3527 δν
2342 3469 2510 3545 ἦρξεν
2549 3474 2727 3528 αὐτῶν
2763 3471 3025 3546 Δεϐὃώρα
3077 3477 3142 3528 ἐκ
3175 3474 3347 3546 φυλῆς
3413 3475 3689 3547 Ἐφραὶμ,
3724 3479 3816 3532 καὶ

2234 3565 2426 3638 Βαράκ
2462 3566 2527 3619 ἐκ
2569 3566 2743 3637 φυλῆς
2787 3565 3133 3637 Νεφθαλείμ·
3186 3566 3302 3638 μεθ’
3357 3565 3455 3632 οὓς
3501 3567 3707 3621 Γεδεὼν
3751 3570 3815 3622 ἐκ

2235 3656 2408 3727 φυλῆς
2465 3657 2731 3728 Μανασσῆ
2752 3672 2766 3687 ·
2823 3657 3011 3711 ἔπειτα
3055 3660 3084 3712 6
3126 3658 3219 3712 τοῦ
3276 3657 3480 3712 Γεδεὼν
3524 3664 3674 3728 παῖς,
3723 3662 3815 3717 καὶ

2239 3749 2357 3817 μετ’
2391 3748 2552 3801 αὐτὸν
2578 3747 2735 3804 Θωλά
2759 3749 2825 3803 ἐκ
2863 3747 3035 3820 φυλῆς
3062 3750 3161 3821 τῆς
3200 3750 3399 3822 αὐτῆςο
3426 3750 3620 3806 ἔπειτα
3665 3753 3816 3806 Ἐσε-

2236 3840 2344 3894 ὂὼν
2378 3842 2443 3894 ἐκ
2474 3840 2754 3914 Βηθλεέμ·
2795 3843 2889 3897 καὶ¹
2934 3841 3073 3913 μετὰ
3105 3841 3294 3896 τοῦτον
3323 3842 3497 3897 Αίλὼν
3530 3845 3597 3898 ἐκ
3642 3845 3814 3917 φυλῆς

2236 3932 2545 3987 Ζαϐουλώνο
2584 3932 2771 3987 ἔπειτα
2803 3932 3028 3989 Λαὸδὼν
3085 3936 3149 3987 ἐκ
3178 3934 3353 4005 φυλῆς
3394 3935 3670 4008 Ἐφραίμ·
3718 3939 3813 3991 καὶ

2236 4022 2389 4090 αὖθις
2406 4023 2644 4097 Σαμψὼν
2671 4028 2736 4080 ἐκ
2766 4025 2938 4096 φυλῆς
2960 4026 3097 4080 Δάν·
3125 4025 3315 4081 ἔπειτα
3342 4028 3606 4100 ἀναρχίας
3632 4029 3811 4083 αὐτῶν

2233 4117 2548 4190 γενομένης,
2598 4119 2784 4189 ἡγεῖτο
2833 4116 3015 4171 αὐτῶν
3053 4117 3203 4172 ⁹Ηλεῖ
3238 4121 3268 4173 6
3317 4121 3497 4192 ἱερεὺς
3541 4122 3606 4176 ἐκ
3638 4123 3812 4194 φυλῆς

2232 4212 2366 4265 Λευϊ
2382 4227 2396 4242 ’
2431 4207 2575 4265 οὗτοι
2609 4211 2810 4274 πάντες
2832 4210 3017 4283 κριταὶ
3042 4212 3324 4283 κρίναντες
3348 4212 3439 4267 τὸν
3471 4215 3687 4284 Ἰσραὴλ
3711 4217 3812 4270 ούκ

2232 4304 2297 4356 ἐκ
2337 4303 2580 4373 διαδοχῆς
2615 4301 2802 4368 Ἰούδα,
2843 4303 2909 4356 ἐκ
2952 4302 3302 4376 διαφόρωνδὲ
3342 4306 3547 4375 φυλῶν,
3590 4308 3812 4364 ἄλλοθεν

2232 4395 2388 4460 ἄλλος
2433 4395 2720 4466 γενόμενος
2740 4411 2755 4426 ⁸
2796 4394 2891 4448 καὶ
2935 4395 2965 4449 ὃ
3006 4413 3071 4465 γε
3138 4397 3276 4469 μετὰ
3322 4397 3548 4464 τούτους
3595 4401 3811 4472 πρῶτος

565 4492 718 4546 ribus
773 4491 916 4562 ejus,
970 4512 990 4546 ι
1027 4502 1085 4549 ut
1156 4495 1430 4566 quispiam
1494 4495 1729 4550 fortasse
1797 4494 2067 4564 putaverit
2110 4534 2126 4559 ,

2236 4489 2413 4543 αὐτῶν
2468 4487 2788 4560 βασιλεύσας
2848 4489 3021 4544 Σαοὺλ
3076 4491 3143 4545 ἐκ
3200 4490 3371 4563 φυλῆς
3411 4487 3480 4564 ῆν
3533 4493 3807 4565 Βενιαμίν.

557 4581 717 4652 371
747 4583 815 4638 ad
846 4585 1117 4655 principes
1144 4589 1213 4641 de
1244 4587 1391 4642 tribu
1442 4585 1584 4642 Iuda
1622 4601 1686 4641 ac
1725 4586 1894 4641 duces
1927 4586 2128 4643 refere-

556 4678 667 4739 tur,
692 4673 912 4742 quando
938 4675 1191 4730 videntur
1211 4692 1277 4731 ex
1328 4692 1438 4747 quo
1470 4685 1717 4747 tempore
1746 4684 1996 4732 mortuus
2045 4686 2131 4733 est

555 4761 727 4820 Iacob
767 4765 896 4821 totis
923 4767 1317 4837 propemodum
1374 4770 1523 4824 mille
1549 4770 1730 4834 annis,
1781 4785 1892 4824 non
1929 4784 1995 4825 ex
2022 4785 2129 4824 una

557 4856 703 4911 tribu
745 4857 919 4928 ipsius
957 4856 1097 4913 Iuda
1130 4859 1356 4930 profecti
1383 4899 1399 4925 ,
1426 4860 1522 4917 sed
1547 4876 1615 4917 ex
1646 4861 1752 4915 alia
1787 4861 1928 4917 alius
1958 4868 2132 4931 usdue

557 4946 627 5001 ad
649 4954 893 5018 tempora
928 4947 1141 5003 David?
1163 4952 1311 5021 quod
1340 4953 1386 5007 si
1427 4961 1549 5023 post
1571 4960 1681 5006 tam
1717 4953 1920 5009 multos
1944 4961 1997 5009 et
2024 4952 2132 5006 Da-

556 5036 671 5101 vid,
703 5045 758 5092 et
789 5038 882 5108 qui
918 5039 1020 5109 ipsi
1047 5039 1294 5095 David‘in
1317 5057 1488 5113 regno
1517 5043 1661 5114 apud
1692 5042 1976 5098 Iudaicam
1999 5059 2131 5115 gen-

557 5136 664 5182 tem
689 5132 1176 5198 suecesserunt,de
1194 5135 1336 5187 tribu
1364 5132 1502 5189 Iuda
1527 5135 1640 5190 nati
1669 5144 1817 5200 sunt,
1848 5136 2128 5191 sciendum

557 5226 738 5274 tamen
768 5221 866 5275 tibi
886 5230 991 5287 est,
1028 5223 1174 5293 quod
1211 5225 1267 5279 hi
1309 5225 1414 5297 ipsi
1440 5242 1509 5281 ne
1537 5235 1682 5282 totos
1711 5228 1933 5297 quidem
1965 5229 2128 5297 quin-

555 5319 749 5379 gentos
778 5327 952 5369 annos
982 5314 1151 5370 totius
1181 5318 1357 5387 gentis
1390 5333 1617 5389 regnum
1671 5319 1919 5373 obtinere
1941 5325 2131 5388 potue-

557 5410 708 5466 runt,
739 5404 833 5457 sed
865 5405 1030 5458 trium
1105 5404 1372 5463 duntaxat
1421 5410 1696 5477 tribuum,
1727 5424 1792 5463 ac
1839 5424 1908 5463 ne
1938 5408 2128 5463 harum

557 5495 779 5566 quidem
810 5497 1106 5552 solidarum
1129 5538 1145 5564 ,
1174 5501 1375 5571 quippe
1403 5516 1528 5556 cum
1561 5502 1754 5558 iisdem
1791 5502 2130 5573 temporibus

557 5586 650 5640 alii
692 5588 912 5657 quidam
945 5589 999 5642 in
1032 5602 1182 5659 parte
1235 5593 1440 5664 gentis‘
1470 5593 1755 5664 ampliore,
1797 5602 1851 5649 et
1894 5594 1949 5648 in
2000 5594 2130 5648 totis

558 5695 751 5734 novem
812 5680 1063 5737 tribubus
1114 5685 1499 5752 regnaverint:
1547 5701 1670 5741 nam
1718 5695 1840 5757 post
1900 5693 2128 5740 mortem

562 5768 890 5845 Salomonis,
916 5788 1038 5828 cum
1071 5783 1184 5829 tota
1214 5790 1347 5845 gens
1371 5778 1436 5831 ab
1464 5774 1603 5832 Iuda
1636 5778 1812 5835 divisa
1846 5778 2026 5843 fuerit,
2048 5778 2128 5848 ip-

2227 4581 2353 4646 ΙΙῶς
2381 4577 2473 4635 οὖν
2514 4581 2596 4644 τὸ,
2630 4599 2651 4632 ι
2685 4582 2799 4635 Οὐκ
2842 4580 3084 4652 ἐκλείψει
3125 4582 3308 4654 ἄρχων
3347 4582 3409 4649 ἐξ
3458 4584 3647 4650 Ἰούδα,
3688 4587 3809 4641 οὐδὲ

2225 4673 2526 4746 ἡγούμενος
2549 4673 2615 4726 ἐκ
2639 4672 2746 4726 τῶν
2778 4672 2969 4745 μηρῶν
2993 4673 3159 4727 αὐτοῦ
3189 4674 3283 4746 (ὼς
3312 4674 3377 4729 ἄν
3404 4677 3807 4749 τιςῖοίηθείη),ι

2228 4766 2321 4820 ἐπὶ
2349 4767 2476 4830 τοὺς
2514 4765 2580 4820 ἐκ
2609 4765 2781 4837 φυλῆς
2825 4764 2994 4822 Ἰούδα
3030 4766 3295 4838 ἄρχοντας
3326 4768 3421 4821 καὶ
3463 4769 3804 4840 ἡγουμένους

2228 4856 2666 4928 ἀνενεχθήσεται,
2704 4857 2793 4910 ὅτε
2829 4855 3109 4926 φαίνονται
3154 4856 3263 4911 ἀπὸ
3311 4857 3424 4911 τῶν
3454 4860 3661 4930 χρόνων
3708 4861 3810 4931 τῆς

2228 4949 2320 5004 τοῦ
2364 4949 2559 5004 Ἰακὼϐ
2591 4949 2849 5021 τελευτῆς
2874 4950 3016 5015 ὅλοις
3046 4948 3222 5004 ἐτεσιν
3260 4951 3428 5020 ἐγγύς
3468 4968 3572 5006 που
3618 4952 3811 5022 χιλίοις

2229 5043 2329 5096 οὐκ
2374 5044 2438 5096 ἐκ
2483 5041 2649 5113 μόνης
2693 5042 2792 5113 τῆς
2837 5041 3008 5096 Ἰούδα
3050 5041 3225 5112 φυλῆς
3275 5042 3659 5115 προαχθέντες,
3693 5044 3809 5097 ἀλλ’

2228 5133 2416 5188 ἄλλοτε
2450 5133 2509 5198 ἐξ
2541 5134 2728 5205 ἄλλης,
2776 5133 2937 5205 μέχρι
2983 5133 3090 5187 τῶν
3137 5133 3304 5188 Δαϐὶδ
3359 5135 3596 5205 χρόνωνς
3644 5136 3708 5190 Ei
3751 5136 3811 5189 δέ

2234 5226 2372 5295 μετά
2391 5227 2513 5289 τοὺς
2542 5224 2827 5288 τοσούτους
2854 5226 2884 5277 6
2907 5224 3068 5278 Δαϐιδ
3090 5226 3142 5279 οῖ
3164 5243 3224 5279 τε
3254 5227 3317 5282 ἑκ
3345 5226 3446 5297 τῆς
3481 5228 3672 5281 τούτου
3700 5227 3811 5282 δια-

2228 5317 2387 5388 δοχῆς
2418 5315 2831 5386 βασιλεύσαντες
2861 5316 2955 5369 τοῦ
2996 5317 3263 5371 Ἰουδαίων
3304 5316 3490 5381 ἔθνους
3526 5319 3592 5371 ἐκ
3635 5317 3810 5388 φυλῆς

2230 5411 2516 5478 γεγόνασιν
2556 5407 2745 5471 Ἰούδα,
2773 5407 2909 5461 ἀλλά
2945 5408 3049 5480 χρή
3083 5424 3144 5461 σε
3174 5408 3372 5463 είδέναι
3395 5410 3478 5462 ὅτι
3509 5408 3631 5462 οὐδὲ
3668 5408 3809 5473 ὅλοις

2233 5499 2607 5563 πεντακοσίοις
2630 5499 2774 5553 ἔτεσι
2796 5500 3089 5571 διήρκεσαν
3116 5492 3284 5565 οὗτοι,
3306 5500 3367 5553 οὐ
3397 5499 3597 5563 παντὸς
3622 5498 3810 5561 ἔθνους

2233 5590 2666 5662 βασιλεύσαντες,
2705 5588 2843 5642 ἀλλά
2890 5587 3063 5659 μόνων
3097 5589 3280 5658 φυλῶν
3320 5590 3506 5660 τριῶν.
3552 5589 3649 5641 καὶ
3686 5589 3809 5642 οὐδέ

2231 5683 2365 5736 ὅλων
2391 5681 2624 5737 τούτωνι
2665 5680 2786 5735 καθ’
2831 5679 2925 5744 οὓς
2968 5680 3146 5754 ἕτεροί
3198 5698 3339 5745 τινες
3381 5680 3673 5751 ἐτύγχανον
3712 5678 3808 5734 τοῦ

2232 5775 2475 5839 πλείονος
2505 5774 2708 5841 ἔθνους,
2740 5775 2831 5831 καὶ
2856 5773 2989 5828 ὅλων
3020 5791 3081 5842 γε
3117 5775 3272 5828 ἐννέα
3301 5774 3479 5844 φυλῶν
3520 5775 3617 5843 τὴν
3652 5771 3810 5843 βατι-
