4106 6420
335 312 483 372 581
1232 312 1886 371 DEMONSTRATIONIS
1924 309 2381 372 EVANGELICJE
2415 317 2547 375 LIB.
2586 316 2720 376 Vill.
3532 328 3639 385 582

337 428 533 488 λείαν
559 433 832 499 διέποντες
850 451 864 464 ·
896 432 1036 506 μετά
1059 431 1168 505 γάρ
1187 433 1284 506 τὴν
1311 433 1405 487 τοῦ
1436 433 1747 505 Σολομῶνος
1767 432 1921 486 τελευ

2025 482 2030 490 .
2057 432 2175 488 sius
2198 432 2365 488 David
2396 449 2747 491 successores
2764 436 2954 503 trium,
2991 447 3050 494 ut
3075 440 3345 508 dicebam,
3364 442 3634 512 tribuum,

335 526 480 597 τὴν
524 525 889 595 διαιρεθέντος
934 526 1029 579 τοῦ
1078 526 1279 590 παντὸς
1318 526 1504 590 ἔθνους
1526 526 1584 594 ἐξ
1625 527 1813 592 Ἰούδα,
1859 544 1922 580 το

2060 542 2124 580 ac
2152 542 2222 581 ne
2248 527 2440 581 harum
2473 529 2694 597 quidem
2742 530 3039 586 solidarum
3071 533 3123 586 in
3144 533 3447 591 Jerusalem
3478 552 3636 608 reges

340 619 548 673 Δαϐὶῖ
577 620 807 689 διάδοχοι
846 619 1033 691 τριῶν,
1069 620 1145 684 ὡς
1177 619 1332 692 ἔφην,
1365 621 1473 674 οὐδ’
1495 621 1629 675 ὅλων
1660 621 1837 690 φυλῶν
1865 625 1926 677 ἐτι

2058 614 2278 671 fuerunt
2306 632 2480 685 usque
2508 616 2575 671 ad
2597 616 2981 689 Babylonicam
3003 622 3237 679 cladem.
3274 623 3475 683 Iisdem
3502 643 3635 685 vero

519 709 877 783 Ἰερουσαλὴμ
898 710 1208 764 ἐϐασίλευον
1238 712 1399 784 μέχρι
1422 712 1522 782 τῆς
1551 714 1632 776 είς
1662 712 1926 766 Βαϐυλῶνι

2057 706 2395 777 temporibus
2441 708 2498 762 in
2529 708 2749 763 civitate
2795 724 2917 778 qua:
2971 721 3201 768 vocatur
3226 714 3497 783 Samaria,
3529 737 3633 776 no-

340 803 777 874 αἰχμαλωσίας.
808 804 943 857 Κατ’
966 804 1162 868 αὐτοὺς
1186 804 1242 857 δὲ
1268 805 1358 857 ἐπὶ
1379 804 1587 868 τούτοις
1613 806 1704 858 ἐπὶ
1727 805 1828 876 τῆς
1847 807 1922 858 Σα

2054 812 2174 851 vem
2200 797 2440 853 tribuum
2474 797 2645 854 duces
2667 815 2776 854 non
2816 799 2885 855 de
2907 802 3052 857 tribu
3084 802 3245 868 Juda,
3280 808 3375 863 sed
3406 824 3470 864 ex
3505 811 3632 866 aliis

345 892 616 963 μαρείας
645 890 792 945 οὔτω
816 892 1153 964 καλουμένης
1181 894 1409 959 πόλεως,
1436 894 1545 947 τῶν
1581 895 1737 949 ἐννέα
1773 895 1926 965 φυλῶ

2054 888 2146 942 alii
2177 889 2510 945 exstiterunt
2546 909 2559 945 :
2593 905 2825 961 quorum
2850 892 3058 962 primus
3104 894 3389 953 Jeroboam
3414 900 3535 965 fuit,
3561 901 3632 958 de

342 983 671 1056 ἡγούμενοι
701 986 803 1040 οὐκ
830 986 888 1053 ἐξ
930 986 1118 1048 Ἰούδα,
1147 985 1261 1041 ἀλλ’
1296 986 1355 1052 ἐξ
1396 987 1595 1059 ἐτέρων
1622 988 1802 1057 φυλῶν
1837 988 1926 1042 ἔτε

2052 981 2200 1035 tribu
2233 980 2493 1053 Ephrem,
2524 998 2589 1038 ac
2618 983 2876 1053 deinceps
2902 986 2997 1054 qui
3032 987 3178 1043 hunc
3242 993 3415 1046 secuti
3473 1004 3625 1059 sunt,

347 1089 458 1140 ροι
497 1074 828 1141 διετέλεσαν,
872 1068 948 1130 ὧν
990 1075 1204 1148 πρῶτος
1246 1072 1316 1148 ῆν
1348 1077 1630 1148 Ἰεροϐοάμ
1666 1080 1731 1132 ἐκ
1778 1080 1952 1150 φυλῆς

357 1161 649 1236 Ἐφραὶμ,
693 1167 786 1220 καὶ
815 1167 867 1220 of
906 1167 1141 1237 καθεξῆς
1182 1168 1320 1238 μετά
1354 1168 1576 1223 τοῦτονο
1626 1170 1701 1234 ὼς
1733 1170 1854 1242 μηδ’
1892 1173 1951 1224 ἐν

336 1259 485 1318 τοῖς
515 1258 720 1328 μεταξὺ
753 1259 963 1330 χρόνοις
1003 1263 1115 1324 τοῖς
1143 1260 1251 1314 ἀπὸ
1288 1260 1453 1316 Δαϐὶδ
1477 1263 1572 1315 ἐπὶ
1606 1262 1704 1334 τὴν
1732 1264 1813 1327 είς
1845 1263 1951 1317 Βα-

338 1344 587 1404 ϐυλῶνα
616 1353 991 1422 αἰχμαλωσίαν
1026 1354 1153 1417 τοὺς
1178 1354 1242 1406 ἐκ
1269 1353 1441 1426 φυλῆς
1478 1353 1648 1410 Ἰούδα
1675 1354 1769 1409 τοῦ
1815 1374 1950 1410 παν-

338 1443 459 1508 τὸς
487 1444 679 1507 ἔθνους
713 1443 1043 1515 ἡγήσασθαι.
1090 1445 1155 1498 Τί
1188 1445 1269 1498 δεῖ
1308 1445 1506 1516 λέγειν,
1546 1447 1623 1506 ὡς
1669 1448 1806 1520 μετά
1848 1448 1947 1521 τὴν

344 1534 480 1588 ἀπὸ
511 1535 832 1599 Βαϐυλῶνος
866 1535 1121 1590 ἐπάνοδον
1152 1532 1308 1602 αὖθις
1340 1539 1479 1611 ὑπὲρ
1515 1538 1582 1592 τὰ
1619 1540 1944 1598 πεντακόσια

341 1624 460 1697 ἔτη
500 1626 666 1699 μέχρι
693 1628 791 1700 τῆς
827 1626 925 1681 τοῦ
958 1626 1193 1700 Χριστοῦ
1224 1629 1488 1697 γενέσεως
1518 1629 1820 1686 διετέλεσαν
1848 1650 1945 1687 πο-

346 1718 548 1792 λιτείᾳ
578 1719 848 1792 χρώμενοι
874 1721 1322 1794 ἀριστοκρατικῇ,
1354 1722 1465 1776 τῶν
1509 1724 1607 1794 μὲν
1638 1725 1776 1779 κατά
1810 1728 1940 1799 χρό-

2052 1079 2113 1124 ut
2138 1087 2209 1127 ne
2228 1073 2424 1130 mediis
2470 1072 2692 1145 quidem
2727 1076 3065 1146 temporibus
3087 1092 3117 1131 a
3150 1078 3320 1135 David
3354 1098 3527 1155 usque
3555 1086 3625 1141 ad

2051 1171 2268 1233 tempus
2298 1180 2408 1235 quo
2438 1164 2495 1220 in
2533 1164 2865 1236 Babylonem
2894 1168 3097 1237 captivi
3149 1168 3299 1226 ducti
3343 1185 3495 1238 sunt,
3527 1175 3624 1230 ulli

2049 1254 2118 1310 de
2146 1256 2290 1311 tribu
2317 1257 2458 1312 Juda
2480 1258 2754 1313 universa:
2772 1258 2919 1327 genti
2953 1258 3289 1327 praefuerunt.
3325 1264 3498 1319 Porro
3517 1281 3623 1321 au-

2047 1354 2158 1403 tem
2181 1349 2311 1418 quid
2344 1351 2634 1408 dicendum
2673 1360 2780 1420 est,
2818 1357 3274 1427 quemadmodum
3327 1364 3451 1427 post
3482 1358 3625 1413 redi-

2047 1444 2163 1493 tum
2190 1439 2259 1495 de
2305 1439 2577 1512 Babylone
2620 1459 2814 1501 rursus
2849 1447 3164 1519 quingentis
3195 1448 3355 1504 annis
3384 1448 3623 1519 amplius

2046 1545 2221 1601 usque
2248 1531 2315 1587 ad
2339 1532 2545 1591 Christi
2593 1543 2772 1592 ortum
2807 1539 3042 1593 vixerint
3079 1555 3146 1595 eo
3181 1546 3327 1596 statu
3378 1539 3618 1595 civitatis

2045 1629 2281 1690 utentes,
2313 1624 2369 1680 in
2396 1640 2507 1696 quo
2551 1628 2655 1682 soli
2704 1629 2997 1699 optimates
3045 1646 3159 1686 rem
3198 1631 3621 1686 administrave—

2044 1714 2180 1779 rint,
2239 1716 2586 1786 pontificibus
2615 1721 2802 1791 utique
2851 1723 2950 1776 toti
2997 1725 3144 1793 genti
3194 1724 3613 1794 imperantibus,

342 1826 489 1873 νους
518 1810 821 1881 ἀρχιερέων
859 1812 1178 1883 ἡγουμένων
1200 1812 1295 1866 τοῦ
1324 1811 1528 1880 ἔθνους,
1561 1813 1773 1881 οὐδενὸς
1797 1818 1855 1871 δὲ
1877 1819 1926 1871 ἐν

2041 1821 2273 1877 quorum
2301 1809 2486 1865 nullus
2516 1811 2676 1881 plane
2711 1814 2780 1869 de
2822 1815 2969 1869 tribu
3029 1814 3170 1870 Juda
3196 1816 3524 1871 oriebatur?
3555 1824 3617 1871 ut

342 1901 459 1972 τῆς
506 1901 602 1955 τοῦ
658 1902 827 1957 Ἰούδα
876 1902 1090 1976 φυλῆς;
1130 1904 1271 1960 ὥστε
1321 1906 1380 1974 ἐξ
1425 1908 1680 1963 ἀπάντων
1737 1910 1940 1966 τούτων

345 1993 749 2064 παρίστασθαι,
802 1996 875 2067 μὴ
907 1998 1002 2051 ἐπὶ
1032 1998 1124 2052 τὸν
1152 1999 1369 2071 πρῶτον
1409 2002 1613 2056 ἐκεῖνον
1649 2002 1817 2077 ἄνδρα
1848 2005 1940 2060 τὸν

363 2086 594 2151 Ἰούδαν,
626 2088 758 2160 μηδέ
792 2089 884 2143 ἐπὶ⁵
911 2090 1039 2155 τοὺς
1081 2091 1354 2163 διαδόχους
1385 2093 1548 2148 αὑτοῦ
1574 2096 1939 2169 ἀναφέρεσθαι

342 2174 417 2230 τὺ
448 2178 664 2247 φάσκον
693 2178 902 2249 λόγιον⁴
943 2199 963 2232 ι
1008 2182 1121 2236 Οὐκ
1152 2183 1390 2255 ἐκλείψει
1418 2186 1601 2258 ἄρχων
1646 2186 1706 2253 ἐξ
1748 2189 1935 2253 Ἰούδα,

346 2268 477 2322 οὐδὲ
503 2270 809 2342 ἡγούμενος
834 2273 899 2325 ἐκ
927 2272 1033 2327 τῶν
1064 2274 1252 2347 μηρῶν
1292 2277 1489 2331 αὐτοῦ·
1522 2299 1541 2330 ι
1592 2280 1768 2350 μόνως
1796 2280 1842 2335 δ’
1872 2281 1939 2336 ἂν

351 2364 592 2435 συσταίη
610 2364 692 2417 ’τὰ
721 2366 860 2420 κατά
892 2366 983 2421 τδν
1010 2368 1192 2431 τόπον,
1223 2369 1271 2422 εί
1295 2369 1436 2424 κατά
1462 2371 1528 2426 τὰ
1550 2372 1783 2445 πρόσθεν
1805 2376 1937 2446 ἡμῖν

349 2454 749 2526 ἀποδεδομένα,
777 2458 904 2529 περὶ
929 2458 1027 2530 τῆς
1052 2459 1223 2530 φυλῆς
1250 2461 1466 2533 ἀπάσης
1487 2461 1737 2533 λέγεσθαι
1764 2464 1936 2521 ταῦτα

343 2547 672 2618 νοήσαιμεν.
705 2546 854 2620 Αὕτη
883 2550 1010 2619 γοῦν
1043 2551 1304 2623 ἀρχῆθεν,
1348 2551 1407 2618 ἐξ
1438 2554 1617 2608 αὐτῶν
1647 2556 1757 2610 τῶν
1795 2558 1936 2613 κατά

347 2639 599 2693 Μωῠσέα
625 2640 852 2711 χρόνων,
876 2642 972 2695 τοῦ
1002 2643 1201 2708 παντὸς
1242 2644 1429 2709 ἔθνους
1466 2647 1710 2718 ἡγήσατο
1732 2663 1747 2681 ·
1794 2650 1935 2706 κατά

346 2731 486 2799 γοῦν
512 2732 616 2804 τὴν
638 2732 844 2805 ταύτης
876 2734 1249 2807 ἐπικράτειαν,
1282 2736 1359 2800 ὡς
1397 2737 1464 2791 ἂν
1504 2738 1743 2810 ἀρχῆθεν
1781 2741 1933 2811 ἡγεῖ-

351 2823 480 2878 σθαι
496 2825 1019 2898 προκεχειρισμένης
1047 2826 1150 2880 ὑπὸ
1172 2826 1267 2881 τοῦ
1289 2828 1444 2893 Θεοῦ,
1481 2830 1709 2885 Ἰουδαία
1737 2849 1794 2885 τε
1824 2835 1934 2886 είσ-

354 2916 434 2970 ἐτι
498 2916 598 2971 νῦν
626 2917 735 2970 ἀπὸ
765 2918 863 2989 τῆς
890 2918 1063 2991 φυλῆς
1082 2919 1117 2990 ἦ
1148 2936 1210 2988 γε
1250 2918 1405 2993 χώρα
1442 2921 1814 2994 ἐπικέκληται,
1836 2925 1932 2979 καὶ

350 3006 412 3059 τὸ
446 3008 561 3059 πᾶν
603 3005 780 3061 αὐτῶν
826 3006 1082 3078 σύστημα
1133 3008 1411 3064 Ἰουδαίων
1444 3010 1929 3081 προσαγορεύεται.

345 3096 511 3151 Οὕτω
540 3097 717 3152 τοίνυν
749 3099 1042 3169 νοήσαιμεν
1070 3099 1130 3153 τὸ
1152 3099 1463 3171 λεγόμενον,
1496 3101 1572 3165 ὼς
1595 3104 1643 3155 εἰ
1671 3103 1931 3171 σαφέστε-

348 3208 445 3263 ρον
488 3190 705 3258 ἔλεγεν
743 3192 856 3245 Ούκ
888 3192 1126 3262 ἐκλείψει
1166 3192 1261 3247 τοῦ
1295 3193 1494 3257 παντὸς
1537 3193 1723 3258 ἔθνους
1760 3198 1929 3267 ἡγουο

347 3281 491 3354 μένη
518 3284 551 3352 ή
572 3281 666 3335 τοῦ
684 3283 851 3337 Ἰούδα
874 3283 1035 3356 φυλή.
1053 3286 1112 3339 '0
1131 3284 1261 3354 γοῦν
1283 3285 1599 3358 Σύμμαχος,
1624 3305 1643 3338 ι
1680 3288 1741 3341 οὐ
1772 3305 1927 3360 περι-

342 3374 717 3447 αιρεθήσεται,
770 3377 954 3448 φησὶν,
985 3375 1198 3441 ἐξουσία
1228 3377 1336 3431 ἀπὸ
1391 3377 1578 3442 Ἰούδα,
1608 3397 1627 3430 ι
1676 3378 1739 3434 τὸ
1774 3380 1926 3447 ἐξου-

341 3466 630 3520 σιαστικὺν
652 3467 824 3539 δήπου
858 3469 952 3522 καὶ
975 3467 1201 3541 ἀρχικὸν
1227 3469 1443 3540 ἀξίωμα
1468 3470 1568 3541 τῆς
1596 3470 1732 3541 μετὰ
1753 3471 1925 3526 ταῦτα

338 3560 662 3631 ὑποστάσης
687 3559 780 3613 τοῦ
820 3560 986 3615 Ἰούδα
1027 3561 1199 3634 φυλῆς
1227 3563 1518 3635 παριστὰς.
1549 3562 1764 3635 Ταύτης
1793 3564 1924 3635 γοῦν

337 3650 467 3703 οὔτε
507 3650 569 3704 τὸ
598 3651 892 3724 σκῆπτρον,
922 3651 998 3715 ὡς
1025 3653 1054 3705 ὁ
1092 3652 1322 3718 Ἀκύλας
1346 3654 1478 3724 φησὶ
1526 3653 1845 3727 (βασιλικῆς
1867 3656 1923 3711 δὲ

342 3743 508 3796 τοῦτο
542 3742 810 3814 σύμϐολον
850 3739 917 3815 ἦν
942 3744 1159 3816 ἀρχῆς),
1189 3743 1311 3798 οὔτε
1349 3745 1448 3817 τὴν
1481 3745 1748 3813 ἐξουσίαν,
1783 3750 1923 3803 κατά

336 3834 435 3890 τὸν
473 3834 790 3906 Σύμμαχον,
826 3836 1335 3909 περιαιρεθήσεσθαι
1360 3836 1624 3903 θεσπίζει,
1661 3860 1680 3892 ι
1722 3840 1825 3904 ἔως
1855 3840 1921 3895 ἂν

340 3924 494 3997 ἔλθῃ,
537 3927 722 3998 φησὶν,
762 3918 808 3994 ᾧ
838 3926 1144 3993 ἀπόκειται,
1178 3946 1196 3978 ι
1234 3928 1328 3981 καὶ
1356 3926 1535 3982 ἀὑτὸν
1565 3929 1781 3985 ἔσεσθαι
1812 3931 1919 3986 τῶν

339 4017 512 4071 ἐθνῶν
546 4018 892 4089 προσδοκίαν.
940 4017 1106 4073 Ποίαν
1138 4018 1342 4090 ταύτην
1389 4020 1713 4092 προσδοκίαν
1747 4021 1780 4093 ἢ
1820 4021 1919 4093 τὴν

340 4110 510 4164 πάλαι
557 4108 638 4180 τῷ
674 4108 924 4181 ’Δϐραάμ
956 4112 1051 4165 καὶ
1092 4114 1205 4176 τοῖς
1239 4112 1357 4182 μετ’
1392 4111 1553 4167 αὑτὸν
1582 4115 1918 4189 προπάτορσι

340 4199 886 4273 κεχρηματισμὲνην;
910 4200 1133 4273 Πρῶτον
1164 4201 1263 4273 μέν
1290 4197 1382 4256 οὖν
1415 4201 1714 4274 θαυμάζειν
1745 4204 1914 4273 ἄξιον,

339 4292 509 4357 ὅπως,
541 4291 747 4346 δώδεκα
771 4292 949 4348 οὐσῶν
981 4292 1089 4347 τῶν
1128 4297 1258 4368 παρ’
1301 4295 1569 4368 Ἑϐραίοις
1613 4297 1817 4368 φυλῶν,
1855 4298 1915 4366 ἐξ

337 4383 596 4454 οὐδεμιᾶς
624 4382 788 4453 ἄλλης
816 4382 849 4455 ἢ
877 4383 985 4437 ἀπὸ
1016 4383 1182 4456 μόνης
1210 4384 1307 4456 τῆς
1341 4385 1510 4440 Ἰούδα
1541 4389 1574 4459 ή
1604 4386 1698 4441 τοῦ
1731 4388 1915 4454 ἔθνους

2035 1898 2148 1967 jam
2180 1913 2247 1955 ex
2271 1898 2359 1955 his
2377 1902 2637 1959 omnibus
2663 1905 2901 1975 perspici
2930 1907 3123 1977 possit.
3152 1921 3260 1960 non
3285 1907 3352 1961 ad
3375 1908 3615 1977 primum

2039 1987 2192 2044 illum
2222 1987 2444 2055 Judam,
2498 2008 2675 2064 neque
2708 1995 2776 2049 ad
2803 1995 2952 2053 illius
2990 2011 3340 2055 successores
3370 1998 3617 2054 referen-

2038 2081 2168 2137 dum
2185 2098 2309 2140 esse
2326 2086 2607 2141 oraculum
2633 2086 2787 2154 illud,
2805 2088 2993 2147 dicens
3014 2108 3026 2144 :
3050 2107 3069 2141 ι
3094 2104 3203 2144 non
3228 2089 3441 2146 deficiet
3458 2091 3615 2161 prin-

2038 2190 2167 2246 ceps
2193 2176 2260 2232 de
2281 2174 2442 2243 Juda,
2473 2194 2650 2250 neque
2683 2179 2795 2235 dux
2823 2181 2893 2238 de
2939 2181 3239 2238 femoribus
3269 2187 3389 2252 ejus
3410 2222 3425 2247 ,
3457 2202 3477 2235 ι
3517 2184 3614 2239 sed

2036 2281 2099 2323 ea
2127 2281 2249 2338 quae
2268 2266 2336 2321 ad
2357 2268 2694 2324 hunclocum
2717 2271 3014 2341 pertinent,
3030 2287 3141 2327 uno
3166 2271 3433 2327 duntaxat
3446 2275 3612 2330 modo

2037 2368 2292 2416 constare
2316 2376 2496 2431 posse,
2539 2363 2586 2418 si
2617 2363 2918 2419 secundum
2959 2380 3023 2420 ea
3056 2380 3177 2436 qua:
3204 2366 3358 2437 prius
3391 2381 3422 2420 a
3449 2367 3612 2423 nobis

2035 2452 2103 2509 de
2132 2460 2245 2508 tota
2283 2455 2428 2509 tribu
2460 2457 2705 2527 exposita
2739 2465 2910 2523 sunt,
2969 2457 3084 2513 hac
3114 2459 3230 2529 ipsa
3263 2459 3610 2531 intelligenda

2033 2560 2157 2601 esse
2185 2545 2504 2604 dixerimus.
2555 2546 2680 2604 llaec
2729 2549 2875 2605 enim
2931 2550 3110 2606 tribus
3158 2551 3229 2605 ab
3274 2550 3430 2605 initio
3456 2558 3512 2607 et
3540 2552 3610 2607 ab

2033 2637 2208 2708 ipsius
2235 2653 2409 2709 usque
2437 2637 2603 2695 Mosis
2630 2640 2970 2712 temporibus
3006 2642 3276 2697 universa:
3296 2645 3474 2714 gentis
3495 2643 3610 2698 dux

2033 2727 2137 2782 fuit
2170 2747 2183 2783 :
2218 2729 2402 2799 itaque
2440 2731 2741 2786 secundum
2779 2731 2943 2800 hujus
2983 2732 3372 2803 principatum,
3422 2743 3610 2806 utpote

2031 2835 2195 2892 quam
2229 2820 2371 2878 Deus
2400 2821 2614 2879 caeteris
2639 2823 2709 2877 ab
2734 2822 2889 2878 initio
2914 2823 3239 2894 praefecerit,
3271 2832 3326 2879 et
3354 2825 3475 2895 ipsa
3517 2841 3608 2880 re-

2031 2913 2121 2987 gio
2141 2912 2466 2968 etiamnunc
2495 2914 2566 2969 ab
2593 2929 2657 2969 ea
2689 2914 2809 2986 ipsa
2840 2915 3011 2979 tribu,
3043 2913 3244 2971 Indicae
3267 2915 3604 2971 vocabulum

2030 3003 2263 3069 obtinet,
2291 3011 2346 3059 et
2373 3004 2551 3060 omnis
2579 3004 2796 3059 illorum
2834 3014 3136 3061 conventus
3163 3004 3478 3062 Judazorum
3505 3022 3605 3077 ap-

2030 3095 2281 3166 pellatur.
2313 3094 2404 3151 Sic
2433 3095 2597 3167 igitur
2647 3097 3017 3169 intelligamus
3052 3096 3199 3169 quod
3241 3098 3449 3154 dictum
3494 3108 3599 3163 est,

2030 3192 2289 3256 tanquam
2345 3186 2391 3242 si
2442 3186 2790 3244 manifestius
2826 3189 3071 3253 dixisset.
3105 3206 3216 3246 non
3254 3190 3468 3245 desinet
3500 3192 3603 3245 toti

2028 3276 2172 3347 genti
2194 3290 2427 3346 praeesse
2443 3277 2622 3333 tribus
2636 3275 2665 3332 J
2671 3277 2798 3344 uda,
2819 3278 2983 3350 372
2997 3295 3063 3336 ex
3085 3295 3195 3351 quo
3214 3277 3599 3351 Symmachus,

2032 3385 2052 3419 ι
2087 3366 2207 3422 Νοη
2260 3367 2558 3434 auferetur,
2605 3369 2803 3440 inquit,
2858 3379 3102 3441 poteStas
3145 3370 3213 3426 de
3244 3369 3405 3435 Juda,
3440 3390 3463 3424 ι
3515 3372 3600 3426 sic

2025 3460 2215 3531 utique
2236 3459 2381 3530 juris
2405 3459 2687 3530 cujusdam
2710 3462 3012 3532 amplioris,
3041 3472 3094 3519 et
3128 3464 3469 3534 principatus
3496 3479 3598 3518 at;-

2024 3552 2333 3608 ctoritatem
2374 3554 2493 3623 ejus
2534 3569 2655 3625 quae
2684 3561 2875 3625 postea
2904 3557 3089 3610 futura
3116 3564 3261 3611 esset
3294 3556 3470 3612 tribus
3496 3554 3596 3610 Ju-

2022 3642 2113 3706 da,
2154 3645 2313 3701 nobis
2364 3644 2769 3717 intelligendam
2824 3661 3156 3719 proponens.
3215 3646 3391 3717 llujus
3446 3648 3594 3704 enim

2021 3752 2198 3808 neque
2220 3746 2515 3809 sceptrum,
2551 3746 2611 3793 ut
2628 3736 2821 3810 Aquila
2852 3737 3029 3810 inquit
3056 3740 3208 3812 (regii
3238 3755 3401 3811 porro
3441 3741 3596 3811 prin-

2020 3831 2234 3901 cipatus
2266 3833 2481 3905 signum
2513 3832 2617 3889 hoc
2649 3834 2806 3905 erat)
2832 3875 2849 3901 ,
2904 3848 3083 3903 neque
3130 3841 3453 3904 potestatem
3484 3873 3499 3897 ,
3534 3840 3594 3887 ut

2023 3922 2403 3996 Symmachus,
2445 3926 2716 3982 sublatum
2752 3927 2820 3983 iri
2849 3926 3201 3992 vaticinatur,
3242 3945 3261 3979 ι
3295 3926 3469 3982 donec
3498 3939 3595 3997 ve-

2020 4017 2158 4080 niat,
2186 4018 2386 4089 inquit,
2410 4021 2498 4073 cui
2526 4020 2826 4089 repositum
2856 4025 2966 4081 est,
2997 4035 3016 4069 ι
3069 4027 3231 4087 atque
3263 4016 3440 4087 ipsum
3477 4014 3594 4071 fore

2018 4110 2478 4180 exspectationem
2501 4110 2761 4180 gentium.
2794 4109 2898 4165 Sed
2928 4123 3091 4180 quam
3123 4107 3343 4163 tandem
3365 4122 3594 4177 exspec-

2019 4199 2303 4265 tationem,
2332 4199 2438 4253 nisi
2484 4198 2552 4254 de
2582 4213 2690 4269 qua
2718 4198 2848 4254 olim
2890 4207 2944 4254 et
2982 4196 3087 4268 ipsi
3119 4196 3416 4262 Abraham,
3440 4207 3493 4252 et
3519 4196 3591 4251 iis

2016 4288 2112 4360 qui
2142 4288 2414 4344 Abraham
2447 4289 2619 4345 secuti
2653 4296 2782 4346 sunt
2826 4288 3094 4360 patribus,
3126 4288 3346 4342 oracula
3377 4287 3589 4343 reddita

2016 4381 2172 4436 sunt?
2194 4379 2437 4436 Primum
2464 4381 2630 4452 igitur
2655 4381 2914 4436 admirari
2927 4396 3107 4452 operat
3128 4381 3364 4451 pretium
3399 4380 3587 4445 fuerit,

336 4472 505 4527 εἰσέτι
531 4472 626 4526 νύν
651 4472 1038 4544 ἀναγορεύεται
1068 4474 1437 4545 προσηγορία*
1468 4477 1531 4529 οὐ
1565 4478 1631 4530 δι’
1662 4477 1847 4549 ἔτερον
1875 4480 1908 4551 ἢ

2025 4471 2145 4543 quid
2178 4473 2272 4538 ita,
2301 4486 2425 4528 cum
2453 4472 2738 4529 duodecim
2764 4472 3113 4530 Hebraeorum
3132 4472 3311 4527 tribus
3333 4482 3586 4537 essent,a

334 4563 423 4618 διὰ
453 4565 516 4617 τὸ
546 4563 647 4633 τῆς
679 4563 1010 4635 προφητείας
1039 4563 1238 4633 λόγιον,
1267 4567 1334 4637 τῇ
1362 4564 1457 4619 τοῦ
1496 4565 1665 4620 Ἰούδα
1686 4567 1824 4640 φυλῇ
1855 4568 1913 4622 τὸ

333 4655 563 4728 ἀρχικὸν
616 4654 887 4727 περιάψαν
930 4654 1166 4728 ἀξίωμα.
1213 4655 1374 4710 Ἀλλά
1419 4657 1514 4712 καὶ
1556 4658 1657 4731 τὴν
1687 4659 1911 4731 πάτριον

332 4746 516 4801 αὐτῶν
548 4745 731 4818 χώραν
774 4746 1032 4801 Ἰουδαίαν
1076 4746 1164 4801 διὰ
1196 4746 1293 4819 τὴν
1317 4748 1485 4820 αὐτὴν
1522 4749 1912 4806 ἀποκαλεῖσθαι

335 4839 623 4911 συμϐαίνει
652 4839 851 4895 αἰτίαν.
904 4840 1057 4894 Ἐπεὶ
1091 4839 1181 4894 διὰ
1227 4839 1280 4893 τί
1314 4839 1389 4912 μὴ
1422 4841 1531 4894 ἀπὸ
1566 4841 1661 4896 τοῦ
1693 4841 1910 4915 πρώτου

329 4931 443 4985 τῶν
466 4930 693 4996 δώδεκα,
727 4931 869 5001 λέγω
903 4932 962 4986 δέ
992 4930 1103 4986 ἀπὸ
1138 4930 1231 4985 τοῦ
1266 4930 1509 5005 Ῥουϐὶμ,
1538 4933 1601 4986 τὸ
1634 4933 1783 4998 ἔθνος
1811 4935 1911 4989 αὐ-

330 5022 442 5078 τῶν
487 5024 855 5097 ἐχρημάτισες
885 5025 1083 5099 Καίτοι
1122 5024 1276 5097 παρά
1322 5024 1400 5097 τῷ
1447 5026 1577 5098 θείῳ
1620 5027 1769 5099 νόμῳ
1800 5027 1909 5083 τῶν

332 5115 693 5188 πρωτοτόκων
717 5116 1126 5188 τετιμημένων;
1152 5115 1254 5170 Διά
1283 5116 1335 5169 τί
1362 5117 1418 5170 δὲ
1451 5118 1526 5190 μὴ
1556 5118 1663 5172 ἀπὸ
1686 5119 1786 5190 τῆς
1812 5119 1907 5173 τοῦ

330 5205 484 5273 Λευτ,
517 5206 653 5279 ὁμοῦ
682 5209 777 5262 καὶ
802 5208 880 5280 τῷ
906 5208 1082 5279 χρόνῳ
1112 5208 1208 5264 καὶ
1233 5207 1312 5280 τῷ
1352 5210 1450 5280 τῆς
1495 5211 1791 5283 ἱερωσύνης
1827 5229 1909 5265 τι·

334 5297 547 5369 μήματι
574 5298 664 5353 τὸν
692 5298 890 5354 Ἰούδαν
921 5300 1322 5371 παρεξάγοντος
1344 5317 1359 5366 ;
1387 5301 1451 5353 Τί
1475 5301 1531 5355 δὲ
1554 5302 1674 5373 οὐχὶ
1707 5303 1905 5373 μᾶλλον

328 5387 441 5442 ἀπὸ
466 5388 561 5442 τοῦ
596 5389 790 5461 Ἰωσὴφ
815 5392 1150 5463 χρηματίσαι
1186 5392 1383 5463 συνέϐη
1413 5392 1474 5447 τὸ
1500 5394 1605 5448 πᾶν
1635 5393 1786 5459 ἔθνος
1810 5395 1904 5471 καὶ

327 5481 429 5548 τὴν
458 5479 663 5554 χώραν,
694 5481 782 5536 διά
813 5483 874 5535 τὸ
905 5482 1001 5536 καλ⁹
1047 5483 1213 5541 πάλαι
1247 5485 1426 5557 πάσης
1463 5486 1523 5539 ού
1553 5486 1711 5557 μόνον
1737 5487 1904 5556 Αίγύ-

329 5587 488 5637 πτου,
530 5572 667 5627 ἀλλά
709 5574 802 5628 καὶ
839 5572 949 5628 τῶν
996 5575 1211 5631 οἰκείων
1249 5575 1309 5630 τὸ
1341 5575 1541 5647 κράτος
1592 5576 1902 5648 ἀνάψασθαι

325 5662 535 5730 τοῦτον,
564 5665 691 5731 τούς
716 5685 772 5721 τε
807 5666 865 5735 ἐξ
896 5667 1074 5741 αὐτῶν
1106 5668 1429 5741 γενομένους
1477 5673 1708 5741 μακροῖς
1754 5670 1903 5725 ὓστε-

325 5772 423 5827 ρον
454 5757 666 5842 χρόνοις
692 5759 785 5814 ἐπὶ
814 5759 1062 5815 πλεῖστον
1090 5761 1220 5833 ὅσον.
1237 5761 1379 5817 ὅλων
1403 5761 1555 5817 ἐννέα
1596 5761 1775 5834 φυλῶν
1805 5764 1897 5819 τοῦ
1924 5813 1965 5837 ι

2014 4566 2162 4620 nulla
2183 4566 2286 4620 alia
2308 4565 2414 4620 nisi
2438 4566 2506 4621 ab
2534 4580 2644 4621 una
2672 4567 2847 4637 ipsius
2876 4564 3038 4630 Juda,
3055 4565 3234 4636 gentis
3257 4565 3419 4621 etiam
3437 4579 3613 4648 nune

2013 4656 2309 4727 appellatio
2335 4664 2648 4727 usurpetur.
2668 4658 2823 4724 Quod
2854 4672 2956 4728 ego
2971 4656 3190 4727 quidem
3222 4670 3329 4710 non
3354 4654 3583 4711 obaliud

2012 4748 2309 4821 contigisse
2331 4749 2590 4813 arbitror,
2625 4765 2787 4821 quam
2810 4751 2882 4806 ob
2910 4749 3086 4820 ipsius
3118 4749 3416 4821 prophetiae
3457 4764 3582 4804 ora-

2011 4843 2218 4905 culum,
2247 4840 2391 4911 quod
2424 4841 2517 4895 uni
2542 4841 2709 4897 tribui
2731 4839 2872 4895 Juda
2896 4842 3242 4912 principatus
3257 4840 3579 4911 dignitatem

2010 4935 2277 4990 attribuit.
2309 4932 2454 5000 Quin
2482 4934 2646 4989 etiam
2679 4934 2852 5004 patria
2898 4933 3140 5004 ipsorum
3189 4939 3359 4998 terra,
3392 4930 3581 4987 eadem

2009 5027 2076 5083 de
2101 5042 2267 5083 causa
2287 5024 2487 5081 Iudaea:
2503 5026 2915 5097 appellationem
2950 5023 3142 5080 sortita
3173 5033 3278 5079 est.
3310 5022 3421 5079 Cur
3435 5022 3581 5078 enim

2009 5138 2195 5194 quaeso
2224 5137 2351 5176 cum
2375 5120 2664 5177 duodecim
2691 5119 2916 5185 fuerint,
2950 5134 3060 5174 non
3091 5118 3162 5174 ab
3180 5133 3369 5174 eorum
3402 5117 3581 5190 primo

2007 5210 2198 5267 Ruben
2230 5227 2363 5283 gens
2391 5210 2705 5267 eorumdem
2727 5208 2991 5280 appellata
3019 5215 3104 5264 est
3130 5208 3300 5263 lcum
3347 5221 3578 5277 praeser-

2008 5306 2105 5360 tim
2135 5311 2269 5359 natu
2289 5302 2511 5357 maximi
2535 5302 2842 5372 potioresin
2865 5301 2982 5373 lege
2998 5300 3184 5356 divina
3210 5297 3581 5355 haberentur?

2005 5395 2118 5453 Cur
2134 5411 2244 5451 non
2265 5396 2393 5451 item
2424 5392 2618 5459 aLevi,
2641 5394 2734 5465 qui
2751 5402 2804 5448 et
2832 5401 2991 5449 aetate
3005 5400 3059 5449 et
3076 5408 3251 5449 sacrae
3277 5392 3577 5448 functionis

2004 5489 2215 5545 honore
2251 5488 2447 5544 Judam
2500 5486 2792 5542 anteibat?
2853 5484 2991 5541 Cum
3035 5502 3166 5541 vero
3223 5486 3325 5557 ipsi
3370 5484 3575 5555 Ioseph

2004 5581 2279 5653 quondam
2311 5595 2419 5635 non
2450 5579 2611 5634 modo
2655 5576 2878 5649 Egypti
2929 5580 3217 5659 universas,
3268 5576 3363 5634 sed
3407 5576 3572 5633 etiam

2003 5687 2227 5728 suorum
2255 5670 2542 5741 imperium
2576 5670 2854 5740 obtigerit,
2884 5686 3117 5742 cumque
3148 5671 3217 5726 ab
3242 5670 3333 5725 illo
3355 5667 3573 5724 oriundi

2002 5765 2190 5822 multis
2211 5771 2333 5835 post
2379 5761 2596 5820 saeculis
2627 5761 2721 5818 diu
2745 5752 3060 5832 admodum,
3100 5764 3229 5820 totis
3246 5762 3365 5835 ejus
3396 5757 3575 5832 gentis
3668 5789 3671 5792 ‹
