4106 6420
537 334 642 392 583

1136 333 1405 389 EUSEBII
1443 333 1925 391 CESARIENSIS
1958 330 2107 389 OPP.
2149 329 2351 387 PARS.
2396 331 2459 386 ll.
2497 361 2569 374 --
2609 334 3106 392 APOLOGETICA.

3712 339 3857 395 585

538 430 1018 504 novemtrihubus
1054 445 1375 516 praefuerint
1394 487 1410 510 .
1434 463 1536 504 cur
1563 466 1675 505 non
1709 449 1778 504 ab
1801 462 1868 504 eo
1903 447 2129 519 potissi-

2233 442 2416 510 ἔθνους
2446 446 2774 517 ἡγήσασθαι,
2823 449 2893 502 δι’
2921 448 3015 514 οὓς
3060 451 3155 506 καὶ
3193 450 3394 522 μᾶλλον
3428 450 3576 517 είκδς
3620 448 3692 525 ῆν
3722 456 3857 526 τὴν

538 554 688 595 tuum
724 545 839 591 tota
868 552 1024 607 gens,
1060 536 1286 608 ipsaque
1309 540 1459 610 regio
1478 555 1679 595 nomen
1705 542 1939 610 accepit,
1960 555 2132 609 quan-

539 630 835 703 doquidem
884 630 957 685 ob
994 645 1092 686 eos
1142 630 1325 701 ipsos,
1353 648 1493 702 quos
1527 634 1596 688 ab
1621 632 1827 703 Joseph
1861 631 2129 688 oriundos

537 720 974 792 diximus,longe
998 720 1286 777 honestius
1316 723 1764 794 probabiliusque
1793 731 1933 787 erat,
1959 735 2129 780 totam

536 823 757 888 gentem
815 822 1098 884 totamque
1152 815 1431 885 regionem
1463 832 1494 869 ει
1527 818 1705 886 primo
1750 818 1845 871 illo
1878 818 2125 887 ipsorum

537 913 767 977 parente
823 907 1210 962 denominari?
1260 908 1503 979 Denique
1535 918 1736 979 praeter
1781 910 1881 965 hos
1938 924 2132 966 omnes

538 1001 667 1071 quis
719 1014 831 1054 non
862 998 1151 1063 concedat,
1187 1001 1381 1055 merito
1412 1002 1535 1057 illos
1583 1017 1614 1055 a
1645 1001 1930 1071 Benjamin
1962 1002 2131 1058 fuisse

538 1091 999 1155 denou'iinandos,
1032 1093 1193 1161 cujus
1221 1094 1529 1163 posteritati
1559 1110 1624 1149 ac
1654 1095 1855 1158 tribui,
1888 1096 2133 1151 celeber-

541 1184 679 1237 rima
708 1184 951 1253 ipsorum
981 1184 1175 1239 civitas
1198 1226 1213 1249 ,
1247 1201 1370 1255 quae
1428 1202 1617 1257 regum
1666 1187 1810 1257 apud
1847 1186 2001 1258 ipsos
2030 1187 2130 1243 (ιο.

540 1276 807 1330 micilium
857 1276 994 1341 fuit,
1036 1283 1090 1333 et
1138 1276 1283 1347 quod
1344 1279 1398 1331 in
1453 1294 1516 1333 ea
1563 1279 1978 1334 sanctissimum
2034 1279 2127 1336 Dei

540 1368 806 1438 templum
834 1378 1081 1423 erectum
1112 1377 1219 1433 est,
1254 1371 1309 1424 in
1344 1381 1552 1426 sortem
1603 1372 1929 1427 concessit?
1976 1372 2129 1428 Atta-

541 1476 666 1514 men
703 1476 878 1518 neoue
914 1462 982 1516 ab
1014 1461 1208 1515 harum
1247 1463 1456 1530 aliqua,
1505 1480 1684 1534 neque
1708 1480 1738 1518 a
1764 1467 2126 1536 reliquarum,

542 1562 635 1608 seu
663 1564 730 1607 at)
769 1570 878 1609 una
913 1554 1087 1625 ipsius
1115 1553 1255 1610 Juda
1291 1558 1439 1612 tribu
1461 1558 1628 1614 totius
1661 1559 1838 1629 gentis
1862 1575 1927 1614 ac
1957 1562 2132 1630 regio.

542 1647 632 1701 nis
659 1647 952 1717 appellatio
978 1649 1141 1703 ducta
1159 1660 1262 1713 εει,
1288 1650 1433 1704 sicut
1458 1651 1746 1721 prophetia
1782 1651 2127 1722 przedixerat.

546 1739 637 1793 Sic
666 1756 801 1795 sane
839 1740 973 1795 illud
1004 1760 1016 1794 :
1053 1759 1072 1791 ι
1111 1740 1230 1796 Νυιι
1270 1742 1489 1798 deliciet
1522 1746 1779 1815 princeps
1812 1746 1879 1800 de
1912 1745 2073 1811 Juda,
2106 1766 2124 1800 ι

2233 536 2328 589 τοῦ
2370 538 2713 609 προπάτορος
2761 541 3078 612 ἐπωνυμίαν
3125 543 3188 595 τὸ
3239 544 3349 597 πᾶν
3394 541 3546 607 ἔθνος
3592 547 3686 599 καὶ
3724 547 3856 615 τὴν

2232 627 2418 700 χώραν
2471 630 2917 702 ἐπιγράψασθαις
2974 634 3070 698 Τίς
3108 634 3152 686 δ’
3208 636 3309 688 οὐκ
3366 634 3431 689 ἂν
3487 637 3854 709 ὁμολογήσαι

2232 721 2382 790 παρὰ
2423 720 2645 785 τούτους
2680 723 2925 787 ἅπαντας
2958 724 3195 794 εὐλόγως
3232 726 3298 779 ἂν
3327 728 3391 780 ἐκ
3432 726 3526 781 τοῦ
3559 729 3854 800 Βενιαμᾙο

2229 807 2331 879 τὴν
2364 810 2680 881 ἐπωνυμίαν
2711 813 2908 876 αὐτοὺς
2953 814 3157 878 λαϐεῖν,
3189 817 3485 889 ἐπειδήπερ
3513 822 3578 890 τῇ
3625 819 3852 873 τούτου

2232 900 2371 973 φυλῇ
2402 904 2434 973 ἡ
2466 904 2790 976 περιϐόητος
2813 906 2993 960 αὐτῶν
3024 906 3273 981 βασιλικὴ
3318 911 3672 982 μητρόπολις.
3699 915 3733 967 ὅ
3771 929 3852 966 τε

2232 989 2325 1042 ἐπὶ
2372 992 2575 1064 ταύτης
2617 993 2918 1062 ἁγιώτατος
2969 998 3063 1052 τοῦ
3109 998 3244 1053 Θεοῦ
3279 1000 3416 1066 νεὼς
3456 1004 3793 1075 κεκλήρωτο
3826 1017 3848 1067 ;

2245 1083 2381 1136 Ἀλλ’
2409 1085 2557 1156 ὅμως
2589 1087 2697 1140 οὐδ’
2741 1088 2806 1141 ἐκ
2839 1089 3067 1151 τούτων.
3101 1092 3210 1146 οὐδ’
3240 1093 3299 1159 ἐξ
3344 1094 3538 1167 ἐτέρας
3574 1098 3608 1169 ἥ
3649 1097 3847 1168 μόνης,

2231 1176 2297 1227 ἐκ
2328 1174 2427 1245 τῆς
2474 1176 2644 1230 Ἰούδα
2685 1178 2857 1250 φυλῆς
2904 1183 2937 1251 ἡ
2979 1183 3077 1252 τῆς
3116 1183 3300 1256 χώρας
3341 1187 3436 1239 καὶ
3478 1186 3572 1240 τοῦ
3618 1190 3845 1252 παντὸς

2232 1266 2417 1331 ἐθνους
2460 1272 2802 1343 προσηγορία
2844 1272 3103 1344 διέπρεψε
3135 1278 3201 1347 τῇ
3248 1279 3555 1350 προφητεία
3587 1280 3842 1334 ἀκολού-

2231 1360 2358 1425 θως.
2383 1360 2539 1416 Οῦτω
2558 1364 2618 1432 γέ
2644 1382 2725 1417 τοι
2750 1366 2830 1429 τὸ,
2863 1385 2881 1416 ι
2906 1368 3019 1420 Οὐκ
3042 1368 3280 1440 ἐκλείψει
3302 1370 3483 1442 ἄρχων
3505 1372 3565 1438 ἐξ
3591 1375 3795 1437 Ἰούδα,
3813 1396 3836 1425 ι

2231 1455 2325 1507 ἐπὶ
2356 1454 2454 1526 τὴν
2494 1456 2666 1528 φυλὴν
2702 1460 2831 1530 ἡμῖν
2861 1460 3233 1532 ἁνενήνεκται,
3280 1465 3375 1516 καὶ
3425 1465 3601 1540 μόνως
3641 1467 3841 1532 οὕτως

2231 1546 2445 1617 άληθῶς
2471 1550 2502 1619 ή
2530 1550 2834 1623 πρόρρησις
2852 1551 3192 1608 ἀποδέδοται.
3210 1556 3343 1609 Ἀπὸ
3370 1556 3502 1625 γοῦν
3530 1557 3636 1611 τῶν
3660 1561 3839 1614 Muri-

2234 1638 2371 1703 σέως
2396 1640 2602 1711 χρόνων
2636 1642 2872 1714 καθεξῆς
2903 1646 2963 1698 οὐ
2993 1645 3230 1701 διέλιπον
3263 1651 3481 1720 μερικοὶ
3508 1651 3612 1722 μὲν
3636 1652 3840 1707 αὐτῶν

2231 1731 2510 1804 ἄρχοντες,
2532 1737 2596 1788 ἐκ
2635 1736 2930 1810 διαφόρων,
2951 1739 3027 1805 ὡς
3059 1740 3215 1813 ἔφην,
3248 1743 3430 1812 φυλῶν
3454 1746 3835 1817 ἡγησάμενοι,

543 1832 610 1887 ad
643 1832 817 1903 ipsam
863 1833 1066 1888 tribum
1093 1850 1124 1888 a
1153 1835 1314 1889 nobis
1360 1836 1594 1890 relatum
1640 1845 1747 1900 est,
1797 1845 1849 1893 et
1884 1840 1985 1894 hoc
2014 1854 2123 1894 uno

2233 1825 2458 1880 καθόλου
2484 1827 2540 1881 δέ
2567 1830 2600 1900 ή
2633 1829 2724 1883 τοῦ
2772 1831 2942 1886 Ἰούδα
2972 1834 3114 1905 φυλὴ
3144 1836 3343 1901 παντὸς
3373 1839 3695 1909 προεστῶσα
3719 1835 3834 1894 τοῦ

543 1922 814 1977 duntaxat
852 1924 1013 1979 modo
1046 1926 1254 1980 oraculi
1289 1926 1492 1983 veritas
1534 1927 1711 1982 locum
1748 1929 1932 1986 habet.
1958 1929 2127 1985 Nam-

543 2031 652 2088 que
675 2031 704 2070 a
728 2015 898 2073 Musis
923 2033 1098 2088 usque
1134 2018 1498 2088 temporibus,
1534 2021 1797 2092 deinceps
1828 2038 1937 2077 non
1978 2023 2133 2079 defc-

543 2117 739 2163 cerunt
775 2111 1134 2179 particulares
1165 2109 1386 2180 quidem
1432 2111 1675 2181 ipsorum
1726 2112 2003 2184 principes
2035 2116 2128 2183 qui

544 2214 610 2256 ex
663 2198 920 2262 diversis,
956 2208 1015 2253 ut
1047 2198 1254 2253 dictum
1282 2210 1388 2265 est,
1426 2202 1701 2267 tribubus,
1727 2204 1875 2273 genti
1903 2205 2132 2275 praefue-

544 2292 676 2356 rint,
708 2292 871 2364 373
909 2294 964 2347 in
993 2295 1314 2350 universum
1370 2304 1548 2351 autem
1584 2295 1917 2353 tribusJuda
1943 2338 1959 2365 ,
2009 2314 2131 2370 quae

545 2388 714 2443 totius
735 2389 914 2460 gentis
966 2388 1334 2459 principatum
1359 2391 1621 2447 tenuerit.
1651 2390 1915 2462 Exemplo
1944 2400 2128 2448 autem

545 2481 600 2537 id
627 2482 773 2553 quod
826 2489 960 2536 tunc
989 2482 1196 2536 dictum
1239 2489 1343 2544 est,
1372 2485 1467 2538 tibi
1499 2485 1748 2555 apertius
1777 2486 2029 2556 liquebit.
2060 2484 2130 2542 Ut

545 2575 692 2629 enim
733 2574 789 2628 in
825 2572 1074 2629 Romano
1116 2576 1343 2645 imperio
1368 2576 1707 2646 singularum
1737 2579 1977 2648 gentium
2003 2594 2130 2649 μου

545 2678 854 2730 curatores,
906 2674 966 2721 et
1006 2668 1267 2737 praesides
1299 2678 1673 2740 praetoresque
1719 2678 1775 2725 et
1819 2678 2129 2726 castrorum

546 2759 812 2830 praefecti,
856 2766 909 2814 et
948 2761 1042 2831 qui
1093 2775 1285 2816 omnes
1318 2762 1586 2833 dignitate
1633 2771 1915 2832 auteeunt,
1948 2781 2126 2836 reges,

546 2864 657 2905 non
684 2851 909 2905 omnino
937 2866 1129 2905 omnes
1155 2850 1223 2906 de
1252 2852 1368 2921 ipsa
1396 2851 1638 2907 Romana
1674 2853 1807 2909 urbe
1836 2855 2130 2924 capiuntur

547 2957 725 3013 neque
747 2943 815 2998 de
840 2942 993 2997 Remi
1025 2944 1139 2998 sive
1163 2943 1379 2998 Romuli
1408 2961 1627 3015 genere,
1657 2946 1752 3002 sed
1780 2963 1844 3003 ex
1876 2949 2130 3005 innume-

546 3036 837 3103 rabilibus,
868 3036 1009 3092 alius
1056 3037 1299 3103 aliunde,
1340 3038 1682 3103 nationibus,
1715 3055 1907 3096 omnes
1949 3049 2128 3096 tamen

549 3136 605 3184 et
636 3143 791 3201 reges
829 3136 884 3185 et
915 3131 1006 3200 qui
1052 3138 1176 3200 post
1214 3131 1363 3201 ipsos
1406 3131 1651 3186 secundo
1677 3134 1798 3188 loco
1824 3134 2124 3205 principes,

2231 1918 2414 1985 ἔθνους
2468 1922 2882 1996 Παραδείγματι
2913 1926 2970 1979 δέ
3001 1927 3270 2001 καταδέξῃ
3291 1928 3355 1983 τὸ
3374 1932 3684 2003 εἰρημένον.
3727 1934 3834 1997 Ὠς

2234 2011 2344 2083 γάρ
2382 2012 2473 2066 ἐπὶ
2488 2013 2586 2083 τῆς
2628 2016 2913 2087 Ῥωμαίων
2945 2020 3119 2091 ἀρχῆς
3151 2023 3199 2074 οἱ
3230 2022 3328 2092 μὲν
3359 2023 3479 2076 κατ’
3512 2024 3666 2087 ἔθνος
3691 2026 3830 2079 ἐπί-

2228 2104 2419 2176 τροποί
2458 2122 2517 2158 τε
2551 2109 2645 2160 καὶ
2685 2110 3011 2180 ἡγούμενοι,
3042 2112 3271 2186 ἐπαρχοί
3295 2132 3357 2169 τε
3387 2117 3480 2169 καὶ
3514 2134 3829 2189 στρατοπε-

2228 2194 2455 2268 δάρχαι,
2490 2199 2544 2251 οῖ
2585 2216 2645 2253 τε
2681 2202 2896 2256 πάντων
2938 2204 3198 2259 ἀνωτάτω
3225 2206 3497 2277 βασιλεῖς,
3524 2209 3585 2262 οῦ
3612 2212 3828 2274 πάντες

2229 2292 2293 2344 ἐκ
2325 2290 2432 2345 τῶν
2486 2291 2769 2365 Ῥωμαίων
2815 2296 3089 2368 όρμῶνται
3134 2300 3342 2365 πόλεως
3363 2342 3379 2368 ,
3417 2302 3536 2356 οὐδε
3581 2305 3690 2358 ἀπὸ
3717 2304 3826 2360 τοῦ

2242 2381 2453 2454 Ῥώμου
2486 2386 2580 2439 καὶ
2616 2387 2896 2458 Ῥωμύλου
2927 2394 3152 2463 σπορᾶς,
3172 2394 3284 2447 ἀλλ’
3313 2395 3375 2448 ἐκ
3394 2398 3625 2467 μυρίων,
3653 2396 3825 2460 ἄλλος

2230 2474 2479 2543 ἄλλοθεν,
2513 2477 2701 2543 ἐθνῶν,
2735 2483 2884 2552 ὅμως
2909 2483 2966 2537 δέ
2997 2486 3045 2538 οἱ
3080 2486 3281 2551 πάντες
3314 2486 3551 2558 βασιλεῖς
3588 2508 3646 2544 τε
3666 2534 3681 2556 ,
3717 2492 3823 2545 ml.

2229 2566 2277 2619 οἱ
2311 2567 2427 2636 μετ’
2454 2568 2649 2628 αὐτοὺς
2665 2569 2925 2642 ἄρχοντες
2952 2573 3046 2626 καὶ
3062 2575 3356 2646 ἡγούμενοι
3377 2577 3485 2631 τῶν
3523 2577 3823 2651 Ῥωμαίων

2230 2656 2625 2729 ἐπιγράφονται
2657 2664 3058 2735 προσηγορίαν,
3108 2666 3398 2738 Ῥωμαίων
3428 2686 3489 2723 τε
3520 2664 3591 2724 τδ
3611 2673 3822 2742 κράτος

2231 2750 2634 2822 ἐπωνόμασται,
2668 2754 2764 2807 καὶ
2792 2755 2996 2828 ταύτης
3025 2756 3257 2831 ἐξῆπται
3279 2760 3382 2832 τῆς
3425 2764 3743 2835 ἐπωνυμίας
3780 2766 3820 2837 ἡ

2230 2842 2349 2896 καθ’
2387 2843 2669 2916 Ἐϐραίους
2696 2849 2798 2921 χρὴ
2824 2853 2966 2904 νοεῖν
3001 2853 3339 2923 πραγμάτων
3362 2871 3378 2886 ·
3415 2856 3546 2926 μιᾶς
3581 2857 3679 2927 μὲν
3710 2876 3822 2911 καο

2233 2928 2386 2983 θόλου
2422 2933 2521 3004 τῆς
2556 2934 2648 2987 τοῦ
2690 2936 2856 2991 Ἰούδα
2897 2938 3070 3010 φυλῆς
3098 2942 3238 2996 κατὰ
3271 2942 3364 2997 τοῦ
3395 2946 3597 3009 παντὸς
3624 2946 3820 3013 ἔθνους

2232 3023 2772 3099 ἐπιπεφημισμένης,
2803 3029 2912 3083 τῶν
2937 3030 2995 3084 δέ
3026 3032 3166 3086 κατὰ
3210 3034 3376 3107 μέρος
3398 3038 3718 3109 ἡγουμένων
3749 3057 3817 3093 τε

2234 3115 2328 3168 καλ⁸
2356 3113 2619 3184 βασιλέων
2651 3118 2714 3171 ἐκ
2745 3118 3014 3192 διαφόρων
3043 3121 3460 3197 καθισταμένων
3491 3127 3695 3197 φυλῶν,
3714 3146 3820 3183 κα-

551 3221 920 3292 praesidesque
970 3222 1241 3277 habentur
1275 3261 1289 3285 ,
1343 3220 1719 3278 Romanorum
1770 3204 2130 3295 appellatione

2234 3207 2386 3261 θόλου
2425 3209 2482 3262 δὲ
2507 3212 2573 3281 τῇ
2606 3210 2700 3264 τοῦ
2746 3210 2916 3265 Ἰούδα
2948 3214 3272 3286 τιμωμένων
3307 3221 3666 3293 προσηγορίᾳ.
3709 3224 3820 3276 Δε-

550 3325 831 3382 notantur,
865 3326 917 3371 et
952 3314 1326 3373 Romanorum
1359 3318 1749 3375 denominatur
1812 3319 2125 3391 imperium,

547 3417 603 3464 et
641 3423 760 3462 eam
811 3409 1310 3465 denominationem
1355 3410 1411 3464 in
1436 3412 1754 3466 universum
1785 3425 1977 3468 omnes
2015 3429 2132 3466 ma-

548 3501 811 3572 gistratus
839 3503 1112 3573 attingunt
1146 3520 1161 3569 ;
1189 3503 1270 3557 sic
1290 3511 1453 3558 etiam
1482 3505 1538 3559 in
1571 3504 1738 3559 rebus
1778 3502 2129 3559 Hebraeorum

548 3594 888 3650 constituere
934 3595 1346 3667 intelligereque
1408 3605 1667 3666 oportet,
1711 3602 1976 3666 tanquam
2019 3612 2130 3650 una

549 3687 767 3758 quidem
799 3689 855 3742 in
886 3690 1205 3744 universum
1236 3691 1413 3745 tribus
1434 3689 1596 3755 Juda,
1623 3699 1793 3746 totam
1827 3700 2045 3761 gentem
2064 3689 2132 3744 de

549 3795 652 3835 suo
678 3781 902 3837 neruine
930 3782 1201 3838 illustrem
1234 3783 1571 3851 reddiderit,
1604 3784 1969 3855 particulares
2002 3798 2132 3838 vero

549 3872 719 3929 duces
748 3890 811 3929 ac
836 3890 992 3946 reges
1026 3892 1093 3931 ex
1125 3876 1362 3932 diversis
1400 3878 2007 3942 cxstiterintlribubus,
2039 3877 2133 3948 qui

550 3971 735 4019 tamen
761 3965 1038 4020 communi
1070 3965 1162 4020 illa
1187 3965 1341 4021 Iudae.
1362 3968 1726 4038 appellatione
1747 3971 2009 4025 honorem
2037 3982 2131 4021 ac-

551 4057 818 4128 ceperint.
849 4056 969 4112 Non
1001 4058 1109 4113 alio
1137 4074 1268 4130 ergo
1306 4075 1469 4131 quam
1507 4060 1574 4116 ad
1596 4069 1771 4116 totam
1811 4062 2015 4116 tribum
2042 4075 2120 4115 re-

551 4151 937 4215 fcraturiilud,
961 4151 1109 4222 quod
1136 4168 1164 4205 a
1198 4153 1463 4223 propheta
1486 4152 1695 4209 dictum
1735 4162 1821 4209 est
1858 4173 1873 4210 :
1915 4173 1933 4206 ‹
1967 4154 2131 4224 Juda,

550 4252 605 4300 te
638 4244 939 4300 laudabunt
978 4244 1178 4301 fratres
1208 4247 1308 4301 tui.
1346 4266 1364 4297 ι
1398 4243 1637 4301 Noverat
1654 4247 1799 4300 enim
1828 4247 1977 4301 illam
2006 4254 2133 4302 tan-

554 4352 719 4408 quam
752 4338 1131 4409 pratrogativae
1158 4353 1359 4394 munus
1382 4346 1758 4407 consecutam,
1788 4337 1996 4395 honore
2031 4355 2136 4395 oze—

552 4429 688 4484 teris
714 4430 969 4485 tribubus
995 4445 1120 4485 esse
1149 4431 1613 4502 anteponendam,
1635 4439 1690 4486 et
1710 4433 1966 4502 quoniam
1987 4433 2136 4503 prin-

2234 3299 2415 3368 γέσθω
2439 3301 2619 3355 τοίνυν
2651 3302 2725 3365 ὡς
2761 3303 2895 3374 πρὸς
2926 3305 3025 3377 τὴν
3046 3307 3174 3378 ὅλην
3206 3308 3377 3384 φυλὴν
3409 3311 3514 3364 ὑπὸ
3551 3312 3645 3366 τοῦ
3677 3330 3819 3386 προσ

2234 3393 2403 3464 φήτου
2445 3395 2537 3449 τὸ.
2576 3413 2594 3445 ι
2647 3394 2834 3459 Ἰούδα,
2871 3396 2931 3449 σὲ
2957 3399 3269 3454 αίνέσουσιν
3296 3404 3345 3456 οἱ
3373 3404 3590 3474 ἀδελφοί
3628 3423 3743 3462 σου.
3786 3429 3810 3460 ι

2234 3480 2354 3538 ῡῖδε
2380 3484 2489 3558 γὰρ
2521 3486 2710 3558 αὐτὴν,
2743 3486 2839 3540 ἇτε
2892 3491 3191 3562 προνομίας
3214 3493 3545 3568 ἠξιωμένην,
3573 3498 3680 3570 πρὸ
3700 3499 3818 3553 τῶν

2231 3577 2433 3632 λοιπῶν
2461 3578 2639 3648 φυλῶν
2670 3582 2992 3653 τετιμῆσθαι
3018 3601 3032 3614 ·
3068 3584 3160 3637 καὶ
3192 3587 3314 3641 ἐπεὶ
3345 3587 3573 3661 ἐξῆρχεν
3610 3593 3669 3644 ἐν
3703 3610 3818 3645 πο-

2232 3670 2450 3742 λέμοις,
2487 3674 2580 3728 καὶ
2624 3676 2760 3746 μόνη
2798 3675 2891 3729 τοῦ
2931 3677 3130 3741 παντὸς
3161 3677 3342 3743 ἔθνους
3373 3682 3558 3752 ἠγεῖτο
3593 3685 3653 3736 ἐν
3691 3688 3818 3748 ταῖς

2233 3764 2370 3837 πρὸς
2397 3768 2522 3829 τοὺς
2543 3766 2769 3838 ἐχθροὺς
2799 3769 3169 3841 παρατάξεσιν
3188 3812 3205 3836 ,
3245 3773 3471 3836 εἰκότως
3500 3775 3814 3844 ἐπιλέγεται

2234 3858 2368 3929 πρὸς
2393 3859 2560 3931 αὑτήν
2581 3876 2596 3892 ο
2645 3878 2664 3910 ι
2696 3863 2761 3913 Αἱ
2795 3863 2975 3934 χεῖρές
3018 3880 3110 3916 σου
3146 3866 3241 3918 ἐπὶ
3266 3863 3439 3919 νώτου
3465 3866 3574 3920 τῶν
3601 3869 3815 3939 ἐχθρῶν

2235 3968 2350 4004 σου.
2390 3972 2406 4001 ι
2445 3948 2581 4005 Εἶτα
2615 3952 2703 4007 διὰ
2739 3953 2800 4007 τδ
2838 3956 3062 4027 ἀρχικὸν
3098 3960 3194 4011 καὶ
3234 3956 3512 4029 βασιλικὸν
3559 3960 3810 4027 ἀξίωμα,

2240 4062 2258 4095 ι
2290 4043 2527 4114 σκύμνος
2554 4046 2764 4109 λέοντος
2785 4066 2803 4099 ι
2829 4040 2968 4102 εἶναι
2993 4048 3228 4119 λέγεται.
3259 4051 3661 4124 Σεμνυνόμενος
3698 4054 3755 4111 ει
3782 4057 3815 4107 ὁ

2235 4142 2535 4213 προπάτωρ
2561 4142 2698 4213 ὁμοῦ
2722 4143 2815 4197 καὶ
2832 4144 3116 4217 προφήτης
3135 4147 3228 4199 ἐπὶ
3238 4146 3316 4217 τῷ
3334 4147 3436 4219 τῆς
3457 4147 3630 4219 φυλῆς
3651 4149 3816 4215 ἀξιώ-

2237 4250 2399 4303 ματι,
2435 4234 2756 4307 προστίθησι
2790 4236 2995 4305 λέγων·
3036 4255 3054 4288 ι
3103 4238 3199 4291 Ἐκ
3240 4238 3505 4308 βλαστοῦ,
3546 4240 3628 4294 υἱέ
3671 4259 3809 4312 μου,

2234 4327 2454 4398 ἁνὲὃης.
2494 4348 2513 4379 ι
2548 4330 2620 4382 Τὸ
2647 4328 2702 4382 δὲ
2725 4369 2739 4393 ,
2792 4347 2810 4379 ι
2860 4328 3165 4383 Ἁναπεσὼν
3202 4332 3502 4404 ἐκοιμήθης
3536 4332 3612 4397 ὡς
3653 4333 3810 4397 λέων,

2235 4420 2329 4473 καὶ
2363 4419 2438 4484 ὡς
2483 4419 2719 4491 σκύμνος
2754 4418 2994 4485 λέοντος,
3021 4439 3039 4472 ι
3077 4420 3137 4475 τὸ
3165 4420 3368 4493 γαῦρον
3391 4420 3525 4493 ὁμοῦ
3558 4424 3651 4477 καὶ
3681 4422 3815 4496 θαρ-

553 4534 685 4593 ceps
715 4521 817 4577 fuit
845 4523 899 4577 in
932 4523 1107 4590 bellis,
1140 4530 1193 4577 et
1220 4524 1337 4577 sola
1358 4525 1416 4577 in
1440 4525 1795 4594 apparatibus
1822 4525 2130 4594 praeliorum

2240 4512 2427 4565 σαλὲον
2447 4551 2461 4574 ,
2491 4513 2584 4565 καὶ
2620 4511 2682 4565 τὸ
2713 4512 2820 4566 τῶν
2855 4513 3051 4578 ἔξωθεν
3085 4516 3347 4569 ἐπιόντων
3371 4516 3811 4589 ἀκατάπληκτον,

554 4613 823 4669 adversus
871 4615 1058 4670 hostes
1096 4616 1242 4686 genti
1278 4629 1391 4671 sua:
1432 4616 1702 4670 universae
1744 4614 1978 4685 praefuit,
2018 4632 2135 4672 me-

551 4706 664 4764 rito
725 4704 982 4778 deinceps
1025 4706 1093 4761 ad
1126 4707 1372 4762 eamdem
1424 4708 1557 4763 illud
1613 4723 1829 4779 quoque
1882 4702 2130 4764 diciturE

561 4816 582 4849 ι
605 4794 809 4854 Manus
841 4806 944 4854 tua:
964 4800 1020 4852 in
1048 4806 1202 4870 tergo
1232 4799 1575 4855 inimicorum
1599 4807 1841 4857 tuorum.
1885 4821 1903 4854 ι
1931 4800 2135 4859 Deinde

556 4902 778 4964 propter
794 4892 1181 4963 principatum,
1208 4901 1538 4963 propterque
1563 4894 1764 4963 regiam
1789 4894 2132 4965 dignitatem,

562 5002 582 5038 ι
624 4987 842 5042 catulus
889 4986 1065 5042 leonis
1108 5006 1126 5039 ι
1161 5001 1285 5042 esse
1331 4987 1555 5043 dicitur.
1589 4985 1789 5043 Gloria:
1837 4988 2004 5060 igitur
2030 4989 2135 5045 sibi

555 5079 807 5134 tribuens
836 5081 924 5135 hic
956 5088 1070 5135 tum
1111 5082 1326 5152 generis
1356 5082 1627 5151 princeps,
1664 5089 1779 5135 tum
1814 5084 1977 5137 etiam
2010 5099 2138 5154 pro-

556 5171 720 5245 pheta
750 5172 980 5243 hujusce
1008 5174 1185 5229 tribus
1211 5174 1549 5245 dignitatem,
1588 5174 1834 5246 adiungit
1860 5179 2005 5246 quod
2036 5192 2137 5232 se-

557 5266 748 5336 quitur
780 5284 824 5320 ει
864 5265 939 5321 De
969 5268 1235 5337 germine,
1275 5267 1346 5321 ﬁli
1374 5267 1472 5333 mi,
1502 5267 1819 5323 ascendisti.
1857 5267 2020 5323 ιιιιυά
2045 5282 2138 5322 au-

558 5365 670 5412 tem
706 5376 721 5413 :
758 5375 779 5411 ι
822 5358 1148 5414 recumbens
1180 5357 1487 5414 dormivisti
1518 5368 1575 5413 ut
1610 5360 1714 5427 leo,
1748 5369 1802 5414 et
1834 5367 1895 5413 ut
1923 5360 2135 5415 catulus

560 5448 764 5516 leonis,
804 5470 823 5503 ι
864 5449 1109 5520 ejusdem
1147 5452 1325 5507 tribus
1365 5452 1713 5523 magniﬁcum
1762 5452 1929 5507 animi
1979 5454 2127 5523 inge-

560 5546 712 5603 nium
731 5554 784 5601 et
798 5543 1098 5610 conlidens,
1115 5545 1371 5609 ostendit,
1390 5546 1643 5618 quodque
1656 5545 1821 5601 nullis
1866 5547 2137 5603 extrinse-

560 5640 660 5694 cus
710 5637 1093 5710 ingruentibus
1143 5639 1311 5694 rebus
1344 5640 1715 5704 concutiatur,
1747 5645 1802 5694 et
1842 5640 1987 5709 quod
2021 5648 2135 5693 tum

558 5735 891 5808 intrepidum
916 5749 977 5791 se
1008 5733 1267 5806 praabeat,
1304 5742 1416 5787 tum
1445 5733 1779 5803 contemptui
1804 5731 2001 5788 habeat
2029 5731 2135 5785 ini-

558 5832 753 5889 micos.
797 5829 956 5886 ltlum
989 5842 1119 5887 vero
1160 5826 1265 5884 hoc
1305 5824 1466 5882 modo
1496 5841 1555 5883 se
1599 5825 1910 5893 habentem,
1940 5840 2001 5882 ac
2038 5840 2137 5897 ρο·-

2236 4607 2298 4661 τό
2336 4623 2389 4660 τε
2421 4606 2622 4677 ἄφοδον
2667 4607 2763 4661 καὶ
2790 4605 2898 4659 τῶν
2927 4606 3135 4678 ἐχθρῶν
3164 4608 3628 4679 καταφρονητικὸν
3671 4624 3816 4681 παρ-

2238 4698 2434 4771 ίστησι.
2478 4699 2729 4755 Τοιοῦτον
2767 4699 2822 4755 δέ
2855 4699 3016 4753 αὐτὸν
3039 4700 3168 4754 ὄντα
3187 4740 3201 4764 ,
3236 4699 3434 4771 μᾶλλον
3464 4699 3523 4754 δὲ
3556 4700 3814 4773 τοιαύτην

2233 4789 2398 4850 οὖσαν
2423 4794 2521 4865 τὴν
2548 4793 2740 4866 φυλὴν,
2772 4811 2791 4845 ι
2819 4795 2915 4858 Τίς
2934 4837 2948 4861 ,
2979 4795 3164 4866 φησιν,
3203 4795 3497 4865 ἀναστήσει
3522 4810 3537 4859 ;
3582 4813 3602 4846 ι
3642 4794 3815 4865 μέγαν

2235 4886 2355 4941 τινὰ
2402 4888 2499 4940 καὶ
2531 4886 2877 4959 θαυμαστὸν,
2929 4886 3156 4940 σπάνιόν
3196 4902 3255 4939 τε
3305 4887 3400 4939 καὶ
3442 4885 3814 4957 δυσθεώρητον

2235 4980 2450 5035 ἔσεσθαι
2478 4981 2567 5036 τὸν
2598 4980 2856 5052 μέλλοντα
2886 4980 3211 5049 ἀναστήσειν
3231 4977 3326 5032 τοῦ
3356 4977 3565 5049 θρόνου,
3602 4978 3697 5030 καὶ
3728 4993 3820 5046 μευ

2234 5075 2524 5147 ταστήσειν
2570 5073 2664 5128 τοῦ
2710 5072 2935 5147 ἀρχικοῦ
2988 5071 3296 5143 ἀξιώματος
3332 5070 3433 5142 τὴν
3482 5068 3816 5142 δηλωθείσαν

2237 5170 2413 5242 φυλὴν
2444 5168 2810 5241 αἰνιξάμενος.
2853 5168 2950 5233 Τίς
2980 5166 3038 5220 δὲ
3064 5165 3173 5238 ἄρα
3195 5159 3351 5229 οὗτος
3371 5161 3474 5236 ἦν,
3509 5164 3635 5234 ἑξῆς
3669 5165 3816 5236 ἡμᾶς

2237 5264 2489 5336 ἐφίστησι
2512 5303 2528 5327 ,
2559 5260 2747 5316 τοῦτον
2777 5255 2914 5314 εἶναι
2936 5259 3205 5313 διδάσκων
3235 5258 3328 5312 τὸν
3364 5255 3628 5330 μέλλοντα
3651 5271 3819 5328 προσ-

2236 5356 2419 5411 δοκίαν
2462 5355 2678 5410 ἔσεσθαι
2718 5353 2826 5409 τῶν
2864 5352 3065 5416 ἐθνῶν,
3090 5352 3151 5416 ὃς
3181 5351 3243 5404 οὐ
3281 5351 3547 5423 πρότερον
3577 5352 3815 5420 φανήσε-

2240 5453 2363 5505 σθαι
2403 5452 2461 5504 ἐν
2508 5447 2844 5522 ἀνθρώποις,
2876 5446 2908 5519 ἢ
2940 5445 3213 5501 ἐκλείπειν
3242 5442 3498 5517 ἄρχοντα,
3528 5440 3624 5495 καὶ
3652 5436 3819 5510 ἠγούδ-

2241 5561 2401 5618 μενον
2454 5538 2957 5615 μετασταθήσεσθαι
2978 5580 2992 5606 ,
3044 5539 3139 5593 καὶ
3192 5534 3674 5607 ἀπαναστήσεσθαι
3717 5530 3818 5600 τῆς

2239 5638 2413 5712 ἀρχῆς
2458 5637 2556 5710 τὴν
2601 5636 2694 5690 τοῦ
2750 5634 2920 5689 Ἰούδα
2964 5632 3134 5703 φυλὴν
3167 5628 3587 5705 προφητεύεται.
3630 5624 3728 5688 Τίς
3759 5621 3818 5676 δὲ

2238 5724 2390 5793 οὗτος
2440 5724 2508 5801 ῆν
2551 5726 2585 5799 ἢ
2637 5728 2665 5780 ὁ
2716 5728 2908 5801 Σωτὴρ
2949 5722 3044 5780 καὶ
3097 5722 3301 5795 Κύριος
3344 5718 3502 5791 ἡμῶν
3546 5714 3755 5788 Ἰησοῦς
3789 5716 3819 5769 6

2238 5820 2505 5897 Χριστὸςς
2548 5813 2609 5874 οὗ
2648 5821 2739 5875 ἐπὶ
2778 5820 2881 5891 τῆς
2914 5819 3179 5891 γενέσεως
3198 5856 3214 5883 ,
3246 5810 3554 5878 ἀκολούθως
3584 5813 3651 5883 τῇ
3682 5814 3831 5881 προ-ι
