4106 6420
327 331 431 386 585

1213 332 1862 391 DEMONSTRATIONIS
1901 327 2370 392 EVANGELICA‘I‘
2401 335 2526 392 LIB.
2571 336 2708 394 Vill.

3449 340 3552 395 586

325 445 554 518 κειμένῃ
580 447 900 519 προρρήσει,
919 445 1160 512 ἐξέλιπον
1191 449 1288 519 μὲν
1310 449 1569 521 ἄρχοντες
1597 451 1691 504 καὶ
1724 450 1886 522 ἡγού-

1995 453 2103 509 tius
2131 452 2303 522 ipsam
2335 452 2536 507 tribum
2565 467 2685 523 quae
2707 450 3016 522 hujusmodi
3051 452 3141 516 sit,
3173 453 3318 522 quis,
3355 452 3551 524 inquit,

327 551 480 604 μενοι
506 535 563 602 ἐξ
599 537 775 591 αὐτῶν
817 539 1082 591 Ἰουδαίων
1109 541 1202 593 ἐπὶ
1246 541 1307 593 τὸ
1350 541 1498 605 ἔθνος
1557 541 1734 596 αὐτῶν
1762 542 1894 595 καθ-

325 623 640 694 ιστάμενοι,
668 627 779 697 ἡδὲ
809 625 901 681 τοῦ
952 627 1120 680 Ἰούδα
1166 628 1304 700 φυλὴ
1346 629 1495 695 αὐτῷ
1527 630 1667 683 ἔθνει
1709 632 1891 696 παντὶ,

323 714 420 767 τοῦ
455 717 516 782 ἐξ
542 716 736 782 αἰῶνος
766 717 990 788 ἀρχικοῦ
1019 719 1115 771 καὶ
1147 720 1422 790 βασιλικοῦ
1458 721 1764 792 ἀξιώματος
1793 741 1893 777 κα-

325 805 662 879 θαιρεθεῖσα,
690 814 802 874 τοῖς
837 811 916 864 ἔτι
945 814 1038 865 καὶ
1060 812 1153 864 νῦν
1179 814 1466 878 κρατοῦσιν
1486 815 1543 881 ἐξ
1565 816 1770 868 ἐκείνου
1801 817 1894 870 καὶ

323 900 403 961 είς
436 900 598 973 δεῦρο
627 902 860 955 δουλεύει
897 905 1184 976 Ῥωμαίοις
1207 947 1220 970 ,
1266 906 1402 976 μετά
1428 906 1539 959 τῶν
1570 906 1772 960 λοιπῶν
1802 909 1896 962 καὶ

321 991 384 1042 τὸ
428 991 697 1046 Ἰουδαίων
727 993 878 1057 ἔθνος
908 1000 1346 1069 χειρωσαμένοις.
1374 1000 1510 1071 Παρ’
1535 993 1610 1052 ὧν
1655 1000 1895 1072 Ἡρώδης

323 1085 544 1154 πρῶτος
569 1126 584 1148 ,
637 1088 695 1152 ἐξ
741 1088 1032 1156 ἀλλοφύλου
1071 1092 1260 1159 γένους
1323 1093 1580 1162 ὑπάρχων
1620 1092 1764 1155 ἰδίως
1799 1093 1894 1147 τοῦ

324 1177 511 1242 ἔθνους
547 1180 743 1243 αὐτῶν,
778 1181 881 1234 ὑπό
919 1198 977 1234 τε
1009 1183 1314 1251 Αὐγούστου
1345 1185 1437 1237 καὶ
1471 1187 1572 1254 τῆς
1615 1183 1895 1256 Ῥωμαίων

327 1271 632 1342 συγκλήτου
667 1272 857 1345 βουλῆς
900 1275 1151 1343 βασιλεὺς
1193 1275 1580 1330 ἀναδέδεικται.
1623 1272 1730 1330 Ἦν
1766 1276 1895 1345 γοῦν

322 1363 353 1414 ό
405 1361 655 1434 Ἡρώδης
717 1365 1066 1438 Ἀντιπάτρου
1119 1369 1265 1428 παῖς.
1333 1367 1389 1419 '0
1432 1367 1490 1420 δὲ
1546 1366 1896 1439 Ἀντίπατρος

339 1454 776 1527 Ἀσκαλωνίτης,
840 1457 903 1510 ἔκ
951 1454 1096 1522 τινος
1137 1458 1245 1512 τῶν
1297 1460 1426 1530 περὶ
1472 1458 1563 1511 τὸν
1613 1457 1748 1512 νεὼν
1799 1458 1893 1512 τοῦ

336 1545 667 1613 ’Λπόλλωνος
702 1550 1012 1620 ἱεροδούλων
1047 1551 1415 1621 καλουμένων,
1439 1550 1497 1614 ὃς
1526 1551 1590 1622 δὴ
1613 1550 1895 1621 Κυπρίνην

327 1639 584 1709 ὀνόματι,
623 1640 684 1693 τὸ
723 1641 878 1710 γένος
916 1641 1026 1695 τῶν
1054 1641 1110 1708 ἐξ
1151 1641 1438 1712 Ἀραϐίας,
1488 1644 1719 1709 γυναῖκα
1760 1640 1895 1712 πρὸς

327 1730 504 1799 γάμον
537 1730 909 1800 ἀγαγόμενος,
943 1732 1036 1785 τὸν
1073 1732 1315 1804 Ἡρώδην
1350 1735 1603 1786 ποιεῖται.
1634 1724 1800 1795 Οὗτος
1831 1732 1894 1803 δὴ

324 1816 421 1874 οὖν
461 1820 676 1891 πρῶτος
715 1823 779 1875 ἐκ
826 1823 1062 1877 τοιούτου
1092 1824 1289 1892 ’γένους
1329 1823 1675 1896 ὁρμώμενος,
1709 1822 1799 1876 τὸν
1831 1824 1895 1878 ἐκ

322 1910 572 1983 διαδοχῆς
592 1912 701 1965 τῶν
730 1913 1028 1986 ἀρχιερέων
1067 1914 1296 1968 ὕστατον
1319 1915 1663 1987 ἡγησάμενον
1697 1914 1896 1986 Ὑρκα-

322 2003 454 2069 νὸν,
507 2005 593 2074 ἐφ’
634 2003 692 2057 ὃν
733 2004 802 2058 τὰ
848 2005 949 2076 τῆς
990 2006 1193 2069 οἰκείας
1235 2007 1410 2078 ἀρχῆς
1470 2006 1562 2060 τοῦ
1631 2006 1895 2061 Ἰουδαίων

321 2097 516 2159 ἔθνους
539 2095 853 2166 κατέληξεν,
881 2097 1123 2152 ἐκποδὼν
1146 2097 1460 2170 μεθίστησιν
1484 2097 1704 2162 ἀνελὼν,
1741 2099 1892 2171 πρῶ-

318 2189 417 2254 τός
444 2207 504 2243 τε
527 2189 708 2253 αὐτὸς,
734 2190 809 2253 ὡς
835 2189 990 2260 ἔφην,
1014 2189 1073 2256 ἐξ
1091 2190 1388 2260 ἀλλοφύλου
1410 2191 1599 2260 γένους
1629 2190 1895 2246 Ἰουδαίων

322 2282 718 2354 ἀναγορεύεται
756 2281 1006 2352 βασιλεύς
1039 2300 1053 2314 ⁸
1102 2285 1223 2338 καθ’
1249 2285 1307 2337 ὃν
1330 2283 1678 2355 γεννηθέντος
1720 2284 1894 2353 Ἰησοῦ

317 2375 421 2428 τοῦ
468 2375 738 2446 Χριστοῦ,
787 2378 1062 2451 καθῄρητο
1108 2378 1208 2450 μὲν
1253 2377 1387 2449 ὁμοῦ
1436 2377 1530 2432 καὶ
1567 2379 1664 2448 τῆς
1727 2375 1896 2429 Ἰούδα

323 2466 502 2537 φυλῆς
531 2468 591 2520 τὸ
619 2466 836 2539 ἀξίωμα
855 2510 868 2533 ,
909 2469 1184 2541 καθῄρητο
1204 2470 1261 2523 δὲ
1285 2469 1378 2523 καὶ
1412 2471 1445 2539 ἡ
1481 2468 1586 2522 τῶν
1630 2467 1894 2521 Ἰουδαίων

322 2559 468 2630 ἀρχή
501 2576 560 2611 τε
593 2560 688 2614 καὶ
723 2559 964 2629 βασιλεία
987 2602 1002 2624 ,
1033 2560 1356 2632 πεπλήρωτο
1391 2560 1447 2612 δὲ
1493 2559 1586 2613 καὶ
1629 2561 1663 2630 ἡ
1699 2575 1896 2631 προτε-

319 2652 570 2722 ταγμένη
589 2653 891 2724 προφητεία
916 2671 928 2683 ·
959 2672 976 2702 ι
1006 2653 1117 2706 υύκ
1141 2651 1374 2721 ἐκλείψει
1405 2650 1588 2722 ἄρχων
1607 2649 1667 2716 ἐξ
1701 2651 1890 2712 Ἰούδα,

322 2745 447 2797 ούδέ
473 2744 770 2815 ἡγούμενος
795 2747 858 2797 ἐκ
875 2745 978 2797 τῶν
1004 2743 1192 2814 μηρῶν
1219 2741 1404 2806 αὐτοῦ,
1435 2760 1454 2792 ι
1479 2741 1716 2812 φήσασα,
1748 2760 1768 2792 ι
1791 2742 1894 2805 ἓως

325 2836 394 2888 ἂν
428 2835 554 2909 ἔλθῃ
585 2837 652 2889 τὰ
680 2836 1015 2907 ἀποκείμενα
1046 2834 1190 2905 αύτῷ
1213 2853 1225 2866 ·
1256 2855 1273 2888 ι
1295 2836 1352 2888 ὃν
1387 2835 1478 2889 καί
1512 2851 1643 2906 φησι
1672 2837 1895 2906 γενήσε-

330 2926 453 2980 σθαι
481 2928 542 2980 ού
568 2927 660 2980 τοῦ
698 2927 963 2981 Ἰουδαίων
991 2927 1174 2990 ἔθνους
1193 2966 1206 2990 ,
1242 2927 1375 2980 ἀλλά
1399 2927 1506 2981 τῶν
1533 2926 1698 2982 ἐθνῶν
1723 2944 1892 2998 προσ-

327 3017 532 3070 δοκίαν.
603 3018 818 3089 Ἐπειδὴ
865 3017 1050 3071 ’τοίνυν
1105 3017 1440 3087 ἀπέκειτο’ἡ
1491 3017 1766 3088 πρόπαλαι
1815 3015 1893 3085 τῷ

1994 544 2297 602 excitabit?
2334 564 2354 597 ι
2381 544 2474 599 ubi
2500 560 2623 599 cum
2652 559 2904 614 magnum
2927 545 3211 614 quemdam
3238 552 3292 600 et
3317 546 3555 602 admira-

1995 637 2156 692 bilem
2202 643 2258 691 et
2294 652 2501 700 rarum,
2537 644 2590 690 et
2620 643 2865 705 spectatu
2897 636 3165 692 diﬂieilem
3205 637 3320 693 fore
3350 639 3558 709 signiﬁ-

1995 730 2198 784 caverit
2231 745 2377 795 eum,
2422 730 2515 798 qui
2562 729 2634 784 sit
2671 728 3046 797 hujuscemodi
3081 731 3280 786 tribum
3313 732 3380 788 de
3428 735 3557 789 sede

1995 821 2356 885 excitaturus,
2390 819 2562 890 deque
2607 821 2942 890 principatus
2971 821 3140 891 gradu
3182 837 3246 877 ac
3295 823 3556 894 dignitate

1995 913 2408 975 exturbaturus,
2432 919 2546 966 tum
2585 911 2801 966 demum
2817 913 3068 983 quisnam
3099 914 3188 969 hic
3215 915 3306 978 sit,
3338 932 3437 972 nos
3461 917 3558 970 ad—

1995 1011 2201 1069 monet,
2250 1005 2514 1073 docetque
2559 1004 2702 1058 hunc
2748 1004 2897 1058 illum
2927 1019 3078 1070 esse,
3108 1006 3556 1077 quiexspectatio

1995 1097 2233 1166 gentium
2271 1097 2341 1151 sit
2369 1096 2606 1158 futurus,
2635 1097 2730 1166 qui
2763 1097 3018 1152 videlicet
3065 1111 3093 1150 a
3138 1099 3551 1176 proph.eta._non

1994 1188 2146 1256 prius
2189 1187 2330 1242 inter
2358 1187 2605 1243 homines
2647 1187 2914 1244 videndus
2941 1190 3274 1258 prtedicitur,
3311 1179 3472 1260 quam
3500 1200 3554 1246 et

1995 1276 2247 1348 princeps
2286 1277 2522 1342 deﬁciat,
2557 1286 2610 1333 et
2634 1279 2743 1332 dux
2779 1286 3115 1343 amoveatur,
3149 1287 3204 1334 et
3255 1279 3321 1334 de
3352 1280 3556 1351 princi-

1993 1374 2121 1437 patu
2147 1368 2464 1423 exturbetur
2494 1368 2667 1424 tribus
2701 1366 2859 1423 Juda.
2891 1367 3055 1440 374
3084 1368 3373 1436 Czeterum,
3403 1372 3552 1441 quis-

1995 1473 2142 1520 nam,
2183 1474 2390 1528 quzeso,
2425 1459 2566 1513 alius
2598 1459 2688 1514 hic
2720 1459 2792 1514 sit
2817 1473 2978 1529 quam
3007 1459 3255 1514 Salvator
3283 1468 3338 1516 et
3370 1458 3548 1514 Domi-

1994 1563 2099 1602 nus
2129 1555 2316 1604 noster
2333 1547 2493 1604 Jesus
2519 1547 2797 1612 Christus,
2824 1550 2878 1603 in
2900 1548 3059 1618 cujus
3090 1557 3236 1611 ortu,
3267 1550 3410 1604 sicut
3431 1566 3548 1620 pro—

1994 1640 2138 1695 xime
2165 1640 2411 1710 exposita
2441 1639 2724 1710 prophetia
2742 1641 2976 1704 volebat,
3006 1655 3074 1695 ex
3100 1638 3300 1701 Judaais
3337 1640 3554 1711 quidem

1994 1732 2311 1788 defecerunt
2341 1732 2617 1804 principes
2643 1747 2708 1788 ac
2757 1733 2948 1796 duces,
2979 1732 3071 1803 qui
3117 1732 3260 1804 genti
3298 1734 3556 1803 praeside-

1993 1832 2136 1887 rent,
2174 1824 2292 1895 ipsa
2338 1840 2468 1882 vero
2513 1826 2692 1882 tribus
2719 1823 2860 1880 Juda
2891 1840 2999 1879 una
3051 1839 3174 1879 cum
3221 1831 3332 1880 tota
3375 1837 3552 1896 gente.

1992 1915 2299 1984 principatu
2321 1931 2387 1971 ac
2408 1931 2597 1988 regno,
2621 1915 2768 1987 quod
2795 1915 2864 1970 ab
2895 1915 3050 1970 initio
3072 1915 3402 1983 obtinuerat,
3428 1933 3559 1988 spo-

1994 2004 2143 2071 liata,
2165 2004 2428 2063 Romanis
2459 2008 2622 2063 etiam
2652 2022 2799 2063 nunc
2825 2007 3235 2063 dominantibus
3264 2024 3333 2064 ex
3363 2009 3459 2065 illo
3489 2011 3553 2064 ad

1994 2095 2139 2150 hunc
2167 2111 2338 2167 usque
2375 2097 2518 2152 diem
2558 2096 2871 2162 famulatur,
2910 2097 3004 2168 qui
3030 2111 3140 2152 una
3167 2113 3291 2152 eum
3328 2099 3554 2170 reliquis

1991 2190 2246 2261 gentibus
2284 2191 2447 2247 etiam
2494 2189 2713 2247 Iudaeos
2753 2190 3056 2264 subegere?
3081 2191 3126 2246 A
3177 2193 3377 2264 quibus
3423 2193 3552 2250 item

1995 2280 2232 2336 Herodes
2260 2281 2466 2350 primus
2497 2287 2723 2337 externo
2767 2295 2963 2352 genere
3013 2290 3188 2347 ortus,
3220 2290 3273 2338 et
3319 2285 3554 2354 impera-

1993 2373 2126 2428 toris
2165 2372 2416 2443 Augusti,
2446 2380 2502 2427 et
2540 2369 2772 2427 Romani
2811 2380 3035 2429 senatus
3086 2375 3410 2431 auctoritate
3458 2392 3555 2432 rex

1993 2464 2298 2519 declaratus
2333 2475 2434 2520 est.
2464 2461 2592 2518 Fuit
2634 2465 2800 2535 igitur
2834 2464 3104 2536 Antipatri
3139 2465 3287 2522 [ilius
3331 2467 3419 2522 hic
3453 2467 3558 2523 He-

1991 2557 2172 2614 rodes.
2195 2558 2315 2626 Ipse
2337 2571 2464 2612 vero
2489 2555 2771 2627 Antipater
2789 2557 3103 2613 Ascalonita
3137 2559 3207 2614 ab
3239 2575 3427 2619 eorum
3458 2577 3557 2615 ne-

1993 2649 2109 2703 scio
2139 2663 2248 2718 quo
2269 2656 2447 2712 ortus,
2479 2647 2574 2718 qui
2625 2647 2681 2702 in
2713 2649 2914 2718 templo
2943 2648 3209 2719 Apollinis
3253 2659 3554 2716 versantes,

1993 2737 2139 2792 sacri
2165 2737 2309 2793 servi
2349 2737 2782 2807 appellabantur.
2814 2737 2918 2805 Qui
2949 2753 3072 2792 cum
3103 2754 3324 2795 uxorem
3366 2741 3558 2797 duxis-

1994 2839 2077 2884 set
2106 2828 2417 2898 quamdam,
2453 2828 2543 2882 cui
2591 2843 2789 2884 nomen
2825 2827 3041 2899 quidem
3069 2830 3338 2901 Cyprium,
3385 2848 3556 2902 genus

1991 2935 2120 2976 vero
2146 2936 2213 2976 ex
2236 2919 2456 2987 Arabia,
2486 2919 2751 2976 Herodem
2777 2921 3001 2976 creavit.
3026 2920 3126 2976 llic
3151 2922 3315 2993 igitur
3347 2925 3556 2994 primus

1993 3014 2087 3067 tali
2121 3027 2319 3085 genere
2357 3021 2538 3079 natus,
2573 3011 2884 3084 Hyrcanum
2915 3014 3005 3084 qui
3054 3015 3277 3070 ultimus
3327 3032 3393 3072 ex
3425 3033 3554 3073 suc-

343 3105 592 3177 Ἀϐραὰμ
611 3105 1040 3178 ρηματισοεῖσα
1059 3106 1165 3160 τῶν
1199 3109 1262 3160 ἐκ
1283 3105 1375 3159 τοῦ
1418 3105 1678 3160 Ἰουδαίων
1707 3105 1891 3168 ἔθνους

1995 3102 2247 3158 cessione
2278 3117 2342 3156 ac
2375 3102 2518 3157 serie
2571 3101 2885 3172 pontificum
2916 3102 3116 3159 Judzeis
3146 3105 3381 3175 praefuit,
3415 3115 3468 3179 et
3500 3109 3553 3160 in

331 3198 601 3270 ἀρχόντων
650 3215 707 3250 τε
755 3200 848 3251 καὶ
888 3196 1204 3268 ἡγουμένων
1257 3199 1582 3268 μετάστασις
1626 3198 1724 3268 τῆς
1769 3200 1887 3252 κατ’

328 3289 525 3351 αὐτοὺς
555 3289 725 3358 ἀρχῆς
761 3287 852 3341 ἐπὶ
889 3288 1207 3357 Ῥωμαίους,
1229 3288 1322 3341 καὶ
1350 3288 1440 3341 τὸν
1465 3288 1522 3354 ἐξ
1551 3289 1717 3342 ἐθνῶν
1745 3289 1894 3359 δεδη-

325 3379 571 3450 λωμένον
620 3379 862 3451 Ἡρώδην
885 3421 898 3442 ,
929 3380 1147 3442 εἰκότως
1168 3383 1195 3433 ό
1228 3380 1322 3451 μὲν
1345 3380 1732 3451 εύαγγελιστὴς
1754 3383 1894 3434 Λου-

328 3473 457 3533 κᾶς,
511 3470 1000 3540 ἐπισημαινόμενος
1046 3470 1168 3532 τοὺς
1205 3469 1425 3541 χρόνους
1459 3470 1557 3540 τῆς
1602 3470 1895 3541 ἐκλείψεως

327 3559 436 3613 τῶν
479 3560 741 3613 Ἰουδαίων
771 3559 1063 3630 ἀρχόντων,
1092 3559 1188 3630 τὴν
1225 3561 1502 3632 καταρχὴν
1530 3562 1629 3632 τῆς
1656 3561 1892 3634 Χριστοῦ

323 3650 668 3715 διδασκαλίας
712 3652 911 3724 ἱστορεῖ
936 3652 1211 3722 γεγονέναι
1238 3654 1294 3705 ἐν
1334 3653 1441 3706 ἔτει
1477 3654 1892 3708 πεντεκαιδεκά-

321 3759 406 3812 τῳ
432 3741 532 3811 τῆς
564 3742 854 3812 ἡγεμονίας
896 3743 1143 3815 Τιϐερίου
1187 3743 1462 3815 Καίσαρος
1482 3785 1497 3808 ,
1533 3743 1892 3815 ἡγεμονεύονε-

322 3849 420 3894 τος
452 3833 675 3884 Ποντίου
710 3832 940 3886 Πιλάτου
980 3834 1080 3904 τῆς
1133 3833 1390 3898 Ἰουδαίας
1415 3851 1428 3863 '
1479 3836 1571 3887 καὶ
1615 3835 1893 3900 Ματθαῖος

321 3921 383 3973 δὲ
425 3921 581 3974 τοῦτο
634 3923 762 3975 αὐτὸ
803 3923 1166 3996 αἰνιττόμενος
1224 3926 1495 3996 σημαίνει.
1543 3926 1895 3998 ’Υπογράψας

323 4011 459 4079 γοῦν
492 4011 590 4083 τὴν
631 4014 724 4067 τοῦ
774 4015 977 4084 Κυρίου
1035 4016 1128 4070 καὶ
1181 4017 1428 4088 Σωτῆρος
1460 4017 1615 4088 ἡμῶν
1652 4019 1890 4087 γένεσιν,

324 4100 571 4169 ἐπιλέγει
601 4119 615 4132 ο
668 4121 686 4154 ι
723 4103 828 4156 Τοῦ
870 4105 927 4157 δὲ
967 4105 1140 4177 Ἰησοῦ
1178 4106 1525 4178 γεννηθέντος
1565 4109 1622 4160 ἐν
1650 4108 1895 4179 Βηθλεὲμ

322 4190 428 4260 τῆς
469 4192 718 4257 Ἰουδαίας
751 4195 807 4246 ἐν
833 4195 1064 4268 ἡμέραις
1102 4196 1336 4268 Ἡρώδου
1357 4197 1449 4251 τοῦ
1477 4197 1755 4268 βασιλέως,
1783 4200 1890 4252 ἰδοὺ

329 4281 494 4352 μάγοι
510 4283 618 4336 ἀπὸ
633 4283 901 4338 ἀνατολῶν
918 4286 1276 4357 παρεγένοντο
1307 4289 1386 4351 εἰς
1409 4287 1672 4360 Ἰεροσόλυ
1680 4305 1775 4358 μα,
1805 4289 1893 4342 λέ-

330 4390 536 4442 γοντεςο
560 4375 668 4428 Ποῦ
686 4375 829 4429 ἔστιν
847 4379 876 4431 ό
892 4378 1100 4449 τεχθεὶς
1125 4377 1376 4449 βασιλεὺς
1393 4378 1503 4433 τῶν
1531 4379 1800 4434 Ἰουδαίων
1820 4397 1833 4445 ;
1865 4401 1883 4434 ι

1994 3206 2103 3263 quo
2133 3193 2463 3250 domesticus
2497 3189 2737 3248 Iudaica:
2769 3195 2943 3264 gentis
2968 3197 3306 3267 principatus
3335 3197 3553 3261 defecit,

1995 3293 2247 3338 necatum
2279 3284 2421 3337 tollit
2447 3282 2514 3338 de
2543 3284 2740 3339 medio.
2769 3283 2926 3355 Isque
2951 3287 3176 3356 primus,
3201 3299 3260 3342 ut
3284 3289 3552 3353 dicebam,

1991 3380 2217 3429 externo
2245 3389 2442 3442 genere
2466 3381 2618 3428 ortus
2646 3373 2951 3432 Iudaeorum
2985 3392 3078 3432 rex
3121 3387 3204 3433 est
3232 3379 3553 3450 appellatus.

1991 3466 2168 3539 Hujus
2209 3485 2338 3540 ergo
2379 3469 2714 3541 temporibus
2759 3485 2882 3524 cum
2925 3467 3084 3543 Jesus
3113 3469 3360 3526 Christus
3411 3481 3557 3528 esset

1991 3567 2176 3621 natus,
2209 3558 2362 3615 Iudae
2393 3559 2566 3614 tribus
2596 3559 2831 3630 dignitas
2861 3558 3073 3613 sublata
3105 3570 3188 3615 est
3225 3577 3238 3616 :
3277 3561 3554 3615 sublatum

1991 3659 2076 3706 est
2115 3647 2426 3706 Iudaeorum
2472 3651 2756 3721 imperium
2784 3658 2839 3704 et
2873 3664 3122 3718 regnum,
3168 3651 3432 3720 completa
3473 3661 3557 3705 est

1990 3743 2236 3812 proxime
2256 3742 2502 3813 exposita
2524 3743 2803 3813 prophetia
2831 3761 2844 3797 ε
2871 3760 2888 3793 ι
2914 3741 3032 3796 Non
3062 3742 3271 3796 deﬁciet
3304 3741 3555 3812 princeps

1992 3834 2059 3890 de
2080 3830 2242 3900 Juda,
2274 3850 2450 3904 neque
2487 3833 2599 3888 dux
2643 3833 2710 3888 de
2761 3833 3058 3889 femoribus
3087 3834 3226 3904 ejus,
3264 3835 3436 3889 donec
3464 3851 3554 3889 vc-

1993 3923 2146 3978 niant
2176 3940 2296 3994 quae
2322 3925 2560 3994 reposita
2591 3933 2717 3979 sunt
2741 3925 2810 3980 ei.
2855 3944 2874 3978 ι
2908 3925 3062 3979 llunc
3093 3933 3272 3979 autem
3301 3924 3431 3979 dicit
3471 3925 3556 3979 iu-

1993 4023 2173 4070 turum
2217 4031 2325 4071 non
2370 4015 2610 4072 Iudaica:
2641 4018 2840 4088 gentis,
2880 4018 2975 4073 sed
3007 4019 3246 4088 gentium
3277 4029 3556 4086 exspecta-

1991 4106 2216 4161 tionem.
2258 4106 2525 4173 Quoniam
2556 4107 2719 4176 igitur
2751 4107 2992 4176 reposita
3042 4112 3160 4159 erat
3190 4105 3281 4158 illa
3310 4105 3550 4176 gentium

1992 4195 2296 4250 vocationis
2333 4195 2686 4264 exspectatio,
2727 4209 2848 4263 qua:
2881 4209 2948 4248 ex
2983 4193 3205 4246 oraculo
3239 4194 3343 4264 ipsi
3377 4191 3552 4247 Abra-

1992 4285 2075 4340 hae
2106 4286 2375 4356 promissa
2417 4292 2521 4349 est,
2551 4300 2672 4339 cum
2713 4301 2779 4340 ex
2805 4283 3034 4339 Judaica
3080 4290 3238 4354 gente
3265 4285 3376 4355 jam
3405 4284 3553 4340 defe-

1993 4378 2192 4432 cissent
2218 4385 2271 4431 et
2321 4375 2594 4446 principes
2629 4383 2682 4429 et
2710 4373 2899 4438 duces,
2931 4374 3365 4444 translatumque
3397 4375 3464 4430 ab
3489 4391 3553 4430 ea

323 4464 394 4518 δι’
433 4458 508 4518 ὧν
555 4467 739 4535 σαφῶς
788 4468 1114 4540 παρίστησι,
1167 4470 1260 4523 καὶ
1317 4470 1412 4523 τοῦ
1456 4469 1748 4539 ἀλλοφύλου
1789 4471 1888 4543 τὴν

1992 4479 2133 4526 esset
2162 4468 2446 4537 imperium
2483 4467 2538 4521 in
2568 4465 2861 4530 Romanos,
2890 4473 2944 4523 et
2982 4466 3038 4520 in
3063 4467 3212 4520 illum
3261 4465 3549 4530 l-lerodem,

327 4555 450 4607 κατ’
476 4555 654 4610 αὐτῶν
698 4558 890 4630 ἀρχὴν,
923 4561 1018 4612 καὶ
1047 4559 1154 4612 τῶν
1183 4560 1242 4624 ἐξ
1276 4561 1536 4633 ἀνατολῆς
1581 4561 1890 4631 ἀλλοφύλων

331 4645 501 4699 ἐθνῶν
555 4646 654 4720 τὴν
703 4649 808 4701 ὑπὸ
855 4648 948 4704 τοῦ
980 4650 1114 4703 Θεοῦ
1170 4650 1377 4723 κλῆσιν.
1435 4651 1598 4722 Ὁμοῦ
1665 4669 1726 4705 τε
1782 4652 1890 4725 γάρ

344 4735 607 4790 Ἰουδαίων
639 4736 922 4808 ἀλλόφυλοι
963 4739 1248 4811 ἐκράτουν,
1283 4742 1377 4796 καὶ
1417 4741 1510 4796 τὸν
1545 4742 1710 4796 πάλαι
1755 4759 1888 4814 προ-

328 4827 692 4899 φητευόμενον
731 4828 963 4900 Χριστὸν
999 4829 1094 4884 τοῦ
1131 4829 1266 4884 Θεοῦ
1310 4831 1639 4900 ἐγίγνωσκόν
1685 4849 1745 4885 τε
1794 4833 1887 4886 καὶ

328 4918 692 4989 προσεκύνουν
742 4919 1042 4991 ἀλλόφυλοι,
1101 4919 1161 4987 ἐξ
1220 4922 1488 4978 ἀνατολῶν
1546 4923 1883 4986 ἐπιστάντες.

327 5008 538 5064 υύκοῦν
572 5010 757 5081 σαφῶς
789 5010 877 5066 διὰ
902 5011 1105 5068 τούτων
1145 5012 1296 5078 τέλος
1331 5011 1531 5084 ἔχουσα
1560 5014 1652 5066 τοῦ
1692 5011 1884 5066 Ἰακὼϐ

327 5100 362 5170 ἡ
392 5103 694 5171 προφητεία
732 5102 1023 5169 δείκνυται,
1051 5105 1137 5158 ἐπ’
1166 5105 1394 5176 ἐσχάτου
1433 5103 1533 5175 τῆς
1579 5103 1888 5167 συστάσεως

325 5192 421 5245 τοῦ
455 5193 725 5248 Ἰουδαίων
750 5194 933 5258 ἔθνους
958 5195 1392 5258 ἀποτελεσθεῖσα,
1423 5194 1703 5266 ὠσπεροῦν
1726 5194 1887 5258 αὐτὸς

326 5286 441 5347 τοῖς
455 5284 646 5339 ἐαυτοῦ
663 5287 845 5341 παισὶν
869 5287 1173 5354 ἐθέσπισεν,
1194 5288 1391 5344 εἰπών·
1425 5309 1443 5341 ι
1468 5289 1773 5361 Συνάχθητε
1798 5289 1886 5344 ἵνα

326 5374 646 5443 ἀπαγγείλω
695 5377 822 5448 ὑμῖν
871 5379 926 5432 τί
981 5379 1315 5451 συμϐήσεται
1360 5381 1488 5452 ὑμῖν
1527 5382 1614 5435 ἐπ’
1655 5382 1884 5452 ἐσχάτου

325 5465 436 5519 τῶν
463 5468 714 5540 ἡμερῶν·
740 5487 760 5522 ι
813 5471 1044 5542 ἐσχάτας
1089 5473 1299 5544 ἡμέρας
1340 5473 1598 5527 νοούντων
1635 5474 1790 5546 ἡμῶν
1816 5473 1886 5528 τὰ

326 5556 533 5628 ισχατα
551 5560 653 5630 τῆς
680 5561 984 5626 συστάσεως
1013 5563 1104 5616 τοῦ
1132 5564 1394 5619 Ἰουδαίων
1425 5565 1626 5631 ἔθνους.
1658 5565 1722 5620 Τί
1752 5565 1883 5641 δῆτα

399 5737 514 5772 ⁸³·“
553 5739 741 5795 Matth.
779 5757 853 5801 ιι,
888 5739 1007 5805 με.

650 5834 918 5896 Ρηιιοι.
962 5836 1078 5897 Gn.
1127 5837 1317 5900 XXII.

1994 4562 2062 4616 de
2100 4574 2209 4630 quo
2248 4559 2451 4614 dictum
2481 4565 2587 4620 est,
2611 4560 2804 4614 merito
2839 4568 3083 4628 tempora
3113 4558 3312 4630 quibus
3336 4557 3554 4613 Judazoo

1993 4669 2114 4710 rum
2154 4652 2431 4724 principes
2463 4649 2788 4706 defecissent
2817 4649 2993 4706 Lucas
3023 4650 3352 4721 evangelista
3382 4650 3553 4722 signi-

1994 4745 2184 4809 ﬁcans,
2217 4745 2430 4799 initium
2462 4742 2727 4799 doctrina:
2757 4741 2962 4798 Christi
2986 4749 3172 4797 narrat
3200 4741 3400 4796 factum
3431 4755 3553 4796 esse

1993 4836 2050 4889 in
2094 4848 2237 4888 anno
2276 4849 2347 4889 xv
2397 4831 2608 4902 imperii
2659 4831 2863 4888 Tiberii
2910 4831 3177 4896 Caesaris,
3222 4837 3552 4901 procurante

1991 4925 2185 4982 Pontio
2224 4924 2399 4979 Pilato
2439 4923 2704 4980 Judzeam.
2732 4922 3018 4980 Matthzeus
3051 4936 3267 4993 quoque
3303 4920 3548 4977 eamdem

1991 5031 2106 5073 rem
2129 5016 2362 5073 innuens
2385 5023 2537 5071 notat
2569 5034 2583 5071 :
2617 5030 2742 5070 nam
2772 5023 2894 5072 ortu
2919 5014 3132 5069 Domini
3156 5028 3220 5067 ac
3251 5011 3548 5066 Salvatoris

1991 5107 2164 5162 nostri
2186 5105 2479 5176 descripto,
2498 5105 2754 5175 deinceps
2768 5105 3042 5176 adjungit:
3066 5121 3085 5154 ι
3105 5101 3240 5158 Cum
3265 5109 3444 5157 autem
3459 5099 3549 5154 Je-

1993 5214 2088 5254 sus
2114 5205 2275 5253 natus
2299 5204 2446 5253 esset
2466 5197 2521 5251 in
2542 5195 2848 5251 Bethlehem
2869 5193 3086 5259 Judaeaa,
3111 5193 3166 5247 in
3182 5193 3372 5248 diebus
3385 5189 3553 5245 Hero-

1990 5292 2077 5348 dis
2101 5291 2262 5364 regis,
2293 5304 2418 5346 ecce
2447 5287 2585 5358 Magi
2618 5287 2686 5342 ab
2713 5285 2930 5342 Oriente
2954 5292 3216 5340 venerunt
3245 5283 3549 5355 Hierosoly.

1990 5397 2155 5447 mam,
2195 5381 2471 5437 dicentes:
2499 5377 2604 5434 Uhi
2649 5384 2734 5433 est
2761 5376 2855 5446 qui
2883 5385 3044 5432 natus
3069 5383 3153 5432 est
3195 5390 3292 5430 rex
3326 5373 3544 5430 Iudaeo-

1988 5488 2108 5529 rum
2121 5471 2258 5524 l“’9‘?
2279 5471 2530 5542 n375in
2547 5484 2654 5540 quo
2671 5468 2824 5537 plane
2840 5467 3076 5524 ostendit
3093 5476 3147 5522 et
3158 5465 3365 5522 externi
3379 5463 3549 5520 homi-

1987 5566 2073 5622 nis
2105 5565 2160 5620 in
2188 5565 2309 5621 illos
2341 5563 2647 5634 imperium,
2661 5569 2714 5618 et
2729 5569 3072 5619 externarum
3091 5559 3158 5614 ab
3177 5557 3396 5615 Oriente
3415 5570 3551 5629 gen-

3159 5834 3235 5892 19
