4110 6410
551 302 656 355 587
1197 307 1465 365 ΕιτδΕΒιι
1503 311 1984 370 CASSARIENSIS
2036 313 2166 370 OPP

2231 313 2414 372 PARS
2462 315 2527 371 ll.
2570 347 2641 358 --
2678 316 3176 375 APOLOGETICA.
3711 321 3815 378 588

553 414 687 478 tium
724 438 752 479 a
795 424 906 482 Deo
954 427 1315 487 vocationem.
1361 431 1562 488 Eodem
1609 436 1755 490 enim
1801 444 2045 508 tempore
2086 448 2176 500 et,

2189 439 2426 502 laurei;
2468 439 2710 511 ἀπαντᾷν
2755 440 3006 511 ἐμελλενς
3055 440 3296 511 ἔκλειψις
3341 442 3440 513 μὲν
3493 442 3592 514 τῆς
3639 443 3812 515 ἀρχῆς

550 518 763 574 externi
797 518 1001 575 Iudaeis
1030 522 1390 591 imperabant.
1415 532 1469 579 et
1488 524 1766 582 Christum
1792 528 1908 593 Dei,
1929 528 1997 585 de
2021 544 2131 599 quo

2244 526 2441 590 Ἰούδα,
2495 528 2589 579 καὶ
2627 526 2721 581 τοῦ
2771 528 2972 593 παντὸς
3012 529 3201 593 ἔθνους
3249 530 3428 583 αὐτῶν
3474 530 3808 605 καθαίρεσις,

550 610 834 681 prophetae
848 612 1014 667 locuti
1029 612 1265 679 fuerant,
1288 617 1497 672 externi
1517 619 1586 672 ab
1613 617 1851 677 Orientis
1880 622 2130 692 partibus

2231 621 2414 675 παῦλά
2442 636 2503 673 τε
2532 621 2627 674 καὶ
2666 620 2816 692 λῆξις
2856 620 2965 675 τῶν
3004 620 3322 692 ἡγουμένων
3355 621 3556 682 αὐτῶν,
3590 624 3685 677 καὶ
3712 622 3809 693 τῆς

547 699 805 771 profecti,
829 711 884 758 et
911 714 1303 775 cognoverunt,
1321 713 1376 762 et
1400 705 1785 765 adoraverunt.
1808 711 1950 782 Ergo
1970 712 2129 781 plane

2229 713 2403 785 φυλῆς
2444 712 2607 768 αὑτοῦ
2641 714 2734 767 τοῦ
2777 713 3055 784 βασιλικοῦ
3094 715 3189 767 καὶ
3229 713 3456 787 ἀρχικοῦ
3497 713 3811 786 ἀξιώματος

545 793 602 847 in
647 793 735 849 his
764 793 925 849 finem
956 811 1115 851 suum
1140 799 1461 868 contingens
1495 798 1780 871 prophetia
1817 800 2006 869 Jacob,
2031 818 2128 874 ap-

2228 805 2541 870 κατάλυσις,
2587 805 2823 878 Χριστοῦ
2876 806 2933 859 δέ
2979 806 3122 878 ἀρχὴ
3168 807 3263 859 καὶ
3303 805 3575 877 βασιλεία,
3605 808 3667 861 ού
3711 806 3805 861 τοῦ

546 894 703 957 paret
747 888 1202 958 quemadmodum
1247 891 1512 961 completa
1548 893 1641 960 sit,
1667 907 1792 948 cum
1842 894 1910 949 ad
1948 903 2128 951 extre-

2238 893 2472 967 Ἰσραὴλ,
2499 894 2636 949 ἀλλά
2664 894 2772 948 τῶν
2804 894 2973 949 ἐθνῶν
3000 895 3252 949 ἀπάντων
3268 896 3534 967 ἄρχουσα,
3559 897 3701 952 κατά
3722 898 3804 953 τό’

546 992 696 1032 mum
741 979 825 1034 sui
872 986 1048 1035 status
1078 977 1305 1037 Iudaica
1355 997 1487 1052 gens
1528 984 1787 1050 venisset,
1818 987 1961 1041 sicut
2007 988 2124 1058 ipse

2231 985 2370 1038 «Καὶ
2395 985 2557 1049 αὐτὸς
2586 985 2876 1058 προσδοκία
2905 985 3094 1039 ἐθνῶν.
3128 1004 3147 1037 ι
3196 986 3292 1050 Τίς
3330 987 3375 1040 δ’
3396 987 3496 1040 οὐκ
3522 987 3586 1041 ἂν
3610 989 3805 1059 ὁμολο-

545 1086 770 1143 quoque
796 1071 862 1126 ad
896 1087 1028 1128 suos
1064 1072 1204 1129 ﬁlios
1235 1074 1435 1130 cecinit
1467 1090 1591 1130 cum
1614 1077 1783 1133 dixit:
1821 1097 1840 1130 ι
1880 1079 2124 1151 Congre-

2224 1078 2408 1148 γήσειε
2468 1076 2641 1131 ταῦτα
2697 1075 2839 1130 οὕτω
2893 1075 3082 1142 σαφῶς
3134 1076 3227 1130 ἐπὶ
3289 1079 3355 1149 τῇ
3407 1077 3500 1131 τοῦ
3551 1079 3805 1150 Σωτῆρος

547 1165 755 1233 gamini
778 1174 835 1219 ut
854 1165 1172 1219 annuntiem
1199 1166 1375 1223 vobis.
1403 1167 1532 1237 quid
1561 1177 1881 1224 eventurum
1919 1171 1991 1227 sit
2020 1188 2120 1226 vo-

2222 1165 2378 1237 ἡμῶν
2419 1166 2712 1240 ἐπιφανείᾳ
2762 1167 3192 1239 πεπληρῶσθαι;
3242 1169 3331 1221 ὅτε
3377 1169 3426 1222 οί
3476 1168 3643 1223 πάλαι
3692 1170 3801 1242 πρὸ

544 1256 631 1313 bis
665 1256 722 1311 in
749 1265 991 1313 extremo
1020 1257 1251 1312 dierum.
1291 1276 1310 1310 ι
1337 1257 1447 1315 Nos
1476 1260 1621 1314 enim
1656 1268 1929 1319 extremos
1959 1263 2120 1317 intel-

2221 1259 2321 1330 τῆς
2362 1259 2456 1313 τοῦ
2488 1260 2723 1332 Χριστοῦ
2771 1261 3036 1330 γενέσεως
3066 1262 3153 1314 ἐπ’
3184 1262 3405 1325 οἰκείοις
3437 1261 3665 1336 ἄρχουσι
3707 1265 3802 1317 καὶ

543 1347 767 1420 ligimus
815 1348 955 1412 dies,
1008 1358 1250 1404 extrema
1279 1359 1456 1406 status
1504 1349 1744 1407 Judaiczc
1786 1354 2120 1425 gentistem-

2219 1352 2570 1424 ἡγουμένοις,
2617 1353 2711 1407 καὶ
2753 1356 2990 1415 συνετῶς
3019 1352 3126 1406 τῶν
3156 1352 3314 1407 θείων
3356 1355 3800 1426 ἀναγνωσμάτων

542 1454 696 1510 pora.
753 1439 1043 1506 Caeterum,
1099 1440 1229 1512 quid
1260 1442 1477 1497 tandem
1513 1443 1587 1497 illi
1622 1452 1942 1501 eventurum
1979 1446 2120 1502 fuit?

2219 1444 2534 1518 ἀκροαταῖς,
2580 1444 2857 1516 βασιλεῦσί
2901 1462 2962 1498 τε
3016 1444 3162 1509 ἰδίοις
3203 1446 3296 1500 καὶ
3341 1446 3660 1520 ἀρχιερεῦσι
3703 1448 3799 1502 καὶ

542 1530 746 1603 Nempe
787 1531 1031 1589 defectus
1079 1533 1302 1589 honoris
1346 1533 1517 1602 Judae,
1579 1544 1633 1593 et
1685 1537 1949 1593 universae
1998 1540 2117 1610 ejus

2219 1538 2524 1610 προφήταις
2576 1537 3013 1610 λαμπρυνόμενοι
3033 1576 3049 1601 ,
3110 1538 3247 1609 αὐτή
3311 1555 3370 1591 τε
3421 1539 3455 1610 ἡ
3493 1537 3589 1591 τοῦ
3627 1538 3799 1592 ’ἰούδα

541 1627 722 1697 gentis
753 1627 1007 1693 sublatio,
1039 1628 1195 1697 quies
1214 1634 1268 1680 et
1289 1626 1602 1683 terminatio
1630 1628 1829 1684 ducum
1846 1629 2113 1699 ejusdem,

2220 1625 2360 1700 φυλὴ
2387 1627 2636 1700 βασιλικὴ
2678 1624 2835 1694 οὖσα,
2862 1628 2970 1682 τῶν
3003 1627 3212 1700 ἐχθρῶν
3243 1628 3337 1683 καὶ
3370 1627 3643 1699 πολεμίων
3676 1630 3795 1683 ἐπι-

542 1718 719 1775 tribus
736 1718 908 1789 ipsius
924 1717 1260 1788 principatus
1282 1758 1298 1783 ,
1327 1717 1597 1790 regiaeque
1625 1720 1910 1792 dignitatis
1951 1721 2116 1776 dissi~

2217 1719 2520 1789 κρατοῦσα,
2566 1719 2913 1791 κατάρχουσά
2941 1736 3001 1773 τε
3029 1719 3123 1773 καὶ
3153 1719 3427 1791 ἡγουμένη
3458 1718 3553 1773 τοῦ
3597 1720 3796 1783 παντὸς

543 1811 711 1882 patio,
753 1809 959 1865 Christi
993 1811 1279 1880 imperium
1338 1818 1393 1866 et
1416 1825 1667 1882 regnum,
1713 1829 1823 1868 non
1854 1814 2001 1884 quod
2058 1816 2113 1870 in
2145 1809 2166 1864 Ι

2170 1810 2187 1864 ἰ
2214 1812 2419 1877 εθνους,
2450 1812 2505 1866 οἴ
2533 1829 2592 1865 τε
2621 1813 2679 1866 ἐν
2713 1812 2895 1876 αὐτοῖς
2927 1812 3095 1867 πάλαι
3118 1810 3531 1884 διαπρέποντες,
3557 1812 3618 1880 ἐξ
3650 1813 3793 1867 ἐκεί-

539 1902 726 1971 lsrael,
762 1902 856 1959 sed
891 1902 1034 1973 quod
1064 1905 1120 1957 in
1151 1902 1405 1959 omnibus
1436 1903 1687 1974 gentibus
1716 1903 2109 1975 dominaretur,

2215 1921 2306 1958 νου
2336 1904 2430 1957 καὶ
2454 1904 2534 1968 είς
2559 1903 2718 1975 δεῦρο
2740 1903 3031 1973 Ῥωμαίοις
3060 1901 3336 1966 ὑποτελεῖς
3366 1901 3791 1975 καθεστήκασιν.

535 1995 692 2065 juxta
720 1995 889 2050 illud:
947 2014 966 2047 ι
998 1994 1063 2048 Ει
1113 1995 1229 2066 ipse
1281 1996 1613 2067 exspectatio
1643 1997 1905 2068 gentium.
1948 2019 1967 2051 ›
2003 1998 2110 2055 Sed

2227 1994 2498 2064 Ἐπεφάνη
2542 1993 2651 2065 γὰρ
2692 1993 2878 2062 σαφῶς
2925 1995 2955 2047 ὁ
2982 1994 3216 2065 Χριστὸς
3260 1991 3356 2047 τοῦ
3399 1993 3556 2058 Θεοῦ,
3604 1993 3698 2048 καὶ
3729 1993 3792 2059 ἐξ

539 2088 665 2158 quis
722 2103 827 2142 non
864 2087 1024 2158 plane
1074 2086 1329 2152 fateatur,
1357 2087 1540 2143 omnia
1565 2088 1682 2143 haec
1716 2089 1771 2144 in
1805 2087 2110 2146 Salvatoris

2212 2087 2420 2140 ἐκείνου
2459 2085 2782 2157 ἡλεγομένη
2830 2085 3125 2157 προσδοκία
3154 2086 3262 2140 τῶν
3297 2085 3465 2141 ἐθνῶν
3498 2088 3578 2151 εἰς
3611 2086 3793 2141 atthica

541 2181 715 2237 nostri
742 2180 978 2235 adventu
1010 2180 1278 2251 completa
1303 2181 1462 2237 esse?
1517 2178 1797 2253 Siquidem
1855 2184 1949 2255 qui
1985 2191 2109 2241 ante

2211 2177 2278 2230 τὰ
2309 2176 2436 2247 ἔθνη
2468 2178 2926 2249 άνακεκήρυκται.
2970 2178 3042 2230 ’Ἡ
3068 2177 3275 2246 λεγέτω
3313 2194 3418 2242 τις,
3449 2180 3498 2231 εἰ
3534 2178 3610 2251 μὴ
3648 2178 3794 2233 κατά

538 2273 744 2331 Christi
796 2281 976 2328 ortum
1008 2271 1321 2327 domesticis
1369 2271 1708 2344 principibus
1746 2288 1811 2329 ac
1855 2274 2107 2342 ducibus,

2211 2267 2307 2338 τὴν
2346 2268 2667 2338 ἐπιφάνειαν
2705 2267 2879 2339 Ἰησοῦ
2920 2266 3015 2321 τοῦ
3057 2268 3306 2341 Σωτῆρος
3354 2268 3530 2341 ἡμῶν,
3573 2268 3643 2323 τά
3690 2269 3792 2340 μὲν

536 2373 590 2422 et
618 2364 910 2422 solertibus
933 2363 1240 2418 divinarum
1270 2363 1568 2419 lectionum
1598 2363 1963 2430 auditoribus,
1993 2367 2109 2423 suis

2211 2358 2362 2433 παρά
2400 2360 2670 2424 Ἰουδαίοις
2705 2358 2898 2430 σεμνά,
2931 2359 2966 2430 ἦ
2995 2376 3055 2412 τε
3082 2360 3413 2432 μητρόπολις
3459 2361 3639 2415 αὐτῶν
3671 2362 3789 2433 ἅμα

535 2461 664 2513 item
699 2457 936 2529 propriis
979 2455 1199 2526 regibus
1242 2462 1297 2511 et
1339 2454 1693 2525 pontificibus
1739 2466 1794 2513 et
1828 2460 2108 2530 prophetis

2209 2450 2286 2522 τῷ
2328 2449 2486 2523 ἱερῷ,
2522 2451 2617 2504 καὶ
2658 2453 2725 2523 τῇ
2759 2452 2817 2505 ἐν
2855 2449 3029 2521 τούτῳ
3069 2451 3462 2523 συντελουμένῃ
3511 2453 3789 2524 ἀγιστείςξ,
3814 2490 3825 2504 .

533 2549 928 2621 gloriabantur,
967 2562 1196 2618 quaeque
1242 2547 1372 2602 olim
1405 2548 1602 2619 regalis
1636 2563 1760 2604 cum
1787 2559 1953 2615 esset,
1991 2560 2106 2607 tum

2212 2543 2348 2615 μετά
2387 2544 2483 2597 καὶ
2519 2542 2626 2597 τῶν
2660 2542 2874 2596 οἰκείων
2916 2542 3232 2614 ἡγουμένων
3274 2559 3333 2595 τε
3366 2544 3462 2596 καὶ
3509 2544 3792 2615 ἀρχόντων

471 2668 515 2691 -α
534 2657 664 2698 suos
690 2640 878 2697 hostes
910 2648 1072 2710 atque
1095 2640 1345 2701 inimicos
1373 2641 1684 2710 superabat,
1710 2650 1823 2696 tum
1841 2657 1955 2698 suae
1974 2658 2094 2713 gen-

2206 2634 2571 2689 διαλέλοιπεν·
2628 2633 2998 2694 ἀναδέδεικται
3063 2633 3120 2687 δέ
3182 2633 3242 2698 ἐξ
3308 2634 3518 2688 ἐκείνου
3572 2635 3641 2688 τά
3688 2636 3788 2708 τῆς

533 2735 603 2790 tis
662 2734 929 2789 universa:
983 2733 1235 2804 princeps
1286 2743 1341 2788 et
1401 2734 1508 2788 dux
1560 2733 1878 2799 exsistebat,
1932 2736 2106 2791 tribus

2208 2725 2437 2791 ἐλπίδος,
2468 2726 2562 2779 καὶ
2593 2726 2889 2797 προσδοκία
2912 2726 3019 2780 τῶν
3050 2724 3218 2780 ἐθνῶν
3247 2725 3356 2780 τῶν
3383 2725 3504 2779 καθ’
3533 2727 3663 2799 ὅλης
3686 2727 3788 2797 τῆς

530 2822 1016 2891 Juda.Postremo,
1042 2826 1353 2895 quicunque
1386 2825 1527 2880 inter
1549 2824 1673 2880 illos
1703 2825 1976 2895 quondam
2010 2842 2107 2883 ex-

2205 2817 2561 2888 οἰκουμένης,
2618 2818 2709 2872 ὅτε
2772 2819 2867 2872 καὶ
2916 2816 3141 2889 ἐλήλυθε
3202 2816 3271 2871 τὰ
3319 2817 3661 2889 ἀποκείμενα
3706 2817 3788 2890 τῷ

532 2916 818 2981 cellebant,
847 2932 913 2972 ex
946 2916 1040 2972 illo
1070 2916 1137 2971 ad
1181 2916 1328 2970 hunc
1353 2930 1528 2987 usque
1559 2915 1702 2970 diem
1730 2915 2104 2972 Romanistri-

2205 2908 2412 2979 Κυρίῳ.
2439 2908 2482 2960 Τ
2488 2910 2572 2962 ίνα
2597 2909 2653 2964 δέ
2688 2909 2720 2981 ἤ
2760 2909 2829 2964 τά
2867 2908 3168 2981 δηλούμενα
3195 2908 3282 2962 διὰ
3311 2908 3426 2963 τοῦ·
3459 2928 3478 2958 ι
3502 2909 3692 2972 Ἰούδα,
3721 2911 3785 2963 σὲ

531 3007 728 3064 butarii
762 3006 913 3066 facti,
943 3013 1135 3077 parent
1161 3021 1229 3061 ac
1257 3008 1519 3061 serviunt.
1549 3005 1716 3062 Plane
1758 3008 1902 3063 enim
1943 3007 2104 3063 Chri-

2205 2999 2504 3055 αίνέσουσιν
2530 3001 2579 3053 οἱ
2609 3000 2827 3069 ἀδελφοί
2870 3017 2995 3066 σου,
3037 3001 3096 3053 αἰ
3122 3000 3301 3072 χεῖρές
3334 3016 3425 3053 σου
3481 3000 3575 3053 ἐπὶ
3609 2999 3782 3054 νώτου

496 3092 501 3097 ’
530 3108 651 3156 stus
675 3097 771 3154 Dei
793 3097 1084 3153 videndum
1127 3113 1187 3154 se
1218 3098 1470 3170 prmbuit.
1511 3099 1690 3170 Atque
1734 3114 1801 3154 ex
1832 3099 1945 3165 illo,
1981 3116 2102 3172 quae

2158 3150 2166 3171 Ι
2203 3089 2311 3146 τῶν
2331 3090 2539 3163 ἐχθρῶν
2563 3106 2676 3147 σου.
2701 3091 2944 3163 Σκύμνος
2966 3092 3177 3156 λέοντος
3199 3090 3386 3155 Ἰούδα,
3429 3093 3496 3144 ἐκ
3522 3091 3781 3162 βλαστοῦ,

2158 3184 2167 3206 ι
2201 3182 2283 3207 ..ιλ
2345 3195 2443 3207 η-..
2508 3182 2701 3207 Lmae..-
2769 3181 3080 3207 η-.-..--.-.-.
3144 3182 3440 3207 ι----...ιο..-
3488 3182 3563 3207 ι.-
3618 3181 3756 3207 νη-.

527 3188 810 3243 dicebatur
859 3187 1195 3258 exspectatio
1252 3190 1515 3260 gentium,
1550 3191 1808 3247 omnibus
1845 3193 2096 3263 gentibus
2125 3181 2150 3207 ι

2159 3182 2285 3236 ὐἱέ
2342 3195 2465 3248 μου,
2505 3182 2721 3255 ἀνέδης.
2769 3181 3080 3238 Ἀναπεσὼν
3143 3182 3440 3254 ἐκοιμήθης
3486 3182 3563 3247 ὠς
3617 3181 3782 3248 λέων,

527 3280 705 3350 palam
736 3279 987 3334 nuntiata
1029 3286 1133 3336 est.
1159 3288 1267 3336 Ant
1297 3281 1443 3336 dicat
1486 3283 1618 3337 mihi
1644 3281 1864 3352 aliquis,
1913 3293 2095 3339 utrum

2196 3272 2290 3326 καὶ
2319 3271 2395 3337 ὡς
2427 3271 2665 3343 σκύμνος
2708 3272 2937 3338 λέοντος.
2968 3274 3063 3338 Τίς
3100 3276 3282 3346 ἐγερεῖ
3310 3274 3503 3339 αὐτόνς
3530 3293 3550 3328 ι
3590 3272 3783 3330 ταῦτα

530 3372 586 3425 in
621 3369 855 3426 adventu
875 3362 1005 3428 Jesu
1022 3368 1330 3430 'Salvatoris
1350 3374 1523 3430 nostri
1549 3414 1563 3439 ,
1593 3390 1931 3447 quaecunque
1953 3378 2096 3447 apud

2195 3363 2302 3436 γὰρ
2350 3364 2472 3419 καθ’
2506 3365 2698 3437 ἑτέραν
2753 3365 2991 3422 διάνοιαν
3034 3366 3103 3419 τὰ
3147 3365 3296 3437 αὑτῷ
3337 3366 3705 3445 ἀποκείμενασ
3739 3366 3782 3423 ἃ

528 3461 786 3519 Hebrtuos
839 3463 1179 3534 majestatem
1240 3465 1475 3536 aliquam
1530 3465 1824 3532 haberent,
1880 3482 2095 3524 necnon

2195 3458 2288 3512 καὶ
2315 3457 2474 3526 αὐτὰ,
2507 3458 2662 3531 φέρε,
2692 3461 3137 3532 κατανοήσωμεν,
3186 3458 3405 3531 πρῶτον
3433 3458 3611 3531 τούτῳ
3652 3460 3781 3513 ἐπι-

525 3562 699 3611 mater
730 3556 971 3626 ipsorum
1004 3556 1199 3612 civitas
1234 3572 1341 3610 una
1370 3571 1494 3612 cum
1531 3558 1752 3628 templo,
1783 3565 1836 3614 et
1859 3573 1926 3614 eo
1948 3559 2094 3629 quod

2195 3553 2508 3625 στήσαντες,
2543 3552 2620 3616 ὡς
2660 3552 2935 3626 διαφόροις
2952 3553 3043 3608 τόν
3074 3553 3306 3626 Χριστὸν
3344 3553 3782 3625 ὁνόμασιπροσ-

524 3651 579 3706 in
610 3651 812 3721 templo
841 3650 1220 3706 celebrabatur
1255 3650 1525 3707 sacriticio
1544 3694 1559 3719 ,
1588 3666 1826 3722 cumque
1841 3651 2096 3708 domesti-

2192 3644 2472 3713 αγορεύειν
2514 3640 2768 3698 εἰώθασιν
2806 3644 2855 3696 οἰ
2914 3644 3045 3697 θεῖοι
3080 3641 3337 3714 χρησμοί.
3371 3642 3504 3695 Τοτέ
3541 3643 3639 3713 μὲν
3663 3642 3779 3716 γὰρ

521 3741 601 3796 cis
632 3739 863 3797 ducibus
895 3755 960 3795 ac
990 3740 1328 3811 principibus
1358 3756 1467 3796 non
1489 3739 1808 3805 defecerint,
1838 3749 1892 3798 et
1909 3751 2092 3797 utrum

2190 3734 2351 3788 αὑτὸν
2383 3734 2637 3788 καλοῦσιν
2678 3734 2891 3788 Ἰακώϐ·
2938 3755 2957 3787 ι
2979 3733 3173 3789 Ἰακὼὸ
3218 3737 3246 3789 ὁ
3287 3737 3414 3799 παῖς
3461 3751 3585 3805 μου,
3617 3737 3778 3791 ἀντι-

520 3845 641 3907 quae
668 3831 725 3886 in
753 3846 849 3902 spe
876 3831 1053 3902 posita
1096 3838 1274 3897 erant,
1328 3831 1683 3903 gentiumque
1721 3847 1843 3903 quae
1884 3834 1939 3888 in
1975 3840 2091 3889 toto

2190 3825 2429 3896 λήψομαι
2460 3826 2648 3891 αὐτοῦ,
2677 3826 2893 3899 Ἰσραὴλ
2924 3829 2952 3880 ὁ
2977 3826 3231 3891 ἐκλεκτός
3255 3844 3381 3898 μου,
3409 3826 3778 3899 προσεδέξατο

520 3925 651 3980 orbe
709 3930 917 3988 essent,
963 3925 1336 3995 exspectatio,
1380 3939 1448 3979 ex
1497 3923 1591 3979 illo
1624 3930 1868 3995 tempore
1925 3939 2091 3996 appa-

2188 3916 2347 3971 αὐτὸν
2386 3918 2419 3989 ή
2453 3916 2598 3990 ψυχή
2650 3935 2772 3990 μου’
2825 3919 3005 3988 κρίσιν
3057 3923 3172 3983 τοῖς
3226 3919 3434 3974 ἔθνεσιν
3486 3919 3709 3987 ἐξοίσει,
3743 3940 3770 3974 ι

521 4012 749 4079 ruerint,
810 4012 1028 4083 quando
1088 4011 1256 4068 etiam
1279 4027 1365 4076 ea,
1406 4027 1526 4082 qua:
1580 4010 1811 4069 Domino
1851 4013 2088 4084 reposita

2188 4009 2283 4062 καὶ
2296 4008 2365 4062 τά
2390 4008 2537 4080 ἑξῆς·
2560 4003 2642 4074 οἷς
2674 4008 2991 4081 ἐπείρηται·
3022 4028 3041 4061 ι
3074 4011 3219 4073 Ἕως
3244 4008 3310 4065 ἂν
3335 4008 3399 4082 θῇ
3427 4011 3519 4063 ἐπὶ
3533 4010 3636 4081 τῆς
3660 4008 3776 4081 γῆς

517 4108 694 4169 erant,
720 4109 1005 4157 venerunt.
1036 4101 1142 4158 Sed
1159 4116 1279 4174 qua:
1294 4100 1511 4157 tandem
1535 4100 1651 4157 haec
1670 4101 1915 4158 habenda
1936 4111 2085 4167 sunt,

2188 4102 2388 4174 κρίσιν,
2422 4104 2516 4157 καὶ
2549 4104 2642 4157 ἐπὶ
2668 4102 2747 4175 τῷ
2780 4104 3000 4174 ὀνόματι
3048 4102 3213 4156 αὑτοῦ
3263 4103 3390 4175 ἔθνη
3421 4101 3667 4157 ἐλπιοῦσι
3689 4122 3705 4136 ο
3739 4127 3764 4158 ι

517 4193 622 4251 nisi
651 4208 714 4250 ea
742 4208 863 4265 quae
888 4193 1127 4249 continet
1149 4180 1430 4249 oraculum
1464 4192 1638 4248 illud?
1657 4211 1677 4246 ι
1704 4192 1866 4258 Juda,
1888 4200 1944 4250 te
1972 4194 2088 4250 lau-

2185 4194 2305 4248 τοτέ
2339 4195 2397 4249 δὲ
2434 4195 2595 4250 αὐτὸν
2622 4195 2911 4267 Σολομῶνα
2946 4195 3038 4249 καὶ
3065 4195 3230 4249 Δαϐὶδ
3277 4195 3638 4266 ὀνομάζουσι·
3668 4196 3774 4249 Σο-

514 4286 722 4342 dabunt
751 4284 946 4342 fratres
977 4285 1076 4350 tui,
1112 4300 1307 4341 manus
1336 4292 1444 4339 tua:
1476 4285 1532 4341 in
1549 4293 1702 4354 tergo
1735 4283 2086 4342 inimicorum

2186 4286 2401 4357 λομῶνα
2431 4287 2551 4357 μὲν,
2582 4287 2658 4351 ὡς
2697 4289 2754 4340 ἐν
2785 4294 2862 4340 οα¹
2895 4285 3116 4358 ψαλμῷ,
3157 4287 3622 4359 ἐπιγεγραμμένῳ
3664 4287 3771 4358 μὲν

515 4385 758 4440 tuorum,
814 4377 1026 4432 catulus
1080 4374 1256 4431 leonis
1302 4374 1465 4439 Juda,
1498 4375 1566 4431 de
1592 4375 1855 4446 germine,
1885 4375 1960 4431 fili
1988 4378 2083 4443 mi,

2185 4381 2289 4444 Εἰς
2308 4376 2647 4447 Σολομῶνα,
2678 4379 2862 4448 σαφῶς
2876 4379 2932 4432 δέ
2959 4377 3029 4432 τὰ
3060 4378 3187 4451 περὶ
3212 4378 3305 4432 τοῦ
3338 4378 3575 4451 Χριστοῦ
3606 4396 3772 4451 περι-

516 4468 835 4534 ascendisti,
865 4467 1189 4523 recumbens
1213 4466 1519 4523 dormivisti
1559 4473 1617 4520 ut
1664 4468 1769 4533 leo,
1818 4476 1873 4523 et
1903 4476 1960 4522 ut
1990 4484 2082 4523 ca-
2113 4505 2139 4561 Ι

2155 4525 2157 4542 _
2184 4467 2358 4538 έχοντι
2378 4484 2391 4498 ·
2437 4467 2497 4520 τὸ
2527 4466 2658 4540 γὰρ,
2686 4487 2704 4519 ι
2729 4467 3161 4540 Κατακυριεύσει
3194 4466 3299 4521 ἀπὸ
3344 4465 3620 4536 θαλάσσης
3654 4466 3778 4529 ἓως

514 4562 663 4618 Iulus
692 4560 884 4625 leonis,
915 4559 1040 4629 quis
1068 4559 1327 4614 excitabit
1348 4560 1513 4615 eum?
1538 4580 1556 4612 ι
1583 4561 1748 4634 376
1781 4561 1904 4617 Ha:c
1933 4562 2080 4618 enim
2113 4557 2137 4561 “

2184 4558 2477 4630 θαλάσσης,
2510 4561 2603 4614 καὶ
2626 4561 2735 4615 ἀπὸ
2764 4560 3006 4633 ποταμοῦ
3034 4560 3138 4625 ἕως
3158 4558 3408 4631 περάτων
3444 4557 3545 4628 τῆς
3579 4558 3771 4611 οἰκου-

512 4652 620 4708 alio
639 4667 802 4708 sensu
830 4665 893 4707 ea
920 4657 1069 4715 sunt,
1105 4656 1226 4721 qua:
1255 4650 1332 4706 illi
1355 4652 1595 4723 reposita
1624 4663 1800 4719 erant,
1823 4669 1942 4724 qua:
1963 4653 2080 4723 ipsa

2184 4651 2371 4723 μένης,
2406 4653 2498 4705 καὶ
2525 4652 2700 4705 πάντα
2729 4652 2856 4723 ἔθνη
2892 4650 3265 4706 δουλεύσουσιν
3293 4646 3459 4720 αὐτῷ,
3485 4667 3503 4699 ι
3533 4648 3630 4702 καὶ
3654 4648 3770 4701 ὅσα

512 4757 730 4813 quoque
775 4741 887 4812 jam
922 4748 1139 4810 tempus
1178 4747 1261 4796 est
1300 4748 1360 4795 ut
1398 4744 1848 4813 contemplemur,
1884 4744 1931 4799 si
1974 4745 2079 4799 hoc

2178 4740 2388 4806 τούτοις
2435 4742 2561 4814 ἑξῆς
2609 4744 2637 4795 ὁ
2676 4741 2889 4815 ψαλμὸς
2930 4741 3192 4815 περιέχει,
3240 4742 3385 4811 μόνῳ
3424 4737 3501 4808 τῷ
3532 4738 3772 4810 Χριστῷ

512 4835 747 4906 primum
778 4832 1168 4888 attenderimus
1200 4832 1508 4904 diligenter,
1539 4835 1708 4890 variis
1739 4833 2077 4904 diversisque

2179 4835 2405 4907 ἀρμόζοι
2440 4835 2504 4890 ἄν
2523 4853 2536 4866 ·
2568 4836 2734 4890 Δαὸἰδ
2770 4837 2827 4891 δέ
2851 4837 2909 4890 ἐν
2934 4842 3023 4906 πη⁹
3045 4833 3243 4906 ψαλμῷ
3269 4833 3426 4887 πάλιν
3467 4833 3496 4885 ὁ
3520 4832 3772 4904 Χριστὸς

510 4925 792 4982 Christum
835 4923 1149 4981 nominibus
1177 4922 1361 4979 divina
1391 4925 1619 4989 oracula
1642 4925 1913 4995 appellare
1938 4939 2073 4981 con--

2176 4923 2565 4997 ἀνηγόρευται·
2593 4926 2713 4978 ἐπεὶ
2744 4924 2819 4997 μὴ
2854 4925 2932 4996 τῷ
2964 4923 3145 4988 Δαϐιδ,
3183 4922 3328 4994 μόνῳ
3357 4922 3414 4975 δὲ
3437 4920 3588 4990 αύτῷ
3618 4937 3768 4974 κατ-

509 5018 777 5075 suevisse.
813 5016 948 5071 Nam
992 5016 1155 5071 modo
1188 5016 1340 5071 illum
1380 5024 1577 5073 vocant
1603 5015 1770 5071 Jacob
1805 5036 1818 5071 :
1854 5035 1873 5068 ι
1907 5014 2075 5074 Jacob

2180 5016 2382 5088 ἀλληλα
2416 5017 2480 5072 ἂν
2513 5018 2595 5089 εἴη
2634 5017 2729 5072 καὶ
2776 5015 2846 5070 τά
2890 5018 2949 5070 ἐν
2982 5015 3156 5087 τούτῳ
3188 5014 3488 5085 λεγόμενα,
3523 5006 3636 5065 οἷον
3669 5013 3771 5066 τόδ

507 5123 645 5182 puer
691 5124 867 5173 meus,
916 5107 1211 5180 suscipiam
1257 5123 1402 5172 eum,
1446 5107 1613 5163 lsrael
1664 5108 1869 5164 electus
1900 5123 2072 5175 meus,

2186 5109 2395 5174 «Αὐτὸς
2439 5108 2819 5164 ἐπικαλέσεταί
2856 5126 2954 5181 με·
2996 5110 3184 5179 Πατήρ
3227 5124 3328 5178 μου
3366 5103 3417 5159 εἴ
3459 5106 3546 5169 σὺ,
3588 5103 3773 5173 κάγὼ

506 5200 750 5270 suscepit
785 5215 909 5255 eum
953 5200 1133 5254 anima
1185 5214 1329 5262 mea,
1350 5199 1616 5269 judicium
1650 5200 1902 5270 gentibus
1945 5215 2073 5271 pro-

2173 5200 2516 5273 πρωτότοκον
2541 5200 2776 5272 θήσομαι
2815 5200 2994 5265 αὑτὸν,
3028 5200 3228 5271 ὑψηλὸν
3265 5196 3414 5270 παρὰ
3446 5199 3560 5260 τοῖς
3601 5195 3776 5266 βασι-

508 5291 643 5346 feret
660 5290 728 5355 “,
766 5309 785 5343 ι
817 5298 872 5346 et
903 5306 1024 5362 quae
1068 5298 1393 5363 sequuntur;
1425 5290 1622 5361 quibus
1668 5290 1735 5345 ad
1774 5300 2072 5347 extremum

2173 5292 2322 5345 λεῦσι
2349 5293 2447 5364 τῆς
2468 5295 2593 5364 γῆς.
2641 5292 2737 5355 Εἰς
2768 5292 2857 5346 τὸν
2883 5292 3056 5345 αἰῶνα
3083 5289 3301 5362 φυλάξω
3333 5287 3483 5358 αύτῷ
3512 5288 3575 5341 τὸ
3602 5286 3774 5352 ἔλεός

509 5380 642 5436 illud
677 5380 893 5436 additur
924 5401 937 5435 :
976 5400 995 5434 ι
1035 5383 1214 5439 Donec
1255 5392 1421 5455 ponat
1450 5382 1504 5437 in
1531 5391 1675 5438 terra
1694 5382 1983 5454 judicium,
2019 5390 2073 5439 et

2177 5401 2277 5456 μου
2297 5401 2310 5415 ·
2344 5402 2363 5437 ι
2399 5385 2493 5439 καὶ
2526 5384 2686 5438 πάλιν
2704 5401 2717 5415 ·
2761 5403 2780 5435 ι
2808 5384 2881 5436 Τὸ
2910 5383 3131 5456 σπέρμα
3153 5381 3317 5436 αὐτοῦ
3349 5383 3430 5444 εἰς
3459 5380 3549 5434 τὸν
3574 5379 3774 5436 αἰῶνα

507 5470 564 5525 in
598 5469 816 5525 nomine
835 5469 954 5540 ejus
971 5479 1159 5543 gentes
1175 5471 1556 5542 sperabunt“;
1580 5491 1597 5524 ι
1632 5471 1794 5529 modo
1820 5472 2070 5528 eumdem

2177 5477 2346 5546 μενεῖ,
2380 5475 2475 5528 καὶ
2516 5475 2545 5528 ό
2582 5473 2767 5547 Θρόνος
2813 5471 2975 5526 αὐτοῦ
3005 5471 3081 5536 ὡς
3113 5473 3143 5524 ὁ
3174 5471 3323 5542 ἥλιος
3352 5469 3591 5523 ἐναντίον
3619 5484 3769 5540 μου,

502 5560 851 5620 Salomonem
894 5571 947 5618 et
985 5562 1157 5619 David
1204 5565 1516 5631 nominant,
1553 5563 1897 5624 Salomonem
1947 5564 2071 5637 qui-

2173 5566 2265 5620 καὶ
2305 5566 2380 5631 ὡς
2425 5567 2459 5640 ή
2502 5565 2696 5637 σελήνη
2756 5563 3167 5636 κατηρτισμένη
3210 5562 3290 5626 εἰς
3349 5561 3441 5615 τὸν
3492 5559 3688 5615 αἰῶνα.
3738 5581 3762 5613 ι

569 5766 618 5805 ⁸³
655 5767 935 5839 lsa._xt.n,
976 5767 1024 5823 l.
1102 5766 1145 5797 “
1183 5765 1314 5823 ibid.
1349 5769 1400 5821 4.
