  <div class='ocr_page' id='page_1' title='image "/cluster/home/n/w/nwhite01/storage/ocr_20150623/22/hvd.32044073501140/302.png"; bbox 0 0 4110 6410; ppageno 0'>
   <div class='ocr_carea' id='block_1_1' title="bbox 357 374 458 430">
    <p class='ocr_par' dir='ltr' id='par_1_1' title="bbox 357 374 458 430">
     <span class='ocr_line' id='line_1_1' title="bbox 357 374 458 430; baseline -0.02 0"><span class='ocrx_word' id='word_1_1' title='bbox 357 374 458 430; x_wconf 75' lang='lat'><strong>589</strong></span> 
     </span>
    </p>
   </div>
   <div class='ocr_carea' id='block_1_2' title="bbox 1243 362 2747 423">
    <p class='ocr_par' dir='ltr' id='par_1_2' title="bbox 1243 362 2747 423">
     <span class='ocr_line' id='line_1_2' title="bbox 1243 362 2747 423; baseline 0.001 -3"><span class='ocrx_word' id='word_1_2' title='bbox 1243 365 1895 423; x_wconf 60' lang='lat' dir='ltr'><strong>DEMONSTIHTIONIS</strong></span> <span class='ocrx_word' id='word_1_3' title='bbox 1935 365 2393 421; x_wconf 68' lang='grc' dir='ltr'><strong>ΕνΑΝοΕιιρΑε</strong></span> <span class='ocrx_word' id='word_1_4' title='bbox 2436 365 2565 419; x_wconf 85' lang='lat' dir='ltr'><strong>LIB.</strong></span> <span class='ocrx_word' id='word_1_5' title='bbox 2613 362 2747 421; x_wconf 70' lang='lat' dir='ltr'><strong>VIII.</strong></span> 
     </span>
    </p>
   </div>
   <div class='ocr_carea' id='block_1_3' title="bbox 3513 365 3617 422">
    <p class='ocr_par' dir='ltr' id='par_1_3' title="bbox 3513 365 3617 422">
     <span class='ocr_line' id='line_1_3' title="bbox 3513 365 3617 422; baseline 0.019 -2"><span class='ocrx_word' id='word_1_6' title='bbox 3513 365 3617 422; x_wconf 80' lang='lat'><strong>590</strong></span> 
     </span>
    </p>
   </div>
   <div class='ocr_carea' id='block_1_4' title="bbox 357 482 1935 560">
    <p class='ocr_par' dir='ltr' id='par_1_4' title="bbox 357 484 1932 560">
     <span class='ocr_line' id='line_1_4' title="bbox 357 484 1932 560; baseline -0.003 -16"><span class='ocrx_word' id='word_1_7' title='bbox 357 491 540 554; x_wconf 77' lang='grc' dir='ltr'>οὑτως</span> <span class='ocrx_word' id='word_1_8' title='bbox 581 484 673 543; x_wconf 77' lang='grc' dir='ltr'><strong>οὖν</strong></span> <span class='ocrx_word' id='word_1_9' title='bbox 705 488 845 560; x_wconf 81' lang='grc' dir='ltr'><strong>μετά</strong></span> <span class='ocrx_word' id='word_1_10' title='bbox 894 488 1102 560; x_wconf 78' lang='grc' dir='ltr'>μυρίων</span> <span class='ocrx_word' id='word_1_11' title='bbox 1143 485 1319 541; x_wconf 86' lang='grc' dir='ltr'>ἀλλων</span> <span class='ocrx_word' id='word_1_12' title='bbox 1363 488 1455 540; x_wconf 85' lang='grc' dir='ltr'><strong>τοὺ</strong></span> <span class='ocrx_word' id='word_1_13' title='bbox 1486 486 1720 558; x_wconf 80' lang='grc' dir='ltr'><strong>Χριστοῦ</strong></span> <span class='ocrx_word' id='word_1_14' title='bbox 1762 505 1932 559; x_wconf 81' lang='grc' dir='ltr'>προσ-</span> 
     </span>
    </p>
   </div>
   <div class='ocr_carea' id='block_1_5' title="bbox 2040 482 3616 560">
    <p class='ocr_par' dir='ltr' id='par_1_5' title="bbox 2040 482 3616 558">
     <span class='ocr_line' id='line_1_5' title="bbox 2040 482 3616 558; baseline 0.001 -17"><span class='ocrx_word' id='word_1_15' title='bbox 2040 488 2178 551; x_wconf 86' lang='lat' dir='ltr'><strong>dem,</strong></span> <span class='ocrx_word' id='word_1_16' title='bbox 2213 493 2268 540; x_wconf 89' lang='lat' dir='ltr'><strong>ut</strong></span> <span class='ocrx_word' id='word_1_17' title='bbox 2303 486 2353 539; x_wconf 91' lang='lat' dir='ltr'><strong>in</strong></span> <span class='ocrx_word' id='word_1_18' title='bbox 2391 501 2517 539; x_wconf 71' lang='lat' dir='ltr'><strong>Lux</strong></span> <span class='ocrx_word' id='word_1_19' title='bbox 2550 487 2778 557; x_wconf 85' lang='lat' dir='ltr'><strong>psalmo,</strong></span> <span class='ocrx_word' id='word_1_20' title='bbox 2813 485 2902 556; x_wconf 85' lang='lat' dir='ltr'><strong>qui</strong></span> <span class='ocrx_word' id='word_1_21' title='bbox 2939 483 3003 538; x_wconf 82' lang='lat' dir='ltr'><strong>In</strong></span> <span class='ocrx_word' id='word_1_22' title='bbox 3034 482 3367 538; x_wconf 85' lang='lat' dir='ltr'><strong>Salomonem</strong></span> <span class='ocrx_word' id='word_1_23' title='bbox 3399 487 3616 558; x_wconf 82' lang='lat' dir='ltr'><strong>quidem</strong></span> 
     </span>
    </p>
   </div>
   <div class='ocr_carea' id='block_1_6' title="bbox 355 573 1935 653">
    <p class='ocr_par' dir='ltr' id='par_1_6' title="bbox 355 573 1935 653">
     <span class='ocr_line' id='line_1_6' title="bbox 355 573 1935 653; baseline -0.002 -18"><span class='ocrx_word' id='word_1_24' title='bbox 355 581 615 653; x_wconf 83' lang='grc' dir='ltr'>ηγοριῶν,</span> <span class='ocrx_word' id='word_1_25' title='bbox 640 581 707 634; x_wconf 84' lang='grc' dir='ltr'>δι’</span> <span class='ocrx_word' id='word_1_26' title='bbox 739 573 817 634; x_wconf 82' lang='grc' dir='ltr'>ὧν</span> <span class='ocrx_word' id='word_1_27' title='bbox 845 581 1006 634; x_wconf 81' lang='grc' dir='ltr'>αὑτὸν</span> <span class='ocrx_word' id='word_1_28' title='bbox 1038 583 1085 633; x_wconf 80' lang='grc' dir='ltr'><strong>οῖ</strong></span> <span class='ocrx_word' id='word_1_29' title='bbox 1115 579 1247 632; x_wconf 90' lang='grc' dir='ltr'>θεῖοι</span> <span class='ocrx_word' id='word_1_30' title='bbox 1285 580 1432 647; x_wconf 89' lang='grc' dir='ltr'>λόγοι</span> <span class='ocrx_word' id='word_1_31' title='bbox 1464 578 1811 649; x_wconf 72' lang='grc' dir='ltr'><strong>σημαίνουσι,</strong></span> <span class='ocrx_word' id='word_1_32' title='bbox 1842 580 1935 632; x_wconf 77' lang='grc' dir='ltr'><strong>καὶ</strong></span> 
     </span>
    </p>
   </div>
   <div class='ocr_carea' id='block_1_7' title="bbox 365 669 1937 744">
    <p class='ocr_par' dir='ltr' id='par_1_7' title="bbox 365 669 1937 744">
     <span class='ocr_line' id='line_1_7' title="bbox 365 669 1937 744; baseline -0.004 -17"><span class='ocrx_word' id='word_1_33' title='bbox 365 673 564 737; x_wconf 85' lang='grc' dir='ltr'>Ἰούδας</span> <span class='ocrx_word' id='word_1_34' title='bbox 595 674 796 743; x_wconf 84' lang='grc' dir='ltr'>ὁμοίως</span> <span class='ocrx_word' id='word_1_35' title='bbox 826 672 912 726; x_wconf 79' lang='grc' dir='ltr'><strong>διὰ</strong></span> <span class='ocrx_word' id='word_1_36' title='bbox 943 672 1052 724; x_wconf 91' lang='grc' dir='ltr'><strong>τῶν</strong></span> <span class='ocrx_word' id='word_1_37' title='bbox 1083 671 1459 744; x_wconf 80' lang='grc' dir='ltr'><strong>προκειμένων</strong></span> <span class='ocrx_word' id='word_1_38' title='bbox 1482 669 1801 742; x_wconf 82' lang='grc' dir='ltr'>ἀνειρῆσθαι</span> <span class='ocrx_word' id='word_1_39' title='bbox 1847 670 1937 722; x_wconf 87' lang='grc' dir='ltr'>δύ-</span> 
     </span>
    </p>
   </div>
   <div class='ocr_carea' id='block_1_8' title="bbox 356 762 1937 834">
    <p class='ocr_par' dir='ltr' id='par_1_8' title="bbox 356 762 1937 834">
     <span class='ocr_line' id='line_1_8' title="bbox 356 762 1937 834; baseline -0.004 -14"><span class='ocrx_word' id='word_1_40' title='bbox 356 779 531 829; x_wconf 76' lang='grc' dir='ltr'>ναται,</span> <span class='ocrx_word' id='word_1_41' title='bbox 543 767 626 819; x_wconf 85' lang='grc' dir='ltr'>ὅτι</span> <span class='ocrx_word' id='word_1_42' title='bbox 642 766 737 818; x_wconf 73' lang='grc' dir='ltr'><strong>καὶ</strong></span> <span class='ocrx_word' id='word_1_43' title='bbox 754 765 817 817; x_wconf 90' lang='grc' dir='ltr'><strong>ἐκ</strong></span> <span class='ocrx_word' id='word_1_44' title='bbox 833 765 932 834; x_wconf 83' lang='grc' dir='ltr'>τῆς</span> <span class='ocrx_word' id='word_1_45' title='bbox 947 762 1114 818; x_wconf 73' lang='grc' dir='ltr'>Ἰούδα</span> <span class='ocrx_word' id='word_1_46' title='bbox 1130 765 1318 833; x_wconf 84' lang='grc' dir='ltr'>γέγονε</span> <span class='ocrx_word' id='word_1_47' title='bbox 1341 763 1530 833; x_wconf 81' lang='grc' dir='ltr'>φυλῆς.</span> <span class='ocrx_word' id='word_1_48' title='bbox 1546 763 1814 834; x_wconf 82' lang='grc' dir='ltr'><strong>Πρόδηλον</strong></span> <span class='ocrx_word' id='word_1_49' title='bbox 1830 762 1937 831; x_wconf 84' lang='grc' dir='ltr'><strong>γάρ</strong></span> 
     </span>
    </p>
   </div>
   <div class='ocr_carea' id='block_1_9' title="bbox 356 853 1936 926">
    <p class='ocr_par' dir='ltr' id='par_1_9' title="bbox 356 853 1936 926">
     <span class='ocr_line' id='line_1_9' title="bbox 356 853 1936 926; baseline -0.003 -16"><span class='ocrx_word' id='word_1_50' title='bbox 356 857 499 911; x_wconf 85' lang='grc' dir='ltr'><strong>κατά</strong></span> <span class='ocrx_word' id='word_1_51' title='bbox 525 856 616 910; x_wconf 81' lang='grc' dir='ltr'><strong>τὸν</strong></span> <span class='ocrx_word' id='word_1_52' title='bbox 651 856 989 922; x_wconf 78' lang='grc' dir='ltr'>Ἀπόστολον,</span> <span class='ocrx_word' id='word_1_53' title='bbox 1023 856 1104 908; x_wconf 83' lang='grc' dir='ltr'>ὅτι</span> <span class='ocrx_word' id='word_1_54' title='bbox 1131 858 1194 908; x_wconf 79' lang='grc' dir='ltr'><strong>ἐκ</strong></span> <span class='ocrx_word' id='word_1_55' title='bbox 1222 855 1390 926; x_wconf 81' lang='grc' dir='ltr'>φυλῆς</span> <span class='ocrx_word' id='word_1_56' title='bbox 1431 854 1600 907; x_wconf 82' lang='grc' dir='ltr'>Ἰούδα</span> <span class='ocrx_word' id='word_1_57' title='bbox 1639 853 1936 907; x_wconf 86' lang='grc' dir='ltr'>ἀνατέταλ-</span> 
     </span>
    </p>
   </div>
   <div class='ocr_carea' id='block_1_10' title="bbox 355 938 1937 1016">
    <p class='ocr_par' dir='ltr' id='par_1_10' title="bbox 355 938 1937 1016">
     <span class='ocr_line' id='line_1_10' title="bbox 355 938 1937 1016; baseline -0.003 -17"><span class='ocrx_word' id='word_1_58' title='bbox 355 963 452 999; x_wconf 89' lang='grc' dir='ltr'><strong>κεν</strong></span> <span class='ocrx_word' id='word_1_59' title='bbox 486 948 513 999; x_wconf 84' lang='grc' dir='ltr'>ὁ</span> <span class='ocrx_word' id='word_1_60' title='bbox 543 944 732 1016; x_wconf 84' lang='grc' dir='ltr'>Σωτὴρ</span> <span class='ocrx_word' id='word_1_61' title='bbox 779 946 871 998; x_wconf 75' lang='grc' dir='ltr'><strong>καὶ</strong></span> <span class='ocrx_word' id='word_1_62' title='bbox 900 944 1102 1016; x_wconf 83' lang='grc' dir='ltr'>Κύριος</span> <span class='ocrx_word' id='word_1_63' title='bbox 1138 945 1314 1015; x_wconf 83' lang='grc' dir='ltr'>ἡμῶν.</span> <span class='ocrx_word' id='word_1_64' title='bbox 1352 943 1536 1014; x_wconf 86' lang='grc' dir='ltr'>Τούτῳ</span> <span class='ocrx_word' id='word_1_65' title='bbox 1562 943 1625 1014; x_wconf 84' lang='grc' dir='ltr'><strong>δὴ</strong></span> <span class='ocrx_word' id='word_1_66' title='bbox 1665 938 1756 996; x_wconf 81' lang='grc' dir='ltr'><strong>οὖν</strong></span> <span class='ocrx_word' id='word_1_67' title='bbox 1795 941 1937 995; x_wconf 84' lang='grc' dir='ltr'><strong>κατά</strong></span> 
     </span>
    </p>
   </div>
   <div class='ocr_carea' id='block_1_11' title="bbox 351 1033 1932 1109">
    <p class='ocr_par' dir='ltr' id='par_1_11' title="bbox 351 1033 1932 1109">
     <span class='ocr_line' id='line_1_11' title="bbox 351 1033 1932 1109; baseline -0.004 -16"><span class='ocrx_word' id='word_1_68' title='bbox 351 1037 592 1093; x_wconf 87' lang='grc' dir='ltr'>διάνοιαν</span> <span class='ocrx_word' id='word_1_69' title='bbox 618 1039 696 1109; x_wconf 81' lang='grc' dir='ltr'><strong>τῷ</strong></span> <span class='ocrx_word' id='word_1_70' title='bbox 723 1039 892 1093; x_wconf 84' lang='grc' dir='ltr'>Ἰούδα</span> <span class='ocrx_word' id='word_1_71' title='bbox 914 1038 1252 1109; x_wconf 82' lang='grc' dir='ltr'>ἀποκείμενα</span> <span class='ocrx_word' id='word_1_72' title='bbox 1278 1033 1345 1108; x_wconf 83' lang='grc' dir='ltr'>ἦν</span> <span class='ocrx_word' id='word_1_73' title='bbox 1369 1037 1436 1091; x_wconf 82' lang='grc' dir='ltr'><strong>τά</strong></span> <span class='ocrx_word' id='word_1_74' title='bbox 1463 1036 1932 1108; x_wconf 82' lang='grc' dir='ltr'>προφητευόμενα.</span> 
     </span>
    </p>
   </div>
   <div class='ocr_carea' id='block_1_12' title="bbox 353 1127 1936 1204">
    <p class='ocr_par' dir='ltr' id='par_1_12' title="bbox 353 1127 1936 1204">
     <span class='ocr_line' id='line_1_12' title="bbox 353 1127 1936 1204; baseline -0.003 -20"><span class='ocrx_word' id='word_1_75' title='bbox 353 1132 492 1187; x_wconf 88' lang='grc' dir='ltr'>Τίνα</span> <span class='ocrx_word' id='word_1_76' title='bbox 520 1133 575 1185; x_wconf 85' lang='grc' dir='ltr'><strong>δὲ</strong></span> <span class='ocrx_word' id='word_1_77' title='bbox 609 1128 678 1204; x_wconf 79' lang='grc' dir='ltr'>ἦν</span> <span class='ocrx_word' id='word_1_78' title='bbox 702 1131 912 1196; x_wconf 61' lang='lat' dir='ltr'><strong>mima;</strong></span> <span class='ocrx_word' id='word_1_79' title='bbox 962 1131 1177 1202; x_wconf 88' lang='grc' dir='ltr'>πρῶτον</span> <span class='ocrx_word' id='word_1_80' title='bbox 1225 1131 1325 1201; x_wconf 81' lang='grc' dir='ltr'><strong>μὲν</strong></span> <span class='ocrx_word' id='word_1_81' title='bbox 1356 1129 1416 1182; x_wconf 83' lang='grc' dir='ltr'><strong>τὸ</strong></span> <span class='ocrx_word' id='word_1_82' title='bbox 1449 1128 1798 1201; x_wconf 80' lang='grc' dir='ltr'>ἐπαινεθῆναι</span> <span class='ocrx_word' id='word_1_83' title='bbox 1831 1127 1936 1182; x_wconf 64' lang='grc' dir='ltr'><strong>ὑπδ</strong></span> 
     </span>
    </p>
   </div>
   <div class='ocr_carea' id='block_1_13' title="bbox 348 1222 1938 1294">
    <p class='ocr_par' dir='ltr' id='par_1_13' title="bbox 348 1222 1938 1294">
     <span class='ocr_line' id='line_1_13' title="bbox 348 1222 1938 1294; baseline 0.002 -19"><span class='ocrx_word' id='word_1_84' title='bbox 348 1222 464 1276; x_wconf 90' lang='grc' dir='ltr'><strong>τῶν</strong></span> <span class='ocrx_word' id='word_1_85' title='bbox 524 1222 766 1291; x_wconf 75' lang='grc' dir='ltr'><strong>ἀδελφῶν</strong></span> <span class='ocrx_word' id='word_1_86' title='bbox 827 1223 1022 1276; x_wconf 75' lang='grc' dir='ltr'>αὑτοῦ·</span> <span class='ocrx_word' id='word_1_87' title='bbox 1098 1222 1349 1294; x_wconf 81' lang='grc' dir='ltr'>δεύτερον</span> <span class='ocrx_word' id='word_1_88' title='bbox 1394 1223 1535 1277; x_wconf 86' lang='grc' dir='ltr'><strong>κατά</strong></span> <span class='ocrx_word' id='word_1_89' title='bbox 1600 1222 1770 1277; x_wconf 82' lang='grc' dir='ltr'>νώτου</span> <span class='ocrx_word' id='word_1_90' title='bbox 1830 1225 1938 1280; x_wconf 87' lang='grc' dir='ltr'><strong>τῶν</strong></span> 
     </span>
    </p>
   </div>
   <div class='ocr_carea' id='block_1_14' title="bbox 351 1312 1939 1386">
    <p class='ocr_par' dir='ltr' id='par_1_14' title="bbox 351 1312 1939 1386">
     <span class='ocr_line' id='line_1_14' title="bbox 351 1312 1939 1386; baseline 0 -19"><span class='ocrx_word' id='word_1_91' title='bbox 351 1313 566 1385; x_wconf 89' lang='grc' dir='ltr'>ἐχθρῶν</span> <span class='ocrx_word' id='word_1_92' title='bbox 590 1313 751 1366; x_wconf 79' lang='grc' dir='ltr'>αὑτοῦ</span> <span class='ocrx_word' id='word_1_93' title='bbox 773 1313 870 1377; x_wconf 88' lang='grc' dir='ltr'><strong>τάς</strong></span> <span class='ocrx_word' id='word_1_94' title='bbox 886 1316 1074 1384; x_wconf 89' lang='grc' dir='ltr'>χεῖρας</span> <span class='ocrx_word' id='word_1_95' title='bbox 1102 1312 1374 1367; x_wconf 78' lang='grc' dir='ltr'>ἐπιϐαλεῖν</span> <span class='ocrx_word' id='word_1_96' title='bbox 1392 1331 1405 1344; x_wconf 72' lang='grc' dir='ltr'><strong>ο</strong></span> <span class='ocrx_word' id='word_1_97' title='bbox 1435 1313 1613 1386; x_wconf 88' lang='grc' dir='ltr'>τρίτον</span> <span class='ocrx_word' id='word_1_98' title='bbox 1632 1331 1939 1386; x_wconf 83' lang='grc' dir='ltr'>προσκυνη-</span> 
     </span>
    </p>
   </div>
   <div class='ocr_carea' id='block_1_15' title="bbox 350 1401 1937 1474">
    <p class='ocr_par' dir='ltr' id='par_1_15' title="bbox 350 1401 1937 1474">
     <span class='ocr_line' id='line_1_15' title="bbox 350 1401 1937 1474; baseline 0.001 -20"><span class='ocrx_word' id='word_1_99' title='bbox 350 1403 512 1474; x_wconf 80' lang='grc' dir='ltr'>θῆναι</span> <span class='ocrx_word' id='word_1_100' title='bbox 534 1403 638 1456; x_wconf 76' lang='grc' dir='ltr'><strong>ὑπὸ</strong></span> <span class='ocrx_word' id='word_1_101' title='bbox 656 1402 764 1455; x_wconf 88' lang='grc' dir='ltr'><strong>τῶν</strong></span> <span class='ocrx_word' id='word_1_102' title='bbox 797 1401 928 1456; x_wconf 82' lang='grc' dir='ltr'>υἱῶν</span> <span class='ocrx_word' id='word_1_103' title='bbox 949 1401 1041 1455; x_wconf 75' lang='grc' dir='ltr'>τοῦ</span> <span class='ocrx_word' id='word_1_104' title='bbox 1067 1403 1271 1474; x_wconf 83' lang='grc' dir='ltr'>πατρὸς</span> <span class='ocrx_word' id='word_1_105' title='bbox 1300 1402 1486 1458; x_wconf 81' lang='grc' dir='ltr'>αὑτοῦ.</span> <span class='ocrx_word' id='word_1_106' title='bbox 1513 1405 1578 1456; x_wconf 71' lang='grc' dir='ltr'><strong>Ἀ</strong></span> <span class='ocrx_word' id='word_1_107' title='bbox 1613 1405 1706 1457; x_wconf 69' lang='grc' dir='ltr'><strong>καὶ</strong></span> <span class='ocrx_word' id='word_1_108' title='bbox 1753 1403 1937 1468; x_wconf 80' lang='grc' dir='ltr'>τέλους</span> 
     </span>
    </p>
   </div>
   <div class='ocr_carea' id='block_1_16' title="bbox 347 1495 1934 1568">
    <p class='ocr_par' dir='ltr' id='par_1_16' title="bbox 347 1495 1934 1568">
     <span class='ocr_line' id='line_1_16' title="bbox 347 1495 1934 1568; baseline 0.002 -21"><span class='ocrx_word' id='word_1_109' title='bbox 347 1495 649 1566; x_wconf 73' lang='grc' dir='ltr'>ἐτύγχανεν</span> <span class='ocrx_word' id='word_1_110' title='bbox 667 1496 898 1567; x_wconf 76' lang='grc' dir='ltr'><strong>ὁπηνίκα</strong></span> <span class='ocrx_word' id='word_1_111' title='bbox 915 1495 1051 1558; x_wconf 86' lang='grc' dir='ltr'>τέως</span> <span class='ocrx_word' id='word_1_112' title='bbox 1077 1496 1174 1566; x_wconf 82' lang='grc' dir='ltr'>μὲν</span> <span class='ocrx_word' id='word_1_113' title='bbox 1191 1495 1288 1559; x_wconf 81' lang='grc' dir='ltr'><strong>τὰς</strong></span> <span class='ocrx_word' id='word_1_114' title='bbox 1309 1496 1640 1568; x_wconf 77' lang='grc' dir='ltr'>παραδόξους</span> <span class='ocrx_word' id='word_1_115' title='bbox 1655 1497 1934 1568; x_wconf 87' lang='grc' dir='ltr'>δυνάμεις,</span> 
     </span>
    </p>
   </div>
   <div class='ocr_carea' id='block_1_17' title="bbox 347 1587 1934 1660">
    <p class='ocr_par' dir='ltr' id='par_1_17' title="bbox 347 1587 1934 1660">
     <span class='ocr_line' id='line_1_17' title="bbox 347 1587 1934 1660; baseline 0.003 -22"><span class='ocrx_word' id='word_1_116' title='bbox 347 1590 446 1641; x_wconf 77' lang='grc' dir='ltr'><strong>καὶ</strong></span> <span class='ocrx_word' id='word_1_117' title='bbox 491 1588 560 1640; x_wconf 79' lang='grc' dir='ltr'><strong>τά</strong></span> <span class='ocrx_word' id='word_1_118' title='bbox 614 1589 874 1660; x_wconf 77' lang='grc' dir='ltr'>τεράστια</span> <span class='ocrx_word' id='word_1_119' title='bbox 943 1587 1199 1659; x_wconf 86' lang='grc' dir='ltr'>θαύματα</span> <span class='ocrx_word' id='word_1_120' title='bbox 1260 1587 1524 1642; x_wconf 83' lang='grc' dir='ltr'>ἐπιτελῶν</span> <span class='ocrx_word' id='word_1_121' title='bbox 1573 1588 1934 1660; x_wconf 76' lang='grc' dir='ltr'>ἐθαυμάζετο,</span> 
     </span>
    </p>
   </div>
   <div class='ocr_carea' id='block_1_18' title="bbox 348 1680 1936 1753">
    <p class='ocr_par' dir='ltr' id='par_1_18' title="bbox 348 1680 1936 1753">
     <span class='ocr_line' id='line_1_18' title="bbox 348 1680 1936 1753; baseline -0.001 -19"><span class='ocrx_word' id='word_1_122' title='bbox 348 1683 448 1734; x_wconf 74' lang='grc' dir='ltr'>καὶ</span> <span class='ocrx_word' id='word_1_123' title='bbox 482 1683 765 1751; x_wconf 74' lang='grc' dir='ltr'>ἐπῃνεῖτο,</span> <span class='ocrx_word' id='word_1_124' title='bbox 824 1681 917 1733; x_wconf 77' lang='grc' dir='ltr'><strong>καὶ</strong></span> <span class='ocrx_word' id='word_1_125' title='bbox 967 1683 1357 1751; x_wconf 87' lang='grc' dir='ltr'>προσεκυνεῖτο</span> <span class='ocrx_word' id='word_1_126' title='bbox 1407 1681 1541 1753; x_wconf 80' lang='grc' dir='ltr'>πρὸς</span> <span class='ocrx_word' id='word_1_127' title='bbox 1581 1680 1691 1733; x_wconf 70' lang='grc' dir='ltr'><strong>τῶν</strong></span> <span class='ocrx_word' id='word_1_128' title='bbox 1743 1680 1936 1734; x_wconf 85' lang='grc' dir='ltr'>ἐαυτοῦ</span> 
     </span>
    </p>
   </div>
   <div class='ocr_carea' id='block_1_19' title="bbox 349 1761 1934 1841">
    <p class='ocr_par' dir='ltr' id='par_1_19' title="bbox 349 1761 1934 1841">
     <span class='ocr_line' id='line_1_19' title="bbox 349 1761 1934 1841; baseline 0.001 -18"><span class='ocrx_word' id='word_1_129' title='bbox 349 1761 611 1840; x_wconf 82' lang='grc' dir='ltr'>μαθητῶν</span> <span class='ocrx_word' id='word_1_130' title='bbox 645 1788 702 1823; x_wconf 89' lang='grc' dir='ltr'><strong>τε</strong></span> <span class='ocrx_word' id='word_1_131' title='bbox 739 1771 833 1822; x_wconf 77' lang='grc' dir='ltr'><strong>καὶ</strong></span> <span class='ocrx_word' id='word_1_132' title='bbox 856 1771 1185 1835; x_wconf 80' lang='grc' dir='ltr'>ἀποστόλων,</span> <span class='ocrx_word' id='word_1_133' title='bbox 1237 1771 1331 1835; x_wconf 78' lang='grc' dir='ltr'><strong>οὓς</strong></span> <span class='ocrx_word' id='word_1_134' title='bbox 1372 1773 1462 1825; x_wconf 70' lang='grc' dir='ltr'><strong>καὶ</strong></span> <span class='ocrx_word' id='word_1_135' title='bbox 1504 1771 1767 1841; x_wconf 82' lang='grc' dir='ltr'>ἀδελφοὺς</span> <span class='ocrx_word' id='word_1_136' title='bbox 1797 1775 1934 1826; x_wconf 85' lang='grc' dir='ltr'>ἀπο-</span> 
     </span>
    </p>
   </div>
   <div class='ocr_carea' id='block_1_20' title="bbox 2043 578 3618 650">
    <p class='ocr_par' dir='ltr' id='par_1_20' title="bbox 2043 578 3618 650">
     <span class='ocr_line' id='line_1_20' title="bbox 2043 578 3618 650; baseline 0.002 -18"><span class='ocrx_word' id='word_1_137' title='bbox 2043 579 2342 648; x_wconf 88' lang='lat' dir='ltr'><strong>inscriptus</strong></span> <span class='ocrx_word' id='word_1_138' title='bbox 2372 588 2478 642; x_wconf 92' lang='lat' dir='ltr'><strong>est,</strong></span> <span class='ocrx_word' id='word_1_139' title='bbox 2516 580 2676 650; x_wconf 82' lang='lat' dir='ltr'><strong>plane</strong></span> <span class='ocrx_word' id='word_1_140' title='bbox 2706 587 2884 634; x_wconf 91' lang='lat' dir='ltr'><strong>autem</strong></span> <span class='ocrx_word' id='word_1_141' title='bbox 2915 593 3036 648; x_wconf 70' lang='lat' dir='ltr'><strong>qua:</strong></span> <span class='ocrx_word' id='word_1_142' title='bbox 3065 579 3130 632; x_wconf 90' lang='lat' dir='ltr'><strong>ad</strong></span> <span class='ocrx_word' id='word_1_143' title='bbox 3163 578 3443 633; x_wconf 74' lang='lat' dir='ltr'><strong>Christum</strong></span> <span class='ocrx_word' id='word_1_144' title='bbox 3477 581 3618 635; x_wconf 65' lang='grc' dir='ltr'>τοίου</span> 
     </span>
    </p>
   </div>
   <div class='ocr_carea' id='block_1_21' title="bbox 2043 669 3618 736">
    <p class='ocr_par' dir='ltr' id='par_1_21' title="bbox 2043 669 3618 736">
     <span class='ocr_line' id='line_1_21' title="bbox 2043 669 3618 736; baseline 0.001 -12"><span class='ocrx_word' id='word_1_145' title='bbox 2043 671 2209 725; x_wconf 91' lang='lat' dir='ltr'><strong>renda</strong></span> <span class='ocrx_word' id='word_1_146' title='bbox 2257 678 2407 736; x_wconf 88' lang='lat' dir='ltr'><strong>sunt,</strong></span> <span class='ocrx_word' id='word_1_147' title='bbox 2454 675 2718 725; x_wconf 88' lang='lat' dir='ltr'><strong>continet.</strong></span> <span class='ocrx_word' id='word_1_148' title='bbox 2750 670 2886 725; x_wconf 89' lang='lat' dir='ltr'><strong>Illud</strong></span> <span class='ocrx_word' id='word_1_149' title='bbox 2925 670 3070 724; x_wconf 91' lang='lat' dir='ltr'><strong>enim</strong></span> <span class='ocrx_word' id='word_1_150' title='bbox 3103 690 3115 722; x_wconf 85' lang='lat'><strong>:</strong></span> <span class='ocrx_word' id='word_1_151' title='bbox 3163 690 3179 721; x_wconf 81' lang='grc' dir='ltr'><strong>ι</strong></span> <span class='ocrx_word' id='word_1_152' title='bbox 3219 669 3282 723; x_wconf 81' lang='lat' dir='ltr'><strong>Et</strong></span> <span class='ocrx_word' id='word_1_153' title='bbox 3308 671 3618 726; x_wconf 48' lang='lat' dir='ltr'><strong>dominabh</strong></span> 
     </span>
    </p>
   </div>
   <div class='ocr_carea' id='block_1_22' title="bbox 2041 759 3618 833">
    <p class='ocr_par' dir='ltr' id='par_1_22' title="bbox 2041 759 3618 833">
     <span class='ocr_line' id='line_1_22' title="bbox 2041 759 3618 833; baseline 0.002 -19"><span class='ocrx_word' id='word_1_154' title='bbox 2041 772 2132 814; x_wconf 91' lang='lat' dir='ltr'><strong>tur</strong></span> <span class='ocrx_word' id='word_1_155' title='bbox 2162 777 2191 815; x_wconf 89' lang='lat' dir='ltr'><strong>a</strong></span> <span class='ocrx_word' id='word_1_156' title='bbox 2216 763 2351 815; x_wconf 87' lang='lat' dir='ltr'><strong>mari</strong></span> <span class='ocrx_word' id='word_1_157' title='bbox 2389 778 2561 832; x_wconf 88' lang='lat' dir='ltr'><strong>usque</strong></span> <span class='ocrx_word' id='word_1_158' title='bbox 2592 761 2660 816; x_wconf 89' lang='lat' dir='ltr'><strong>ad</strong></span> <span class='ocrx_word' id='word_1_159' title='bbox 2698 777 2866 825; x_wconf 88' lang='lat' dir='ltr'><strong>mare,</strong></span> <span class='ocrx_word' id='word_1_160' title='bbox 2901 769 2953 816; x_wconf 87' lang='lat' dir='ltr'><strong>et</strong></span> <span class='ocrx_word' id='word_1_161' title='bbox 3003 777 3032 814; x_wconf 92' lang='lat' dir='ltr'><strong>a</strong></span> <span class='ocrx_word' id='word_1_162' title='bbox 3069 759 3293 816; x_wconf 84' lang='lat' dir='ltr'><strong>ﬂumine</strong></span> <span class='ocrx_word' id='word_1_163' title='bbox 3341 778 3516 833; x_wconf 91' lang='lat' dir='ltr'><strong>usque</strong></span> <span class='ocrx_word' id='word_1_164' title='bbox 3549 764 3618 817; x_wconf 85' lang='lat' dir='ltr'><strong>ad</strong></span> 
     </span>
    </p>
   </div>
   <div class='ocr_carea' id='block_1_23' title="bbox 2043 855 3616 925">
    <p class='ocr_par' dir='ltr' id='par_1_23' title="bbox 2043 855 3616 925">
     <span class='ocr_line' id='line_1_23' title="bbox 2043 855 3616 925; baseline 0 -17"><span class='ocrx_word' id='word_1_165' title='bbox 2043 856 2179 910; x_wconf 80' lang='lat' dir='ltr'><strong>lines</strong></span> <span class='ocrx_word' id='word_1_166' title='bbox 2207 855 2357 910; x_wconf 84' lang='lat' dir='ltr'><strong>orbis</strong></span> <span class='ocrx_word' id='word_1_167' title='bbox 2389 864 2567 919; x_wconf 82' lang='lat' dir='ltr'><strong>teme,</strong></span> <span class='ocrx_word' id='word_1_168' title='bbox 2609 863 2664 909; x_wconf 91' lang='lat' dir='ltr'><strong>et</strong></span> <span class='ocrx_word' id='word_1_169' title='bbox 2691 871 2882 910; x_wconf 88' lang='lat' dir='ltr'><strong>omnes</strong></span> <span class='ocrx_word' id='word_1_170' title='bbox 2913 862 3102 925; x_wconf 77' lang='lat' dir='ltr'><strong>gentes</strong></span> <span class='ocrx_word' id='word_1_171' title='bbox 3133 856 3370 909; x_wconf 85' lang='lat' dir='ltr'><strong>servient</strong></span> <span class='ocrx_word' id='word_1_172' title='bbox 3395 857 3446 908; x_wconf 87' lang='lat' dir='ltr'><strong>ei</strong></span> <span class='ocrx_word' id='word_1_173' title='bbox 3479 856 3544 919; x_wconf 68' lang='lat'><strong>‘7,</strong></span> <span class='ocrx_word' id='word_1_174' title='bbox 3595 876 3616 908; x_wconf 74' lang='grc' dir='ltr'><strong>ι</strong></span> 
     </span>
    </p>
   </div>
   <div class='ocr_carea' id='block_1_24' title="bbox 2040 947 3622 1021">
    <p class='ocr_par' dir='ltr' id='par_1_24' title="bbox 2040 947 3622 1021">
     <span class='ocr_line' id='line_1_24' title="bbox 2040 947 3622 1021; baseline -0.001 -16"><span class='ocrx_word' id='word_1_175' title='bbox 2040 957 2093 1005; x_wconf 89' lang='lat' dir='ltr'><strong>et</strong></span> <span class='ocrx_word' id='word_1_176' title='bbox 2114 965 2452 1021; x_wconf 63' lang='lat' dir='ltr'><strong>quaecunque</strong></span> <span class='ocrx_word' id='word_1_177' title='bbox 2474 959 2596 1020; x_wconf 90' lang='lat' dir='ltr'><strong>post</strong></span> <span class='ocrx_word' id='word_1_178' title='bbox 2626 950 2742 1019; x_wconf 90' lang='lat' dir='ltr'><strong>ipsa</strong></span> <span class='ocrx_word' id='word_1_179' title='bbox 2774 949 2886 1003; x_wconf 76' lang='lat' dir='ltr'><strong>haec</strong></span> <span class='ocrx_word' id='word_1_180' title='bbox 2915 947 3172 1018; x_wconf 87' lang='lat' dir='ltr'><strong>deinceps</strong></span> <span class='ocrx_word' id='word_1_181' title='bbox 3205 947 3456 1004; x_wconf 84' lang='lat' dir='ltr'><strong>Psalmus</strong></span> <span class='ocrx_word' id='word_1_182' title='bbox 3487 965 3622 1004; x_wconf 82' lang='lat' dir='ltr'><strong>con-</strong></span> 
     </span>
    </p>
   </div>
   <div class='ocr_carea' id='block_1_25' title="bbox 2041 1039 3620 1111">
    <p class='ocr_par' dir='ltr' id='par_1_25' title="bbox 2041 1039 3620 1111">
     <span class='ocr_line' id='line_1_25' title="bbox 2041 1039 3620 1111; baseline 0 -17"><span class='ocrx_word' id='word_1_183' title='bbox 2041 1042 2198 1104; x_wconf 85' lang='lat' dir='ltr'><strong>tinet,</strong></span> <span class='ocrx_word' id='word_1_184' title='bbox 2229 1042 2323 1094; x_wconf 92' lang='lat' dir='ltr'><strong>uni</strong></span> <span class='ocrx_word' id='word_1_185' title='bbox 2355 1041 2543 1111; x_wconf 87' lang='lat' dir='ltr'><strong>utique</strong></span> <span class='ocrx_word' id='word_1_186' title='bbox 2573 1040 2796 1096; x_wconf 85' lang='lat' dir='ltr'><strong>Christo</strong></span> <span class='ocrx_word' id='word_1_187' title='bbox 2825 1047 2955 1095; x_wconf 87' lang='lat' dir='ltr'><strong>sunt</strong></span> <span class='ocrx_word' id='word_1_188' title='bbox 2987 1039 3474 1095; x_wconf 84' lang='lat' dir='ltr'><strong>accommodanda.</strong></span> <span class='ocrx_word' id='word_1_189' title='bbox 3513 1039 3620 1094; x_wconf 82' lang='lat' dir='ltr'><strong>Da-</strong></span> 
     </span>
    </p>
   </div>
   <div class='ocr_carea' id='block_1_26' title="bbox 2040 1131 3619 1203">
    <p class='ocr_par' dir='ltr' id='par_1_26' title="bbox 2040 1131 3619 1203">
     <span class='ocr_line' id='line_1_26' title="bbox 2040 1131 3619 1203; baseline 0.001 -19"><span class='ocrx_word' id='word_1_190' title='bbox 2040 1131 2131 1186; x_wconf 90' lang='lat' dir='ltr'><strong>vid</strong></span> <span class='ocrx_word' id='word_1_191' title='bbox 2161 1148 2290 1186; x_wconf 92' lang='lat' dir='ltr'><strong>vero</strong></span> <span class='ocrx_word' id='word_1_192' title='bbox 2320 1146 2514 1188; x_wconf 83' lang='lat' dir='ltr'><strong>rursus</strong></span> <span class='ocrx_word' id='word_1_193' title='bbox 2548 1133 2850 1202; x_wconf 86' lang='lat' dir='ltr'><strong>appellatus</strong></span> <span class='ocrx_word' id='word_1_194' title='bbox 2889 1141 2974 1186; x_wconf 91' lang='lat' dir='ltr'><strong>est</strong></span> <span class='ocrx_word' id='word_1_195' title='bbox 3003 1131 3278 1196; x_wconf 85' lang='lat' dir='ltr'><strong>Christus,</strong></span> <span class='ocrx_word' id='word_1_196' title='bbox 3314 1133 3368 1187; x_wconf 90' lang='lat' dir='ltr'><strong>in</strong></span> <span class='ocrx_word' id='word_1_197' title='bbox 3407 1134 3619 1203; x_wconf 86' lang='lat' dir='ltr'><strong>psalmo</strong></span> 
     </span>
    </p>
   </div>
   <div class='ocr_carea' id='block_1_27' title="bbox 2041 1223 3618 1295">
    <p class='ocr_par' dir='ltr' id='par_1_27' title="bbox 2041 1223 3618 1295">
     <span class='ocr_line' id='line_1_27' title="bbox 2041 1223 3618 1295; baseline -0.001 -16"><span class='ocrx_word' id='word_1_198' title='bbox 2041 1241 2310 1290; x_wconf 77' lang='lat' dir='ltr'><strong>Lxxxvm,</strong></span> <span class='ocrx_word' id='word_1_199' title='bbox 2365 1224 2807 1295; x_wconf 84' lang='lat' dir='ltr'><strong>quandoquidem</strong></span> <span class='ocrx_word' id='word_1_200' title='bbox 2838 1239 3108 1294; x_wconf 89' lang='lat' dir='ltr'><strong>nusquam</strong></span> <span class='ocrx_word' id='word_1_201' title='bbox 3152 1224 3252 1294; x_wconf 90' lang='lat' dir='ltr'><strong>ipsi</strong></span> <span class='ocrx_word' id='word_1_202' title='bbox 3297 1223 3488 1289; x_wconf 80' lang='lat' dir='ltr'><strong>David,</strong></span> <span class='ocrx_word' id='word_1_203' title='bbox 3524 1225 3618 1280; x_wconf 90' lang='lat' dir='ltr'><strong>sed</strong></span> 
     </span>
    </p>
   </div>
   <div class='ocr_carea' id='block_1_28' title="bbox 2043 1315 3621 1388">
    <p class='ocr_par' dir='ltr' id='par_1_28' title="bbox 2043 1315 3621 1388">
     <span class='ocr_line' id='line_1_28' title="bbox 2043 1315 3621 1388; baseline 0.001 -17"><span class='ocrx_word' id='word_1_204' title='bbox 2043 1317 2138 1371; x_wconf 93' lang='lat' dir='ltr'><strong>uni</strong></span> <span class='ocrx_word' id='word_1_205' title='bbox 2171 1318 2269 1382; x_wconf 90' lang='lat' dir='ltr'><strong>illi,</strong></span> <span class='ocrx_word' id='word_1_206' title='bbox 2301 1333 2421 1388; x_wconf 79' lang='lat' dir='ltr'><strong>quae</strong></span> <span class='ocrx_word' id='word_1_207' title='bbox 2447 1318 2500 1371; x_wconf 89' lang='lat' dir='ltr'><strong>in</strong></span> <span class='ocrx_word' id='word_1_208' title='bbox 2543 1318 2646 1371; x_wconf 87' lang='lat' dir='ltr'><strong>hoc</strong></span> <span class='ocrx_word' id='word_1_209' title='bbox 2680 1319 2808 1371; x_wconf 85' lang='lat' dir='ltr'><strong>item</strong></span> <span class='ocrx_word' id='word_1_210' title='bbox 2843 1315 3123 1384; x_wconf 90' lang='lat' dir='ltr'><strong>dicuntur,</strong></span> <span class='ocrx_word' id='word_1_211' title='bbox 3158 1317 3456 1373; x_wconf 84' lang='lat' dir='ltr'><strong>convenire</strong></span> <span class='ocrx_word' id='word_1_212' title='bbox 3490 1334 3621 1388; x_wconf 83' lang='lat' dir='ltr'><strong>pos-</strong></span> 
     </span>
    </p>
   </div>
   <div class='ocr_carea' id='block_1_29' title="bbox 2041 1407 3620 1477">
    <p class='ocr_par' dir='ltr' id='par_1_29' title="bbox 2041 1407 3620 1477">
     <span class='ocr_line' id='line_1_29' title="bbox 2041 1407 3620 1477; baseline 0.001 -12"><span class='ocrx_word' id='word_1_213' title='bbox 2041 1417 2190 1473; x_wconf 88' lang='lat' dir='ltr'><strong>sunt,</strong></span> <span class='ocrx_word' id='word_1_214' title='bbox 2223 1410 2389 1464; x_wconf 85' lang='lat' dir='ltr'><strong>veluti</strong></span> <span class='ocrx_word' id='word_1_215' title='bbox 2418 1409 2550 1463; x_wconf 88' lang='lat' dir='ltr'><strong>illud</strong></span> <span class='ocrx_word' id='word_1_216' title='bbox 2591 1428 2602 1462; x_wconf 86' lang='lat'><strong>:</strong></span> <span class='ocrx_word' id='word_1_217' title='bbox 2646 1426 2664 1459; x_wconf 78' lang='grc' dir='ltr'><strong>ι</strong></span> <span class='ocrx_word' id='word_1_218' title='bbox 2707 1409 2826 1477; x_wconf 93' lang='lat' dir='ltr'><strong>lpse</strong></span> <span class='ocrx_word' id='word_1_219' title='bbox 2867 1409 3083 1463; x_wconf 89' lang='lat' dir='ltr'><strong>vocabit</strong></span> <span class='ocrx_word' id='word_1_220' title='bbox 3114 1425 3237 1464; x_wconf 86' lang='lat' dir='ltr'><strong>me:</strong></span> <span class='ocrx_word' id='word_1_221' title='bbox 3269 1407 3431 1465; x_wconf 87' lang='lat' dir='ltr'><strong>Pater</strong></span> <span class='ocrx_word' id='word_1_222' title='bbox 3464 1427 3620 1466; x_wconf 90' lang='lat' dir='ltr'><strong>meus</strong></span> 
     </span>
    </p>
   </div>
   <div class='ocr_carea' id='block_1_30' title="bbox 2039 1501 3618 1571">
    <p class='ocr_par' dir='ltr' id='par_1_30' title="bbox 2039 1501 3618 1571">
     <span class='ocr_line' id='line_1_30' title="bbox 2039 1501 3618 1571; baseline 0 -15"><span class='ocrx_word' id='word_1_223' title='bbox 2039 1518 2100 1556; x_wconf 91' lang='lat' dir='ltr'><strong>cs</strong></span> <span class='ocrx_word' id='word_1_224' title='bbox 2131 1510 2210 1566; x_wconf 92' lang='lat' dir='ltr'><strong>tu,</strong></span> <span class='ocrx_word' id='word_1_225' title='bbox 2247 1511 2300 1556; x_wconf 90' lang='lat' dir='ltr'><strong>et</strong></span> <span class='ocrx_word' id='word_1_226' title='bbox 2327 1517 2428 1571; x_wconf 87' lang='lat' dir='ltr'><strong>ego</strong></span> <span class='ocrx_word' id='word_1_227' title='bbox 2452 1501 2873 1571; x_wconf 80' lang='lat' dir='ltr'><strong>primogenitum</strong></span> <span class='ocrx_word' id='word_1_228' title='bbox 2923 1515 3121 1570; x_wconf 89' lang='lat' dir='ltr'><strong>ponam</strong></span> <span class='ocrx_word' id='word_1_229' title='bbox 3154 1517 3304 1563; x_wconf 91' lang='lat' dir='ltr'><strong>eum,</strong></span> <span class='ocrx_word' id='word_1_230' title='bbox 3341 1503 3618 1556; x_wconf 77' lang='lat' dir='ltr'><strong>excelsum</strong></span> 
     </span>
    </p>
   </div>
   <div class='ocr_carea' id='block_1_31' title="bbox 2041 1593 3620 1666">
    <p class='ocr_par' dir='ltr' id='par_1_31' title="bbox 2041 1593 3620 1666">
     <span class='ocr_line' id='line_1_31' title="bbox 2041 1593 3620 1666; baseline 0 -18"><span class='ocrx_word' id='word_1_231' title='bbox 2041 1611 2152 1666; x_wconf 75' lang='lat' dir='ltr'><strong>pra:</strong></span> <span class='ocrx_word' id='word_1_232' title='bbox 2178 1595 2394 1665; x_wconf 81' lang='lat' dir='ltr'><strong>regibus</strong></span> <span class='ocrx_word' id='word_1_233' title='bbox 2433 1602 2611 1656; x_wconf 89' lang='lat' dir='ltr'><strong>terrae,</strong></span> <span class='ocrx_word' id='word_1_234' title='bbox 2643 1593 2696 1646; x_wconf 91' lang='lat' dir='ltr'><strong>in</strong></span> <span class='ocrx_word' id='word_1_235' title='bbox 2726 1601 2990 1647; x_wconf 68' lang='lat' dir='ltr'><strong>aeternum</strong></span> <span class='ocrx_word' id='word_1_236' title='bbox 3032 1593 3263 1648; x_wconf 77' lang='lat' dir='ltr'><strong>servabo</strong></span> <span class='ocrx_word' id='word_1_237' title='bbox 3289 1593 3361 1647; x_wconf 93' lang='lat' dir='ltr'><strong>illi</strong></span> <span class='ocrx_word' id='word_1_238' title='bbox 3406 1595 3620 1649; x_wconf 68' lang='lat' dir='ltr'><strong>miseri~</strong></span> 
     </span>
    </p>
   </div>
   <div class='ocr_carea' id='block_1_32' title="bbox 2041 1683 3658 1755">
    <p class='ocr_par' dir='ltr' id='par_1_32' title="bbox 2041 1683 3658 1755">
     <span class='ocr_line' id='line_1_32' title="bbox 2041 1683 3658 1755; baseline -0.001 -13"><span class='ocrx_word' id='word_1_239' title='bbox 2041 1686 2283 1742; x_wconf 90' lang='lat' dir='ltr'><strong>cordiam</strong></span> <span class='ocrx_word' id='word_1_240' title='bbox 2333 1701 2507 1740; x_wconf 87' lang='lat' dir='ltr'><strong>meam</strong></span> <span class='ocrx_word' id='word_1_241' title='bbox 2536 1685 2601 1738; x_wconf 70' lang='grc'><strong>⁸⁸.</strong></span> <span class='ocrx_word' id='word_1_242' title='bbox 2646 1703 2665 1736; x_wconf 86' lang='grc'><strong>›</strong></span> <span class='ocrx_word' id='word_1_243' title='bbox 2711 1684 2776 1738; x_wconf 85' lang='lat' dir='ltr'><strong>Et</strong></span> <span class='ocrx_word' id='word_1_244' title='bbox 2828 1699 3062 1740; x_wconf 86' lang='lat' dir='ltr'><strong>rursus:</strong></span> <span class='ocrx_word' id='word_1_245' title='bbox 3106 1703 3125 1735; x_wconf 73' lang='grc' dir='ltr'><strong>ι</strong></span> <span class='ocrx_word' id='word_1_246' title='bbox 3165 1683 3362 1739; x_wconf 88' lang='lat' dir='ltr'><strong>Semen</strong></span> <span class='ocrx_word' id='word_1_247' title='bbox 3412 1685 3532 1755; x_wconf 89' lang='lat' dir='ltr'><strong>ejus</strong></span> <span class='ocrx_word' id='word_1_248' title='bbox 3564 1687 3658 1741; x_wconf 88' lang='lat' dir='ltr'><strong>in.</strong></span> 
     </span>
    </p>
   </div>
   <div class='ocr_carea' id='block_1_33' title="bbox 2040 1777 3616 1848">
    <p class='ocr_par' dir='ltr' id='par_1_33' title="bbox 2040 1777 3616 1848">
     <span class='ocr_line' id='line_1_33' title="bbox 2040 1777 3616 1848; baseline -0.001 -15"><span class='ocrx_word' id='word_1_249' title='bbox 2040 1788 2302 1834; x_wconf 72' lang='lat' dir='ltr'><strong>:eternum</strong></span> <span class='ocrx_word' id='word_1_250' title='bbox 2337 1785 2538 1842; x_wconf 90' lang='lat' dir='ltr'><strong>manet,</strong></span> <span class='ocrx_word' id='word_1_251' title='bbox 2570 1785 2623 1832; x_wconf 87' lang='lat' dir='ltr'><strong>et</strong></span> <span class='ocrx_word' id='word_1_252' title='bbox 2657 1777 2814 1832; x_wconf 88' lang='lat' dir='ltr'><strong>sedes</strong></span> <span class='ocrx_word' id='word_1_253' title='bbox 2847 1777 2968 1846; x_wconf 85' lang='lat' dir='ltr'><strong>ejus</strong></span> <span class='ocrx_word' id='word_1_254' title='bbox 3011 1785 3069 1829; x_wconf 92' lang='lat' dir='ltr'><strong>ut</strong></span> <span class='ocrx_word' id='word_1_255' title='bbox 3106 1777 3188 1830; x_wconf 93' lang='lat' dir='ltr'><strong>sol</strong></span> <span class='ocrx_word' id='word_1_256' title='bbox 3231 1777 3284 1830; x_wconf 91' lang='lat' dir='ltr'><strong>in</strong></span> <span class='ocrx_word' id='word_1_257' title='bbox 3318 1786 3616 1848; x_wconf 89' lang='lat' dir='ltr'><strong>conspectu</strong></span> 
     </span>
    </p>
   </div>
   <div class='ocr_carea' id='block_1_34' title="bbox 346 1859 1935 1938">
    <p class='ocr_par' dir='ltr' id='par_1_34' title="bbox 346 1862 1935 1935">
     <span class='ocr_line' id='line_1_34' title="bbox 346 1862 1935 1935; baseline 0.003 -20"><span class='ocrx_word' id='word_1_258' title='bbox 346 1864 538 1917; x_wconf 83' lang='grc' dir='ltr'>καλεῖν</span> <span class='ocrx_word' id='word_1_259' title='bbox 571 1864 670 1916; x_wconf 87' lang='grc' dir='ltr'><strong>οὑκ</strong></span> <span class='ocrx_word' id='word_1_260' title='bbox 701 1862 861 1916; x_wconf 89' lang='grc' dir='ltr'>ῶκνει</span> <span class='ocrx_word' id='word_1_261' title='bbox 886 1905 900 1927; x_wconf 94' lang='grc'><strong>,</strong></span> <span class='ocrx_word' id='word_1_262' title='bbox 935 1863 1024 1916; x_wconf 74' lang='grc' dir='ltr'>διὰ</span> <span class='ocrx_word' id='word_1_263' title='bbox 1061 1865 1157 1934; x_wconf 83' lang='grc' dir='ltr'><strong>μὲν</strong></span> <span class='ocrx_word' id='word_1_264' title='bbox 1191 1863 1280 1918; x_wconf 72' lang='grc' dir='ltr'>τοῖ’</span> <span class='ocrx_word' id='word_1_265' title='bbox 1307 1864 1406 1934; x_wconf 61' lang='grc' dir='ltr'>φα)</span> <span class='ocrx_word' id='word_1_266' title='bbox 1421 1864 1520 1935; x_wconf 82' lang='grc' dir='ltr'>μοῦ</span> <span class='ocrx_word' id='word_1_267' title='bbox 1553 1863 1745 1934; x_wconf 87' lang='grc' dir='ltr'>λέγων,</span> <span class='ocrx_word' id='word_1_268' title='bbox 1779 1884 1797 1916; x_wconf 79' lang='grc' dir='ltr'><strong>ι</strong></span> <span class='ocrx_word' id='word_1_269' title='bbox 1820 1866 1935 1919; x_wconf 86' lang='grc' dir='ltr'><strong>’Λπ-</strong></span> 
     </span>
    </p>
   </div>
   <div class='ocr_carea' id='block_1_35' title="bbox 2040 1859 3624 1938">
    <p class='ocr_par' dir='ltr' id='par_1_35' title="bbox 2045 1864 3624 1938">
     <span class='ocr_line' id='line_1_35' title="bbox 2045 1864 3624 1938; baseline 0.002 -18"><span class='ocrx_word' id='word_1_270' title='bbox 2045 1881 2186 1930; x_wconf 90' lang='lat' dir='ltr'><strong>meo,</strong></span> <span class='ocrx_word' id='word_1_271' title='bbox 2219 1875 2272 1920; x_wconf 87' lang='lat' dir='ltr'><strong>et</strong></span> <span class='ocrx_word' id='word_1_272' title='bbox 2322 1873 2382 1919; x_wconf 90' lang='lat' dir='ltr'><strong>ut</strong></span> <span class='ocrx_word' id='word_1_273' title='bbox 2426 1867 2553 1919; x_wconf 90' lang='lat' dir='ltr'><strong>luna</strong></span> <span class='ocrx_word' id='word_1_274' title='bbox 2584 1864 2822 1934; x_wconf 83' lang='lat' dir='ltr'><strong>perfecta</strong></span> <span class='ocrx_word' id='word_1_275' title='bbox 2853 1866 2910 1920; x_wconf 92' lang='lat' dir='ltr'><strong>in</strong></span> <span class='ocrx_word' id='word_1_276' title='bbox 2941 1873 3206 1921; x_wconf 67' lang='lat' dir='ltr'><strong>aeternum</strong></span> <span class='ocrx_word' id='word_1_277' title='bbox 3238 1866 3301 1921; x_wconf 75' lang='lat'><strong>&quot;.</strong></span> <span class='ocrx_word' id='word_1_278' title='bbox 3344 1886 3364 1918; x_wconf 78' lang='grc' dir='ltr'><strong>ι</strong></span> <span class='ocrx_word' id='word_1_279' title='bbox 3396 1867 3486 1921; x_wconf 90' lang='lat' dir='ltr'><strong>Sic</strong></span> <span class='ocrx_word' id='word_1_280' title='bbox 3517 1869 3624 1938; x_wconf 78' lang='lat' dir='ltr'><strong>igi-</strong></span> 
     </span>
    </p>
   </div>
   <div class='ocr_carea' id='block_1_36' title="bbox 347 1955 1938 2028">
    <p class='ocr_par' dir='ltr' id='par_1_36' title="bbox 347 1955 1938 2028">
     <span class='ocr_line' id='line_1_36' title="bbox 347 1955 1938 2028; baseline 0.001 -20"><span class='ocrx_word' id='word_1_281' title='bbox 347 1955 570 2024; x_wconf 77' lang='grc' dir='ltr'>ἀγγελῶ</span> <span class='ocrx_word' id='word_1_282' title='bbox 622 1957 680 2008; x_wconf 85' lang='grc' dir='ltr'><strong>τὸ</strong></span> <span class='ocrx_word' id='word_1_283' title='bbox 715 1957 886 2027; x_wconf 76' lang='grc' dir='ltr'>ὄνομά</span> <span class='ocrx_word' id='word_1_284' title='bbox 917 1974 1010 2009; x_wconf 88' lang='grc' dir='ltr'><strong>σου</strong></span> <span class='ocrx_word' id='word_1_285' title='bbox 1057 1960 1170 2021; x_wconf 80' lang='grc' dir='ltr'>τοῖς</span> <span class='ocrx_word' id='word_1_286' title='bbox 1213 1956 1459 2024; x_wconf 77' lang='grc' dir='ltr'>ἀδελφοῖς</span> <span class='ocrx_word' id='word_1_287' title='bbox 1512 1975 1645 2028; x_wconf 90' lang='grc' dir='ltr'>μου,</span> <span class='ocrx_word' id='word_1_288' title='bbox 1693 1959 1752 2011; x_wconf 82' lang='grc' dir='ltr'><strong>ἐν</strong></span> <span class='ocrx_word' id='word_1_289' title='bbox 1789 1958 1938 2028; x_wconf 83' lang='grc' dir='ltr'>μέσῳ</span> 
     </span>
    </p>
   </div>
   <div class='ocr_carea' id='block_1_37' title="bbox 362 2047 1944 2121">
    <p class='ocr_par' dir='ltr' id='par_1_37' title="bbox 362 2047 1944 2121">
     <span class='ocr_line' id='line_1_37' title="bbox 362 2047 1944 2121; baseline 0.001 -21"><span class='ocrx_word' id='word_1_290' title='bbox 362 2047 694 2116; x_wconf 85' lang='grc' dir='ltr'>Ἐκκλησίας</span> <span class='ocrx_word' id='word_1_291' title='bbox 726 2048 952 2118; x_wconf 82' lang='grc' dir='ltr'>ὑμνήσω</span> <span class='ocrx_word' id='word_1_292' title='bbox 972 2063 1029 2099; x_wconf 86' lang='grc' dir='ltr'><strong>σε</strong></span> <span class='ocrx_word' id='word_1_293' title='bbox 1057 2063 1068 2077; x_wconf 94' lang='grc'><strong>·</strong></span> <span class='ocrx_word' id='word_1_294' title='bbox 1099 2065 1116 2098; x_wconf 82' lang='grc' dir='ltr'><strong>ι</strong></span> <span class='ocrx_word' id='word_1_295' title='bbox 1163 2049 1281 2110; x_wconf 88' lang='grc' dir='ltr'>ταῖς</span> <span class='ocrx_word' id='word_1_296' title='bbox 1317 2047 1373 2100; x_wconf 86' lang='grc' dir='ltr'>δὲ</span> <span class='ocrx_word' id='word_1_297' title='bbox 1402 2047 1547 2118; x_wconf 79' lang='grc' dir='ltr'>ἀμφὶ</span> <span class='ocrx_word' id='word_1_298' title='bbox 1578 2048 1677 2119; x_wconf 81' lang='grc' dir='ltr'>τὴν</span> <span class='ocrx_word' id='word_1_299' title='bbox 1709 2049 1944 2121; x_wconf 79' lang='grc' dir='ltr'>Μαριὰμ</span> 
     </span>
    </p>
   </div>
   <div class='ocr_carea' id='block_1_38' title="bbox 348 2136 1930 2210">
    <p class='ocr_par' dir='ltr' id='par_1_38' title="bbox 348 2136 1930 2210">
     <span class='ocr_line' id='line_1_38' title="bbox 348 2136 1930 2210; baseline 0 -18"><span class='ocrx_word' id='word_1_300' title='bbox 348 2138 705 2210; x_wconf 79' lang='grc' dir='ltr'>προστάττων</span> <span class='ocrx_word' id='word_1_301' title='bbox 771 2136 1216 2208; x_wconf 76' lang='grc' dir='ltr'>εὐαγγελίζεσθαι</span> <span class='ocrx_word' id='word_1_302' title='bbox 1290 2138 1471 2201; x_wconf 87' lang='grc' dir='ltr'>αὑτοῖς</span> <span class='ocrx_word' id='word_1_303' title='bbox 1529 2137 1605 2200; x_wconf 83' lang='grc' dir='ltr'>ὡς</span> <span class='ocrx_word' id='word_1_304' title='bbox 1664 2138 1930 2210; x_wconf 87' lang='grc' dir='ltr'>ἀδελφοῖς·</span> 
     </span>
    </p>
   </div>
   <div class='ocr_carea' id='block_1_39' title="bbox 353 2227 1938 2302">
    <p class='ocr_par' dir='ltr' id='par_1_39' title="bbox 353 2227 1938 2302">
     <span class='ocr_line' id='line_1_39' title="bbox 353 2227 1938 2302; baseline 0.003 -23"><span class='ocrx_word' id='word_1_305' title='bbox 353 2247 372 2279; x_wconf 75' lang='grc' dir='ltr'><strong>ι</strong></span> <span class='ocrx_word' id='word_1_306' title='bbox 432 2227 863 2296; x_wconf 82' lang='grc' dir='ltr'>Ἀπαγγείλατε,</span> <span class='ocrx_word' id='word_1_307' title='bbox 904 2249 919 2279; x_wconf 87' lang='grc' dir='ltr'><strong>ι</strong></span> <span class='ocrx_word' id='word_1_308' title='bbox 956 2229 1063 2299; x_wconf 84' lang='grc' dir='ltr'><strong>γάρ</strong></span> <span class='ocrx_word' id='word_1_309' title='bbox 1094 2244 1258 2297; x_wconf 87' lang='grc' dir='ltr'>φησι,</span> <span class='ocrx_word' id='word_1_310' title='bbox 1298 2247 1315 2278; x_wconf 79' lang='grc' dir='ltr'><strong>ι</strong></span> <span class='ocrx_word' id='word_1_311' title='bbox 1357 2232 1470 2292; x_wconf 89' lang='grc' dir='ltr'>τοῖς</span> <span class='ocrx_word' id='word_1_312' title='bbox 1519 2229 1767 2298; x_wconf 77' lang='grc' dir='ltr'>ἀδελφοῖς</span> <span class='ocrx_word' id='word_1_313' title='bbox 1816 2249 1938 2302; x_wconf 91' lang='grc' dir='ltr'>μου,</span> 
     </span>
    </p>
   </div>
   <div class='ocr_carea' id='block_1_40' title="bbox 345 2319 1941 2399">
    <p class='ocr_par' dir='ltr' id='par_1_40' title="bbox 345 2319 1941 2399">
     <span class='ocr_line' id='line_1_40' title="bbox 345 2319 1941 2399; baseline 0.005 -26"><span class='ocrx_word' id='word_1_314' title='bbox 345 2322 430 2373; x_wconf 80' lang='grc' dir='ltr'><strong>ὅτι</strong></span> <span class='ocrx_word' id='word_1_315' title='bbox 480 2320 778 2392; x_wconf 77' lang='grc' dir='ltr'>ἀνέρχομαι</span> <span class='ocrx_word' id='word_1_316' title='bbox 824 2321 959 2392; x_wconf 68' lang='grc' dir='ltr'>πρδς</span> <span class='ocrx_word' id='word_1_317' title='bbox 1003 2320 1094 2374; x_wconf 84' lang='grc' dir='ltr'>τὸν</span> <span class='ocrx_word' id='word_1_318' title='bbox 1155 2319 1372 2393; x_wconf 83' lang='grc' dir='ltr'>Πατέρα</span> <span class='ocrx_word' id='word_1_319' title='bbox 1422 2341 1544 2393; x_wconf 89' lang='grc' dir='ltr'>μου,</span> <span class='ocrx_word' id='word_1_320' title='bbox 1592 2326 1688 2378; x_wconf 75' lang='grc' dir='ltr'><strong>καὶ</strong></span> <span class='ocrx_word' id='word_1_321' title='bbox 1725 2327 1941 2399; x_wconf 83' lang='grc' dir='ltr'>Πατέρα</span> 
     </span>
    </p>
   </div>
   <div class='ocr_carea' id='block_1_41' title="bbox 347 2413 1941 2490">
    <p class='ocr_par' dir='ltr' id='par_1_41' title="bbox 347 2413 1941 2490">
     <span class='ocr_line' id='line_1_41' title="bbox 347 2413 1941 2490; baseline 0.005 -24"><span class='ocrx_word' id='word_1_322' title='bbox 347 2413 526 2485; x_wconf 84' lang='grc' dir='ltr'>ὑμῶν,</span> <span class='ocrx_word' id='word_1_323' title='bbox 557 2415 652 2468; x_wconf 78' lang='grc' dir='ltr'><strong>καὶ</strong></span> <span class='ocrx_word' id='word_1_324' title='bbox 667 2415 797 2467; x_wconf 89' lang='grc' dir='ltr'>Θεόν</span> <span class='ocrx_word' id='word_1_325' title='bbox 833 2432 955 2484; x_wconf 89' lang='grc' dir='ltr'>μου,</span> <span class='ocrx_word' id='word_1_326' title='bbox 989 2414 1082 2467; x_wconf 73' lang='grc' dir='ltr'><strong>καὶ</strong></span> <span class='ocrx_word' id='word_1_327' title='bbox 1099 2413 1230 2468; x_wconf 86' lang='grc' dir='ltr'>Θεὸν</span> <span class='ocrx_word' id='word_1_328' title='bbox 1255 2417 1412 2486; x_wconf 77' lang='grc' dir='ltr'>ἡμῶν</span> <span class='ocrx_word' id='word_1_329' title='bbox 1435 2417 1534 2486; x_wconf 87' lang='grc'><strong>(1).</strong></span> <span class='ocrx_word' id='word_1_330' title='bbox 1573 2436 1589 2468; x_wconf 83' lang='grc' dir='ltr'><strong>ι</strong></span> <span class='ocrx_word' id='word_1_331' title='bbox 1622 2417 1777 2472; x_wconf 83' lang='grc' dir='ltr'>Οὑτω</span> <span class='ocrx_word' id='word_1_332' title='bbox 1807 2419 1941 2490; x_wconf 78' lang='grc' dir='ltr'>δῆτα</span> 
     </span>
    </p>
   </div>
   <div class='ocr_carea' id='block_1_42' title="bbox 349 2508 1941 2583">
    <p class='ocr_par' dir='ltr' id='par_1_42' title="bbox 349 2508 1941 2583">
     <span class='ocr_line' id='line_1_42' title="bbox 349 2508 1941 2583; baseline 0.003 -21"><span class='ocrx_word' id='word_1_333' title='bbox 349 2509 515 2562; x_wconf 84' lang='grc' dir='ltr'>αὑτὸν</span> <span class='ocrx_word' id='word_1_334' title='bbox 533 2510 584 2562; x_wconf 90' lang='grc' dir='ltr'>οἱ</span> <span class='ocrx_word' id='word_1_335' title='bbox 607 2509 824 2578; x_wconf 70' lang='grc' dir='ltr'>ἀδελφοὶ</span> <span class='ocrx_word' id='word_1_336' title='bbox 844 2508 912 2562; x_wconf 87' lang='grc' dir='ltr'><strong>τά</strong></span> <span class='ocrx_word' id='word_1_337' title='bbox 939 2509 1036 2580; x_wconf 85' lang='grc' dir='ltr'><strong>μὲν</strong></span> <span class='ocrx_word' id='word_1_338' title='bbox 1063 2509 1254 2581; x_wconf 89' lang='grc' dir='ltr'>πρῶτα</span> <span class='ocrx_word' id='word_1_339' title='bbox 1281 2511 1373 2562; x_wconf 73' lang='grc' dir='ltr'><strong>ἐπὶ</strong></span> <span class='ocrx_word' id='word_1_340' title='bbox 1397 2513 1508 2574; x_wconf 87' lang='grc' dir='ltr'>τοῖς</span> <span class='ocrx_word' id='word_1_341' title='bbox 1525 2512 1847 2583; x_wconf 79' lang='grc' dir='ltr'>παραδόξοις</span> <span class='ocrx_word' id='word_1_342' title='bbox 1866 2514 1941 2579; x_wconf 86' lang='grc' dir='ltr'>ὡς</span> 
     </span>
    </p>
   </div>
   <div class='ocr_carea' id='block_1_43' title="bbox 349 2596 1938 2674">
    <p class='ocr_par' dir='ltr' id='par_1_43' title="bbox 349 2596 1938 2674">
     <span class='ocr_line' id='line_1_43' title="bbox 349 2596 1938 2674; baseline 0.003 -19"><span class='ocrx_word' id='word_1_343' title='bbox 349 2596 656 2673; x_wconf 86' lang='grc' dir='ltr'>θαυμάσιον</span> <span class='ocrx_word' id='word_1_344' title='bbox 689 2603 857 2673; x_wconf 86' lang='grc' dir='ltr'>ἄνδρα</span> <span class='ocrx_word' id='word_1_345' title='bbox 889 2605 1048 2672; x_wconf 80' lang='grc' dir='ltr'>μόνον</span> <span class='ocrx_word' id='word_1_346' title='bbox 1078 2602 1312 2674; x_wconf 77' lang='grc' dir='ltr'>ἐπῄνουν</span> <span class='ocrx_word' id='word_1_347' title='bbox 1331 2645 1346 2669; x_wconf 93' lang='grc'><strong>,</strong></span> <span class='ocrx_word' id='word_1_348' title='bbox 1368 2602 1464 2656; x_wconf 85' lang='grc' dir='ltr'>’ἐνα</span> <span class='ocrx_word' id='word_1_349' title='bbox 1495 2603 1638 2669; x_wconf 83' lang='grc' dir='ltr'>τινὰ,</span> <span class='ocrx_word' id='word_1_350' title='bbox 1669 2605 1745 2668; x_wconf 84' lang='grc' dir='ltr'>ὡς</span> <span class='ocrx_word' id='word_1_351' title='bbox 1771 2607 1938 2672; x_wconf 78' lang='grc' dir='ltr'>εἰκὸς,</span> 
     </span>
    </p>
   </div>
   <div class='ocr_carea' id='block_1_44' title="bbox 347 2691 1941 2769">
    <p class='ocr_par' dir='ltr' id='par_1_44' title="bbox 347 2691 1941 2769">
     <span class='ocr_line' id='line_1_44' title="bbox 347 2691 1941 2769; baseline 0.003 -21"><span class='ocrx_word' id='word_1_352' title='bbox 347 2695 458 2748; x_wconf 89' lang='grc' dir='ltr'><strong>τῶν</strong></span> <span class='ocrx_word' id='word_1_353' title='bbox 485 2695 781 2766; x_wconf 79' lang='grc' dir='ltr'>προφητῶν</span> <span class='ocrx_word' id='word_1_354' title='bbox 812 2691 949 2748; x_wconf 80' lang='grc' dir='ltr'>εἶναι</span> <span class='ocrx_word' id='word_1_355' title='bbox 990 2694 1380 2766; x_wconf 80' lang='grc' dir='ltr'>ὑπειληφότες·</span> <span class='ocrx_word' id='word_1_356' title='bbox 1415 2697 1538 2749; x_wconf 78' lang='grc' dir='ltr'>ἐπεὶ</span> <span class='ocrx_word' id='word_1_357' title='bbox 1566 2697 1621 2750; x_wconf 84' lang='grc' dir='ltr'>δὲ</span> <span class='ocrx_word' id='word_1_358' title='bbox 1654 2699 1711 2751; x_wconf 88' lang='grc' dir='ltr'>ὲν</span> <span class='ocrx_word' id='word_1_359' title='bbox 1736 2697 1813 2769; x_wconf 79' lang='grc' dir='ltr'>τῷ</span> <span class='ocrx_word' id='word_1_360' title='bbox 1846 2717 1941 2769; x_wconf 83' lang='grc' dir='ltr'>με·</span> 
     </span>
    </p>
   </div>
   <div class='ocr_carea' id='block_1_45' title="bbox 347 2787 1938 2860">
    <p class='ocr_par' dir='ltr' id='par_1_45' title="bbox 347 2787 1938 2860">
     <span class='ocr_line' id='line_1_45' title="bbox 347 2787 1938 2860; baseline 0.002 -20"><span class='ocrx_word' id='word_1_361' title='bbox 347 2787 484 2855; x_wconf 82' lang='grc' dir='ltr'><strong>ταξὺ</strong></span> <span class='ocrx_word' id='word_1_362' title='bbox 519 2787 617 2851; x_wconf 87' lang='grc' dir='ltr'><strong>τάς</strong></span> <span class='ocrx_word' id='word_1_363' title='bbox 653 2789 990 2858; x_wconf 88' lang='grc' dir='ltr'>θαυμασίους</span> <span class='ocrx_word' id='word_1_364' title='bbox 1018 2787 1476 2857; x_wconf 76' lang='grc' dir='ltr'>παραδοξοποιίας</span> <span class='ocrx_word' id='word_1_365' title='bbox 1495 2787 1660 2842; x_wconf 71' lang='grc' dir='ltr'>αὑτοῦ</span> <span class='ocrx_word' id='word_1_366' title='bbox 1685 2789 1938 2860; x_wconf 86' lang='grc' dir='ltr'>ὁρῶντες,</span> 
     </span>
    </p>
   </div>
   <div class='ocr_carea' id='block_1_46' title="bbox 349 2879 1942 2952">
    <p class='ocr_par' dir='ltr' id='par_1_46' title="bbox 349 2879 1942 2952">
     <span class='ocr_line' id='line_1_46' title="bbox 349 2879 1942 2952; baseline -0.001 -17"><span class='ocrx_word' id='word_1_367' title='bbox 349 2881 446 2935; x_wconf 75' lang='grc' dir='ltr'>καὶ</span> <span class='ocrx_word' id='word_1_368' title='bbox 471 2880 547 2943; x_wconf 85' lang='grc' dir='ltr'>ὡς</span> <span class='ocrx_word' id='word_1_369' title='bbox 573 2879 818 2934; x_wconf 86' lang='grc' dir='ltr'>καθεῖλεν</span> <span class='ocrx_word' id='word_1_370' title='bbox 852 2879 1043 2951; x_wconf 79' lang='grc' dir='ltr'>ἐχθρόν</span> <span class='ocrx_word' id='word_1_371' title='bbox 1076 2897 1133 2933; x_wconf 91' lang='grc' dir='ltr'><strong>τε</strong></span> <span class='ocrx_word' id='word_1_372' title='bbox 1168 2881 1260 2934; x_wconf 80' lang='grc' dir='ltr'>καὶ</span> <span class='ocrx_word' id='word_1_373' title='bbox 1295 2880 1605 2952; x_wconf 83' lang='grc' dir='ltr'>ἐκδικητὴν,</span> <span class='ocrx_word' id='word_1_374' title='bbox 1629 2879 1720 2934; x_wconf 86' lang='grc' dir='ltr'><strong>τόν</strong></span> <span class='ocrx_word' id='word_1_375' title='bbox 1748 2897 1811 2950; x_wconf 83' lang='grc' dir='ltr'><strong>γε</strong></span> <span class='ocrx_word' id='word_1_376' title='bbox 1846 2879 1942 2934; x_wconf 83' lang='grc' dir='ltr'>θά-</span> 
     </span>
    </p>
   </div>
   <div class='ocr_carea' id='block_1_47' title="bbox 350 2973 1938 3047">
    <p class='ocr_par' dir='ltr' id='par_1_47' title="bbox 350 2973 1938 3047">
     <span class='ocr_line' id='line_1_47' title="bbox 350 2973 1938 3047; baseline 0.001 -20"><span class='ocrx_word' id='word_1_377' title='bbox 350 2989 512 3028; x_wconf 85' lang='grc' dir='ltr'>νατον</span> <span class='ocrx_word' id='word_1_378' title='bbox 555 2973 790 3044; x_wconf 82' lang='grc' dir='ltr'>ἄρχοντα</span> <span class='ocrx_word' id='word_1_379' title='bbox 815 2973 908 3026; x_wconf 81' lang='grc' dir='ltr'>τοῦ</span> <span class='ocrx_word' id='word_1_380' title='bbox 944 2974 1138 3034; x_wconf 86' lang='grc' dir='ltr'>αἰῶνος</span> <span class='ocrx_word' id='word_1_381' title='bbox 1182 2973 1372 3027; x_wconf 89' lang='grc' dir='ltr'>τούτου</span> <span class='ocrx_word' id='word_1_382' title='bbox 1395 3013 1409 3038; x_wconf 94' lang='grc'><strong>,</strong></span> <span class='ocrx_word' id='word_1_383' title='bbox 1437 2973 1553 3047; x_wconf 71' lang='grc' dir='ltr'><strong>ἅμα</strong></span> <span class='ocrx_word' id='word_1_384' title='bbox 1576 2977 1696 3038; x_wconf 90' lang='grc' dir='ltr'>ταῖς</span> <span class='ocrx_word' id='word_1_385' title='bbox 1725 2974 1938 3039; x_wconf 85' lang='grc' dir='ltr'>λοιπαῖς</span> 
     </span>
    </p>
   </div>
   <div class='ocr_carea' id='block_1_48' title="bbox 350 3065 1937 3138">
    <p class='ocr_par' dir='ltr' id='par_1_48' title="bbox 350 3065 1937 3138">
     <span class='ocr_line' id='line_1_48' title="bbox 350 3065 1937 3138; baseline 0 -18"><span class='ocrx_word' id='word_1_386' title='bbox 350 3067 603 3138; x_wconf 85' lang='grc' dir='ltr'>ἀοράτοις</span> <span class='ocrx_word' id='word_1_387' title='bbox 632 3065 726 3118; x_wconf 74' lang='grc' dir='ltr'><strong>καὶ</strong></span> <span class='ocrx_word' id='word_1_388' title='bbox 743 3065 962 3137; x_wconf 87' lang='grc' dir='ltr'>ἐχθραῖς</span> <span class='ocrx_word' id='word_1_389' title='bbox 989 3065 1282 3134; x_wconf 86' lang='grc' dir='ltr'>δυνάμεσι,</span> <span class='ocrx_word' id='word_1_390' title='bbox 1303 3065 1366 3118; x_wconf 77' lang='grc' dir='ltr'>τὸ</span> <span class='ocrx_word' id='word_1_391' title='bbox 1392 3066 1645 3137; x_wconf 81' lang='grc' dir='ltr'>τηνικάδε</span> <span class='ocrx_word' id='word_1_392' title='bbox 1673 3065 1805 3120; x_wconf 83' lang='grc' dir='ltr'>Θεὸν</span> <span class='ocrx_word' id='word_1_393' title='bbox 1836 3067 1937 3120; x_wconf 89' lang='grc' dir='ltr'>αὑ-</span> 
     </span>
    </p>
   </div>
   <div class='ocr_carea' id='block_1_49' title="bbox 352 3153 1938 3231">
    <p class='ocr_par' dir='ltr' id='par_1_49' title="bbox 352 3153 1938 3231">
     <span class='ocr_line' id='line_1_49' title="bbox 352 3153 1938 3231; baseline 0 -19"><span class='ocrx_word' id='word_1_394' title='bbox 352 3158 441 3212; x_wconf 82' lang='grc' dir='ltr'><strong>τὸν</strong></span> <span class='ocrx_word' id='word_1_395' title='bbox 472 3153 611 3211; x_wconf 77' lang='grc' dir='ltr'>εῖναι</span> <span class='ocrx_word' id='word_1_396' title='bbox 652 3158 1063 3224; x_wconf 87' lang='grc' dir='ltr'>πιστεύσαντες,</span> <span class='ocrx_word' id='word_1_397' title='bbox 1100 3158 1530 3230; x_wconf 88' lang='grc' dir='ltr'>προσεκύνησαν.</span> <span class='ocrx_word' id='word_1_398' title='bbox 1565 3160 1631 3211; x_wconf 81' lang='grc' dir='ltr'><strong>Αἱ</strong></span> <span class='ocrx_word' id='word_1_399' title='bbox 1672 3158 1728 3212; x_wconf 85' lang='grc' dir='ltr'>δὲ</span> <span class='ocrx_word' id='word_1_400' title='bbox 1757 3163 1938 3231; x_wconf 89' lang='grc' dir='ltr'>χεῖρες</span> 
     </span>
    </p>
   </div>
   <div class='ocr_carea' id='block_1_50' title="bbox 350 3250 2005 3347">
    <p class='ocr_par' dir='ltr' id='par_1_50' title="bbox 350 3250 2005 3347">
     <span class='ocr_line' id='line_1_50' title="bbox 350 3250 2005 3347; baseline 0.001 -42"><span class='ocrx_word' id='word_1_401' title='bbox 350 3250 446 3305; x_wconf 76' lang='grc' dir='ltr'>τοῦ</span> <span class='ocrx_word' id='word_1_402' title='bbox 470 3250 725 3321; x_wconf 80' lang='grc' dir='ltr'>Σωτῆρος</span> <span class='ocrx_word' id='word_1_403' title='bbox 740 3250 894 3321; x_wconf 81' lang='grc' dir='ltr'>ἡμῶν</span> <span class='ocrx_word' id='word_1_404' title='bbox 919 3250 1060 3303; x_wconf 87' lang='grc' dir='ltr'><strong>κατά</strong></span> <span class='ocrx_word' id='word_1_405' title='bbox 1079 3250 1247 3304; x_wconf 82' lang='grc' dir='ltr'>νώτου</span> <span class='ocrx_word' id='word_1_406' title='bbox 1265 3251 1384 3305; x_wconf 60' lang='grc' dir='ltr'><strong>τῶν</strong></span> <span class='ocrx_word' id='word_1_407' title='bbox 1399 3251 1608 3324; x_wconf 83' lang='grc' dir='ltr'>ἐχθρῶν</span> <span class='ocrx_word' id='word_1_408' title='bbox 1631 3253 1795 3306; x_wconf 80' lang='grc' dir='ltr'>αὑτοῦ</span> <span class='ocrx_word' id='word_1_409' title='bbox 1823 3253 1937 3322; x_wconf 86' lang='grc' dir='ltr'>ἐγί-</span> <span class='ocrx_word' id='word_1_410' title='bbox 1963 3290 2005 3347; x_wconf 75' lang='lat' dir='ltr'><strong><em>C</em></strong></span> 
     </span>
    </p>
   </div>
   <div class='ocr_carea' id='block_1_51' title="bbox 350 3341 1932 3416">
    <p class='ocr_par' dir='ltr' id='par_1_51' title="bbox 350 3341 1932 3416">
     <span class='ocr_line' id='line_1_51' title="bbox 350 3341 1932 3416; baseline 0.001 -20"><span class='ocrx_word' id='word_1_411' title='bbox 350 3359 523 3410; x_wconf 88' lang='grc' dir='ltr'>νοντο,</span> <span class='ocrx_word' id='word_1_412' title='bbox 562 3341 652 3396; x_wconf 77' lang='grc' dir='ltr'><strong>ὅτε</strong></span> <span class='ocrx_word' id='word_1_413' title='bbox 673 3342 849 3405; x_wconf 86' lang='grc' dir='ltr'>πάσας</span> <span class='ocrx_word' id='word_1_414' title='bbox 882 3343 978 3406; x_wconf 85' lang='grc' dir='ltr'><strong>τάς</strong></span> <span class='ocrx_word' id='word_1_415' title='bbox 1004 3343 1227 3413; x_wconf 79' lang='grc' dir='ltr'>πράξεις</span> <span class='ocrx_word' id='word_1_416' title='bbox 1259 3343 1448 3409; x_wconf 70' lang='grc' dir='ltr'>αὑτοῦ,</span> <span class='ocrx_word' id='word_1_417' title='bbox 1471 3343 1568 3408; x_wconf 87' lang='grc' dir='ltr'><strong>τάς</strong></span> <span class='ocrx_word' id='word_1_418' title='bbox 1593 3361 1649 3398; x_wconf 90' lang='grc' dir='ltr'><strong>τε</strong></span> <span class='ocrx_word' id='word_1_419' title='bbox 1675 3345 1932 3416; x_wconf 81' lang='grc' dir='ltr'>δυνάμεις</span> 
     </span>
    </p>
   </div>
   <div class='ocr_carea' id='block_1_52' title="bbox 349 3434 1932 3507">
    <p class='ocr_par' dir='ltr' id='par_1_52' title="bbox 349 3434 1932 3507">
     <span class='ocr_line' id='line_1_52' title="bbox 349 3434 1932 3507; baseline 0.002 -21"><span class='ocrx_word' id='word_1_420' title='bbox 349 3435 442 3488; x_wconf 58' lang='grc' dir='ltr'><strong>καὶ</strong></span> <span class='ocrx_word' id='word_1_421' title='bbox 459 3435 935 3506; x_wconf 78' lang='grc' dir='ltr'>παραδοξοποιίας,</span> <span class='ocrx_word' id='word_1_422' title='bbox 961 3435 1050 3488; x_wconf 75' lang='grc' dir='ltr'><strong>ἐπὶ</strong></span> <span class='ocrx_word' id='word_1_423' title='bbox 1071 3435 1384 3506; x_wconf 83' lang='grc' dir='ltr'>καθαιρέσει</span> <span class='ocrx_word' id='word_1_424' title='bbox 1416 3435 1523 3489; x_wconf 90' lang='grc' dir='ltr'><strong>τῶν</strong></span> <span class='ocrx_word' id='word_1_425' title='bbox 1543 3434 1811 3507; x_wconf 84' lang='grc' dir='ltr'>δαιμόνων</span> <span class='ocrx_word' id='word_1_426' title='bbox 1838 3435 1932 3490; x_wconf 67' lang='grc' dir='ltr'><strong>καῒ⁸</strong></span> 
     </span>
    </p>
   </div>
   <div class='ocr_carea' id='block_1_53' title="bbox 349 3524 1930 3597">
    <p class='ocr_par' dir='ltr' id='par_1_53' title="bbox 349 3524 1930 3597">
     <span class='ocr_line' id='line_1_53' title="bbox 349 3524 1930 3597; baseline 0.001 -21"><span class='ocrx_word' id='word_1_427' title='bbox 349 3524 454 3577; x_wconf 87' lang='grc' dir='ltr'><strong>τῶν</strong></span> <span class='ocrx_word' id='word_1_428' title='bbox 480 3525 732 3597; x_wconf 87' lang='grc' dir='ltr'>πονηρῶν</span> <span class='ocrx_word' id='word_1_429' title='bbox 763 3525 1086 3596; x_wconf 74' lang='grc' dir='ltr'>πνευμάτων</span> <span class='ocrx_word' id='word_1_430' title='bbox 1112 3526 1366 3578; x_wconf 83' lang='grc' dir='ltr'>ἐποιεῖτο.</span> <span class='ocrx_word' id='word_1_431' title='bbox 1397 3525 1553 3577; x_wconf 85' lang='grc' dir='ltr'>Ἀλλά</span> <span class='ocrx_word' id='word_1_432' title='bbox 1585 3525 1678 3578; x_wconf 77' lang='grc' dir='ltr'>καὶ</span> <span class='ocrx_word' id='word_1_433' title='bbox 1697 3525 1930 3597; x_wconf 86' lang='grc' dir='ltr'>ὁπηνίκα</span> 
     </span>
    </p>
   </div>
   <div class='ocr_carea' id='block_1_54' title="bbox 351 3615 1932 3689">
    <p class='ocr_par' dir='ltr' id='par_1_54' title="bbox 351 3615 1932 3689">
     <span class='ocr_line' id='line_1_54' title="bbox 351 3615 1932 3689; baseline 0.001 -21"><span class='ocrx_word' id='word_1_434' title='bbox 351 3615 646 3680; x_wconf 82' lang='grc' dir='ltr'>ἐξεπέτασε</span> <span class='ocrx_word' id='word_1_435' title='bbox 699 3615 796 3680; x_wconf 76' lang='grc' dir='ltr'><strong>τὰς</strong></span> <span class='ocrx_word' id='word_1_436' title='bbox 835 3619 1024 3686; x_wconf 88' lang='grc' dir='ltr'>χεῖρας</span> <span class='ocrx_word' id='word_1_437' title='bbox 1068 3616 1233 3671; x_wconf 82' lang='grc' dir='ltr'>αὑτοῦ</span> <span class='ocrx_word' id='word_1_438' title='bbox 1269 3618 1360 3670; x_wconf 70' lang='grc' dir='ltr'><strong>ἐπὶ</strong></span> <span class='ocrx_word' id='word_1_439' title='bbox 1388 3616 1480 3669; x_wconf 77' lang='grc' dir='ltr'>τοῦ</span> <span class='ocrx_word' id='word_1_440' title='bbox 1543 3618 1800 3689; x_wconf 83' lang='grc' dir='ltr'>σταυροῦ,</span> <span class='ocrx_word' id='word_1_441' title='bbox 1837 3618 1932 3670; x_wconf 75' lang='grc' dir='ltr'><strong>καὶ</strong></span> 
     </span>
    </p>
   </div>
   <div class='ocr_carea' id='block_1_55' title="bbox 350 3706 1932 3780">
    <p class='ocr_par' dir='ltr' id='par_1_55' title="bbox 350 3706 1932 3780">
     <span class='ocr_line' id='line_1_55' title="bbox 350 3706 1932 3780; baseline 0.001 -20"><span class='ocrx_word' id='word_1_442' title='bbox 350 3706 526 3770; x_wconf 78' lang='grc' dir='ltr'>οὕτως</span> <span class='ocrx_word' id='word_1_443' title='bbox 568 3707 626 3760; x_wconf 86' lang='grc' dir='ltr'>αἱ</span> <span class='ocrx_word' id='word_1_444' title='bbox 657 3711 837 3779; x_wconf 86' lang='grc' dir='ltr'>χεῖρες</span> <span class='ocrx_word' id='word_1_445' title='bbox 875 3706 1040 3760; x_wconf 70' lang='grc' dir='ltr'>αὑτοῦ</span> <span class='ocrx_word' id='word_1_446' title='bbox 1062 3746 1076 3770; x_wconf 92' lang='grc'><strong>,</strong></span> <span class='ocrx_word' id='word_1_447' title='bbox 1109 3709 1416 3776; x_wconf 85' lang='grc' dir='ltr'>φευγόντων</span> <span class='ocrx_word' id='word_1_448' title='bbox 1453 3708 1562 3760; x_wconf 85' lang='grc' dir='ltr'><strong>τῶν</strong></span> <span class='ocrx_word' id='word_1_449' title='bbox 1595 3707 1804 3780; x_wconf 81' lang='grc' dir='ltr'>ἐχθρῶν</span> <span class='ocrx_word' id='word_1_450' title='bbox 1837 3710 1932 3762; x_wconf 75' lang='grc' dir='ltr'><strong>καὶ</strong></span> 
     </span>
    </p>
   </div>
   <div class='ocr_carea' id='block_1_56' title="bbox 350 3799 1930 3872">
    <p class='ocr_par' dir='ltr' id='par_1_56' title="bbox 350 3799 1930 3872">
     <span class='ocr_line' id='line_1_56' title="bbox 350 3799 1930 3872; baseline 0.001 -22"><span class='ocrx_word' id='word_1_451' title='bbox 350 3799 415 3851; x_wconf 78' lang='grc' dir='ltr'>τὰ</span> <span class='ocrx_word' id='word_1_452' title='bbox 463 3799 610 3852; x_wconf 89' lang='grc' dir='ltr'>νῶτα</span> <span class='ocrx_word' id='word_1_453' title='bbox 666 3799 1137 3872; x_wconf 82' lang='grc' dir='ltr'>παραχωρούντων</span> <span class='ocrx_word' id='word_1_454' title='bbox 1189 3799 1374 3870; x_wconf 79' lang='grc' dir='ltr'>αὑτῷ,</span> <span class='ocrx_word' id='word_1_455' title='bbox 1421 3799 1561 3852; x_wconf 86' lang='grc' dir='ltr'><strong>κατά</strong></span> <span class='ocrx_word' id='word_1_456' title='bbox 1614 3799 1782 3852; x_wconf 86' lang='grc' dir='ltr'>νώτου</span> <span class='ocrx_word' id='word_1_457' title='bbox 1821 3799 1930 3852; x_wconf 89' lang='grc' dir='ltr'><strong>τῶν</strong></span> 
     </span>
    </p>
   </div>
   <div class='ocr_carea' id='block_1_57' title="bbox 352 3891 1932 3964">
    <p class='ocr_par' dir='ltr' id='par_1_57' title="bbox 352 3891 1932 3964">
     <span class='ocr_line' id='line_1_57' title="bbox 352 3891 1932 3964; baseline -0.001 -20"><span class='ocrx_word' id='word_1_458' title='bbox 352 3891 559 3964; x_wconf 68' lang='grc' dir='ltr'>ἐχθρῶν</span> <span class='ocrx_word' id='word_1_459' title='bbox 591 3892 850 3961; x_wconf 85' lang='grc' dir='ltr'>ἐγίνοντο,</span> <span class='ocrx_word' id='word_1_460' title='bbox 871 3893 964 3945; x_wconf 75' lang='grc' dir='ltr'>καὶ</span> <span class='ocrx_word' id='word_1_461' title='bbox 991 3891 1186 3963; x_wconf 80' lang='grc' dir='ltr'>μᾶλλον</span> <span class='ocrx_word' id='word_1_462' title='bbox 1214 3892 1299 3944; x_wconf 81' lang='grc' dir='ltr'>ὅτε</span> <span class='ocrx_word' id='word_1_463' title='bbox 1325 3891 1386 3944; x_wconf 83' lang='grc' dir='ltr'>τὸ</span> <span class='ocrx_word' id='word_1_464' title='bbox 1421 3891 1634 3962; x_wconf 75' lang='grc' dir='ltr'>πνεῦμα</span> <span class='ocrx_word' id='word_1_465' title='bbox 1661 3891 1932 3962; x_wconf 77' lang='grc' dir='ltr'>παραδοὺς</span> 
     </span>
    </p>
   </div>
   <div class='ocr_carea' id='block_1_58' title="bbox 351 3978 1928 4057">
    <p class='ocr_par' dir='ltr' id='par_1_58' title="bbox 351 3978 1928 4057">
     <span class='ocr_line' id='line_1_58' title="bbox 351 3978 1928 4057; baseline -0.002 -18"><span class='ocrx_word' id='word_1_466' title='bbox 351 3984 427 4055; x_wconf 80' lang='grc' dir='ltr'>τῷ</span> <span class='ocrx_word' id='word_1_467' title='bbox 447 3985 646 4057; x_wconf 71' lang='grc' dir='ltr'>Πατρὶ,</span> <span class='ocrx_word' id='word_1_468' title='bbox 672 3985 908 4056; x_wconf 81' lang='grc' dir='ltr'>ἄσαρκος</span> <span class='ocrx_word' id='word_1_469' title='bbox 927 3984 1019 4039; x_wconf 73' lang='grc' dir='ltr'><strong>καὶ</strong></span> <span class='ocrx_word' id='word_1_470' title='bbox 1044 3984 1247 4056; x_wconf 83' lang='grc' dir='ltr'>γυμνὸς</span> <span class='ocrx_word' id='word_1_471' title='bbox 1267 3978 1325 4036; x_wconf 74' lang='grc' dir='ltr'><strong>οὑ</strong></span> <span class='ocrx_word' id='word_1_472' title='bbox 1355 3984 1630 4054; x_wconf 79' lang='grc' dir='ltr'>ἀνειλήφει</span> <span class='ocrx_word' id='word_1_473' title='bbox 1660 3985 1928 4054; x_wconf 89' lang='grc' dir='ltr'>σώματος,</span> 
     </span>
    </p>
   </div>
   <div class='ocr_carea' id='block_1_59' title="bbox 352 4075 1932 4149">
    <p class='ocr_par' dir='ltr' id='par_1_59' title="bbox 352 4075 1932 4149">
     <span class='ocr_line' id='line_1_59' title="bbox 352 4075 1932 4149; baseline 0 -19"><span class='ocrx_word' id='word_1_474' title='bbox 352 4077 442 4132; x_wconf 75' lang='grc' dir='ltr'><strong>ἐπὶ</strong></span> <span class='ocrx_word' id='word_1_475' title='bbox 479 4078 541 4131; x_wconf 85' lang='grc' dir='ltr'>τὺ</span> <span class='ocrx_word' id='word_1_476' title='bbox 574 4077 681 4130; x_wconf 89' lang='grc' dir='ltr'><strong>τῶν</strong></span> <span class='ocrx_word' id='word_1_477' title='bbox 723 4076 930 4148; x_wconf 87' lang='grc' dir='ltr'>ἐχθρῶν</span> <span class='ocrx_word' id='word_1_478' title='bbox 973 4077 1164 4149; x_wconf 76' lang='grc' dir='ltr'>κατῄει</span> <span class='ocrx_word' id='word_1_479' title='bbox 1193 4075 1420 4146; x_wconf 83' lang='grc' dir='ltr'>χωρίον,</span> <span class='ocrx_word' id='word_1_480' title='bbox 1450 4076 1696 4147; x_wconf 77' lang='grc' dir='ltr'>αὑτοζωὴ</span> <span class='ocrx_word' id='word_1_481' title='bbox 1729 4078 1932 4147; x_wconf 88' lang='grc' dir='ltr'>τυγχά-</span> 
     </span>
    </p>
   </div>
   <div class='ocr_carea' id='block_1_60' title="bbox 351 4166 1931 4238">
    <p class='ocr_par' dir='ltr' id='par_1_60' title="bbox 351 4166 1931 4238">
     <span class='ocr_line' id='line_1_60' title="bbox 351 4166 1931 4238; baseline -0.002 -14"><span class='ocrx_word' id='word_1_482' title='bbox 351 4187 478 4234; x_wconf 87' lang='grc' dir='ltr'>νων,</span> <span class='ocrx_word' id='word_1_483' title='bbox 531 4169 758 4223; x_wconf 88' lang='grc' dir='ltr'>θάνατον</span> <span class='ocrx_word' id='word_1_484' title='bbox 823 4166 1160 4229; x_wconf 74' lang='grc' dir='ltr'>καταλύσων,</span> <span class='ocrx_word' id='word_1_485' title='bbox 1214 4168 1308 4219; x_wconf 73' lang='grc' dir='ltr'><strong>καὶ</strong></span> <span class='ocrx_word' id='word_1_486' title='bbox 1350 4166 1447 4231; x_wconf 76' lang='grc' dir='ltr'>τὰς</span> <span class='ocrx_word' id='word_1_487' title='bbox 1496 4169 1931 4238; x_wconf 83' lang='grc' dir='ltr'>ἐπανισταμένας</span> 
     </span>
    </p>
   </div>
   <div class='ocr_carea' id='block_1_61' title="bbox 351 4258 1930 4335">
    <p class='ocr_par' dir='ltr' id='par_1_61' title="bbox 351 4258 1930 4335">
     <span class='ocr_line' id='line_1_61' title="bbox 351 4258 1930 4335; baseline -0.003 -17"><span class='ocrx_word' id='word_1_488' title='bbox 351 4262 502 4335; x_wconf 86' lang='grc' dir='ltr'>αὑτῷ</span> <span class='ocrx_word' id='word_1_489' title='bbox 537 4261 812 4330; x_wconf 84' lang='grc' dir='ltr'>δυνάμεις,</span> <span class='ocrx_word' id='word_1_490' title='bbox 845 4259 909 4324; x_wconf 77' lang='grc' dir='ltr'>ἃς</span> <span class='ocrx_word' id='word_1_491' title='bbox 943 4258 1085 4322; x_wconf 86' lang='grc' dir='ltr'>είκός</span> <span class='ocrx_word' id='word_1_492' title='bbox 1121 4261 1241 4313; x_wconf 85' lang='grc' dir='ltr'>κατ’</span> <span class='ocrx_word' id='word_1_493' title='bbox 1280 4259 1448 4332; x_wconf 83' lang='grc' dir='ltr'>ἀρχὰς</span> <span class='ocrx_word' id='word_1_494' title='bbox 1495 4261 1592 4331; x_wconf 85' lang='grc' dir='ltr'><strong>μὲν</strong></span> <span class='ocrx_word' id='word_1_495' title='bbox 1624 4260 1800 4313; x_wconf 86' lang='grc' dir='ltr'>κοινὸν</span> <span class='ocrx_word' id='word_1_496' title='bbox 1836 4261 1930 4315; x_wconf 84' lang='grc' dir='ltr'>άν-</span> 
     </span>
    </p>
   </div>
   <div class='ocr_carea' id='block_1_62' title="bbox 352 4350 1927 4428">
    <p class='ocr_par' dir='ltr' id='par_1_62' title="bbox 352 4350 1927 4428">
     <span class='ocr_line' id='line_1_62' title="bbox 352 4350 1927 4428; baseline -0.003 -19"><span class='ocrx_word' id='word_1_497' title='bbox 352 4356 590 4428; x_wconf 86' lang='grc' dir='ltr'>θρωπον,</span> <span class='ocrx_word' id='word_1_498' title='bbox 631 4355 724 4406; x_wconf 74' lang='grc' dir='ltr'><strong>καὶ</strong></span> <span class='ocrx_word' id='word_1_499' title='bbox 753 4355 863 4414; x_wconf 84' lang='grc' dir='ltr'>τοῖς</span> <span class='ocrx_word' id='word_1_500' title='bbox 904 4350 1114 4413; x_wconf 78' lang='grc' dir='ltr'>πολλοῖς</span> <span class='ocrx_word' id='word_1_501' title='bbox 1144 4352 1327 4421; x_wconf 85' lang='grc' dir='ltr'>ὅμοιον</span> <span class='ocrx_word' id='word_1_502' title='bbox 1359 4351 1520 4405; x_wconf 84' lang='grc' dir='ltr'>αὑτὸν</span> <span class='ocrx_word' id='word_1_503' title='bbox 1550 4353 1927 4423; x_wconf 83' lang='grc' dir='ltr'>ὑπειληφέναι,</span> 
     </span>
    </p>
   </div>
   <div class='ocr_carea' id='block_1_63' title="bbox 349 4439 1929 4515">
    <p class='ocr_par' dir='ltr' id='par_1_63' title="bbox 349 4439 1929 4515">
     <span class='ocr_line' id='line_1_63' title="bbox 349 4439 1929 4515; baseline -0.003 -14"><span class='ocrx_word' id='word_1_504' title='bbox 349 4447 494 4500; x_wconf 77' lang='grc' dir='ltr'>οὕτω</span> <span class='ocrx_word' id='word_1_505' title='bbox 518 4463 578 4498; x_wconf 89' lang='grc' dir='ltr'><strong>τε</strong></span> <span class='ocrx_word' id='word_1_506' title='bbox 602 4443 876 4497; x_wconf 85' lang='grc' dir='ltr'>κυκλῶσαι</span> <span class='ocrx_word' id='word_1_507' title='bbox 902 4441 1061 4496; x_wconf 83' lang='grc' dir='ltr'>αὑτὸν</span> <span class='ocrx_word' id='word_1_508' title='bbox 1093 4443 1186 4496; x_wconf 69' lang='grc' dir='ltr'><strong>καὶ</strong></span> <span class='ocrx_word' id='word_1_509' title='bbox 1221 4439 1370 4495; x_wconf 85' lang='grc' dir='ltr'><strong>ώσάν</strong></span> <span class='ocrx_word' id='word_1_510' title='bbox 1419 4441 1498 4512; x_wconf 85' lang='grc' dir='ltr'>τῷ</span> <span class='ocrx_word' id='word_1_511' title='bbox 1523 4443 1738 4512; x_wconf 82' lang='grc' dir='ltr'>τυχόντι</span> <span class='ocrx_word' id='word_1_512' title='bbox 1765 4445 1929 4515; x_wconf 79' lang='grc' dir='ltr'>ἐφορο</span> 
     </span>
    </p>
   </div>
   <div class='ocr_carea' id='block_1_64' title="bbox 358 4534 1930 4612">
    <p class='ocr_par' dir='ltr' id='par_1_64' title="bbox 358 4534 1930 4612">
     <span class='ocr_line' id='line_1_64' title="bbox 358 4534 1930 4612; baseline -0.003 -20"><span class='ocrx_word' id='word_1_513' title='bbox 358 4540 561 4612; x_wconf 69' lang='grc' dir='ltr'>μῆσαι’</span> <span class='ocrx_word' id='word_1_514' title='bbox 599 4536 720 4590; x_wconf 76' lang='grc' dir='ltr'>ἐπεὶ</span> <span class='ocrx_word' id='word_1_515' title='bbox 756 4535 810 4588; x_wconf 80' lang='grc' dir='ltr'>δὲ</span> <span class='ocrx_word' id='word_1_516' title='bbox 847 4535 1089 4603; x_wconf 75' lang='grc' dir='ltr'>ἔγνωσαν</span> <span class='ocrx_word' id='word_1_517' title='bbox 1116 4535 1396 4607; x_wconf 88' lang='grc' dir='ltr'>κρείττονα</span> <span class='ocrx_word' id='word_1_518' title='bbox 1430 4535 1463 4606; x_wconf 82' lang='grc' dir='ltr'>ἦ</span> <span class='ocrx_word' id='word_1_519' title='bbox 1499 4535 1616 4588; x_wconf 82' lang='grc' dir='ltr'>κατ’</span> <span class='ocrx_word' id='word_1_520' title='bbox 1647 4534 1930 4606; x_wconf 85' lang='grc' dir='ltr'>ἄνθρωπον</span> 
     </span>
    </p>
   </div>
   <div class='ocr_carea' id='block_1_65' title="bbox 2046 1957 3621 2030">
    <p class='ocr_par' dir='ltr' id='par_1_65' title="bbox 2046 1957 3621 2030">
     <span class='ocr_line' id='line_1_65' title="bbox 2046 1957 3621 2030; baseline 0.003 -19"><span class='ocrx_word' id='word_1_521' title='bbox 2046 1966 2136 2012; x_wconf 91' lang='lat' dir='ltr'><strong>tur</strong></span> <span class='ocrx_word' id='word_1_522' title='bbox 2164 1973 2270 2012; x_wconf 87' lang='lat' dir='ltr'><strong>una</strong></span> <span class='ocrx_word' id='word_1_523' title='bbox 2300 1973 2424 2012; x_wconf 92' lang='lat' dir='ltr'><strong>cum</strong></span> <span class='ocrx_word' id='word_1_524' title='bbox 2473 1957 2594 2012; x_wconf 91' lang='lat' dir='ltr'><strong>aliis</strong></span> <span class='ocrx_word' id='word_1_525' title='bbox 2634 1957 3123 2012; x_wconf 86' lang='lat' dir='ltr'><strong>innumerabilibus</strong></span> <span class='ocrx_word' id='word_1_526' title='bbox 3147 1957 3348 2012; x_wconf 83' lang='lat' dir='ltr'><strong>Christi</strong></span> <span class='ocrx_word' id='word_1_527' title='bbox 3381 1963 3621 2030; x_wconf 85' lang='lat' dir='ltr'><strong>appella-</strong></span> 
     </span>
    </p>
   </div>
   <div class='ocr_carea' id='block_1_66' title="bbox 2044 2047 3616 2121">
    <p class='ocr_par' dir='ltr' id='par_1_66' title="bbox 2044 2047 3616 2121">
     <span class='ocr_line' id='line_1_66' title="bbox 2044 2047 3616 2121; baseline 0.004 -21"><span class='ocrx_word' id='word_1_528' title='bbox 2044 2048 2319 2114; x_wconf 86' lang='lat' dir='ltr'><strong>tionibus,</strong></span> <span class='ocrx_word' id='word_1_529' title='bbox 2357 2047 2560 2118; x_wconf 89' lang='lat' dir='ltr'><strong>quibus</strong></span> <span class='ocrx_word' id='word_1_530' title='bbox 2595 2047 2745 2102; x_wconf 90' lang='lat' dir='ltr'><strong>illum</strong></span> <span class='ocrx_word' id='word_1_531' title='bbox 2789 2049 2972 2103; x_wconf 87' lang='lat' dir='ltr'><strong>divina</strong></span> <span class='ocrx_word' id='word_1_532' title='bbox 3017 2050 3238 2104; x_wconf 90' lang='lat' dir='ltr'><strong>oracula</strong></span> <span class='ocrx_word' id='word_1_533' title='bbox 3286 2051 3616 2121; x_wconf 81' lang='lat' dir='ltr'><strong>significant,</strong></span> 
     </span>
    </p>
   </div>
   <div class='ocr_carea' id='block_1_67' title="bbox 2043 2137 3620 2211">
    <p class='ocr_par' dir='ltr' id='par_1_67' title="bbox 2043 2137 3620 2211">
     <span class='ocr_line' id='line_1_67' title="bbox 2043 2137 3620 2211; baseline 0.003 -18"><span class='ocrx_word' id='word_1_534' title='bbox 2043 2140 2233 2194; x_wconf 87' lang='lat' dir='ltr'><strong>eadem</strong></span> <span class='ocrx_word' id='word_1_535' title='bbox 2259 2139 2468 2194; x_wconf 84' lang='lat' dir='ltr'><strong>ratione</strong></span> <span class='ocrx_word' id='word_1_536' title='bbox 2492 2148 2548 2192; x_wconf 91' lang='lat' dir='ltr'><strong>ut</strong></span> <span class='ocrx_word' id='word_1_537' title='bbox 2576 2137 2748 2195; x_wconf 84' lang='lat' dir='ltr'><strong>Judas</strong></span> <span class='ocrx_word' id='word_1_538' title='bbox 2774 2155 2990 2210; x_wconf 90' lang='lat' dir='ltr'><strong>quoque</strong></span> <span class='ocrx_word' id='word_1_539' title='bbox 3021 2139 3076 2194; x_wconf 91' lang='lat' dir='ltr'><strong>in</strong></span> <span class='ocrx_word' id='word_1_540' title='bbox 3098 2140 3165 2195; x_wconf 90' lang='lat' dir='ltr'><strong>iis</strong></span> <span class='ocrx_word' id='word_1_541' title='bbox 3193 2158 3314 2211; x_wconf 88' lang='lat' dir='ltr'><strong>quae</strong></span> <span class='ocrx_word' id='word_1_542' title='bbox 3339 2145 3500 2198; x_wconf 92' lang='lat' dir='ltr'><strong>modo</strong></span> <span class='ocrx_word' id='word_1_543' title='bbox 3523 2161 3620 2199; x_wconf 73' lang='lat' dir='ltr'><strong>ex-</strong></span> 
     </span>
    </p>
   </div>
   <div class='ocr_carea' id='block_1_68' title="bbox 2045 2232 3620 2305">
    <p class='ocr_par' dir='ltr' id='par_1_68' title="bbox 2045 2232 3620 2305">
     <span class='ocr_line' id='line_1_68' title="bbox 2045 2232 3620 2305; baseline 0.003 -19"><span class='ocrx_word' id='word_1_544' title='bbox 2045 2234 2402 2305; x_wconf 86' lang='lat' dir='ltr'><strong>ponebamus,</strong></span> <span class='ocrx_word' id='word_1_545' title='bbox 2427 2232 2497 2287; x_wconf 89' lang='lat' dir='ltr'><strong>sit</strong></span> <span class='ocrx_word' id='word_1_546' title='bbox 2523 2233 2846 2302; x_wconf 87' lang='lat' dir='ltr'><strong>appellatus,</strong></span> <span class='ocrx_word' id='word_1_547' title='bbox 2868 2233 2984 2288; x_wconf 84' lang='lat' dir='ltr'><strong>fieri</strong></span> <span class='ocrx_word' id='word_1_548' title='bbox 3019 2241 3216 2304; x_wconf 88' lang='lat' dir='ltr'><strong>potest,</strong></span> <span class='ocrx_word' id='word_1_549' title='bbox 3237 2250 3360 2288; x_wconf 91' lang='lat' dir='ltr'><strong>cum</strong></span> <span class='ocrx_word' id='word_1_550' title='bbox 3385 2235 3450 2291; x_wconf 90' lang='lat' dir='ltr'><strong>de</strong></span> <span class='ocrx_word' id='word_1_551' title='bbox 3474 2238 3620 2290; x_wconf 88' lang='lat' dir='ltr'><strong>tribu</strong></span> 
     </span>
    </p>
   </div>
   <div class='ocr_carea' id='block_1_69' title="bbox 2042 2323 3619 2396">
    <p class='ocr_par' dir='ltr' id='par_1_69' title="bbox 2042 2323 3619 2396">
     <span class='ocr_line' id='line_1_69' title="bbox 2042 2323 3619 2396; baseline 0.002 -18"><span class='ocrx_word' id='word_1_552' title='bbox 2042 2323 2196 2379; x_wconf 66' lang='lat' dir='ltr'><strong>Iuda:</strong></span> <span class='ocrx_word' id='word_1_553' title='bbox 2220 2326 2289 2380; x_wconf 90' lang='lat' dir='ltr'><strong>sit</strong></span> <span class='ocrx_word' id='word_1_554' title='bbox 2313 2332 2494 2380; x_wconf 82' lang='lat' dir='ltr'><strong>natus.</strong></span> <span class='ocrx_word' id='word_1_555' title='bbox 2522 2323 2750 2379; x_wconf 89' lang='lat' dir='ltr'><strong>Constat</strong></span> <span class='ocrx_word' id='word_1_556' title='bbox 2778 2324 2922 2378; x_wconf 91' lang='lat' dir='ltr'><strong>enim</strong></span> <span class='ocrx_word' id='word_1_557' title='bbox 2956 2341 3023 2379; x_wconf 82' lang='lat' dir='ltr'><strong>ex</strong></span> <span class='ocrx_word' id='word_1_558' title='bbox 3052 2325 3334 2396; x_wconf 82' lang='lat' dir='ltr'><strong>Apostolo,</strong></span> <span class='ocrx_word' id='word_1_559' title='bbox 3370 2325 3619 2381; x_wconf 77' lang='lat' dir='ltr'><strong>Salvato-</strong></span> 
     </span>
    </p>
   </div>
   <div class='ocr_carea' id='block_1_70' title="bbox 2043 2413 3618 2472">
    <p class='ocr_par' dir='ltr' id='par_1_70' title="bbox 2043 2413 3618 2472">
     <span class='ocr_line' id='line_1_70' title="bbox 2043 2413 3618 2472; baseline 0.001 -3"><span class='ocrx_word' id='word_1_560' title='bbox 2043 2431 2158 2470; x_wconf 91' lang='lat' dir='ltr'><strong>rem</strong></span> <span class='ocrx_word' id='word_1_561' title='bbox 2190 2431 2252 2470; x_wconf 90' lang='lat' dir='ltr'><strong>ac</strong></span> <span class='ocrx_word' id='word_1_562' title='bbox 2277 2414 2566 2469; x_wconf 90' lang='lat' dir='ltr'><strong>Dominum</strong></span> <span class='ocrx_word' id='word_1_563' title='bbox 2589 2424 2837 2470; x_wconf 91' lang='lat' dir='ltr'><strong>nostrum</strong></span> <span class='ocrx_word' id='word_1_564' title='bbox 2856 2413 2923 2470; x_wconf 92' lang='lat' dir='ltr'><strong>de</strong></span> <span class='ocrx_word' id='word_1_565' title='bbox 2945 2416 3086 2471; x_wconf 89' lang='lat' dir='ltr'><strong>tribu</strong></span> <span class='ocrx_word' id='word_1_566' title='bbox 3103 2414 3256 2470; x_wconf 69' lang='lat' dir='ltr'><strong>Iudae</strong></span> <span class='ocrx_word' id='word_1_567' title='bbox 3277 2430 3456 2470; x_wconf 88' lang='lat' dir='ltr'><strong>ortum</strong></span> <span class='ocrx_word' id='word_1_568' title='bbox 3475 2433 3618 2472; x_wconf 84' lang='lat' dir='ltr'><strong>esse.</strong></span> 
     </span>
    </p>
   </div>
   <div class='ocr_carea' id='block_1_71' title="bbox 2044 2505 3624 2579">
    <p class='ocr_par' dir='ltr' id='par_1_71' title="bbox 2044 2505 3624 2579">
     <span class='ocr_line' id='line_1_71' title="bbox 2044 2505 3624 2579; baseline 0 -17"><span class='ocrx_word' id='word_1_569' title='bbox 2044 2508 2182 2563; x_wconf 84' lang='lat' dir='ltr'><strong>Huic</strong></span> <span class='ocrx_word' id='word_1_570' title='bbox 2212 2508 2376 2579; x_wconf 78' lang='lat' dir='ltr'><strong>igitur</strong></span> <span class='ocrx_word' id='word_1_571' title='bbox 2417 2505 2590 2569; x_wconf 70' lang='lat' dir='ltr'><strong>Judae,</strong></span> <span class='ocrx_word' id='word_1_572' title='bbox 2653 2509 2697 2562; x_wconf 92' lang='lat' dir='ltr'><strong>si</strong></span> <span class='ocrx_word' id='word_1_573' title='bbox 2760 2509 3058 2562; x_wconf 70' lang='lat' dir='ltr'><strong>secundum</strong></span> <span class='ocrx_word' id='word_1_574' title='bbox 3093 2513 3416 2564; x_wconf 68' lang='lat' dir='ltr'><strong>sententiam</strong></span> <span class='ocrx_word' id='word_1_575' title='bbox 3452 2509 3624 2562; x_wconf 82' lang='lat' dir='ltr'><strong>inter-</strong></span> 
     </span>
    </p>
   </div>
   <div class='ocr_carea' id='block_1_72' title="bbox 2042 2599 3620 2673">
    <p class='ocr_par' dir='ltr' id='par_1_72' title="bbox 2042 2599 3620 2673">
     <span class='ocr_line' id='line_1_72' title="bbox 2042 2599 3620 2673; baseline -0.001 -17"><span class='ocrx_word' id='word_1_576' title='bbox 2042 2611 2338 2673; x_wconf 90' lang='lat' dir='ltr'><strong>pretemur,</strong></span> <span class='ocrx_word' id='word_1_577' title='bbox 2397 2599 2635 2670; x_wconf 88' lang='lat' dir='ltr'><strong>reposita</strong></span> <span class='ocrx_word' id='word_1_578' title='bbox 2695 2607 2854 2653; x_wconf 89' lang='lat' dir='ltr'><strong>erant</strong></span> <span class='ocrx_word' id='word_1_579' title='bbox 2922 2600 3034 2666; x_wconf 86' lang='lat' dir='ltr'><strong>illa,</strong></span> <span class='ocrx_word' id='word_1_580' title='bbox 3089 2617 3211 2670; x_wconf 74' lang='lat' dir='ltr'><strong>qua:</strong></span> <span class='ocrx_word' id='word_1_581' title='bbox 3272 2601 3327 2654; x_wconf 90' lang='lat' dir='ltr'><strong>in</strong></span> <span class='ocrx_word' id='word_1_582' title='bbox 3384 2601 3620 2670; x_wconf 89' lang='lat' dir='ltr'><strong>prophe-</strong></span> 
     </span>
    </p>
   </div>
   <div class='ocr_carea' id='block_1_73' title="bbox 2042 2689 3619 2759">
    <p class='ocr_par' dir='ltr' id='par_1_73' title="bbox 2042 2689 3619 2759">
     <span class='ocr_line' id='line_1_73' title="bbox 2042 2689 3619 2759; baseline -0.002 -10"><span class='ocrx_word' id='word_1_583' title='bbox 2042 2695 2115 2749; x_wconf 90' lang='lat' dir='ltr'><strong>tia</strong></span> <span class='ocrx_word' id='word_1_584' title='bbox 2137 2692 2510 2748; x_wconf 89' lang='lat' dir='ltr'><strong>continentur.</strong></span> <span class='ocrx_word' id='word_1_585' title='bbox 2539 2689 2644 2746; x_wconf 90' lang='lat' dir='ltr'><strong>Sed</strong></span> <span class='ocrx_word' id='word_1_586' title='bbox 2675 2706 2925 2759; x_wconf 68' lang='lat' dir='ltr'><strong>quaenam</strong></span> <span class='ocrx_word' id='word_1_587' title='bbox 2955 2691 3071 2746; x_wconf 60' lang='lat' dir='ltr'><strong>hagc</strong></span> <span class='ocrx_word' id='word_1_588' title='bbox 3094 2692 3354 2747; x_wconf 82' lang='lat' dir='ltr'><strong>fuerunt?</strong></span> <span class='ocrx_word' id='word_1_589' title='bbox 3375 2691 3619 2746; x_wconf 89' lang='lat' dir='ltr'><strong>Primum</strong></span> 
     </span>
    </p>
   </div>
   <div class='ocr_carea' id='block_1_74' title="bbox 2041 2781 3619 2856">
    <p class='ocr_par' dir='ltr' id='par_1_74' title="bbox 2041 2781 3619 2856">
     <span class='ocr_line' id='line_1_74' title="bbox 2041 2781 3619 2856; baseline 0 -17"><span class='ocrx_word' id='word_1_590' title='bbox 2041 2785 2302 2856; x_wconf 87' lang='lat' dir='ltr'><strong>quidem,</strong></span> <span class='ocrx_word' id='word_1_591' title='bbox 2335 2781 2477 2852; x_wconf 91' lang='lat' dir='ltr'><strong>quod</strong></span> <span class='ocrx_word' id='word_1_592' title='bbox 2521 2796 2552 2834; x_wconf 89' lang='lat' dir='ltr'><strong>a</strong></span> <span class='ocrx_word' id='word_1_593' title='bbox 2607 2781 2870 2836; x_wconf 82' lang='lat' dir='ltr'><strong>fratribus</strong></span> <span class='ocrx_word' id='word_1_594' title='bbox 2918 2784 3037 2838; x_wconf 84' lang='lat' dir='ltr'><strong>suis</strong></span> <span class='ocrx_word' id='word_1_595' title='bbox 3081 2793 3226 2840; x_wconf 88' lang='lat' dir='ltr'><strong>esset</strong></span> <span class='ocrx_word' id='word_1_596' title='bbox 3277 2783 3619 2851; x_wconf 85' lang='lat' dir='ltr'><strong>laudandus;</strong></span> 
     </span>
    </p>
   </div>
   <div class='ocr_carea' id='block_1_75' title="bbox 2041 2873 3618 2945">
    <p class='ocr_par' dir='ltr' id='par_1_75' title="bbox 2041 2873 3618 2945">
     <span class='ocr_line' id='line_1_75' title="bbox 2041 2873 3618 2945; baseline 0 -15"><span class='ocrx_word' id='word_1_597' title='bbox 2041 2875 2238 2931; x_wconf 90' lang='lat' dir='ltr'><strong>deinde</strong></span> <span class='ocrx_word' id='word_1_598' title='bbox 2269 2873 2416 2945; x_wconf 88' lang='lat' dir='ltr'><strong>quod</strong></span> <span class='ocrx_word' id='word_1_599' title='bbox 2446 2887 2642 2928; x_wconf 86' lang='lat' dir='ltr'><strong>manus</strong></span> <span class='ocrx_word' id='word_1_600' title='bbox 2677 2876 2730 2927; x_wconf 90' lang='lat' dir='ltr'><strong>in</strong></span> <span class='ocrx_word' id='word_1_601' title='bbox 2761 2881 2973 2944; x_wconf 80' lang='lat' dir='ltr'><strong>tergum</strong></span> <span class='ocrx_word' id='word_1_602' title='bbox 3011 2875 3358 2930; x_wconf 89' lang='lat' dir='ltr'><strong>inimicorum</strong></span> <span class='ocrx_word' id='word_1_603' title='bbox 3393 2891 3618 2930; x_wconf 82' lang='lat' dir='ltr'><strong>suorum</strong></span> 
     </span>
    </p>
   </div>
   <div class='ocr_carea' id='block_1_76' title="bbox 2039 2966 3622 3036">
    <p class='ocr_par' dir='ltr' id='par_1_76' title="bbox 2039 2966 3622 3036">
     <span class='ocr_line' id='line_1_76' title="bbox 2039 2966 3622 3036; baseline 0.003 -14"><span class='ocrx_word' id='word_1_604' title='bbox 2039 2974 2187 3022; x_wconf 89' lang='lat' dir='ltr'><strong>esset</strong></span> <span class='ocrx_word' id='word_1_605' title='bbox 2215 2967 2553 3036; x_wconf 90' lang='lat' dir='ltr'><strong>injecturus;</strong></span> <span class='ocrx_word' id='word_1_606' title='bbox 2588 2972 2867 3034; x_wconf 86' lang='lat' dir='ltr'><strong>postremo</strong></span> <span class='ocrx_word' id='word_1_607' title='bbox 2905 2967 3050 3036; x_wconf 87' lang='lat' dir='ltr'><strong>quod</strong></span> <span class='ocrx_word' id='word_1_608' title='bbox 3083 2966 3398 3024; x_wconf 80' lang='lat' dir='ltr'><strong>adorandus</strong></span> <span class='ocrx_word' id='word_1_609' title='bbox 3430 2985 3460 3023; x_wconf 90' lang='lat' dir='ltr'><strong>a</strong></span> <span class='ocrx_word' id='word_1_610' title='bbox 3495 2970 3622 3026; x_wconf 83' lang='lat' dir='ltr'><strong>ﬁliis</strong></span> 
     </span>
    </p>
   </div>
   <div class='ocr_carea' id='block_1_77' title="bbox 2041 3057 3622 3130">
    <p class='ocr_par' dir='ltr' id='par_1_77' title="bbox 2041 3057 3622 3130">
     <span class='ocr_line' id='line_1_77' title="bbox 2041 3057 3622 3130; baseline 0.002 -17"><span class='ocrx_word' id='word_1_611' title='bbox 2041 3059 2215 3130; x_wconf 88' lang='lat' dir='ltr'><strong>patris</strong></span> <span class='ocrx_word' id='word_1_612' title='bbox 2261 3057 2366 3114; x_wconf 90' lang='lat' dir='ltr'><strong>sui.</strong></span> <span class='ocrx_word' id='word_1_613' title='bbox 2399 3057 2531 3124; x_wconf 66' lang='lat' dir='ltr'><strong>Quae</strong></span> <span class='ocrx_word' id='word_1_614' title='bbox 2562 3057 2727 3113; x_wconf 89' lang='lat' dir='ltr'><strong>etiam</strong></span> <span class='ocrx_word' id='word_1_615' title='bbox 2770 3074 2930 3114; x_wconf 91' lang='lat' dir='ltr'><strong>suum</strong></span> <span class='ocrx_word' id='word_1_616' title='bbox 2969 3060 3128 3115; x_wconf 83' lang='lat' dir='ltr'><strong>finem</strong></span> <span class='ocrx_word' id='word_1_617' title='bbox 3164 3070 3458 3116; x_wconf 89' lang='lat' dir='ltr'><strong>consecuta</strong></span> <span class='ocrx_word' id='word_1_618' title='bbox 3491 3073 3622 3119; x_wconf 89' lang='lat' dir='ltr'><strong>sunt</strong></span> 
     </span>
    </p>
   </div>
   <div class='ocr_carea' id='block_1_78' title="bbox 2041 3149 3623 3225">
    <p class='ocr_par' dir='ltr' id='par_1_78' title="bbox 2041 3149 3623 3225">
     <span class='ocr_line' id='line_1_78' title="bbox 2041 3149 3623 3225; baseline 0.002 -19"><span class='ocrx_word' id='word_1_619' title='bbox 2041 3167 2149 3223; x_wconf 91' lang='lat' dir='ltr'><strong>quo</strong></span> <span class='ocrx_word' id='word_1_620' title='bbox 2189 3159 2467 3221; x_wconf 86' lang='lat' dir='ltr'><strong>tempore,</strong></span> <span class='ocrx_word' id='word_1_621' title='bbox 2511 3149 2639 3204; x_wconf 92' lang='lat' dir='ltr'><strong>dum</strong></span> <span class='ocrx_word' id='word_1_622' title='bbox 2682 3149 3036 3206; x_wconf 87' lang='lat' dir='ltr'><strong>admirabiles</strong></span> <span class='ocrx_word' id='word_1_623' title='bbox 3069 3152 3298 3209; x_wconf 91' lang='lat' dir='ltr'><strong>virtutes</strong></span> <span class='ocrx_word' id='word_1_624' title='bbox 3329 3162 3380 3208; x_wconf 89' lang='lat' dir='ltr'><strong>et</strong></span> <span class='ocrx_word' id='word_1_625' title='bbox 3431 3155 3587 3225; x_wconf 86' lang='lat' dir='ltr'><strong>prodi</strong></span> <span class='ocrx_word' id='word_1_626' title='bbox 3611 3185 3623 3196; x_wconf 78' lang='grc' dir='ltr'><strong><em>ο</em></strong></span> 
     </span>
    </p>
   </div>
   <div class='ocr_carea' id='block_1_79' title="bbox 2040 3243 3624 3317">
    <p class='ocr_par' dir='ltr' id='par_1_79' title="bbox 2040 3243 3624 3317">
     <span class='ocr_line' id='line_1_79' title="bbox 2040 3243 3624 3317; baseline 0.003 -19"><span class='ocrx_word' id='word_1_627' title='bbox 2040 3245 2194 3317; x_wconf 91' lang='lat' dir='ltr'><strong>giosa</strong></span> <span class='ocrx_word' id='word_1_628' title='bbox 2238 3243 2500 3299; x_wconf 83' lang='lat' dir='ltr'><strong>miracula</strong></span> <span class='ocrx_word' id='word_1_629' title='bbox 2541 3243 2744 3310; x_wconf 89' lang='lat' dir='ltr'><strong>ederet,</strong></span> <span class='ocrx_word' id='word_1_630' title='bbox 2778 3243 3125 3300; x_wconf 88' lang='lat' dir='ltr'><strong>admirationi</strong></span> <span class='ocrx_word' id='word_1_631' title='bbox 3174 3253 3315 3311; x_wconf 85' lang='lat' dir='ltr'><strong>erat,</strong></span> <span class='ocrx_word' id='word_1_632' title='bbox 3349 3256 3403 3302; x_wconf 92' lang='lat' dir='ltr'><strong>et</strong></span> <span class='ocrx_word' id='word_1_633' title='bbox 3433 3247 3624 3302; x_wconf 87' lang='lat' dir='ltr'><strong>lauda-</strong></span> 
     </span>
    </p>
   </div>
   <div class='ocr_carea' id='block_1_80' title="bbox 2041 3335 3620 3410">
    <p class='ocr_par' dir='ltr' id='par_1_80' title="bbox 2041 3335 3620 3410">
     <span class='ocr_line' id='line_1_80' title="bbox 2041 3335 3620 3410; baseline 0.004 -20"><span class='ocrx_word' id='word_1_634' title='bbox 2041 3339 2220 3404; x_wconf 88' lang='lat' dir='ltr'><strong>batur,</strong></span> <span class='ocrx_word' id='word_1_635' title='bbox 2249 3344 2303 3392; x_wconf 89' lang='lat' dir='ltr'><strong>et</strong></span> <span class='ocrx_word' id='word_1_636' title='bbox 2345 3335 2676 3390; x_wconf 88' lang='lat' dir='ltr'><strong>adorabatur</strong></span> <span class='ocrx_word' id='word_1_637' title='bbox 2709 3350 2740 3389; x_wconf 89' lang='lat' dir='ltr'><strong>a</strong></span> <span class='ocrx_word' id='word_1_638' title='bbox 2782 3337 2898 3392; x_wconf 90' lang='lat' dir='ltr'><strong>suis</strong></span> <span class='ocrx_word' id='word_1_639' title='bbox 2932 3337 3216 3408; x_wconf 89' lang='lat' dir='ltr'><strong>discipulis</strong></span> <span class='ocrx_word' id='word_1_640' title='bbox 3249 3352 3302 3394; x_wconf 89' lang='lat' dir='ltr'><strong>et</strong></span> <span class='ocrx_word' id='word_1_641' title='bbox 3334 3342 3620 3410; x_wconf 79' lang='lat' dir='ltr'><strong>apostolis,</strong></span> 
     </span>
    </p>
   </div>
   <div class='ocr_carea' id='block_1_81' title="bbox 2040 3425 3622 3498">
    <p class='ocr_par' dir='ltr' id='par_1_81' title="bbox 2040 3425 3622 3498">
     <span class='ocr_line' id='line_1_81' title="bbox 2040 3425 3622 3498; baseline 0.003 -17"><span class='ocrx_word' id='word_1_642' title='bbox 2040 3443 2178 3497; x_wconf 90' lang='lat' dir='ltr'><strong>quos</strong></span> <span class='ocrx_word' id='word_1_643' title='bbox 2205 3427 2367 3483; x_wconf 86' lang='lat' dir='ltr'><strong>etiam</strong></span> <span class='ocrx_word' id='word_1_644' title='bbox 2399 3425 2596 3480; x_wconf 79' lang='lat' dir='ltr'><strong>fratres</strong></span> <span class='ocrx_word' id='word_1_645' title='bbox 2625 3441 2820 3481; x_wconf 90' lang='lat' dir='ltr'><strong>vocare</strong></span> <span class='ocrx_word' id='word_1_646' title='bbox 2851 3443 2959 3481; x_wconf 92' lang='lat' dir='ltr'><strong>non</strong></span> <span class='ocrx_word' id='word_1_647' title='bbox 2992 3439 3250 3498; x_wconf 89' lang='lat' dir='ltr'><strong>gravatus</strong></span> <span class='ocrx_word' id='word_1_648' title='bbox 3281 3441 3384 3493; x_wconf 89' lang='lat' dir='ltr'><strong>est,</strong></span> <span class='ocrx_word' id='word_1_649' title='bbox 3412 3431 3541 3484; x_wconf 89' lang='lat' dir='ltr'><strong>dum</strong></span> <span class='ocrx_word' id='word_1_650' title='bbox 3567 3433 3622 3485; x_wconf 88' lang='lat' dir='ltr'><strong>in</strong></span> 
     </span>
    </p>
   </div>
   <div class='ocr_carea' id='block_1_82' title="bbox 2039 3519 3622 3591">
    <p class='ocr_par' dir='ltr' id='par_1_82' title="bbox 2039 3519 3622 3591">
     <span class='ocr_line' id='line_1_82' title="bbox 2039 3519 3622 3591; baseline 0.001 -15"><span class='ocrx_word' id='word_1_651' title='bbox 2039 3521 2251 3591; x_wconf 89' lang='lat' dir='ltr'><strong>psalmo</strong></span> <span class='ocrx_word' id='word_1_652' title='bbox 2269 3521 2346 3575; x_wconf 90' lang='lat' dir='ltr'><strong>sic</strong></span> <span class='ocrx_word' id='word_1_653' title='bbox 2368 3519 2528 3574; x_wconf 89' lang='lat' dir='ltr'><strong>dicit:</strong></span> <span class='ocrx_word' id='word_1_654' title='bbox 2558 3519 2941 3574; x_wconf 72' lang='lat' dir='ltr'><strong>«Annuntiabo</strong></span> <span class='ocrx_word' id='word_1_655' title='bbox 2957 3535 3152 3575; x_wconf 90' lang='lat' dir='ltr'><strong>nomen</strong></span> <span class='ocrx_word' id='word_1_656' title='bbox 3181 3529 3334 3577; x_wconf 90' lang='lat' dir='ltr'><strong>tuum</strong></span> <span class='ocrx_word' id='word_1_657' title='bbox 3361 3522 3622 3578; x_wconf 79' lang='lat' dir='ltr'><strong>fratribus</strong></span> 
     </span>
    </p>
   </div>
   <div class='ocr_carea' id='block_1_83' title="bbox 2039 3613 3622 3682">
    <p class='ocr_par' dir='ltr' id='par_1_83' title="bbox 2039 3613 3622 3682">
     <span class='ocr_line' id='line_1_83' title="bbox 2039 3613 3622 3682; baseline 0 -12"><span class='ocrx_word' id='word_1_658' title='bbox 2039 3617 2207 3682; x_wconf 89' lang='lat' dir='ltr'><strong>meis;</strong></span> <span class='ocrx_word' id='word_1_659' title='bbox 2235 3615 2292 3669; x_wconf 91' lang='lat' dir='ltr'><strong>in</strong></span> <span class='ocrx_word' id='word_1_660' title='bbox 2313 3614 2494 3669; x_wconf 88' lang='lat' dir='ltr'><strong>medio</strong></span> <span class='ocrx_word' id='word_1_661' title='bbox 2516 3613 2776 3670; x_wconf 67' lang='lat' dir='ltr'><strong>Ecclesiae</strong></span> <span class='ocrx_word' id='word_1_662' title='bbox 2799 3614 3032 3670; x_wconf 87' lang='lat' dir='ltr'><strong>laudabo</strong></span> <span class='ocrx_word' id='word_1_663' title='bbox 3054 3623 3104 3669; x_wconf 87' lang='lat' dir='ltr'><strong>te</strong></span> <span class='ocrx_word' id='word_1_664' title='bbox 3129 3616 3197 3668; x_wconf 78' lang='grc' dir='ltr'><strong>⁸ο.</strong></span> <span class='ocrx_word' id='word_1_665' title='bbox 3237 3635 3254 3667; x_wconf 89' lang='grc'><strong>›</strong></span> <span class='ocrx_word' id='word_1_666' title='bbox 3281 3614 3416 3669; x_wconf 92' lang='lat' dir='ltr'><strong>Dum</strong></span> <span class='ocrx_word' id='word_1_667' title='bbox 3440 3625 3622 3671; x_wconf 83' lang='lat' dir='ltr'><strong>autem</strong></span> 
     </span>
    </p>
   </div>
   <div class='ocr_carea' id='block_1_84' title="bbox 2039 3706 3622 3778">
    <p class='ocr_par' dir='ltr' id='par_1_84' title="bbox 2039 3706 3622 3778">
     <span class='ocr_line' id='line_1_84' title="bbox 2039 3706 3622 3778; baseline 0.002 -18"><span class='ocrx_word' id='word_1_668' title='bbox 2039 3706 2220 3762; x_wconf 57' lang='lat' dir='ltr'><strong>Maria</strong></span> <span class='ocrx_word' id='word_1_669' title='bbox 2248 3716 2301 3762; x_wconf 84' lang='lat' dir='ltr'><strong>et</strong></span> <span class='ocrx_word' id='word_1_670' title='bbox 2331 3707 2556 3777; x_wconf 88' lang='lat' dir='ltr'><strong>reliquis</strong></span> <span class='ocrx_word' id='word_1_671' title='bbox 2601 3707 2922 3762; x_wconf 88' lang='lat' dir='ltr'><strong>mulieribus</strong></span> <span class='ocrx_word' id='word_1_672' title='bbox 2956 3707 3209 3777; x_wconf 89' lang='lat' dir='ltr'><strong>imperat,</strong></span> <span class='ocrx_word' id='word_1_673' title='bbox 3245 3716 3302 3761; x_wconf 91' lang='lat' dir='ltr'><strong>ut</strong></span> <span class='ocrx_word' id='word_1_674' title='bbox 3327 3724 3448 3778; x_wconf 71' lang='lat' dir='ltr'><strong>qua:</strong></span> <span class='ocrx_word' id='word_1_675' title='bbox 3478 3709 3622 3763; x_wconf 85' lang='lat' dir='ltr'><strong>bona</strong></span> 
     </span>
    </p>
   </div>
   <div class='ocr_carea' id='block_1_85' title="bbox 2041 3799 3616 3872">
    <p class='ocr_par' dir='ltr' id='par_1_85' title="bbox 2041 3799 3616 3872">
     <span class='ocr_line' id='line_1_85' title="bbox 2041 3799 3616 3872; baseline 0.002 -19"><span class='ocrx_word' id='word_1_676' title='bbox 2041 3801 2275 3854; x_wconf 88' lang='lat' dir='ltr'><strong>viderint</strong></span> <span class='ocrx_word' id='word_1_677' title='bbox 2305 3801 2576 3868; x_wconf 89' lang='lat' dir='ltr'><strong>nuntient,</strong></span> <span class='ocrx_word' id='word_1_678' title='bbox 2605 3801 2761 3872; x_wconf 87' lang='lat' dir='ltr'><strong>quasi</strong></span> <span class='ocrx_word' id='word_1_679' title='bbox 2790 3799 3050 3856; x_wconf 75' lang='lat' dir='ltr'><strong>fratribus</strong></span> <span class='ocrx_word' id='word_1_680' title='bbox 3083 3802 3320 3855; x_wconf 88' lang='lat' dir='ltr'><strong>nuntiari</strong></span> <span class='ocrx_word' id='word_1_681' title='bbox 3353 3802 3616 3872; x_wconf 71' lang='lat' dir='ltr'><strong>imperat:</strong></span> 
     </span>
    </p>
   </div>
   <div class='ocr_carea' id='block_1_86' title="bbox 2038 3891 3617 3964">
    <p class='ocr_par' dir='ltr' id='par_1_86' title="bbox 2038 3891 3617 3964">
     <span class='ocr_line' id='line_1_86' title="bbox 2038 3891 3617 3964; baseline 0.004 -21"><span class='ocrx_word' id='word_1_682' title='bbox 2038 3893 2199 3963; x_wconf 79' lang='lat'><strong>377</strong></span> <span class='ocrx_word' id='word_1_683' title='bbox 2230 3911 2248 3943; x_wconf 81' lang='grc' dir='ltr'><strong>ι</strong></span> <span class='ocrx_word' id='word_1_684' title='bbox 2285 3891 2560 3958; x_wconf 84' lang='lat' dir='ltr'><strong>Nuntiate,</strong></span> <span class='ocrx_word' id='word_1_685' title='bbox 2605 3895 2798 3964; x_wconf 90' lang='lat' dir='ltr'><strong>inquit,</strong></span> <span class='ocrx_word' id='word_1_686' title='bbox 2845 3893 3104 3947; x_wconf 79' lang='lat' dir='ltr'><strong>fratribus</strong></span> <span class='ocrx_word' id='word_1_687' title='bbox 3156 3893 3312 3959; x_wconf 86' lang='lat' dir='ltr'><strong>meis,</strong></span> <span class='ocrx_word' id='word_1_688' title='bbox 3353 3894 3498 3964; x_wconf 90' lang='lat' dir='ltr'><strong>quod</strong></span> <span class='ocrx_word' id='word_1_689' title='bbox 3533 3910 3617 3949; x_wconf 83' lang='lat' dir='ltr'><strong>as-</strong></span> 
     </span>
    </p>
   </div>
   <div class='ocr_carea' id='block_1_87' title="bbox 2038 3984 3618 4049">
    <p class='ocr_par' dir='ltr' id='par_1_87' title="bbox 2038 3984 3618 4049">
     <span class='ocr_line' id='line_1_87' title="bbox 2038 3984 3618 4049; baseline -0.003 -7"><span class='ocrx_word' id='word_1_690' title='bbox 2038 3986 2212 4042; x_wconf 89' lang='lat' dir='ltr'><strong>cendo</strong></span> <span class='ocrx_word' id='word_1_691' title='bbox 2247 3987 2313 4041; x_wconf 90' lang='lat' dir='ltr'><strong>ad</strong></span> <span class='ocrx_word' id='word_1_692' title='bbox 2351 3985 2568 4041; x_wconf 88' lang='lat' dir='ltr'><strong>Patrem</strong></span> <span class='ocrx_word' id='word_1_693' title='bbox 2592 3993 2869 4049; x_wconf 92' lang='lat' dir='ltr'><strong>meum,et</strong></span> <span class='ocrx_word' id='word_1_694' title='bbox 2901 3985 3114 4038; x_wconf 87' lang='lat' dir='ltr'><strong>Patrem</strong></span> <span class='ocrx_word' id='word_1_695' title='bbox 3147 3994 3414 4048; x_wconf 87' lang='lat' dir='ltr'><strong>vestrum,</strong></span> <span class='ocrx_word' id='word_1_696' title='bbox 3448 3984 3618 4040; x_wconf 86' lang='lat' dir='ltr'><strong>Deum</strong></span> 
     </span>
    </p>
   </div>
   <div class='ocr_carea' id='block_1_88' title="bbox 2040 4075 3615 4145">
    <p class='ocr_par' dir='ltr' id='par_1_88' title="bbox 2040 4075 3615 4145">
     <span class='ocr_line' id='line_1_88' title="bbox 2040 4075 3615 4145; baseline -0.002 -12"><span class='ocrx_word' id='word_1_697' title='bbox 2040 4094 2243 4145; x_wconf 70' lang='lat' dir='ltr'><strong>meum,</strong></span> <span class='ocrx_word' id='word_1_698' title='bbox 2275 4087 2330 4132; x_wconf 90' lang='lat' dir='ltr'><strong>et</strong></span> <span class='ocrx_word' id='word_1_699' title='bbox 2365 4077 2534 4132; x_wconf 89' lang='lat' dir='ltr'><strong>Deum</strong></span> <span class='ocrx_word' id='word_1_700' title='bbox 2561 4087 2800 4134; x_wconf 88' lang='lat' dir='ltr'><strong>vestrum</strong></span> <span class='ocrx_word' id='word_1_701' title='bbox 2854 4078 2919 4129; x_wconf 75' lang='lat'><strong>&quot;.</strong></span> <span class='ocrx_word' id='word_1_702' title='bbox 2962 4097 2980 4127; x_wconf 76' lang='grc' dir='ltr'><strong>ι</strong></span> <span class='ocrx_word' id='word_1_703' title='bbox 3037 4075 3127 4130; x_wconf 89' lang='lat' dir='ltr'><strong>Sic</strong></span> <span class='ocrx_word' id='word_1_704' title='bbox 3154 4091 3286 4131; x_wconf 89' lang='lat' dir='ltr'><strong>sane</strong></span> <span class='ocrx_word' id='word_1_705' title='bbox 3319 4077 3470 4130; x_wconf 90' lang='lat' dir='ltr'><strong>illum</strong></span> <span class='ocrx_word' id='word_1_706' title='bbox 3502 4077 3615 4130; x_wconf 87' lang='lat' dir='ltr'><strong>fra-</strong></span> 
     </span>
    </p>
   </div>
   <div class='ocr_carea' id='block_1_89' title="bbox 2039 4167 3614 4240">
    <p class='ocr_par' dir='ltr' id='par_1_89' title="bbox 2039 4167 3614 4240">
     <span class='ocr_line' id='line_1_89' title="bbox 2039 4167 3614 4240; baseline -0.003 -16"><span class='ocrx_word' id='word_1_707' title='bbox 2039 4179 2150 4225; x_wconf 91' lang='lat' dir='ltr'><strong>tres</strong></span> <span class='ocrx_word' id='word_1_708' title='bbox 2209 4171 2600 4225; x_wconf 89' lang='lat' dir='ltr'><strong>miraculorum</strong></span> <span class='ocrx_word' id='word_1_709' title='bbox 2658 4169 2854 4240; x_wconf 84' lang='lat' dir='ltr'><strong>gratia,</strong></span> <span class='ocrx_word' id='word_1_710' title='bbox 2908 4176 3168 4236; x_wconf 89' lang='lat' dir='ltr'><strong>tanquam</strong></span> <span class='ocrx_word' id='word_1_711' title='bbox 3239 4167 3614 4221; x_wconf 87' lang='lat' dir='ltr'><strong>admirabilem</strong></span> 
     </span>
    </p>
   </div>
   <div class='ocr_carea' id='block_1_90' title="bbox 2038 4259 3614 4330">
    <p class='ocr_par' dir='ltr' id='par_1_90' title="bbox 2038 4259 3614 4330">
     <span class='ocr_line' id='line_1_90' title="bbox 2038 4259 3614 4330; baseline -0.003 -14"><span class='ocrx_word' id='word_1_712' title='bbox 2038 4265 2218 4317; x_wconf 88' lang='lat' dir='ltr'><strong>virum</strong></span> <span class='ocrx_word' id='word_1_713' title='bbox 2270 4263 2535 4316; x_wconf 84' lang='lat' dir='ltr'><strong>duntaxat</strong></span> <span class='ocrx_word' id='word_1_714' title='bbox 2593 4263 2660 4316; x_wconf 89' lang='lat' dir='ltr'><strong>ab</strong></span> <span class='ocrx_word' id='word_1_715' title='bbox 2706 4261 2864 4315; x_wconf 91' lang='lat' dir='ltr'><strong>initio</strong></span> <span class='ocrx_word' id='word_1_716' title='bbox 2923 4259 3241 4323; x_wconf 83' lang='lat' dir='ltr'><strong>laudabant,</strong></span> <span class='ocrx_word' id='word_1_717' title='bbox 3278 4259 3478 4330; x_wconf 90' lang='lat' dir='ltr'><strong>quippe</strong></span> <span class='ocrx_word' id='word_1_718' title='bbox 3521 4260 3614 4329; x_wconf 91' lang='lat' dir='ltr'><strong>qui</strong></span> 
     </span>
    </p>
   </div>
   <div class='ocr_carea' id='block_1_91' title="bbox 2039 4351 3614 4427">
    <p class='ocr_par' dir='ltr' id='par_1_91' title="bbox 2039 4351 3614 4427">
     <span class='ocr_line' id='line_1_91' title="bbox 2039 4351 3614 4427; baseline -0.002 -17"><span class='ocrx_word' id='word_1_719' title='bbox 2039 4372 2206 4411; x_wconf 90' lang='lat' dir='ltr'><strong>unum</strong></span> <span class='ocrx_word' id='word_1_720' title='bbox 2233 4356 2468 4427; x_wconf 87' lang='lat' dir='ltr'><strong>aliquem</strong></span> <span class='ocrx_word' id='word_1_721' title='bbox 2503 4356 2570 4410; x_wconf 91' lang='lat' dir='ltr'><strong>de</strong></span> <span class='ocrx_word' id='word_1_722' title='bbox 2593 4353 2893 4425; x_wconf 87' lang='lat' dir='ltr'><strong>prophetis,</strong></span> <span class='ocrx_word' id='word_1_723' title='bbox 2923 4361 2982 4406; x_wconf 93' lang='lat' dir='ltr'><strong>ut</strong></span> <span class='ocrx_word' id='word_1_724' title='bbox 3014 4351 3310 4406; x_wconf 84' lang='lat' dir='ltr'><strong>verisimile</strong></span> <span class='ocrx_word' id='word_1_725' title='bbox 3329 4360 3436 4415; x_wconf 91' lang='lat' dir='ltr'><strong>est,</strong></span> <span class='ocrx_word' id='word_1_726' title='bbox 3461 4353 3614 4407; x_wconf 92' lang='lat' dir='ltr'><strong>illum</strong></span> 
     </span>
    </p>
   </div>
   <div class='ocr_carea' id='block_1_92' title="bbox 2039 4441 3612 4518">
    <p class='ocr_par' dir='ltr' id='par_1_92' title="bbox 2039 4441 3612 4518">
     <span class='ocr_line' id='line_1_92' title="bbox 2039 4441 3612 4518; baseline -0.004 -15"><span class='ocrx_word' id='word_1_727' title='bbox 2039 4463 2159 4502; x_wconf 89' lang='lat' dir='ltr'><strong>esse</strong></span> <span class='ocrx_word' id='word_1_728' title='bbox 2207 4447 2643 4518; x_wconf 87' lang='lat' dir='ltr'><strong>suspicarentur.</strong></span> <span class='ocrx_word' id='word_1_729' title='bbox 2680 4443 2787 4498; x_wconf 90' lang='lat' dir='ltr'><strong>Sed</strong></span> <span class='ocrx_word' id='word_1_730' title='bbox 2829 4443 2920 4497; x_wconf 91' lang='lat' dir='ltr'><strong>ubi</strong></span> <span class='ocrx_word' id='word_1_731' title='bbox 2970 4442 3186 4497; x_wconf 89' lang='lat' dir='ltr'><strong>interim</strong></span> <span class='ocrx_word' id='word_1_732' title='bbox 3237 4441 3612 4503; x_wconf 86' lang='lat' dir='ltr'><strong>admirabiles,</strong></span> 
     </span>
    </p>
   </div>
   <div class='ocr_carea' id='block_1_93' title="bbox 2039 4535 3613 4607">
    <p class='ocr_par' dir='ltr' id='par_1_93' title="bbox 2039 4535 3613 4607">
     <span class='ocr_line' id='line_1_93' title="bbox 2039 4535 3613 4607; baseline -0.004 -13"><span class='ocrx_word' id='word_1_733' title='bbox 2039 4547 2092 4594; x_wconf 92' lang='lat' dir='ltr'><strong>et</strong></span> <span class='ocrx_word' id='word_1_734' title='bbox 2122 4554 2338 4594; x_wconf 92' lang='lat' dir='ltr'><strong>omnem</strong></span> <span class='ocrx_word' id='word_1_735' title='bbox 2375 4539 2532 4593; x_wconf 83' lang='lat' dir='ltr'><strong>fidem</strong></span> <span class='ocrx_word' id='word_1_736' title='bbox 2577 4544 2903 4607; x_wconf 86' lang='lat' dir='ltr'><strong>superantes</strong></span> <span class='ocrx_word' id='word_1_737' title='bbox 2946 4535 3094 4590; x_wconf 86' lang='lat' dir='ltr'><strong>illius</strong></span> <span class='ocrx_word' id='word_1_738' title='bbox 3127 4537 3370 4590; x_wconf 88' lang='lat' dir='ltr'><strong>actiones</strong></span> <span class='ocrx_word' id='word_1_739' title='bbox 3393 4535 3613 4590; x_wconf 85' lang='lat' dir='ltr'><strong>intuen-</strong></span> 
     </span>
    </p>
   </div>
   <div class='ocr_carea' id='block_1_94' title="bbox 360 4626 1935 4709">
    <p class='ocr_par' dir='ltr' id='par_1_94' title="bbox 360 4626 1932 4699">
     <span class='ocr_line' id='line_1_94' title="bbox 360 4626 1932 4699; baseline -0.003 -15"><span class='ocrx_word' id='word_1_740' title='bbox 360 4631 444 4686; x_wconf 71' lang='grc' dir='ltr'><strong>ιαὶ</strong></span> <span class='ocrx_word' id='word_1_741' title='bbox 463 4627 743 4699; x_wconf 81' lang='grc' dir='ltr'>θειοτέραν</span> <span class='ocrx_word' id='word_1_742' title='bbox 771 4627 951 4696; x_wconf 86' lang='grc' dir='ltr'>φύσιν,</span> <span class='ocrx_word' id='word_1_743' title='bbox 983 4627 1254 4696; x_wconf 82' lang='grc' dir='ltr'>τραπῆναι</span> <span class='ocrx_word' id='word_1_744' title='bbox 1284 4626 1378 4680; x_wconf 72' lang='grc' dir='ltr'><strong>καὶ</strong></span> <span class='ocrx_word' id='word_1_745' title='bbox 1398 4628 1466 4681; x_wconf 79' lang='grc' dir='ltr'><strong>τά</strong></span> <span class='ocrx_word' id='word_1_746' title='bbox 1498 4627 1642 4681; x_wconf 87' lang='grc' dir='ltr'>νῶτα</span> <span class='ocrx_word' id='word_1_747' title='bbox 1675 4641 1932 4699; x_wconf 85' lang='grc' dir='ltr'>παραχω-</span> 
     </span>
    </p>
   </div>
   <div class='ocr_carea' id='block_1_95' title="bbox 2040 4626 3614 4709">
    <p class='ocr_par' dir='ltr' id='par_1_95' title="bbox 2041 4629 3614 4701">
     <span class='ocr_line' id='line_1_95' title="bbox 2041 4629 3614 4701; baseline -0.003 -17"><span class='ocrx_word' id='word_1_748' title='bbox 2041 4639 2150 4695; x_wconf 91' lang='lat' dir='ltr'><strong>tur,</strong></span> <span class='ocrx_word' id='word_1_749' title='bbox 2184 4639 2238 4685; x_wconf 93' lang='lat' dir='ltr'><strong>et</strong></span> <span class='ocrx_word' id='word_1_750' title='bbox 2269 4629 2726 4701; x_wconf 86' lang='lat' dir='ltr'><strong>quemadmodum</strong></span> <span class='ocrx_word' id='word_1_751' title='bbox 2764 4629 3045 4683; x_wconf 89' lang='lat' dir='ltr'><strong>inimicum</strong></span> <span class='ocrx_word' id='word_1_752' title='bbox 3079 4635 3132 4682; x_wconf 93' lang='lat' dir='ltr'><strong>et</strong></span> <span class='ocrx_word' id='word_1_753' title='bbox 3168 4629 3430 4691; x_wconf 92' lang='lat' dir='ltr'><strong>ultorem,</strong></span> <span class='ocrx_word' id='word_1_754' title='bbox 3462 4642 3614 4681; x_wconf 90' lang='lat' dir='ltr'><strong>mor-</strong></span> 
     </span>
    </p>
   </div>
   <div class='ocr_carea' id='block_1_96' title="bbox 354 4713 1929 4796">
    <p class='ocr_par' dir='ltr' id='par_1_96' title="bbox 354 4713 1929 4796">
     <span class='ocr_line' id='line_1_96' title="bbox 354 4713 1929 4796; baseline -0.001 -20"><span class='ocrx_word' id='word_1_755' title='bbox 354 4724 520 4796; x_wconf 80' lang='grc' dir='ltr'>ρῆσαι</span> <span class='ocrx_word' id='word_1_756' title='bbox 549 4721 698 4791; x_wconf 85' lang='grc' dir='ltr'>αὑτῷ</span> <span class='ocrx_word' id='word_1_757' title='bbox 721 4761 734 4783; x_wconf 93' lang='grc'><strong>,</strong></span> <span class='ocrx_word' id='word_1_758' title='bbox 777 4719 897 4774; x_wconf 84' lang='grc' dir='ltr'>καθ’</span> <span class='ocrx_word' id='word_1_759' title='bbox 924 4713 999 4772; x_wconf 82' lang='grc' dir='ltr'>ὧν</span> <span class='ocrx_word' id='word_1_760' title='bbox 1023 4719 1120 4783; x_wconf 75' lang='grc' dir='ltr'>τὰς</span> <span class='ocrx_word' id='word_1_761' title='bbox 1152 4721 1338 4789; x_wconf 88' lang='grc' dir='ltr'>χεῖρας</span> <span class='ocrx_word' id='word_1_762' title='bbox 1370 4720 1559 4789; x_wconf 77' lang='grc' dir='ltr'>ἀφεὶς,</span> <span class='ocrx_word' id='word_1_763' title='bbox 1582 4723 1693 4784; x_wconf 87' lang='grc' dir='ltr'>τοῖς</span> <span class='ocrx_word' id='word_1_764' title='bbox 1727 4719 1929 4785; x_wconf 82' lang='grc' dir='ltr'>ἐνθέοις</span> 
     </span>
    </p>
   </div>
   <div class='ocr_carea' id='block_1_97' title="bbox 351 4813 1929 4886">
    <p class='ocr_par' dir='ltr' id='par_1_97' title="bbox 351 4813 1929 4886">
     <span class='ocr_line' id='line_1_97' title="bbox 351 4813 1929 4886; baseline -0.003 -15"><span class='ocrx_word' id='word_1_765' title='bbox 351 4816 518 4871; x_wconf 73' lang='grc' dir='ltr'>αὑτοῦ</span> <span class='ocrx_word' id='word_1_766' title='bbox 550 4815 644 4869; x_wconf 71' lang='grc' dir='ltr'><strong>καὶ</strong></span> <span class='ocrx_word' id='word_1_767' title='bbox 665 4815 1016 4884; x_wconf 78' lang='grc' dir='ltr'>ὴκονημένοις</span> <span class='ocrx_word' id='word_1_768' title='bbox 1038 4813 1215 4884; x_wconf 81' lang='grc' dir='ltr'>βέλεσι</span> <span class='ocrx_word' id='word_1_769' title='bbox 1250 4816 1547 4882; x_wconf 84' lang='grc' dir='ltr'>φεύγοντας</span> <span class='ocrx_word' id='word_1_770' title='bbox 1575 4815 1824 4886; x_wconf 75' lang='grc' dir='ltr'>ἤλαυνεν,</span> <span class='ocrx_word' id='word_1_771' title='bbox 1853 4816 1929 4880; x_wconf 80' lang='grc' dir='ltr'>ὡς</span> 
     </span>
    </p>
   </div>
   <div class='ocr_carea' id='block_1_98' title="bbox 349 4905 1929 4978">
    <p class='ocr_par' dir='ltr' id='par_1_98' title="bbox 349 4905 1929 4978">
     <span class='ocr_line' id='line_1_98' title="bbox 349 4905 1929 4978; baseline -0.001 -16"><span class='ocrx_word' id='word_1_772' title='bbox 349 4909 437 4962; x_wconf 78' lang='grc' dir='ltr'>διὰ</span> <span class='ocrx_word' id='word_1_773' title='bbox 471 4908 632 4962; x_wconf 70' lang='grc' dir='ltr'>τοῦτο</span> <span class='ocrx_word' id='word_1_774' title='bbox 669 4906 954 4978; x_wconf 75' lang='grc' dir='ltr'>εἰρῆσθαι·</span> <span class='ocrx_word' id='word_1_775' title='bbox 994 4925 1011 4957; x_wconf 82' lang='grc' dir='ltr'><strong>ι</strong></span> <span class='ocrx_word' id='word_1_776' title='bbox 1045 4907 1106 4958; x_wconf 85' lang='lat' dir='ltr'><strong>Ai</strong></span> <span class='ocrx_word' id='word_1_777' title='bbox 1149 4906 1328 4976; x_wconf 79' lang='grc' dir='ltr'>χεῖρές</span> <span class='ocrx_word' id='word_1_778' title='bbox 1372 4924 1465 4958; x_wconf 84' lang='grc' dir='ltr'><strong>σου</strong></span> <span class='ocrx_word' id='word_1_779' title='bbox 1503 4908 1594 4959; x_wconf 74' lang='grc' dir='ltr'><strong>ἐπὶ</strong></span> <span class='ocrx_word' id='word_1_780' title='bbox 1618 4905 1788 4960; x_wconf 84' lang='grc' dir='ltr'>νώτου</span> <span class='ocrx_word' id='word_1_781' title='bbox 1821 4908 1929 4961; x_wconf 87' lang='grc' dir='ltr'><strong>τῶν</strong></span> 
     </span>
    </p>
   </div>
   <div class='ocr_carea' id='block_1_99' title="bbox 351 4997 1930 5073">
    <p class='ocr_par' dir='ltr' id='par_1_99' title="bbox 351 4997 1930 5073">
     <span class='ocr_line' id='line_1_99' title="bbox 351 4997 1930 5073; baseline -0.002 -19"><span class='ocrx_word' id='word_1_782' title='bbox 351 5000 564 5073; x_wconf 86' lang='grc' dir='ltr'>ἐχθρῶν</span> <span class='ocrx_word' id='word_1_783' title='bbox 595 5017 710 5053; x_wconf 90' lang='grc' dir='ltr'>σου.</span> <span class='ocrx_word' id='word_1_784' title='bbox 749 5019 768 5050; x_wconf 75' lang='grc' dir='ltr'><strong>ι</strong></span> <span class='ocrx_word' id='word_1_785' title='bbox 797 5000 858 5052; x_wconf 85' lang='grc' dir='ltr'><strong>Εἰ</strong></span> <span class='ocrx_word' id='word_1_786' title='bbox 889 4998 946 5052; x_wconf 84' lang='grc' dir='ltr'>δὲ</span> <span class='ocrx_word' id='word_1_787' title='bbox 979 4997 1074 5052; x_wconf 74' lang='grc' dir='ltr'><strong>καὶ</strong></span> <span class='ocrx_word' id='word_1_788' title='bbox 1098 4997 1263 5051; x_wconf 76' lang='grc' dir='ltr'>εἰσέτι</span> <span class='ocrx_word' id='word_1_789' title='bbox 1286 4997 1382 5050; x_wconf 77' lang='grc' dir='ltr'>νῦν</span> <span class='ocrx_word' id='word_1_790' title='bbox 1417 4998 1599 5068; x_wconf 85' lang='grc' dir='ltr'>μυρίοι</span> <span class='ocrx_word' id='word_1_791' title='bbox 1625 4998 1717 5051; x_wconf 82' lang='grc' dir='ltr'>τοῦ</span> <span class='ocrx_word' id='word_1_792' title='bbox 1748 5000 1930 5070; x_wconf 81' lang='grc' dir='ltr'>Σωτῆ-</span> 
     </span>
    </p>
   </div>
   <div class='ocr_carea' id='block_1_100' title="bbox 352 5089 1929 5164">
    <p class='ocr_par' dir='ltr' id='par_1_100' title="bbox 352 5089 1929 5164">
     <span class='ocr_line' id='line_1_100' title="bbox 352 5089 1929 5164; baseline -0.001 -20"><span class='ocrx_word' id='word_1_793' title='bbox 352 5109 444 5164; x_wconf 84' lang='grc' dir='ltr'><strong>ρος</strong></span> <span class='ocrx_word' id='word_1_794' title='bbox 458 5091 619 5162; x_wconf 82' lang='grc' dir='ltr'>ἡμῶν</span> <span class='ocrx_word' id='word_1_795' title='bbox 646 5089 848 5161; x_wconf 77' lang='grc' dir='ltr'>ἐχθροὶ,</span> <span class='ocrx_word' id='word_1_796' title='bbox 871 5089 967 5160; x_wconf 83' lang='grc' dir='ltr'>τὴν</span> <span class='ocrx_word' id='word_1_797' title='bbox 999 5089 1322 5161; x_wconf 81' lang='grc' dir='ltr'>Ἐκκλησίαν</span> <span class='ocrx_word' id='word_1_798' title='bbox 1355 5089 1518 5142; x_wconf 80' lang='grc' dir='ltr'>αὑτοῦ</span> <span class='ocrx_word' id='word_1_799' title='bbox 1542 5091 1681 5144; x_wconf 75' lang='grc' dir='ltr'>κατὰ</span> <span class='ocrx_word' id='word_1_800' title='bbox 1704 5092 1929 5160; x_wconf 73' lang='grc' dir='ltr'>καιροὺς</span> 
     </span>
    </p>
   </div>
   <div class='ocr_carea' id='block_1_101' title="bbox 352 5181 1930 5256">
    <p class='ocr_par' dir='ltr' id='par_1_101' title="bbox 352 5181 1930 5256">
     <span class='ocr_line' id='line_1_101' title="bbox 352 5181 1930 5256; baseline -0.003 -17"><span class='ocrx_word' id='word_1_801' title='bbox 352 5186 608 5256; x_wconf 83' lang='grc' dir='ltr'>πολεμεῖν</span> <span class='ocrx_word' id='word_1_802' title='bbox 660 5183 1024 5255; x_wconf 78' lang='grc' dir='ltr'>ἐπιχειροῦσιν</span> <span class='ocrx_word' id='word_1_803' title='bbox 1048 5224 1062 5248; x_wconf 95' lang='grc'><strong>,</strong></span> <span class='ocrx_word' id='word_1_804' title='bbox 1114 5183 1247 5236; x_wconf 84' lang='grc' dir='ltr'><strong>ἀλλά</strong></span> <span class='ocrx_word' id='word_1_805' title='bbox 1307 5182 1401 5235; x_wconf 58' lang='grc' dir='ltr'><strong>καὶ¹</strong></span> <span class='ocrx_word' id='word_1_806' title='bbox 1444 5181 1666 5246; x_wconf 88' lang='grc' dir='ltr'>τούτους</span> <span class='ocrx_word' id='word_1_807' title='bbox 1714 5183 1930 5254; x_wconf 79' lang='grc' dir='ltr'>ἀοράτῳ</span> 
     </span>
    </p>
   </div>
   <div class='ocr_carea' id='block_1_102' title="bbox 351 5273 1928 5349">
    <p class='ocr_par' dir='ltr' id='par_1_102' title="bbox 351 5273 1928 5349">
     <span class='ocr_line' id='line_1_102' title="bbox 351 5273 1928 5349; baseline -0.003 -19"><span class='ocrx_word' id='word_1_808' title='bbox 351 5278 497 5349; x_wconf 76' lang='grc' dir='ltr'>χειρὶ</span> <span class='ocrx_word' id='word_1_809' title='bbox 529 5277 623 5329; x_wconf 72' lang='grc' dir='ltr'><strong>καὶ</strong></span> <span class='ocrx_word' id='word_1_810' title='bbox 653 5275 821 5347; x_wconf 82' lang='grc' dir='ltr'>ἐνθέῳ</span> <span class='ocrx_word' id='word_1_811' title='bbox 848 5273 1070 5343; x_wconf 86' lang='grc' dir='ltr'>δυνάμει</span> <span class='ocrx_word' id='word_1_812' title='bbox 1097 5274 1421 5346; x_wconf 75' lang='grc' dir='ltr'>τροποὺται,</span> <span class='ocrx_word' id='word_1_813' title='bbox 1449 5275 1525 5338; x_wconf 89' lang='grc' dir='ltr'><strong>ώς</strong></span> <span class='ocrx_word' id='word_1_814' title='bbox 1547 5276 1640 5328; x_wconf 74' lang='grc' dir='ltr'><strong>καὶ</strong></span> <span class='ocrx_word' id='word_1_815' title='bbox 1669 5276 1798 5345; x_wconf 63' lang='grc' dir='ltr'><strong>περὶ⁵</strong></span> <span class='ocrx_word' id='word_1_816' title='bbox 1827 5275 1928 5328; x_wconf 91' lang='grc' dir='ltr'>αὑ-</span> 
     </span>
    </p>
   </div>
   <div class='ocr_carea' id='block_1_103' title="bbox 353 5363 1926 5441">
    <p class='ocr_par' dir='ltr' id='par_1_103' title="bbox 353 5363 1926 5441">
     <span class='ocr_line' id='line_1_103' title="bbox 353 5363 1926 5441; baseline -0.004 -18"><span class='ocrx_word' id='word_1_817' title='bbox 353 5369 458 5423; x_wconf 90' lang='grc' dir='ltr'><strong>τῶν</strong></span> <span class='ocrx_word' id='word_1_818' title='bbox 511 5367 761 5441; x_wconf 75' lang='grc' dir='ltr'>εἰρῆσθαι</span> <span class='ocrx_word' id='word_1_819' title='bbox 817 5367 897 5420; x_wconf 74' lang='grc' dir='ltr'>τόο</span> <span class='ocrx_word' id='word_1_820' title='bbox 939 5387 955 5418; x_wconf 78' lang='grc' dir='ltr'><strong>ι</strong></span> <span class='ocrx_word' id='word_1_821' title='bbox 1004 5369 1067 5420; x_wconf 85' lang='grc' dir='ltr'><strong>Αἱ</strong></span> <span class='ocrx_word' id='word_1_822' title='bbox 1102 5366 1282 5439; x_wconf 87' lang='grc' dir='ltr'>χεῖρές</span> <span class='ocrx_word' id='word_1_823' title='bbox 1329 5383 1419 5418; x_wconf 84' lang='grc' dir='ltr'><strong>σου</strong></span> <span class='ocrx_word' id='word_1_824' title='bbox 1460 5366 1552 5418; x_wconf 69' lang='grc' dir='ltr'><strong>ἐπὶ</strong></span> <span class='ocrx_word' id='word_1_825' title='bbox 1605 5363 1775 5418; x_wconf 89' lang='grc' dir='ltr'>νώτου</span> <span class='ocrx_word' id='word_1_826' title='bbox 1818 5364 1926 5418; x_wconf 87' lang='grc' dir='ltr'><strong>τῶν</strong></span> 
     </span>
    </p>
   </div>
   <div class='ocr_carea' id='block_1_104' title="bbox 353 5456 1929 5533">
    <p class='ocr_par' dir='ltr' id='par_1_104' title="bbox 353 5456 1929 5533">
     <span class='ocr_line' id='line_1_104' title="bbox 353 5456 1929 5533; baseline -0.002 -20"><span class='ocrx_word' id='word_1_827' title='bbox 353 5460 561 5533; x_wconf 71' lang='grc' dir='ltr'>ἐχθρῶν</span> <span class='ocrx_word' id='word_1_828' title='bbox 604 5477 719 5514; x_wconf 89' lang='grc' dir='ltr'>σου.</span> <span class='ocrx_word' id='word_1_829' title='bbox 764 5479 782 5510; x_wconf 83' lang='grc' dir='ltr'><strong>ι</strong></span> <span class='ocrx_word' id='word_1_830' title='bbox 822 5459 1040 5532; x_wconf 82' lang='grc' dir='ltr'>Ἐπειδὴ</span> <span class='ocrx_word' id='word_1_831' title='bbox 1073 5459 1129 5512; x_wconf 86' lang='grc' dir='ltr'>δὲ</span> <span class='ocrx_word' id='word_1_832' title='bbox 1170 5460 1270 5530; x_wconf 67' lang='grc' dir='ltr'><strong>⁴ἠδη</strong></span> <span class='ocrx_word' id='word_1_833' title='bbox 1296 5456 1480 5511; x_wconf 83' lang='grc' dir='ltr'>λοιπὸν</span> <span class='ocrx_word' id='word_1_834' title='bbox 1521 5457 1590 5511; x_wconf 74' lang='grc' dir='ltr'>τὰ</span> <span class='ocrx_word' id='word_1_835' title='bbox 1636 5457 1778 5510; x_wconf 86' lang='grc' dir='ltr'>κατὰ</span> <span class='ocrx_word' id='word_1_836' title='bbox 1822 5456 1929 5511; x_wconf 91' lang='grc' dir='ltr'><strong>τῶν</strong></span> 
     </span>
    </p>
   </div>
   <div class='ocr_carea' id='block_1_105' title="bbox 353 5551 1930 5626">
    <p class='ocr_par' dir='ltr' id='par_1_105' title="bbox 353 5551 1930 5626">
     <span class='ocr_line' id='line_1_105' title="bbox 353 5551 1930 5626; baseline -0.001 -22"><span class='ocrx_word' id='word_1_837' title='bbox 353 5554 562 5626; x_wconf 80' lang='grc' dir='ltr'>ἐχθρῶν</span> <span class='ocrx_word' id='word_1_838' title='bbox 610 5553 900 5624; x_wconf 77' lang='grc' dir='ltr'>νικητήρια</span> <span class='ocrx_word' id='word_1_839' title='bbox 941 5553 1264 5624; x_wconf 77' lang='grc' dir='ltr'>ἀπειλήφει,</span> <span class='ocrx_word' id='word_1_840' title='bbox 1293 5551 1590 5623; x_wconf 72' lang='grc' dir='ltr'>τηνικαῦτα</span> <span class='ocrx_word' id='word_1_841' title='bbox 1627 5551 1930 5624; x_wconf 82' lang='grc' dir='ltr'>ἐπληροῦτο</span> 
     </span>
    </p>
   </div>
   <div class='ocr_carea' id='block_1_106' title="bbox 355 5643 1924 5719">
    <p class='ocr_par' dir='ltr' id='par_1_106' title="bbox 355 5643 1924 5719">
     <span class='ocr_line' id='line_1_106' title="bbox 355 5643 1924 5719; baseline -0.004 -17"><span class='ocrx_word' id='word_1_842' title='bbox 355 5649 445 5702; x_wconf 68' lang='grc' dir='ltr'><strong>καὶ</strong></span> <span class='ocrx_word' id='word_1_843' title='bbox 465 5649 547 5712; x_wconf 83' lang='grc' dir='ltr'><strong>τὸ,</strong></span> <span class='ocrx_word' id='word_1_844' title='bbox 570 5667 589 5700; x_wconf 77' lang='grc' dir='ltr'><strong>ι</strong></span> <span class='ocrx_word' id='word_1_845' title='bbox 627 5645 1070 5719; x_wconf 83' lang='grc' dir='ltr'>Προσκυνήσουσί</span> <span class='ocrx_word' id='word_1_846' title='bbox 1103 5663 1162 5698; x_wconf 90' lang='grc' dir='ltr'><strong>σε</strong></span> <span class='ocrx_word' id='word_1_847' title='bbox 1193 5646 1241 5698; x_wconf 82' lang='grc' dir='ltr'>οἱ</span> <span class='ocrx_word' id='word_1_848' title='bbox 1270 5645 1375 5699; x_wconf 78' lang='grc' dir='ltr'>υἱοὶ</span> <span class='ocrx_word' id='word_1_849' title='bbox 1400 5645 1490 5698; x_wconf 78' lang='grc' dir='ltr'><strong>τοῦ</strong></span> <span class='ocrx_word' id='word_1_850' title='bbox 1517 5643 1730 5716; x_wconf 86' lang='grc' dir='ltr'>Πατρός</span> <span class='ocrx_word' id='word_1_851' title='bbox 1759 5661 1874 5707; x_wconf 92' lang='grc' dir='ltr'>σου,</span> <span class='ocrx_word' id='word_1_852' title='bbox 1907 5663 1924 5694; x_wconf 77' lang='grc' dir='ltr'><strong>ι</strong></span> 
     </span>
    </p>
   </div>
   <div class='ocr_carea' id='block_1_107' title="bbox 420 5737 1040 5799">
    <p class='ocr_par' dir='ltr' id='par_1_107' title="bbox 420 5737 1040 5799">
     <span class='ocr_line' id='line_1_107' title="bbox 420 5737 1040 5799; baseline -0.002 -7"><span class='ocrx_word' id='word_1_853' title='bbox 420 5738 466 5770; x_wconf 78' lang='grc'><strong>⁸⁷</strong></span> <span class='ocrx_word' id='word_1_854' title='bbox 505 5738 655 5796; x_wconf 85' lang='lat' dir='ltr'><strong>Psal.</strong></span> <span class='ocrx_word' id='word_1_855' title='bbox 686 5753 837 5799; x_wconf 73' lang='lat' dir='ltr'><strong>uxr,</strong></span> <span class='ocrx_word' id='word_1_856' title='bbox 886 5737 1040 5792; x_wconf 82' lang='lat' dir='ltr'><strong>8-H.</strong></span> 
     </span>
    </p>
   </div>
   <div class='ocr_carea' id='block_1_108' title="bbox 1117 5735 2413 5806">
    <p class='ocr_par' dir='ltr' id='par_1_108' title="bbox 1117 5735 2413 5806">
     <span class='ocr_line' id='line_1_108' title="bbox 1117 5735 2413 5806; baseline -0.002 -14"><span class='ocrx_word' id='word_1_857' title='bbox 1117 5737 1162 5770; x_wconf 72' lang='grc'><strong>⁴⁸</strong></span> <span class='ocrx_word' id='word_1_858' title='bbox 1199 5736 1347 5797; x_wconf 84' lang='lat' dir='ltr'><strong>Psal.</strong></span> <span class='ocrx_word' id='word_1_859' title='bbox 1384 5752 1644 5800; x_wconf 70' lang='lat' dir='ltr'><strong>Lxxxvm,</strong></span> <span class='ocrx_word' id='word_1_860' title='bbox 1675 5737 1767 5806; x_wconf 73' lang='grc'><strong>28,</strong></span> <span class='ocrx_word' id='word_1_861' title='bbox 1792 5737 1883 5792; x_wconf 68' lang='lat'><strong>29.</strong></span> <span class='ocrx_word' id='word_1_862' title='bbox 1961 5737 2007 5769; x_wconf 77' lang='lat'>“</span> <span class='ocrx_word' id='word_1_863' title='bbox 2047 5737 2178 5792; x_wconf 90' lang='lat' dir='ltr'><strong>ibid.</strong></span> <span class='ocrx_word' id='word_1_864' title='bbox 2210 5735 2299 5797; x_wconf 79' lang='lat'><strong>37,</strong></span> <span class='ocrx_word' id='word_1_865' title='bbox 2326 5736 2413 5792; x_wconf 80' lang='lat'><strong>58.</strong></span> 
     </span>
    </p>
   </div>
   <div class='ocr_carea' id='block_1_109' title="bbox 2037 4718 3614 4794">
    <p class='ocr_par' dir='ltr' id='par_1_109' title="bbox 2037 4718 3614 4794">
     <span class='ocr_line' id='line_1_109' title="bbox 2037 4718 3614 4794; baseline -0.004 -16"><span class='ocrx_word' id='word_1_866' title='bbox 2037 4731 2255 4794; x_wconf 87' lang='lat' dir='ltr'><strong>temque</strong></span> <span class='ocrx_word' id='word_1_867' title='bbox 2286 4723 2473 4778; x_wconf 65' lang='lat' dir='ltr'><strong>saeculi</strong></span> <span class='ocrx_word' id='word_1_868' title='bbox 2503 4722 2669 4790; x_wconf 87' lang='lat' dir='ltr'><strong>hujus</strong></span> <span class='ocrx_word' id='word_1_869' title='bbox 2716 4721 3020 4785; x_wconf 88' lang='lat' dir='ltr'><strong>dominum,</strong></span> <span class='ocrx_word' id='word_1_870' title='bbox 3057 4735 3165 4774; x_wconf 88' lang='lat' dir='ltr'><strong>una</strong></span> <span class='ocrx_word' id='word_1_871' title='bbox 3215 4735 3340 4774; x_wconf 91' lang='lat' dir='ltr'><strong>cum</strong></span> <span class='ocrx_word' id='word_1_872' title='bbox 3389 4718 3614 4788; x_wconf 87' lang='lat' dir='ltr'><strong>reliquis</strong></span> 
     </span>
    </p>
   </div>
   <div class='ocr_carea' id='block_1_110' title="bbox 2038 4811 3613 4882">
    <p class='ocr_par' dir='ltr' id='par_1_110' title="bbox 2038 4811 3613 4882">
     <span class='ocr_line' id='line_1_110' title="bbox 2038 4811 3613 4882; baseline -0.005 -13"><span class='ocrx_word' id='word_1_873' title='bbox 2038 4813 2410 4869; x_wconf 77' lang='lat' dir='ltr'><strong>invisibilibus</strong></span> <span class='ocrx_word' id='word_1_874' title='bbox 2461 4823 2516 4869; x_wconf 89' lang='lat' dir='ltr'><strong>et</strong></span> <span class='ocrx_word' id='word_1_875' title='bbox 2567 4813 2808 4868; x_wconf 84' lang='lat' dir='ltr'><strong>inimicis</strong></span> <span class='ocrx_word' id='word_1_876' title='bbox 2849 4812 3211 4882; x_wconf 88' lang='lat' dir='ltr'><strong>potestatibus</strong></span> <span class='ocrx_word' id='word_1_877' title='bbox 3239 4811 3613 4874; x_wconf 85' lang='lat' dir='ltr'><strong>sustinuisset,</strong></span> 
     </span>
    </p>
   </div>
   <div class='ocr_carea' id='block_1_111' title="bbox 2039 4903 3609 4970">
    <p class='ocr_par' dir='ltr' id='par_1_111' title="bbox 2039 4903 3609 4970">
     <span class='ocr_line' id='line_1_111' title="bbox 2039 4903 3609 4970; baseline -0.004 -9"><span class='ocrx_word' id='word_1_878' title='bbox 2039 4915 2156 4962; x_wconf 89' lang='lat' dir='ltr'><strong>tum</strong></span> <span class='ocrx_word' id='word_1_879' title='bbox 2185 4921 2316 4962; x_wconf 86' lang='lat' dir='ltr'><strong>vero</strong></span> <span class='ocrx_word' id='word_1_880' title='bbox 2348 4905 2516 4960; x_wconf 90' lang='lat' dir='ltr'><strong>Deum</strong></span> <span class='ocrx_word' id='word_1_881' title='bbox 2543 4905 2695 4958; x_wconf 90' lang='lat' dir='ltr'><strong>illum</strong></span> <span class='ocrx_word' id='word_1_882' title='bbox 2719 4921 2843 4960; x_wconf 92' lang='lat' dir='ltr'><strong>esse</strong></span> <span class='ocrx_word' id='word_1_883' title='bbox 2870 4905 3178 4970; x_wconf 88' lang='lat' dir='ltr'><strong>credentes,</strong></span> <span class='ocrx_word' id='word_1_884' title='bbox 3213 4903 3609 4958; x_wconf 88' lang='lat' dir='ltr'><strong>adoraverunt:</strong></span> 
     </span>
    </p>
   </div>
   <div class='ocr_carea' id='block_1_112' title="bbox 2037 4992 3611 5063">
    <p class='ocr_par' dir='ltr' id='par_1_112' title="bbox 2037 4992 3611 5063">
     <span class='ocr_line' id='line_1_112' title="bbox 2037 4992 3611 5063; baseline -0.003 -11"><span class='ocrx_word' id='word_1_885' title='bbox 2037 5013 2236 5053; x_wconf 87' lang='lat' dir='ltr'><strong>manus</strong></span> <span class='ocrx_word' id='word_1_886' title='bbox 2264 5007 2445 5052; x_wconf 85' lang='lat' dir='ltr'><strong>autem</strong></span> <span class='ocrx_word' id='word_1_887' title='bbox 2498 4996 2802 5050; x_wconf 79' lang='lat' dir='ltr'><strong>Salvatoris</strong></span> <span class='ocrx_word' id='word_1_888' title='bbox 2850 4994 3020 5050; x_wconf 88' lang='lat' dir='ltr'><strong>nostri</strong></span> <span class='ocrx_word' id='word_1_889' title='bbox 3060 4994 3115 5048; x_wconf 90' lang='lat' dir='ltr'><strong>in</strong></span> <span class='ocrx_word' id='word_1_890' title='bbox 3160 5002 3314 5063; x_wconf 85' lang='lat' dir='ltr'><strong>tergo</strong></span> <span class='ocrx_word' id='word_1_891' title='bbox 3356 4992 3611 5047; x_wconf 87' lang='lat' dir='ltr'><strong>inimico-</strong></span> 
     </span>
    </p>
   </div>
   <div class='ocr_carea' id='block_1_113' title="bbox 2037 5086 3612 5158">
    <p class='ocr_par' dir='ltr' id='par_1_113' title="bbox 2037 5086 3612 5158">
     <span class='ocr_line' id='line_1_113' title="bbox 2037 5086 3612 5158; baseline -0.003 -12"><span class='ocrx_word' id='word_1_892' title='bbox 2037 5107 2156 5146; x_wconf 90' lang='lat' dir='ltr'><strong>rum</strong></span> <span class='ocrx_word' id='word_1_893' title='bbox 2205 5105 2431 5147; x_wconf 91' lang='lat' dir='ltr'><strong>suorum</strong></span> <span class='ocrx_word' id='word_1_894' title='bbox 2481 5090 2652 5156; x_wconf 88' lang='lat' dir='ltr'><strong>fuere,</strong></span> <span class='ocrx_word' id='word_1_895' title='bbox 2701 5103 2810 5158; x_wconf 87' lang='lat' dir='ltr'><strong>quo</strong></span> <span class='ocrx_word' id='word_1_896' title='bbox 2845 5094 3088 5157; x_wconf 90' lang='lat' dir='ltr'><strong>tempore</strong></span> <span class='ocrx_word' id='word_1_897' title='bbox 3135 5086 3390 5141; x_wconf 81' lang='lat' dir='ltr'><strong>videlicet</strong></span> <span class='ocrx_word' id='word_1_898' title='bbox 3420 5101 3612 5141; x_wconf 89' lang='lat' dir='ltr'><strong>omnes</strong></span> 
     </span>
    </p>
   </div>
   <div class='ocr_carea' id='block_1_114' title="bbox 2038 5179 3609 5251">
    <p class='ocr_par' dir='ltr' id='par_1_114' title="bbox 2038 5179 3609 5251">
     <span class='ocr_line' id='line_1_114' title="bbox 2038 5179 3609 5251; baseline -0.004 -12"><span class='ocrx_word' id='word_1_899' title='bbox 2038 5185 2282 5240; x_wconf 89' lang='lat' dir='ltr'><strong>actiones</strong></span> <span class='ocrx_word' id='word_1_900' title='bbox 2311 5200 2462 5247; x_wconf 88' lang='lat' dir='ltr'><strong>suas,</strong></span> <span class='ocrx_word' id='word_1_901' title='bbox 2493 5193 2545 5237; x_wconf 94' lang='lat' dir='ltr'><strong>et</strong></span> <span class='ocrx_word' id='word_1_902' title='bbox 2596 5184 2847 5243; x_wconf 85' lang='lat' dir='ltr'><strong>virtutes,</strong></span> <span class='ocrx_word' id='word_1_903' title='bbox 2880 5188 2934 5235; x_wconf 91' lang='lat' dir='ltr'><strong>et</strong></span> <span class='ocrx_word' id='word_1_904' title='bbox 2965 5185 3131 5250; x_wconf 86' lang='lat' dir='ltr'><strong>&#39;gesta</strong></span> <span class='ocrx_word' id='word_1_905' title='bbox 3180 5179 3515 5251; x_wconf 83' lang='lat' dir='ltr'><strong>prodigiosa,</strong></span> <span class='ocrx_word' id='word_1_906' title='bbox 3543 5180 3609 5233; x_wconf 90' lang='lat' dir='ltr'><strong>ad</strong></span> 
     </span>
    </p>
   </div>
   <div class='ocr_carea' id='block_1_115' title="bbox 2038 5273 3612 5343">
    <p class='ocr_par' dir='ltr' id='par_1_115' title="bbox 2038 5273 3612 5343">
     <span class='ocr_line' id='line_1_115' title="bbox 2038 5273 3612 5343; baseline -0.003 -13"><span class='ocrx_word' id='word_1_907' title='bbox 2038 5275 2301 5332; x_wconf 89' lang='lat' dir='ltr'><strong>delendos</strong></span> <span class='ocrx_word' id='word_1_908' title='bbox 2351 5277 2626 5331; x_wconf 65' lang='lat' dir='ltr'><strong>daemones</strong></span> <span class='ocrx_word' id='word_1_909' title='bbox 2661 5283 2716 5329; x_wconf 89' lang='lat' dir='ltr'><strong>et</strong></span> <span class='ocrx_word' id='word_1_910' title='bbox 2755 5274 3022 5343; x_wconf 84' lang='lat' dir='ltr'><strong>malignos</strong></span> <span class='ocrx_word' id='word_1_911' title='bbox 3075 5273 3304 5342; x_wconf 89' lang='lat' dir='ltr'><strong>spiritus</strong></span> <span class='ocrx_word' id='word_1_912' title='bbox 3359 5273 3612 5327; x_wconf 87' lang='lat' dir='ltr'><strong>intende-</strong></span> 
     </span>
    </p>
   </div>
   <div class='ocr_carea' id='block_1_116' title="bbox 2036 5364 3610 5434">
    <p class='ocr_par' dir='ltr' id='par_1_116' title="bbox 2036 5364 3610 5434">
     <span class='ocr_line' id='line_1_116' title="bbox 2036 5364 3610 5434; baseline -0.001 -14"><span class='ocrx_word' id='word_1_913' title='bbox 2036 5367 2148 5423; x_wconf 89' lang='lat' dir='ltr'><strong>bat.</strong></span> <span class='ocrx_word' id='word_1_914' title='bbox 2209 5367 2349 5434; x_wconf 89' lang='lat' dir='ltr'><strong>Quin</strong></span> <span class='ocrx_word' id='word_1_915' title='bbox 2391 5368 2553 5422; x_wconf 91' lang='lat' dir='ltr'><strong>etiam</strong></span> <span class='ocrx_word' id='word_1_916' title='bbox 2589 5382 2712 5421; x_wconf 82' lang='lat' dir='ltr'><strong>cunt</strong></span> <span class='ocrx_word' id='word_1_917' title='bbox 2763 5381 2956 5419; x_wconf 88' lang='lat' dir='ltr'><strong>manus</strong></span> <span class='ocrx_word' id='word_1_918' title='bbox 3001 5380 3130 5419; x_wconf 79' lang='lat' dir='ltr'><strong>suas</strong></span> <span class='ocrx_word' id='word_1_919' title='bbox 3174 5364 3524 5434; x_wconf 79' lang='lat' dir='ltr'><strong>expandisset</strong></span> <span class='ocrx_word' id='word_1_920' title='bbox 3553 5364 3610 5420; x_wconf 83' lang='lat' dir='ltr'><strong>in</strong></span> 
     </span>
    </p>
   </div>
   <div class='ocr_carea' id='block_1_117' title="bbox 2035 5439 3604 5526">
    <p class='ocr_par' dir='ltr' id='par_1_117' title="bbox 2035 5439 3604 5526">
     <span class='ocr_line' id='line_1_117' title="bbox 2035 5439 3604 5526; baseline -0.003 -14"><span class='ocrx_word' id='word_1_921' title='bbox 2035 5473 2221 5518; x_wconf 90' lang='lat' dir='ltr'><strong>cruce.</strong></span> <span class='ocrx_word' id='word_1_922' title='bbox 2255 5469 2366 5512; x_wconf 90' lang='lat' dir='ltr'><strong>tum</strong></span> <span class='ocrx_word' id='word_1_923' title='bbox 2409 5471 2625 5526; x_wconf 90' lang='lat' dir='ltr'><strong>quoque</strong></span> <span class='ocrx_word' id='word_1_924' title='bbox 2655 5470 2850 5509; x_wconf 90' lang='lat' dir='ltr'><strong>manus</strong></span> <span class='ocrx_word' id='word_1_925' title='bbox 2881 5455 3020 5524; x_wconf 89' lang='lat' dir='ltr'><strong>ejus,</strong></span> <span class='ocrx_word' id='word_1_926' title='bbox 3052 5453 3390 5524; x_wconf 84' lang='lat' dir='ltr'><strong>fugientibus</strong></span> <span class='ocrx_word' id='word_1_927' title='bbox 3420 5439 3604 5508; x_wconf 83' lang='lat' dir='ltr'><strong>inimi-</strong></span> 
     </span>
    </p>
   </div>
   <div class='ocr_carea' id='block_1_118' title="bbox 2037 5547 3607 5620">
    <p class='ocr_par' dir='ltr' id='par_1_118' title="bbox 2037 5547 3607 5620">
     <span class='ocr_line' id='line_1_118' title="bbox 2037 5547 3607 5620; baseline -0.003 -14"><span class='ocrx_word' id='word_1_928' title='bbox 2037 5553 2118 5607; x_wconf 91' lang='lat' dir='ltr'><strong>cis</strong></span> <span class='ocrx_word' id='word_1_929' title='bbox 2161 5558 2214 5606; x_wconf 87' lang='lat' dir='ltr'><strong>et</strong></span> <span class='ocrx_word' id='word_1_930' title='bbox 2253 5551 2428 5605; x_wconf 91' lang='lat' dir='ltr'><strong>eidem</strong></span> <span class='ocrx_word' id='word_1_931' title='bbox 2473 5557 2622 5620; x_wconf 86' lang='lat' dir='ltr'><strong>terga</strong></span> <span class='ocrx_word' id='word_1_932' title='bbox 2671 5547 2953 5612; x_wconf 88' lang='lat' dir='ltr'><strong>dantibus,</strong></span> <span class='ocrx_word' id='word_1_933' title='bbox 2987 5549 3043 5603; x_wconf 91' lang='lat' dir='ltr'><strong>in</strong></span> <span class='ocrx_word' id='word_1_934' title='bbox 3073 5556 3227 5619; x_wconf 83' lang='lat' dir='ltr'><strong>tergo</strong></span> <span class='ocrx_word' id='word_1_935' title='bbox 3261 5549 3607 5602; x_wconf 86' lang='lat' dir='ltr'><strong>inimicorum</strong></span> 
     </span>
    </p>
   </div>
   <div class='ocr_carea' id='block_1_119' title="bbox 2038 5639 3607 5713">
    <p class='ocr_par' dir='ltr' id='par_1_119' title="bbox 2038 5639 3607 5713">
     <span class='ocr_line' id='line_1_119' title="bbox 2038 5639 3607 5713; baseline -0.004 -15"><span class='ocrx_word' id='word_1_936' title='bbox 2038 5644 2282 5705; x_wconf 88' lang='lat' dir='ltr'><strong>fuerunt,</strong></span> <span class='ocrx_word' id='word_1_937' title='bbox 2318 5643 2603 5713; x_wconf 83' lang='lat' dir='ltr'><strong>magisque</strong></span> <span class='ocrx_word' id='word_1_938' title='bbox 2632 5642 2794 5696; x_wconf 87' lang='lat' dir='ltr'><strong>etiam</strong></span> <span class='ocrx_word' id='word_1_939' title='bbox 2828 5656 2952 5695; x_wconf 90' lang='lat' dir='ltr'><strong>cum</strong></span> <span class='ocrx_word' id='word_1_940' title='bbox 2981 5639 3128 5696; x_wconf 90' lang='lat' dir='ltr'><strong>Patri</strong></span> <span class='ocrx_word' id='word_1_941' title='bbox 3160 5640 3373 5695; x_wconf 90' lang='lat' dir='ltr'><strong>reddito</strong></span> <span class='ocrx_word' id='word_1_942' title='bbox 3392 5641 3607 5709; x_wconf 86' lang='lat' dir='ltr'><strong>spiritu,</strong></span> 
     </span>
    </p>
   </div>
   <div class='ocr_carea' id='block_1_120' title="bbox 2522 5730 3606 5801">
    <p class='ocr_par' dir='ltr' id='par_1_120' title="bbox 2522 5730 3606 5801">
     <span class='ocr_line' id='line_1_120' title="bbox 2522 5730 3606 5801; baseline -0.002 -10"><span class='ocrx_word' id='word_1_943' title='bbox 2522 5736 2566 5768; x_wconf 78' lang='grc' dir='ltr'><strong>⁸ο</strong></span> <span class='ocrx_word' id='word_1_944' title='bbox 2607 5733 2752 5790; x_wconf 86' lang='lat' dir='ltr'><strong>Psal.</strong></span> <span class='ocrx_word' id='word_1_945' title='bbox 2780 5750 2904 5801; x_wconf 70' lang='lat' dir='ltr'><strong>nt,</strong></span> <span class='ocrx_word' id='word_1_946' title='bbox 2932 5734 3022 5790; x_wconf 73' lang='lat'><strong>9.5.</strong></span> <span class='ocrx_word' id='word_1_947' title='bbox 3099 5737 3140 5768; x_wconf 78' lang='grc'><strong>⁸⁸</strong></span> <span class='ocrx_word' id='word_1_948' title='bbox 3184 5732 3340 5788; x_wconf 78' lang='lat' dir='ltr'><strong>Joan.</strong></span> <span class='ocrx_word' id='word_1_949' title='bbox 3379 5749 3488 5798; x_wconf 67' lang='lat' dir='ltr'><strong>sx,</strong></span> <span class='ocrx_word' id='word_1_950' title='bbox 3520 5730 3606 5789; x_wconf 83' lang='grc'><strong>17.</strong></span> 
     </span>
    </p>
   </div>
   <div class='ocr_carea' id='block_1_121' title="bbox 421 5828 1935 5904">
    <p class='ocr_par' dir='ltr' id='par_1_121' title="bbox 421 5829 1935 5904">
     <span class='ocr_line' id='line_1_121' title="bbox 421 5829 1935 5904; baseline 0.002 -19"><span class='ocrx_word' id='word_1_951' title='bbox 421 5829 498 5904; x_wconf 80' lang='grc'><strong>(1)</strong></span> <span class='ocrx_word' id='word_1_952' title='bbox 546 5829 768 5900; x_wconf 82' lang='grc' dir='ltr'>Ἥμῶν.</span> <span class='ocrx_word' id='word_1_953' title='bbox 806 5829 964 5887; x_wconf 86' lang='lat' dir='ltr'><strong>Forte</strong></span> <span class='ocrx_word' id='word_1_954' title='bbox 993 5830 1168 5903; x_wconf 85' lang='grc' dir='ltr'>ὑμῶν,</span> <span class='ocrx_word' id='word_1_955' title='bbox 1198 5838 1256 5889; x_wconf 90' lang='lat' dir='ltr'><strong>ut</strong></span> <span class='ocrx_word' id='word_1_956' title='bbox 1295 5837 1348 5887; x_wconf 95' lang='lat' dir='ltr'><strong>et</strong></span> <span class='ocrx_word' id='word_1_957' title='bbox 1386 5832 1655 5903; x_wconf 88' lang='lat' dir='ltr'><strong>interpres</strong></span> <span class='ocrx_word' id='word_1_958' title='bbox 1695 5831 1892 5904; x_wconf 85' lang='lat' dir='ltr'><strong>legisse</strong></span> <span class='ocrx_word' id='word_1_959' title='bbox 1933 5850 1935 5858; x_wconf 60' lang='grc' dir='ltr'><strong>ι</strong></span> 
     </span>
    </p>
   </div>
   <div class='ocr_carea' id='block_1_122' title="bbox 2040 5828 2346 5904">
    <p class='ocr_par' dir='ltr' id='par_1_122' title="bbox 2040 5828 2346 5888">
     <span class='ocr_line' id='line_1_122' title="bbox 2040 5828 2346 5888; baseline -0.013 -1"><span class='ocrx_word' id='word_1_960' title='bbox 2040 5838 2164 5888; x_wconf 78' lang='lat' dir='ltr'><strong>:tur.</strong></span> <span class='ocrx_word' id='word_1_961' title='bbox 2189 5828 2346 5886; x_wconf 76' lang='lat' dir='ltr'><strong>Enn.</strong></span> 
     </span>
    </p>
   </div>
  </div>
