4110 6410
516 277 620 334 τοι
1156 271 1428 329 EUSLBH
1463 273 1946 332 CAESARIENSIS
1984 277 2135 333 OPP.
2177 278 2360 336 PARS
2394 281 2459 337 ll.
2505 311 2570 323 -ο
2608 281 3110 342 APOLOGETICA.
3679 288 3786 348 593

522 404 577 453 et
599 409 713 452 sua!
756 392 941 451 carnis
974 400 1190 463 expers,
1218 400 1273 446 et
1303 408 1369 447 eo
1395 391 1539 462 quod
1575 400 1949 461 assumpserat
1979 408 2070 449 cor

2206 397 2405 461 πάντες
2433 399 2632 472 δηλαδὴ
2677 402 2724 453 oi
2752 400 2870 454 κατ’
2905 400 3131 470 οὐρανὸν
3160 401 3402 470 ἄγγελοι,
3428 402 3497 457 τά
3522 419 3582 455 τε
3616 403 3782 459 πνεύ-

520 506 653 562 pore
680 489 940 553 nudatus,
985 488 1076 557 qui
1114 487 1231 557 ipsa
1268 488 1372 542 vita
1404 495 1541 551 erat,
1577 485 1643 540 ad
1676 486 1795 541 loca
1839 487 2065 542 inimico

2201 504 2345 558 ματα
2382 488 2449 542 τά
2483 488 2858 561 λειτουργικὰ,
2899 493 2992 545 καὶ
3029 493 3085 544 αἱ
3117 489 3257 544 θεῖαι
3301 490 3564 562 δυνάμεις
3587 532 3601 557 ,
3645 492 3781 548 οῖτε

518 596 640 636 rum
660 580 964 645 descendit,
989 586 1113 633 utet
1133 589 1361 634 mortem
1377 588 1432 633 et
1444 577 1682 648 reliquas
1695 594 1815 649 quae
1830 581 2070 636 adversm

2196 582 2290 635 ἐπὶ⁸
2317 580 2421 652 γῆς
2459 581 2741 636 ἀπόστολοι
2777 583 2872 636 καὶ
2903 583 3325 651 εὐαγγελισταὶ,
3361 584 3458 637 καὶ
3491 585 3629 655 μετά
3654 587 3778 641 τού-

517 675 696 746 ipsum
720 679 1070 729 surrexerunt
1101 678 1422 742 potestates,
1450 671 1778 742 dissiparet;
1807 689 1945 745 quas
1969 674 2070 745 qui-

2193 687 2318 733 τους
2365 672 2603 736 ἅπαντες
2649 673 2699 725 οί
2741 671 2801 740 ἐξ
2847 671 3015 726 ἐθνῶν
3061 673 3127 726 δι’
3179 673 3376 738 αὐτοῦ,
3422 674 3515 727 τὸν
3552 675 3649 731 ἕνα
3683 677 3778 731 καὶ

517 768 641 824 dem
664 766 957 823 verisimile
986 774 1070 821 est
1088 780 1433 821 communem
1456 765 1746 836 quemdam
1783 767 2070 821 hominum

2197 764 2356 834 μόνον
2397 761 2567 834 ἀληθῆ
2616 764 2836 836 Πατέρα
2877 763 3010 817 Θεὸν
3052 763 3516 837 ἐπιγραψάμενοι,
3547 768 3774 832 οἵτινες.

516 875 580 915 ac
610 860 840 931 reliquis
869 858 1103 914 similem
1138 866 1289 913 ratas
1322 873 1445 914 esse
1467 857 1642 924 illum,
1673 857 1858 929 itaque
1880 858 2070 913 circun

2192 853 2323 907 Θεὸν
2356 854 2527 923 Λόγον
2554 853 2681 908 ὄντα
2708 855 2799 909 τὸν
2829 854 3059 925 Χριστὸν
3095 856 3500 929 μεμαθηκότες,
3536 857 3611 922 ὡς
3643 858 3776 911 Θεὸν

514 953 766 1008 eumdem
795 950 1036 1015 stetisse,
1069 960 1123 1005 et
1148 949 1304 1021 quasi
1340 963 1507 1004 unum
1526 948 1594 1004 de
1627 949 1814 1004 multis
1844 948 2063 1003 adortas

2192 948 2515 1016 προσκυνεῖν
2540 945 2701 1018 αὐτὸν
2729 942 3135 1016 ὁμολογοῦνται.
3169 946 3307 999 Ἀλλ’
3339 948 3464 1001 ἐπεὶ
3485 949 3654 1020 ἐχρῆν
3680 949 3774 1003 καὶ

516 1050 679 1114 atque
707 1043 801 1099 ubi
832 1043 1273 1114 praestantiorem
1303 1042 1645 1112 agnoverint,
1666 1057 1829 1113 quam
1849 1050 1908 1097 ut
1926 1042 2070 1098 homt

2189 1037 2259 1091 τὰ
2285 1038 2383 1109 τῆς
2405 1037 2669 1107 γενέσεως
2699 1037 2863 1091 αὑτοῦ
2890 1038 2985 1092 καὶ
3008 1039 3078 1092 τὰ
3112 1039 3205 1093 τοῦ
3244 1038 3477 1093 θανάτου
3500 1042 3774 1114 μυστήρια

513 1136 817 1193 existimari
846 1147 1052 1207 posset,
1083 1150 1147 1191 ac
1174 1135 1433 1191 diviniori
1474 1143 1668 1191 natura
1698 1135 2004 1205 praeditum,
2035 1145 2090 1192 et

511 1244 811 1285 conversas
843 1243 967 1283 esse
1015 1234 1068 1282 ct
1098 1235 1250 1297 terga
1298 1226 1374 1283 illi
1420 1226 1662 1292 dedisse,
1700 1234 1896 1282 contra
1947 1242 2087 1298 quas

514 1319 777 1375 immissis
821 1319 1097 1382 manibus,
1140 1316 1340 1373 divinis
1369 1318 1486 1372 suis
1525 1323 1581 1371 et
1626 1317 1801 1372 acutis
1848 1317 2082 1388 sagittis,

514 1410 787 1483 fugientes
819 1410 1024 1481 exegit,
1053 1418 1112 1465 ut
1144 1417 1433 1481 propterea
1463 1409 1669 1464 dictum
1697 1411 1803 1465 sit:
1841 1430 1860 1463 ι
1891 1410 2086 1467 Manus

514 1509 621 1557 tua;
652 1502 711 1557 in
760 1510 912 1572 tergo
944 1501 1295 1556 inimicorum
1326 1510 1571 1557 tuorum.
1599 1521 1619 1555 ι
1657 1501 1812 1569 Quod
1842 1503 1888 1558 si
1917 1502 2083 1559 etiam

462 1622 481 1638 -ι
512 1609 662 1651 nunc
696 1593 1129 1650 innumerabiles
1155 1593 1458 1648 Salvatoris
1503 1594 1681 1649 nostri
1712 1593 1943 1659 inimici,
1973 1593 2084 1649 Ec-

511 1686 736 1742 clesiam
760 1685 881 1756 ejus
911 1684 1077 1740 variis
1113 1684 1501 1741 occasionibus
1530 1698 1846 1756 oppugnare
1873 1700 2081 1740 conan-

2188 1132 2255 1201 τῇ
2303 1130 2430 1201 περὶ
2478 1129 2646 1183 αὑτοῦ
2695 1130 3002 1203 προφητείᾳ
3050 1131 3510 1203 συμπεριλαϐεῖν,
3549 1132 3772 1198 εἰκότως

2191 1220 2330 1292 μετά
2364 1221 2434 1274 τὰ
2481 1221 2854 1293 προειρημένα
2883 1222 3151 1288 θεσπίζων
3184 1226 3213 1277 ὀ
3259 1223 3451 1279 Ἰακὼϐ
3495 1225 3765 1295 ἐπιλέγει⁸

2193 1310 2469 1383 «Σκύμνος
2500 1310 2710 1377 λέοντος
2738 1312 2927 1376 Ἰούδα,
2945 1314 3010 1367 ἐκ
3026 1313 3278 1385 βλαστοῦ,
3302 1315 3384 1368 υίέ
3404 1332 3526 1386 μου,
3550 1314 3768 1386 άνέϐης,

2188 1402 2475 1457 ἀναπεσὼν
2511 1403 2812 1476 ἐκοιμήθης
2834 1404 2909 1468 ὡς
2936 1405 3096 1469 λέων,
3132 1407 3228 1460 καὶ
3262 1405 3338 1470 ὡς
3369 1406 3610 1479 σκύμνος
3643 1424 3657 1437 ο
3688 1408 3769 1471 τίς
3872 1411 3877 1414 ’

2187 1487 2371 1558 ἐγερεῖ
2406 1487 2597 1552 αύτόν;
2637 1509 2654 1540 ι
2689 1488 2934 1560 Σκύμνον
2963 1489 3062 1560 μὲν
3099 1485 3192 1543 οὖν
3224 1489 3436 1554 λέοντος
3460 1491 3621 1544 αὐτὸν
3650 1491 3766 1545 ὀνο-

2189 1580 2351 1652 μάζει
2371 1622 2386 1647 ,
2411 1579 2498 1635 διὰ
2530 1581 2591 1634 τὸ
2627 1582 2691 1634 ἐκ
2732 1579 3016 1651 βασιλικῆς
3050 1579 3212 1635 αὐτὸν
3249 1580 3533 1649 γεγονέναι
3561 1581 3762 1653 φυλῆς-

2185 1668 2250 1720 ἐκ
2267 1667 2582 1739 σπέρματος
2613 1665 2743 1735 γοῦν
2775 1662 2842 1737 ἦν
2871 1665 2965 1719 τοῦ
2984 1665 3153 1719 Δαϐὶδ
3185 1666 3329 1719 κατὰ
3358 1666 3536 1738 σάρκα
3565 1682 3579 1697 ⁸
3612 1683 3631 1718 ι
3673 1666 3765 1720 Ἐκ

510 1787 621 1842 tur,
650 1784 892 1833 attamen
923 1777 1024 1831 hos
1070 1791 1291 1847 quoque
1332 1777 1594 1831 invisibili
1623 1776 1859 1847 quadam
1889 1792 2070 1839 manu,

2186 1758 2412 1830 βλαστοῦ
2457 1758 2515 1811 δὲ
2550 1757 2770 1830 ἀνέόης,
2815 1757 2897 1811 υίέ
2945 1774 3066 1829 μου,
3109 1777 3127 1809 ι
3180 1759 3377 1829 φησὶν,
3424 1757 3655 1829 ἐπείπερ
3701 1761 3764 1812 ἐκ

505 1877 561 1924 et
583 1884 683 1925 sua
717 1870 901 1925 divina
926 1869 1128 1925 virtute
1150 1870 1204 1923 in
1235 1867 1418 1940 fugam
1442 1868 1624 1933 vertit,
1650 1876 1710 1922 ut
1741 1867 1811 1924 de
1840 1868 1928 1923 his
1951 1869 2078 1924 item

505 1964 709 2020 dictum
738 1963 808 2019 sit
833 1961 963 2016 illud
997 1976 1011 2014 :
1050 1979 1068 2012 ι
1115 1959 1306 2015 Manus
1330 1968 1436 2015 tua;
1461 1960 1516 2015 in
1536 1968 1693 2031 tergo
1724 1960 2078 2015 inimicorum

506 2065 747 2110 tuorum.
793 2073 811 2105 ι
847 2051 949 2107 Ubi
983 2067 1112 2107 vero
1136 2052 1274 2121 jam,
1325 2050 1471 2122 quod
1521 2050 1792 2122 reliquum
1838 2050 1959 2119 fuit,
1993 2054 2079 2107 in-

503 2148 681 2219 signia
717 2146 867 2201 illius
891 2144 1137 2200 victoria:
1168 2144 1428 2215 praeclara
1459 2143 1526 2197 de
1564 2144 1815 2199 hostibus
1846 2146 2075 2215 recepit,

500 2250 617 2295 tum
646 2253 776 2295 vero
803 2237 936 2294 illud
963 2237 1293 2307 completum
1325 2243 1411 2290 est
1444 2254 1457 2290 :
1491 2254 1509 2286 ι
1542 2234 1863 2290 Adorabunt
1897 2243 1950 2292 te
1979 2236 2076 2292 ﬁlii

500 2333 675 2402 patris
703 2332 807 2393 tui,
843 2350 862 2383 ι
898 2344 1091 2384 omnes
1119 2327 1391 2393 videlicet,
1423 2328 1517 2399 qui
1550 2328 1605 2382 in
1636 2327 1778 2384 coelo
1824 2340 1954 2384 sunt
1978 2344 2077 2384 an-

499 2422 626 2493 geli,
659 2421 997 2492 spiritusque
1030 2404 1414 2482 inservientes,
1447 2432 1512 2471 ac
1532 2418 1729 2473 divinae
1752 2426 2072 2489 potestates,

499 2528 716 2570 necnon
771 2511 1029 2583 degentes
1060 2511 1114 2564 in
1159 2518 1303 2564 terra
1359 2510 1591 2579 apostoli
1623 2518 1677 2565 et
1703 2511 2072 2579 evangelistae,

499 2611 626 2677 post
654 2619 795 2675 quos
822 2603 1136 2674 quicunque
1165 2617 1260 2673 per
1291 2603 1492 2672 ipsum,
1558 2603 1650 2656 uni
1699 2610 1754 2657 et
1798 2602 1901 2658 soli
1945 2618 2074 2659 vero

499 2696 648 2750 Patri
672 2694 784 2751 Deo
817 2695 1026 2764 seipsos
1056 2692 1403 2754 addixerunt,
1429 2694 1521 2763 qui
1544 2692 1764 2763 quidem
1793 2693 1883 2748 ubi
1901 2692 2070 2748 Deum

500 2787 738 2845 Verbum
769 2784 1052 2842 Christum
1092 2800 1215 2842 esse
1242 2784 1506 2847 didicere,
1555 2793 1671 2839 tum
1715 2800 1776 2840 se
1824 2785 1976 2840 illum
2012 2795 2072 2840 ut

501 2880 670 2937 Deum
704 2878 935 2934 adorare
961 2875 1198 2933 confessi
1222 2884 1373 2932 sunt.
1403 2875 1571 2947 378
1600 2874 1707 2931 Sed
1731 2877 1989 2947 quoniam
2019 2886 2073 2932 et

497 2982 652 3030 ortus
675 2971 920 3043 ejusdem
955 2979 1008 3026 et
1032 2969 1226 3024 mortis
1257 2969 1542 3038 mysteria,
1572 2968 1764 3024 eadem
1787 2970 2070 3040 prophetia

498 3064 784 3136 complecti
811 3062 1118 3134 oportebat,
1145 3061 1340 3114 merito
1368 3068 1491 3129 post
1519 3061 1609 3114 illa
1641 3075 1763 3131 quae
1788 3059 1901 3132 jam
1926 3061 2070 3115 dicta

2184 1843 2496 1915 σπέρματος
2544 1843 2638 1896 καὶ
2685 1842 2840 1914 ῥίζης
2879 1842 2973 1895 τοῦ
3030 1842 3204 1896 ταῦτα
3244 1841 3763 1914 προαναφωνοῦντος

2197 1926 2390 1981 Ἰακὼϐ
2429 1928 2600 1997 ἀνέφυ
2621 1966 2636 1991 ,
2672 1928 2937 2000 πρότερον
2976 1926 3074 1997 μὲν
3110 1926 3244 1991 Θεὸς
3271 1927 3443 1996 Λόγος
3470 1927 3546 1981 ὢν
3566 1967 3582 1991 ,
3614 1927 3763 1995 γενό-

2187 2035 2345 2088 μενος
2382 2018 2438 2072 δὲ
2478 2018 2729 2090 δεύτερον
2767 2020 2880 2082 υἱὸς
2927 2018 3234 2091 ἀνθρώπου,
3270 2018 3336 2073 δι’
3369 2019 3437 2091 ἢν
3479 2019 3763 2084 ἀνεδέξατο

2181 2109 2321 2180 ὑπὲρ
2367 2111 2398 2181 ἡ
2410 2109 2525 2179 μῶν
2562 2109 2893 2180 οἰκονομίαν.
2924 2110 3024 2179 Εῖη
3070 2109 3115 2163 δ’
3154 2108 3220 2163 ἂν
3260 2109 3354 2163 καὶ
3392 2108 3485 2163 τοῦ
3531 2109 3759 2164 θανάτου

2180 2202 2343 2255 αὐτοῦ
2375 2200 2670 2275 δηλωτικὸν
2691 2203 2798 2266 τὸ,ι
2823 2200 3139 2256 Ἀναπεσὼν
3176 2202 3476 2276 ἐκοιμήθης
3502 2204 3579 2268 ὡς
3603 2204 3759 2267 λέων,

2179 2293 2272 2345 καὶ
2302 2292 2378 2357 ὡς
2407 2292 2660 2364 σκύμνος,
2703 2314 2721 2343 ι
2756 2292 2815 2357 ἐξ
2853 2293 3004 2358 ἔθους
3023 2293 3122 2364 τῆς
3156 2294 3396 2364 Γραφῆς,
3418 2295 3563 2348 κατά
3598 2312 3649 2348 τι
3679 2295 3758 2347 oi-

2176 2380 2324 2431 κείον
2364 2376 2624 2449 θεώρημα
2646 2418 2660 2440 ,
2689 2377 2781 2431 τὸν
2811 2377 3039 2432 θάνατον
3072 2378 3167 2431 καὶ
3203 2378 3297 2430 ἐπὶ
3339 2377 3548 2448 μυρίων
3587 2377 3762 2431 ἄλλων

2176 2467 2431 2539 κοίμησιν
2469 2466 2869 2539 ἀποκαλούσης.
2899 2468 2973 2520 Τὸ
3008 2466 3086 2532 δὲ,
3137 2486 3154 2519 ι
3182 2468 3278 2531 Τίς
3304 2469 3489 2539 ἐγερεῖ
3514 2467 3709 2531 αὑτόν;
3733 2485 3753 2517 ι

2175 2551 2306 2619 περὶ
2336 2551 2439 2622 τῆς
2470 2553 2534 2604 ἐκ
2565 2549 2770 2621 νεκρῶν
2803 2552 3154 2616 ἀναστάσεως
3179 2551 3344 2606 αὐτοῦ
3374 2551 3760 2623 θαυμαστικῶς

2175 2640 2410 2712 εἴρηται.
2467 2640 2925 2712 Ἐγερθησόμενον
2973 2639 3082 2712 γὰρ
3125 2641 3286 2694 αὐτὸν
3324 2641 3510 2712 σαφῶς
3548 2637 3689 2696 οιδεν
3728 2645 3762 2694 ὁ

2174 2732 2399 2800 φάσκων
2417 2770 2432 2794 ,
2482 2750 2499 2782 ι
2521 2731 2615 2795 Τίς
2633 2733 2815 2802 ἐγερεῖ
2836 2730 3031 2796 αύτόν;
3066 2750 3084 2778 ι
3121 2731 3507 2802 θαυμαστικῶς
3527 2730 3585 2785 δὲ
3635 2732 3765 2785 ἐπιδ·

2173 2814 2317 2883 λέγει
2365 2815 2445 2877 τὸ,
2472 2814 2564 2878 Τίς
2609 2814 2715 2886 ἄρα
2758 2816 2787 2867 ὁ
2830 2814 2984 2869 τοῦτο
3022 2814 3262 2885 ποιήσων
3308 2813 3401 2867 καὶ
3440 2815 3761 2886 ἀναστήσων

2173 2899 2355 2963 αὐτὸν,
2386 2900 2533 2969 ἡμᾶς
2560 2899 2654 2951 ἐπὶ
2685 2898 2745 2952 τὸ
2767 2898 2949 2970 ζητεῖν
2975 2897 3277 2970 διεγείρων,
3297 2899 3380 2962 τίς
3404 2896 3469 2951 ἂν
3496 2897 3582 2969 εἴη
3613 2900 3643 2951 ό
3668 2896 3762 2950 τὸν

2172 2991 2377 3062 Κύριον
2408 2989 2563 3061 ἡμῶν
2596 2990 2688 3044 τὸν
2727 2991 2866 3063 ὑπὲρ
2887 2989 3043 3062 ἡμῶν
3072 2989 3300 3044 θάνατον
3333 2990 3755 3062 ἀναδεξάμενον,

2175 3078 2239 3130 ἐκ
2274 3075 2484 3145 νεκρῶν
2532 3076 2871 3145 ἀναστήσων.
2933 3075 3027 3138 Τίς
3050 3074 3093 3127 δ’
3116 3074 3182 3128 ἂν
3216 3077 3301 3146 εῑη
3333 3074 3489 3139 ἄλλος
3523 3074 3557 3146 ἥ
3593 3075 3622 3127 ὁ
3647 3073 3760 3127 τῶν

499 3166 630 3215 sunt
661 3156 969 3209 vaticinans
1000 3151 1193 3217 Jacob,
1245 3151 1493 3224 adjungit
1531 3172 1544 3207 :
1579 3169 1598 3203 ι
1638 3153 1867 3209 Catulus
1896 3152 2070 3207 leonis

2175 3159 2313 3213 ὅλων
2344 3158 2475 3224 Θεὸς
2516 3160 2609 3213 καλ⁸
2652 3158 2842 3231 Πατὴρ
2877 3158 3063 3223 αὐτοῦ,
3089 3151 3133 3227 ᾧ
3168 3159 3315 3230 μόνῳ
3341 3157 3627 3211 ἀναθετέον
3657 3156 3758 3229 τὴν

496 3247 657 3313 Juda,
684 3246 751 3301 de
765 3246 1027 3316 germine,
1056 3243 1125 3297 tili
1154 3244 1248 3308 mi,
1267 3243 1582 3308 ascendisti,
1613 3245 1936 3300 recumbens
1950 3245 2072 3300 dor-

497 3339 699 3393 mivisti
727 3344 786 3391 ut
811 3337 915 3398 leo,
937 3343 990 3390 et
1026 3343 1086 3388 ut
1106 3334 1323 3389 catulus
1358 3350 1374 3388 :
1404 3332 1529 3404 quis
1556 3333 1817 3390 excitabit
1846 3335 2006 3390 eum?
2045 3354 2064 3387 ›

496 3431 750 3487 Catulum
795 3431 979 3499 itaque
1025 3428 1200 3482 leonis
1248 3426 1423 3497 ipsum
1470 3428 1736 3492 nominat,
1778 3436 2069 3499 propterea

495 3522 642 3593 quod
665 3521 733 3577 de
761 3521 909 3592 regia
940 3520 1083 3575 tribu
1112 3519 1184 3573 sit
1215 3527 1397 3574 natus.
1435 3518 1509 3575 De
1543 3520 1749 3576 semine
1775 3519 1942 3591 igitur
1965 3519 2072 3574 Da-

494 3616 585 3671 vid
621 3614 724 3670 fuit
753 3614 966 3668 ratione
1007 3614 1277 3682 corporis,
1303 3629 1322 3665 ι
1348 3610 1416 3667 de
1432 3612 1676 3683 germine
1705 3631 1725 3665 ι
1748 3621 1953 3679 autem,
1982 3614 2068 3668 in-

493 3702 631 3773 quit,
662 3719 679 3752 ι
722 3700 794 3754 iiii
816 3701 910 3765 mi,
935 3699 1249 3763 ascendisti,
1269 3718 1288 3751 ι
1320 3700 1578 3771 quoniam
1598 3700 1666 3757 de
1690 3701 1898 3757 semine
1911 3709 1961 3757 et
1977 3718 2058 3756 ra-

495 3795 617 3850 dice
657 3793 801 3863 ejus,
847 3793 941 3864 qui
1001 3793 1116 3848 haec
1169 3792 1497 3863 prmdicebat
1532 3791 1723 3861 Jacob,
1754 3795 2064 3865 pullulavit,

494 3901 620 3941 cum
652 3886 804 3956 prius
834 3883 1053 3955 quidem
1078 3892 1226 3939 esset
1249 3883 1392 3939 Deus
1428 3884 1691 3952 Verbum,
1728 3897 1918 3957 postea
1938 3904 2069 3943 vero

492 3979 657 4033 etiam
689 3975 862 4034 Filius
892 3976 1129 4032 hominis
1160 3976 1229 4032 sit
1252 3975 1454 4044 factus,
1487 3986 1713 4050 propter
1750 3995 1872 4036 eam
1902 3996 2065 4051 quam

492 4084 593 4140 pro
620 4069 779 4126 nobis
805 4069 1125 4140 assumpsit.
1159 4069 1645 4140 dispensationem.
1681 4070 1868 4128 Potest
1897 4074 2064 4129 etiam

492 4165 723 4215 mortem
749 4157 993 4229 ejusdem
1012 4156 1322 4230 signiﬁcare
1350 4158 1512 4214 illud:
1533 4178 1551 4211 ι
1576 4157 1922 4217 Recumbens
1936 4163 2067 4218 dor-

492 4251 694 4307 mivisti
747 4258 807 4306 ut
834 4251 940 4315 leo,
998 4257 1052 4305 et
1094 4257 1155 4304 ut
1200 4250 1434 4313 catulus.
1470 4270 1488 4303 ι
1526 4265 1593 4306 ex
1625 4251 1859 4322 quadam
1894 4253 2067 4324 ipsius

495 4339 794 4410 Scriptum
824 4339 1245 4405 consuetudine,
1290 4355 1412 4411 qua;
1451 4355 1550 4396 sua
1579 4341 1815 4412 quadam
1848 4346 2068 4415 propria

492 4432 946 4497 consideratione,
973 4431 1138 4488 etiam
1178 4430 1326 4486 mille
1359 4431 1484 4487 aliis
1529 4432 1584 4487 in
1640 4434 1777 4490 locis
1807 4443 2063 4499 mortem,

2171 3249 2266 3303 τοῦ
2313 3250 2563 3322 Σωτῆρος
2604 3249 2759 3321 ἡμῶν
2801 3250 3117 3315 ἀνάστασιν,
3171 3249 3309 3302 κατὰ
3349 3248 3447 3320 τὴν
3489 3248 3759 3317 λέγουσαν

2172 3341 2414 3414 Γραιρὴν,
2438 3361 2456 3394 ι
2483 3344 2621 3396 Ὃνὸ
2642 3341 2830 3413 Πατὴρ
2856 3342 3075 3414 ἤγειρεν
3101 3342 3164 3394 ἐκ
3190 3340 3398 3412 νεκρῶν
3419 3357 3434 3406 ;
3469 3360 3488 3391 ι
3528 3340 3677 3393 Ἀντὶ
3697 3338 3759 3393 δὲ

2171 3437 2287 3500 τοῦ,
2319 3455 2337 3488 ι
2363 3436 2608 3507 Σκύμνος
2638 3436 2848 3499 λέοντος
2891 3434 3081 3500 Ἰούδα,
3128 3436 3192 3489 ἐκ
3237 3434 3487 3506 βλαστοῦ,
3516 3433 3601 3487 υἱὲ
3628 3451 3755 3506 μου,

2161 3527 2389 3600 ,ἀνέὅης,
2415 3526 2702 3583 ἀναπεσὼν
2725 3528 3048 3600 ἐκοιμήθης,
3079 3547 3097 3578 ι
3124 3525 3582 3599 ἐμφαντικώτατα
3605 3529 3634 3581 ό
3656 3526 3759 3598 μὲν

2183 3618 2410 3680 Ἀκύλας
2448 3617 2580 3689 φησί
2620 3634 2634 3648 ·
2661 3637 2679 3669 ι
2712 3616 2920 3684 Σκύλαξ
2948 3616 3156 3680 λέοντος
3216 3616 3416 3681 Ἰούδα,
3456 3615 3568 3670 ἀπὸ
3615 3614 3757 3669 ἁλώ-

2174 3727 2309 3773 σεως
2328 3750 2344 3774 ,
2377 3710 2458 3762 υἱέ
2489 3726 2593 3780 μου
2613 3749 2628 3773 ,
2662 3708 2859 3779 ἀνέϐης
2878 3749 2894 3773 ,
2930 3707 3154 3779 κάμψας
3176 3705 3500 3778 κατεκλίθης
3524 3725 3539 3738 σ
3582 3727 3603 3760 ι
3640 3706 3672 3760 ό
3693 3707 3756 3760 δὲ

2171 3799 2461 3871 Σύμμαχός
2496 3814 2663 3870 φησι·
2712 3817 2730 3850 ι
2766 3798 3011 3868 Σκύμνος
3041 3797 3253 3862 λέοντος
3292 3795 3497 3862 Ἰούδα,
3545 3798 3611 3851 ἐκ
3658 3795 3758 3868 θη-

2172 3890 2502 3962 ριαλὼσεως,
2531 3890 2614 3944 υἱὲ
2641 3907 2761 3961 μου,
2791 3889 3008 3961 ἀνέϐης,
3030 3890 3267 3953 ὀκλάσας
3294 3887 3599 3962 ηδράσθης·
3639 3909 3659 3943 ι
3683 3889 3756 3944 δι’

2170 3978 2245 4037 ὧν
2277 3984 2463 4053 σαφῶς
2490 3984 2819 4056 παρίσταται
2849 3984 2884 4054 ἡ
2918 3984 2983 4036 ἐκ
3003 3982 3209 4055 νεκρῶν
3233 3982 3527 4046 ἀνάστασις
3547 4023 3564 4046 ,
3594 3983 3688 4038 καὶ
3718 3985 3757 4055 ἠ

2170 4077 2229 4144 ἐξ
2259 4077 2413 4149 ᾅδου,
2443 4077 2631 4148 ὥσπερ
2662 4075 2727 4130 ἐκ
2749 4091 2895 4140 τινος
2925 4073 3310 4147 θηριαλὼσεως
3332 4117 3347 4139 ,
3376 4074 3468 4129 τοῦ
3497 4075 3759 4148 Σωτῆρος

2170 4168 2326 4241 ἡμῶν
2355 4169 2632 4240 ἀποφυγή.
2660 4168 2733 4222 Τὸ
2758 4168 2815 4222 δὲ
2843 4167 3094 4230 ὀκλάσαι,
3120 4168 3213 4220 καὶ
3234 4166 3581 4238 ἑδρασθῆναι,
3617 4167 3757 4223 ἀλλὰ

2172 4261 2247 4335 μὴ
2272 4263 2621 4324 καταπεσεῖν,
2653 4257 2788 4331 ὁμοῦ
2811 4259 2903 4313 τὸν
2928 4258 3157 4313 θάνατον
3177 4258 3341 4325 ἔδειξε
3361 4256 3449 4312 διὰ
3470 4257 3568 4312 τοῦ
3588 4258 3756 4314 όκλάο

2170 4363 2260 4399 σαι
2285 4362 2298 4376 ο
2345 4345 2440 4399 καὶ
2471 4345 2532 4398 τὸ
2575 4345 2649 4416 μὴ
2702 4341 3040 4415 ύποσυρῆναι
3085 4340 3287 4414 ὁμοίως
3324 4344 3446 4405 ταῖς
3492 4341 3603 4399 τῶν
3641 4341 3758 4396 λοι-

2168 4438 2288 4494 πῶν
2334 4436 2633 4510 ἀνθρώπων
2680 4436 2913 4507 ψυχαῖς,
2963 4434 3049 4488 διὰ
3091 4433 3183 4487 τοῦ
3228 4433 3517 4506 ἠδράσθαι.
3564 4432 3758 4488 Ταῦτα

469 4521 877 4597 ,ιιοιτιιίιὶοηεηι
946 4535 1313 4592 somnumque
1363 4521 1618 4591 appellat.
1667 4521 1804 4579 illud
1852 4533 2059 4591 autem,

2175 4532 2269 4603 μὲν
2336 4526 2428 4586 οὖν
2487 4528 2665 4584 πάντα
2726 4526 3091 4599 προαπέκειτο
3148 4524 3224 4597 τῷ
3287 4522 3548 4597 Χριστῷ·
3605 4524 3754 4595 πλὴν

496 4630 520 4668 ι
551 4612 686 4682 Quis
714 4611 975 4670 excitabit
1026 4612 1190 4667 eum?
1228 4632 1247 4666 ›
1277 4612 1344 4669 de
1379 4613 1555 4668 reditu
1584 4614 1705 4684 ejus
1732 4630 1762 4669 a
1796 4624 1973 4673 morte
1993 4616 2064 4671 ad

491 4707 661 4764 vitam
682 4719 808 4762 cum
834 4703 1195 4760 admiratione
1221 4703 1428 4760 dictum
1454 4713 1560 4762 est.
1589 4704 1648 4761 Si
1675 4706 1895 4778 quidem
1923 4710 2069 4766 exci-

493 4799 719 4855 tandum
749 4796 819 4851 ad
848 4796 1014 4852 vitam
1041 4796 1193 4851 illum
1219 4796 1379 4868 plane
1407 4797 1576 4865 novit,
1602 4799 1696 4872 qui
1725 4800 1800 4855 ait
1828 4816 1841 4853 :
1874 4818 1892 4852 ι
1928 4800 2063 4868 Quis

490 4895 749 4951 excitabit
789 4893 1008 4966 ipsum?
1049 4910 1069 4946 ι
1096 4907 1220 4949 cum
1254 4893 1611 4951 admiratione
1649 4911 1783 4952 vero
1831 4897 2068 4953 interro—

491 4998 603 5059 gat,
634 4990 886 5062 quisnam
918 4988 1024 5044 hoc
1053 4986 1304 5043 facturus
1334 4988 1406 5043 sit
1443 4997 1608 5060 atque
1655 4990 1809 5045 illum
1846 4991 2057 5047 excita-

490 5091 669 5145 turus,
710 5089 771 5137 ut
817 5082 899 5138 sic
939 5096 1045 5138 nos
1072 5080 1139 5135 ad
1179 5081 1530 5152 quaerendum
1565 5082 1776 5146 invitet.
1806 5086 2062 5156 quisnam

492 5172 580 5227 hic
607 5173 703 5237 sit,
727 5173 821 5243 qui
853 5172 1145 5228 Dominum
1189 5182 1438 5229 nostrum
1469 5183 1590 5243 post
1623 5184 1933 5246 susceptam
1963 5192 2063 5248 pro

489 5265 651 5322 nobis
699 5272 931 5321 mortem
972 5280 1006 5320 a
1051 5272 1228 5322 morte
1259 5266 1332 5322 sit
1372 5274 1729 5323 revocaturus
1758 5268 1825 5323 ad
1872 5269 2060 5326 vitam.

490 5356 627 5424 Quis
662 5372 824 5429 porro
846 5357 937 5413 hic
967 5357 1043 5414 sit
1067 5357 1208 5414 alius
1238 5374 1404 5430 quam
1435 5360 1678 5416 universi
1722 5359 1869 5417 Deus
1900 5371 1955 5418 et
1986 5361 2057 5417 il-

490 5449 599 5505 lius
629 5450 806 5523 ipsius
832 5449 1012 5516 Pater,
1047 5449 1135 5506 cui
1164 5450 1268 5505 soli
1312 5450 1609 5507 tribuenda
1640 5461 1726 5509 est
1754 5452 2058 5512 Salvator-is

488 5546 664 5601 nostri
696 5546 751 5600 in
782 5544 941 5599 vitam
982 5543 1277 5607 restitutio,
1312 5543 1455 5599 sicut
1486 5544 2064 5617 Scripturatestitlca-

485 5647 598 5702 tur,
625 5653 748 5708 qua:
768 5637 865 5701 ait,
895 5654 910 5687 ι
942 5634 1112 5702 Quem
1144 5634 1306 5692 Pater
1329 5637 1613 5696 suscitavit
1642 5655 1672 5696 a
1699 5640 1928 5697 mortuis
1940 5640 2062 5694 “?i

557 5749 605 5783 ³⁸
643 5746 744 5803 Gal
800 5763 850 5809 ι,
886 5747 937 5804 l.
994 5748 1012 5803 1
1047 5745 1242 5802 Thess.
1275 5762 1334 5813 ι,
1369 5747 1461 5807 10.

2168 4624 2275 4688 ἕως
2324 4622 2535 4678 οὐδέπω
2598 4620 2784 4685 τέλους
2837 4618 3097 4690 ἐτύγχανε
3116 4658 3132 4683 ,
3185 4616 3246 4670 τὸ
3309 4615 3580 4671 Ἰουδαίων
3625 4632 3759 4670 συν-

2168 4720 2410 4793 ειστήκει
2442 4717 2591 4775 ἔθνος
2613 4759 2629 4781 ,
2666 4716 2827 4771 καὶοί
2861 4713 2922 4780 ἐξ
2945 4712 3123 4768 αὐτῶν
3160 4711 3420 4785 ἄρχοντες
3461 4711 3558 4763 καὶ
3584 4709 3760 4781 ἡγού-

2173 4824 2343 4881 μενοι,
2392 4807 2448 4861 οῖ
2495 4823 2555 4861 τε
2611 4803 3089 4877 ἐξακριὸαξόμενοι
3149 4799 3249 4865 τὰς
3302 4799 3453 4864 θείας
3509 4797 3759 4863 συνετῶς

2169 4901 2298 4972 περὶ
2319 4897 2411 4952 τοῦ
2447 4895 2682 4971 Χριστοῦ
2719 4893 3053 4967 προφητείας
3097 4891 3390 4964 διέπρεπον
3436 4891 3495 4943 ἐν
3540 4889 3755 4953 αὐτοῖς.

2181 4993 2331 5047 Ἐπεὶ
2354 4992 2412 5046 δέ
2440 4989 2666 5064 ἐλήλυθε
2693 4990 2762 5044 τὰ
2793 4987 3128 5058 ἀποκείμενα
3154 4983 3234 5056 τῷ
3269 4981 3458 5054 Ἰούδᾳ,
3487 4982 3663 5052 ἐφάνη
3684 4997 3757 5034 τε

2171 5086 2264 5140 ἐπὶ
2299 5086 2403 5157 γῆς
2430 5086 2459 5139 ό
2493 5083 2963 5156 προφητευόμενος
2995 5080 3060 5133 ἐκ
3109 5076 3425 5150 σπέρματος
3474 5074 3571 5128 καὶ
3623 5072 3764 5144 βλα-

2174 5175 2297 5230 στοῦ
2324 5176 2609 5247 γενόμενος
2638 5172 2733 5227 τοῦ
2760 5171 2932 5227 ταῦτα
2951 5167 3352 5229 τεθεσπικότος,
3378 5161 3664 5218 ἀναπεσὼν
3683 5178 3762 5217 τε

2171 5269 2266 5324 καὶ
2293 5267 2597 5340 κοιμηθεὶς,
2629 5267 2663 5339 ἢ
2698 5264 2932 5329 ὀκλάσας
2963 5260 3105 5316 κατά
3133 5260 3225 5313 τὸν
3247 5257 3562 5329 Σύμμαχον,
3581 5255 3762 5327 ηδρά-

2174 5361 2277 5434 σθη
2305 5362 2401 5417 καὶ
2422 5359 2717 5433 ἀνηγέρθη,
2742 5358 2843 5422 τὰς
2867 5358 3053 5429 χεῖρας
3074 5351 3238 5436 αὐτοῦ
3268 5349 3410 5407 κατά
3434 5347 3606 5404 νώτου
3636 5346 3766 5403 τῶν

2164 5454 2412 5527 ἀοράτων
2443 5455 2538 5508 καὶ
2569 5451 2774 5524 νοητῶν
2807 5446 3016 5523 ἐχθρῶν
3045 5436 3318 5500 ἐπιϐαλών
3336 5459 3350 5473 ο
3375 5443 3431 5496 οῖ
3447 5459 3508 5496 τε
3526 5440 3767 5510 ἀδελφαὶ

2166 5546 2332 5604 αὐτοῦ
2370 5547 2465 5602 καὶ
2501 5545 2742 5619 μαθηταὶ
2774 5544 3039 5617 πρότερον
3083 5535 3430 5602 ἐπαινοῦντες
3462 5535 3623 5591 αὐτὸν
3652 5535 3770 5591 καὶ

2169 5638 2558 5713 θαυμάζοντες,
2579 5638 2704 5694 ύστε
2714 5654 2802 5709 ρον
2825 5635 2919 5690 καλ.
2943 5635 3018 5699 ὡς
3040 5632 3172 5687 Θεὸν
3197 5629 3555 5703 ὡμολόγησαν
3582 5623 3773 5691 εἶναι,
