4106 6420
351 320 460 380 593

1242 320 1894 379 DEMONSTMTlONlS
1933 324 2389 381 EVANGELICIE
2430 324 2558 382 LIB.
2601 322 2737 388 ,V'Ill.

3513 331 3617 388 593

350 439 450 493 καὶ
478 437 558 503 ὡς
587 438 721 492 Θεὸν
746 436 1155 509 προσεκύνησαν
1174 453 1187 467 ο
1209 438 1507 509 τηνικαῦτα
1542 438 1843 510 ἐπληροῦτο
1871 440 1939 495 τὰ

2046 440 2149 496 Pro
2170 443 2263 496 illo
2288 448 2489 505 autem,
2524 459 2544 493 ι
2574 440 2805 498 Catulus
2834 441 3009 499 leonis
3044 443 3208 508 Juda,
3235 445 3304 501 de
3350 446 3616 517 germine,

350 529 696 601 ἀποκείμενα
724 527 890 600 αύτῷ,
922 527 998 592 ὡς
1026 527 1115 582 διὰ
1132 528 1288 582 τοῦτο
1303 530 1620 601 ἀνειρῆσθαι
1652 532 1732 584 τό·
1761 531 1940 596 «Ἕως

352 623 421 680 ἂν
448 623 582 696 ἔλθῃ
612 622 685 677 τά
710 622 1044 693 ἀποκείμενα
1091 621 1258 693 αὐτῷ.
1291 642 1309 674 ι
1330 623 1420 690 Ἐξ
1462 623 1670 677 ἐκείνου
1716 625 1827 698 γάρ
1859 642 1941 679 τοι

353 714 453 768 καὶ
485 717 568 778 είς
595 714 758 786 δεῦρο
787 714 868 780 είς
893 714 1067 787 πέρας
1110 713 1371 768 ἐλθόντων
1416 715 1521 768 τῶν
1567 716 1942 789 ἀποκειμένων

356 805 529 877 αὐτῷ,
547 806 914 860 διαλελοίπασι
939 807 1035 877 μὲν
1056 806 1105 859 oi
1132 806 1392 878 ἄρχοντες
1413 807 1507 860 καὶ
1532 808 1824 880 ἡγούμενοι
1849 810 1940 863 τοῦ

367 896 640 951 Ἰουδαίων
666 896 871 961 ἔθνους,
901 896 1242 968 κατέστησαν
1272 913 1332 950 τε
1368 897 1460 950 ἐπὶ
1489 897 1732 969 κεφαλῆς
1761 898 1941 954 αὐτῶν

354 988 618 1058 ἄρχοντες
645 987 833 1052 ἐθνῶν,
859 987 1092 1060 ἔμπαλιν
1124 988 1184 1041 δὲ
1213 987 1281 1041 τὰ
1308 988 1434 1061 ἔθνη
1456 990 1547 1044 τὸν
1568 990 1801 1062 Χριστὸν
1820 993 1944 1046 ὲπι-

355 1082 555 1152 γνόντα
601 1080 698 1135 τοῦ
747 1079 905 1145 Θεοῦ,
938 1080 1100 1136 αὐτὸν
1152 1082 1531 1154 ἐπεγράψαντο
1579 1082 1808 1156 Σωτῆρα
1851 1083 1946 1138 καὶ

356 1174 711 1246 προσδοκίαν.
744 1172 899 1228 Μετά
949 1172 1122 1227 ταῦτα
1176 1175 1351 1229 πάντα
1404 1174 1714 1245 ὲπιλέγεται
1734 1193 1749 1206 ο
1806 1194 1825 1228 ι
1850 1179 1946 1229 Δε-

356 1266 581 1337 σμεύων
613 1265 748 1338 πρὸς
772 1266 1014 1337 ἄμπελον
1039 1268 1131 1321 τὸν
1163 1267 1340 1322 πῶλον
1373 1266 1562 1333 αὑτοῦ,
1592 1267 1687 1322 καί
1710 1270 1777 1339 τῇ
1804 1267 1947 1322 ἕλικι

360 1358 427 1410 τὸ
457 1355 751 1426 ὑποζύγιον
776 1358 876 1429 τῆς
902 1357 1024 1412 δνου
1054 1358 1240 1426 αὐτοῦ,
1270 1359 1461 1414 πλυνεῖ
1480 1360 1538 1412 ἐν
1559 1357 1688 1430 οἴνῳ
1709 1359 1805 1431 τὴν
1828 1377 1947 1413 στο-

355 1448 457 1520 λὴν
488 1446 675 1512 αὑτοῦ,
709 1449 804 1502 καὶ
848 1450 905 1502 εν
946 1448 1137 1520 αἵματι
1187 1450 1466 1519 σταφυλῆς
1503 1450 1604 1521 τὴν
1650 1448 1945 1521 περιϐολὴν

353 1540 547 1594 αὑτοῦ.
583 1541 881 1612 Χαροποιοὶ
903 1544 952 1594 οί
981 1542 1248 1613 ὀφθαλμοὶ
1292 1540 1457 1596 αὑτοῦ
1505 1541 1614 1595 ἀπὸ
1657 1543 1822 1608 οἴνου,
1852 1543 1946 1595 καὶ

355 1628 546 1683 λευκοὶ
589 1631 638 1683 οί
685 1630 896 1694 ὀδόντες
951 1630 1117 1684 αὐτοῦ
1246 1631 1406 1701 γάλα.
1442 1651 1461 1684 ι
1494 1631 1833 1685 Αίνίττεσθαι
1890 1631 1947 1685 δὲ

354 1720 602 1792 ἠγοῦμαι
653 1721 744 1776 διά
791 1722 997 1776 τούτων
1025 1722 1116 1777 τὸν
1151 1723 1249 1795 μὲν
1294 1722 1471 1779 πῶλον
1511 1723 1674 1777 αὑτὸν
1704 1723 1797 1777 τὸν
1835 1723 1945 1776 τῶν

2055 534 2125 587 Illi
2160 532 2253 600 mi,
2283 532 2603 597 ascendisti,
2632 532 2960 591 recumbens
3005 534 3339 601 dormivisti,
3389 556 3409 590 ι
3446 536 3617 608 signi-

2044 622 2301 679 ﬁcantius
2331 621 2526 693 Aquila
2575 624 2846 679 convertit
2878 644 2891 679 :
2935 643 2955 677 ι
2992 624 3219 683 Catulus
3253 626 3427 682 leonis
3454 626 3616 693 Juda,

2043 715 2112 771 de
2139 722 2395 786 captura,
2427 714 2501 769 ﬁli
2529 714 2625 779 mi,
2654 716 2974 780 ascendisti,
3002 732 3126 771 cum
3150 715 3396 775 ﬂexisses
3424 718 3620 774 cubui»

2045 809 2147 875 sti;
2187 827 2207 860 ι
2239 807 2601 879 Symmachus
2631 815 2834 871 autem,
2880 827 2897 859 ι
2931 807 3180 873 Catulus,
3220 810 3418 880 inquit,
3446 809 3619 866 leonis

2048 897 2209 963 Juda,
2236 899 2303 954 de
2336 898 2573 955 ferarum
2607 909 2856 969 captura,
2882 900 2956 954 ﬁli
2979 901 3074 962 mi,
3117 902 3435 968 ascendisti,
3470 902 3624 972 geni-

2047 991 2152 1046 bus
2181 990 2336 1047 ﬂexis
2365 990 2722 1048 conﬁrmatus
2753 1006 2848 1057 es;
2890 1012 2907 1044 ι
2950 1007 3015 1047 ex
3057 993 3256 1062 quibus
3291 992 3471 1048 verbis
3500 993 3618 1063 pla-

2048 1082 2276 1138 nissime
2308 1090 2533 1154 apparet
2566 1082 2685 1154 ipsa
2712 1082 2781 1136 de
2811 1090 2985 1139 morte
3015 1083 3083 1138 ad
3121 1083 3288 1138 vitam
3320 1084 3619 1151 restitutio,

2044 1184 2100 1233 et
2135 1177 2205 1231 ab
2232 1178 2425 1234 inferis
2456 1179 2623 1235 veluti
2652 1193 2682 1231 a
2709 1178 2950 1248 quadam
2985 1176 3223 1234 ferarum
3253 1187 3479 1249 captura
3505 1177 3620 1234 Sal-

2047 1269 2257 1325 vatoris
2306 1270 2479 1326 nostri
2525 1272 2731 1327 evasio.
2762 1269 2920 1337 Quod
2964 1286 3096 1327 vero
3138 1272 3289 1327 illum
3336 1272 3534 1328 dixerit
3564 1281 3620 1329 et

2047 1374 2226 1430 genua
2259 1359 2475 1416 ﬂexisse
2514 1372 2567 1417 et
2601 1362 2984 1417 conﬁrmatum
3014 1376 3155 1430 esse,
3186 1378 3295 1418 non
3319 1370 3499 1419 autem
3529 1379 3623 1420 ce-

2045 1452 2269 1517 cidisse,
2303 1453 2358 1507 in
2395 1467 2461 1509 eo
2492 1453 2709 1523 quidem
2739 1453 2880 1523 quod
2908 1467 3084 1524 genua
3122 1451 3352 1517 ﬂexerit,
3391 1462 3618 1509 mortem

2046 1546 2265 1600 interim
2292 1544 2722 1613 demonstravit;
2750 1545 2894 1616 quod
2934 1553 3112 1600 autem
3141 1545 3212 1600 sit
3241 1528 3617 1610 conﬁrmatus,

2047 1651 2157 1690 non
2200 1641 2476 1705 raptatum
2519 1649 2642 1690 esse
2674 1650 2827 1690 more
2862 1633 3094 1688 aliarum
3124 1633 3453 1689 animarum.
3493 1633 3621 1691 Hac

2048 1728 2212 1800 igitur
2240 1727 2424 1782 omnia
2459 1726 2678 1782 Christo
2706 1725 2858 1797 prius
2886 1727 3126 1796 reposita
3159 1732 3338 1789 erant,
3372 1741 3495 1797 quae
3543 1735 3624 1781 ta-

356 1812 675 1867 ἀποστόλων
703 1815 798 1868 καὶ
834 1814 1090 1888 μαθητῶν
1129 1813 1223 1870 τοῦ
1258 1815 1511 1888 Σωτῆρος
1551 1814 1709 1887 ἡμῶν
1747 1815 1905 1888 χορόν
1926 1831 1940 1844 ·

2050 1836 2172 1875 men
2199 1819 2460 1890 quamdiu
2484 1818 2643 1873 ﬁnem
2670 1834 2829 1874 suum
2848 1826 3142 1873 consecuta
3166 1833 3273 1872 non
3305 1824 3454 1883 sunt,
3478 1826 3621 1874 tam-

354 1904 459 1975 τὴν
492 1904 550 1958 δὲ
596 1906 838 1977 ἄμπελον
866 1908 924 1961 ἐν
1012 1908 1103 1961 τὸν
1132 1908 1310 1963 πῶλον
1356 1907 1679 1980 προσέδησε,
1711 1908 1809 1980 τὴν
1857 1907 1944 1963 ἒν-

357 1992 485 2047 θεον
531 1994 626 2047 καὶ
662 1995 894 2067 ἀόρατον
924 1997 1088 2051 αὑτοῦ
1109 1998 1357 2070 δύναμιν,
1385 1999 1452 2071 ἢν
1485 1999 1646 2063 αὐτὸς
1678 1998 1947 2071 παριστὰς

342 2084 630 2149 ἐδίδασκε,
662 2086 833 2156 λέγων
853 2104 866 2118 ·
891 2107 911 2140 ι
935 2087 1075 2158 Ἐγώ
1118 2093 1233 2162 είμι
1265 2093 1299 2163 ἡ
1333 2091 1576 2163 ἄμπελος
1616 2094 1649 2163 ἠ
1695 2090 1943 2164 ἀληθινὴ,

358 2179 390 2230 δ
411 2178 608 2251 Πατήρ
644 2197 743 2251 μου
770 2183 799 2235 ὁ
831 2184 1076 2253 γεωργός
1107 2183 1277 2237 ἐστιν.
1310 2184 1492 2251 »Ἔλιξ
1524 2184 1581 2237 δὲ
1625 2184 1727 2255 τῆς
1769 2184 1948 2255 ἀμπέ-

359 2270 457 2323 λου
496 2272 596 2343 τῆς
643 2273 994 2346 ἀποδοθείσης
1025 2276 1107 2347 εἴη
1140 2275 1206 2329 ἂν
1233 2278 1265 2347 ἡ
1290 2275 1384 2330 τοῦ
1415 2276 1550 2330 Θεοῦ
1584 2277 1757 2346 Λόγου
1801 2276 1945 2331 διδα-

364 2362 583 2427 σκαλία,
613 2365 671 2417 ἐν
795 2366 889 2420 τὸν
938 2368 1119 2422 πῶλον
1163 2370 1263 2440 τῆς
1304 2368 1425 2422 ὅνου
1474 2368 1824 2441 κατεδήσατο,
1854 2370 1946 2423 τὸν

361 2454 483 2508 νέον
514 2454 577 2520 ἐξ
604 2456 772 2510 ἐθνῶν
800 2457 947 2521 λαὸν,
968 2461 1210 2532 γέννημα
1231 2459 1566 2530 τυγχάνοντα
1587 2461 1693 2514 τῶν
1720 2462 1949 2515 ἀποστό-

363 2545 473 2599 λων
514 2548 700 2603 αύτοῦ.
736 2550 892 2604 Εἴποι
919 2551 965 2605 δ’
995 2552 1062 2606 ἀν
1085 2569 1171 2616 τις
1203 2554 1298 2606 καὶ
1322 2553 1458 2624 πρὸς
1494 2551 1639 2617 λέξιν
1663 2552 1834 2606 ταῦτα
1860 2553 1949 2606 τέ-

364 2637 491 2704 λους
528 2643 907 2713 τετυχηκέναι,
935 2645 1025 2698 ὅτε
1081 2644 1221 2698 κατά
1270 2645 1361 2699 τὸν
1417 2645 1696 2699 Ματθαῖον
1741 2641 1892 2700 εἶπεν
1918 2648 1947 2701 ό

365 2731 572 2803 Κύριος
602 2737 716 2798 τοῖς
753 2736 946 2789 ἑαυτοῦ
987 2737 1288 2810 μαθηταῖς·
1338 2756 1357 2789 ι
1391 2736 1695 2811 Πορεύεσθε
1739 2740 1820 2802 είς
1847 2737 1947 2809 τὴν

366 2824 652 2880 κατέναντι
681 2828 711 2880 ὑ
719 2827 833 2899 μῶν
858 2826 1070 2901 κώμην,
1098 2832 1192 2884 καὶ
1218 2830 1419 2894 εὐθέως
1442 2832 1701 2903 εὑρήσετε
1721 2831 1839 2885 δνον
1861 2829 1947 2883 δε-

365 2914 621 2988 δεμένην,
654 2920 749 2972 καὶ
796 2919 973 2975 πῶλον
1026 2923 1143 2993 μετ’
1167 2921 1369 2993 αὐτῆς⁸
1407 2922 1667 2986 λύσαντες
1713 2922 1947 2991 ἀγάγετὲ

371 3026 483 3079 μοι.
517 3029 537 3063 ι
574 3012 685 3065 Καὶ
717 3012 832 3066 ἐστι
856 3030 920 3082 γε
939 3013 1155 3087 ἀληθῶς
1174 3014 1251 3086 τῷ
1269 3015 1412 3086 λόγῳ
1433 3017 1797 3087 ἐπιστήσαντα
1816 3016 1950 3068 ἀπο-

365 3101 647 3175 θαυμάσαι
696 3105 795 3176 τὴν
839 3105 934 3160 τοῦ
976 3108 1254 3180 προφήτου
1307 3108 1633 3182 πρόρρησιν,
1685 3106 1765 3179 τῷ
1820 3106 1949 3180 θείῳ

364 3168 644 3266 Πνεύματι
675 3168 1200 3269 προτεθεωρηκότος,
1240 3201 1322 3252 ὅτι
1352 3168 1429 3271 ’δῆ
1454 3168 1785 3271 μελλήσείὸ
1818 3168 1951 3273 προί
1976 3168 2018 3223 C

367 3287 754 3358 φητευόμενος,
784 3290 881 3359 οὐχ
912 3284 1002 3343 οἷά
1032 3308 1114 3354 τις
1142 3290 1381 3357 ἐπίδοξος
1422 3294 1480 3345 ἐν
1513 3290 1820 3366 ἀνθρώποις
1854 3293 1948 3364 βα-

367 3377 570 3442 σιλεὺς,
604 3378 689 3447 ἐφ’
717 3380 976 3451 ἁρμάτων
1005 3382 1098 3434 καὶ
1125 3382 1307 3437 ἵππων
1335 3382 1654 3455 όχήσεσθαι,
1690 3384 1825 3438 ἀλλὰ
1859 3386 1950 3439 ἐπὶ

364 3468 490 3522 δνου
520 3471 614 3525 καὶ
642 3470 840 3538 πώλου,
872 3468 962 3528 οἷά
986 3490 1070 3538 τις
1099 3474 1208 3528 τῶν
1239 3474 1446 3529 πολλῶν
1477 3477 1653 3541 κοινὸς
1690 3476 1830 3548 ἀνὴρ
1856 3479 1950 3532 καὶ

367 3560 558 3633 πένης.
589 3563 759 3617 Τοῦτο
802 3564 912 3635 γὰρ
951 3566 1043 3618 καὶ
1095 3565 1254 3630 ἄλλος
1301 3568 1594 3639 προφητῶν
1645 3568 1946 3640 ἐθαύμασε,

366 3654 545 3723 φήσας
565 3668 576 3678 ’
615 3674 633 3705 ι
663 3656 835 3727 Χαῖρε
871 3656 1092 3727 σφόδρα,
1135 3657 1372 3730 θύγατερ
1398 3657 1560 3724 Σιὼν,
1594 3659 1703 3713 ἰδοὺ
1732 3659 1761 3712 ό
1795 3660 1947 3731 βασι-

364 3739 494 3805 λεύς
532 3757 624 3794 σου
665 3741 882 3813 ἔρχεταί
910 3760 991 3798 σοι
1024 3747 1221 3818 πρᾶος,
1245 3748 1589 3818 ἐπιϐεϐηκὼς
1622 3751 1714 3803 ὲπὶ
1748 3750 1948 3814 ὑποζύ-

366 3849 488 3901 γιον
531 3835 627 3888 καὶ
674 3835 853 3890 πῶλον
880 3838 1022 3892 νέον.
1054 3858 1072 3890 ι
1111 3839 1185 3893 Τὸ
1221 3840 1299 3905 δὲ,
1339 3859 1357 3891 ι
1389 3828 1586 3896 Πλυνεῖ
1615 3844 1672 3897 ἐν
1694 3842 1823 3913 οἴνῳ
1846 3844 1946 3913 τὴν

369 3926 560 3999 στολὴν
585 3928 770 3993 αὑτοῦ,
804 3930 901 3984 καὶ
937 3932 995 3983 ὲν
1024 3931 1213 4002 αἵματι
1236 3934 1512 4005 σταφυλῆς
1532 3934 1630 4006 τὴν
1656 3934 1948 4008 περιϐολὴν

367 4019 555 4085 αὐτοῦ,
586 4040 606 4072 ι
644 4022 838 4091 σκέψαι
871 4024 967 4077 καὶ
980 4023 1153 4097 μύτὸς
1187 4026 1397 4095 μήποτε
1430 4025 1506 4090 ὡς
1534 4027 1592 4081 ὲν
1616 4028 1948 4101 ἀπορρήτοις

367 4112 431 4165 τὸ
465 4114 724 4183 μυστικὸν
752 4112 1047 4168 αἰνίττεται
1078 4115 1250 4179 πάθος
1279 4116 1465 4183 αὐτοῦ,
1496 4119 1553 4171 ὲν
1573 4112 1616 4186 ᾧ
1634 4118 1732 4190 τὴν
1757 4119 1948 4191 στολὴν

367 4204 536 4259 αὑτοῦ
573 4206 669 4259 καὶ
712 4206 774 4259 τὸ
819 4207 1165 4278 περιϐόλαιον
1205 4207 1479 4262 ἀπέπλυνε
1520 4209 1749 4282 λουτρῷ,
1780 4211 1848 4265 δι’
1886 4206 1948 4268 οὗ

363 4296 476 4350 τῶν
504 4298 585 4361 είς
620 4298 781 4351 αὐτὸν
813 4299 1254 4354 πεπιστευκότων
1288 4300 1619 4356 ἀποπλύνειν
1645 4302 1715 4357 τά
1741 4304 1947 4359 παλαιὰ

367 4392 516 4464 ρύπη
537 4392 810 4463 δηλοῦται.
841 4393 939 4446 Διά
960 4393 1070 4465 γὰρ
1096 4391 1190 4446 τοῦ
1215 4383 1387 4459 οἴνου,
1401 4394 1538 4466 ὅπερ
1560 4390 1629 4467 ῆν
1653 4395 1748 4449 τοῦ
1783 4396 1948 4468 αἵμα-

2047 1913 2139 1968 diu
2164 1911 2393 1967 Judaica
2423 1928 2557 1983 gens
2591 1914 2760 1975 stetit,
2786 1910 3211 1982 Judmorumque
3247 1912 3523 1983 principes
3556 1926 3621 1968 ac

2046 2006 2235 2065 duces.
2259 2005 2628 2076 exquisitique
2650 2020 2715 2059 ac
2738 2007 3014 2075 sapientes
3037 2003 3347 2059 divinorum
3376 2003 3441 2059 de
3462 2003 3622 2063 Chri—

2048 2107 2131 2153 sto
2166 2098 2517 2153 oraculorum
2565 2099 2893 2167 interpretes
2934 2096 3076 2168 apud
3114 2098 3266 2167 ipsos
3299 2095 3623 2152 ﬂoruerunt.

2045 2188 2211 2260 379
2228 2187 2524 2259 Postquam
2554 2198 2734 2243 autem
2772 2199 3041 2244 venerunt
3069 2203 3191 2257 qua:
3215 2186 3316 2257 ipsi
3338 2185 3491 2242 Inda:
3536 2202 3625 2243 rec-

2047 2284 2221 2353 posita
2250 2289 2430 2348 erant,
2464 2290 2581 2336 tum
2622 2282 2669 2336 is
2704 2282 2756 2336 in
2802 2288 2949 2336 terra
2978 2288 3063 2338 est
3091 2282 3266 2343 visus,
3298 2280 3391 2351 qui
3422 2296 3453 2334 a
3496 2294 3625 2350 pro-

2048 2376 2224 2448 phetis
2270 2375 2451 2432 dictus
2498 2385 2615 2432 erat
2654 2376 2722 2431 de
2772 2374 2981 2431 semine
3030 2389 3096 2429 ac
3140 2374 3311 2445 stirpe
3355 2373 3497 2443 ejus,
3528 2373 3623 2443 qui

2047 2467 2162 2522 haec
2203 2467 2542 2523 divinaverat
2579 2467 2846 2531 oriturus,
2892 2464 3330 2535 recumbensque
3368 2478 3432 2518 ac
3471 2463 3622 2533 sopi-

2049 2567 2156 2623 tus,
2192 2559 2297 2625 vel,
2332 2567 2392 2614 ut
2419 2560 2495 2614 ait
2523 2558 2908 2631 Symmachus,
2944 2576 2963 2610 ι
2997 2558 3226 2628 genibus
3253 2556 3405 2612 ﬂexis
3435 2575 3455 2609 ι
3493 2571 3625 2611 con-

2050 2656 2298 2709 firmatus
2336 2662 2421 2710 est
2453 2664 2506 2709 et
2535 2654 2793 2717 surrexit,
2827 2653 3084 2707 manibus
3117 2652 3172 2707 in
3193 2661 3406 2722 tergum
3434 2648 3624 2706 invisi-

2049 2747 2237 2803 bilium
2270 2755 2430 2818 atque
2461 2745 2883 2818 intelligibilium
2913 2744 3155 2800 hostium
3189 2744 3429 2813 injectis,
3473 2742 3628 2812 ejus-

2048 2854 2153 2908 que
2185 2837 2383 2895 fratres
2409 2853 2471 2893 ac
2501 2836 2755 2908 discipuli
2779 2844 2938 2891 antea
2969 2836 3121 2890 illum
3145 2834 3432 2890 laudantes
3459 2841 3627 2904 atque

2050 2929 2404 2995 admirantes,
2460 2937 2583 3001 post
2610 2928 2701 2984 ubi
2767 2927 2938 2982 Deum
2986 2942 3110 2983 esse
3156 2925 3396 2982 confessi
3457 2934 3620 2989 sunt,

2049 3022 2213 3077 etiam
2267 3030 2325 3076 ut
2372 3020 2542 3077 Deum
2593 3020 2976 3082 adoraverunt,
3018 3025 3132 3072 tum
3182 3033 3311 3073 vero
3360 3017 3452 3071 illa
3502 3016 3628 3086 ipsa

2053 3116 2320 3186 completa
2352 3122 2500 3179 sunt,
2552 3127 2674 3183 quae
2713 3111 2817 3182 ipsi
2871 3110 3110 3181 reposita
3162 3120 3337 3173 erant,
3394 3117 3454 3163 ut
3494 3123 3623 3180 pro-

2052 3217 2167 3276 pter
2195 3207 2297 3263 hoc
2328 3206 2459 3261 illud
2497 3205 2770 3265 redditum
2802 3203 2874 3260 sit
2906 3203 3187 3258 oraculum
3214 3222 3227 3257 :
3259 3222 3278 3254 ι
3309 3202 3491 3258 Donec
3536 3216 3622 3257 ve-

2048 3298 2203 3352 niant
2231 3313 2353 3369 qua:
2385 3296 2623 3368 reposita
2671 3303 2799 3351 sunt
2846 3294 2971 3365 ipsi.
3007 3312 3027 3346 ι
3061 3292 3198 3347 Cum
3244 3292 3388 3347 enim
3428 3307 3495 3347 ex
3527 3290 3623 3346 illo

2049 3391 2116 3447 ad
2155 3392 2303 3446 hunc
2343 3405 2520 3461 usque
2551 3390 2717 3453 diem,
2761 3403 2824 3442 ea
2868 3402 2989 3457 qua:
3013 3385 3116 3456 ipsi
3159 3384 3401 3453 reposita
3440 3394 3617 3446 erant,

2048 3484 2117 3540 ad
2158 3482 2318 3538 ﬁnem
2351 3480 2719 3553 pervenerint,
2752 3478 3068 3534 defecerunt
3096 3475 3314 3546 quidem
3344 3474 3621 3546 principes

2047 3591 2112 3630 ac
2156 3573 2325 3629 duces
2351 3572 2685 3638 Judzeorum,
2720 3571 2910 3641 eisque
2962 3585 3129 3640 supra
3169 3574 3334 3639 caput
3376 3566 3615 3640 gentium

2012 3646 2325 3738 oprincipes
2355 3664 2606 3721 collocati
2661 3671 2809 3719 sunt.
2856 3660 2901 3714 Ε
2931 3660 3209 3716 contrario
3253 3668 3435 3715 autem
3486 3661 3618 3730 ipsa:

2048 3769 2240 3830 gentes
2265 3759 2358 3814 ubi
2391 3757 2667 3815 Christum
2704 3756 2796 3813 Dei
2840 3762 3200 3826 agnoverunt,
3229 3754 3383 3808 illum
3418 3752 3525 3808 sibi
3560 3760 3618 3808 et

2049 3850 2384 3907 Salvatorem
2427 3858 2483 3905 et
2531 3850 2998 3920 exspectationem
3041 3848 3437 3918 ascripserunt.
3490 3843 3620 3901 Post

2048 3944 2163 3998 haec
2210 3942 2393 3998 omnia
2438 3942 2572 3997 illud
2626 3942 2986 4013 adjungitur:
3026 3958 3044 3992 ι
3075 3941 3276 4012 Ligans
3327 3938 3397 3994 ad
3451 3940 3618 3995 vitem

2048 4036 2255 4105 pullum
2285 4048 2467 4097 suum,
2497 4041 2550 4090 et
2586 4035 2654 4089 ad
2699 4034 3013 4105 capreolum
3046 4034 3172 4088 vitis
3211 4033 3415 4100 pullum
3448 4032 3616 4089 asinae
3724 4098 3729 4102 _

2048 4138 2180 4187 suae,
2218 4121 2420 4177 lavabit
2452 4123 2507 4177 in
2547 4122 2675 4178 vino
2707 4123 2905 4178 stolam
2956 4137 3134 4187 suam,
3166 4131 3221 4175 et
3255 4123 3311 4175 in
3353 4120 3617 4190 sanguine

2047 4230 2166 4270 uva:
2210 4214 2433 4285 pallium
2467 4229 2648 4279 suum,
2698 4216 2925 4285 gratiosi
2955 4214 3100 4270 oculi
3132 4212 3255 4282 ejus
3298 4228 3328 4267 a
3369 4212 3521 4276 vino,
3563 4219 3616 4266 et

2049 4309 2160 4365 albi
2188 4309 2383 4375 dentes
2407 4308 2530 4378 ejus
2559 4318 2619 4364 ut
2643 4309 2730 4363 lac
2745 4307 2816 4363 ⁸³.
2848 4327 2867 4361 ι
2901 4309 2960 4362 ln
2989 4304 3074 4363 bis
3101 4315 3283 4363 autem
3316 4304 3617 4377 signiﬁcari

2049 4401 2285 4455 arbitror
2341 4414 2438 4471 per
2485 4399 2694 4472 pullum
2737 4399 2977 4470 quidem,
3026 4399 3205 4470 ipsqu
3246 4397 3617 4470 apostolorum

361 4484 654 4571 COCKGD‘IQD
694 4484 991 4556 σύμϐολον,
1016 4486 1143 4549 τοὺς
1180 4487 1259 4549 εἰς
1284 4485 1378 4541 τὸν
1402 4485 1626 4541 θάνατον
1654 4487 1819 4543 αὐτοῦ
1851 4489 1944 4560 βα-

2048 4507 2112 4547 ac
2146 4492 2543 4564 discipulorum
2581 4489 2883 4546 Salvatoris
2912 4489 3092 4545 nostri
3124 4488 3378 4552 chorum,
3412 4501 3508 4558 per
3532 4486 3617 4539 vi-

365 4572 742 4648 πτιζομένους,
776 4577 872 4631 καὶ
913 4577 1007 4631 ἐπὶ
1048 4578 1110 4631 τὸ
1140 4572 1281 4649 αἷμα
1322 4579 1485 4633 αὑτοῦ
1514 4581 1945 4648 πεπιστευκότας

2048 4592 2158 4640 tem
2197 4590 2377 4639 autem
2406 4582 2474 4638 ad
2518 4598 2679 4654 quam
2708 4583 2891 4655 pullus
2921 4589 3007 4638 est
3039 4581 3315 4653 alligatus,
3376 4578 3619 4633 divinam

362 4669 472 4722 τῶν
516 4668 685 4722 πάλαι
730 4668 916 4723 κακῶν
962 4669 1344 4742 ἀποκαθαίρει,
1388 4670 1714 4727 ἀποπλύνων
1767 4673 1944 4729 αὐτῶν

365 4760 463 4815 καὶ
498 4762 836 4833 ἀποσμήχων
865 4759 963 4833 τὴν
992 4759 1231 4815 παλαιὰν
1283 4762 1462 4816 αὐτῶν
1516 4765 1707 4838 στολὴν
1741 4766 1835 4820 καὶ
1881 4765 1943 4820 τὸ

367 4852 712 4925 περιϐόλαιον
734 4869 749 4884 ⁸
784 4852 924 4907 ὥστε
963 4852 1161 4916 αὐτοὺς
1192 4852 1270 4924 τῷ
1296 4855 1463 4925 τιμίῳ
1487 4856 1677 4927 αἵματι
1722 4857 1822 4929 τῆς
1856 4860 1943 4912 ὲν-

365 4946 489 5000 θέου
515 4947 610 5000 καὶ
642 4944 1017 5018 πνευματικῆς
1050 4946 1340 5018 σταφυλῆς,
1370 4948 1449 5020 τῷ
1483 4966 1543 5003 τε
1574 4953 1639 5004 ὲκ
1665 4952 1764 5024 τῆς
1807 4952 1944 5005 ἀπο-

364 5037 609 5109 δοθείσης
640 5039 881 5109 ἀμπέλου
925 5037 1053 5109 οἴνῳ
1072 5037 1532 5111 κλελυτρωμένους
1569 5041 1940 5098 ἀποδύσασθαι

369 5129 466 5199 μὲν
497 5112 597 5183 τὸν
618 5130 847 5184 παλαιὸν
875 5129 1157 5201 ἄνθρωπον
1183 5130 1279 5184 σὺν
1303 5134 1423 5196 ταῖς
1464 5131 1726 5204 πράξεσιν
1753 5132 1937 5201 αὑτοῦ,

367 5219 687 5276 ἐνδύσασθαι
717 5222 776 5275 δὲ
807 5222 897 5275 τὸν
930 5221 1069 5287 νέον,
1101 5222 1192 5277 τὸν
1222 5223 1677 5295 ἀνακαινούμενον
1718 5227 1797 5291 εἰς
1823 5226 1941 5279 ἐπί-

364 5327 564 5379 γνωσιν
607 5313 727 5366 κατ’
755 5313 940 5368 είκόνα
984 5311 1079 5367 τοῦ
1126 5315 1428 5380 κτίσαντος.
1454 5317 1563 5370 Καὶ
1592 5317 1674 5382 τὸ,
1716 5336 1733 5369 ι
1766 5318 1942 5389 Χαρο-

366 5404 509 5456 ποιοὶ
543 5403 708 5457 αὐτοῦ
735 5404 787 5457 οἱ
817 5404 1081 5476 ὀφθαλμοὶ
1105 5406 1213 5461 ἀπὸ
1237 5405 1379 5461 οἴνου
1400 5447 1415 5472 ,
1457 5426 1476 5460 ι
1517 5408 1609 5462 καὶ
1633 5408 1715 5473 τὸ,
1752 5428 1771 5461 ι
1801 5411 1939 5463 Λευ-

364 5494 452 5547 κοὶ
479 5494 528 5546 οί
556 5493 766 5558 ὀδόντες
800 5495 964 5549 αὐτοῦ
991 5496 1025 5567 ᾗ
1057 5497 1218 5565 γάλα,
1248 5516 1267 5549 ι
1300 5497 1459 5551 πάλιν
1494 5499 1819 5572 ἀπορρήτως
1840 5501 1943 5573 τῆς

367 5582 571 5656 Καινῆς
617 5582 710 5638 τοῦ
752 5585 1001 5658 Σωτῆρος
1040 5586 1205 5658 ἡμῶν
1238 5587 1507 5661 Διαθήκης
1554 5589 1623 5644 τὰ
1675 5593 1943 5666 μυστήρια

440 5762 487 5795 ⁸³
519 5761 633 5820 Gen
696 5780 853 5835 XLIX,
894 5765 980 5833 Η,
1016 5766 1103 5822 12.
1176 5768 1226 5801 ⁸⁸
1260 5765 1417 5824 Joan.
1454 5769 1633 5836 xv,‘i.

2046 4675 2492 4746 invisibilemque
2523 4675 2643 4745 ejus
2669 4675 2801 4740 vim,
2836 4688 3001 4746 quam
3040 4674 3160 4745 ipse
3187 4672 3318 4726 dum
3359 4669 3620 4726 ostende-

2045 4779 2148 4833 ret,
2193 4767 2423 4824 docebat
2468 4767 2554 4825 his
2596 4768 2818 4824 verbis:
2850 4776 2869 4820 ι
2907 4765 3021 4840 Ego
3063 4781 3182 4822 sum
3229 4765 3354 4821 vitis
3386 4777 3533 4827 vera,
3562 4767 3618 4816 et

2045 4858 2208 4914 Pater
2254 4875 2410 4915 meus
2450 4859 2690 4930 agricola
2715 4868 2799 4915 est
2821 4858 2890 4915 “.
2922 4878 2941 4911 ι
2985 4857 3242 4929 Ejusdem
3282 4869 3446 4927 porro
3490 4853 3617 4909 vitis

2047 4950 2334 5022 capreolos
2373 4950 2465 5005 Dei
2488 4949 2652 5007 Verbi
2684 4950 2934 5007 doctrina
2957 4948 3167 5013 'fuerit,
3196 4948 3263 5003 ad
3303 4962 3463 5019 quem
3497 4947 3618 5017 pul-

2046 5043 2159 5098 lum
2192 5043 2359 5100 asinae
2390 5060 2504 5100 suae
2531 5044 2795 5115 alligavit,
2831 5043 2926 5114 qui
2954 5041 3171 5114 quidem
3203 5041 3384 5113 pullus
3416 5054 3614 5095 novum

2047 5135 2114 5190 de
2162 5136 2414 5206 gentibus
2459 5136 2738 5207 populum,
2768 5136 2926 5206 quasi
2967 5134 3270 5206 genituram
3321 5129 3614 5202 quamdam

2046 5228 2417 5301 apostolorum
2463 5228 2604 5297 ejus,
2647 5234 2703 5283 et
2727 5228 2934 5300 prolem
2977 5225 3383 5298 signiﬁcaverit.
3414 5222 3617 5277 Possu-

2046 5336 2170 5376 mus
2210 5320 2337 5376 item
2386 5321 2470 5373 vel
2515 5320 2582 5376 ad
2622 5320 2851 5377 verbum
2884 5320 3065 5375 dicere
3098 5318 3213 5374 hz‘ec
3258 5331 3419 5374 suum
3455 5314 3617 5370 ﬁnem

2046 5411 2362 5479 contigisse,
2410 5426 2519 5481 quo
2556 5417 2820 5483 tempore,
2845 5418 2905 5466 ut
2951 5410 3095 5483 apud
3126 5409 3436 5465 Matthzeum
3484 5403 3617 5475 legi»

2050 5508 2158 5569 tur,
2176 5503 2439 5559 Dominus
2455 5502 2591 5558 dixit
2614 5504 2681 5559 ad
2712 5519 2842 5560 suos
2858 5501 3157 5573 discipulos
3177 5519 3193 5554 :
3216 5519 3235 5553 ι
3257 5498 3333 5556 Ite
3345 5501 3400 5554 in
3426 5495 3619 5553 castel-

2049 5596 2161 5651 lum
2203 5596 2349 5668 quod
2381 5605 2571 5653 contra
2602 5610 2698 5653 vos
2728 5604 2841 5664 est,
2876 5604 2930 5652 et
2960 5596 3144 5653 statim
3174 5591 3463 5651 invenietis
3506 5587 3619 5644 asi-
