4106 6420
540 300 646 357 595

1175 307 1444 366 IZUSEBII
1486 306 1966 366 CESARIENSIS
2005 305 2156 362 OPP.
2199 302 2378 359 PARS
2413 302 2475 359 II.
2517 337 2584 344 —-
2613 303 3107 360 APOLOGETICA.

3614 283 3776 365 '596

539 432 665 478 nam
703 419 977 490 alligatam
1007 433 1060 477 et
1097 426 1300 493 pullum
1336 443 1459 481 cum
1493 443 1577 489 ea,
1612 426 1803 483 solvite
1845 435 1898 480 et
1933 423 2083 478 addu

2205 420 2442 493 ἠγοῦμαι
2477 420 2765 491 περιέχειν.
2785 419 2892 490 Τὴν
2922 419 3049 488 γοῦν
3073 415 3406 488 εὐφροσύνην
3426 418 3524 490 τὴν
3549 419 3656 473 ἀπὸ
3671 422 3774 475 τοῦ

539 507 645 564 cite
681 511 810 563 mihi
832 511 901 565 ".
937 531 954 563 ι
997 511 1061 565 Et
1092 529 1224 570 sane
1259 517 1303 570 si
1335 520 1458 586 quis
1499 519 1661 572 verba
1696 517 1984 587 diligenter
2020 523 2100 566 at-

540 599 792 665 tenderit,
840 603 972 672 quin
1015 605 1292 676 propheta:
1335 609 1741 680 pnedictionem
1779 607 2095 668 admiretur,

538 688 716 745 lacere
745 706 853 745 non
886 695 1107 763 poterit,
1133 699 1226 767 qui
1257 697 1443 753 divino
1469 699 1674 770 Spiritu
1711 697 1921 751 amatus
1946 703 2100 748 tanto

535 787 661 834 ante
697 787 1030 852 cognoverit,
1078 803 1201 842 eum
1253 790 1320 844 de
1367 807 1476 859 quo
1517 793 1632 861 ipse
1677 788 2096 852 vaticinabatur.

535 887 646 927 non
693 883 752 927 ut
783 876 1016 946 aliquem
1062 878 1331 936 illustrem
1374 884 1516 952 apud
1549 882 1798 936 homines
1828 894 2007 949 regem
2044 877 2097 930 in

535 965 788 1019 curribus
815 973 869 1020 et
896 969 1052 1038 equis
1095 985 1216 1026 esse
1255 972 1579 1037 vehendum,
1614 972 1708 1028 sed
1755 986 1918 1041 super
1944 970 2097 1024 asina

534 1064 590 1109 et
625 1058 770 1126 pullo
795 1059 1094 1125 sedentem,
1122 1064 1278 1130 quasi
1311 1080 1476 1118 unum
1515 1065 1582 1120 de
1616 1064 1800 1118 multis
1830 1072 1882 1116 et
1912 1061 2096 1130 vulga-

533 1163 644 1201 rem
695 1149 982 1218 quemdam
1036 1153 1307 1208 hominem
1361 1165 1522 1226 atque
1569 1157 1804 1225 inopem.
1857 1153 2094 1222 Idipsum

533 1239 674 1293 alius
723 1257 940 1311 quoque
997 1245 1261 1314 propheta
1317 1255 1401 1302 est
1457 1247 1785 1310 admiratus,
1836 1245 1929 1299 ubi
1980 1245 2091 1297 ait:

529 1329 734 1400 380¢
765 1330 950 1389 Gaude
1003 1336 1386 1404 vehementer,
1449 1341 1558 1393 tilia
1609 1338 1777 1404 Sion,
1822 1353 1949 1394 ecce
1998 1351 2095 1391 rex

530 1427 658 1476 tuus
704 1424 848 1476 venit
880 1425 975 1480 tibi
1017 1439 1356 1492 mansuetus,
1410 1432 1605 1486 sedens
1654 1447 1818 1502 super
1845 1430 2094 1499 jumento

529 1521 582 1565 et
607 1515 754 1582 pullo
785 1517 1131 1576 adolescente
1151 1523 1217 1576 “.
1257 1542 1274 1572 ι
1311 1521 1445 1576 Illud
1488 1531 1691 1588 autem,
1733 1542 1750 1573 ι
1784 1519 2010 1574 Lavabit
2039 1517 2094 1570 in

527 1604 654 1658 vino
712 1608 906 1662 stolam
960 1627 1136 1674 suam,
1181 1624 1234 1670 et
1280 1616 1334 1669 in
1397 1615 1662 1686 sanguine
1709 1629 1826 1668 uva:
1872 1609 2092 1682 pallium

529 1711 707 1762 suum,
745 1718 762 1748 ι
788 1699 930 1762 vide,
973 1718 1176 1771 quarso.
1210 1715 1264 1758 tu
1297 1720 1532 1775 quoque,
1578 1721 1646 1759 ne
1673 1703 1912 1774 quando,
1949 1707 2007 1752 ut
2038 1697 2092 1750 in

2204 511 2463 583 μυστικοῦ
2495 513 2657 576 οἴνου,
2687 507 2747 565 οὗ
2794 510 3167 581 παραδέδωκεν
3212 509 3372 572 αὐτὸς
3418 513 3533 573 τοῖς
3577 512 3769 567 ἑαυτοῖι⁴

2205 602 2494 675 μαθηταῖς,
2526 603 2716 671 λέγων,
2752 622 2768 652 ι
2799 602 3025 667 Λάϐετε,
3067 601 3407 666 πίετε,τοῦτό
3435 621 3536 674 μου
3561 605 3673 657 ἐστι
3707 605 3771 657 τὸ

2199 691 2357 767 αἷμα,
2386 696 2446 748 τὸ
2493 697 2632 767 ὑπὲρ
2664 695 2815 766 ὑμῶν
2848 697 3224 766 ἐκχυνόμενον,
3258 698 3338 760 είς
3369 697 3558 766 ἄφεσιν
3591 699 3777 768 ἁμαρ-

2198 787 2349 840 τιῶν.
2377 784 2546 839 Τοῦτο
2575 789 2776 838 ποιεῖτε
2805 788 2883 848 εἰς
2914 784 3010 855 τὴν
3043 786 3182 856 ἐμὴν
3213 786 3529 855 ἀνάμνησιν,
3568 805 3587 837 ι
3626 785 3778 839 δοκεῖ

2201 895 2289 947 μοι
2323 877 2605 948 σημαίνειν
2636 878 2714 942 τὸ,
2755 897 2772 929 ι
2796 879 3086 948 Χαροποιοὶ
3108 881 3155 930 οἱ
3184 877 3448 948 ὀφθαλμοὶ⁸
3470 877 3636 931 αὑτοῦ
3658 879 3775 931 ἀπὸ

2196 969 2338 1022 οἴνου
2357 987 2370 1000 ·
2402 989 2420 1020 ›
2453 970 2548 1024 καὶ
2575 971 2656 1033 τὸ,
2691 971 2917 1023 «Λευκοὶ
2942 971 2988 1022 οί
3007 970 3213 1033 ὀδόντες
3237 969 3400 1023 αὐτοῦ
3467 970 3628 1038 γάλα,
3660 989 3678 1021 ι
3703 970 3776 1022 τὸ

2195 1062 2443 1135 λαμπρὸν
2474 1065 2566 1116 καὶ
2597 1063 2833 1134 καθαρὸν
2865 1063 2963 1133 τῆς
2986 1061 3387 1133 μυστηριώδους
3413 1063 3640 1133 τροφῆς.
3657 1063 3776 1115 Hd-

2195 1156 2278 1210 λιν
2308 1157 2415 1230 γὰρ
2442 1157 2602 1219 αὐτὸς
2631 1156 2698 1208 τὰ
2730 1155 2970 1225 σύμϐολα
3000 1156 3098 1226 τῆς
3117 1154 3302 1207 ἐνθέου
3327 1155 3634 1224 οἰκονομίας
3657 1158 3776 1218 τοῖς

2196 1248 2360 1302 αὑτοῦ
2398 1248 2678 1320 παρεδίδου
2715 1247 3001 1318 μαθηταῖς,
3035 1247 3134 1317 τὴν
3172 1245 3354 1298 εἰκόνα
3388 1244 3480 1298 τοῦ
3514 1245 3644 1300 ίδίου
3668 1246 3777 1297 σώ-

2199 1356 2366 1408 ματος
2392 1337 2660 1392 ποιεῖσθαι
2717 1337 3239 1409 παρακελευόμενος.
3260 1336 3473 1407 Ἐπειδὴ
3507 1335 3617 1406 γὰρ
3649 1335 3775 1388 οὑκ-

2195 1428 2274 1480 ἐτι
2307 1427 2404 1490 τὰς
2431 1427 2496 1480 δι’
2527 1429 2770 1498 αἱμάτων
2804 1427 3012 1490 θυσίας,
3033 1427 3153 1479 οὐδὲ
3195 1424 3292 1489 τὰς
3325 1425 3472 1496 παρὰ
3498 1427 3686 1478 Μωσεί
3710 1427 3773 1477 ἐν

2193 1518 2462 1590 διαφόρων
2499 1517 2653 1583 ζώων
2687 1521 2919 1586 σφαγαῖς
2963 1517 3456 1588 νενομοθετημένας
3491 1516 3769 1588 προσίετο,

2194 1613 2341 1684 ἄρτῳ
2364 1613 2420 1665 δὲ
2446 1613 2679 1683 χρῆσθαι
2711 1612 2959 1682 συμϐόλῳ
2983 1609 3076 1664 τοῦ
3107 1611 3235 1664 ἰδίου
3266 1608 3514 1680 σώματος
3550 1607 3771 1679 παρεδί-

2194 1703 2306 1766 δου,
2338 1704 2563 1766 εἰκότως
2601 1703 2660 1758 τὸ
2706 1702 2951 1774 λαμπρὸν
2987 1704 3079 1755 καὶ
3130 1700 3364 1772 καθαρὸν
3408 1701 3624 1771 ᾐνίξατο
3667 1700 3772 1770 τῆς

527 1787 764 1849 arcanis,
813 1792 1094 1860 mysticam
1147 1795 1292 1850 illius
1332 1796 1644 1864 passionem
1692 1793 1980 1865 signiﬁcet,
2029 1790 2083 1846 in

2187 1796 2409 1866 τροφῆς,
2443 1795 2608 1848 εἰπών
2628 1812 2640 1826 ο
2663 1814 2680 1846 ι
2713 1771 2818 1850 καὶ
2831 1771 3012 1849 λευκοὶ
3027 1796 3074 1847 oi
3103 1771 3309 1856 ὀδόντες
3339 1785 3549 1864 αὐτοῦῇ
3567 1791 3726 1858 γάλα.
3742 1809 3764 1840 ι

526 1894 630 1947 qua
657 1881 848 1936 stolam
879 1900 1032 1940 suam
1059 1895 1112 1942 et
1144 1889 1516 1944 indumentum
1543 1890 1796 1954 abluerit,
1827 1895 2086 1956 tanquam

527 1971 578 2024 in
611 1972 826 2028 lavacro
861 1996 872 2030 :
909 1978 997 2032 ubi
1031 1995 1160 2035 sane
1189 1996 1398 2045 eorum,
1430 1983 1520 2052 qui
1553 1983 1605 2035 in
1636 1983 1812 2051 ipsum
1841 1977 2087 2034 credide-

527 2061 654 2124 rint,
709 2065 899 2121 sordes
926 2069 1177 2139 antiquas
1225 2073 1462 2127 abluisse
1502 2072 1828 2126 declaratur.
1866 2068 1969 2123 Per
2005 2067 2087 2121 vi-

524 2167 652 2207 num
683 2157 847 2221 enim,
875 2175 994 2230 quae
1025 2163 1308 2232 sanguinis
1340 2164 1485 2218 illius
1510 2171 1636 2218 nota
1669 2173 1770 2227 est,
1797 2179 1891 2218 eos
1909 2162 2001 2231 qui
2028 2160 2081 2214 in

521 2254 697 2300 morte
753 2248 900 2305 illius
948 2252 1329 2322 baptizentur,
1392 2255 1595 2326 quique
1649 2256 1704 2309 in
1758 2255 2078 2324 sanguinem

519 2335 764 2404 ejusdem
799 2341 1044 2406 credant,
1080 2359 1109 2397 a
1155 2347 1434 2401 veteribus
1474 2347 1628 2401 malis
1673 2353 1958 2416 expurgat,
1995 2353 2082 2398 ut-

520 2434 644 2493 pote
671 2430 762 2497 qui
801 2431 985 2486 abluat
1013 2444 1066 2488 et
1096 2435 1370 2507 abstergat
1409 2439 1691 2508 antiquam
1747 2453 1933 2492 eorum
1967 2445 2084 2492 sto-

520 2515 625 2570 lam
676 2527 730 2574 et
781 2523 1024 2590 pallium.
1079 2525 1263 2597 Itaque
1299 2529 1536 2598 pretioso
1576 2529 1840 2598 sanguine
1886 2527 2083 2582 divina)

2189 1887 2388 1939 Τούτου
2437 1888 2529 1939 καὶ
2583 1887 2738 1950 ἄλλος
2788 1887 3158 1956 ἐμνημόνευσε
3203 1887 3513 1955 προφήτης,
3564 1885 3764 1953 φήσαςο

2195 1995 2214 2028 ι
2235 1978 2432 2030 Θυσίαν
2467 1977 2560 2030 καὶ
2593 1976 2907 2048 προσφορὰν
2939 1978 3039 2029 οὐκ
3070 1975 3349 2044 ὲθέλησας,
3374 1975 3530 2044 σῶμα
3553 1973 3609 2026 δὲ
3631 1991 3768 2026 κατ’

2185 2066 2394 2136 ηρτίσω
2429 2083 2536 2135 μοι.
2575 2065 2772 2118 »Ἀλλὰ
2822 2064 3014 2127 ταῦτα,
3083 2063 3322 2126 πλείονος
3374 2063 3603 2133 βασάνου
3651 2061 3770 2114 δεό-

2192 2175 2348 2228 μενα,
2372 2157 2465 2212 καὶ
2505 2158 2847 2229 μακροτέρας
2871 2157 3184 2227 ἑρμηνείας,
3225 2156 3319 2208 ἐπὶ
3355 2154 3548 2224 σχολῆς
3577 2154 3643 2208 ἄν
3681 2170 3769 2215 τις

2194 2248 2514 2318 βασανίσειε,
2533 2248 2626 2301 τοῦ
2655 2249 2918 2320 παρόντος
2941 2248 3130 2319 καιροῦ
3151 2245 3384 2301 τοσαῦτα
3409 2247 3579 2298 εἰπεῖν
3605 2246 3768 2298 ἀπαιο

2185 2342 2464 2410 τήσαντος,
2495 2343 2573 2404 εἰς
2592 2340 2651 2393 τὸ
2669 2341 3012 2412 παραστῆσαι
3035 2338 3169 2411 μετὰ
3195 2339 3301 2391 τῶν
3331 2338 3502 2390 ἄλλων
3527 2337 3762 2401 καὶτοὺς

2187 2433 2408 2504 χρόνους
2449 2434 2548 2504 τῆς
2597 2433 2690 2486 τοῦ
2736 2434 2985 2503 Σωτῆρος
3033 2431 3189 2502 ἡμῶν
3218 2431 3519 2502 παρουσίας
3556 2429 3762 2483 ἄνωθεν

2188 2526 2292 2578 ὑπὸ
2333 2525 2441 2578 τῶν
2489 2525 2763 2598 πρόπαλαι
2795 2525 3087 2598 προφητῶν
3115 2523 3511 2595 ἐγνωσμένους,
3546 2525 3611 2593 τῇ
3639 2522 3763 2594 θείᾳ

520 2607 664 2664 illius
689 2618 742 2664 et
771 2612 838 2667 de
865 2615 1062 2683 spiritu
1099 2628 1236 2672 natae
1268 2635 1403 2684 uvae,
1434 2619 1661 2690 ejusque
1693 2620 1819 2674 vitis
1851 2619 2083 2682 vino,de

2190 2618 2374 2688 σαφῶς
2403 2619 2793 2690 παραδεδόσθαι
2824 2619 3032 2690 Γραφῇ.

515 2718 621 2769 qua
658 2704 862 2761 dictum
907 2719 990 2764 est
1029 2727 1215 2782 supra,
1281 2715 1564 2784 redempti,
1614 2722 1848 2770 veterem
1916 2713 2134 2784 quidem
2204 2714 2476 2768 hominem
2525 2729 2648 2769 cum
2692 2713 2811 2782 ejus
2857 2711 3165 2766 actionibus
3213 2719 3501 2775 exuerunt,
3553 2723 3756 2764 novum

516 2803 694 2849 autem
723 2805 776 2851 ct
800 2799 865 2853 ad
893 2803 1255 2872 cognitionem
1318 2807 1619 2860 secundum
1651 2807 1937 2877 imaginem
1999 2805 2140 2874 ejus,
2182 2807 2273 2876 qui
2333 2807 2556 2872 creavit,
2626 2806 3025 2866 instauratum,
3082 2802 3395 2858 induerunt.
3448 2803 3516 2856 At
3579 2799 3755 2855 illud.

521 2905 538 2934 ι
564 2884 799 2944 Gratiosi
827 2893 970 2946 oculi
1012 2895 1131 2963 ejus
1176 2911 1205 2949 a
1242 2898 1387 2964 vino,
1423 2918 1439 2948 ο
1477 2907 1530 2952 et
1560 2900 1712 2962 illud,
1745 2918 1763 2950 ι
1794 2899 1914 2954 Albi
1981 2900 2170 2954 dentes
2236 2898 2354 2968 ejus
2385 2907 2443 2953 ut
2502 2900 2605 2962 Iac,
2645 2919 2662 2951 ι
2695 2915 2889 2954 rursus
2920 2905 3174 2965 tanquam
3227 2897 3280 2950 in
3317 2895 3531 2950 arcanis
3576 2895 3755 2964 posita

515 2978 648 3034 Novi
681 2981 1015 3041 Testamenti
1044 2991 1303 3060 mysteria
1363 2993 1825 3064 comprehendere
1885 2993 2152 3057 arbitror,
2197 2993 2435 3046 laetitiam
2488 2993 2740 3048 videlicet
2790 2991 3003 3062 mystici
3066 2989 3210 3042 illius
3263 2988 3390 3053 vini,
3443 2988 3586 3056 quod
3636 2987 3756 3041 suis

514 3075 633 3140 ipse
665 3073 948 3147 discipulis
986 3083 1229 3150 porrexit
1262 3082 1529 3149 Salvator,
1568 3100 1690 3139 cum
1718 3084 1855 3138 dixit
1911 3103 1923 3137 :

1988 3102 2006 3134 ‹
2059 3084 2323 3155 Accipite,
2369 3083 2557 3149 bibite,
2631 3083 2720 3138 hic
2749 3089 2832 3137 est
2882 3097 3036 3135 meus
3073 3078 3440 3148 sanguis,-qni
3473 3093 3570 3148 pro
3597 3079 3754 3132 vobis

515 3164 760 3224 funditur
817 3174 869 3226 in
939 3176 1312 3231 remissionem
1355 3187 1720 3248 peccatorum.
1752 3177 1864 3232 Hoc
1907 3178 2067 3234 facite
2109 3180 2161 3234 in
2204 3197 2376 3236 meam
2439 3177 3006 3235 commemorationem
3042 3174 3106 3230 ⁸⁷.
3150 3193 3168 3223 ι
3235 3173 3508 3242 Siquidem
3569 3171 3699 3224 illud
3733 3211 3750 3232 ο

515 3277 536 3312 ι
573 3259 809 3318 Gratiosi
839 3265 980 3318 oculi
1013 3266 1132 3334 ejus
1164 3283 1195 3321 a
1229 3269 1376 3332 vino,
1409 3290 1426 3320 ι
1465 3278 1518 3325 et
1551 3290 1569 3322 ι
1598 3271 1718 3324 Albi
1759 3271 1948 3326 dentes
1999 3271 2118 3340 ejus
2155 3282 2212 3325 ut
2279 3273 2384 3336 lac,
2417 3291 2434 3322 ι
2478 3270 2846 3340 splendorem,
2894 3267 3293 3337 puritatemque
3336 3264 3551 3334 mystici
3602 3264 3751 3317 illius

512 3354 754 3409 alimenti
783 3358 911 3412 mihi
975 3360 1282 3430 signiﬁcare
1343 3362 1574 3418 videtur.
1601 3362 1811 3418 Rursus
1833 3364 1974 3418 enim
2041 3365 2154 3434 ipse
2194 3363 2618 3434 dispensationis
2665 3361 2862 3415 divinae
2908 3368 3066 3412 notas
3103 3357 3218 3410 suis
3263 3356 3546 3424 discipulis
3583 3355 3753 3409 tradi-

511 3448 610 3513 tit,
638 3449 766 3503 dum
803 3451 1072 3518 hortatur,
1099 3461 1157 3508 ut
1181 3455 1263 3508 sui
1301 3455 1470 3525 ipsius
1519 3459 1766 3526 corporis
1798 3459 2085 3529 imaginem
2123 3464 2533 3528 repraesentem.
2561 3460 2696 3509 Cum
2735 3453 2878 3508 enim
2944 3467 3052 3505 non
3118 3449 3352 3517 amplius
3399 3455 3624 3503 cruenta
3654 3461 3746 3500 sa-

509 3539 734 3605 criﬁcia,
770 3559 945 3614 neque
1000 3561 1063 3601 ea
1106 3564 1225 3617 qua:
1258 3548 1400 3618 apud
1442 3548 1642 3604 Mosem
1687 3550 1741 3604 in
1781 3553 1915 3622 lege,
1961 3553 2300 3610 diversorum
2335 3551 2648 3610 animai'mm
2687 3545 3107 3605 mactationibus
3143 3543 3349 3596 sancita
3379 3548 3555 3600 erant,
3591 3547 3744 3609 grata

507 3637 652 3684 esset
702 3633 1010 3697 habiturus.
1057 3637 1150 3693 sed
1200 3647 1258 3694 ut
1308 3655 1444 3709 pane
1494 3641 1579 3696 sui
1628 3644 1877 3712 corporis
1928 3655 2056 3700 nota
2097 3625 2398 3711 uterentur,
2443 3647 2811 3707 instituturus,
2846 3643 3039 3696 merito
3082 3635 3351 3709 Propheta
3395 3633 3740 3707 splendorem

509 3738 573 3774 ac
599 3725 888 3792 puritatem
919 3729 1066 3785 illius
1093 3732 1334 3788 alimenti
1369 3732 1718 3801 signiﬁcavit,
1743 3751 1866 3790 cum
1900 3738 2035 3793 dixit

2095 3759 2107 3794 :
2154 3760 2171 3789 ι
2203 3739 2269 3794 Ει
2295 3740 2405 3796 albi
2456 3740 2647 3794 dentes
2681 3737 2800 3806 ejus
2825 3742 2884 3788 ut
2913 3734 3014 3788 Iac.
3049 3752 3066 3783 ι
3098 3731 3245 3784 IIanc
3298 3747 3410 3785 rem
3442 3731 3581 3784 alius
3605 3744 3745 3798 quo-

509 3831 615 3885 que
669 3820 928 3888 pmpheta
975 3831 1362 3878 commemorat
1408 3823 1491 3878 his
1539 3826 1718 3880 verbis
1752 3847 1765 3881 :
1803 3845 1822 3878 ι
1873 3827 2212 3885 Sacriﬁcium
2275 3842 2328 3886 et
2393 3831 2720 3885 oblationem
2765 3824 3008 3884 noluisti.
3077 3839 3276 3893 corpus
3315 3830 3494 3876 autem
3563 3821 3742 3892 perfe-

507 3914 630 3967 cisti
706 3913 836 3966 mihi
862 3911 927 3965 ⁵⁸.
961 3932 980 3964 ι
1017 3913 1303 3977 Caeterum,
1371 3917 1485 3970 haec
1549 3932 1673 3971 cum
1741 3919 1946 3988 majore
2013 3921 2358 3992 indagatione
2410 3931 2464 3977 et
2523 3919 2766 3989 longiore
2827 3915 3058 3985 quadam
3103 3913 3545 3982 interpretatione
3595 3912 3740 3966 indi-

508 4015 688 4074 geant,
754 4021 850 4074 per
897 4006 1065 4060 otium
1111 4009 1379 4077 quispiam
1427 4009 1740 4080 diligentius
1805 4013 2168 4082 exploraverit
2237 4034 2250 4068 :

2317 4011 2759 4084 quandoquidem
2820 4009 2921 4062 hoc
2979 4016 3190 4075 tempus
3241 4008 3396 4076 plura
3450 4006 3558 4060 dici
3626 4023 3735 4062 non

509 4099 768 4167 postulat,
819 4106 876 4150 ut
906 4098 1063 4166 plane
1097 4099 1256 4169 381
1289 4109 1566 4170 appareat,
1621 4118 1728 4156 una
1797 4119 1920 4157 cum
1961 4105 2103 4166 aliis,
2146 4112 2389 4175 tempora
2425 4118 2640 4174 quoque
2673 4098 2968 4155 Salvatoris
3025 4098 3195 4152 nostri
3235 4097 3497 4152 adventus
3523 4110 3554 4149 a
3591 4096 3739 4167 prio-

507 4188 659 4242 ribus
689 4187 969 4257 prophetis
1011 4188 1310 4256 antiquitus
1341 4190 1576 4260 cognita,
1606 4191 1804 4246 divina:
1834 4192 2110 4248 evidenter
2129 4194 2504 4248 commendata
2531 4208 2653 4248 esse
2687 4190 3000 4260 Scriptum.

505 4303 546 4354 Α
586 4300 819 4372 Daniele.
845 4331 913 4340 —
932 4300 1382 4365 Quemadmodum
1408 4312 1523 4367 post
1546 4321 1803 4358 annorum
1832 4305 2059 4372 spatium

2184 4306 2308 4360 Ἀπὸ
2346 4306 2450 4358 τοῦ
2478 4304 2819 4372 Δανιήληκ
2859 4301 3121 4372 Ὡςμετὰ
3151 4301 3370 4372 κρόκον
3385 4299 3529 4353 ἐτῶν
3570 4299 3734 4355 ἐϐδο-

576 4371 758 4441 septies
789 4387 891 4423 Lxx
933 4386 1050 4441 qua:
1079 4388 1285 4424 summa
1323 4373 1540 4441 efﬁcitur
1582 4390 1716 4430 cnxc
1757 4371 2054 4439 annorum,

574 4458 691 4492 cum
717 4439 966 4512 Christus
996 4440 1291 4512 hominibus
1328 4439 1385 4512 se
1423 4443 1697 4498 videndum
1734 4446 2016 4512 praebuerit
2038 4487 2052 4506 ,

573 4510 856 4576 ;.‘rophetiw
894 4525 1009 4585 qua:
1050 4509 1188 4585 apud
1226 4511 1443 4585 iudicas
1481 4509 1758 4585 exstabant
1784 4555 1797 4579 ,
1828 4523 1876 4566 et
1917 4515 2055 4585 quod

574 4589 728 4653 antea
769 4580 908 4653 apud
945 4579 1151 4653 eosdem
1189 4581 1417 4644 celebre,
1468 4583 1768 4653 clarumque
1815 4579 1939 4637 erat
1967 4603 2058 4638 sa-

577 4651 900 4714 cerdotium,
934 4648 1268 4720 dissolvetur.
1299 4661 1348 4703 et
1380 4653 1478 4717 ipsi
1505 4648 1710 4720 quidem
1749 4654 1934 4707 diluvii
1961 4671 2054 4707 cu-

561 4721 781 4786 jusdam
813 4719 983 4772 instar
1014 4718 1244 4793 assiduis
1285 4718 1640 4793 obsidionibus
1672 4725 1858 4790 captivi
1896 4725 2052 4793 ﬁent,

570 4805 782 4842 sacrum
816 4797 991 4840 autem
1022 4789 1256 4856 ipsorum
1286 4792 1533 4858 templum
1563 4789 1854 4847 extremam
1885 4789 2061 4848 uasta-

573 4861 764 4914 tionem
794 4859 1047 4925 patietur.
1145 4930 1162 4948 ν

572 4991 590 5024 ι
621 4972 683 5026 Et
713 4970 1028 5026 cumadhuc
1048 4971 1298 5040 loquerer
1326 4978 1378 5026 et
1406 4987 1618 5027 orarem
1650 4974 2056 5030 etenuntiarem

496 5074 716 5139 peccata
752 5079 871 5119 mea
892 5103 908 5128 ,
938 5071 992 5118 et
1017 5069 1238 5135 peccata
1267 5065 1452 5134 populi
1484 5065 1589 5119 mei
1619 5064 1817 5130 Israel,
1849 5074 1902 5121 et
1933 5082 2060 5140 pro-

494 5154 778 5208 l'underem
821 5151 1350 5207 commiserationem
1389 5169 1563 5209 meam
1603 5170 1784 5211 coram
1826 5155 2057 5212 Domino

495 5243 607 5306 Deo
632 5259 752 5297 meo
782 5259 879 5316 pro
909 5253 1091 5300 monte
1119 5253 1310 5300 sancto
1339 5243 1435 5300 Dei
1467 5245 1570 5300 mei
1595 5287 1609 5312 ,
1639 5256 1692 5302 et
1720 5262 1844 5301 cum
1874 5247 2050 5304 adhuc

495 5336 746 5406 loquerer
771 5336 825 5389 in
854 5336 1099 5394 oratione
1117 5377 1134 5402 ,
1160 5352 1290 5394 ecce
1317 5337 1399 5392 vir
1425 5335 1678 5404 Gabriel,
1705 5355 1867 5410 quem
1900 5341 2053 5396 vide-

492 5443 614 5492 ram
644 5432 696 5482 in
733 5427 941 5482 visione
973 5428 1042 5484 ab
1074 5429 1229 5486 initio
1249 5470 1264 5495 ,
1293 5430 1482 5486 volans
1513 5433 1689 5504 tetigit
1720 5449 1806 5489 me
1835 5433 2054 5488 circiter

495 5519 685 5584 horam
718 5520 970 5575 sacriﬁcii
1000 5522 1329 5596 vespertini,
1365 5531 1420 5578 et
1447 5525 1632 5579 docuit
1666 5541 1749 5580 me
1771 5564 1785 5592 ,
1815 5533 1866 5581 et
1905 5525 2055 5580 locu-

565 5718 608 5754 “
643 5716 827 5777 Matth.
865 5733 983 5779 ut.
1023 5717 1075 5775 ε.

2229 4376 2506 4444 μήκοντα
2549 4369 2906 4444 ἐϐδομίὶδωίκ,
2935 4369 2984 4424 ἆ
3004 4369 3223 4444 rigetet
3252 4369 3354 4444 ἔτη
3384 4372 3732 4444 τετρακόσια

2231 4440 2653 4514 ἐννενήκοντα.
2686 4440 2802 4514 τοῦ
2832 4441 3096 4514 Χρίσῖοῦ
3147 4440 3475 4514 ἀνθρὼπίῖίς
3524 4441 3732 4514 ἐπίΫαῗ

2232 4509 2464 4580 νέντοςῖ.
2511 4517 2570 4565 αἱ
2612 4513 2770 4580 παρὰ
2797 4510 3100 4576 Ἰουδαίοις
3131 4509 3475 4580 προφητεῖαι
3499 4551 3513 4573 ,
3549 4511 3644 4565 καὶ
3691 4512 3728 4578 ὴ

2234 4579 2429 4640 πάλαι
2447 4579 2860 4650 διαπρέπουσα
2892 4580 2962 4650 ἐν
2993 4579 3196 4645 αὐτοῖς
3230 4581 3519 4646 ἱερωσύνη
3553 4597 3729 4650 κατα-

2234 4649 2595 4720 λυθήσεται,
2624 4655 2719 4706 καὶ
2760 4649 2927 4704 αὐτοὶ
2949 4649 3066 4718 μὲν
3096 4650 3528 4720 κατακλυσμοῦ
3554 4649 3731 4720 δίκην

2233 4719 2604 4790 ἐπαλλήλοις
2619 4721 2986 4790 πολιορκίαις
3013 4719 3366 4781 ἁλώσονται,
3391 4719 3454 4772 τὸ
3471 4719 3537 4772 δὲ
3561 4719 3729 4790 ἅγιον

2232 4792 2429 4848 αὐτῶν
2445 4789 2605 4862 ἱερὸν
2627 4792 2740 4860 τὴν
2766 4789 3031 4861 ἐσχάτην
3054 4790 3302 4858 ἐρημίαν
3321 4789 3619 4858 ὑπομενεῖ.

2239 4997 2257 5029 ι
2290 4979 2399 5030 Καὶ⁹
2437 4977 2517 5029 ἔτι
2559 4994 2658 5048 μου
2687 4975 2990 5038 λαλοῦντος,
3027 4975 3118 5028 καὶ
3142 4975 3597 5046 προσευχομένου,
3629 4975 3723 5029 καὶ

2162 5069 2572 5142 ὲξαγορεύοντος
2605 5068 2703 5130 τὰς
2745 5067 3014 5138 ἁμαρτίας
3048 5084 3168 5137 μου,
3207 5068 3421 5130 καὶτὰς
3451 5067 3722 5139 ἁμαρτίας

2159 5160 2250 5215 τοῦ
2314 5159 2441 5221 λαοῦ
2493 5177 2593 5230 μου
2633 5158 2864 5230 Ἰσραὴλ,
2906 5159 2999 5210 καὶ
3060 5157 3375 5229 ῥιπτοῦντος
3441 5159 3530 5210 τὸν
3577 5157 3722 5210 ἔλεόν

2163 5269 2263 5321 μου
2295 5251 2471 5305 ἔναντι
2505 5251 2708 5322 Κυρίου
2737 5249 2830 5303 τοῦ
2861 5249 2993 5303 Θεοῦ
3025 5267 3144 5320 μου,
3188 5252 3280 5303 ἐπὶ
3324 5250 3415 5303 τοῦ
3442 5250 3600 5320 ὅρους
3627 5248 3720 5304 τοῦ

2160 5343 2315 5412 ἁγίου
2369 5341 2462 5395 τοῦ
2517 5341 2650 5395 Θεοῦ
2703 5358 2824 5411 μου,
2869 5342 2962 5394 καὶ¹
2998 5340 3076 5394 ἔτι
3110 5357 3210 5410 μου
3255 5341 3536 5405 λαλοῦντος
3570 5343 3626 5394 ὲν
3652 5343 3719 5415 τῇ

2160 5436 2455 5505 προσευχῇ,
2485 5435 2579 5486 καὶ
2637 5431 2742 5485 ίδοὺ
2768 5432 2796 5483 ὁ
2833 5431 2970 5502 ἀνὴρ
3001 5432 3258 5504 Γαϐριὴλ,
3302 5432 3360 5486 ὃν
3403 5428 3540 5486 εἶδον
3571 5435 3627 5486 ἐν
3650 5435 3717 5506 τῇ

2163 5526 2326 5596 ἀρχῇ,
2359 5525 2670 5594 πετόμενος,
2703 5524 2795 5577 καὶ
2835 5523 3010 5593 ἦψατό
3054 5541 3154 5599 μου
3196 5523 3325 5578 ὡσεὶ
3356 5523 3504 5597 ὥραν
3530 5523 3714 5592 θυσίας

1153 5719 1197 5750 ⁸⁸
1229 5719 1458 5774 Zachar.
1499 5738 1549 5776 rx
1575 5763 1589 5788 ,
1626 5722 1675 5775 9.
1737 5723 1795 5802 ’⁸⁷
1838 5720 1968 5776 Luc.
2006 5733 2131 5785 xxI,
2175 5718 2256 5786 l9,
2289 5719 2378 5775 20.
2457 5721 2499 5752 ⁵⁸
2533 5714 2679 5777 Psal.
2719 5735 2902 5788 XXXIX,
2933 5720 2981 5778 7.
