4110 6410
297 316 384 377 591

305 419 600 497 ἐσπερινῆς,
650 416 744 473 καὶ
778 410 1020 467 συνέτισέ
1052 425 1142 480 με,
1171 406 1266 461 καὶ
1292 402 1522 472 ἐλάλησε
1563 415 1661 470 μετ

317 521 398 577 καὶ
418 487 560 568 εἷπε,-
580 507 797 579 Δανιὴλ,
821 503 913 559 νῦν
942 499 1162 581 ἐξῆλθον
1174 515 1238 552 συ
1246 493 1509 567 μϐιϐἁσαι
1525 508 1586 544 σε
1610 487 1823 543 σύνεσιν
1843 501 1856 516 ·

317 574 369 668 ἐν
393 607 521 679 ἀρχῇ
556 602 660 672 τῆς
696 574 933 668 δεήσεως
976 574 1068 646 σου
1117 588 1338 661 ἐξῆλθεν
1364 587 1394 639 ὁ
1424 584 1599 653 λόγος,
1634 580 1729 679 κα.)ἷ
1751 574 1861 646 ἐγὼ

313 666 809 774 ἦλθονάναγγεῖλαί
840 704 943 750 σοι,
978 686 1062 739 ὅτι
1086 682 1225 755 ἀνὴρ
1253 675 1556 748 ἐπιθυμιῶν
1583 675 1647 728 σὺ
1673 666 1743 735 εἴ,
1769 669 1863 723 καὶ

312 763 570 862 ἐννοήθητι
610 786 668 838 ἐν
713 780 788 853 τῷ
833 781 1057 852 ῥήματι,
1087 776 1182 831 καὶ
1217 772 1376 835 σύνες
1409 771 1465 822 ἐν
1499 770 1565 838 τῇ
1603 763 1860 832 ὀπτασίᾳ,

312 855 530 953 ὅτι
562 873 866 948 ἐπιθυμιῶν
912 869 963 927 εἷ
1014 871 1100 926 σύ.
1143 866 1544 937 Ἐϐδομήκοντα
1571 855 1863 929 ἑϐδομάδες

315 949 710 1045 συνετμήθησαν
773 968 866 1022 ἐπὶ
904 966 994 1020 τὸν
1030 964 1158 1018 λαόν
1193 978 1308 1023 σου,
1340 957 1435 1012 και
1463 955 1556 1008 ἐπὶ
1580 953 1681 1024 τὴν
1710 949 1863 1005 πόλιν

311 1071 399 1140 τὴν
451 1042 632 1135 ἁγίαν,
685 1060 780 1115 τοῦ
822 1054 1237 1125 συντελεσθῆναι
1287 1049 1582 1122 ἁμαρτίαν,
1637 1052 1730 1099 καὶ
1769 1042 1863 1096 τοῦ

312 1135 592 1233 σῲραγίσαι
618 1152 913 1226 ἁμαρτίας,
931 1149 1026 1203 καὶ
1048 1138 1470 1213 τοῦάπαλεῖψαι
1490 1139 1590 1204 τὰς
1613 1135 1863 1208 ἀνομίας,

415 1250 505 1305 τοῦ
549 1243 896 1313 ἐξιλάσασθαι
939 1240 1172 1303 ἀδικίας,
1222 1238 1316 1292 καὶ
1343 1236 1571 1305 ἀγαγεῖν
1592 1227 1866 1285 δικαιοσύ-

309 1362 399 1415 νην
441 1341 677 1402 αἰώνιον,
735 1338 831 1391 καὶ
861 1332 954 1388 τοῦ
986 1330 1282 1403 σφραγίσαι
1307 1328 1496 1399 ὅρασιν
1526 1323 1621 1379 καὶ
1653 1338 1866 1394 προφη-

309 1410 464 1497 τείαν,
499 1427 715 1484 καὶτοῦ
744 1428 928 1498 χρῖσαι
965 1423 1119 1491 ἅγιον
1168 1418 1371 1488 ἁγίων·
1422 1416 1518 1470 καὶ
1559 1412 1743 1483 γνώσῃ
1776 1410 1868 1465 καὶ

309 1523 548 1592 συνήσεις
573 1517 681 1571 ἀπὸ
714 1514 894 1580 ἐξόδου
925 1512 1107 1581 λόγου,
1129 1507 1223 1563 τοῦ
1251 1506 1633 1579 ἀποκριθῆναι,
1666 1501 1867 1557 καὶτοῦ

307 1612 642 1683 οἰκοδομῆσαι
696 1604 1051 1680 Ἰερουσαλὴμ
1113 1602 1219 1666 ἐως
1259 1598 1494 1667 Χριστοῦ
1540 1595 1866 1670 ήγουμένου.

316 1702 631 1774 Ἐϐδομάδες
694 1699 853 1762 ἑπτὰ,
911 1697 1007 1751 καὶ
1045 1693 1335 1765 ἐϐδομὰδες
1376 1688 1753 1762 ἑξηκονταδύο,
1778 1688 1870 1741 καὶ

306 1794 610 1865 ἐπιστρέψει
633 1833 648 1855 ,
674 1792 767 1845 καὶ
785 1787 1268 1859 οἰκοδομηθήσεται
1297 1783 1524 1837 πλατεῖα
1555 1782 1649 1836 καὶ
1671 1780 1869 1850 τείχος,

306 1888 391 1941 καὶ
417 1885 817 1956 κενωθήσονται
849 1884 897 1934 οἱ
923 1879 1141 1953 καιροί·
1173 1878 1268 1932 καὶ
1288 1875 1425 1949 μετά
1444 1873 1542 1939 τάς
1572 1872 1873 1944 ἑϐδομάδας

302 1981 393 2044 τάς
410 1976 788 2051 ἑξηκονταδύο,
810 1972 990 2040 ἐξολοθ
999 1972 1317 2045 ρευθήσεται
1337 1968 1565 2041 χρίσμα,
1584 1966 1677 2020 καὶ
1700 1967 1874 2036 κρῖμα

264 2076 267 2079 λ
303 2071 393 2124 οὐκ
419 2070 569 2123 ἐστιν
623 2069 681 2120 ἐν
729 2064 899 2135 αὐτῷ,
934 2065 1028 2117 καὶ
1052 2062 1152 2133 τὴν
1185 2060 1338 2115 πόλιν
1367 2058 1460 2112 καὶ⁵
1488 2058 1548 2111 τὸ
1575 2058 1729 2125 ἆγιον
1761 2055 1875 2108 δια-

304 2162 480 2233 φθερεῖ
507 2161 618 2213 σὺν
646 2157 723 2229 τῷ
775 2154 1062 2228 ἡγουμένῳ
1114 2151 1191 2223 τῷ
1226 2150 1526 2224 ἐρχομένῳ,
1588 2147 1682 2202 καὶ
1714 2150 1874 2199 ἐκκο-

305 2253 559 2323 πήσονταε
609 2251 667 2303 ἐν
726 2244 1118 2315 κατακλυσμῷ,
1157 2243 1254 2297 καὶ
1289 2242 1394 2305 ἐως
1426 2240 1610 2304 τέλους
1640 2238 1871 2309 πολέμου

305 2342 738 2414 συντετμημένου
769 2339 1120 2409 ἀφανισμοῖς,
1151 2336 1248 2388 καὶ
1275 2332 1581 2404 δυναμώσει
1609 2330 1874 2401 διαθήκην

303 2434 502 2497 πολλοῖς
521 2431 764 2503 ἑϐδομὰς
796 2431 913 2501 μία,
945 2430 1039 2482 καὶ
1058 2429 1116 2481 ἐν
1140 2426 1218 2498 τῷ
1245 2425 1432 2497 ήμίσει
1457 2424 1557 2495 τῆς
1585 2422 1876 2493 ἑϐδομάδος

302 2526 596 2599 ἀρθήσεται
647 2522 806 2576 θυσία
865 2521 959 2575 καὶ
990 2518 1209 2590 σπονδὴ,
1236 2518 1329 2571 καὶ
1371 2518 1464 2569 ἐπὶ
1492 2515 1553 2568 τὸ
1585 2514 1728 2585 ἱερὸν
1758 2512 1876 2583 βδέ-

301 2617 470 2687 λυγμα
520 2616 640 2670 τῶν
682 2613 1016 2687 ἐρημώσεων
1060 2611 1232 2674 ἔσται,
1282 2608 1376 2662 καὶ¹
1429 2608 1533 2672 ἕως
1567 2604 1875 2669 συντελείας

305 2710 481 2781 καιροῦ
503 2708 788 2763 συντέλεια
820 2705 1101 2777 δοθήσεται
1134 2703 1228 2758 ἐπὶ
1251 2701 1346 2772 τὴν
1372 2702 1669 2773 ἐρήμωσιν.
1709 2717 1727 2749 ι
1763 2697 1877 2769 Τῆς

309 2800 390 2854 τοῦ
415 2800 690 2855 Ἰουδαίων
718 2799 901 2861 ἔθνους
916 2798 996 2860 είς
1025 2793 1320 2849 Βαϐυλῶνα
1352 2787 1877 2861 ἐϐδομηκονταετοῦς

306 2891 679 2962 αἰχμαλωσίας
699 2891 779 2952 είς
795 2888 968 2961 πέρας
986 2887 1089 2959 ήδη
1113 2882 1557 2952 συνελαυνούσης,
1576 2879 1654 2951 τῷ
1680 2878 1876 2950 Δανιὴλ

307 2984 600 3056 εὐξαμένῳ,
635 2977 717 3047 εἷς
739 2981 847 3035 τῶν
892 2980 1063 3050 ἁγίων
1094 2975 1420 3048 λειτουργῶν
1451 2973 1545 3029 τοῦ
1579 2972 1737 3039 Θεοῦ,
1773 2972 1876 3024 Γα-

307 3077 455 3149 ϐριὴλ
495 3079 524 3130 ὁ
573 3073 936 3146 ἀρχάγγελος,
970 3068 1274 3139 ἐπιφανεὶς,
1311 3068 1409 3139 τήν
1463 3066 1759 3120 ἀνανέωσιν
1777 3065 1876 3135 τῆς
1902 3076 1946 3135 c

316 3170 670 3242 Ἰερουσαλὴμ
727 3167 927 3221 αὐτίκα
960 3181 1019 3220 τε
1046 3163 1141 3217 καί
1167 3163 1268 3216 οὐκ
1308 3161 1386 3223 εἰς
1411 3158 1628 3230 μακρὰν
1658 3156 1876 3210 ἔσεσθαι

306 3254 561 3321 θεσπίζει,
626 3254 723 3308 τόν
763 3270 822 3308 τε
852 3251 993 3307 κατὰ
1038 3251 1137 3322 τὴν
1166 3248 1463 3303 ἀνανέωσιν
1487 3247 1655 3317 αὐτῆς
1689 3246 1878 3321 χρόνον

307 3348 380 3410 είς
416 3348 550 3402 ἐτῶν
609 3344 843 3417 ἀριθμὸν
905 3341 1237 3414 περιορίζει·
1267 3338 1518 3412 προλέγει
1540 3356 1597 3391 τε
1631 3339 1706 3403 ὡς
1737 3338 1879 3393 κατὰ

304 3439 397 3511 τήν
454 3438 775 3511 ὡρισμένην
824 3433 1159 3509 προθεσμίαν
1200 3428 1354 3495 αὖθις
1400 3430 1876 3502 καθαιρεθήσεται,

307 3536 393 3588 καὶ
409 3535 503 3599 ὡς,
535 3534 642 3606 τὴν
664 3533 921 3604 δευτέραν
951 3530 1290 3602 ὑπομείνασα
1312 3528 1513 3583 ἀλωσιν
1537 3526 1633 3579 καὶ
1660 3523 1878 3594 πολιορ-

307 3624 441 3689 κίαν,
471 3625 663 3679 ούκέτι
695 3624 794 3695 τῆς
820 3625 884 3677 ἐκ
918 3620 1053 3675 Θεοῦ
1084 3619 1330 3686 τεύξεται
1367 3616 1693 3687 ἐπισκοπῆς,
1729 3616 1881 3686 μενεῖ

307 3716 359 3769 δὲ
401 3718 633 3789 ἕρημος,
689 3713 1229 3786 συγκαθαιρουμένης
1275 3711 1411 3782 αὐτῇ
1453 3712 1552 3781 τῆς
1605 3705 1748 3762 κατὰ
1789 3706 1881 3759 τὸν

307 3808 541 3873 Μωσέως
599 3808 768 3879 νόμον
841 3807 1119 3879 λατρείας,
1177 3804 1368 3877 ἐτέρας
1408 3802 1464 3856 δὲ
1519 3802 1632 3855 ἀντ’
1667 3798 1879 3869 ἐκείνης

305 3897 378 3968 τῷ
406 3899 503 3971 βίῳ
531 3900 649 3953 τῶν
675 3896 978 3970 ἀνθρώπων
1006 3897 1212 3968 Καινῆς
1232 3895 1504 3967 Διαθήκης
1532 3890 1882 3963 ἀντεισαχθη-

308 3991 555 4062 σομένης.
610 3990 728 4045 Καὶ
759 3989 932 4043 ταῦτα
955 3991 985 4043 ὁ
1010 3986 1250 4061 Γαϐριὴλ
1280 3987 1354 4051 ὡς
1381 3988 1438 4040 ἐν
1471 3987 1735 4057 χρησμοῖς
1764 3984 1885 4036 ἐπι-

308 4083 709 4155 κεκρυμμένως
743 4080 1024 4151 ἐκφαίνειν
1055 4080 1307 4151 ὁμολογεῖ
1337 4077 1416 4149 τῷ
1450 4078 1721 4149 προφήτῃ.
1746 4074 1884 4147 Φησὶ

306 4171 429 4240 γοῦν
459 4174 539 4245 τῷ
562 4172 796 4245 Δανιήλ·
834 4191 854 4225 ι
894 4170 1007 4226 Νῦν
1039 4170 1261 4241 ἐξῆλθον
1296 4167 1628 4240 συμϐιϐάσαι
1652 4184 1712 4220 σε
1761 4165 1884 4219 σύν-

307 4282 446 4321 εσιν·
488 4271 547 4322 ἐν
602 4269 749 4339 ἀρχῇ
803 4267 903 4339 τῆς
965 4264 1201 4338 δεήσεως
1250 4281 1343 4318 σου
1394 4261 1613 4334 ἐξῆλθεν
1648 4262 1678 4313 ὁ
1705 4261 1880 4330 λόγος,

308 4357 455 4427 κάγὼ
486 4356 660 4431 ἦλθον
703 4358 1017 4429 ἀναγγεῖλαί
1046 4375 1150 4422 σοι,
1200 4358 1283 4411 ὅτι
1310 4356 1450 4430 ἀνὴρ
1484 4353 1785 4426 ἐπιθυμιῶν
1815 4355 1880 4408 σὺ

307 4445 372 4514 εἴ,
424 4454 524 4505 καὶ
592 4450 876 4522 ἐννοήθητι
919 4451 977 4503 ἐν
1030 4449 1109 4520 τῷ
1151 4450 1372 4527 ῥήματι,
1406 4448 1500 4502 καὶ⁵
1549 4447 1705 4511 σύνες
1732 4449 1790 4499 ἐν
1814 4448 1880 4517 τῇ

308 4542 570 4616 ὀπτασίᾳο
613 4562 635 4595 ι
679 4542 862 4612 σαφῶς
910 4540 1191 4614 διεγείρων
1246 4542 1408 4597 αὐτὸν
1446 4542 1525 4605 είς
1581 4539 1884 4611 βαθυτέραν

308 4631 510 4691 ἔννοιαν
569 4633 675 4687 καὶ
731 4632 942 4688 σύνεσιν
1006 4634 1105 4704 τῆς
1131 4632 1242 4686 τῶν
1285 4632 1591 4703 λεγομένων
1631 4629 1881 4701 θεωρίας.

322 4722 618 4779 ὐπτασίαν
677 4724 808 4793 γοῦν
869 4723 1010 4777 αὑτά
1054 4723 1119 4792 γέ
1171 4740 1302 4795 φησι
1346 4723 1433 4777 διὰ
1474 4723 1536 4777 τὸ
1585 4722 1884 4794 βαθυτέρας

311 4813 523 4884 ἔχεσθαι
549 4814 813 4881 διανοίας,
853 4815 948 4869 καὶ
970 4814 1030 4868 ού
1073 4813 1170 4884 τῆς
1200 4813 1467 4885 τυχούσης
1496 4812 1762 4875 συνέσεως
1782 4810 1886 4864 δεῖ·

312 4874 432 4960 σθαι
445 4920 459 4934 ⁸
478 4906 679 4977 διόπερ
697 4874 961 4959 καίιαύτοὶ
978 4905 1068 4958 τδν
1083 4874 1252 4975 δῶ-ρού
1262 4874 1433 4975 μενον¹
1446 4874 1658 4956 σύνεσιν
1682 4874 1906 4976 ἀνθ

309 5011 448 5063 ποις,
496 4995 958 5066 ἐπικαλεσάμενοί
993 5010 1052 5047 τε
1078 4994 1168 5047 ὑπ’
1193 4991 1357 5046 αὐτοῦ
1402 4991 1739 5062 φωτισθῆναι
1765 4993 1891 5055 τοὺς

309 5087 402 5159 τῆς
451 5087 702 5152 διανοίας
754 5086 1088 5157 ὀφθαλμοὺς,
1136 5084 1593 5155 ἐπιθαῤῥήσωμεν
1639 5086 1706 5155 τῇ
1751 5082 1890 5138 κατὰ

307 5182 429 5246 τοὺς
457 5183 670 5245 τόπους
693 5180 957 5253 θεωρίαι(
997 5178 1416 5250 Ἐϐδομήκοντα,
1453 5196 1471 5228 ι
1516 5177 1701 5248 φησὶν,
1737 5193 1756 5227 ι
1800 5175 1891 5229 ἐϐ-

308 5270 533 5342 δομάδες
568 5269 987 5341 συνετμήθησαν
1016 5267 1112 5322 ἐπὶ
1131 5267 1222 5320 τὸν
1253 5265 1379 5320 λαόν
1413 5282 1505 5318 σου
1538 5264 1633 5317 καὶ
1665 5261 1758 5315 ἐπὶ
1782 5261 1882 5332 τὴν

311 5363 460 5418 πόλιν
484 5365 589 5434 τὴν
612 5362 774 5431 ἁγίαν
795 5379 910 5426 σου,
927 5359 1020 5414 τοῦ
1044 5357 1457 5428 συντελεσθῆναι
1476 5353 1772 5428 ἁμαρτίαν,
1789 5352 1884 5405 καὶ

309 5454 607 5525 ἀπαλεῖψαι
637 5452 737 5516 τὰς
768 5452 1013 5523 ἀνομίας,
1044 5449 1247 5504 καὶτοῦ
1277 5446 1619 5513 ἐξιλάσασθαι
1649 5442 1879 5506 ἀδικίας,

309 5545 402 5599 καὶ
444 5545 689 5613 ἀγαγεῖν
718 5542 1061 5613 δικαιοσύνην
1084 5540 1317 5606 αἰώνιον,
1346 5539 1439 5595 καὶ
1467 5539 1560 5593 τοῦ
1589 5535 1882 5608 σφραγίσαι

382 5742 427 5774 δ’
464 5741 606 5797 Dan.
645 5754 724 5807 Ix,
754 5740 943 5796 20—27.

1169 281 1820 346 DEMONSTRATIONIS
1868 273 2327 330 EVANGELICA‘J
2349 269 2476 324 LIB.
2522 267 2651 320 VIII.

1664 399 1678 416 '
1705 394 1861 467 ἐμοῦ,
1892 396 1940 452 Α
1968 397 2058 445 tus
2094 396 2180 445 est
2216 400 2466 449 mecum,
2506 390 2560 438 et
2599 378 2737 435 dixit
2768 396 2781 431 :
2825 373 3049 437 Daniel,
3091 386 3238 425 nunc
3276 382 3535 439 egressus

3428 254 3535 309 598

1963 494 2085 535 sum
2121 484 2182 532 ut
2210 475 2431 531 afferam
2472 472 2569 527 tibi
2612 465 3028 538 intelligentiam
3063 481 3075 516 :
3109 459 3178 515 ab
3216 459 3371 514 initio
3411 462 3537 528 pre;

1963 585 2089 627 cum
2130 577 2350 623 tuarum
2388 579 2645 636 egressus
2684 567 2769 616 est
2807 570 3025 620 sermo,
3073 563 3125 608 et
3168 567 3268 622 ego
3311 548 3437 605 veni
3476 555 3536 603 ut

1963 661 2263 717 indicarem
2314 657 2441 719 tibi,
2495 654 2639 725 quod
2685 651 2767 705 vir
2808 645 3204 703 desideriorum
3245 650 3305 696 tu
3343 656 3446 701 es,
3479 645 3536 693 et

1965 752 2337 807 animadverte
2372 749 2425 802 in
2454 746 2643 807 verbo,
2680 750 2733 797 et
2762 739 3004 807 intellige
3037 736 3089 790 in
3124 734 3358 797 visione,
3391 730 3535 801 quod

1963 843 2049 897 vir
2096 838 2495 895 desideriorum
2531 848 2591 888 es
2642 842 2721 886 ιιι.
2772 825 3129 897 Septuaginta
3172 821 3538 878 hebdomades

1966 930 2352 1004 compendium
2410 939 2672 996 accepere
2725 936 2889 990 super
2943 917 3201 988 populum
3249 924 3434 979 tuum,
3483 922 3539 968 et

1967 1039 2132 1095 super
2163 1020 2441 1077 civitatem
2482 1022 2759 1076 sanctam,
2796 1022 2856 1065 ιιι
2896 1016 3310 1065 consummetur
3346 1020 3541 1077 pecca-

1968 1126 2116 1182 tum,
2148 1121 2202 1169 et
2232 1112 2520 1183 signentur
2551 1107 2708 1179 quasi
2752 1102 2956 1157 annulo
2996 1107 3220 1171 peccata
3243 1139 3259 1163 ,
3301 1107 3355 1153 et
3393 1098 3541 1153 dele-

1969 1218 2132 1263 antur
2162 1204 2483 1275 iniquitates
2503 1243 2517 1267 ,
2547 1208 2601 1257 et
2630 1198 2918 1269 expientur
2947 1193 3256 1263 injustitiae,
3284 1199 3339 1246 et
3369 1191 3538 1246 adduc

1968 1311 2127 1356 catur
2153 1296 2371 1368 justitia
2403 1292 2730 1362 sempiterna
2750 1331 2766 1354 ,
2797 1297 2851 1344 et
2880 1287 3038 1359 quasi
3073 1287 3229 1357 signo
3273 1284 3543 1353 impresso

1968 1392 2258 1448 claudatur
2301 1387 2439 1443 visio
2461 1427 2477 1451 ,
2507 1392 2563 1440 et
2595 1382 2880 1455 prophetia
2902 1420 2917 1445 ,
2950 1386 3005 1435 et
3039 1384 3275 1448 ungatur
3316 1382 3541 1430 sanctus

1970 1489 2287 1539 sanctorum
2309 1520 2324 1545 ,
2353 1485 2406 1533 et
2434 1490 2735 1546 cognosces
2765 1479 2818 1527 et
2848 1471 3116 1542 intelliges
3141 1468 3211 1522 ab
3247 1466 3397 1546 exitu
3429 1480 3540 1521 ser-

1971 1573 2184 1638 monis,
2218 1579 2277 1627 ut
2312 1567 2742 1639 respondeatur,
2776 1573 2829 1621 et
2861 1562 3160 1619 aediﬁcetur
3199 1557 3539 1615 Ilier'usalem

1972 1684 2149 1738 usque
2186 1667 2253 1721 ad
2299 1664 2580 1720 Christum
2629 1661 2847 1715 ducem.
2889 1655 3264 1712 Hebdomades
3304 1660 3541 1724 septem,

1902 1737 1945 1797 Β
1973 1767 2027 1814 et
2048 1737 2415 1814 bebdomades
2446 1753 2728 1823 sexaginta
2757 1748 2919 1820 382
2951 1748 3073 1801 duae
3092 1788 3108 1813 ,
3136 1751 3190 1801 et
3220 1750 3544 1807 revertetur,

1974 1863 2027 1908 ct
2066 1848 2430 1906 azdiﬁcabitur
2464 1847 2643 1918 platea
2682 1850 2735 1897 et
2775 1855 3001 1905 murus,
3042 1845 3097 1893 et
3132 1835 3545 1892 evacuabuntur

1976 1955 2217 2014 tempora
2241 1961 2253 1995 :
2277 1948 2331 1997 et
2362 1950 2485 2011 post
2503 1933 2874 1993 hebdomadas
2906 1928 3187 1999 sexaginta
3216 1928 3353 1982 duas
3377 1966 3391 1991 ,
3423 1940 3546 1996 per-

1976 2039 2073 2095 ibit
2112 2036 2299 2092 unctio
2324 2077 2342 2102 ,
2389 2041 2444 2089 et
2503 2030 2770 2103 judicium
2810 2039 2917 2080 non
2958 2031 3043 2079 est
3083 2023 3136 2077 in
3176 2037 3280 2086 ea,
3319 2028 3373 2076 et
3412 2004 3547 2074 εἷ’ιί-

1970 2140 2141 2187 tatem
2176 2139 2231 2185 ει
2262 2133 2514 2185 sanctum
2553 2118 2828 2193 diSperdet
2864 2132 2989 2171 cum
3018 2114 3158 2169 duce
3195 2122 3458 2175 venturo,
3495 2116 3549 2164 et

1974 2224 2298 2281 excidentur
2337 2221 2391 2275 in
2433 2216 2671 2278 diluvio,
2711 2220 2766 2268 et
2806 2224 2979 2280 usque
3016 2205 3085 2261 ad
3125 2204 3286 2261 ﬁnem
3327 2203 3450 2259 belli
3492 2201 3550 2254 in

1975 2314 2358 2387 compendium
2391 2309 2595 2367 redacti
2626 2301 3134 2366 internecionibus,
3165 2304 3219 2375 et
3253 2295 3549 2353 conﬁrmas.

1976 2411 2055 2465 bit
2096 2414 2315 2482 pactum
2353 2403 2541 2458 multis
2579 2396 2921 2455 hebdomada
2961 2407 3106 2456 una,
3167 2397 3223 2445 et
3273 2390 3328 2444 in
3368 2387 3549 2443 medio

1977 2479 2332 2558 hebdomadis
2360 2495 2638 2550 auferetur
2670 2487 3000 2546 sacriﬁcium
3031 2491 3083 2539 et
3115 2479 3339 2547 libatio,
3371 2486 3425 2533 et
3456 2495 3552 2534 ειιη

1977 2610 2074 2666 per
2110 2591 2370 2661 templum
2410 2582 2749 2642 abominatio
2782 2577 3217 2637 desolationum,
3271 2580 3326 2630 et
3374 2586 3548 2640 usque

1978 2685 2045 2741 ad
2068 2679 2596 2739 consummationem
2632 2670 2894 2743 temporis
2914 2711 2929 2736 ,
2954 2663 3360 2722 consummatio
3394 2659 3548 2713 dam—

1978 2786 2067 2832 tur
2110 2776 2166 2830 in
2208 2771 2602 2829 desolationem
2633 2767 2703 2821 δ’.
2739 2784 2757 2817 ι
2784 2763 2921 2818 Cum
2962 2758 3205 2815 Iudaicae
3242 2754 3419 2827 gentis
3461 2767 3551 2808 se—

1979 2865 2333 2940 ptuagenaria
2360 2860 2501 2935 apud
2527 2855 2861 2929 Babylonios
2889 2851 3124 2908 servitus
3152 2849 3265 2918 jam
3295 2845 3362 2901 ad
3388 2844 3553 2899 ﬁnem

1980 2958 2262 3030 tenderet,
2302 2933 2509 3008 Danieli
2547 2948 2722 3004 oranti
2773 2959 2920 3000 unus
2957 2957 3024 2997 ex
3067 2937 3273 2995 sanctis
3308 2935 3403 2989 Dei
3446 2933 3553 2991 mi.-

1980 3052 2172 3108 nistris
2223 3028 2377 3104 visus
2427 3041 2644 3100 Gabriel
2693 3035 3083 3106 archangelus,
3140 3028 3551 3085 renovationem

1979 3126 2133 3201 urbis
2176 3138 2517 3197 Hierusalem
2563 3132 2741 3204 primo
2787 3141 3004 3199 quoque
3044 3131 3291 3193 tempore
3330 3125 3395 3175 ει.
3430 3118 3551 3174 sine

1979 3251 2130 3292 mora
2167 3234 2413 3289 futuram
2452 3226 2638 3290 canit,
2671 3229 2725 3278 et
2753 3229 2979 3291 tempus
2998 3228 3172 3287 usque
3205 3212 3273 3268 ad
3306 3225 3429 3273 eam
3456 3224 3548 3264 re-

1980 3328 2325 3385 novationem
2364 3335 2596 3377 numero
2626 3332 2899 3373 annorum
2941 3312 3310 3371 determinat:
3350 3306 3551 3380 praedi-

1979 3422 2164 3492 citque
2205 3426 2264 3472 ut
2307 3424 2431 3486 post
2474 3410 2757 3467 deﬁnitum
2804 3406 2938 3463 illud
2974 3402 3238 3475 temporis
3269 3400 3505 3470 spatium
3531 3439 3548 3462 ,

1981 3529 2179 3569 rursus
2206 3515 2501 3569 evertetur,
2548 3510 2717 3574 utque
2757 3508 2880 3572 post
2928 3496 3226 3553 secundam
3272 3505 3550 3562 expugna-

1981 3604 2181 3659 tionem
2218 3608 2385 3671 atque
2426 3593 2805 3659 obsidionem,
2856 3606 2969 3645 non
3016 3588 3160 3643 ultra
3214 3585 3324 3658 DQ
3369 3589 3550 3635 tutore

1981 3695 2269 3768 gaudebit,
2303 3690 2397 3746 sed
2428 3689 2545 3745 sola
2575 3703 2639 3743 ac
2676 3686 2891 3741 deserta
2935 3695 3120 3738 secum
3158 3691 3263 3732 una
3300 3674 3549 3729 Mosaicae

1981 3766 2115 3858 legis
2144 3786 2251 3840 ritu
2280 3782 2525 3845 sublato,
2552 3776 2927 3851 permanebit,
2955 3772 3155 3843 quippe
3185 3783 3309 3823 cum
3341 3767 3397 3820 in
3428 3766 3548 3834 ejus

1982 3881 2122 3936 ritus
2152 3880 2363 3941 locum,
2393 3878 2448 3930 in
2484 3875 2650 3931 vitam
2683 3870 2968 3926 hominum
3005 3865 3236 3919 alterum
3268 3858 3340 3915 sit
3378 3858 3553 3912 intro-

1982 3969 2289 4027 ducendum
2321 3966 2751 4025 Testamentum,
2788 3958 2934 4028 quod
2972 3953 3181 4008 Novum
3217 3951 3451 4007 dicatur.
3488 3945 3554 4000 Et

1983 4063 2128 4126 haec,
2160 4066 2219 4113 ut
2252 4058 2309 4112 in
2342 4053 2584 4110 oraculis
2613 4065 2732 4105 mos
2762 4057 2880 4110 est,
2917 4046 3151 4099 latenter
3181 4056 3241 4096 se
3279 4039 3386 4110 ipsi
3423 4052 3553 4109 pro-

1984 4154 2161 4225 pheta:
2192 4148 2439 4204 indicare
2465 4143 2685 4200 Gabriel
2717 4139 3024 4212 proﬁtetur.
3058 4135 3153 4189 Ait
3185 4132 3352 4203 igitur
3386 4130 3456 4185 ad
3486 4129 3553 4183 il-

1985 4219 2095 4301 lum
2124 4262 2137 4298 :
2179 4260 2198 4294 ι
2226 4240 2382 4295 Nunc
2412 4252 2667 4308 egressus
2700 4247 2820 4288 sum
2859 4240 2917 4284 ut
2948 4227 3168 4282 alleram
3209 4224 3309 4278 tibi
3349 4219 3554 4277 intelli-

1985 4338 2221 4411 gentiam
2249 4354 2262 4389 :
2291 4333 2358 4387 ab
2388 4329 2542 4385 initio
2569 4339 2790 4398 precum
2816 4330 3032 4376 tuarum
3055 4332 3310 4388 egressus
3334 4320 3418 4369 est
3438 4327 3555 4369 ser-

1987 4403 2113 4494 mo,
2154 4436 2209 4483 et
2254 4440 2354 4498 ego
2383 4423 2505 4478 veni
2553 4426 2613 4474 ut
2652 4416 2949 4471 indicarem
2994 4409 3127 4473 tibi,
3163 4405 3311 4479 quod
3341 4404 3424 4459 vir
3453 4403 3553 4458 de-

1987 4520 2314 4580 sideriorum
2369 4524 2428 4569 tu
2475 4529 2566 4579 es,
2620 4520 2673 4565 et
2721 4504 3098 4562 animadverte
3148 4500 3202 4554 in
3251 4497 3452 4562 verbo,
3503 4502 3559 4549 et

1988 4611 2229 4680 intellige
2281 4608 2338 4663 in
2382 4605 2615 4660 visione.
2650 4599 2908 4666 IQllIbllS
2959 4594 3142 4649 verbis
3192 4591 3350 4662 plane
3402 4587 3557 4642 illum

1988 4678 2229 4769 excitat,
2264 4708 2326 4756 ut
2358 4695 2689 4769 profundius
2726 4688 3159 4749 animadvertat,
3204 4678 3558 4754 profundius-

1987 4812 2094 4868 que
2133 4793 2398 4863 intelligat
2434 4804 2496 4844 ea
2534 4801 2655 4857 quae
2696 4785 2751 4839 in
2793 4780 2972 4838 verbis
3008 4778 3078 4832 ab
3118 4777 3236 4846 ipso
3276 4770 3557 4843 proferen-

1987 4862 2074 4944 dis
2101 4862 2563 4954 contemplatione
2623 4878 2785 4947 digna
2818 4881 2966 4928 sunt.
3017 4868 3296 4939 Siquidem
3336 4864 3426 4918 illa
3477 4862 3559 4915 vi-

1987 4980 2199 5035 sionem
2256 4973 2526 5046 appellat,
2591 4978 2881 5041 propterea
2937 4959 3083 5032 quod
3144 4954 3555 5029 profundiorem

1986 5069 2277 5143 quemdam
2317 5078 2539 5121 sensum
2585 5060 2891 5128 attingunt,
2942 5066 3119 5123 neque
3158 5046 3369 5118 vulgari
3420 5060 3558 5116 qua-

1986 5137 2111 5221 dam
2154 5156 2440 5231 prudentia
2489 5151 2734 5219 indigent
2766 5165 2779 5200 :
2813 5141 3168 5216 quamobrem
3202 5137 3307 5208 ipsi
3340 5149 3557 5206 quoque

1989 5270 2113 5312 eum
2154 5228 2514 5309 invocantes,
2561 5241 2654 5312 qui
2697 5239 2791 5294 dat
2830 5232 3150 5291 hominibus
3192 5228 3515 5300 sapientiam
3540 5264 3555 5289 ,

1988 5353 2356 5419 rogantesque
2384 5346 2442 5393 ut
2469 5334 2666 5390 mentis
2693 5329 2885 5386 oculos
2910 5326 3070 5395 nol)"
3096 5323 3365 5380 illuminet
3382 5360 3399 5388 ,
3425 5334 3559 5375 con-

1992 5411 2220 5496 ﬁdenter
2267 5411 2673 5503 aggrediamur,
2709 5437 2829 5493 qua:
2862 5420 2930 5475 ad
2963 5420 3161 5474 horum
3194 5417 3441 5473 locorum
3472 5411 3559 5466 inv

1992 5499 2433 5601 terpretationem
2481 5517 2751 5590 pertinent
2786 5533 2801 5570 :
2843 5532 2862 5565 ι
2900 5510 3282 5583 Septuaginta,
3343 5499 3563 5578 inqult.
