4106 6420
542 248 649 307 599

1154 300 1169 313 κ
1215 218 1484 314 ausam!
1521 258 2007 323 casmmusns
2039 266 2106 323 οι

2232 270 2416 332 PARS
2449 273 2515 335 ll.
2553 306 2613 319 -—
2642 277 3140 339 APOLOGETICA.

540 360 910 420 hebdomades
949 369 1329 436 compendium
1379 384 1637 442 accepere
1656 387 1821 443 super
1861 377 2106 447 populum

2222 384 2413 455 ὅρασιν
2432 389 2529 441 καὶ
2549 391 2907 463 προφητείαν,
2924 393 3019 447 καὶ
3042 393 3138 449 τοῦ
3169 396 3351 468 χρῖσαι
3377 396 3532 467 ἅγιον
3554 399 3785 469 ἁγίων.»

542 461 699 508 tuum
719 493 736 519 ,
760 462 815 510 et
837 470 1002 527 super
1020 457 1293 515 civitatem
1315 471 1593 530 sanctam,
1618 470 1681 517 ut
1704 475 2118 523 consummetur

541 551 859 614 peccatum,
896 555 951 603 et
986 549 1147 618 quasi
1183 551 1391 608 annulo
1426 553 1714 624 signentur
1752 566 2018 625 peccata:
2061 568 2117 616 et

542 636 834 691 deleantur
879 638 1238 710 iniquitates,
1282 651 1339 698 et
1380 644 1671 716 expientur
1710 645 2028 716 injustitiae,
2063 659 2117 706 et

545 727 853 785 adducatur
879 730 1096 800 iustitia
1136 735 1503 806 sempiterna,
1536 745 1593 793 et
1617 742 1779 810 quasi
1824 741 1981 814 signo
2014 743 2117 798 im-

544 832 739 891 presso
788 820 1077 877 claudatur
1128 824 1268 882 visio
1307 834 1361 882 et
1406 829 1691 900 prophetia
1716 870 1734 897 ,
1787 841 1841 888 et
1881 841 2117 905 ungatur

546 908 784 968 Sanctus
834 921 1177 973 sanctorum.
1209 936 1229 972 ι
1264 918 1427 990 383
1459 919 1616 987 Quod
1671 922 1842 994 igitur
1893 934 2115 996 septua-

544 1002 691 1072 ginta
723 1003 1190 1062 hebdomadarum
1223 1011 1461 1079 spatium
1485 1052 1501 1079 ,
1537 1013 1584 1068 si
1633 1014 1688 1069 in
1734 1029 1909 1072 annos
1938 1017 2115 1073 resol-

540 1100 724 1158 vatur,
777 1096 1072 1168 nonaginta
1133 1114 1298 1171 supra
1358 1102 1789 1175 quadringentos
1840 1123 2111 1163 summam

542 1185 821 1253 conﬁciat,
877 1190 1117 1257 nemini,
1148 1199 1281 1262 puto
1304 1234 1319 1261 ,
1351 1193 1577 1250 dubium
1605 1205 1710 1253 est.
1746 1197 1983 1255 Tantum
2014 1199 2114 1272 igi-

540 1283 634 1331 tur
661 1281 926 1349 temporis
958 1284 1339 1354 compendium
1389 1290 1600 1359 accepit
1648 1305 1817 1361 super
1853 1294 2112 1364 populum

540 1377 694 1422 tuum
715 1408 731 1435 ,
765 1369 854 1425 ubi
885 1386 1016 1428 sane
1048 1388 1263 1430 omnem
1297 1374 1535 1434 Iudaicae
1564 1382 1742 1451 gentis
1773 1384 2117 1439 terminatio-

542 1475 666 1515 nem
715 1464 992 1551 cqncludit
1029 1484 1042 1520 :
1088 1482 1189 1523 nec
1236 1476 1421 1525 tamen
1478 1473 1602 1529 illos
1648 1475 1702 1528 in
1748 1475 1835 1531 bis
1879 1477 2114 1546 amplius

540 1550 636 1607 Dei
670 1550 928 1624 populum
961 1567 1153 1623 vocat,
1196 1562 1291 1615 sed
1336 1563 1622 1635 alloquens
1668 1568 1845 1637 ipsum
1890 1568 2109 1635 Daniel,

546 1662 564 1694 ι
592 1640 880 1713 Populum,
921 1664 941 1698 ι
962 1648 1156 1720 inquit,
1184 1670 1203 1701 ι
1237 1660 1419 1709 tuum:
1445 1674 1463 1705 ι
1489 1660 1871 1728 uamquealias
1898 1676 2112 1731 quoque

2219 478 2340 531 Ὀτι
2366 478 2473 533 τῶν
2506 480 2874 556 ἑϐδομήκοντα
2892 485 3202 571 ἑϐδομάδων
3235 490 3265 543 ό
3295 491 3505 561 χρόνος,
3527 493 3588 546 tv
3610 493 3789 549 tractv

2215 569 2599 643 ἀναλυόμενος,
2651 576 3002 649 ἐννενήκοντα
3077 569 3217 653 πρὸς
3263 584 3379 648 τοῖς
3416 587 3788 657 τετρακοσίοις

2214 662 2444 735 ἀριθμὸν
2470 665 2709 735 συνάγει,
2741 668 2902 722 παντί
2928 686 3032 723 που
3049 670 3224 744 δῆλον.
3259 673 3521 739 Τοσοῦτος
3551 693 3634 731 τοι
3650 694 3791 751 γαρ-

2213 753 2308 808 οῦν
2359 756 2665 828 συνετμήθη
2719 758 2910 830 χρόνος
2956 761 3049 815 ἐπὶ
3097 760 3191 815 τὸν
3233 762 3362 818 λαόν
3414 781 3530 833 σου,
3569 766 3633 820 τὸ
3673 769 3787 822 πᾶν

2217 846 2593 920 συμπέρασμα
2634 849 2731 905 τοῦ
2772 850 3037 907 Ἰουδαίων
3070 854 3397 927 περιορίζων
3432 855 3620 923 ἔθνους
3640 875 3657 890 ⁸
3691 861 3790 915 καὶ

2212 940 2397 993 οὐκέτι
2417 957 2480 1010 γε
2510 942 2707 1007 αὐτοὺς
2729 944 2788 998 ἐν
2820 944 3031 1010 τούτοις
3057 945 3192 1001 Θεοῦ
3217 946 3343 1002 λαὸν
3370 950 3787 1024 προσαγορεύει,

2214 1030 2347 1084 ἀλλὰ
2376 1031 2455 1104 τῷ
2489 1034 2692 1106 Δανιήλ
2713 1051 2867 1107 φησι,
2898 1055 2918 1088 ι
2941 1037 3068 1092 λαόν
3100 1055 3214 1092 σου.
3242 1058 3265 1115 ι
3290 1039 3497 1113 Ὥσπερ
3517 1040 3628 1115 γὰρ
3658 1044 3790 1098 άσε-

2214 1122 2281 1193 6ή
2290 1123 2460 1177 σαντά
2484 1141 2613 1178 ποτε
2642 1126 2738 1179 καὶ
2765 1113 3293 1202 εἰδωλολατρήσαντὶι
3316 1133 3410 1185 ἐπὶ
3433 1133 3530 1205 τῆς
3550 1113 3783 1206 ἐρήμου,

2212 1214 2396 1268 οὐκέτι
2441 1214 2571 1270 λαὸν
2610 1218 2803 1272 ἑαυτοῦ
2834 1221 2864 1273 ό
2888 1219 3039 1288 Θεὸς,
3071 1221 3204 1277 άλλὰ
3230 1223 3325 1278 τοῦ
3350 1226 3593 1291 Μωσέως
3618 1245 3788 1299 προσ-

2212 1308 2332 1359 εῖπε
2356 1346 2371 1370 ,
2408 1307 2618 1378 φήσας’
2657 1327 2676 1360 ι
2705 1309 2922 1376 Βάὸιςε,
2956 1313 3257 1385 κατάϐηθι·
3312 1317 3552 1391 ήνόμησε
3603 1322 3714 1393 γὰρ
3754 1324 3784 1377 ό

2211 1395 2338 1459 λαός
2371 1413 2493 1450 σουι
2528 1416 2548 1450 ι
2585 1398 2676 1454 τὸν
2722 1400 2884 1454 αὐτὸν
2918 1403 3116 1473 τρόπον
3172 1406 3448 1462 κάνταῦθα
3483 1409 3578 1463 τοῦ
3630 1429 3784 1484 περι-

2211 1486 2440 1558 ωρίσθαι
2472 1489 2592 1542 κατ’
2623 1489 2803 1542 αὐτῶν
2852 1491 2943 1544 τὸν
2976 1491 3277 1561 δηλωθέντα
3308 1495 3497 1567 χρόνον
3522 1496 3584 1550 τὸ
3613 1498 3781 1552 αἴτιον

2212 1579 2545 1635 ἐκδιδάσκει·
2592 1581 2749 1636 τοῦτο
2795 1582 2837 1636 δ’
2878 1579 2946 1655 ἦν
2990 1585 3051 1637 τὸ
3101 1586 3295 1658 μηκέτι
3345 1587 3439 1642 τοῦ
3490 1588 3625 1643 Θεοῦ
3658 1590 3784 1646 λαὸν

2211 1670 2407 1735 αὐτοὺς
2436 1672 2819 1740 καταξιοῦσθαι
2842 1676 3216 1746 χρηματίζειν.
3247 1679 3515 1749 Ἐπιλέγει
3533 1681 3611 1746 δὲ,
3639 1702 3659 1733 ι
3677 1684 3783 1737 Καὶ

538 1743 799 1805 tanquam
830 1754 954 1793 eum
991 1741 1085 1811 qui
1122 1742 1286 1814 impie
1313 1746 1550 1815 egisset,
1591 1758 1646 1804 et
1690 1751 2000 1807 simulacris
2050 1768 2106 1810 se

2211 1760 2303 1814 ἐπὶ
2331 1760 2430 1833 τὴν
2456 1737 2607 1815 πόλιν
2626 1762 2725 1833 τὴν
2754 1737 2916 1831 ἁγίαν
2934 1737 2998 1815 ί.)
3022 1737 3205 1819 τὸνσοῦ
3233 1766 3393 1822 πάλιν
3421 1737 3783 1834 ὲνξακουὸντων

539 1826 873 1894 addixisset,
908 1846 1017 1886 non
1046 1834 1280 1904 amplius
1311 1852 1470 1890 suum
1507 1842 1766 1909 populum
1801 1841 1981 1908 Deus,
2013 1843 2110 1900 sed

540 1917 707 2008 Mo‘sis
765 1922 1084 2011 appellavit,
1138 1941 1260 1981 cum
1311 1929 1485 1985 dixit:
1516 1951 1535 1982 ι
1567 1931 1747 1997 Vade,
1803 1934 2107 2002 descende,

539 2015 785 2082 peccavit
809 2016 952 2069 enim
982 2019 1216 2086 populus
1248 2029 1375 2077 tuus
1400 2024 1465 2077 ⁸ο.
1499 2044 1517 2076 ι
1543 2024 1697 2079 Nunc
1726 2026 1892 2096 igitur
1917 2027 2109 2085 eodem

538 2104 701 2159 modo
734 2119 991 2172 causam,
1024 2123 1125 2163 cur
1156 2110 1286 2164 illud
1333 2113 1595 2183 temporis
1638 2117 1875 2185 Spatium
1919 2126 2111 2174 contra

537 2196 660 2252 illos
713 2198 1028 2268 praeﬁnierit
1067 2202 1274 2256 docet:
1325 2205 1427 2259 hoc
1468 2213 1649 2261 autem
1689 2217 1809 2275 est,
1856 2225 1953 2266 eos
1998 2227 2109 2266 non

538 2290 775 2358 amplius
803 2290 998 2361 dignos
1030 2308 1185 2358 esse,
1222 2296 1315 2365 qui
1346 2298 1581 2368 papulus
1616 2298 1711 2354 Dei
1743 2303 2105 2371 appellentur.

534 2378 741 2438 Deinde
784 2382 1032 2455 adjungit
1080 2385 1247 2452 illud,
1282 2406 1301 2438 ι
1335 2387 1399 2442 Et
1449 2388 1625 2463 Super
1657 2394 1931 2450 civitatem
1982 2411 2111 2451 san-

534 2481 677 2527 ctam
709 2492 725 2541 ;
756 2495 776 2527 ι
804 2476 894 2531 ubi
926 2476 1059 2532 illud
1109 2488 1253 2533 tuam
1288 2496 1483 2539 rursus
1512 2500 1545 2538 a
1588 2486 1856 2554 superiori
1905 2487 2112 2543 subau-

533 2567 773 2623 divimus
803 2587 817 2623 :
854 2577 914 2624 ut
945 2571 1021 2625 ita
1054 2570 1266 2627 dictum
1294 2589 1418 2630 esse
1451 2575 1727 2642 videatur,
1757 2595 1774 2628 ι
1806 2593 1973 2648 super
2010 2596 2109 2649 po-

534 2660 722 2729 pulum
764 2668 918 2717 tuum
962 2671 1015 2717 et
1053 2680 1221 2735 super
1260 2667 1540 2724 civitatem
1585 2678 1831 2725 sanctam
1867 2680 2052 2739 tuam,
2086 2693 2103 2724 ι

532 2766 644 2807 non
674 2768 835 2809 secus
869 2768 931 2809 ac
964 2758 1010 2810 si
1038 2756 1302 2814 dixisset:
1327 2758 1458 2825 Quae
1480 2768 1586 2817 ate
1615 2771 1803 2817 sancta
1832 2763 2111 2818 existima-

532 2850 643 2899 tur.
699 2843 835 2901 Nam
863 2856 917 2902 et
944 2847 1246 2905 chraicus
1292 2861 1602 2917 contextus,
1633 2861 1688 2908 et
1719 2854 1911 2924 reliqui
1943 2856 2109 2909 inter-

532 2946 716 3008 pretes
775 2954 887 2993 uno
940 2956 1067 3005 ore,
1120 2956 1230 2997 non
1283 2943 1461 2999 solum
1525 2945 1592 3000 ad
1653 2947 1913 3016 pepulum
1972 2948 2102 3003 illud

2209 1852 2366 1923 ἡμῶν
2395 1853 2535 1907 κατὰ
2569 1855 2771 1919 κοινοῦ,
2817 1856 2891 1920 ὡς
2922 1853 3060 1911 εἶναι
3106 1861 3166 1912 τὸ
3193 1859 3482 1932 λεγόμενον
3525 1862 3780 1931 τοιοῦτον,

2216 1963 2234 1995 ι
2260 1945 2380 1998 Ἐπὶ
2398 1946 2487 1999 τὸν
2506 1946 2631 2000 λαόν
2658 1963 2773 2013 σου,
2798 1949 2893 2003 καὶ
2920 1951 3012 2003 ἐπὶ
3040 1951 3136 2023 τὴν
3158 1951 3309 2007 πόλιν
3333 1953 3431 2024 τὴν
3449 1955 3608 2023 ἁγίαν
3632 1973 3776 2019 acu,»

2210 2035 2287 2099 ὡς
2328 2038 2377 2090 εί
2426 2039 2648 2107 ἔφασκε·
2711 2037 2821 2111 Τὴν
2884 2044 2967 2096 σοὶ
3026 2045 3414 2117 νενομισμένην
3478 2047 3659 2116 ἁγίαν.
3711 2046 3784 2101 Τὸ

2212 2126 2343 2195 γοῦν
2368 2128 2672 2199 Ἐϐραϊκὸν,
2696 2131 2791 2185 καὶ
2817 2133 2868 2185 οἱ
2893 2132 3068 2189 λοιποὶ
3101 2135 3403 2206 συμφώνως
3431 2138 3781 2210 ἐρμηνευταὶ,

2212 2221 2273 2273 οὐ
2311 2221 2469 2291 μόνον
2497 2222 2591 2275 ἐπὶ
2620 2222 2715 2275 τοῦ
2748 2223 2901 2289 λαοῦ,
2937 2225 3072 2279 ἀλλὰ
3100 2228 3194 2281 καὶ
3228 2229 3319 2282 ἐπὶ
3348 2230 3445 2300 τῆς
3482 2229 3686 2287 πόλεως
3722 2231 3783 2285 τὸ

2210 2308 2326 2363 σοῦ
2359 2310 2747 2382 προσκείμενον
2767 2313 3127 2385 περιέχουσιν.
3162 2316 3218 2370 Ὁ
3249 2316 3379 2386 γοῦν
3418 2318 3642 2384 ’Δκύλας
3676 2338 3783 2391 φη-

2213 2399 2315 2452 σίν·
2351 2419 2371 2450 ι
2411 2400 2533 2455 Ἐπὶ
2563 2401 2654 2455 τὸν
2694 2400 2821 2457 λαόν
2851 2420 2965 2468 σου,
2997 2404 3092 2458 καὶ
3123 2406 3215 2459 ἐπὶ
3258 2407 3411 2461 πόλιν
3447 2409 3780 2481 ἡγιασμένην

2213 2510 2329 2546 σου’
2361 2514 2379 2545 ι
2402 2496 2430 2548 ὁ
2456 2494 2513 2549 δὲ
2541 2493 2854 2566 Σύμμαχος
2883 2516 2900 2547 ι
2929 2497 3091 2551 Κατὰ
3139 2498 3231 2553 τοῦ
3261 2498 3391 2553 λαοῦ
3420 2517 3533 2564 σου,
3559 2504 3652 2556 καὶ
3684 2504 3780 2575 τῆς

2212 2584 2420 2649 πόλεως
2452 2587 2551 2657 τῆς
2576 2587 2739 2656 ἁγίας
2772 2604 2885 2641 σου.
2913 2607 2931 2640 ι
2960 2588 3119 2641 Ὅθεν
3151 2589 3247 2643 καὶ
3280 2590 3429 2663 παρὰ
3469 2593 3581 2654 τοῖς
3622 2593 3779 2664 ἀκρι-

2211 2676 2361 2730 ϐέσιν
2398 2677 2749 2750 ἀντιγράφοις
2802 2679 2910 2733 τῶν
2952 2678 3345 2752 Ἐὁδομήκοντα
3393 2682 3454 2735 τὸ
3483 2683 3601 2738 σοῦ
3644 2684 3780 2755 μετὰ

2210 2768 2534 2840 άστερίσκου
2570 2770 2924 2842 παραθέσεως
2964 2772 3303 2843 πρόσκειται.
3353 2774 3507 2829 Ἐπεὶ
3548 2774 3658 2845 γὰρ
3693 2776 3781 2829 εύ-

2212 2854 2441 2927 ξάμενος
2469 2857 2668 2930 Δανιὴλ
2707 2859 2765 2912 ἐν
2789 2863 2903 2924 τοῖς
2931 2860 3031 2930 τῆς
3083 2861 3291 2926 ἱκεσίας
3342 2862 3507 2916 αὐτοῦ
3550 2865 3779 2934 ῥήμασι,

2211 2948 2472 3012 πολλάκις
2497 2949 2588 3002 τὸν
2632 2949 2729 3021 μὲν
2760 2949 2908 3016 λαὸν,
2942 2950 3076 3005 Θεοῦ
3122 2951 3249 3006 λαὸν
3276 2952 3557 3025 ὠνόμασε,
3590 2955 3682 3009 τὸν
3720 2952 3781 3010 δὲ

537 3047 557 3081 ι
589 3038 744 3086 tuum
767 3072 782 3096 ,
817 3050 835 3084 ι
866 3032 959 3088 sed
997 3035 1161 3088 etiam
1209 3033 1277 3088 ad
1327 3036 1602 3092 civitatem
1623 3077 1638 3101 ,
1680 3038 1813 3093 illud
1848 3057 1866 3090 ι
1900 3048 2048 3093 tuam
2079 3058 2098 3091 ι

2210 3040 2310 3110 τῆς
2343 3038 2551 3104 πόλεως
2585 3041 2770 3107 τόπον,
2807 3041 2962 3110 ἅγιον
2985 3041 3119 3096 Θεοῦ
3155 3044 3339 3108 τόπον,
3372 3045 3726 3117 ἀντιστρέψας
3751 3048 3782 3101 ό

531 3119 852 3191 adjungunt.
880 3122 1073 3193 Aquila
1107 3121 1288 3193 igitur,
1311 3141 1331 3174 ι
1353 3123 1529 3195 Super
1553 3126 1836 3196 populum,
1862 3146 1881 3180 ι
1911 3127 2106 3198 inquit,

533 3228 555 3263 ι
587 3219 762 3277 tuum,
812 3220 866 3269 et
894 3228 1059 3284 super
1103 3215 1377 3272 civitatem
1429 3217 1824 3272 sanctiﬁcatam
1868 3230 2055 3275 tuam:
2086 3240 2105 3272 ι

530 3302 895 3376 Symmachus
922 3313 1103 3363 autem
1126 3327 1139 3362 :
1166 3326 1185 3359 ι
1216 3308 1495 3364 Adversus
1532 3310 1797 3381 populum
1827 3319 2016 3376 tuum,
2054 3321 2107 3369 et

529 3395 807 3452 civitatem
842 3404 1091 3453 sanctam
1125 3406 1295 3454 tuam.
1332 3417 1350 3452 ι
1380 3397 1649 3466 Quocirca
1685 3401 1745 3456 in
1777 3402 1937 3459 bonis
1969 3420 2107 3475 quo-

528 3502 638 3558 que
688 3486 827 3545 LXX
870 3486 1232 3561 Interpretum
1275 3490 1594 3553 codicibus.
1628 3492 1762 3548 illud
1810 3512 1829 3546 ι
1861 3502 2046 3561 tuam,
2083 3517 2103 3549 ι

530 3579 749 3637 stellula
798 3572 1049 3652 hpposita
1091 3580 1365 3654 adjectum
1414 3590 1502 3639 est
1534 3603 1548 3638 :
1580 3599 1710 3640 nam
1764 3600 1888 3640 cum
1940 3600 2107 3644 orans

531 3672 722 3728 Daniel
767 3671 823 3727 in
866 3673 976 3729 illis
1025 3689 1141 3730 sua:
1187 3674 1607 3746 supplicationis
1652 3676 1871 3742 verbis,
1904 3678 2106 3750 saepius

527 3763 791 3834 populum
814 3804 830 3830 ,
863 3764 961 3820 Dei
1002 3765 1261 3837 populum
1304 3769 1684 3833 nominasset,
1717 3768 1960 3825 civitatis
2006 3786 2106 3825 au-

529 3863 637 3909 tem
674 3852 885 3916 locum,
922 3861 1175 3908 sanctum
1210 3851 1304 3908 Dei
1336 3854 1516 3910 locum
1541 3893 1558 3921 ,
1585 3863 1808 3912 vertens
1841 3856 1896 3912 in
1925 3858 2106 3914 diver-

529 3958 653 3998 sum
702 3943 796 4014 qui
841 3943 1244 4015 respondebat,
1298 3958 1477 4015 neque
1532 3946 1805 4002 civitatem
1856 3960 2102 4006 sanctam

526 4032 658 4098 Dei,
685 4049 864 4105 neque
891 4034 1152 4105 populum
1178 4032 1278 4089 Dei
1303 4051 1427 4092 esse
1455 4034 1682 4103 fatetur,
1710 4038 1805 4095 sed
1825 4059 1844 4091 ι
1864 4052 2018 4095 tuum
2041 4082 2055 4106 ,
2079 4059 2096 4092 ι

528 4118 705 4199 inquit
724 4169 740 4194 ,
769 4127 862 4198 qui
893 4141 1053 4191 oras,
1083 4134 1137 4181 et
1165 4127 1259 4198 qui
1294 4128 1424 4182 talia
1458 4129 1526 4184 de
1559 4131 1763 4200 populo
1794 4139 1849 4187 et
1874 4132 1943 4187 de
1983 4133 2104 4187 loco

530 4217 768 4273 civitatis
793 4217 1005 4274 dixisti.
1042 4215 1219 4273 Verba
1251 4220 1425 4289 ipsius
1472 4219 1660 4278 Daniel
1704 4223 1808 4277 hoc
1849 4225 2012 4279 modo
2043 4240 2103 4281 se

528 4309 774 4367 habent:
808 4328 828 4361 ι
857 4310 1151 4365 Avertatur
1192 4311 1345 4368 furor
1385 4321 1516 4369 tuus
1558 4321 1613 4369 et
1657 4315 1736 4370 ira
1780 4323 1876 4370 tua
1906 4332 1935 4370 a
1966 4319 2102 4372 civi-

525 4407 639 4454 tate
670 4407 763 4453 tua
794 4398 1096 4456 Jerusalem
1130 4409 1185 4456 et
1218 4410 1403 4459 monte
1435 4413 1626 4460 sancto
1651 4413 1747 4461 tuo
1774 4405 1839 4461 “.
1874 4427 1894 4461 ι
1919 4406 2052 4463 Item
2081 4429 2093 4465 :
2128 4440 2174 4496 ι)

531 4511 552 4543 ι
584 4490 821 4562 Populus
860 4501 988 4548 tuus
1017 4492 1194 4549 factus
1221 4504 1305 4550 est
1337 4495 1393 4550 in
1437 4498 1793 4567 opprobrium
1837 4500 2095 4557 omnibus

524 4583 585 4636 in
610 4582 842 4637 circuitu
874 4590 1063 4638 nostro
1092 4584 1158 4636 “.
1186 4603 1205 4636 ι
1232 4583 1298 4637 Et
1324 4600 1518 4642 rursus
1548 4606 1561 4641 :
1592 4604 1611 4638 ι
1636 4585 1874 4643 Ostende
1901 4587 2095 4645 faciem

522 4685 674 4731 tuam
732 4692 896 4747 super
940 4680 1316 4733 sanctuarium
1360 4689 1548 4745 tuum,
1608 4684 1755 4753 quod
1817 4683 2093 4740 desertum

522 4775 608 4823 est
638 4767 710 4820 ⁸⁸.
744 4786 763 4819 ι
795 4769 863 4824 Ει
892 4784 1084 4825 rursus
1114 4787 1129 4825 :
1158 4788 1177 4820 ι
1212 4767 1348 4826 Vide
1388 4771 1670 4827 interitum
1710 4774 1950 4832 civitatis
1987 4784 2095 4832 tua:

524 4876 691 4931 super
733 4876 897 4932 quam
946 4861 1258 4917 invocatum
1304 4874 1390 4919 est
1441 4879 1641 4920 nomen
1671 4875 1823 4921 tuum
1859 4868 1926 4926 “.
1966 4889 1984 4922 ι
2016 4870 2095 4925 Ac

523 4953 824 5025 deinceps:
855 4973 874 5006 ι
909 4953 1048 5020 Quia
1093 4968 1293 5009 nomen
1324 4962 1478 5010 tuum
1524 4957 1837 5014 invocatum
1873 4969 1957 5017 est
1994 4977 2090 5017 su-

523 5058 622 5112 per
651 5044 928 5100 civitatem
961 5053 1110 5098 tuam
1131 5082 1149 5107 ,
1181 5053 1234 5099 et
1272 5058 1438 5115 super
1477 5048 1739 5117 populum
1774 5057 1927 5104 tuum
1966 5050 2031 5103 ".
2069 5071 2088 5104 ι

524 5136 755 5193 Talibus
796 5154 924 5192 cum
968 5144 1213 5202 orasset,
1249 5139 1501 5210 adjunxit
1530 5160 1543 5196 :
1575 5159 1594 5193 ι
1630 5141 1697 5197 Et
1744 5158 1869 5198 cum
1914 5144 2093 5200 adhuc

524 5228 779 5298 loquerer
812 5238 868 5286 et
907 5245 1158 5297 orarem,
1199 5248 1329 5289 ecce
1376 5231 1598 5290 Gabriel
1644 5253 1804 5308 quem
1850 5237 2091 5294 videram

525 5320 581 5374 in
614 5321 825 5376 visione
855 5324 1229 5387 meam/alam
1264 5325 1439 5397 tetigit
1471 5343 1556 5383 me
1578 5366 1595 5393 ,
1632 5337 1687 5383 et
1718 5329 1856 5384 dixit
1885 5344 1950 5384 ea
1986 5331 2095 5385 uti-

524 5423 633 5479 que
678 5424 799 5480 qua:
841 5412 1094 5482 superius
1130 5412 1405 5486 descripta
1450 5415 1639 5473 habes.
1674 5438 1694 5471 ι
1731 5418 1898 5491 384
1925 5418 2094 5477 Plane

525 5500 692 5571 igitur
724 5502 779 5556 in
811 5502 896 5558 his
953 5505 1215 5575 propheta
1256 5523 1367 5564 non
1408 5508 1733 5580 simpliciter
1775 5512 2086 5582 civitatem,

2215 3128 2589 3202 χρηματίζων,
2640 3129 2762 3185 οὔτε
2799 3132 2898 3203 τὴν
2942 3132 3095 3186 πόλιν
3142 3134 3300 3202 ἁγίαν
3324 3135 3418 3189 τοῦ
3451 3134 3619 3199 Θεοῦ,
3656 3136 3779 3191 οὔτε

2211 3220 2302 3275 τὸν
2332 3220 2460 3274 λαὸν
2489 3219 2583 3274 τοῦ
2605 3221 2739 3275 Θεοῦ
2772 3217 2910 3276 εἶναι
2935 3222 3204 3294 ὁμολογεῖ,
3232 3223 3367 3278 ἀλλὰ
3400 3242 3421 3276 ι
3451 3225 3544 3279 σοῦ
3584 3246 3604 3278 ›
3645 3245 3780 3298 φησι

2210 3311 2304 3366 τοῦ
2372 3313 2829 3385 προσευχομένου,
2900 3314 2994 3368 καὶ
3040 3315 3266 3371 τοιαῦτα
3320 3318 3449 3389 περὶ
3494 3317 3588 3371 τοῦ
3647 3318 3779 3373 λαοῦ

2211 3402 2422 3456 καὶτοῦ
2447 3402 2615 3457 τόπου
2642 3404 2736 3456 καὶ
2767 3405 2867 3475 τῆς
2889 3404 3097 3469 πόλεως
3131 3406 3433 3478 εἰρηκότος.
3467 3408 3689 3479 Ἔχουσι
3722 3409 3779 3463 δὲ

2209 3494 2302 3547 τοῦ
2351 3494 2547 3564 Δανιὴλ
2576 3495 2629 3547 ai
2681 3496 2855 3565 φωναὶ
2879 3494 3078 3560 οῦτωςυ
3106 3516 3125 3548 ι
3162 3498 3594 3570 Ἀποστραφήτω
3646 3500 3712 3572 δὴ
3752 3504 3783 3556 ό

2209 3584 2379 3657 θυμός
2412 3602 2539 3653 σου,
2590 3586 2683 3639 καὶ
2716 3588 2750 3658 η
2801 3587 2936 3658 ὀργή
2996 3604 3090 3641 σου
3123 3589 3231 3643 ἀπὸ
3277 3589 3377 3660 τῆς
3426 3589 3635 3656 πόλεώς
3685 3610 3778 3646 σου

2219 3671 2574 3745 Ἰερουσαλὴμ
2601 3673 2760 3746 ὅρους
2804 3674 2957 3744 άγίου
3012 3693 3139 3730 σου·
3167 3697 3185 3729 ι
3216 3678 3331 3733 καί⁹
3371 3698 3390 3731 ι
3431 3679 3488 3734 '0
3525 3682 3653 3746 λαός
3685 3700 3777 3738 σου

2206 3762 2425 3831 ἐγένετο
2445 3763 2524 3826 είς
2543 3763 2844 3836 ὀνειδισμὸν
2864 3766 2922 3819 ὲν
2944 3768 3076 3820 πᾶσι
3097 3770 3208 3831 τοῖς
3230 3769 3542 3843 περικύκλῳ
3566 3772 3773 3844 ἡμῶν»

2207 3853 2302 3906 καὶ
2334 3854 2525 3908 πάλιν·
2573 3874 2591 3907 ι
2639 3856 2929 3927 Ἐπίφανον
2980 3858 3041 3912 τὸ
3092 3860 3382 3932 πρόσωπόν
3434 3880 3526 3916 σου
3576 3865 3667 3918 ἐπὶ
3717 3865 3778 3920 τὸ

2208 3943 2453 4017 ἁγίασμά
2481 3964 2574 4001 σου
2601 3947 2662 4001 τὸ
2688 3946 2893 4020 ἔρημον
2911 3967 2925 3979 -
2963 3969 2984 4003 ι
3019 3952 3114 4004 καὶ
3140 3947 3292 4016 αὖθις
3310 3969 3323 3982 ·
3349 3972 3367 4005 ι
3394 3953 3499 4007 Ἴδε
3521 3953 3612 4008 τὸν
3635 3956 3776 4026 ἀφα-

2207 4037 2397 4108 νισμὸν
2428 4039 2529 4110 τῆς
2562 4038 2769 4102 πόλεώς
2797 4057 2912 4106 σου,
2937 4043 3020 4112 ἐφ’
3045 4039 3114 4116 ἦς
3138 4043 3493 4118 ἐπικέκληται
3518 4047 3581 4100 τὸ
3607 4047 3778 4121 ὄνομά

2208 4143 2300 4180 σου
2330 4130 2414 4181 ἐπ’
2446 4130 2646 4200 αὐτῆς
2671 4149 2690 4181 ι
2730 4131 2823 4184 καὶ
2851 4130 3009 4203 ἑξῆς·
3039 4135 3160 4187 Ὅτι
3210 4135 3272 4188 τὸ
3313 4135 3485 4208 ὄνομά
3540 4155 3632 4192 σου
3678 4142 3776 4195 έπ-

2204 4220 2403 4293 εκλήθη
2451 4223 2543 4275 ἐπὶ
2574 4223 2672 4293 τὴν
2725 4223 2876 4277 πόλιν
2926 4241 3019 4278 σου
3063 4228 3158 4280 καὶ
3187 4227 3279 4280 ἐπὶ
3320 4228 3410 4283 τὸν
3438 4228 3565 4285 λαόν
3607 4248 3722 4286 σου.
3749 4253 3769 4287 ι

2204 4311 2439 4367 Τοιαῦτα
2465 4312 2759 4383 εὐξάμενος
2777 4313 3017 4384 ἐπιλέγει
3041 4333 3054 4346 ·
3086 4340 3104 4368 ι
3123 4318 3232 4373 Καὶ
3259 4318 3338 4372 ἔτι
3366 4337 3466 4390 μου
3492 4320 3776 4388 λαλοῦντος

2203 4406 2298 4459 καὶ
2332 4405 2805 4477 προσευχομένου,
2844 4408 2953 4462 ίδοὺ
3000 4409 3275 4482 Γαϐριὴλ,
3315 4411 3375 4466 ὃν
3405 4409 3544 4467 εἶδον
3598 4418 3656 4469 ὲν
3704 4421 3772 4491 τῇ

2201 4498 2389 4569 ὁράσει
2417 4515 2542 4569 μου,
2572 4498 2885 4569 πετόμενος,
2914 4500 3010 4555 καὶ
3039 4502 3212 4573 ἣψατό
3240 4521 3365 4574 μου,
3396 4508 3490 4559 καὶ
3520 4505 3639 4560 εἶπε
3664 4529 3681 4560 ι
3705 4508 3774 4562 τά

2202 4587 2683 4659 ἀναγεγραμμένα.
2729 4590 2925 4659 Σαφῶς
2953 4586 3046 4644 οὖν
3090 4592 3177 4647 διὰ
3222 4591 3427 4647 τούτων
3452 4595 3479 4647 ὀ
3515 4596 3611 4666 μὲν
3638 4614 3773 4669 προ-

2202 4682 2377 4751 φήτης
2404 4680 2558 4734 πόλιν
2577 4681 2675 4752 οὐχ
2687 4682 2892 4748 ἁπλῶς,
2920 4682 3054 4738 ἀλλὰ
3087 4703 3107 4736 ι
3130 4684 3224 4739 τοῦ
3256 4684 3392 4740 Θεοῦ
3416 4688 3570 4743 πόλιν
3601 4707 3621 4740 ι
3641 4689 3773 4743 ὠνό-

2202 4787 2361 4842 μασε,
2390 4770 2566 4825 καὶτὸ
2594 4773 2840 4845 ἀγίασμα
2871 4792 2890 4826 ι
2917 4775 3010 4829 τοῦ
3039 4776 3172 4831 Θεοῦ
3196 4779 3465 4851 άγίασμα,
3491 4798 3510 4833 ι
3541 4780 3636 4834 καὶ
3683 4772 3773 4837 τὸν

2201 4861 2328 4917 λαὸν
2350 4882 2368 4914 ι
2390 4862 2485 4917 τοῦ
2507 4863 2640 4918 Θεοῦ
2659 4865 2802 4931 λαὸν,
2816 4887 2834 4919 ι
2852 4866 3080 4922 διαθέσει
3094 4873 3158 4942 τῇ
3176 4870 3412 4941 πρὸςτὸν
3422 4871 3772 4927 λαόν.υύκέτι

2205 4956 2312 5028 μὴν
2336 4958 2432 5011 καὶ
2460 4959 2489 5011 ό
2520 4957 2761 5032 Γαὸριὴλ
2784 4960 2985 5033 ὁμοίως
3010 4962 3159 5033 αὐτῷ
3180 4962 3333 5016 καλεῖ
3350 4963 3419 5017 τὰ
3445 4962 3768 5037 δηλούμενα,

2202 5049 2437 5121 ἔμπαλιν
2469 5052 2547 5117 δὲ,
2567 5072 2587 5105 ι
2620 5053 2742 5107 Ἐπὶ
2777 5054 2867 5107 τὸν
2890 5053 3016 5109 λαόν
3049 5072 3163 5120 σου,
3186 5076 3204 5109 ι
3222 5060 3373 5130 φησὶ,
3398 5078 3418 5111 ι
3449 5061 3543 5114 καὶ⁸
3558 5062 3647 5114 ἐπὶ
3675 5060 3770 5133 τὴν

2203 5143 2356 5198 πόλιν
2375 5146 2474 5218 τὴν
2497 5146 2657 5215 άγίαν
2684 5164 2798 5213 σου,
2812 5167 2830 5199 ι
2852 5148 3130 5218 μονονουχὶ
3150 5149 3242 5202 καὶ
3263 5150 3360 5220 τὴν
3376 5151 3548 5216 πόλιν,
3566 5152 3769 5209 καὶτὸν

2195 5235 2342 5304 λαὸν,
2360 5237 2535 5291 καὶτὸ
2557 5238 2802 5309 ἁγίασμα
2829 5236 3045 5302 ἀνάξιον
3063 5234 3199 5293 εἶναι
3222 5241 3320 5313 τῆς
3335 5240 3427 5294 τοῦ
3444 5241 3576 5295 Θεοῦ
3605 5259 3772 5314 προσ-

2194 5331 2421 5401 ηγορίας
2464 5333 2766 5402 ἀποφήνας.
2810 5331 3071 5385 Τοσοῦτον
3098 5332 3163 5405 δὴ
3192 5329 3284 5388 οῦν
3325 5336 3513 5408 χρόνον
3538 5334 3770 5408 ὡρίσθαι

2195 5421 2338 5475 κατὰ
2373 5422 2468 5476 τοῦ
2500 5422 2630 5476 λαοῦ
2657 5425 2889 5496 πρῶτον,
2922 5425 3113 5479 ἔπειτα
3147 5428 3240 5481 καὶ
3274 5428 3415 5481 κατὰ
3437 5427 3538 5499 τῆς
3564 5427 3770 5494 πόλεως

2194 5514 2433 5570 διδάσκει
2451 5557 2466 5583 ,
2500 5516 2594 5570 καὶ
2634 5516 2884 5583 τοσοῦτός
2910 5534 2974 5587 γε
3010 5517 3085 5571 ὣν
3136 5518 3509 5579 ἀποδείκνυται
3543 5518 3651 5576 ἀπὸ
3670 5517 3771 5591 τῆς

598 5658 642 5690 ⁸⁸
682 5656 852 5715 Exod.
886 5675 1071 5724 xxx".
1104 5661 1157 5720 7.
1235 5664 1278 5696 “
1320 5663 1455 5721 Dan.
1495 5681 1577 5731 lx,
1618 5665 1699 5722 l6.
1777 5668 1819 5701 “
1861 5667 1991 5724 ibid.
2069 5668 2113 5699 ⁸³
2153 5668 2282 5725 ibid.
2319 5670 2404 5726 l7.
2483 5671 2526 5704 “
2567 5672 2698 5729 ibid.
2741 5673 2824 5729 l8.
2900 5674 2944 5707 ⁶³
2985 5671 3119 5730 ibid.
3154 5674 3238 5729 l9.
