4106 6420
1192 312 1844 375 οεΜοΝετιωτιοΝιε
1880 310 2343 370 ΕνΑΝῦειιειΕ
2383 312 2513 369 ιω.
2553 312 2688 368 Vill.

3465 307 3570 368 603

332 434 691 500 ἀνανεώσεως
716 433 815 507 τῆς
848 432 1216 507 Ἰερουσαλὴμ,
1236 432 1266 487 δ
1287 432 1507 503 γέγονεν
1536 433 1631 486 ἐπὶ
1677 429 1901 503 Δαρείου

2012 427 2100 484 sed
2129 445 2149 479 ι
2180 426 2276 484 Dei
2310 428 2591 485 civitatem
2611 467 2627 493 ,
2658 447 2678 482 ι
2712 427 3045 493 nominavit,
3074 435 3128 484 et
3157 428 3529 511 sanctuarium
3551 470 3569 499 ,

330 527 433 585 τοῦ
486 526 712 599 Περσῶν
747 524 1044 598 βασιλέως,
1075 524 1235 598 μέχρι
1271 524 1371 596 τῆς
1416 523 1724 593 Αὐγούστου
1775 522 1904 575 Ῥω-

336 620 518 694 μαίων
547 619 993 691 ἐπαρατήσεως,
1041 616 1279 689 Ἡρώδου
1322 634 1383 671 τε
1433 615 1701 671 Ἰουδαίων
1751 614 1904 687 βασι-

331 711 497 778 λέως,
529 709 829 782 ἀλλοφύλου
859 710 923 765 τὸ
945 709 1121 780 γένος,
1153 709 1274 766 καθ’
1300 708 1395 774 οῦς
1421 707 1493 762 τά
1518 708 1619 780 τῆς
1641 707 1908 779 γενέσεως

334 804 635 876 ιστορεῐται
675 802 771 857 τοῦ
812 802 1061 874 Σωτῆρος
1086 800 1281 873 ἡμῶν,
1329 800 1407 864 ὡς
1449 799 1479 853 ό
1505 798 1662 868 λόγος
1701 796 1906 869 προῖὼν

334 893 615 960 ἐπιδείξει.
661 893 818 966 Ἑξῆς
860 893 918 949 δὲ
967 893 1209 963 ἐπιλέγει
1228 908 1242 923 '
1294 911 1314 945 ι
1353 890 1462 946 Τοῦ
1498 888 1907 960 συντελεσθῆναι

332 986 652 1059 ἁμαρτίαν,
697 986 793 1041 καὶ
836 985 931 1041 τοῦ
980 985 1275 1059 σφραγίσαι
1323 982 1624 1057 ἁμαρτίαν,
1652 983 1746 1037 καὶ
1795 983 1905 1037 ἀπ-

333 1077 557 1147 αλεῖψαι
601 1078 861 1148 ἀνομίας,
901 1077 1115 1132 καὶτοῦ
1138 1076 1485 1142 ἐξιλάσασθαι
1533 1075 1766 1140 ἀδικίας,
1812 1074 1909 1128 καὶ

334 1168 570 1238 ἀγαγεῖν
609 1168 955 1239 δικαιοσύνην
1008 1167 1225 1222 αίώνιον
1247 1206 1263 1232 ,
1313 1168 1409 1222 καὶ
1459 1165 1553 1220 τοῦ
1613 1164 1909 1237 σφραγίσαι

335 1256 553 1327 δρασιν,
582 1257 677 1311 καὶ
706 1257 1014 1329 προφήτην,
1047 1257 1142 1311 καὶ
1171 1255 1265 1311 τοῦ
1288 1259 1470 1327 χρῖσαι
1494 1255 1647 1325 ἆγιον
1668 1256 1858 1325 ἁγίων.
1884 1274 1902 1308 ι

350 1348 500 1401 ’Δντὶ
535 1348 633 1419 μὲν
660 1344 753 1402 οὖν
781 1369 799 1401 ι
823 1348 917 1402 τοῦ
943 1348 1357 1419 συντελεσθῆναι
1383 1348 1676 1420 ἁμαρτίαν,
1707 1349 1799 1403 ναὶ
1814 1346 1906 1401 τοῦ

337 1438 639 1510 σφραγίσαι
668 1440 971 1511 ἁμαρτίαν,
1011 1459 1030 1491 ι
1064 1440 1094 1493 ό
1131 1439 1357 1503 Ἀκύλας
1402 1440 1700 1511 πεποίηκε,
1752 1459 1769 1492 ι
1801 1438 1907 1493 Τοῦ

335 1531 653 1585 συντελέσαι
693 1531 793 1603 τὴν
842 1529 1094 1597 ἀθεσίαν,
1141 1530 1360 1585 καὶτοῦ
1403 1531 1685 1585 τελειῶσαι
1734 1532 1911 1602 ἁμαρ-

331 1624 476 1678 τίαν.
502 1642 521 1674 ο
550 1623 623 1676 Τὸ
646 1622 774 1695 γὰρ,
802 1641 820 1675 ι
845 1620 1173 1693 Πληρώσατε
1199 1622 1260 1676 τδ
1297 1623 1492 1694 μέτρον
1518 1622 1625 1675 τῶν
1660 1622 1910 1692 πατέρων

332 1716 515 1787 ὑμῶν,
546 1735 566 1768 ι
597 1717 883 1788 εἰρημένον
910 1717 1017 1771 ὑπὸ
1038 1715 1134 1768 τοῦ
1164 1716 1411 1786 Σωτῆρος
1435 1714 1590 1785 ήμῶν
1616 1713 1753 1786 πρὸς
1784 1715 1911 1777 τοὺς

331 1808 405 1860 ἐκ
435 1808 771 1880 περιτομῆς,
819 1809 913 1861 καὶ
957 1806 1045 1860 διὰ
1082 1806 1284 1860 τούτων
1327 1801 1480 1877 οἶμαι
1519 1803 1901 1876 παρίστασθαι.

347 1898 474 1951 Ἐπὶ
497 1898 608 1969 γὰρ
637 1899 735 1968 τῆς
763 1900 885 1952 κατ’
918 1897 1083 1951 αὐτοῦ
1108 1897 1471 1969 τολμηθείσης
1507 1897 1601 1950 τοῦ
1640 1898 1908 1951 Ἰουδαίων

326 1988 523 2055 ἔθνους
542 1992 831 2065 ἐπιϐουλῆς
860 1993 1211 2064 συνετελέσθη
1243 1993 1423 2047 αὐτῶν
1460 1995 1493 2065 ή
1522 1994 1785 2065 ἁμαρτία,
1817 1993 1910 2046 καὶ

328 2082 369 2155 ἡ
404 2084 543 2155 πρὸς
566 2083 658 2138 τὸν
700 2085 867 2149 Θεὸν,
896 2084 1038 2139 κατά
1081 2086 1173 2138 τὸν
1211 2085 1473 2150 Ἀκύλαν,
1525 2085 1718 2140 ἀθεσία
1761 2085 1912 2149 τέλος

327 2176 548 2247 εἴληφε.
602 2177 775 2231 Πάλαι
821 2178 920 2249 μὲν
967 2178 1077 2250 γὰρ
1121 2179 1382 2251 πρότερον
1422 2178 1612 2249 ἔφερεν
1649 2179 1906 2248 αὐτοὺςή

328 2269 432 2322 τοῦ
452 2269 588 2323 Θεοῦ
617 2271 984 2343 μακροθυμία,
1014 2272 1183 2343 μυρία
1206 2272 1307 2326 ὅσα
1333 2272 1781 2345 πλημμελοῦντας
1807 2274 1911 2342 πρὸ

330 2367 437 2435 τῆς
466 2363 559 2417 τοῦ
590 2364 841 2436 Σωτῆρος
864 2364 1019 2435 ήμῶν
1043 2364 1363 2436 παρουσίας,
1384 2364 1668 2437 ὡσπεροῦν
1690 2365 1779 2419 διὰ
1802 2364 1909 2419 τῶν

331 2455 692 2527 προφητικῶν
719 2456 1097 2511 ἀποδείκνυται
1128 2456 1328 2527 λόγων·
1383 2456 1521 2529 πλὴν
1566 2458 1680 2512 ἀλλ’
1722 2458 1910 2530 ῶσπερ

334 2550 569 2603 ἐπὶτῶν
611 2549 778 2602 πὰλαι
823 2548 921 2620 τὴν
964 2551 1064 2619 γῆν
1105 2548 1207 2619 τῆς
1244 2550 1575 2618 ἐπαγγελίας
1623 2547 1909 2602 οἰκούντων

326 2639 650 2710 ἀλλοφύλων
682 2640 867 2711 εἴρητο
889 2639 967 2710 τῷ
1005 2640 1257 2711 Ἀϐραάμ
1285 2655 1299 2670 ·
1333 2659 1350 2693 ι
1385 2639 1551 2694 Οὔπω
1576 2640 1685 2713 γὰρ
1711 2641 1912 2694 ἀναπε-

336 2730 653 2802 πλήρωνται
682 2734 737 2784 αί
777 2731 1040 2803 ἁμαρτίαι
1083 2731 1193 2785 τῶν
1232 2732 1572 2803 Ἀμορραίων
1592 2750 1606 2764 ⁸
1640 2752 1658 2783 ι
1687 2734 1782 2787 καὶ
1807 2732 1911 2796 ἕως

342 2822 566 2892 μηδέπω
588 2819 728 2894 ἦσαν
777 2823 1305 2896 ἐκπεπληρωμέναι,
1344 2825 1445 2878 οὐκ
1491 2824 1780 2895 ἠλαύνοντό
1825 2843 1913 2880 πω

336 2914 387 2966 οί
422 2914 737 2985 Ἀμορῤαῖοι
790 2917 889 2986 τῆς
923 2917 1178 2987 πατρῴας
1213 2918 1335 2986 γῆς.
1389 2916 1543 2969 Ἐπεὶ
1574 2914 1632 2968 δὲ
1665 2914 1913 2987 ἐπληρώ-

338 3002 515 3073 θησαν
564 3005 621 3058 αί
681 3005 949 3077 ἁμαρτίαι
983 3004 1181 3069 αὐτῶν,
1235 3004 1534 3072 τηνικαῦτα
1585 3004 1785 3068 πάντες
1828 3004 1913 3071 ἐξ-

2010 540 2029 573 ι
2060 520 2155 578 Dei
2180 522 2552 577 sanctuarium
2572 562 2588 588 ,
2610 541 2629 575 ι
2648 531 2703 584 et
2725 523 2981 594 populum
3004 561 3022 587 ,
3053 541 3072 575 ι
3102 520 3199 576 Dei
3226 523 3484 593 pupulum
3504 563 3520 587 ,
3545 541 3565 576 ι

2004 612 2083 666 ita
2112 611 2367 668 videlicet
2395 613 2580 667 animo
2620 627 2751 683 erga
2794 613 2947 667 illum
2998 613 3256 684 populum
3301 612 3569 672 allectus:

2005 715 2061 759 at
2093 718 2224 759 vero
2251 701 2470 759 Gabriel
2501 719 2613 760 non
2651 703 2780 759 item
2813 710 2875 758 ut
2904 704 3023 774 ipse
3045 744 3060 769 ,
3098 719 3163 759 ea
3192 720 3314 776 qum
3340 702 3455 776 jam
3486 705 3573 761 div

2005 804 2093 850 cta
2123 803 2253 851 sunt
2277 804 2469 860 vocat,
2499 793 2596 851 sed
2624 810 2691 852 ex
2719 797 3031 859 contrario,
3060 815 3079 848 ι
3110 794 3287 868 Super
3313 798 3572 867 populum

2006 895 2159 944 tuum
2179 930 2195 953 ,
2227 890 2439 960 inquit,
2472 897 2527 945 et
2556 904 2722 959 super
2753 888 3030 944 civitatem
3064 897 3309 945 sanctam
3341 898 3523 957 tuam,
3548 910 3568 946 ι

2008 983 2100 1038 ubi
2131 981 2523 1054 propemodum
2554 990 2608 1037 et
2631 981 2908 1036 civitatem
2929 1023 2945 1048 ,
2975 991 3025 1036 et
3050 983 3308 1053 populum
3330 1025 3345 1050 ,
3368 993 3422 1038 et
3445 999 3576 1039 san-

2008 1076 2278 1131 ctuarinm
2310 1074 2403 1129 illa
2425 1071 2520 1130 Dei
2544 1073 2910 1145 appellatione
2941 1074 3166 1145 indigna
3197 1090 3320 1130 esse
3348 1075 3575 1131 demon-

2007 1175 2167 1224 strat.
2191 1166 2424 1221 Tantum
2448 1166 2616 1237 igitur
2637 1164 2899 1235 temporis
2918 1166 3152 1235 spatium
3178 1165 3409 1235 primum
3441 1181 3575 1220 con-

2007 1264 2092 1311 tra
2132 1257 2425 1327 populum,
2463 1255 2661 1312 deinde
2694 1264 2887 1311 contra
2924 1256 3199 1311 civitatem
3246 1256 3573 1326 praefinitum

2009 1363 2132 1405 esse
2159 1348 2319 1403 docet
2347 1367 2360 1402 :
2393 1356 2447 1403 et
2476 1346 2622 1418 quod
2657 1354 2871 1401 tantum
2906 1347 3006 1409 sit,
3039 1346 3279 1402 ostendit
3308 1362 3373 1401 ex
3407 1362 3572 1402 renn-

2012 1440 2227 1496 vatione
2273 1439 2597 1495 Jerusalem.
2655 1438 2714 1493 ld
2767 1454 2930 1509 porro
2984 1438 3299 1494 continetur
3339 1453 3368 1491 a
3411 1437 3574 1494 Dario

2011 1530 2300 1587 Persarum
2346 1546 2475 1600 rege
2522 1545 2695 1600 usque
2742 1529 2809 1583 ad
2855 1529 3084 1600 Augusti
3136 1530 3471 1584 dominatum
3519 1528 3577 1586 in

2010 1622 2308 1686 Romanos,
2334 1631 2388 1678 et
2413 1622 2677 1677 llerudem
2703 1620 3013 1676 Judrcorum
3043 1636 3222 1691 regem
3242 1661 3258 1684 ,
3280 1621 3372 1692 qui
3400 1622 3580 1677 alieno

2011 1732 2211 1788 genere
2251 1723 2414 1770 natus
2447 1725 2562 1779 est,
2597 1730 2830 1785 quorum
2866 1714 3207 1784 temporibus
3248 1729 3311 1769 ea
3359 1730 3480 1784 qua:
3509 1714 3579 1770 ad

2011 1819 2188 1865 ortum
2209 1808 2692 1864 Salvatorisnostri
2708 1808 2996 1878 pertinent,
3020 1816 3366 1870 enarrantur,
3392 1822 3581 1876 quent-

2010 1903 2300 1957 admodum
2334 1901 2551 1973 longius
2605 1914 2892 1970 progressa
2940 1898 3113 1951 oratio
3160 1897 3578 1955 demonstrabit.

2010 1992 2214 2048 Ordine
2246 1992 2503 2061 deinceps
2553 1990 2803 2059 sequitur
2830 2008 2845 2043 :
2876 2007 2893 2038 ι
2914 1986 2984 2042 Ut
3014 1996 3426 2042 consummetur
3457 2002 3583 2057 pec-

2011 2094 2229 2149 catum,
2260 2093 2315 2139 et
2353 2082 2509 2153 quasi
2552 2082 2756 2135 annulo
2801 2080 3089 2149 signentur
3120 2088 3341 2147 peccata
3361 2118 3376 2142 ,
3406 2087 3459 2133 et
3489 2078 3584 2132 dc-
3688 2090 3695 2097 ‘

2011 2178 2228 2234 leantur
2266 2175 2617 2245 iniquitates,
2655 2181 2709 2227 et
2738 2171 3028 2239 expientur
3064 2170 3381 2239 injustitiae,
3413 2178 3468 2225 et
3498 2171 3582 2223 in-

2010 2271 2245 2326 ducatur
2264 2268 2479 2338 justitia
2502 2265 2855 2335 sempiterna,
2874 2272 2927 2317 et
2949 2261 3106 2333 quasi
3130 2261 3285 2332 signo
3312 2261 3582 2330 impresso

2012 2362 2304 2417 claudatur
2334 2360 2473 2414 visio
2503 2366 2556 2414 et
2600 2357 2922 2428 prophetia,
2967 2362 3022 2409 et
3064 2362 3302 2424 ungatur
3346 2351 3582 2409 Sanctus

2013 2462 2351 2512 sanctorum.
2378 2471 2397 2504 ι
2427 2450 2534 2505 Pro
2562 2466 2627 2505 eo
2659 2457 2838 2503 autem
2868 2445 3014 2518 quod
3044 2453 3163 2508 est,
3193 2464 3210 2495 ι
3237 2444 3305 2499 Ut
3334 2459 3584 2500 consum-

2013 2557 2191 2603 tuetur
2218 2552 2533 2617 peccatum.
2577 2550 2633 2597 et
2677 2540 2838 2611 quasi
2884 2539 3091 2594 annulo
3133 2538 3417 2608 signentur
3455 2552 3583 2607 pec-

2011 2652 2154 2705 cata,
2187 2659 2205 2692 ›
2236 2640 2429 2710 Aquila
2460 2636 2623 2692 vertit
2643 2675 2658 2697 .
2690 2654 2709 2687 ι
2743 2635 2822 2690 Ad
2853 2631 3341 2688 consummandam
3377 2646 3587 2702 praeva-

2014 2734 2365 2795 ricatiouem,
2396 2737 2450 2784 et
2492 2730 2653 2783 linem
2696 2725 3087 2797 imponendum
3120 2728 3364 2793 peccato.
3397 2741 3417 2775 ι
3449 2721 3585 2776 Illud

2012 2826 2181 2889 enim,
2232 2842 2251 2875 ι
2280 2822 2508 2893 lmplcte
2534 2835 2848 2876 mensuram
2880 2826 3095 2888 patrum
3123 2824 3429 2871 vestrorqu
3462 2815 3529 2879 ‘°,
3559 2834 3579 2867 ι

2011 2916 2158 2987 quod
2199 2934 2231 2969 a
2272 2913 2555 2969 Salvatore
2593 2920 2783 2967 nostro
2823 2910 2893 2964 ad
2937 2908 3154 2963 Judzeos
3206 2907 3413 2961 dictum
3457 2915 3582 2969 est,

2014 3011 2177 3065 etiam
2211 3010 2267 3063 in
2299 3008 2385 3063 his
2412 3007 2650 3061 arbitror
2680 3004 2951 3059 contineri
2982 3018 3047 3057 ac
3078 3001 3375 3072 signiﬁcari
3404 3020 3417 3054 :
3450 3015 3578 3054 nam

337 3094 746 3167 ωλοθρεύθησαν
776 3098 868 3150 ἐπὶ
899 3096 1007 3152 τῶν
1048 3095 1219 3169 Ἰησοῦ
1259 3096 1353 3150 τοῦ
1395 3097 1637 3163 Μωσέως
1669 3096 1910 3168 διαδόχου

2017 3105 2146 3159 dum
2188 3102 2419 3158 insidias
2454 3101 2530 3156 illi
2561 3098 2791 3154 Judaica
2823 3112 2958 3170 gens
2990 3096 3216 3151 molitur
3244 3103 3299 3150 et
3327 3093 3583 3156 coniicit,

334 3186 546 3259 χρόνων
568 3202 582 3217 ’
614 3186 757 3241 οὕτω
784 3189 879 3243 καὶ¹
922 3189 1016 3242 ἐπὶ
1048 3188 1143 3243 τοῦ
1191 3188 1456 3261 προτέρου
1504 3190 1719 3259 νοήσεις
1758 3188 1908 3242 λαοῦ.

339 3279 487 3342 Ἕως
510 3280 607 3350 μὲν
634 3277 744 3351 γὰρ
773 3280 873 3333 οὐκ
902 3280 1237 3354 ἐπληροῦντο
1266 3279 1444 3333 αὐτῶν
1469 3283 1523 3335 αἱ
1551 3280 1837 3352 ἁμαρτίαι,
1877 3283 1910 3352 ὴ

335 3369 431 3424 τοῦ
457 3369 595 3423 Θεοῦ
626 3372 793 3443 ἀνοχὴ
821 3372 917 3425 καὶ⁵
958 3372 1305 3444 μακροθυμία
1349 3371 1540 3444 ἔφερεν
1582 3375 1797 3439 αὐτοὺς,
1834 3375 1914 3437 είς

336 3458 672 3532 ἐπιστροφὴν
698 3460 954 3514 ἑκάστοτε
975 3460 1429 3533 προσκαλουμένη
1462 3460 1551 3515 διὰ
1572 3461 1679 3515 τῶν
1705 3478 1915 3533 προφη-

334 3550 468 3609 τῶν.
485 3551 635 3605 Ἐπεὶ
658 3551 715 3605 δέ
734 3550 875 3605 κατά
893 3551 994 3623 τήν
1013 3550 1283 3623 σωτηρίαν
1309 3551 1490 3621 φωνὴν
1514 3551 1836 3623 ἐπλήρωσαν
1854 3551 1915 3606 τὸ

339 3641 539 3714 μέτρον
581 3643 690 3696 τῶν
722 3643 972 3715 πατέρων
1013 3642 1213 3707 αὐτῶν,
1248 3642 1390 3696 οὕτω
1415 3642 1460 3696 δ’
1484 3644 1550 3697 ἂν
1572 3643 1749 3697 πάντα
1787 3660 1911 3698 συν-

335 3734 583 3805 αχθέντα
601 3734 743 3789 κατά
767 3735 830 3789 τὸ
855 3736 988 3790 αὐτὸ
1017 3734 1109 3788 τὸν
1151 3734 1376 3805 ἔσχατον
1403 3736 1588 3800 αὐτοῖς
1624 3736 1916 3808 κατειργά-

339 3843 473 3881 σατο
495 3826 733 3899 όλεθρον,
765 3825 1049 3900 ῶσπεροῦν
1080 3825 1241 3880 πάλιν
1267 3827 1429 3892 αὐτὸς
1462 3828 1492 3880 ὁ
1522 3828 1726 3900 Κύριος
1759 3828 1915 3900 ήμῶν

338 3921 580 3975 διδάσκει
610 3920 810 3989 λέγων·
846 3939 865 3972 ‹
897 3920 1012 3973 Πᾶν
1050 3913 1187 3990 αἷμα
1218 3918 1445 3990 ἐκχυθὲν
1476 3920 1583 3973 ἀπὸ
1613 3920 1917 3993 καταϐολῆς

340 4013 570 4085 κόσμου,
601 4012 709 4066 ἀπὸ
734 4012 964 4083 αἵματος
990 4010 1157 4065 ’Ἅϐελ
1193 4010 1288 4065 τοῦ
1314 4010 1523 4065 δικαίου
1552 4012 1657 4078 ῑως
1689 4013 1915 4084 αἵματος

340 4102 629 4174 Ζαχαρίου,
660 4101 811 4173 ήξειν
861 4102 955 4154 ἐπὶ
999 4100 1101 4172 τὴν
1149 4099 1340 4170 γενεὰν
1370 4100 1589 4173 ταύτην.
1623 4120 1643 4154 ι
1681 4102 1755 4155 Τὸ
1785 4102 1916 4171 γοῦν

341 4194 566 4265 ἔσχατον
611 4193 865 4247 ἁπάντων
899 4192 1000 4257 τὰς
1037 4194 1222 4265 χεῖρας
1255 4192 1529 4247 ἐπιϐαλεῖν
1568 4194 1648 4266 τῷ
1676 4194 1792 4266 Υίῷ
1822 4195 1915 4250 τοῦ

340 4286 476 4341 Θεοῦ
523 4286 910 4358 τολμήσαντες,
944 4284 1196 4339 ἐτέλεσαν
1244 4284 1343 4356 τὴν
1393 4285 1637 4354 ἀθεσίαν,
1666 4289 1762 4341 καὶ
1807 4290 1918 4341 ἐτε-

340 4379 571 4433 λείωσαν
597 4378 693 4449 τὴν
727 4377 931 4431 ἑαυτῶν
955 4377 1246 4449 ἁμαρτίαν,
1272 4377 1412 4431 κατὰ
1437 4378 1537 4450 τήν
1570 4378 1794 4433 ’Δκύλου
1828 4381 1917 4452 ἐρ-

2016 3205 2297 3268 peccatum
2354 3208 2515 3249 suum
2585 3190 3032 3246 consummavit:
3084 3195 3140 3241 et
3190 3185 3473 3256 ejusdem,
3524 3191 3586 3237 ut

2013 3288 2210 3358 Aquila
2247 3287 2445 3351 vertit,
2486 3283 2754 3339 adversus
2795 3279 2963 3336 Deum
3005 3278 3383 3350 prmvaricatio
3425 3275 3584 3331 linem

2014 3377 2248 3447 accepit.
2279 3373 2612 3444 Iampridem
2642 3372 2785 3427 enim
2818 3372 2941 3426 illos
2982 3368 3233 3440 quamvis
3275 3367 3588 3421 innumera-

2014 3468 2146 3524 bilia
2201 3473 2427 3537 peccata
2474 3471 2857 3535 perpetrantes
2897 3467 3024 3516 ante
3060 3458 3366 3513 Salvatoris
3411 3459 3586 3512 nostri

2015 3562 2305 3616 adventum
2328 3598 2343 3622 ,
2380 3556 2474 3612 Dei
2504 3566 2687 3611 tamen
2719 3555 3010 3610 clementia
3043 3551 3291 3614 ferebat,
3324 3548 3586 3621 quemad-

2014 3652 2235 3709 modum
2285 3649 2541 3705 videlicet
2590 3647 2910 3719 prophetica
2968 3644 3088 3715 ipsa
3138 3643 3305 3699 verba
3354 3641 3585 3697 demon-

2014 3754 2191 3805 strant
2225 3765 2239 3801 :
2290 3754 2665 3802 verumtamen
2715 3741 2859 3796 sicut
2909 3738 2978 3793 de
3022 3738 3133 3793 illis
3160 3737 3255 3807 qui
3288 3749 3484 3806 genere
3514 3734 3591 3789 ab

2014 3838 2260 3895 Hebraeis
2302 3835 2652 3896 dill‘erentes,
2715 3840 2919 3886 terram
2959 3828 3343 3899 promissionis
3383 3826 3589 3881 incoleo

2014 3931 2147 3987 bant
2167 3927 2235 3983 ad
2265 3926 2536 3982 Abraham
2565 3924 2769 3978 dictum
2786 3928 2869 3975 est
2896 3936 2909 3973 :
2938 3937 2957 3969 ι
2985 3915 3236 3972 Nondum
3263 3917 3409 3973 enim
3431 3929 3585 3969 com-

2015 4023 2159 4095 pleta
2214 4026 2340 4075 sunt
2374 4024 2597 4089 peccata
2652 4012 3135 4068 Amorrhmorum:
3176 4030 3194 4060 ι
3226 4017 3281 4065 et
3329 4007 3586 4079 quamdiu

2015 4113 2287 4183 completa
2327 4124 2435 4165 non
2486 4108 2669 4172 fuere,
2698 4105 2767 4161 de
2802 4111 2949 4160 terra
2990 4104 3233 4174 ipsorum
3279 4101 3453 4171 patria
3491 4115 3589 4156 ex-

2015 4204 2155 4277 pulsi
2185 4218 2292 4257 non
2316 4207 2463 4257 sunt.
2490 4198 2593 4254 Ubi
2622 4207 2801 4252 autem
2830 4194 3098 4263 completa
3123 4200 3287 4255 sunt,
3314 4198 3430 4246 tum
3459 4205 3589 4246 vero

2015 4312 2206 4353 omnes
2247 4296 2300 4350 in
2347 4292 2626 4347 interitum
2673 4289 3013 4348 inciderunt,
3054 4300 3177 4355 qua:
3228 4298 3360 4339 sane
3403 4283 3588 4339 clades

2019 4392 2140 4447 illos
2176 4388 2387 4457 excepit
2418 4384 2754 4454 temporibus
2803 4380 2950 4435 illius
2998 4377 3125 4434 Jesu
3163 4378 3257 4448 qui
3291 4375 3425 4431 Mosi
3459 4391 3587 4431 suc-

343 4471 570 4542 μηνείαν
590 4487 604 4500 ·
654 4469 794 4524 κατά
840 4470 896 4523 δὲ
946 4472 1073 4533 τοὺς
1107 4470 1520 4543 Ἑϐδομήκοντα,
1551 4471 1705 4543 ἐδέθη
1738 4473 1911 4528 αὐτῶν

2023 4485 2232 4540 cessit:
2267 4482 2340 4535 ita
2376 4478 2545 4534 etiam
2587 4479 2654 4532 de
2696 4476 2880 4545 priore
2915 4473 3015 4527 tibi
3056 4470 3467 4542 intelligendum
3501 4478 3588 4525 est

340 4563 439 4617 καὶ
467 4562 802 4635 ἐσςρραγίσθη
837 4562 1331 4635 ήὰμαρτία.Ἀλλὰ
1371 4564 1493 4618 ἐπεὶ
1524 4566 1596 4636 μὴ
1628 4565 1786 4636 μόνον
1834 4567 1913 4630 είς

340 4654 572 4720 πτῶσιν,
601 4654 738 4709 ἀλλά
764 4657 859 4708 καὶ
890 4658 969 4719 είς
1003 4656 1296 4710 ἀνάστασιν
1328 4656 1534 4709 πολλῶν
1568 4656 1821 4727 ἐλήλυθεν
1854 4659 1914 4710 ἐν

339 4746 421 4816 τῷ
454 4746 688 4818 Ἰσραὴλ,
716 4746 857 4801 καθὰ
882 4765 1012 4818 φησι
1038 4750 1167 4820 περὶ
1205 4747 1389 4812 αὐτοῦ,
1425 4766 1444 4800 ι
1468 4749 1597 4803 Ἰδοὺ
1622 4742 1777 4813 οὗτος
1802 4754 1912 4803 κεῖ-

338 4854 429 4891 ται
453 4839 534 4902 εἰς
555 4838 761 4892 πτῶσιν
785 4839 880 4892 καὶ
900 4840 1191 4893 ἀνάστασιν
1217 4840 1425 4893 πολλῶν
1454 4842 1511 4895 ἐν
1531 4841 1609 4912 τῷ
1637 4843 1871 4915 Ἰσραὴλ,
1886 4864 1905 4896 ›

341 4929 566 4994 εἰκότως
611 4934 725 4995 τοῖς
769 4931 1077 5004 εἰρημένοις
1110 4931 1238 5001 ἑξῆς
1280 4932 1518 5000 ἐπιλέγει
1547 4935 1575 4986 ό
1599 4933 1792 5006 Δανιὴλ
1830 4935 1912 4989 τόο

348 5041 367 5071 ε
398 5022 507 5075 Καὶ
542 5020 636 5074 τοῦ
665 5021 955 5090 ἀπαλεῖψαι
994 5022 1286 5094 ἁμαρτίας,
1317 5023 1410 5076 καὶ
1443 5021 1537 5075 τοῦ
1568 5023 1916 5088 ἐξιλάσασθαι

340 5111 573 5176 ἀδικίας.
605 5132 623 5163 ι
669 5112 765 5166 Διά
808 5114 917 5185 γὰρ
948 5114 1009 5166 τὸ
1040 5114 1299 5167 ἀδύνατον
1339 5111 1477 5168 εἶναι
1518 5110 1655 5186 αἷμα
1700 5117 1915 5189 ταύρων

339 5205 437 5258 καὶ
458 5205 676 5277 τράγων
694 5206 945 5277 ἀφαιρεῖν
974 5207 1267 5278 ἁμαρτίας,
1290 5208 1494 5262 δεῖσθαι
1519 5210 1574 5263 δὲ
1603 5213 1711 5265 πᾶν
1731 5212 1789 5264 τὸ
1807 5212 1913 5266 τῶν

340 5295 642 5369 ἀνθρώπιον
673 5299 826 5367 γένος
861 5299 1087 5369 ἱλασμοῦ
1144 5300 1344 5365 ζῶντος
1389 5302 1482 5355 καὶ
1523 5303 1777 5375 ἀληθινοῦ
1813 5304 1832 5375 (
1852 5299 1913 5361 οὗ

337 5389 508 5444 τύπον
532 5389 691 5463 ἔφερε
717 5392 779 5444 τὸ
810 5393 957 5463 παρὰ
989 5394 1175 5447 Μωσεῖ
1200 5395 1642 5450 κατασκευασθὲν
1693 5397 1914 5470 ἱλαστήο

254 5514 257 5517 -
342 5483 498 5554 ριον),
517 5477 669 5547 οὗτος
692 5481 831 5556 δέἦν
848 5485 879 5537 ὁ
898 5484 1087 5557 Σωτὴρ
1113 5487 1205 5539 καὶ
1230 5487 1433 5557 Κύριος
1462 5488 1635 5559 ήμῶν,
1661 5490 1690 5542 ό
1722 5490 1916 5561 ’Ᾱμνὸς

338 5574 432 5628 τοῦ
461 5574 619 5639 Θεοῦ,
648 5577 774 5647 περὶ
815 5571 875 5631 οῦ
918 5570 1130 5648 είρηται
1152 5594 1165 5607 ·
1203 5595 1221 5628 ι
1244 5577 1341 5630 Ἱδὲ
1375 5578 1570 5650 Ἀμνδς
1598 5579 1692 5635 τοῦ
1725 5581 1860 5636 Θεοῦ
1888 5586 1916 5638 ό

410 5756 455 5786 ⁸⁸
494 5753 680 5808 Matth.
719 5769 884 5817 mm,
917 5753 1002 5807 52.
1084 5756 1124 5795 ‘7
1168 5753 1295 5809 ibid.
1336 5754 1423 5811 55.

2020 4578 2262 4649 populo:
2297 4571 2563 4645 quamdiu
2610 4571 2755 4627 enim
2802 4570 3019 4623 illorum
3060 4573 3281 4637 peccata
3319 4565 3586 4635 completa

2019 4683 2130 4723 non
2164 4674 2291 4721 sunt
2313 4705 2329 4726 ,
2365 4661 2458 4717 Dei
2490 4661 2613 4716 illos
2643 4658 2901 4729 patientia
2927 4663 2981 4721 et
3008 4655 3315 4726 benignitas
3344 4651 3501 4713 tulit,
3532 4658 3587 4705 et

2016 4776 2112 4831 per
2149 4757 2448 4829 prophetas
2487 4753 2730 4822 undique
2767 4749 2834 4803 ad
2864 4748 3277 4803 conversionem
3318 4744 3584 4799 invilavit.

2014 4848 2177 4921 385
2211 4846 2505 4917 Postquam
2538 4850 2746 4905 autem,
2781 4847 2837 4893 ut
2871 4838 3120 4893 Salvator
3147 4835 3211 4890 ad
3242 4836 3393 4905 ipsos
3426 4833 3583 4894 dixit,

2018 4941 2382 5011 impleverunt
2413 4949 2729 4991 mensuram
2769 4937 2983 5002 patrum
3016 4943 3272 4990 suorum,
3311 4933 3424 4979 tum
3459 4938 3586 4978 vero

2020 5034 2074 5088 in
2126 5031 2375 5087 eumdem
2422 5030 2603 5083 locum
2648 5033 2836 5082 coacta
2894 5022 3100 5088 omnia,
3130 5026 3432 5075 extremum
3477 5015 3585 5069 illis

2017 5129 2428 5180 maturaverunt
2467 5121 2771 5179 interitum,
2802 5131 2934 5172 sane
2972 5109 3425 5183 quemadmodum
3457 5107 3583 5161 item

2016 5214 2279 5269 Dominus
2310 5219 2495 5265 noster
2525 5223 2627 5263 nos
2655 5206 2833 5269 docet,
2867 5203 2958 5257 ubi
2994 5202 3067 5255 ait
3101 5219 3116 5254 :
3148 5217 3169 5250 ι
3195 5195 3420 5252 Omnem
3454 5206 3583 5247 san-

2015 5307 2232 5379 guinem
2262 5304 2494 5360 el'l‘usum
2535 5316 2566 5354 a
2593 5297 2985 5354 constitutione
3016 5290 3226 5352 mundi,
3260 5303 3291 5342 a
3318 5284 3583 5356 sanguine

2016 5398 2153 5453 Abel
2193 5396 2331 5467 justi
2377 5408 2553 5464 usque
2601 5390 2667 5444 ad
2713 5388 3030 5458 sanguinem
3068 5380 3586 5443 Zachariae,ventu—

2016 5504 2139 5543 rum
2189 5502 2354 5557 super
2398 5484 2804 5557 generationem
2846 5479 3005 5533 istam
3052 5474 3120 5531 ⁸⁷.
3153 5492 3171 5526 ι
3227 5471 3364 5527 Cum
3419 5467 3584 5538 igitur

2020 5583 2086 5639 ad
2117 5588 2420 5638 extremum
2476 5591 2673 5633 manus
2722 5573 2947 5644 injicere
2980 5567 3114 5625 Fili)
3154 5565 3249 5621 D.:i
3279 5563 3399 5620 ausi
3426 5564 3578 5624 sunt,
