4106 6420
572 314 680 372 εῖϋό
1245 311 1512 367 EUSEBII
1546 311 2023 370 CESARIENSIS
2060 315 2211 372 OPP.
2253 317 2430 372 PARS
2471 320 2533 376 Il.
2579 352 2642 362 —
2671 319 3169 376 APOLOGETICA.
3700 322 3799 377 605

575 450 597 485 ι
631 437 1152 486 consummaverunt
1179 430 1705 500 przevarieationem,
1730 441 1783 488 et
1826 433 1985 489 ﬁnem
2017 449 2140 504 pec-
2167 441 2196 496 Α

2181 441 2210 496 ἢ
2240 438 2410 510 αἴρων
2438 439 2533 510 τὴν
2560 440 2829 511 ἁμαρτίαν
2865 438 2956 491 τοῦ
2987 439 3190 508 κόσμου
3209 454 3223 469 ⁶
3251 456 3269 488 3
3301 436 3392 490 καὶ
3421 437 3578 490 πάλιν
3597 453 3610 468 ⁸
3658 456 3677 488 ι
3708 439 3802 492 Δύ-

570 531 697 578 cato
723 535 824 577 suo
847 521 1244 587 imposuerunt,
1289 539 1306 572 3
1347 521 1487 576 sicut
1524 524 1720 593 Aquila
1751 525 2138 595 interpretatus

2237 530 2327 592 τὸς
2356 529 2579 600 ίλασμός
2599 532 2711 582 ἐστι
2739 530 2866 602 περὶ
2893 529 3000 583 τῶν
3024 529 3304 601 ἁμαρτιῶν
3335 532 3366 599 ἡ
3377 529 3511 598 μῶν,
3540 548 3557 580 ι
3587 530 3649 582 οὐ
3679 531 3800 599 περὶ

570 623 674 677 est,
722 621 798 676 at,
848 613 989 667 sicut
1044 611 1206 676 LXX,
1247 631 1264 665 ι
1301 629 1486 668 eorum
1519 624 1804 685 peccatum
1855 617 2136 687 alligatum

2237 621 2344 674 τῶν
2376 621 2656 693 ἡμετέρων
2680 621 2735 674 δὲ
2769 625 2946 692 μόνον,
2981 621 3115 674 ἀλλά
3147 621 3239 674 καὶ
3270 621 3398 692 περὶ
3429 621 3552 674 ὅλου
3583 619 3678 673 τοῦ
3710 621 3798 673 x6—

572 707 953 776 signatumquc
984 712 1085 759 est.
1126 723 1144 755 3
1177 704 1281 759 Sed
1303 707 1557 774 quoniam
1590 723 1698 762 non
1731 709 1904 762 solum
1935 710 1988 764 in
2023 712 2136 764 rui-

2240 728 2396 781 σμου,
2431 712 2592 774 αὐτὸς
2615 711 2688 764 ὢν
2725 712 2816 764 καὶ
2843 711 3232 782 ἀπολύτρωσις,
3273 710 3413 764 κατά
3444 711 3532 764 τὸν
3567 709 3797 775 Παῦλον,

569 813 717 861 nam,
753 812 942 850 verum
971 797 1132 850 etiam
1168 797 1222 850 in
1248 799 1645 867 reparationem
1673 799 1966 854 multorum
1989 802 2135 856 venit

2237 804 2538 871 φάσκοντα⁸
2577 805 2708 866 «Ὃς
2749 803 2978 874 ἐγενήθη
3020 802 3181 872 σοφία
3213 805 3340 873 ἡμῖν
3382 802 3489 855 ἀπὸ
3526 800 3684 864 Θεοῦ,
3724 801 3798 855 δι-

568 887 622 940 in
656 886 843 950 Israel,
883 889 1024 942 sicut
1059 887 1126 942 de
1157 887 1277 958 ipso
1343 889 1479 943 dixit
1531 888 1772 956 Simeon,
1817 913 1833 944 ι
1875 893 2015 949 Ecce
2043 894 2134 948 bic

2236 895 2492 965 καιοσύνη
2504 912 2560 948 τε
2584 896 2678 948 καὶ
2692 895 2980 965 ἁγιασμὸς,
2998 895 3092 948 καὶ
3108 895 3501 965 ἀπολύτρωσιςο
3531 914 3552 946 3
3578 893 3799 958 εἰκότως

567 979 779 1046 positus
812 986 896 1033 est
927 980 981 1032 in
1009 979 1223 1031 ruinam
1251 987 1304 1033 et
1346 981 1401 1033 in
1446 983 1902 1039 resurrectionem
1936 985 2134 1039 multo-

2231 985 2330 1056 τὴν
2355 985 2652 1056 παρουσίαν
2680 982 2844 1038 αὑτοῦ
2875 983 3011 1053 ὁμοῦ
3042 985 3139 1054 μὲν
3170 983 3560 1054 συμπλήρωσιν
3585 983 3680 1036 καὶ
3711 999 3797 1036 τε·

566 1086 688 1123 rum
738 1071 791 1123 in
832 1069 998 1124 Israel
1029 1071 1096 1136 “,
1137 1089 1156 1122 3
1199 1072 1393 1126 merito
1421 1073 1611 1128 Daniel
1647 1075 1714 1127 ad
1739 1091 1800 1128 ea
1829 1092 1949 1146 qua:
1986 1078 2130 1132 dicta

2232 1075 2444 1128 λείωσιν
2476 1074 2747 1146 ἁμαρτίας
2773 1071 2907 1126 εἶναι
2936 1073 3170 1127 διδάσκει
3218 1073 3325 1126 τῶν
3365 1075 3444 1136 είς
3478 1072 3639 1125 αὑτὸν
3667 1074 3795 1141 ὴσε-

568 1166 714 1222 sunt,
739 1159 984 1230 adjungit
1010 1179 1022 1213 :
1046 1179 1064 1210 ‹
1094 1159 1157 1212 Et
1183 1169 1242 1213 ut
1273 1161 1555 1216 deleantur
1580 1174 1820 1233 peccata.
1840 1175 1892 1220 et
1912 1168 2131 1237 expien-

2233 1164 2493 1234 ϐηκότων,
2526 1163 2660 1234 ὁμοῦ
2686 1164 2740 1217 δὲ
2774 1163 3062 1232 ἀπάλειψιν
3100 1165 3194 1216 καὶ
3241 1163 3575 1234 καθαρισμὸν
3621 1163 3797 1233 ἀμαρ-

565 1259 657 1303 tur
711 1252 1010 1319 injustitlae.
1053 1271 1070 1303 3
1105 1251 1239 1306 Cum
1296 1254 1439 1307 enim
1492 1256 1714 1325 sanguis
1766 1264 2044 1311 taurorum
2077 1269 2130 1314 et

2231 1255 2378 1322 τιῶν,
2413 1255 2508 1308 καὶ
2555 1256 2775 1308 ἀδικιῶν
2823 1254 3046 1325 ἱλασμὸν
3071 1253 3178 1306 τῶν
3205 1257 3283 1318 εἰς
3313 1255 3473 1308 αὑτὸν
3502 1270 3795 1308 πεπιστευι

566 1342 842 1395 hircorum
877 1341 1094 1397 auferre
1124 1353 1345 1412 peccata
1377 1360 1483 1398 non
1524 1353 1728 1414 posset,
1759 1355 1813 1402 et
1842 1364 2001 1404 omne
2034 1350 2129 1404 Ιιο·

2230 1345 2420 1401 κότων.
2449 1347 2557 1399 Καὶ
2584 1347 2612 1398 6
2649 1345 2875 1410 Ἀκύλας
2899 1346 2976 1412 δὲ,
3008 1364 3025 1397 ι
3055 1344 3159 1398 Τοῦ
3185 1346 3402 1398 τελέσαι
3430 1345 3525 1416 τὴν
3554 1344 3789 1408 ἀθεσίαν,

565 1435 770 1488 minum
794 1451 967 1505 genus
996 1437 1299 1505 expiatione
1329 1438 1448 1490 viva
1480 1440 2130 1512 veraqueindigeret(cu-

2230 1437 2321 1489 καὶ
2345 1435 2440 1488 τοῦ
2464 1436 2744 1489 τελειῶσαι
2766 1435 3165 1506 τὴνάμαρτίαν,
3197 1454 3215 1487 ι
3241 1435 3427 1498 εἰπὼν,
3450 1437 3697 1505 ἐπήγαγε
3719 1436 3791 1499 τὸ,

560 1526 652 1594 jus
701 1524 928 1596 ﬁguram
987 1528 1208 1596 gerebat
1259 1527 1309 1581 id
1350 1528 1493 1598 quod
1550 1531 1690 1600 apud
1731 1530 1932 1586 Mosem
1993 1549 2125 1588 con-

2236 1546 2255 1578 ι
2287 1527 2392 1580 Τοῦ
2436 1527 2780 1592 ἐξιλάσασθαι
2816 1527 3062 1597 ἀνομίαν,
3093 1547 3111 1577 3
3151 1527 3335 1596 σαφῶς
3371 1527 3592 1596 ἱλασμὸν
3637 1527 3793 1580 αὑτὸν

565 1624 832 1672 structum
887 1627 1112 1672 vocatur
1180 1621 1682 1692 propitiatorium),
1740 1624 1886 1678 nulla
1947 1632 2127 1679 autem

2229 1615 2366 1672 εῖναι
2401 1619 2580 1689 πάσης
2613 1619 2838 1689 ἀνομίας
2870 1618 2972 1687 τῆς
3011 1618 3174 1671 πάλαι
3215 1618 3356 1672 κατά
3395 1619 3616 1686 ἄγνοιαν
3642 1635 3789 1686 γενο-

563 1708 880 1778 propitiatio
910 1708 1029 1762 viva
1060 1724 1294 1778 veraque
1332 1719 1497 1776 esset,
1530 1713 1633 1766 nisi
1661 1712 1910 1768 Salvator
1933 1722 1987 1770 et
2015 1714 2121 1769 Do‘

2234 1709 2400 1780 μένης
2447 1709 2844 1780 ὑποτιθέμενος.
2879 1710 3034 1779 Ἑξῆς
3085 1709 3288 1774 τούτοις
3343 1710 3592 1781 εἴρηται,
3644 1729 3662 1760 ‹
3691 1709 3790 1763 Τοῦ

563 1799 740 1853 minus
775 1807 978 1863 noster,
1020 1801 1109 1854 ille
1155 1801 1340 1872 Agnus
1382 1801 1495 1864 Dei,
1529 1803 1595 1858 de
1618 1819 1726 1874 quo
1755 1807 1957 1861 dictum
1991 1814 2076 1862 est
2107 1827 2120 1861 :
2158 1782 2184 1840 Ῑ

2170 1782 2201 1840 Β
2229 1803 2454 1869 ἀγαγεῖν
2481 1800 2822 1872 δικαιοσύνην
2854 1801 3084 1854 αἰώνιον,
3122 1802 3306 1855 »Ἔστι
3343 1803 3439 1872 μὲν
3464 1798 3556 1854 οὖν
3582 1802 3741 1865 αὐτὸς
3765 1801 3791 1852 6

567 1907 584 1936 ‹
623 1887 759 1943 Ecce
808 1890 994 1958 Agnus
1036 1889 1132 1944 Dei
1182 1893 1274 1961 qui
1330 1893 1471 1946 tollit
1529 1903 1750 1964 peccata
1789 1897 2056 1951 mundi".
2100 1918 2118 1951 3

2228 1893 2320 1947 τοῦ
2349 1894 2482 1947 Θεοῦ
2515 1895 2685 1963 Λόγος
2711 1893 2926 1956 αἰώνιος
2947 1891 3278 1962 δικαιοσύνη,
3307 1911 3324 1942 ι
3360 1892 3417 1955 ὃς
3442 1893 3670 1963 ἐγενήθη
3708 1909 3793 1944 σο-

559 1977 693 2032 Nam
731 1996 946 2044 rursus,
1002 2000 1020 2032 ‹
1070 1982 1213 2036 Idem
1254 1985 1566 2053 prepitiatio
1599 1995 1683 2040 est
1737 2003 1836 2056 pro
1887 1989 2123 2057 peccatis

2229 1987 2325 2055 φία
2359 1988 2488 2056 ἡμῖν
2519 1987 2625 2039 ἀπὸ
2651 1985 2807 2049 Θεοῦ,
2835 1985 3146 2054 δικαιοσύνη
3173 2002 3230 2037 τε
3257 1985 3350 2036 καὶ
3385 1983 3668 2051 ἁγιασμὸς,
3703 1984 3793 2036 καὶ

563 2072 783 2134 nostris,
825 2092 842 2124 3
881 2087 981 2125 nec
1012 2089 1112 2142 pro
1147 2075 1350 2129 nostris
1385 2083 1592 2129 tantum
1636 2077 1752 2146 ipse
1779 2086 1862 2132 est
1888 2081 2122 2148 pretium

2229 2078 2622 2146 ἀπολύτρωσις,
2654 2095 2675 2128 3
2706 2077 2845 2130 κατά
2870 2076 2962 2129 τὸν
2990 2075 3328 2128 Ἀπόστολον.
3362 2074 3504 2144 Πλὴν
3538 2073 3670 2126 ἀλλά
3699 2072 3794 2127 σὺν

559 2175 622 2214 ac
669 2160 984 2230 redemptio,
1027 2164 1120 2216 sed
1167 2163 1328 2216 etiam
1376 2178 1474 2231 pro
1524 2165 1691 2219 totius
1721 2167 1927 2231 mundi,
1960 2178 2019 2221 ut
2048 2168 2124 2221 ait

2227 2170 2292 2236 τῇ
2316 2166 2506 2219 ἑαυτοῦ
2531 2165 2802 2237 παρουσίᾳ
2826 2166 2922 2219 καὶ
2955 2166 3118 2217 πᾶσιν
3140 2161 3442 2234 ἀνθρώποις
3463 2161 3793 2232 προύξένησι

557 2251 848 2320 Apostolus
878 2251 958 2283 ⁸³*
993 2270 1006 2305 ι
1044 2270 1062 2302 ‹
1102 2253 1204 2318 Qui
1261 2251 1438 2307 factus
1485 2262 1590 2320 est,
1654 2253 1849 2323 inquit,
1909 2257 2126 2326 sapien-

2227 2257 2588 2329 δικαιοσύνην,
2611 2256 2790 2328 ἔργοις
2803 2253 3090 2318 ἐπιδείξας,
3107 2253 3188 2306 ὅτι
3211 2271 3229 2302 t
3253 2251 3324 2322 μὴ
3342 2251 3498 2322 μόνον
3530 2251 3795 2305 Ἰουδαίων

556 2344 629 2396 tia
674 2343 833 2398 nobis
873 2358 902 2395 a
943 2341 1074 2404 Deo,
1103 2343 1425 2414 iustitiaque
1453 2352 1506 2399 et
1539 2345 1898 2401 sanctiﬁcatio
1947 2358 1999 2403 et
2036 2365 2124 2404 re-

2228 2350 2373 2402 ἐστὶν
2405 2349 2432 2400 6
2467 2348 2616 2412 Θεὸς,
2641 2346 2774 2401 ἀλλά
2804 2347 2898 2401 κα)⁸
2927 2345 3115 2400 ὲθνῶν.
3144 2363 3162 2396 t
3201 2343 3458 2413 Ἐπείπερ
3488 2338 3564 2406 εἷς
3588 2344 3616 2394 6
3640 2342 3791 2407 Θεὸς,

555 2435 887 2505 demptio".
929 2457 946 2489 3
1002 2436 1194 2490 Merito
1242 2437 1362 2506 ejus
1415 2437 1723 2502 adventum,
1757 2439 1919 2493 simul
1974 2455 2121 2494 com-

2226 2441 2283 2505 ὃς
2317 2441 2591 2494 δικαιώσει
2617 2438 2916 2512 περιτομὴν
2947 2440 3010 2490 ὲκ
3034 2438 3286 2500 πίστεως,
3310 2437 3403 2489 καὶ
3435 2434 3794 2507 ἀκροϐυστίαν

556 2525 882 2595 plementum
913 2527 1411 2598 perfectionemque
1440 2530 1649 2599 peccati
1695 2545 1817 2585 esse
1847 2530 2004 2586 docet
2033 2547 2123 2587 eo-

2225 2530 2311 2583 διά
2343 2530 2442 2599 τῆς
2493 2530 2744 2592 πίστεως.
2778 2528 2966 2581 »Ὅθεν
2999 2528 3124 2590 τοὺς
3171 2527 3314 2596 ἀμφὶ
3357 2525 3446 2579 τὸν
3497 2525 3794 2596 Κορνήλιον

555 2633 699 2682 rum,
729 2619 819 2688 qui
857 2631 1044 2674 contra
1071 2621 1247 2690 ipsum
1278 2621 1429 2690 impii
1454 2620 1692 2685 fuerunt,
1726 2622 1888 2676 simul
1923 2623 2123 2679 abster-

2223 2621 2318 2674 τοῦ
2376 2621 2527 2690 ἁγίου
2581 2620 2896 2690 Πνεύματος
2949 2618 3278 2690 ἠξιωμένους
3327 2616 3720 2687 ἀποθαυμάσας
3765 2617 3795 2668 6

557 2707 764 2762 sionem
806 2719 856 2764 et
891 2712 1269 2780 purgationem
1321 2721 1668 2780 peccatorum
1720 2721 1774 2770 et
1823 2714 2119 2784 iniustitia-

2225 2712 2446 2784 Πέτρος,
2488 2732 2505 2764 t
2529 2714 2643 2765 Ἐπ’
2670 2711 2944 2784 ἀληθείας,
2979 2731 2997 2762 3
3030 2713 3212 2782 φησὶν,
3243 2731 3259 2762 ι
3286 2705 3421 2772 οἶδα,
3445 2710 3526 2762 ὃτι
3550 2709 3650 2761 οὐκ
3676 2707 3791 2760 ἐστι

555 2811 675 2858 rum
709 2801 1070 2868 expiationem
1111 2816 1299 2854 eorum
1318 2801 1408 2870 qui
1432 2801 1483 2855 in
1521 2803 1696 2871 ipsum
1729 2803 2116 2860 crediderunt:

2224 2803 2692 2876 προσωπολήπτης
2715 2805 2743 2856 6
2779 2803 2930 2866 Θεὸς,
2966 2801 3078 2855 ἀλλ’
3112 2803 3169 2855 ἐν
3198 2801 3356 2855 παντὶ
3381 2800 3520 2852 ἔθνει
3541 2803 3568 2852 6
3596 2799 3792 2868 φοϐού-

555 2904 679 2941 nam
720 2907 843 2946 cum
871 2892 1084 2961 Aquila.
1120 2909 1138 2942 ι
1168 2892 1250 2946 Ad
1267 2895 1764 2973 consummandam
1795 2899 2119 2964 praevarica-

2227 2912 2384 2966 μενος
2431 2895 2610 2958 αὐτὸν,
2642 2894 3002 2965 ἐργαςόμενος
3039 2893 3402 2963 δικαιοσύνην,
3429 2893 3615 2955 δεκτὸς
3644 2893 3790 2963 αὐτῷ

556 2985 776 3047 tionem,
826 2992 878 3039 et
912 2986 1071 3038 ﬁnem
1106 2993 1328 3055 peccato
1383 2986 1792 3055 imponendum,
1834 3007 1853 3040 3
1895 2989 2114 3055 dixerit,

2221 2989 2356 3040 ἐστι.
2388 3006 2406 3038 3
2434 2986 2544 3039 Kal.
2589 2989 2616 3039 6
2657 2985 2866 3046 Παῦλος
2893 2985 2948 3037 δὲ
2982 2985 3039 3037 τὸ
3081 2985 3406 3053 Εύαγγέλιον
3447 2983 3788 3054 δικαιοσύνης

555 3083 669 3128 tum
706 3074 836 3129 illud
872 3075 1089 3144 adiecit,
1131 3074 1228 3129 «Et
1263 3076 1328 3130 ad
1360 3077 1686 3146 expiandum
1718 3078 2108 3149 iniquitatem,3
2151 3138 2176 3151 ﬂ

2168 3138 2186 3151 _
2222 3076 2358 3134 εἷναί
2399 3097 2550 3151 φησι,
2581 3078 2751 3147 λέγων
2770 3095 2782 3107 ο
2809 3096 2827 3128 ι
2853 3077 3088 3148 Δύναμις
3113 3077 3221 3148 γὰρ
3243 3076 3376 3129 Θεοῦ
3405 3078 3548 3129 ἐστιν
3578 3077 3655 3139 είς
3685 3092 3789 3129 σω-

555 3165 635 3218 sic
673 3164 833 3235 plane
889 3165 1037 3218 illum
1084 3165 1266 3220 omnis
1326 3166 1652 3236 iniquitatis,
1683 3184 1802 3238 qua:
1843 3171 1972 3226 olim
2023 3138 2176 3243 perC

2168 3172 2188 3194 ‘
2219 3171 2414 3242 τηρίαν
2455 3170 2615 3224 παντὶ
2647 3168 2724 3240 τῷ
2755 3167 3080 3231 πιστεύοντι,
3099 3167 3331 3238 Ἰουδαίῳ
3361 3185 3418 3220 τε
3453 3165 3665 3238 πρῶτον
3695 3167 3789 3220 καὶ

555 3257 916 3326 ignorantiam
969 3257 1208 3312 admissa
1261 3257 1352 3323 sit,
1402 3259 1766 3328 expiationem
1822 3277 1966 3328 esse,
2021 3280 2120 3334 pro

2223 3261 2440 3332 Ἕλληνι
2459 3279 2472 3292 ο
2507 3260 2814 3331 δικαιοσύνη
2845 3259 2951 3331 γάρ
2989 3259 3122 3313 Θεοῦ
3153 3261 3210 3312 ὲν
3242 3258 3388 3328 αὐτῷ
3414 3258 3789 3312 ἀποκαλύπτε-

553 3363 818 3403 concesso
855 3363 1097 3403 sumens.
1153 3348 1283 3404 Post
1322 3350 1440 3420 ipsa
1492 3351 1628 3417 haec,
1654 3353 1787 3408 illud
1821 3356 2068 3425 sequitur
2104 3377 2116 3412 :

2220 3370 2332 3408 ται.
2362 3372 2382 3404 3
2416 3353 2525 3405 Καὶ
2552 3353 2610 3404 ἐν
2648 3350 2894 3420 Ψαλμοῖς
2921 3350 2977 3404 δὲ
3008 3351 3219 3422 εἴρηται
3247 3349 3374 3421 περὶ
3397 3350 3491 3403 τοῦ
3526 3347 3782 3422 Χριστοῦυ

559 3459 577 3490 σ
623 3439 692 3494 Ut
722 3439 1014 3494 inducatur
1045 3441 1261 3510 justitia
1286 3443 1636 3510 sempiterna.
1663 3462 1681 3495 3
1720 3443 1815 3500 Est
1846 3463 1977 3501 sane
2004 3448 2120 3518 ipse

2225 3444 2536 3498 «Ἀνατελεῖ
2577 3445 2633 3497 ἐν
2676 3446 2794 3506 ταῖς
2839 3443 3072 3514 ἡμέραις
3117 3442 3280 3496 αὑτοῦ
3313 3441 3644 3512 δικαιοσύνη,
3693 3442 3787 3493 καὶ

556 3531 649 3585 Dei
679 3530 914 3588 Verbum
961 3533 1175 3601 jnstitia
1229 3534 1582 3603 sempiterna,
1615 3554 1634 3587 ι
1663 3537 1756 3607 qui
1813 3539 1988 3596 factus
2037 3549 2121 3596 est

2221 3537 2420 3607 πλῆθος
2449 3538 2688 3608 εἰρήνης.
2719 3555 2737 3587 3
2774 3537 2881 3588 Ka.‘t
2906 3537 2965 3587 τὸ
2992 3535 3150 3605 ἔργον
3179 3535 3235 3587 δὲ
3274 3534 3438 3587 αὐτοῦ
3471 3534 3545 3598 ὡς
3572 3532 3787 3605 ἀληθῶς

553 3621 713 3676 nobis
754 3622 1017 3692 sapientia
1068 3637 1099 3676 a
1152 3621 1282 3686 Deo,
1312 3623 1639 3694 iustitiaque
1671 3634 1726 3682 et
1754 3629 2119 3684 sanctiﬁcatio

2219 3629 2352 3684 Θεοῦ
2375 3628 2718 3698 δικαιοσύνην
2745 3627 3056 3690 ἐνεδείξατο,
3080 3626 3141 3679 τὸ
3163 3627 3269 3680 πᾶν
3299 3626 3452 3694 γένος
3481 3623 3785 3695 ἀνθρώπων

553 3720 608 3765 et
637 3711 958 3781 redemptio,
1000 3731 1018 3765 3
1049 3720 1104 3765 ut
1143 3714 1218 3766 ait
1268 3714 1583 3783 Apostolus,
1614 3726 1986 3773 verumtamen
2019 3720 2118 3773 ad-

2220 3721 2280 3787 ἐξ
2311 3722 2424 3774 ῐσου
2466 3720 2564 3790 τῆς
2606 3719 2754 3791 παρά
2784 3718 2861 3788 τῷ
2889 3716 3008 3787 Θεῷ
3040 3716 3472 3781 καταξιώσαντος
3516 3715 3780 3786 κλήσεως.

553 3811 716 3858 ventu
748 3818 848 3858 suo
867 3805 1122 3860 omnibus
1153 3805 1466 3862 hominibus
1483 3807 1796 3862 conciliavit
1822 3810 2116 3879 justitiam,

2233 3813 2388 3866 Ἀλλά
2412 3813 2470 3865 ού
2499 3811 2717 3865 τοιαῦτα
2742 3806 2810 3882 ἦν
2831 3809 2899 3863 τὰ
2923 3807 3008 3862 διὰ
3042 3809 3304 3873 Μωσέως,
3336 3808 3416 3861 ἐνὶ
3452 3807 3507 3860 δὲ
3535 3808 3677 3878 μόνῳ
3707 3806 3786 3876 τῷ

555 3895 734 3964 reipsa
772 3894 1087 3960 ostendens,
1128 3897 1272 3966 quod
1307 3915 1325 3948 ι
1355 3913 1462 3952 non
1493 3898 1658 3970 386
1691 3901 1865 3954 solum
1903 3899 2115 3957 Iudaeo-

2232 3903 2493 3957 Ἰουδαίων
2535 3902 2674 3954 έθνει
2718 3899 3090 3972 δεδωρημένα’
3134 3899 3212 3952 διὸ
3259 3899 3349 3950 καὶ
3398 3897 3532 3967 πρὸς
3596 3897 3785 3967 καιρὸν

552 4003 672 4040 rum
700 3995 783 4042 est
817 3986 982 4054 Deus,
1014 3989 1108 4042 sed
1131 3989 1292 4043 etiam
1323 3990 1587 4059 gentium.
1612 4011 1629 4042 ι
1669 3991 2116 4064 Quandoquidem

2219 3995 2452 4064 φανέντα
2498 3993 2884 4065 παρελήλυθεν.
2903 3991 2966 4044 Ἠ
3008 3991 3064 4044 δὲ
3106 3989 3192 4044 διά
3222 3989 3313 4042 τοῦ
3349 3989 3598 4060 Σωτῆρος
3627 3986 3785 4058 ἡμῶν

553 4093 693 4133 unus
726 4086 810 4132 est
861 4077 1004 4133 Deus
1044 4079 1134 4148 qui
1163 4080 1488 4148 justiﬁcabit
1520 4084 1996 4140 circumcisionem
2047 4102 2114 4141 ex

2218 4084 2627 4156 κατηγγελμένη
2671 4082 3002 4153 δικαιοσύνη,
3042 4081 3365 4152 διαμένουσα
3411 4082 3489 4143 είς
3521 4080 3581 4132 τὸ
3611 4079 3785 4149 διηνε-

552 4165 674 4235 ﬁde,
709 4177 762 4221 et
795 4169 1121 4239 praeputium
1153 4186 1252 4241 per
1281 4171 1440 4227 ﬁdem
1465 4173 1532 4226 τ’.
1570 4193 1586 4224 ι
1622 4173 1700 4227 Ex
1733 4190 1842 4243 quo
1887 4192 1981 4232 eos
2020 4178 2114 4247 qui

2217 4177 2327 4239 κὲς,
2361 4177 2582 4240 εἰκότως
2611 4175 2824 4238 αἰώνιος
2853 4174 3285 4245 προσηγόρευται
3317 4169 3649 4242 δικαιοσύνη,
3683 4189 3784 4225 κα-

548 4273 674 4312 cum
707 4258 962 4314 Cornelio
1015 4261 1263 4325 aderant.
1294 4265 1495 4333 quique
1542 4266 1654 4335 jam
1693 4264 1954 4336 Spiritum
1989 4285 2116 4324 san-

2214 4266 2282 4319 τά
2313 4267 2405 4319 τὸν
2431 4265 2665 4336 Γαϐριὴλ
2703 4266 2966 4335 φήσαντατ
3005 4283 3022 4314 ‹
3052 4264 3161 4316 Καὶ
3191 4263 3284 4316 τοῦ
3313 4264 3538 4330 ἀγαγεῖν
3581 4262 3781 4315 δικαιο-

547 4357 694 4403 etum
727 4353 974 4422 accipere
995 4362 1326 4420 meruerant,
1363 4355 1638 4410 admirans
1662 4355 1876 4423 Petrus,
1910 4377 1928 4408 ε
1952 4357 2110 4429 Vere,

2217 4357 2380 4428 σύνην
2409 4355 2638 4410 αἰώνιον·
2675 4375 2692 4408 3
2718 4356 2838 4411 ἀντὶ
2863 4354 2938 4418 δὲ,
2971 4374 2988 4406 ‹
3015 4356 3124 4409 Καὶ
3151 4355 3244 4408 τοῦ
3270 4357 3567 4424 σφραγῖσαι
3595 4355 3780 4425 ὅρασιν

547 4443 743 4513 inquit,
803 4445 928 4499 novi
971 4448 1114 4515 quod
1169 4461 1279 4500 non
1334 4455 1418 4502 est
1458 4458 1712 4519 acceptor
1751 4466 2106 4520 personarum
2139 4493 2168 4546 Ε

2162 4494 2181 4544 )
2216 4450 2308 4503 καὶ
2334 4451 2632 4521 προφήτην,
2667 4468 2684 4499 3
2715 4447 3042 4519 κυριώτερόν
3093 4465 3179 4518 μοι
3207 4447 3352 4499 δοκεῖ
3377 4445 3729 4516 πεποιηκέναι
3755 4449 3783 4500 6

545 4535 712 4600 Deus,
743 4536 837 4591 sed
860 4537 915 4590 in
939 4539 1087 4590 omni
1114 4547 1294 4608 gente,
1328 4541 1419 4608 qui
1450 4540 1602 4595 timet
1635 4541 1784 4595 illum
1807 4551 1861 4597 et
1892 4553 2107 4599 exercet
2141 4535 2166 4546 ³

2162 4535 2178 4544 ’
2224 4541 2468 4604 Ἀκύλας,
2506 4538 2691 4594 εἰπών’
2735 4557 2752 4589 t
2783 4540 2890 4592 Καὶ
2926 4539 3018 4591 τοῦ
3045 4537 3252 4591 τελέσαι
3285 4537 3658 4608 ὁραματισμὸν
3691 4535 3783 4588 καὶ

540 4627 831 4695 justitiam,
859 4638 1116 4699 acceptus
1149 4637 1234 4684 est
1283 4631 1360 4685 illi
1391 4632 1458 4687 ⁷³.
1494 4651 1512 4682 3
1549 4631 1692 4697 Quin
1747 4631 1950 4690 Paulus
1979 4651 2111 4704 quo~

2214 4631 2517 4701 προφήτην.
2553 4648 2570 4680 3
2603 4629 2677 4681 Οὐ
2705 4627 2812 4699 γὰρ
2832 4627 3169 4692 ἀποκλεῖσαι,
3203 4628 3294 4680 καὶ
3328 4626 3514 4697 ῶσπερ
3547 4625 3781 4697 σφραγίς

541 4735 649 4790 que
702 4719 1057 4791 Evangelium
1108 4723 1338 4790 iustitia:
1375 4723 1603 4778 aﬁirmat
1654 4741 1797 4789 esse,
1830 4726 1921 4780 ubi
1975 4729 2101 4783 ait:

2216 4740 2301 4776 σαι
2353 4722 2448 4785 τάς
2491 4721 2833 4793 προφητικάς
2862 4721 3080 4793 ὁράσεις
3117 4721 3504 4790 ἑπιδεδήμηκεν
3530 4720 3558 4770 6
3591 4718 3781 4792 Σωτὴρ

548 4831 566 4862 ε
605 4811 794 4868 Virtus
837 4817 981 4868 enim
1039 4814 1133 4870 Dei
1183 4823 1267 4870 est
1301 4816 1367 4870 ad
1398 4817 1626 4871 salutem
1659 4819 1804 4871 omni
1837 4819 2103 4883 credenti,

2215 4816 2310 4868 καὶ
2335 4813 2536 4885 Κύριος
2564 4815 2596 4884 ὴ
2605 4813 2740 4884 μῶν,
2765 4815 2823 4878 ὃς
2851 4830 2913 4881 γε
2940 4815 3033 4866 καὶ
3063 4813 3227 4865 πάλαι
3251 4811 3411 4874 οὔσας
3431 4813 3658 4878 ἀσαφεῖς
3688 4812 3780 4865 καὶ

539 4903 726 4960 «1υάωο
760 4906 994 4976 primum
1038 4915 1091 4962 et
1141 4905 1332 4962 Graeco
1363 4926 1378 4964 :
1417 4908 1624 4977 iustitia
1656 4910 1798 4963 enim
1831 4909 1926 4964 Dei
1954 4912 2007 4965 in
2043 4928 2108 4966 eo

2216 4906 2758 4976 κατεσφραγισμένας
2786 4945 2800 4968 ,
2858 4904 3044 4974 ὥσπερ
3102 4903 3449 4973 ἐπικειμένας
3514 4901 3777 4973 περιελὼν

539 4999 812 5053 revelatur
836 4999 901 5052 ”.
934 5018 953 5052 3
980 4997 1038 5052 In
1067 4997 1298 5055 Psalmis
1319 5016 1534 5071 quoque
1565 5001 1632 5056 de
1653 5001 1872 5057 Christo
1901 5003 2104 5058 dictum

2211 4997 2529 5068 σφραγῖδας,
2570 4996 2768 5067 ἀνέῳξέ
2820 5014 2877 5049 τε
2925 4999 3018 5050 καὶ
3067 4995 3372 5066 ἀνήπλωσε,
3425 4997 3534 5057 τοῖς
3584 4994 3775 5047 ἑαυτοῦ

538 5093 625 5138 est
657 5103 669 5138 :
697 5101 715 5134 ι
756 5082 973 5139 Orietur
997 5086 1050 5138 in
1073 5085 1266 5140 diebus
1293 5086 1411 5155 ejus
1439 5086 1655 5155 justitia
1687 5095 1740 5141 et
1769 5088 2102 5142 abundantia

2213 5087 2476 5158 μαθηταῖς
2501 5087 2590 5140 τὸν
2613 5087 2734 5140 νοῦν
2758 5086 2864 5139 τῶν
2891 5086 3049 5139 θείων
3070 5086 3392 5157 παραδιδοὺς
3413 5085 3773 5156 γραμμάτων.

544 5174 694 5243 pacis
721 5174 788 5230 ⁷⁸,
822 5195 842 5228 3
878 5175 942 5229 Et
969 5192 1099 5232 sane
1139 5177 1286 5232 illius
1315 5192 1452 5247 opus
1483 5193 1539 5230 re
1569 5192 1692 5231 vera
1725 5177 2103 5246 Deijustitiam

2212 5181 2397 5247 Ὅθεν,
2433 5170 2630 5244 (Ἰδοὺ,
2659 5199 2675 5229 3
2715 5181 2896 5250 φησὶν,
2921 5199 2938 5230 ‹
2969 5180 3216 5249 ἐνίκησεν
3242 5180 3270 5231 6
3297 5179 3432 5230 λέων
3460 5179 3488 5230 6
3515 5180 3578 5230 ἐκ
3607 5177 3778 5246 φυλῆς

542 5266 956 5334 demonstravit,
993 5277 1181 5338 utpote
1219 5269 1364 5339 quod
1392 5285 1552 5324 omne
1602 5286 1773 5340 genus
1823 5271 2103 5324 hominum

2221 5271 2408 5326 Ἰούδα·
2437 5291 2456 5324 3
2490 5274 2583 5324 καὶ
2624 5272 2782 5333 αὐτὸς
2803 5269 2976 5340 ἤνοιξε
2998 5270 3095 5334 τὰς
3129 5269 3424 5342 σφραγῖδας
3454 5267 3550 5332 τὰς
3573 5269 3778 5322 ἐπικει-

541 5357 660 5426 pari
695 5360 981 5415 vocatione
1012 5360 1232 5432 dignum
1267 5361 1581 5416 reddiderit.
1601 5362 1669 5416 At
1699 5378 1817 5431 qua:
1855 5377 1950 5431 per
2000 5361 2107 5414 Mo-

2217 5365 2377 5434 μένας
2405 5365 2481 5434 τῷ
2511 5363 2717 5434 βιϐλίῳ,
2769 5363 2906 5416 κατὰ
2931 5364 3030 5434 τὴν
3088 5361 3444 5430 Ἀποκὰλυψιν
3507 5359 3772 5412 Ἰωάννου.

541 5465 657 5506 sem
688 5449 833 5506 edita
867 5460 1015 5520 sunt,
1047 5470 1388 5525 nequaquam
1431 5455 1580 5518 talia,
1613 5454 1704 5510 sed
1749 5456 1841 5509 uni
1875 5454 1976 5510 soli
2007 5453 2103 5507 Ju-

2214 5457 2378 5521 Ποίας
2406 5457 2462 5510 δὲ
2493 5457 2789 5528 σφραγῖδας
2829 5457 2861 5526 ἢ
2893 5455 2998 5508 τῶν
3031 5454 3320 5526 προφητῶν
3352 5453 3449 5515 τὰς
3474 5449 3774 5519 ἀσαφείαςς

614 5654 676 5727 ⁸⁸-
698 5653 828 5727 Luc.
866 5672 898 5708 ιι
923 5655 1060 5727 ,δῷ
1137 5658 1178 5686 ⁶⁵
1215 5655 1372 5708 Joan.
1409 5674 1459 5715 ι,
1495 5657 1581 5711 29.
1683 5660 1746 5689 ‘9'
1791 5660 1808 5710 1
1842 5657 1998 5712 «10311.
2039 5675 2108 5727 Il.
2139 5660 2192 5716 2.

2147 5660 2192 5716 2.
2269 5663 2314 5693 ⁷⁹
2355 5661 2530 5717 ICor.
2565 5675 2618 5722 ι,
2653 5659 2742 5714 30.
2847 5661 2886 5689 τί
2932 5656 3086 5712 Rom.
3130 5675 3222 5722 ιιι,
3255 5656 3454 5718 9.9.30.
3559 5655 3605 5685 "
3648 5653 3768 5709 Act.

542 5738 615 5788 Χ.
648 5725 850 5792 31,53.
931 5726 972 5756 ⁷³
1017 5725 1166 5781 llom.
1206 5743 1242 5792 t,
1277 5728 1361 5791 l6,
1393 5728 1474 5783 I7.
1555 5730 1596 5760 ⁷⁵
1637 5728 1778 5783 PsaI.
1821 5746 1977 5795 LXXI,
2011 5729 2064 5784 7.
