  <div class='ocr_page' id='page_1' title='image "/cluster/home/n/w/nwhite01/storage/ocr_20150623/22/hvd.32044073501140/311.png"; bbox 0 0 4106 6420; ppageno 0'>
   <div class='ocr_carea' id='block_1_1' title="bbox 584 320 688 377">
    <p class='ocr_par' dir='ltr' id='par_1_1' title="bbox 584 320 688 377">
     <span class='ocr_line' id='line_1_1' title="bbox 584 320 688 377; baseline -0.01 -1"><span class='ocrx_word' id='word_1_1' title='bbox 584 320 688 377; x_wconf 80' lang='grc' dir='ltr'>ϐΟἹ</span> 
     </span>
    </p>
   </div>
   <div class='ocr_carea' id='block_1_2' title="bbox 1254 314 3201 377">
    <p class='ocr_par' dir='ltr' id='par_1_2' title="bbox 1254 314 3201 377">
     <span class='ocr_line' id='line_1_2' title="bbox 1254 314 3201 377; baseline -0.003 -1"><span class='ocrx_word' id='word_1_2' title='bbox 1254 319 1522 377; x_wconf 82' lang='lat' dir='ltr'><strong>EUSEBll</strong></span> <span class='ocrx_word' id='word_1_3' title='bbox 1557 316 2045 376; x_wconf 66' lang='lat' dir='ltr'><strong>CIESARIBNSIS</strong></span> <span class='ocrx_word' id='word_1_4' title='bbox 2081 314 2233 375; x_wconf 82' lang='lat' dir='ltr'><strong>OPP.</strong></span> <span class='ocrx_word' id='word_1_5' title='bbox 2276 315 2458 372; x_wconf 72' lang='lat' dir='ltr'><strong>PARS</strong></span> <span class='ocrx_word' id='word_1_6' title='bbox 2496 315 2559 374; x_wconf 87' lang='lat' dir='ltr'><strong>ll.</strong></span> <span class='ocrx_word' id='word_1_7' title='bbox 2600 348 2673 361; x_wconf 94' lang='lat'><strong><em>—</em></strong></span> <span class='ocrx_word' id='word_1_8' title='bbox 2701 314 3201 373; x_wconf 73' lang='lat' dir='ltr'><strong>APOLOGETICA.</strong></span> 
     </span>
    </p>
   </div>
   <div class='ocr_carea' id='block_1_3' title="bbox 3742 315 3861 374">
    <p class='ocr_par' dir='ltr' id='par_1_3' title="bbox 3742 315 3861 374">
     <span class='ocr_line' id='line_1_3' title="bbox 3742 315 3861 374; baseline 0.025 -3"><span class='ocrx_word' id='word_1_9' title='bbox 3742 315 3861 374; x_wconf 72' lang='lat'><strong>603</strong></span> 
     </span>
    </p>
   </div>
   <div class='ocr_carea' id='block_1_4' title="bbox 584 432 2179 510">
    <p class='ocr_par' dir='ltr' id='par_1_4' title="bbox 584 437 2161 510">
     <span class='ocr_line' id='line_1_4' title="bbox 584 437 2161 510; baseline 0 -17"><span class='ocrx_word' id='word_1_10' title='bbox 584 438 680 509; x_wconf 99' lang='lat' dir='ltr'><strong>qui</strong></span> <span class='ocrx_word' id='word_1_11' title='bbox 713 438 916 510; x_wconf 69' lang='lat' dir='ltr'><strong>populo</strong></span> <span class='ocrx_word' id='word_1_12' title='bbox 950 447 1240 509; x_wconf 75' lang='lat' dir='ltr'><strong>przeeranl,</strong></span> <span class='ocrx_word' id='word_1_13' title='bbox 1263 437 1590 510; x_wconf 82' lang='lat' dir='ltr'><strong>jampridem</strong></span> <span class='ocrx_word' id='word_1_14' title='bbox 1625 438 1802 495; x_wconf 90' lang='lat' dir='ltr'><strong>honor</strong></span> <span class='ocrx_word' id='word_1_15' title='bbox 1824 438 2026 495; x_wconf 87' lang='lat' dir='ltr'><strong>dilatus</strong></span> <span class='ocrx_word' id='word_1_16' title='bbox 2050 437 2161 493; x_wconf 82' lang='lat' dir='ltr'><strong>fue-</strong></span> 
     </span>
    </p>
   </div>
   <div class='ocr_carea' id='block_1_5' title="bbox 2280 432 3869 510">
    <p class='ocr_par' dir='ltr' id='par_1_5' title="bbox 2280 432 3869 509">
     <span class='ocr_line' id='line_1_5' title="bbox 2280 432 3869 509; baseline -0.003 -18"><span class='ocrx_word' id='word_1_17' title='bbox 2280 436 2550 501; x_wconf 73' lang='grc' dir='ltr'><strong>Ἰουδαίοις</strong></span> <span class='ocrx_word' id='word_1_18' title='bbox 2586 435 2847 509; x_wconf 78' lang='grc' dir='ltr'><strong>ἀρχιερέα</strong></span> <span class='ocrx_word' id='word_1_19' title='bbox 2877 436 3032 505; x_wconf 80' lang='grc' dir='ltr'>ἇγιον</span> <span class='ocrx_word' id='word_1_20' title='bbox 3060 434 3231 505; x_wconf 84' lang='grc' dir='ltr'>ἁγίων</span> <span class='ocrx_word' id='word_1_21' title='bbox 3263 432 3670 505; x_wconf 82' lang='grc' dir='ltr'>ὠνομασμένον,</span> <span class='ocrx_word' id='word_1_22' title='bbox 3693 435 3869 505; x_wconf 69' lang='grc' dir='ltr'>ἠγοῦ-</span> 
     </span>
    </p>
   </div>
   <div class='ocr_carea' id='block_1_6' title="bbox 588 527 2166 600">
    <p class='ocr_par' dir='ltr' id='par_1_6' title="bbox 588 527 2166 600">
     <span class='ocr_line' id='line_1_6' title="bbox 588 527 2166 600; baseline 0.001 -15"><span class='ocrx_word' id='word_1_23' title='bbox 588 536 698 596; x_wconf 84' lang='lat' dir='ltr'><strong>rat,</strong></span> <span class='ocrx_word' id='word_1_24' title='bbox 725 527 919 585; x_wconf 84' lang='lat' dir='ltr'><strong>ordine</strong></span> <span class='ocrx_word' id='word_1_25' title='bbox 947 527 1210 600; x_wconf 85' lang='lat' dir='ltr'><strong>deinceps</strong></span> <span class='ocrx_word' id='word_1_26' title='bbox 1263 544 1467 594; x_wconf 88' lang='lat' dir='ltr'><strong>sermo,</strong></span> <span class='ocrx_word' id='word_1_27' title='bbox 1494 529 1587 585; x_wconf 85' lang='lat' dir='ltr'><strong>ubi</strong></span> <span class='ocrx_word' id='word_1_28' title='bbox 1623 531 1903 585; x_wconf 87' lang='lat' dir='ltr'><strong>interitum</strong></span> <span class='ocrx_word' id='word_1_29' title='bbox 1925 529 2166 587; x_wconf 67' lang='lat' dir='ltr'><strong>Iudaica</strong></span> 
     </span>
    </p>
   </div>
   <div class='ocr_carea' id='block_1_7' title="bbox 591 619 2168 692">
    <p class='ocr_par' dir='ltr' id='par_1_7' title="bbox 591 619 2168 692">
     <span class='ocr_line' id='line_1_7' title="bbox 591 619 2168 692; baseline 0 -17"><span class='ocrx_word' id='word_1_30' title='bbox 591 620 773 692; x_wconf 86' lang='lat' dir='ltr'><strong>gentis</strong></span> <span class='ocrx_word' id='word_1_31' title='bbox 793 619 994 675; x_wconf 88' lang='lat' dir='ltr'><strong>ducum</strong></span> <span class='ocrx_word' id='word_1_32' title='bbox 1043 630 1093 675; x_wconf 89' lang='lat' dir='ltr'><strong>et</strong></span> <span class='ocrx_word' id='word_1_33' title='bbox 1140 619 1450 690; x_wconf 58' lang='lat' dir='ltr'><strong>principum</strong></span> <span class='ocrx_word' id='word_1_34' title='bbox 1504 620 1608 677; x_wconf 87' lang='lat' dir='ltr'><strong>sub</strong></span> <span class='ocrx_word' id='word_1_35' title='bbox 1639 620 1816 691; x_wconf 90' lang='lat' dir='ltr'><strong>ipsum</strong></span> <span class='ocrx_word' id='word_1_36' title='bbox 1844 621 2046 678; x_wconf 85' lang='lat' dir='ltr'><strong>Christi</strong></span> <span class='ocrx_word' id='word_1_37' title='bbox 2070 621 2168 675; x_wconf 85' lang='lat' dir='ltr'><strong>ad-</strong></span> 
     </span>
    </p>
   </div>
   <div class='ocr_carea' id='block_1_8' title="bbox 594 712 2166 783">
    <p class='ocr_par' dir='ltr' id='par_1_8' title="bbox 594 712 2166 783">
     <span class='ocr_line' id='line_1_8' title="bbox 594 712 2166 783; baseline -0.001 -16"><span class='ocrx_word' id='word_1_38' title='bbox 594 721 840 774; x_wconf 82' lang='lat' dir='ltr'><strong>ventum,</strong></span> <span class='ocrx_word' id='word_1_39' title='bbox 878 726 978 783; x_wconf 85' lang='lat' dir='ltr'><strong>per</strong></span> <span class='ocrx_word' id='word_1_40' title='bbox 997 727 1116 767; x_wconf 90' lang='lat' dir='ltr'><strong>eam</strong></span> <span class='ocrx_word' id='word_1_41' title='bbox 1143 727 1266 783; x_wconf 65' lang='lat' dir='ltr'><strong>quin</strong></span> <span class='ocrx_word' id='word_1_42' title='bbox 1293 712 1449 782; x_wconf 86' lang='lat' dir='ltr'><strong>prius</strong></span> <span class='ocrx_word' id='word_1_43' title='bbox 1486 712 1762 767; x_wconf 89' lang='lat' dir='ltr'><strong>citabatur</strong></span> <span class='ocrx_word' id='word_1_44' title='bbox 1799 712 2166 782; x_wconf 85' lang='lat' dir='ltr'><strong>prophetiam,</strong></span> 
     </span>
    </p>
   </div>
   <div class='ocr_carea' id='block_1_9' title="bbox 594 804 2168 878">
    <p class='ocr_par' dir='ltr' id='par_1_9' title="bbox 594 804 2168 878">
     <span class='ocr_line' id='line_1_9' title="bbox 594 804 2168 878; baseline -0.003 -16"><span class='ocrx_word' id='word_1_45' title='bbox 594 804 867 878; x_wconf 71' lang='lat' dir='ltr'><strong>praedixit,</strong></span> <span class='ocrx_word' id='word_1_46' title='bbox 897 820 996 874; x_wconf 88' lang='lat' dir='ltr'><strong>per</strong></span> <span class='ocrx_word' id='word_1_47' title='bbox 1044 819 1164 858; x_wconf 89' lang='lat' dir='ltr'><strong>eam</strong></span> <span class='ocrx_word' id='word_1_48' title='bbox 1204 819 1328 874; x_wconf 68' lang='lat' dir='ltr'><strong>qua:</strong></span> <span class='ocrx_word' id='word_1_49' title='bbox 1371 820 1516 859; x_wconf 91' lang='lat' dir='ltr'><strong>nunc</strong></span> <span class='ocrx_word' id='word_1_50' title='bbox 1561 804 1616 859; x_wconf 88' lang='lat' dir='ltr'><strong>in</strong></span> <span class='ocrx_word' id='word_1_51' title='bbox 1670 805 1923 859; x_wconf 89' lang='lat' dir='ltr'><strong>manibus</strong></span> <span class='ocrx_word' id='word_1_52' title='bbox 1973 814 2077 868; x_wconf 91' lang='lat' dir='ltr'><strong>est,</strong></span> <span class='ocrx_word' id='word_1_53' title='bbox 2112 811 2168 860; x_wconf 91' lang='lat' dir='ltr'><strong>et</strong></span> 
     </span>
    </p>
   </div>
   <div class='ocr_carea' id='block_1_10' title="bbox 586 896 2169 972">
    <p class='ocr_par' dir='ltr' id='par_1_10' title="bbox 586 896 2169 972">
     <span class='ocr_line' id='line_1_10' title="bbox 586 896 2169 972; baseline 0 -19"><span class='ocrx_word' id='word_1_54' title='bbox 586 899 981 972; x_wconf 85' lang='lat' dir='ltr'><strong>prophetarum</strong></span> <span class='ocrx_word' id='word_1_55' title='bbox 1040 905 1095 951; x_wconf 87' lang='lat' dir='ltr'><strong>et</strong></span> <span class='ocrx_word' id='word_1_56' title='bbox 1141 897 1513 963; x_wconf 83' lang='lat' dir='ltr'><strong>sacerdotum,</strong></span> <span class='ocrx_word' id='word_1_57' title='bbox 1544 897 1636 969; x_wconf 88' lang='lat' dir='ltr'><strong>qui</strong></span> <span class='ocrx_word' id='word_1_58' title='bbox 1686 896 1816 951; x_wconf 91' lang='lat' dir='ltr'><strong>olim</strong></span> <span class='ocrx_word' id='word_1_59' title='bbox 1867 898 2009 968; x_wconf 90' lang='lat' dir='ltr'><strong>apud</strong></span> <span class='ocrx_word' id='word_1_60' title='bbox 2043 898 2169 954; x_wconf 87' lang='lat' dir='ltr'><strong>illos</strong></span> 
     </span>
    </p>
   </div>
   <div class='ocr_carea' id='block_1_11' title="bbox 586 988 2165 1062">
    <p class='ocr_par' dir='ltr' id='par_1_11' title="bbox 586 988 2165 1062">
     <span class='ocr_line' id='line_1_11' title="bbox 586 988 2165 1062; baseline -0.002 -13"><span class='ocrx_word' id='word_1_61' title='bbox 586 992 875 1053; x_wconf 77' lang='lat' dir='ltr'><strong>ﬂorebant,</strong></span> <span class='ocrx_word' id='word_1_62' title='bbox 917 988 1192 1044; x_wconf 73' lang='lat' dir='ltr'><strong>defectum</strong></span> <span class='ocrx_word' id='word_1_63' title='bbox 1248 990 1411 1061; x_wconf 81' lang='lat' dir='ltr'><strong>plane</strong></span> <span class='ocrx_word' id='word_1_64' title='bbox 1467 990 1760 1062; x_wconf 83' lang='lat' dir='ltr'><strong>signiﬁcat,</strong></span> <span class='ocrx_word' id='word_1_65' title='bbox 1803 997 2061 1061; x_wconf 87' lang='lat' dir='ltr'><strong>tanquam</strong></span> <span class='ocrx_word' id='word_1_66' title='bbox 2110 990 2165 1046; x_wconf 76' lang='lat' dir='ltr'><strong>lii</strong></span> 
     </span>
    </p>
   </div>
   <div class='ocr_carea' id='block_1_12' title="bbox 588 1081 2165 1157">
    <p class='ocr_par' dir='ltr' id='par_1_12' title="bbox 588 1081 2165 1157">
     <span class='ocr_line' id='line_1_12' title="bbox 588 1081 2165 1157; baseline -0.002 -17"><span class='ocrx_word' id='word_1_67' title='bbox 588 1100 809 1157; x_wconf 88' lang='lat' dir='ltr'><strong>quoque</strong></span> <span class='ocrx_word' id='word_1_68' title='bbox 835 1082 927 1137; x_wconf 85' lang='lat' dir='ltr'><strong>ubi</strong></span> <span class='ocrx_word' id='word_1_69' title='bbox 960 1081 1217 1137; x_wconf 76' lang='lat' dir='ltr'><strong>Christus</strong></span> <span class='ocrx_word' id='word_1_70' title='bbox 1265 1082 1581 1138; x_wconf 76' lang='lat' dir='ltr'><strong>advenisset</strong></span> <span class='ocrx_word' id='word_1_71' title='bbox 1630 1081 1901 1138; x_wconf 84' lang='lat' dir='ltr'><strong>defecturi</strong></span> <span class='ocrx_word' id='word_1_72' title='bbox 1960 1091 2165 1149; x_wconf 88' lang='lat' dir='ltr'><strong>essent,</strong></span> 
     </span>
    </p>
   </div>
   <div class='ocr_carea' id='block_1_13' title="bbox 590 1173 2169 1249">
    <p class='ocr_par' dir='ltr' id='par_1_13' title="bbox 590 1173 2169 1249">
     <span class='ocr_line' id='line_1_13' title="bbox 590 1173 2169 1249; baseline -0.001 -16"><span class='ocrx_word' id='word_1_73' title='bbox 590 1177 737 1249; x_wconf 90' lang='lat' dir='ltr'><strong>quod</strong></span> <span class='ocrx_word' id='word_1_74' title='bbox 764 1176 982 1248; x_wconf 87' lang='lat' dir='ltr'><strong>quidem</strong></span> <span class='ocrx_word' id='word_1_75' title='bbox 999 1174 1344 1241; x_wconf 82' lang='lat' dir='ltr'><strong>vaticinium,</strong></span> <span class='ocrx_word' id='word_1_76' title='bbox 1375 1173 1678 1230; x_wconf 89' lang='lat' dir='ltr'><strong>Salvatoris</strong></span> <span class='ocrx_word' id='word_1_77' title='bbox 1705 1175 1881 1231; x_wconf 85' lang='lat' dir='ltr'><strong>nostri</strong></span> <span class='ocrx_word' id='word_1_78' title='bbox 1904 1176 2169 1233; x_wconf 80' lang='lat' dir='ltr'><strong>adventus</strong></span> 
     </span>
    </p>
   </div>
   <div class='ocr_carea' id='block_1_14' title="bbox 590 1266 2167 1340">
    <p class='ocr_par' dir='ltr' id='par_1_14' title="bbox 590 1266 2167 1340">
     <span class='ocr_line' id='line_1_14' title="bbox 590 1266 2167 1340; baseline -0.002 -13"><span class='ocrx_word' id='word_1_79' title='bbox 590 1287 649 1327; x_wconf 88' lang='lat' dir='ltr'><strong>re</strong></span> <span class='ocrx_word' id='word_1_80' title='bbox 702 1270 819 1340; x_wconf 89' lang='lat' dir='ltr'><strong>ipsa</strong></span> <span class='ocrx_word' id='word_1_81' title='bbox 867 1267 1266 1338; x_wconf 80' lang='lat' dir='ltr'><strong>comprobavit.</strong></span> <span class='ocrx_word' id='word_1_82' title='bbox 1303 1266 1441 1332; x_wconf 85' lang='lat' dir='ltr'><strong>Quia</strong></span> <span class='ocrx_word' id='word_1_83' title='bbox 1485 1283 1614 1323; x_wconf 91' lang='lat' dir='ltr'><strong>vero</strong></span> <span class='ocrx_word' id='word_1_84' title='bbox 1640 1267 1860 1338; x_wconf 81' lang='lat' dir='ltr'><strong>Aquila,</strong></span> <span class='ocrx_word' id='word_1_85' title='bbox 1900 1286 1919 1319; x_wconf 80' lang='grc' dir='ltr'><strong>ι</strong></span> <span class='ocrx_word' id='word_1_86' title='bbox 1950 1268 2033 1324; x_wconf 84' lang='lat' dir='ltr'><strong>Ad</strong></span> <span class='ocrx_word' id='word_1_87' title='bbox 2061 1286 2167 1324; x_wconf 84' lang='lat' dir='ltr'><strong>un-</strong></span> 
     </span>
    </p>
   </div>
   <div class='ocr_carea' id='block_1_15' title="bbox 590 1357 2170 1433">
    <p class='ocr_par' dir='ltr' id='par_1_15' title="bbox 590 1357 2170 1433">
     <span class='ocr_line' id='line_1_15' title="bbox 590 1357 2170 1433; baseline -0.002 -15"><span class='ocrx_word' id='word_1_88' title='bbox 590 1361 829 1433; x_wconf 78' lang='lat' dir='ltr'><strong>gendum</strong></span> <span class='ocrx_word' id='word_1_89' title='bbox 854 1358 1269 1415; x_wconf 86' lang='lat' dir='ltr'><strong>Sanctificatum</strong></span> <span class='ocrx_word' id='word_1_90' title='bbox 1302 1357 1796 1423; x_wconf 87' lang='lat' dir='ltr'><strong>sanctificatorum,</strong></span> <span class='ocrx_word' id='word_1_91' title='bbox 1841 1380 1860 1413; x_wconf 78' lang='grc' dir='ltr'><strong>ι</strong></span> <span class='ocrx_word' id='word_1_92' title='bbox 1899 1359 2170 1431; x_wconf 87' lang='lat' dir='ltr'><strong>interpre-</strong></span> 
     </span>
    </p>
   </div>
   <div class='ocr_carea' id='block_1_16' title="bbox 589 1452 2172 1523">
    <p class='ocr_par' dir='ltr' id='par_1_16' title="bbox 589 1452 2172 1523">
     <span class='ocr_line' id='line_1_16' title="bbox 589 1452 2172 1523; baseline 0.001 -15"><span class='ocrx_word' id='word_1_93' title='bbox 589 1462 738 1510; x_wconf 88' lang='lat' dir='ltr'><strong>tatus</strong></span> <span class='ocrx_word' id='word_1_94' title='bbox 763 1461 868 1518; x_wconf 91' lang='lat' dir='ltr'><strong>est,</strong></span> <span class='ocrx_word' id='word_1_95' title='bbox 894 1469 957 1508; x_wconf 80' lang='lat' dir='ltr'><strong>ex</strong></span> <span class='ocrx_word' id='word_1_96' title='bbox 983 1468 1049 1508; x_wconf 90' lang='lat' dir='ltr'><strong>eo</strong></span> <span class='ocrx_word' id='word_1_97' title='bbox 1074 1453 1273 1522; x_wconf 87' lang='lat' dir='ltr'><strong>aliquis</strong></span> <span class='ocrx_word' id='word_1_98' title='bbox 1296 1453 1665 1523; x_wconf 81' lang='lat' dir='ltr'><strong>suspicabitur</strong></span> <span class='ocrx_word' id='word_1_99' title='bbox 1692 1462 1924 1510; x_wconf 81' lang='lat' dir='ltr'><strong>veterem</strong></span> <span class='ocrx_word' id='word_1_100' title='bbox 1953 1452 2172 1509; x_wconf 64' lang='lat' dir='ltr'><strong>Judaao-</strong></span> 
     </span>
    </p>
   </div>
   <div class='ocr_carea' id='block_1_17' title="bbox 592 1546 2168 1618">
    <p class='ocr_par' dir='ltr' id='par_1_17' title="bbox 592 1546 2168 1618">
     <span class='ocr_line' id='line_1_17' title="bbox 592 1546 2168 1618; baseline -0.002 -16"><span class='ocrx_word' id='word_1_101' title='bbox 592 1563 714 1602; x_wconf 92' lang='lat' dir='ltr'><strong>rum</strong></span> <span class='ocrx_word' id='word_1_102' title='bbox 739 1547 1053 1618; x_wconf 85' lang='lat' dir='ltr'><strong>pontificem</strong></span> <span class='ocrx_word' id='word_1_103' title='bbox 1086 1547 1366 1617; x_wconf 82' lang='lat' dir='ltr'><strong>designari</strong></span> <span class='ocrx_word' id='word_1_104' title='bbox 1400 1563 1415 1601; x_wconf 73' lang='grc' dir='ltr'><strong>ι</strong></span> <span class='ocrx_word' id='word_1_105' title='bbox 1446 1547 1649 1617; x_wconf 85' lang='lat' dir='ltr'><strong>quippe</strong></span> <span class='ocrx_word' id='word_1_106' title='bbox 1698 1562 1825 1601; x_wconf 90' lang='lat' dir='ltr'><strong>cum</strong></span> <span class='ocrx_word' id='word_1_107' title='bbox 1861 1547 2016 1602; x_wconf 91' lang='lat' dir='ltr'><strong>multi</strong></span> <span class='ocrx_word' id='word_1_108' title='bbox 2041 1546 2168 1617; x_wconf 89' lang='lat' dir='ltr'><strong>qui-</strong></span> 
     </span>
    </p>
   </div>
   <div class='ocr_carea' id='block_1_18' title="bbox 593 1638 2172 1710">
    <p class='ocr_par' dir='ltr' id='par_1_18' title="bbox 593 1638 2172 1710">
     <span class='ocr_line' id='line_1_18' title="bbox 593 1638 2172 1710; baseline -0.001 -16"><span class='ocrx_word' id='word_1_109' title='bbox 593 1640 715 1695; x_wconf 90' lang='lat' dir='ltr'><strong>dem</strong></span> <span class='ocrx_word' id='word_1_110' title='bbox 753 1641 846 1695; x_wconf 93' lang='lat' dir='ltr'><strong>illo</strong></span> <span class='ocrx_word' id='word_1_111' title='bbox 877 1639 999 1709; x_wconf 89' lang='lat' dir='ltr'><strong>ipso</strong></span> <span class='ocrx_word' id='word_1_112' title='bbox 1031 1638 1321 1695; x_wconf 87' lang='lat' dir='ltr'><strong>inferiores</strong></span> <span class='ocrx_word' id='word_1_113' title='bbox 1356 1639 1675 1695; x_wconf 87' lang='lat' dir='ltr'><strong>sacerdotes</strong></span> <span class='ocrx_word' id='word_1_114' title='bbox 1707 1639 1885 1695; x_wconf 89' lang='lat' dir='ltr'><strong>sancti</strong></span> <span class='ocrx_word' id='word_1_115' title='bbox 1930 1641 2172 1710; x_wconf 87' lang='lat' dir='ltr'><strong>appella-</strong></span> 
     </span>
    </p>
   </div>
   <div class='ocr_carea' id='block_1_19' title="bbox 592 1729 2170 1803">
    <p class='ocr_par' dir='ltr' id='par_1_19' title="bbox 592 1729 2170 1803">
     <span class='ocr_line' id='line_1_19' title="bbox 592 1729 2170 1803; baseline 0.001 -18"><span class='ocrx_word' id='word_1_116' title='bbox 592 1739 805 1794; x_wconf 82' lang='lat' dir='ltr'><strong>rentur,</strong></span> <span class='ocrx_word' id='word_1_117' title='bbox 837 1732 991 1787; x_wconf 91' lang='lat' dir='ltr'><strong>solus</strong></span> <span class='ocrx_word' id='word_1_118' title='bbox 1032 1741 1213 1785; x_wconf 89' lang='lat' dir='ltr'><strong>autem</strong></span> <span class='ocrx_word' id='word_1_119' title='bbox 1255 1729 1525 1801; x_wconf 80' lang='lat' dir='ltr'><strong>pontifex,</strong></span> <span class='ocrx_word' id='word_1_120' title='bbox 1558 1731 1650 1801; x_wconf 90' lang='lat' dir='ltr'><strong>qui</strong></span> <span class='ocrx_word' id='word_1_121' title='bbox 1682 1746 1873 1786; x_wconf 90' lang='lat' dir='ltr'><strong>omnes</strong></span> <span class='ocrx_word' id='word_1_122' title='bbox 1904 1730 2170 1803; x_wconf 85' lang='lat' dir='ltr'><strong>dignitate</strong></span> 
     </span>
    </p>
   </div>
   <div class='ocr_carea' id='block_1_20' title="bbox 592 1820 2171 1891">
    <p class='ocr_par' dir='ltr' id='par_1_20' title="bbox 592 1820 2171 1891">
     <span class='ocr_line' id='line_1_20' title="bbox 592 1820 2171 1891; baseline 0.001 -17"><span class='ocrx_word' id='word_1_123' title='bbox 592 1822 855 1886; x_wconf 83' lang='lat' dir='ltr'><strong>anteibat,</strong></span> <span class='ocrx_word' id='word_1_124' title='bbox 881 1820 1118 1877; x_wconf 86' lang='lat' dir='ltr'><strong>Sanctus</strong></span> <span class='ocrx_word' id='word_1_125' title='bbox 1149 1829 1484 1877; x_wconf 86' lang='lat' dir='ltr'><strong>sanctorum.</strong></span> <span class='ocrx_word' id='word_1_126' title='bbox 1524 1820 1801 1891; x_wconf 87' lang='lat' dir='ltr'><strong>Siquidem</strong></span> <span class='ocrx_word' id='word_1_127' title='bbox 1853 1821 1955 1876; x_wconf 86' lang='lat' dir='ltr'><strong>hoc</strong></span> <span class='ocrx_word' id='word_1_128' title='bbox 1997 1822 2081 1876; x_wconf 75' lang='lat' dir='ltr'><strong>vel</strong></span> <span class='ocrx_word' id='word_1_129' title='bbox 2107 1837 2171 1876; x_wconf 90' lang='lat' dir='ltr'><strong>eo</strong></span> 
     </span>
    </p>
   </div>
   <div class='ocr_carea' id='block_1_21' title="bbox 594 1910 2174 1982">
    <p class='ocr_par' dir='ltr' id='par_1_21' title="bbox 594 1910 2174 1982">
     <span class='ocr_line' id='line_1_21' title="bbox 594 1910 2174 1982; baseline -0.001 -15"><span class='ocrx_word' id='word_1_130' title='bbox 594 1927 759 1967; x_wconf 78' lang='lat' dir='ltr'><strong>sensu</strong></span> <span class='ocrx_word' id='word_1_131' title='bbox 790 1920 1070 1982; x_wconf 90' lang='lat' dir='ltr'><strong>acceptum</strong></span> <span class='ocrx_word' id='word_1_132' title='bbox 1103 1910 1247 1982; x_wconf 91' lang='lat' dir='ltr'><strong>quod</strong></span> <span class='ocrx_word' id='word_1_133' title='bbox 1283 1912 1578 1981; x_wconf 88' lang='lat' dir='ltr'><strong>unicuique</strong></span> <span class='ocrx_word' id='word_1_134' title='bbox 1619 1911 1672 1965; x_wconf 87' lang='lat' dir='ltr'><strong>in</strong></span> <span class='ocrx_word' id='word_1_135' title='bbox 1697 1920 1949 1981; x_wconf 87' lang='lat' dir='ltr'><strong>promptu</strong></span> <span class='ocrx_word' id='word_1_136' title='bbox 1975 1912 2174 1975; x_wconf 63' lang='lat' dir='ltr'><strong>sit,ve«</strong></span> 
     </span>
    </p>
   </div>
   <div class='ocr_carea' id='block_1_22' title="bbox 594 2000 2170 2073">
    <p class='ocr_par' dir='ltr' id='par_1_22' title="bbox 594 2000 2170 2073">
     <span class='ocr_line' id='line_1_22' title="bbox 594 2000 2170 2073; baseline -0.004 -14"><span class='ocrx_word' id='word_1_137' title='bbox 594 2021 715 2059; x_wconf 90' lang='lat' dir='ltr'><strong>rum</strong></span> <span class='ocrx_word' id='word_1_138' title='bbox 748 2011 854 2059; x_wconf 87' lang='lat' dir='ltr'><strong>est.</strong></span> <span class='ocrx_word' id='word_1_139' title='bbox 888 2003 1024 2057; x_wconf 84' lang='lat' dir='ltr'><strong>Nam</strong></span> <span class='ocrx_word' id='word_1_140' title='bbox 1056 2019 1229 2073; x_wconf 89' lang='lat' dir='ltr'><strong>usque</strong></span> <span class='ocrx_word' id='word_1_141' title='bbox 1261 2002 1330 2056; x_wconf 89' lang='lat' dir='ltr'><strong>ad</strong></span> <span class='ocrx_word' id='word_1_142' title='bbox 1359 2011 1604 2073; x_wconf 88' lang='lat' dir='ltr'><strong>tempora</strong></span> <span class='ocrx_word' id='word_1_143' title='bbox 1640 2000 1944 2057; x_wconf 79' lang='lat' dir='ltr'><strong>Salvatoris</strong></span> <span class='ocrx_word' id='word_1_144' title='bbox 1976 2002 2170 2065; x_wconf 84' lang='lat' dir='ltr'><strong>nostri,</strong></span> 
     </span>
    </p>
   </div>
   <div class='ocr_carea' id='block_1_23' title="bbox 591 2080 2171 2169">
    <p class='ocr_par' dir='ltr' id='par_1_23' title="bbox 591 2080 2171 2169">
     <span class='ocr_line' id='line_1_23' title="bbox 591 2080 2171 2169; baseline -0.003 -18"><span class='ocrx_word' id='word_1_145' title='bbox 591 2097 686 2169; x_wconf 87' lang='lat' dir='ltr'><strong>qui</strong></span> <span class='ocrx_word' id='word_1_146' title='bbox 712 2112 741 2151; x_wconf 89' lang='lat' dir='ltr'><strong>a</strong></span> <span class='ocrx_word' id='word_1_147' title='bbox 759 2080 948 2166; x_wconf 51' lang='lat' dir='ltr'><strong>&#39;prima</strong></span> <span class='ocrx_word' id='word_1_148' title='bbox 975 2096 1185 2166; x_wconf 82' lang='lat' dir='ltr'><strong>origine</strong></span> <span class='ocrx_word' id='word_1_149' title='bbox 1213 2110 1310 2166; x_wconf 89' lang='lat' dir='ltr'><strong>per</strong></span> <span class='ocrx_word' id='word_1_150' title='bbox 1336 2095 1743 2150; x_wconf 87' lang='lat' dir='ltr'><strong>successionem</strong></span> <span class='ocrx_word' id='word_1_151' title='bbox 1772 2101 1927 2149; x_wconf 90' lang='lat' dir='ltr'><strong>erant</strong></span> <span class='ocrx_word' id='word_1_152' title='bbox 1952 2093 2171 2163; x_wconf 87' lang='lat' dir='ltr'><strong>pontifi-</strong></span> 
     </span>
    </p>
   </div>
   <div class='ocr_carea' id='block_1_24' title="bbox 593 2184 2175 2257">
    <p class='ocr_par' dir='ltr' id='par_1_24' title="bbox 593 2184 2175 2257">
     <span class='ocr_line' id='line_1_24' title="bbox 593 2184 2175 2257; baseline -0.003 -13"><span class='ocrx_word' id='word_1_153' title='bbox 593 2204 708 2251; x_wconf 87' lang='lat' dir='ltr'><strong>ces,</strong></span> <span class='ocrx_word' id='word_1_154' title='bbox 743 2188 906 2243; x_wconf 90' lang='lat' dir='ltr'><strong>iidem</strong></span> <span class='ocrx_word' id='word_1_155' title='bbox 966 2189 1130 2243; x_wconf 88' lang='lat' dir='ltr'><strong>etiam</strong></span> <span class='ocrx_word' id='word_1_156' title='bbox 1181 2187 1282 2241; x_wconf 88' lang='lat' dir='ltr'><strong>toti</strong></span> <span class='ocrx_word' id='word_1_157' title='bbox 1332 2184 1537 2257; x_wconf 86' lang='lat' dir='ltr'><strong>populo</strong></span> <span class='ocrx_word' id='word_1_158' title='bbox 1593 2195 1880 2254; x_wconf 55' lang='lat' dir='ltr'><strong>praeerant,</strong></span> <span class='ocrx_word' id='word_1_159' title='bbox 1915 2185 2082 2256; x_wconf 76' lang='lat'><strong>388</strong></span> <span class='ocrx_word' id='word_1_160' title='bbox 2121 2193 2175 2240; x_wconf 88' lang='lat' dir='ltr'><strong>ct</strong></span> 
     </span>
    </p>
   </div>
   <div class='ocr_carea' id='block_1_25' title="bbox 593 2274 2177 2349">
    <p class='ocr_par' dir='ltr' id='par_1_25' title="bbox 593 2274 2177 2349">
     <span class='ocr_line' id='line_1_25' title="bbox 593 2274 2177 2349; baseline -0.005 -16"><span class='ocrx_word' id='word_1_161' title='bbox 593 2292 714 2349; x_wconf 71' lang='lat' dir='ltr'><strong>quze</strong></span> <span class='ocrx_word' id='word_1_162' title='bbox 746 2277 812 2332; x_wconf 87' lang='lat' dir='ltr'><strong>ad</strong></span> <span class='ocrx_word' id='word_1_163' title='bbox 851 2278 1059 2332; x_wconf 89' lang='lat' dir='ltr'><strong>cultum</strong></span> <span class='ocrx_word' id='word_1_164' title='bbox 1088 2276 1181 2331; x_wconf 87' lang='lat' dir='ltr'><strong>Dei</strong></span> <span class='ocrx_word' id='word_1_165' title='bbox 1214 2276 1511 2346; x_wconf 88' lang='lat' dir='ltr'><strong>pertinent,</strong></span> <span class='ocrx_word' id='word_1_166' title='bbox 1543 2274 1709 2328; x_wconf 85' lang='lat' dir='ltr'><strong>ritum</strong></span> <span class='ocrx_word' id='word_1_167' title='bbox 1755 2274 1905 2327; x_wconf 90' lang='lat' dir='ltr'><strong>illum</strong></span> <span class='ocrx_word' id='word_1_168' title='bbox 1957 2283 2177 2328; x_wconf 80' lang='lat' dir='ltr'><strong>sectan-</strong></span> 
     </span>
    </p>
   </div>
   <div class='ocr_carea' id='block_1_26' title="bbox 594 2364 2175 2441">
    <p class='ocr_par' dir='ltr' id='par_1_26' title="bbox 594 2364 2175 2441">
     <span class='ocr_line' id='line_1_26' title="bbox 594 2364 2175 2441; baseline -0.004 -15"><span class='ocrx_word' id='word_1_169' title='bbox 594 2382 701 2434; x_wconf 88' lang='lat' dir='ltr'><strong>tes,</strong></span> <span class='ocrx_word' id='word_1_170' title='bbox 730 2369 825 2441; x_wconf 89' lang='lat' dir='ltr'><strong>qui</strong></span> <span class='ocrx_word' id='word_1_171' title='bbox 859 2370 912 2423; x_wconf 92' lang='lat' dir='ltr'><strong>in</strong></span> <span class='ocrx_word' id='word_1_172' title='bbox 940 2370 1057 2440; x_wconf 92' lang='lat' dir='ltr'><strong>lege</strong></span> <span class='ocrx_word' id='word_1_173' title='bbox 1090 2367 1256 2422; x_wconf 81' lang='lat' dir='ltr'><strong>Mosis</strong></span> <span class='ocrx_word' id='word_1_174' title='bbox 1278 2367 1528 2421; x_wconf 88' lang='lat' dir='ltr'><strong>sancitus</strong></span> <span class='ocrx_word' id='word_1_175' title='bbox 1560 2364 1758 2430; x_wconf 85' lang='lat' dir='ltr'><strong>fuerat,</strong></span> <span class='ocrx_word' id='word_1_176' title='bbox 1790 2364 2007 2419; x_wconf 85' lang='lat' dir='ltr'><strong>abunde</strong></span> <span class='ocrx_word' id='word_1_177' title='bbox 2039 2366 2175 2420; x_wconf 89' lang='lat' dir='ltr'><strong>satis</strong></span> 
     </span>
    </p>
   </div>
   <div class='ocr_carea' id='block_1_27' title="bbox 595 2459 2179 2532">
    <p class='ocr_par' dir='ltr' id='par_1_27' title="bbox 595 2459 2179 2532">
     <span class='ocr_line' id='line_1_27' title="bbox 595 2459 2179 2532; baseline -0.005 -12"><span class='ocrx_word' id='word_1_178' title='bbox 595 2465 1082 2520; x_wconf 84' lang='lat' dir='ltr'><strong>administrabant.</strong></span> <span class='ocrx_word' id='word_1_179' title='bbox 1119 2461 1198 2516; x_wconf 80' lang='lat' dir='ltr'><strong>Ex</strong></span> <span class='ocrx_word' id='word_1_180' title='bbox 1232 2476 1341 2532; x_wconf 91' lang='lat' dir='ltr'><strong>quo</strong></span> <span class='ocrx_word' id='word_1_181' title='bbox 1372 2469 1553 2517; x_wconf 90' lang='lat' dir='ltr'><strong>autem</strong></span> <span class='ocrx_word' id='word_1_182' title='bbox 1582 2459 1836 2514; x_wconf 80' lang='lat' dir='ltr'><strong>Salvator</strong></span> <span class='ocrx_word' id='word_1_183' title='bbox 1864 2467 2050 2514; x_wconf 89' lang='lat' dir='ltr'><strong>noster</strong></span> <span class='ocrx_word' id='word_1_184' title='bbox 2080 2459 2179 2513; x_wconf 83' lang='lat' dir='ltr'><strong>ad-</strong></span> 
     </span>
    </p>
   </div>
   <div class='ocr_carea' id='block_1_28' title="bbox 594 2552 2176 2628">
    <p class='ocr_par' dir='ltr' id='par_1_28' title="bbox 594 2552 2176 2628">
     <span class='ocr_line' id='line_1_28' title="bbox 594 2552 2176 2628; baseline -0.005 -15"><span class='ocrx_word' id='word_1_185' title='bbox 594 2557 765 2619; x_wconf 84' lang='lat' dir='ltr'><strong>venit,</strong></span> <span class='ocrx_word' id='word_1_186' title='bbox 795 2556 1032 2628; x_wconf 89' lang='lat' dir='ltr'><strong>primum</strong></span> <span class='ocrx_word' id='word_1_187' title='bbox 1066 2555 1283 2626; x_wconf 90' lang='lat' dir='ltr'><strong>quidem</strong></span> <span class='ocrx_word' id='word_1_188' title='bbox 1332 2569 1522 2609; x_wconf 90' lang='lat' dir='ltr'><strong>eorum</strong></span> <span class='ocrx_word' id='word_1_189' title='bbox 1554 2569 1773 2624; x_wconf 89' lang='lat' dir='ltr'><strong>quoque</strong></span> <span class='ocrx_word' id='word_1_190' title='bbox 1817 2553 1953 2607; x_wconf 89' lang='lat' dir='ltr'><strong>ordo</strong></span> <span class='ocrx_word' id='word_1_191' title='bbox 1984 2552 2176 2607; x_wconf 84' lang='lat' dir='ltr'><strong>confu-</strong></span> 
     </span>
    </p>
   </div>
   <div class='ocr_carea' id='block_1_29' title="bbox 597 2645 2176 2716">
    <p class='ocr_par' dir='ltr' id='par_1_29' title="bbox 597 2645 2176 2716">
     <span class='ocr_line' id='line_1_29' title="bbox 597 2645 2176 2716; baseline -0.006 -11"><span class='ocrx_word' id='word_1_192' title='bbox 597 2666 694 2705; x_wconf 87' lang='lat' dir='ltr'><strong>sus</strong></span> <span class='ocrx_word' id='word_1_193' title='bbox 722 2656 847 2705; x_wconf 87' lang='lat' dir='ltr'><strong>est:</strong></span> <span class='ocrx_word' id='word_1_194' title='bbox 878 2663 985 2703; x_wconf 92' lang='lat' dir='ltr'><strong>non</strong></span> <span class='ocrx_word' id='word_1_195' title='bbox 1022 2648 1195 2700; x_wconf 89' lang='lat' dir='ltr'><strong>multo</strong></span> <span class='ocrx_word' id='word_1_196' title='bbox 1227 2655 1409 2701; x_wconf 91' lang='lat' dir='ltr'><strong>autem</strong></span> <span class='ocrx_word' id='word_1_197' title='bbox 1446 2652 1591 2716; x_wconf 89' lang='lat' dir='ltr'><strong>post,</strong></span> <span class='ocrx_word' id='word_1_198' title='bbox 1628 2646 1791 2701; x_wconf 86' lang='lat' dir='ltr'><strong>etiam</strong></span> <span class='ocrx_word' id='word_1_199' title='bbox 1831 2645 2045 2715; x_wconf 89' lang='lat' dir='ltr'><strong>penitus</strong></span> <span class='ocrx_word' id='word_1_200' title='bbox 2080 2659 2176 2698; x_wconf 77' lang='lat' dir='ltr'><strong>ex-</strong></span> 
     </span>
    </p>
   </div>
   <div class='ocr_carea' id='block_1_30' title="bbox 598 2734 2176 2808">
    <p class='ocr_par' dir='ltr' id='par_1_30' title="bbox 598 2734 2176 2808">
     <span class='ocr_line' id='line_1_30' title="bbox 598 2734 2176 2808; baseline -0.006 -11"><span class='ocrx_word' id='word_1_201' title='bbox 598 2741 858 2797; x_wconf 89' lang='lat' dir='ltr'><strong>stinctus.</strong></span> <span class='ocrx_word' id='word_1_202' title='bbox 891 2739 1185 2803; x_wconf 68' lang='lat' dir='ltr'><strong>Caeterum,</strong></span> <span class='ocrx_word' id='word_1_203' title='bbox 1235 2753 1360 2793; x_wconf 92' lang='lat' dir='ltr'><strong>cum</strong></span> <span class='ocrx_word' id='word_1_204' title='bbox 1409 2753 1511 2808; x_wconf 83' lang='lat' dir='ltr'><strong>ego</strong></span> <span class='ocrx_word' id='word_1_205' title='bbox 1554 2737 1773 2807; x_wconf 85' lang='lat' dir='ltr'><strong>quidem</strong></span> <span class='ocrx_word' id='word_1_206' title='bbox 1823 2749 2093 2806; x_wconf 82' lang='lat' dir='ltr'><strong>nusquam</strong></span> <span class='ocrx_word' id='word_1_207' title='bbox 2122 2734 2176 2788; x_wconf 90' lang='lat' dir='ltr'><strong>in</strong></span> 
     </span>
    </p>
   </div>
   <div class='ocr_carea' id='block_1_31' title="bbox 598 2827 2176 2900">
    <p class='ocr_par' dir='ltr' id='par_1_31' title="bbox 598 2827 2176 2900">
     <span class='ocr_line' id='line_1_31' title="bbox 598 2827 2176 2900; baseline -0.005 -12"><span class='ocrx_word' id='word_1_208' title='bbox 598 2833 777 2888; x_wconf 91' lang='lat' dir='ltr'><strong>sacris</strong></span> <span class='ocrx_word' id='word_1_209' title='bbox 836 2832 1034 2887; x_wconf 89' lang='lat' dir='ltr'><strong>litteris</strong></span> <span class='ocrx_word' id='word_1_210' title='bbox 1082 2830 1422 2897; x_wconf 84' lang='lat' dir='ltr'><strong>invenerim,</strong></span> <span class='ocrx_word' id='word_1_211' title='bbox 1474 2827 1785 2884; x_wconf 72' lang='lat' dir='ltr'><strong>Judzeorum</strong></span> <span class='ocrx_word' id='word_1_212' title='bbox 1867 2828 2176 2900; x_wconf 81' lang='lat' dir='ltr'><strong>pontificem</strong></span> 
     </span>
    </p>
   </div>
   <div class='ocr_carea' id='block_1_32' title="bbox 600 2920 2177 2984">
    <p class='ocr_par' dir='ltr' id='par_1_32' title="bbox 600 2920 2177 2984">
     <span class='ocr_line' id='line_1_32' title="bbox 600 2920 2177 2984; baseline -0.004 -5"><span class='ocrx_word' id='word_1_213' title='bbox 600 2924 864 2980; x_wconf 89' lang='lat' dir='ltr'><strong>Sanctum</strong></span> <span class='ocrx_word' id='word_1_214' title='bbox 900 2933 1218 2977; x_wconf 83' lang='lat' dir='ltr'><strong>sanctorum</strong></span> <span class='ocrx_word' id='word_1_215' title='bbox 1265 2921 1559 2984; x_wconf 86' lang='lat' dir='ltr'><strong>nominari,</strong></span> <span class='ocrx_word' id='word_1_216' title='bbox 1584 2920 1823 2975; x_wconf 78' lang='lat' dir='ltr'><strong>arbitror</strong></span> <span class='ocrx_word' id='word_1_217' title='bbox 1868 2920 1922 2975; x_wconf 87' lang='lat' dir='ltr'><strong>in</strong></span> <span class='ocrx_word' id='word_1_218' title='bbox 1953 2920 2177 2974; x_wconf 86' lang='lat' dir='ltr'><strong>unicum</strong></span> 
     </span>
    </p>
   </div>
   <div class='ocr_carea' id='block_1_33' title="bbox 598 3012 2175 3083">
    <p class='ocr_par' dir='ltr' id='par_1_33' title="bbox 598 3012 2175 3083">
     <span class='ocr_line' id='line_1_33' title="bbox 598 3012 2175 3083; baseline -0.004 -11"><span class='ocrx_word' id='word_1_219' title='bbox 598 3018 866 3072; x_wconf 83' lang='lat' dir='ltr'><strong>duntaxat</strong></span> <span class='ocrx_word' id='word_1_220' title='bbox 890 3014 987 3070; x_wconf 90' lang='lat' dir='ltr'><strong>Dei</strong></span> <span class='ocrx_word' id='word_1_221' title='bbox 1029 3013 1225 3067; x_wconf 85' lang='lat' dir='ltr'><strong>Filium</strong></span> <span class='ocrx_word' id='word_1_222' title='bbox 1260 3013 1493 3068; x_wconf 77' lang='lat' dir='ltr'><strong>Verbum</strong></span> <span class='ocrx_word' id='word_1_223' title='bbox 1525 3021 1582 3067; x_wconf 86' lang='lat' dir='ltr'><strong>et</strong></span> <span class='ocrx_word' id='word_1_224' title='bbox 1622 3013 1841 3083; x_wconf 79' lang='lat' dir='ltr'><strong>proprie</strong></span> <span class='ocrx_word' id='word_1_225' title='bbox 1873 3012 2175 3081; x_wconf 82' lang='lat' dir='ltr'><strong>designari,</strong></span> 
     </span>
    </p>
   </div>
   <div class='ocr_carea' id='block_1_34' title="bbox 598 3104 2248 3188">
    <p class='ocr_par' dir='ltr' id='par_1_34' title="bbox 598 3104 2248 3188">
     <span class='ocr_line' id='line_1_34' title="bbox 598 3104 2248 3188; baseline -0.006 -21"><span class='ocrx_word' id='word_1_226' title='bbox 598 3118 791 3167; x_wconf 88' lang='lat' dir='ltr'><strong>etvere</strong></span> <span class='ocrx_word' id='word_1_227' title='bbox 807 3108 1028 3177; x_wconf 83' lang='lat' dir='ltr'><strong>dignum</strong></span> <span class='ocrx_word' id='word_1_228' title='bbox 1049 3108 1142 3160; x_wconf 87' lang='lat' dir='ltr'><strong>tali</strong></span> <span class='ocrx_word' id='word_1_229' title='bbox 1161 3106 1523 3177; x_wconf 88' lang='lat' dir='ltr'><strong>appellatione</strong></span> <span class='ocrx_word' id='word_1_230' title='bbox 1538 3105 1819 3160; x_wconf 87' lang='lat' dir='ltr'><strong>constitui.</strong></span> <span class='ocrx_word' id='word_1_231' title='bbox 1840 3104 1908 3160; x_wconf 93' lang='lat' dir='ltr'><strong>lis</strong></span> <span class='ocrx_word' id='word_1_232' title='bbox 1922 3105 2067 3159; x_wconf 89' lang='lat' dir='ltr'><strong>enim</strong></span> <span class='ocrx_word' id='word_1_233' title='bbox 2084 3105 2175 3187; x_wconf 77' lang='lat' dir='ltr'><strong>qui</strong></span> <span class='ocrx_word' id='word_1_234' title='bbox 2206 3133 2248 3188; x_wconf 65' lang='grc' dir='ltr'>ο</span> 
     </span>
    </p>
   </div>
   <div class='ocr_carea' id='block_1_35' title="bbox 598 3198 2174 3269">
    <p class='ocr_par' dir='ltr' id='par_1_35' title="bbox 598 3198 2174 3269">
     <span class='ocr_line' id='line_1_35' title="bbox 598 3198 2174 3269; baseline -0.005 -11"><span class='ocrx_word' id='word_1_235' title='bbox 598 3218 667 3258; x_wconf 75' lang='lat' dir='ltr'><strong>ex</strong></span> <span class='ocrx_word' id='word_1_236' title='bbox 688 3201 1001 3257; x_wconf 88' lang='lat' dir='ltr'><strong>hominibus</strong></span> <span class='ocrx_word' id='word_1_237' title='bbox 1032 3198 1262 3269; x_wconf 87' lang='lat' dir='ltr'><strong>profecti</strong></span> <span class='ocrx_word' id='word_1_238' title='bbox 1301 3198 1432 3261; x_wconf 84' lang='lat' dir='ltr'><strong>sint,</strong></span> <span class='ocrx_word' id='word_1_239' title='bbox 1469 3208 1522 3253; x_wconf 90' lang='lat' dir='ltr'><strong>et</strong></span> <span class='ocrx_word' id='word_1_240' title='bbox 1549 3198 1614 3251; x_wconf 90' lang='lat' dir='ltr'><strong>ad</strong></span> <span class='ocrx_word' id='word_1_241' title='bbox 1644 3213 1768 3252; x_wconf 90' lang='lat' dir='ltr'><strong>eum</strong></span> <span class='ocrx_word' id='word_1_242' title='bbox 1799 3198 2019 3253; x_wconf 88' lang='lat' dir='ltr'><strong>virtutis</strong></span> <span class='ocrx_word' id='word_1_243' title='bbox 2051 3212 2174 3268; x_wconf 84' lang='lat' dir='ltr'><strong>gra-</strong></span> 
     </span>
    </p>
   </div>
   <div class='ocr_carea' id='block_1_36' title="bbox 601 3288 2177 3363">
    <p class='ocr_par' dir='ltr' id='par_1_36' title="bbox 601 3288 2177 3363">
     <span class='ocr_line' id='line_1_36' title="bbox 601 3288 2177 3363; baseline -0.003 -16"><span class='ocrx_word' id='word_1_244' title='bbox 601 3294 730 3348; x_wconf 89' lang='lat' dir='ltr'><strong>dum</strong></span> <span class='ocrx_word' id='word_1_245' title='bbox 764 3290 1135 3363; x_wconf 85' lang='lat' dir='ltr'><strong>pervenerint,</strong></span> <span class='ocrx_word' id='word_1_246' title='bbox 1167 3305 1327 3360; x_wconf 88' lang='lat' dir='ltr'><strong>quem</strong></span> <span class='ocrx_word' id='word_1_247' title='bbox 1357 3297 1552 3344; x_wconf 87' lang='lat' dir='ltr'><strong>natura</strong></span> <span class='ocrx_word' id='word_1_248' title='bbox 1576 3288 1826 3344; x_wconf 88' lang='lat' dir='ltr'><strong>mortalis</strong></span> <span class='ocrx_word' id='word_1_249' title='bbox 1859 3289 2177 3358; x_wconf 81' lang='lat' dir='ltr'><strong>contingere</strong></span> 
     </span>
    </p>
   </div>
   <div class='ocr_carea' id='block_1_37' title="bbox 600 3375 2176 3454">
    <p class='ocr_par' dir='ltr' id='par_1_37' title="bbox 600 3375 2176 3454">
     <span class='ocr_line' id='line_1_37' title="bbox 600 3375 2176 3454; baseline -0.006 -18"><span class='ocrx_word' id='word_1_250' title='bbox 600 3389 802 3454; x_wconf 88' lang='lat' dir='ltr'><strong>potest,</strong></span> <span class='ocrx_word' id='word_1_251' title='bbox 832 3380 968 3434; x_wconf 88' lang='lat' dir='ltr'><strong>satis</strong></span> <span class='ocrx_word' id='word_1_252' title='bbox 998 3393 1272 3449; x_wconf 89' lang='lat' dir='ltr'><strong>superque</strong></span> <span class='ocrx_word' id='word_1_253' title='bbox 1304 3377 1488 3442; x_wconf 82' lang='lat' dir='ltr'><strong>fuerit,</strong></span> <span class='ocrx_word' id='word_1_254' title='bbox 1523 3377 1568 3431; x_wconf 91' lang='lat' dir='ltr'><strong>si</strong></span> <span class='ocrx_word' id='word_1_255' title='bbox 1600 3376 1819 3446; x_wconf 88' lang='lat' dir='ltr'><strong>quando</strong></span> <span class='ocrx_word' id='word_1_256' title='bbox 1868 3375 1922 3429; x_wconf 92' lang='lat' dir='ltr'><strong>in</strong></span> <span class='ocrx_word' id='word_1_257' title='bbox 1964 3383 2176 3445; x_wconf 89' lang='lat' dir='ltr'><strong>partem</strong></span> 
     </span>
    </p>
   </div>
   <div class='ocr_carea' id='block_1_38' title="bbox 602 3468 2178 3540">
    <p class='ocr_par' dir='ltr' id='par_1_38' title="bbox 602 3468 2178 3540">
     <span class='ocr_line' id='line_1_38' title="bbox 602 3468 2178 3540; baseline -0.005 -10"><span class='ocrx_word' id='word_1_258' title='bbox 602 3482 656 3531; x_wconf 87' lang='lat' dir='ltr'><strong>et</strong></span> <span class='ocrx_word' id='word_1_259' title='bbox 680 3472 1234 3529; x_wconf 87' lang='lat' dir='ltr'><strong>communicationem</strong></span> <span class='ocrx_word' id='word_1_260' title='bbox 1285 3470 1577 3540; x_wconf 87' lang='lat' dir='ltr'><strong>quamdam</strong></span> <span class='ocrx_word' id='word_1_261' title='bbox 1624 3468 1890 3539; x_wconf 88' lang='lat' dir='ltr'><strong>assumpti</strong></span> <span class='ocrx_word' id='word_1_262' title='bbox 1933 3468 2053 3539; x_wconf 86' lang='lat' dir='ltr'><strong>ejus</strong></span> <span class='ocrx_word' id='word_1_263' title='bbox 2084 3468 2178 3538; x_wconf 89' lang='lat' dir='ltr'><strong>qui</strong></span> 
     </span>
    </p>
   </div>
   <div class='ocr_carea' id='block_1_39' title="bbox 604 3559 2182 3633">
    <p class='ocr_par' dir='ltr' id='par_1_39' title="bbox 604 3559 2182 3633">
     <span class='ocr_line' id='line_1_39' title="bbox 604 3559 2182 3633; baseline -0.006 -10"><span class='ocrx_word' id='word_1_264' title='bbox 604 3567 763 3631; x_wconf 84' lang='lat' dir='ltr'><strong>dixit,</strong></span> <span class='ocrx_word' id='word_1_265' title='bbox 800 3584 820 3617; x_wconf 82' lang='grc' dir='ltr'><strong>ι</strong></span> <span class='ocrx_word' id='word_1_266' title='bbox 853 3562 1042 3620; x_wconf 90' lang='lat' dir='ltr'><strong>Sancti</strong></span> <span class='ocrx_word' id='word_1_267' title='bbox 1078 3562 1257 3626; x_wconf 83' lang='lat' dir='ltr'><strong>eritis,</strong></span> <span class='ocrx_word' id='word_1_268' title='bbox 1291 3561 1550 3633; x_wconf 89' lang='lat' dir='ltr'><strong>quoniam</strong></span> <span class='ocrx_word' id='word_1_269' title='bbox 1587 3570 1815 3617; x_wconf 84' lang='lat' dir='ltr'><strong>sanctus</strong></span> <span class='ocrx_word' id='word_1_270' title='bbox 1864 3576 1965 3632; x_wconf 86' lang='lat' dir='ltr'><strong>ego</strong></span> <span class='ocrx_word' id='word_1_271' title='bbox 1996 3559 2182 3615; x_wconf 88' lang='lat' dir='ltr'><strong>Domi-</strong></span> 
     </span>
    </p>
   </div>
   <div class='ocr_carea' id='block_1_40' title="bbox 604 3652 2183 3726">
    <p class='ocr_par' dir='ltr' id='par_1_40' title="bbox 604 3652 2183 3726">
     <span class='ocr_line' id='line_1_40' title="bbox 604 3652 2183 3726; baseline -0.004 -12"><span class='ocrx_word' id='word_1_272' title='bbox 604 3674 711 3714; x_wconf 89' lang='lat' dir='ltr'><strong>nus</strong></span> <span class='ocrx_word' id='word_1_273' title='bbox 740 3657 809 3722; x_wconf 67' lang='lat'><strong>7&#39;,</strong></span> <span class='ocrx_word' id='word_1_274' title='bbox 850 3678 868 3709; x_wconf 73' lang='grc' dir='ltr'><strong>ι</strong></span> <span class='ocrx_word' id='word_1_275' title='bbox 905 3656 1082 3711; x_wconf 87' lang='lat' dir='ltr'><strong>sancti</strong></span> <span class='ocrx_word' id='word_1_276' title='bbox 1113 3655 1476 3726; x_wconf 87' lang='lat' dir='ltr'><strong>appellentur.</strong></span> <span class='ocrx_word' id='word_1_277' title='bbox 1499 3652 1736 3708; x_wconf 88' lang='lat' dir='ltr'><strong>Sanctus</strong></span> <span class='ocrx_word' id='word_1_278' title='bbox 1763 3662 1943 3708; x_wconf 86' lang='lat' dir='ltr'><strong>autem</strong></span> <span class='ocrx_word' id='word_1_279' title='bbox 1968 3659 2183 3708; x_wconf 88' lang='lat' dir='ltr'><strong>sancto-</strong></span> 
     </span>
    </p>
   </div>
   <div class='ocr_carea' id='block_1_41' title="bbox 604 3743 2179 3819">
    <p class='ocr_par' dir='ltr' id='par_1_41' title="bbox 604 3743 2179 3819">
     <span class='ocr_line' id='line_1_41' title="bbox 604 3743 2179 3819; baseline -0.004 -13"><span class='ocrx_word' id='word_1_280' title='bbox 604 3765 750 3814; x_wconf 91' lang='lat' dir='ltr'><strong>rum,</strong></span> <span class='ocrx_word' id='word_1_281' title='bbox 775 3749 899 3819; x_wconf 91' lang='lat' dir='ltr'><strong>quis</strong></span> <span class='ocrx_word' id='word_1_282' title='bbox 927 3746 1148 3801; x_wconf 90' lang='lat' dir='ltr'><strong>tandem</strong></span> <span class='ocrx_word' id='word_1_283' title='bbox 1198 3746 1272 3801; x_wconf 87' lang='lat' dir='ltr'><strong>sit</strong></span> <span class='ocrx_word' id='word_1_284' title='bbox 1317 3744 1459 3816; x_wconf 90' lang='lat' dir='ltr'><strong>apud</strong></span> <span class='ocrx_word' id='word_1_285' title='bbox 1493 3743 1745 3798; x_wconf 80' lang='lat' dir='ltr'><strong>homines</strong></span> <span class='ocrx_word' id='word_1_286' title='bbox 1792 3744 2179 3810; x_wconf 88' lang='lat' dir='ltr'><strong>nominandus,</strong></span> 
     </span>
    </p>
   </div>
   <div class='ocr_carea' id='block_1_42' title="bbox 604 3837 2183 3915">
    <p class='ocr_par' dir='ltr' id='par_1_42' title="bbox 604 3837 2183 3915">
     <span class='ocr_line' id='line_1_42' title="bbox 604 3837 2183 3915; baseline -0.001 -19"><span class='ocrx_word' id='word_1_287' title='bbox 604 3852 804 3915; x_wconf 64' lang='lat' dir='ltr'><strong>praeter</strong></span> <span class='ocrx_word' id='word_1_288' title='bbox 839 3856 1006 3895; x_wconf 89' lang='lat' dir='ltr'><strong>unum</strong></span> <span class='ocrx_word' id='word_1_289' title='bbox 1048 3841 1224 3895; x_wconf 90' lang='lat' dir='ltr'><strong>sancti</strong></span> <span class='ocrx_word' id='word_1_290' title='bbox 1254 3839 1511 3895; x_wconf 88' lang='lat' dir='ltr'><strong>dilectum</strong></span> <span class='ocrx_word' id='word_1_291' title='bbox 1547 3837 1805 3902; x_wconf 84' lang='lat' dir='ltr'><strong>Puerum,</strong></span> <span class='ocrx_word' id='word_1_292' title='bbox 1833 3837 1926 3907; x_wconf 90' lang='lat' dir='ltr'><strong>qui</strong></span> <span class='ocrx_word' id='word_1_293' title='bbox 1977 3845 2036 3891; x_wconf 91' lang='lat' dir='ltr'><strong>ut</strong></span> <span class='ocrx_word' id='word_1_294' title='bbox 2069 3837 2183 3893; x_wconf 67' lang='lat' dir='ltr'><strong>liex</strong></span> 
     </span>
    </p>
   </div>
   <div class='ocr_carea' id='block_1_43' title="bbox 607 3928 2183 4004">
    <p class='ocr_par' dir='ltr' id='par_1_43' title="bbox 607 3928 2183 4004">
     <span class='ocr_line' id='line_1_43' title="bbox 607 3928 2183 4004; baseline -0.004 -14"><span class='ocrx_word' id='word_1_295' title='bbox 607 3949 820 4004; x_wconf 84' lang='lat' dir='ltr'><strong>regum,</strong></span> <span class='ocrx_word' id='word_1_296' title='bbox 858 3940 912 3988; x_wconf 93' lang='lat' dir='ltr'><strong>et</strong></span> <span class='ocrx_word' id='word_1_297' title='bbox 941 3931 1288 3988; x_wconf 91' lang='lat' dir='ltr'><strong>dominorum</strong></span> <span class='ocrx_word' id='word_1_298' title='bbox 1341 3928 1626 3993; x_wconf 89' lang='lat' dir='ltr'><strong>Dominus,</strong></span> <span class='ocrx_word' id='word_1_299' title='bbox 1658 3928 1733 3982; x_wconf 88' lang='lat' dir='ltr'><strong>ita</strong></span> <span class='ocrx_word' id='word_1_300' title='bbox 1762 3928 1927 3983; x_wconf 89' lang='lat' dir='ltr'><strong>etiam</strong></span> <span class='ocrx_word' id='word_1_301' title='bbox 1962 3940 2183 3984; x_wconf 85' lang='lat' dir='ltr'><strong>sancto-</strong></span> 
     </span>
    </p>
   </div>
   <div class='ocr_carea' id='block_1_44' title="bbox 606 4021 2186 4094">
    <p class='ocr_par' dir='ltr' id='par_1_44' title="bbox 606 4021 2186 4094">
     <span class='ocr_line' id='line_1_44' title="bbox 606 4021 2186 4094; baseline -0.003 -10"><span class='ocrx_word' id='word_1_302' title='bbox 606 4043 729 4084; x_wconf 85' lang='lat' dir='ltr'><strong>rum</strong></span> <span class='ocrx_word' id='word_1_303' title='bbox 759 4024 994 4081; x_wconf 88' lang='lat' dir='ltr'><strong>Sanctus</strong></span> <span class='ocrx_word' id='word_1_304' title='bbox 1024 4035 1109 4081; x_wconf 88' lang='lat' dir='ltr'><strong>est</strong></span> <span class='ocrx_word' id='word_1_305' title='bbox 1149 4022 1498 4094; x_wconf 86' lang='lat' dir='ltr'><strong>appellatus?</strong></span> <span class='ocrx_word' id='word_1_306' title='bbox 1542 4021 1635 4077; x_wconf 89' lang='lat' dir='ltr'><strong>uni</strong></span> <span class='ocrx_word' id='word_1_307' title='bbox 1668 4022 1837 4092; x_wconf 82' lang='lat' dir='ltr'><strong>igitur</strong></span> <span class='ocrx_word' id='word_1_308' title='bbox 1881 4024 1951 4087; x_wconf 88' lang='lat' dir='ltr'><strong>ei,</strong></span> <span class='ocrx_word' id='word_1_309' title='bbox 2001 4032 2186 4094; x_wconf 87' lang='lat' dir='ltr'><strong>utpote</strong></span> 
     </span>
    </p>
   </div>
   <div class='ocr_carea' id='block_1_45' title="bbox 2273 524 3866 601">
    <p class='ocr_par' dir='ltr' id='par_1_45' title="bbox 2273 524 3866 601">
     <span class='ocr_line' id='line_1_45' title="bbox 2273 524 3866 601; baseline 0.001 -19"><span class='ocrx_word' id='word_1_310' title='bbox 2273 545 2371 601; x_wconf 86' lang='grc' dir='ltr'><strong>μαι</strong></span> <span class='ocrx_word' id='word_1_311' title='bbox 2406 530 2463 582; x_wconf 87' lang='grc' dir='ltr'><strong>ἑν</strong></span> <span class='ocrx_word' id='word_1_312' title='bbox 2496 528 2708 592; x_wconf 77' lang='grc' dir='ltr'>τούτοις</span> <span class='ocrx_word' id='word_1_313' title='bbox 2741 528 2900 601; x_wconf 87' lang='grc' dir='ltr'>μόνον</span> <span class='ocrx_word' id='word_1_314' title='bbox 2928 525 3091 582; x_wconf 78' lang='grc' dir='ltr'>αὑτὸν</span> <span class='ocrx_word' id='word_1_315' title='bbox 3138 525 3232 580; x_wconf 83' lang='grc' dir='ltr'>τὸν</span> <span class='ocrx_word' id='word_1_316' title='bbox 3280 524 3538 599; x_wconf 79' lang='grc' dir='ltr'>μονογενῆ</span> <span class='ocrx_word' id='word_1_317' title='bbox 3584 525 3685 581; x_wconf 86' lang='grc' dir='ltr'><strong>τοῦ</strong></span> <span class='ocrx_word' id='word_1_318' title='bbox 3713 526 3866 583; x_wconf 85' lang='grc' dir='ltr'>Θεοῦ</span> 
     </span>
    </p>
   </div>
   <div class='ocr_carea' id='block_1_46' title="bbox 2268 618 3867 693">
    <p class='ocr_par' dir='ltr' id='par_1_46' title="bbox 2268 618 3867 693">
     <span class='ocr_line' id='line_1_46' title="bbox 2268 618 3867 693; baseline 0 -18"><span class='ocrx_word' id='word_1_319' title='bbox 2268 620 2440 689; x_wconf 82' lang='grc' dir='ltr'>Λόγον</span> <span class='ocrx_word' id='word_1_320' title='bbox 2465 619 2779 692; x_wconf 83' lang='grc' dir='ltr'>δηλοῦσθαι,</span> <span class='ocrx_word' id='word_1_321' title='bbox 2805 620 3013 693; x_wconf 81' lang='grc' dir='ltr'><strong>κυρίως</strong></span> <span class='ocrx_word' id='word_1_322' title='bbox 3038 636 3098 673; x_wconf 88' lang='grc' dir='ltr'><strong>τε</strong></span> <span class='ocrx_word' id='word_1_323' title='bbox 3119 619 3214 674; x_wconf 68' lang='grc' dir='ltr'><strong>καὶ</strong></span> <span class='ocrx_word' id='word_1_324' title='bbox 3234 618 3451 690; x_wconf 82' lang='grc' dir='ltr'>ἀληθῶς</span> <span class='ocrx_word' id='word_1_325' title='bbox 3477 618 3683 691; x_wconf 89' lang='grc' dir='ltr'>ταύτης</span> <span class='ocrx_word' id='word_1_326' title='bbox 3702 618 3867 687; x_wconf 75' lang='grc' dir='ltr'>ἄξιον</span> 
     </span>
    </p>
   </div>
   <div class='ocr_carea' id='block_1_47' title="bbox 2267 711 3868 785">
    <p class='ocr_par' dir='ltr' id='par_1_47' title="bbox 2267 711 3868 785">
     <span class='ocr_line' id='line_1_47' title="bbox 2267 711 3868 785; baseline 0.001 -20"><span class='ocrx_word' id='word_1_327' title='bbox 2267 713 2367 784; x_wconf 81' lang='grc' dir='ltr'>τῆς</span> <span class='ocrx_word' id='word_1_328' title='bbox 2391 713 2725 784; x_wconf 75' lang='grc' dir='ltr'>ἐπωνυμίας.</span> <span class='ocrx_word' id='word_1_329' title='bbox 2764 712 2891 777; x_wconf 83' lang='grc' dir='ltr'>Τοῖς</span> <span class='ocrx_word' id='word_1_330' title='bbox 2924 713 3021 785; x_wconf 83' lang='grc' dir='ltr'>μὲν</span> <span class='ocrx_word' id='word_1_331' title='bbox 3041 711 3150 784; x_wconf 85' lang='grc' dir='ltr'><strong>γὰρ</strong></span> <span class='ocrx_word' id='word_1_332' title='bbox 3171 712 3230 781; x_wconf 77' lang='grc' dir='ltr'>ἑξ</span> <span class='ocrx_word' id='word_1_333' title='bbox 3257 711 3559 784; x_wconf 85' lang='grc' dir='ltr'>ἀνθρώπων</span> <span class='ocrx_word' id='word_1_334' title='bbox 3586 728 3868 782; x_wconf 66' lang='grc' dir='ltr'>προκεκοι</span> 
     </span>
    </p>
   </div>
   <div class='ocr_carea' id='block_1_48' title="bbox 2269 804 3871 878">
    <p class='ocr_par' dir='ltr' id='par_1_48' title="bbox 2269 804 3871 878">
     <span class='ocr_line' id='line_1_48' title="bbox 2269 804 3871 878; baseline -0.001 -20"><span class='ocrx_word' id='word_1_335' title='bbox 2269 805 2416 875; x_wconf 84' lang='grc' dir='ltr'>φόσι,</span> <span class='ocrx_word' id='word_1_336' title='bbox 2447 806 2542 858; x_wconf 76' lang='grc' dir='ltr'>καὶ</span> <span class='ocrx_word' id='word_1_337' title='bbox 2573 806 2651 869; x_wconf 90' lang='grc' dir='ltr'>εἱς</span> <span class='ocrx_word' id='word_1_338' title='bbox 2687 804 2750 858; x_wconf 82' lang='grc' dir='ltr'><strong>τὸ</strong></span> <span class='ocrx_word' id='word_1_339' title='bbox 2780 804 3000 874; x_wconf 76' lang='grc' dir='ltr'>ἐφικτὸν</span> <span class='ocrx_word' id='word_1_340' title='bbox 3027 804 3230 877; x_wconf 81' lang='grc' dir='ltr'>ἀρετῆς</span> <span class='ocrx_word' id='word_1_341' title='bbox 3275 806 3609 877; x_wconf 80' lang='grc' dir='ltr'>χωρήσασιν,</span> <span class='ocrx_word' id='word_1_342' title='bbox 3638 806 3871 878; x_wconf 80' lang='grc' dir='ltr'>ἀγαπη-</span> 
     </span>
    </p>
   </div>
   <div class='ocr_carea' id='block_1_49' title="bbox 2267 879 3867 970">
    <p class='ocr_par' dir='ltr' id='par_1_49' title="bbox 2267 879 3867 970">
     <span class='ocr_line' id='line_1_49' title="bbox 2267 879 3867 970; baseline 0 -20"><span class='ocrx_word' id='word_1_343' title='bbox 2267 896 2359 950; x_wconf 80' lang='grc' dir='ltr'>τὸν</span> <span class='ocrx_word' id='word_1_344' title='bbox 2390 897 2565 965; x_wconf 82' lang='grc' dir='ltr'>ἁγίοις</span> <span class='ocrx_word' id='word_1_345' title='bbox 2595 896 2725 950; x_wconf 86' lang='grc' dir='ltr'><strong>ποτὲ</strong></span> <span class='ocrx_word' id='word_1_346' title='bbox 2752 892 3106 970; x_wconf 80' lang='grc' dir='ltr'>χρηματίσαι,</span> <span class='ocrx_word' id='word_1_347' title='bbox 3133 879 3524 969; x_wconf 76' lang='grc' dir='ltr'>μετὰμετοχὴν</span> <span class='ocrx_word' id='word_1_348' title='bbox 3542 897 3637 950; x_wconf 79' lang='grc' dir='ltr'>καὶ</span> <span class='ocrx_word' id='word_1_349' title='bbox 3662 912 3867 967; x_wconf 74' lang='grc' dir='ltr'><strong>μετου⁸</strong></span> 
     </span>
    </p>
   </div>
   <div class='ocr_carea' id='block_1_50' title="bbox 2272 985 3867 1060">
    <p class='ocr_par' dir='ltr' id='par_1_50' title="bbox 2272 985 3867 1060">
     <span class='ocr_line' id='line_1_50' title="bbox 2272 985 3867 1060; baseline 0 -18"><span class='ocrx_word' id='word_1_350' title='bbox 2272 989 2392 1042; x_wconf 89' lang='grc' dir='ltr'>σίαν</span> <span class='ocrx_word' id='word_1_351' title='bbox 2419 987 2513 1042; x_wconf 83' lang='grc' dir='ltr'><strong>τοῦ</strong></span> <span class='ocrx_word' id='word_1_352' title='bbox 2544 990 2831 1060; x_wconf 78' lang='grc' dir='ltr'>φήσαντος·</span> <span class='ocrx_word' id='word_1_353' title='bbox 2855 989 3064 1058; x_wconf 71' lang='grc' dir='ltr'>(Ἅγιοι</span> <span class='ocrx_word' id='word_1_354' title='bbox 3098 986 3307 1052; x_wconf 77' lang='grc' dir='ltr'>ἔσεσθε,</span> <span class='ocrx_word' id='word_1_355' title='bbox 3328 988 3409 1041; x_wconf 82' lang='grc' dir='ltr'>ὅτι</span> <span class='ocrx_word' id='word_1_356' title='bbox 3439 988 3592 1057; x_wconf 72' lang='grc' dir='ltr'>ἅγιος</span> <span class='ocrx_word' id='word_1_357' title='bbox 3613 985 3727 1057; x_wconf 84' lang='grc' dir='ltr'>ἑγὼ</span> <span class='ocrx_word' id='word_1_358' title='bbox 3753 986 3867 1042; x_wconf 82' lang='grc' dir='ltr'><strong>Κύ-</strong></span> 
     </span>
    </p>
   </div>
   <div class='ocr_carea' id='block_1_51' title="bbox 2274 1078 3866 1153">
    <p class='ocr_par' dir='ltr' id='par_1_51' title="bbox 2274 1078 3866 1153">
     <span class='ocr_line' id='line_1_51' title="bbox 2274 1078 3866 1153; baseline 0.001 -20"><span class='ocrx_word' id='word_1_359' title='bbox 2274 1097 2406 1153; x_wconf 84' lang='grc' dir='ltr'>ριος.</span> <span class='ocrx_word' id='word_1_360' title='bbox 2439 1100 2457 1132; x_wconf 75' lang='grc' dir='ltr'><strong>ι</strong></span> <span class='ocrx_word' id='word_1_361' title='bbox 2478 1080 2672 1150; x_wconf 82' lang='grc' dir='ltr'>Ἀγίων</span> <span class='ocrx_word' id='word_1_362' title='bbox 2713 1081 2771 1135; x_wconf 84' lang='grc' dir='ltr'>δὲ</span> <span class='ocrx_word' id='word_1_363' title='bbox 2811 1081 2964 1151; x_wconf 76' lang='grc' dir='ltr'>ἅγιος</span> <span class='ocrx_word' id='word_1_364' title='bbox 3008 1081 3093 1145; x_wconf 88' lang='grc' dir='ltr'><strong>τίς</strong></span> <span class='ocrx_word' id='word_1_365' title='bbox 3139 1079 3205 1135; x_wconf 79' lang='grc' dir='ltr'>ἂν</span> <span class='ocrx_word' id='word_1_366' title='bbox 3234 1079 3435 1153; x_wconf 80' lang='grc' dir='ltr'>κυρίως</span> <span class='ocrx_word' id='word_1_367' title='bbox 3461 1081 3517 1133; x_wconf 88' lang='grc' dir='ltr'><strong>ἑν</strong></span> <span class='ocrx_word' id='word_1_368' title='bbox 3548 1078 3866 1151; x_wconf 79' lang='grc' dir='ltr'>ἀνθρώποις</span> 
     </span>
    </p>
   </div>
   <div class='ocr_carea' id='block_1_52' title="bbox 2269 1170 3863 1245">
    <p class='ocr_par' dir='ltr' id='par_1_52' title="bbox 2269 1170 3863 1245">
     <span class='ocr_line' id='line_1_52' title="bbox 2269 1170 3863 1245; baseline -0.001 -20"><span class='ocrx_word' id='word_1_369' title='bbox 2269 1172 2617 1243; x_wconf 86' lang='grc' dir='ltr'>όνομασθείη,</span> <span class='ocrx_word' id='word_1_370' title='bbox 2646 1172 2680 1245; x_wconf 84' lang='grc' dir='ltr'>ἢ</span> <span class='ocrx_word' id='word_1_371' title='bbox 2728 1172 2887 1245; x_wconf 85' lang='grc' dir='ltr'>μόνος</span> <span class='ocrx_word' id='word_1_372' title='bbox 2928 1174 2958 1226; x_wconf 85' lang='grc' dir='ltr'>ὁ</span> <span class='ocrx_word' id='word_1_373' title='bbox 2997 1172 3353 1244; x_wconf 80' lang='grc' dir='ltr'>ἡγαπημένος</span> <span class='ocrx_word' id='word_1_374' title='bbox 3382 1170 3476 1225; x_wconf 86' lang='grc' dir='ltr'><strong>τοῦ</strong></span> <span class='ocrx_word' id='word_1_375' title='bbox 3507 1171 3665 1240; x_wconf 83' lang='grc' dir='ltr'>ἁγίου</span> <span class='ocrx_word' id='word_1_376' title='bbox 3697 1171 3863 1237; x_wconf 85' lang='grc' dir='ltr'>Παῖς,</span> 
     </span>
    </p>
   </div>
   <div class='ocr_carea' id='block_1_53' title="bbox 2270 1262 3868 1336">
    <p class='ocr_par' dir='ltr' id='par_1_53' title="bbox 2270 1262 3868 1336">
     <span class='ocr_line' id='line_1_53' title="bbox 2270 1262 3868 1336; baseline -0.001 -18"><span class='ocrx_word' id='word_1_377' title='bbox 2270 1263 2459 1336; x_wconf 86' lang='grc' dir='ltr'>ὥσπερ</span> <span class='ocrx_word' id='word_1_378' title='bbox 2496 1263 2749 1335; x_wconf 79' lang='grc' dir='ltr'>βασιλεὺς</span> <span class='ocrx_word' id='word_1_379' title='bbox 2782 1264 3067 1335; x_wconf 83' lang='grc' dir='ltr'>βασιλέων,</span> <span class='ocrx_word' id='word_1_380' title='bbox 3097 1267 3191 1320; x_wconf 73' lang='grc' dir='ltr'>καὶ</span> <span class='ocrx_word' id='word_1_381' title='bbox 3235 1263 3436 1336; x_wconf 80' lang='grc' dir='ltr'>κυρίων</span> <span class='ocrx_word' id='word_1_382' title='bbox 3463 1263 3689 1335; x_wconf 79' lang='grc' dir='ltr'>Κύριος,</span> <span class='ocrx_word' id='word_1_383' title='bbox 3716 1262 3868 1317; x_wconf 75' lang='grc' dir='ltr'>οὕτω</span> 
     </span>
    </p>
   </div>
   <div class='ocr_carea' id='block_1_54' title="bbox 2272 1354 3866 1428">
    <p class='ocr_par' dir='ltr' id='par_1_54' title="bbox 2272 1354 3866 1428">
     <span class='ocr_line' id='line_1_54' title="bbox 2272 1354 3866 1428; baseline -0.001 -18"><span class='ocrx_word' id='word_1_384' title='bbox 2272 1358 2366 1410; x_wconf 74' lang='grc' dir='ltr'><strong>καὶ</strong></span> <span class='ocrx_word' id='word_1_385' title='bbox 2397 1357 2566 1425; x_wconf 81' lang='grc' dir='ltr'>ἁγίων</span> <span class='ocrx_word' id='word_1_386' title='bbox 2596 1356 2747 1427; x_wconf 76' lang='grc' dir='ltr'>ἅγιος</span> <span class='ocrx_word' id='word_1_387' title='bbox 2776 1356 3273 1428; x_wconf 84' lang='grc' dir='ltr'>άναγορευόμενος;</span> <span class='ocrx_word' id='word_1_388' title='bbox 3326 1355 3470 1427; x_wconf 86' lang='grc' dir='ltr'>μόνῳ</span> <span class='ocrx_word' id='word_1_389' title='bbox 3510 1354 3643 1424; x_wconf 89' lang='grc' dir='ltr'>γοῦν</span> <span class='ocrx_word' id='word_1_390' title='bbox 3687 1355 3866 1427; x_wconf 81' lang='grc' dir='ltr'>αύτῷ,</span> 
     </span>
    </p>
   </div>
   <div class='ocr_carea' id='block_1_55' title="bbox 2273 1444 3868 1522">
    <p class='ocr_par' dir='ltr' id='par_1_55' title="bbox 2273 1444 3868 1522">
     <span class='ocr_line' id='line_1_55' title="bbox 2273 1444 3868 1522; baseline -0.002 -19"><span class='ocrx_word' id='word_1_391' title='bbox 2273 1450 2370 1504; x_wconf 76' lang='grc' dir='ltr'>ἅτε</span> <span class='ocrx_word' id='word_1_392' title='bbox 2399 1449 2764 1522; x_wconf 79' lang='grc' dir='ltr'>διαφερόντως</span> <span class='ocrx_word' id='word_1_393' title='bbox 2795 1449 2945 1521; x_wconf 82' lang='grc' dir='ltr'>παρὰ</span> <span class='ocrx_word' id='word_1_394' title='bbox 2984 1450 3112 1513; x_wconf 74' lang='grc' dir='ltr'>τοὺς</span> <span class='ocrx_word' id='word_1_395' title='bbox 3169 1447 3387 1501; x_wconf 80' lang='grc' dir='ltr'>πώποτε</span> <span class='ocrx_word' id='word_1_396' title='bbox 3419 1446 3662 1511; x_wconf 82' lang='grc' dir='ltr'>Μωσέως</span> <span class='ocrx_word' id='word_1_397' title='bbox 3695 1444 3868 1518; x_wconf 80' lang='grc' dir='ltr'>ἐλαίῳ</span> 
     </span>
    </p>
   </div>
   <div class='ocr_carea' id='block_1_56' title="bbox 2272 1539 3869 1612">
    <p class='ocr_par' dir='ltr' id='par_1_56' title="bbox 2272 1539 3869 1612">
     <span class='ocr_line' id='line_1_56' title="bbox 2272 1539 3869 1612; baseline -0.001 -17"><span class='ocrx_word' id='word_1_398' title='bbox 2272 1539 2462 1611; x_wconf 79' lang='grc' dir='ltr'>γεώδει</span> <span class='ocrx_word' id='word_1_399' title='bbox 2486 1541 2580 1595; x_wconf 64' lang='grc' dir='ltr'><strong>καί⁵</strong></span> <span class='ocrx_word' id='word_1_400' title='bbox 2609 1540 2891 1611; x_wconf 83' lang='grc' dir='ltr'>σκευαστῷ</span> <span class='ocrx_word' id='word_1_401' title='bbox 2911 1540 3320 1612; x_wconf 73' lang='grc' dir='ltr'>κεχρισμένοιις,</span> <span class='ocrx_word' id='word_1_402' title='bbox 3344 1541 3544 1612; x_wconf 75' lang='grc' dir='ltr'>είρητο’</span> <span class='ocrx_word' id='word_1_403' title='bbox 3571 1558 3589 1590; x_wconf 81' lang='grc' dir='ltr'><strong>ι</strong></span> <span class='ocrx_word' id='word_1_404' title='bbox 3613 1539 3869 1610; x_wconf 68' lang='grc' dir='ltr'>Ἠγάπηο</span> 
     </span>
    </p>
   </div>
   <div class='ocr_carea' id='block_1_57' title="bbox 2275 1630 3866 1705">
    <p class='ocr_par' dir='ltr' id='par_1_57' title="bbox 2275 1630 3866 1705">
     <span class='ocr_line' id='line_1_57' title="bbox 2275 1630 3866 1705; baseline -0.002 -17"><span class='ocrx_word' id='word_1_405' title='bbox 2275 1652 2373 1699; x_wconf 86' lang='grc' dir='ltr'><strong>σας</strong></span> <span class='ocrx_word' id='word_1_406' title='bbox 2400 1633 2769 1705; x_wconf 78' lang='grc' dir='ltr'>δικαιοσύνην,</span> <span class='ocrx_word' id='word_1_407' title='bbox 2802 1635 2895 1687; x_wconf 71' lang='grc' dir='ltr'>καὶ</span> <span class='ocrx_word' id='word_1_408' title='bbox 2945 1633 3213 1705; x_wconf 74' lang='grc' dir='ltr'>ἐμίσησας</span> <span class='ocrx_word' id='word_1_409' title='bbox 3263 1632 3530 1703; x_wconf 75' lang='grc' dir='ltr'>ἀνομίανο</span> <span class='ocrx_word' id='word_1_410' title='bbox 3570 1630 3661 1684; x_wconf 80' lang='grc' dir='ltr'><strong>διὰ</strong></span> <span class='ocrx_word' id='word_1_411' title='bbox 3701 1630 3866 1685; x_wconf 84' lang='grc' dir='ltr'>τοῦτο</span> 
     </span>
    </p>
   </div>
   <div class='ocr_carea' id='block_1_58' title="bbox 2274 1723 3867 1800">
    <p class='ocr_par' dir='ltr' id='par_1_58' title="bbox 2274 1723 3867 1800">
     <span class='ocr_line' id='line_1_58' title="bbox 2274 1723 3867 1800; baseline -0.003 -18"><span class='ocrx_word' id='word_1_412' title='bbox 2274 1727 2456 1800; x_wconf 72' lang='grc' dir='ltr'>ἔχρισὲ</span> <span class='ocrx_word' id='word_1_413' title='bbox 2487 1744 2545 1780; x_wconf 90' lang='grc' dir='ltr'><strong>σε</strong></span> <span class='ocrx_word' id='word_1_414' title='bbox 2577 1730 2606 1783; x_wconf 89' lang='grc' dir='ltr'><strong>ό</strong></span> <span class='ocrx_word' id='word_1_415' title='bbox 2633 1727 2784 1791; x_wconf 81' lang='grc' dir='ltr'>Θεὸς,</span> <span class='ocrx_word' id='word_1_416' title='bbox 2803 1729 2832 1782; x_wconf 87' lang='grc' dir='ltr'><strong>ὁ</strong></span> <span class='ocrx_word' id='word_1_417' title='bbox 2850 1727 2982 1789; x_wconf 84' lang='grc' dir='ltr'>Θεός</span> <span class='ocrx_word' id='word_1_418' title='bbox 3012 1743 3126 1789; x_wconf 89' lang='grc' dir='ltr'>σου,</span> <span class='ocrx_word' id='word_1_419' title='bbox 3148 1725 3323 1780; x_wconf 77' lang='grc' dir='ltr'>ἔλαιον</span> <span class='ocrx_word' id='word_1_420' title='bbox 3353 1723 3725 1794; x_wconf 78' lang='grc' dir='ltr'>ἀγαλλιάσεως</span> <span class='ocrx_word' id='word_1_421' title='bbox 3755 1741 3867 1778; x_wconf 82' lang='grc' dir='ltr'>πα-</span> 
     </span>
    </p>
   </div>
   <div class='ocr_carea' id='block_1_59' title="bbox 2280 1811 3867 1891">
    <p class='ocr_par' dir='ltr' id='par_1_59' title="bbox 2280 1811 3867 1891">
     <span class='ocr_line' id='line_1_59' title="bbox 2280 1811 3867 1891; baseline -0.002 -18"><span class='ocrx_word' id='word_1_422' title='bbox 2280 1820 2350 1891; x_wconf 79' lang='grc' dir='ltr'><strong>ρὰ</strong></span> <span class='ocrx_word' id='word_1_423' title='bbox 2377 1821 2503 1883; x_wconf 79' lang='grc' dir='ltr'>τοὺς</span> <span class='ocrx_word' id='word_1_424' title='bbox 2532 1820 2792 1891; x_wconf 82' lang='grc' dir='ltr'><strong>μετόχους</strong></span> <span class='ocrx_word' id='word_1_425' title='bbox 2826 1837 2920 1874; x_wconf 88' lang='grc' dir='ltr'><strong>σου</strong></span> <span class='ocrx_word' id='word_1_426' title='bbox 2944 1836 2958 1851; x_wconf 84' lang='lat'><strong><em>°</em></strong></span> <span class='ocrx_word' id='word_1_427' title='bbox 2986 1838 3005 1871; x_wconf 70' lang='grc' dir='ltr'><strong>ι</strong></span> <span class='ocrx_word' id='word_1_428' title='bbox 3038 1811 3083 1887; x_wconf 79' lang='grc' dir='ltr'>ᾧ</span> <span class='ocrx_word' id='word_1_429' title='bbox 3114 1818 3377 1890; x_wconf 81' lang='grc' dir='ltr'>χρισθεὶς,</span> <span class='ocrx_word' id='word_1_430' title='bbox 3409 1817 3469 1882; x_wconf 76' lang='grc' dir='ltr'><strong>ἐξ</strong></span> <span class='ocrx_word' id='word_1_431' title='bbox 3515 1816 3646 1871; x_wconf 89' lang='grc' dir='ltr'>ἰδίου</span> <span class='ocrx_word' id='word_1_432' title='bbox 3693 1833 3867 1889; x_wconf 79' lang='grc' dir='ltr'>προσο</span> 
     </span>
    </p>
   </div>
   <div class='ocr_carea' id='block_1_60' title="bbox 2274 1909 3866 1983">
    <p class='ocr_par' dir='ltr' id='par_1_60' title="bbox 2274 1909 3866 1983">
     <span class='ocr_line' id='line_1_60' title="bbox 2274 1909 3866 1983; baseline -0.003 -18"><span class='ocrx_word' id='word_1_433' title='bbox 2274 1910 2424 1965; x_wconf 83' lang='grc' dir='ltr'>ώπου</span> <span class='ocrx_word' id='word_1_434' title='bbox 2470 1913 2565 1965; x_wconf 76' lang='grc' dir='ltr'><strong>καὶ</strong></span> <span class='ocrx_word' id='word_1_435' title='bbox 2589 1912 2753 1976; x_wconf 82' lang='grc' dir='ltr'>αὑτός</span> <span class='ocrx_word' id='word_1_436' title='bbox 2790 1929 2952 1983; x_wconf 84' lang='grc' dir='ltr'>φησιν</span> <span class='ocrx_word' id='word_1_437' title='bbox 2988 1913 3045 1965; x_wconf 79' lang='grc' dir='ltr'>ἐν</span> <span class='ocrx_word' id='word_1_438' title='bbox 3081 1911 3279 1982; x_wconf 73' lang='grc' dir='ltr'>Ἡσαΐᾳ</span> <span class='ocrx_word' id='word_1_439' title='bbox 3301 1928 3315 1941; x_wconf 75' lang='grc' dir='ltr'><strong>ο</strong></span> <span class='ocrx_word' id='word_1_440' title='bbox 3355 1929 3373 1961; x_wconf 83' lang='grc' dir='ltr'><strong>ι</strong></span> <span class='ocrx_word' id='word_1_441' title='bbox 3401 1909 3628 1979; x_wconf 77' lang='grc' dir='ltr'>Πνεῦμα</span> <span class='ocrx_word' id='word_1_442' title='bbox 3655 1909 3866 1981; x_wconf 66' lang='grc' dir='ltr'>Κυρίῳ</span> 
     </span>
    </p>
   </div>
   <div class='ocr_carea' id='block_1_61' title="bbox 2275 1996 3868 2075">
    <p class='ocr_par' dir='ltr' id='par_1_61' title="bbox 2275 1996 3868 2075">
     <span class='ocr_line' id='line_1_61' title="bbox 2275 1996 3868 2075; baseline 0 -20"><span class='ocrx_word' id='word_1_443' title='bbox 2275 2004 2361 2055; x_wconf 79' lang='grc' dir='ltr'><strong>ἐπ’</strong></span> <span class='ocrx_word' id='word_1_444' title='bbox 2389 2003 2510 2074; x_wconf 81' lang='grc' dir='ltr'>ἐμὲ,</span> <span class='ocrx_word' id='word_1_445' title='bbox 2532 1996 2594 2055; x_wconf 74' lang='grc' dir='ltr'><strong>οὗ</strong></span> <span class='ocrx_word' id='word_1_446' title='bbox 2634 2003 2839 2056; x_wconf 80' lang='grc' dir='ltr'>εἵνεκεν</span> <span class='ocrx_word' id='word_1_447' title='bbox 2871 2003 3053 2075; x_wconf 80' lang='grc' dir='ltr'>ἔχρισὲ</span> <span class='ocrx_word' id='word_1_448' title='bbox 3093 2020 3181 2075; x_wconf 91' lang='grc' dir='ltr'><strong>με.</strong></span> <span class='ocrx_word' id='word_1_449' title='bbox 3211 2021 3230 2055; x_wconf 76' lang='grc' dir='ltr'><strong>ι</strong></span> <span class='ocrx_word' id='word_1_450' title='bbox 3251 2002 3404 2056; x_wconf 74' lang='grc' dir='ltr'>Ἐπεὶ</span> <span class='ocrx_word' id='word_1_451' title='bbox 3434 1997 3528 2056; x_wconf 78' lang='grc' dir='ltr'>οὖν</span> <span class='ocrx_word' id='word_1_452' title='bbox 3551 2001 3868 2072; x_wconf 79' lang='grc' dir='ltr'>διαφέροντι</span> 
     </span>
    </p>
   </div>
   <div class='ocr_carea' id='block_1_62' title="bbox 2275 2092 3870 2166">
    <p class='ocr_par' dir='ltr' id='par_1_62' title="bbox 2275 2092 3870 2166">
     <span class='ocr_line' id='line_1_62' title="bbox 2275 2092 3870 2166; baseline -0.001 -19"><span class='ocrx_word' id='word_1_453' title='bbox 2275 2095 2369 2148; x_wconf 74' lang='grc' dir='ltr'>καὶ</span> <span class='ocrx_word' id='word_1_454' title='bbox 2404 2094 2774 2165; x_wconf 84' lang='grc' dir='ltr'>πνευματικῷ,</span> <span class='ocrx_word' id='word_1_455' title='bbox 2809 2094 3007 2165; x_wconf 80' lang='grc' dir='ltr'>μᾶλλον</span> <span class='ocrx_word' id='word_1_456' title='bbox 3040 2094 3097 2148; x_wconf 79' lang='grc' dir='ltr'>δὲ</span> <span class='ocrx_word' id='word_1_457' title='bbox 3128 2094 3380 2165; x_wconf 78' lang='grc' dir='ltr'><strong>θεότητος</strong></span> <span class='ocrx_word' id='word_1_458' title='bbox 3407 2094 3672 2166; x_wconf 83' lang='grc' dir='ltr'>χρίσματι</span> <span class='ocrx_word' id='word_1_459' title='bbox 3705 2092 3870 2163; x_wconf 86' lang='grc' dir='ltr'>μόνος</span> 
     </span>
    </p>
   </div>
   <div class='ocr_carea' id='block_1_63' title="bbox 2277 2184 3868 2260">
    <p class='ocr_par' dir='ltr' id='par_1_63' title="bbox 2277 2184 3868 2260">
     <span class='ocr_line' id='line_1_63' title="bbox 2277 2184 3868 2260; baseline -0.001 -19"><span class='ocrx_word' id='word_1_460' title='bbox 2277 2187 2430 2258; x_wconf 84' lang='grc' dir='ltr'>παρὰ</span> <span class='ocrx_word' id='word_1_461' title='bbox 2461 2188 2588 2251; x_wconf 72' lang='grc' dir='ltr'>τοὺς</span> <span class='ocrx_word' id='word_1_462' title='bbox 2623 2186 2841 2240; x_wconf 87' lang='grc' dir='ltr'>πώποτε</span> <span class='ocrx_word' id='word_1_463' title='bbox 2870 2190 2899 2241; x_wconf 88' lang='grc' dir='ltr'><strong>ό</strong></span> <span class='ocrx_word' id='word_1_464' title='bbox 2926 2188 3192 2260; x_wconf 71' lang='grc' dir='ltr'>ἡμέτερος</span> <span class='ocrx_word' id='word_1_465' title='bbox 3217 2186 3407 2259; x_wconf 78' lang='grc' dir='ltr'>Σωτὴρ</span> <span class='ocrx_word' id='word_1_466' title='bbox 3452 2184 3740 2258; x_wconf 73' lang='grc' dir='ltr'>κεκρίσθαι</span> <span class='ocrx_word' id='word_1_467' title='bbox 3773 2202 3868 2258; x_wconf 84' lang='grc' dir='ltr'>με-</span> 
     </span>
    </p>
   </div>
   <div class='ocr_carea' id='block_1_64' title="bbox 2281 2278 3867 2352">
    <p class='ocr_par' dir='ltr' id='par_1_64' title="bbox 2281 2278 3867 2352">
     <span class='ocr_line' id='line_1_64' title="bbox 2281 2278 3867 2352; baseline -0.001 -19"><span class='ocrx_word' id='word_1_468' title='bbox 2281 2278 2647 2352; x_wconf 84' lang='grc' dir='ltr'>μαρτύρηται,</span> <span class='ocrx_word' id='word_1_469' title='bbox 2674 2280 2901 2344; x_wconf 82' lang='grc' dir='ltr'>εἰκότως</span> <span class='ocrx_word' id='word_1_470' title='bbox 2935 2298 2954 2331; x_wconf 81' lang='grc' dir='ltr'><strong>ι</strong></span> <span class='ocrx_word' id='word_1_471' title='bbox 2983 2279 3136 2349; x_wconf 77' lang='grc' dir='ltr'>ἅγιος</span> <span class='ocrx_word' id='word_1_472' title='bbox 3180 2278 3370 2347; x_wconf 85' lang='grc' dir='ltr'>ἁγίων,</span> <span class='ocrx_word' id='word_1_473' title='bbox 3400 2298 3417 2332; x_wconf 75' lang='grc' dir='ltr'><strong>ι</strong></span> <span class='ocrx_word' id='word_1_474' title='bbox 3449 2279 3525 2343; x_wconf 83' lang='grc' dir='ltr'>ὡς</span> <span class='ocrx_word' id='word_1_475' title='bbox 3569 2280 3633 2333; x_wconf 82' lang='grc' dir='ltr'>ἄν</span> <span class='ocrx_word' id='word_1_476' title='bbox 3673 2296 3760 2343; x_wconf 84' lang='grc' dir='ltr'><strong>τις</strong></span> <span class='ocrx_word' id='word_1_477' title='bbox 3789 2279 3867 2332; x_wconf 78' lang='grc' dir='ltr'>εί-</span> 
     </span>
    </p>
   </div>
   <div class='ocr_carea' id='block_1_65' title="bbox 2279 2371 3871 2443">
    <p class='ocr_par' dir='ltr' id='par_1_65' title="bbox 2279 2371 3871 2443">
     <span class='ocr_line' id='line_1_65' title="bbox 2279 2371 3871 2443; baseline 0.002 -20"><span class='ocrx_word' id='word_1_478' title='bbox 2279 2388 2390 2433; x_wconf 83' lang='grc' dir='ltr'>ποι,</span> <span class='ocrx_word' id='word_1_479' title='bbox 2430 2390 2448 2422; x_wconf 87' lang='grc' dir='ltr'><strong>ι</strong></span> <span class='ocrx_word' id='word_1_480' title='bbox 2475 2372 2768 2443; x_wconf 80' lang='grc' dir='ltr'>ἀρχιερεὺς</span> <span class='ocrx_word' id='word_1_481' title='bbox 2794 2371 3093 2443; x_wconf 81' lang='grc' dir='ltr'>ἀρχιερέων</span> <span class='ocrx_word' id='word_1_482' title='bbox 3123 2391 3140 2423; x_wconf 65' lang='lat'>»</span> <span class='ocrx_word' id='word_1_483' title='bbox 3174 2371 3505 2443; x_wconf 82' lang='grc' dir='ltr'>ὠνόμασται,</span> <span class='ocrx_word' id='word_1_484' title='bbox 3540 2373 3633 2425; x_wconf 84' lang='grc' dir='ltr'><strong>καί</strong></span> <span class='ocrx_word' id='word_1_485' title='bbox 3670 2390 3689 2423; x_wconf 81' lang='grc' dir='ltr'><strong>ι</strong></span> <span class='ocrx_word' id='word_1_486' title='bbox 3718 2373 3871 2443; x_wconf 79' lang='grc' dir='ltr'>ἡγια-</span> 
     </span>
    </p>
   </div>
   <div class='ocr_carea' id='block_1_66' title="bbox 2281 2461 3869 2538">
    <p class='ocr_par' dir='ltr' id='par_1_66' title="bbox 2281 2461 3869 2538">
     <span class='ocr_line' id='line_1_66' title="bbox 2281 2461 3869 2538; baseline 0.001 -23"><span class='ocrx_word' id='word_1_487' title='bbox 2281 2461 2479 2533; x_wconf 76' lang='grc' dir='ltr'>σμένος</span> <span class='ocrx_word' id='word_1_488' title='bbox 2531 2463 2901 2534; x_wconf 82' lang='grc' dir='ltr'>ἡγιασμένων,</span> <span class='ocrx_word' id='word_1_489' title='bbox 2936 2483 2953 2516; x_wconf 76' lang='grc' dir='ltr'><strong>ι</strong></span> <span class='ocrx_word' id='word_1_490' title='bbox 2989 2462 3131 2518; x_wconf 81' lang='grc' dir='ltr'>κατὰ</span> <span class='ocrx_word' id='word_1_491' title='bbox 3179 2463 3272 2517; x_wconf 80' lang='grc' dir='ltr'><strong>τὸν</strong></span> <span class='ocrx_word' id='word_1_492' title='bbox 3324 2464 3418 2518; x_wconf 88' lang='grc' dir='ltr'><strong>τοῦ</strong></span> <span class='ocrx_word' id='word_1_493' title='bbox 3463 2463 3705 2538; x_wconf 78' lang='grc' dir='ltr'>Γαϐριὴλ</span> <span class='ocrx_word' id='word_1_494' title='bbox 3736 2483 3869 2537; x_wconf 84' lang='grc' dir='ltr'>χρη-</span> 
     </span>
    </p>
   </div>
   <div class='ocr_carea' id='block_1_67' title="bbox 2281 2553 3868 2628">
    <p class='ocr_par' dir='ltr' id='par_1_67' title="bbox 2281 2553 3868 2628">
     <span class='ocr_line' id='line_1_67' title="bbox 2281 2553 3868 2628; baseline 0.005 -24"><span class='ocrx_word' id='word_1_495' title='bbox 2281 2553 2433 2623; x_wconf 85' lang='grc' dir='ltr'>σμόν.</span> <span class='ocrx_word' id='word_1_496' title='bbox 2464 2553 2650 2607; x_wconf 87' lang='grc' dir='ltr'>Ταῦτα</span> <span class='ocrx_word' id='word_1_497' title='bbox 2683 2553 2739 2607; x_wconf 76' lang='grc' dir='ltr'>δὲ</span> <span class='ocrx_word' id='word_1_498' title='bbox 2773 2554 2970 2619; x_wconf 87' lang='grc' dir='ltr'>πάντα,</span> <span class='ocrx_word' id='word_1_499' title='bbox 2998 2556 3519 2628; x_wconf 83' lang='grc' dir='ltr'>συμπεραιουμένων</span> <span class='ocrx_word' id='word_1_500' title='bbox 3564 2556 3675 2612; x_wconf 83' lang='grc' dir='ltr'><strong>τῶν</strong></span> <span class='ocrx_word' id='word_1_501' title='bbox 3717 2558 3868 2612; x_wconf 80' lang='grc' dir='ltr'>ἑϐδο-</span> 
     </span>
    </p>
   </div>
   <div class='ocr_carea' id='block_1_68' title="bbox 2283 2645 3866 2723">
    <p class='ocr_par' dir='ltr' id='par_1_68' title="bbox 2283 2645 3866 2723">
     <span class='ocr_line' id='line_1_68' title="bbox 2283 2645 3866 2723; baseline 0.005 -27"><span class='ocrx_word' id='word_1_502' title='bbox 2283 2645 2528 2715; x_wconf 87' lang='grc' dir='ltr'>μήκοντα</span> <span class='ocrx_word' id='word_1_503' title='bbox 2572 2645 2902 2717; x_wconf 89' lang='grc' dir='ltr'>ἑϐδομάδων,</span> <span class='ocrx_word' id='word_1_504' title='bbox 2934 2646 3088 2710; x_wconf 83' lang='grc' dir='ltr'>τέλος</span> <span class='ocrx_word' id='word_1_505' title='bbox 3132 2646 3433 2718; x_wconf 79' lang='grc' dir='ltr'>ἐλάμϐανεν</span> <span class='ocrx_word' id='word_1_506' title='bbox 3474 2649 3575 2702; x_wconf 85' lang='grc' dir='ltr'><strong>ούκ</strong></span> <span class='ocrx_word' id='word_1_507' title='bbox 3620 2647 3866 2723; x_wconf 82' lang='grc' dir='ltr'>ἄλλοτεῆ</span> 
     </span>
    </p>
   </div>
   <div class='ocr_carea' id='block_1_69' title="bbox 2281 2737 3866 2816">
    <p class='ocr_par' dir='ltr' id='par_1_69' title="bbox 2281 2737 3866 2816">
     <span class='ocr_line' id='line_1_69' title="bbox 2281 2737 3866 2816; baseline 0.003 -26"><span class='ocrx_word' id='word_1_508' title='bbox 2281 2738 2373 2791; x_wconf 80' lang='grc' dir='ltr'><strong>ἐπὶ</strong></span> <span class='ocrx_word' id='word_1_509' title='bbox 2409 2738 2519 2791; x_wconf 84' lang='grc' dir='ltr'><strong>τῶν</strong></span> <span class='ocrx_word' id='word_1_510' title='bbox 2549 2739 2754 2811; x_wconf 87' lang='grc' dir='ltr'>χρόνων</span> <span class='ocrx_word' id='word_1_511' title='bbox 2782 2740 2882 2811; x_wconf 78' lang='grc' dir='ltr'><strong>τῆς</strong></span> <span class='ocrx_word' id='word_1_512' title='bbox 2921 2737 3017 2792; x_wconf 90' lang='grc' dir='ltr'><strong>τοῦ</strong></span> <span class='ocrx_word' id='word_1_513' title='bbox 3051 2737 3302 2811; x_wconf 81' lang='grc' dir='ltr'>Σωτῆρος</span> <span class='ocrx_word' id='word_1_514' title='bbox 3344 2738 3498 2811; x_wconf 80' lang='grc' dir='ltr'>ἡμῶν</span> <span class='ocrx_word' id='word_1_515' title='bbox 3528 2742 3866 2816; x_wconf 71' lang='grc' dir='ltr'>ἐπιφανείας.</span> 
     </span>
    </p>
   </div>
   <div class='ocr_carea' id='block_1_70' title="bbox 2294 2828 3872 2904">
    <p class='ocr_par' dir='ltr' id='par_1_70' title="bbox 2294 2828 3872 2904">
     <span class='ocr_line' id='line_1_70' title="bbox 2294 2828 3872 2904; baseline 0.004 -24"><span class='ocrx_word' id='word_1_516' title='bbox 2294 2828 2514 2902; x_wconf 81' lang='grc' dir='ltr'>Ἐπειδὴ</span> <span class='ocrx_word' id='word_1_517' title='bbox 2561 2829 2739 2884; x_wconf 79' lang='grc' dir='ltr'>τοίνυν</span> <span class='ocrx_word' id='word_1_518' title='bbox 2787 2829 2941 2884; x_wconf 87' lang='grc' dir='ltr'>ταῦθ’</span> <span class='ocrx_word' id='word_1_519' title='bbox 2973 2829 3146 2893; x_wconf 74' lang='grc' dir='ltr'>οὕτως</span> <span class='ocrx_word' id='word_1_520' title='bbox 3197 2830 3417 2885; x_wconf 80' lang='grc' dir='ltr'>ἔσεσθαι</span> <span class='ocrx_word' id='word_1_521' title='bbox 3450 2833 3479 2885; x_wconf 85' lang='grc' dir='ltr'><strong>ὁ</strong></span> <span class='ocrx_word' id='word_1_522' title='bbox 3504 2831 3872 2904; x_wconf 77' lang='grc' dir='ltr'>προδηλωθεὶς</span> 
     </span>
    </p>
   </div>
   <div class='ocr_carea' id='block_1_71' title="bbox 2283 2921 3872 2998">
    <p class='ocr_par' dir='ltr' id='par_1_71' title="bbox 2283 2921 3872 2998">
     <span class='ocr_line' id='line_1_71' title="bbox 2283 2921 3872 2998; baseline 0.002 -22"><span class='ocrx_word' id='word_1_523' title='bbox 2283 2922 2513 2991; x_wconf 82' lang='grc' dir='ltr'>ἄγγελος</span> <span class='ocrx_word' id='word_1_524' title='bbox 2566 2922 2955 2992; x_wconf 73' lang='grc' dir='ltr'>κεφαλαιωδῶς</span> <span class='ocrx_word' id='word_1_525' title='bbox 3001 2921 3252 2987; x_wconf 78' lang='grc' dir='ltr'>ἐθέσπιζε</span> <span class='ocrx_word' id='word_1_526' title='bbox 3296 2922 3375 2994; x_wconf 83' lang='grc' dir='ltr'>τῷ</span> <span class='ocrx_word' id='word_1_527' title='bbox 3411 2925 3685 2998; x_wconf 82' lang='grc' dir='ltr'>προφήτῃ,</span> <span class='ocrx_word' id='word_1_528' title='bbox 3719 2921 3872 2989; x_wconf 75' lang='grc' dir='ltr'>αὖθις</span> 
     </span>
    </p>
   </div>
   <div class='ocr_carea' id='block_1_72' title="bbox 2284 3015 3872 3088">
    <p class='ocr_par' dir='ltr' id='par_1_72' title="bbox 2284 3015 3872 3088">
     <span class='ocr_line' id='line_1_72' title="bbox 2284 3015 3872 3088; baseline 0.002 -20"><span class='ocrx_word' id='word_1_529' title='bbox 2284 3016 2727 3088; x_wconf 85' lang='grc' dir='ltr'>ἑπαναλαμϐάνει</span> <span class='ocrx_word' id='word_1_530' title='bbox 2753 3018 2848 3070; x_wconf 81' lang='grc' dir='ltr'>τὸν</span> <span class='ocrx_word' id='word_1_531' title='bbox 2881 3017 3006 3088; x_wconf 72' lang='grc' dir='ltr'>περὶ</span> <span class='ocrx_word' id='word_1_532' title='bbox 3030 3016 3139 3069; x_wconf 83' lang='grc' dir='ltr'>τῶν</span> <span class='ocrx_word' id='word_1_533' title='bbox 3167 3015 3534 3088; x_wconf 78' lang='grc' dir='ltr'>ἑϐδομήκοντα</span> <span class='ocrx_word' id='word_1_534' title='bbox 3564 3015 3872 3087; x_wconf 82' lang='grc' dir='ltr'>ἑϐδομάδων</span> 
     </span>
    </p>
   </div>
   <div class='ocr_carea' id='block_1_73' title="bbox 2282 3107 3872 3181">
    <p class='ocr_par' dir='ltr' id='par_1_73' title="bbox 2282 3107 3872 3181">
     <span class='ocr_line' id='line_1_73' title="bbox 2282 3107 3872 3181; baseline -0.001 -20"><span class='ocrx_word' id='word_1_535' title='bbox 2282 3107 2460 3177; x_wconf 87' lang='grc' dir='ltr'>λόγον,</span> <span class='ocrx_word' id='word_1_536' title='bbox 2490 3107 2758 3162; x_wconf 83' lang='grc' dir='ltr'>διδάσκων</span> <span class='ocrx_word' id='word_1_537' title='bbox 2808 3108 2950 3162; x_wconf 85' lang='grc' dir='ltr'>κατὰ</span> <span class='ocrx_word' id='word_1_538' title='bbox 3009 3108 3172 3181; x_wconf 80' lang='grc' dir='ltr'>μέρος</span> <span class='ocrx_word' id='word_1_539' title='bbox 3217 3107 3422 3161; x_wconf 81' lang='grc' dir='ltr'>ἕκαστα</span> <span class='ocrx_word' id='word_1_540' title='bbox 3457 3107 3718 3177; x_wconf 81' lang='grc' dir='ltr'>ἀκριϐῶς,</span> <span class='ocrx_word' id='word_1_541' title='bbox 3752 3107 3872 3161; x_wconf 85' lang='grc' dir='ltr'>ὅθεν</span> 
     </span>
    </p>
   </div>
   <div class='ocr_carea' id='block_1_74' title="bbox 2283 3198 3875 3273">
    <p class='ocr_par' dir='ltr' id='par_1_74' title="bbox 2283 3198 3875 3273">
     <span class='ocr_line' id='line_1_74' title="bbox 2283 3198 3875 3273; baseline -0.003 -18"><span class='ocrx_word' id='word_1_542' title='bbox 2283 3201 2632 3273; x_wconf 80' lang='grc' dir='ltr'>ἀπάρχεσθαι</span> <span class='ocrx_word' id='word_1_543' title='bbox 2661 3202 2742 3265; x_wconf 74' lang='grc' dir='ltr'>δεῖ</span> <span class='ocrx_word' id='word_1_544' title='bbox 2778 3200 2883 3271; x_wconf 75' lang='grc' dir='ltr'>τῆς</span> <span class='ocrx_word' id='word_1_545' title='bbox 2914 3199 3021 3253; x_wconf 80' lang='grc' dir='ltr'><strong>τῶν</strong></span> <span class='ocrx_word' id='word_1_546' title='bbox 3055 3199 3261 3272; x_wconf 86' lang='grc' dir='ltr'>χρόνων</span> <span class='ocrx_word' id='word_1_547' title='bbox 3300 3198 3746 3270; x_wconf 74' lang='grc' dir='ltr'>άπαριθμήσεως,</span> <span class='ocrx_word' id='word_1_548' title='bbox 3780 3198 3875 3251; x_wconf 79' lang='grc' dir='ltr'>καὶ</span> 
     </span>
    </p>
   </div>
   <div class='ocr_carea' id='block_1_75' title="bbox 2282 3292 3871 3367">
    <p class='ocr_par' dir='ltr' id='par_1_75' title="bbox 2282 3292 3871 3367">
     <span class='ocr_line' id='line_1_75' title="bbox 2282 3292 3871 3367; baseline 0.002 -21"><span class='ocrx_word' id='word_1_549' title='bbox 2282 3295 2401 3346; x_wconf 87' lang='grc' dir='ltr'>τίνα</span> <span class='ocrx_word' id='word_1_550' title='bbox 2442 3293 2584 3347; x_wconf 79' lang='grc' dir='ltr'>κατὰ</span> <span class='ocrx_word' id='word_1_551' title='bbox 2634 3295 2761 3358; x_wconf 75' lang='grc' dir='ltr'>τοὺς</span> <span class='ocrx_word' id='word_1_552' title='bbox 2807 3293 3168 3366; x_wconf 76' lang='grc' dir='ltr'>δηλουμένους</span> <span class='ocrx_word' id='word_1_553' title='bbox 3212 3293 3437 3366; x_wconf 76' lang='grc' dir='ltr'>καιροὺς</span> <span class='ocrx_word' id='word_1_554' title='bbox 3478 3292 3871 3367; x_wconf 66' lang='grc' dir='ltr'>ἀπαντήσεται.</span> 
     </span>
    </p>
   </div>
   <div class='ocr_carea' id='block_1_76' title="bbox 2283 3383 3869 3461">
    <p class='ocr_par' dir='ltr' id='par_1_76' title="bbox 2283 3383 3869 3461">
     <span class='ocr_line' id='line_1_76' title="bbox 2283 3383 3869 3461; baseline 0.001 -21"><span class='ocrx_word' id='word_1_555' title='bbox 2283 3388 2445 3457; x_wconf 78' lang='grc' dir='ltr'>Λέγει</span> <span class='ocrx_word' id='word_1_556' title='bbox 2472 3387 2515 3441; x_wconf 79' lang='grc' dir='ltr'>δ’</span> <span class='ocrx_word' id='word_1_557' title='bbox 2540 3383 2663 3441; x_wconf 75' lang='grc' dir='ltr'><strong>οὖν⁴</strong></span> <span class='ocrx_word' id='word_1_558' title='bbox 2706 3406 2725 3438; x_wconf 73' lang='grc' dir='ltr'><strong>ι</strong></span> <span class='ocrx_word' id='word_1_559' title='bbox 2755 3387 2864 3441; x_wconf 71' lang='grc' dir='ltr'><strong>Καὶ</strong></span> <span class='ocrx_word' id='word_1_560' title='bbox 2897 3386 3101 3461; x_wconf 80' lang='grc' dir='ltr'>γνώσῃ,</span> <span class='ocrx_word' id='word_1_561' title='bbox 3137 3388 3231 3443; x_wconf 77' lang='grc' dir='ltr'><strong>καὶ</strong></span> <span class='ocrx_word' id='word_1_562' title='bbox 3269 3390 3521 3459; x_wconf 81' lang='grc' dir='ltr'>συνήσεις</span> <span class='ocrx_word' id='word_1_563' title='bbox 3557 3389 3665 3442; x_wconf 74' lang='grc' dir='ltr'>ἀπὸ</span> <span class='ocrx_word' id='word_1_564' title='bbox 3689 3388 3869 3453; x_wconf 83' lang='grc' dir='ltr'>ἐξόδου</span> 
     </span>
    </p>
   </div>
   <div class='ocr_carea' id='block_1_77' title="bbox 2286 3478 3874 3554">
    <p class='ocr_par' dir='ltr' id='par_1_77' title="bbox 2286 3478 3874 3554">
     <span class='ocr_line' id='line_1_77' title="bbox 2286 3478 3874 3554; baseline 0.005 -23"><span class='ocrx_word' id='word_1_565' title='bbox 2286 3479 2467 3548; x_wconf 83' lang='grc' dir='ltr'>λόγου,</span> <span class='ocrx_word' id='word_1_566' title='bbox 2487 3478 2581 3533; x_wconf 92' lang='grc' dir='ltr'><strong>τοῦ</strong></span> <span class='ocrx_word' id='word_1_567' title='bbox 2610 3480 2997 3551; x_wconf 79' lang='grc' dir='ltr'>ἀποκριθῆναι,</span> <span class='ocrx_word' id='word_1_568' title='bbox 3013 3480 3216 3534; x_wconf 75' lang='grc' dir='ltr'>καὶτοῦ</span> <span class='ocrx_word' id='word_1_569' title='bbox 3241 3482 3588 3554; x_wconf 81' lang='grc' dir='ltr'>οἰκοδομῆσαι</span> <span class='ocrx_word' id='word_1_570' title='bbox 3618 3483 3874 3553; x_wconf 63' lang='grc' dir='ltr'>Ἰερουσα-</span> 
     </span>
    </p>
   </div>
   <div class='ocr_carea' id='block_1_78' title="bbox 2285 3570 3873 3645">
    <p class='ocr_par' dir='ltr' id='par_1_78' title="bbox 2285 3570 3873 3645">
     <span class='ocr_line' id='line_1_78' title="bbox 2285 3570 3873 3645; baseline 0.003 -22"><span class='ocrx_word' id='word_1_571' title='bbox 2285 3570 2399 3642; x_wconf 89' lang='grc' dir='ltr'>λήμ</span> <span class='ocrx_word' id='word_1_572' title='bbox 2414 3588 2428 3601; x_wconf 74' lang='grc' dir='ltr'><strong>ο</strong></span> <span class='ocrx_word' id='word_1_573' title='bbox 2478 3571 2770 3642; x_wconf 83' lang='grc' dir='ltr'>ἑϐδομάδες</span> <span class='ocrx_word' id='word_1_574' title='bbox 2806 3570 2946 3625; x_wconf 85' lang='grc' dir='ltr'>ἑπτὰ</span> <span class='ocrx_word' id='word_1_575' title='bbox 2967 3572 3060 3625; x_wconf 79' lang='grc' dir='ltr'>καὶ</span> <span class='ocrx_word' id='word_1_576' title='bbox 3082 3572 3372 3643; x_wconf 81' lang='grc' dir='ltr'>ἑϐδομάδες</span> <span class='ocrx_word' id='word_1_577' title='bbox 3392 3573 3761 3645; x_wconf 76' lang='grc' dir='ltr'>ἑξηκονταδύο,</span> <span class='ocrx_word' id='word_1_578' title='bbox 3779 3574 3873 3628; x_wconf 79' lang='grc' dir='ltr'>καὶ</span> 
     </span>
    </p>
   </div>
   <div class='ocr_carea' id='block_1_79' title="bbox 2287 3662 3867 3737">
    <p class='ocr_par' dir='ltr' id='par_1_79' title="bbox 2287 3662 3867 3737">
     <span class='ocr_line' id='line_1_79' title="bbox 2287 3662 3867 3737; baseline 0.003 -23"><span class='ocrx_word' id='word_1_579' title='bbox 2287 3662 2624 3734; x_wconf 70' lang='grc' dir='ltr'>ἐπιστρέψει,</span> <span class='ocrx_word' id='word_1_580' title='bbox 2640 3663 2733 3717; x_wconf 77' lang='grc' dir='ltr'>καὶ</span> <span class='ocrx_word' id='word_1_581' title='bbox 2759 3662 3482 3735; x_wconf 84' lang='grc' dir='ltr'>οἰκοδομηθήσεταιπλατεῖα</span> <span class='ocrx_word' id='word_1_582' title='bbox 3500 3667 3594 3719; x_wconf 71' lang='grc' dir='ltr'>καὶ</span> <span class='ocrx_word' id='word_1_583' title='bbox 3621 3669 3815 3737; x_wconf 86' lang='grc' dir='ltr'>τεῖχος.</span> <span class='ocrx_word' id='word_1_584' title='bbox 3846 3685 3867 3718; x_wconf 76' lang='grc' dir='ltr'><strong>ι</strong></span> 
     </span>
    </p>
   </div>
   <div class='ocr_carea' id='block_1_80' title="bbox 2302 3751 3873 3829">
    <p class='ocr_par' dir='ltr' id='par_1_80' title="bbox 2302 3751 3873 3829">
     <span class='ocr_line' id='line_1_80' title="bbox 2302 3751 3873 3829; baseline 0.001 -22"><span class='ocrx_word' id='word_1_585' title='bbox 2302 3755 2389 3807; x_wconf 86' lang='grc' dir='ltr'>Ἐν</span> <span class='ocrx_word' id='word_1_586' title='bbox 2439 3751 2521 3819; x_wconf 77' lang='grc' dir='ltr'>οἷς</span> <span class='ocrx_word' id='word_1_587' title='bbox 2569 3755 2717 3809; x_wconf 89' lang='grc' dir='ltr'><strong>δοκεί</strong></span> <span class='ocrx_word' id='word_1_588' title='bbox 2770 3772 2862 3825; x_wconf 91' lang='grc' dir='ltr'><strong>μοι</strong></span> <span class='ocrx_word' id='word_1_589' title='bbox 2916 3755 3094 3819; x_wconf 85' lang='grc' dir='ltr'>καλῶς</span> <span class='ocrx_word' id='word_1_590' title='bbox 3137 3755 3280 3827; x_wconf 81' lang='grc' dir='ltr'>ἔχειν</span> <span class='ocrx_word' id='word_1_591' title='bbox 3336 3758 3429 3811; x_wconf 77' lang='grc' dir='ltr'><strong>καὶ</strong></span> <span class='ocrx_word' id='word_1_592' title='bbox 3474 3757 3570 3829; x_wconf 82' lang='grc' dir='ltr'>τὴν</span> <span class='ocrx_word' id='word_1_593' title='bbox 3619 3757 3712 3810; x_wconf 87' lang='grc' dir='ltr'><strong>τοῦ</strong></span> <span class='ocrx_word' id='word_1_594' title='bbox 3767 3755 3873 3828; x_wconf 85' lang='grc' dir='ltr'>πρὸ</span> 
     </span>
    </p>
   </div>
   <div class='ocr_carea' id='block_1_81' title="bbox 2289 3846 3871 3921">
    <p class='ocr_par' dir='ltr' id='par_1_81' title="bbox 2289 3846 3871 3921">
     <span class='ocr_line' id='line_1_81' title="bbox 2289 3846 3871 3921; baseline 0.002 -21"><span class='ocrx_word' id='word_1_595' title='bbox 2289 3846 2448 3918; x_wconf 79' lang='grc' dir='ltr'>ἡμῶν</span> <span class='ocrx_word' id='word_1_596' title='bbox 2482 3849 2562 3910; x_wconf 87' lang='grc' dir='ltr'><strong>εἰς</strong></span> <span class='ocrx_word' id='word_1_597' title='bbox 2613 3848 2739 3911; x_wconf 73' lang='grc' dir='ltr'>τοὺς</span> <span class='ocrx_word' id='word_1_598' title='bbox 2790 3848 2986 3911; x_wconf 87' lang='grc' dir='ltr'>τόπους</span> <span class='ocrx_word' id='word_1_599' title='bbox 3032 3848 3262 3919; x_wconf 84' lang='grc' dir='ltr'>θεωρίαν</span> <span class='ocrx_word' id='word_1_600' title='bbox 3316 3848 3391 3921; x_wconf 79' lang='grc' dir='ltr'>μὴ</span> <span class='ocrx_word' id='word_1_601' title='bbox 3434 3848 3871 3921; x_wconf 73' lang='grc' dir='ltr'>ἀποκρύψασθαι,</span> 
     </span>
    </p>
   </div>
   <div class='ocr_carea' id='block_1_82' title="bbox 2293 3938 3873 4012">
    <p class='ocr_par' dir='ltr' id='par_1_82' title="bbox 2293 3938 3873 4012">
     <span class='ocr_line' id='line_1_82' title="bbox 2293 3938 3873 4012; baseline 0.001 -21"><span class='ocrx_word' id='word_1_602' title='bbox 2293 3938 2614 4010; x_wconf 82' lang='grc' dir='ltr'>παραθεῖναι</span> <span class='ocrx_word' id='word_1_603' title='bbox 2654 3938 2711 3992; x_wconf 80' lang='grc' dir='ltr'>δὲ</span> <span class='ocrx_word' id='word_1_604' title='bbox 2761 3940 2853 3993; x_wconf 76' lang='grc' dir='ltr'>καὶ</span> <span class='ocrx_word' id='word_1_605' title='bbox 2903 3938 3106 4012; x_wconf 86' lang='grc' dir='ltr'>ταύτην</span> <span class='ocrx_word' id='word_1_606' title='bbox 3154 3940 3229 4004; x_wconf 86' lang='grc' dir='ltr'>ὡς</span> <span class='ocrx_word' id='word_1_607' title='bbox 3275 3940 3482 3995; x_wconf 75' lang='grc' dir='ltr'>οἰκείαν</span> <span class='ocrx_word' id='word_1_608' title='bbox 3529 3944 3641 4004; x_wconf 85' lang='grc' dir='ltr'>τοῖς</span> <span class='ocrx_word' id='word_1_609' title='bbox 3697 3942 3873 3993; x_wconf 77' lang='grc' dir='ltr'>ἐντευο</span> 
     </span>
    </p>
   </div>
   <div class='ocr_carea' id='block_1_83' title="bbox 2295 4029 3872 4111">
    <p class='ocr_par' dir='ltr' id='par_1_83' title="bbox 2295 4029 3872 4111">
     <span class='ocr_line' id='line_1_83' title="bbox 2295 4029 3872 4111; baseline 0.003 -29"><span class='ocrx_word' id='word_1_610' title='bbox 2295 4029 2557 4111; x_wconf 80' lang='grc' dir='ltr'>ξομένοις.</span> <span class='ocrx_word' id='word_1_611' title='bbox 2613 4031 2783 4085; x_wconf 78' lang='grc' dir='ltr'>Κοινὰ</span> <span class='ocrx_word' id='word_1_612' title='bbox 2848 4031 3020 4100; x_wconf 87' lang='grc' dir='ltr'>γοῦν,</span> <span class='ocrx_word' id='word_1_613' title='bbox 3078 4032 3256 4096; x_wconf 84' lang='grc' dir='ltr'>καλῶς</span> <span class='ocrx_word' id='word_1_614' title='bbox 3316 4032 3570 4104; x_wconf 84' lang='grc' dir='ltr'>εἴρηται,</span> <span class='ocrx_word' id='word_1_615' title='bbox 3643 4031 3713 4085; x_wconf 83' lang='grc' dir='ltr'>τὰ</span> <span class='ocrx_word' id='word_1_616' title='bbox 3763 4032 3872 4086; x_wconf 86' lang='grc' dir='ltr'><strong>τῶν</strong></span> 
     </span>
    </p>
   </div>
   <div class='ocr_carea' id='block_1_84' title="bbox 605 4114 2184 4191">
    <p class='ocr_par' dir='ltr' id='par_1_84' title="bbox 605 4114 2184 4191">
     <span class='ocr_line' id='line_1_84' title="bbox 605 4114 2184 4191; baseline -0.001 -18"><span class='ocrx_word' id='word_1_617' title='bbox 605 4120 700 4191; x_wconf 94' lang='lat' dir='ltr'><strong>qui</strong></span> <span class='ocrx_word' id='word_1_618' title='bbox 736 4116 1102 4190; x_wconf 62' lang='lat' dir='ltr'><strong>praestantiori</strong></span> <span class='ocrx_word' id='word_1_619' title='bbox 1157 4115 1392 4188; x_wconf 89' lang='lat' dir='ltr'><strong>quodam</strong></span> <span class='ocrx_word' id='word_1_620' title='bbox 1437 4114 1600 4170; x_wconf 89' lang='lat' dir='ltr'><strong>modo</strong></span> <span class='ocrx_word' id='word_1_621' title='bbox 1638 4114 1712 4168; x_wconf 87' lang='lat' dir='ltr'><strong>sit</strong></span> <span class='ocrx_word' id='word_1_622' title='bbox 1761 4121 1981 4181; x_wconf 92' lang='lat' dir='ltr'><strong>unctus,</strong></span> <span class='ocrx_word' id='word_1_623' title='bbox 2023 4131 2184 4185; x_wconf 90' lang='lat' dir='ltr'><strong>quam</strong></span> 
     </span>
    </p>
   </div>
   <div class='ocr_carea' id='block_1_85' title="bbox 606 4206 2188 4279">
    <p class='ocr_par' dir='ltr' id='par_1_85' title="bbox 606 4206 2188 4279">
     <span class='ocr_line' id='line_1_85' title="bbox 606 4206 2188 4279; baseline -0.001 -16"><span class='ocrx_word' id='word_1_624' title='bbox 606 4223 800 4263; x_wconf 83' lang='lat' dir='ltr'><strong>omnes</strong></span> <span class='ocrx_word' id='word_1_625' title='bbox 844 4208 937 4279; x_wconf 92' lang='lat' dir='ltr'><strong>qui</strong></span> <span class='ocrx_word' id='word_1_626' title='bbox 992 4221 1233 4278; x_wconf 89' lang='lat' dir='ltr'><strong>unquam</strong></span> <span class='ocrx_word' id='word_1_627' title='bbox 1283 4214 1505 4261; x_wconf 85' lang='lat' dir='ltr'><strong>terreno</strong></span> <span class='ocrx_word' id='word_1_628' title='bbox 1550 4206 1644 4260; x_wconf 91' lang='lat' dir='ltr'><strong>illo</strong></span> <span class='ocrx_word' id='word_1_629' title='bbox 1693 4216 1860 4279; x_wconf 88' lang='lat' dir='ltr'><strong>atque</strong></span> <span class='ocrx_word' id='word_1_630' title='bbox 1908 4207 2188 4263; x_wconf 88' lang='lat' dir='ltr'><strong>elaborato</strong></span> 
     </span>
    </p>
   </div>
   <div class='ocr_carea' id='block_1_86' title="bbox 2294 4122 3875 4196">
    <p class='ocr_par' dir='ltr' id='par_1_86' title="bbox 2294 4122 3875 4196">
     <span class='ocr_line' id='line_1_86' title="bbox 2294 4122 3875 4196; baseline 0.003 -21"><span class='ocrx_word' id='word_1_631' title='bbox 2294 4122 2463 4192; x_wconf 78' lang='grc' dir='ltr'>φίλων</span> <span class='ocrx_word' id='word_1_632' title='bbox 2489 4139 2502 4153; x_wconf 74' lang='grc'><strong><em>⁸</em></strong></span> <span class='ocrx_word' id='word_1_633' title='bbox 2537 4123 2631 4178; x_wconf 79' lang='grc' dir='ltr'>καὶ</span> <span class='ocrx_word' id='word_1_634' title='bbox 2665 4123 2852 4195; x_wconf 81' lang='grc' dir='ltr'>ἐπειδὴ</span> <span class='ocrx_word' id='word_1_635' title='bbox 2878 4125 3146 4196; x_wconf 77' lang='grc' dir='ltr'>προσήκει</span> <span class='ocrx_word' id='word_1_636' title='bbox 3182 4123 3517 4196; x_wconf 82' lang='grc' dir='ltr'>συγχρῆσθαι</span> <span class='ocrx_word' id='word_1_637' title='bbox 3552 4123 3653 4195; x_wconf 84' lang='grc' dir='ltr'>μὲν</span> <span class='ocrx_word' id='word_1_638' title='bbox 3674 4125 3875 4194; x_wconf 77' lang='grc' dir='ltr'>εὐγνω-</span> 
     </span>
    </p>
   </div>
   <div class='ocr_carea' id='block_1_87' title="bbox 2299 4215 3873 4301">
    <p class='ocr_par' dir='ltr' id='par_1_87' title="bbox 2299 4215 3873 4301">
     <span class='ocr_line' id='line_1_87' title="bbox 2299 4215 3873 4301; baseline 0.001 -34"><span class='ocrx_word' id='word_1_639' title='bbox 2299 4215 2594 4287; x_wconf 84' lang='grc' dir='ltr'>μονοῦντας</span> <span class='ocrx_word' id='word_1_640' title='bbox 2665 4217 2781 4280; x_wconf 80' lang='grc' dir='ltr'>τοῖς</span> <span class='ocrx_word' id='word_1_641' title='bbox 2858 4215 3039 4281; x_wconf 83' lang='grc' dir='ltr'>καλῶς</span> <span class='ocrx_word' id='word_1_642' title='bbox 3102 4217 3191 4287; x_wconf 83' lang='grc' dir='ltr'><strong>ὑφ’</strong></span> <span class='ocrx_word' id='word_1_643' title='bbox 3251 4216 3450 4301; x_wconf 57' lang='grc' dir='ltr'>ἑτέρων</span> <span class='ocrx_word' id='word_1_644' title='bbox 3525 4215 3829 4293; x_wconf 77' lang='grc' dir='ltr'>εἰρημένοις</span> <span class='ocrx_word' id='word_1_645' title='bbox 3853 4256 3873 4280; x_wconf 84' lang='grc'><strong>,</strong></span> 
     </span>
    </p>
   </div>
   <div class='ocr_carea' id='block_1_88' title="bbox 610 4297 2179 4380">
    <p class='ocr_par' dir='ltr' id='par_1_88' title="bbox 610 4297 2179 4363">
     <span class='ocr_line' id='line_1_88' title="bbox 610 4297 2179 4363; baseline 0.001 -9"><span class='ocrx_word' id='word_1_646' title='bbox 610 4299 778 4355; x_wconf 80' lang='grc' dir='ltr'><strong>Μοείε</strong></span> <span class='ocrx_word' id='word_1_647' title='bbox 825 4300 946 4354; x_wconf 91' lang='lat' dir='ltr'><strong>oleo</strong></span> <span class='ocrx_word' id='word_1_648' title='bbox 1005 4298 1156 4353; x_wconf 91' lang='lat' dir='ltr'><strong>uncti</strong></span> <span class='ocrx_word' id='word_1_649' title='bbox 1199 4297 1424 4363; x_wconf 83' lang='lat' dir='ltr'><strong>fuerint,</strong></span> <span class='ocrx_word' id='word_1_650' title='bbox 1456 4298 1660 4354; x_wconf 88' lang='lat' dir='ltr'><strong>dictum</strong></span> <span class='ocrx_word' id='word_1_651' title='bbox 1706 4308 1793 4357; x_wconf 92' lang='lat' dir='ltr'><strong>est</strong></span> <span class='ocrx_word' id='word_1_652' title='bbox 1828 4300 1960 4356; x_wconf 91' lang='lat' dir='ltr'><strong>illud</strong></span> <span class='ocrx_word' id='word_1_653' title='bbox 1993 4320 2006 4356; x_wconf 89' lang='lat'><strong>:</strong></span> <span class='ocrx_word' id='word_1_654' title='bbox 2041 4320 2059 4351; x_wconf 77' lang='grc' dir='ltr'><strong>ι</strong></span> <span class='ocrx_word' id='word_1_655' title='bbox 2095 4299 2179 4356; x_wconf 91' lang='lat' dir='ltr'><strong>Di-</strong></span> 
     </span>
    </p>
   </div>
   <div class='ocr_carea' id='block_1_89' title="bbox 2280 4297 3869 4380">
    <p class='ocr_par' dir='ltr' id='par_1_89' title="bbox 2298 4297 3869 4380">
     <span class='ocr_line' id='line_1_89' title="bbox 2298 4297 3869 4380; baseline -0.017 -16"><span class='ocrx_word' id='word_1_656' title='bbox 2298 4306 2374 4377; x_wconf 84' lang='grc' dir='ltr'>μὴ</span> <span class='ocrx_word' id='word_1_657' title='bbox 2434 4305 2538 4377; x_wconf 80' lang='grc' dir='ltr'>μὴν</span> <span class='ocrx_word' id='word_1_658' title='bbox 2596 4307 2917 4378; x_wconf 81' lang='grc' dir='ltr'>ἀποστερεῖν</span> <span class='ocrx_word' id='word_1_659' title='bbox 2975 4309 3102 4372; x_wconf 84' lang='grc' dir='ltr'>τοὺς</span> <span class='ocrx_word' id='word_1_660' title='bbox 3158 4297 3399 4380; x_wconf 83' lang='grc' dir='ltr'>πατέρας</span> <span class='ocrx_word' id='word_1_661' title='bbox 3454 4307 3563 4360; x_wconf 83' lang='grc' dir='ltr'>τῶν</span> <span class='ocrx_word' id='word_1_662' title='bbox 3616 4307 3869 4377; x_wconf 50' lang='grc' dir='ltr'>ἐγγόνων,</span> 
     </span>
    </p>
   </div>
   <div class='ocr_carea' id='block_1_90' title="bbox 546 4391 2179 4470">
    <p class='ocr_par' dir='ltr' id='par_1_90' title="bbox 546 4391 2179 4465">
     <span class='ocr_line' id='line_1_90' title="bbox 546 4391 2179 4465; baseline 0 -20"><span class='ocrx_word' id='word_1_663' title='bbox 546 4416 563 4421; x_wconf 75' lang='lat'>—</span> <span class='ocrx_word' id='word_1_664' title='bbox 613 4391 799 4448; x_wconf 78' lang='lat' dir='ltr'><strong>lexisti</strong></span> <span class='ocrx_word' id='word_1_665' title='bbox 830 4391 1128 4462; x_wconf 87' lang='lat' dir='ltr'><strong>justitiam,</strong></span> <span class='ocrx_word' id='word_1_666' title='bbox 1161 4398 1215 4445; x_wconf 91' lang='lat' dir='ltr'><strong>et</strong></span> <span class='ocrx_word' id='word_1_667' title='bbox 1261 4391 1425 4446; x_wconf 90' lang='lat' dir='ltr'><strong>odisti</strong></span> <span class='ocrx_word' id='word_1_668' title='bbox 1475 4392 1821 4462; x_wconf 87' lang='lat' dir='ltr'><strong>iniquitatem</strong></span> <span class='ocrx_word' id='word_1_669' title='bbox 1855 4411 1868 4449; x_wconf 91' lang='lat'><strong>:</strong></span> <span class='ocrx_word' id='word_1_670' title='bbox 1900 4399 2179 4465; x_wconf 81' lang='lat' dir='ltr'><strong>propterea</strong></span> 
     </span>
    </p>
   </div>
   <div class='ocr_carea' id='block_1_91' title="bbox 2280 4391 3870 4470">
    <p class='ocr_par' dir='ltr' id='par_1_91' title="bbox 2301 4396 3870 4470">
     <span class='ocr_line' id='line_1_91' title="bbox 2301 4396 3870 4470; baseline 0.001 -21"><span class='ocrx_word' id='word_1_671' title='bbox 2301 4396 2436 4467; x_wconf 88' lang='grc' dir='ltr'><strong>μηδὲ</strong></span> <span class='ocrx_word' id='word_1_672' title='bbox 2468 4396 2593 4460; x_wconf 75' lang='grc' dir='ltr'>τοὺς</span> <span class='ocrx_word' id='word_1_673' title='bbox 2628 4397 2876 4468; x_wconf 81' lang='grc' dir='ltr'>πρώτους</span> <span class='ocrx_word' id='word_1_674' title='bbox 2910 4397 3279 4467; x_wconf 84' lang='grc' dir='ltr'>φυτεύσαντας</span> <span class='ocrx_word' id='word_1_675' title='bbox 3309 4397 3418 4451; x_wconf 85' lang='grc' dir='ltr'>τῶν</span> <span class='ocrx_word' id='word_1_676' title='bbox 3461 4397 3677 4452; x_wconf 90' lang='grc' dir='ltr'>οἰκείων</span> <span class='ocrx_word' id='word_1_677' title='bbox 3709 4414 3870 4470; x_wconf 88' lang='grc' dir='ltr'>σπερ-</span> 
     </span>
    </p>
   </div>
   <div class='ocr_carea' id='block_1_92' title="bbox 616 4481 2179 4573">
    <p class='ocr_par' dir='ltr' id='par_1_92' title="bbox 616 4481 2179 4555">
     <span class='ocr_line' id='line_1_92' title="bbox 616 4481 2179 4555; baseline -0.001 -15"><span class='ocrx_word' id='word_1_678' title='bbox 616 4485 775 4540; x_wconf 76' lang='lat' dir='ltr'><strong>unxit</strong></span> <span class='ocrx_word' id='word_1_679' title='bbox 820 4491 875 4539; x_wconf 89' lang='lat' dir='ltr'><strong>te</strong></span> <span class='ocrx_word' id='word_1_680' title='bbox 932 4481 1075 4538; x_wconf 89' lang='lat' dir='ltr'><strong>Deus</strong></span> <span class='ocrx_word' id='word_1_681' title='bbox 1129 4481 1273 4539; x_wconf 91' lang='lat' dir='ltr'><strong>Deus</strong></span> <span class='ocrx_word' id='word_1_682' title='bbox 1307 4494 1433 4539; x_wconf 87' lang='lat' dir='ltr'><strong>tuus</strong></span> <span class='ocrx_word' id='word_1_683' title='bbox 1471 4484 1591 4539; x_wconf 92' lang='lat' dir='ltr'><strong>oleo</strong></span> <span class='ocrx_word' id='word_1_684' title='bbox 1648 4485 2034 4539; x_wconf 82' lang='lat' dir='ltr'><strong>exsultationis</strong></span> <span class='ocrx_word' id='word_1_685' title='bbox 2079 4499 2179 4555; x_wconf 66' lang='lat' dir='ltr'><strong>prae</strong></span> 
     </span>
    </p>
   </div>
   <div class='ocr_carea' id='block_1_93' title="bbox 2280 4481 3869 4573">
    <p class='ocr_par' dir='ltr' id='par_1_93' title="bbox 2302 4487 3869 4562">
     <span class='ocr_line' id='line_1_93' title="bbox 2302 4487 3869 4562; baseline 0.003 -21"><span class='ocrx_word' id='word_1_686' title='bbox 2302 4487 2486 4557; x_wconf 84' lang='grc' dir='ltr'>μάτων</span> <span class='ocrx_word' id='word_1_687' title='bbox 2515 4528 2529 4553; x_wconf 92' lang='grc'><strong>,</strong></span> <span class='ocrx_word' id='word_1_688' title='bbox 2581 4487 2680 4552; x_wconf 75' lang='grc' dir='ltr'>τὰς</span> <span class='ocrx_word' id='word_1_689' title='bbox 2726 4487 2890 4542; x_wconf 80' lang='grc' dir='ltr'>αὐτοῦ</span> <span class='ocrx_word' id='word_1_690' title='bbox 2943 4490 3329 4562; x_wconf 80' lang='grc' dir='ltr'>παραθήσομαι</span> <span class='ocrx_word' id='word_1_691' title='bbox 3388 4489 3582 4557; x_wconf 82' lang='grc' dir='ltr'>λέξεις.</span> <span class='ocrx_word' id='word_1_692' title='bbox 3620 4489 3869 4562; x_wconf 75' lang='grc' dir='ltr'>Φέρονται</span> 
     </span>
    </p>
   </div>
   <div class='ocr_carea' id='block_1_94' title="bbox 616 4574 2179 4654">
    <p class='ocr_par' dir='ltr' id='par_1_94' title="bbox 616 4574 2179 4649">
     <span class='ocr_line' id='line_1_94' title="bbox 616 4574 2179 4649; baseline -0.001 -18"><span class='ocrx_word' id='word_1_693' title='bbox 616 4576 975 4649; x_wconf 86' lang='lat' dir='ltr'><strong>participibus</strong></span> <span class='ocrx_word' id='word_1_694' title='bbox 1003 4574 1113 4630; x_wconf 91' lang='lat' dir='ltr'><strong>tuis</strong></span> <span class='ocrx_word' id='word_1_695' title='bbox 1140 4574 1209 4630; x_wconf 85' lang='lat'><strong>&quot;.</strong></span> <span class='ocrx_word' id='word_1_696' title='bbox 1240 4593 1259 4628; x_wconf 72' lang='grc' dir='ltr'><strong>ι</strong></span> <span class='ocrx_word' id='word_1_697' title='bbox 1298 4575 1418 4641; x_wconf 86' lang='lat' dir='ltr'><strong>Quo</strong></span> <span class='ocrx_word' id='word_1_698' title='bbox 1438 4575 1657 4645; x_wconf 90' lang='lat' dir='ltr'><strong>quidem</strong></span> <span class='ocrx_word' id='word_1_699' title='bbox 1707 4577 1828 4632; x_wconf 90' lang='lat' dir='ltr'><strong>oleo</strong></span> <span class='ocrx_word' id='word_1_700' title='bbox 1874 4586 2073 4631; x_wconf 89' lang='lat' dir='ltr'><strong>unctus</strong></span> <span class='ocrx_word' id='word_1_701' title='bbox 2126 4592 2179 4631; x_wconf 65' lang='lat' dir='ltr'><strong>ea</strong></span> 
     </span>
    </p>
   </div>
   <div class='ocr_carea' id='block_1_95' title="bbox 2280 4574 3866 4654">
    <p class='ocr_par' dir='ltr' id='par_1_95' title="bbox 2296 4574 3866 4654">
     <span class='ocr_line' id='line_1_95' title="bbox 2296 4574 3866 4654; baseline 0.004 -21"><span class='ocrx_word' id='word_1_702' title='bbox 2296 4578 2353 4633; x_wconf 76' lang='grc' dir='ltr'>δὲ</span> <span class='ocrx_word' id='word_1_703' title='bbox 2409 4574 2569 4634; x_wconf 75' lang='grc' dir='ltr'>αὗται</span> <span class='ocrx_word' id='word_1_704' title='bbox 2632 4581 2961 4653; x_wconf 86' lang='grc' dir='ltr'>’Λφρικανοῦ</span> <span class='ocrx_word' id='word_1_705' title='bbox 3006 4584 3064 4635; x_wconf 80' lang='grc' dir='ltr'>ἐν</span> <span class='ocrx_word' id='word_1_706' title='bbox 3115 4582 3193 4653; x_wconf 81' lang='grc' dir='ltr'><strong>τῷ</strong></span> <span class='ocrx_word' id='word_1_707' title='bbox 3221 4582 3455 4654; x_wconf 81' lang='grc' dir='ltr'>πέμπτῳ</span> <span class='ocrx_word' id='word_1_708' title='bbox 3493 4582 3603 4636; x_wconf 84' lang='grc' dir='ltr'>τῶν</span> <span class='ocrx_word' id='word_1_709' title='bbox 3652 4585 3866 4652; x_wconf 76' lang='grc' dir='ltr'>Χρόνο-</span> 
     </span>
    </p>
   </div>
   <div class='ocr_carea' id='block_1_96' title="bbox 616 4665 2179 4756">
    <p class='ocr_par' dir='ltr' id='par_1_96' title="bbox 616 4665 2179 4741">
     <span class='ocr_line' id='line_1_96' title="bbox 616 4665 2179 4741; baseline -0.001 -19"><span class='ocrx_word' id='word_1_710' title='bbox 616 4669 839 4741; x_wconf 69' lang='lat' dir='ltr'><strong>propria</strong></span> <span class='ocrx_word' id='word_1_711' title='bbox 885 4681 1118 4739; x_wconf 88' lang='lat' dir='ltr'><strong>persona</strong></span> <span class='ocrx_word' id='word_1_712' title='bbox 1164 4666 1306 4737; x_wconf 89' lang='lat' dir='ltr'><strong>apud</strong></span> <span class='ocrx_word' id='word_1_713' title='bbox 1352 4665 1547 4721; x_wconf 81' lang='lat' dir='ltr'><strong>Isaiam</strong></span> <span class='ocrx_word' id='word_1_714' title='bbox 1598 4666 1715 4738; x_wconf 89' lang='lat' dir='ltr'><strong>ipse</strong></span> <span class='ocrx_word' id='word_1_715' title='bbox 1744 4667 1861 4722; x_wconf 89' lang='lat' dir='ltr'><strong>ait:</strong></span> <span class='ocrx_word' id='word_1_716' title='bbox 1894 4685 1912 4717; x_wconf 79' lang='grc' dir='ltr'><strong>ι</strong></span> <span class='ocrx_word' id='word_1_717' title='bbox 1953 4665 2179 4737; x_wconf 75' lang='lat' dir='ltr'><strong>Spiritus</strong></span> 
     </span>
    </p>
   </div>
   <div class='ocr_carea' id='block_1_97' title="bbox 2280 4665 3868 4756">
    <p class='ocr_par' dir='ltr' id='par_1_97' title="bbox 2298 4678 3868 4756">
     <span class='ocr_line' id='line_1_97' title="bbox 2298 4678 3868 4756; baseline 0.003 -24"><span class='ocrx_word' id='word_1_718' title='bbox 2298 4679 2559 4750; x_wconf 68' lang='grc' dir='ltr'>πκιςριῶν</span> <span class='ocrx_word' id='word_1_719' title='bbox 2583 4722 2597 4747; x_wconf 90' lang='grc'><strong>,</strong></span> <span class='ocrx_word' id='word_1_720' title='bbox 2633 4681 2819 4736; x_wconf 85' lang='grc' dir='ltr'>τοῦτον</span> <span class='ocrx_word' id='word_1_721' title='bbox 2841 4682 3062 4753; x_wconf 82' lang='grc' dir='ltr'>ἔχουσαι</span> <span class='ocrx_word' id='word_1_722' title='bbox 3105 4683 3197 4737; x_wconf 82' lang='grc' dir='ltr'>τὸν</span> <span class='ocrx_word' id='word_1_723' title='bbox 3225 4684 3423 4756; x_wconf 86' lang='grc' dir='ltr'>τρόπον</span> <span class='ocrx_word' id='word_1_724' title='bbox 3441 4702 3455 4715; x_wconf 75' lang='grc' dir='ltr'><strong>ο</strong></span> <span class='ocrx_word' id='word_1_725' title='bbox 3499 4701 3517 4736; x_wconf 87' lang='grc' dir='ltr'><strong>ι</strong></span> <span class='ocrx_word' id='word_1_726' title='bbox 3542 4684 3606 4737; x_wconf 83' lang='grc' dir='ltr'><strong>Ἡ</strong></span> <span class='ocrx_word' id='word_1_727' title='bbox 3656 4683 3751 4755; x_wconf 83' lang='grc' dir='ltr'>μὲν</span> <span class='ocrx_word' id='word_1_728' title='bbox 3778 4678 3868 4737; x_wconf 82' lang='grc' dir='ltr'><strong>οῦν</strong></span> 
     </span>
    </p>
   </div>
   <div class='ocr_carea' id='block_1_98' title="bbox 616 4758 2179 4857">
    <p class='ocr_par' dir='ltr' id='par_1_98' title="bbox 616 4758 2179 4830">
     <span class='ocr_line' id='line_1_98' title="bbox 616 4758 2179 4830; baseline -0.003 -15"><span class='ocrx_word' id='word_1_729' title='bbox 616 4759 834 4815; x_wconf 87' lang='lat' dir='ltr'><strong>Domini</strong></span> <span class='ocrx_word' id='word_1_730' title='bbox 884 4774 1049 4830; x_wconf 87' lang='lat' dir='ltr'><strong>super</strong></span> <span class='ocrx_word' id='word_1_731' title='bbox 1091 4773 1197 4825; x_wconf 89' lang='lat' dir='ltr'><strong>me,</strong></span> <span class='ocrx_word' id='word_1_732' title='bbox 1262 4766 1484 4829; x_wconf 88' lang='lat' dir='ltr'><strong>propter</strong></span> <span class='ocrx_word' id='word_1_733' title='bbox 1532 4759 1675 4830; x_wconf 87' lang='lat' dir='ltr'><strong>quod</strong></span> <span class='ocrx_word' id='word_1_734' title='bbox 1727 4758 1882 4813; x_wconf 79' lang='lat' dir='ltr'><strong>unxit</strong></span> <span class='ocrx_word' id='word_1_735' title='bbox 1928 4774 2017 4813; x_wconf 88' lang='lat' dir='ltr'><strong>me</strong></span> <span class='ocrx_word' id='word_1_736' title='bbox 2042 4758 2109 4812; x_wconf 66' lang='grc' dir='ltr'><strong>ευ.</strong></span> <span class='ocrx_word' id='word_1_737' title='bbox 2168 4776 2179 4810; x_wconf 92' lang='grc'><strong>1</strong></span> 
     </span>
    </p>
   </div>
   <div class='ocr_carea' id='block_1_99' title="bbox 2280 4758 3867 4857">
    <p class='ocr_par' dir='ltr' id='par_1_99' title="bbox 2298 4782 3867 4857">
     <span class='ocr_line' id='line_1_99' title="bbox 2298 4782 3867 4857; baseline 0.002 -22"><span class='ocrx_word' id='word_1_738' title='bbox 2298 4782 2571 4854; x_wconf 75' lang='grc' dir='ltr'>περικοπῆ</span> <span class='ocrx_word' id='word_1_739' title='bbox 2616 4782 2759 4838; x_wconf 77' lang='grc' dir='ltr'>οὕτω</span> <span class='ocrx_word' id='word_1_740' title='bbox 2798 4802 2915 4848; x_wconf 87' lang='grc' dir='ltr'><strong>πως</strong></span> <span class='ocrx_word' id='word_1_741' title='bbox 2950 4784 3148 4856; x_wconf 81' lang='grc' dir='ltr'>ἔχουσα</span> <span class='ocrx_word' id='word_1_742' title='bbox 3178 4784 3348 4839; x_wconf 88' lang='grc' dir='ltr'>πολλά</span> <span class='ocrx_word' id='word_1_743' title='bbox 3377 4803 3438 4839; x_wconf 89' lang='grc' dir='ltr'><strong>τε</strong></span> <span class='ocrx_word' id='word_1_744' title='bbox 3474 4784 3567 4839; x_wconf 78' lang='grc' dir='ltr'>καὶ</span> <span class='ocrx_word' id='word_1_745' title='bbox 3600 4783 3867 4857; x_wconf 79' lang='grc' dir='ltr'>παράδοξα</span> 
     </span>
    </p>
   </div>
   <div class='ocr_carea' id='block_1_100' title="bbox 616 4848 2179 4959">
    <p class='ocr_par' dir='ltr' id='par_1_100' title="bbox 616 4848 2179 4921">
     <span class='ocr_line' id='line_1_100' title="bbox 616 4848 2179 4921; baseline -0.001 -15"><span class='ocrx_word' id='word_1_746' title='bbox 616 4850 885 4918; x_wconf 79' lang='lat' dir='ltr'><strong>Quoniam</strong></span> <span class='ocrx_word' id='word_1_747' title='bbox 916 4850 1083 4921; x_wconf 83' lang='lat' dir='ltr'><strong>igitur</strong></span> <span class='ocrx_word' id='word_1_748' title='bbox 1130 4849 1421 4905; x_wconf 86' lang='lat' dir='ltr'><strong>excellenti</strong></span> <span class='ocrx_word' id='word_1_749' title='bbox 1471 4856 1524 4905; x_wconf 91' lang='lat' dir='ltr'><strong>et</strong></span> <span class='ocrx_word' id='word_1_750' title='bbox 1576 4849 1848 4919; x_wconf 89' lang='lat' dir='ltr'><strong>spirituali</strong></span> <span class='ocrx_word' id='word_1_751' title='bbox 1894 4864 1959 4903; x_wconf 91' lang='lat' dir='ltr'><strong>ac</strong></span> <span class='ocrx_word' id='word_1_752' title='bbox 2008 4848 2179 4920; x_wconf 75' lang='lat' dir='ltr'><strong>potius</strong></span> 
     </span>
    </p>
   </div>
   <div class='ocr_carea' id='block_1_101' title="bbox 2280 4848 3867 4959">
    <p class='ocr_par' dir='ltr' id='par_1_101' title="bbox 2297 4848 3867 4959">
     <span class='ocr_line' id='line_1_101' title="bbox 2297 4848 3867 4959; baseline 0.003 -22"><span class='ocrx_word' id='word_1_753' title='bbox 2297 4848 2591 4956; x_wconf 42' lang='grc' dir='ltr'>σημαίνει-⁵</span> <span class='ocrx_word' id='word_1_754' title='bbox 2646 4884 2742 4941; x_wconf 85' lang='grc' dir='ltr'><strong>νῦν</strong></span> <span class='ocrx_word' id='word_1_755' title='bbox 2778 4882 2835 4941; x_wconf 78' lang='grc' dir='ltr'>δὲ</span> <span class='ocrx_word' id='word_1_756' title='bbox 2885 4848 3149 4959; x_wconf 32' lang='grc' dir='ltr'>ὦννχρεία</span> <span class='ocrx_word' id='word_1_757' title='bbox 3201 4888 3329 4959; x_wconf 74' lang='grc' dir='ltr'>περὶ</span> <span class='ocrx_word' id='word_1_758' title='bbox 3376 4888 3502 4951; x_wconf 77' lang='grc' dir='ltr'>τοὺς</span> <span class='ocrx_word' id='word_1_759' title='bbox 3531 4848 3753 4959; x_wconf 80' lang='grc' dir='ltr'>χρόνους</span> <span class='ocrx_word' id='word_1_760' title='bbox 3781 4848 3867 4942; x_wconf 81' lang='grc' dir='ltr'>καὶ</span> 
     </span>
    </p>
   </div>
   <div class='ocr_carea' id='block_1_102' title="bbox 619 4942 2179 5061">
    <p class='ocr_par' dir='ltr' id='par_1_102' title="bbox 619 4942 2179 5061">
     <span class='ocr_line' id='line_1_102' title="bbox 619 4942 2179 5016; baseline -0.004 -17"><span class='ocrx_word' id='word_1_761' title='bbox 619 4945 793 5016; x_wconf 90' lang='lat' dir='ltr'><strong>ipsius</strong></span> <span class='ocrx_word' id='word_1_762' title='bbox 822 4942 1131 4999; x_wconf 85' lang='lat' dir='ltr'><strong>divinitatis</strong></span> <span class='ocrx_word' id='word_1_763' title='bbox 1166 4949 1446 5013; x_wconf 86' lang='lat' dir='ltr'><strong>unguento</strong></span> <span class='ocrx_word' id='word_1_764' title='bbox 1512 4943 1665 4997; x_wconf 90' lang='lat' dir='ltr'><strong>solus</strong></span> <span class='ocrx_word' id='word_1_765' title='bbox 1725 4950 1923 5013; x_wconf 64' lang='lat' dir='ltr'><strong>praeter</strong></span> <span class='ocrx_word' id='word_1_766' title='bbox 1976 4956 2179 5007; x_wconf 66' lang='lat' dir='ltr'><strong>omnes,</strong></span> 
     </span>
     <span class='ocr_line' id='line_1_103' title="bbox 621 5031 2179 5061; baseline 0 0"><span class='ocrx_word' id='word_1_767' title='bbox 621 5037 710 5061; x_wconf 73' lang='grc' dir='ltr'>-..ζ</span> <span class='ocrx_word' id='word_1_768' title='bbox 742 5050 981 5061; x_wconf 66' lang='grc' dir='ltr'><strong>...υ-...ιη-</strong></span> <span class='ocrx_word' id='word_1_769' title='bbox 1019 5033 1217 5061; x_wconf 63' lang='grc' dir='ltr'>ι’..ληιηο</span> <span class='ocrx_word' id='word_1_770' title='bbox 1281 5031 1531 5061; x_wconf 60' lang='grc' dir='ltr'><strong>ραι-ιιΙι-ι-</strong></span> <span class='ocrx_word' id='word_1_771' title='bbox 1588 5043 1777 5061; x_wconf 66' lang='grc' dir='ltr'><strong>..ιιι-ιι...</strong></span> <span class='ocrx_word' id='word_1_772' title='bbox 1835 5040 2033 5061; x_wconf 59' lang='grc' dir='ltr'><strong>...ιη’-ιη</strong></span> <span class='ocrx_word' id='word_1_773' title='bbox 2072 5048 2179 5061; x_wconf 60' lang='lat' dir='ltr'><strong>nun:</strong></span> 
     </span>
    </p>
   </div>
   <div class='ocr_carea' id='block_1_103' title="bbox 2280 4942 3867 5061">
    <p class='ocr_par' dir='ltr' id='par_1_103' title="bbox 2294 4986 3867 5061">
     <span class='ocr_line' id='line_1_104' title="bbox 2294 4986 3867 5061; baseline 0.002 -20"><span class='ocrx_word' id='word_1_774' title='bbox 2294 4987 2364 5041; x_wconf 80' lang='grc' dir='ltr'>τὰ</span> <span class='ocrx_word' id='word_1_775' title='bbox 2395 4986 2604 5052; x_wconf 89' lang='grc' dir='ltr'>τούτοις</span> <span class='ocrx_word' id='word_1_776' title='bbox 2645 4988 2990 5045; x_wconf 85' lang='grc' dir='ltr'>συντείνοντα</span> <span class='ocrx_word' id='word_1_777' title='bbox 3016 4992 3108 5045; x_wconf 80' lang='grc' dir='ltr'>τὸν</span> <span class='ocrx_word' id='word_1_778' title='bbox 3155 4991 3310 5061; x_wconf 86' lang='grc' dir='ltr'>λόγον</span> <span class='ocrx_word' id='word_1_779' title='bbox 3344 4990 3699 5061; x_wconf 82' lang='grc' dir='ltr'>ποιησόμεθα.</span> <span class='ocrx_word' id='word_1_780' title='bbox 3752 4989 3867 5044; x_wconf 80' lang='grc' dir='ltr'><strong>Ὀτι</strong></span> 
     </span>
    </p>
   </div>
   <div class='ocr_carea' id='block_1_104' title="bbox 619 5008 3699 5106">
    <p class='ocr_par' dir='ltr' id='par_1_104' title="bbox 619 5008 3699 5106">
     <span class='ocr_line' id='line_1_105' title="bbox 619 5008 3699 5106; baseline -0.001 -17"><span class='ocrx_word' id='word_1_781' title='bbox 619 5037 713 5106; x_wconf 88' lang='lat' dir='ltr'><strong>qui</strong></span> <span class='ocrx_word' id='word_1_782' title='bbox 742 5050 982 5106; x_wconf 90' lang='lat' dir='ltr'><strong>unquam</strong></span> <span class='ocrx_word' id='word_1_783' title='bbox 1019 5033 1243 5098; x_wconf 82' lang='lat' dir='ltr'><strong>fuerint,</strong></span> <span class='ocrx_word' id='word_1_784' title='bbox 1281 5031 1531 5088; x_wconf 76' lang='lat' dir='ltr'><strong>Salvator</strong></span> <span class='ocrx_word' id='word_1_785' title='bbox 1586 5043 1777 5089; x_wconf 89' lang='lat' dir='ltr'><strong>noster</strong></span> <span class='ocrx_word' id='word_1_786' title='bbox 1835 5040 2036 5089; x_wconf 89' lang='lat' dir='ltr'><strong>unctus</strong></span> <span class='ocrx_word' id='word_1_787' title='bbox 2069 5048 2193 5089; x_wconf 90' lang='lat' dir='ltr'><strong>esse</strong></span> <span class='ocrx_word' id='word_1_788' title='bbox 2294 5008 2364 5106; x_wconf 56' lang='grc' dir='ltr'><strong>ταξ</strong></span> <span class='ocrx_word' id='word_1_789' title='bbox 2395 5008 2604 5105; x_wconf 43' lang='lat' dir='ltr'><strong>“uim;</strong></span> <span class='ocrx_word' id='word_1_790' title='bbox 2645 5008 2990 5106; x_wconf 48' lang='lat' dir='ltr'><strong>a‘uwfwowf</strong></span> <span class='ocrx_word' id='word_1_791' title='bbox 3016 5008 3108 5106; x_wconf 54' lang='grc' dir='ltr'><strong>ἷῗν</strong></span> <span class='ocrx_word' id='word_1_792' title='bbox 3155 5008 3310 5106; x_wconf 48' lang='grc' dir='ltr'>λωίον</span> <span class='ocrx_word' id='word_1_793' title='bbox 3344 5008 3699 5106; x_wconf 29' lang='lat' dir='ltr'><strong>“mncipia?</strong></span> 
     </span>
    </p>
   </div>
   <div class='ocr_carea' id='block_1_105' title="bbox 621 5085 2179 5204">
    <p class='ocr_par' dir='ltr' id='par_1_105' title="bbox 621 5085 2179 5198">
     <span class='ocr_line' id='line_1_106' title="bbox 623 5085 2179 5106; baseline -0.001 -15"><span class='ocrx_word' id='word_1_794' title='bbox 623 5085 713 5106; x_wconf 70' lang='lat'><strong>.,__</strong></span> <span class='ocrx_word' id='word_1_795' title='bbox 747 5085 981 5106; x_wconf 46' lang='grc' dir='ltr'><strong>---Ἰ-πη</strong></span> 
     </span>
     <span class='ocr_line' id='line_1_107' title="bbox 621 5124 2174 5198; baseline 0.001 -18"><span class='ocrx_word' id='word_1_796' title='bbox 621 5128 959 5198; x_wconf 85' lang='lat' dir='ltr'><strong>perhibetur,</strong></span> <span class='ocrx_word' id='word_1_797' title='bbox 996 5127 1190 5181; x_wconf 86' lang='lat' dir='ltr'><strong>merito</strong></span> <span class='ocrx_word' id='word_1_798' title='bbox 1224 5124 1460 5183; x_wconf 87' lang='lat' dir='ltr'><strong>Sanctus</strong></span> <span class='ocrx_word' id='word_1_799' title='bbox 1488 5134 1825 5191; x_wconf 69' lang='lat' dir='ltr'><strong>sanctorum,</strong></span> <span class='ocrx_word' id='word_1_800' title='bbox 1850 5134 2111 5198; x_wconf 89' lang='lat' dir='ltr'><strong>tanquam</strong></span> <span class='ocrx_word' id='word_1_801' title='bbox 2147 5142 2174 5182; x_wconf 93' lang='lat' dir='ltr'><strong>s</strong></span> 
     </span>
    </p>
   </div>
   <div class='ocr_carea' id='block_1_106' title="bbox 2280 5085 3863 5204">
    <p class='ocr_par' dir='ltr' id='par_1_106' title="bbox 2301 5085 3863 5166">
     <span class='ocr_line' id='line_1_108' title="bbox 2301 5085 3863 5166; baseline 0.001 -22"><span class='ocrx_word' id='word_1_802' title='bbox 2301 5090 2401 5162; x_wconf 85' lang='grc' dir='ltr'>μὲν</span> <span class='ocrx_word' id='word_1_803' title='bbox 2444 5085 2537 5145; x_wconf 82' lang='grc' dir='ltr'>οὖν</span> <span class='ocrx_word' id='word_1_804' title='bbox 2571 5091 2701 5161; x_wconf 73' lang='grc' dir='ltr'>περὶ</span> <span class='ocrx_word' id='word_1_805' title='bbox 2743 5091 2844 5162; x_wconf 77' lang='grc' dir='ltr'>τῆς</span> <span class='ocrx_word' id='word_1_806' title='bbox 2891 5092 3260 5165; x_wconf 80' lang='grc' dir='ltr'>τοῦ,Χριστοῦ</span> <span class='ocrx_word' id='word_1_807' title='bbox 3310 5094 3609 5166; x_wconf 85' lang='grc' dir='ltr'>παρουσίας</span> <span class='ocrx_word' id='word_1_808' title='bbox 3659 5093 3863 5162; x_wconf 84' lang='grc' dir='ltr'>λέγεται</span> 
     </span>
    </p>
   </div>
   <div class='ocr_carea' id='block_1_107' title="bbox 621 5193 2179 5290">
    <p class='ocr_par' dir='ltr' id='par_1_107' title="bbox 621 5218 2179 5290">
     <span class='ocr_line' id='line_1_109' title="bbox 621 5218 2179 5290; baseline 0 -17"><span class='ocrx_word' id='word_1_809' title='bbox 621 5218 918 5286; x_wconf 88' lang='lat' dir='ltr'><strong>diceretur,</strong></span> <span class='ocrx_word' id='word_1_810' title='bbox 947 5218 1200 5275; x_wconf 73' lang='lat' dir='ltr'><strong>Pontifex</strong></span> <span class='ocrx_word' id='word_1_811' title='bbox 1238 5218 1578 5290; x_wconf 88' lang='lat' dir='ltr'><strong>pontificum,</strong></span> <span class='ocrx_word' id='word_1_812' title='bbox 1623 5226 1706 5274; x_wconf 84' lang='lat' dir='ltr'><strong>est</strong></span> <span class='ocrx_word' id='word_1_813' title='bbox 1739 5219 2075 5283; x_wconf 89' lang='lat' dir='ltr'><strong>nominatus,</strong></span> <span class='ocrx_word' id='word_1_814' title='bbox 2102 5231 2179 5273; x_wconf 69' lang='lat' dir='ltr'><strong>aul</strong></span> 
     </span>
    </p>
   </div>
   <div class='ocr_carea' id='block_1_108' title="bbox 2280 5193 3866 5290">
    <p class='ocr_par' dir='ltr' id='par_1_108' title="bbox 2296 5193 3866 5268">
     <span class='ocr_line' id='line_1_110' title="bbox 2296 5193 3866 5268; baseline 0 -23"><span class='ocrx_word' id='word_1_815' title='bbox 2296 5193 2472 5247; x_wconf 85' lang='grc' dir='ltr'>ταῦτα</span> <span class='ocrx_word' id='word_1_816' title='bbox 2498 5234 2511 5257; x_wconf 93' lang='grc'><strong>,</strong></span> <span class='ocrx_word' id='word_1_817' title='bbox 2548 5193 2685 5265; x_wconf 85' lang='grc' dir='ltr'>μετά</span> <span class='ocrx_word' id='word_1_818' title='bbox 2719 5194 3017 5265; x_wconf 81' lang='grc' dir='ltr'>ἑϐδομάδας</span> <span class='ocrx_word' id='word_1_819' title='bbox 3042 5194 3410 5268; x_wconf 79' lang='grc' dir='ltr'>ἑϐδομήκοντα</span> <span class='ocrx_word' id='word_1_820' title='bbox 3444 5194 3725 5266; x_wconf 81' lang='grc' dir='ltr'>μέλλοντος</span> <span class='ocrx_word' id='word_1_821' title='bbox 3756 5194 3866 5245; x_wconf 80' lang='grc' dir='ltr'>ἑπι-</span> 
     </span>
    </p>
   </div>
   <div class='ocr_carea' id='block_1_109' title="bbox 622 5292 2179 5373">
    <p class='ocr_par' dir='ltr' id='par_1_109' title="bbox 622 5308 2179 5373">
     <span class='ocr_line' id='line_1_111' title="bbox 622 5308 2179 5373; baseline 0 -8"><span class='ocrx_word' id='word_1_822' title='bbox 622 5310 786 5365; x_wconf 90' lang='lat' dir='ltr'><strong>etiam</strong></span> <span class='ocrx_word' id='word_1_823' title='bbox 822 5308 1208 5365; x_wconf 86' lang='lat' dir='ltr'><strong>Sanctificatus</strong></span> <span class='ocrx_word' id='word_1_824' title='bbox 1255 5308 1742 5373; x_wconf 87' lang='lat' dir='ltr'><strong>sanctificatorum,</strong></span> <span class='ocrx_word' id='word_1_825' title='bbox 1778 5316 1837 5363; x_wconf 89' lang='lat' dir='ltr'><strong>ut</strong></span> <span class='ocrx_word' id='word_1_826' title='bbox 1868 5318 1952 5364; x_wconf 90' lang='lat' dir='ltr'><strong>est</strong></span> <span class='ocrx_word' id='word_1_827' title='bbox 1998 5311 2052 5364; x_wconf 92' lang='lat' dir='ltr'><strong>in</strong></span> <span class='ocrx_word' id='word_1_828' title='bbox 2085 5308 2179 5365; x_wconf 87' lang='lat' dir='ltr'><strong>Ga-</strong></span> 
     </span>
    </p>
   </div>
   <div class='ocr_carea' id='block_1_110' title="bbox 2280 5292 3865 5373">
    <p class='ocr_par' dir='ltr' id='par_1_110' title="bbox 2305 5292 3865 5371">
     <span class='ocr_line' id='line_1_112' title="bbox 2305 5292 3865 5371; baseline -0.003 -19"><span class='ocrx_word' id='word_1_829' title='bbox 2305 5297 2587 5367; x_wconf 78' lang='grc' dir='ltr'>φαίνεσθαι</span> <span class='ocrx_word' id='word_1_830' title='bbox 2614 5338 2627 5361; x_wconf 90' lang='grc'><strong>,</strong></span> <span class='ocrx_word' id='word_1_831' title='bbox 2686 5298 2860 5371; x_wconf 86' lang='grc' dir='ltr'>δῆλον.</span> <span class='ocrx_word' id='word_1_832' title='bbox 2933 5299 3056 5353; x_wconf 75' lang='grc' dir='ltr'><strong>Ἐπί¹</strong></span> <span class='ocrx_word' id='word_1_833' title='bbox 3110 5297 3218 5370; x_wconf 80' lang='grc' dir='ltr'><strong>γάρ</strong></span> <span class='ocrx_word' id='word_1_834' title='bbox 3248 5298 3341 5353; x_wconf 86' lang='grc' dir='ltr'><strong>τοῦ</strong></span> <span class='ocrx_word' id='word_1_835' title='bbox 3374 5295 3625 5367; x_wconf 76' lang='grc' dir='ltr'>Σωτῆρος</span> <span class='ocrx_word' id='word_1_836' title='bbox 3647 5336 3662 5361; x_wconf 91' lang='grc'><strong>,</strong></span> <span class='ocrx_word' id='word_1_837' title='bbox 3705 5296 3737 5367; x_wconf 75' lang='grc' dir='ltr'>ἢ</span> <span class='ocrx_word' id='word_1_838' title='bbox 3767 5292 3865 5348; x_wconf 75' lang='grc' dir='ltr'><strong>ἀπὸ</strong></span> 
     </span>
    </p>
   </div>
   <div class='ocr_carea' id='block_1_111' title="bbox 624 5393 2179 5474">
    <p class='ocr_par' dir='ltr' id='par_1_111' title="bbox 624 5401 2179 5474">
     <span class='ocr_line' id='line_1_113' title="bbox 624 5401 2179 5474; baseline 0.001 -17"><span class='ocrx_word' id='word_1_839' title='bbox 624 5402 812 5458; x_wconf 86' lang='lat' dir='ltr'><strong>brielis</strong></span> <span class='ocrx_word' id='word_1_840' title='bbox 845 5403 1088 5457; x_wconf 88' lang='lat' dir='ltr'><strong>oraculo.</strong></span> <span class='ocrx_word' id='word_1_841' title='bbox 1137 5401 1263 5458; x_wconf 65' lang='lat' dir='ltr'><strong>limo</strong></span> <span class='ocrx_word' id='word_1_842' title='bbox 1322 5419 1485 5474; x_wconf 90' lang='lat' dir='ltr'><strong>porro</strong></span> <span class='ocrx_word' id='word_1_843' title='bbox 1533 5402 1717 5458; x_wconf 90' lang='lat' dir='ltr'><strong>omnia</strong></span> <span class='ocrx_word' id='word_1_844' title='bbox 1766 5402 2051 5474; x_wconf 91' lang='lat' dir='ltr'><strong>completis</strong></span> <span class='ocrx_word' id='word_1_845' title='bbox 2102 5402 2179 5459; x_wconf 88' lang='lat' dir='ltr'><strong>he-</strong></span> 
     </span>
    </p>
   </div>
   <div class='ocr_carea' id='block_1_112' title="bbox 2280 5393 3863 5474">
    <p class='ocr_par' dir='ltr' id='par_1_112' title="bbox 2303 5393 3863 5472">
     <span class='ocr_line' id='line_1_114' title="bbox 2303 5393 3863 5472; baseline -0.003 -20"><span class='ocrx_word' id='word_1_846' title='bbox 2303 5400 2531 5464; x_wconf 86' lang='grc' dir='ltr'>τούτου,</span> <span class='ocrx_word' id='word_1_847' title='bbox 2587 5400 2656 5453; x_wconf 81' lang='grc' dir='ltr'><strong>τά</strong></span> <span class='ocrx_word' id='word_1_848' title='bbox 2701 5416 2759 5452; x_wconf 88' lang='grc' dir='ltr'><strong>τε</strong></span> <span class='ocrx_word' id='word_1_849' title='bbox 2811 5398 3233 5472; x_wconf 77' lang='grc' dir='ltr'>παραπτώματα</span> <span class='ocrx_word' id='word_1_850' title='bbox 3279 5398 3641 5461; x_wconf 81' lang='grc' dir='ltr'>παλαιοῦται,</span> <span class='ocrx_word' id='word_1_851' title='bbox 3698 5393 3785 5450; x_wconf 76' lang='grc' dir='ltr'>καὶ</span> <span class='ocrx_word' id='word_1_852' title='bbox 3811 5394 3863 5447; x_wconf 83' lang='grc' dir='ltr'><strong>αί</strong></span> 
     </span>
    </p>
   </div>
   <div class='ocr_carea' id='block_1_113' title="bbox 626 5491 2179 5571">
    <p class='ocr_par' dir='ltr' id='par_1_113' title="bbox 626 5493 2179 5569">
     <span class='ocr_line' id='line_1_115' title="bbox 626 5493 2179 5569; baseline 0.001 -19"><span class='ocrx_word' id='word_1_853' title='bbox 626 5493 990 5550; x_wconf 86' lang='lat' dir='ltr'><strong>bdomadibus</strong></span> <span class='ocrx_word' id='word_1_854' title='bbox 1042 5496 1407 5569; x_wconf 82' lang='lat' dir='ltr'><strong>septuaginta,</strong></span> <span class='ocrx_word' id='word_1_855' title='bbox 1460 5498 1619 5552; x_wconf 88' lang='lat' dir='ltr'><strong>finem</strong></span> <span class='ocrx_word' id='word_1_856' title='bbox 1678 5512 1837 5552; x_wconf 91' lang='lat' dir='ltr'><strong>suum</strong></span> <span class='ocrx_word' id='word_1_857' title='bbox 1893 5498 2179 5568; x_wconf 84' lang='lat' dir='ltr'><strong>contigere</strong></span> 
     </span>
    </p>
   </div>
   <div class='ocr_carea' id='block_1_114' title="bbox 2280 5491 3867 5571">
    <p class='ocr_par' dir='ltr' id='par_1_114' title="bbox 2305 5491 3867 5571">
     <span class='ocr_line' id='line_1_116' title="bbox 2305 5491 3867 5571; baseline 0 -23"><span class='ocrx_word' id='word_1_858' title='bbox 2305 5496 2566 5568; x_wconf 81' lang='grc' dir='ltr'>ἁμαρτίαι</span> <span class='ocrx_word' id='word_1_859' title='bbox 2628 5498 3018 5554; x_wconf 81' lang='grc' dir='ltr'>συντελοῦνται.</span> <span class='ocrx_word' id='word_1_860' title='bbox 3107 5500 3204 5554; x_wconf 82' lang='grc' dir='ltr'><strong>Διὰ</strong></span> <span class='ocrx_word' id='word_1_861' title='bbox 3292 5499 3348 5553; x_wconf 77' lang='grc' dir='ltr'>δὲ</span> <span class='ocrx_word' id='word_1_862' title='bbox 3417 5498 3514 5571; x_wconf 84' lang='grc' dir='ltr'>τὴν</span> <span class='ocrx_word' id='word_1_863' title='bbox 3572 5496 3762 5567; x_wconf 79' lang='grc' dir='ltr'>ἄφεσιν</span> <span class='ocrx_word' id='word_1_864' title='bbox 3810 5491 3867 5548; x_wconf 73' lang='grc' dir='ltr'>αἱ</span> 
     </span>
    </p>
   </div>
   <div class='ocr_carea' id='block_1_115' title="bbox 608 5576 2179 5671">
    <p class='ocr_par' dir='ltr' id='par_1_115' title="bbox 608 5576 2179 5661">
     <span class='ocr_line' id='line_1_117' title="bbox 608 5576 2179 5661; baseline 0.004 -21"><span class='ocrx_word' id='word_1_865' title='bbox 608 5576 735 5641; x_wconf 79' lang='grc' dir='ltr'>ἰιοη</span> <span class='ocrx_word' id='word_1_866' title='bbox 763 5586 897 5642; x_wconf 90' lang='lat' dir='ltr'><strong>alias</strong></span> <span class='ocrx_word' id='word_1_867' title='bbox 930 5601 1064 5643; x_wconf 88' lang='lat' dir='ltr'><strong>sane</strong></span> <span class='ocrx_word' id='word_1_868' title='bbox 1091 5603 1254 5658; x_wconf 89' lang='lat' dir='ltr'><strong>quam</strong></span> <span class='ocrx_word' id='word_1_869' title='bbox 1288 5605 1396 5659; x_wconf 90' lang='lat' dir='ltr'><strong>quo</strong></span> <span class='ocrx_word' id='word_1_870' title='bbox 1426 5598 1670 5661; x_wconf 89' lang='lat' dir='ltr'><strong>tempore</strong></span> <span class='ocrx_word' id='word_1_871' title='bbox 1713 5589 1964 5644; x_wconf 87' lang='lat' dir='ltr'><strong>Salvator</strong></span> <span class='ocrx_word' id='word_1_872' title='bbox 2012 5599 2179 5647; x_wconf 73' lang='lat' dir='ltr'><strong>nostei</strong></span> 
     </span>
    </p>
   </div>
   <div class='ocr_carea' id='block_1_116' title="bbox 2280 5576 3862 5671">
    <p class='ocr_par' dir='ltr' id='par_1_116' title="bbox 2304 5589 3862 5671">
     <span class='ocr_line' id='line_1_118' title="bbox 2304 5589 3862 5671; baseline 0.003 -25"><span class='ocrx_word' id='word_1_873' title='bbox 2304 5612 2363 5646; x_wconf 87' lang='grc' dir='ltr'><strong>τε</strong></span> <span class='ocrx_word' id='word_1_874' title='bbox 2424 5597 2639 5668; x_wconf 83' lang='grc' dir='ltr'>ἀνομίαι</span> <span class='ocrx_word' id='word_1_875' title='bbox 2712 5597 2983 5671; x_wconf 77' lang='grc' dir='ltr'>ἐξιλασμῷ</span> <span class='ocrx_word' id='word_1_876' title='bbox 3040 5599 3177 5670; x_wconf 79' lang='grc' dir='ltr'>μετὰ</span> <span class='ocrx_word' id='word_1_877' title='bbox 3238 5597 3347 5652; x_wconf 85' lang='grc' dir='ltr'><strong>τῶν</strong></span> <span class='ocrx_word' id='word_1_878' title='bbox 3401 5594 3622 5652; x_wconf 82' lang='grc' dir='ltr'>ἀδικιῶν</span> <span class='ocrx_word' id='word_1_879' title='bbox 3675 5589 3862 5659; x_wconf 74' lang='grc' dir='ltr'>ἐξαλεί-</span> 
     </span>
    </p>
   </div>
   <div class='ocr_carea' id='block_1_117' title="bbox 701 5763 2296 5836">
    <p class='ocr_par' dir='ltr' id='par_1_117' title="bbox 701 5763 2296 5836">
     <span class='ocr_line' id='line_1_119' title="bbox 701 5763 2296 5836; baseline 0.003 -18"><span class='ocrx_word' id='word_1_880' title='bbox 701 5763 746 5797; x_wconf 80' lang='lat'><strong>&quot;</strong></span> <span class='ocrx_word' id='word_1_881' title='bbox 783 5763 955 5820; x_wconf 81' lang='lat' dir='ltr'><strong>Levit.</strong></span> <span class='ocrx_word' id='word_1_882' title='bbox 995 5780 1099 5831; x_wconf 76' lang='lat' dir='ltr'><strong>xx,</strong></span> <span class='ocrx_word' id='word_1_883' title='bbox 1132 5765 1218 5820; x_wconf 73' lang='lat'><strong>25.</strong></span> <span class='ocrx_word' id='word_1_884' title='bbox 1298 5768 1342 5798; x_wconf 81' lang='lat'>&quot;</span> <span class='ocrx_word' id='word_1_885' title='bbox 1383 5765 1523 5822; x_wconf 80' lang='lat' dir='ltr'><strong>Psal.</strong></span> <span class='ocrx_word' id='word_1_886' title='bbox 1558 5783 1703 5832; x_wconf 76' lang='lat' dir='ltr'><strong>xuv,</strong></span> <span class='ocrx_word' id='word_1_887' title='bbox 1741 5767 1793 5823; x_wconf 89' lang='lat'><strong>8.</strong></span> <span class='ocrx_word' id='word_1_888' title='bbox 1872 5768 1915 5800; x_wconf 84' lang='lat'><strong>”</strong></span> <span class='ocrx_word' id='word_1_889' title='bbox 1956 5766 2061 5823; x_wconf 91' lang='lat' dir='ltr'><strong>lsa.</strong></span> <span class='ocrx_word' id='word_1_890' title='bbox 2095 5783 2207 5836; x_wconf 72' lang='lat' dir='ltr'><strong>ut,</strong></span> <span class='ocrx_word' id='word_1_891' title='bbox 2246 5769 2296 5822; x_wconf 74' lang='grc' dir='ltr'>Ι.</span> 
     </span>
    </p>
   </div>
  </div>
