4110 6410
316 341 405 400 609
1102 331 1761 390 DEMONSTRATIONIS
1800 328 2265 389 EVANGELICE
2299 328 2427 385 LIB.
2467 327 2605 385 VIII.

606 449 917 522 δικαιοσύνη
994 466 1054 503 τε
1138 451 1353 516 αἰώνιος
1427 450 1840 521 καταγγέλλεται

1961 448 2277 503 hominibus
2310 462 2369 504 se
2413 445 2709 501 videndum
2743 444 3014 503 exhibuit.
3070 444 3212 518 Ergo
3243 461 3369 502 cum
3422 448 3551 505 haec

375 471 479 509 νται
503 494 516 518 ,

317 474 479 529 φονται
503 494 516 518 ,
606 474 917 522 οικαιοσυνη
994 474 1054 503 τε
1138 474 1353 516 aturato;
1427 474 1853 521 καταγγελλεται

314 546 446 619 παρὰ
486 543 575 615 τὴν
628 545 692 596 ὲκ
741 543 943 614 νόμου,
1003 542 1220 615 ὁράσεις
1273 560 1332 596 τε
1382 544 1477 596 καὶ
1526 544 1853 615 προφητεῖαι

318 641 485 714 μέχρις
545 634 791 689 Ἰωάννου
816 675 831 700 ,
892 636 1103 708 χρίεται
1159 636 1216 689 δὲ
1270 635 1423 704 ἅγιος
1470 636 1663 703 ἁγίων.
1740 635 1854 707 Πρὸ

311 731 405 803 γὰρ
448 728 537 800 τῆς
581 724 677 779 τοῧ
728 725 977 796 Σωτῆρος
1026 724 1181 796 ἡμῶν
1230 724 1532 795 παρουσίας
1577 725 1678 778 οὐκ
1726 724 1854 778 ὅντα

310 821 460 876 ταῦτα
535 818 899 891 προσεδοκᾶτο
980 817 1156 887 μόνον.
1263 813 1562 887 ’Δρξασθαι
1622 815 1677 867 δὲ
1744 815 1854 867 τῶν

308 909 562 986 ἀριθμῶν,
631 909 873 963 τουτέστι
933 909 1040 962 τῶν
1095 908 1465 981 ἑϐδομήκοντα
1525 909 1852 980 ἑϐδομάδων,

308 1003 341 1062 ά
391 1007 523 1059 ἐστιν
597 1002 692 1075 ἔτη
761 1001 1089 1074 τετρακόσια
1152 1001 1549 1072 ἐννενήκοντα,
1603 1002 1631 1055 δ
1692 1002 1855 1070 ἄγγε-

306 1097 384 1161 λος
446 1094 750 1150 ὑποτίθεται
816 1094 924 1148 άπὸ
997 1092 1177 1160 ὲξὸδου
1237 1092 1397 1162 λόγου
1468 1091 1564 1147 τοῦ
1623 1092 1852 1163 ἀποκρι-

306 1188 439 1260 θῆναι
488 1187 578 1241 καὶ
635 1184 731 1241 τοῦ
791 1185 1141 1257 οἰκοδομῆσαι
1210 1184 1581 1257 Ἰερουσαλήμ.
1644 1184 1849 1257 Συνέϐη

302 1278 353 1333 δὲ
410 1278 573 1332 ταῦτα
626 1278 721 1331 ἐπὶ
799 1275 1151 1349 ’Δρταξέρξου
1230 1275 1325 1330 τοῦ
1390 1275 1617 1348 Περσῶν
1695 1274 1850 1346 βασι-

302 1369 519 1433 λεύοντος
576 1369 806 1443 εἰκοστῷ
863 1371 992 1425 ἔτει.
1117 1370 1358 1444 Νεεμίας
1414 1371 1522 1442 γὰρ
1578 1372 1608 1425 ὁ
1662 1370 1850 1425 τούτου

300 1458 505 1530 οἰνοχόος
529 1500 543 1521 ,
604 1459 852 1528 δεηθεὶς,
929 1461 1271 1534 ἀποκρίσεως
1326 1461 1515 1533 ἔτυχεν
1567 1462 1851 1533 οίκοδομη-

298 1549 436 1620 θῆναι
503 1549 858 1623 Ἰερουσαλὴμ
885 1591 900 1615 ,
979 1551 1073 1606 καὶ
1147 1551 1302 1620 λόγος
1358 1551 1548 1623 ἐξῆλθε
1616 1550 1850 1605 κελεύων

294 1640 464 1695 ταῦτα.
578 1641 754 1713 Μέχρι
814 1641 913 1713 μὲν
964 1642 1070 1714 γάρ
1125 1642 1333 1695 ἐκείνου
1390 1640 1486 1695 τοῦ
1548 1640 1741 1715 χρόνου
1812 1642 1846 1713 ἡ

295 1733 428 1797 πόλις
481 1733 760 1805 ἠρήμωτο.
814 1733 997 1806 Κύρου
1056 1733 1185 1805 γάρ,
1248 1733 1385 1805 μετὰ
1456 1733 1555 1802 τὴν
1615 1734 1847 1806 ἑϐδομη-

3435 335 3541 390 610

1956 541 2037 596 sic
2069 540 2185 597 fore
2212 540 2443 611 angelus
2473 538 2542 600 is,
2567 537 2636 593 de
2685 552 2797 607 quo
2846 537 3052 594 dictum
3084 546 3190 604 est,
3220 542 3538 598 summatim

1957 634 2061 705 ipsi
2089 634 2371 705 prephetre
2390 630 2678 695 cecinerit,
2723 646 2922 686 rursus
2961 646 3271 688 sermonem
3320 635 3390 691 de
3428 649 3539 693 ιιι

1959 725 2393 781 hebdomadibus
2445 730 2709 787 renovat,
2764 723 3195 793 exquisitissime
3254 742 3351 797 per
3421 730 3537 785 sin.

1955 817 2113 889 gulas
2146 827 2332 888 partes
2365 815 2590 877 docens,
2643 815 2789 870 unde
2834 817 3075 887 incipere
3131 825 3379 887 oporteat
3431 835 3537 874 num

1955 921 2169 962 merare
2186 915 2456 976 tempora,
2470 913 2523 960 et
2541 904 2801 975 quidnam
2817 906 3017 962 talibus
3031 908 3369 977 temporibus
3379 925 3540 965 even-

1953 1004 2135 1051 turum
2150 997 2241 1051 sit.
2256 1016 2275 1048 ι
2295 996 2361 1050 Et
2385 1013 2688 1069 cognosces
2710 1005 2766 1053 et
2781 998 3052 1067 intelliges
3075 998 3145 1054 ab
3158 999 3307 1054 exitu
3325 1016 3535 1057 sermo-

1952 1088 2088 1154 nis,
2141 1082 2200 1143 ut
2252 1091 2652 1161 respondeatur
2709 1097 2765 1145 et
2813 1088 3114 1145 aediﬁcetur
3169 1088 3472 1148 Jerusalem
3515 1112 3533 1151 :

1953 1178 2322 1236 hebdomades
2408 1189 2614 1253 septem
2644 1225 2660 1250 ,
2719 1192 2774 1239 et
2815 1181 3188 1238 hebdomades
3249 1187 3533 1255 sexaginta

1950 1269 2092 1333 dum,
2106 1278 2162 1325 et
2190 1278 2498 1328 revertetur
2525 1273 2958 1331 etaedilicabitur
2982 1274 3159 1343 platea
3186 1285 3237 1330 et
3270 1291 3483 1331 murus.
3505 1296 3527 1330 ι

1948 1358 2116 1430 389
2139 1358 2270 1426 Quae
2299 1375 2433 1417 sane
2458 1363 2624 1418 verba
2655 1371 2717 1418 ut
2743 1364 2966 1419 reddam
3003 1363 3275 1435 planiora,
3301 1365 3532 1434 pulchre

1948 1453 2084 1507 mihi
2112 1453 2290 1509 ollicio
2318 1453 2545 1513 functus
2585 1473 2711 1515 esse
2740 1458 2989 1525 videbor,
3025 1458 3072 1514 si
3108 1462 3532 1516 commentatio-

1948 1559 2071 1599 nem
2102 1544 2157 1599 in
2184 1545 2456 1615 ejusmodi
2487 1548 2639 1605 locos
2668 1549 2789 1619 ejus
2818 1550 2946 1613 viri,
2971 1551 3064 1620 qui
3093 1558 3223 1606 ante
3258 1565 3360 1606 nos
3385 1552 3527 1608 idem

1948 1636 2192 1691 studium
2212 1638 2469 1704 coluerit,
2502 1657 2613 1696 non
2646 1642 3021 1708 occultavero,
3047 1643 3144 1699 sed
3170 1656 3292 1698 eam
3310 1659 3531 1714 quoque

1951 1736 2279 1795 apposuero,
2322 1737 2383 1782 ut
2428 1731 2844 1785 accommodata
2900 1730 2991 1795 iis,
3034 1731 3130 1802 qui
3180 1733 3374 1788 lecturi
3415 1734 3531 1789 sint

294 1825 581 1881 κονταετίαν
656 1826 757 1897 τῆς
843 1825 1237 1897 αἰχμαλωσίας,
1310 1825 1420 1880 τῶν
1508 1826 1840 1899 βουλομένων

1952 1794 2088 1871 haec.
2128 1814 2364 1873 Pulchre
2394 1818 2540 1874 enim
2576 1819 2711 1874 illud
2744 1819 2853 1874 dici
2885 1794 3200 1890 solea-qua:
3223 1822 3527 1878 amicorum

290 1917 494 1973 ἕκαστον
539 1919 855 1973 ὲκουσιαστὶ
907 1918 1392 1989 καταπέμψαντος,
1445 1919 1495 1973 οί
1542 1918 1681 1990 μετὰ
1738 1919 1844 1991 Ἰη-

291 2004 375 2061 σοῦ
425 2007 513 2061 τοῦ
584 2008 829 2080 μεγάλου
900 2009 1088 2080 ἱερέως
1143 2009 1237 2062 καὶ⁹
1300 2009 1603 2081 Ζοροϐάϐελ
1655 2008 1848 2063 κατελ-

288 2096 487 2166 θόντες,
566 2103 667 2157 καὶ
729 2103 777 2156 οί
837 2102 929 2156 ἐπὶ
986 2102 1196 2166 τούτοις
1254 2102 1371 2174 ἅμα
1430 2104 1678 2176 Ἔσδρα,
1753 2103 1846 2158 τὸν

288 2192 409 2245 νεὼν
471 2193 775 2264 οἰκοδομεῖν
840 2192 1139 2248 ἐκωλύοντο
1190 2193 1260 2247 τὰ
1305 2194 1497 2265 πρῶτα
1523 2236 1537 2261 ,
1591 2196 1688 2250 καὶ
1738 2198 1848 2249 τεῖ-

285 2300 367 2354 χος
414 2286 476 2356 τῇ
528 2285 686 2339 πόλει
736 2285 1118 2358 περιϐάλλειν,
1185 2285 1261 2348 ὼς
1312 2287 1372 2339 ού
1422 2285 1845 2354 κεκελευσμένον

286 2375 475 2429 τούτου.
584 2378 840 2448 Ἔμεινεν
878 2373 972 2431 οὖν
1006 2379 1110 2444 ἕως
1155 2379 1391 2449 Νεεμίου
1432 2378 1524 2431 καὶ
1573 2375 1847 2447 βασιλείας

297 2464 677 2539 ’Δρταξέρξου,
746 2469 839 2522 καὶ
912 2470 1011 2539 τῆς
1070 2470 1295 2543 Περσῶν
1346 2468 1641 2539 ἡγεμονίας
1696 2467 1848 2531 ἔτους

275 2544 754 2613 ’πεντεκαιδεκάτου
787 2559 879 2612 καὶ
926 2558 1219 2615 ὲκατοστοῦ
1242 2576 1257 2591 ·
1316 2559 1424 2613 άπὸ
1474 2559 1530 2612 δὲ.
1579 2559 1677 2630 τῆς
1710 2556 1849 2612 ἀλώ-

288 2665 410 2714 σεως
466 2650 824 2722 Ἰερουσαλὴμ
881 2652 1072 2705 ἑκατὸν
1129 2652 1457 2723 ὀγδοήκοντα
1537 2651 1699 2703 πέντε
1752 2648 1845 2716 ἔτη

283 2738 490 2807 γίνεται.
583 2741 700 2794 Καὶ
759 2740 879 2795 τότε
924 2740 1175 2812 βασιλεὺς
1215 2739 1574 2813 Ἀρταξέρξης
1631 2738 1846 2793 ἐκέλευ-

286 2846 366 2884 σεν
419 2831 838 2904 οίκοδομηθῆναι
887 2832 984 2905 τὴν
1039 2832 1213 2887 πόλιν.
1292 2833 1531 2903 Νεεμίας
1576 2832 1633 2885 δὲ
1684 2848 1847 2885 κατα-

284 2923 549 2993 πεμφθεὶς,
613 2923 711 2978 τοῦ
757 2924 915 2997 ἔργου
976 2925 1252 2997 προέστη’
1303 2926 1357 2994 -ὴ
1411 2925 1469 2977 δὲ
1523 2921 1841 2995 ᾠκοδομήθη

284 3010 489 3066 πλατεῖα
543 3013 645 3067 καὶ
695 3013 1037 3085 περίτειχος,
1106 3013 1182 3077 ὡς
1238 3011 1638 3085 προεφητεύθη.
1725 3013 1842 3066 Κά-

1947 1914 2096 1971 sunt,
2123 1923 2187 1962 ea
2209 1922 2333 1964 esse
2361 1910 2674 1965 communia
2702 1924 2716 1962 :
2749 1918 2806 1965 et
2824 1909 2956 1980 quia
2993 1910 3072 1965 uti
3105 1910 3327 1981 quidem
3364 1913 3526 1983 quasi

1946 2004 2333 2061 communibus
2360 2007 2616 2061 convenit
2646 2006 2737 2072 iis,
2780 2022 2902 2077 qua:
2930 2007 3021 2061 alii
3058 2008 3228 2078 probe
3261 2009 3525 2077 dixerint,

1947 2094 2043 2151 sed
2077 2096 2152 2149 ita
2187 2102 2246 2149 ut
2272 2111 2642 2167 agnoscamus
2669 2108 2948 2163 auctores,
2985 2115 3164 2170 neque
3188 2111 3281 2156 aut
3310 2117 3409 2158 sua
3443 2119 3529 2161 so-

1945 2187 2068 2244 bole
2100 2198 2304 2258 patres,
2346 2199 2442 2244 aut
2471 2206 2587 2255 cos,
2617 2193 2714 2262 qui
2749 2192 2915 2262 primi
2954 2195 3363 2262 consueverint,
3394 2212 3526 2267 pro-

1946 2279 2082 2349 priis
2117 2279 2421 2336 seminibus
2450 2279 2863 2345 defraudemus,
2896 2283 3044 2338 illius
3074 2284 3238 2338 verba
3269 2300 3378 2340 non
3405 2301 3527 2357 gra-

1945 2372 2118 2425 vabor
2160 2386 2455 2442 apponere.
2498 2371 2573 2426 Ea
2619 2371 2874 2429 feruntur
2932 2374 3179 2430 Africani
3226 2378 3281 2430 in
3330 2379 3525 2447 quinto

1945 2476 2136 2516 eorum
2167 2478 2291 2532 quae
2325 2462 2393 2519 de
2416 2465 2757 2533 temporibus
2787 2466 3028 2537 scripsit,
3071 2484 3191 2536 qua:
3218 2469 3436 2538 quidem
3468 2470 3525 2526 in

1948 2554 2094 2609 hunc
2120 2556 2340 2610 modum
2378 2571 2437 2612 se
2465 2555 2668 2611 habent
2702 2575 2715 2611 :
2760 2576 2779 2608 ι
2820 2556 2942 2627 Ipsa
2970 2558 3189 2629 quidem
3235 2562 3522 2631 particula,

1946 2644 2142 2715 inquit,
2179 2661 2302 2717 qua:
2335 2645 2445 2701 fere
2503 2648 2585 2702 sic
2614 2663 2675 2701 se
2705 2647 2890 2712 habet,
2934 2656 3048 2703 tum
3090 2652 3256 2706 multa
3289 2663 3400 2708 tum
3431 2653 3528 2709 ad-

1945 2738 2217 2793 mirabilia
2245 2738 2518 2810 signiﬁcat
2546 2759 2559 2794 :
2593 2749 2833 2796 attamen
2875 2757 3024 2798 nunc
3059 2743 3128 2800 de
3157 2746 3225 2800 iis
3256 2746 3526 2803 duntaxat

1944 2845 2065 2900 quae
2114 2832 2274 2886 nobis
2299 2831 2366 2885 ad
2398 2832 2665 2887 rationem
2715 2841 3042 2903 temporum,
3073 2844 3128 2890 et
3169 2852 3362 2893 eorum
3402 2854 3527 2910 qua:

1944 2921 2011 2976 ad
2041 2929 2285 2992 tempora
2316 2924 2587 2993 pertinent
2618 2925 2957 2982 conductura
2992 2928 3124 2994 sint,
3160 2931 3324 2985 verba
3356 2930 3527 2989 facie-

1944 3027 2088 3068 mus.
2119 3011 2273 3078 Quod
2298 3010 2466 3084 igitur
2491 3014 2607 3070 haec
2637 3016 2706 3071 de
2734 3018 2971 3074 adventu
3004 3018 3210 3076 Christi
3245 3022 3521 3090 dicantur,

280 3106 441 3161 κεῖθεν
506 3106 840 3181 ἀριθμοῦσιν
907 3108 1039 3179 ὴμῖν
1109 3106 1477 3179 ἑϐδομήκοντα
1552 3105 1840 3177 ὲϐδομάδες

1946 3101 2041 3172 qui
2083 3110 2208 3171 post
2252 3101 2628 3161 hebdomadas
2663 3121 2766 3161 ως
2824 3108 2894 3162 ab
2924 3108 3239 3167 hominibus
3266 3121 3413 3169 esset
3440 3116 3524 3170 vi-

279 3195 350 3259 είς
403 3195 489 3249 τὸν
545 3196 784 3269 Χριστὸν
849 3195 1262 3252 συντελοῦνταιο
1326 3198 1373 3250 εί

278 3285 427 3342 ποθεν
485 3290 746 3362 ἀριθμεῖν
811 3288 1154 3361 άρξαίμεθα,
1238 3290 1333 3343 καλ⁵
1403 3290 1503 3343 οὐκ
1573 3289 1840 3352 ἐντεῦθεν,

277 3373 386 3431 οὔτε
441 3381 467 3432 ὀ
508 3381 707 3452 χρόνος
758 3380 1141 3452 ωνδραμείται
1165 3422 1180 3445 ,
1243 3382 1338 3434 καὶ
1389 3381 1613 3435 πλεῖστα
1665 3378 1841 3436 ἄτοπα

276 3470 580 3545 ἀπαντήσει.
682 3473 808 3527 Ἐάν
859 3491 920 3527 τε
978 3474 1088 3546 γὰρ
1165 3474 1272 3527 ἀπὸ
1341 3474 1524 3547 Κύρου
1589 3475 1684 3529 καὶ
1742 3476 1842 3547 τῆς

275 3562 481 3636 πρώτης
533 3567 907 3638 καταπομπῆς
962 3565 1061 3637 τὴν
1119 3565 1291 3637 ἀρχὴν
1341 3564 1697 3637 ποιησώμεθα
1743 3568 1839 3639 τῆς

274 3654 612 3727 ὰριθμήσεως
693 3657 801 3711 τῶν
879 3656 1249 3729 ἐϐδομήκοντα
1325 3656 1673 3728 ἑϐδομάδων,
1760 3661 1840 3720 εἰς

276 3744 359 3817 ἔτη
426 3749 623 3802 ἑκατὸν
676 3748 771 3801 καὶ
822 3747 1043 3820 προσέτι
1095 3746 1452 3819 περισσεύει.
1525 3747 1725 3802 πλείων
1782 3747 1837 3801 δὲ

273 3837 486 3906 χρόνος,
556 3840 610 3892 εἰ
666 3838 761 3909 ἀφ’
810 3833 880 3911 ἧς
918 3836 1129 3911 ἡμέρας
1204 3836 1282 3909 τῷ
1348 3837 1542 3908 Δανιὴλ
1591 3839 1619 3891 ὁ
1672 3843 1837 3907 ἄγγε-

272 3924 352 3991 λος
391 3933 808 4001 προεφήτευσε,
864 3930 1041 4002 πολλῷ
1093 3930 1150 3983 δὲ
1198 3929 1398 3984 πλείων
1425 3970 1440 3994 ,
1487 3933 1535 3984 εί
1582 3932 1676 3984 ἀπ’
1737 3933 1837 3999 ἀρε-

270 4019 363 4090 χῆς
400 4021 500 4092 τῆς
543 4022 943 4093 αἰχμαλωσίας.
1021 4022 1361 4094 Εὑρίσκομεν
1414 4019 1522 4090 γὰρ
1562 4019 1838 4093 τὴνπερ.

271 4110 371 4165 σῶν
446 4112 734 4183 βασιλείαν
785 4111 929 4165 ἔτεσι
993 4110 1289 4175 διακοσίοις
1345 4110 1634 4183 τριάκοντα
1680 4126 1836 4180 περι-

264 4204 611 4278 γραφομένην
638 4246 653 4268 ,
712 4205 811 4276 τήν
878 4220 939 4257 τε
990 4202 1316 4258 Μακεδόνων
1380 4203 1460 4265 είς
1525 4201 1619 4272 ἐτη
1675 4218 1834 4273 τρια-

265 4295 413 4351 κόσια
460 4298 840 4370 ἑϐδομήκοντα
893 4295 1322 4368 παρατείνουσαν
1349 4334 1365 4360 ,
1433 4294 1688 4349 κάκεῖθεν
1742 4297 1834 4350 ἐπὶ

260 4385 319 4440 τὸ
362 4387 618 4461 Τιϐερίου
672 4388 949 4460 Καίσαρος
1008 4384 1391 4441 ἑκκαιδέκατον
1444 4384 1562 4449 ἔτος
1615 4388 1695 4449 είς
1736 4385 1831 4458 ἔτη

264 4475 535 4544 ἑξήκοντα.

260 4564 545 4640 ἑϐδομάδες
593 4570 677 4633 είς
730 4567 820 4624 τὸν
878 4569 971 4623 ἐπὶ
1015 4567 1249 4637 Χριστὸν
1303 4567 1675 4623 συντελοῦνται
1715 4569 1835 4642 χρό-

262 4677 378 4727 νον,
452 4663 607 4719 κατὰ
674 4664 800 4727 τοὺς
858 4661 1128 4716 Ἰουδαίων
1175 4660 1461 4733 ἀριθμούς.
1531 4660 1665 4715 Ἀπὸ
1724 4660 1833 4733 γάρ

260 4749 526 4825 Νεεμίου,
611 4751 672 4818 δς
756 4752 861 4807 ὑπὸ
944 4750 1298 4825 Ἀρταξέρξου
1384 4750 1486 4824 τὴν
1561 4752 1833 4825 Ἰερουσα-

256 4839 361 4915 λὴμ
405 4844 852 4916 ἀνοικοδομήσων
904 4841 1163 4915 ἐπέμφθη
1212 4842 1321 4896 ἔτει
1366 4840 1834 4912 πεντεκαιδεκάτῳ

256 4933 344 4987 καὶ
394 4934 679 5006 ἑκατοστῷ
727 4933 830 5005 τῆς
878 4933 1104 5006 Περσῶν
1161 4931 1436 5004 βασιλείας
1465 4972 1480 4997 ,
1555 4931 1722 4986 αὐτοῦ
1775 4932 1832 4986 δὲ

267 5022 625 5098 Ἀρταξέρξου
677 5024 951 5096 βασιλείας
997 5023 1228 5095 εἰκοστῷ
1275 5024 1384 5077 ἔτει
1410 5061 1426 5087 ,
1480 5023 1576 5078 καὶ
1630 5023 1829 5095 Ὀλυμ-

254 5112 434 5179 πιάδος
474 5115 846 5188 ὀγδοηκοστῆς
894 5116 1086 5186 τρίτης
1126 5114 1234 5169 ἔτει
1273 5115 1555 5186 τετάρτῳ,
1591 5114 1684 5169 ἐπὶ
1712 5115 1833 5170 τοῦ-

251 5220 338 5262 τον
389 5206 485 5263 τδν
537 5209 732 5283 χρόνον
753 5250 768 5273 ,
833 5208 892 5273 ὃς
931 5204 999 5280 ἦν
1056 5207 1412 5279 Ὀλυμπιάδος
1460 5206 1832 5279 διακωιοστῆς

250 5294 502 5373 δευτέρας
575 5302 697 5367 ἔτος
767 5300 1017 5373 δεύτερον
1043 5340 1058 5364 ,
1136 5298 1386 5369 τιϐερίου
1447 5297 1505 5351 δὲ
1556 5298 1831 5369 Καίσαρος

250 5385 544 5463 ἡγεμονίας
600 5390 716 5456 ἔτος
770 5390 1153 5445 ἑκκαιδέκατον
1176 5428 1191 5453 ,
1243 5388 1337 5461 ἐτη
1401 5388 1689 5457 συνάγεται
1741 5404 1831 5441 τε-

247 5482 511 5553 τρακόσια
591 5482 961 5555 ἑϐδομήκοντα
1041 5481 1200 5536 πέντε
1224 5521 1241 5545 ,
1338 5481 1481 5554 άπερ
1566 5482 1828 5553 Ἑϐραϊκὰ

245 5573 580 5644 τετρακόσια
644 5575 996 5647 ἐννενήκοντα
1058 5573 1288 5644 γίνεται,
1337 5574 1482 5629 κατὰ
1527 5573 1619 5629 τὸν
1668 5574 1827 5644 σελη-

248 5665 412 5719 νιαῖον
467 5665 675 5738 δρόμον
719 5668 848 5731 τοὺς
890 5665 1167 5732 ἐνιαυτοὺς
1221 5665 1446 5720 ἐκείνων
1502 5666 1828 5742 ἐξαριθμου-

252 5755 462 5825 μένων,
521 5760 604 5822 ὼς
651 5758 764 5813 ἔστι
821 5759 1111 5829 πρόχειρον
1143 5757 1345 5825 εἰπεῖν,
1399 5759 1623 5831 ἡμεριῖιν
1671 5776 1829 5831 τρια-

1453 3196 1561 3269 γάρ
1620 3196 1840 3252 ἄλλοθέν

1950 3192 2183 3256 dendus,
2213 3194 2529 3264 neutiquam
2554 3195 2779 3251 dubium
2808 3205 2893 3253 est
2921 3217 2934 3254 :
2962 3206 3208 3270 tempore
3233 3203 3382 3257 enim
3413 3203 3525 3258 Sal~

1945 3285 2152 3340 vatoris
2180 3286 2357 3339 nostri
2402 3296 2496 3341 aut
2524 3301 2589 3342 ex
2621 3287 2716 3342 illo
2755 3289 2895 3358 ipso,
2927 3299 2982 3345 et
3026 3292 3386 3362 antiquantur
3424 3295 3522 3351 de-

1944 3375 2096 3439 licta,
2124 3384 2179 3432 et
2217 3385 2445 3447 peccata
2471 3391 2930 3435 consummantur
2961 3399 2977 3437 :
3014 3397 3113 3452 per
3139 3385 3520 3443 remissionem

1942 3479 2146 3535 autem,
2172 3469 2492 3540 iniquitates
2519 3485 2644 3525 cum
2674 3470 2963 3542 injustitiis
3004 3475 3313 3544 expiatione
3332 3477 3522 3534 deleu-

1942 3567 2052 3623 tur,
2104 3561 2432 3632 justitiaque
2481 3563 2817 3633 sempiterna
2865 3563 3260 3632 denuntiatur,
3322 3578 3522 3639 praeter

1938 3664 2059 3705 eam
2088 3666 2211 3721 quae
2235 3667 2303 3707 ex
2353 3652 2471 3723 lege
2496 3654 2907 3723 acquirehatur.
2954 3654 3210 3714 Visiones
3251 3669 3429 3717 autem
3463 3670 3520 3717 et

1941 3742 2238 3813 prophetia:
2274 3759 2450 3814 usque
2499 3745 2567 3799 ad
2614 3744 2902 3812 Joannem,
2935 3758 2989 3804 et
3030 3748 3266 3807 Sanctus
3296 3761 3519 3810 saneto-

1938 3850 2059 3890 rum
2091 3836 2315 3906 nngitur
2347 3855 2360 3888 :
2399 3850 2525 3889 nam
2560 3852 2685 3892 cum
2715 3847 2844 3894 ante
2879 3841 3180 3899 Salvatoris
3213 3845 3388 3900 nostri
3417 3844 3516 3901 ad.

1938 3936 2157 3982 ventum
2201 3928 2317 3982 haec
2355 3941 2467 3982 non
2511 3935 2739 3993 essent,
2786 3933 3250 4000 exspectabantur
3307 3945 3512 3993 tamen.

1934 4017 2159 4073 Numeri
2189 4034 2319 4073 vero
2353 4019 2570 4073 initium
2596 4019 2867 4089 accipere,
2898 4022 3003 4077 hac
3035 4032 3121 4079 est
3159 4040 3267 4080 Lxx
3305 4025 3516 4081 hebdo-

1935 4107 2243 4173 madarum,
2287 4109 2382 4179 qui
2419 4116 2551 4164 sunt
2598 4110 2727 4163 anni
2767 4111 3154 4182 quadringenti
3192 4116 3510 4187 nonaginu,

1935 4200 2162 4270 angelus
2194 4200 2440 4270 praecipit
2480 4200 2549 4254 ab
2579 4200 2727 4255 exitu
2772 4203 3045 4259 sermonis
3074 4213 3133 4259 ut
3180 4208 3512 4277 respondea-

1934 4299 2047 4354 tur,
2086 4300 2141 4347 et
2181 4290 2487 4347 mdilicetur
2532 4288 2858 4347 Jerusalem.
2899 4292 3074 4349 Porro
3117 4294 3236 4350 haec
3253 4298 3503 4369 contige-

1933 4395 2063 4439 runt
2085 4385 2237 4455 regni
2259 4384 2598 4451 Artaxerxis,
2623 4388 2715 4457 qui
2747 4386 3040 4443 Persarum
3072 4404 3167 4444 rex
3201 4388 3324 4456 fuit,
3364 4406 3510 4449 anno

643 4478 775 4531 Ἀπὸ
814 4477 872 4531 δὲ
936 4477 1289 4549 Ἀρταξέρξου
1352 4476 1408 4530 αί
1464 4476 1830 4548 ἐϐδομήκοντα

1941 4475 2197 4531 vicesimo
2222 4495 2236 4531 :
2265 4476 2432 4545 hujus
2453 4478 2596 4531 enim
2623 4478 2881 4548 pincerna
2910 4476 3202 4537 Nebemias
3230 4495 3355 4536 cum
3382 4498 3509 4540 eum

1928 4566 2112 4635 ipsum
2138 4575 2408 4637 rogasset,
2443 4581 2766 4639 responsum
2803 4570 3034 4641 accepit,
3062 4582 3122 4627 ut
3148 4572 3512 4632 aediﬁcaretur

1929 4655 2257 4713 Jerusalem.
2307 4656 2374 4711 Et
2425 4672 2608 4713 sermo
2636 4659 2807 4714 exivit
2834 4675 2945 4730 quo
2996 4663 3174 4733 ipsum
3206 4664 3311 4720 hoc
3348 4667 3514 4736 jube-

1930 4749 2092 4805 batur
2117 4767 2131 4804 :
2167 4763 2293 4803 nam
2328 4748 2397 4803 ad
2427 4747 2562 4804 illud
2593 4765 2771 4822 usque
2813 4760 3032 4824 tempus
3060 4755 3261 4811 civitas
3291 4756 3513 4813 deserta

1933 4844 2231 4893 manserat.
2277 4836 2416 4893 Cum
2460 4838 2608 4894 enim
2647 4839 2827 4913 Cyrus
2869 4850 2994 4912 post
3035 4847 3511 4916 septuagenariam

1932 4930 2251 4985 servitutem
2276 4931 2548 4987 volentem
2568 4948 3011 5006 unumquemque
3040 4936 3346 4994 voluntarie
3373 4940 3513 4995 emi-

1931 5026 2115 5091 sisset,
2149 5026 2242 5097 qui
2277 5041 2403 5081 cum
2446 5024 2576 5081 Jesu
2609 5043 2808 5099 magno
2841 5031 3129 5087 sacerdote
3154 5040 3211 5088 et
3259 5031 3509 5090 Zoroba-

1931 5117 2038 5184 bel,
2071 5118 2275 5189 quique
2301 5126 2426 5190 post
2451 5119 2554 5175 hos
2575 5120 2727 5190 ipsos
2747 5136 2873 5176 cum
2897 5120 3066 5176 Esdra
3089 5122 3507 5191 descenderant,

1927 5210 2199 5267 aediﬁcare
2249 5212 2510 5279 templum
2561 5220 2616 5267 et
2665 5227 2882 5267 murum
2923 5214 3130 5269 civitati
3168 5217 3510 5274 circumdare

1931 5301 2091 5357 initio
2125 5299 2579 5372 prohibebantur,
2603 5308 2869 5371 tanquam
2904 5303 3008 5358 hoc
3039 5303 3365 5375 imperatum
3396 5322 3510 5364 non

1930 5398 2098 5448 esset.
2129 5389 2330 5447 Mansit
2357 5390 2524 5462 igitur
2554 5406 2729 5463 usque
2756 5390 2826 5447 ad
2850 5390 3166 5450 Nehemiam
3203 5405 3259 5451 et
3280 5411 3509 5469 regnum

1932 5481 2274 5548 Artaxerxis,
2319 5497 2633 5554 annumque
2672 5483 2888 5553 imperii
2928 5482 3223 5539 Persarum
3269 5484 3510 5542 centesi-

1933 5589 2083 5629 mum
2117 5584 2171 5631 et
2206 5574 2460 5644 quintum
2486 5574 2761 5631 decimum
2797 5590 2963 5631 :cum
2998 5588 3128 5632 vero
3159 5590 3189 5629 a
3216 5585 3375 5648 capta
3420 5575 3510 5633 Je—

1934 5668 2173 5722 rusalem
2201 5681 2381 5722 annus
2410 5668 2744 5725 centesimus
2773 5674 2936 5738 atque
2974 5670 3345 5741 octogesimus
3375 5684 3504 5741 age-

1933 5765 2103 5824 retur,
2147 5756 2313 5828 390
2357 5764 2471 5813 tum
2518 5775 2612 5816 rex
2656 5761 2986 5819 Artaxerxes
3024 5761 3195 5833 jussit
3245 5760 3507 5819 εὐίατατί
