4110 6410
600 275 697 329 611

1238 272 1511 330 EUSEBII
1544 272 2020 358 CJESARIENSIS
2057 272 2207 329 OPP.
2247 271 2428 327 PARS
2468 273 2529 329 Il.
2570 305 2640 315 -—
2675 275 3172 350 AFOLOGETICA.

3749 285 3847 340 612

598 389 895 451 civitatem,
927 393 981 441 et
1009 386 1319 450 Nehemias.
1346 405 1491 442 unus
1507 375 1818 458 eorum'qui
1851 387 2037 444 emissi
2066 387 2120 440 fu

2228 391 2259 447 Α
2289 386 2486 440 κοσίων
2519 390 2852 460 πεντήκοντα
2898 394 3180 463 τεσσάρων
3202 432 3216 456 ,
3270 395 3361 446 τοῦ
3392 396 3614 466 ἡλιακοῦ
3654 400 3846 455 κύκλου

596 489 741 540 rant,
772 479 921 549 operi
948 478 1166 548 praefuit
1193 495 1205 530 :
1241 488 1294 534 et
1327 481 1503 549 platea
1539 489 1592 535 et
1619 481 1760 533 muri
1791 482 2028 536 ambitus
2049 479 2176 534 aedi-

596 571 754 624 ﬁcata
783 581 931 635 sunt,
965 572 1110 626 sicut
1151 570 1395 625 futurum
1433 573 1718 642 prophetia
1748 573 2168 642 signilieaverat.

592 658 723 716 Inde
755 662 920 731 igitur
946 662 1107 715 nobis
1149 678 1442 716 numerare
1475 664 1864 732 incipientibus
1896 679 2001 717 Lxx
2040 663 2173 716 heb-

592 752 853 808 domades
881 754 936 808 in
964 753 1242 808 Christum
1282 755 1688 808 terminantur:
1722 771 1846 808 nam
1880 757 1926 808 si
1975 755 2043 809 ab
2077 755 2170 808 illo

591 847 783 915 quovis
815 853 1056 915 tempore
1099 847 1422 900 numerandi
1475 847 1690 900 initium
1732 847 2043 910 fecerimus,
2073 864 2170 901 nec

587 951 693 1006 que
715 942 931 1006 tempus
960 938 1134 1006 ipsum
1175 938 1484 1002 conveniet,
1516 946 1570 992 et
1603 939 1770 991 multa
1821 938 2167 993 incommoda

587 1026 776 1082 subire
834 1042 1063 1081 necesse
1093 1029 1216 1081 erit.
1254 1027 1378 1082 Sive
1421 1031 1565 1082 enim
1601 1045 1629 1080 a
1673 1028 1837 1098 Cyro,
1884 1031 2165 1100 primaque

583 1119 896 1179 emissione.
930 1120 1270 1189 septuaginta
1306 1120 1676 1176 hebdomadas
1718 1137 2004 1176 numerare
2052 1137 2164 1176 cae-

582 1212 845 1280 perimus,
881 1213 1006 1265 anni
1036 1220 1255 1266 centum
1296 1222 1348 1267 et
1379 1215 1613 1283 amplius
1664 1226 2012 1284 supererunt,
2046 1217 2161 1273 sive

581 1300 650 1354 ab
676 1315 741 1355 eo
765 1301 852 1355 die
883 1317 990 1372 quo
1030 1304 1255 1372 angelus
1308 1303 1413 1374 ipsi
1446 1304 1632 1358 Daniel
1663 1305 1942 1360 oraculum
1979 1306 2162 1360 reddi-

578 1393 677 1458 dit,
711 1394 872 1447 etiam
904 1395 1079 1462 major
1124 1396 1214 1449 ﬁet
1255 1411 1523 1449 annorum
1554 1412 1836 1452 numerus.
1868 1396 2037 1452 Multo
2059 1413 2156 1452 au-

577 1492 686 1538 tem
738 1488 930 1554 major,
959 1487 1004 1541 si
1058 1487 1128 1541 ab
1184 1489 1339 1540 initio
1385 1498 1558 1558 capta:
1607 1491 1781 1544 urbis.
1844 1488 2156 1548 Invenimus

574 1577 717 1628 enim
751 1592 978 1646 regnum
1015 1576 1307 1632 Persarum
1361 1580 1504 1632 intra
1548 1595 1723 1634 annos
1762 1594 1824 1632 cc
1857 1589 2016 1650 atque
2045 1597 2156 1636 xxx

573 1666 864 1720 contineri.
895 1666 1098 1721 Deinde
1138 1668 1491 1722 Macedonum
1531 1671 1596 1722 ad
1651 1685 1922 1723 annorum
1959 1687 2152 1726 nume-

2277 477 2611 548 ὑπάρχοντος
2678 482 2902 554 ἡμερῶν
2961 486 3285 555 τριακοσίων
3351 487 3613 559 ἐξήκοντα
3693 493 3847 547 πέντε

2272 571 2550 639 τετάρτου.
2660 573 2770 644 Τὴν
2823 573 2930 646 γὰρ
2984 578 3125 630 κατά
3175 577 3400 650 σελήνην
3465 580 3840 654 δωδεκάμηνον

2273 660 2642 730 παραλλάσσει
2717 665 2952 737 ἡμέραις
3013 667 3201 721 ἕνδεκα
3269 670 3364 722 καὶ
3418 672 3678 743 τετάρτῳ.
3751 675 3845 728 Διά

2269 751 2431 804 τοῦτο
2496 754 2753 824 ’Έλληνες
2814 760 2906 810 καὶ
2989 759 3261 826 Ἰουδαῖοι,
3299 765 3449 832 τρεῖς
3511 765 3686 835 μῆνας
3745 768 3843 838 ὲμ-

2269 843 2523 914 ϐολίμους
2561 847 2738 902 ἔτεσιν
2761 847 2904 900 όκτὼ
2945 852 3436 922 παρεμϐάλλουσιν·
3477 857 3700 920 ὀκτάκις
3738 860 3840 932 γάρ

2266 933 2335 986 τὰ
2379 935 2567 989 ἕνδεκα
2610 937 2870 1009 τέταρτον
2919 943 3062 992 ποιεῖ
3090 941 3366 1012 τρίμηνον.
3447 944 3528 997 Τά
3555 942 3731 1001 τοίνυν
3763 965 3845 1000 τε-

2265 1029 2525 1098 τρακόσια
2551 1028 2918 1100 ἑϐδομήκοντα
2939 1033 3099 1086 πέντε
3122 1033 3238 1105 ἔτη,
3266 1034 3641 1107 όκταετηρίδες
3671 1041 3842 1107 γίνον-

2265 1137 2352 1172 ται
2405 1122 2743 1191 πεντήκοντα
2788 1122 2943 1176 ἐννέα
2998 1126 3088 1178 καὶ
3139 1126 3319 1196 μῆνες⁴
3361 1130 3548 1198 τρεῖςο
3600 1130 3678 1193 ὠς
3727 1148 3841 1202 τρι-

2267 1209 2437 1278 μήνου
2497 1209 2553 1262 δὲ
2608 1211 2901 1281 ἐμϐολίμου
2952 1215 3016 1283 τῇ
3069 1215 3322 1287 ὁκταετίᾳ
3353 1218 3681 1288 γινομένης,
3745 1220 3836 1291 ἔτη

2264 1301 2648 1354 πεντεκαίδεκα
2694 1302 2887 1370 ὀλίγων
2920 1305 3140 1376 ἡμερῶν
3180 1307 3512 1361 ἀποδεόντων
3541 1310 3834 1378 γίγνονται.

2261 1389 2444 1442 Ταῦτα
2472 1391 2527 1444 δὲ
2557 1391 2691 1462 πρὸς
2717 1395 2829 1456 τοῖς
2870 1395 3238 1462 τετρακοσίοις
3277 1397 3647 1469 ἐϐδομήκοντα
3675 1401 3834 1453 πέντε

2259 1479 2454 1546 ἔτεσιν,
2508 1484 2566 1536 αἱ
2612 1484 2980 1556 ἑϐδομήκοντα
3027 1486 3316 1558 ὲϐδομάδες
3367 1476 3762 1546 συντελοῦνται.
3813 1514 3829 1544 ι

2258 1571 2442 1625 Ταῦτα
2473 1574 2571 1644 μὲν
2615 1571 2706 1629 οῦν
2746 1577 3089 1647 Ἀφρικανός.
3125 1579 3185 1632 Et
3228 1579 3284 1632 δὲ
3321 1583 3425 1652 χρὴ
3458 1583 3553 1636 καὶ
3589 1585 3736 1655 ἡμᾶς
3760 1587 3834 1638 οἰ-

2256 1664 2412 1717 κείαν
2445 1669 2524 1729 είς
2566 1670 2691 1732 τοὺς
2730 1670 2928 1733 τόπους
2971 1670 3222 1724 ἀπόδοσιν
3258 1675 3336 1736 εἰς
3379 1672 3541 1742 μέεον
3582 1676 3828 1745 ἀγαγεῖν,

573 1769 694 1808 rum
739 1757 1048 1810 continuari
1097 1766 1466 1814 trecentorum
1517 1768 1570 1814 et
1605 1763 1966 1830 septuaginta.
2018 1762 2125 1816 1ηώ

2255 1755 2397 1823 φημὶ
2442 1756 2514 1826 μὴ
2563 1758 2756 1829 μάτην,
2805 1760 2938 1830 μηδὲ
2987 1760 3062 1824 ὡς
3103 1761 3255 1831 ἔτυχε
3431 1736 3830 1836 διαίρεσινυπεέ

571 1861 703 1901 vero
735 1850 799 1902 ad
837 1849 1038 1904 Tiberii
1088 1850 1323 1906 Caesaris
1355 1868 1556 1905 annum
1591 1863 1801 1908 sextum
1836 1852 2142 1920 decimum,

571 1957 745 1997 annos
782 1943 1084 2011 sexaginta.
1119 1943 1200 1994 Ah
1246 1944 1546 1999 Artaxerxe
1586 1953 1766 2000 autem
1803 1949 2146 2018 septuaginta

569 2034 934 2090 hebdomades
983 2034 1050 2087 ad
1078 2032 1282 2090 Christi
1329 2045 1542 2106 tempus
1577 2040 1920 2103 perveniunt,
1957 2040 2003 2094 si
2042 2039 2141 2094 Ju-

566 2125 806 2179 dseorum
841 2141 1096 2180 numeros
1124 2127 1431 2195 sequimur.
1477 2126 1756 2198 Siquidem
1794 2145 1822 2183 a
1859 2130 2138 2195 Nehemia,

565 2218 655 2285 qui
691 2225 748 2272 ut
771 2218 1065 2274 aediﬁcaret
1114 2219 1424 2274 Jerusalem
1449 2229 1534 2276 est
1561 2223 1782 2284 missus,
1819 2239 1964 2277 anno
1987 2224 2140 2295 regni

565 2309 853 2366 Persarum
905 2311 1206 2365 centesimo
1239 2319 1292 2365 et
1323 2313 1514 2381 quinto
1535 2313 1772 2380 decimo,
1801 2315 1892 2384 qui
1925 2315 2024 2368 fuit
2055 2319 2139 2385 ip-

563 2403 679 2457 sius
724 2403 878 2472 regni
913 2401 1235 2456 Artaxerxis
1269 2403 1585 2468 vicesimus,
1618 2412 1779 2474 atque
1818 2406 1961 2459 idem
1984 2415 2138 2460 octo-

559 2493 776 2562 gesima:
810 2494 981 2546 tertia:
1018 2493 1340 2563 Olympiadis
1378 2506 1624 2563 quartus,
1653 2495 1717 2548 ad
1754 2495 1884 2549 illud
1921 2505 2134 2568 tempus

558 2583 652 2652 qui
688 2582 789 2636 fuit
838 2582 1165 2653 Olympiadis
1217 2582 1610 2638 dueentesiuue
1662 2585 1918 2640 secundae
1957 2601 2134 2642 annus

559 2673 852 2736 secundus,
886 2674 1096 2743 imperii
1119 2682 1297 2728 autem
1332 2672 1535 2728 Tiberii
1561 2674 1792 2730 Czesaris
1827 2687 2014 2734 sextus
2039 2679 2134 2734 de-

556 2766 753 2830 cimus,
781 2765 909 2818 anni
958 2773 1315 2820 numerantur
1359 2767 1741 2836 quadringenti
1787 2771 2130 2840 septuaginta

555 2861 812 2930 quinque,
857 2859 949 2929 qui
995 2857 1259 2913 Hebraica
1304 2859 1516 2913 ratione
1565 2859 1700 2914 ﬁunt
1747 2861 2130 2933 quadringenti

553 2951 849 3018 nonaginta
879 2968 891 3002 :
921 2957 1127 3018 utpote,
1159 2964 1282 3001 cum
1327 2949 1401 3001 illi
1435 2948 1501 3002 ad
1526 2965 1748 3003 cursum
1781 2951 1922 3005 luna:
1953 2967 2128 3010 annos

551 3051 869 3110 computare
891 3041 1299 3103 consueverint,
1339 3047 1398 3093 ut
1430 3040 1533 3094 hac
1565 3041 1778 3095 ratione
1819 3058 1995 3098 annus
2021 3047 2124 3108 sit,

550 3135 696 3202 quod
723 3135 869 3188 dictu
905 3133 1062 3186 facile
1089 3140 1194 3195 est,
1233 3132 1444 3185 dierum
1475 3139 1841 3186 trecentorum
1867 3135 2128 3204 quinqua-

549 3227 698 3295 ginta
729 3231 988 3294 quatuor,
1035 3240 1158 3279 cum
1191 3231 1371 3278 tamen
1396 3224 1592 3278 solaris
1619 3239 1816 3279 cursus
1846 3225 1963 3280 dies
1989 3241 2126 3282 con-

549 3318 694 3372 ﬁciat
725 3324 996 3371 trecentos
1041 3317 1323 3387 sexaginta
1363 3317 1606 3385 quinque
1636 3331 1760 3369 cum
1806 3317 1969 3372 unius
2013 3318 2120 3373 diei

546 3417 698 3480 parte
724 3416 939 3480 quarta.
974 3407 1048 3460 Ex
1089 3423 1198 3477 quo
1243 3415 1468 3477 apparet
1503 3408 1727 3463 lunares
1759 3424 1956 3464 cursus
1981 3409 2118 3464 duo--

544 3501 742 3564 decim,
799 3500 868 3553 ab
911 3515 1022 3552 uno
1074 3500 1242 3553 solari
1299 3515 1486 3561 cursu,
1539 3499 1794 3554 undecim
1833 3502 2025 3557 diebus
2065 3508 2120 3557 et

541 3601 739 3664 quarta
772 3593 936 3647 unius
953 3591 1060 3645 diei
1082 3592 1351 3662 superari.
1377 3590 1585 3646 Idcirco
1608 3601 1663 3646 et
1685 3591 1855 3646 Grreci
1880 3593 2117 3648 etJudaai

539 3693 725 3740 ternos
764 3685 1120 3738 intercalares
1150 3699 1364 3739 menses
1388 3692 1582 3737 octavo
1613 3686 1814 3754 cuique
1846 3699 1992 3739 anno
2019 3685 2117 3740 ad-

537 3775 750 3839 iiciunt.
794 3773 1004 3829 Etenim
1034 3776 1078 3829 si
1111 3774 1360 3829 undenos
1394 3789 1517 3829 cum
1541 3777 1703 3830 unius
1734 3785 1888 3845 parte
1919 3785 2113 3846 quarta

537 3867 716 3921 octies.
758 3867 1109 3935 repetiveris,
1159 3866 1323 3919 trium
1375 3867 1643 3921 mensium
1696 3868 1930 3936 spatium
1980 3884 2112 3922 con-

537 3957 707 4013 ﬁcies.
759 3957 1154 4027 Quadringenti
1214 3959 1378 4028 igitur
1451 3959 1794 4029 septuaginta
1869 3961 2110 4032 quinque

535 4054 700 4117 anni,
754 4053 1008 4107 oetennia
1067 4051 1302 4105 reddunt
1352 4053 1746 4123 quinquaginta
1806 4069 2000 4108 novem
2057 4063 2110 4109 et

534 4161 708 4199 annos
768 4153 1031 4214 praeterea
1091 4152 1222 4197 tres.
1287 4143 1421 4198 Cum
1471 4160 1602 4198 vero
1657 4154 1851 4198 octavo
1911 4145 2108 4216 cuique

533 4252 678 4291 anno
723 4237 866 4291 terni
921 4237 1316 4291 intercalentur
1366 4251 1618 4297 menses,
1671 4235 1959 4298 coniicitur
2011 4251 2108 4290 au-

529 4346 724 4386 norum
754 4334 832 4384 'xv
869 4346 1104 4393 summa,
1151 4329 1340 4398 paucis
1383 4328 1639 4382 detractis
1685 4328 1896 4383 diebus.
1942 4328 2098 4398 391

2254 1849 2503 1920 ποιῆσθαι
2529 1850 2618 1903 τὸν
2643 1850 2796 1920 λόγον
2833 1853 2940 1905 τῶν
2979 1854 3342 1924 ἐϐδομήκοντα
3369 1856 3695 1926 ἑϐδομάδων.
3715 1862 3830 1912 Διε-

2251 1937 2358 1992 λὼν
2386 1940 2494 2011 γὰρ
2519 1941 2691 2004 αὐτὰς
2719 1946 2798 2000 είς
2833 1943 3054 2014 πρώτας
3079 1944 3237 2006 ἑπτὰ,
3283 1945 3455 1998 ἔπειθ’
3486 1947 3680 2018 ἐτέρας
3705 1948 3827 2021 ἐξή-

2250 2047 2411 2083 κοντα
2435 2030 2548 2093 δύο,
2574 2034 2668 2085 καὶ
2697 2031 2836 2102 μετά
2865 2031 3092 2086 πλεῖστα
3119 2033 3188 2086 τὰ
3215 2035 3416 2104 μεταξὺ
3443 2036 3824 2109 ἐπιλεγόμενα,

2247 2120 2344 2191 τὴν
2377 2121 2503 2191 μίαν
2528 2123 2754 2186 ἐπιθεὶς,
2781 2121 2922 2176 οὕτω
2951 2123 3041 2177 τὸν
3069 2124 3298 2196 ἀριθμὸν
3320 2126 3426 2179 τῶν
3455 2128 3827 2200 ἑϐδομήκοντα

2247 2212 2548 2283 ἑϐδομάδων
2592 2215 2923 2286 ἁφωρίσατο.
2960 2215 3121 2284 Λέγει
3159 2216 3203 2268 δ’
3250 2213 3364 2271 οὖν’
3411 2239 3429 2269 ι
3465 2220 3574 2272 Καὶ
3614 2219 3820 2293 γνώσῃ,

2246 2305 2339 2356 καὶ
2371 2306 2618 2375 συνήσεις
2654 2305 2760 2359 ἀπὸ
2790 2305 2966 2371 ἐξόδου
3003 2306 3159 2376 λόγου
3192 2308 3285 2361 τοῦ
3326 2311 3685 2383 ἀποκριθῆναι
3729 2314 3822 2366 καὶ

2244 2392 2336 2445 τοῦ
2380 2394 2728 2466 οἰκοδομῆσαι
2771 2396 3116 2468 Ἰερουσαλὴμ
3161 2399 3262 2462 ἕως
3304 2401 3538 2470 Χριστοῦ
3579 2405 3820 2474 ἡγουμέ-

2244 2501 2354 2546 νου,
2388 2486 2676 2558 έϐδομάδες
2718 2487 2898 2551 ἐπτά,·
2921 2488 3018 2541 καλ⁵
3061 2489 3348 2560 ὲϐδομάδες
3377 2492 3752 2562 ἑξηκονταδύο.
3791 2514 3836 2549 ›.

2242 2574 2354 2630 Εἶθ’
2401 2580 2564 2652 ἕτερά
2599 2598 2719 2634 τινα
2769 2580 2971 2651 μεταξὺ
3016 2582 3331 2650 ἐπαγαγὼν,
3368 2584 3464 2656 τὴν
3502 2585 3817 2640 τελευταίαν

2241 2671 2581 2743 προστίθησι,
2596 2674 2791 2744 φήσας
2817 2691 2836 2723 ι
2857 2675 2965 2726 Καὶ
2988 2673 3293 2744 δυναμώσει
3317 2676 3581 2750 διαθήκην
3602 2679 3818 2743 πολλοῖς

2239 2761 2471 2831 ἑϐδομὰς
2516 2762 2631 2832 μία.
2679 2782 2696 2813 ι
2755 2765 2876 2816 Ὅτι
2903 2763 2947 2817 δ’
2980 2762 3038 2816 ού
3084 2765 3261 2836 μάτην
3299 2766 3488 2831 ταῦτα,
3534 2769 3646 2822 οὐδ’
3686 2770 3815 2824 ἄνευ

2235 2852 2335 2922 τῆς
2385 2853 2533 2917 Θείας
2580 2855 2864 2929 ἐπιπνοίας
2916 2856 3276 2925 ὲσχεδίασται,
3326 2858 3483 2912 πάνθ’
3533 2862 3811 2915 ὁντιναοῦν

2234 2943 2340 2996 τῶν
2365 2943 2440 3007 ὡς
2472 2943 2604 2997 Θεοῦ
2644 2947 2878 3016 ῥήμασιν
2916 2947 3098 3008 αὐτοῖς
3133 2948 3504 3019 προσεχόντων
3542 2952 3812 3024 ὁμολογὴ-

2235 3051 2347 3088 σειν
2396 3036 2651 3106 ἡγοῦμαι.
2697 3036 2866 3089 Τοῦτο
2915 3036 3012 3106 μὲν
3062 3034 3152 3091 οῦν
3203 3039 3415 3111 πρῶτον
3458 3044 3590 3112 ἡμῖν
3628 3043 3808 3109 καλῶς

2229 3127 2402 3193 ἔδοξεν
2434 3129 2892 3200 ἐπισημήνασθαι,
2933 3130 3251 3185 καταλιπεῖν
3289 3150 3347 3186 τε
3392 3137 3504 3198 τοῖς
3536 3136 3804 3207 ἐντυγχά-

2223 3237 2370 3273 νουσι
2392 3219 2488 3292 τὴν
2508 3219 2601 3272 τοῦ
2630 3221 2953 3292 ζητηθέντος
2976 3224 3178 3294 ἀκριϐῆ
3201 3224 3372 3279 λύσιν.
3401 3227 3462 3278 Εἰ
3487 3226 3543 3278 δὲ
3574 3228 3681 3299 χρὴ
3710 3229 3805 3282 καὶ

2222 3312 2368 3382 ἡμᾶς
2393 3311 2454 3364 τὸ
2496 3313 2733 3366 ὲπεισιὸν
2773 3315 2847 3385 μὴ
2891 3315 3497 3388 ἀποκρύψασθαιγφημὶ
3535 3320 3658 3372 καθ’
3686 3321 3804 3374 ἑτέ-

2223 3420 2322 3475 ραν
2344 3403 2577 3457 διάνοιαν
2605 3406 2720 3475 ἦτοι
2744 3405 2969 3478 ἐκδοχὴν
2993 3407 3084 3459 τὸν
3110 3409 3167 3459 ὲν
3192 3410 3257 3478 τῇ
3285 3410 3627 3484 προκειμένῃ
3664 3429 3801 3484 γραο

2219 3500 2291 3566 φῇ
2317 3496 2642 3568 δηλούμενον
2669 3499 2904 3572 Χριστὸν
2943 3498 3265 3571 ἡγούμενον,
3301 3501 3442 3554 κατὰ
3477 3503 3564 3564 τὰ,
3602 3523 3621 3556 ι
3665 3506 3798 3559 Ἀπὸ

2217 3584 2396 3650 ἐξόδου
2433 3587 2589 3656 λόγου
2629 3589 2724 3642 τοῦ
2768 3590 3131 3662 ἀποκριθῆναι
3179 3592 3270 3644 καὶ
3310 3592 3403 3645 τοῦ
3437 3593 3794 3665 οἰκοδομῆσαι

2228 3677 2578 3750 Ἰερουσαλὴμ
2604 3679 2709 3743 ἕως
2741 3680 2974 3749 Χριστοῦ
3001 3683 3322 3752 ἡγουμένου,
3356 3703 3374 3734 ι
3405 3684 3505 3737 οὐκ
3529 3685 3689 3740 ἄλλον
3713 3683 3791 3740 εἴ·

2215 3786 2302 3822 ναι
2324 3769 2416 3823 τοῦ
2442 3770 2740 3840 καταλόγου
2767 3773 2874 3825 τῶν
2905 3773 3042 3842 μετά
3067 3775 3164 3845 τὴν
3191 3776 3548 3847 προφητείαν,
3575 3780 3671 3831 καὶ
3694 3779 3790 3850 τὴν

2213 3861 2319 3915 ἀπὸ
2349 3863 2663 3926 Βαϐυλῶνος
2688 3864 2965 3928 ἐπάνοδον,
3012 3867 3372 3937 ἡγησαμένων
3413 3867 3506 3920 τοῦ
3538 3868 3670 3922 λαοῦ
3699 3871 3790 3941 ἀρε

2213 3953 2460 4025 χιερέων,
2502 3952 2593 4017 οὓς
2639 3956 2906 4025 Χριστοὺς
2960 3956 3078 4018 ἔθος
3126 3958 3418 4011 ἀποκαλεῖν
3459 3963 3524 4030 τῇ
3569 3961 3780 4032 Γραφῇ.

2210 4044 2418 4108 Μόνους
2440 4045 2547 4116 γὰρ
2571 4046 2792 4111 τούτους
2818 4046 3229 4118 καθηγήσασθαι
3264 4049 3357 4103 τοῦ
3385 4049 3590 4115 ἔθνους,
3619 4052 3786 4124 ἀρξα-

2213 4134 2404 4203 μένους
2431 4135 2539 4187 άπὸ
2574 4135 2746 4206 Ἰησοῦ
2785 4135 2878 4188 τοῦ
2915 4136 3178 4199 Ἰωσεδὲκ,
3216 4137 3308 4191 τοῦ
3337 4139 3528 4210 ίερὲως
3554 4141 3648 4194 τοῦ
3682 4160 3779 4212 με-

2207 4224 2392 4292 γάλου,
2431 4224 2569 4295 μετὰ
2611 4226 2708 4296 τὴν
2753 4225 2860 4279 tit-:2;
2899 4227 3217 4292 Βαϐυλῶνος
3247 4229 3520 4294 ἐπάνοδον,
3546 4233 3642 4285 καὶ
3685 4233 3780 4303 μὲ-

2207 4335 2297 4388 χρι
2327 4317 2434 4371 τῶν
2461 4319 2665 4390 χρόνων
2705 4321 2802 4391 τῆς
2827 4320 2919 4372 τοῦ
2962 4321 3210 4392 Σωτῆρος
3236 4323 3389 4394 ἡμῶν
3426 4324 3601 4396 Ἰησοῦ
3638 4329 3774 4398 Χρι-

529 4421 678 4488 Quos
709 4423 754 4476 si
788 4421 855 4474 ad
890 4421 1324 4490 quadringentos
1350 4420 1694 4489 septuaginta
1734 4420 1974 4489 quinque
2005 4419 2102 4472 ad-

2228 4411 2331 4464 πτοῦ
2372 4412 2670 4483 παρουσίας
2702 4414 3136 4484 παρειλήφαμεν.
3179 4412 3343 4486 Οἶμαι
3385 4417 3512 4485 γοῦν
3545 4420 3638 4472 τὸν
3681 4438 3775 4490 με-

525 4515 750 4575 rlideris,
786 4512 1156 4566 hebdomadas
1178 4525 1281 4564 Lxx
1310 4511 1590 4566 conﬁcies.
1627 4530 1645 4562 ›
1679 4509 1954 4565 Hactenus
1976 4511 2099 4579 qui-

524 4607 647 4661 dem
697 4605 1007 4659 Africanus.
1075 4603 1230 4669 Quod
1275 4605 1319 4657 si
1361 4619 1461 4659 nos
1518 4618 1736 4673 quoque
1778 4611 1992 4671 oportet
2041 4602 2095 4655 in

523 4695 795 4766 ejusmodi
855 4695 1004 4748 lucos
1075 4694 1350 4763 propriam
1410 4695 1984 4746 commemorationem
2037 4691 2093 4745 in

513 4781 751 4835 medium
807 4780 1033 4846 aﬁerre,
1077 4782 1199 4835 dico
1258 4796 1365 4834 non
1424 4783 1623 4836 frustra
1678 4798 1854 4851 neque
1896 4797 2101 4837 temere

511 4871 836 4928 divisionem
899 4874 968 4927 ab
1029 4873 1253 4927 oraculo
1315 4889 1438 4928 esse
1499 4875 1698 4928 factam
1757 4873 2097 4944 septuaginta

516 4966 1002 5020 hebdomadarum.
1035 4965 1170 5020 Nam
1218 4983 1340 5021 cum
1389 4983 1482 5022 eas
1516 4968 1760 5021 diviserit
1794 4969 1845 5022 in
1888 4970 2095 5038 primas

513 5067 738 5127 septem,
777 5076 838 5115 ac
878 5061 1071 5115 deinde
1121 5061 1172 5114 in
1207 5062 1344 5116 aiias
1388 5063 1666 5131 sexaginta
1697 5063 1856 5124 duas,
1888 5073 1942 5116 et
1973 5071 2095 5131 post

511 5150 742 5219 plurima
767 5191 780 5214 ,
805 5168 926 5220 qua:
950 5152 1122 5206 media
1151 5153 1588 5221 interponuntur,
1630 5169 1790 5205 unam
1822 5154 2089 5222 reliquam

510 5240 792 5307 adiecerit,
839 5257 904 5296 eo
940 5244 1100 5297 modo
1152 5259 1437 5298 munerum
1487 5243 1828 5312 septuaginta
1877 5243 2084 5300 hebdo-

511 5332 728 5386 madum
752 5317 1063 5401 complevit.
1114 5335 1254 5389 Dicit
1291 5337 1457 5406 igitur
1491 5356 1502 5389 :
1544 5355 1562 5385 ‹
1600 5335 1664 5387 Et
1699 5351 1999 5406 cognosces
2027 5345 2100 5395 et.

507 5424 778 5494 intelliges
814 5425 883 5479 ab
927 5429 1074 5480 exitu
1125 5430 1414 5490 sermonis,
1458 5435 1518 5481 ut
1558 5431 1989 5498 respondeatur,
2024 5436 2075 5483 et

505 5515 803 5571 aediﬁcetur
849 5517 1152 5573 Jerusalem
1209 5537 1382 5588 usque
1419 5521 1484 5573 ad
1529 5520 1810 5576 Christum
1854 5520 2071 5585 ducem,

505 5605 870 5662 hebdomades
888 5618 1116 5678 septem,
1135 5616 1189 5664 et
1209 5611 1576 5665 hcbdomades
1598 5612 1877 5681 sexaginta
1893 5612 2034 5665 duae.
2051 5632 2068 5663 ι

501 5696 708 5753 Deinde
737 5699 860 5755 aliis
889 5701 1217 5772 quihusdam
1249 5703 1589 5775 interpositis
1619 5705 1803 5769 rebus,
1831 5703 2073 5759 novissi~

2201 4501 2332 4567 ταξὺ
2374 4503 2560 4574 χρόνον
2603 4503 2700 4573 τῆς
2738 4503 2942 4555 τούτων
2981 4507 3334 4574 προστασίας,
3375 4506 3496 4558 καθ’
3530 4507 3590 4563 ὃν
3633 4511 3770 4579 ἡγή-

2201 4611 2381 4659 σαντο,
2417 4593 2705 4663 δηλοῦσθαι
2753 4593 2842 4647 διὰ
2881 4595 2996 4657 τοῦ,
3037 4615 3055 4648 ι
3104 4596 3234 4648 Ἀπὸ
3257 4597 3435 4660 ἐξόδου
3475 4598 3635 4668 λόγου
3673 4601 3764 4654 τοῦ

2197 4684 2557 4756 ἀποκριθῆναι
2595 4685 2688 4736 καὶ
2724 4685 2816 4737 τοῦ
2859 4686 3206 4755 οἰκοδομῆσαι
3267 4687 3618 4761 Ἰερουσαλὴμ
3663 4693 3764 4755 ἕως

2194 4775 2430 4849 Χριστοῦ
2462 4777 2782 4847 ἡγουμένου,
2818 4777 3108 4847 ὲϐδομάδες
3147 4777 3307 4842 ἑπτὰ,
3346 4780 3438 4832 καὶ
3473 4780 3762 4853 ὲϐδομάδες

2193 4872 2544 4943 ἑξηκονταδύο
2563 4890 2575 4903 ⁸
2612 4892 2631 4924 ι
2672 4873 2779 4926 τῶν
2803 4873 2938 4925 ὲτῶν
2964 4874 3019 4926 δὲ
3049 4874 3148 4940 τὰς
3177 4876 3495 4948 ἑϐδομάδας,
3537 4898 3764 4952 συναγο-

2193 4965 2357 5035 μένας
2383 4966 2461 5027 εἰς
2495 4963 2587 5035 ἔτη
2616 4965 2940 5035 τετρακόσια
2983 4967 3307 5036 ὀγδοήκοντα
3335 4971 3484 5039 τρία,
3530 4972 3640 5026 ἀπὸ
3666 4976 3760 5044 τῆς

2188 5055 2370 5128 Κύρου
2413 5056 2690 5126 βασιλείας
2731 5059 2820 5110 ἐπὶ
2853 5058 2949 5128 τὴν
2988 5059 3270 5128 Ῥωμαίων
3311 5063 3759 5131 παρεκτείνεσθαι

2186 5150 2377 5222 ἀρχὴν,
2411 5149 2530 5203 καθ’
2558 5151 2624 5222 ἢν
2666 5151 2943 5221 Πομπήϊος
2984 5151 3264 5222 Ῥωμαίων
3290 5156 3596 5223 στρατηγὸς
3637 5160 3754 5210 ἐπι-

2187 5240 2317 5303 στὰς
2341 5242 2452 5304 τοῖς
2493 5238 2901 5310 Ἰεροσολύμοις,
2928 5235 3041 5291 εἷλε
3077 5240 3174 5309 μὲν
3215 5240 3501 5313 πολιορκίᾳ
3529 5245 3630 5316 τὴν
3665 5245 3756 5298 πό-

2182 5333 2282 5397 λιν,
2317 5333 2377 5385 τὸ
2400 5333 2456 5386 δὲ
2488 5336 2595 5386 πᾶν
2636 5331 2784 5396 ἔθνος
2820 5333 3003 5385 δοῦλον
3039 5333 3326 5403 Ῥωμαίοις
3359 5339 3749 5409 κατεστήσατο.

2180 5427 2256 5490 ὡς
2287 5427 2380 5479 καὶ
2412 5426 2608 5496 φόρους
2652 5423 2710 5488 ἐξ
2734 5423 2940 5477 ἐκείνου
2975 5423 3166 5489 τελεῖν,
3196 5426 3289 5478 καὶ
3316 5429 3426 5488 τοῖς
3466 5428 3750 5499 Ῥωμαίων

2179 5515 2490 5587 πειθαρχεῖν
2517 5515 2898 5584 ἐπιτάγμασιν.
2949 5514 3070 5565 Ἐπὶ
3115 5513 3303 5566 τοῦτον
3337 5515 3465 5582 γοῦν
3507 5517 3600 5569 τὸν
3627 5517 3750 5591 χρό-

2177 5626 2266 5663 νον
2289 5611 2317 5661 ὁ
2338 5608 2444 5660 τῶν
2470 5606 2828 5680 τετρακοσίων
2851 5607 3174 5678 ὀγδοήκοντα
3226 5605 3391 5677 τριῶν
3416 5607 3552 5660 ἐτῶν
3595 5627 3748 5681 περι-

2175 5699 2414 5772 ορίζεται
2442 5698 2690 5770 ἀριθμὸς,
2727 5700 2810 5767 ἐφ’
2853 5697 2911 5750 ὃν
2940 5697 3033 5750 καὶ
3061 5695 3354 5768 κατέληξαν
3389 5698 3436 5749 al
3483 5699 3625 5753 κατὰ
3653 5699 3746 5756 τὸν
