4106 6420
293 331 396 387 613

1135 327 1784 384 DEMONSTRATIONIS
1821 328 2280 388 EV’ANGELlC/E
2321 331 2447 386 LIB.
2497 330 2627 384 Vill.

3445 334 3476 382 θ
3487 331 3502 382 l
3515 331 3547 382 -ί

294 447 542 510 Μωσέως
583 446 744 516 νόμον
797 447 862 498 ἐκ
913 445 1164 515 πατέρων
1207 445 1454 515 διαδοχῆς
1496 445 1597 516 τὴν
1636 462 1859 516 προστα·

1973 461 2115 499 mam
2151 447 2421 516 adjungit,
2452 448 2536 502 his
2560 449 2738 502 verbis
2766 462 2778 498 :
2821 465 2837 497 ι
2875 446 2940 499 Et
2959 445 3300 500 conﬁrmabit
3328 454 3546 516 pactum

286 539 408 592 σίαν
431 538 527 592 τοῦ
553 538 756 601 ἔθνους,
792 538 887 590 καὶ
914 537 1011 607 τὴν
1042 535 1339 608 ἱερωσύνην
1370 537 1702 607 διειληφότες
1725 555 1739 568 ’
1770 537 1864 602 οὓς

283 631 522 703 Χριστὸν
551 629 851 701 ἡγούμενον
875 629 974 700 τὴν
998 629 1146 682 οείαν
1183 629 1274 680 ἐπί
1303 628 1396 681 τοῦ
1430 630 1691 700 παρόντος
1725 630 1864 702 Γρα-

286 721 393 792 φὴν
418 721 701 791 ὀνομάζειν
729 718 1112 788 ὑπολαμϐάνω.
1148 720 1209 772 Ei
1235 719 1290 772 δὲ
1308 721 1422 790 ’χρὴ
1455 720 1547 772 καὶ
1575 719 1664 773 τὸν
1697 721 1866 774 κατά-

285 813 446 882 λογον
490 812 742 866 ἐκθέσθαι
779 812 876 882 τῆς
904 810 1011 864 τῶν
1041 812 1338 882 ἀρχιερέων
1375 812 1646 882 διαδοχῆς,
1677 811 1786 867 τῶν
1810 815 1867 866 ἐν

286 905 367 974 τῷ
396 904 710 975 δηλουμένῳ
738 900 937 974 μεταξὺ
965 901 1140 973 χρόνῳ
1159 901 1572 972 διαγενομένων,
1596 904 1690 956 καὶ
1710 902 1868 956 τοῦτο

285 995 464 1058 οὐδεὶς
508 995 698 1065 φθόνος
741 997 818 1056 είς
863 995 1202 1064 παράστασιν
1254 993 1353 1066 τῆς
1401 993 1508 1046 τῶν
1563 994 1869 1064 εἰρημένων

290 1086 550 1156 ἀληθείας
595 1084 940 1156 ποιήσασθαι.

1972 536 2158 590 multis
2205 536 2550 590 hebdomada
2597 552 2725 590 una.
2772 557 2790 588 ι
2825 536 2982 602 Quod
3028 545 3206 592 autem
3261 537 3378 592 hac
3436 553 3547 593 non

1968 625 2176 682 frustra
2209 643 2386 696 neque
2418 627 2624 696 absque
2666 628 2855 681 divino
2901 628 3080 682 aﬂiatu
3131 639 3334 684 temere
3375 629 3546 684 elIusa

1967 720 2099 781 sint,
2133 733 2323 773 eorum
2355 719 2446 788 qui
2467 719 2580 772 haec
2609 727 2870 787 tanquam
2899 719 2994 773 Dei
3023 719 3188 774 verba
3209 721 3547 791 acceperint,

1966 816 2288 878 negaturum
2345 809 2584 862 arbitror
2616 809 2907 864 neminem.
2943 809 3056 864 Hoc
3097 811 3266 881 igitur
3309 813 3546 882 primum

1967 905 2251 960 commode
2286 907 2443 960 nobis
2496 905 2674 959 visum
2715 915 2800 961 est
2845 905 3095 959 adnotari
3144 918 3420 976 oportere,
3468 908 3547 962 le-

1967 997 2329 1066 gentibusque
2361 1003 2420 1049 ut
2467 997 2694 1066 hujusce
2727 997 3045 1066 quaestionis
3078 998 3407 1066 exquisitam
3454 1013 3546 1054 so-

1967 1087 2227 1141 lutionem
2272 1088 2572 1152 inveniant,
2622 1088 2800 1142 locum
2843 1088 3168 1156 relinquere.
3202 1088 3457 1143 Attamen
3496 1089 3544 1144 si

293 1193 362 1232 ne
407 1193 508 1233 nos
535 1177 750 1246 quidem
797 1176 938 1246 quod
982 1176 1037 1229 in
1083 1184 1320 1230 mentem
1369 1175 1538 1239 venit,
1580 1177 1858 1232 occultare
1898 1184 2131 1246 oportet,
2201 1178 2325 1231 dico
2387 1179 2494 1232 alio
2524 1177 2761 1248 quodam
2799 1193 2967 1232 sensu
3011 1178 3290 1233 Christum
3321 1179 3539 1240 ducem.

290 1270 386 1341 qui
427 1269 484 1324 in
510 1269 753 1340 proxime
777 1268 1022 1338 exposita
1058 1269 1326 1338 scriptura
1361 1268 1702 1338 signiﬁcatur
1759 1284 1882 1324 esse
1921 1270 2319 1339 accipiendum,
2354 1271 2408 1325 in
2453 1270 2563 1325 illis
2611 1271 2799 1340 utique
2828 1271 3008 1324 verbis
3037 1286 3049 1320 :
3091 1290 3108 1320 ι
3135 1271 3217 1324 Ab
3245 1272 3394 1325 exitu
3423 1286 3542 1326 ser-

291 1360 474 1416 monis
529 1367 586 1412 ut
633 1358 1045 1428 respondeatur,
1077 1367 1128 1413 et
1189 1358 1487 1412 aediﬁcetur
1526 1357 1827 1414 Jerusalem
1865 1374 2039 1428 usque
2077 1360 2146 1412 ad
2195 1360 2472 1415 Christum
2512 1360 2728 1422 ducem,
2787 1380 2805 1412 ι
2847 1359 3092 1429 nihilque
3131 1361 3277 1414 aliud
3341 1361 3548 1416 intelli-

293 1452 531 1523 gendum
582 1465 744 1520 quam
801 1451 1033 1512 seriem,
1084 1451 1599 1520 successionemque
1646 1449 1983 1520 pontiﬁcum,
2045 1452 2138 1521 qui
2196 1459 2319 1521 post
2373 1451 2519 1505 illam
2570 1454 2742 1522 ipsam
2797 1452 3160 1522 prophetiam,
3198 1453 3545 1523 reditumque

294 1546 365 1600 de
395 1545 666 1615 Babylone
695 1544 891 1613 populo
917 1541 1144 1597 Judaico
1176 1541 1508 1613 praefuerint,
1535 1558 1672 1613 quos
1695 1542 1948 1599 Christos
1995 1545 2278 1600 nominare
2331 1560 2502 1601 sacrm
2550 1544 2767 1600 Litterae
2809 1553 3233 1600 consueverunt.
3264 1544 3374 1601 Hos
3395 1547 3543 1601 enim

294 1641 560 1695 duntaxat
588 1638 733 1709 genti
760 1637 1043 1707 praaluisse
1106 1636 1260 1691 initio
1295 1635 1440 1690 facto
1481 1637 1550 1692 ab
1595 1635 1824 1693 Josedec
1872 1638 2154 1692 sacerdote
2205 1653 2423 1708 magno,
2469 1645 2592 1708 post
2657 1638 2890 1693 reditum
2935 1639 3002 1693 de
3045 1637 3322 1708 Babylone
3371 1655 3544 1710 usque

296 1731 364 1784 ad
397 1738 641 1798 tempora
675 1728 937 1782 adventus
981 1725 1281 1782 Salvatoris
1346 1728 1520 1784 nostri
1571 1729 1904 1798 accepimus.
1952 1727 2200 1783 Arbitror
2233 1729 2398 1800 igitur
2450 1729 2834 1783 intermedium
2886 1741 3098 1798 tempus
3143 1746 3251 1799 quo
3289 1730 3365 1783 illi
3403 1746 3542 1800 prae-

295 1823 518 1875 fuerunt
583 1819 875 1889 signiﬁcari
936 1819 1044 1874 illis
1107 1818 1346 1874 verbis:
1411 1838 1430 1870 ι
1511 1819 1593 1874 Ab
1640 1821 1789 1874 exitu
1850 1820 2120 1876 sermonis
2179 1826 2238 1873 ut
2299 1818 2708 1888 respondeatur,
2745 1827 2801 1871 et
2875 1818 3172 1872 aediﬁcetur
3241 1817 3544 1874 Jerusalem

296 1929 473 1983 usque
523 1909 589 1964 ad
637 1911 914 1966 Christum
970 1910 1188 1975 ducem,
1250 1909 1613 1965 hebdomades
1651 1921 1853 1980 septem
1893 1918 1947 1965 et
2000 1910 2366 1966 hebdomades
2392 1910 2671 1980 sexaginta
2709 1908 2869 1974 duae;
2901 1928 2919 1960 ι
2953 1924 3218 1962 annorum
3249 1925 3377 1964 vero
3411 1910 3545 1966 beb-

293 2003 581 2068 domadas,
637 2003 680 2058 si
716 2004 1030 2075 redigantur
1077 2004 1134 2058 in
1183 2018 1390 2068 annos,
1442 2004 1868 2074 quadringentos
1906 2005 2180 2074 octoginta
2212 2013 2344 2070 tres,
2381 2019 2410 2057 a
2446 2019 2614 2072 regno
2642 2004 2767 2074 Cyri
2813 2019 2986 2072 usque
3057 2003 3123 2056 ad
3170 2002 3542 2058 Romanorum

291 2095 583 2164 imperium
603 2095 910 2165 prapagari,
964 2110 1074 2164 quo
1131 2103 1376 2165 tempore
1431 2094 1723 2165 Pompeius
1776 2094 2142 2150 Romanorum
2175 2098 2471 2164 imperator
2501 2093 2872 2164 Hierosolyma
2902 2110 3218 2164 aggressus,
3241 2095 3530 2150 obsidione

293 2191 518 2261 quidem
542 2190 728 2245 urbem
753 2191 924 2259 ipsam
957 2190 1123 2260 cepit,
1187 2197 1354 2245 totam
1411 2205 1540 2246 vero
1594 2199 1805 2262 gentem
1841 2189 2104 2245 Romanis
2136 2190 2296 2261 392
2357 2189 2562 2245 servire
2610 2190 2808 2258 coegit,
2861 2203 3032 2258 usque
3072 2188 3228 2254 adeo,
3263 2195 3320 2241 ut
3354 2204 3419 2242 ex
3447 2188 3541 2241 illo

293 2291 542 2352 tempore
569 2291 622 2336 et
651 2282 848 2336 tributa
885 2283 1126 2352 pendens
1152 2291 1206 2338 et
1228 2281 1598 2338 Romanorum
1624 2284 1875 2353 jussibus
1913 2284 2298 2353 obtemperans
2325 2281 2506 2336 fuerit.
2535 2282 2615 2334 Ad
2665 2281 2770 2334 hoc
2806 2281 2972 2349 igitur
3013 2288 3248 2350 tempus,
3279 2279 3539 2349 quadrin-

296 2385 588 2445 gentorum
637 2375 913 2444 octoginta
977 2377 1140 2430 trium
1185 2391 1452 2430 annorum
1498 2392 1762 2432 numerus
1807 2377 2048 2438 ducitur,
2118 2377 2172 2430 in
2216 2390 2324 2445 quo
2393 2374 2714 2437 desierunt,
2759 2373 2852 2441 qui
2901 2371 3201 2427 secundum
3245 2371 3541 2427 Mosaicam

290 2466 468 2536 legem
529 2481 592 2520 ex
627 2465 894 2534 majorum
949 2469 1300 2523 successione
1356 2484 1420 2522 ac
1476 2471 1636 2534 serie,
1667 2470 1833 2524 totius
1860 2471 2037 2540 gentis
2082 2468 2446 2539 principatum
2495 2473 2548 2520 et
2596 2465 2962 2519 sacerdotium
3015 2464 3338 2534 capiebant,
3391 2480 3536 2534 quos

291 2556 574 2612 Christum
613 2557 806 2610 ducem
851 2573 881 2610 a
931 2555 1216 2628 Scriptura
1260 2559 1440 2614 divina
1482 2561 1584 2616 hoc
1617 2562 1674 2616 in
1723 2563 1843 2617 loco
1905 2560 2176 2616 nominari
2235 2557 2502 2627 suspicor.
2538 2555 2694 2622 Quod
2734 2557 2780 2612 si
2803 2572 2940 2626 opus
2975 2565 3058 2610 est
3119 2556 3534 2610 enumeratione

292 2665 512 2720 quoque
543 2649 641 2712 uti,
672 2656 726 2702 et
774 2649 997 2718 quinam
1040 2650 1132 2705 illo
1163 2651 1484 2706 intermedio
1525 2660 1768 2724 tempore
1800 2655 1864 2708 de
1893 2667 2002 2724 quo
2059 2649 2351 2720 loquimur,
2386 2649 2584 2717 quibus
2649 2648 3037 2710 successerint,
3072 2647 3359 2717 locumque
3386 2647 3536 2700 illum

295 2742 455 2797 tutati
497 2742 626 2806 sint,
663 2756 954 2810 exponere,
1014 2757 1082 2798 ne
1129 2743 1232 2798 hoc
1273 2745 1490 2814 quidem
1541 2746 1718 2801 facere
1760 2744 2129 2817 gravabimur,
2176 2749 2235 2796 ut
2285 2755 2472 2796 eorum
2497 2755 2617 2810 quae
2644 2740 2788 2793 dicta
2829 2749 2976 2803 sunt,
3024 2740 3307 2794 veritatem
3362 2745 3543 2792 osten-

298 2837 508 2890 damus.

367 2925 584 2997 Πρῶτος
613 2925 790 2978 τοίνυν
831 2927 967 2996 μετὰ
1011 2927 1109 2998 τὴν
1145 2929 1236 2982 τοῦ
1275 2931 1469 3003 Δανιὴλ
1520 2933 1852 3006 προφητείαν

2045 2925 2288 2981 Primum
2331 2908 2496 2994 igitur
2539 2927 2660 2990 post
2710 2918 2883 2989 ipsius
2929 2917 3119 2974 Daniel
3161 2919 3534 2988 prophetiam,

299 3019 391 3073 ἐπὶ
437 3017 616 3090 Κύρου
669 3016 763 3069 τοῦ
822 3016 1084 3087 βασιλέως
1127 3020 1372 3092 Περσῶν,
1433 3023 1567 3093 μετὰ
1611 3024 1709 3095 τὴν
1757 3024 1859 3077 ἀπὸ

1965 3019 2111 3091 Cyro
2147 3015 2289 3087 apud
2335 3013 2533 3068 Persas
2578 3018 2859 3080 regnante,
2893 3017 3017 3078 post
3063 3009 3295 3062 reditum
3341 3011 3407 3064 de
3439 3009 3541 3065 Ba-

300 3109 613 3173 Βαϐυλῶνος
659 3108 932 3173 ἐπάνοδον,
973 3111 1177 3182 Ἰησοῦς
1220 3116 1248 3167 6
1285 3113 1378 3167 τοῦ
1431 3115 1694 3178 Ἰωσεδὲκ,
1727 3118 1756 3168 6
1793 3116 1859 3168 ίε-

1964 3112 2180 3184 bylone,
2210 3108 2372 3164 Iesus
2415 3107 2559 3160 [ilius
2587 3101 2836 3164 Josedec,
2871 3101 2963 3171 qui
3011 3101 3267 3156 sacerdos
3298 3117 3528 3172 magnus

301 3206 424 3277 ρεὺς
475 3205 504 3257 6
567 3204 737 3275 μέγας
786 3207 1153 3276 χρηματίσας,
1205 3208 1318 3278 ἅμα
1369 3207 1672 3280 Ζοροϐάϐελ
1722 3209 1859 3263 ἄνει-

1964 3212 2049 3259 cst
2079 3203 2279 3266 dictus,
2312 3214 2420 3254 una
2452 3211 2574 3252 cum
2611 3191 2913 3246 Zorobabel
2959 3189 3025 3244 de
3064 3189 3393 3260 Babylonica
3421 3208 3539 3245 sei--

300 3314 383 3350 σιν
440 3297 546 3350 ἀπὸ
602 3297 700 3366 τῆς
760 3297 1165 3369 αἰχμαλωσίας,
1217 3299 1308 3351 καὶ
1365 3279 1644 3370 θεμελίους
1702 3318 1859 3353 κατα-

1962 3294 2134 3346 vitute
2164 3288 2482 3350 revertitur,
2522 3293 2576 3339 et
2606 3283 2685 3337 sic
2713 3279 3070 3334 fundamenta
3103 3280 3288 3349 templi
3316 3281 3536 3350 jaciun—

298 3386 547 3441 ϐάλλεται
608 3389 700 3442 τοῦ
768 3389 935 3461 ίεροῢ.
997 3387 1133 3441 Ἀλλ’
1192 3389 1566 3459 ὲπισχεθέντος
1631 3390 1722 3443 τοῦ
1770 3390 1862 3461 έρ-

296 3497 392 3548 γου
434 3478 539 3532 ὑπὸ
576 3479 682 3532 τῶν
715 3480 1026 3552 περιοίκων,
1060 3481 1114 3533 αἱ
1157 3480 1370 3552 πρῶται
1404 3479 1543 3534 ἐπτὰ
1576 3481 1862 3552 ἐϐδομάδες

295 3571 402 3623 τῶν
433 3571 567 3623 ἐτῶν
597 3572 653 3624 αί
699 3573 784 3626 διὰ
815 3572 909 3626 τοῦ
977 3575 1252 3644 προφήτου
1298 3573 1621 3644 δηλούμεναι
1655 3591 1861 3645 συμπε-

298 3663 590 3736 ραιοῦνται,
627 3665 746 3718 καθ’
781 3665 847 3728 ἃς
874 3665 1058 3728 ἀτελὲς
1087 3665 1299 3736 διέμενε
1340 3665 1401 3718 τὸ
1450 3665 1606 3738 ἔργον
1644 3665 1742 3735 τῆς
1767 3665 1861 3718 τοῦ

293 3754 423 3807 ναοῦ
452 3755 755 3825 οἰκοδομῆς.
787 3757 985 3829 Διόπερ
1030 3761 1058 3811 ό
1108 3757 1248 3821 θεῖος
1288 3756 1444 3826 λόγος
1485 3758 1584 3823 τῆς
1619 3757 1862 3826 συναφῆς

292 3849 403 3901 τῶν
438 3849 636 3902 λοιπῶν
665 3850 971 3922 ἑϐδομάδων
1013 3850 1260 3922 ἀφορίζει
1306 3851 1405 3914 τὰς
1442 3849 1660 3922 πρώτας
1699 3850 1857 3915 ἑπτὰ,

293 3941 513 4008 είπὼν,ι
534 3943 853 4016 Ἑϐδομάδες
870 3946 1027 4010 ἑπτά,
1043 3965 1060 3997 ι
1081 3943 1249 3997 ἔπειθ’
1274 3944 1401 4014 ἐξῆς
1427 3943 1564 4015 μετὰ
1583 3944 1862 4014 διαστολῆς

292 4035 607 4104 ἐπαγαγών,
652 4055 670 4088 ι
711 4039 819 4089 Καὶ
862 4036 1154 4107 ἐϐδομάδες
1199 4033 1567 4104 ἑξηκονταδύο.
1625 4053 1642 4086 ι
1691 4034 1861 4086 Ἑπτὰ

291 4125 426 4196 γοῦν
457 4126 563 4180 ἀπὸ
596 4125 778 4198 Κύρου
812 4127 905 4179 καὶ
937 4128 1028 4179 ἐπὶ
1074 4127 1172 4198 τὴν
1208 4124 1597 4196 συμπλήρωσιν
1628 4125 1728 4194 τῆς
1766 4123 1860 4176 τοῦ

292 4218 442 4291 ίεροῦ
472 4218 758 4288 οἱκοδομῆς
792 4217 1084 4289 ἐϐδομάδες
1115 4216 1248 4271 ἐτῶν
1276 4217 1630 4288 εὑρίσκονται.
1671 4214 1860 4268 Ἔνθεν

1962 3392 2075 3440 tur.
2123 3381 2228 3436 Sed
2275 3380 2404 3434 dum
2451 3393 2479 3432 a
2526 3373 2722 3430 vicinis
2773 3371 3067 3442 impeditur
3118 3385 3279 3440 opus,
3331 3382 3535 3442 septem

1963 3477 2150 3548 prima:
2177 3486 2444 3528 annorum
2474 3465 2864 3528 hebdomades,
2897 3478 3035 3533 quas
3073 3463 3341 3533 propheta
3378 3463 3538 3528 dicit,

1963 3569 2230 3630 abierunt,
2261 3562 2461 3634 quibus
2485 3559 2672 3629 templi
2703 3555 2988 3612 aediﬁcatio
3031 3555 3283 3608 inchoata
3318 3569 3536 3610 reman-

1962 3661 2054 3716 sit.
2080 3657 2196 3724 Qua
2227 3655 2294 3710 de
2324 3667 2488 3727 causa
2517 3650 2760 3704 divinum
2791 3647 3071 3701 oraculum
3097 3645 3301 3714 primas
3327 3651 3533 3715 septem

1963 3749 2332 3807 hebdomadas
2362 3762 2392 3799 a
2423 3744 2636 3811 reliqua
2661 3753 2870 3796 summa
2910 3737 3198 3807 disjungit,
3228 3735 3355 3790 dum
3378 3736 3531 3798 dicit,

1977 3863 1994 3896 ι
2036 3839 2411 3898 Hebdomades
2457 3843 2700 3906 septem,
2736 3852 2754 3884 ι
2790 3847 2854 3885 ac
2887 3829 3084 3884 deinde
3133 3844 3200 3884 ex
3249 3828 3541 3886 intervallo

1963 3934 2206 4005 adiungit
2227 3953 2239 3987 :
2263 3952 2281 3983 ι
2306 3931 2372 3985 Et
2397 3924 2766 3984 hebdomades
2789 3922 3067 3991 sexaginta
3091 3921 3234 3976 duae.
3264 3939 3284 3972 ι
3315 3918 3533 3990 Septem

1963 4029 2184 4098 igitura
2225 4026 2368 4095 Cyro
2418 4022 2485 4076 ad
2535 4018 2716 4088 templi
2765 4015 3178 4070 aediﬁcationem
3228 4013 3533 4068 absolutam

1963 4133 2228 4174 annorum
2296 4113 2661 4168 hebdomades
2720 4107 3090 4176 reperiuntur.
3143 4103 3273 4160 Inde
3320 4104 3538 4160 animos

1962 4217 2238 4267 sumentes
2267 4206 2436 4261 Judaei
2475 4205 2541 4258 ad
2581 4202 2916 4255 Salvatorem
2951 4207 3198 4252 nostrum
3230 4195 3522 4251 dicebant:

292 4288 599 4381 ὁρμώμενοι
654 4310 730 4380 τῷ
783 4288 994 4381 Σωτῆρι
1052 4309 1206 4380 ἡμῶν
1251 4309 1432 4377 ἔλεγον
1487 4310 1534 4360 oi
1581 4308 1854 4360 Ἰουδαῖοι·

1965 4322 1984 4354 ι
2023 4299 2388 4369 Quadraginta
2417 4304 2470 4350 et
2500 4311 2591 4349 sex
2623 4291 2782 4346 annis
2809 4289 3132 4344 aediﬁcatum
3164 4294 3248 4343 est
3270 4288 3528 4357 templum

299 4421 318 4453 ι
351 4401 760 4473 Τεσσαράκοντα
785 4403 876 4454 καὶ
908 4403 965 4469 ἒξ
993 4401 1166 4456 ἐτεσιν
1198 4401 1514 4473 ᾠκοδομήθη
1546 4401 1574 4452 ό
1612 4401 1735 4464 ναὸς
1767 4394 1856 4454 οὗ·-

291 4510 406 4556 τος,
433 4493 526 4545 καὶ
555 4493 618 4546 σὺ
652 4494 709 4546 ἐν
734 4494 908 4564 τρισὶν
943 4493 1174 4564 ἡμέραις
1199 4493 1411 4565 ἐγερεῖς
1437 4492 1628 4555 αὐτόν;
1663 4511 1682 4542 ›
1720 4490 1854 4543 Ἀλλ’

293 4574 437 4638 οὗτοι
473 4583 570 4654 μὲν
607 4583 1010 4655 τεσσαράκοντα
1053 4584 1145 4636 καὶ
1176 4582 1235 4647 ἓξ
1275 4583 1447 4636 ἐτεσιν
1481 4580 1856 4652 ᾠκοδομῆσθαι

292 4676 384 4728 τὸν
425 4677 546 4729 ναὸν
597 4675 830 4746 ἔφασανο
866 4675 1104 4728 τοσαῦτα
1135 4674 1242 4746 γὰρ
1280 4674 1386 4728 ἀπὸ
1423 4670 1636 4744 πρώτου
1672 4671 1855 4741 Κύρου

297 4765 586 4836 βασιλείας,
609 4767 667 4830 ὃς
690 4766 903 4836 πρῶτος
925 4767 1093 4836 ἀνῆκε
1126 4765 1226 4834 τῆς
1259 4763 1572 4827 Βαϐυλῶνος
1594 4764 1719 4826 τοὺς
1745 4761 1858 4832 βου-

293 4857 550 4927 λομένους
587 4858 694 4911 τῶν
732 4859 994 4912 Ἰουδαίων
1031 4860 1110 4922 είς
1145 4858 1242 4928 τὴν
1273 4856 1478 4909 οἰκείαν
1502 4855 1604 4924 γῆν
1644 4852 1858 4906 ἐπανιέ-

293 4965 403 5013 ναι,
437 4951 529 5003 ἐπὶ
552 4949 610 5002 τὸ
633 4950 784 5003 ’ἐκτον
811 4951 928 5013 ἔτος
963 4949 1186 5020 Δαρείου
1230 4947 1500 5018 βασιλείας
1542 4945 1853 5012 συνάγεται,

297 5039 418 5092 καθ’
442 5039 499 5092 δν
522 5041 582 5093 τὸ
612 5043 718 5094 πᾶν
751 5041 908 5112 ἔργον
931 5041 1032 5110 τῆς
1058 5039 1338 5108 οίκοδομῆς
1369 5037 1519 5099 τέλος
1545 5035 1765 5106 εἴληφεν
1783 5051 1796 5064 ο
1828 5035 1857 5086 ὃ

298 5148 360 5200 γε
394 5133 498 5203 μὴν
524 5133 580 5198 ἐξ
617 5133 881 5204 Ἐϐραίων
917 5131 1174 5202 Ἰώσηπος
1207 5130 1298 5183 καὶ
1337 5129 1491 5183 ἄλλον
1521 5129 1705 5199 τριετῆ
1739 5126 1857 5198 χρόα

297 5240 385 5277 νον
408 5226 486 5287 είς
505 5224 602 5296 τὴν
623 5223 728 5276 τῶν
757 5224 953 5291 ἔξωθεν
976 5222 1082 5276 τῶν
1105 5223 1245 5293 ἀμφὶ
1270 5221 1360 5274 τὸν
1383 5221 1504 5274 ναδν
1529 5234 1858 5273 κατασκευα-

299 5315 514 5384 σμάτων
566 5315 954 5387 συμπλήρωσιν
1019 5315 1250 5385 ἔφησεν,
1311 5311 1438 5365 ὥστ’
1492 5311 1713 5373 εἰκότως
1767 5307 1856 5362 διὰ

293 5404 464 5458 ταῦτα
484 5405 580 5469 τὰς
603 5407 740 5460 ἐπτὰ
767 5407 986 5479 πρώτας
1009 5405 1324 5477 ἑϐδομάδας.
1350 5405 1428 5468 είς
1461 5402 1555 5469 ἐτη
1583 5401 1736 5454 ἐννέα
1762 5399 1855 5453 καὶ

294 5497 692 5569 τεσσαράκοντα
745 5500 1138 5562 συντεινούσας,
1186 5496 1510 5570 ἀφωρίσθαι,
1569 5492 1709 5547 κατὰ
1762 5493 1854 5545 τὸν

292 5589 390 5662 *ἧς
429 5591 758 5663 προφητείας
801 5593 987 5662 λόγον·
1024 5592 1122 5655 τὰς
1165 5591 1221 5644 δὲ
1265 5587 1454 5651 λοιπάς
1500 5583 1854 5656 ἑξηκονταδύο

361 5745 403 5778 ⁹¹
434 5743 587 5801 Joan.
621 5762 678 5813 ιι,
721 5746 774 5803 8.
1602 5755 1646 5790 ν

1958 4398 2080 4460 hoc,
2112 4403 2166 4450 et
2207 4401 2264 4446 tu
2290 4393 2343 4445 in
2387 4389 2564 4443 tribus
2597 4386 2792 4441 diebus
2828 4382 3090 4440 cxcitabis
3135 4379 3268 4435 illud
3288 4380 3373 4432 In‘?
3411 4400 3428 4431 ι
3459 4380 3530 4434 At

1959 4486 2035 4540 illi
2074 4483 2291 4554 quidem
2339 4475 2698 4549 quadraginta
2745 4482 2800 4530 et
2847 4489 2944 4530 sex
2999 4471 3157 4528 annis
3203 4470 3526 4526 aediﬁcatum

1957 4592 2080 4631 esse
2109 4573 2365 4642 templum
2395 4569 2581 4623 dixere
2617 4583 2632 4620 :
2666 4573 2746 4620 tot
2785 4564 2931 4620 enim
2962 4579 2990 4617 a
3020 4578 3186 4633 regno
3229 4562 3355 4632 Cyri
3384 4561 3530 4630 prio-

1957 4643 2056 4730 ris,
2103 4665 2194 4736 qui
2246 4663 2455 4733 primus
2495 4658 2807 4713 Judaaorum
2857 4655 3162 4724 quibusque
3217 4651 3528 4707 volentibus

1957 4757 2227 4815 concessit
2255 4757 2320 4810 de
2345 4753 2614 4823 Babylone
2643 4751 2696 4802 in
2730 4749 2960 4819 patriam
2992 4755 3192 4801 terram
3212 4746 3430 4806 reverti,
3459 4744 3523 4797 ad

1958 4857 2170 4909 sextum
2222 4846 2368 4899 Darii
2408 4843 2562 4914 regni
2605 4856 2831 4904 annum,
2878 4837 3244 4906 colliguntur:
3280 4836 3380 4890 sub
3415 4851 3524 4904 quo

1958 4942 2136 4998 omnis
2180 4936 2467 4993 aediﬁcatio
2496 4934 2656 4987 ﬁnem
2697 4930 2927 4998 accepit.
2962 4927 3066 4981 Sed
3105 4924 3399 4994 Josephus,
3430 4939 3527 4976 au-

1957 5041 2076 5087 ctor
2099 5029 2377 5089 Hebraeus,
2412 5025 2548 5080 alios
2572 5031 2686 5077 tres
2716 5035 2889 5074 annos
2910 5017 3158 5086 adjungit
3207 5016 3273 5069 ad
3297 5029 3382 5077 ea,
3406 5030 3528 5083 quae

1957 5121 2156 5191 templo
2181 5118 2521 5172 extrinsecus
2544 5110 2808 5166 accedunt
2828 5117 3148 5164 ornamenta
3169 5105 3522 5164 absolvenda,

1957 5219 2016 5266 ut
2028 5218 2313 5280 propterea
2331 5205 2527 5260 merito
2539 5210 2744 5273 septem
2766 5200 2974 5270 primas
2995 5196 3384 5258 hebdomadas,
3405 5211 3525 5265 qua:

1958 5315 2224 5359 summam
2253 5295 2611 5368 quadraginta
2645 5306 2836 5345 novem
2883 5304 3152 5343 annorum
3193 5288 3522 5352 conﬁciunt,

1956 5411 1986 5449 a
2014 5391 2225 5449 caeteris
2255 5387 2534 5444 oraculum
2564 5382 2941 5454 propheticum
2979 5381 3335 5451 separavcrit,
3355 5386 3409 5435 et
3437 5393 3523 5433 re-

1957 5487 2134 5558 liquas
2190 5481 2466 5552 sexaginta
2517 5477 2654 5532 duas
2704 5490 2733 5528 a
2794 5473 2943 5528 Darii
3010 5489 3176 5544 regno
3235 5487 3524 5529 numerare

1956 5579 2233 5650 contingat
2281 5591 2294 5626 :
2346 5572 2449 5630 sub
2503 5585 2613 5642 quo
2667 5582 2889 5624 rursum
2953 5565 3112 5624 Jesus
3169 5567 3315 5622 ﬁlius
3362 5563 3529 5622 Iose-

3269 6055 3274 6064 ,
3365 5935 3552 6033 Γ
