4110 6410
559 289 666 344 613

1161 281 1433 340 EUSEBII
1471 280 1947 339 CESARIENSIS
1983 282 2135 340 OPP.
2175 281 2358 338 PARS
2391 281 2459 339 ll.
2497 312 2568 324 —
2605 280 3108 345 APOLOGETICA.

3702 295 3811 369 διδ,

557 406 698 469 dec,
742 408 796 458 et
841 397 1145 455 Zorobabel
1201 397 1346 453 ﬁlius
1412 395 1711 465 Salathiel,
1772 415 1899 455 cum
1951 399 2132 455 adhuc

2234 398 2339 453 ἀπὸ
2377 399 2477 470 τῆς
2517 399 2739 472 Δαρείου
2783 401 3238 473 καταριθμεῖσθαι
3272 402 3548 474 βασιλείας
3580 408 3806 479 συμϐαί*

558 495 719 567 393
743 493 1010 555 viverent,
1039 489 1200 545 ambo
1228 489 1614 546 instaurationi
1655 492 1842 562 templi
1896 492 2132 562 praefue-

559 592 709 650 runt,
744 581 1043 653 prophetiae.
1095 596 1296 635 munus
1327 580 1545 636 interim
1596 583 1981 638 exercentibus
2023 583 2132 652 Ag-

557 692 674 749 δίει)
699 683 755 731 et
782 673 1069 738 Zacharia,
1099 683 1221 744 post
1243 689 1382 743 quos
1408 672 1613 731 Esdras
1654 682 1707 729 et
1744 673 2037 730 Neliemias
2066 675 2134 730 de

556 770 832 841 Babylone
873 767 1059 822 itidem
1111 765 1339 825 reversi,
1374 781 1593 819 murum
1654 765 2134 821 circumdederunt

557 860 791 916 civitati.
852 857 1008 913 Tunc
1067 868 1247 912 autem
1295 856 1669 926 pontiﬁcatum
1718 857 2135 913 administrabat

557 949 831 1015 Joachim,
859 948 952 1013 qui
996 948 1124 1004 Jesu
1152 948 1245 1003 ﬁlii
1294 948 1525 1005 Josedec
1580 949 1726 1006 ﬁlius
1782 951 1979 1015 fuerat,
2009 960 2135 1022 post

558 1060 720 1118 quem
754 1044 1023 1101 successit
1054 1042 1296 1110 Eliasib;
1335 1043 1532 1099 deinde
1560 1042 1752 1107 Jodae,
1785 1057 1945 1112 quem
1977 1056 2137 1096 secu-

559 1143 651 1192 tus
696 1142 782 1192 est
822 1133 1124 1201 Jonathas;
1176 1134 1323 1189 hunc
1381 1134 1595 1205 excepit
1639 1132 1867 1190 Jaddus.
1927 1132 2133 1189 Horum

560 1229 724 1284 etiam
758 1226 903 1297 apud
940 1225 1169 1281 Esdram
1198 1227 1256 1281 ﬁt
1274 1227 1498 1287 ruentia,
1523 1225 1610 1280 his
1637 1225 1857 1281 verbis:
1897 1244 1915 1276 ι
1952 1223 2017 1278 Et
2043 1223 2137 1280 Je-

451 1384 457 1389 ,
558 1332 656 1373 sus
693 1318 881 1386 genuit
905 1315 1177 1378 .Ioacbim,
1211 1324 1266 1370 et
1316 1314 1565 1369 Joacbim
1599 1315 1786 1386 genuit
1817 1314 2041 1382 Eliasib,
2080 1322 2136 1369 et

559 1407 766 1463 Eliasih
810 1407 998 1477 genuit
1037 1404 1228 1469 Jodae,
1255 1417 1306 1462 et
1331 1405 1501 1461 Jodae
1542 1407 1731 1477 genuit
1755 1406 2051 1472 Jonatban,
2081 1414 2135 1462 et

556 1499 828 1556 Jonathan
858 1501 1043 1569 genuit
1068 1498 1382 1554 Jaddnm“.
1418 1518 1436 1551 ι
1470 1497 1739 1569 Tempore
1757 1507 1939 1554 autem
1969 1498 2134 1568 hujus

556 1593 755 1658 Jaddn,
787 1593 1095 1648 Alexander
1116 1592 1340 1648 Macedo
1364 1592 1750 1647 Alexandriam
1778 1590 2042 1659 condidit,
2073 1598 2135 1645 ut

557 1685 834 1756 Josephus
859 1686 1125 1755 scriptum
1164 1684 1409 1754 reliquit,
1437 1691 1492 1738 et
1522 1682 1898 1755 Hierosolyma
1921 1684 2135 1753 ingres-

561 1793 655 1832 sus
684 1775 851 1831 Deum
884 1776 1155 1831 adoravit.
1188 1775 1435 1831 Mortuus
1470 1783 1556 1830 est
1593 1785 1775 1831 autem
1827 1774 2133 1831 Alexander

558 1866 782 1921 ineunte
829 1869 1128 1921 centesima
1188 1873 1243 1920 et
1287 1873 1483 1935 quarta
1534 1862 1747 1918 decima
1804 1862 2130 1934 Olympiade,

558 1966 683 2028 post
714 1956 917 2028 Cyrum
947 1956 1200 2011 ducentis
1260 1956 1481 2027 triginta
1525 1971 1621 2009 sex
1652 1955 1835 2018 annis,
1865 1954 1957 2023 qui
1989 1952 2132 2022 apud

556 2048 755 2104 Persas
799 2064 1030 2119 regnare
1075 2048 1244 2118 cmpit
1303 2050 1527 2104 ineunte
1580 2045 1888 2117 Olympiade
1942 2045 2133 2114 quinta

558 2156 725 2211 supra
755 2139 1251 2211 quadragesimant.
1272 2139 1405 2195 Post
1430 2147 1661 2195 mortem
1692 2152 1819 2193 vero
1840 2135 2132 2191 Alexandri

558 2233 895 2294 Macedonis,
915 2238 969 2286 et
1007 2239 1129 2300 post
1169 2246 1334 2300 quem
1364 2230 1609 2301 proxime
1636 2227 1876 2284 diximus
1914 2226 2133 2297 pontiﬁ-

557 2340 698 2388 cem,
729 2324 898 2379 Ouias
942 2324 1058 2392 ipse
1081 2337 1300 2393 quoque
1343 2322 1692 2393 pontiﬁcatus
1713 2321 1919 2375 honore
1942 2334 2132 2375 susce-

557 2427 672 2488 pto,
699 2417 846 2486 genti
880 2414 1097 2486 praefuit
1126 2434 1139 2470 :
1163 2414 1325 2485 cujus
1348 2412 1687 2483 temporibus
1717 2427 1842 2467 cum
1870 2411 2131 2467 Seleucus

556 2509 886 2580 Babylonem
915 2508 1173 2576 cepisset,
1203 2507 1347 2560 Asia:
1384 2505 1494 2560 sibi
1541 2504 1791 2560 diadema
1820 2503 2130 2559 circumde-

556 2599 658 2662 dit.
688 2615 833 2653 anno
859 2605 983 2668 post
1025 2597 1323 2652 Alexandri
1369 2605 1598 2650 mortem
1647 2593 1992 2662 duodecimo.
2047 2593 2130 2647 Ad

556 2706 718 2762 quem
747 2707 778 2745 a
813 2690 957 2761 Cyro
982 2689 1397 2759 incipientibus,
1424 2689 1604 2743 omnis
1633 2687 1896 2757 temporis
1918 2699 2131 2740 summa

559 2799 825 2838 annorum
875 2783 1234 2837 ducentorum
1279 2780 1639 2850 quadraginta
1672 2787 1797 2832 octo
1837 2778 2128 2849 colligitur.

557 2874 641 2928 Ab
673 2876 776 2930 hoc
808 2875 927 2944 ipso
957 2883 1200 2944 tempore
1239 2871 1553 2926 Grmcorum
1584 2885 1809 2940 regnum
1842 2882 2132 2923 numerare

559 2968 751 3038 incipit
824 2965 1259 3021 Machabreorum
1333 2964 1581 3018 historia.
1641 2962 1944 3027 Craterum,
2009 2970 2133 3030 post

559 3057 753 3115 Oniam
801 3056 1115 3111 Iuda-orum
1171 3043 1416 3124 suscepit
1471 3054 1837 3124 principatum
1889 3054 2132 3123 pontifex

559 3151 873 3213 Eleazarus,
908 3149 1009 3203 sub
1041 3164 1149 3218 quo
1192 3145 1335 3200 LXX
1366 3146 1480 3221 oviri
1520 3146 1735 3200 divinas
1787 3146 2131 3215 interpretati

562 3242 908 3311 Scripturas,
954 3239 1339 3295 Alexandrinis
1388 3238 1736 3293 bibliothecis
1787 3237 2129 3293 dedicarunt.

560 3334 690 3389 Post
721 3336 865 3388 hunc
918 3341 1144 3387 secutus
1190 3339 1274 3386 est
1326 3333 1464 3385 alter
1493 3328 1696 3386 Onias:
1729 3331 1818 3385 cui
1867 3331 2135 3386 successit

562 3420 775 3488 Simon,
800 3425 962 3494 cujus
996 3432 1322 3494 tempestate
1350 3421 1512 3478 Jesus
1549 3423 1692 3478 lilius
1745 3422 1940 3478 Sirach
1990 3422 2133 3477 fama

560 3518 793 3575 celebris
822 3518 945 3581 luit,
976 3519 1070 3589 qui
1106 3517 1433 3587 Sapientiam
1465 3516 1624 3571 titulo
1657 3517 1838 3572 omnia
1870 3517 2134 3571 virtutum

559 3627 760 3681 genera
793 3612 1135 3681 proﬁtentem
1160 3611 1491 3679 composuit.
1525 3609 1656 3665 Post
1686 3623 1845 3679 quem
1878 3608 2019 3662 alius
2044 3623 2136 3663 eo-

560 3704 682 3758 dem
715 3719 839 3757 cum
887 3703 1168 3773 prioribus
1216 3703 1435 3756 nomine
1475 3699 1645 3757 Onias
1688 3700 1924 3770 praefuit.
1959 3700 2136 3770 llujus

560 3796 836 3867 pontiﬁcis
862 3803 1111 3865 tempore
1139 3795 1461 3854 Antiochus.
1493 3810 1619 3849 cum
1644 3795 1864 3850 Judaeos
1895 3794 2132 3849 obsidio-

561 3904 631 3943 ne
660 3888 963 3958 fatigasset,
994 3886 1312 3943 Graecorum
1366 3888 1565 3942 ritibus
1618 3888 1696 3941 uti
1743 3887 1942 3956 coegit.
1976 3884 2137 3940 Hunc

561 3988 783 4034 secutus
813 3974 1005 4041 Judas,
1035 3984 1396 4045 cognomento
1427 3975 1790 4040 Machabams,
1814 3975 1944 4029 dum
1973 3974 2137 4029 rebus

556 4068 873 4128 Iudaeorum
922 4077 1142 4141 praeest,
1181 4067 1458 4137 regionem
1502 4069 1571 4123 ab
1604 4068 1788 4139 impiis
1813 4074 1868 4123 et
1891 4065 2137 4138 profanis

559 4173 912 4234 expurgatam
955 4161 1223 4215 liberavit.
1249 4159 1349 4214 Cui
1381 4159 1625 4214 succedit
1658 4160 1824 4217 frater
1850 4160 2134 4227 Jonathas,

560 4254 758 4311 deinde
793 4251 985 4308 Simon
1015 4271 1029 4307 :
1068 4251 1173 4306 sub
1202 4251 1364 4321 cujus
1393 4258 1622 4306 mortem
1652 4253 1805 4322 regni
1825 4254 1973 4324 quod
1993 4253 2137 4324 apud

562 4347 731 4418 Syros
746 4344 940 4416 viguit,
969 4359 1152 4398 annus
1185 4352 1513 4399 numeratur
1541 4343 1810 4416 septimus
1835 4352 1890 4401 et
1914 4354 2139 4417 septua-

2233 506 2333 555 νει,
2364 490 2484 544 καθ’
2518 490 2577 544 δν
2609 487 2763 555 αὖθις
2796 491 3003 563 Ἰησοῦς
3027 493 3055 544 6
3086 491 3181 545 τοῦ
3220 494 3486 558 Ἰωσεδὲκ,
3521 497 3617 550 καὶ
3643 500 3804 571 Ζορο‹

2234 581 2399 637 ϐἀϐελ
2440 586 2468 638 6
2492 583 2586 637 τοῦ
2615 583 2884 656 Σαλαθιὴλ
2910 585 2991 648 εἰς
3013 585 3218 638 ἐκεῖνον
3249 586 3349 657 τὴν
3375 585 3519 659 ζωὴν
3546 590 3807 661 παρατει.

2232 686 2440 734 ναντες,
2460 672 2627 742 ἄμφω
2651 670 2990 745 προέστησαν
3011 674 3109 745 τῆς
3134 672 3228 727 τοῦ
3261 675 3406 747 ἱεροῦ
3435 677 3802 746 ἀνανεώσεως,

2233 760 2681 831 προφητευόντων
2727 760 2980 830 Ἀγγαίου
3033 764 3127 816 καὶ
3179 764 3446 835 Ζαχαρίου
3470 783 3484 796 ο
3540 766 3661 837 μεθ’
3712 767 3805 833 οὒς

2237 852 2473 923 Ἔσδρας
2513 853 2608 906 καὶ
2656 854 2916 924 Νεεμίας,
2947 854 3149 925 ὁμοίως
3196 857 3261 909 ὲκ
3293 854 3611 922 Βαϐυλῶνος
3646 859 3806 913 ἀνελ-

2234 944 2436 1009 θόντες,
2467 945 2529 999 τὸ
2558 948 2733 1016 τεῖχος
2764 945 3043 1017 ἐδείμαντο
3076 950 3142 1018 τῇ
3186 947 3359 1012 πόλει,
3400 949 3498 1018 τὴν
3538 950 3808 1022 ἀρχιερω-

2236 1036 2399 1109 σύνην
2431 1036 2705 1101 διέποντος
2746 1038 3062 1110 Ἰωακείμου
3085 1056 3099 1070 ·
3141 1041 3269 1102 παῖς
3299 1040 3356 1092 δὲ
3397 1036 3549 1105 οὗτος
3590 1037 3662 1114 ἦν
3700 1044 3805 1115 Ἰη-

2236 1128 2329 1183 σοῦ
2361 1127 2454 1182 τοῦ
2500 1127 2774 1185 Ἰωσεδὲκ·
2816 1130 2932 1201 μεθ’
2976 1130 3036 1185 ὃν
3066 1130 3366 1201 διαδέχεται
3396 1133 3495 1204 τὴν
3535 1134 3808 1206 ἀρχιερωο

2236 1217 2398 1291 σύνην
2443 1218 2816 1284 Ἐλιασοῦϐος·
2858 1220 3049 1275 ἔπειτα
3094 1221 3304 1275 Ἰωδαέ·
3346 1222 3463 1293 μεθ’
3504 1223 3564 1277 δν
3619 1226 3805 1281 Ἰωνάο

2233 1311 2365 1365 θανο
2423 1302 2559 1383 μεθ”
2600 1312 2659 1365 δν
2707 1311 2952 1376 Ἰαδδοῦς.
3011 1312 3226 1367 Τούτων
3290 1314 3562 1387 μέμνηται
3623 1318 3719 1370 καὶ
3767 1320 3801 1391 ἡ

2237 1403 2443 1475 Ἔσδρα
2468 1404 2676 1476 γραῳὴ,
2701 1404 2933 1474 λέγουσα
2950 1420 2963 1433 °
3006 1423 3025 1456 ι
3056 1405 3165 1459 Καὶ
3204 1406 3407 1477 Ἰησοῦς
3429 1408 3690 1480 ἐγέννησε
3715 1410 3807 1463 τὸν

2246 1495 2522 1567 Ἰωακεὶμ,
2559 1497 2652 1551 καὶ
2692 1497 2945 1568 Ἰωακεὶμ
2984 1498 3239 1570 ἐγέννησε
3274 1499 3366 1552 τὸν
3414 1500 3678 1566 Ἑλιασὶϐ,
3713 1502 3808 1556 καὶ

2246 1587 2483 1642 Ἐλιασὶϐ
2521 1587 2775 1659 ἐγέννησε
2815 1588 2906 1642 τὸν
2947 1589 3147 1656 Ἰωδαὲ,
3179 1594 3273 1647 καὶ
3318 1592 3499 1647 Ἰωδαὲ
3546 1594 3804 1667 ἐγέννησε

2232 1677 2323 1733 τὸν
2364 1679 2635 1747 Ἰωνάθαν,
2670 1681 2765 1735 καὶ
2804 1680 3059 1737 Ἰωνάθαν
3100 1683 3355 1755 ἐγέννησε
3388 1672 3492 1738 ’τὸν
3523 1684 3743 1740 Ἰαδδοῦ.
3778 1704 3801 1739 ι

2162 1762 2205 1817 Β
2233 1772 2390 1827 Κατὰ
2427 1771 2616 1828 τοῦτον
2661 1771 2753 1826 τὸν
2810 1772 3006 1828 Ἰαδδοῦ
3056 1775 3084 1828 δ
3127 1773 3392 1830 Μακεδὼν
3461 1775 3806 1849 Ἀλέξανδρος

2245 1862 2649 1934 Ἀλεξάνδρειαν
2683 1864 2876 1929 κτίζει,
2911 1864 2988 1930 ὡς
3030 1864 3290 1937 Ἰώσηπος
3332 1868 3554 1939 ἱστορεῖ,
3608 1868 3805 1939 ἀφικό-

2235 1954 2393 2026 μενός
2441 1973 2502 2009 τε
2542 1958 2624 2020 είς
2658 1956 2728 2011 τὰ
2780 1957 3146 2028 Ἰεροσόλυμα,
3196 1957 3276 2030 τῷ
3321 1958 3441 2031 Θεῷ
3485 1963 3801 2032 προσκυνεῖ.

2231 2046 2469 2121 Τελευτᾷ
2510 2049 2567 2103 δὲ
2597 2049 2689 2103 τὸν
2725 2049 2836 2120 βίον
2881 2048 3226 2121 Ἀλέξανδρος
3256 2051 3316 2103 ἐν
3350 2051 3493 2123 ἀρχῇ
3534 2053 3635 2125 τῆς
3673 2055 3802 2108 ἑκα-

2229 2138 2425 2208 τοστῆς
2468 2138 2563 2192 καὶ
2603 2137 3202 2212 τεσσαρεσκαιδεκάτης
3251 2138 3632 2219 Ὀλυμπιάδος,
3669 2141 3807 2213 μετὰ

2232 2228 2324 2301 ἔτη
2372 2229 2618 2284 διακόσια
2663 2232 2953 2303 τριάκοντα
3003 2232 3070 2286 ὲκ
3121 2230 3325 2304 Κύρου,
3374 2231 3434 2297 ὃς
3488 2233 3803 2289 ἐϐασίλευσε

2231 2320 2457 2391 Περσῶν
2482 2321 2623 2376 κατὰ
2648 2323 2709 2376 τὸ
2743 2324 2956 2395 πρῶτον
2981 2322 3100 2388 ἔτος
3129 2324 3385 2397 πέμπτης
3414 2324 3510 2378 καὶ
3541 2343 3807 2398 πεντηκο-

2233 2412 2365 2484 στῆς
2406 2413 2784 2485 Ὀλυμπιάδος.
2821 2414 2976 2470 Μετὰ
3007 2415 3064 2470 δὲ
3112 2415 3211 2488 τὴν
3252 2415 3510 2487 τελευτὴν
3558 2415 3807 2483 Ἀλεξάν-

2230 2505 2355 2577 δρου
2386 2505 2481 2559 τοῦ
2515 2507 2839 2572 Μακεδόνος,
2902 2508 2994 2562 καὶ
3033 2507 3171 2579 μετὰ
3212 2506 3301 2561 τὸν
3339 2508 3647 2579 δηλωθέντα
3676 2510 3806 2580 ἀρχ-

2236 2596 2404 2669 ιερέα,
2441 2598 2617 2662 Ὀνίας
2650 2601 2861 2669 ἡγεῖται
2883 2598 2977 2653 τοῦ
3009 2598 3212 2664 ἔθνους,
3251 2599 3349 2671 τῆς
3380 2598 3489 2654 τῶν
3508 2599 3805 2672 ἀρχιερέων

2232 2689 2327 2743 καὶ
2370 2690 2531 2754 αὐτὸς
2577 2690 2972 2763 ἐπειλημμένος
3017 2691 3217 2763 τιμῆς·
3261 2690 3380 2744 καθ’
3419 2690 3479 2744 δν
3522 2692 3802 2757 Σέλευκος,

2232 2780 2526 2835 Βαϐυλῶνα
2552 2783 2852 2854 κρατήσας,
2883 2783 2943 2836 τὸ
2968 2783 3067 2853 τῆς
3112 2782 3295 2845 Ἀσίας
3326 2782 3668 2855 περιτίθεται
3692 2783 3807 2838 διά-

2231 2874 2378 2944 δημα
2403 2872 2511 2926 ἔτει
2538 2874 2823 2945 δωδεκάτῳ
2847 2873 2982 2944 μετὰ
3006 2874 3105 2944 τὴν
3145 2871 3493 2945 Ἀλεξάνδρου
3524 2873 3802 2947 τελευτὴν,

2234 2964 2353 3019 καθ’
2385 2965 2443 3018 ὃν
2471 2966 2760 3035 συνάγεται
2787 2968 2816 3020 6
2840 2968 2947 3029 πᾶς
2976 2965 3166 3035 χρόνος
3187 2967 3216 3018 6
3244 2964 3352 3019 ἀπὸ
3376 2965 3561 3038 Κύρου
3592 2967 3674 3030 εἰς
3711 2966 3807 3038 ἐτη

2234 3057 2476 3112 διακόσια
2509 3057 3078 3129 τεσσαρακονταοκτώ.
3132 3058 3409 3112 Ἐντεῦθεν
3459 3057 3558 3130 τὴν
3615 3059 3807 3131 Ἐλλή-

2235 3166 2340 3203 νων
2372 3149 2646 3219 βασιλείαν
2676 3152 2710 3220 ἡ
2733 3150 2839 3202 τῶν
2864 3148 3237 3203 Μακκαϐαίων
3258 3148 3443 3221 γραφὴ
3464 3150 3812 3224 καταριθμεῖ-

2236 3241 2359 3296 σθαι
2388 3242 2632 3314 ἇρχεται.
2677 3242 2829 3295 Μετὰ
2862 3241 2917 3294 δὲ
2951 3243 3042 3296 τὸν
3085 3243 3260 3299 Ὀνίαν
3291 3245 3504 3311 ἡγεῖται
3528 3242 3641 3297 τῶν
3682 3246 3813 3298 Ἰου-

2233 3333 2394 3387 δαίων
2443 3334 2734 3405 ἀρχιερεὺς
2784 3333 3124 3406 Ἐλεάζαρος,
3170 3334 3289 3387 καθ’
3332 3334 3391 3387 ὃν
3436 3336 3488 3388 οἱ
3541 3335 3808 3408 Ἑϐδομὴ-

2234 3442 2418 3489 κοντα,
2463 3426 2561 3488 τὰς
2599 3424 2746 3488 θείας
2773 3424 3206 3496 έρμηνεύσαντες
3237 3426 3275 3478 Γ
3281 3425 3475 3496 ραφὰς,
3511 3429 3634 3489 ταῖς
3666 3428 3806 3481 κατὰ

2248 3515 2646 3587 Ἀλεξάνδρειαν
2696 3515 3063 3587 βιϐλιοθήκαις
3109 3516 3519 3570 άνατεθείκασι·
3582 3518 3702 3589 μεθ’
3752 3518 3810 3573 δν

2234 3607 2420 3678 ἕτερος
2461 3607 2656 3673 Ὀνίας,
2690 3608 2749 3661 ὃν
2780 3608 3083 3678 διαδέχεται
3126 3609 3326 3680 Σίμων,
3359 3609 3480 3664 καθ’
3510 3610 3569 3664 ὃν
3607 3611 3814 3681 Ἰησοῦς

2234 3701 2263 3752 6
2293 3698 2387 3752 τοῦ
2436 3698 2605 3771 Σιρὰχ
2637 3700 2981 3771 ὲγνωρίζετο,
3012 3703 3040 3754 6
3070 3702 3169 3772 τὴν
3198 3701 3539 3774 καλουμένην
3570 3706 3815 3777 πανάρε-

2234 3814 2326 3850 τον
2351 3796 2578 3866 Σοφίαν
2608 3794 2872 3860 συντάξας
2895 3814 2908 3827 ·
2940 3796 3056 3867 μεθ’
3079 3797 3139 3849 δν
3171 3796 3357 3869 ἔτερος
3382 3796 3673 3870 ὁμώνυμος
3703 3802 3816 3862 τοῖς

2236 3887 2469 3960 πρόσθεν
2506 3887 2682 3951 Ὀνίας
2707 3889 2938 3959 ἡγεῖται,
2974 3887 3094 3941 καθ’
3118 3887 3178 3940 δν
3214 3886 3500 3958 Ἀντίοχος,
3524 3887 3654 3951 τοὺς
3685 3889 3815 3941 Ἰου-
3840 3942 3845 3949 ,

2237 3979 2418 4043 δαίους
2471 3979 2850 4050 πολιορκήσας,
2892 3976 3219 4049 Ἐλληνίζειν
3246 3976 3651 4048 κατηνάγκαζε
3695 3975 3814 4047 μεθ’

2235 4071 2294 4125 ὃν
2341 4071 2581 4144 προστάς
2628 4071 2737 4125 τῶν
2783 4070 3124 4143 πραγμάτων
3165 4070 3385 4134 Ἰούδας,
3420 4067 3460 4131 ,ό
3501 4069 3820 4142 ἐπικληθεὶς

2236 4165 2610 4229 Μακκαϐαῖος,
2641 4162 2937 4234 έξεκάθηρε
2970 4161 3081 4214 τῶν
3113 4161 3325 4215 ἀσεϐῶν
3358 4160 3456 4232 τὴν
3500 4161 3689 4233 χώραν
3710 4179 3725 4193 '
3756 4163 3817 4216 ὃν

2236 4254 2265 4306 ό
2297 4254 2523 4324 ἀδελφὸς
2561 4253 2813 4324 Ἰωνάθης
2834 4251 3134 4322 διαδέχεται
3158 4268 3172 4282 ο
3206 4252 3300 4306 καὶ
3332 4251 3493 4305 πάλιν
3520 4252 3727 4324 Σίμων,
3752 4247 3817 4309 οὗ

2238 4345 2380 4399 κατὰ
2413 4345 2512 4417 τὴν
2555 4344 2810 4415 τελευτὴν
2860 4343 3088 4415 ἕϐδομον
3131 4344 3226 4397 καὶ
3276 4342 3676 4416 ἑϐδομηκοστὸν
3723 4346 3820 4400 καὶ

559 4438 800 4509 gcsimus
845 4449 1012 4506 supra
1059 4435 1446 4497 centesimum,
1474 4435 1540 4493 ad
1571 4435 1716 4506 quod
1767 4450 1901 4492 sane
1922 4444 2133 4507 tempus

2240 4436 2525 4492 ἑκατοστὸν
2550 4436 2670 4499 ἔτος
2693 4434 3067 4507 ἐξαριθμεῖται
3092 4435 3190 4506 τῆς
3217 4435 3358 4488 κατὰ
3385 4435 3586 4508 Συρίαν
3616 4436 3817 4509 ἀρχῆς,

561 4530 794 4600 primus,
825 4529 918 4597 qui
953 4524 1383 4581 Hacltabazorum
1413 4534 1641 4582 vocatur
1666 4528 1825 4588 liber.
1852 4528 2137 4584 historiam

563 4618 807 4683 deducit,
868 4630 934 4672 ac
994 4615 1281 4672 deductam
1343 4616 1625 4687 relinquit.
1662 4616 1828 4691 39¢
1874 4619 2061 4689 Itaque
2104 4632 2137 4672 a

562 4710 742 4781 primo
761 4724 908 4764 anno
929 4706 1077 4780 Cyri,
1108 4707 1371 4778 regnique
1391 4705 1708 4773 Persarum,
1738 4713 1804 4765 ad
1828 4719 2134 4766 extremum

562 4801 805 4858 historiae
834 4798 1269 4854 Machabteorum
1309 4797 1495 4861 ﬁnem,
1530 4795 1879 4870 Simonisque
1915 4801 2135 4872 pontiﬁ-

563 4890 645 4946 cis
686 4895 953 4953 mortem,
1002 4886 1133 4942 anni
1156 4887 1491 4959 colliguntur
1522 4887 1906 4960 quadringenti
1936 4889 2133 4961 viginti

565 4982 828 5053 quinque.
857 4979 1097 5037 Posthac
1145 4994 1277 5036 vero
1316 4977 1606 5046 Jonathas,
1633 4988 1694 5036 ut
1737 4981 1930 5039 scribit
1974 4980 2135 5040 Iose-

567 5074 730 5145 phus,
756 5072 1131 5145 pontiﬁeatum
1169 5079 1460 5143 exceptum
1490 5088 1587 5143 per
1615 5087 1791 5130 annos
1819 5073 2010 5143 viginti
2034 5089 2136 5131 no-

565 5180 688 5222 vem
723 5165 1086 5221 administrat.
1110 5163 1269 5220 Hunc
1285 5178 1508 5223 secutus
1534 5164 1903 5233 Aristobulus,
1927 5180 2135 5223 annum

568 5272 738 5315 unum
763 5266 982 5329 praeest.
1013 5257 1113 5314 Hic
1147 5260 1360 5330 primus
1390 5264 1514 5329 post
1535 5257 1774 5314 reditum
1803 5258 1872 5315 de
1903 5257 2136 5333 Babylo-

569 5364 641 5406 ne
667 5348 737 5405 ad
772 5348 1107 5421 pontiﬁciam
1152 5350 1473 5422 dignitatem
1517 5349 1752 5421 amplius
1783 5350 1992 5421 regium
2016 5351 2138 5406 dia-

568 5440 727 5499 dema
758 5440 1003 5499 additum
1026 5441 1132 5498 sibi
1170 5441 1454 5513 imposuit.
1488 5440 1628 5497 Huic
1667 5442 1914 5499 succedit
1937 5451 1992 5500 et
2037 5459 2135 5501 rex

571 5532 714 5593 idem
756 5534 813 5590 et
851 5532 1097 5602 pontifex
1148 5533 1455 5590 Alexander
1485 5573 1502 5601 ,
1555 5535 1651 5606 qui
1697 5543 1755 5593 et
1798 5536 1918 5608 ipse
1958 5551 2135 5593 annos

650 5708 697 5742 υ
734 5709 777 5764 ιι
811 5711 971 5770 Esdr.
1004 5727 1103 5783 xu,
1134 5713 1222 5784 50,
1254 5715 1341 5781 ii.

2237 4532 2274 4602 ἧ
2299 4546 2359 4584 τε
2386 4527 2575 4601 πρώτη
2602 4527 2908 4599 καλουμένη
2940 4526 3050 4581 τῶν
3084 4526 3482 4581 Μακκαϐιιίων
3514 4525 3696 4597 βίϐλος
3734 4530 3821 4593 εις

2236 4621 2395 4676 τοῦτο
2420 4620 2516 4674 τοῦ
2546 4619 2739 4692 χρόνου
2770 4619 3036 4674 κατέλυσε
3067 4616 3167 4689 τὴν
3195 4618 3455 4690 ἱστορίαν.
3493 4618 3659 4673 Ὥστε
3685 4636 3820 4675 συν-

2240 4711 2466 4783 άγεσθαι
2490 4712 2598 4767 ἀπὸ
2634 4710 2849 4785 πρώτου
2879 4710 3030 4775 ἔτους
3060 4711 3245 4783 Κύρου
3268 4711 3363 4765 καὶ
3401 4710 3628 4783 Περσῶν
3657 4710 3819 4783 βασι-

2238 4805 2386 4869 λείας
2412 4805 2507 4858 ιπι
2528 4804 2591 4859 τι
2612 4803 2761 4868 τέλος
2789 4803 2889 4876 τῆς
2918 4803 3029 4857 τῶν
3052 4801 3427 4859 Μακκαϐαίων
3450 4802 3694 4875 γραφῆς.
3721 4804 3823 4860 καὶ

2240 4895 2332 4949 ἐπὶ
2349 4894 2449 4967 τὴν
2477 4893 2718 4966 Σίμωνος
2747 4891 2843 4948 τοῦ
2867 4891 3167 4965 ἀρχιερέως
3194 4890 3469 4963 τελευτὴν,
3493 4890 3589 4964 ἔτη
3621 4904 3825 4964 τετρα-

2237 4986 2394 5043 κόσια
2434 4985 2771 5042 εἰκοσιπέντε
2791 5003 2806 5017 ’
2837 4985 2954 5058 μεθ’
2983 4984 3020 5040 ἃ
3053 4981 3309 5056 Ἰωνάθης
3338 4983 3439 5055 τὴν
3470 4982 3823 5055 ἀρχιερωσύ-

2238 5099 2358 5154 νην,
2382 5080 2458 5144 ὡς
2476 5080 2507 5134 6
2539 5076 2797 5151 Ἰώσηπός
2825 5095 2978 5150 φησι,
3009 5075 3309 5148 διαδέχεται
3330 5074 3425 5128 ἐπὶ
3449 5075 3623 5129 ἐτεσιν
3655 5075 3825 5130 ἐννέα

2240 5174 2337 5229 καὶ
2359 5171 2534 5228 εἴκοσι
2555 5188 2570 5203 ο
2606 5169 2723 5244 μεθ’
2755 5170 2815 5225 ὃν
2849 5168 3253 5242 Ἀριστόϐουλος
3291 5166 3538 5223 ἐνιαυτὸν
3574 5168 3820 5240 ἡγεῖται,

2239 5265 2301 5331 ὃς
2330 5263 2546 5338 πρῶτος
2590 5261 2729 5335 μετὰ
2762 5261 2860 5334 τὴν
2898 5262 3006 5316 ἀπὸ
3048 5259 3364 5324 Βαϐυλῶνος
3403 5259 3662 5315 ἐπάνοδον
3694 5259 3827 5315 διάο

2240 5358 2388 5431 δημα
2432 5355 2708 5428 βασιλικὸν
2751 5354 3089 5425 περιτίθεται
3134 5353 3271 5426 πρὸς
3310 5355 3378 5424 τῇ
3407 5351 3825 5427 ἀρχιερωσύνῃ.

2240 5447 2440 5503 Τοῦτον
2485 5446 2785 5517 διαδέχεται
2828 5444 3196 5517 Ἀλέξανδρος,
3216 5472 3229 5484 ο
3246 5443 3497 5516 βασιλεὺς
3550 5444 3670 5518 ἅμα
3718 5443 3830 5500 καὶ

2240 5535 2548 5608 ἀρχιερεὺς,
2581 5534 2725 5591 ἔτεσι
2753 5534 2849 5588 καὶ
2886 5533 3047 5599 αὐτὸς
3078 5534 3220 5592 ἑπτὰ
3249 5535 3344 5589 καὶ
3366 5533 3542 5591 εἰκοσι
3571 5532 3832 5610 προστὰς
