4106 6420
263 363 366 419 en

1147 368 1803 431 DEMONSTRATIONIS
1841 373 2296 434 EVANGELiCzE
2337 379 2465 438 LIB.
2501 381 2638 439 VIII.

3411 393 3515 450 6l8

259 478 367 532 τῶν
416 479 790 551 πραγμάτων·
832 480 914 544 είς
957 481 1018 535 ὃν
1062 484 1351 553 συνάγεται
1397 486 1466 542 τά
1514 488 1690 544 πάντα
1735 490 1814 545 ἀπ

1915 547 1917 552 .
1946 503 2149 563 septem
2175 502 2230 549 et
2247 486 2621 567 viginti'rebus
2648 496 2960 556 Iudaeorum
2993 510 3210 573 praeest.
3241 503 3323 560 Ad
3353 508 3515 575 cujus

260 570 483 643 πρώτου
509 570 964 641 ἔτουςβασιλείας
997 575 1179 648 Κύρου
1211 580 1302 633 καὶ
1325 579 1427 650 τῆς
1448 580 1557 635 ἀπὸ
1588 582 1842 637 Βαϐυλῶ-

255 679 347 725 νος
389 664 656 717 ἐπανόδου
702 664 797 719 τοῦ
847 667 1117 722 Ἰουδαίων
1155 665 1341 735 ἔθνους
1386 671 1480 745 ἐτη
1513 673 1838 744 τετρακόσια

253 755 700 825 ὀγδοηκονταδύο,
741 751 801 812 οὗ
847 759 1188 830 προέστησαν
1220 762 1514 834 ἀρχιερεῖς,
1547 764 1641 829 οὓς
1672 766 1839 837 ήγοῦ-

254 863 354 917 μαι
382 845 619 918 Χριστὸν
643 844 943 920 ἡγούμενον
973 851 1078 904 ὑπὸ
1100 853 1200 924 τῆς
1225 855 1558 927 προφητείας
1579 856 1839 929 ὀνομάζε-

252 938 412 993 σθαι·
457 939 582 1010 μεθ’
626 939 742 1004 οὓς,
776 942 1197 1013 τελευτήσαντος
1240 946 1335 1001 τοῦ
1379 949 1607 1003 ὑστάτου
1656 950 1836 1007 αὑτῶν

249 1028 558 1102 ἀρχιερέως
615 1032 985 1104 Ἀλεξάνδρου,
1030 1036 1243 1109 ᾶναρχα
1296 1039 1391 1092 καὶ
1447 1041 1835 1115 ἀπροστάτητα

247 1120 318 1174 τὰ
342 1121 442 1176 τοῦ
479 1122 754 1179 Ἰουδαίων
790 1124 976 1189 ἔθνους
1015 1127 1391 1198 ἀπολείπεται,
1430 1130 1570 1186 ὥστε
1611 1137 1691 1198 είς
1737 1152 1834 1205 γυ-

247 1215 413 1266 ναῖκα
449 1215 775 1286 περιστῆναι
804 1218 907 1288 τὴν
935 1218 1210 1289 βασιλείαν
1244 1224 1443 1280 αὑτῶν.
1484 1226 1606 1280 Τῶν
1649 1228 1707 1283 δὲ
1741 1229 1834 1285 δύο

247 1301 479 1365 παίδων,
516 1302 927 1376 Ἀριστοϐούλου
966 1310 1061 1363 καὶ
1101 1310 1391 1383 Ὑρκανοῦ,
1427 1319 1831 1375 στασιασάντων

245 1391 387 1465 πρὸς
412 1394 698 1467 ἀλλήλους,
722 1396 949 1463 ἐπιστὰς
968 1403 1081 1465 τοῖς
1114 1401 1504 1478 Ἱεροσολύμοις
1527 1408 1827 1484 Πομπήϊος,

255 1486 552 1559 Ῥωμαίων
584 1490 889 1560 στρατηγὸς
916 1490 1013 1556 ὢν,
1062 1494 1209 1566 αίρεί
1258 1496 1358 1567 μὲν
1403 1498 1688 1573 πολιορκίᾳ
1730 1504 1829 1574 τὴν

241 1576 426 1647 πόλιν,
463 1581 664 1652 μιαίνει
683 1600 745 1635 τε
766 1583 836 1637 τὰ
870 1584 1021 1654 ἅγια,
1051 1588 1215 1660 μέχρι
1244 1589 1355 1643 τῶν
1381 1590 1588 1649 ἀδύτων
1608 1594 1717 1648 τῶν
1751 1598 1826 1650 ἱε-

245 1671 344 1744 ροῦ
382 1672 680 1743 προελθών.
725 1674 835 1728 Καὶ
874 1676 1043 1731 ταῦτα
1089 1679 1375 1750 συμϐαίνει
1418 1682 1573 1749 ἔτους
1609 1686 1826 1759 πρώτου

238 1766 343 1837 τῆς
389 1766 692 1836 ἑκατοστῆς
731 1767 1140 1843 ἑϐδομηκοστῆς
1177 1772 1407 1846 ἐννάτης
1443 1775 1822 1850 Ὀλυμπιάδος,

243 1856 387 1927 μετὰ
425 1858 756 1930 τετρακόσια
784 1860 1138 1934 ἐννενήκοντα
1178 1866 1342 1920 πέντε
1373 1868 1468 1941 ἐτη
1504 1870 1602 1942 τῆς
1642 1872 1824 1947 Κύρου
1859 1853 1899 1905 Β

239 1947 542 2018 βασιλείας,
574 1951 696 2021 ἥτις
744 1951 948 2038 ἤρξατο
984 1957 1080 2010 ἐπὶ
1125 1957 1227 2027 τῆς
1270 1964 1641 2037 πεντηκοστῆς
1686 1966 1827 2038 πέμ·-

240 2057 388 2113 πτης
433 2043 812 2115 Ὀλυμπιάδος.
862 2032 995 2102 Τότε
1045 2049 1090 2103 δ’
1131 2046 1224 2106 οὖν
1262 2055 1291 2106 ὁ
1336 2032 1638 2129 Πομπήϊος,
1690 2032 1825 2112 ἑλών

238 2133 387 2187 κατά
436 2134 639 2205 κράτος
696 2136 794 2209 τὴν
844 2139 1219 2213 Ἰερουσαλὴμ,
1276 2144 1367 2198 τὸν
1426 2150 1824 2221 προειρημένον

253 2225 661 2297 ’Δριστόϐουλον
712 2229 1004 2302 ἐκπέμψας
1047 2232 1266 2305 δέσμιον
1317 2237 1411 2290 ἐπὶ
1459 2236 1696 2310 Ῥώμης,
1746 2240 1825 2312 τῷ

237 2318 429 2371 τούτου
473 2319 689 2392 ἀδελφῷ
734 2322 987 2395 Ὑρκανῷ
1027 2324 1127 2398 τὴν
1158 2327 1569 2403 ἀρχιερωσύνην
1603 2332 1824 2405 παραδί-

236 2409 391 2475 δωσι,
413 2410 479 2465 τὸ
501 2428 562 2464 τε
586 2413 693 2466 πᾶν
732 2413 885 2477 ἔθνος
910 2415 968 2483 ἐξ
991 2416 1201 2472 ἐκείνου
1235 2419 1491 2485 ὑποτελὲς
1536 2424 1823 2495 Ῥωμαίοις

237 2504 640 2575 κατεστήσατο’
667 2504 785 2576 μεθ’
823 2505 882 2560 ὃν
922 2506 1168 2582 Ἡρώδης
1205 2512 1234 2565 ό
1267 2512 1622 2587 ’Δντιπάτρου
1669 2519 1816 2583 παῖς,

250 2592 516 2664 Ὑρκανὸν
553 2595 779 2663 ἀνελὼν,
825 2597 924 2670 τὴν
956 2598 1066 2653 τῶν
1094 2603 1363 2658 Ἰουδαίων
1406 2604 1682 2676 βασιλείαν
1715 2609 1819 2664 ὑπὸ

234 2684 338 2756 τῆς
366 2685 650 2755 Ῥωμαίων
678 2686 981 2759 συγκλήτου
1008 2689 1204 2763 βουλῆς
1237 2693 1624 2766 ἐγχειρίζεται,
1663 2698 1817 2772 πρῶ-

234 2776 331 2839 τός
378 2793 439 2830 τε
490 2776 653 2842 αὐτὸς
701 2777 762 2844 ἐξ
818 2780 1115 2851 ἀλλοφύλου
1166 2784 1355 2852 γένους
1409 2786 1679 2858 βασιλεύει
1723 2792 1816 2847 τοῦ

235 2868 443 2934 ἔθνους,
473 2868 572 2941 τὴν
604 2870 713 2924 τῶν
743 2872 1049 2945 ἀρχιερέων
1094 2875 1235 2931 κατά
1280 2876 1372 2930 τὸν
1416 2880 1696 2946 Μωῡσέως
1725 2884 1815 2937 νό-

234 2979 342 3034 μον
371 2960 687 3033 διαφθείρας
715 2963 887 3030 τάξιν.
935 2965 994 3019 '0
1045 2965 1144 3037 μὲν
1190 2967 1300 3041 γὰρ
1345 2968 1488 3035 θεῖος
1531 2972 1692 3044 νόμος
1728 2976 1816 3031 διὰ

232 3052 357 3124 βίου
414 3044 663 3125 ἱερᾶσθαι
719 3055 796 3125 τῷ
845 3055 966 3127 Θεῷ
1017 3056 1107 3110 τὸν
1170 3058 1428 3114 ἀνωτάτω
1491 3067 1814 3135 προστάττει

229 3146 495 3219 ἀρχιερέα
530 3160 544 3175 ·
603 3149 632 3201 ὁ
695 3146 739 3200 δ’
809 3147 1055 3221 Ἡρώδης
1117 3151 1178 3204 οὑ
1242 3156 1351 3217 τοῖς
1413 3154 1522 3209 ἀπὸ
1581 3157 1769 3226 γένους
1793 3198 1808 3224 ,

228 3238 345 3293 (οὐδ’
400 3233 480 3302 οἷς
538 3239 812 3311 προσῆκον
867 3235 937 3313 ἦν
995 3243 1244 3298 ἀπεδίδου
1297 3246 1395 3317 τὴν
1448 3247 1810 3328 λειτουργίαν,

230 3324 664 3399 ἀπεξενωμένοις
718 3328 775 3383 δέ
835 3347 977 3398 τισι,
1044 3334 1139 3387 καὶ
1193 3333 1494 3408 ἀλλοτρίοις
1544 3337 1645 3410 τῆς
1706 3324 1812 3394 τῶν

228 3420 532 3494 ἀρχιερέων
591 3422 876 3495 διαδοχῆς,
933 3426 1028 3479 καὶ
1081 3426 1203 3480 οὑδὲ
1254 3428 1465 3495 τούτοις
1539 3431 1809 3504 διαρκῶς,

230 3513 370 3584 πρὸς
424 3512 631 3587 βραχὺν
683 3514 741 3568 δέ
789 3533 910 3571 τινα
969 3516 1064 3571 καὶ
1119 3520 1548 3592 περιωρισμένον
1599 3523 1809 3596 χρόνον,

227 3603 419 3663 ἄλλοτε
450 3604 630 3669 ἀλλοις
647 3605 748 3677 τὴν
762 3608 930 3680 τιμὴν
948 3610 1243 3684 ἀντιδωρού
1252 3629 1430 3683 μενος,
1445 3612 1586 3667 ὥστε
1600 3615 1699 3680 τὰς
1713 3617 1812 3687 μὲν

231 3694 454 3770 πριίιτας
481 3696 620 3751 ἑπτὰ
642 3697 942 3771 ἑϐδομάδας
969 3701 1081 3754 ἀπὸ
1105 3703 1289 3774 Κύρου
1318 3705 1412 3757 καὶ⁵
1438 3705 1531 3758 ἐπὶ
1560 3696 1807 3779 Δαρεῖον,

225 3786 328 3853 τὰς
378 3789 435 3843 δὲ
475 3789 669 3853 λοιπὰς
718 3792 1078 3864 ἑξηκονταδύο
1117 3795 1228 3848 ἀπὸ
1268 3797 1495 3869 Δαρείου
1566 3801 1659 3854 καὶ
1716 3802 1810 3853 ἐπὶ

228 3882 509 3966 Πομπῄῖον
549 3883 640 3937 τὸν
693 3884 976 3956 Ῥωμαίων
1026 3889 1330 3959 στρατηγὸν
1383 3890 1803 3961 περιορίζεσθαι.

228 3972 338 4025 Καὶ
389 3971 531 4026 κατά
566 3974 756 4046 τρίτην
790 3973 847 4028 δὲ
881 3974 1114 4048 θεωρίαν
1139 3975 1322 4048 εὕροις
1356 3979 1422 4032 ἂν
1472 3978 1648 4045 ἄλλως
1708 3982 1807 4034 ἐπ-

228 4062 627 4135 αριθμούμενος
650 4068 777 4130 τοὺς
804 4066 1031 4140 χρόνους
1044 4067 1154 4122 τῶν
1177 4067 1317 4123 ἐπτά
1339 4070 1431 4123 καὶ
1449 4071 1805 4142 ἑξηκονταδύο

228 4155 555 4227 ἑϐδομάδων,
582 4159 639 4213 αἳ
661 4160 1025 4214 συντείνουσιν
1047 4163 1128 4224 εἰς
1147 4160 1242 4232 ἐτη
1268 4162 1593 4234 τετρακόσια
1609 4162 1801 4234 ὀγδοη-

226 4250 553 4321 κοντατρὶα,
595 4252 679 4304 ἐπ’
723 4252 886 4305 αὑτὸν
932 4251 1243 4321 Αὔγουστον
1282 4253 1373 4306 καὶ
1414 4254 1506 4307 ἐπὶ
1558 4254 1802 4328 Ἡρώδην

222 4342 348 4406 τοὺς
395 4339 643 4414 πρώτους
687 4342 747 4409 ἐξ
783 4344 1081 4414 ἀλλοφύλου
1122 4344 1313 4414 γένους
1357 4344 1797 4415 βασιλεύσαντας,

222 4430 342 4485 καθ’
376 4429 469 4495 οὓς
488 4433 523 4502 ή
549 4428 643 4487 τοῦ
668 4433 917 4505 Σωτῆρος
939 4435 1095 4507 ἡμῶν
1138 4429 1310 4504 Ἰησοῦ
1330 4435 1567 4507 Χριστοῦ
1588 4435 1799 4505 γένεσις

1942 585 2306 656 principatum
2338 603 2371 642 a
2398 589 2577 658 primo
2612 590 2753 662 regis
2781 591 2910 665 Cyri
2964 610 3131 663 anno,
3173 606 3229 653 et
3268 596 3515 657 Iudaicae

1940 678 2116 747 gentis
2141 678 2348 737 reditus
2379 682 2447 737 de
2468 682 2763 754 Babylone,
2793 687 2971 742 omnis
2995 704 3207 745 summa
3238 707 3509 749 annorum

1938 768 2217 841 colligitur
2247 772 2772 845 quadringentorum
2813 780 3085 849 octoginta
3109 782 3369 855 duorum,
3400 804 3511 858 quo

1938 867 2055 915 toto
2086 869 2331 932 tempore
2358 865 2644 934 pontiﬁces
2682 866 3051 937 praal‘uerunt,
3082 889 3221 944 quos
3253 892 3354 948 ego
3382 880 3510 947 qni-

1937 953 2059 1008 dem
2091 954 2293 1011 Christi
2329 957 2486 1014 ducis
2531 961 2914 1030 appellatione,
2942 978 2972 1017 a
3022 967 3303 1036 prophetia
3336 971 3507 1043 signi-

1937 1043 2089 1100 ﬁcari
2141 1047 2383 1103 arbitror
2435 1069 2447 1105 :
2509 1054 2634 1119 post
2694 1066 2856 1121 quos,
2895 1052 3139 1124 ipsorum
3202 1060 3505 1118 novissimo

1935 1136 2248 1193 Alexandro
2273 1140 2591 1206 decedente,
2616 1157 2704 1197 res
2729 1141 3043 1199 Iuda-orum
3082 1147 3201 1207 sine
3230 1151 3499 1223 principe,

1935 1228 2053 1284 sine
2082 1228 2243 1294 duce,
2268 1233 2543 1289 neminem
2579 1235 2672 1306 qui
2725 1246 2982 1306 praeesset
3030 1237 3314 1310 habentes,
3337 1246 3503 1301 relin-
3602 1304 3608 1311 ,

1932 1330 2194 1389 qunntur.
2229 1321 2451 1378 Factum
2484 1326 2667 1396 itaque
2703 1334 2808 1392 est,
2836 1338 2895 1382 ut
2941 1344 3131 1385 eorum
3188 1347 3415 1399 regnum
3446 1335 3502 1390 in

1934 1400 2189 1468 feminam
2212 1414 2429 1470 tandem
2457 1416 2728 1474 reciderit.
2758 1417 2928 1490 Cujus
2958 1420 3052 1476 ﬁlii
3074 1422 3184 1478 duo
3204 1425 3503 1480 Aristobm-

1933 1498 2018 1554 lus
2049 1506 2212 1571 atque
2268 1501 2578 1573 Hyrcanus,
2615 1504 2746 1559 dum
2790 1506 2934 1561 inter
2972 1525 3033 1564 se
3081 1511 3150 1567 de
3187 1512 3500 1587 principatu

1930 1591 2289 1657 contendunt,
2322 1592 2613 1664 Pompeius
2637 1597 2840 1653 interea
2870 1598 3240 1658 Romanorum
3263 1604 3501 1677 impera-

1928 1688 2036 1747 tor,
2062 1681 2438 1755 Hierosolyma
2469 1700 2785 1757 aggressus,
2818 1704 2940 1743 cum
2971 1692 3256 1749 obsidione
3307 1697 3496 1753 urbem

1927 1776 2094 1846 capit,
2126 1784 2241 1832 tum
2276 1794 2453 1849 usque
2485 1780 2553 1834 ad
2588 1783 2884 1851 penetralia
2932 1787 3118 1856 templi
3147 1803 3493 1859 progressus.

1927 1882 2051 1936 quae
2079 1878 2267 1923 sancta
2319 1868 2376 1923 in
2418 1869 2528 1925 illis
2579 1870 2924 1937 dicebantur,
2960 1874 3234 1944 profanat.
3284 1877 3352 1933 Et
3382 1879 3498 1934 haec

1926 1956 2130 2015 Iudaeis
2204 1959 2461 2015 accidunt
2506 1963 2817 2019 centesima:
2868 1969 3281 2038 septuagesima:
3334 1987 3498 2040 nonae

1925 2050 2250 2122 olympiadis
2269 2067 2415 2107 anno
2438 2053 2636 2125 primo,
2661 2056 2753 2125 qui
2780 2055 2882 2112 fuit
2912 2073 3092 2115 annus
3118 2076 3147 2115 a
3170 2060 3297 2133 Cyri
3329 2078 3496 2133 regno

1925 2142 2494 2214 quadringentesimus
2553 2149 2942 2218 nonagesimus
3000 2149 3268 2221 quintus,
3335 2154 3496 2224 cujus

1923 2234 2073 2304 regni
2107 2234 2321 2289 initium
2353 2237 2809 2309 quinquagesima
2849 2240 3038 2311 quinta
3067 2242 3377 2314 Olympiade
3415 2245 3496 2300 t‘a-

1922 2333 2071 2378 ctum
2111 2332 2216 2379 est.
2271 2324 2374 2381 Per
2423 2327 2478 2382 id
2530 2329 2696 2400 igitur
2754 2332 3018 2401 temporis
3064 2331 3389 2404 Pompeius,
3438 2338 3492 2392 vi

1922 2415 2098 2484 captis
2132 2414 2544 2490 Hierosolymis,
2575 2431 2629 2474 et
2661 2422 2904 2477 vinctum
2967 2424 3341 2483 Aristobulum
3383 2428 3491 2483 Ro-

1920 2520 2062 2561 mam
2112 2508 2294 2573 mittit,
2319 2517 2374 2564 et
2417 2510 2583 2581 hujus
2613 2511 2769 2567 fratri
2821 2513 3074 2586 Hyrcano
3124 2521 3490 2591 sacerdotium

1921 2600 2107 2658 tradit.
2143 2609 2306 2673 atque
2337 2617 2400 2660 ex
2446 2604 2541 2657 illo
2589 2614 2831 2676 tempore
2876 2607 3128 2666 universa
3176 2609 3490 2685 Iudmorum

1918 2694 2069 2748 natio
2097 2692 2360 2750 Romanis
2382 2695 2670 2751 tributaria
2701 2700 2844 2753 facta
2885 2708 2988 2755 est.
3022 2700 3153 2758 Post
3178 2703 3489 2777 Hyrcanum

1918 2781 2179 2848 llerodes,
2222 2784 2488 2857 Antipatri
2541 2786 2703 2853 ﬁlius,
2736 2788 2856 2859 ipso
2885 2788 3174 2848 interfecto
3213 2793 3487 2867 llyrcano,

1916 2876 2181 2947 largiente
2232 2875 2481 2932 Romano
2534 2887 2752 2944 senatu,
2804 2877 3116 2940 Iudaeorum
3162 2886 3374 2944 obtinet
3402 2904 3490 2944 re-

1915 2983 2103 3038 gnum.
2137 2968 2239 3023 llic
2281 2968 2493 3041 primus
2522 2972 2702 3027 alieno
2733 2982 2889 3029 ortus
2912 2990 3130 3046 genere,
3169 2980 3489 3048 perturbato

1913 3056 2230 3126 pontiﬁcum
2263 3057 2477 3123 ordine,
2516 3062 2612 3131 qui
2659 3061 2899 3118 Mosaiea
2949 3066 3064 3136 lege
3099 3070 3347 3127 sancitns
3373 3070 3490 3126 fue-

1914 3155 2019 3211 rat,
2048 3149 2102 3202 in
2132 3149 2222 3203 illa
2245 3156 2404 3221 gente
2432 3159 2641 3223 regnat.
2668 3151 2782 3209 Lex'
2822 3156 2965 3210 enim
3013 3156 3194 3215 divina
3237 3159 3485 3231 iubebat,

1914 3251 1973 3295 ut
2003 3243 2274 3299 maximus
2302 3245 2544 3314 pontifex
2578 3262 2743 3317 quam
2780 3249 2873 3304 diu
2925 3251 3131 3310 viveret
3179 3257 3488 3316 sacerdotio

1914 3331 2252 3404 fungeretur.
2289 3335 2359 3390 At
2388 3337 2633 3395 Herodes
2666 3355 2776 3394 non
2807 3342 2877 3396 iis
2898 3344 2991 3413 qui
3020 3345 3263 3415 legitimo
3286 3366 3486 3419 genere

1912 3427 2017 3481 orti
2055 3436 2261 3489 essent,
2306 3445 2482 3501 neque
2530 3432 2597 3487 iis
2647 3434 2739 3504 qui
2792 3434 2847 3489 id
2878 3435 3023 3505 juris
3062 3439 3343 3506 haberent,
3386 3446 3482 3500 sed

1913 3520 2280 3590 supposititiis
2310 3523 2662 3593 quibusdam,
2699 3536 2864 3597 atque
2897 3544 2929 3582 a
2972 3531 3116 3586 serie
3164 3548 3228 3587 ac
3259 3550 3483 3591 succes-

1910 3606 2064 3663 sione
2089 3611 2405 3681 pomiﬁcum
2445 3615 2639 3671 alienis
2671 3616 2724 3671 id
2748 3621 2990 3676 muneris
3008 3623 3277 3690 attribuit,
3314 3642 3379 3681 ac
3411 3644 3483 3682 ne

1909 3699 1978 3756 iis
2011 3701 2229 3771 quidem
2282 3704 2337 3758 in
2391 3715 2737 3777 perpetuum,
2766 3710 2860 3765 sed
2913 3712 2979 3766 ad
3015 3712 3177 3769 breve
3205 3717 3481 3788 quoddam

1907 3792 2438 3868 determinatumque
2493 3808 2709 3871 tempus
2766 3804 3102 3873 gratiﬁcans,
3122 3808 3287 3881 395
3318 3817 3483 3880 atque

1907 3885 2013 3939 alio
2047 3894 2291 3956 tempore
2343 3889 2466 3945 aliis
2500 3891 2769 3961 ejusmodi
2825 3894 3086 3952 honorem
3138 3900 3477 3971 impertiens,

1908 3990 1966 4034 ut
1995 3982 2099 4035 hac
2135 3983 2363 4043 ratione,
2398 3986 2587 4054 primae
2621 3988 2841 4058 quidem
2872 3990 3241 4050 hebdomades
3271 4003 3477 4065 septem

1905 4086 1933 4124 a
1958 4070 2102 4141 Cyro
2132 4073 2199 4127 ad
2246 4073 2493 4139 Darium,
2526 4078 2752 4148 reliqua:
2773 4094 2906 4134 vero
2941 4083 3225 4154 sexaginta
3270 4085 3412 4152 duae,
3446 4105 3475 4142 ιι

1906 4161 2066 4216 Dario
2094 4162 2163 4217 ad
2194 4165 2575 4234 imperatorem
2601 4166 2972 4226 Romanorum
3002 4171 3317 4245 Pompeium
3346 4193 3477 4233 con-

1905 4253 2200 4312 tineantur.
2230 4257 2299 4308 At
2328 4256 2373 4311 si
2400 4258 2616 4313 tertiam
2653 4268 2915 4329 praeterea
2956 4268 3473 4336 contemplationem

1904 4342 2038 4398 velis
2074 4343 2355 4408 insistere,
2388 4355 2552 4416 atque
2588 4346 2695 4417 alia
2722 4349 2957 4416 quadam
2996 4355 3205 4407 ratione
3228 4364 3471 4425 tempora

1900 4442 2104 4504 septem
2155 4443 2209 4489 tt
2240 4438 2518 4506 sexaginta
2566 4437 2798 4493 duarum
2844 4439 3240 4499 hebdomadam
3282 4462 3476 4504 nume-

222 4525 513 4595 ἱστορεῖται
546 4526 1018 4598 -περιγραφομένη,
1061 4528 1140 4592 εί,
1186 4525 1492 4600 ἀρξάμενος
1533 4528 1641 4580 ἀπὸ
1692 4529 1796 4581 Δα-

1915 4541 2042 4592 rare,
2077 4541 2197 4597 quae
2225 4542 2399 4584 annos
2421 4531 2705 4586 continent
2738 4532 3166 4613 quadringentos
3195 4540 3473 4607 octoginta

220 4616 367 4689 ρείου
397 4618 490 4669 καὶ
522 4617 620 4687 τῆς
651 4616 1098 4689 συμπληρώσεως
1137 4617 1231 4671 τοῦ
1271 4618 1436 4687 ναοῦ,
1478 4618 1569 4674 τὸν
1608 4619 1799 4693 δηλού-

224 4725 385 4778 μενον
436 4709 667 4781 ἀριθμὸν
720 4709 1036 4783 ἀναλογίσῃ.
1117 4712 1344 4784 Δαρείου
1387 4712 1497 4780 γὰρ
1554 4715 1694 4769 κατὰ
1739 4714 1801 4769 τὸ

218 4798 467 4870 δεύτερον
508 4800 661 4865 ἔτος,
688 4801 782 4854 τὸν
821 4800 1290 4873 ἐϐδομηκονταετῆ
1323 4802 1513 4874 χρόνον
1544 4804 1644 4874 τῆς
1672 4808 1799 4877 ἐρη-

221 4891 445 4964 μώσεως
498 4892 853 4966 Ἰερουσαλὴμ
914 4894 1368 4965 συμπεπεράσθαι
1422 4896 1451 4948 ὁ
1514 4898 1798 4969 προφήτης

215 4985 485 5056 Ζαχαρίας
511 4985 662 5058 δηλοῖ
691 4986 864 5054 λέγων
884 5003 897 5016 ·
954 5004 971 5036 ι
1004 4984 1084 5058 Τῇ
1121 4986 1339 5059 τετράδι
1371 4988 1465 5041 καὶ
1496 4988 1699 5055 είκάδι,
1732 4990 1791 5043 ἐν

213 5077 292 5148 τῷ
316 5078 578 5151 ἑνδεκάτῳ
614 5081 763 5152 μηνὶ,
796 5080 957 5145 αὑτός
983 5082 1098 5134 ἐστι
1121 5079 1323 5148 Σαϐὰτ,
1361 5081 1419 5134 ἐν
1447 5080 1527 5154 τῷ
1554 5081 1791 5155 δευτέρῳ

213 5166 320 5220 ἔτει
358 5170 608 5239 Δαρείου,
640 5171 859 5238 ἐγένετο
904 5170 1062 5240 λόγος
1109 5171 1317 5244 Κυρίου
1349 5171 1486 5243 πρὸς
1515 5174 1792 5245 Ζαχαρίαν

211 5258 300 5313 τὸν
331 5258 422 5312 τοῦ
451 5261 741 5333 Βαραχίου.
779 5282 796 5314 ι
837 5258 948 5316 Εἶθ’
988 5262 1115 5334 ἐξῆς
1149 5262 1425 5332 ἐπιλέγει·
1464 5283 1483 5314 ι
1514 5264 1623 5317 Καὶ
1648 5266 1787 5321 ἀπε-

213 5353 369 5425 κρίθη
416 5355 444 5406 ό
475 5355 706 5425 ἄγγελος
772 5359 1004 5431 Κυρίου,
1049 5359 1145 5412 καὶ
1201 5352 1324 5411 εἷπε
1351 5374 1365 5388 ’
1423 5356 1596 5429 Κύριε
1648 5374 1786 5411 παν-

209 5448 507 5523 τοκράτωρ,
532 5449 637 5515 ἕως
667 5450 811 5516 τίνος
837 5452 897 5505 οὑ
930 5452 1005 5523 μὴ
1022 5453 1254 5524 ἐλεήσῃς
1281 5451 1382 5522 τὴν
1410 5447 1783 5522 Ἰερουσαλὴμ,

211 5542 303 5595 καὶ
339 5542 437 5607 τὰς
481 5544 662 5609 πόλεις
702 5545 904 5609 Ἰούδα,
939 5545 1006 5609 ἃς
1046 5545 1327 5619 ὑπερεῖδες
1355 5542 1514 5597 τοῦτο
1555 5541 1783 5615 ἑϐδομη-

210 5631 397 5683 κοστὸν
435 5630 573 5696 ἐτοςς
612 5650 632 5684 ›
668 5633 868 5688 Τοῦτον
910 5632 975 5706 δὴ
1013 5629 1104 5688 οὖν
1141 5634 1302 5688 αὑτὸν
1332 5632 1410 5705 τῷ
1452 5630 1586 5705 θείῳ
1610 5630 1781 5687 Πνεύ-

281 5816 325 5847 ⁸³
362 5814 591 5871 Zachar.
633 5832 683 5878 I,
720 5812 766 5871 7.

537 5914 799 5975 I‘ATnOL.
852 5915 969 5974 Gn.
1022 5911 1223 5974 XXII.

1901 4625 2031 4682 tres,
2053 4620 2301 4677 invenias
2324 4620 2467 4676 idem
2494 4624 2760 4693 temporis
2788 4627 3026 4696 spatium
3055 4629 3121 4684 ad
3163 4630 3471 4703 Augustum

1899 4727 2076 4783 usque
2109 4720 2273 4784 atque
2299 4712 2700 4789 Herodem,qui
2723 4717 2885 4789 primi
2904 4721 3114 4775 externi
3137 4725 3353 4793 generis
3384 4741 3472 4780 re-

1896 4813 2156 4877 gnarunt,
2180 4822 2530 4879 quorumque
2560 4813 2898 4880 temporibus
2948 4813 3250 4872 Salvatoris
3294 4820 3469 4873 nostri

1894 4894 2024 4954 Iesu
2054 4897 2259 4953 Christi
2318 4908 2475 4955 ortus
2530 4901 2701 4957 luisse
2748 4914 3102 4973 memoratur,
3158 4912 3469 4980 propagari,

1897 4988 1945 5042 si
1975 4988 2134 5043 modo
2164 4991 2308 5045 hunc
2337 5006 2500 5061 quem
2545 4992 2661 5049 dixi
2713 5011 2999 5051 numerum
3059 5008 3287 5068 sumpto
3316 4984 3473 5059 initio

1898 5094 1929 5132 a
1953 5078 2114 5134 Dario
2143 5081 2440 5153 templique
2462 5083 2809 5143 absolutione
2838 5088 3146 5159 recolligas.
3172 5090 3254 5146 Ad
3277 5106 3473 5147 secun-

1899 5171 2027 5227 dum
2056 5174 2200 5227 enim
2263 5172 2408 5228 Darii
2465 5191 2690 5241 annum,
2728 5188 2942 5251 tempus
2970 5180 3287 5238 solitudinis
3318 5184 3471 5240 urbis

1891 5262 2194 5319 Ierusalem
2219 5306 2233 5326 ,
2265 5267 2411 5337 quod
2451 5272 2927 5340 septuagenarium
2979 5273 3103 5340 fuit,
3152 5277 3471 5346 pervenisse

1894 5357 2158 5427 propheta
2187 5356 2484 5415 Zacharias
2516 5361 2724 5417 indicat
2747 5364 2835 5420 bis
2862 5367 3049 5423 verbis
3083 5386 3098 5420 :
3130 5387 3149 5418 ι
3181 5367 3239 5423 lu
3265 5368 3355 5426 die
3389 5372 3471 5425 vi-

1891 5450 2097 5505 cesimo
2126 5459 2325 5529 quarto
2359 5452 2636 5507 undecimi
2685 5458 2893 5514 mensis
2943 5460 3014 5528 (is
3054 5468 3138 5516 est
3185 5459 3370 5534 Sabat)
3410 5466 3467 5519 in

1892 5556 2037 5596 anno
2059 5542 2300 5599 secundo
2328 5541 2498 5606 Darii,
2534 5542 2738 5601 factum
2787 5559 2870 5605 est
2900 5551 3127 5608 verbum
3153 5550 3365 5611 Domini
3397 5556 3467 5611 ad

1890 5630 2210 5691 Zachariam
2239 5635 2407 5691 ﬁlium
2430 5634 2708 5694 Barachiaa
2739 5640 2807 5698 ⁸³.
2849 5660 2867 5697 δ
2908 5641 3113 5701 Deinde
3137 5661 3467 5718 progressus

3030 5920 3109 5980 ‘20
