4106 6420
566 373 672 429 619

1205 371 1475 431 Ευδειιιι
1512 367 1996 429 ΕΕΞΑΒΙΕΝΞΙΞ
2032 366 2150 425 OPF

2253 365 2410 423 ’ἐικὸ
2455 365 2522 423 ll.
2551 396 2621 407 —
2653 361 3156 421 APOLOGETlCA.

3729 362 3838 417 6‘20

565 492 819 565 adjungit
849 510 863 546 :
900 508 921 542 ι
955 486 1027 545 Et
1046 490 1330 562 respondit
1356 491 1584 561 angelus
1615 489 1828 545 Domini
1871 497 1927 545 et
1963 489 2099 543 dixit
2127 507 2141 543 :

2253 504 2380 557 ματι
2437 484 2718 555 θεωρήσας
2760 484 2789 536 ό
2840 481 3039 553 Δανιὴλ
3086 479 3178 533 τόν
3230 478 3420 551 χρόνον
3445 517 3461 541 ,
3511 476 3839 548 σημειοῦται

568 579 796 638 Domine
818 581 1187 652 omnipotens,
1214 595 1501 652 quousque
1529 579 1879 636 misereberis
1918 575 2140 634 Jerusa—

565 673 673 730 lem
695 681 749 728 et
778 673 999 733 urbium
1027 671 1189 738 Juda,
1220 685 1358 742 quas
1383 671 1681 742 despexisti
1722 671 1871 726 hunc
1921 680 2143 742 septua-

567 768 837 836 gesimum
890 780 1094 820 annum
1140 765 1227 820 “l
1258 785 1278 818 ι
1329 763 1443 819 Hoc
1487 764 1655 834 igitur
1696 764 1874 833 ipsum
1927 770 2141 833 tempus

569 857 757 914 Daniel
787 873 912 913 cum
942 858 1128 913 divino
1156 856 1362 928 Spiritu
1391 857 1603 923 aﬂlatus
1637 857 1879 920 vidisset,
1911 856 1996 911 his
2023 871 2143 911 ver-

566 952 653 1007 bis
691 951 936 1006 notavit:
968 968 988 1002 ι
1021 950 1131 1022 Ego
1163 950 1351 1005 Daniel
1398 949 1638 1004 intellexi
1663 948 1720 1002 iu
1753 948 1912 1004 libris
1939 963 2139 1004 nume.

575 1058 696 1099 rum
732 1043 1116 1107 annorum,°de
1142 1059 1251 1113 quo
1276 1042 1454 1098 factus
1493 1048 1578 1096 est
1612 1056 1794 1097 sermo
1824 1038 2039 1094 Domini
2075 1039 2143 1093 ad

572 1132 863 1189 Jeremiam
897 1133 1239 1205 prophetam,
1272 1141 1331 1188 ut
1353 1133 1764 1203 complerentur
1788 1130 2145 1187 desolationis

569 1223 873 1282 Jerusalem
896 1226 1239 1298 septuaginta
1262 1226 1410 1289 anni,
1429 1232 1484 1281 et
1501 1224 1626 1280 dedi
1650 1224 1839 1279 faciem
1873 1239 2045 1279 meam
2076 1223 2144 1278 ad

571 1317 860 1372 Dominum
892 1316 1059 1372 Deum
1084 1333 1288 1383 meum,
1315 1327 1373 1373 ut
1399 1330 1588 1372 orarer
1611 1330 1673 1370 ac
1703 1314 2140 1387 deprecarer“.i

570 1410 774 1467 Deinde
806 1416 931 1482 post
973 1410 1421 1482 deprecationem
1477 1410 1725 1479 angelus,
1778 1409 1871 1479 qui
1927 1407 2003 1462 illi
2061 1422 2148 1463 se-

569 1503 751 1573 ipsum
811 1503 1073 1566 ostendit,
1129 1518 1191 1556 ea
1250 1502 1480 1566 divinat,
1520 1517 1642 1572 qua:
1702 1501 1771 1555 ad
1804 1502 2145 1571 septuaginta

569 1593 941 1649 hebdomadas
973 1595 1267 1665 pertinent,
1293 1601 1347 1649 et
1391 1600 1609 1664 tempus
1651 1593 1795 1648 unde
1823 1591 2145 1646 numerandi

569 1684 785 1738 initium
810 1682 1137 1754 capiendum
1169 1691 1273 1747 est,
1311 1683 1584 1754 signiﬁcat
1622 1683 1853 1739 dicens:
1889 1701 1908 1734 ι
1957 1682 2023 1738 Ει
2052 1698 2146 1738 co-

569 1789 804 1845 gnosces
834 1783 888 1830 et
928 1774 1204 1840 intelliges
1245 1775 1314 1829 ab
1343 1775 1493 1829 exitu
1526 1775 1799 1830 sermonis
1830 1782 1890 1829 ut
1921 1789 2151 1844 respon-

2244 576 2452 645 λέγων’
2505 593 2524 624 ι
2578 572 2720 641 Ἐγὼ
2766 572 2965 643 Δανιὴλ
3013 571 3220 642 συνῆκα
3259 572 3319 622 ἑν
3348 571 3472 633 ταῖς
3509 567 3714 639 βίϐλοις
3742 569 3841 623 τὸν

2245 667 2477 741 ἀριθμὸν
2513 666 2623 721 τῶν
2669 665 2839 730 ἑτῶν,
2893 664 3022 736 περὶ
3064 659 3125 718 οὗ
3169 660 3403 734 ἑγενήθη
3444 660 3599 729 λόγος
3629 661 3842 734 Κυρίου

2247 762 2383 835 πρὸς
2414 759 2685 833 Ἰερεμίαν
2712 757 2805 811 τὸν
2839 758 3149 829 προφήτην,
3182 758 3264 819 είς
3289 753 3686 826 συμπλήρωσιν
3708 756 3846 827 ἐρησ-

2249 853 2473 925 μώσεως
2518 851 2616 921 τῆς
2677 847 3042 921 Ἰερουσαλὴμ
3069 888 3084 911 ,
3139 845 3515 916 ἑϐδομήκοντα
3570 843 3667 914 ἑτη
3691 884 3707 909 ,
3748 844 3849 897 καὶ

2246 946 2423 1000 ἔδωκα
2452 944 2515 998 τὸ
2550 942 2842 1016 πρόσωπόν
2871 957 2972 1012 μου
3007 939 3145 1012 πρὸς
3176 938 3384 1010 Κύριον
3418 937 3507 991 τὸν
3535 937 3670 990 θεόν
3709 952 3845 1008 μου,

2244 1035 2339 1089 τοῦ
2385 1034 2685 1105 ἑκζητῆσαι
2724 1029 3035 1103 προσευχὴν
3077 1030 3173 1083 κα)⁸
3206 1028 3412 1101 δέησιν.
3448 1048 3469 1080 ι
3517 1023 3651 1082 Εἶτα
3702 1028 3847 1099 μετά

2244 1129 2346 1201 τὴν
2396 1126 2559 1199 εὐχὴν
2608 1124 2896 1195 ἐπιφανεὶς
2957 1122 3105 1193 αύτῷ
3157 1123 3187 1176 ό
3216 1120 3449 1190 ἄγγελος
3485 1120 3733 1178 Θεσπίζει
3776 1120 3849 1174 τὰ

2248 1219 2376 1291 περὶ
2412 1219 2519 1272 τῶν
2566 1217 2945 1288 ἑϐδομήκοντα
2995 1213 3306 1285 ἑϐδομάδων
3326 1252 3340 1278 ,
3383 1214 3479 1267 καὶ
3520 1213 3615 1267 τδν
3651 1212 3849 1285 χρόνον

2247 1311 2369 1367 ὅθεν
2400 1310 2483 1363 δεῖ
2506 1309 2770 1383 ἄρχεσθαι
2800 1310 3076 1383 ἀριθμεῖν,
3107 1309 3399 1381 σημαίνει,
3433 1309 3610 1379 λέγων
3632 1325 3648 1339 ·
3689 1327 3708 1358 ι
3733 1306 3847 1361 Καὶ

2248 1405 2433 1479 γνώσῃ
2466 1405 2561 1460 καὶ
2601 1393 2857 1476 συνήσεις
2895 1403 3006 1458 άπὸ
3045 1403 3226 1469 ἑξόδου
3263 1403 3424 1472 λόγου
3444 1442 3460 1468 ,
3490 1402 3585 1456 τοῦ
3613 1403 3849 1473 ἀποκρι-

2250 1499 2405 1569 θῆναι
2436 1498 2529 1551 καὶ
2561 1498 2655 1552 τοῦ
2687 1497 3046 1570 οἰκοδομῆσαι
3068 1497 3443 1569 Ἰερουσαλὴμ,
3471 1497 3578 1561 ἕως
3604 1494 3848 1568 Χριστοῦ

2250 1588 2575 1660 ἡγουμένου.
2624 1607 2642 1640 ι
2710 1587 2909 1656 Γέγονε
2966 1588 3066 1660 μὲν
3123 1584 3218 1643 οὖν
3281 1589 3578 1661 ἀπόκρισις
3649 1586 3847 1660 πρώτη

2250 1682 2459 1755 Κύρου,
2504 1680 2927 1754 οἰκοδομηθῆναι
2956 1681 3059 1753 τὴν
3099 1680 3455 1753 Ἰερουσαλὴμ
3478 1722 3492 1744 ,
3527 1680 3588 1734 ού
3614 1679 3723 1752 μὴν
3755 1680 3841 1744 είς

2251 1774 2413 1847 ἔργον
2455 1773 2736 1846 ἑχὼρησε,
2786 1775 2895 1830 τῶν
2936 1774 3233 1847 περιοίκων
3273 1772 3702 1829 κεκωλυκότων·
3742 1776 3846 1828 Δα-

569 1867 765 1921 deatur
792 1875 844 1921 et
872 1866 1172 1921 aediﬁcetur
1202 1864 1506 1922 Jerusalem
1542 1882 1719 1937 usque
1769 1866 1837 1920 ad
1869 1864 2147 1920 Christum

2253 1868 2401 1941 ρείου
2449 1867 2509 1922 δὲ
2542 1868 2682 1939 μετὰ
2700 1868 2875 1922 ταῦτα
2894 1867 3274 1932 κελεύσαντος,
3307 1867 3403 1921 καὶ
3428 1866 3531 1939 τῆς
3555 1865 3851 1938 οἰκοδομῆς

569 1960 787 2016 ducem.
837 1978 855 2013 ι
883 1957 1058 2014 Porro
1091 1965 1276 2014 autem
1318 1975 1347 2013 a
1374 1958 1519 2031 Cyro
1544 1961 1784 2029 primum
1815 1974 2145 2028 responsum

569 2064 676 2119 est,
707 2060 765 2107 ut
794 2052 1159 2109 aedificaretur
1196 2050 1524 2117 Jerusalem,
1573 2068 1675 2107 nec
1725 2060 1906 2108 tamen
1967 2053 2145 2123 ipsum

569 2161 709 2217 opus
734 2145 983 2201 ell'ectum
1011 2153 1115 2210 est,
1150 2160 1275 2201 cum
1304 2145 1358 2199 id
1383 2144 1546 2200 vicini
1574 2144 1817 2215 undique
1850 2145 2146 2216 prohibue-

570 2238 706 2291 rint.
732 2235 929 2292 Postea
963 2251 1093 2291 vero
1129 2251 1252 2290 cum
1303 2234 1501 2292 Darius
1548 2236 1801 2307 jusserit,
1835 2251 2011 2305 eoque
2062 2252 2149 2292 re-

569 2336 771 2400 gnante
801 2329 1114 2384 absolutum
1146 2330 1219 2385 sit
1249 2328 1435 2399 templi
1460 2329 1778 2393 aediﬁcium,
1803 2328 1931 2384 inde
1956 2329 2025 2384 ab
2047 2330 2149 2386 hoc

569 2422 690 2490 ipso
718 2430 962 2490 tempore
989 2419 1270 2491 prophetae
1319 2418 1509 2476 Daniel
1540 2422 1827 2476 oraculum
1870 2424 1955 2480 sui
1985 2440 2149 2480 even-

567 2520 659 2569 tus
679 2511 894 2567 initium
920 2513 1110 2578 sumit,
1132 2512 1291 2583 cujus
1316 2514 1481 2569 verba
1505 2514 1595 2569 illa
1619 2523 1772 2580 sunt,
1794 2535 1812 2568 ι
1839 2526 1898 2571 ιιι
1923 2533 2151 2588 νοεροηο

568 2592 766 2662 deatur
788 2612 842 2660 et
880 2603 1181 2659 aediﬁcetur
1209 2603 1517 2661 Jerusalem
1540 2646 1557 2671 ,
1592 2626 1612 2660 ι
1648 2606 1702 2661 in
1734 2623 1844 2678 quo
1886 2608 2050 2664 etiam
2085 2609 2145 2664 il-

572 2697 664 2753 lud
703 2697 909 2753 dictum
938 2707 1022 2754 est
1055 2717 1068 2754 :
1106 2715 1125 2750 ι
1162 2697 1275 2770 Ego
1301 2697 1491 2756 Daniel
1522 2701 1760 2757 intellexi
1784 2702 1839 2756 in
1861 2701 2018 2758 libris
2043 2720 2150 2758 nu—

567 2804 778 2845 merum
815 2801 1108 2853 annorum,
1138 2787 1305 2861 396
1336 2788 1407 2846 de
1444 2806 1554 2861 quo
1594 2790 1774 2848 factus
1830 2784 1915 2849 est
1970 2808 2152 2849 sermo

569 2878 802 2935 Domini
832 2880 899 2934 ad
926 2878 1219 2936 Jeremiam
1270 2881 1610 2953 prophetam,
1643 2890 1703 2938 ut
1747 2887 2153 2956 complerentur

568 2971 1246 3030 desolationisJerusalem
1270 2975 1617 3045 septuaginta
1639 2975 1790 3030 anni.
1818 2977 2012 3031 oAnno
2036 2976 2131 3048 igi-

568 3073 661 3121 tur
681 3064 830 3121 Darii
872 3067 1114 3123 secundo
1137 3073 1364 3138 apparet
1398 3067 1701 3136 completos
1734 3082 1858 3123 esse
1884 3082 2060 3124 annos
2084 3069 2151 3123 il-

568 3156 653 3213 los
680 3158 1050 3229 septuaginta,
1076 3166 1134 3211 ut
1164 3172 1268 3212 nos
1318 3158 1466 3211 omni
1502 3157 1715 3212 ratione
1772 3164 2021 3227 oporteat
2065 3175 2152 3215 se-

571 3252 857 3322 ptuaginta
875 3248 1279 3307 hebdomadum
1313 3248 1531 3303 initium
1554 3248 1736 3305 facere
1763 3264 1793 3302 a
1814 3265 1938 3304 ιχνι
1972 3250 2149 3322 olym-

570 3341 753 3415 piade.
781 3351 945 3414 atque
975 3356 1006 3396 a
1037 3340 1185 3397 Darii
1218 3357 1363 3397 anno
1404 3342 1671 3407 secundo,
1707 3341 1764 3397 in
1819 3357 1930 3413 quo
1973 3344 2153 3400 omnis

571 3434 664 3489 illa
697 3434 851 3491 urbis
876 3432 1184 3491 Jerusalem
1220 3433 1512 3489 aediﬁcatio
1563 3434 1817 3491 absoluta
1872 3441 1958 3490 est
1986 3453 1998 3489 :
2026 3435 2154 3491 inde

570 3525 740 3596 igitur
762 3526 807 3581 si
841 3533 1091 3597 tempora
1114 3541 1237 3597 quac
1263 3534 1573 3597 sequuntur.
1597 3541 1874 3591 numeres,
1906 3526 2154 3582 invenias

568 3616 640 3672 ad
666 3616 845 3688 ipsum
888 3633 1064 3689 usque
1094 3616 1361 3673 Herodem
1397 3624 1451 3673 et
1486 3618 1841 3673 monarcham
1877 3616 2154 3674 Romano-

569 3721 695 3762 rum
731 3707 1063 3778 Augustum,
1089 3708 1194 3763 sub
1231 3707 1433 3779 quibus
1458 3705 1764 3764 Salvatoris
1790 3708 1969 3764 nostri
1997 3715 2154 3765 ortus

569 3798 698 3853 vitae
723 3797 1007 3858 hominum
1032 3798 1234 3864 illuxit,
1269 3798 1699 3869 quadringentos
1731 3798 2010 3872 octaginta
2041 3807 2154 3857 tres

568 3905 750 3947 annos
781 3891 1075 3955 contineri,
1112 3891 1207 3962 qui
1237 3898 1445 3962 septem
1494 3898 1549 3946 et
1605 3893 1889 3962 sexaginta
1918 3892 2149 3948 duarqu

570 3982 974 4039 hebdomadam
1037 3997 1309 4039 summam
1377 3981 1680 4038 secundum
1738 3983 1912 4054 ipsius
1962 3984 2151 4041 Daniel

570 4074 915 4146 prophetiam
972 4074 1294 4131 coniiciunt.
1325 4073 1371 4128 Α
1418 4075 1761 4147 sexagesima
1801 4078 1948 4133 enim
1999 4087 2153 4134 sexta

571 4162 882 4234 olympiade
908 4162 979 4217 ad
1009 4163 1366 4226 centesimam
1403 4164 1796 4235 ootogesimam
1824 4175 2035 4235 sextam
2069 4169 2154 4224 in-

570 4250 851 4307 termediae
879 4251 1217 4324 olympiades
1256 4252 1594 4324 colliguntur
1622 4261 1844 4308 centum
1867 4261 1922 4308 et
1959 4254 2152 4327 viginti

572 4359 680 4398 una
706 4361 720 4398 :
744 4343 838 4415 qui
859 4351 989 4401 sunt
1013 4345 1141 4400 anni
1159 4344 1549 4417 quadringenti
1576 4346 1857 4417 octoginta
1882 4356 2150 4418 quatuor,

571 4436 804 4507 singulis
842 4436 1031 4508 utique
1057 4437 1461 4509 olympiadibus
1482 4444 1780 4508 quaternos
1811 4454 1987 4498 annos
2020 4456 2153 4497 con-

2247 1960 2342 2015 τοῦ
2380 1959 2529 2032 ἱεροῦ
2567 1963 2689 2014 κατ’
2723 1959 2886 2014 αὐτὸν
2930 1959 3406 2031 συντελεσθείσης,
3443 1959 3477 2031 ἡ
3517 1957 3616 2012 τοῦ
3649 1958 3851 2031 Δανιὴλ

2249 2052 2499 2108 ἐντεῦθεν
2557 2052 2867 2125 προφητεία
2933 2052 3031 2125 τὴν
3080 2051 3366 2125 καταρχὴν
3416 2052 3519 2123 τῆς
3561 2052 3848 2117 ἐκϐάσεως

2248 2142 2555 2215 ἑλάμϐανεν
2577 2183 2591 2207 ,
2620 2144 2655 2215 ἦ
2684 2160 2745 2198 τε
2776 2145 3062 2214 φάσκουσα
3090 2160 3106 2175 ·
3169 2160 3190 2196 ι
3237 2142 3371 2196 Ἀπὸ
3418 2143 3600 2208 ἑξόδου
3643 2143 3809 2213 λόγου
3830 2185 3846 2205 ,

2247 2238 2342 2294 τοῦ
2373 2239 2735 2311 ἀποκριθῆναι
2770 2240 2982 2295 καὶτοῦ
3015 2239 3366 2310 οἰκοδομῆσαι
3417 2237 3775 2311 Ἰερουσαλὴμ
3797 2256 3845 2301 ,ι

2249 2331 2344 2386 καὶ
2388 2332 2457 2385 δι’
2480 2328 2560 2406 ἰἦς
2601 2332 2816 2405 εἴρηται
2862 2350 2878 2366 ·
2922 2352 2941 2386 ι
2981 2331 3122 2403 Ἐγὼ
3154 2331 3353 2403 Δανιὴλ
3392 2331 3599 2404 συνῆκα
3626 2331 3687 2383 ἑν
3730 2333 3853 2395 ταῖς

2253 2427 2455 2499 βίϐλοις
2479 2428 2571 2482 τὸν
2597 2428 2830 2501 ἀριθμὸν
2846 2428 2955 2482 τῶν
2984 2427 3144 2493 ἑτῶν,
3173 2428 3302 2499 περὶ
3323 2418 3386 2480 οὗ
3423 2423 3656 2497 ἑγενὴθη
3683 2423 3845 2492 λόγος

2256 2521 2465 2594 Κυρίου
2496 2521 2632 2595 πρὸς
2686 2522 2956 2595 Ἱερεμίαν
2994 2521 3087 2575 τὸν
3139 2521 3449 2594 προφήτην,
3491 2521 3570 2583 είς
3598 2515 3850 2587 συμπλή-

2255 2631 2424 2687 ρωσιν
2469 2612 2803 2687 ἐρημώσεως
2859 2611 3239 2685 Ἰερουσαλὴμ,
3288 2611 3659 2682 ἑϐδομήκοντα
3694 2606 3845 2678 ἔτη.»

2251 2704 2412 2760 Κατὰ
2453 2704 2584 2775 γοῦν
2625 2705 2688 2758 τὸ
2742 2703 2997 2778 δεύτερον
3052 2703 3177 2768 ἑτος
3224 2702 3451 2773 Δαρείου
3503 2704 3537 2773 ἡ
3593 2700 3850 2772 συμπλή-

2260 2814 2429 2870 ρωσις
2447 2797 2548 2868 τῆς
2581 2796 3049 2869 ἑϐδομηκονταετη
3060 2796 3199 2870 ρίδος
3215 2795 3590 2849 ἀποδέδεικται
3609 2810 3856 2866 περαιω-

2254 2889 2442 2953 θεῖσα,
2483 2886 2624 2942 ὥστε
2673 2888 2733 2953 ἑξ
2783 2887 3023 2952 ἅπαντος
3067 2888 3331 2959 ἄρχεσθαι
3373 2887 3483 2940 δεῖν
3535 2887 3686 2958 ἡμᾶς
3740 2884 3854 2939 τῶν

2254 2981 2627 3052 ἑϐδομήκοντα
2652 2980 2964 3051 ἑϐδομάδων
2992 2978 3100 3033 ἀπὸ
3120 2979 3222 3050 τῆς
3243 2978 3543 3050 ἑξηκοστῆς
3570 2979 3665 3032 καὶ
3683 2978 3855 3051 ἕκτης

2270 3072 2632 3144 Ὀλυμπιάδος
2654 3112 2668 3136 ,
2710 3071 2806 3125 καὶ
2843 3071 2952 3124 ἀπὸ
2999 3070 3252 3143 δευτέρου
3298 3070 3454 3134 ἑτους
3489 3069 3717 3142 Δαρείου
3737 3110 3753 3135 ,
3795 3071 3855 3123 ἑν

2252 3156 2298 3234 ᾧ
2325 3164 2394 3218 τὰ
2427 3163 2529 3234 τῆς
2562 3162 2853 3235 οἰκοδομῆς
2892 3160 3234 3235 περαιοῦται.
3295 3150 3576 3215 Ἐντεῦθεν
3627 3161 3761 3230 γοῦν
3805 3163 3854 3215 εί

2253 3255 2390 3319 τοὺς.
2423 3255 2725 3327 ἑπομένους
2773 3253 3002 3327 χρόνους
3043 3252 3403 3327 ἀριθμήσεις,
3444 3252 3622 3325 εὕροις
3660 3253 3728 3308 ἂν
3765 3254 3855 3306 ἐπ’

2253 3347 2417 3402 αὑτὸν
2458 3345 2703 3419 Ἡρώδην
2749 3345 3020 3419 μόναρχόν
3053 3361 3113 3397 τε
3175 3344 3463 3415 Ῥωμαίων
3514 3342 3854 3412 Αὔγουστον,

2254 3439 2376 3493 καθ’
2402 3437 2496 3503 οὓς
2525 3440 2559 3510 ἡ
2592 3437 2688 3491 τοῦ
2724 3438 2978 3510 Σωτῆρος
3011 3433 3170 3508 ἡμῶν
3217 3434 3455 3504 ἑπέφανε
3489 3433 3569 3506 τῷ
3618 3434 3720 3506 βίῳ
3760 3433 3857 3502 γέ-

2256 3548 2427 3596 νεσις,
2455 3530 2526 3585 τὰ
2562 3530 2891 3604 τετρακόσια
2928 3529 3260 3600 ὀγδοήκοντα
3288 3527 3414 3601 τρία
3451 3526 3545 3598 ἑτη
3565 3567 3579 3591 ,
3622 3526 3683 3580 αἴ
3716 3527 3855 3579 εἰσιν

2254 3622 2397 3679 ἑπτὰ
2467 3622 2564 3677 καὶ
2608 3620 2969 3694 ἑξηκονταδύο
3024 3619 3349 3693 ἑϐδομάδες,
3411 3618 3553 3673 κατά
3603 3617 3705 3690 τὴν
3757 3616 3853 3671 τοῦ

2254 3714 2452 3787 Δανιὴλ
2504 3714 2842 3788 προφητείαν
2889 3715 3336 3788 περιοριζόμενα.
3408 3712 3541 3767 Ἀπὸ
3596 3712 3708 3783 γὰρ
3754 3713 3857 3782 τῆς

2254 3806 2555 3879 ἑξηκοστῆς
2593 3806 2687 3860 καὶ
2714 3806 2881 3879 ἕκτης
2919 3806 3280 3879 Ὀλυμπιάδος
3301 3807 3395 3860 ent
3417 3804 3517 3876 τὴν
3552 3805 3857 3877 ἑκατοστὴν

2255 3899 2622 3972 ὀγδοηκοστὴν
2684 3898 2852 3973 ἕκτην
2918 3901 3158 3971 γίνονται
3230 3900 3589 3972 Ὀλυμπιάδες
3650 3899 3856 3972 μεταξῦ

2258 3993 2455 4047 ἑκατὸν
2494 3993 2777 4066 εἰκοσιμία
2802 4033 2818 4058 ,
2860 3994 2954 4066 ἑτη
2988 3992 3317 4067 τετρακόσια
3366 3992 3700 4063 ὀγδοήκοντα
3736 3991 3859 4045 τέσ-

2255 4100 2432 4157 σαρα,
2463 4086 2779 4158 τετραετίαν
2818 4086 2917 4157 τῆς
2950 4085 3313 4158 Ὀλυμπιάδος
3353 4082 3683 4155 ἑπεχούσης,
3732 4080 3857 4136 καθ⁴

2258 4176 2318 4230 ὃν
2350 4175 2543 4249 καιρὸν
2579 4176 2889 4248 Αὔγουστος
2928 4176 3215 4248 Ῥωμαίων
3247 4174 3499 4247 βασιλεὺς
3523 4214 3538 4239 ,
3570 4190 3861 4227 πεντεκαι-

2253 4268 2483 4325 δέκατον
2549 4267 2669 4334 ἔτος
2731 4268 2835 4339 τῆς
2911 4267 3196 4339 βασιλείας
3261 4266 3475 4340 ἑπέχων
3504 4306 3520 4331 ,
3581 4265 3859 4335 Δίγύπτου

2256 4368 2465 4437 κρατεῖ,
2496 4366 2591 4420 καὶ
2642 4365 2743 4437 τῆς
2783 4364 2977 4437 λοιπῆς
3032 4362 3361 4436 οἰκουμένης
3380 4402 3394 4428 ,
3428 4364 3518 4433 ὑφ’
3548 4354 3611 4416 οὗ
3642 4361 3862 4433 πρῶτος

2254 4456 2551 4526 ἀλλόφυλος
2600 4454 2843 4531 Ἡρώδης
2885 4456 2984 4528 τὴν
3036 4456 3146 4511 τῶν
3185 4455 3459 4510 Ἰουδαίων
3491 4451 3860 4526 ἐγχειρίζεται

571 4528 897 4585 liuentibus.
964 4528 1084 4596 Quo
1142 4536 1387 4601 tempore
1442 4530 1724 4602 Augustus
1774 4530 2146 4591 Romanorum

2262 4548 2557 4620 βασιλείαν.
2600 4528 2858 4603 Γεννᾶται
2905 4548 2963 4602 δὲ
3014 4551 3042 4603 ὁ
3085 4548 3277 4620 Σωτὴρ
3328 4549 3422 4602 καὶ
3456 4546 3662 4618 Κύριος
3700 4545 3862 4617 ἡμῶν

571 4636 667 4677 rex
700 4621 954 4692 quintum
987 4622 1261 4678 decimum
1296 4623 1381 4679 sui
1426 4626 1578 4696 regni
1627 4641 1832 4681 annum
1878 4641 2066 4698 agens,
2100 4637 2155 4685 et

572 4713 873 4788 IEgyptum
907 4723 962 4771 et
992 4715 1262 4786 reliquum
1305 4715 1491 4772 urbem
1543 4726 1814 4775 terrarum
1861 4719 2153 4792 imperium

573 4807 817 4873 obtinet;
850 4806 955 4863 sub
981 4822 1092 4878 quo
1116 4807 1329 4878 primus
1359 4807 1521 4863 alieni
1545 4812 1764 4881 generis
1793 4811 2040 4871 Herodes
2067 4814 2157 4872 Ιιι⁴

573 4898 818 4954 daeorum
852 4897 1058 4971 accipit
1101 4914 1355 4971 regnum,
1394 4908 1450 4956 et
1493 4899 1747 4959 Salvator
1789 4904 2161 4979 Dominusque

572 4996 765 5047 noSter
796 4988 984 5052 Jesus.
1018 4993 1113 5063 qui
1148 4991 1405 5050 Christus
1435 5001 1522 5049 est
1560 4993 1679 5062 Dei,
1729 4997 1999 5064 nascitur,
2027 4999 2157 5055 dum

573 5084 831 5140 videlicet
859 5092 914 5140 et
938 5091 1097 5140 ortus
1119 5085 1269 5141 illius
1299 5093 1539 5156 tempus,
1580 5096 1636 5143 et
1675 5099 1878 5160 septem
1910 5105 1975 5146 ac
2001 5106 2162 5147 sexa-

570 5178 724 5250 ginta
762 5178 997 5233 duarum
1031 5177 1433 5234 hebdomadam
1483 5178 1629 5245 ﬂuis,
1655 5180 1723 5237 de
1751 5184 1953 5255 quibus
1982 5186 2161 5257 loqui-

570 5277 664 5325 tur
696 5269 963 5341 propheta
989 5269 1204 5335 Daniel,
1235 5272 1293 5327 in
1319 5271 1464 5328 idem
1490 5286 1851 5343 concurrunt,
1865 5285 1988 5349 post
2017 5294 2159 5350 quas

571 5376 698 5416 cum
723 5369 1064 5433 segregetur.
1089 5373 1145 5418 et
1168 5363 1389 5436 longius
1414 5374 1540 5435 post
1560 5366 1796 5437 plurima
1812 5383 1876 5423 ea
1903 5370 2159 5426 videlicet

570 5465 695 5522 quae
741 5451 798 5506 in
845 5452 1025 5508 medio
1066 5454 1387 5525 prOphetice
1417 5456 1810 5526 praedicuntur,
1838 5459 2161 5514 amandetur

574 5560 705 5611 una,
740 5560 865 5617 qua:
914 5546 1126 5618 reliqua
1158 5556 1273 5615 est,
1314 5548 1682 5612 hebdomada,
1730 5557 1927 5606 caetera
1976 5552 2163 5608 omnia

571 5649 921 5707 quaecunque
978 5639 1124 5692 inter
1193 5639 1429 5696 mediam
1484 5641 1695 5696 oraculi
1745 5641 2159 5713 praedictionem

571 5728 719 5783 dicta
750 5738 903 5793 sunt,
937 5729 1301 5801 perﬁciuntur
1321 5772 1336 5797 ,
1370 5748 1493 5803 qua:
1526 5732 1583 5788 in
1614 5733 1764 5789 hunc
1793 5735 2016 5793 modum
2042 5738 2164 5811 ipsa

641 5823 690 5857 ”
725 5821 957 5879 Zarbar.
994 5840 1033 5894 ι,
1078 5825 1164 5882 12.
1240 5824 1286 5858 ⁸⁸
1325 5824 1462 5880 Dan.
1495 5840 1582 5891 ix,
1616 5823 1736 5891 2,5.

2276 4639 2481 4713 Ἰησοῦς
2517 4643 2547 4695 ό
2583 4639 2817 4714 Χριστὸς
2858 4639 2953 4694 τοῦ
2984 4639 3119 4693 Θεοῦ
3146 4679 3160 4704 ,
3197 4638 3340 4693 κατὰ
3376 4639 3437 4692 τὸ
3467 4637 3599 4692 αὐτὸ
3637 4653 3864 4709 συντρε-

2262 4731 2464 4808 χόντων
2513 4731 2622 4785 τῶν
2660 4730 2869 4805 χρόνων
2921 4731 3024 4803 τῆς
3078 4730 3346 4801 γενέσεως
3392 4728 3558 4784 αὐτοῦ
3611 4727 3708 4782 καὶ
3759 4727 3861 4797 τῆς

2265 4820 2712 4893 συμπληρώσεως
2736 4820 2845 4875 τῶν
2893 4821 3045 4895 παρὰ
3085 4820 3165 4892 τῷ
3206 4818 3406 4891 Δανιὴλ
3440 4817 3581 4872 ἑπτὰ
3610 4818 3707 4871 καὶ
3736 4815 3862 4885 ἑξή-

2263 4928 2431 4968 κοντα
2451 4912 2544 4967 δύο
2567 4912 2905 4986 ἑϐδομάδων*
2940 4913 3057 4986 μεθ’
3077 4912 3143 4978 ἃς
3161 4911 3496 4985 διῃρημένης
3518 4909 3615 4964 καὶ
3640 4907 3862 4981 μακρὰν

2228 5004 2783 5079 Ἰάπεσχοινισμένης,
2822 5005 2962 5078 μετὰ
2987 5005 3220 5058 πλεῖστα
3258 5004 3360 5057 ὅσα
3384 5001 3453 5056 τὰ
3488 5000 3691 5074 μεταξὺ
3726 5017 3862 5073 προ-

2263 5097 2628 5171 φητευόμενα,
2657 5097 2763 5171 τῆς
2797 5097 3093 5171 λειπούσης
3115 5097 3245 5169 μιᾶς
3270 5095 3584 5167 ἑϐδομάδος,
3609 5093 3681 5147 τὰ
3698 5092 3861 5147 λοιπὰ

2262 5191 2444 5246 πάντα
2496 5190 2587 5247 διὰ
2638 5190 2811 5262 μέσου
2866 5190 2970 5263 τῆς
3023 5189 3119 5246 τοῦ
3182 5188 3438 5262 χρησμοῦ
3501 5187 3862 5260 προρρήσεως

2260 5282 2528 5357 εἰρημένα
2582 5282 2909 5337 ἑπιτελεϊται
2938 5322 2953 5346 ,
3000 5281 3036 5336 ἃ
3091 5283 3185 5336 καὶ
3215 5280 3358 5335 αὐτὰ
3388 5278 3578 5332 τοῦτον
3621 5277 3735 5349 ἔχει
3769 5275 3862 5329 τὸν

2256 5376 2460 5448 τρόπον
2487 5393 2505 5408 ο
2554 5396 2573 5428 ‹
2596 5376 2754 5432 Μετὰ
2778 5375 2878 5440 τὰς
2902 5375 3203 5448 ἑϐδομάδας
3218 5373 3318 5441 τὰς
3347 5372 3488 5427 ἑπτὰ
3511 5371 3605 5426 καλ⁵
3641 5370 3864 5441 ἑξηκον-

2258 5468 2427 5523 ταδύο
2478 5467 2989 5543 ἑξολοθρευθήσεταοι
3012 5467 3241 5541 χρίσμα,
3264 5466 3357 5521 καὶ
3382 5467 3557 5537 κρῖμα
3594 5464 3696 5518 ούκ
3716 5463 3863 5517 ἑστιν

2262 5561 2322 5615 ἑν
2342 5559 2492 5634 αύτῷ
2518 5577 2533 5593 ·
2556 5561 2652 5615 καὶ
2681 5560 2783 5634 τὴν
2824 5559 2976 5614 πόλιν
3019 5559 3114 5613 καὶ
3155 5558 3218 5612 τδ
3255 5557 3409 5627 ἅγιον
3447 5555 3732 5630 διαφθερεῖ
3764 5552 3863 5609 σὺν

2262 5647 2342 5721 τῷ
2387 5647 2679 5721 ἡγουμένῳ
2730 5647 2813 5719 τῷ
2867 5648 3148 5721 ἐρχομένῳ
3173 5685 3187 5711 ,
3241 5645 3336 5700 καὶ
3371 5644 3772 5716 ἑκκοπήσονται
3803 5640 3863 5697 ἑν

2263 5738 2658 5813 κατακλυσμῷ,
2681 5739 2911 5814 καὶβως
2936 5739 3123 5805 τέλους
3152 5738 3389 5811 πολέμου
3420 5732 3861 5809 συντετμημένου
