4106 6420
267 358 380 414 62!

1115 357 1768 416 DEMONSTRATIONIS
1804 357 2267 415 EVANGELICIE
2305 359 2432 416 LIB.
2470 359 2614 417 VIII;

3433 357 3540 416 623

265 474 626 544 ἀφανισμοῖς.
667 493 686 525 ι
742 474 853 529 Καὶ
899 473 1074 529 ταῦτα
1119 476 1175 529 δὲ
1232 477 1434 548 ἐναργῆ
1483 476 1584 548 τὴν
1633 477 1855 531 ἔκϐασιν

1971 492 2177 548 ιιιοιιιιε
2218 493 2278 533 se
2320 477 2523 534 habent
2561 497 2574 532 :
2617 496 2635 530 ι
2669 475 2800 532 Post
2849 476 3220 533 hebdomadas
3242 485 3449 548 septem
3486 487 3541 530 ιιι

265 564 470 636 εἴληφε
503 565 622 618 κατ’
654 565 817 619 αὐτὸν
855 565 1160 636 Αὔγουστον
1195 568 1290 621 καὶ
1329 568 1574 640 Ἡρώδην
1597 609 1613 633 ,
1653 571 1733 634 είς
1769 569 1862 634 οὒς

263 656 377 720 τὰς
407 656 804 728 προειρημένας
827 657 964 710 ἐπτά
991 657 1292 728 ἑϐδομάδας
1330 658 1862 728 συγκεφαλαιοῦσθαί

267 764 484 818 φαμεν.
522 747 654 818 Ὀδῷ
688 747 821 816 γοῦν
860 749 952 802 καὶ
980 749 1129 816 τάξει
1162 749 1258 802 τοῦ
1286 749 1428 803 κατά
1459 749 1558 820 τὴν
1598 751 1863 823 ἀρχιερω-

269 838 448 908 σύνην
467 839 785 908 χρίσματος,
827 839 988 911 μέχρι
1025 839 1134 892 τῶν
1166 839 1404 911 Ἡρώδου
1433 841 1528 894 καὶ
1546 841 1862 910 Αὐγούστου

265 929 486 999 χρόνων
534 930 920 1002 διαρκέσαντος
943 970 958 994 ,
1002 933 1101 1003 τῆς
1148 932 1206 985 δὲ
1251 931 1499 1004 διαδοχῆς
1548 933 1658 986 τῶν
1697 932 1862 985 πάλαι

264 1021 582 1094 ἀρχιερέων
639 1023 733 1075 ἐπὶ
787 1023 1131 1096 Ἀλέξανδρον
1189 1026 1282 1079 τδν
1333 1023 1603 1097 Ὑρκανοῦ
1651 1023 1863 1096 πατέρα

267 1113 755 1185 περιγραφείσης,
843 1113 1086 1186 Ἡρώδης
1137 1115 1228 1168 τὸν
1298 1115 1562 1187 Ὑρκανὸν
1626 1113 1861 1174 ἀνελὼν,

264 1206 466 1260 οὐκέτι
511 1212 624 1272 τοῖς
656 1211 718 1264 ὲκ
757 1208 1009 1280 πατέρων
1047 1207 1313 1286 διαδόχοις
1341 1207 1628 1286 ἐπιτρέψαι
1648 1206 1864 1275 λέγεται

263 1298 375 1369 τὴν
426 1299 796 1373 λειτουργίαν,
848 1300 986 1354 ἀλλά
1020 1285 1161 1353 τισιν
1200 1285 1434 1370 ἀσήμοις
1472 1299 1566 1352 καὶ
1603 1297 1865 1367 ἀφανέσιν

266 1391 610 1464 ἀνθρώποις.
645 1393 814 1447 Τοῦτο
843 1393 900 1446 δὲ
941 1394 1034 1446 καὶ
1071 1394 1101 1446 ό
1139 1391 1386 1462 χρησμὸς
1419 1389 1708 1462 προλαϐὼν
1733 1391 1864 1442 έπε-

269 1482 565 1549 θέσπισεν,
617 1486 824 1539 είπώνδ
882 1503 900 1536 ι
938 1485 1050 1540 Καὶ
1103 1483 1241 1555 μετά
1273 1483 1372 1548 τὰς
1423 1483 1721 1555 ἑϐδομάδας
1769 1483 1865 1547 τὰς

268 1578 424 1632 ἑπτά
451 1579 548 1631 καὶ
577 1575 934 1647 ἑξηκονταδύο
967 1576 1480 1650 ἐξολοθρευθήσεται
1511 1576 1742 1648 χρίσμα,
1772 1577 1867 1630 καὶ

268 1673 458 1742 κρῖμα
485 1669 586 1722 οὐκ
620 1669 765 1722 ἐστιν
794 1669 852 1721 ὲν
878 1668 1026 1738 αὐτῷ
1050 1685 1062 1698 ·
1107 1688 1126 1720 ι
1167 1669 1305 1740 ὅπερ
1342 1666 1529 1737 σαφῶς
1568 1668 1662 1720 καὶ
1692 1665 1868 1719 λοιποὶ

267 1760 592 1814 τεθείκασιν
623 1759 952 1831 ὲρμηνευταί
979 1776 992 1788 ο
1019 1761 1046 1812 ὁ
1075 1761 1172 1829 μὲν
1213 1759 1444 1823 ’Λκύλας
1465 1760 1640 1829 φήσας
1659 1775 1672 1789 ο
1709 1775 1728 1809 ι
1757 1759 1869 1811 Καὶ

272 1855 427 1924 μετά
449 1853 550 1917 τὰς
572 1853 711 1907 ἑπτὰ
732 1852 1033 1924 ἑϐδομάδας
1058 1853 1152 1904 καὶ
1183 1849 1542 1922 ἑξηκονταδύο
1563 1847 1869 1918 ὲξολοθρευ-

205 1996 212 2002 ,
270 1945 512 2016 θήσεται
556 1943 917 2016 ὴλειμμένος,
971 1946 1066 1996 καὶ
1111 1944 1211 1996 οὐκ
1260 1943 1405 1996 ἐστιν
1439 1940 1626 2012 αὐτῷ·
1667 1961 1685 1992 ι
1742 1942 1770 1992 ὁ
1813 1940 1867 1992 δὲ

273 2035 582 2107 Σύμμαχος
600 2051 615 2065 ·
655 2055 674 2088 ι
709 2037 820 2090 Καὶ
846 2035 983 2107 μετά
1013 2036 1110 2098 τὰς
1139 2033 1436 2105 ἑϐδομάδας
1458 2032 1596 2086 ἐπτά
1625 2033 1718 2086 καὶ
1749 2029 1869 2102 ἑξη-

272 2128 541 2183 κονταδύο
557 2129 916 2201 ὲκκοπήσεται
927 2127 1179 2199 Χριστὸς,
1193 2127 1286 2180 καὶ
1301 2127 1402 2179 οὐκ
1417 2125 1644 2197 ὑπάρξει
1661 2124 1826 2196 αύτῷ.
1843 2143 1862 2177 ι

278 2223 452 2277 Ὅθεν
485 2222 720 2294 μάλιστα
747 2219 1117 2292 παρίστασθαί
1151 2237 1242 2290 μοι
1273 2219 1418 2271 δοκεί
1448 2218 1679 2290 Χριστὸς
1707 2216 1869 2288 ήγού-

276 2332 449 2386 μενος
479 2311 619 2368 εἶναι
641 2316 669 2367 ὁ
701 2313 841 2368 κατά
865 2313 964 2384 τὴν
993 2311 1266 2383 ήμετέραν
1287 2309 1540 2362 ἀπόδοσιν
1567 2308 1869 2379 δεδηλωμέο

274 2427 389 2472 νος.
417 2407 575 2462 Μετά
593 2406 723 2476 γοῦν
739 2406 840 2476 τὴν
853 2404 959 2457 τῶν
977 2404 1282 2476 εἰρημένων
1294 2401 1602 2472 ἑϐδομάδων
1617 2418 1680 2453 συ
1690 2401 1868 2473 μπλή-

276 2517 474 2571 ρωσιν,
488 2518 505 2549 ι
529 2495 1036 2568 ἐξολοθρευθήσεται
1056 2494 1309 2566 Χριστὸς,
1325 2492 1502 2564 isonat.
1528 2493 1623 2555 Τίς
1639 2491 1695 2544 δὲ
1712 2485 1866 2556 οῦτος

274 2593 313 2663 ἢ
332 2595 360 2644 ὁ
384 2590 523 2661 ήγού
532 2607 710 2661 μενος,
729 2589 860 2642 καὶὸ
877 2587 1014 2641 κατὰ
1028 2586 1274 2658 διαδοχὴν
1293 2586 1350 2652 ἐξ
1366 2587 1408 2637 ίε
1417 2582 1636 2656 ρατικοῦ
1653 2587 1865 2652 γένους,

276 2680 374 2734 τοῦ
419 2679 604 2742 ἔθνους
631 2675 948 2749 προεστώς;
999 2675 1222 2745 Διέμενε
1259 2672 1390 2742 γοῦν
1431 2666 1585 2736 οὗτος
1629 2672 1708 2733 είς
1742 2671 1865 2722 ὅσον

275 2777 439 2831 οῦπω
459 2775 528 2828 τὰ
548 2774 657 2827 τῶν
685 2771 992 2844 ἑϐδομάδων
1020 2768 1326 2841 ἐπληροῦτο
1352 2785 1365 2796 ·
1421 2765 1609 2836 ἐπειδὴ
1638 2763 1694 2816 δὲ
1716 2763 1867 2827 τέλος

279 2863 590 2934 ὶλάμϐανον
623 2857 784 2916 αὗται
806 2903 822 2927 ,
862 2859 1168 2922 ἀκολούθως
1198 2860 1264 2928 τῇ
1296 2854 1600 2926 προφητείᾳ
1634 2851 1865 2924 ἐξεκόπη

278 2959 311 3011 ὁ
340 2958 408 3009 ὲκ
437 2956 686 3025 διαδοχῆς
721 2953 910 3022 γένους
931 2993 945 3015 ,
983 2951 1076 3004 τοῦ
1123 2951 1304 3012 ἔθνους
1347 2945 1643 3020 προεστώς.
1699 2939 1867 3006 Οὗτος

282 3047 341 3100 δὲ
367 3042 436 3118 ἦν
479 3045 762 3117 Ὑρκανὸς,
784 3044 842 3096 ὃν
868 3043 1028 3106 αὐτὸς
1060 3039 1303 3112 Ἡρώδης
1329 3035 1532 3090 ἀνελὼν
1555 3075 1570 3100 ,
1599 3034 1696 3107 τὴν
1724 3033 1866 3088 κατά

282 3135 377 3189 τοῦ
405 3136 589 3198 ἔθνους
611 3133 887 3204 βασιλείαν
937 3131 1103 3209 μηδὲν
1142 3129 1290 3199 αὐτῷ
1310 3127 1670 3198 διαφέρουσαν
1694 3124 1868 3223 escap-
1895 3167 1934 3223 Ο

284 3227 453 3291 πάζει
481 3267 495 3291 ,
555 3225 770 3299 πρῶτός
829 3242 887 3278 τε
935 3223 1096 3286 αὐτὸς
1147 3219 1440 3290 ἀλλόφυλος
1493 3220 1728 3290 ἡγεῖται.
1789 3215 1864 3269 Οὐ

287 3324 453 3396 μόνος
484 3323 540 3377 δὲ
568 3324 676 3394 ἄρα
708 3323 736 3374 ό
773 3310 1033 3393 Ὑρκανὸς
1064 3320 1298 3389 Χριστὸς
1330 3316 1426 3381 ὢν,
1450 3313 1673 3368 καὶτῶν
1701 3312 1869 3368 πάλαι

284 3416 591 3488 ἀρχιερέων
647 3414 894 3479 ὕστατος,
936 3412 1190 3482 ἐξεκόπη,
1223 3409 1359 3464 ἀλλά
1391 3410 1484 3462 καὶ
1512 3411 1546 3479 ἡ
1572 3409 1636 3460 ὲκ
1670 3405 1870 3478 προγό-

285 3527 394 3562 νων
456 3506 664 3560 ἀνωθεν
701 3507 766 3559 ἐκ
790 3504 897 3557 τῶν
941 3501 1219 3574 πρόπαλαι
1259 3499 1558 3572 ἀρχιερέων
1607 3497 1870 3551 κατιοῦσα

284 3598 544 3670 διαδοχὴ,
612 3597 744 3651 αὑτό
802 3613 862 3648 τε
925 3595 988 3648 τὸ
1055 3592 1196 3647 κατὰ
1255 3591 1451 3664 νόμους
1505 3589 1714 3662 χρίσμα
1769 3590 1870 3644 οὐκ

286 3693 368 3746 ἔτι
398 3692 540 3744 κατά
606 3690 784 3763 κρίσιν
821 3688 1136 3758 γινόμενον,
1183 3685 1433 3747 ἀτάκτως
1469 3683 1525 3736 δὲ
1554 3684 1647 3737 καὶ
1671 3700 1869 3752 συγκε-

286 3784 572 3856 χυμένως,
634 3783 694 3834 οὑ
748 3781 888 3834 κατά
938 3780 1006 3832 τὰ
1040 3777 1189 3850 παρά
1236 3778 1458 3831 Μωῦσεῖ
1515 3777 1869 3848 νενομοθετη-

287 3875 742 3949 μένα,συνέτρεχε
782 3873 840 3926 δὲ
891 3872 1024 3944 ὁμοῦ
1059 3871 1239 3924 πάντα
1295 3869 1600 3933 ἀκολούθως
1642 3873 1706 3940 τῇ
1740 3887 1871 3940 προ-

287 3970 487 4042 φητεία
543 3969 798 4040 φησάσῃο
837 3984 856 4018 ι
891 3964 1430 4038 Ἐξολοθρευθήσεται
1481 3965 1690 4036 χρίσμα
1717 4003 1732 4027 ,
1779 3965 1872 4017 καὶ

287 4064 466 4134 κρῖμα
509 4062 608 4114 ούκ
666 4059 811 4112 ἔστιν
872 4059 930 4111 ὲν
975 4057 1143 4128 αὐτῷ.
1175 4076 1192 4108 ι
1231 4055 1458 4126 Μάρτυς
1502 4056 1546 4108 δ’
1577 4055 1871 4126 ἀξιόχρεως

286 4153 495 4208 τούτων
535 4155 564 4206 ὁ
619 4150 678 4216 ἐξ
723 4150 900 4205 αὐτῶν
955 4149 1218 4222 Ἐϐραίων
1270 4147 1563 4220 Ἰώσηπος,
1608 4140 1711 4199 ὧδέ
1755 4163 1873 4211 πως

291 4242 522 4316 ἱστορῶν
565 4241 634 4294 τὰ
683 4239 824 4294 κατά
871 4241 996 4304 τοὺς
1041 4238 1266 4311 χρόνους
1318 4239 1375 4290 ὲν
1421 4235 1876 4306 ὀκτωκαιδεκάτῳ

290 4339 393 4409 τῆς
439 4334 775 4403 Ἰουδαϊκῆς
820 4333 1296 4403 Ἀρχαιολογίας·
1326 4350 1344 4382 ι
1380 4331 1490 4402 Τὴν
1514 4330 1570 4383 δὲ
1597 4327 1876 4400 βασιλείαν

304 4429 551 4504 Ἡρώδης
583 4428 733 4499 παρά
774 4427 1055 4497 Ῥωμαίων
1079 4422 1436 4496 ἐγχειρισθεὶς
1457 4463 1472 4486 ,
1505 4424 1605 4476 ούκ
1637 4421 1718 4474 ἔτι
1750 4421 1874 4485 τοὺς

1964 571 2248 640 δειεεὶηιε
2283 572 2422 627 duas
2448 570 2644 642 peribit
2665 570 2873 636 unctio,
2900 577 2954 625 et
2995 571 3266 637 judicium
3315 587 3424 626 non
3458 579 3543 626 est

1967 661 2023 715 in
2059 677 2154 727 ea;
2177 669 2232 716 et
2263 663 2541 716 civitatem
2573 670 2627 715 et
2665 669 2916 714 sanctum
2947 658 3227 730 disperdet
3250 675 3374 713 eum
3405 657 3544 712 dure

1963 760 2196 808 venturo
2219 772 2231 807 :
2252 763 2308 808 et
2339 751 2626 806 excidetur
2655 751 2712 804 in
2744 749 2971 816 diluvio,
2992 757 3046 804 et
3073 765 3246 820 usque
3283 749 3350 803 ad
3381 748 3540 804 ﬁnem

1964 846 2092 901 belli
2128 846 2182 900 in
2213 845 2595 915 compendium
2623 842 2855 905 redacti,
2900 841 3391 897 internecionihus.
3431 859 3451 892 ι
3479 839 3542 892 Et

1965 937 2081 993 haec
2113 938 2331 1009 quidem
2365 939 2712 1007 perspicuum
2741 936 2947 992 exitum
2975 942 3136 989 nacta
3157 941 3288 990 sunt
3309 933 3540 1004 Augusti

1964 1027 2304 1100 ilerodisque
2356 1028 2696 1099 temporibus
2733 1046 2748 1083 :
2783 1027 2836 1081 in
2882 1043 3022 1097 quos
3054 1042 3173 1091 cas,
3226 1025 3293 1081 de
3341 1025 3540 1096 quibus

1965 1119 2304 1182 dicebamus,
2344 1126 2548 1188 septem
2591 1116 2963 1171 hebdomadas
2997 1116 3369 1171 consummari
3399 1113 3543 1169 aﬁir-

1965 1224 2198 1263 ntamus.
2224 1205 2360 1261 Nam
2384 1222 2508 1261 cum
2534 1223 2692 1262 suum
2726 1219 3077 1277 progressum
3108 1213 3272 1275 atque
3294 1203 3540 1258 ordinem

1966 1302 2242 1372 pontiﬁcia
2273 1301 2365 1355 illa
2405 1300 2594 1355 unctio
2630 1315 2805 1370 usque
2853 1299 2918 1353 :rd
2953 1298 3222 1354 Herodem
3265 1309 3315 1353 et
3356 1298 3544 1368 Augu-

1967 1399 2112 1447 stum
2166 1400 2480 1448 constanter
2508 1393 2830 1454 servaverit,
2865 1399 2918 1446 et
2945 1402 3191 1447 veterum
3222 1390 3542 1460 pontiﬁcum

1968 1485 2248 1540 successio
2283 1485 2338 1538 in
2363 1483 2674 1538 Alexandro
2715 1481 2951 1554 Hyrcani
2993 1490 3146 1552 patre
3192 1481 3539 1540 tcrminetur,
3580 1527 3588 1534 .

1967 1573 2210 1631 Herodes
2240 1577 2359 1648 ipso
2384 1575 2637 1647 Hyrcano
2668 1574 2953 1630 interfecto
2980 1572 3143 1645 397
3174 1589 3282 1628 non
3305 1573 3544 1644 amplius

1969 1666 2059 1730 iis,
2086 1668 2179 1737 qui
2215 1683 2245 1722 a
2288 1669 2610 1738 parentibus
2633 1667 2964 1722 succedendi
2997 1667 3090 1736 jus
3128 1666 3415 1731 habt-rent,
3442 1666 3545 1719 mi-

1969 1759 2260 1814 nisterium
2296 1759 2428 1814 illud
2457 1759 2801 1814 concessisse
2827 1757 3049 1820 dicitur,
3081 1756 3175 1813 sed
3217 1757 3544 1829 ignobilibus

1972 1852 2303 1922 quibusdam
2329 1852 2693 1922 obscurisque
2725 1850 3063 1906 hominibus.
3099 1849 3204 1905 Sed
3237 1852 3402 1906 etiam
3422 1865 3544 1904 ora-

1972 1943 2156 1997 culum
2207 1942 2349 1998 hanc
2389 1943 2562 2014 ipsam
2611 1959 2726 1998 rem
2779 1943 3087 2014 anticipans
3136 1944 3425 2005 divinavit,
3456 1943 3543 1999 his

1969 2034 2187 2090 verbis:
2219 2052 2238 2086 ι
2273 2033 2339 2088 Ει
2365 2043 2489 2103 post
2522 2033 2891 2089 hebdomadas
2941 2044 3145 2105 septem
3181 2042 3235 2088 et
3264 2033 3544 2106 sexaginta

1972 2127 2112 2182 duas
2161 2127 2360 2198 peribit
2391 2127 2596 2193 unctio,
2629 2134 2685 2180 et
2720 2125 2988 2196 judicium
3023 2140 3131 2181 non
3167 2133 3250 2180 cst
3299 2126 3354 2180 in
3398 2141 3482 2182 ea.
3521 2147 3540 2178 ι

1970 2219 2126 2286 Quod
2163 2219 2381 2290 quidem
2413 2219 2701 2290 perspicue
2741 2219 2936 2290 reliqui
2992 2235 3208 2291 quoque
3246 2229 3546 2290 posuerunt

1970 2313 2337 2382 interpretes:
2373 2311 2572 2382 Aquila
2607 2311 2829 2382 quidem
2883 2312 3004 2367 sic:
3040 2330 3059 2364 ι
3096 2311 3161 2368 Et
3186 2321 3308 2382 post
3339 2320 3545 2384 septem

1967 2405 2342 2461 hebdomadas
2372 2415 2425 2460 et
2490 2405 2770 2476 sexaginta
2805 2405 2943 2460 duas
2983 2404 3184 2475 peribit
3237 2411 3458 2468 unctus,
3492 2413 3546 2459 et

1968 2512 2077 2552 non
2125 2507 2210 2552 est
2246 2496 2318 2551 ei.
2360 2515 2380 2549 ι
2435 2493 2797 2567 Symmachus
2851 2503 3032 2551 autem
3069 2496 3191 2552 sic:
3229 2514 3249 2549 ι
3310 2494 3376 2550 Et
3424 2507 3548 2567 post

1971 2587 2338 2643 hebdomadas
2387 2596 2594 2658 septem
2642 2597 2696 2642 et
2739 2589 3020 2660 sexaginta
3085 2586 3223 2643 duas
3266 2587 3547 2644 excidetur

1968 2677 2241 2742 Christus,
2279 2683 2333 2732 et
2363 2692 2472 2732 non
2496 2676 2672 2732 aderit
2722 2678 2794 2733 ei.-
2845 2695 2864 2730 ι
2889 2676 2966 2732 Ex
2993 2693 3104 2748 quo
3133 2677 3369 2733 maxime
3413 2679 3547 2734 mihi

1967 2777 2226 2825 constare
2249 2767 2488 2836 videtur,
2515 2768 2797 2823 Christum
2828 2767 3024 2824 ducem
3059 2783 3184 2824 esse
3205 2783 3356 2833 eum,
3383 2783 3547 2838 quem

1968 2863 2242 2932 expositio
2283 2869 2476 2917 nostra
2501 2861 2824 2917 deciaravit.
2850 2859 2984 2918 Post
3005 2871 3110 2917 'eas
3140 2859 3308 2932 igitur
3329 2861 3400 2916 de
3423 2862 3546 2931 qui-

1968 2953 2074 3009 bus
2107 2953 2349 3008 diximus
2372 2954 2674 3024 completas
2690 2941 3086 3018 hebdomadas,
3121 2969 3143 3004 σ
3175 2953 3376 3024 peribit
3397 2952 3529 3007 Chri

1970 3053 2110 3109 stus,
2153 3065 2173 3099 ι
2209 3047 2407 3118 inquit.
2453 3045 2558 3102 Sed
2597 3046 2721 3118 quis
2758 3046 2979 3102 tandem
3008 3045 3100 3100 hic
3121 3044 3400 3110 Christus,
3441 3047 3550 3101 nisi

1968 3135 2078 3190 dux
2113 3137 2206 3207 qui
2236 3137 2473 3208 legitime
2501 3125 2804 3192 succedens
2818 3152 2882 3191 ex
2906 3137 3184 3206 pontiﬁcio
3199 3153 3416 3208 genere,
3436 3154 3550 3194 sua:

1969 3228 2112 3298 genti
2142 3229 2436 3298 praeesSet?
2458 3227 2656 3284 Mansit
2683 3228 2850 3299 igitur
2881 3228 2972 3283 hic
3002 3229 3547 3299 Christus,quandiu

1971 3321 2339 3377 hebdomades
2382 3321 2489 3376 illae
2535 3320 2910 3387 duraverunt;
2954 3320 3048 3375 ubi
3095 3329 3277 3376 autem
3330 3321 3549 3376 illarum

1971 3413 2095 3470 ﬁnis
2117 3413 2354 3480 advenit,
2385 3414 2606 3470 excisus
2637 3419 2742 3476 est,
2771 3413 2863 3482 qui
2896 3413 2964 3468 de
2991 3413 3209 3482 generis
3241 3413 3547 3468 successio-

1970 3521 2040 3562 ne
2094 3504 2238 3575 genti
2270 3513 2548 3574 przeesset.
2570 3503 2742 3558 Porro
2778 3503 2872 3557 hic
2915 3501 3018 3556 fuit
3049 3501 3357 3574 Hyrcanus,
3387 3519 3548 3569 quem
3617 3541 3624 3548 .

1970 3612 2093 3652 cum
2127 3595 2371 3652 Herodes
2420 3595 2815 3658 interfecisset,
2857 3609 3082 3665 regnum
3123 3595 3373 3664 protinus
3403 3595 3548 3665 quod

1971 3689 2040 3744 ad
2072 3688 2252 3758 ipsum
2285 3687 2421 3742 nihil
2461 3687 2766 3758 spectabat,
2789 3685 3043 3756 arripuit,
3079 3684 3399 3756 primusque
3431 3686 3550 3756 ipse

1973 3779 2188 3852 praefuit
2209 3795 2275 3834 ex
2305 3779 2484 3835 alieno
2519 3793 2738 3850 genere.
2789 3777 3058 3834 Caeterum
3085 3791 3193 3832 non
3228 3779 3381 3834 solus
3409 3777 3551 3851 Hyr-

1973 3889 2169 3935 canus,
2199 3871 2298 3942 qui
2332 3871 2585 3926 Christus
2619 3878 2759 3938 erat,
2792 3881 2846 3927 et
2874 3873 3181 3942 priscorum
3227 3871 3549 3942 pontiﬁcum

1973 3963 2332 4027 novissimus,
2363 3965 2588 4019 excisus
2636 3973 2738 4026 est,
2765 3963 2862 4018 sed
2889 3966 3054 4018 etiam
3081 3979 3145 4020 ea
3167 3979 3288 4034 qua:
3321 3965 3484 4021 altius
3519 3983 3550 4019 ει

1975 4057 2276 4126 majoribus
2299 4055 2570 4126 longeque
2603 4055 2982 4127 superioribus
3015 4057 3370 4126 pontiﬁcibus
3395 4073 3551 4129 repe-

1977 4150 2077 4204 tita
2146 4148 2322 4204 fuerat
2373 4149 2676 4212 successio,
2739 4149 2966 4218 ipsaque
3021 4148 3262 4217 legitima
3313 4151 3549 4206 unctio:

1975 4241 2179 4312 quippe
2225 4255 2348 4311 qua
2379 4256 2486 4294 non
2521 4240 2662 4294 ultra
2691 4254 2754 4294 ex
2785 4237 2996 4308 judicio
3031 4237 3171 4294 facta
3213 4242 3303 4304 sit,
3339 4240 3432 4295 sed
3469 4244 3552 4297 in-

1975 4332 2224 4387 ordinate
2251 4341 2305 4388 et
2330 4331 2578 4395 confuse,
2616 4345 2723 4384 non
2772 4330 3073 4385 secundum
3096 4345 3182 4388 ea.
3209 4347 3331 4401 qua:
3371 4331 3553 4390 Moses

1978 4425 2033 4480 in
2067 4425 2188 4480 suis
2215 4426 2428 4496 legibus
2459 4433 2736 4490 sanxerat,
2765 4432 3276 4493 concurreruntque
3298 4425 3352 4479 in
3383 4441 3555 4484 unum

292 4524 358 4574 ἐκ
375 4521 468 4574 τοῦ
512 4518 885 4591 Ἀσαμωναίου
905 4519 1097 4587 γένους
1153 4513 1317 4585 (οὗτοι
1342 4516 1399 4569 δὲ
1430 4511 1568 4586 ἦσαν
1597 4515 1645 4568 οἱ
1677 4513 1869 4568 καλού-

1979 4519 2184 4582 omnia,
2211 4515 2666 4588 quemadmodum
2726 4515 3010 4586 prophetia
3062 4517 3408 4587 prmdixerat,
3445 4519 3555 4574 illis

295 4631 446 4683 μενοι
511 4609 892 4682 Μακκαϐαῖοι)
920 4650 934 4674 ,
988 4608 1304 4678 καθίστησιν
1361 4608 1638 4678 ἀρχιερεῖς
1665 4645 1680 4669 ,
1734 4605 1872 4659 ἀλλά

289 4719 444 4765 τ.νας
477 4702 722 4772 ἀσήμους
755 4703 847 4754 καὶ
885 4699 1043 4770 μόνον
1086 4697 1146 4762 ἐξ
1195 4696 1459 4768 Ἐϐραίων
1500 4696 1658 4759 ὄντας
1681 4736 1696 4760 ,
1731 4695 1870 4766 πλὴν

291 4795 411 4858 ἑνὸς
453 4792 886 4866 Ἀριστοϐούλου,
920 4793 978 4846 ὃν
1032 4789 1297 4863 Ὑρκανοῦ
1336 4791 1449 4843 υίὸν
1483 4789 1635 4853 ὄντα,
1697 4806 1871 4842 κατα-

294 4888 501 4958 στήσας
513 4885 791 4958 ἀρχιερέα,
813 4888 878 4956 τῇ
899 4885 1100 4954 ἀδελφῇ
1117 4881 1284 4936 αὑτοῦ
1311 4881 1590 4953 συνῴκησε
1611 4880 1871 4952 Μαριάμ-

295 4995 403 5050 μῃ,
432 4977 530 5048 τὴν
558 4975 651 5030 τοῦ
688 4976 920 5048 πλήθους
953 4975 1088 5046 πρὸς
1117 4975 1276 5029 αὑτὸν
1308 4972 1621 5045 θηρώμενος
1663 4971 1870 5025 εῦνοιαν

289 5069 382 5124 διά
412 5069 510 5141 τήν
552 5067 819 5140 Ὑρκανοῦ
854 5068 1092 5138 μνήμην.
1127 5063 1258 5119 Εἶτα
1288 5063 1473 5129 δεδιὼς
1508 5065 1582 5135 μὴ
1617 5063 1750 5136 πρὸς
1781 5064 1870 5117 τὸν

304 5162 712 5234 Ἀριστόϐουλον
745 5160 945 5222 πάντες
976 5161 1358 5226 ἀποκλίνωσιν,
1381 5159 1589 5213 ἀνεῖλεν
1623 5159 1784 5212 αὑτὸν
1812 5161 1870 5212 ὲν

303 5254 535 5327 Ἱεριχοῖ,
558 5255 812 5326 πνιγῆναι
849 5255 1297 5326 μηχανησάμενος
1329 5252 1704 5324 κολυμϐῶντα,
1740 5252 1872 5306 καθ-

292 5346 369 5410 ὼς
439 5348 542 5418 ἤδη
591 5347 989 5418 δεδηλώκαμεν.
1047 5345 1201 5400 Μετά
1249 5345 1435 5399 τοῦτον
1484 5345 1586 5398 οὐκ
1629 5343 1708 5396 ἔτι
1758 5346 1870 5406 τοῖς

294 5436 536 5506 ἐκγόνοις
556 5437 663 5490 τῶν
707 5435 1082 5508 ’Δσαμωναίου
1109 5435 1314 5488 παίδων
1338 5435 1436 5506 τὴν
1457 5432 1869 5505 ἀρχιερωσύνην

293 5529 631 5583 ἐπίστευσεν.
676 5528 917 5600 Ἐπραξε
961 5527 1017 5579 δὲ
1055 5529 1212 5598 ὃμοια
1243 5527 1324 5598 τῷ
1365 5526 1578 5599 Ἡρώδῃ
1612 5526 1740 5596 περ).
1770 5525 1870 5596 τῆς

295 5621 678 5684 καταστάσεως
724 5620 832 5674 τῶν
880 5619 1200 5691 ἀρχιερέων,
1249 5617 1533 5690 Ἀρχέλαός
1561 5633 1622 5668 τε
1671 5617 1700 5668 ὁ
1744 5619 1871 5679 παῖς

295 5713 481 5774 αὑτοῦ,
514 5714 608 5767 καὶ
637 5712 774 5784 μετά
803 5711 990 5764 τοῦτον
1037 5713 1294 5782 Ῥωμαῖοι
1329 5711 1428 5781 τὴν
1454 5709 1562 5761 τῶν
1605 5708 1870 5762 Ἰουδαίων

301 5805 574 5877 βασιλείαν
619 5803 1034 5877 παρειληφότες.
1079 5823 1096 5854 ι
1136 5803 1304 5858 Πάλιν
1333 5805 1392 5856 ὲν
1452 5800 1658 5874 ἑτέροις
1695 5800 1868 5854 ταῦτα

1971 4611 2202 4668 verbis:
2244 4629 2262 4662 ι
2302 4608 2509 4664 Peribit
2536 4607 2745 4671 unctio,
2778 4615 2832 4662 et
2870 4605 3140 4678 judicium
3196 4624 3305 4662 non
3353 4618 3439 4664 est
3497 4611 3554 4666 in

1972 4718 2057 4760 ea.
2097 4722 2114 4754 ι
2143 4703 2319 4772 Atque
2347 4701 2586 4771 optimus
2607 4699 2837 4769 hujusce
2861 4701 2938 4755 rei
2973 4699 3128 4755 testis
3153 4699 3555 4758 estllebraicus

1973 4807 2162 4852 auctor
2197 4795 2489 4867 Iosephus,
2541 4795 2632 4865 qui
2664 4794 2717 4848 iu
2748 4810 2881 4848 xvm
2913 4791 3157 4848 Iudaicae
3205 4795 3554 4864 Autiquitalis

1972 4890 2135 4954 libro,
2169 4905 2291 4959 quce
2325 4889 2392 4943 ad
2417 4889 2510 4942 illa
2544 4897 2791 4958 tempora
2815 4889 3116 4958 pertinent,
3149 4887 3206 4942 in
3248 4887 3396 4942 hunc
3437 4903 3556 4942 mo-

1978 4978 2107 5034 dum
2137 4980 2390 5049 exponit:
2413 4997 2431 5030 ι
2455 4977 2698 5035 Herodes
2725 4977 3096 5046 autem,regni
3128 4976 3556 5035 administratio-

1977 5089 2048 5128 ne
2075 5088 2106 5127 a
2153 5071 2415 5128 Romanis
2443 5085 2687 5143 accepta,
2719 5071 2898 5126 nullos
2941 5068 3174 5138 amplius
3217 5085 3287 5124 ex
3320 5067 3555 5126 Asamo-

1978 5180 2098 5220 naeo
2131 5179 2329 5235 genere
2359 5163 2436 5234 (hi
2479 5173 2660 5220 autem
2709 5171 2866 5220 erant
2895 5161 2983 5232 qui
3020 5159 3314 5216 Machabmi
3355 5176 3558 5218 vocanc

1977 5257 2089 5328 tur)
2131 5256 2418 5326 pontiﬁces
2464 5257 2729 5321 declarat,
2761 5255 2857 5312 sed
2902 5253 3166 5326 ignobiles
3206 5253 3472 5323 quosdam
3501 5265 3557 5310 et

1977 5348 2047 5402 ab
2077 5347 2321 5405 Hebrzeis
2373 5348 2756 5403 tantummodo
2813 5346 3102 5409 oriundos,
3132 5354 3330 5416 praeter
3383 5362 3553 5402 unmu

1975 5437 2378 5501 Aristobulum,
2409 5438 2504 5508 qui
2536 5435 2775 5508 Hyrcani
2833 5437 2976 5492 ﬁlius
3027 5434 3150 5492 fuit.
3204 5434 3363 5491 Hunc
3405 5439 3554 5494 enim

1977 5543 2100 5582 eum
2131 5527 2438 5596 pontiﬁcem
2476 5527 2832 5590 declarasset,
2869 5542 3109 5582 sororem
3147 5526 3268 5594 ejus
3299 5526 3554 5585 Mariam-

1980 5634 2124 5673 mam
2157 5618 2313 5672 duxit
2345 5633 2593 5686 uxorem,
2649 5618 2850 5689 quippe
2883 5617 2979 5688 qui
3026 5618 3392 5673 multitudinis
3421 5633 3555 5684 erga

1981 5709 2132 5763 illum
2161 5717 2406 5778 captaret
2429 5709 2887 5774 benevolentiam,
2920 5715 3142 5780 propter
3171 5709 3405 5781 Hyrcani
3440 5727 3553 5764 rne-

1978 5798 2228 5854 moriam.
2254 5796 2420 5870 398
2443 5797 2644 5856 Deinde
2667 5799 2875 5854 veritus
2907 5811 2974 5851 ne
3006 5811 3203 5852 omnes
3242 5795 3306 5850 ad
3341 5797 3548 5852 Aristo-
