4106 6420
565 364 676 421 623

1237 353 1505 413 ECSEBH
1528 351 2014 412 ειιῑεΑιιιιῖΝειε
2049 350 2202 411 OPP.
2241 349 2423 407 PARS
2458 348 2525 408 ιι.
2563 378 2639 396 -—
2673 347 3169 406 APOLOGETICA.

3712 348 3828 404 εει

567 484 756 541 bulum
786 478 1176 541 desciscerent,
1212 476 1486 531 hominem
1535 474 1604 529 de
1653 473 1834 529 medio
1885 472 2130 534 sustulit,

2237 468 2365 540 περὶ
2414 467 2596 521 αὐτῶν
2645 483 2806 537 φησιν
2832 484 2844 496 ·
2901 486 2918 516 ι
2970 464 3215 537 Ἡρώδης
3245 464 3302 517 δὲ
3336 462 3689 535 βασιλεύσας,
3722 467 3829 537 τήν

566 580 695 633 dum
726 582 865 631 esset
899 573 956 627 in
984 570 1183 642 oppido
1210 567 1583 624 Hiericbunte.
1621 566 1699 620 Illi
1720 564 1865 621 enim
1891 562 2128 621 natanti.

565 670 726 740 vique
758 664 975 721 interim
1007 663 1110 718 sub
1138 674 1280 731 aqua
1313 659 1554 721 detento.
1590 671 1779 712 necem
1812 665 1895 711 est
1923 654 2133 709 machi-

564 764 748 819 natus,
780 754 856 808 uti
886 752 995 821 jam
1024 750 1242 822 planum
1281 746 1530 803 fecimus.
1557 746 1686 801 Post
1711 746 1853 800 hunc
1878 760 1984 799 non
2015 759 2133 798 am-

563 848 706 918 plius
754 861 820 903 ex
864 843 1167 901 Asamonaei
1226 841 1375 910 prole
1430 839 1677 895 oriundis
1756 837 2130 909 pontiﬁcatum

560 940 857 996 commisit.
893 935 1161 992 Herodem
1202 932 1447 989 imitatus
1495 941 1579 987 est
1632 932 1685 997 in
1740 931 2133 984 constitutione

560 1032 875 1103 pontificum
908 1029 1031 1098 ejus
1059 1027 1201 1083 ﬁlius
1223 1027 1541 1085 Archelaus.
1560 1034 1613 1080 et
1637 1032 1759 1096 post
1780 1023 1926 1077 hunc
1953 1021 2130 1091 ipsum

560 1123 811 1186 Romani,
869 1121 963 1191 qui
1017 1118 1326 1175 Judaeorunt
1402 1130 1628 1189 regnum
1691 1121 2052 1184 occuparunt.
2105 1131 2124 1164 ι

558 1213 774 1271 Rursus
799 1214 866 1269 de
892 1214 962 1269 iis
993 1212 1100 1267 alio
1122 1212 1175 1266 in
1209 1212 1329 1266 loco
1350 1210 1482 1266 dicit
1509 1210 1623 1264 hzec
1660 1227 1672 1262 :
1711 1226 1730 1258 ι
1762 1206 2004 1262 Herodes
2033 1220 2132 1260 au-

559 1318 666 1364 tem
682 1324 774 1363 rex
800 1307 891 1362 ubi
921 1307 1115 1360 turrim
1141 1306 1279 1360 hanc
1307 1304 1359 1359 in
1381 1304 1579 1359 idoneo
1599 1303 1720 1357 loco
1748 1301 1910 1357 sitam
1933 1313 2131 1370 magno

559 1408 782 1471 sumptu
836 1399 1118 1464 instruxit,
1171 1398 1465 1452 Antoniam
1524 1396 1817 1467 appellavit
1862 1394 2125 1450 nomine:

559 1502 761 1548 vestem
787 1498 1045 1561 praeterea
1072 1490 1403 1560 pontiﬁciam
1439 1489 1759 1559 assumpsit,
1782 1496 1836 1543 et
1859 1503 1976 1542 eam
2010 1501 2130 1558 quas

2231 577 2290 614 τε
2322 558 2477 632 βάριν
2505 560 2705 631 ταύτην
2731 561 2789 611 ἐν
2822 557 3114 628 ἐπιτηδείῳ
3146 556 3299 629 τόπῳ
3347 557 3605 628 κειμένην
3639 573 3814 611 κατα·

2234 651 2508 716 σκευάσας
2532 649 2859 713 πολυτελῶς,
2905 649 3194 702 Ἀντωνίαν
3236 649 3393 702 καλεῖ
3437 649 3605 719 ὄνομα
3623 688 3639 709 .
3727 647 3831 701 καὶ

2231 745 2331 817 τὴν
2360 744 2552 815 στολὴν
2579 745 2679 817 τὴν
2710 740 3097 815 ἀρχιερατικὴν
3124 741 3420 813 λαμϐάνει,
3455 742 3555 813 τὴν
3594 742 3655 795 δὲ
3706 758 3832 794 κει-

2235 837 2402 908 μένην
2464 840 2682 906 κατεχε
2708 873 2727 890 .
2779 831 3049 887 πιστεύων
3098 834 3251 888 οὐδὲν
3311 834 3655 904 νεωτερίσειν
3733 832 3834 885 τὸν

2231 929 2360 982 λαὸν
2400 928 2465 981 δι’
2498 928 2691 999 αύτήν.
2736 929 2978 1000 Ἕπραξε
3013 928 3059 982 δ’
3092 928 3255 999 ὃμοια
3286 925 3367 997 τῷ
3409 924 3623 998 Ἡρώδῃ
3664 924 3772 979 καὶ
3801 926 3833 978 ὁ

2232 1018 2687 1082 ἐπικατασταθεὶς
2724 1019 2872 1091 αὐτῷ
2914 1018 3164 1089 βασιλεὺς
3230 1016 3552 1089 Ἀρχέλαος,
3593 1016 3718 1078 υἱὸς
3752 1015 3834 1066 ὢν

2231 1114 2430 1176 αὑτοῦ,
2475 1113 2603 1183 παρ’
2641 1106 2703 1165 οῦ
2760 1112 3015 1183 Ῥωμαῖοι
3037 1108 3410 1180 διαδεξάμενοι
3451 1109 3552 1178 τὴν
3605 1107 3829 1179 ἀρχὴν,

2232 1206 2495 1276 ἐκράτουν
2519 1206 2620 1275 τῆς
2647 1203 2838 1281 στολῆς
2864 1202 2959 1257 τοῦ
2991 1202 3298 1275 ἀρχιερέως
3338 1202 3720 1273 ἀποκειμένης
3769 1202 3833 1254 ἐν

2231 1297 2363 1369 οἴκῳ
2379 1296 2526 1351 λίθου
2548 1294 2970 1368 οἰκοδομηθέντι,
2990 1295 3094 1348 ὑπὸ
3120 1293 3392 1365 σφραγῖδι.
3431 1311 3451 1344 ι
3479 1292 3582 1347 Διά
3610 1290 3832 1346 τούτων

2230 1389 2293 1442 τὸ
2318 1387 2664 1458 ἀποτέλεσμα
2696 1386 2857 1441 παντί
2886 1402 2966 1456 τῳ
2988 1384 3192 1457 νομίζω
3228 1384 3543 1454 καταφανὲς
3584 1383 3832 1453 γεγενῆ-

2233 1482 2352 1536 σθαι
2387 1480 2481 1534 τοῦ
2508 1481 2778 1551 φήσαντος
2810 1476 3060 1550 χρησμοῦ
3085 1493 3098 1506 ·
3137 1496 3155 1526 ι
3194 1476 3305 1530 Καὶ
3349 1475 3490 1548 μετὰ
3518 1476 3622 1539 τὰς
3661 1474 3830 1528 ἐϐδο-

557 1584 805 1655 deposita
832 1592 951 1639 erat
986 1581 1227 1637 retinuit.
1276 1579 1477 1636 llerodi
1511 1579 1711 1635 similia
1750 1579 2006 1650 patravit,
2035 1580 2128 1651 qui

2235 1574 2407 1645 μάδας
2455 1573 2555 1635 τάς
2588 1570 2728 1625 ἐπτά
2771 1571 2864 1624 καὶ
2903 1567 3262 1640 ἑξηκονταδύο
3300 1566 3831 1639 ἐξολοθρευθήσεται

556 1676 625 1729 ab
652 1675 772 1745 ipso
794 1689 887 1730 rex
919 1673 1230 1728 declaratus
1257 1679 1342 1727 est
1371 1671 1675 1726 Archelaus
1704 1671 1876 1741 ipsius
1899 1670 2063 1733 ﬁlius,
2097 1687 2127 1726 a

2235 1668 2459 1740 χρίσμα,
2480 1666 2575 1720 καὶ
2592 1667 2764 1737 κρῖμα
2796 1664 2898 1717 οὐκ
2920 1663 3066 1717 ἔστιν
3096 1662 3155 1715 ἐν
3187 1660 3359 1731 αὐτῷ.
3387 1681 3406 1714 ι
3440 1662 3560 1714 Ἐτι
3593 1660 3651 1713 δὲ
3684 1660 3832 1731 μᾶλ-

556 1781 666 1836 quo
706 1764 942 1820 Romani
990 1772 1215 1834 accepto
1274 1764 1607 1835 principatu,
1654 1772 1805 1819 veste
1850 1763 2129 1833 pontificis

2235 1759 2320 1812 λον
2351 1759 2471 1830 ὄψει
2504 1756 2622 1821 πῶς
2648 1759 2862 1829 εἴρηται
2887 1755 2997 1819 τὸ,ι
3022 1756 3211 1826 Κρίμα
3222 1754 3321 1808 ούκ
3353 1754 3500 1807 ἐστιν
3524 1754 3583 1806 ἐν
3610 1752 3826 1825 auctir,»

555 1871 678 1928 qua:
697 1856 935 1927 reposita
966 1862 1085 1910 erat
1110 1855 1215 1910 sub
1249 1854 1408 1923 signo
1441 1852 1675 1908 indomo
1692 1866 1757 1906 ex
1788 1850 1969 1921 lapide
1994 1865 2126 1906 con-

2235 1850 2289 1903 τὸ
2311 1851 2533 1923 ἄκριτον
2558 1849 2783 1903 συνιδὼν
2809 1848 2908 1920 τῆς
2926 1847 3036 1901 τῶν
3077 1845 3381 1919 ἀρχιερέων
3398 1847 3829 1909 καταστάσεως,

556 1956 765 2006 structa
803 1948 1179 2004 obtinuerunt.
1238 1965 1257 1998 ι
1304 1944 1379 1998 Ex
1411 1946 1498 1999 his
1552 1944 1712 2015 plane
1745 1943 1922 1998 cuivis
1968 1942 2129 1997 intel-

2235 1944 2337 1999 τῶν
2379 1942 2515 2015 μετὰ
2553 1941 2818 2015 Ἡρώδην,
2854 1941 2949 1995 καὶ
2975 1940 3119 1994 κατὰ
3152 1940 3277 2002 τοὺς
3307 1938 3534 2011 χρόνους
3565 1937 3663 1992 τοῦ
3702 1939 3830 1992 Σω-

555 2044 754 2099 lectum
782 2056 905 2097 esse
924 2039 1180 2102 arbitror,
1200 2038 1452 2109 quisnam
1482 2036 1644 2091 fuerit
1664 2044 1894 2090 eventus
1920 2034 2126 2089 oraculi

2235 2038 2393 2109 τῆρος
2426 2036 2581 2107 ἡμῶν
2613 2032 3017 2105 γεγενημένων.
3059 2030 3167 2085 Τοῦ
3208 2030 3319 2103 γάρ
3354 2029 3496 2084 κατά
3535 2030 3630 2084 τὸν
3674 2029 3832 2083 θεῖον

556 2132 792 2189 dicentis
826 2152 844 2183 ι
878 2148 890 2185 :
925 2130 991 2184 Et
1023 2136 1147 2199 post
1188 2126 1557 2183 hebdomadas
1590 2142 1665 2180 vn
1716 2134 1771 2180 et
1800 2141 1907 2180 Lxu
1932 2126 2130 2196 peribit

2235 2130 2391 2201 νόμον
2446 2128 2747 2201 ἀρχιερέως
2795 2126 2972 2179 πάντα
3015 2125 3104 2178 τὸν
3155 2124 3255 2195 τῆς
3302 2123 3448 2193 ζωῆς
3479 2123 3674 2195 χρόνον
3719 2123 3826 2193 τὴν

555 2224 761 2285 unctio,
794 2230 847 2278 et
872 2220 1144 2293 judicium
1175 2235 1281 2273 non
1306 2219 1461 2274 estin
1485 2235 1569 2275 ea.
1601 2238 1618 2269 ι
1654 2216 1821 2288 Magis
1849 2218 2012 2271 etiam
2045 2216 2129 2269 in—

2235 2221 2569 2293 λειτουργίαν
2589 2219 2794 2274 διέπειν
2824 2219 3259 2289 κεκελευσμένον
3281 2218 3375 2271 ἐπὶ
3405 2216 3635 2289 διαδόχῳ
3664 2216 3826 2270 παιδὶ

556 2317 946 2386 tueberis,quo
970 2330 1137 2369 sensu
1167 2312 1372 2367 dictum
1399 2312 1471 2366 sit
1503 2311 1634 2366 illud
1666 2330 1679 2365 :
1718 2328 1736 2361 ι
1768 2309 1833 2364 Ει
1855 2309 2125 2379 judicium

2235 2313 2468 2385 γνησίῳ,
2505 2312 2647 2367 κατὰ
2676 2313 2803 2375 τοὺς
2834 2310 3254 2381 ἐξεταζομένους
3284 2309 3511 2381 καιροὺς
3532 2348 3547 2372 ,
3585 2308 3731 2380 μετά
3760 2306 3831 2361 τδ

556 2422 663 2462 non
687 2413 770 2462 est
795 2407 849 2460 in
866 2420 952 2467 ea,
966 2423 984 2458 ι
1009 2404 1055 2459 si
1080 2403 1231 2457 nullo
1246 2402 1453 2471 judicio
1470 2409 1684 2457 creatos
1701 2402 1986 2471 pontiﬁces
2006 2415 2124 2464 eos,

2235 2402 2675 2477 ἐξολοθρευθῆναι
2710 2404 2772 2459 τὸ
2797 2403 3023 2475 χρίσμα,
3053 2405 3119 2474 τῇ
3145 2400 3449 2475 προφητείᾳ
3485 2397 3822 2470 συμφώνως,

553 2498 647 2569 qui
684 2506 807 2569 post
852 2493 1139 2559 Herodem,
1185 2494 1389 2565 quique
1430 2492 1770 2564 temporibus
1825 2490 2128 2548 Salvatoris

2235 2495 2444 2569 πρῶτος
2476 2496 2575 2568 μὲν
2615 2496 2885 2568 Ἡρώδης,
2921 2494 3111 2548 ἔπειτα
3143 2494 3199 2548 δέ
3228 2494 3323 2547 καλ⁸
3374 2494 3634 2563 Ῥωμαῖοι
3677 2492 3823 2563 μετά

556 2589 732 2647 nostri
761 2588 1006 2651 fuerunt,
1035 2586 1491 2642 consideraveris.
1517 2584 1654 2641 Cum
1680 2585 1826 2639 enim
1851 2600 1919 2651 ex
1943 2584 2126 2639 divina

2235 2590 2437 2656 τοῦτον,
2466 2590 2707 2662 ἀκρίτως
2732 2590 2826 2641 καὶ
2852 2588 2914 2641 οὐ
2948 2586 3089 2641 κατά
3121 2587 3212 2640 τὸν
3241 2585 3403 2657 νόμον
3426 2626 3441 2649 ,
3477 2586 3607 2648 τοὺς
3636 2584 3829 2655 ἀρχιε-

2232 2685 2346 2754 ρεῖς
2380 2681 2650 2735 καθίστων
2677 2680 2771 2743 οὒς
2801 2680 2974 2733 ἐδόκει
3000 2679 3213 2743 αὐτοῖς,
3237 2679 3551 2749 δημοτικοῖς
3578 2693 3699 2731 τισι
3722 2675 3823 2729 καὶ

2230 2773 2461 2845 ἀσήμοις
2485 2773 2709 2844 ἀνδράσι
2735 2772 2833 2844 τὴν
2864 2772 3030 2843 τιμὴν
3062 2771 3408 2843 χαριζόμενοι
3430 2810 3445 2834 ,
3469 2768 3827 2843 ἐπίπρασκόν

2228 2883 2287 2919 τε
2308 2868 2401 2920 καὶ
2422 2864 2758 2937 ἐκαπήλευον
2781 2864 3038 2935 τοῦνομα,
3064 2863 3254 2918 ἄλλοτε
3283 2864 3462 2927 ἀλλοις
3488 2865 3827 2917 ἐνιαυσιαῖον

2228 2957 2289 3011 τὸ
2316 2956 2529 3029 ἀξίωμα
2556 2955 2907 3029 δωρούμενοι.
2926 2956 3016 3008 Διό
3049 2973 3141 3027 μοι
3168 2956 3319 3009 δοκεῖ
3349 2957 3377 3009 ὁ
3409 2956 3553 3029 ἱερὸς
3579 2957 3821 3023 εὐαγγεέ

552 3044 927 3115 gniﬁcaverat,
951 3044 1161 3115 primus
1181 3044 1399 3115 quidem
1426 3043 1687 3111 Herodes,
1717 3051 1840 3114 post
1859 3041 2126 3097 Herodem

2235 3050 2415 3120 λιστὴς
2447 3050 2662 3112 Λουκᾶς
2682 3048 2817 3113 ,τὸν
2856 3048 3044 3120 χρόνον
3068 3047 3161 3101 τοῦ
3200 3049 3552 3120 κηρύγματος
3582 3046 3675 3101 τοῦ
3704 3047 3825 3100 Σω-

551 3150 683 3191 vero
713 3135 879 3191 etiam
915 3134 1172 3200 Romani,
1204 3136 1412 3205 absque
1454 3134 1687 3205 judicio,
1725 3136 1874 3191 nulla
1909 3140 2126 3190 servata

2235 3141 2395 3213 τῆρος
2419 3139 2577 3211 ἡμῶν
2611 3140 2965 3212 ὑπογράφων,
3004 3139 3363 3211 σημειοῦσθαι
3400 3139 3560 3193 τοῦτο
3581 3178 3597 3203 ,
3636 3138 3704 3192 δι’
3739 3130 3821 3191 ὧν

552 3226 692 3298 lege,
727 3242 866 3297 quos
887 3228 988 3298 ipsi
1025 3203 1373 3298 probassent,
1402 3203 1692 3298 pontiﬁces
1732 3224 2017 3282 declarare
2044 3226 2126 3280 inor

2235 3203 2396 3304 φησιν
2422 3203 2507 3283 ’Νι
2560 3233 2662 3287 Ἐν.
2696 3203 2807 3286 ἔτει
2841 3203 3327 3302 ’πεντεκαιδεκάτῳ
3373 3231 3475 3301 τῆς
3517 3229 3819 3302 ἡγεμονίας

553 3319 872 3381 stituerunt,
898 3319 1125 3390 plebeiis
1153 3319 1483 3391 quibusdam
1511 3320 1650 3376 viris
1683 3326 1848 3391 atque
1874 3319 2129 3391 ignobili-

2235 3323 2483 3396 Τιϐερίου
2522 3324 2820 3396 Καίσαρος,
2852 3322 3276 3396 ἡγεμονεύοντος
3305 3322 3531 3376 Ποντίου
3572 3320 3817 3374 Πιλάτου

553 3413 657 3468 bus
702 3410 848 3466 hunc
881 3412 1145 3467 honorem
1196 3411 1515 3483 largientes,
1552 3411 1721 3482 idque
1762 3412 2001 3466 nominis
2033 3427 2128 3467 ve-

2235 3416 2328 3487 τῆς
2360 3415 2639 3480 Ἰουδαίας,
2665 3415 3105 3488 τετραρχούντων
3126 3414 3183 3469 δὲ
3218 3413 3479 3486 Ἡρώδου,
3506 3414 3602 3467 καὶ
3624 3411 3820 3464 Φιλίπ-

548 3502 675 3557 nale
703 3501 920 3565 habere,
955 3511 1009 3558 et
1042 3517 1349 3574 cauponum
1374 3516 1523 3556 more
1549 3515 1649 3571 pro
1672 3515 1739 3557 eo
1767 3501 2002 3571 pretium
2035 3515 2130 3555 ac-

2235 3524 2354 3574 που,
2374 3508 2467 3560 καὶ
2479 3506 2768 3571 Λυσανίου,
2793 3507 2885 3559 ἐπὶ
2904 3505 3203 3578 ἀρχιερέως
3225 3505 3391 3557 ’Δννα
3412 3504 3507 3558 καὶ
3528 3504 3777 3572 Καῖάςρα⁸
3791 3519 3810 3552 ιι

553 3596 760 3664 cipere,
793 3589 958 3650 modo
1005 3595 1130 3659 hos,
1171 3594 1336 3649 modo
1375 3594 1501 3650 illos
1522 3609 1705 3649 annua
1738 3595 2005 3666 dignitate
2028 3594 2128 3649 do.

2235 3598 2320 3651 δὺο
2341 3597 2449 3671 γάρ
2469 3592 2614 3652 οὗτοι
2642 3596 2784 3651 κατά
2802 3596 2862 3650 τί.
2873 3597 3005 3650 αὐτὸ
3026 3598 3305 3668 ἀρχιερεῖς
3329 3596 3446 3656 πῶς
3470 3594 3539 3648 ἂν
3565 3594 3818 3663 ιγένοντςο

553 3693 767 3741 nantes.
807 3687 1077 3753 Quocirca
1131 3693 1358 3743 sanctus
1404 3686 1745 3756 evangelista
1764 3683 1962 3751 Lucas,
1996 3685 2130 3740 dum

2235 3691 2262 3762 ἢ
2291 3690 2689 3762 καταλυθείσης
2715 3690 2815 3760 τῆς
2839 3689 2965 3760 περὶ
2982 3674 3102 3741 ’τῶν
3123 3686 3423 3760 ἀρχιερέων
3452 3686 3777 3757 νομοθεσίας
3799 3704 3814 3752 ;

553 3779 914 3850 praedicanda:
946 3779 1256 3834 Salvatoris
1290 3780 1466 3834 nostri
1488 3779 1756 3834 doctrinm
1784 3785 2002 3848 tempus
2032 3776 2129 3832 de-

2235 3781 2450 3846 Τούτοις
2479 3782 2608 3852 γοῦν
2634 3782 2726 3835 καὶ
2771 3779 3032 3851 Ἰώσηπος
3062 3778 3455 3851 ἐπιμαρτυρῶν
3479 3778 3654 3833 ταῦτα
3675 3779 3815 3848 γρά-

552 3871 885 3935 srribit,hoc
913 3872 1093 3942 ipsum
1125 3870 1259 3926 mihi
1288 3874 1486 3925 notare
1502 3868 1734 3933 videtur,
1753 3884 1878 3925 cum
1909 3871 2046 3923 aitzc
2074 3870 2130 3923 lu

2235 3892 2322 3944 φει
2344 3891 2358 3904 ·
2391 3893 2409 3926 ι
2445 3875 2740 3945 Οὐαλέριος
2763 3873 2968 3945 Γράτος
3004 3874 3292 3945 Ῥωμαίων
3318 3874 3645 3946 στρατηγὸς,
3671 3873 3815 3928 παύ-

556 3964 908 4034 annoquintn
932 3963 1380 4034 decimoimperii
1409 3961 1617 4018 Tiberii
1641 3961 1901 4026 Caesaris,
1931 3977 2130 4032 procu-

2235 3964 2333 4031 σας
2367 3965 2726 4037 ἀρχιερᾶσθαι
2772 3967 3023 4031 Ἀνανον,
3065 3966 3349 4038 Ἰσμαῆλον
3380 3966 3644 4039 ἀρχιερέα
3677 3962 3817 4015 ἀπο-

554 4065 712 4114 rante
722 4052 1876 4117 PonticPilatoJudaaam,tetrarchiauuero
1887 4053 2130 4109 obtinen-

2235 4058 2416 4127 φαίνει
2444 4057 2537 4110 τὸν
2563 4056 2846 4127 Τουφήϐα.
2870 4056 2965 4109 καὶ
3004 4055 3195 4110 τοῦτον
3224 4056 3341 4128 μετ’
3376 4058 3438 4109 ού
3468 4055 3602 4110 πολὺ
3641 4072 3815 4127 μετα·⁵

554 4151 703 4206 tibus
716 4148 952 4212 Herode,
977 4154 1032 4202 et
1059 4144 1392 4217 Pbilippo,et
1413 4144 1647 4217 Lysania
1670 4146 1773 4201 sub
1791 4147 2130 4216 principibus

2235 4148 2458 4218 στήσας,
2506 4146 2831 4218 Ἐλεάζαρον
2858 4146 2951 4199 τὸν
2982 4145 3077 4199 τοῦ
3131 4146 3350 4200 Ἀνάνου
3384 4144 3478 4198 τοῦ
3511 4145 3819 4217 ἀρχιερέως

556 4239 905 4295 sacerdotum
941 4235 1440 4307 AnnaetCaipha.»
1472 4235 1720 4308 Namque
1740 4239 1786 4269 “
1817 4238 1870 4291 hi
1894 4236 2006 4292 duo
2021 4253 2130 4307 quo

2235 4239 2348 4293 υἱὸν
2377 4238 2754 4293 ἀποδείκνυσιν
2781 4238 3062 4309 ἀρχιερέα.
3107 4237 3384 4293 Ἐνιαυτοῦ
3415 4237 3472 4291 δέ
3500 4237 3815 4308 διαγενομέ-

554 2685 670 2754 lege
698 2678 940 2752 pontifex
965 2687 1139 2733 totum
1170 2693 1282 2733 suae
1308 2680 1430 2732 vita:
1453 2684 1667 2749 tempus
1687 2691 1903 2732 sacrum
1926 2691 2128 2731 munus

552 2775 724 2833 obire.
760 2773 1013 2842 idemque
1040 2772 1279 2841 legitimo
1308 2770 1420 2825 ﬁlio
1452 2769 1763 2826 successori
1794 2769 2013 2824 tradere
2036 2767 2129 2838 ju-

555 2861 798 2924 beretur,
816 2876 913 2930 per
939 2876 1003 2915 ea
1044 2869 1289 2931 tempora
1313 2876 1435 2932 quae
1470 2858 1631 2915 modo
1678 2858 2124 2930 explorabantus,

554 2960 677 3023 post
705 2953 988 3008 interitum
1026 2967 1198 3008 sacrae
1231 2951 1527 3015 unctionis,
1557 2952 1701 3007 sicut
1735 2950 2019 3022 prophetia
2050 2950 2126 3005 si-

555 4328 775 4385 tandem
792 4336 953 4399 pacto
967 4329 1158 4384 eodem
1178 4335 1427 4400 tempore
1442 4328 1676 4385 fuissent
1694 4328 2003 4400 pontiﬁces,
2025 4330 2128 4384 nisi

2235 4349 2327 4386 νου
2373 4333 2469 4385 καὶ
2514 4332 2665 4385 τόνδε
2706 4330 2943 4394 παύσας,
2974 4330 3181 4401 Σίμωνι
3205 4330 3280 4403 τῷ
3308 4330 3559 4403 Καθίμου
3585 4333 3686 4404 τὴν
3710 4332 3812 4404 ἀρ-

554 4423 658 4494 legi
673 4436 797 4494 qua
807 4421 875 4477 de
899 4419 1253 4492 pontiﬁcibus
1270 4421 1482 4475 sancita
1507 4421 1706 4486 fuerat,
1724 4421 1807 4477 vis
1825 4422 1973 4476 illata
1998 4422 2130 4477 luis-

2236 4426 2572 4501 χιερωσύνην
2621 4424 3003 4497 παραδίδωσιν.
3054 4426 3129 4479 Ού
3194 4423 3354 4479 πλέον
3411 4425 3467 4478 δὲ
3522 4425 3616 4479 καὶ
3677 4422 3809 4494 τῷδε

556 4515 679 4571 set?
704 4514 869 4587 399
896 4512 1023 4568 Haec
1040 4512 1229 4568 eadem
1259 4511 1530 4584 Iosephus
1562 4529 1780 4584 quoque
1805 4515 2128 4578 testiﬁcans,

2236 4517 2484 4573 ἐνιαυτοῦ
2511 4516 2609 4589 τὴν
2629 4516 2795 4587 τιμὴν
2821 4515 2998 4587 ἔχοντι
3027 4515 3300 4585 διεγένετο
3333 4515 3543 4587 χρόνος,
3568 4515 3663 4568 καὶ
3702 4514 3815 4567 Ἰώ-

556 4611 637 4664 ιιίο
657 4610 847 4665 scribit
875 4626 888 4661 :
918 4625 936 4659 ι
974 4603 1459 4669 ValeriusGratus,
1489 4605 1860 4663 Romanorum
1891 4608 2128 4679 impera-

2238 4626 2428 4682 σηπος,
2462 4609 2491 4661 ὃ
2519 4624 2580 4661 τε
2613 4607 2894 4675 Καϊάφας,
2933 4606 3179 4677 διάδοχος.
3218 4602 3286 4678 ἦν
3328 4606 3496 4679 αύτῷ.
3558 4625 3578 4658 ι
3628 4605 3814 4660 Ταῦτα

557 4713 803 4766 tor,cum
828 4698 1024 4753 Anano
1047 4696 1292 4768 pontiﬁci
1316 4713 1535 4753 sacrum
1552 4715 1754 4755 munus
1782 4701 2125 4771 abrogasset,

2236 4701 2547 4772 ἀναγκαίως
2599 4699 2914 4772 παρεθέμην
2960 4698 3051 4753 διά
3088 4699 3172 4762 τὸ,
3208 4718 3229 4752 ι
3276 4699 3817 4773 Ἐξολοθρευθήσεται

557 4794 842 4851 lsmaelum
888 4790 1150 4862 Tupheba
1178 4791 1497 4861 pontiﬁcem
1528 4792 1848 4858 declaravit,
1880 4794 1972 4849 cui
1998 4795 2128 4849 item

2238 4796 2466 4867 χρίσμα,
2501 4794 2595 4848 καὶ
2617 4796 2793 4865 κρῖμα
2814 4793 2913 4847 οὐκ
2938 4793 3084 4848 ἐστιν
3112 4796 3169 4849 ἐν
3194 4792 3363 4865 αὐτῷ,
3406 4812 3424 4845 ι
3462 4793 3497 4847 ἀ
3525 4794 3619 4847 καὶ
3645 4792 3813 4865 ἠγοῦ-

2164 4559 2213 4618 D

557 4885 664 4958 ipsi
720 4900 845 4940 cum
903 4884 1048 4938 haud
1102 4884 1272 4939 multo
1324 4891 1448 4954 post
1494 4884 1758 4939 honorem
1818 4885 2131 4951 ademisset,

558 4979 903 5044 Eleazarum,
918 4976 1097 5032 Anani
1113 4976 1391 5048 pontiﬁcis
1414 4977 1606 5043 ﬁlium,
1628 4979 1942 5048 pontiﬁcem
1958 4987 2129 5034 creat.

562 5072 765 5127 Deinde
817 5085 962 5126 anno
1010 5078 1234 5141 peracto
1282 5070 1428 5124 hunc
1471 5085 1690 5141 quoque
1728 5072 1928 5141 rejicit,
1956 5079 2012 5127 et
2042 5070 2132 5127 Si-

559 5161 731 5225 moni,
763 5160 1002 5216 Catbimi
1034 5159 1165 5225 ﬁlio,
1195 5159 1574 5230 pontiﬁcatum
1601 5159 1769 5214 tradit
1802 5178 1815 5215 :
1850 5160 1977 5216 huic
1997 5175 2136 5232 quo-

556 5271 666 5326 que
694 5269 805 5310 non
859 5255 981 5326 plus
1010 5268 1196 5308 annuo
1239 5252 1446 5309 honore
1500 5252 1790 5326 perfuncto
1829 5254 1964 5309 abiit
1993 5261 2133 5310 tem-

556 5361 682 5416 pus,
711 5353 766 5400 et
790 5346 844 5401 in
877 5347 1053 5402 locum
1075 5346 1198 5415 ejus
1226 5346 1517 5418 Josephus,
1546 5346 1638 5418 qui
1673 5347 1838 5401 etiam
1871 5346 2135 5418 Caiphas,

558 5437 821 5494 suﬁectus
847 5446 952 5495 cst.
992 5457 1013 5492 ι
1042 5438 1165 5494 Haec
1186 5441 1501 5496 necessario
1529 5439 1687 5510 posui
1715 5450 1935 5511 prepter
1960 5440 2091 5494 illud
2117 5459 2131 5495 :

2244 4906 2341 4961 μαι
2364 4887 2761 4959 ἀναμφίλεκτον
2785 4886 2883 4959 τὴν
2908 4887 3182 4957 ἀπόδειξιν
3214 4888 3379 4961 ἔχειν.
3422 4888 3578 4959 Ἑξῆς
3603 4888 3816 4952 τούτοις

2241 4982 2406 5055 φησὶν
2447 4983 2484 5055 ἡ
2532 4981 2856 5054 προφητεία,
2898 5001 2923 5034 ι
2951 4983 3062 5037 Καὶ
3086 4983 3183 5054 τὴν
3224 4982 3399 5049 πόλιν,
3431 4982 3525 5037 καὶ
3556 4982 3617 5036 τὸ
3656 4982 3817 5052 ἆγιον

2238 5074 2537 5148 διαφθερεῖ,
2574 5074 2671 5129 σὺν
2697 5073 2776 5147 τῷ
2805 5076 3093 5148 ἡγουμένῳ
3134 5075 3213 5147 τῷ
3243 5076 3540 5148 ἐρχομένῳ.
3584 5096 3603 5128 ι
3643 5075 3813 5131 Ἔνθα

2240 5167 2403 5221 πάλιν
2433 5167 2524 5221 τὸν
2564 5166 2809 5239 Ἡρώδην
2852 5168 3035 5231 αὐτὸν,
3058 5168 3153 5223 καὶ
3191 5169 3319 5232 τοὺς
3356 5168 3494 5239 μετά
3522 5168 3685 5223 αὐτὸν
3710 5170 3812 5241 ἀρ-

2241 5261 2440 5329 ξαντας
2470 5260 2531 5326 ἐξ
2549 5259 2844 5330 ἀλλοφύλου
2871 5259 3063 5329 γένους
3091 5259 3456 5332 ὑπολαμϐάνω
3486 5258 3776 5331 δηλοῦσθαι
3794 5277 3811 5292 ο

2243 5355 2319 5418 ὡς
2337 5353 2447 5427 γάρ
2471 5352 2726 5425 ἀνωτέρω
2748 5349 2995 5423 ὠνόμαζε
3022 5351 3289 5423 Χριστοὺς
3315 5350 3651 5424 ἡγουμένους
3687 5353 3818 5415 τοὺς

2243 5448 2537 5520 ἀρχιερείς,
2576 5445 2773 5515 λέγων,
2796 5462 2840 5523 ἰ
2890 5444 2994 5509 ἕως
3036 5444 3273 5518 Χριστοῦ
3296 5446 3629 5517 ἡγουμένουο
3670 5464 3690 5497 ι
3724 5444 3816 5499 τὸν

563 5549 583 5583 ι
627 5530 832 5587 Peribit
863 5532 1074 5596 unctio,
1110 5541 1167 5588 et
1188 5532 1460 5604 judicium
1494 5550 1603 5589 non
1627 5542 1711 5591 est
1745 5536 1797 5588 in
1829 5549 1914 5597 ea,
1959 5551 1980 5586 ι
2012 5548 2130 5604 qua:

2242 5539 2406 5594 αὐτὸν
2434 5537 2640 5608 τρόπον
2676 5533 2813 5606 μετά
2848 5534 3091 5599 ἐκείνους
3134 5535 3226 5588 καὶ
3252 5536 3352 5608 τὴν
3395 5535 3617 5589 ἐκείνων
3646 5535 3816 5588 κατά-

558 5640 661 5699 cgo
686 5624 905 5696 quidem
937 5625 1175 5681 arbitror
1209 5626 1570 5683 indubitatam
1609 5628 2130 5684 demonstrationem

560 5719 781 5774 habere.
817 5715 913 5773 llis
951 5716 1149 5773 deinde
1177 5718 1325 5773 addit
1363 5719 1667 5790 prophetia,
1705 5739 1724 5771 ι
1762 5719 1826 5775 Ει
1855 5719 2130 5776 civitatem

664 5812 711 5845 ⁸⁸
736 5811 868 5868 Luc.
911 5827 992 5875 ιιι,
1035 5810 1083 5865 ι.

2242 5643 2442 5681 παυσιν
2464 5626 2565 5680 οὐκ
2595 5623 2751 5688 ἀλλος
2779 5624 3081 5697 ἡγούμενος
3108 5625 3399 5699 ἐρχόμενος
3429 5626 3461 5697 ἢ
3494 5627 3523 5679 ὀ
3554 5625 3816 5697 δηλωθεὶς

2240 5719 2299 5786 ἐξ
2324 5718 2619 5789 ἀλλοφύλου
2657 5718 2871 5787 γένους,
2898 5719 2990 5772 καὶ
3011 5720 3061 5773 oi
3089 5719 3267 5773 λοιποὶ
3290 5719 3404 5773 ὅσοι
3423 5719 3654 5792 καθεξῆς
3682 5736 3781 5792 μετ
3799 5721 3817 5743 ’
