4106 6420
280 401 407 458 69.5

1122 399 1778 458 DEMONSTRATIONIS
1812 400 2269 457 EVANGELICE
2305 400 2433 457 LIB.
2462 399 2592 456 VIII.

3374 386 3379 391 ’
3443 400 3549 456 026

275 517 542 581 ιιείνους
580 516 855 587 ήγήσαντο
893 513 985 568 τοῦ
1018 496 1224 579 ἑθνους,
1251 515 1346 568 σὺν
1382 507 1463 577 οἷς
1488 513 1583 567 καὶ
1624 511 1741 586 μεθ’
1775 506 1849 567 ὧν

1975 520 2030 568 et
2060 520 2311 568 sanetum
2346 510 2625 581 disperdet
2651 526 2777 565 cum
2810 511 2949 566 duce
2971 517 3219 565 venturo.
3260 528 3277 561 ι
3313 508 3417 566 Ubi
3447 527 3546 582 ego

271 608 535 681 ὡσπερεὶ
574 609 856 678 συνεργοῖς
899 605 1200 677 χρώμενος,
1232 609 1261 659 ὁ
1309 603 1598 676 μισὸκαλος
1644 602 1872 657 καὶτῶν

274 701 520 771 ἀγαθῶν
557 700 815 771 φθορεὺς,
840 700 935 753 καὶ
957 698 1055 769 τὴν
1085 697 1239 752 πόλιν
1261 698 1355 752 καὶ
1382 696 1444 750 τὸ
1474 696 1627 765 ἅγιον
1651 693 1869 764 διαφθε-

275 795 409 865 ρεῖν
452 794 692 865 εἴρηται.
739 792 851 845 Καὶ
889 789 999 862 γάρ
1033 788 1335 860 διέφθειρεν
1380 787 1594 860 ἀληθῶς
1622 787 1766 841 ἅπαν
1810 785 1872 839 τὸ

270 884 467 949 ἔθνος,
500 884 624 937 τοτὲ
667 883 766 953 μὲν
787 882 886 953 τὴν
907 882 1007 952 τῆς
1036 880 1334 954 ἱερωσύνης
1356 880 1507 944 τάξιν
1532 880 1612 943 είς
1635 894 1871 947 παρανο-

274 979 419 1051 μίαν
460 978 631 1048 ἄγων,
661 977 785 1030 τοτὲ
809 976 867 1029 δὲ
899 976 992 1029 τὸν
1031 975 1211 1028 πάντα
1236 974 1364 1029 λαὸν
1390 974 1749 1044 διαστρέφων,
1776 971 1870 1025 καὶ

266 1072 382 1145 τὴν
409 1073 593 1134 πόλιν,
626 1071 771 1124 οὕτω
800 1070 908 1123 τῶν
951 1067 1183 1123 πολιτῶν
1236 1065 1619 1139 μεταφορικῶς
1656 1064 1873 1136 ὠνομα-

269 1165 526 1237 σμὲνων,
554 1167 633 1228 είς
659 1162 913 1218 ἀσέϐειαν
946 1159 1591 1231 ἑκκαλούμενος.Συνᾲδει
1624 1157 1679 1211 δὲ
1709 1159 1741 1228 ή
1752 1156 1870 1228 μῶν

262 1259 338 1329 τῇ
392 1256 653 1311 ἀποδόσει
693 1255 788 1309 καὶ
828 1255 857 1306 6
901 1251 1133 1316 Ἀκύλας
1173 1251 1361 1306 τοῦτον
1404 1250 1749 1325 ἑρμηνεύσας
1776 1251 1868 1302 τὸν

264 1344 507 1416 τρόπον·
552 1362 571 1395 ι
608 1344 715 1398 Καὶ
737 1342 836 1415 τὴν
851 1342 1005 1396 πόλιν
1045 1342 1222 1396 καὶτὸ
1255 1341 1407 1411 ἅγιον
1440 1340 1720 1411 διαφθερεῖ
1741 1338 1868 1403 λαὸς

261 1437 592 1508 ἡγουμένου
635 1435 954 1508 ἑρχομένου.
998 1454 1016 1488 ι
1054 1435 1129 1488 Ού
1160 1434 1319 1506 μόνον
1349 1433 1459 1505 γὰρ
1484 1434 1513 1485 6
1549 1434 1865 1505 ἐρχόμενος,

261 1531 294 1582 6
317 1529 478 1584 κατά
506 1527 579 1583 τὰ
602 1527 971 1599 ἀποδεδομένα
1009 1530 1141 1599 ἡμῖν
1181 1525 1441 1597 δηλωθεὶς
1465 1525 1734 1596 διέφθειρε
1766 1523 1865 1595 τὴν

263 1619 440 1675 πόλιν
481 1620 662 1675 καὶτὸ
692 1619 868 1688 ἅγιον,
895 1619 1031 1673 ἀλλὰ
1062 1619 1156 1673 καὶ
1177 1620 1205 1674 6
1232 1618 1424 1672 τούτου
1454 1617 1599 1683 λαός.
1628 1618 1786 1671 Εἴποι
1818 1617 1863 1671 δ’

261 1713 333 1766 ἄν
377 1728 473 1777 τις
517 1712 618 1766 οὐκ
647 1710 758 1769 άπὸ
798 1710 1003 1765 σκοποῦ
1050 1710 1144 1764 καὶ
1180 1710 1272 1763 τὸν
1309 1709 1593 1782 Ῥωμαίων
1621 1709 1863 1781 ἡγεμόνα

258 1804 355 1859 διὰ
390 1804 509 1859 τῶν
537 1804 913 1877 προκειμένων
941 1803 1253 1874 δηλοῦσθαι,
1278 1803 1369 1857 τόν
1397 1820 1457 1856 τε
1486 1802 1677 1856 τούτου
1696 1799 1859 1859 κλαίον,

1976 621 2167 661 rursus
2205 613 2258 660 et
2296 605 2473 674 ipsum
2507 593 2812 665 Herodem,
2846 608 2900 656 et
2929 617 3023 657 eos
3076 603 3167 672 qui
3216 610 3338 671 post
3370 600 3545 657 Ilero-

1973 699 2095 751 dem
2124 713 2188 753 ex
2220 697 2399 751 alieno
2426 710 2625 766 genere
2649 694 3055 764 imperaverint,
3079 704 3207 764 puto
3232 678 3544 765 intelligen-

1972 790 2073 845 dos
2134 808 2149 844 :
2210 804 2336 843 nam
2392 786 2851 859 quemadmodum
2913 788 3168 856 superius
3225 788 3548 842 nominabat

1972 884 2222 939 Christos
2251 881 2441 946 duces,
2476 896 2601 936 cum
2633 880 2688 934 in
2737 880 2844 935 illis
2875 880 3055 936 verbis
3084 880 3370 949 pontiﬁces
3396 880 3546 936 dice-

1972 982 2105 1037 ret,c
2126 989 2299 1044 usque
2314 974 2382 1028 ad
2404 972 2681 1028 Christum
2702 972 2916 1036 ducem,
2944 992 2963 1025 ι
2985 974 3056 1027 ita
3077 981 3199 1042 post
3214 988 3330 1038 eos,
3347 981 3401 1027 et
3419 979 3546 1042 post

1970 1084 2159 1124 eorum
2221 1068 2654 1138 abrogationem,
2702 1083 2810 1122 non
2870 1067 3012 1123 alius
3060 1067 3223 1121 fuerit
3278 1077 3542 1122 venturus

1970 1178 2134 1232 quam
2172 1163 2219 1217 is
2252 1165 2343 1234 qui
2369 1164 2550 1219 dictus
2590 1171 2675 1220 est
2702 1178 2769 1218 ex
2798 1162 2978 1217 alieno
3005 1178 3223 1232 genere,
3253 1162 3545 1232 ceterique

1969 1255 2281 1325 quicunque
2328 1262 2453 1325 post
2500 1256 2621 1310 illos
2673 1254 2932 1324 deinceps
2978 1254 3126 1324 genti
3181 1254 3537 1324 prmfuerunt.

1968 1346 2168 1415 quibus
2199 1354 2456 1416 tanquam
2491 1346 2832 1416 adjutoribus
2866 1354 3045 1409 utens,
3073 1359 3178 1399 una
3200 1360 3324 1399 cum
3349 1345 3543 1402 iisdem

1968 1440 2086 1510 ipse
2139 1440 2354 1498 honesti
2404 1440 2659 1495 inimicus
2707 1439 3084 1510 bonorumque
3132 1447 3442 1510 corruptor,
3488 1449 3542 1495 et

1965 1533 2238 1588 civitatem
2286 1541 2341 1589 et
2390 1542 2640 1588 sanetqu
2688 1530 3002 1603 perditurus
3060 1530 3279 1585 dicitur.
3326 1530 3537 1584 Etenim

1966 1641 2093 1681 vere
2122 1625 2357 1696 perdidit
2404 1633 2571 1679 totam
2602 1634 2839 1696 gentem,
2874 1623 3035 1678 modo
3077 1623 3299 1691 quidem
3352 1637 3535 1677 sacer-

1965 1717 2101 1772 dotii
2134 1717 2379 1773 ordinem
2416 1726 2614 1788 praeter
2635 1719 2803 1787 legem
2828 1716 3179 1787 perturbans,
3216 1716 3377 1770 modo
3409 1730 3539 1769 vero

1966 1819 2223 1866 cunctum
2253 1811 2509 1882 populum
2533 1818 2869 1881 pervertens,
2889 1816 2944 1862 et
2964 1808 3238 1862 civitatem
3258 1805 3361 1878 (sic
3391 1806 3534 1862 enim

261 1898 336 1951 δι’
382 1891 453 1952 οὗ
482 1898 690 1969 νομίζω
720 1896 1081 1967 σημαίνεσθαι
1108 1896 1179 1950 τὰ
1202 1897 1538 1967 στρατόπεδα
1574 1894 1684 1947 τῶν
1729 1894 1854 1945 Ῥω-

1966 1904 2113 1958 cives
2163 1902 2390 1973 ﬁgurate
2431 1901 2805 1969 nominantur)
2832 1914 3068 1955 evocans
3097 1897 3162 1953 ad
3204 1899 3535 1969 impietatem

265 1989 460 2062 μαίων
488 1991 787 2063 ἀρχόντων,
805 1990 864 2054 ἑξ
891 1989 1101 2043 ἑκείνου
1126 1988 1517 2061 κρατησάντων
1537 1986 1632 2040 τοῦ
1648 1986 1854 2048 ἔθνους,

256 2081 310 2134 οἳ
330 2080 439 2134 καὶ
452 2079 551 2150 τὴν
566 2078 716 2132 πολιν
744 2077 1305 2153 αύτὴνἸερουσαλὴμ,
1336 2080 1430 2133 καὶ
1461 2080 1552 2133 τὸν
1592 2078 1758 2132 πάλαι
1800 2079 1858 2131 ἑν

262 2175 418 2245 αὐτῇ
451 2174 649 2243 σεμνὸν
676 2173 771 2228 καὶ
793 2174 950 2242 ἅγιον
974 2172 1112 2226 νεὼν
1134 2171 1465 2244 διέφθειραν.
1498 2169 1632 2223 ’Υπὺ
1655 2168 1858 2223 τούτων

259 2265 411 2335 γοῦν
459 2267 556 2319 καὶ
588 2264 926 2336 ἑξεκόπησαν
969 2264 1045 2330 ὡς
1087 2266 1145 2318 ἑν
1185 2261 1577 2334 κατακλυσμῷ,
1616 2261 1711 2315 καὶ
1756 2260 1859 2323 ἑως

259 2359 467 2423 τέλους
497 2358 735 2430 πολέμου
770 2359 1209 2431 συντετμημένου
1233 2358 1561 2428 ἀφανισμοῖς
1592 2354 1855 2425 ἔφθασαν,

259 2452 418 2507 ὥστε
445 2451 571 2523 ἤδη,
599 2451 737 2506 κατά
762 2452 861 2523 τὴν
904 2452 1261 2524 προφητείαν,
1301 2450 1536 2521 παντελῆ
1568 2450 1857 2519 ὑπομεῖναι

259 2546 513 2617 ἐρημίαν
552 2546 695 2599 κατὰ
733 2545 831 2617 τὴν
869 2546 1011 2599 κατὰ
1041 2545 1134 2598 τοῦ
1176 2544 1427 2614 Σωτῆρος
1452 2541 1610 2613 ἡμῶν
1642 2541 1858 2594 ἐπιϐου-

259 2637 372 2707 λὴν
397 2637 604 2700 αὐτῶν,
631 2636 751 2708 μεθ’
786 2637 852 2707 ἣν
887 2637 982 2689 καὶ
1014 2636 1115 2706 τὴν
1153 2635 1387 2704 ἐσχάτην
1423 2634 1722 2704 ὑπέμειναν
1760 2647 1856 2684 πο-

259 2727 542 2800 λιορκίαν,
583 2730 769 2798 Ἔχεις
798 2729 894 2781 καὶ
924 2728 1097 2782 ταῦτα
1124 2726 1369 2799 ἀκριϐῶς
1398 2728 1455 2778 έν
1481 2727 1600 2787 ταῖς
1627 2723 1857 2794 γραφεί-

261 2838 392 2885 σαις
439 2820 594 2892 αύτῷ
633 2821 881 2892 Ἰωσήπῳ
923 2819 1199 2891 ἱστορίαις.
1233 2816 1449 2872 Τούτων
1479 2816 1537 2871 δὲ
1580 2816 1708 2889 περὶ
1748 2813 1856 2868 τῶν

263 2912 709 2985 συμϐεϐηκότων
757 2912 838 2983 τῷ
899 2911 1171 2965 Ἰουδαίων
1218 2910 1361 2963 ἔθνει
1408 2912 1466 2965 ὲν
1518 2908 1596 2980 τῷ
1649 2907 1853 2979 μεταξῦ

258 3005 453 3077 χρόνῳ
484 3004 594 3059 τῶν
624 3003 762 3059 ἑπτά
802 3005 896 3065 καὶ
939 3002 1204 3074 ἑξήκοντα
1243 3000 1337 3055 δύο
1371 3000 1679 3071 ἑϐδομάδων
1721 3015 1856 3069 προ-

261 3100 730 3174 πεφητευμένων,
771 3098 1081 3161 ἀκολούθως
1122 3100 1156 3167 ή
1209 3096 1440 3169 δήλωσις
1479 3095 1578 3165 τῆς
1625 3094 1730 3147 ὑπὸ
1757 3090 1851 3146 τοῦ

259 3192 531 3263 Σωτῆρος
553 3191 707 3262 ἡμῶν
729 3187 1193 3259 καταγγελθείσης
1228 3185 1424 3255 καινῆς
1451 3184 1727 3256 Διαθήκης
1761 3183 1851 3237 Os—
1881 3235 1923 3294 ε

260 3284 549 3347 σπίζεται.
580 3282 862 3336 Τοσούτων
895 3280 1027 3350 γοῦν
1051 3279 1138 3333 διὰ
1168 3280 1333 3350 μέσου
1364 3278 1457 3331 καὶ
1502 3276 1704 3348 μεταξὺ
1743 3275 1851 3329 τῶν

260 3378 415 3432 ἑπτὰ
442 3378 539 3431 καὶ
565 3376 824 3448 ἑξήκοντα
848 3374 942 3428 δύο
973 3372 1283 3444 ἑϐδομάδων
1319 3374 1439 3443 είρη
1449 3371 1643 3442 μένων,
1670 3367 1855 3423 ἐπιλέ-

258 3487 455 3540 γεται*
494 3489 513 3522 ι
548 3470 657 3523 Καὶ
701 3466 1009 3539 δυναμώσει
1048 3465 1325 3535 Διαθήκην
1361 3463 1577 3526 πολλοῖς
1618 3459 1853 3531 ἑϐδομὰς

261 3564 392 3634 μία,
417 3562 515 3615 καὶ
544 3563 602 3615 ἐν
624 3561 700 3631 τῷ
722 3561 910 3631 ἡμίσει
931 3560 1031 3630 τῆς
1052 3556 1343 3628 ἑϐδομάδος
1372 3554 1670 3627 ἀρθήσεται
1692 3553 1851 3608 θυσία

258 3656 361 3711 καὶ
395 3652 619 3720 σπονδὴ,
656 3654 750 3707 καὶ
783 3653 877 3706 ἐπὶ
917 3652 979 3705 τὸ
1016 3651 1159 3722 ἱερὸν
1190 3648 1464 3719 βδέλυγμα
1492 3647 1604 3700 τῶν
1630 3645 1850 3719 ἐρημώ-

259 3765 409 3802 σεων
437 3748 610 3809 ἔσται,
648 3746 741 3799 καὶ
773 3744 880 3807 ἕως
910 3741 1219 3805 συντελείας
1248 3739 1442 3811 καιροῦ
1479 3738 1754 3794 συντέλεια
1775 3739 1853 3791 δο-

258 3841 498 3911 θήσεται
544 3838 637 3892 ἑπὶ
681 3837 781 3908 τὴν
829 3837 1127 3908 ἐρήμωσιν.
1170 3856 1190 3888 ι
1238 3834 1369 3888 Τίνα
1410 3833 1467 3886 δὲ
1508 3833 1711 3905 τρόπον
1757 3834 1852 3887 καὶ

257 3932 439 3984 ταῦτα
491 3930 798 4002 ἐπληροῦτο
846 3928 1290 3997 κατανοήσωμεν.
1352 3925 1664 3994 Ἱστορεῖται
1715 3924 1771 3977 δὲ
1822 3924 1851 3977 6

257 4024 375 4086 πᾶς
399 4022 503 4092 τῆς
526 4020 873 4085 δ.δασκαλίας
896 4020 987 4073 καὶ
1004 4015 1456 4089 παραδοξοποιίας
1472 4015 1607 4087 ὁμοῦ
1636 4014 1728 4070 τοῦ
1744 4015 1854 4068 Σω-

257 4113 436 4184 τῆρος
464 4113 621 4184 ήμῶν
648 4112 838 4184 χρόνος
879 4112 1046 4183 τριῶν
1071 4110 1241 4179 ἣμισυ
1268 4106 1506 4175 γεγονὼς
1531 4106 1690 4170 ἑτῶν,
1712 4106 1849 4177 ὅπερ

256 4207 416 4261 ἐστὶν
490 4206 786 4277 ἑϐδομάδος
840 4204 1031 4274 ἥμισυ.
1094 4199 1264 4254 Τοῦτό
1322 4217 1443 4263 πως
1504 4199 1756 4269 Ἰωάννης
1822 4200 1851 4251 6

257 4297 657 4369 εὐαγγελιστὴς
700 4295 945 4367 ἀκριϐῶς
988 4295 1273 4362 ἐφιστᾶσιν
1296 4292 1460 4346 αὑτοῦ
1487 4291 1565 4363 τῷ
1603 4292 1848 4360 Εὐαγγέ-

257 4392 364 4462 λίῳ
390 4392 750 4463 παραστήσει.
781 4388 881 4457 Εἶη
910 4388 976 4441 ἂν
1004 4383 1097 4441 οὖν
1123 4386 1355 4456 ἑϐδομὰς
1386 4385 1523 4438 ἑτῶν
1560 4384 1655 4456 μία
1685 4386 1713 4437 6
1740 4384 1848 4446 πᾶς

257 4483 456 4556 χρόνος
476 4483 579 4553 τῆς
606 4482 744 4554 μετὰ
777 4480 885 4535 τῶν
909 4478 1223 4534 ἀποστόλων
1246 4479 1411 4532 αὑτοῦ
1445 4476 1842 4549 συνδιατριϐῆς,

1960 2003 2015 2051 et
2043 1995 2231 2062 nefas;
2268 1995 2396 2050 huic
2423 2002 2604 2050 autem
2634 1991 3079 2049 commentationi
3104 1999 3304 2048 nostra:
3338 1990 3533 2061 Aquila

1960 2103 2180 2159 quoque
2227 2086 2548 2151 concordat,
2595 2089 2688 2159 qui
2721 2087 3113 2157 interpretatus
3153 2091 3236 2139 est
3288 2084 3344 2137 in
3387 2082 3534 2137 hunc

1960 2179 2219 2234 modum:
2256 2197 2274 2231 ι
2314 2178 2381 2234 Ει
2409 2180 2685 2236 civitatem
2710 2188 2763 2235 et
2785 2186 3037 2233 sanctum
3062 2174 3340 2247 disperdet
3361 2189 3533 2246 popu-

1961 2271 2046 2327 lus
2075 2271 2233 2328 ducis
2256 2272 2495 2327 venturi.
2542 2291 2560 2323 ι
2596 2268 2712 2325 Non
2757 2271 2932 2325 solum
2973 2270 3117 2325 enim
3147 2268 3238 2338 qui
3270 2277 3532 2323 venturus

1959 2363 2063 2418 fuit
2090 2364 2224 2425 dux,
2258 2378 2419 2432 quem
2461 2378 2562 2417 nos
2600 2361 2886 2432 superiore
2911 2360 3249 2431 expositione
3284 2356 3531 2430 prodidi-
3640 2369 3646 2376 ·

1960 2471 2105 2519 mus,
2128 2455 2374 2525 eorrupit
2392 2453 2670 2510 civitatem
2694 2462 2747 2509 et
2773 2463 3045 2517 sanctum,
3070 2453 3164 2508 sed
3188 2452 3352 2507 etiam
3383 2450 3530 2505 illius

1959 2548 2194 2618 populus
2227 2568 2243 2605 :
2280 2556 2542 2619 prazterea
2574 2563 2682 2603 non
2730 2546 2962 2602 forsitan
3007 2546 3277 2617 quispiam
3308 2559 3337 2598 a
3379 2552 3531 2600 recto

1958 2638 2294 2693 aberraverit
2329 2638 2373 2693 si
2404 2637 2605 2693 dixerit
2631 2676 2646 2701 ,
2672 2637 2835 2693 etiam
2867 2635 3171 2691 Romanum
3204 2635 3396 2690 ducem
3433 2634 3530 2689 iis-

1957 2730 2080 2784 dem
2116 2729 2299 2785 verbis
2332 2730 2627 2800 designari,
2659 2728 2888 2799 ejusque
2918 2728 3075 2783 ducis
3113 2727 3395 2799 populum.
3426 2723 3531 2783 Per

1956 2837 2078 2892 quae
2104 2824 2343 2878 arbitror
2364 2821 2660 2894 signiﬁcari
2688 2821 2965 2877 exercitus
2991 2819 3361 2875 Romanorum
3388 2819 3533 2890 priu-

1957 2916 2159 2984 cipum,
2205 2915 2297 2985 qui
2331 2931 2396 2970 ex
2446 2914 2542 2970 illo
2592 2921 2837 2985 tempore
2883 2912 3062 2985 gentis
3106 2911 3393 2984 imperium
3444 2920 3530 2966 te-

1954 3025 2145 3068 nuere.
2179 3009 2382 3079 quique
2414 3008 2688 3064 civitatem
2723 3008 2897 3079 ipsam
2941 3004 3269 3069 Jerusalem,
3300 3014 3354 3061 et
3383 3006 3437 3060 iu
3466 3020 3531 3061 ea

1954 3099 2231 3171 quondam
2266 3098 2574 3153 venerabile
2607 3106 2661 3153 et
2685 3107 2935 3153 sanctum
2975 3096 3235 3168 templum
3269 3111 3530 3167 corrupe-
3635 3099 3650 3117 '

1956 3202 2105 3251 runt.
2156 3192 2434 3263 Siquidem
2466 3191 2534 3246 ab
2578 3192 2647 3247 iis
2670 3191 2848 3246 etiam
2880 3190 3052 3246 excisi
3082 3198 3212 3246 sunt
3268 3198 3533 3261 tanquam

1957 3284 2013 3339 in
2047 3284 2275 3348 diluvio,
2307 3292 2361 3339 et
2410 3298 2583 3354 usque
2610 3282 2677 3337 ad
2709 3281 2867 3336 linem
2900 3281 3024 3336 belli
3062 3281 3117 3335 in
3144 3281 3526 3350 compendium

1955 3376 2062 3431 acti
2099 3375 2386 3430 itincribus
2409 3388 2704 3445 pervenere
2728 3413 2742 3435 ,
2775 3387 2950 3442 usque
2979 3370 3114 3427 adeo
3151 3379 3231 3436 ut,
3268 3373 3531 3444 quemad-

1955 3466 2176 3520 modum
2205 3466 2489 3536 prophetia
2512 3463 2749 3526 dixerat,
2772 3470 3073 3519 extremam
3100 3470 3214 3516 tum
3240 3461 3388 3531 passi
3420 3461 3530 3517 sint

1954 3560 2324 3624 solitudinem,
2390 3564 2511 3628 post
2562 3557 2803 3627 ipsorum
2850 3554 3090 3610 nefarias
3135 3552 3300 3627 500
3341 3561 3527 3608 contra

1956 3650 2290 3705 Salvatorem
2355 3657 2605 3705 nostrum
2647 3648 2908 3714 insidias;
2967 3662 3094 3702 nam
3140 3652 3428 3716 postquam
3474 3644 3529 3698 id

1956 3744 2131 3798 moliti
2193 3751 2343 3809 sunt,
2390 3751 2688 3797 extremam
2711 3755 2844 3796 sane
2867 3739 3208 3795 obsidionem
3236 3738 3525 3809 pertulere.

1955 3834 2078 3890 Haec
2106 3849 2325 3905 quoque
2361 3835 2478 3905 ipsa
2504 3833 2839 3890 adamussim
2868 3834 3149 3902 explorata
3179 3830 3348 3886 habes
3375 3829 3431 3885 in
3461 3830 3529 3885 iis

1952 3940 2090 3994 quas
2108 3924 2383 3999 Iosephus
2414 3924 2637 3995 scripsit
2664 3923 2931 3979 historiis.
2958 3923 3226 3978 Caeterum
3259 3935 3383 3975 cum
3415 3919 3530 3976 hanc

1950 4016 2018 4070 de
2043 4016 2112 4072 iis
2144 4032 2265 4086 quae
2297 4016 2622 4072 intermedio
2645 4032 2717 4071 vn
2740 4024 2793 4071 et
2823 4030 2934 4070 Lm
2961 4012 3362 4069 liebdomadum
3388 4019 3532 4066 tem-

1951 4123 2081 4178 pore
2123 4107 2385 4164 Judaicre-
2418 4109 2568 4180 genti
2622 4107 2979 4167 acciderunt,
3040 4122 3135 4176 per
3184 4105 3525 4175 prophetiam

1951 4201 2210 4272 praedicta
2232 4202 2364 4265 sint,
2393 4200 2586 4256 ordine
2607 4200 2868 4269 deinceps
2890 4197 3024 4253 Novi
3057 4213 3153 4268 per
3185 4196 3525 4253 Saivatorem

1951 4303 2199 4346 nostrum
2242 4291 2605 4348 denuntiandi
2638 4288 2972 4346 Testamenti
3009 4289 3340 4360 signiﬁcatio
3367 4289 3525 4346 cani—

1948 4391 2057 4438 tur.
2089 4382 2233 4455 Ergo
2264 4384 2358 4439 ubi
2404 4393 2510 4438 tam
2550 4383 2719 4439 multa
2767 4382 2823 4437 in
2866 4382 3043 4437 medio
3068 4383 3209 4437 inter
3236 4390 3443 4453 septem
3472 4390 3523 4435 et

1949 4476 2232 4547 sexaginta
2263 4477 2402 4533 duas
2438 4475 2809 4532 hebdomadas
2833 4475 2978 4531 dicta
3004 4483 3155 4541 sunt,
3183 4483 3298 4529 tum
3330 4474 3526 4545 adjun-

255 4577 287 4629 ὃ
314 4593 376 4629 τε
403 4576 511 4646 πρὸ
548 4573 644 4628 τοῦ
684 4572 890 4636 πάθους
912 4573 1006 4627 καὶ
1029 4574 1057 4625 6
1086 4571 1225 4642 μετά
1251 4573 1350 4642 τὴν
1380 4572 1443 4625 ὲκ
1470 4570 1679 4642 νεκρῶν
1713 4569 1842 4623 ἀνά-

1955 4571 2093 4639 gitur
2126 4589 2140 4626 :
2174 4590 2194 4623 ι
2238 4569 2301 4624 Ει
2331 4570 2679 4626 conﬁrmabit
2717 4578 2936 4641 pactum
2969 4569 3158 4627 multis
3185 4568 3522 4625 hebdomada

259 4685 454 4722 στασιν
502 4666 688 4725 αὐτοῦ.
728 4667 842 4738 Πρὸ
871 4667 970 4736 μὲν
993 4666 1102 4737 γάρ
1126 4664 1220 4718 τοῦ
1250 4664 1453 4728 πάθους
1478 4664 1571 4718 ἐπὶ
1593 4663 1719 4736 τρία
1751 4664 1845 4718 καὶ

255 4761 434 4831 ⁴Ιξμισυ
475 4758 572 4831 ἔτη
609 4761 724 4822 τοῖς
763 4760 929 4812 πᾶσιν
969 4759 1160 4812 ἑαυτὸν
1199 4757 1455 4829 παρέχων
1490 4757 1755 4828 μαθηταῖς
1781 4775 1842 4811 τε

257 4851 358 4905 καὶ
382 4853 497 4913 τοῖς
528 4848 603 4921 μὴ
629 4849 889 4914 τοιούτοις
910 4850 1342 4922 ἀναγέγραπται·
1373 4850 1493 4903 καθ’
1519 4850 1578 4904 6v
1598 4851 1844 4905 διδασκα·

255 4941 404 5007 λίαις
442 4944 766 5017 παραδόξοις
798 4961 857 4997 τε
900 4942 1238 5015 θεραπείαις,
1264 4946 1363 5014 τῆς
1392 4944 1644 5015 θεότητος
1677 4945 1840 4998 αὑτοῦ

254 5036 358 5102 τὰς
389 5038 651 5109 δυνάμεις
679 5040 843 5092 πᾶσιν
879 5037 1069 5101 ἁπλῶς
1098 5037 1321 5109 Ἕλλησί
1347 5055 1408 5091 τε
1438 5039 1531 5092 καὶ
1570 5038 1843 5102 Ἰουδαίοις

260 5129 587 5203 παρείχετο·
619 5130 759 5201 μεεά
805 5129 862 5182 δὲ
902 5128 1003 5201 τὴν
1036 5130 1101 5182 ἑκ
1148 5129 1359 5201 νεκρῶν
1408 5130 1703 5184 ἀνάστασιν
1747 5131 1838 5184 τὸν

259 5222 395 5286 ἴσον,
429 5222 505 5286 ὡς
532 5223 701 5287 εἰκὸς,
726 5222 834 5275 τῶν
856 5223 996 5275 ἑτῶν
1016 5222 1206 5294 χρόνον
1225 5225 1338 5286 τοῖς
1356 5222 1548 5276 ἑαυτοῦ
1572 5222 1837 5295 μαθηταῖς

258 5316 354 5369 καὶ
381 5314 699 5378 ἀποστόλοις
718 5313 907 5383 συνῆν,
924 5315 990 5367 δι’
1010 5314 1233 5385 ἡμερῶν
1246 5315 1651 5387 τεσσαράκοντα
1670 5316 1839 5368 ὀπταο

257 5404 481 5477 νόμενος
494 5407 699 5472 αὐτοῖς,
720 5407 816 5459 καὶ
840 5406 1410 5477 ωναυλιζόμενος,καὶ
1425 5406 1597 5475 λέγων
1624 5406 1692 5460 τὰ
1708 5407 1837 5478 περὶ

257 5499 359 5568 τῆς
379 5497 658 5569 βασιλείας
674 5497 771 5553 τοῦ
795 5490 1048 5563 Θεοῦ,’ὼς
1073 5500 1206 5567 γοῦν
1227 5502 1282 5552 αἱ
1306 5498 1540 5572 Πράξεις
1566 5499 1672 5552 τῶν
1703 5500 1838 5553 ἀπο-

260 5589 458 5645 στόλων
485 5591 831 5662 περιέχουσιν
847 5608 861 5622 υ
890 5591 966 5654 ὡς
990 5584 1131 5643 εἶναι
1157 5590 1360 5661 ταύτην
1381 5590 1477 5663 τὴν
1501 5590 1836 5661 δηλουμένην

258 5683 355 5754 τῆς
388 5683 728 5756 προφητείας
763 5682 873 5736 τῶν
911 5682 1049 5735 ἑτῶν
1093 5682 1384 5753 ἑϐδομάδα,
1410 5684 1532 5736 καθ’
1563 5683 1628 5753 ἢν
1660 5682 1837 5736 ἐνεδυ-

257 5777 475 5847 νάμωσε
504 5775 781 5851 Διαθήῦκην
808 5775 1040 5839 πολλοῖς,
1070 5775 1167 5846 τὴν
1194 5774 1387 5845 καινὴν
1414 5773 1610 5845 δηλαδή
1639 5773 1835 5845 Διαθή-

259 5883 358 5937 κην
385 5866 479 5923 τοῦ
521 5865 874 5937 εύαγγελικοῦ
908 5866 1263 5938 κηρύγματος
1292 5864 1590 5936 κρατύνων.
1618 5864 1741 5918 Τίσι
1777 5864 1833 5919 δὲ

1948 4681 2077 4723 una,
2108 4671 2162 4718 et
2193 4662 2247 4718 in
2276 4662 2459 4717 medio
2488 4660 2848 4717 hebdomadis
2878 4660 3159 4717 auferetur
3188 4660 3521 4716 sacriﬁcium

1945 4765 1999 4811 et
2029 4756 2237 4820 libatio,
2284 4762 2339 4810 et
2368 4754 2422 4808 in
2472 4753 2678 4823 templo
2732 4753 3067 4808 abominatio
3125 4751 3522 4807 desolationum

1944 4847 2067 4911 erit,
2099 4855 2154 4901 et
2191 4860 2367 4908 usque
2418 4843 2487 4898 ad
2533 4844 3059 4900 consummationem
3096 4842 3359 4914 temporis
3389 4858 3526 4899 con-

1943 4936 2234 4993 summatio
2257 4936 2477 4992 dabitur
2507 4936 2563 4991 in
2596 4934 3013 4991 desolationem.
3053 4955 3072 4988 ι
3111 4935 3217 4992 Sed
3259 4935 3373 5007 jam
3408 4937 3522 4991 haec

1942 5045 2184 5102 quonam
2238 5038 2398 5101 pacto
2439 5027 2707 5099 completa
2765 5028 2896 5093 sint,
2960 5027 3331 5097 exploremus.
3376 5024 3523 5082 Sane

1940 5121 2215 5192 proditum
2244 5126 2330 5177 est
2361 5120 2639 5176 memoria:
2675 5134 2840 5173 onme
2866 5120 3131 5173 doctrina:
3169 5117 3524 5173 eruditionis-

1940 5229 2049 5285 que
2096 5213 2484 5269 miraculorum
2536 5211 2838 5267 Salvatoris
2870 5211 3044 5267 nostri
3080 5219 3316 5282 tempus,
3353 5210 3519 5266 trium

1941 5319 2210 5360 annorum
2242 5312 2297 5359 et
2331 5302 2499 5359 semis
2534 5302 2706 5359 fuisse
2732 5322 2748 5359 :
2779 5304 2924 5373 quod
2952 5302 3170 5375 quidem
3190 5311 3273 5358 est
3312 5302 3517 5358 hebdo-

1941 5397 2116 5453 madis
2146 5398 2318 5452 unius
2349 5396 2660 5452 dimidium.
2694 5395 2809 5452 Iioc
2857 5398 3035 5467 ipsum
3077 5397 3316 5467 quodam
3357 5395 3521 5452 modo

1937 5491 2175 5547 Joannes
2223 5490 2555 5562 evangelista
2603 5489 2962 5545 attentissime
3007 5489 3129 5559 ejus
3163 5487 3519 5560 Evangelium

1938 5580 2360 5638 observantibus
2396 5579 2718 5637 declarabit.
2750 5579 2868 5636 Erit
2897 5581 3062 5651 igitur
3092 5580 3394 5637 hebdomas
3421 5596 3519 5634 ana

1939 5691 2133 5731 norum
2170 5690 2279 5729 una
2309 5688 2471 5729 omne
2504 5682 2741 5745 tempus,
2774 5674 2919 5745 quod
2950 5690 3073 5729 cum
3106 5674 3371 5745 apostolis
3398 5678 3519 5729 suis

1939 5776 2189 5825 versatus
2222 5775 2328 5831 est,
2376 5775 2491 5821 tum
2526 5777 2815 5839 antequam
2845 5784 3044 5839 passus
3073 5776 3178 5834 est,
3209 5775 3324 5822 tum
3366 5775 3519 5839 post-

1936 5879 2099 5934 quam
2144 5861 2213 5918 de
2241 5867 2417 5917 morte
2448 5860 2513 5917 ad
2548 5860 2716 5917 vitam
2748 5862 2996 5931 revenit;
3028 5877 3153 5917 nam
3183 5859 3327 5932 quod
3358 5867 3518 5914 auto-
