4106 6420
548 393 644 449 6‘21
1186 393 1453 450 EUSEBII
1487 395 1968 454 CESARIENSIS
2004 395 2157 454 OPP.
2197 394 2377 452 PARS
2414 394 2478 452 ll.
2509 384 3097 449 —-APOLOGETICA.
3730 377 3827 434 διε

550 524 714 577 quam
749 508 818 562 sit
851 522 1047 579 passus
1075 523 1173 579 per
1213 515 1326 564 tres
1361 526 1536 567 annos
1564 522 1617 566 et
1651 510 1838 575 semis,
1880 510 2135 565 omnibus

2253 508 2454 572 πολλοῖς
2477 506 2681 579 ταύτην
2706 503 3130 573 ἐνεδυνάμωσεν,
3156 495 3195 568 ῆ
3220 490 3487 565 δηλονότι
3509 489 3627 552 τοῖς
3650 488 3831 543 ἐαυτοῦ

550 612 604 656 et
629 600 915 671 discipulis
949 609 1003 654 et
1045 616 1154 654 non
1196 602 1480 673 discipulis
1509 603 1749 675 seipsuni
1794 601 2123 666 exhibuerit,

2253 599 2500 672 ιαθηταῖς
2538 599 2631 651 καὶ
2667 595 3005 658 ἀποστόλοις,
3032 591 3128 645 καὶ
3172 591 3301 651 τοῖς
3341 585 3406 652 ἐξ
3447 582 3722 655 Ἑσραίων
3762 583 3832 646 εἰς
3886 651 3891 654 ο

555 689 731 759 palam
778 704 842 744 ex
893 690 961 745 iis
1009 706 1130 760 qua:
1171 692 1375 762 scrlpta
1414 700 1542 748 sunt
1570 692 1637 748 de
1667 694 1807 764 ipso,
1849 693 2124 775 proditum

2253 693 2391 746 ιύτδν
2442 689 2862 745 πεπιστευκόσιν
2897 688 3104 750 artaci;
3149 682 3315 752 Πλὴν
3370 675 3518 731 ἀλλὰ
3718 675 3835 775 μιᾶς

552 789 636 833 est
672 796 688 833 :
738 794 849 849 quo
880 785 1126 849 tempore
1170 786 1239 835 et‘
1275 781 1619 837 documentis
1664 789 1719 835 et
1767 766 2128 835 admiratione

2253 786 2430 857 ῖαύτης
2456 783 2764 855 ἑϐδομάδος,
2791 779 2910 834 καθ’
2931 778 2999 850 ῆν
3021 775 3415 845 ἐνεδυνάμωσε
3442 770 3548 839 τὴν
3570 766 3837 857 δηλωθεζ-.

551 871 739 941 dignis
764 871 1170 936 curationibus,
1204 870 1510 929 divinitatis
1544 889 1657 929 suae
1688 873 1833 929 vires
1872 874 2131 929 omnibus

2253 892 2336 929 ταν
2364 853 2642 945 Ᾱιαθήκην
2667 873 2781 934 τοῖς
2809 867 3043 931 πολλοῖς,
3073 868 3131 918 ἐν
3157 862 3242 933 τῷ
3275 859 3483 931 ⁴ἡμίσει
3507 855 3655 927 ῆρθη
3680 853 3830 908 θυσία

554 964 881 1032 sitnpliciter
927 971 1036 1024 tam
1071 964 1275 1021 Graecis
1306 982 1466 1036 quam
1497 965 1699 1021 Iudaeis
1731 967 1989 1023 ostendit.
2026 966 2131 1041 Ubi

2253 967 2332 1021 ιαὶ
2359 966 2581 1036 σπονδὴ,
2606 964 2670 1017 τό
2694 979 2753 1016 τε
2783 959 3056 1033 βδέλυγμα
3093 956 3193 1025 τῆς
3222 948 3589 1041 ἐρημώσεως
3613 945 3837 1041 ῆρξατοῖ

558 1071 685 1111 vero
718 1071 748 1109 a
778 1063 956 1111 morte
1007 1057 1073 1111 ad
1120 1056 1284 1112 vitam
1323 1066 1408 1111 est
1441 1060 1748 1123 restitutus,
1796 1056 1943 1128 quod
1989 1040 2132 1112 idem

2253 1059 2534 1132 ιπειδήπερ
2580 1053 2922 1128 μεσαζούσης
2960 1051 3059 1121 τῆς
3102 1044 3419 1138 ἑϐδομάδος
3457 1038 3671 1138 ταύτης

557 1146 839 1217 temporis,
866 1148 1227 1219 eumdemque
1256 1163 1526 1203 annorum
1557 1164 1843 1204 numerum
1868 1163 1995 1203 cum
2017 1149 2134 1205 suis

2253 1150 2325 1206 τὸν
2350 1130 2523 1223 ῆμισυ
2549 1149 2644 1203 καὶ
2681 1146 2868 1220 τριετῆ
2910 1143 3099 1215 χρόνον
3128 1140 3225 1211 τῆς
3259 1132 3638 1231 διδασκαλίας
3657 1130 3841 1231 αὑτοῦ,

557 1246 809 1294 versatus
847 1239 938 1302 sit,
997 1239 1285 1311 discipulis
1338 1249 1392 1296 et
1450 1241 1735 1312 apostolis,
1768 1240 1972 1296 rationi
2001 1255 2135 1299 sane

2253 1242 2357 1295 ιαθ’
2390 1240 2449 1295 δν
2493 1240 2682 1311 καιρὸν
2727 1235 2984 1299 πέπονθε,
3016 1232 3077 1289 τὸ
3116 1227 3546 1297 καταπέτασμα
3590 1227 3687 1276 τοῦ
3721 1227 3842 1273 ναοῦ

558 1334 987 1383 consentaneum
1034 1339 1152 1393 est,
1203 1344 1300 1400 per
1343 1330 1463 1385 dies
1511 1345 1580 1384 χι.
1616 1346 1888 1402 apparens
1920 1331 2041 1396 eis,
2082 1338 2138 1386 et

2253 1332 2447 1405 ερῤάγη
2475 1331 2583 1385 ἀπὸ
2601 1330 2809 1385 ἄνωθεν
2832 1328 2938 1391 ἕως
2959 1326 3135 1381 κάτω·
3165 1324 3244 1387 ὼς
3278 1320 3343 1388 ἐξ
3368 1318 3594 1373 ἐκείνου
3627 1313 3843 1395 δυνάμει

558 1432 950 1484 consuescens,
979 1427 1034 1474 et
1060 1420 1129 1475 de
1160 1436 1328 1493 regno
1363 1420 1456 1476 Dei
1492 1421 1719 1492 loquens
1740 1462 1755 1488 ,
1783 1421 2139 1493 quemadmo-

2253 1424 2404 1499 ἢρθαι
2436 1425 2495 1492 ἐξ
2527 1425 2706 1478 αὐτῶν
2737 1423 2837 1493 τὴν
2870 1419 3121 1490 σπονδὴν,
3151 1417 3249 1471 καὶ
3279 1414 3388 1486 τὴν
3418 1409 3643 1499 θυσίαν,
3673 1408 3842 1463 καὶτὸ

560 1512 690 1566 dum
746 1512 965 1581 quidem
1006 1512 1062 1568 in
1117 1512 1489 1582 apostolorum
1522 1512 1677 1570 Actis
1705 1514 2041 1578 continetur,
2078 1521 2138 1567 ut

2253 1498 2513 1590 Ξδέλυγμα
2539 1517 2638 1587 τῆς
2670 1512 3000 1587 ἐρημώσεως
3024 1510 3117 1580 ἐπὶ
3138 1508 3199 1561 τὸ
3236 1505 3395 1579 ἱερὸν
3421 1498 3659 1574 ἦρχθαι,
3685 1515 3840 1553 κατα-

559 1600 676 1657 haec
709 1601 781 1657 sit
827 1601 940 1665 illa,
981 1601 1049 1656 de
1081 1617 1190 1672 qua
1242 1602 1524 1674 prophetia
1569 1603 1831 1674 loquitur,
1866 1618 2137 1658 annorum

2253 1609 2501 1680 ιιπούσης
2552 1607 2749 1669 αὐτοὺς
2799 1604 3040 1675 ἐρήμους
3093 1598 3196 1669 τῆς
3232 1593 3520 1651 ἀνέκαθεν
3555 1591 3639 1653 είς
3681 1592 3843 1642 έκεῖνο

560 1692 882 1756 hebdomas,
914 1694 969 1748 in
997 1708 1107 1764 qua
1148 1695 1489 1750 conﬁrmavit
1522 1704 1742 1766 pactum
1770 1695 1979 1762 multis,
2012 1710 2139 1749 mu-

2253 1700 2434 1774 ιιαιροῦ
2475 1700 2568 1753 τὸν
2594 1697 2761 1751 τόπον
2802 1693 3086 1767 ἐφορώσης
3112 1691 3207 1746 καὶ
3239 1683 3673 1774 ἐπισκοπούσης
3694 1680 3840 1774 δυνά-

560 1785 734 1842 nitius
753 1785 1005 1840 videlicet
1029 1784 1261 1842 reddens
1289 1802 1487 1861 novum
1519 1789 1846 1861 evangelica:
1877 1786 2142 1857 praedicat

2253 1771 2411 1866 μεως.
2445 1791 2624 1862 Μέχρι
2667 1786 2799 1865 γοῦν
2844 1786 2940 1840 τοῦ
2985 1778 3255 1857 σωτηρίου
3291 1778 3519 1839 πάθους
3563 1771 3706 1828 εἷναί
3732 1790 3844 1827 τινα

561 1878 727 1934 tionis
760 1884 1170 1933 testamentum.
1208 1877 1315 1935 Sed
1364 1879 1566 1950 quibus
1611 1868 1799 1936 multis
1839 1874 1894 1935 id
1942 1879 2145 1936 conﬁr-

2253 1883 2378 1939 Θεοῦ
2410 1883 2637 1953 δύναμιν
2670 1876 3075 1957 ἐπισκοποῦσαν
3116 1874 3177 1928 τὸ
3227 1872 3381 1944 ἱερὸν
3434 1866 3625 1923 καὶτὸ
3667 1866 3840 1934 Ἀγιον

562 1970 773 2025 mavit?
803 1967 1009 2041 Nempe
1044 1972 1162 2026 suis
1208 1971 1494 2042 discipulis
1534 1979 1589 2027 et
1628 1973 1918 2043 apostolis,
1970 1973 2147 2045 iisque

560 2061 819 2119 omnibus
848 2060 1163 2132 quicunque
1196 2078 1261 2117 ex
1284 2061 1528 2118 Hebraeis
1559 2064 1614 2119 in
1644 2063 1802 2119 ﬁdem
1826 2065 1946 2134 ejus
1976 2080 2145 2119 vene-

562 2160 713 2211 runt.
737 2154 1005 2211 Cancrum
1037 2156 1092 2211 in
1126 2156 1353 2226 hujusce
1374 2157 1539 2213 unius
1562 2157 1921 2215 hebdomadis
1944 2159 2146 2220 medio,

563 2248 619 2302 in
654 2261 763 2318 qua
816 2247 951 2303 illud
1001 2247 1181 2318 ipsum
1227 2247 1296 2303 de
1325 2263 1432 2319 quo
1475 2248 1716 2306 diximus
1759 2259 2148 2307 testamentum

560 2337 754 2393 multis
786 2337 1156 2401 conﬁrmavit,
1187 2337 1463 2393 sublatura
1490 2347 1575 2394 est
1606 2338 1959 2404 sacriﬁcium,
1984 2340 2144 2414 ωι

562 2438 618 2484 et
646 2428 859 2492 liliatio,
893 2427 1344 2499 abominatioque
1372 2430 1736 2487 desolationis
1764 2432 2019 2488 inclinata
2041 2443 2147 2499 est,

563 2518 1007 2590 quandoquidem
1043 2519 1142 2575 hac
1170 2521 1288 2591 ipsa
1317 2521 1656 2579 hebdomade
1681 2525 1794 2594 jam
1820 2526 1885 2580 ad
1910 2526 2148 2582 medium

565 2611 653 2667 sui
681 2611 917 2681 spatium
968 2611 1157 2677 ducta,
1190 2621 1314 2683 post
1339 2613 1506 2667 trium
1536 2629 1805 2669 annorum
1844 2624 2063 2688 tempus
2096 2626 2149 2673 et

565 2702 734 2757 semis
762 2700 1026 2756 doctrinm
1058 2701 1226 2764 illius,
1256 2717 1365 2774 quo
1401 2710 1647 2775 tempore
1683 2720 1881 2776 passus
1913 2717 2019 2772 est,
2053 2720 2147 2761 ve-

566 2792 681 2848 lum
713 2794 900 2865 templi
938 2794 1175 2851 scissum
1203 2803 1289 2851 est
1325 2811 1357 2850 a
1388 2812 1604 2852 summo
1636 2813 1810 2868 usque
1834 2798 2092 2854 deorsum
2129 2815 2145 2853 :

569 2898 628 2941 ut
658 2901 726 2943 ex
756 2886 852 2942 illo
878 2885 990 2958 jam
1021 2889 1071 2941 vi
1097 2887 1335 2959 quadam
1371 2888 1585 2943 sublata
1618 2887 1783 2944 fuerit
1811 2889 1879 2943 ab
1899 2890 1980 2945 eis
2007 2888 2146 2943 liba-

566 2982 644 3034 tio
669 2986 724 3033 et
749 2979 1078 3035 sacriﬁcium
1104 2987 1158 3034 ct
1184 2980 1521 3035 abominatio
1542 2980 1899 3037 desolationis
1931 2980 1988 3035 in
2015 2987 2149 3036 tem-

565 3072 657 3142 plo
690 3069 914 3135 sederit,
948 3078 1134 3141 utpote
1168 3086 1293 3124 cum
1337 3086 1434 3126 eos
1491 3072 1671 3127 virtus
1716 3071 1808 3126 illa
1864 3070 2147 3141 reliquerit

566 3162 738 3228 solos,
769 3179 891 3234 quae
929 3163 999 3219 ab
1040 3163 1196 3219 initio
1225 3164 1293 3219 ad
1327 3163 1460 3219 illud
1492 3180 1667 3235 usque
1698 3173 1936 3236 tempus,
1969 3176 2022 3222 et
2050 3172 2144 3221 tu-

2248 1983 2356 2035 τῶν
2388 1979 2558 2049 ἁγίων
2582 1976 2832 2049 ἡγεῖσθαι
2861 1974 3151 2046 προσήκει.
3187 1970 3265 2023 Οὐ
3288 1961 3422 2038 ’γὰρ
3446 1964 3519 2019 ἂν
3551 1960 3728 2023 ἄλλως
3756 1959 3844 2013 καὶ

2248 2073 2408 2135 αὐτὸς
2442 2070 2558 2143 ἅμα
2586 2072 2700 2133 τοῖς
2739 2066 2954 2130 πολλοῖς
2992 2062 3317 2134 συνήδρευεν
3346 2060 3410 2111 ἐν
3450 2054 3537 2126 τῷ
3567 2050 3841 2143 ίερῷητάς
3908 2055 3918 2065 '

2249 2163 2389 2219 κατὰ
2414 2140 2611 2234 νόμους
2633 2157 2826 2232 ἑορτὰς
2852 2154 3143 2235 ἐπιτελῶν,
3156 2152 3230 2224 μὴ
3250 2149 3382 2221 οὐχὶ
3400 2147 3491 2235 ἔτι
3516 2140 3841 2235 συνεστῶτα.

2248 2255 2342 2310 καὶ⁵
2381 2228 2517 2307 Θεοῦ
2543 2228 2864 2314 εἶναι-ἄξιον
2894 2247 2987 2300 τὸν
3032 2232 3193 2300 τόπον
3234 2240 3423 2303 εἰδώς.
3456 2233 3646 2291 Ἦσαν
3670 2228 3761 2287 οὖν
3789 2233 3841 2283 ἐν

2247 2349 2326 2420 τῷ
2359 2345 2490 2419 ἱερῷ
2518 2346 2614 2399 καὶ
2645 2338 3079 2414 προφητεύοντες
3104 2351 3248 2398 τινες
3273 2334 3360 2397 είς
3394 2331 3583 2391 έκεῖνο
3604 2322 3699 2420 τοῦ
3729 2339 3843 2420 ut.-

2252 2414 2365 2512 ροῦ,
2410 2414 2599 2509 ῶσπερ
2637 2436 2805 2488 Ἀννα
2836 2433 2870 2503 ἡ
2914 2430 3184 2502 προφῆτις
3227 2428 3262 2498 ὴ
3311 2423 3415 2479 τοῦ
3453 2417 3721 2512 Φανουὴλῖ
3754 2414 3842 2469 καὶ

2248 2509 2470 2602 Συμεὼν
2515 2531 2543 2582 ὸ
2571 2528 2665 2583 ἐπὶ
2693 2526 2793 2591 τὰς
2836 2523 3081 2594 ἀγκάλας
3118 2520 3302 2583 αὐτὸν,
3332 2515 3544 2590 βρέφος
3584 2511 3665 2566 ἔτι
3695 2509 3836 2602 avsa:

2247 2596 2447 2684 λαθὼν,
2472 2619 2521 2672 οἳ
2556 2619 2649 2673 καὶ
2678 2614 3081 2702 προῳητεύουσι
3104 2610 3173 2665 τὰ
3194 2602 3711 2702 ἀναγεγραμμένα·
3735 2596 3834 2651 οὐδ’

2248 2714 2315 2768 ἂν
2340 2713 2500 2776 αὐτὸς
2523 2714 2553 2764 ό
2573 2695 2778 2781 Κύριος
2798 2706 2955 2779 ἡμῶν
2986 2704 3199 2778 εἰρήκει
3224 2702 3304 2774 τῷ
3333 2697 3556 2773 λεπριῖι·
3577 2695 3837 2760 ι’Υπαγε,

2245 2804 2415 2871 δεῖξον
2448 2804 2669 2859 σεαυτὸν
2699 2801 2776 2873 τῷ
2810 2802 2964 2873 ἱερεῖ,
2996 2800 3091 2854 καλ⁵
3115 2799 3473 2871 προσήνεγκε
3502 2794 3607 2864 τὴν
3641 2787 3835 2873 θυσίαν,

2247 2899 2313 2971 ἢν
2333 2896 2630 2971 προσέταξε
2662 2896 2868 2967 Μωσῆς
2895 2895 2976 2957 είς
3012 2890 3305 2965 μαρτύριον
3337 2889 3555 2951 αὐτοῖς,
3590 2904 3611 2938 ι
3634 2882 3705 2953 μὴ
3729 2879 3839 2950 οὐχὶ

2250 2970 2332 3046 ἔτι
2345 2992 2457 3045 δεῖν
2478 2987 2779 3060 ἡγούμενος
2799 2984 2868 3038 τὰ
2883 2982 3091 3038 κατὰνό
3098 2999 3228 3055 μους
3247 2976 3625 3034 ἐπιτελεῖσθαι
3643 2970 3835 3041 αὐτόθι,

2246 3084 2324 3148 ὡς
2340 3085 2397 3136 ἐν
2427 3082 2568 3152 ἁγίῳ
2593 3079 2688 3134 καὶ
2724 3077 2859 3131 Θεοῦ
2898 3076 3033 3148 ἀξίῳ
3069 3076 3237 3144 τόπῳ·
3261 3072 3370 3126 οὐδ’
3394 3071 3464 3127 ἂν
3483 3071 3621 3132 τοὺς
3645 3064 3834 3135 ἀγορά-ε

2257 3176 2449 3242 ζοντας
2468 3174 2561 3227 καὶ
2584 3171 2995 3244 πιπράσκοντας
3019 3166 3236 3235 ἐξωθῶν
3252 3165 3429 3235 ἐλεγεο
3455 3182 3475 3215 ι
3509 3161 3834 3232 Γέγραπται,

566 3255 730 3309 telam
776 3264 832 3310 et
870 3255 1267 3326 providentiam
1321 3256 1443 3327 ejus
1473 3258 1576 3312 loci
1620 3258 1843 3329 gerebat
1875 3277 1890 3316 :
1921 3274 2047 3331 nam
2082 3257 2149 3314 ad

2255 3266 2337 3320 ὅτι
2370 3269 2398 3320 ό
2438 3261 2588 3329 οἶκός
2618 3281 2718 3336 μου
2762 3257 2911 3324 οἶκος
2957 3257 3268 3331 προσευχῆς
3298 3254 3659 3327 κληθήσεται,
3692 3248 3835 3319 ὑμεῖς

566 3345 701 3401 illud
738 3360 912 3416 usque
939 3354 1156 3417 tempus
1191 3364 1300 3418 quo
1330 3349 1421 3404 ille
1449 3366 1548 3421 pro
1594 3351 1772 3409 salute
1801 3360 1989 3408 nostra
2023 3368 2152 3423 pas-

566 3452 664 3494 sus
696 3446 801 3502 est,
831 3438 1073 3495 divinam
1105 3440 1400 3510 quamdam
1424 3443 1533 3496 vim
1572 3441 1745 3501 fuisse
1776 3458 1898 3514 quae
1925 3452 1981 3500 et
2008 3452 2150 3501 tem-

568 3533 718 3602 plum
771 3539 827 3585 et
856 3530 1119 3587 Sanctum
1174 3541 1492 3589 sanctorum
1539 3543 1806 3600 tueretur,
1837 3535 2153 3591 existimare

566 3638 667 3695 par
687 3632 793 3679 est.
823 3624 1040 3695 Alioqui
1066 3625 1196 3695 quid
1228 3626 1539 3696 oportebat,
1562 3626 1713 3680 illum
1737 3642 1845 3680 una
1870 3641 1994 3680 cum
2029 3626 2153 3682 aliis

568 3716 757 3771 multis
792 3717 985 3773 sedere
1018 3716 1072 3770 in
1124 3720 1327 3788 templo
1367 3726 1421 3771 ct
1454 3732 1521 3773 ex
1570 3717 1781 3787 legibus
1832 3717 2000 3774 festos
2033 3719 2152 3775 dies

565 3808 878 3872 celebrare,
911 3810 956 3864 si
999 3810 1242 3865 novisset
1281 3825 1389 3864 non
1438 3810 1675 3880 amplius
1716 3812 2022 3868 consistere
2070 3812 2153 3867 lo-

565 3915 692 3957 cum
721 3900 897 3965 illum,
926 3916 1105 3972 neque
1135 3900 1228 3956 Dei
1261 3903 1553 3972 prmsentia
1579 3902 1804 3974 dignum
1833 3904 1987 3972 esse:
2007 3900 2147 3958 Fue-

566 3997 698 4047 runt
720 3990 886 4063 igitur
916 3993 983 4047 ad
1009 3993 1143 4048 illud
1169 4008 1343 4063 usque
1373 3993 1636 4064 temporis
1665 3995 1917 4050 nonnulli
1940 3996 1993 4050 in
2020 4002 2153 4050 tem-

566 4081 660 4154 plo
691 4083 1023 4149 divinantes,
1057 4085 1235 4154 qualis
1272 4083 1426 4138 Anna
1467 4084 1787 4155 pmphetica
1823 4086 2019 4141 mulier
2043 4086 2151 4142 ﬁlia

566 4173 833 4241 Phanuel,
868 4183 923 4231 et
966 4174 1187 4231 Simeon
1235 4176 1331 4246 qui.
1362 4175 1418 4231 in
1451 4178 1610 4233 ulnas
1644 4178 1823 4249 ipsum
1852 4179 2031 4234 adhuc
2065 4180 2153 4234 in-

569 4266 773 4324 fantem
798 4268 1031 4339 acccpit,
1068 4271 1348 4339 quietiam
1381 4270 1701 4325 cecinerunt
1731 4285 1795 4326 ea
1824 4287 1947 4343 qua:
1977 4271 2153 4342 publi-

564 4374 646 4415 οπο
675 4361 953 4416 memoria:
976 4362 1193 4432 prodita
1224 4370 1375 4427 sunt,
1398 4362 1493 4417 sed
1523 4378 1701 4434 neque
1731 4363 1848 4434 ipse
1888 4362 2153 4417 Dominus

565 4459 758 4507 noster
776 4451 1010 4508 dixisset
1033 4452 1251 4523 leproso
1285 4473 1298 4508 :
1336 4472 1356 4504 ι
1386 4453 1511 4520 Abi,
1546 4455 1779 4510 ostende
1802 4462 1855 4510 te
1878 4453 2173 4518 sacerdoti,

2251 3357 2309 3412 δὲ
2352 3358 2513 3412 αὐτὸν
2559 3358 2761 3410 ποιεῖτε
2813 3352 3075 3424 σπήλαιον
3123 3346 3338 3421 λῃστῶν
3362 3363 3378 3379 ’
3425 3365 3445 3399 ι
3510 3344 3611 3400 καὶ
3654 3337 3832 3403 αὖθις’

2259 3468 2277 3502 ι
2293 3450 2495 3520 ’Δρατε
2526 3447 2700 3501 ταῦτα
2727 3443 3106 3508 ἐντεῦθεν,καὶ
3121 3442 3195 3514 μὴ
3221 3441 3429 3493 ποιεῖτε
3458 3437 3555 3491 τὸν
3582 3430 3727 3488 οἶκον
3747 3426 3833 3484 τοῦ

2252 3541 2467 3614 Πατρός
2500 3557 2601 3613 μου
2627 3535 2775 3593 οἷκον
2808 3536 3104 3610 ἐμπορείου
3128 3550 3141 3566 ο
3188 3552 3207 3585 ι
3246 3533 3296 3586 εἰ
3328 3530 3406 3603 μὴ
3439 3530 3524 3584 ἔτι
3548 3527 3729 3600 τίμιον
3754 3539 3835 3577 σα-

2253 3634 2369 3703 φῶς
2414 3632 2525 3687 δεῖν
2574 3631 2822 3701 ἐνόμιζεν
2868 3624 3272 3698 ὑπολαμϐάνειν
3319 3618 3461 3675 εἶναι
3516 3619 3612 3674 τὸν
3662 3615 3831 3669 τόπον.

2266 3722 2425 3777 Ἀλλά
2463 3722 2572 3796 γὰρ
2607 3719 3015 3793 πλησιαζούσης
3038 3716 3220 3770 αὐτῶν
3247 3713 3349 3783 τῆς
3380 3711 3624 3783 ἐσχάτης
3653 3707 3833 3796 δυσῗεῗ

2253 3816 2424 3882 Gelae,
2465 3794 2603 3886 μετὰ
2635 3812 2808 3867 ταῦτα
2844 3811 3023 3865 πάντα
3053 3807 3374 3878 ἁπεςρήνατο
3406 3800 3612 3857 εἰπών·
3654 3818 3672 3850 ι
3714 3794 3831 3849 Ἰδοὺ

2252 3896 2470 3979 ἀφίεται
2518 3906 2646 3978 ὑμῖν
2682 3908 2711 3960 ὁ
2758 3900 2907 3968 οἶκος
2960 3900 3114 3973 ὑμῶν
3163 3899 3406 3971 ἔρημος’
3452 3915 3475 3948 ι
3512 3893 3542 3949 δ
3574 3893 3669 3948 καὶ
3713 3886 3834 3986 σιδτέ

2253 3998 2556 4071 ἐπληροῦτο
2582 3998 2692 4061 ὅτε,
2725 3996 2988 4060 παθόντος
3020 3990 3207 4055 αὑτοῦ,
3228 3990 3289 4043 τὸ
3320 3987 3719 4055 καταπέτασμα
3748 3995 3833 4033 του

2253 4070 2405 4144 ναοῦ
2433 4089 2552 4143 ὅλον
2602 4089 2669 4141 δι’
2713 4088 2836 4142 ὅλου
2886 4087 3051 4158 μέσον
3104 4082 3337 4157 ἐρράγη,
3371 4077 3656 4153 καθῄρητό
3692 4091 3749 4127 τε
3780 4070 3833 4137 ἐξ

2255 4182 2464 4235 ἐκείνου
2494 4181 2720 4251 δυνάμει
2750 4183 2784 4252 ἡ
2819 4179 3099 4252 προσηνὴς
3135 4175 3214 4247 τῷ
3257 4173 3376 4244 Θεῷ
3422 4173 3570 4228 κατὰ
3600 4170 3706 4241 τὴν
3745 4162 3831 4217 τοῦ

2254 4272 2419 4344 νόμου
2451 4272 2696 4337 διάταξιν
2738 4272 2900 4326 θυσία
2934 4272 3027 4324 καὶ
3074 4268 3297 4338 σπονδὴ.
3332 4261 3401 4339 ἦς
3431 4265 3714 4339 ἀρθείσης,
3745 4256 3831 4312 καὶ

2254 4366 2315 4418 τὸ
2346 4364 2623 4436 βδέλυγμα
2644 4365 2745 4435 τῆς
2769 4361 3122 4436 ἐρημώσεως,
3156 4360 3298 4415 κατὰ
3324 4361 3422 4431 τὴν
3448 4361 3510 4413 ἐν
3536 4356 3693 4430 χερσὶ
3711 4366 3833 4424 προ-

2256 4455 2502 4526 φητείαν,
2533 4451 2938 4525 ἐπηκολούθησε
2968 4450 3047 4521 τῷ
3073 4451 3243 4522 τόπῳ.
3273 4450 3337 4503 El
3365 4449 3423 4503 δέ
3460 4450 3557 4503 καί
3590 4444 3678 4499 ἐπί
3715 4456 3825 4495 τινα

564 4548 623 4597 et
668 4543 803 4599 oﬂ'er
830 4544 1184 4609 sacriﬁcium,
1210 4546 1354 4615 quod
1402 4547 1661 4617 praecepit
1690 4546 1868 4603 Moses
1904 4548 1959 4601 in
2000 4548 2149 4603 testi-

2256 4547 2443 4619 χρόνον
2477 4547 2809 4619 παραμένειν
2832 4543 2978 4609 ἔδοξε
3004 4542 3073 4597 τὰ
3096 4544 3196 4615 τῆς
3218 4544 3278 4596 ἐν
3305 4541 3385 4612 τῷ
3416 4539 3831 4649 τόπῳτλειῖουρι

566 4638 811 4693 monium
841 4638 922 4695 eis
947 4636 1017 4703 ⁸⁷,
1054 4658 1074 4692 ι
1104 4638 1150 4694 si
1178 4637 1270 4692 illo
1300 4639 1354 4693 in
1382 4640 1505 4695 loco
1526 4656 1636 4693 non
1670 4640 1811 4695 ultra
1838 4640 2153 4696 existimas-

565 4736 649 4783 set
672 4740 795 4798 qua:
839 4729 908 4784 ad
969 4730 1110 4784 ritus
1160 4730 1419 4801 legesque
1464 4730 1736 4800 pertinent
1791 4739 2049 4800 tanquam
2094 4728 2151 4783 in

566 4829 761 4876 sancto
802 4828 857 4877 et
902 4820 996 4877 Dei
1030 4823 1322 4893 praesentia
1362 4822 1528 4893 digno
1550 4823 1670 4877 loco
1696 4822 1960 4877 celebrari
1986 4835 2152 4890 Opor-

563 4920 701 4975 tere.
733 4924 912 4983 neque
961 4915 1264 4970 vendentes
1294 4922 1350 4970 et
1392 4923 1637 4970 ementes
1668 4915 1896 4985 ejiciens
1921 4913 2152 4971 dixisset

564 5005 732 5061 verba
758 5006 849 5059 illa
885 5025 899 5061 ε
929 5024 952 5058 ι
988 5004 1264 5076 Scriptum
1288 5013 1394 5069 est,
1418 5004 1614 5061 domus
1635 5022 1757 5061 mea
1781 5006 1981 5062 domus
2022 5022 2148 5062 ora-

563 5097 736 5153 tionis
764 5098 1075 5166 vocabitur,
1110 5114 1211 5156 vos
1245 5108 1426 5155 autem
1456 5114 1575 5154 eam
1612 5097 1796 5154 facitis
1827 5099 2145 5169 speluncam

565 5189 844 5245 latronum
874 5191 945 5248 ⁸⁸.
986 5211 1005 5244 ›
1039 5191 1105 5246 Et
1152 5209 1387 5248 rursus:
1443 5211 1463 5244 ι
1501 5190 1727 5247 Auferte
1772 5191 1878 5247 ista
1908 5192 2059 5256 hinc,
2093 5198 2148 5246 et

564 5280 737 5336 nolite
768 5279 949 5336 facere
977 5281 1201 5336 domum
1229 5281 1418 5337 Patris
1439 5281 1547 5336 mei
1569 5281 1791 5335 domum
1827 5281 2150 5351 negotiatio-

565 5372 655 5427 nis
674 5372 744 5440 ⁸⁸,
772 5391 793 5425 ι
827 5372 950 5428 'nisi
993 5373 1176 5429 adhuc
1216 5374 1377 5445 plane
1431 5376 1740 5430 censuisset
1783 5372 2148 5429 venerabilem

563 5479 691 5521 esse
729 5465 912 5520 locum
939 5471 1135 5535 putare
1178 5478 1449 5535 Oportere.
1501 5467 1571 5520 At
1618 5467 1764 5522 enim
1795 5466 1889 5535 ubi
1929 5464 2147 5519 illorum

566 5566 872 5612 extremum
908 5556 1094 5613 scelus
1124 5558 1602 5629 appropinquavit,
1643 5566 1758 5612 tum
1788 5558 1974 5613 omnia
2005 5556 2142 5613 indi-

563 5649 713 5705 cavit
751 5647 943 5705 dicens
980 5666 997 5704 :
1040 5666 1060 5700 ι
1098 5648 1239 5705 Ecce
1270 5649 1602 5720 relinquitur
1634 5647 1794 5704 vobis
1823 5649 2021 5705 domus
2054 5665 2148 5704 ve-

2256 4640 2400 4709 γὶας,
2435 4639 2548 4692 ἀλλ’
2582 4637 2768 4691 οὐκέτι
2799 4654 2863 4706 γε
2896 4635 3070 4690 ταῦτα
3099 4636 3307 4709 ἀρεστὰ
3329 4635 3410 4706 τῷ
3431 4633 3555 4705 Θεῷ
3576 4629 3664 4705 ἦν,
3690 4623 3827 4697 ἀκρί-

2256 4748 2366 4794 τως
2418 4730 2513 4783 και
2555 4728 2616 4781 ού
2663 4726 2804 4781 κατὰ
2829 4728 2992 4799 νόμον
3036 4727 3451 4797 ἐπιτελούμενα.
3490 4725 3698 4793 Ὥσπερ
3726 4715 3825 4787 γὰρ

2259 4821 2534 4893 πρόπαλαι
2576 4818 3045 4892 ὲξολοθρευθέντος
3090 4816 3186 4871 τοῦ
3236 4818 3559 4890 χρίσματος,
3606 4808 3825 4869 καὶτῶν

2257 4912 2397 4967 κατὰ
2427 4909 2677 4981 διαδοχὴν
2703 4909 2949 4981 νομίμων
2975 4908 3281 4981 ἀρχιερέων
3321 4907 3704 4979 πεπαυμένων,
3728 4896 3826 4954 ἀπὺ

2260 5006 2360 5076 τῆς
2414 5004 2682 5077 Ὑρκανοῦ
2724 5003 2999 5073 τελευτῆς,
3046 5004 3094 5055 οἱ
3146 4999 3284 5073 μετὰ
3332 5000 3507 5054 ταῦτα
3551 4996 3822 5069 παριόντες

2256 5096 2507 5161 ἀτάκτως
2551 5096 2645 5150 καὶ
2688 5094 3037 5166 παρανόμως,
3076 5093 3296 5147 ἐδόκουν
3334 5093 3434 5163 μέν
3464 5109 3519 5145 τι
3546 5091 3733 5151 ποιεῖν,
3764 5083 3819 5136 οὐ

2260 5190 2366 5262 μὴν
2394 5188 2538 5243 κατὰ
2566 5189 2695 5251 τοὺς
2721 5187 3031 5260 πρέποντας
3064 5184 3331 5258 ἔπραττον
3363 5184 3616 5257 θεσμοὺς,
3646 5181 3711 5234 δι’
3735 5175 3818 5238 οὓς

2257 5284 2351 5337 καὶ
2406 5283 2643 5352 ἔφασκεν
2703 5282 2736 5352 ἡ
2802 5279 3141 5351 προφητεία·
3200 5297 3221 5329 ι
3302 5275 3819 5349 Ἐξολοθρευθήσεται

2256 5376 2485 5447 χρίσμα,
2508 5375 2601 5428 καὶ
2628 5377 2802 5446 κρῖμα
2847 5373 2947 5425 οὐκ
2987 5371 3135 5424 ἐστιν
3179 5372 3235 5424 ἐν
3268 5369 3439 5441 αὐτῷ,
3477 5389 3495 5422 ι
3520 5369 3581 5422 τὸ
3612 5366 3816 5436 ἄκριτον

2257 5467 2350 5520 καὶ
2372 5466 2686 5537 παράνομον
2721 5462 2900 5518 αὐτῶν
2925 5462 3283 5516 διαϐάλλουσα
3306 5478 3320 5493 ’
3356 5461 3498 5514 οῦτω
3529 5459 3592 5532 δὴ
3624 5454 3709 5511 καὶ
3733 5449 3816 5504 ἐπὶ

2253 5559 2353 5630 τῆς
2388 5557 2578 5621 θυσίας
2611 5557 2705 5611 καὶ
2751 5555 2852 5626 τῆς
2885 5554 3119 5625 σπονδῆς
3172 5552 3573 5625 συμϐεϐηκέναι
3619 5549 3813 5619 φήσεις.

2256 5649 2430 5721 ὀρθῶς
2467 5649 2566 5721 μὲν
2600 5651 2693 5703 καὶ
2740 5646 2882 5703 κατὰ
2907 5648 3067 5720 νόμον
3087 5646 3194 5720 πρὸ
3224 5646 3318 5700 τοῦ
3353 5645 3558 5709 πάθους
3594 5640 3683 5699 τοῦ
3711 5638 3809 5693 Σω·

637 5830 683 5864 "
716 5830 907 5887 Matth.
945 5847 1073 5901 vui,
1109 5833 1162 5890 ι.
1240 5835 1285 5867 ⁸⁸
1321 5834 1512 5891 Matth.
1547 5849 1679 5901 ut,
1721 5833 1807 5890 15.
1884 5834 1930 5868 ⁸³
1961 5830 2121 5890 Joan.
2156 5846 2233 5902 ιι,
2270 5834 2356 5891 l6.
