4106 6420
309 303 443 362 629

1246 309 1904 373 DEMONSTBATIONIS
1942 310 2405 371 EVANGELICIE
2456 310 2567 366 LIB
2627 308 2762 367 Vlll.

3493 271 3601 360 σξιο

308 426 507 497 τῆρος
551 424 710 499 ήμῶν
743 427 1188 501 ἐπιτελουμένης,
1227 431 1315 486 διὰ
1344 433 1445 505 τὴν
1484 433 1653 489 είσὲτι
1690 435 1812 489 τότε
1855 434 1925 489 τὰ

2029 442 2140 492 stra
2183 434 2400 490 deserta
2436 433 2508 499 ὀ,
2544 453 2563 486 ι
2604 431 2751 503 quod
2785 429 3006 501 quidem
3054 429 3234 500 ipsum
3267 426 3598 498 couipletum

307 514 451 570 τῶν
479 517 651 587 ἁγίων
676 518 858 574 τόπων
884 521 1167 593 ἐφορῶσαν
1191 522 1441 595 δύναμιν,
1477 522 1921 598 περιαιρεθείσης

308 605 379 660 δέ
412 608 622 663 αὐτίκα
660 609 798 682 μετὰ
827 612 927 684 τὴν
951 611 1115 667 αὐτοῦ
1148 614 1359 670 τελείαν
1390 615 1485 670 καὶ
1518 616 1795 689 θεοπρεπῆ
1827 617 1922 671 θυο

313 696 479 763 σίαν,
515 702 583 772 ήν
617 703 1193 774 προσήνεγκενηαῖηδς
1215 704 1407 761 ἑαυτὸν
1439 707 1581 779 ὑπὲρ
1611 706 1720 761 τῶν
1741 709 1923 780 ἁμαρ·

308 792 469 848 τιῶν
490 794 673 867 ήμῶν,
702 794 863 861 αὐτὸς
894 797 971 851 ὣν
1011 801 1040 853 6
1071 799 1242 871 ἀμνὸς
1271 798 1367 854 τοῦ
1398 799 1557 865 Θεοῦ,
1579 801 1802 873 ὑάῖρων
1824 802 1924 873 τήν

309 883 613 957 ἁμαρτίαν
624 885 719 941 τοῦ
736 889 966 960 κόσμου,
991 884 1061 963 ἦς
1076 890 1266 956 Θυσίας
1280 894 1445 947 πᾶσιν
1461 892 1557 946 ἀνθ
1567 890 1769 965 ρώποις
1783 891 1925 947 κατὰ

308 975 396 1030 τὰ
429 978 604 1034 καινὰ
634 981 907 1053 μυστήρια
931 984 1032 1055 τῆς
1058 986 1251 1055 καινῆς
1295 984 1571 1057 Διαθήιοης
1611 983 1943 1055 παραδοθείε

314 1085 457 1142 σης,
479 1072 554 1127 τὰ
581 1075 683 1145 τῆς
711 1072 951 1138 παλαιᾶς
984 1072 1304 1147 περιῄρητο.
1342 1074 1510 1146 Ὁμοῦ
1548 1074 1658 1147 γὰρ
1687 1073 1766 1145 τῷ
1789 1075 1921 1147 πλην

314 1161 567 1233 ροῦσθαι
600 1166 662 1220 τὸ
683 1166 891 1237 φάσκον
918 1165 1118 1237 λόγιον,
1158 1186 1178 1219 ι
1208 1167 1316 1221 Καὶ
1336 1165 1926 1240 δυναμώσειΔιαθήκην

314 1256 554 1325 πολλοῖς
573 1258 807 1333 ἑϐδομὰς
829 1258 1050 1333 μίαρτὰ
1071 1259 1172 1331 τῆς
1192 1259 1426 1323 παλαιᾶς
1444 1259 1719 1332 Διαθήκης
1735 1259 1926 1331 περιῄ-

316 1363 492 1418 ρητο.
505 1368 527 1403 ι
547 1350 687 1404 Πότε
699 1351 757 1406 δέ
773 1352 840 1406 τὰ
854 1352 952 1423 τῆς
966 1351 1239 1425 Διαθήκης
1251 1351 1351 1427 τῇς
1365 1351 1559 1421 καινῆς
1577 1349 1925 1422 ἐδυναμοῦτο,

312 1438 354 1512 ἢ
392 1442 494 1497 ὅτε
521 1447 552 1499 6
808 1444 905 1499 καὶ
944 1443 1151 1519 Κύριος
1182 1444 1360 1516 ήμῶν,
1407 1443 1614 1515 μέλλων
1651 1442 1825 1496 τελεῖν
1864 1440 1926 1495 τὸ

317 1533 484 1604 μέγα
528 1538 826 1610 μυστήριον
856 1538 959 1608 τῆς
981 1540 1062 1602 είς
1091 1537 1186 1592 τὸν
1218 1536 1445 1592 θάνατον
1471 1535 1638 1592 αὐτοῦ
1668 1536 1924 1609 παρόδου,

316 1617 356 1698 ᾗ
414 1627 582 1681 νυκτὶ
640 1625 970 1699 παρεδίδοτο,
1005 1628 1074 1682 τὰ
1130 1626 1375 1700 σύμϐολα
1428 1627 1538 1680 τῶν
1584 1629 1705 1682 κατ’
1761 1625 1925 1680 αὑτὸν

314 1715 671 1790 ἀπορρήτων
711 1719 813 1790 τῆς
861 1718 1058 1790 καινῆς
1103 1719 1379 1791 Διαθήκης
1408 1718 1583 1789 λόγων
1616 1721 1729 1783 τοῖς
1760 1719 1925 1774 αὑτοῦ

316 1808 628 1906 παρεδίδου
666 1809 970 1882 μαθηταῖς;
1004 1810 1139 1883 ὁμοῦ
1160 1810 1269 1883 γὰρ
1298 1809 1452 1865 ταῦτ’
1482 1810 1738 1876 ἐτελεῖτο,
1773 1812 1866 1865 καὶ
1892 1812 1925 1884 ή
1958 1851 2001 1906 Β

317 1900 479 1955 κατὰ
505 1903 747 1958 Μωῡσὲα
779 1903 985 1958 παλαιά
1010 1904 1254 1977 Διαθήκη
1283 1903 1605 1977 περιῄρητα,
1639 1904 1777 1977 ὅπερ
1801 1905 1924 1979 ἐδή-

210 2002 227 2015 ⁸
314 1990 428 2046 λου
459 1993 524 2047 τὸ
564 1995 960 2068 καταπέτασμα
1004 1995 1099 2051 τοῦ
1124 1996 1277 2061 ναοῦ,
1317 1995 1460 2050 κατὰ
1493 1995 1585 2050 τὸν
1632 1997 1794 2051 αὐτὸν
1824 2000 1923 2069 ρη-

315 2084 604 2157 γνύμενον
649 2087 860 2160 χρόνον.
921 2086 1207 2161 ’Ᾱρθείσης
1253 2089 1385 2159 γοῦν
1431 2088 1492 2155 ἐξ
1534 2089 1780 2154 ἐκείνου,
1826 2091 1923 2144 καὶ

316 2176 568 2249 δυνάμει
593 2178 690 2233 καὶ
729 2180 957 2254 ἀληθείᾳ
987 2180 1385 2253 καταλυθείσης
1410 2181 1603 2256 θυσίας
1630 2183 1725 2236 καὶ
1761 2199 1925 2237 σπον-

316 2267 449 2339 δῆς,
480 2270 539 2323 αί
578 2269 719 2340 μετὰ
744 2270 918 2325 ταῦτα
943 2270 1294 2344 νομιζόμεναι
1321 2272 1510 2327 αὐτόθι
1557 2273 1923 2328 ἐπιτελεῖσθαι

321 2358 526 2413 θυσίαι
550 2361 806 2415 ἄσπονδοι
832 2362 927 2416 καὶ
957 2362 1163 2435 ὰνίεροι
1196 2365 1254 2416 ἐν
1289 2356 1501 2435 βεϐήλῳ
1525 2364 1680 2435 τόπῳ
1704 2364 1797 2418 καὶ
1819 2365 1925 2418 ὑπὸ

320 2449 586 2522 βεϐήλων
619 2454 713 2508 καὶ
750 2454 981 2526 ἀνιέρων
1014 2455 1387 2510 ἐπετελοῦντο.
1425 2456 1589 2528 Δέχου
1616 2457 1674 2511 δέ
1708 2458 1803 2511 καὶ
1825 2457 1924 2522 τὰς

320 2546 467 2617 περὶ
507 2545 712 2601 τούτων
762 2548 1023 2620 Ἰωσήπου
1081 2542 1414 2622 μαρτυρίας·
1457 2568 1475 2603 ι
1500 2548 1659 2604 Κατὰ
1714 2549 1771 2603 δὲ
1825 2549 1923 2621 τὴν

321 2636 553 2711 ἡμέραν
583 2638 685 2709 τῆς
715 2639 1096 2712 Πεντηκοστῆς
1120 2640 1338 2714 νύκτωρ
1364 2643 1415 2695 οί
1438 2642 1605 2715 ἱερεῖς
1632 2641 1926 2714 παρελθόν-

318 2750 425 2798 τες
477 2734 559 2798 είς
599 2733 662 2787 τὸ
701 2733 866 2807 ίερδν,
900 2732 1089 2807 ὥσπερ
1133 2734 1317 2800 αὐτοῖς
1364 2735 1484 2799 ἐθος
1529 2731 1619 2807 ἦν,
1652 2736 1788 2808 πρὸς
1825 2735 1925 2801 τὰς

318 2826 702 2898 λειτουργίας,
731 2826 946 2899 πρῶτον
983 2828 1081 2900 μὲν
1109 2828 1378 2900 κινήσεως
1410 2829 1615 2899 ἔφασαν
1660 2830 1923 2900 ἀντιλαμ-

319 2916 600 2971 ϐάνεσθαι
632 2917 729 2972 καὶ
766 2917 974 2972 κτύπου
994 2935 1009 2949 ·
1046 2918 1183 2991 μετὰ
1220 2918 1277 2975 δέ
1300 2918 1475 2974 ταῦτα
1507 2922 1693 2991 φωνῆς
1720 2919 1924 2991 ἁθρόας

320 3007 623 3080 λεγούσης·
650 3008 1104 3079 Μεταϐαίνωμεν
1128 3008 1424 3065 ἐντεῦθεν.
1440 3030 1458 3061 ι
1482 3009 1669 3064 Ταῦτα
1700 3010 1757 3063 δέ
1783 3011 1924 3063 ίστο-

324 3102 421 3171 ρεῖ
452 3099 595 3170 μετὰ
612 3099 674 3153 τὸ
695 3100 866 3165 πάθος
896 3101 991 3156 τοῦ
1023 3101 1276 3174 Σωτῆρος
1300 3100 1458 3173 ήμῶν
1485 3101 1789 3172 γεγονέναι.
1811 3103 1921 3156 Καὶ

2024 535 2111 582 est
2137 540 2249 596 quo
2281 533 2526 593 tempore
2555 523 2684 577 dum
2731 522 2821 577 ille
2851 521 3003 577 cruci
3054 519 3247 575 aﬁixus
3278 526 3384 585 est,
3418 518 3598 573 velum

2024 617 2212 689 templi
2245 617 2485 673 medium
2520 622 2637 669 toto
2663 614 2880 685 penitus
2924 614 3228 669 altitudinis
3266 612 3380 668 sure
3422 612 3601 681 spatio

2025 710 2260 765 scissum
2310 716 2416 774 est,
2450 708 2836 776 sublatumque
2877 714 2961 763 est
3007 722 3073 762 ex
3106 707 3221 770 illo,
3257 704 3308 760 vi
3340 703 3601 774 quadam,

2026 801 2138 857 Deo
2173 810 2390 873 gratum
2416 817 2483 856 ex
2532 798 2875 855 institutione
2924 797 3062 868 legis
3092 795 3423 852 sacriﬁcium
3452 804 3507 850 et
3536 793 3601 847 li-

2025 894 2198 959 batio,
2232 908 2340 965 qua
2394 893 2645 955 sublata,
2710 888 3044 946 abominatio
3092 886 3480 949 desolationis,
3513 900 3604 940 se-

2026 984 2264 1040 cundum
2287 999 2406 1040 eam
2434 999 2557 1055 quae
2581 998 2727 1038 nunc
2758 981 2815 1037 in
2846 981 3101 1038 manibus
3125 991 3232 1046 est,
3259 979 3599 1052 prophetiam

2026 1074 2084 1130 in
2115 1074 2238 1132 loco
2261 1075 2357 1130 illo
2384 1085 2572 1131 secuta
2601 1082 2706 1131 est.
2739 1072 2891 1141 Quod
2931 1072 2976 1128 si
3007 1089 3107 1144 per
3136 1072 3357 1144 aliquod
3385 1082 3601 1140 tempus

2025 1182 2351 1238 permanere
2386 1168 2668 1239 visalsunt
2695 1182 2781 1224 ea.
2823 1181 2944 1233 quas
2972 1165 3040 1220 ad
3082 1164 3418 1223 iunctionem
3447 1165 3596 1219 illam

2039 1261 2096 1315 in
2132 1258 2227 1314 tali
2274 1258 2396 1315 loco
2430 1259 2723 1330 pertinent.
2756 1275 2868 1315 non
2921 1265 3102 1314 tamen
3135 1257 3323 1314 eadem
3368 1257 3602 1327 amplius

2028 1358 2183 1424 grata
2212 1350 2324 1408 Deo
2356 1351 2601 1416 fuerunt,
2636 1355 2839 1423 quippe
2886 1366 3010 1408 cum
3063 1363 3118 1409 ct
3147 1352 3268 1408 slne
3311 1349 3522 1421 judicio
3549 1358 3604 1404 et

2025 1451 2224 1514 prater
2279 1445 2426 1513 leges
2481 1443 2909 1501 celebrarentur.
2940 1443 3104 1517 402
3147 1438 3301 1498 Sicut
3334 1441 3480 1498 enim
3506 1456 3602 1495 auo

2028 1544 2148 1602 tea,
2180 1537 2437 1594 unctione
2481 1537 2706 1602 abolita,
2751 1546 2806 1592 et
2854 1538 3111 1608 legitimis
3151 1550 3217 1593 εχ
3275 1533 3602 1593 succedendi

2027 1627 2170 1683 serie
2198 1628 2548 1699 pontiﬁcibus
2578 1636 2703 1699 post
2734 1627 2970 1700 Hyrcani
2996 1628 3274 1684 interitum
3298 1625 3599 1699 abrogatis,

2029 1718 2121 1788 qui
2153 1719 2379 1790 posthac
2406 1720 2526 1775 sine
2546 1719 2740 1776 ordine
2765 1729 2819 1776 et
2842 1730 3040 1789 praeter
3066 1721 3211 1791 leges
3231 1719 3298 1774 ad
3323 1716 3456 1774 illud
3487 1734 3607 1771 mu-

2027 1824 2134 1864 nus
2176 1809 2530 1874 accedebant,
2566 1809 2891 1865 videbantur
2920 1808 2998 1862 illi
3030 1807 3249 1879 quidem
3291 1804 3499 1877 aliquid
3529 1804 3606 1859 fa-

2029 1915 2173 1964 cere,
2208 1909 2263 1958 et
2301 1910 2483 1956 tamen
2519 1901 2573 1957 id
2605 1901 2758 1956 nullo
2791 1899 3049 1956 laudabili
3091 1899 3343 1956 instituto
3373 1906 3606 1970 praesta-

2025 1992 2186 2059 bant,
2217 2001 2442 2066 propter
2463 2009 2602 2065 quos
2623 1994 2788 2051 etiam
2821 1993 2960 2049 dixit
2988 1992 3313 2064 prophetia:
3343 2009 3362 2043 ι
3398 1988 3608 2046 Peribit

2026 2085 2232 2149 unctio,
2255 2093 2307 2141 et
2326 2085 2595 2155 judicium
2627 2099 2737 2140 non
2757 2091 2843 2141 est
2871 2084 2924 2139 in
2964 2098 3026 2139 ea
3046 2124 3062 2149 ,
3096 2103 3113 2136 ι
3150 2082 3355 2138 talibus
3379 2080 3604 2137 interim

2024 2178 2209 2235 verbis
2246 2178 2587 2249 iudiciorum
2630 2179 2920 2249 legumque
2980 2176 3035 2231 iu
3066 2177 3176 2232 illis
3226 2179 3600 2244 contemptum

2025 2286 2295 2327 accusans
2326 2290 2340 2326 :
2374 2272 2450 2326 ita
2477 2271 2645 2328 etiam
2673 2274 2822 2327 circa
2856 2268 3171 2325 libationem
3197 2267 3603 2329 etsacriﬁcium

2024 2363 2323 2435 contigisse
2361 2362 2676 2429 allirmabis,
2705 2379 2829 2435 quae
2847 2371 2996 2419 recte
3022 2361 3241 2434 quidem
3269 2377 3337 2417 ex
3360 2361 3477 2432 lege
3504 2374 3606 2414 ani--

2024 2467 2244 2529 tequam
2288 2455 2542 2512 Salvator
2586 2465 2777 2512 noster
2810 2458 2883 2511 sit
2929 2471 3149 2526 passus,
3182 2453 3607 2510 celebrabantur

2024 2559 2249 2625 propter
2279 2551 2537 2608 virtutem
2583 2552 2734 2606 illam
2765 2568 2887 2622 quae
2924 2552 2994 2606 ad
3021 2550 3154 2607 illud
3188 2566 3364 2621 usque
3390 2557 3607 2620 tempus

2027 2647 2131 2701 loci
2164 2645 2513 2701 sanctitatem
2552 2646 2827 2701 tuebatur.
2858 2645 3132 2701 Caeterum
3176 2654 3233 2702 et
3259 2644 3475 2703 sublata
3524 2652 3607 2699 est

2026 2736 2174 2792 illico
2203 2744 2330 2809 post
2361 2736 2512 2791 illius
2543 2736 3099 2820 perfectumbeoque
3146 2736 3479 2794 conveniens
3518 2751 3609 2792 sa-

2025 2827 2315 2891 criﬁcium.
2355 2826 2499 2898 quod
2534 2826 2651 2899 ipse
2693 2842 2754 2882 se
2780 2826 2959 2896 ipsum
2992 2843 3093 2898 pro
3127 2826 3369 2898 peccatis
3402 2823 3610 2881 nostris

2033 2919 2251 2980 obtulit.
2282 2932 2408 2973 cum
2450 2916 2569 2989 ipse
2596 2925 2744 2981 esset
2771 2917 2863 2973 ille
2906 2937 2925 2970 ι
2965 2919 3155 2991 Agnus
3186 2918 3278 2976 Dei
3320 2916 3415 2989 qui
3469 2916 3610 2971 tollit

2025 3016 2248 3082 peccata
2284 3008 2472 3064 mundi
2500 3010 2544 3042 "
2583 3029 2596 3064 :
2654 3028 2674 3062 ι
2702 3025 2814 3080 quo
2846 3009 3065 3081 quidem
3099 3010 3371 3067 sacriﬁcio
3391 3008 3610 3064 cunctis

2028 3100 2345 3156 hominibus
2373 3100 2679 3156 secundum
2707 3118 2850 3158 nova
2874 3102 3008 3158 Novi
3042 3100 3377 3159 Teatamenti
3413 3106 3613 3172 myste-

327 3190 502 3245 πάλιν
524 3193 554 3245 6
571 3190 732 3257 αὐτός
744 3209 900 3264 φησι,
926 3211 946 3245 ι
974 3191 1211 3247 Πιλᾶτον
1229 3191 1323 3247 τὸν
1340 3192 1607 3265 ἡγεμόνα,
1634 3211 1652 3244 ι
1678 3192 1840 3247 αὐτὸν
1858 3192 1923 3266 δὴ

2029 3191 2111 3246 ria
2137 3190 2361 3256 tradita,
2391 3206 2514 3262 qua:
2539 3189 2758 3249 Veteris
2782 3178 3007 3265 propria
3028 3200 3186 3249 erant
3208 3191 3425 3248 sublata
3458 3197 3608 3246 sunt.

325 3287 549 3339 ἐκεῖνον
603 3284 694 3338 τὸν
746 3284 839 3338 ἐπὶ
869 3283 965 3338 τοῦ
997 3285 1249 3357 Σωτῆρος
1270 3283 1450 3356 ήμῶν,
1475 3302 1496 3335 ι
1521 3283 1621 3347 τὰς
1646 3281 1923 3356 Καίσαρος

322 3376 554 3441 εἰκόνας
576 3377 793 3449 νύκτωρ
826 3378 906 3443 είς
920 3378 982 3431 τὸ
1001 3377 1315 3448 ίερὸν,ὄπερ
1328 3376 1427 3431 οὐκ
1444 3372 1515 3448 ἦν
1534 3375 1713 3448 θέμις,
1751 3376 1923 3429 είσκο-

331 3472 522 3543 μίσαι,
546 3471 807 3543 μεγίστην
832 3487 890 3524 τε
912 3471 1158 3544 ταραχήν
1175 3511 1191 3536 ,
1218 3469 1451 3542 θορύϐου
1475 3486 1536 3523 τε
1566 3469 1661 3523 καὶ
1681 3468 1923 3533 στάσεως

327 3563 709 3636 ἐμϐεϐλῆσθαι
752 3565 865 3628 τοῖς
898 3562 1193 3624 Ἰουδαίοις.
1226 3582 1245 3614 ›
1280 3560 1430 3615 Ᾱύτὰ
1457 3561 1522 3633 δὴ
1554 3560 1728 3615 ταῦτα
1757 3561 1853 3615 καὶ
1893 3562 1924 3613 6

324 3657 512 3712 1ιῡίλων
565 3657 977 3729 συμμαρτυρεῖ,
1018 3674 1038 3708 ι
1065 3655 1178 3719 Τὰς
1236 3654 1477 3727 σημαίας
1526 3655 1752 3725 φάσκων
1824 3652 1922 3717 τὰς

334 3748 625 3821 βασιλικὰς
647 3748 740 3801 τὸν
762 3746 991 3802 Πιλάτον
1016 3746 1233 3817 νύκτωρ
1261 3746 1319 3797 ἐν
1344 3743 1425 3815 τῷ
1460 3743 1592 3816 ίερῷ
1620 3741 1918 3807 ἀναθεῖναι,

330 3841 516 3913 ἀρχήν
544 3858 604 3894 τε
631 3839 872 3893 στάσεων
901 3838 995 3893 καὶ
1021 3836 1315 3909 συμφορῶν
1341 3834 1658 3906 ἐπαλλήλων
1686 3832 1746 3901 ἐξ
1778 3834 1925 3889 ἐκείι

331 3950 433 3986 νου
483 3934 593 3996 τοῖς
648 3931 922 3996 Ἰουδαίοις
965 3931 1282 4002 συμπεσεῖν.
1317 3947 1338 3981 ι
1364 3928 1438 3983 Οὐ
1521 3926 1763 3982 διέλιπον
1834 3926 1927 3985 οὖν

332 4026 527 4080 ἔκτοτε
572 4025 633 4078 τὸ
687 4026 796 4079 πᾶν
849 4023 1000 4088 ἔθνος
1052 4024 1148 4077 καὶ
1197 4022 1296 4094 τὴν
1358 4020 1689 4094 μητρόπολιν
1748 4023 1928 4077 αὐτῶν

335 4114 614 4170 παντοίων
669 4115 855 4170 κακῶν
922 4112 1332 4178 ἐπαναστάσεις·
1376 4112 1483 4177 ἕως
1534 4111 1627 4167 τοῦ
1694 4096 1928 4171 ὑστᾶτου

335 4210 462 4262 κατ’
504 4208 683 4263 αὐτῶν
724 4206 984 4279 πολέμου.
1028 4206 1123 4260 καὶ
1164 4205 1265 4277 τῆς
1301 4205 1537 4277 ἐσχάτης
1584 4208 1926 4281 πολιορκίας,

337 4300 465 4356 καθ’
500 4303 567 4373 ἢν
595 4300 871 4365 παντοίοις
899 4300 1263 4372 ἀφανισμοῖς,
1309 4298 1470 4370 λιμοῦ
1504 4319 1565 4356 τε
1608 4303 1702 4356 καὶ
1737 4300 1941 4372 λοιμοῦ,

340 4395 437 4448 καὶ
479 4394 775 4466 μαχαίρας,
804 4390 1247 4463 καταποντισμοῦ
1286 4391 1446 4464 δίκην
1471 4393 1565 4448 τοῦ
1592 4395 1713 4449 κατ’
1747 4392 1929 4446 αὐτῶν

336 4486 563 4559 ὀλέθρου
588 4485 1007 4560 συρρεύσαντος,
1041 4485 1242 4549 πάντες
1271 4485 1326 4540 οί
1357 4487 1797 4550 κατασυστάντες
1830 4484 1927 4539 τοῦ

340 4578 599 4650 Σωτῆρος
630 4576 801 4649 ήμῶν.
826 4575 1027 4648 ἡϐηδὸν
1051 4575 1429 4646 ἐξεκύπησαν·
1463 4579 1554 4633 ὅτε
1581 4579 1676 4633 καὶ
1708 4578 1770 4632 τὸ
1807 4575 1929 4647 βδέ-
1964 4586 2007 4641 ι)

336 4670 527 4745 λυγμα
563 4669 667 4740 τῆς
697 4668 1034 4741 ἐρημώσεως
1061 4668 1156 4722 ἐπὶ
1187 4669 1248 4723 τὸ
1284 4670 1429 4743 ἱερὸν
1468 4670 1621 4741 ἐστη,
1658 4669 1687 4724 6
1711 4668 1808 4724 καὶ⁵
1846 4670 1926 4732 είς

330 4762 516 4835 δεῦρο.
545 4762 843 4833 διέμεινεν,
896 4760 1170 4834 ὁσημέραι
1229 4764 1321 4816 ἐπὶ
1364 4763 1426 4817 τὸ
1465 4765 1648 4833 χεῖρον
1689 4761 1926 4834 ἐρημίας

334 4853 583 4910 δλαῦνον.
625 4854 787 4918 Εἰκὸς
807 4853 873 4907 δὲ
905 4854 1001 4908 καὶ
1041 4854 1328 4909 ἐπιτείνειν
1355 4854 1490 4908 αὐτὸ
1515 4854 1675 4926 μέχρι
1701 4854 1802 4925 τῆς
1830 4852 1923 4909 τοῦ

337 4946 461 5020 βίου
485 4946 815 5011 συντελείας,
844 4944 989 5000 κατὰ
1016 4946 1107 5000 τὸν
1140 4945 1247 5000 ὑπὸ
1281 4946 1383 5016 τῆς
1420 4946 1756 5020 προφητείας
1796 4947 1951 5012 diro-1,.

335 5038 764 5112 φανθέντα.δρον
783 5078 800 5105 ,
871 5038 1160 5111 φήσαντα·
1236 5057 1254 5090 ι
1289 5039 1425 5093 Καὶ.
1453 5037 1584 5102 ἕως.
1615 5038 1927 5103 συντελείας

338 5131 538 5203 καιροῦ
589 5130 867 5185 συντέλεια
925 5130 1212 5203 δοθήσεται
1267 5129 1486 5202 ἐπὶ-τὴν
1551 5131 1863 5202 ἐρήμωσιν·
1899 5151 1920 5184 ι

336 5225 534 5293 ἥντινα
579 5222 775 5294 φωνὴν.
814 5224 843 5277 6
887 5222 1081 5294 Σωτὴρ
1130 5221 1224 5277 καὶ
1261 5221 1466 5295 Κύριος
1519 5221 1674 5294 ήμῶν
1717 5220 1925 5295 Ἰησοῦς

338 5316 371 5368 6
394 5314 629 5388 Χριστὸς
672 5313 1117 5385 ἐπεσφραγίσατο
1145 5312 1313 5369 εἰπών
1332 5327 1346 5340 ⁸
1406 5312 1556 5376 ιῙὉτΪ
1594 5312 1660 5374 ἂν
1685 5313 1742 5376 δὲ
1778 5311 1925 5383 ἴδητε

338 5406 405 5461 τὸ
447 5405 721 5478 βδέλυγμα
758 5406 858 5476 τῆς
909 5401 1277 5477 ἐρημώσεως,
1308 5404 1370 5469 τρ
1412 5405 1574 5478 ῥηθὲν
1602 5404 1702 5465 διὰ
1728 5404 1926 5477 Δανιὴλ

341 5499 437 5554 τοῦ
464 5499 767 5572 προφήτου,
796 5496 968 5564 ἑστὼς
1002 5499 1062 5555 ἐν
1081 5496 1231 5568 τόπῳ
1260 5496 1420 5568 fuitp,
1454 5497 1575 5551 τότε
1603 5494 1923 5567 γινώσκετε,

340 5593 427 5648 ὅτι
468 5593 696 5665 ἤγγικεν
738 5593 774 5664 ἡ
816 5591 1097 5664 ἐρήμωσις
1139 5589 1329 5660 αὐτῆς.
1368 5608 1386 5640 ‹
1418 5590 1481 5643 Εἰ
1527 5588 1582 5642 δὲ
1620 5588 1923 5654 δυσπίστως

416 5771 481 5848 ⁸⁸-
504 5769 696 5829 Matth.
726 5787 864 5832 mu
886 5811 903 5842 ,
937 5768 1027 5830 58.
1087 5770 1131 5806 ἰ
1170 5767 1332 5828 Joan.
1366 5785 1421 5839 ι,
1446 5767 1541 5824 29.

2030 3282 2232 3340 Eodem
2255 3283 2403 3340 enim
2424 3291 2672 3356 tempore
2702 3294 2757 3342 et
2787 3285 3077 3341 oraculum
3107 3283 3246 3339 illud
3276 3282 3610 3353 completum

2029 3384 2112 3432 est
2146 3396 2159 3433 :
2199 3396 2218 3429 ι
2267 3375 2335 3435 Et
2388 3376 2739 3434 conﬁrmabit
2796 3384 3017 3449 pactum
3074 3375 3264 3431 multis
3311 3370 3613 3429 hebdomas

2031 3485 2163 3535 una,
2194 3479 2252 3526 et
2303 3487 2425 3543 qua:
2475 3472 2544 3527 ad
2575 3469 2742 3526 Vetus
2765 3466 3177 3526 Testamenttim
3209 3473 3458 3538 spectant
3481 3466 3605 3522 sub-

2031 3562 2143 3618 lata
2171 3573 2321 3621 sunt.
2358 3585 2378 3618 ι
2412 3565 2683 3621 Caeterum
2706 3562 2928 3635 quando
2963 3558 3186 3618 tandem
3231 3576 3356 3632 quae
3400 3560 3469 3615 ad
3502 3556 3616 3613 No-

2028 3671 2160 3713 vum
2219 3658 2492 3727 pertinent
2515 3655 2932 3712 Testamentum
2966 3663 3097 3712 sunt
3126 3652 3471 3716 conﬁrmata,
3503 3652 3611 3708 nisi

2033 3762 2159 3802 cum
2190 3745 2442 3802 Salvator
2471 3761 2535 3802 ac
2558 3744 2825 3801 Dominus
2860 3753 3049 3801 noster
3081 3758 3280 3815 magno
3312 3742 3409 3799 illo
3436 3743 3521 3800 sui
3544 3741 3613 3796 ad

2035 3851 2262 3894 mortem
2311 3854 2570 3895 accessus
2626 3838 2889 3911 mysterio
2934 3838 3248 3902 functurus,
3298 3851 3410 3908 qua
3455 3844 3616 3890 nocte

2034 3932 2378 3998 tradebatur,
2420 3933 2763 3989 occultarum
2815 3937 2873 3986 et
2899 3930 2969 3985 ad
3017 3929 3198 4000 ipsum
3247 3928 3612 4000 spectantium

2035 4023 2171 4078 Novi
2214 4023 2549 4079 Testameuti
2580 4024 2856 4077 rationum
2890 4020 3046 4092 signa
3078 4028 3134 4076 et
3164 4027 3324 4075 notas
3368 4019 3488 4076 suis
3529 4017 3613 4074 di-

2036 4116 2264 4186 scipulis
2300 4114 2562 4171 tradidit?
2592 4115 2783 4171 eodem
2817 4113 2967 4167 enim
2998 4122 3243 4181 tempore
3268 4118 3325 4165 et
3355 4110 3470 4166 haec
3496 4124 3617 4182 νοτε

2038 4208 2175 4264 lecta
2205 4214 2358 4270 sunt,
2402 4214 2457 4263 et
2491 4222 2521 4261 a
2555 4206 2705 4263 Mose
2734 4204 3073 4275 descriptum
3106 4201 3273 4259 Vetus
3303 4200 3621 4259 Testamen-

2037 4311 2149 4353 tum
2179 4300 2454 4355 sublatum
2497 4308 2599 4362 est,
2630 4313 2795 4370 quam
2845 4314 2961 4354 rem
2991 4298 3153 4369 plane
3182 4295 3483 4352 declaravit
3524 4308 3616 4350 vc-

2035 4392 2145 4445 lum
2181 4392 2364 4461 templi
2387 4391 2530 4463 quod
2553 4406 2650 4462 per
2677 4391 2822 4447 idem
2847 4399 3062 4461 tempus
3087 4388 3322 4450 scissum
3343 4395 3449 4444 est.
3471 4385 3617 4445 Sub-

2036 4484 2148 4538 lato
2200 4482 2367 4554 igitur
2400 4499 2468 4539 ex
2517 4484 2612 4539 illo
2644 4483 2928 4556 deinceps.
2957 4492 3023 4542 ch
3045 4499 3161 4542 non
3184 4483 3368 4538 minus
3398 4495 3460 4537 re
3488 4494 3613 4537 vera

2037 4591 2200 4646 quam
2233 4577 2285 4630 vi
2310 4616 2325 4637 ,
2364 4577 2547 4632 soluto
2589 4577 2964 4636 sacriﬁcioac
2991 4576 3273 4640 lihatione.
3309 4590 3433 4647 qua:
3457 4580 3615 4645 post-

2036 4667 2139 4721 hac
2190 4668 2650 4729 existimahanlur
2704 4670 2816 4726 illic
2877 4669 3064 4741 perﬁci
3127 4668 3446 4732 sacriﬁcia,
3497 4665 3618 4722 sine

2033 4758 2229 4830 gratia,
2262 4759 2647 4821 rebussacris.
2667 4761 2844 4817 aliena
2866 4802 2880 4826 ,
2914 4762 2969 4816 in
3005 4761 3236 4833 profano
3269 4760 3391 4816 loco
3421 4772 3452 4814 a
3489 4772 3617 4829 pro-

2032 4849 2179 4911 fanis
2206 4858 2261 4907 et
2281 4867 2312 4906 a
2346 4868 2407 4909 re
2445 4868 2603 4910 sacra
2631 4853 2828 4909 alienis
2858 4852 3306 4924 perﬁciebautur.
3343 4851 3614 4910 Cazterum

2033 4939 2119 4996 his
2147 4939 2216 4995 de
2265 4942 2430 4999 rebus
2473 4943 2637 4998 etiam
2692 4942 2912 5014 Josephi
2962 4940 3339 4999 testimonium
3372 4940 3560 5011 accipe
3592 4957 3613 4994 ι

2037 5052 2056 5084 ι
2094 5032 2215 5104 Ipso
2269 5043 2451 5093 autem
2499 5037 2587 5092 die
2620 5036 2976 5093 Peutecostes
3019 5044 3185 5094 noctu
3216 5035 3530 5107 sacerdotes
3557 5035 3613 5090 iu

2034 5130 2587 5202 templumiugressi,
2623 5132 2765 5186 sicut
2811 5131 2894 5187 eis
2939 5145 3060 5188 mos
3089 5136 3233 5195 erat,
3262 5130 3331 5185 ad
3383 5144 3612 5185 munera

2031 5219 2305 5289 obeunda,
2327 5223 2560 5293 primum
2582 5223 2801 5294 quidem
2833 5238 2893 5280 se
2920 5230 3129 5280 motum
3153 5222 3446 5294 quemdam
3474 5228 3617 5280 stre—

2033 5311 2317 5383 pitumque
2361 5313 2604 5369 sensisse
2650 5314 2928 5377 dixerunt,
2966 5312 3163 5370 deinde
3213 5326 3343 5368 vero
3374 5310 3612 5367 subitam

2034 5418 2222 5459 vocem
2265 5406 2465 5463 crebro
2504 5414 2868 5477 repetentem,
2906 5405 3195 5479 Migrenms
3235 5404 3376 5459 hinc.
3429 5423 3450 5456 ι
3486 5400 3617 5459 nam

2031 5504 2214 5554 autem
2244 5497 2336 5555 ille
2383 5498 2576 5555 scribit
2616 5498 2761 5554 facta
2793 5516 2917 5557 esse
2942 5508 3068 5571 post
3092 5496 3404 5557 Salvatoris
3434 5502 3609 5552 nostra

1988 5620 1995 5629 ο
2035 5599 2285 5647 mortem.
2313 5589 2530 5648 Rursus
2562 5590 2705 5649 idem
2725 5593 2799 5648 ait
2824 5613 2835 5648 :
2859 5612 2876 5646 ι
2906 5590 3141 5650 Pilatum
3170 5590 3513 5664 praesidem,»
3541 5588 3620 5663 ip-
