4110 6410
574 347 675 407 651

575 488 699 527 sum
732 471 921 541 utique
942 470 1092 526 illum
1110 471 1205 542 qui
1229 481 1474 543 tempore
1495 472 1800 529 Salvatoris
1820 474 1994 529 nostri
2019 488 2169 563 praef
2186 506 2231 564 Δ

574 561 700 627 fuit,
732 579 752 614 ι
776 569 940 617 noctu
957 562 1011 616 in
1036 563 1291 633 templum
1321 572 1511 618 contra
1527 563 1610 619 Fas
1638 565 1904 635 imagines
1923 557 2169 622 Caesaris.

575 654 850 720 intulisse,
873 654 1034 728 403
1058 671 1423 726 magnamque
1446 658 1909 728 perturbationem
1930 659 2156 714 seditio-

575 746 661 802 nis
706 758 868 817 atque
894 748 1162 803 tumultus
1190 745 1396 803 Judaeis
1429 747 1711 819 injeeisse.
1745 768 1764 802 ι
1799 748 2001 805 Eadem
2041 750 2156 821 hare

572 839 736 893 etiam
786 839 945 897 Philo
987 840 1300 904 confirmat,
1336 842 1429 912 qui
1479 845 1555 896 ait
1590 861 1604 898 :
1655 841 1855 915 Regias
1891 845 2155 915 imagines

574 930 811 988 Pilatum
843 942 1016 989 noctu
1048 934 1102 988 in
1146 935 1350 1005 templo
1384 935 1621 999 dicasse,
1648 935 1975 1005 initiumque
2002 937 2153 993 sedi-

572 1025 781 1081 tionum
827 1033 1228 1084 etmutnarum
1286 1030 1427 1083 inter
1478 1028 1629 1100 ipsos
1661 1030 2055 1096 calamitatum,
2083 1047 2152 1086 ex

571 1117 666 1173 lllo
696 1115 900 1174 Iudaeis
931 1118 1223 1176 accidisse.
1258 1118 1377 1173 Non
1414 1118 1699 1174 desierunt
1749 1134 1879 1191 ergo
1925 1121 2153 1193 posthac

567 1222 691 1279 quae
714 1208 1024 1264 universam
1054 1217 1267 1280 gentem
1297 1208 1723 1279 eorumdemque
1743 1212 2041 1282 principem
2072 1213 2150 1266 cio

569 1301 793 1357 vitalem
843 1302 1167 1357 invaderent
1202 1303 1382 1358 omnis
1415 1303 1634 1374 generis
1665 1304 1830 1366 mala,
1866 1320 2039 1374 usque
2080 1305 2149 1360 ad

575 1390 829 1446 ultimum
866 1391 998 1447 illud
1024 1392 1169 1462 quod
1202 1402 1392 1446 contra
1424 1391 1547 1447 illos
1571 1400 1780 1462 gestum
1808 1402 1894 1447 est
1922 1393 2144 1454 bellum,

567 1489 980 1551 extremamque
995 1481 1141 1535 illam
1156 1481 1515 1543 obsidionem,
1533 1483 1585 1535 in
1607 1498 1712 1552 qua
1727 1482 1906 1539 omnis
1929 1482 2145 1552 generis

567 1571 1040 1627 internecionibus
1064 1612 1079 1636 ,
1115 1583 1169 1628 et
1202 1571 1361 1630 famis
1406 1583 1460 1628 et
1501 1575 1847 1646 pestilentiae,
1871 1581 1925 1629 et
1957 1574 2142 1643 gladii,

566 1679 689 1717 cum
713 1664 983 1736 pernicies
1005 1665 1269 1721 adversus
1285 1681 1380 1721 eos
1394 1666 1585 1721 diluvii
1604 1666 1778 1722 instar
1811 1665 2139 1728 conﬂueret,

565 1770 759 1811 omnes
776 1758 1088 1828 quicunque
1099 1757 1363 1815 adversus
1378 1757 1715 1813 Salvatorem
1743 1768 1988 1813 nostrum
2008 1774 2141 1812 con-

1219 350 1488 409 EUSEBII
1523 351 2010 411 CESARIENSIS
2046 354 2201 409 OPP.
2245 353 2430 410 PARS
2469 353 2532 411 11.
2565 387 2635 397 --
2671 353 3174 415 APOLOCETICA.

3735 356 3838 413 ϐδὲ

2260 473 2399 546 πρὸς
2424 473 2599 528 ταῦτα
2620 473 2793 545 ἔχοιεν
2814 474 2865 527 οἱ
2894 476 2958 529 ἐκ
2985 474 3304 546 περιτομῆς,
3333 470 3619 541 ἐλεγκτέον
3642 470 3833 534 αὐτοὺς

2264 566 2338 637 μὴ
2378 565 2538 637 μόνον
2565 566 2798 630 ἀναιδῶς
2836 566 2974 639 πρὸς
3007 565 3075 619 τὰ
3105 565 3281 638 ἁληθῆ
3318 564 3414 620 καὶ
3449 563 3656 636 ἐναργῆ
3691 563 3836 618 ἱστα·

2260 656 2491 729 μένους,
2541 657 2678 712 ἀλλὰ
2723 659 2819 712 καὶ
2868 656 2970 722 τὰς
3017 658 3352 731 προρρήσεις
3388 656 3464 719 ὠς
3485 655 3737 727 ψευδεῖς.
3776 654 3835 710 τὸ

2255 750 2378 803 ὅσον
2426 749 2514 803 ἐπ’
2560 750 2776 814 αὐτοῖς,
2838 747 3220 813 διαϐάλλοντας
3242 788 3258 813 ,
3321 749 3436 817 εῐγε
3483 747 3541 801 αἱ
3600 748 3700 818 μὲν
3756 747 3834 812 εἰς

2255 841 2623 914 ἐϐδομήκοντα
2663 842 2959 914 ἑϐδομάδας
2984 841 3119 897 ἐτῶν
3141 841 3234 896 τὸν
3264 841 3441 895 πάντα
3463 837 3835 912 περιοριζουσι

2253 934 2464 1006 χρόνον,
2496 932 2565 989 τὰ
2592 936 2651 987 ἐν
2681 934 2760 1006 τῷ
2792 934 2996 1005 μεταξὺ
3036 932 3425 1006 συμϐησόμενα
3458 929 3830 997 θεσπίζουσαν

2253 1027 2310 1081 αἱ
2351 1026 2429 1089 δὲ,
2472 1026 2786 1098 σχεδὸνςήδη
2820 1023 3091 1097 χιλιοστοῦ
3138 1024 3291 1090 ετους
3332 1021 3440 1077 ἀπὸ
3480 1022 3583 1093 τῆς
3619 1037 3833 1094 προφη-

2251 1117 2400 1181 τείας
2441 1117 2538 1172 καὶ
2573 1118 2654 1180 εἰς
2683 1118 2833 1189 ἡμᾶς
2872 1115 3212 1180 ἐλαύνοντος,
3256 1114 3409 1169 οὐδὲν
3441 1112 3549 1167 τῶν
3581 1127 3833 1183 γεγραμ-

2254 1206 2430 1276 μένων
2461 1207 2681 1277 γεγονὸς
2714 1205 3137 1270 ἐπιδείκνυνται,
3169 1205 3345 1259 καίτοι
3365 1201 3833 1276 ἐξολοθρευθέντθς

2248 1298 2427 1352 αὐτῶν
2475 1298 2568 1353 τοῦ
2607 1299 2941 1370 χρίσματος,
2983 1295 3127 1351 κατὰ
3175 1295 3272 1369 τὴν
3315 1295 3463 1351 θείαν
3505 1290 3828 1366 πρόρρησιν,

2250 1388 2344 1442 καὶ
2365 1387 2458 1441 τοῦ
2488 1388 2831 1459 ἁγιάσματος
2868 1386 3067 1452 αὐτῶν,
3095 1387 3191 1440 καὶ
3234 1385 3340 1439 τῶν
3367 1384 3495 1455 πρὶν
3529 1382 3831 1454 οἰκητόρων

2246 1480 2653 1551 διαφθαρέντων
2701 1481 2797 1535 καὶ
2834 1479 3175 1534 ἐκκοπέντων
3210 1481 3267 1531 ἐν
3309 1474 3685 1546 κατακλυσμῷ
3732 1493 3829 1529 πο-

2246 1572 2413 1643 λέμου
2444 1590 2713 1645 συντετμη
2724 1572 2883 1644 μένου
2913 1574 3258 1643 ἀφανισμοῖς,
3287 1571 3378 1625 καὶ
3404 1570 3498 1627 τοῦ
3523 1586 3588 1637 γε
3616 1569 3827 1623 πάντων

2246 1664 2680 1736 παραδοξοτάτου
2732 1664 2898 1718 εἰσέτι
2948 1662 3042 1717 νῦν
3094 1661 3282 1717 αὐτόθι
3331 1660 3641 1735 ὁρωμένου*
3690 1659 3828 1728 λέγω

2244 1754 2307 1827 δὴ
2337 1755 2431 1809 τοῦ
2463 1755 2827 1827 βδελύγματος
2862 1756 2960 1826 τῆς
3000 1753 3334 1827 ἐρημώσεως
3363 1754 3441 1815 εἰς
3469 1750 3630 1822 δεῦρο
3663 1749 3827 1803 ἑστῶ-

566 1846 927 1915 spiraverant,
958 1849 1338 1920 cujuscunque
1357 1850 1755 1914 essentmtatis,
1779 1850 1945 1906 excisi
1972 1860 2098 1904 sunt
2124 1870 2135 1911 ς

2244 1863 2334 1911 τος
2362 1849 2419 1905 ἐν
2449 1846 2527 1918 τῷ
2557 1848 2685 1920 πρὶν
2717 1848 2859 1919 ἁγιῳ
2882 1847 3060 1919 τόπῳ,
3092 1846 3223 1918 περὶ⁵
3244 1841 3305 1901 οὗ
3335 1845 3431 1899 καὶ
3457 1846 3487 1899 ό
3513 1842 3707 1916 Σωτὴρ
3736 1840 3827 1896 καὶ

562 1952 672 2009 quo
696 1952 829 1995 sane
853 1947 1096 2010 tempore
1119 1942 1283 1996 etiam
1313 1941 1671 1998 desolationis
1688 1942 1833 1997 illius
1858 1943 2139 1997 abomina—

560 2031 639 2086 tio
661 2030 714 2085 in
748 2032 951 2102 templo
971 2033 1278 2096 constituit,
1299 2051 1419 2104 qure
1454 2035 1673 2105 quidem
1699 2034 1765 2089 ad
1790 2035 1936 2089 hunc
1968 2050 2139 2104 usque

562 2121 705 2179 diem
741 2125 1042 2194 permansit
1083 2125 1313 2195 singulis
1341 2126 1535 2181 diebus
1568 2126 1623 2181 in
1653 2124 1979 2181 deteriorem
2007 2125 2139 2180 soli-

561 2216 807 2273 tudinem
836 2232 1123 2274 corruens.
1171 2218 1280 2272 Par
1314 2226 1497 2273 autem
1530 2229 1616 2273 est
1645 2232 1766 2273 eam
1815 2217 2000 2273 itidem
2043 2234 2135 2274 us~

559 2324 666 2378 que
713 2307 777 2361 ad
826 2308 952 2363 vita:
1002 2310 1530 2365 consummationem
1586 2309 1929 2372 duraturam,
1978 2309 2134 2379 juxta

556 2398 851 2461 terminum
879 2415 1041 2483 quem
1074 2400 1364 2470 prophetia
1397 2401 1754 2463 indicaverat,
1778 2400 1885 2455 illis
1910 2400 2130 2456 verbis:

560 2507 582 2547 ι
620 2489 683 2550 εει
712 2507 885 2561 usque
914 2492 980 2545 ad
1016 2493 1548 2549 consummationem
1583 2493 1847 2563 temporis
1871 2508 2135 2547 consum-

554 2581 724 2638 matio
753 2581 975 2637 dabitur
1013 2583 1067 2637 in
1118 2582 1495 2649 solitudinem,
1534 2602 1553 2636 ι
1587 2598 1751 2653 quam
1783 2597 1972 2639 vocem
2012 2582 2134 2638 Sai-

550 2681 712 2729 vator
738 2688 804 2729 ac
846 2673 1110 2731 Dominus
1142 2681 1329 2731 noster
1372 2673 1534 2731 Jesus
1564 2675 1818 2731 Christus
1846 2675 2004 2746 quasi
2051 2675 2130 2731 si-

550 2781 659 2838 gno
715 2766 983 2837 impresso
1032 2766 1377 2821 conﬁrmavit
1431 2767 1623 2824 dicens
1660 2786 1674 2821 :
1713 2785 1733 2819 ι
1772 2752 1913 2822 Cum
1946 2774 2127 2821 autem

555 2857 798 2914 videritis
826 2858 1292 2915 abominationem
1317 2844 1696 2925 desolationis,
1722 2875 1845 2929 qua:
1874 2858 2022 2914 dicta
2045 2865 2130 2914 est

550 2967 648 3021 per
679 2950 954 3006 Danielem
991 2951 1309 3021 prophetam
1350 2959 1586 3006 stantem
1627 2951 1681 3005 in
1731 2952 1852 3007 loco
1884 2961 2077 3007 saneto
2109 2969 2123 3004 :

548 3050 680 3096 tunc
702 3042 897 3097 scitote
919 3041 1065 3111 quod
1091 3041 1553 3111 appropinquavit
1574 3040 1843 3096 desolatio
1866 3041 1985 3111 ejus
2008 3042 2074 3095 ".
2101 3060 2119 3095 ι

548 3133 704 3201 Quod
735 3136 779 3189 si
808 3132 980 3190 Judaei
1012 3150 1119 3189 non
1146 3134 1369 3189 credere
1397 3150 1456 3190 se
1481 3133 1586 3190 ista
1616 3133 2004 3203 respondeant,
2035 3149 2126 3187 ar-

546 3226 745 3297 guendi
793 3235 921 3282 sunt
958 3235 1217 3296 tanquam
1250 3226 1308 3289 ii,
1339 3224 1432 3296 qui
1472 3239 1582 3279 non
1615 3227 1790 3281 solum
1838 3227 2125 3298 impuden-
2153 3214 2194 3272 C

548 3326 635 3373 ter
674 3319 839 3380 rebus
869 3320 1012 3375 veris
1040 3334 1104 3373 ac
1128 3316 1436 3376 manifestis
1466 3327 1792 3390 repugnent,
1827 3319 1924 3375 sed
1951 3320 2117 3375 etiam

542 3410 801 3466 vaticinia
834 3426 933 3471 sua
958 3418 1017 3469 ut
1041 3409 1198 3476 falsa,
1224 3421 1489 3481 quantum
1517 3412 1569 3465 in
1598 3412 1733 3481 ipsis
1755 3418 1860 3477 est,
1910 3412 2122 3467 calum-

544 3504 786 3564 nientur,
840 3501 888 3558 si
934 3504 1024 3563 illa
1066 3503 1287 3573 quidem
1318 3504 1372 3557 in
1403 3519 1507 3557 Lxx
1527 3519 1793 3557 annorum
1824 3504 2121 3558 hebdoma-

542 3596 642 3657 das
681 3597 997 3653 universum
1031 3605 1243 3667 tempus
1290 3596 1600 3657 includunt,
1631 3595 1760 3650 dum
1796 3610 1917 3665 quae
1952 3594 2119 3650 inter-

540 3688 727 3750 medio
755 3696 1001 3758 tempore
1045 3696 1307 3743 eventura
1358 3696 1488 3743 sunt
1523 3688 1818 3743 divinant:
1849 3688 1950 3757 ipsi
1993 3703 2123 3742 vero

544 3794 671 3839 eum
699 3780 810 3852 jam
839 3781 910 3835 ab
941 3780 1058 3851 ipsa
1079 3780 1363 3851 prophetia
1389 3795 1563 3850 usque
1584 3779 1650 3833 ad
1674 3794 1777 3835 nos
1807 3794 1976 3851 prope
2003 3779 2124 3833 mil-

539 3871 767 3929 lesimus
792 3880 987 3943 agatur
1005 3886 1206 3934 annus,
1238 3871 1374 3925 nihil
1400 3888 1590 3927 eorum
1623 3888 1745 3941 qua:
1769 3872 1973 3942 scripta
1996 3882 2123 3926 sunt

539 3964 744 4021 factum
768 3980 889 4021 esse
922 3965 1325 4030 demonstrant,
1364 3966 1584 4020 tametsi
1629 3966 1873 4035 ipsorum
1911 3965 2120 4029 unctio,

534 4064 599 4113 ut
659 4057 903 4113 divinum
960 4057 1287 4129 praedixerat
1336 4058 1644 4119 oraculum,
1687 4056 1864 4111 deleta
1922 4066 2027 4119 est,
2070 4066 2124 4112 et

2242 1938 2447 2011 Κύριος
2481 1937 2639 2009 ἡμῶν
2664 1938 2763 2002 τὰς
2798 1937 3115 2003 ἐκτεθείσας
3159 1937 3441 2010 προήκατο
3482 1935 3688 2003 φωνάς.
3728 1928 3827 1991 Ὧν

2242 2029 2427 2101 σαφῶς
2466 2030 2563 2083 ὑπ’
2604 2029 2906 2102 ὀφθαλμοῖς
2961 2028 3252 2101 ὁρωμένων
3313 2030 3443 2100 ἡμῖν
3490 2026 3659 2080 εἰσέτι
3708 2024 3822 2089 νῦν,

2240 2122 2518 2193 θαυμάσαι
2546 2122 2663 2175 ἐστι
2697 2123 2827 2187 τοὺς
2859 2125 2923 2176 ἐκ
2965 2121 3301 2193 περιτομῆς,
3333 2120 3432 2192 οὐχ
3462 2118 3637 2182 οὕτως
3679 2118 3825 2172 ἀντι·

2240 2214 2459 2268 ϐλέπειν
2492 2217 2605 2279 τοῖς
2627 2216 2879 2286 ἐναργέσι
2906 2213 3241 2286 τολμῶντας,
3270 2214 3393 2267 ὅσον
3419 2211 3824 2276 ἁϐλεπτοῦντας

2237 2311 2332 2363 καὶ
2367 2308 2466 2380 τὴν
2503 2308 2741 2363 διάνοιαν
2798 2306 3238 2378 ἐσκοτωμένους,
3291 2304 3427 2376 πρὸς
3459 2303 3520 2358 τὸ
3570 2303 3650 2375 μὴ
3690 2304 3823 2375 ὁρᾷν

2236 2402 2301 2455 τὰ
2338 2400 2481 2455 οὓτω
2526 2400 2675 2471 σαφῆ
2713 2400 2807 2454 καὶ
2843 2399 3047 2471 ἐναργῆ
3087 2398 3196 2452 τῶν
3231 2397 3391 2450 θείων
3420 2395 3656 2469 Γραφῶν
3691 2395 3824 2449 ἀπο-

2231 2493 2568 2565 τελέσματα’
2620 2492 2648 2546 ὃ
2693 2493 2789 2545 καὶ⁸
2836 2490 3136 2545 πεπόνθασι
3183 2488 3325 2544 κατὰ
3364 2487 3461 2559 τὴν
3511 2490 3593 2551 εἰς
3622 2486 3821 2550 αὐτοὺς

2236 2584 2612 2658 πληρωθεῖσαν
2646 2586 2750 2638 κὰν
2788 2583 2963 2655 τούτῳ
3001 2581 3095 2637 τοῦ
3134 2581 3356 2636 Ἡσαΐου
3406 2580 3612 2651 φωνὴν,
3647 2578 3713 2632 δι’
3754 2573 3821 2651 ἧς

2232 2677 2517 2732 ἐθέσπισεν
2555 2678 2758 2741 αὐτοῖς,
2806 2676 3004 2732 εἰπών·
3053 2677 3246 2747 (Ἀκοῇ
3291 2671 3593 2736 ἀκούσετε,
3629 2672 3726 2726 καὶ
3757 2673 3818 2726 οὐ

2234 2769 2310 2842 μὴ
2341 2769 2561 2841 συνῆτε,
2587 2771 2682 2824 καὶ
2715 2769 3003 2840 βλέποντες
3030 2767 3276 2838 βλέψετε,
3306 2766 3401 2819 καὶ
3438 2766 3497 2818 οὐ
3530 2765 3608 2838 μὴ
3639 2765 3814 2836 ἴδητεσ

2229 2860 2508 2933 ἐπαχύνθη
2545 2860 2655 2933 γὰρ
2694 2863 2728 2932 ἡ
2760 2859 2957 2932 καρδία
2997 2857 3092 2912 τοῦ
3122 2858 3254 2912 λαοῦ
3294 2858 3483 2912 τούτου
3506 2874 3518 2887 ·
3568 2857 3664 2910 καὶ
3709 2858 3816 2919 τοῖς

2228 2954 2364 3008 ὠσὶν
2417 2953 2597 3007 αὐτῶν
2642 2953 2854 3025 βαρέως
2899 2954 3157 3024 ἥκουσαν,
3199 2951 3293 3005 καὶ
3336 2951 3463 3015 τοὺς
3502 2948 3814 3018 ὀφθαλμοὺς

2227 3045 2407 3101 αὐτῶν
2457 3045 2813 3117 ἐκάμμυσαν,
2865 3047 3075 3117 μήποτε
3125 3043 3275 3097 ἴδωσι
3328 3046 3439 3106 τοῖς
3490 3040 3811 3113 ὀφθαλμοῖς.

2228 3139 2322 3194 καὶ
2349 3138 2482 3193 ὠσὶν
2508 3138 2807 3204 ἀκούσωσι,
2834 3139 2928 3193 καὶ
2962 3140 3028 3210 τῇ
3061 3136 3260 3209 καρδίᾳ⁸
3290 3135 3513 3199 συνῶσι,
3554 3136 3651 3188 καὶ
3685 3136 3811 3190 ἔπι-

2229 3228 2524 3301 στρέψωσι,
2578 3229 2674 3283 καὶ
2721 3229 2957 3299 ἰάσωμαι
3010 3224 3230 3290 αῗδτούς.
3280 3246 3298 3278 ι
3366 3224 3505 3279 Ἀλλ’
3549 3225 3674 3278 ἐπεὶ
3720 3225 3812 3279 καὶ

2227 3324 2356 3395 περὶ
2385 3321 2491 3376 τῶν
2536 3320 2975 3375 πεπιστευκότων
3018 3319 3188 3373 ἐθνῶν
3220 3321 3301 3383 εἰς
3334 3317 3424 3372 τὸν
3456 3315 3693 3390 Χριστὸν
3716 3314 3810 3371 τοῦ

2227 3412 2360 3468 Θεοῦ
2406 3413 2574 3469 πάλαι
2612 3412 2877 3485 πρότερον
2919 3411 3127 3485 εἴρητο·
3183 3430 3203 3462 ι
3239 3406 3334 3476 Οἷς
3387 3410 3487 3464 οὐκ
3528 3409 3809 3482 ἀνηγγέλη

2228 3505 2359 3576 περὶ
2414 3503 2581 3558 αὐτοῦ
2606 3544 2621 3568 ,
2672 3502 2925 3572 ὄψονται,
2980 3504 3073 3556 κα)⁸
3116 3503 3165 3555 οἳ
3209 3502 3308 3555 οὐκ
3348 3500 3639 3571 ἀκηκόασι,
3687 3517 3811 3552 συν-

2226 3600 2440 3669 ήσουσι,
2471 3601 2536 3670 τῇ
2572 3597 2737 3651 αὐτοῦ
2766 3599 2949 3671 χάριτι
2975 3598 3069 3655 καὶ
3083 3600 3148 3669 τῇ
3175 3596 3270 3649 τοῦ
3295 3595 3612 3666 πέμψαντος
3648 3593 3810 3647 αὑτὸν

2222 3693 2495 3764 Πατέρος,
2525 3712 2544 3743 ι
2580 3694 2742 3762 ἡμεῖς
2769 3709 2827 3745 τε
2862 3690 3005 3751 κατὰ
3031 3691 3091 3746 τὸ
3114 3689 3336 3744 δυνατὸν
3367 3691 3435 3743 τὰ
3456 3689 3695 3758 φανέντα
3729 3688 3811 3750 εἰς

2221 3785 2346 3848 τοὺς
2376 3785 2574 3848 τόπους
2608 3785 2930 3856 εἰρήκαμεν,
2962 3784 3056 3842 καὶ
3082 3782 3152 3836 τὰ
3179 3781 3256 3853 τῷ
3292 3781 3398 3852 πρὸ
3425 3780 3583 3852 ἡμῶν
3621 3780 3810 3851 Ἀφρι-

2223 3875 2370 3947 κανῷ
2413 3876 2771 3947 εὐγνωμόνως
2813 3876 3038 3943 δόξαντα
3089 3872 3518 3946 παρεθήκαμεν,
3570 3862 3809 3942 ἐχόμενα

2221 3967 2315 4021 καὶ
2372 3966 2514 4021 αὐτὰ
2561 3965 2845 4038 ἀκριϐείας
2871 3983 2884 3996 ⁸
2943 3966 3065 4019 ὅθεν
3116 3965 3213 4019 καί
3259 3966 3445 4028 αὐτοῖς
3492 3962 3567 4027 ὠς
3623 3962 3805 4027 καλῶς

2221 4056 2402 4128 ἔχουσι
2439 4058 2724 4130 χρηστέον.

537 4162 788 4208 sanctum
819 4154 1135 4209 eorumdem
1161 4168 1270 4207 una
1292 4169 1417 4207 cum
1445 4130 1724 4224 prioribus
1787 4152 1986 4208 incolis
2041 4152 2400 4224 disperditum
2432 4164 2595 4225 atque.
2628 4155 2874 4210 excisura
2915 4154 2972 4209 in
3009 4152 3217 4209 diluvio
3246 4152 3373 4210 belli
3409 4151 3679 4208 contracti
3718 4152 3806 4207 iu-

531 4230 966 4313 ternecionibus,
989 4254 1044 4308 et
1072 4246 1127 4301 in
1150 4261 1217 4302 eo
1243 4247 1365 4302 loco
1391 4247 1570 4302 adhuc
1589 4248 1858 4311 cernitur,
1885 4246 1938 4304 id
1968 4248 2113 4317 quod
2173 4247 2418 4302 omnium
2483 4249 2899 4303 admirationem
2932 4256 3154 4319 superat
3178 4268 3191 4307 :
3219 4249 3345 4305 dico
3376 4257 3558 4305 autem
3592 4250 3805 4305 abomi-

533 4338 811 4395 nationem
830 4339 1185 4397 desolationis
1206 4338 1386 4397 adhuc
1408 4346 1555 4395 stare
1579 4354 1645 4394 eo
1671 4339 1727 4393 in
1754 4339 1875 4394 loco
1902 4339 1997 4409 qui
2027 4346 2187 4395 antea
2209 4348 2437 4395 sanctus
2456 4348 2595 4408 erat,
2615 4357 2724 4411 qua
2753 4342 2820 4397 de
2835 4356 2896 4397 re
2915 4342 3082 4397 etiam
3136 4340 3388 4399 Salvator
3413 4358 3478 4398 ac
3533 4342 3801 4398 Dominus

534 4439 724 4486 noster
759 4430 1006 4502 exposita
1054 4446 1230 4502 nuper
1287 4431 1451 4487 verba
1497 4431 1825 4486 enuntiavit.
1855 4430 1987 4499 Qum
2015 4432 2234 4502 quidem
2263 4448 2352 4488 res
2375 4448 2499 4487 cum
2560 4433 2879 4502 planissime
2911 4435 3015 4490 sub
3043 4437 3236 4494 oculos
3260 4438 3416 4494 nobis
3470 4436 3636 4511 404
3664 4440 3801 4493 sub-

528 4525 687 4597 jectae
708 4525 840 4589 sint,
869 4532 1033 4595 atque
1062 4525 1226 4581 etiam
1255 4541 1403 4581 nunc
1428 4533 1743 4591 cernantur,
1772 4523 1991 4580 Iudaeos
2018 4524 2280 4579 admirari
2304 4540 2484 4595 opem
2514 4527 2749 4595 pretium
2777 4535 2882 4592 est,
2917 4544 3027 4584 non
3061 4539 3169 4585 tam
3229 4532 3378 4601 quod
3441 4532 3706 4588 adversus
3735 4549 3800 4589 ea

532 4638 656 4695 qua:
675 4623 750 4677 ita
767 4621 1056 4693 perspicua
1075 4629 1205 4677 sunt
1226 4621 1506 4679 intendere
1531 4622 1721 4677 oculos
1741 4623 1999 4686 audeant,
2052 4637 2215 4694 quam
2247 4623 2394 4694 quod
2451 4623 2528 4677 ita
2550 4624 2805 4695 caligent,
2842 4642 3142 4701 eorumque
3179 4645 3336 4686 mens
3374 4630 3449 4685 ita
3491 4630 3802 4686 involvatur

532 4717 796 4782 tenebris,
824 4725 885 4773 ut
912 4732 1021 4773 non
1052 4717 1273 4774 videant
1301 4735 1387 4782 ea,
1412 4734 1530 4789 qua:
1556 4729 1665 4775 tam
1694 4720 1842 4773 clara
1870 4729 2092 4791 tamque
2127 4720 2399 4776 evidentia
2429 4729 2559 4776 sunt
2608 4721 2916 4777 divinarum
2975 4722 3389 4795 Seripturarum
3415 4738 3628 4793 eventa,
3650 4726 3798 4799 quod

530 4813 753 4886 quidem
802 4813 884 4869 eis
932 4814 1232 4870 secundum
1278 4814 1427 4869 illam
1461 4813 1615 4870 Isaia:
1645 4829 1859 4882 vocem,
1888 4830 2011 4885 qua:
2050 4814 2105 4868 in
2143 4816 2247 4869 hoc
2268 4829 2487 4885 quoque
2515 4815 2781 4872 adversus
2811 4817 2934 4872 illos
2988 4818 3257 4888 completa
3318 4831 3424 4881 est,
3452 4820 3673 4885 accidit,
3700 4821 3795 4879 ubi

531 4908 704 4962 utitur
742 4907 849 4963 illis
875 4907 1056 4963 verbis
1090 4926 1103 4959 :
1143 4926 1160 4960 ι
1202 4906 1408 4962 Auditu
1437 4905 1707 4971 audietis,
1740 4916 1793 4962 et
1862 4923 1971 4964 non
2012 4907 2325 4979 intelligetis
2361 4926 2374 4962 :
2408 4914 2463 4963 et
2498 4907 2773 4965 intuentes
2842 4909 3212 4972 intuebimini.
3260 4918 3315 4966 et
3345 4926 3455 4979 non
3499 4911 3794 4977 videbitis,

527 5018 780 5061 crassum
813 5004 961 5061 enim
994 5003 1198 5060 factum
1228 5014 1313 5060 est
1346 5020 1443 5059 cor
1477 5003 1664 5076 populi
1690 5003 1856 5074 hujus
1891 5022 1904 5058 :
1952 5012 2008 5060 et
2051 5005 2280 5060 auribus
2329 5004 2445 5059 suis
2483 5005 2723 5076 graviter
2785 5006 3099 5069 audierunt,
3132 5014 3187 5062 et
3217 5008 3408 5062 oculos
3475 5023 3607 5063 suos
3644 5008 3800 5061 clau-

528 5105 742 5163 serunt,
776 5114 844 5154 ne
888 5097 1109 5170 quando
1154 5097 1374 5154 videant
1415 5098 1612 5165 oculis,
1647 5106 1703 5154 et
1748 5099 1977 5155 auribus
2008 5097 2255 5161 audiant,
2284 5106 2340 5153 et
2369 5099 2536 5155 corde
2599 5097 2929 5170 intelligant,
2963 5106 3019 5155 et
3078 5107 3490 5165 convertantur,
3525 5110 3582 5156 et
3601 5115 3794 5157 sanem

527 5208 624 5249 cos
652 5193 755 5248 ⁸³.)
803 5193 908 5249 Sed
942 5194 1200 5265 quoniam
1230 5192 1297 5249 de
1326 5195 1581 5265 gentibus
1609 5209 1731 5264 qua:
1759 5194 1814 5248 in
1845 5193 2007 5250 ﬁdem
2044 5190 2252 5248 Christi
2277 5193 2371 5250 Dei
2402 5202 2672 5250 venerunt
2706 5196 2836 5250 olim
2900 5196 3055 5265 prius
3084 5193 3290 5249 dictum
3353 5195 3569 5253 fuerat:
3604 5214 3624 5249 ι
3660 5196 3798 5264 Qui.

526 5286 633 5343 bus
669 5288 978 5361 nuntiatum
1014 5306 1121 5344 non
1151 5296 1235 5344 est
1268 5288 1336 5343 de
1364 5288 1479 5352 illo,
1513 5289 1549 5344 ii
1578 5289 1861 5347 videbunt.
1898 5293 1953 5342 et
1974 5286 2068 5357 qui
2094 5301 2203 5341 non
2260 5287 2572 5352 audierunt,
2600 5288 2633 5342 ii
2677 5288 2981 5359 intelligent
2999 5290 3067 5355 “,
3107 5309 3127 5343 ι
3169 5308 3271 5348 nos
3301 5292 3429 5349 item
3454 5290 3605 5346 illius
3629 5300 3796 5361 atque

526 5376 671 5447 ejus,
703 5380 795 5447 qui
824 5379 975 5433 misit
1006 5379 1182 5444 illum,
1209 5378 1389 5436 Patris
1412 5378 1705 5442 beneﬁcio,
1739 5393 1837 5448 pro
1871 5377 2101 5441 viribus,
2142 5393 2264 5449 qua:
2302 5380 2419 5434 visa
2461 5387 2590 5434 sunt
2655 5380 2885 5436 dicenda
2916 5381 2974 5439 in
3039 5381 3141 5437 bos
3182 5382 3332 5439 locos
3370 5384 3482 5454 jam
3530 5382 3792 5447 diximus,

528 5482 742 5528 necnon
786 5482 908 5538 qua:
952 5468 1211 5525 Africano
1271 5471 1573 5540 superioris
1599 5470 1779 5525 aetatis
1827 5468 1947 5523 viro
2015 5476 2145 5524 sunt
2180 5470 2318 5534 visa,
2360 5469 2438 5525 illi
2481 5469 2585 5541 ipsi
2615 5482 2838 5544 accepta
2885 5471 3187 5529 referentes
3253 5476 3632 5546 apposuimus.
3671 5488 3797 5548 qua

486 5567 645 5641 .ipsa
695 5577 914 5635 quoque
959 5561 1247 5634 diligenter
1298 5571 1461 5634 atque
1504 5572 1761 5619 accurate
1801 5562 2105 5633 excogitata
2146 5572 2275 5623 sunt
2311 5579 2323 5615 :
2358 5579 2526 5635 quare
2551 5566 2658 5623 illis
2687 5574 2745 5622 ut
2778 5566 2916 5623 bene
2949 5566 3187 5625 inventis
3207 5555 3311 5625 erit
3332 5569 3615 5626 utendum.

600 5756 645 5785 ⁵³
681 5753 816 5811 Luc.
852 5772 939 5811 ut
965 5797 979 5822 ,
1014 5757 1103 5812 Ξῖ).
1181 5759 1226 5789 ’³
1266 5758 1368 5813 isa.
1405 5775 1493 5825 vi,
1532 5760 1617 5816 10.
1697 5760 1741 5793 ’⁸
1781 5757 1941 5815 Rom.
1977 5776 2077 5830 xv,
2107 5760 2199 5820 Si.
