4110 6410
309 404 401 460 635

319 518 437 576 Ἀπό
492 512 590 568 τοῦ
639 510 878 580 Μιχαία.
902 541 970 551 --
997 511 1218 579 Σημεῖα

368 587 566 656 Κυρίου
585 584 684 656 -εις
718 579 1076 656 ίὰγθρῴεξους
1117 579 1375 656 καθόδου
1417 579 1559 639 τάδε
1600 581 1848 656 ἔσεσθαι

367 663 396 715 ό
414 648 708 725 ἑροφήτης
741 648 1407 725 Δθεσπίζει’.καθαίρεσιν
1432 649 1703 725 παντελῆ
1733 648 1850 725 τῶν·

364 719 843 798 παρἀορδαίοις
870 720 1130 798 (ζεμνῶν,
1163 722 1714 798 ὲθνῶνᾲέξπίπνωσιφς
1740 719 1849 798 τοῦ

362 790 507 867 παρὰ
553 793 672 867 τοῖς
714 791 1049 867 προφήταις
1068 790 1645 867 mammis-uouerat)
1671 790 1842 855 Θεοῦ,

359 861 592 940 είρῖήνην
619 861 969 931 βαθυτάτην
996 861 1384 917 πάντων-τῶν
1414 861 1625 921 ἐθνῶν.

364 1003 383 1037 ι
401 979 699 1043 Ἀκούσατε,
744 976 865 1031 λαοὶ
912 976 1112 1040 πάντες
1136 1017 1151 1042 ,
1203 977 1297 1031 καὶ
1336 976 1651 1051 προσεχέτω
1682 978 1717 1049 ἡ
1747 977 1844 1048 γῆ.

297 1075 379 1131 καὶ
417 1071 607 1133 πάντες
652 1068 702 1121 οἱ
737 1068 797 1119 ὲν
830 1067 993 1139 αὐτῇ,
1025 1067 1122 1121 καὶ
1165 1066 1315 1121 ἔσται
1344 1066 1547 1139 Κύριος
1597 1067 1726 1137 ὑμῖν
1768 1067 1847 1129 είς

298 1163 589 1240 μαρτύριον,
618 1160 823 1231 Κύριος
855 1158 914 1225 ἐξ
944 1160 1093 1212 οἴκου
1129 1157 1285 1227 ἁγίου
1328 1157 1493 1213 αὑτοῦ
1514 1176 1527 1189 ⁸
1564 1156 1698 1212 δίοτι
1738 1156 1846 1212 ίδοὺ

295 1258 476 1329 Κύριος
511 1251 898 1325 ὲκπορεύσεται
944 1251 1010 1304 ἑκ
1055 1250 1146 1305 τοῦ
1188 1251 1355 1304 τόπου
1389 1249 1578 1315 αὑτοῦ,
1613 1252 1708 1303 καὶ
1745 1267 1834 1303 κα-

289 1352 576 1423 ταϐήσεται,
627 1347 720 1400 καὶ
774 1345 1106 1400 ὲπικείσεται
1161 1345 1255 1398 ἐπὶ
1296 1342 1366 1397 ea
1419 1342 1527 1415 ὕψη
1571 1343 1674 1413 τῆς
1720 1343 1840 1413 γῆς.

289 1445 383 1500 Καὶ
426 1440 808 1513 σαλευθήσεται
858 1437 929 1492 τὰ
965 1438 1065 1509 ὅρη
1107 1436 1458 1492 ὑποκάτωθεν
1523 1436 1713 1497 αὑτοῦ,
1752 1438 1847 1492 καὶ¹

286 1539 333 1593 ui
384 1535 615 1598 κοιλάδες
664 1534 994 1604 τακήσονται
1049 1531 1125 1595 ὡς
1178 1531 1349 1603 κηρὸς
1398 1530 1505 1584 ἀπὸ
1550 1529 1842 1603 προσώπου

290 1629 460 1699 πυρὸς,
502 1626 596 1681 καὶ
635 1626 713 1690 ὡς
755 1625 899 1697 ὕδωρ
941 1623 1389 1695 καταφερόμενον
1432 1624 1488 1676 ὲν
1522 1623 1841 1679 καταϐάσει.

285 1724 349 1776 Δι’
384 1718 626 1775 ἀσέϐειαν
677 1716 871 1771 Ἰακὼὸ
901 1716 1079 1771 πάντα
1113 1715 1305 1779 ταῦτα,
1338 1715 1432 1768 καὶ
1471 1714 1538 1768 δι’
1573 1713 1845 1787 ἁμαρτίαν

284 1818 412 1872 οἴκου
443 1816 672 1890 Ἰσραήλ.
701 1837 719 1869 ι
742 1811 872 1869 Εἶτα
908 1812 1027 1885 μεθ’
1054 1813 1219 1884 ἔτερα
1246 1811 1471 1865 πλεῖστα
1503 1810 1704 1882 μεταξὺ
1726 1811 1846 1865 ἐπι-

283 1909 515 1965 «uvam
549 1909 725 1979 λέγων
745 1926 758 1939 ·
789 1926 807 1959 ι
830 1906 1132 1961 Ἀκούσατε
1145 1905 1209 1976 δὴ
1241 1904 1412 1958 ταῦτα
1432 1944 1445 1966 .
1473 1906 1522 1958 οἱ
1554 1904 1844 1975 ἡγούμενοι

281 2004 410 2056 οἴκου
464 2000 678 2066 Ἰακὼϐ,
729 2000 824 2055 καὶ
866 2001 915 2052 οἱ
959 1997 1276 2052 κατάλοιποι
1320 1996 1468 2051 οἴκου
1520 1995 1752 2068 Ἰσραὴλ,
1793 1998 1843 2050 οἱ

281 2093 673 2165 βδελυσσόμενοι
716 2096 915 2164 κρῖμα,
960 2092 1054 2146 καὶ
1099 2092 1277 2146 πάντα
1314 2090 1383 2143 τὰ
1424 2088 1559 2162 ὀρθὰ
1595 2089 1845 2162 διαστρὲ-

279 2205 467 2256 φοντες,
505 2188 554 2240 oi
581 2185 995 2257 οἰκοδομοῦντες
1021 2184 1160 2238 Σιὼν
1193 2187 1249 2238 ὲν
1278 2184 1495 2255 αἵμασι,
1521 2184 1616 2236 καὶ
1649 2184 1843 2254 Ἰερου-

279 2280 440 2353 σαλὴμ
458 2283 515 2335 ὲν
552 2280 812 2344 ἀδικίαις.
849 2280 912 2334 υἱ
950 2279 1246 2349 ἡγούμενοι
1277 2278 1447 2348 αὐτῆς
1490 2275 1625 2347 μετά
1654 2274 1842 2349 δώρων

276 2371 487 2443 ἔκρινον,
540 2371 638 2425 καὶ
674 2371 726 2424 οἱ
769 2371 931 2441 ἱερεῖς
972 2368 1145 2439 αὐτῆς
1192 2366 1331 2439 μετά
1373 2365 1564 2438 μισθοῦ
1615 2364 1816 2437 ἀπεκρι

274 2480 424 2528 νοντο,
466 2464 556 2516 καὶ
602 2465 651 2517 οἱ
688 2462 967 2533 προφῆται
1006 2462 1176 2532 αὑτῆς
1212 2458 1350 2531 μετά
1376 2459 1638 2531 ἀργυρίου
1674 2460 1843 2529 ἐμανσ

272 2555 488 2619 τεὺοντο,
516 2556 609 2609 καὶ
632 2555 731 2608 ἐπὶ
755 2554 846 2609 τὸν
879 2555 1082 2626 Κύριον
1106 2551 1538 2615 ὲπανεπαύοντο,
1555 2551 1805 2620 λέγοντες
1823 2567 1837 2580 ·

259 2648 389 2718 ὐὐχὶ
424 2647 626 2721 Κύριος
660 2649 721 2701 ὲν
756 2649 889 2717 ἡμῖν
920 2648 1104 2713 ἐστινς
1138 2645 1198 2698 οὑ
1234 2643 1309 2715 μὴ
1343 2642 1543 2717 ἐπέλθῃ
1580 2642 1666 2712 ἐφ’
1694 2643 1842 2713 ἡμᾶς

274 2737 417 2791 axi.
445 2738 540 2791 Διὰ
570 2736 736 2791 τοῦτο
765 2735 832 2790 δι’
863 2737 1009 2807 ὑμᾶς
1040 2734 1179 2789 Σιὼν
1220 2733 1296 2799 ὡς
1326 2732 1492 2804 ἀγρὸς
1517 2730 1842 2805 ἀροτριαθή-

272 2844 423 2894 σεται,
452 2830 545 2887 καὶ
588 2829 951 2903 Ἰερουσαλὴμ
964 2828 1042 2894 ὡς
1064 2828 1513 2900 ὀπωροφυλάκιον
1543 2825 1716 2888 ἔσται,
1747 2824 1840 2878 καὶ

269 2920 320 2973 τὸ
347 2921 463 2992 ὅρος
491 2922 585 2981 τοῦ
617 2922 774 2976 οἴκου
796 2922 1001 2994 Κυρίου
1028 2924 1108 2985 είς
1132 2921 1293 2984 ἄλσος
1317 2918 1523 2993 δρυμοῦ
1540 2935 1553 2948 ·
1573 2919 1666 2971 καὶ
1685 2916 1837 2969 ἔσται

150 3071 160 3085 ο
271 3013 345 3067 ἐπ’
379 3015 617 3085 ἐσχάτων
650 3013 766 3068 τῶν
800 3013 1024 3086 ἡμερῶν
1064 3014 1304 3086 ἐμφανὲς
1339 3014 1400 3066 τὸ
1437 3012 1563 3085 ὅρος
1605 3011 1834 3082 Κυρίου,

265 3102 459 3175 ἕτοιμον
489 3106 582 3158 ἐπὶ
608 3103 715 3169 τὰς
737 3103 983 3176 κορυφὰς
1004 3103 1110 3160 τῶν
1133 3104 1325 3174 ὀρέων,
1349 3101 1443 3154 καὶ
1470 3098 1838 3172 μετεωρισθή-

268 3207 403 3248 σεται
432 3194 693 3267 ὑπεράνω
716 3193 825 3247 τῶν
856 3192 1081 3264 βουνῶν,
1107 3193 1203 3247 καὶ
1227 3190 1554 3246 σπεύσουσιν
1589 3191 1680 3243 ἐπὶ
1702 3189 1834 3243 αὐτὸ
1860 3233 1904 3292 C

262 3281 406 3351 λαοὶ,
454 3289 548 3342 καὶ
605 3285 974 3358 πορεύσονται
1029 3284 1154 3356 ἔθνη
1211 3283 1417 3348 πολλὰ,
1467 3282 1563 3337 καὶ
1608 3279 1828 3354 ἐροῦσί⁸

263 3377 426 3443 Δεῦτε,
443 3381 531 3436 καὶ
568 3379 869 3452 ἀναδῶμεν
898 3381 977 3442 είς
1010 3378 1069 3431 τὸ
1100 3378 1225 3449 ὅρος
1257 3377 1485 3450 Κυρίου,
1509 3376 1600 3429 καὶ
1634 3377 1712 3438 εἰς
1742 3375 1833 3428 τὸν

261 3467 391 3525 οἷκον
418 3473 508 3527 τοῦ
548 3473 693 3529 Θεοῦ
735 3471 926 3526 Ἰακώϐ
948 3489 961 3505 ο
997 3473 1090 3525 καὶ
1122 3469 1387 3535 δείξουσιν
1417 3470 1550 3539 ἡμῖν
1582 3468 1680 3539 τὴν
1715 3468 1832 3523 ὁδὸν

262 3564 437 3630 αὑτοῦ,
473 3569 568 3621 καὶ
613 3565 999 3637 πορευσόμεθα
1036 3566 1093 3617 ὲν
1130 3567 1251 3627 ταῖς
1282 3561 1489 3635 τρίϐοις
1526 3560 1691 3614 αὑτοῦ
1716 3577 1729 3591 ·
1766 3563 1831 3613 ὲκ

257 3657 353 3730 γὰρ
405 3659 542 3714 Σιὼν
583 3659 938 3727 ἐξελεύσεται
990 3658 1190 3729 νόμος,
1248 3658 1341 3711 καὶ
1392 3656 1563 3724 Λόγος
1624 3653 1829 3726 Κυρίου

259 3750 310 3814 ἐξ
330 3751 707 3825 Ἰερουσαλήμ.
737 3751 849 3828 Kal
877 3753 1054 3823 κρινεῖ
1082 3748 1186 3804 ἀνά
1212 3750 1375 3821 μέσον
1408 3748 1617 3802 πολλῶν
1641 3747 1827 3809 ἐθνῶν,

257 3844 339 3897 καὶ
378 3845 585 3915 ἐλέγξει
628 3845 761 3915 ἔθνη
795 3842 990 3915 ἰσχυρά
1025 3843 1130 3905 ἕως
1168 3844 1248 3906 είς
1292 3842 1396 3912 γῆν
1437 3841 1674 3913 μακράν.
1723 3839 1830 3892 Καὶ

258 3939 567 4007 συγκόςρουσι
599 3937 707 4001 τὰς
734 3935 1007 4007 μαχαίρας
1039 3933 1221 3989 αὑτῶν
1253 3935 1331 3997 είς
1361 3935 1568 4005 ἄροτρα
1589 3973 1603 3997 ,
1635 3932 1728 3985 καὶ
1761 3930 1829 3983 τὰ

251 4023 433 4098 δόρατα
458 4028 643 4082 αὑτῶν
680 4030 762 4089 είς
799 4026 1071 4098 δρέπανω
1096 4026 1190 4079 καὶ
1216 4026 1276 4079 οὑ
1316 4024 1545 4095 λήψεται
1579 4022 1659 4075 ἔτι
1680 4022 1829 4086 ἔθνος

254 4116 328 4170 ἐπ’
352 4117 497 4184 ἔθνος
527 4121 834 4192 μάχαιραν,
867 4119 962 4173 καὶ
993 4119 1055 4172 οὑ
1084 4118 1158 4191 μὴ
1189 4116 1431 4188 μάθωσιν
1452 4116 1533 4169 ἔτι
1551 4115 1824 4185 πολεμεῖν.

251 4207 347 4264 Kal
370 4211 754 4267 ἀναπαύσεται
778 4209 1009 4274 ἕκαστος
1041 4210 1299 4264 ὑποκάτω
1333 4208 1433 4279 τῆς
1460 4206 1705 4277 ἀμπέλου
1731 4206 1829 4257 αὑ-

248 4301 353 4368 τοῦ,
392 4306 484 4359 καὶ
540 4303 808 4359 ὑποκάτω
854 4302 1028 4373 συκῆς
1075 4299 1262 4356 αὑτοῦ.
1304 4298 1414 4352 Καὶ
1463 4297 1562 4351 οὐκ
1614 4296 1764 4349 ἔσται
1797 4295 1827 4347 ὁ

248 4394 480 4465 ἐκφοϐῶν
506 4395 742 4461 αὐτούς*
772 4395 935 4449 ὅτιτὸ
963 4394 1137 4466 στόμα
1162 4392 1367 4465 Κυρίου
1385 4388 1826 4460 παντοκράτορος

250 4486 462 4561 ὲλάλησε
494 4490 697 4545 ταῦτα.
736 4507 755 4540 ι
792 4488 932 4559 Ἤδη
966 4486 1349 4558 καὶπρότερον
1378 4481 1552 4537 ταῦτα
1581 4482 1714 4552 ἡμῖν
1746 4479 1824 4541 εἰς

1174 393 1834 469 DEMONSTRATIONIS
1864 392 2326 450 EVANGELICJE
2365 392 2497 450 LIB.
2538 391 2676 449 VIII.

1363 512 1522 584 (5er
1577 508 1687 584 τῇς
1738 508 1834 584 τοί

1949 505 1993 560 Α
2017 503 2265 584 Μξσίιαδιιἶ
2285 533 2351 545 -
2372 503 2540 584 Signa
2563 507 2673 559 lucc
2702 514 2993 584 temporum
3018 504 3297 560 descensus
3324 503 3539 584 Domini

3431 395 3535 449 654

2022 576 2093 629 ad
2121 576 2355 629 homines
2406 562 2593 644 futura
2621 577 2764 629 canit
2808 562 3096 645 'propheta,
3124 584 3416 645 entremum
3458 562 3534 634 ri-

2022 656 2171 699 tuum
2204 655 2360 716 atque
2387 646 2778 710 institutorum,
2821 644 2960 716 quiti
2981 645 3124 716 apud
3160 644 3381 701 Indicos
3412 664 3533 701 eum

2023 718 2355 772 veneratione
2408 717 2775 782 servabantur,
2806 717 3081 771 interitum
3126 719 3393 785 agnitione
3414 718 3530 786 ejus

2024 788 2125 842 Dei
2144 790 2237 858 qui
2267 804 2299 841 a
2320 788 2589 856 prophetis
2610 802 2857 858 venturus
2885 786 3321 855 denuntiabatur,
3349 803 3530 850 pacem

2020 856 2254 913 omnium
2276 859 2509 930 gentium
2535 856 3029 928 profundissimam.

2026 996 2045 1030 ι
2086 976 2301 1042 Audite,
2336 977 2518 1048 populi
2545 992 2756 1040 omnes,
2790 987 2844 1032 et
2869 977 3115 1032 attendat
3141 984 3308 1042 terra,
3335 985 3389 1033 et
3412 993 3531 1033 om-

1949 1085 2050 1126 nes
2077 1070 2171 1140 qui
2203 1069 2259 1123 in
2288 1083 2354 1124 ea
2388 1076 2541 1134 sunt,
2569 1077 2629 1123 et
2664 1069 2769 1125 erit
2804 1067 3070 1124 Dominus
3092 1070 3248 1126 vobis
3278 1071 3528 1126 testimo-

1948 1163 2123 1226 nium,
2153 1160 2417 1218 Dominus
2442 1162 2510 1217 de
2537 1162 2701 1218 domo
2731 1169 2922 1217 sancta
2944 1177 3044 1218 sua
3072 1181 3084 1216 :
3116 1164 3374 1233 quoniam
3399 1176 3528 1219 ecce

1947 1252 2215 1310 Dominus
2243 1254 2556 1323 egredietur
2590 1254 2657 1308 de
2693 1253 2814 1307 loco
2850 1268 2971 1310 suo.
3003 1252 3067 1308 Et
3110 1252 3425 1318 descendet,
3472 1261 3527 1309 et

1947 1345 2169 1401 insistet
2200 1360 2368 1418 super
2387 1345 2707 1401 altitudines
2730 1356 2908 1401 terrae.
2941 1344 3008 1398 Et
3036 1345 3528 1400 commovebuntur

1947 1448 2161 1494 montes
2185 1438 2376 1493 subter
2403 1452 2470 1492 eo
2502 1456 2515 1491 :
2548 1447 2603 1493 et
2626 1438 2798 1493 valles
2836 1436 3142 1508 liquescent
3163 1438 3306 1493 sicut
3335 1452 3461 1493 cera
3493 1451 3527 1492 a

1947 1525 2087 1582 facie
2121 1527 2285 1597 ignis,
2342 1538 2396 1584 et
2420 1529 2564 1583 sicut
2589 1544 2730 1599 aqua
2758 1545 2879 1598 qua:
2910 1528 3153 1585 defertur
3182 1530 3235 1584 in
3262 1546 3523 1601 praeceps.

1945 1618 2111 1692 505
2135 1618 2368 1691 Propter
2393 1620 2726 1690 impietatem
2752 1619 2922 1675 Jaeob
2951 1622 3137 1675 omnia
3160 1622 3294 1684 haec,
3321 1609 3386 1678 et.
3407 1639 3528 1693 pro-

1947 1721 2067 1783 pter
2098 1724 2380 1784 peccatum
2429 1715 2626 1771 domus
2678 1714 2843 1771 Israel
2868 1716 2936 1771 ".
2982 1735 3000 1768 ο
3034 1714 3240 1772 Deinde
3264 1728 3387 1787 post
3421 1717 3526 1772 alia
3549 1712 3566 1733 '

1946 1807 2182 1877 plurima
2209 1823 2329 1877 qua:
2362 1808 2416 1862 in
2448 1806 2628 1863 medio
2665 1808 2918 1873 collocat,
2953 1811 3115 1865 verba
3162 1811 3277 1867 haec
3326 1811 3527 1882 adjun-

1945 1899 2024 1969 git
2058 1917 2071 1953 :
2112 1917 2131 1950 ι
2169 1899 2367 1954 Audite
2391 1902 2504 1969 jam
2536 1900 2859 1964 haec,duces
2879 1903 3076 1961 domus
3096 1903 3289 1969 Jacob,
3313 1904 3407 1975 qui
3438 1921 3526 1962 re-

1945 1993 2078 2065 liqui
2100 1996 2237 2051 estis
2256 1996 2452 2051 domus
2486 1997 2671 2059 Israel,
2695 1998 2787 2069 qui
2814 1999 3208 2056 abominamini
3231 2001 3521 2069 judicium.

1943 2096 1998 2143 et
2041 2091 2227 2144 omnia
2272 2101 2419 2145 recta
2477 2092 2810 2159 pervertitis,
2842 2092 2936 2163 qui
2966 2093 3246 2150 :ediﬁcalis
3282 2094 3413 2150 Sion
3466 2097 3522 2151 iu

1943 2181 2329 2251 sanguiuibus,
2353 2191 2408 2235 et
2434 2179 2740 2237 Jerusalem
2768 2183 2819 2237 in
2853 2183 3157 2249 iujustitiis.
3198 2184 3376 2242 Duces
3402 2188 3523 2257 ejus

1943 2288 2068 2328 cum
2103 2275 2424 2330 muneribus
2451 2272 2793 2342 judicabant,
2828 2284 2880 2330 et
2902 2276 3216 2333 sacerdotes
3245 2277 3365 2347 ejus
3395 2294 3522 2336 cum

1942 2367 2192 2422 mercede
2225 2367 2649 2437 respondebant,
2693 2376 2748 2423 et
2785 2369 3064 2438 propheta:
3100 2370 3222 2440 ejus
3258 2388 3381 2427 cum
3434 2390 3526 2429 aro

1940 2465 2103 2529 gento
2122 2458 2459 2518 divinabant.
2487 2468 2540 2512 et
2567 2476 2733 2529 super
2760 2459 3050 2516 Dominum
3079 2464 3517 2534 requiescebant,

1940 2549 2187 2604 dicentes
2210 2568 2222 2603 :
2256 2548 2448 2603 Nonne
2474 2549 2735 2605 Dominus
2762 2552 2814 2606 in
2842 2553 3001 2608 nobis
3024 2556 3143 2609 est?
3169 2571 3276 2610 non
3301 2558 3520 2614 venient

1941 2656 2107 2709 super
2139 2657 2241 2696 nos
2276 2642 2437 2695 mala.
2485 2639 2695 2696 Idcirco
2726 2652 2951 2715 propter
2989 2661 3089 2701 vos
3132 2647 3260 2701 Sion
3293 2656 3351 2703 ut
3393 2664 3522 2720 ager

1939 2730 2210 2793 arabitur,
2239 2738 2294 2785 et
2320 2728 2624 2786 Jerusalem
2674 2740 2732 2786 ut
2778 2749 3058 2795 pomorum
3108 2738 3360 2792 custodia
3389 2740 3518 2803 erit,

1938 2829 1993 2877 et
2021 2838 2184 2879 mons
2212 2822 2408 2877 domus
2434 2822 2642 2878 Domini
2676 2825 2731 2877 iu
2766 2825 2950 2880 lucum
2983 2828 3149 2899 sylva:
3192 2847 3206 2885 :
3244 2838 3296 2884 et
3324 2832 3430 2886 erit
3464 2832 3520 2887 in

1938 2914 2253 2969 novissimis
2296 2914 2489 2970 diebus
2527 2914 2849 2972 manifestus
2884 2933 3045 2974 mons
3085 2917 3324 2984 Domini,
3360 2937 3520 2992 para-

1936 3012 2028 3061 tus
2079 3020 2246 3075 super
2288 3005 2525 3060 vertices
2565 3007 2868 3073 montium,
2911 3018 2965 3065 et
3012 3012 3308 3067 extolletur
3356 3030 3521 3087 super

1937 3098 2129 3161 colles,
2163 3106 2217 3153 et
2250 3097 2587 3154 festinabunt
2621 3100 2688 3154 ad
2719 3116 2843 3155 eum
2872 3103 3080 3172 populi,
3110 3114 3163 3159 et
3194 3106 3351 3162 ibunt
3381 3125 3518 3179 gen-

1936 3198 2021 3248 tes
2051 3191 2239 3246 multa-
2266 3198 2320 3246 et
2347 3190 2531 3246 dicent
2553 3190 2789 3257 :Venite,
2815 3194 3179 3251 ascendamus
3204 3195 3258 3250 in
3276 3205 3516 3253 montem

1937 3283 2153 3338 Domini
2181 3284 2312 3339 etin
2342 3284 2565 3339 domum
2597 3284 2690 3340 Dei
2715 3285 2888 3342 Jaeob
2913 3307 2927 3343 :
2962 3296 3017 3342 et
3043 3291 3337 3346 ostendent
3361 3294 3519 3350 nobis

1936 3377 2078 3430 viam
2126 3375 2269 3445 ejus,
2305 3389 2359 3431 et
2406 3377 2810 3433 ambulabimus
2848 3378 2905 3433 in
2946 3381 3160 3437 semitis
3184 3379 3306 3451 ejus
3341 3402 3355 3439 :
3389 3401 3515 3441 nam

1933 3487 2001 3526 ex
2046 3469 2177 3526 Sion
2213 3472 2386 3527 exibit
2415 3471 2523 3538 lex,
2558 3482 2613 3529 et
2640 3471 2882 3530 Verbum
2934 3474 3150 3532 Domini
3193 3479 3263 3534 de
3289 3478 3515 3536 Jerusa-

1934 3564 2061 3620 lem.
2092 3564 2159 3620 Et
2178 3566 2450 3635 judicabit
2476 3567 2618 3622 inter
2652 3570 2857 3626 multas
2895 3582 3107 3642 gentes,
3135 3580 3188 3627 et
3225 3574 3517 3646 redarguet

1933 3667 2124 3729 gentes
2153 3659 2323 3716 fortes
2353 3675 2527 3730 usque
2554 3662 2620 3716 ad
2648 3670 2850 3717 terram
2880 3665 3257 3736 longinquam.
3287 3666 3351 3722 Et
3380 3684 3514 3723 con-

1931 3752 2116 3806 cident
2165 3752 2376 3822 gladios
2413 3770 2547 3808 suos
2575 3754 2630 3807 in
2661 3769 2945 3823 vomeres,
2991 3766 3044 3813 et
3076 3760 3262 3815 hastas
3295 3776 3426 3817 suas
3458 3778 3515 3817 In

1932 3842 2139 3898 falces:
2177 3853 2233 3899 et
2288 3861 2396 3900 non
2426 3846 2650 3915 arripiet
2685 3847 2827 3901 ultra
2875 3865 3010 3918 gens
3049 3860 3246 3906 contra
3298 3862 3512 3923 gentem

1931 3933 2169 4003 gladium
2204 3977 2219 3997 ,
2280 3945 2334 3991 et
2380 3953 2491 3990 non
2537 3937 2753 3993 discent
2809 3942 3046 4012 amplius
3099 3944 3241 3999 bella
3302 3962 3512 4016 gerere.

1932 4024 1997 4079 Et
2042 4028 2285 4096 quiescet
2312 4030 2661 4100 unusquique
2699 4031 2802 4086 sub
2838 4033 2943 4088 vite
2976 4051 3098 4100 sua,
3147 4045 3202 4091 et
3248 4040 3352 4092 sub
3406 4039 3512 4095 licu

1930 4133 2051 4171 sua.
2089 4117 2156 4172 Et
2194 4135 2303 4173 non
2349 4123 2452 4174 erit
2478 4123 2568 4191 qui
2616 4121 2887 4178 deterreat
2941 4140 3078 4180 eos:
3128 4131 3388 4197 quoniam
3446 4149 3510 4188 os

1931 4206 2144 4262 Domini
2175 4210 2567 4280 omnipotentis
2600 4211 2845 4266 locutum
2874 4221 2959 4267 est
2980 4213 3096 4269 haec
3120 4215 3185 4269 ”.
3210 4238 3247 4268 λ»
3279 4217 3397 4272 Jam
3419 4236 3509 4275 an-

1929 4308 2013 4355 tea
2064 4300 2180 4355 hazc
2230 4316 2331 4357 suo
2380 4303 2503 4359 loco
2548 4320 2651 4360 nos
2699 4306 3070 4376 comtemplati
3119 4323 3361 4365 sumus:
3416 4313 3507 4367 ubi

1928 4393 2269 4448 ostendimus
2295 4396 2754 4465 quemadmodum
2786 4411 2894 4451 non
2910 4398 3050 4454 alias
3080 4415 3245 4470 quam
3268 4411 3390 4472 post
3420 4404 3511 4459 ad-

1927 4493 2150 4539 ventum
2189 4484 2492 4544 Salvatoris
2534 4489 2708 4545 nostri
2732 4488 2863 4546 Jesu
2895 4492 3101 4549 Christi
3127 4494 3194 4548 ad
3234 4495 3505 4559 homines,

246 4581 360 4645 τοὺς
387 4583 590 4648 τόπους
626 4580 995 4653 τεθεώρηταν
1030 4579 1295 4633 δέδεικται
1338 4575 1394 4629 δὲ
1423 4577 1571 4638 ὅπως
1590 4572 1698 4627 οὐδ’
1732 4570 1828 4625 ἀλ-

1936 4590 2058 4645 (ιυαι
2095 4576 2225 4631 olim
2275 4580 2416 4649 apud
2468 4578 2687 4636 Iudaeos
2715 4582 3035 4651 dignitatem
3071 4588 3507 4643 venerationem-

248 4671 355 4725 λοτέ
372 4692 500 4729 ποτε
531 4675 568 4747 ἢ
594 4674 709 4730 ἀπὸ
731 4673 837 4727 τῶν
854 4673 1062 4746 χρόνων
1084 4671 1176 4725 τοῦ
1203 4671 1457 4742 Σωτῆρος
1487 4667 1644 4740 ἡμῶν
1659 4661 1834 4736 Ἰησοῦ

1936 4683 2034 4737 que
2082 4667 2374 4735 habebant,
2414 4681 2735 4744 montesque
2767 4674 2900 4730 Sion
2930 4684 2983 4731 et
3005 4675 3304 4733 Jerusalem
3342 4694 3508 4734 voca~

245 4763 465 4835 Χριστοῦ
510 4772 594 4833 εἰς
636 4766 959 4840 ἀνθρώπους
996 4764 1320 4835 ἐπιφανείας
1352 4763 1421 4817 τά
1457 4762 1625 4817 πάλαι
1650 4756 1828 4831 σεμνά

245 4855 344 4910 τῶν
371 4860 674 4924 Ἰουδαίων,
702 4860 803 4930 ὅρη
826 4858 963 4914 Σιὼν
983 4858 1389 4929 ὲπικαλούμενα
1419 4857 1514 4910 καὶ
1550 4856 1822 4927 Ἰερουσα-

244 4943 380 5019 λὴμ,
414 4951 485 5006 τά
530 4970 594 5006 τε
635 4952 731 5005 ἐπὶ
770 4952 975 5005 τούτων
1012 4952 1454 5022 οἰκοδομήματα,
1487 4951 1516 5002 ό
1548 4946 1684 5011 νεὼς
1723 4946 1820 5018 δη-

244 5035 384 5109 λαδὴ,
412 5043 507 5095 καὶ
526 5042 593 5095 τὸ
618 5044 809 5111 Ἀγιον
832 5042 939 5097 τῶν
964 5042 1154 5111 ἁγίων,
1180 5042 1277 5094 καὶ
1310 5040 1373 5093 τὸ
1413 5039 1817 5111 θυσιαστήριον,

243 5132 326 5186 καὶ
355 5133 454 5188 ὅσα
487 5135 631 5191 ἄλλα
661 5136 845 5189 αὐτόθι
876 5137 956 5199 εἰς
976 5134 1140 5207 τιμὴν
1181 5135 1431 5189 ἀνέκειτο
1459 5133 1554 5187 τοῦ
1588 5133 1721 5187 θεοῦ
1757 5134 1822 5186 ἐκ

242 5224 395 5292 μέσου
416 5227 665 5299 ἀρθέντα
695 5228 1037 5291 σεσάλευται,
1056 5227 1363 5290 ἀκολούθως
1396 5225 1472 5297 τῷ
1488 5225 1629 5296 λόγῳ
1650 5226 1829 5296 φήσα-

238 5329 315 5369 ντι
337 5331 349 5344 '
371 5334 391 5369 ι
439 5318 577 5372 Ἰδοὺ
603 5318 809 5390 Κύριος
824 5319 1030 5392 Κύριος
1053 5319 1406 5390 ἐκπορεύεται
1439 5320 1504 5372 ὲκ
1537 5317 1631 5371 τοῦ
1666 5317 1829 5370 τόπου

237 5404 418 5471 αὑτοῦ,
451 5409 549 5464 καὶ
588 5410 1068 5482 καταϐήσεταιὲπὶ
1082 5410 1153 5464 τά
1179 5410 1288 5481 ὕψη
1311 5410 1411 5481 τῆς
1446 5409 1570 5481 γῆς,
1608 5408 1702 5461 καὶ
1735 5424 1829 5461 σα-

238 5485 586 5565 λευθήσονται
610 5497 683 5551 τὰ
712 5499 813 5571 ὅρη
836 5498 1185 5554 ὑποκάτωθεν
1221 5499 1384 5554 αὑτοῦ
1409 5540 1425 5565 ,
1460 5520 1478 5551 ι
1516 5493 1591 5554 ὧν
1625 5498 1816 5551 σαλευ-

237 5579 449 5650 οέντων,
474 5589 589 5643 τῶν
636 5591 701 5644 ὲκ
743 5591 1045 5662 περιτομῆς
1085 5593 1141 5644 αἱ
1181 5591 1385 5662 ψυχαὶ,
1423 5589 1666 5652 κοιλάδες
1703 5589 1819 5641 ὀνο-

240 5672 538 5749 μαζόμεναι
590 5679 685 5734 διά
726 5682 788 5736 τὸ
830 5683 1078 5737 ταπεινὸν
1128 5682 1328 5749 αὑτῶν,
1359 5680 1657 5755 παραθέσει
1709 5681 1815 5733 τῶν

302 5856 348 5888 ⁸⁸
387 5858 555 5916 Mich.
596 5877 655 5927 ι,
684 5860 800 5917 2-5.
877 5865 923 5896 “
963 5863 1122 5920 Mich.
1160 5879 1256 5931 tu,
1295 5863 1470 5933 τίν-12,
1515 5883 1597 5933 ιν,
1636 5868 1745 5924 ιρι.

1930 4760 2150 4824 bantur,
2184 4777 2412 4833 quaeque
2450 4764 2507 4821 in
2548 4766 2615 4837 iis
2642 4768 2874 4823 aedificia
2917 4779 3093 4834 erant,
3136 4772 3397 4839 templum
3425 4773 3506 4827 vi-

1927 4851 2127 4908 delicet
2161 4851 2535 4928 Sanctumque
2556 4869 2895 4924 sanctorum,
2929 4870 3092 4931 atque
3113 4863 3306 4927 altare,
3340 4872 3505 4934 atque

1922 4945 2030 4998 alia
2049 4962 2390 5020 quascunque
2416 4950 2617 5006 ibidem
2650 4952 2705 5007 in
2722 4953 2815 5010 Dei
2838 4955 3098 5010 honorem
3117 4955 3365 5012 dedicata
3384 4958 3505 5012 fue-

1923 5046 2067 5100 rant,
2087 5037 2155 5094 de
2171 5040 2347 5096 medio
2362 5042 2575 5097 sublata
2594 5057 2968 5115 concussaque
2984 5054 3131 5106 sunt,
3152 5048 3295 5103 sicut
3316 5063 3511 5106 oracu-

1936 5134 2048 5187 lum
2097 5135 2229 5189 illud
2280 5137 2647 5205 pradixerat:
2696 5155 2714 5189 ι
2769 5138 2906 5194 Ecce
2938 5138 3202 5195 Dominus
3236 5139 3506 5201 Dominus

1931 5227 2241 5295 egredietur
2277 5228 2345 5282 de
2379 5230 2497 5282 loco
2535 5243 2657 5291 suo,
2688 5237 2742 5283 et
2787 5228 3080 5285 descendet
3106 5247 3271 5300 super
3312 5233 3504 5287 altitu-

1931 5316 2088 5371 dines
2127 5325 2316 5383 teme,
2346 5326 2400 5371 et
2427 5319 2816 5371 concutieutur
2866 5326 3077 5373 montes
3127 5320 3315 5375 subter
3349 5335 3437 5385 eo,
3477 5339 3503 5372 ι

1930 5408 2131 5477 quibus
2164 5408 2452 5464 concussis
2478 5406 2792 5463 Judaaorum
2819 5408 3034 5474 animae,
3056 5424 3177 5478 quae
3201 5411 3372 5467 valles
3403 5426 3506 5465 no-

1931 5498 2210 5553 minantur
2239 5501 2309 5554 ob
2344 5500 2584 5570 ipsarum
2619 5498 3004 5566 humilitatem,
3033 5502 3163 5554 dum
3194 5501 3393 5570 priscis
3421 5503 3499 5558 al-

1925 5589 2253 5647 titudinibus
2297 5591 2684 5655 conferuntur,
2717 5606 2906 5647 eorum
2959 5607 3081 5662 qua:
3128 5608 3303 5663 nuper
3351 5593 3499 5651 dicta

1925 5688 2074 5745 sunt,
2110 5682 2387 5740 interitum
2420 5684 2767 5754 deplorantes
2798 5700 2817 5735 ι
2859 5691 3116 5754 tanquam
3142 5700 3263 5740 cera
3292 5699 3323 5738 ι
3356 5684 3497 5744 facie
