4106 6420
604 397 712 453 ϐῖἱὸ

1303 396 1575 454 EUSEBII
1611 396 2091 454 CAESARIENSIS
2127 396 2279 455 OPP.
2319 396 2504 457 PARS
2536 396 2599 454 Il.
2638 428 2711 438 —
2744 394 3245 453 APOLOGETICA.

3781 392 3889 447 636

600 509 746 582 ignis
772 509 937 582 406
962 510 1291 580 liquescent,
1319 519 1375 567 et
1401 511 1560 582 quasi
1591 527 1732 582 aqua
1770 526 1891 581 quae
1932 510 2166 567 defertu:

2283 509 2527 565 παλαιῶν
2581 509 2889 581 ὀψωμάτων
2939 510 3031 563 τὸν
3092 508 3202 564 τῶν
3258 506 3681 578 προειρημένων
3740 505 3887 575 dqu-

599 604 653 658 iu
686 617 949 673 praeceps,
990 622 1008 654 ι
1045 614 1266 674 propter
1301 603 1707 659 multitudinem
1752 618 1942 659 eorum
1973 604 2066 674 qui
2116 605 2170 659 iu

599 694 708 750 illis
737 693 981 764 quotidie
1009 708 1041 746 a
1073 694 1392 749 melioribus
1437 694 1507 748 ad
1536 695 1809 749 deteriora
1861 696 2122 749 labuntur
2157 714 2172 750 :

596 795 651 841 et
683 786 869 840 omnia
907 786 1021 840 haec
1052 786 1129 840 ait
1174 784 1356 840 futura
1387 802 1406 837 ι
1447 793 1667 856 propter
1710 785 2045 856 impietatem
2078 788 2177 844 do-

598 893 722 932 mus
768 874 959 942 Jacob,
1002 884 1057 932 et
1102 885 1322 948 propter
1354 887 1636 947 peccatum
1684 877 1881 933 domus
1925 877 2114 934 Israel.
2152 898 2171 931 ι

596 967 861 1034 Quaenam
900 983 1031 1022 vero
1065 967 1138 1023 sit
1165 967 1281 1021 haec
1324 968 1575 1039 impietas
1602 976 1659 1024 et
1692 968 1840 1040 quod
1870 978 2173 1039 peceatum,

597 1076 927 1133 progressus
974 1060 1191 1131 longius
1220 1060 1471 1133 adjungit
1504 1080 1518 1117 :
1557 1080 1576 1114 ι
1626 1061 1732 1128 Qui
1762 1062 2174 1126 abominamini,

597 1155 800 1225 inquit,
828 1154 1129 1218 judicium,
1171 1162 1227 1211 et
1268 1154 1454 1210 omnia
1499 1162 1647 1210 recta
1694 1156 2024 1225 pervertitis.
2068 1154 2175 1222 Qui

597 1246 879 1303 adiﬁcatis
940 1246 1071 1301 Sion
1124 1247 1180 1301 in
1227 1245 1590 1316 sanguinibus
1628 1285 1644 1310 ,
1702 1254 1756 1303 et
1782 1245 2085 1302 Jerusalem
2122 1246 2177 1302 in

596 1338 907 1407 injltliiliis,
945 1356 964 1390 ι
1003 1339 1058 1393 in
1087 1338 1290 1409 quibus
1328 1338 1684 1409 sanguinibus
1731 1339 1896 1394 etiam
1940 1339 2031 1394 ille
2053 1338 2176 1408 fuit,

598 1431 691 1501 qui
728 1430 838 1486 illis
875 1437 1246 1485 extremorum
1277 1430 1548 1485 malorum
1591 1429 1807 1485 initium
1842 1445 2178 1501 causamque

597 1521 829 1592 prrebuit
849 1562 864 1585 ,
894 1530 1118 1592 propter
1144 1537 1305 1591 quem
1333 1520 1557 1592 impiam
1598 1522 1744 1576 illam
1770 1536 1957 1577 vocem
1987 1532 2178 1578 contra

596 1613 808 1682 seipsos
837 1610 1157 1675 emiserunt,
1193 1612 1438 1667 dicentes
1475 1631 1488 1666 :
1532 1630 1552 1664 ι
1593 1610 1831 1683 Sanguis
1859 1612 1982 1683 ejus
2013 1627 2180 1684 super

595 1721 697 1759 nos
729 1712 783 1759 et
814 1719 980 1773 super
1004 1703 1144 1759 ﬁlios
1174 1712 1393 1759 nostros
1425 1704 1495 1759 ".
1536 1722 1556 1756 ι
1596 1704 1784 1775 Itaque
1814 1713 2036 1776 propter
2060 1706 2179 1775 ip‘sa

595 1795 732 1860 bzec,
757 1794 956 1865 inquit,
990 1812 1012 1847 ‹
1051 1794 1182 1849 Sion
1221 1794 1381 1864 quasi
1412 1809 1541 1864 ager
1566 1795 1843 1862 arabitur,
1875 1804 1929 1850 et
1957 1793 2179 1850 Jerusa-

2275 602 2465 674 νισμόν
2504 601 3006 673 ἁπολοφυρόμεναι,
3042 618 3061 652 ι
3091 600 3168 665 ὡς
3210 599 3380 671 κηρὸς
3411 597 3520 652 ἀπό
3571 595 3882 669 προσώπου

2276 695 2447 767 πυρὸς
2486 695 2898 766 ὲκτακήσονται,
2925 693 3020 747 καὶ
3051 694 3127 756 ὼς
3171 691 3315 764 ὕδωρ
3340 690 3800 762 καταφερόμενον
3826 692 3883 744 ὲν

2277 786 2596 849 καταϐάσει,
2611 807 2629 837 ι
2652 786 2740 839 διὰ
2751 786 2811 839 τὸ
2834 785 3037 855 πλῆθος
3048 784 3156 838 τῶν
3168 786 3224 838 ἐν
3241 783 3432 848 αὑταῖς
3452 784 3560 837 ἀπὸ
3573 783 3690 836 τῶν
3707 800 3885 854 κρειτο

2276 880 2444 933 τόνων
2468 880 2560 934 ἐπὶ
2588 878 2658 933 τά
2681 878 2847 951 χείρω
2877 876 3329 933 καταπιπτόντων
3358 876 3657 949 ὁσημέραι.
3686 876 3881 930 Πάντα

2275 972 2334 1027 δὲ
2364 970 2538 1025 ταῦτά
2571 988 2734 1043 φησιν
2773 969 2991 1024 ἔσεσθαι
3025 987 3044 1020 ι
3071 970 3138 1023 δι’
3164 969 3418 1025 ἀσέϐειαν
3447 972 3596 1024 οἷκου
3638 966 3881 1032 Ἰακὼϐ,

2278 1064 2372 1117 καὶ
2399 1064 2468 1117 δι’
2492 1062 2769 1135 ἁμαρτίαν
2786 1061 2936 1116 οῖκου
2980 1062 3217 1135 Ἰσραήλ.
3247 1082 3266 1115 ι
3304 1060 3399 1126 Τίς
3418 1062 3462 1116 δ’
3481 1058 3550 1134 ἦν
3575 1064 3608 1133 ἡ
3646 1059 3883 1115 ἀσέϐεια

2278 1154 2370 1207 καὶ
2395 1155 2429 1224 ἡ
2454 1153 2716 1224 ἁμαρτία,
2747 1149 2952 1224 προῖὼν
2986 1151 3110 1224 ἑξῆς
3134 1152 3406 1221 ὲπιλιξγει⁸
3440 1172 3460 1205 ι
3491 1154 3555 1206 Οί
3584 1150 3881 1222 βδελυσσό·

2281 1261 2432 1315 μενοι
2464 1248 2638 1316 κρῖμα
2663 1284 2678 1308 ,
2711 1245 2807 1298 καί⁵
2837 1245 3016 1299 πάντα
3048 1244 3117 1298 τά
3147 1244 3282 1317 ὀρθὰ
3316 1244 3745 1317 διαστρέφοντες
3774 1259 3790 1272 ·
3831 1245 3878 1296 οἰ

2278 1336 2684 1409 οἰκοδομοῦντες
2725 1335 2869 1391 Σιὼν
2890 1339 2951 1390 ὲν
2980 1337 3207 1407 αῖμασιν
3231 1378 3245 1401 ,
3276 1338 3374 1390 καὶ
3408 1335 3784 1409 Ἰερουσαλὴμ
3813 1338 3872 1389 ὲν

2278 1428 2540 1492 ἀδικίαις·
2577 1448 2596 1480 ι
2628 1430 2686 1482 ὲν
2716 1422 2799 1492 οἷς
2830 1427 3023 1499 αἵμασι
3052 1428 3272 1484 κάκεῖνο
3302 1423 3370 1500 ῆν
3390 1428 3451 1481 τὸ
3475 1427 3584 1481 τῶν
3616 1426 3877 1480 ὑστάτων

2280 1519 2466 1575 κακῶν
2497 1519 2781 1592 παραίτιον
2815 1520 2999 1583 αὐτοῖς
3028 1519 3318 1589 γενόμενον
3338 1561 3352 1585 ,
3382 1520 3468 1589 ἐφ’
3495 1513 3541 1587 ᾦ
3562 1520 3665 1590 τὴν
3700 1519 3873 1589 ἀσεϐῆ

2282 1612 2465 1683 φωνὴν
2509 1614 2592 1676 εἰς
2641 1613 2866 1675 ἑαυτοὺς
2917 1613 3296 1667 ἐπεσπάσαντο
3319 1653 3333 1677 ,
3377 1614 3686 1684 φήσαντες·
3740 1629 3761 1662 ι
3804 1611 3877 1664 Τὸ

2278 1696 2415 1771 αἷμα
2443 1700 2608 1755 αὐτοῦ
2644 1701 2728 1770 ἐφ’
2754 1703 2901 1773 ἡμᾶς
2919 1742 2933 1765 ,
2963 1702 3057 1755 καὶ
3086 1702 3177 1756 ἐπὶ
3215 1702 3282 1756 τά
3315 1702 3478 1756 τέκνα
3506 1702 3694 1773 ἡμῶν.
3727 1721 3746 1753 ι
3775 1701 3867 1755 Διὸ

2280 1793 2432 1862 γοῦν,
2467 1794 2620 1864 φησὶ,
2647 1794 2785 1848 αὐτὰ
2809 1793 3001 1859 ταῦτα,
3026 1812 3052 1845 4
3078 1793 3154 1858 ὡς
3177 1795 3344 1866 ἀγρὸς
3370 1794 3506 1848 Σιὼν
3531 1793 3874 1867 ἀροτριαθή·

596 1889 701 1944 lem
747 1888 902 1958 quasi
947 1902 1235 1957 pomorum
1269 1886 1520 1943 custodia
1569 1888 1712 1943 erit:
1754 1906 1772 1938 ι
1797 1904 1919 1958 quae
1948 1886 2166 1958 quidem

2274 1902 2445 1951 σεται,
2481 1887 2574 1941 καὶ
2618 1887 2974 1959 Ἰερουσαλὴμ
3007 1885 3082 1950 ὡς
3100 1887 3570 1959 ξόπωροφυλάκιον
3604 1886 3773 1940 ἔσται
3794 1902 3813 1919 ·
3846 1906 3864 1940 ι

595 1982 746 2035 nullo
768 1995 1009 2050 unquam
1033 1979 1142 2034 alio
1168 1989 1433 2050 tempore,
1453 1994 1615 2049 quam
1641 1987 1763 2049 post
1784 1980 1873 2033 illa
1899 1995 2021 2050 qua:
2042 1995 2174 2035 con-

595 2082 680 2127 tra
706 2070 1043 2126 Salvatorem
1076 2078 1326 2127 nostrum
1383 2072 1504 2127 ausi
1537 2079 1686 2136 sunt,
1725 2087 1915 2127 verum
1955 2071 2164 2127 exitum

594 2181 873 2238 accepere.
909 2163 985 2220 Ex
1018 2165 1113 2219 illo
1146 2165 1289 2219 enim
1330 2164 1397 2219 ad
1436 2165 1581 2219 hunc
1635 2179 1811 2232 usque
1855 2165 2000 2220 diem
2034 2164 2171 2219 locis

594 2258 704 2314 illis
742 2264 986 2312 extrema
1031 2256 1329 2313 solitudine
1377 2257 1681 2327 occupatis,
1723 2272 1881 2312 mons
1915 2255 2047 2311 Sion
2079 2256 2170 2328 qui

592 2349 734 2419 apud
782 2349 905 2404 illos
952 2357 1111 2403 antea
1166 2348 1557 2403 celeberrimus
1588 2354 1745 2411 erat,
1775 2347 1895 2401 loco
1934 2346 2172 2416 antiquae

593 2441 742 2495 illius
776 2440 1148 2496 meditationis
1180 2448 1346 2511 atque
1382 2440 1812 2504 exercitationis,
1844 2454 1966 2510 quae
1994 2441 2049 2493 in
2079 2440 2171 2493 illo

590 2530 829 2601 vigebat,
857 2531 1302 2601 propheticorum
1332 2530 1754 2601 divinorumque
1787 2531 2160 2595 oraculorum,

590 2640 713 2695 qua:
741 2634 900 2678 antea
934 2624 1035 2678 viri
1079 2623 1290 2680 Hebraei
1330 2622 1537 2695 Deique
1570 2623 1868 2679 familiares
1891 2623 2169 2696 prophetae

591 2720 1015 2789 sacerdotesque
1058 2727 1114 2773 et
1142 2717 1388 2788 magistri
1434 2717 1602 2772 totius
1646 2718 1824 2787 gentis
1874 2718 1930 2771 in
1976 2717 2166 2773 eodem

588 2825 788 2881 magno
814 2826 938 2865 cum
967 2809 1149 2865 studio
1164 2808 1487 2875 reddebant,
1514 2825 1611 2879 per
1637 2791 1786 2864 viros
1809 2808 2085 2865 Romanos
2110 2810 2166 2864 in

588 2904 737 2958 nulla
770 2919 833 2958 re
862 2918 894 2957 a
928 2902 1139 2973 reliqua
1182 2903 1403 2973 regione
1436 2902 1693 2957 dill‘erens
1731 2910 1922 2955 aratur
1946 2909 2000 2957 ct
2030 2902 2167 2957 coli-

587 3006 697 3059 tur,
729 3004 789 3049 ut
818 3010 922 3051 nos
953 3010 1172 3066 quoque
1212 2995 1324 3065 ipsi
1357 2993 1760 3064 inspexerimus
1793 2993 1956 3047 boum
2001 3008 2165 3063 opera

589 3089 767 3143 locum
819 3096 873 3142 et
916 3087 1060 3141 arari
1103 3095 1158 3142 et
1191 3086 1476 3142 seminari.
1537 3084 1658 3156 Ipsa
1688 3100 1819 3139 vero
1858 3082 2163 3141 Jerusalem

589 3191 849 3252 tanquam
875 3197 1160 3253 pomorum
1185 3181 1455 3248 custodia,
1492 3188 1755 3251 corrupto
1780 3187 1966 3236 vetere
1989 3180 2082 3251 qui
2106 3180 2160 3233 in
2188 3213 2234 3272 ο

587 3275 703 3342 ipsa
724 3284 843 3328 erat
874 3273 1075 3337 fructu,
1106 3274 1299 3330 ell‘ecta
1337 3282 1443 3337 est,
1478 3287 1542 3327 ac
1569 3273 1749 3342 potius
1776 3272 2016 3343 lapidum
2047 3271 2163 3325 col-

588 3366 771 3429 lectio,
807 3349 952 3435 sicut
974 3366 1031 3421 in
1059 3374 1319 3422 contextu
1347 3364 1623 3421 Hebraico
1650 3365 1866 3435 legitur.
1899 3362 1991 3417 Sic
2016 3363 2162 3417 enim

587 3451 784 3521 Aquila
814 3453 1083 3507 convertit
1113 3472 1126 3508 :
1160 3472 1178 3505 ‹
1223 3452 1432 3508 Idcirco
1463 3463 1684 3524 prapter
1705 3466 1826 3518 vos,
1860 3452 1992 3507 Sion
2014 3459 2161 3507 terra

588 3541 856 3605 arabitur,
880 3551 934 3599 et
995 3544 1065 3599 de
1108 3543 1411 3600 Jerusalem
1459 3546 1668 3615 lapides
1729 3546 2073 3618 colligentur.
2137 3564 2158 3601 ι

585 3635 670 3689 Ab
690 3636 931 3692 externis
968 3637 1114 3693 enim
1159 3637 1477 3693 hominibus
1517 3637 1783 3704 habitata,
1829 3638 1992 3694 hodie
2021 3654 2161 3709 quo-

586 3744 692 3798 que
726 3728 933 3798 lapides
959 3729 1265 3801 legentibus
1310 3731 1534 3800 praebet,
1564 3745 1691 3785 cum
1726 3746 1918 3786 omnes
1940 3731 2031 3802 qui
2059 3747 2161 3787 no-

587 3817 719 3873 stris
750 3816 1087 3887 temporibus
1132 3834 1250 3873 eam
1282 3818 1476 3874 urbem
1517 3819 1785 3885 incolunt,
1814 3821 1989 3875 ruina:
2014 3822 2163 3878 illius

585 3906 795 3975 lapides
822 3906 1080 3976 colligant
1113 3914 1222 3960 tam
1257 3906 1325 3962 de
1352 3909 1603 3978 privatis,
1635 3925 1798 3980 quam
1821 3910 1889 3965 de
1918 3926 2163 3966 commu-

585 3998 747 4053 nibus
777 4005 831 4053 et
858 3998 1091 4069 publicis
1117 3998 1363 4054 :editlciis
1407 4019 1420 4055 :
1452 4010 1507 4055 et
1535 4002 1665 4057 licet
1695 4002 1874 4059 oculis
1904 4004 2162 4060 tristissi-

584 4105 734 4144 mum
793 4092 1167 4161 spectaculum
1227 4091 1449 4155 intueri,
1482 4108 1549 4148 ex
1592 4093 1714 4164 ipso
1760 4094 1961 4165 templo
1988 4109 2043 4151 et
2096 4112 2163 4151 ex

585 4181 721 4250 ipsis
745 4181 1023 4251 quondam
1045 4183 1245 4255 adytis,
1267 4200 1334 4239 ex
1362 4184 1430 4239 iis
1456 4200 1579 4255 qua:
1601 4196 1790 4240 sancta
1806 4186 2164 4251 vocabantur,

583 4271 792 4343 lapides
810 4290 908 4345 pro
935 4274 1360 4330 simulacrorum
1388 4276 1549 4343 fanis,
1580 4294 1788 4350 proque
1815 4280 2163 4349 spectaculis,

582 4380 692 4436 quo
710 4381 899 4422 omnes
931 4367 1115 4437 populi
1147 4376 1524 4438 concurrant,
1562 4370 1898 4427 sedilicandis
1930 4374 2163 4439 assumi,

579 4471 702 4527 qua:
743 4472 868 4512 cum
906 4456 1043 4512 adeo
1090 4457 1370 4514 evidenter
1416 4460 1485 4515 ab
1537 4461 1792 4515 omnibus
1849 4469 2164 4530 cernantur,

2274 1978 2417 2050 άπερ
2452 1978 2561 2032 οὐδ’
2594 1978 2779 2033 ἄλλοτε
2812 1978 3032 2034 πώποτε
3070 1980 3103 2052 ἦ
3145 1980 3283 2051 μετά
3336 1979 3404 2033 τά
3444 1979 3585 2033 κατὰ
3620 1979 3725 2033 τοῦ
3760 1980 3871 2033 Σω-

2268 2074 2337 2141 τῆ
2346 2088 2435 2141 ρος
2458 2069 2615 2141 ημῶν
2642 2070 3024 2143 τετολμημένα
3053 2071 3229 2143 ἀληθῆ
3253 2071 3352 2143 τὴν
3375 2072 3597 2126 ἔκϐασιν
3618 2072 3863 2145 εἴληχεν.

2283 2159 2372 2224 Ἐξ
2400 2161 2607 2215 ἐκείνου
2647 2161 2755 2234 γάρ
2791 2179 2875 2215 τοι
2922 2162 3015 2216 καὶ
3038 2163 3119 2226 είς
3155 2161 3314 2234 δεῦρο
3354 2162 3592 2235 ἐσχάτης
3615 2163 3866 2235 ἐρημίας

2272 2252 2683 2324 καταλαϐούσης
2720 2254 2847 2317 τοὺς
2883 2252 3116 2318 τόπους,
3151 2253 3212 2307 τὸ
3253 2253 3352 2324 μὲν
3399 2255 3529 2325 πρὶν
3568 2254 3864 2327 διαϐόητον

2268 2342 2447 2395 αὐτῶν
2476 2341 2613 2395 Σιὼν
2639 2342 2765 2415 δρος
2784 2384 2798 2407 ,
2833 2343 2954 2396 ἀντί
2985 2344 3086 2413 τῆς
3130 2343 3297 2399 πάλαι
3340 2346 3397 2398 ἐν
3428 2345 3576 2415 αύτῷ
3623 2346 3863 2417 μελέτης

2269 2434 2362 2487 καὶ
2392 2435 2681 2505 ἀσκήσεως
2710 2435 2819 2489 τῶν
2847 2436 3199 2509 προφητικῶν
3228 2438 3321 2491 καὶ
3354 2437 3513 2491 θείων
3544 2438 3728 2507 λόγων
3751 2480 3768 2502 ,
3790 2432 3862 2493 ὧν

2268 2529 2456 2593 παῖδες
2496 2529 2557 2582 τὸ
2604 2530 2733 2601 πρὶν
2778 2529 3048 2600 Ἐϐραίων
3104 2531 3199 2584 καὶ
3233 2530 3500 2601 θεοφιλεῖς
3544 2534 3858 2604 προφῆται,

2268 2621 2434 2692 ἱερεῖς
2462 2637 2521 2673 τε
2556 2621 2651 2675 καὶ
2686 2620 2994 2675 διδάσκαλοι
3028 2621 3122 2675 τοῦ
3158 2621 3361 2686 παντὸς
3396 2622 3581 2687 ἔθνους
3620 2625 3686 2676 ἐν
3718 2623 3858 2693 clm}

2264 2708 2351 2763 διὰ
2396 2711 2636 2782 σπουδῆς
2676 2709 2974 2775 ἐποιοῦντο,
3015 2711 3107 2765 διὰ
3151 2712 3439 2784 Ῥωμαίων
3480 2712 3713 2780 ἀνδρῶν·
3737 2715 3854 2768 κατ’

2265 2800 2419 2854 οὐδὲν
2456 2802 2556 2872 τῆς
2588 2800 2781 2872 λοιπῆς
2805 2802 3138 2873 διαφέρουσα
3167 2803 3351 2876 χώρας
3376 2809 3707 2877 γεωργεῖται
3731 2847 3755 2871 ,
3784 2806 3859 2871 ὡς

2266 2891 2362 2947 καὶ
2394 2895 2541 2965 ἡμᾶς
2563 2893 2760 2958 αὐτοὺς
2776 2894 3077 2967 ὀφθαλμοῖς
3109 2896 3444 2970 παραλαϐεῖν
3475 2897 3659 2969 βουσὶν
3688 2899 3854 2974 ἀρού-

2269 3002 2427 3056 μενον
2446 3025 2461 3049 ,
2493 2985 2587 3039 καὶ
2623 2987 3124 3060 κατασπειρόμενον
3153 2987 3243 3042 τὸν
3270 2989 3434 3044 τόπον
3456 3007 3470 3021 ⁸
3498 2994 3531 3062 ὴ
3557 2992 3619 3045 δὲ
3657 2992 3858 3064 Ἰερου-

2268 3076 2449 3148 σαλὴμ
2487 3078 2625 3149 αὑτὴ
2654 3078 2731 3142 ὡς
2763 3078 3213 3151 ὀπωροφυλάκιον
3240 3080 3341 3150 τῆς
3370 3082 3428 3134 ὲν
3459 3083 3596 3154 αὐτῇ
3619 3083 3853 3147 παλαιᾶς

2264 3168 2488 3242 ὀπώρας
2521 3170 2913 3244 διαφθαρείσης
2945 3171 3157 3241 γέγονε,
3196 3172 3401 3243 μᾶλλον.
3431 3174 3488 3229 δὲ
3532 3178 3621 3240 εἰς.
3644 3176 3854 3230 λιθολο-

2265 3262 2388 3331 γίαν
2414 3264 2555 3316 κατά
2572 3264 2677 3334 τὴν,
2705 3263 3000 3335 Ἐϐραικὴν
3028 3263 3350 3333 ἀνάγνωσιν.
3383 3266 3441 3321 Ὀ
3470 3266 3599 3336 γοῦν
3623 3269 3853 3334 Ἀκύλας

2265 3355 2397 3427 φησί
2419 3372 2434 3386 ’
2475 3374 2495 3406 ι
2518 3356 2617 3412 Διὰ
2651 3355 2809 3411 τοῦτο
2851 3355 3015 3427 χάριν
3045 3356 3197 3428 ὑμῶν
3241 3357 3380 3411 Σιὼν
3421 3358 3574 3431 χώρα
3604 3363 3852 3434 ἀροτρια-

2264 3446 2524 3515 θήσεται,
2558 3450 2654 3502 καὶ
2697 3451 3056 3524 Ἰερουσαλὴμ
3099 3451 3608 3525 λιθολογηθήσεται.
3655 3474 3687 3507 ι-
3714 3456 3847 3509 ’Υπὺ

2262 3539 2373 3613 γὰρ
2418 3540 2730 3610 ἀλλοφύλων
2787 3543 2996 3614 ἀνδρῶν
3047 3544 3476 3611 κατοικισθεῖσα,
3534 3548 3717 3602 εἰσέτι
3757 3550 3847 3603 καὶ

2263 3634 2500 3707 σήμερον
2525 3634 2879 3703 λιθολογεῖται
2902 3676 2916 3701 ,
2949 3637 3167 3692 πάντων
3199 3637 3323 3692 καθ’
3347 3640 3493 3710 ἡμᾶς
3522 3641 3723 3705 αὐτοὺς
3745 3643 3853 3696 τῶν

2262 3725 2360 3797 τὴν
2400 3727 2552 3781 πόλιν
2585 3727 2877 3783 οἰκούντων
2917 3729 3042 3793 τοὺς
3083 3729 3191 3783 ἀπὸ
3239 3730 3338 3802 τῆς
3383 3729 3643 3797 πτώσεως
3682 3734 3851 3805 αὐτῆς

2261 3816 2440 3881 λίθους
2490 3818 2895 3888 άναλεγομένων
2922 3820 3001 3886 εἷς
3024 3839 3082 3875 τε
3103 3821 3171 3875 τά
3195 3821 3301 3876 ἴδια
3327 3825 3421 3877 καὶ
3470 3824 3622 3878 κοινὰ
3644 3827 3740 3880 καὶ
3765 3826 3853 3897 δη-

2266 3907 2429 3977 μόσια
2468 3910 2905 3983 οἰκοδομήματα·
2945 3914 3037 3966 καὶ
3072 3913 3219 3967 ἐστιν
3258 3915 3556 3987 ὀφθαλμοῖς
3603 3919 3848 3990 παραλα-

2264 4000 2378 4053 ϐεῖν
2412 4000 2729 4074 σκυθρωπὸν
2760 4003 2963 4075 θέαμα,
3000 4007 3127 4071 τοὺς
3156 4007 3215 4074 ἐξ
3246 4007 3410 4062 αὐτοῦ
3449 4009 3543 4064 τοῦ
3576 4011 3722 4082 ἱεροῦ
3756 4012 3847 4066 καὶ

2264 4092 2442 4146 αὐτῶν
2464 4093 2573 4146 τῶν
2598 4095 2761 4150 πάλαι
2786 4094 2994 4151 ἀδύτων
3025 4098 3119 4152 καί⁵
3145 4099 3316 4168 ἁγίων
3337 4100 3521 4165 λίθους
3547 4104 3627 4167 εἰς
3646 4104 3718 4157 τὰ
3738 4104 3845 4157 τῶν

2264 4182 2496 4238 εἰδώλων
2523 4186 2723 4258 τεμένη
2744 4225 2758 4245 ,
2782 4186 2863 4249 εἷς
2896 4206 2954 4242 τε
2991 4189 3061 4243 τά
3092 4191 3199 4244 τῶν
3231 4193 3402 4265 πανδή
3412 4211 3527 4264 μων
3560 4195 3846 4267 θεαμάτων

2266 4279 2758 4350 κατασκευάσματα
2786 4281 3223 4354 ἀπειλημμένους
3242 4303 3255 4315 ·
3286 4277 3361 4369 ὧν
3391 4284 3566 4351 οὕτως
3599 4289 3841 4362 ἐναργῶς

2264 4372 2377 4434 τοῖς
2412 4372 2575 4424 πᾶσιν
2608 4373 2917 4443 ὁρωμένων,
2948 4374 3041 4429 καί¹
3060 4377 3089 4429 ὀ
3116 4376 3298 4440 καινὸς
3319 4372 3482 4444 νόμος
3515 4381 3608 4433 καὶ
3631 4378 3789 4449 λόγος
3816 4383 3841 4433 ὀ

2265 4462 2367 4534 τῆς
2412 4463 2605 4533 καινῆς
2646 4464 2740 4517 τοῦ
2784 4465 3033 4537 Σωτῆρος
3063 4467 3221 4539 ἡμῶν
3273 4470 3429 4542 Ιησοῦ
3476 4470 3841 4547 τοῦΧριστοῦ

578 4548 724 4618 quod
759 4564 897 4603 nova
922 4549 1050 4604 item
1083 4549 1189 4615 lex,
1223 4549 1480 4620 quodque
1503 4567 1702 4606 novum
1733 4551 1869 4607 Novi
1901 4568 1930 4607 a
1964 4551 2157 4607 Salva-

2268 4554 2537 4626 Διαθήκης
2585 4556 2795 4610 ἐκεῖθέν
2855 4558 3018 4611 ποθεν
3077 4560 3356 4632 προελθὼν
3407 4562 3563 4633 ἧλος
3615 4564 3682 4619 ἂν
3735 4566 3838 4637 εῖη.

578 4650 697 4697 tore
725 4650 918 4697 nostro
966 4639 1096 4697 Jesu
1148 4642 1391 4707 Christo,
1426 4643 1632 4700 conditi
1673 4643 2009 4701 Testamenti
2034 4662 2160 4702 ver-

579 4734 708 4789 bum
760 4735 910 4790 illinc
968 4734 1192 4789 omnino
1245 4734 1549 4806 profectum
1577 4736 1669 4802 sit,
1719 4752 1854 4794 sane
1904 4740 2163 4796 constite-

578 4828 668 4883 rit.
697 4826 860 4899 407
892 4825 1344 4898 Quandoquidem
1383 4828 1810 4885 innumerabiles
1833 4831 2157 4902 populorqu

572 4928 904 4986 conventus,
933 4920 1222 4992 omnisque
1252 4920 1469 4992 generis
1500 4921 1774 4987 nationes,
1808 4924 2015 4980 relictis
2052 4924 2160 4981 diis

530 5066 535 5075 ,
574 5013 823 5084 ipsorum
873 5012 1108 5083 patriis,
1163 5013 1465 5085 relictoque
1523 5021 1709 5070 vetere
1752 5016 2160 5086 superstitionis

572 5121 781 5173 errore,
825 5122 995 5161 unum
1048 5121 1365 5177 supremum
1410 5105 1577 5162 Deum
1626 5107 1932 5164 invocant:
1985 5125 2155 5180 quare

571 5192 735 5248 etiam
750 5195 1191 5264 profundissima’.
1207 5198 1356 5267 pacis
1371 5208 1652 5268 compotes
1665 5208 2149 5270 evaserunt,quan-

570 5283 645 5340 do
674 5302 779 5339 nou
806 5274 1040 5358 amplius
1062 5288 1389 5360 multiplices
1409 5291 1771 5361 principatus,
1810 5310 1829 5343 ι
1855 5307 2031 5362 neque
2061 5307 2148 5347 re-

569 5391 680 5446 gna
712 5392 808 5446 per
833 5377 953 5434 loca
998 5390 1320 5448 cernuntur,
1360 5399 1538 5454 neque
1573 5400 1709 5455 gens
1736 5385 1999 5441 adversus
2020 5400 2151 5455 gen-

575 5483 680 5523 .em
711 5468 950 5538 gladium
979 5473 1172 5540 sumit,
1204 5490 1383 5546 neque
1412 5484 1472 5531 ut
1503 5486 1662 5531 antea
1685 5476 1893 5532 mutuis
1917 5476 2062 5532 inter
2091 5492 2151 5533 se

573 5559 730 5615 bellis
761 5561 1004 5626 student,
1042 5564 1140 5620 sed
1177 5569 1420 5638 agricola
1460 5569 1643 5625 omnis
1673 5570 1778 5625 sub
1820 5571 1929 5625 vite
1964 5576 2020 5624 et
2046 5571 2150 5625 sub

570 5647 674 5705 ﬁcu
693 5668 792 5707 sua
812 5653 1065 5724 quiescit,
1079 5658 1295 5714 nemine
1318 5658 1440 5717 illos
1453 5667 1815 5728 exterrente»
1846 5661 1990 5719 sicut
2015 5677 2146 5733 pro-

600 5918 616 5927 .
642 5833 687 5868 π
727 5833 917 5895 Matth.
957 5854 1106 5897 xxvii
1128 5880 1142 5908 ,
1173 5839 1262 5898 25.

2272 4646 2388 4715 Ἐφ’
2416 4640 2461 4714 ᾧ
2491 4648 2660 4719 μυρία
2690 4648 2869 4720 πλήθη
2894 4648 3062 4715 λαῶν,
3099 4652 3224 4725 ἔθνη
3257 4670 3315 4707 τε
3348 4659 3573 4709 παντοῖα
3601 4657 3710 4710 τῶν
3736 4676 3838 4713 πα-

2260 4739 2426 4810 τρίων
2453 4741 2765 4796 ἀποστάντα
2797 4742 2955 4806 θεῶν,
2987 4746 3081 4799 καὶ
3108 4746 3209 4815 τῆς
3242 4747 3476 4811 παλαιᾶς
3516 4750 3839 4823 δεισιδαίμο-

2261 4846 2350 4894 νος
2377 4829 2604 4901 πλάνης,
2632 4831 2723 4884 τὸν
2745 4832 2837 4885 ἐπὶ
2860 4832 3076 4887 πάντων
3101 4834 3235 4888 Θεὸν
3255 4836 3619 4890 ἀνακαλεῖται·
3639 4837 3721 4891 διὸ
3756 4843 3843 4895 καὶ

2262 4920 2589 4991 κατηξίωται
2622 4922 2722 4993 τῆς
2757 4922 3061 4997 βαθυτάτης
3108 4928 3351 4997 εἰρήνης,
3388 4926 3463 4990 ὡς
3500 4929 3700 5000 μηκέτι
3753 4947 3845 4983 πο-

2261 5014 2524 5085 λυαρχίας
2555 5010 2713 5080 εἶναι,
2748 5035 2767 5067 ι
2809 5017 2942 5088 μηδὲ
2969 5017 3244 5088 βασιλείας
3276 5018 3417 5073 κατὰ
3455 5019 3671 5084 τόπους.
3718 5023 3844 5092 μηδὲ

2262 5105 2411 5171 ἔθνος
2438 5108 2524 5160 ἐπ’
2558 5108 2708 5173 ἔθνος
2743 5110 3014 5181 ῥομφαίαν
3043 5111 3237 5183 αἱρεῖν,
3275 5112 3416 5182 μηδ’,
3462 5112 3539 5176 ὼς
3582 5113 3644 5166 τὸ
3699 5115 3842 5179 πρὶν,

2261 5200 2515 5271 πολέμοις
2545 5204 2656 5265 τοῖς
2697 5204 2815 5256 κατ’
2852 5202 3096 5275 ἀλλήλων
3133 5204 3435 5275 σχολάζειν,
3468 5205 3844 5260 ἀναπαύεσθαι

2257 5290 2315 5345 δὲ
2366 5292 2472 5345 τῶν
2522 5293 2779 5364 γεωργῶν
2834 5293 3060 5347 ἕκαστον
3114 5293 3371 5348 ὑποκάτω
3426 5296 3693 5367 ἀμπέλου,
3755 5296 3842 5349 καὶ

2259 5384 2517 5438 ὑποκάτω
2540 5386 2709 5457 συκῆς
2731 5385 2917 5449 αὑτοῦ,
2943 5386 3169 5456 μηδενὸς
3191 5387 3546 5457 ἐκφοϐοῦντος
3566 5388 3800 5455 αύτοὺςλ
3821 5404 3838 5436 ι

2258 5478 2400 5532 κατά
2427 5479 2527 5549 τὴν
2563 5479 2919 5550 προφητείαν.
2953 5473 3052 5532 Ὦν
3084 5479 3255 5543 οὕτως
3285 5480 3392 5534 οὐδ’
3430 5480 3616 5534 ἄλλοτέ
3663 5499 3751 5535 πω
3783 5477 3841 5545 ἑὲ

2255 5569 2449 5633 αἰῶνος
2484 5570 2765 5643 πρότερον,
2793 5570 2825 5641 ἢ
2858 5569 2999 5624 κατά
3028 5570 3122 5642 τὴν
3154 5570 3262 5623 τῶν
3293 5572 3577 5643 Ῥωμαίων
3614 5570 3842 5644 ἐπικρόι

2254 5678 2411 5734 τησιν
2444 5660 2550 5716 άπὸ
2579 5661 2685 5717 τῶν
2716 5662 2922 5734 χρόνων
2969 5663 3068 5734 τῆς
3110 5662 3425 5732 ἐπιφανείας
3450 5663 3542 5717 τοῦ
3581 5663 3832 5736 Σωτῆρος
