4106 6420
245 418 342 470 στι
1156 413 1813 473 DEMONSTRATIONIS
1846 412 1883 467 Ε

1989 407 2311 467 Ναειιωε
2344 408 2476 467 LIB.
2521 406 2661 465 Vill.

3438 404 3543 460 638

241 530 394 602 ημῶν
445 529 547 583 καὶ
610 531 703 593 εἰς
749 528 909 601 δεῦρο
959 528 1416 599 συντελουμένων,
1463 525 1861 599 ἀναμφίλεκτον

1988 522 2145 579 ιὶιειίιι
2176 521 2525 593 praedixerat.
2549 518 2681 586 Quae
2708 532 2832 573 cum
2857 516 2939 572 sic.
2961 531 3240 587 nunquam
3261 515 3400 571 alias
3420 523 3545 570 ante

239 621 478 694 ἠγοῦμαι
511 621 624 692 τὴν
658 619 938 685 ἀπόδειξιν
970 619 1249 691 εἰληφέναι
1281 621 1374 674 τὸν
1419 622 1613 693 χρόνον
1650 622 1746 692 τῆς
1771 620 1858 673 θε-

239 711 587 785 σπιζομένης
617 715 715 777 είς
745 711 1064 785 ἀνθρώπους
1088 711 1178 766 τοῦ
1207 714 1415 787 Κυρίου
1446 716 1768 789 παρουσίας.

1963 630 1992 668 a
2022 612 2242 669 condito
2287 627 2424 677 tero,
2463 611 2566 667 nisi
2613 619 2737 682 post
2767 611 3058 666 adventum
3106 607 3410 665 Salvatoris
3445 622 3545 661 no-

1965 707 2089 766 stri,
2154 703 2418 759 Romanis
2480 702 2770 773 imperium
2828 700 3226 767 obtinentibus,
3277 698 3344 752 ad
3398 699 3547 757 hunc

247 819 424 874 usque
461 804 625 859 diem
659 803 1023 874 contigerint,
1057 803 1361 859 indubitata
1416 805 1886 862 demonstratione
1921 808 2206 855 ostensum
2248 810 2374 851 esse
2410 795 2647 851 arbitror
2676 793 2818 863 ejus,
2859 808 3021 863 quem
3073 791 3351 863 prophetae
3385 805 3546 847 cane-

234 899 390 961 bant,
428 894 676 952 Domini
719 897 990 953 adventus
1013 896 1079 951 ad
1113 896 1386 966 homines,
1422 908 1660 970 tempus.

246 1056 390 1115 ’Λιτύ
402 1056 519 1111 τοῦ
533 1059 953 1127 Ζαχαρίου.-
968 1057 1188 1128 Σημεῖα
1208 1060 1442 1127 χρόνων
1455 1059 1688 1129 nicto?)
1714 1062 1859 1116 θεοῦ

302 1128 512 1184 ΛότὉυ
593 1131 699 1184 sic
734 1127 1087 1184 ἀνθρώπους
1128 1131 1487 1184 παρουσίαρ.
1532 1131 1758 1184 adﬂato
1798 1151 1859 1184 τε

302 1131 512 1209 Λόνρυ
593 1131 699 1196 εὶς
734 1131 1087 1196 ἀνθρώπους
1128 1131 1487 1198 παρουσίας,
1532 1131 1758 1200 κλῆσις
1798 1151 1864 1187 τε

300 1198 531 1262 ἐΰν-ων,
560 1199 811 1268 ὑστάτη
842 1216 906 1252 τε
943 1199 1289 1268 καθαΙρεσις
1317 1199 1425 1269 τῆς
1458 1202 1859 1273 Ἰερουσαλήμ.

308 1333 328 1366 ι
370 1312 615 1386 Τέρπου
654 1313 755 1367 καὶ
784 1312 1101 1385 εὐφραίνου,
1134 1311 1372 1384 θύγατερ
1401 1312 1559 1379 Σιὼν,
1588 1314 1721 1369 διότι
1757 1314 1864 1368 ἰδοὺ

1969 1051 2012 1105 Α
2070 1046 2355 1102 lac/uaria.
2387 1075 2457 1087 —-
2489 1044 2655 1116 Signa
2706 1053 2998 1116 temporum
3038 1041 3137 1097 Dei
3186 1042 3256 1098 ad
3307 1044 3545 1116 homines

2044 1120 2299 1174 adventus
2322 1158 2337 1179 ,
2378 1126 2427 1171 et
2467 1113 2671 1169 vacatio
2709 1113 2979 1186 gentium,
3019 1123 3354 1185 extremaque
3398 1113 3545 1169 urbis

2043 1189 2346 1245 Jerusalem
2373 1187 2595 1241 eversio.

2050 1318 2067 1350 ι
2101 1297 2286 1354 Gaude
2325 1303 2380 1351 et
2416 1295 2635 1357 lactare,
2676 1292 2785 1349 tilia
2823 1289 2980 1355 Sion,
3015 1290 3143 1361 quia
3178 1305 3307 1346 ecce
3339 1306 3439 1362 ego
3457 1306 3549 1345 ve-

238 1405 349 1475 ὲγὼ
382 1382 675 1478 ἐργομαι,
718 1406 812 1459 καὶ
843 1382 1255 1477 κατασκηνώσω
1296 1382 1355 1460 ὲν
1394 1406 1544 1478 μέσῳ
1573 1425 1688 1471 σου,
1718 1408 1867 1478 λέγει

1988 1394 2064 1447 tio
2090 1433 2103 1454 ,
2136 1401 2190 1448 et
2220 1388 2483 1445 habitabo
2516 1387 2571 1441 in
2609 1384 2789 1442 medio
2831 1384 2940 1449 tui,
2981 1384 3118 1439 dicit
3154 1382 3443 1439 Dominus.
3484 1382 3552 1436 Et

239 1476 487 1569 Κύριος,
514 1476 646 1552 Καὶ
679 1494 1109 1566 καταφεύξονται
1147 1495 1272 1569 ἔθνη
1304 1497 1477 1553 πολλὰ
1513 1476 1606 1553 ἐπὶ
1631 1500 1724 1553 τὸν
1756 1476 1870 1555 Κύ-

1988 1488 2296 1558 :onl'ugicnt
2326 1490 2517 1556 gentes
2552 1481 2737 1539 multa:
2770 1479 2836 1533 ad
2874 1478 3167 1533 Dominum
3198 1478 3256 1531 in
3294 1476 3383 1531 die
3420 1476 3510 1530 illa
3534 1515 3549 1538 ,

241 1566 357 1661 ριον
388 1591 452 1644 ὲν
482 1591 561 1661 τῇ
594 1590 793 1663 ἡμέρᾳ
833 1588 1041 1660 ἐκείνῃ,
1067 1588 1163 1642 καὶ
1192 1566 1406 1644 ἔσονται
1437 1592 1585 1663 αὐτῷ
1607 1593 1687 1657 εἰς
1716 1592 1866 1661 λαὸν,

1988 1591 2029 1638 at
2065 1586 2230 1636 erunt
2264 1578 2311 1633 ei
2354 1577 2409 1631 in
2450 1576 2733 1645 populum.
2789 1571 2855 1627 Et
2907 1570 3237 1626 habitahunt
3276 1568 3333 1623 in
3371 1566 3552 1623 medio

243 1679 334 1732 καὶ
360 1679 912 1751 κατασκηνώσουσιν
938 1680 996 1732 ὲν
1026 1678 1176 1751 μέσῳ
1202 1696 1317 1744 σου,
1339 1683 1435 1736 καὶ
1478 1683 1755 1757 ὲπιγνὼσῃ
1785 1686 1867 1739 ὅτι

1988 1678 2057 1733 lui
2092 1695 2105 1732 :
2147 1683 2202 1731 et
2242 1686 2548 1744 cognosces
2584 1669 2735 1740 quod
2772 1667 3038 1723 Dominus
3072 1664 3421 1734 onmipotens
3453 1662 3556 1716 mi-

244 1769 453 1841 Κύριος
484 1772 907 1843 παντοκράτωρ
930 1769 1300 1837 ἐξαπέσταλκὲ
1330 1790 1396 1844 με
1430 1775 1568 1848 πρὸς
1595 1776 1677 1830 σέ.
1707 1753 1868 1831 {Kal

1988 1769 2048 1825 sit
2076 1783 2165 1824 me
2196 1766 2265 1822 ad
2297 1772 2350 1820 te
2381 1763 2449 1819 ’⁸.
2492 1783 2511 1816 ›
2542 1760 2609 1819 Et
2641 1767 2767 1832 post
2798 1758 2904 1813 alia
2934 1757 3172 1828 plurima
3204 1770 3326 1826 qua:
3354 1753 3410 1807 in
3438 1768 3555 1808 me-

247 1861 366 1932 μεθ’
393 1860 578 1933 ἒτερα
610 1863 844 1917 πλείστα
865 1862 1065 1934 μεταξῦ
1089 1843 1364 1935 ὲπιλέγειέ
1392 1884 1414 1919 ι
1448 1843 1617 1941 Χαῖρε
1642 1869 1869 1941 σφόδρα,

1988 1861 2069 1916 dio
2095 1858 2268 1931 ponit,
2290 1854 2536 1926 adiungit
2559 1873 2572 1908 :
2597 1871 2616 1904 ι
2646 1851 2833 1907 Gaude
2856 1849 3231 1914 vehementer,
3257 1845 3367 1900 lilia
3395 1843 3553 1897 Sion.

245 1952 495 2025 θύγατερ
538 1953 717 2018 Σιὼν,
751 1956 1014 2027 κήρυσσε,
1052 1954 1290 2028 θύγατερ
1334 1934 1724 2032 Ἰερουσα).ήμ”
1761 1934 1869 2016 ἰδοὺ

1988 1951 2221 2007 Praedica
2243 1990 2256 2015 ,
2295 1948 2404 2003 tilia
2436 1945 2739 2001 Jerusalem
2768 1958 2783 1994 :
2820 1956 2950 1998 ecce
2982 1937 3097 1994 Rex
3124 1946 3255 1994 tuus
3283 1937 3432 1992 venit
3457 1934 3555 1989 tibi

246 2050 275 2101 6
302 2046 575 2118 βασιλεύς
617 2065 718 2101 σου
748 2025 965 2121 ἔρχεταί
993 2065 1075 2103 σοι
1101 2025 1309 2115 δίκαιος
1347 2025 1440 2106 καὶ
1474 2025 1682 2119 σώζων,
1714 2056 1875 2120 αὐτὸς

1988 2043 2166 2113 iustus
2204 2047 2258 2095 et
2300 2036 2570 2103 Salvator,
2625 2035 2742 2104 ipse
2791 2040 3111 2087 mansuetus
3162 2037 3217 2083 et
3264 2025 3555 2097 impositus

252 2139 436 2209 πραῢς
464 2140 574 2193 καὶ
602 2118 957 2211 ὲπιδεθηκὼς
976 2143 1069 2196 ἐπὶ
1097 2143 1389 2213 ὑποζύγιον
1416 2144 1510 2199 καὶ
1536 2118 1713 2200 πῶλον
1732 2118 1873 2202 νέονι

1988 2150 2151 2205 super
2172 2133 2483 2204 jumcntum
2516 2136 2570 2184 et
2597 2127 2803 2199 pullum
2833 2124 3257 2180 adolescentem.
3285 2120 3347 2174 Et
3374 2118 3560 2190 perdet

252 2231 363 2284 Καὶ
393 2230 796 2304 ὲξολοθρεύσει
826 2233 1049 2305 ἅρματα
1095 2234 1156 2301 ἐξ
1196 2236 1457 2308 Ἐφραίμ,
1490 2238 1586 2291 καὶ
1620 2238 1786 2292 ἵππον
1817 2239 1879 2303 ἐξ

1988 2241 2178 2282 currus
2213 2240 2282 2280 ex
2320 2220 2596 2293 Ephrem,
2637 2226 2692 2276 et
2726 2232 2927 2288 equum
2991 2231 3058 2271 ex
3109 2212 3450 2269 Jerusalem:
3505 2218 3561 2267 et

262 2324 688 2397 Ἰερουσαλήμ·
723 2327 817 2380 καὶ
845 2305 1356 2399 ὲξολοθρευθήσεται
1378 2305 1531 2396 τόξον
1558 2329 1878 2401 πολεμικὸν,

1988 2319 2241 2390 perdetur
2278 2330 2442 2372 arcus
2481 2314 2753 2373 bellicus.
2796 2317 2851 2367 et
2899 2308 3237 2364 abundantia
3290 2305 3444 2376 pacis
3492 2320 3557 2361 ex

253 2415 349 2469 καὶ
376 2415 606 2488 πλῆθος
648 2418 871 2489 εἰρήνης
899 2417 961 2482 ἐξ
991 2397 1321 2474 ὲθνῶνξΚαὶ
1354 2420 1612 2492 κατάρξει
1643 2397 1751 2476 ἀπὸ
1780 2423 1878 2476 θα-

1988 2410 2253 2482 gentibus.
2296 2406 2365 2460 Et
2403 2405 2775 2477 principatum
2814 2400 3088 2457 obtinebit
3133 2415 3162 2453 a
3212 2397 3351 2452 mari
3387 2412 3561 2466 usque

257 2486 619 2576 idonei-iw;
646 2486 946 2577 θαλάσσης,
986 2507 1080 2560 κα)⁸
1122 2508 1232 2562 άπὸ
1260 2486 1520 2580 ποταμῶν
1557 2510 1623 2563 δι’
1651 2511 1879 2576 ἐκϐολὰς

1988 2501 2048 2556 ad
2080 2514 2266 2563 mare,
2299 2504 2353 2553 et
2379 2511 2410 2550 a
2437 2494 2759 2550 fluminibus
2791 2507 2888 2562 per
2916 2488 3223 2559 ejectiones
3253 2494 3416 2542 terra:
3443 2486 3510 2539 ”.
3537 2504 3555 2536 ι

256 2593 382 2664 γῆς.
424 2614 445 2647 ι
476 2595 680 2650 Ταῦτα
710 2597 836 2668 περὶ
860 2598 960 2669 τῆς
982 2598 1075 2652 τοῦ
1113 2599 1366 2670 Σωτῆρος
1390 2577 1548 2670 ημῶν
1579 2602 1879 2673 παρουσίας

1988 2593 2107 2647 Haec.
2162 2591 2253 2646 ubi
2304 2590 2373 2646 de
2421 2586 2728 2642 Salvatoris
2778 2583 2955 2639 nostri
3005 2582 3245 2637 adventu
3287 2580 3392 2634 hoc
3430 2577 3561 2633 item

263 2684 544 2751 θεσπίσας
586 2688 683 2741 καὶ
706 2687 799 2742 νῦν
827 2690 856 2741 6
881 2688 1056 2757 λόγος,
1095 2688 1213 2761 μεθ’
1246 2690 1408 2762 ἕτερα
1446 2693 1574 2764 περὶ
1601 2693 1699 2763 τῆς
1721 2694 1882 2764 ἐσχά-

1988 2687 2104 2740 loco
2138 2683 2423 2739 oraculum
2464 2679 2707 2744 cecinit;
2748 2687 2865 2732 tum
2908 2683 3033 2747 post
3062 2675 3173 2729 alia
3208 2688 3334 2745 qua:
3385 2672 3562 2727 inter-

261 2794 360 2849 της
411 2778 769 2851 ἐρημώσεως
811 2782 914 2853 τῆς
964 2782 1338 2854 Ἰερουσαλὴμ,
1388 2762 1531 2837 τοτὲή
1564 2762 1661 2855 μὲν
1700 2762 1883 2839 ἐπικε-

1988 2772 2181 2845 ponit,
2226 2771 2392 2826 etiam
2437 2768 2505 2824 de
2551 2774 2795 2824 extrema
2847 2764 3152 2821 Jerusalem
3195 2762 3560 2828 desolatione,

267 2871 625 2942 κρυμμὲνως
668 2874 765 2928 καὶ¹
799 2873 867 2927 δι’
905 2874 1265 2946 αἰνιγμάτων,
1311 2874 1431 2929 τοτὲ
1461 2874 1518 2929 δὲ
1556 2875 1882 2942 ἀκαλύπτως

1988 2882 2131 2921 nunc
2181 2863 2399 2920 occulte
2451 2876 2516 2917 ac
2570 2875 2669 2931 per
2722 2859 2995 2915 obscuros
3043 2872 3362 2925 sermones,
3417 2870 3565 2911 nunc

1983 2956 2240 3028 explicite
2268 2962 2434 3026 atque
2466 2958 2655 3024 aperte
2681 2951 2849 3007 verba
2885 2948 3047 3013 facit,
3077 2949 3314 3005 obscure
3343 2947 3560 3018 quidem

1985 3063 2050 3102 ac
2085 3048 2334 3120 ﬁgurate,
2367 3045 2457 3102 ubi
2489 3046 2603 3100 ait:
2636 3043 2805 3117 408
2835 3061 2854 3094 ι
2886 3042 3084 3114 Aperi,
3113 3041 3350 3109 Libane,
3376 3050 3567 3113 portas

264 2964 673 3034 ἀναφωνεῖοδι⁹
707 2967 1048 3038 αἰνιγμάτων
1084 2966 1182 3037 μὲν
1206 2967 1265 3019 ὲν
1310 2960 1391 3031 οἷς
1421 2983 1583 3036 φησιο
1620 2986 1638 3019 ι
1675 2967 1884 3021 Διάνοιο

264 3054 382 3122 ξον,
406 3058 437 3109 6
469 3056 735 3122 Λίϐανος,
762 3057 862 3123 τὰς
900 3056 1075 3121 πύλας
1098 3074 1214 3123 σου,
1262 3056 1358 3110 καὶ
1384 3058 1747 3129 καταφαγέοτω
1772 3057 1884 3130 πῦρ

266 3148 369 3215 τὰς
400 3150 645 3223 κέδρους
689 3167 803 3204 σου.
849 3149 1183 3217 Ὀλολυξάτω
1225 3150 1402 3215 πίτυς,
1451 3149 1585 3203 διότι
1627 3150 1882 3223 πέπτωκε

1988 3148 2109 3198 tuas
2129 3182 2145 3207 ,
2176 3149 2231 3198 et
2261 3141 2513 3197 comedat
2552 3140 2693 3210 ignis
2731 3137 2926 3195 cedros
2966 3146 3115 3196 tuas.
3144 3136 3326 3193 Ululet
3364 3138 3527 3208 pinus
3549 3176 3564 3201 .

268 3241 490 3316 αέδρος,
546 3242 686 3297 διότι
735 3243 987 3314 μεγάλως
1041 3244 1363 3314 μεγιστᾶνες
1412 3242 1880 3317 ἐταλαιπώρησαν.

1988 3235 2245 3307 quoniam
2279 3233 2479 3289 cecidit
2508 3231 2708 3287 cedrus
2732 3271 2748 3297 ,
2779 3230 3038 3301 quoniam
3083 3245 3413 3302 magnopere
3451 3245 3569 3285 ma-

284 3331 647 3399 ἶολολύξατε,
688 3332 850 3406 δρύες
891 3334 992 3405 τῆς
1031 3332 1396 3398 Βασανίτιδος,
1432 3335 1883 3408 ὄτικατεσπάσθη

1988 3331 2169 3403 guillci
2203 3328 2387 3384 alliicti
2427 3335 2577 3383 sunt.
2617 3325 2834 3381 Ululate
2857 3366 2872 3388 ,
2914 3340 3153 3396 quercus
3190 3323 3522 3381 Basanitidis
3548 3364 3564 3389 ,

269 3422 303 3499 6
333 3421 558 3495 δρυμὸς
599 3424 628 3476 6
661 3423 972 3495 σύμφυτος’
1016 3423 1168 3495 φωνὴ
1206 3423 1546 3497 θρηνούντων
1585 3427 1878 3498 ποιμένων,

1988 3422 2243 3494 quoniam
2269 3420 2566 3476 convulsus
2590 3425 2675 3474 est
2697 3418 2874 3474 saltus
2900 3418 3174 3474 consitus.
3205 3415 3326 3472 Vox
3352 3417 3562 3471 lamen-

271 3511 361 3578 ὅτι
410 3511 907 3584 τεταλαιπώρηκεν
956 3514 990 3584 ἡ
1054 3513 1410 3586 μεγαλωσύνη
1469 3515 1681 3570 αύτῶψ
1731 3516 1880 3587 φωνὴ

1988 3515 2221 3571 tantium
2245 3518 2528 3584 pastorum
2547 3552 2562 3577 ,
2588 3511 2850 3582 quoniam
2876 3510 3077 3566 amicta
3099 3517 3185 3566 est
3216 3508 3572 3580 magniﬁcen-

273 3601 625 3676 ᾠρυομένων
651 3604 901 3670 λεόντων,
929 3606 1013 3659 ὃτι
1045 3605 1489 3680 τεταλαιπὼρηκε
1520 3607 1582 3661 τὸ
1619 3608 1883 3679 φρύαγμα

1988 3607 2060 3662 lia
2091 3621 2303 3662 eorum.
2335 3602 2450 3660 Vox
2485 3604 2818 3675 rugientium
2864 3603 3115 3667 leonum,
3148 3602 3406 3673 quoniam
3436 3601 3570 3657 ami-

278 3692 376 3768 τοζι
412 3693 712 3765 Ἰορδάνου.
748 3713 766 3746 ι
805 3695 990 3750 Ταῦτα
1038 3696 1136 3768 μὲν
1167 3698 1236 3751 δι’
1276 3699 1643 3770 αἰνιγμάτων·
1691 3700 1790 3771 τὴν
1826 3700 1883 3752 δὲ

1988 3707 2074 3755 cta
2111 3706 2197 3755 est
2236 3696 2493 3770 superbia
2528 3694 2789 3752 Jordanis
2831 3695 2871 3750 ³.
2905 3714 2923 3747 ι
2953 3693 3018 3749 Et
3056 3694 3173 3749 haec
3211 3694 3432 3765 quidem
3473 3709 3571 3764 per

277 3783 494 3863 τούτων
546 3785 844 3857 ἑρμηνείαν
888 3786 1284 3853 άνακαλύπτως
1324 3790 1352 3842 6
1390 3790 1550 3854 αὐτὸς
1603 3793 1883 3863 προφήτης

1988 3792 2308 3863 mnigmata:
2338 3789 2435 3845 sed
2461 3804 2652 3845 eorum
2680 3787 3189 3857 interpretationem
3213 3795 3403 3857 aperte
3425 3785 3569 3840 idem

285 3879 549 3952 ἐπιφέρει
595 3880 812 3950 λέγων*
858 3900 877 3932 ι
919 3881 1054 3937 Ἰδοὺ
1092 3880 1204 3952 ἐγὼ
1242 3882 1433 3953 τίθημι
1473 3883 1575 3953 τὴν
1618 3884 1883 3953 Ἰερουσα-

1988 3882 2254 3952 propheta
2288 3878 2572 3950 adjungit,
2612 3877 2805 3933 dicens
2833 3894 2847 3932 :
2884 3895 2902 3929 ι
2935 3875 3077 3931 Ecce
3107 3891 3207 3947 ego
3236 3891 3384 3947 pono
3410 3873 3573 3930 Jeru-

280 3967 397 4047 λὴμ
425 3970 513 4041 ᾡς
544 3972 803 4045 πρόπυλα
836 3971 1172 4044 σαλευόμενα
1221 3972 1394 4027 ἅπασι
1445 3976 1559 4037 τοῖς
1604 3973 1752 4038 λαοῖς
1793 3972 1883 4027 κύ-

1989 3974 2158 4028 salem
2188 3981 2248 4025 ut
2275 3970 2544 4026 vestibula
2568 3984 2689 4038 qua:
2717 3967 3043 4038 quatiuntur
3068 3967 3326 4023 omnibus
3355 3966 3572 4037 populis

283 4060 422 4134 κλιρ,
460 4063 564 4141 διαὶ
595 4064 655 4116 ὲν
682 4066 750 4135 τῇ
789 4063 1050 4136 Ἰουδαίᾳο
1091 4063 1187 4116 καὶ
1216 4062 1366 4118 ἔσται
1399 4063 1628 4136 περιοχὴ
1665 4064 1757 4117 ἐπὶ
1788 4065 1883 4118 ἰε-

1989 4063 2043 4117 in
2078 4060 2350 4124 circuitu,
2382 4066 2437 4114 et
2473 4058 2528 4113 in
2563 4055 2749 4112 Judaea
2779 4075 2794 4111 :
2835 4063 2891 4110 et
2934 4055 3040 4110 erit
3086 4055 3331 4111 ambitus
3361 4057 3421 4110 in
3460 4055 3572 4110 cir-

284 4153 601 4233 ρσυσαλήμ.
634 4152 745 4207 Καὶ
779 4152 933 4206 ἔσται
976 4154 1034 4207 ὲν
1081 4154 1150 4223 τῇ
1202 4150 1388 4223 ἡμέρᾳ
1413 4151 1616 4224 ἐκείνῃ,
1651 4150 1883 4221 θήσομαι

1989 4153 2139 4209 cuitu
2173 4160 2367 4207 contra
2396 4149 2729 4207 Jerusalem.
2757 4149 2825 4202 Et
2852 4148 2961 4204 erit
2990 4147 3046 4202 in
3078 4148 3168 4204 die
3195 4148 3289 4203 illa
3312 4188 3329 4213 ,
3365 4164 3567 4220 ponam

286 4244 389 4315 τὴν
438 4245 803 4321 Ἰερουσαλὴμ
857 4244 1005 4299 λίθον
1058 4244 1542 4317 καταπατούμενον
1595 4246 1730 4299 πᾶσι
1777 4247 1890 4309 τοῖς

290 4333 495 4399 ἔθνεσι.
531 4338 649 4401 Πᾶς
670 4338 704 4390 6
735 4335 1068 4391 καταπατῶν
1101 4335 1271 4408 αὐτὴν
1300 4335 1585 4406 ὲμπαίζων
1629 4335 1893 4407 ὲμπαίξε-

287 4441 401 4491 ται,
432 4427 534 4493 καὶ
560 4427 1096 4499 ἐπισυναχθήσονται
1124 4428 1212 4481 ἐπ’
1238 4427 1409 4499 αὐτὴν
1451 4428 1629 4482 πάντα
1661 4427 1728 4481 τὰ
1761 4426 1888 4500 ἔθνη

289 4517 392 4588 τῆς
434 4520 563 4590 τῆς.
607 4539 627 4573 ι
660 4519 765 4574 Kal.
798 4516 943 4589 μετά
994 4516 1199 4591 βραχέα
1234 4518 1509 4587 ἐπιλέγει⁸
1549 4538 1568 4571 ι
1610 4519 1722 4573 Καὶ
1772 4520 1883 4571 ὲπι-

1992 4528 2152 4575 tcrrae
2189 4522 2231 4574 ².
2272 4539 2290 4570 ι
2317 4517 2383 4571 Ει
2414 4524 2539 4588 post
2572 4531 2747 4587 pauca
2787 4515 3076 4585 adjungit:
3119 4532 3138 4565 ι
3172 4513 3237 4567 Et
3273 4513 3569 4583 respicient

291 4607 585 4679 ϐλέψονται
613 4610 752 4680 πρὸς
784 4611 873 4681 μὲ,
906 4610 1023 4665 ἀνθ’
1071 4604 1147 4666 ὧν
1189 4612 1612 4683 κατωρχήσαντο
1632 4628 1646 4641 ·
1680 4610 1774 4665 καὶ
1802 4611 1883 4664 κάη

1993 4611 2061 4666 ad
2093 4626 2179 4666 me
2204 4650 2220 4675 ,
2259 4624 2423 4680 quem
2462 4607 2845 4672 conﬂixerunt,
2886 4612 3175 4676 propterea
3214 4602 3362 4674 quod
3400 4602 3571 4657 insul-

293 4699 494 4769 ψονται
524 4703 609 4755 ἐπ’
639 4701 804 4756 αὐτὸν
830 4702 1064 4756 κοπετὸν
1088 4702 1164 4767 ὡς
1193 4703 1279 4756 ἐπ’
1308 4680 1599 4773 ἀγαπητῷ,
1645 4702 1739 4756 καλ⁸
1771 4700 1883 4754 ὀδύ-

1996 4709 2249 4756 taverunt
2283 4718 2296 4757 :
2330 4708 2385 4756 ct
2423 4700 2683 4769 plaugeut
2721 4712 2889 4768 super
2925 4711 2992 4751 eo
3055 4696 3334 4766 planctum
3381 4700 3441 4748 ut
3472 4710 3572 4749 su-

292 4807 395 4863 νην
422 4794 503 4858 ὡς
531 4793 623 4847 ἐπὶ
657 4794 1006 4866 πρωτοτόκῳ.
1050 4795 1139 4848 Ἐν
1279 4793 1463 4866 ἡμέρᾳ
1486 4794 1668 4866 ἐκείνῃ
1723 4810 1883 4864 μεγα-

1996 4809 2093 4863 per
2120 4792 2410 4853 dilecto.et
2436 4790 2681 4845 dolorem
2697 4795 2757 4844 ut
2783 4803 2948 4858 super
2980 4786 3362 4858 primogenito.
3396 4785 3454 4839 In
3487 4784 3577 4840 die

298 4883 621 4961 λυνθήσεται
686 4890 719 4941 6
778 4889 1007 4951 κοπετδς
1065 4885 1421 4959 Ἰερουσαλὴμ
1443 4926 1459 4949 ,
1524 4887 1601 4950 ὡς
1660 4876 1883 4950 κοπετὸς

1996 4885 2087 4940 illa
2117 4882 2561 4956 magiiilicabitur
2588 4883 2846 4954 planctus
2869 4878 3171 4936 Jerusalem
3193 4919 3209 4943 ,
3235 4886 3295 4933 ut
3322 4878 3575 4948 planctus

310 4978 541 5055 Ῥοῶνος
582 4982 640 5033 ὲν
673 4979 841 5051 πεδίῳ
877 4977 1302 5049 ὲκκοπτομένου.
1342 4978 1454 5031 Καὶ
1496 4977 1719 5048 κόψεται
1750 4979 1783 5048 ἡ
1816 4978 1883 5049 γῆ

1995 4977 2257 5034 Rhoonos
2299 4976 2353 5030 in
2393 4990 2588 5046 campo
2622 4974 2745 5045 ejus
2781 4974 2875 5045 qui
2914 4972 3205 5029 exciditur.
3251 4970 3317 5024 Et
3353 4970 3573 5041 planget

303 5068 443 5123 κατὰ
478 5069 668 5139 φυλὰς,
703 5067 845 5143 gold]
886 5067 1039 5122 οἴκου
1070 5066 1236 5121 Δαϐιδ
1284 5065 1404 5119 καθ’
1455 5065 1672 5136 ἑαυτὴν,
1704 5066 1800 5119 καὶ
1831 5066 1883 5120 αί

1996 5078 2142 5126 terra
2180 5068 2472 5124 tributim:
2517 5066 2697 5122 tribus
2736 5067 2935 5122 domus
2977 5062 3147 5118 David
3186 5077 3437 5119 seorsum
3462 5102 3478 5127 ,
3518 5068 3576 5117 et

306 5162 556 5225 γυναῖκες
583 5161 765 5223 αὐτῶν
794 5158 917 5225 καθ’
941 5159 1173 5223 ἑαυτάς
1204 5157 1344 5230 φυλὴ
1374 5156 1525 5211 οίκου
1551 5156 1737 5212 Νάθαν
1770 5157 1892 5211 καθ’

307 5249 521 5323 ἑαυτὴν.
549 5252 643 5311 καὶ
690 5252 749 5307 αἱ
796 5253 1054 5321 γυναῖκες
1095 5249 1275 5305 αὐτῶν
1316 5249 1439 5304 καθ’
1484 5248 1713 5312 ἑαυτάςο
1750 5248 1892 5321 φυλὴ

308 5341 451 5397 οἴκου
483 5342 616 5402 Λενῖ
648 5343 774 5407 καθ’
806 5340 1025 5413 ἑαυτὴν,
1060 5341 1156 5395 καὶ
1193 5343 1248 5396 αἱ
1278 5343 1537 5410 γυναῖκες
1568 5341 1747 5395 αὐτῶν
1770 5340 1893 5395 καθ’

308 5432 534 5498 ἑαυτάςε
578 5433 720 5505 φυλὴ
761 5433 856 5487 τοῦ
905 5431 1129 5504 Συμεὼν
1168 5432 1291 5487 καθ’
1325 5431 1543 5504 ἑαυτὴν,
1572 5432 1666 5487 καὶ
1706 5434 1762 5486 αί
1792 5449 1892 5502 γυ-

309 5526 487 5590 ναῖκες
510 5525 694 5580 αὐτῶν
725 5524 847 5579 καθ’
878 5524 1107 5588 ἑαυτάς·
1142 5526 1314 5579 πᾶσαι
1353 5526 1409 5579 αἱ
1438 5524 1891 5596 ὑπολελειμμέναι

311 5617 489 5686 ςυλαὶ,
519 5617 662 5692 (ευλη
690 5616 814 5670 καθ’
842 5613 1062 5687 ἑαυτὴν,
1090 5615 1182 5669 καὶ
1204 5616 1259 5669 αἱ
1279 5618 1534 5685 γυναῖκες
1562 5614 1742 5669 αὐτῶν
1766 5614 1889 5669 καθ’

311 5707 520 5773 ἑαυτάς.
570 5728 589 5760 ι
639 5708 753 5762 Καὶ
802 5705 964 5761 πάλιν
1006 5706 1123 5778 μεθ’
1170 5705 1334 5779 ἕτερα
1385 5704 1481 5778 τὴν
1512 5706 1748 5778 ἐσχάτην
1792 5707 1893 5779 τῆς

323 5800 668 5874 Ἰερουσαλὴμ
696 5798 1014 5872 πολιορκίαν
1036 5799 1367 5873 σαφέστερον
1388 5799 1665 5872 κηρύττει,
1694 5799 1886 5869 λέγων⁸

1987 4244 2290 4302 Jerusalem
2343 4241 2617 4313 lapidem,
2666 4240 2762 4311 qui
2803 4239 3165 4295 conculcetur
3203 4241 3273 4295 ab
3309 4240 3570 4295 omnibus

1991 4338 2265 4409 gentibus.
2300 4335 2493 4393 Omnis
2523 4334 2619 4407 qui
2649 4333 2939 4389 conculcet
2977 4348 3131 4397 eam,
3175 4332 3411 4389 illudens
3444 4333 3571 4388 illuo
3599 4368 3601 4370 -

1990 4430 2148 4484 detur
2174 4447 2189 4483 :
2221 4434 2275 4482 et
2305 4424 2791 4497 congregabuntur
2820 4439 2986 4493 super
3009 4436 3129 4478 eam
3159 4437 3351 4481 omnes
3380 4430 3569 4492 gentes

1995 5161 2256 5217 mulieres
2278 5175 2471 5216 eorum
2500 5173 2750 5216 seorsum
2777 5177 2790 5213 :
2817 5156 2997 5211 tribus
3025 5155 3222 5211 domus
3245 5153 3461 5209 Nathan
3487 5170 3577 5209 se-

1995 5268 2184 5311 orsum
2204 5293 2220 5318 ,
2255 5261 2312 5308 et
2342 5251 2601 5307 mulieres
2630 5265 2821 5305 eorum
2852 5262 3104 5304 seorsum
3134 5265 3148 5300 :
3177 5246 3355 5302 tribus
3376 5246 3577 5303 domus

1996 5345 2127 5402 Levi
2177 5358 2462 5408 seorsum,
2512 5351 2567 5398 et
2619 5342 2884 5397 mulieres
2933 5354 3125 5396 eorum
3156 5354 3441 5395 seorsum:
3473 5339 3577 5393 tri-

1997 5436 2103 5492 bus
2129 5434 2349 5491 Simeon
2379 5447 2629 5489 seorsum
2652 5472 2668 5496 ,
2696 5442 2750 5486 et
2772 5431 3032 5487 mulieres
3061 5445 3251 5485 eorum
3280 5445 3527 5485 seorsum
3556 5448 3570 5484 :

1996 5543 2189 5584 omnes
2218 5526 2443 5597 reliqua:
2471 5525 2669 5588 tribus,
2702 5523 2880 5578 tribus
2911 5538 3162 5578 seorsum
3183 5561 3200 5586 ,
3228 5529 3287 5578 et
3314 5521 3575 5577 mulieres

1998 5633 2190 5675 eorum
2240 5632 2490 5673 seorsum
2519 5616 2561 5670 ³.
2592 5634 2612 5667 ι
2640 5613 2857 5670 Rursus
2904 5622 3029 5684 post
3078 5612 3222 5676 alia,
3270 5618 3572 5667 extremam

1997 5710 2150 5766 urbis
2187 5707 2489 5765 Jerusalem
2530 5708 2875 5763 obsidionem
2914 5705 3134 5777 planius
3160 5704 3431 5768 enuntiat,
3485 5701 3574 5758 di-

2006 5817 2177 5858 cens:
2217 5821 2234 5854 ι
2266 5800 2405 5858 Ecce
2442 5800 2561 5857 dies
2598 5801 2827 5857 veniunt
2864 5799 3122 5864 Domini,
3161 5804 3219 5853 et
3253 5796 3568 5853 dividentur

380 5960 422 5990 ’³
462 5956 626 6015 Zach.
657 5973 725 6025 ιι,
770 5956 949 6025 ιο,ιι.
1029 5956 1072 5989 ’³
1112 5950 1342 6009 Zachar.
1378 5971 1430 6012 ix
1457 5998 1472 6027 ,
1561 5955 1723 6026 9,10.
1805 5959 1817 5990 ¹
1861 5956 1883 6012 ἶ

1988 5972 2087 6014 nar.
2129 5972 2218 6027 ιι,
2257 5957 2375 6015 1-5.
2455 5958 2475 5991 ¹
2516 5955 2747 6015 Zachar.
2783 5972 2894 6025 xu,
2933 5956 2988 6023 ἓ,
3016 5956 3071 6012 3.
3148 5956 3168 5989 ⁸
3206 5954 3342 6013 ibid.
3380 5952 3544 6013 10·ίὸ
