4106 6420
587 379 692 435 639

1220 371 1490 428 EUSEBII
1522 367 2006 425 CESARIENSIS
2037 364 2189 420 OPP.
2221 364 2402 420 PARS
2439 365 2503 422 ll.
2537 398 2607 408 —
2644 365 3141 421 APOLOGETICA.

3749 362 3862 418 640

586 490 758 560 spolia
797 497 891 544 tua
931 489 987 544 in
1026 498 1112 553 te,
1146 495 1202 543 et
1241 487 1590 558 congregabo
1628 501 1821 542 omnes
1859 494 2051 557 gentes
2084 483 2145 538 ad

2264 499 2281 532 ι
2334 482 2464 537 Ἰδοὺ
2509 486 2710 555 ἡμέραι
2753 484 2998 556 ἔρχονται
3037 482 3132 536 τοῦ
3171 483 3397 555 Κυρίου,
3449 483 3541 536 καὶ
3584 483 3862 553 διαμερι-

584 580 885 636 Jerusalem
916 580 974 634 in
1005 580 1205 634 bellum
1226 617 1241 643 ,
1269 586 1325 633 et
1361 577 1609 647 capietur
1648 575 1845 632 civitas
1869 615 1886 639 ,
1926 582 1982 631 et
2016 572 2154 628 diri-

585 670 803 741 pientur
828 670 1061 734 domus,
1097 679 1152 725 et
1184 669 1442 725 mulieres
1471 669 1805 739 polluentur,
1840 676 1894 722 et
1921 666 2159 738 egredie-

587 771 678 815 tur
725 760 1014 815 dimidium
1064 759 1305 815 civitatis
1359 759 1416 813 in
1474 759 1901 829 captivitatem:
1954 756 2155 826 reliqui

584 864 768 910 autem
804 854 872 910 de
899 854 1102 925 populo
1135 869 1257 909 meo
1286 868 1398 907 non
1432 852 1687 923 peribunt
1717 852 1787 907 de
1817 851 2037 907 civitate
2056 889 2072 913 ,
2100 857 2155 904 et

582 945 896 1016 egredietur
935 944 1233 1007 Dominus,
1274 952 1328 999 et
1360 944 1767 1013 comparabitur
1803 943 1869 996 ad
1906 941 2153 1012 praelium

583 1036 642 1092 in
692 1037 946 1107 gentibus
993 1035 1134 1101 illis,
1181 1035 1329 1090 sicut
1378 1034 1496 1090 dies
1541 1034 1713 1104 praelii
1765 1034 1886 1103 ejus
1915 1075 1928 1096 ,
1971 1033 2026 1086 in
2066 1031 2155 1086 die

586 1128 753 1193 belli,
796 1136 850 1183 et
888 1128 1117 1184 stabunt
1156 1127 1321 1198 pedes
1359 1126 1482 1196 ejus
1520 1128 1576 1182 in
1615 1126 1705 1181 die
1743 1126 1834 1180 illa
1874 1126 1930 1181 in
1971 1113 2154 1181 m'onte

583 1220 861 1276 Olivarum
913 1220 1057 1291 quod
1108 1228 1192 1275 est
1242 1228 1434 1275 contra
1484 1219 1787 1275 Jerusalem
1823 1219 1866 1273 ⁸.
1901 1238 1918 1270 ι
1949 1218 2152 1275 Deinde

584 1320 707 1381 post
744 1312 852 1365 alia
890 1327 1012 1382 qua:
1052 1313 1109 1365 in
1150 1311 1329 1365 medio
1365 1310 1554 1382 ponit,
1595 1310 1710 1366 haec
1745 1312 1819 1365 ait
1851 1331 1865 1365 :
1896 1330 1914 1362 ι
1952 1309 2016 1364 Et
2048 1310 2153 1366 erit

584 1402 848 1458 Dominus
889 1418 1068 1465 unus,
1107 1411 1161 1457 et
1198 1418 1398 1457 nomen
1427 1403 1547 1471 ejus
1583 1419 1748 1457 unum
1784 1403 2152 1472 complectens

581 1510 796 1549 omnem
830 1503 1032 1549 terram
1064 1503 1119 1549 et
1148 1484 1422 1549 desertum
1456 1494 1499 1549 ⁸.
1534 1514 1552 1546 ι
1590 1493 1755 1566 409
1786 1493 1998 1549 Rursus
2027 1503 2149 1565 post

582 1585 688 1638 alia
730 1585 860 1638 dum
900 1585 1201 1655 prOphetia:
1241 1585 1380 1639 libro
1418 1584 1713 1640 terminum
1755 1587 1943 1656 ponit,
1979 1602 2148 1641 voca-

579 1675 781 1727 tionem
818 1674 1058 1745 gentium
1096 1674 1181 1730 his
1211 1675 1395 1730 verbis
1426 1674 1673 1730 divinat:
1706 1695 1724 1726 ι
1759 1674 1825 1729 Ει
1858 1676 1996 1741 erit,
2028 1677 2150 1747 qui-

579 1780 798 1835 cunque
848 1765 1025 1819 relicti
1070 1765 1275 1819 fuerint
1306 1781 1373 1821 ex
1413 1766 1669 1822 omnibus
1707 1767 1993 1836 gentibus,
2027 1783 2147 1838 qua:

2260 573 2546 644 σθήσονται
2573 577 2642 633 τὰ
2671 575 2843 629 σκῦλά
2872 593 2963 629 σου
2987 576 3044 629 ὲν
3068 575 3169 638 σοὶ,
3193 575 3286 628 καὶ
3314 574 3629 639 ἑπισυνάξω
3668 574 3861 627 πάντα

2254 664 2324 718 τὰ
2355 664 2482 737 ἔθνη
2510 668 2603 722 ἐπὶ
2637 668 2985 739 Ἰερουσαλὴμ
3032 669 3111 730 είς
3144 664 3400 735 πόλεμον,
3439 665 3533 718 καὶ
3561 663 3860 719 ἁλώσεται

2254 758 2288 827 ή
2321 756 2494 821 πόλις,
2526 760 2619 812 καὶ
2645 759 3108 830 διαρπαγήσονται
3147 759 3203 810 αἱ
3234 757 3424 820 οἰκίαι,
3447 757 3541 811 καὶ
3572 758 3862 825 γυναῖκες

2257 848 2698 921 μολυνθήσονται,
2733 850 2827 904 καὶ
2858 850 3191 915 ἐξελεύσεται
3218 847 3278 902 τὸ
3296 850 3465 920 ἥμισυ
3497 848 3592 919 τῆς
3630 845 3863 910 πόλεως

2253 944 2311 997 ἐν
2358 943 2734 1013 αἰχμαλωσίᾳ·
2777 944 2824 995 oi
2861 942 2919 996 δὲ
2961 940 3274 996 κατάλοιποι
3316 940 3411 994 τοῦ
3455 939 3584 994 λαοῦ
3628 956 3749 1011 μου
3791 940 3856 992 οὐ

2257 1035 2331 1107 μὴ
2365 1035 2814 1106 ἐξολοθρευθῶσιν
2850 1038 2912 1089 ἑκ
2946 1036 3041 1106 τῆς
3074 1036 3300 1100 πόλεως.
3337 1035 3447 1089 Καὶ
3490 1032 3859 1102 ἐξελεύσεται

2253 1127 2476 1201 Κύριος,
2517 1128 2609 1181 καὶ
2653 1127 3018 1199 παρατάξεται
3062 1129 3119 1181 ἐν
3160 1130 3272 1191 τοῖς
3323 1126 3530 1181 ἔθνεσιν
3576 1124 3857 1189 ἐκείνοις,

2253 1217 2435 1281 καθὼς
2481 1220 2665 1291 ἡμέρα
2712 1218 3066 1288 παρατάξεως
3122 1218 3283 1272 αὑτοῦ
3325 1219 3381 1272 ἑν
3439 1217 3625 1289 ἡμέρᾳ
3687 1215 3860 1269 πολέ-

2256 1331 2391 1385 μου,
2444 1312 2539 1366 καὶ
2590 1311 2879 1380 στήσονται
2921 1309 2970 1361 οἱ
3020 1308 3180 1372 πόδες
3219 1307 3381 1363 αὐτοῦ
3431 1310 3488 1361 ὲν
3536 1309 3603 1378 τῇ
3650 1306 3858 1377 ἡμέρα

2252 1403 2436 1476 ἐκείνῃ
2490 1403 2582 1455 ἐπὶ
2647 1401 2709 1454 τὸ
2769 1399 2895 1471 ὅρος
2956 1399 3064 1452 τῶν
3136 1399 3359 1451 Ἐλαιῶν
3417 1399 3475 1453 τὸ
3542 1396 3857 1451 κατέναντι

2260 1497 2637 1567 Ἰερουσαλήμ.
2688 1513 2706 1545 ι
2749 1492 2879 1546 Εἶτα
2929 1492 3046 1563 μεθ’
3107 1493 3268 1564 ἑτερα
3327 1490 3398 1545 τὰ
3457 1489 3668 1562 μεταξύ
3739 1507 3847 1560 φη-

2252 1605 2364 1641 σιν·
2414 1607 2433 1638 ι
2482 1588 2590 1642 Καὶ
2631 1587 2781 1640 ἔσται
2828 1586 3031 1657 Κύριος
3071 1580 3171 1649 εἷς,
3207 1585 3299 1638 καὶ
3339 1582 3400 1636 τὸ
3446 1584 3616 1653 ὄνομα
3671 1579 3853 1634 αὐτοῦ

2253 1678 2331 1741 ἑν,
2376 1676 2608 1731 κυκλοῦν
2651 1678 2826 1730 πᾶσαν
2852 1677 2952 1746 τὴν
2976 1676 3100 1746 γῆν,
3129 1676 3222 1728 καὶ
3264 1671 3362 1743 τήν
3408 1671 3635 1742 ἔρημον.
3679 1689 3702 1722 ο
3734 1668 3854 1723 Καὶ

2248 1766 2403 1833 αὖθις
2452 1769 2572 1841 μεθ’
2610 1770 2771 1841 ἑτερα
2822 1768 3171 1840 περιγράφων
3213 1765 3309 1837 τὴν
3348 1763 3527 1834 βίϐλον
3558 1763 3668 1833 τῆς
3704 1778 3845 1833 προ-

581 1853 827 1911 venerint
855 1856 910 1909 in
935 1853 1233 1912 Jerusalem
1258 1898 1272 1922 ,
1302 1865 1356 1912 et
1383 1859 1678 1913 ascendent
1708 1859 1939 1929 singulis
1964 1861 2145 1924 anuis,

2251 1861 2496 1934 φητείας,
2522 1861 2622 1933 τὴν
2645 1861 2833 1930 κλῆσιν
2856 1861 2965 1912 τῶν
2988 1860 3156 1914 ἐθνῶν
3176 1858 3263 1911 διὰ
3287 1856 3491 1911 τούτων
3541 1853 3809 1919 θεσπίζει
3828 1871 3842 1885 ·

581 1954 638 2000 ιιι
668 1946 898 2001 adorent
924 1945 1125 2018 Regem
1157 1948 1446 2004 Dominum
1483 1952 1910 2022 omnipotentem
1931 1993 1946 2015 ,
1976 1964 2030 2009 et
2058 1970 2150 2010 ce-

578 2040 787 2095 lebrent
813 2039 954 2095 diem
989 2040 1186 2096 festum
1218 2040 1740 2100 Tabernaculorum.
1770 2044 1833 2099 Et
1861 2046 1993 2110 erit,
2021 2049 2147 2117 qui-

577 2145 792 2199 cunque
828 2146 937 2184 nou
980 2131 1326 2186 ascenderint
1346 2149 1411 2188 ex
1435 2135 1689 2192 omnibus
1715 2137 1966 2193 tribubus
1987 2145 2149 2193 terrae

579 2224 633 2274 in
680 2218 983 2275 Jerusalem
1037 2229 1096 2275 ut
1154 2222 1382 2277 adorent
1410 2223 1610 2293 Regem
1647 2226 1935 2282 Dominum
1970 2230 2148 2283 omni-

580 2319 887 2380 potentem,
919 2313 1082 2367 etiam
1112 2313 1167 2367 hi
1198 2316 1306 2372 illis
1346 2316 1635 2373 addentur.
1670 2317 1726 2373 Si
1753 2327 1932 2373 autem
1973 2321 2149 2376 tribus

579 2400 794 2472 Egypti
829 2417 936 2457 non
970 2404 1282 2461 ascenderit
1307 2446 1322 2470 ,
1351 2423 1527 2478 neque
1556 2411 1765 2464 venerit
1792 2411 1921 2465 illuc
1941 2458 1955 2476 ,
1980 2412 2144 2467 etiam

577 2505 742 2560 super
775 2491 860 2546 his
890 2493 998 2547 erit
1023 2494 1182 2548 ruina
1206 2535 1219 2559 ,
1244 2511 1350 2565 qua
1380 2498 1649 2566 percutiet
1672 2497 1936 2553 Dominus
1956 2516 2148 2556 omnes

472 2658 482 2668 ἢ
575 2591 764 2649 gentes
798 2592 985 2649 terrae,
1015 2602 1356 2658 quacunque
1387 2603 1492 2641 non
1519 2591 1866 2644 ascenderint
1903 2590 1970 2644 ad
2002 2593 2138 2645 cele-

575 2676 840 2732 brandum
867 2678 1109 2734 solemne
1134 2677 1660 2737 Tabernaculorum.
1688 2682 1799 2737 Hoc
1825 2684 1927 2739 erit
1952 2699 2146 2754 peccao

574 2781 685 2823 tum
716 2767 937 2840 Egypti
961 2811 975 2833 ,
1009 2779 1063 2826 et
1092 2781 1373 2841 peccatum
1406 2773 1650 2828 omnium
1684 2777 1923 2843 gentium
1951 2815 1965 2836 ,
1999 2792 2146 2845 qua:-

571 2878 788 2932 cunque
828 2878 938 2917 non
969 2863 1316 2919 ascenderint
1340 2865 1405 2918 ad
1441 2866 1827 2921 celebrandum
1858 2868 1999 2921 diem
2035 2868 2147 2921 fes-

571 2961 685 3007 tum
726 2952 1226 3008 Tabernaculorum
1255 2956 1297 3009 ⁸.
1334 2974 1352 3006 ι
1384 2953 1507 3011 Haec
1544 2972 1683 3025 sane,
1699 2955 1997 3011 Zacharias
2023 2966 2146 3026 post

570 3044 805 3099 reditum
837 3044 905 3099 de
936 3043 1242 3115 Babylone,
1267 3043 1430 3099 Dario
1461 3046 1602 3115 apud
1636 3045 1831 3102 Persas
1862 3056 2143 3119 regnante,

570 3135 917 3200 vaticinatur,
950 3150 1058 3205 quo
1099 3141 1341 3205 tempore
1376 3137 1504 3192 urbs
1542 3136 1844 3193 Jerusalem
1885 3155 1915 3192 a
1958 3141 2141 3210 priore
2173 3192 2211 3211 η

570 3224 906 3279 desolatione
925 3225 1160 3279 excitata
1183 3225 1593 3297 iustaurataque
1613 3243 1786 3298 nuper
1802 3228 1999 3293 fuerat,
2019 3248 2140 3301 quae

571 3316 833 3371 desolatio
858 3316 928 3369 illi
955 3332 985 3369 a
1007 3315 1317 3389 Babyloniis
1342 3317 1517 3372 fuerat
1539 3318 1935 3389 illata.Colligit
1957 3330 2139 3377 autem

569 3419 732 3458 omne
757 3413 971 3474 tempus
999 3419 1029 3457 a
1057 3403 1218 3459 Dario
1238 3403 1526 3459 Persarum
1546 3445 1561 3468 ,
1588 3405 1691 3460 sub
1713 3422 1821 3475 quo
1844 3405 2150 3463 Zacharias

570 3497 865 3567 prophetiae
906 3511 1133 3552 munere
1181 3497 1444 3566 fungitur,
1489 3498 1556 3551 ad
1598 3499 1899 3568 Augustum
1939 3497 2141 3553 Roma-

571 3605 765 3644 norum
818 3604 1038 3659 regem,
1089 3605 1356 3643 annorum
1405 3590 1774 3646 hebdomadas
1823 3604 2029 3661 septem
2085 3603 2139 3647 et

569 3680 850 3748 sexaginta
879 3679 1048 3743 duas,
1077 3695 1197 3749 qua:
1226 3679 1368 3749 apud
1396 3678 1669 3734 Danielem
1701 3680 1951 3736 feruntur
1975 3701 1987 3736 :
2018 3698 2138 3753 quae

568 3785 782 3826 summa
818 3784 1088 3824 annorum
1143 3769 1375 3825 eﬂicitur
1418 3771 1943 3841 quadringentorum
1984 3782 2139 3829 octo-

567 3860 712 3931 ginta
758 3860 921 3914 trium
949 3902 964 3926 ,
1009 3869 1066 3915 ut
1100 3860 1442 3917 ostendimus
1477 3862 1529 3915 in
1562 3863 1630 3915 iis
1665 3878 1785 3931 qua:
1821 3866 1982 3932 paulo
2014 3874 2138 3920 ante

568 3968 598 4005 a
647 3952 808 4007 nobis
857 3959 1091 4005 tractata
1149 3960 1303 4006 sunt.
1349 3951 1620 4007 Caeterum
1675 3963 1797 4023 post
1849 3956 2134 4024 imperium

567 4042 921 4099 Macedonum
972 4044 1039 4098 ab
1088 4044 1400 4099 Alexandro
1451 4061 1625 4115 usque
1677 4047 1745 4100 ad
1792 4047 2133 4119 Augustum,

566 4136 726 4190 etiam
758 4137 803 4191 si
830 4136 1005 4206 ipsius
1033 4136 1261 4207 Augusti
1293 4154 1517 4208 regnum
1558 4141 1925 4210 complectare
1946 4180 1961 4205 ,
2001 4143 2136 4198 nihil

565 4243 699 4283 sane
751 4227 895 4296 quod
933 4229 1209 4298 pr0phetae
1248 4231 1429 4285 verbis
1464 4233 1762 4287 concordet
1812 4242 1907 4286 aut
1957 4235 2136 4290 simile

565 4321 669 4385 sit,
720 4319 969 4376 invenias
1014 4335 1137 4375 esse
1175 4321 1526 4391 completum.
1569 4320 1801 4388 Quando
1844 4325 1987 4379 enim
2040 4342 2137 4396 per

564 4411 655 4464 illa
687 4417 932 4480 tempora
970 4411 1017 4467 is
1052 4410 1346 4476 Dominus,
1379 4429 1537 4482 quem
1570 4416 1847 4485 prophetae
1876 4425 1936 4470 ut
1966 4416 2132 4473 Deum

562 4501 877 4566 celebrant,
907 4518 1032 4557 cum
1070 4503 1386 4560 hominibus
1418 4514 1671 4561 versatus
1701 4509 1826 4562 est?
1860 4517 1915 4563 et
1946 4517 2133 4578 gentes
2170 4547 2211 4601 υ

567 4594 750 4678 multa:
779 4593 928 4648 illum
947 4596 1332 4665 agnoverunt?
1363 4599 1724 4669 eumdemque
1758 4601 1932 4654 solum
1964 4600 2131 4655 Deum

563 4686 831 4743 confessa:
873 4688 1047 4743 sunt?
1097 4695 1151 4742 et
1201 4689 1266 4741 ad
1319 4689 1497 4758 ipsum
1546 4691 1924 4763 confugientes
1980 4695 2133 4751 facta:

564 4788 693 4835 sunt
718 4780 766 4833 ei
804 4779 858 4833 in
894 4779 1199 4849 populum?
1230 4780 1315 4835 vel
1345 4782 1568 4850 quando
1599 4783 1817 4838 tandem
1848 4792 1962 4839 toto
1997 4785 2131 4841 Per-

562 4884 747 4923 sarum
791 4876 886 4924 aut
929 4867 1283 4925 Macedonum
1319 4880 1598 4942 tempore,
1648 4875 1694 4930 is
1742 4872 1858 4930 Rex
1906 4876 1973 4931 de
2021 4893 2130 4947 quo

562 4960 833 5032 Propheta
882 4962 1147 5032 loquitur,
1181 4980 1200 5014 ι
1230 4965 1379 5018 venit
1436 4965 1727 5036 impositus
1778 4968 2031 5036 jumento
2074 4977 2128 5023 et

563 5056 711 5125 pullo
766 5054 1203 5112 adolescenti?»
1237 5065 1293 5113 et
1344 5061 1570 5115 veniens
1618 5058 1860 5116 Judaira:
1911 5064 2126 5133 gentis,

562 5160 684 5214 quae
716 5144 951 5216 Ephrem
983 5148 1085 5202 hoc
1116 5148 1237 5202 loco
1273 5147 1495 5214 dicitur,
1532 5158 1585 5205 et
1620 5151 1793 5220 ipsius
1823 5151 2124 5209 Jerusalem

565 5238 770 5307 regiam
803 5238 974 5292 aciem
1000 5278 1014 5303 ,
1052 5255 1173 5308 qua:
1205 5257 1465 5295 curruum
1502 5251 1665 5312 atque
1701 5246 1827 5314 equi
1862 5248 2128 5300 vocabqu

563 5332 900 5396 nominatur,
927 5331 1199 5402 perdidit?
1226 5341 1279 5389 et
1302 5344 1542 5391 armatas
1566 5335 1805 5392 Judaica:
1829 5339 2004 5409 gentis
2031 5355 2126 5394 co-

562 5426 683 5498 pias
714 5421 955 5477 delevit?
983 5421 1097 5478 Hoc
1129 5426 1275 5480 enim
1306 5426 1647 5496 signiﬁcabat
1677 5430 1957 5483 oraculum
1998 5430 2127 5483 illud

563 5515 754 5569 dicens
780 5532 794 5568 :
829 5532 846 5565 ι
877 5513 1018 5569 Ecce
1045 5514 1162 5571 Rex
1193 5524 1320 5572 tuus
1351 5519 1498 5573 venit
1529 5520 1625 5574 tibi
1649 5528 1833 5589 justus
1864 5530 1917 5576 et
1949 5520 2131 5575 Salva-

562 5617 677 5671 tor,
710 5608 826 5680 ipse
859 5617 1179 5663 mansuetus
1212 5618 1266 5663 et
1302 5612 1593 5681 impositus
1628 5628 1792 5681 super
1817 5612 2123 5683 jumeutum

2254 1972 2271 2005 ι
2297 1953 2408 2006 Καὶ
2441 1951 2616 2016 ἔσται,
2647 1952 2761 2005 ὅσοι
2791 1949 2885 2004 ἐὰν
2919 1948 3346 2019 καταλειφθῶσιν
3379 1949 3444 2002 ἐκ
3474 1946 3703 2001 πάντων
3728 1945 3849 1999 τῶν

2248 2040 2416 2095 ἐθνῶν
2436 2042 2545 2094 τῶν
2575 2039 2833 2093 ἐλθόντων
2870 2039 2962 2091 ἐπὶ
2997 2037 3368 2109 Ἰερουσαλὴμ,
3404 2029 3497 2089 καί
3528 2034 3851 2107 ἀναϐήσονι

2247 2149 2336 2185 ται
2375 2130 2495 2185 κατ’
2529 2129 2793 2195 ἑνιαυτὺν,
2822 2128 2916 2182 τοῦ
2947 2131 3319 2200 προσκυνῆσαι
3357 2127 3435 2198 τῷ
3470 2126 3688 2197 βασιλεῖ
3719 2127 3845 2181 Κυ-

2251 2223 2351 2295 ρίῳ
2379 2221 2799 2293 παντοκράτορι,
2833 2220 2926 2273 καὶ
2945 2218 3040 2273 τοῦ
3080 2217 3358 2291 ἑορτάζειν
3383 2218 3481 2290 τὴν
3505 2217 3708 2288 ἑορτὴν
3737 2218 3845 2287 τῆς

2248 2314 2642 2387 Σκηνοπηγίας.
2694 2313 2803 2367 Καὶ
2842 2311 3012 2376 ἔσται,
3047 2311 3161 2364 ὅσοι
3204 2309 3296 2363 ἐὰν
3338 2308 3411 2380 μὴ
3442 2307 3725 2362 ἀναϐῶσιν
3770 2308 3841 2361 ἑκ

2247 2408 2437 2463 πασῶν
2484 2407 2591 2461 τῶν
2626 2405 2805 2476 φυλῶν
2847 2407 2946 2477 τῆς
2996 2406 3098 2474 γῆς
3145 2404 3226 2466 είς
3282 2400 3675 2473 Ἰερουσαλὴμ,
3735 2398 3838 2452 τοῦ

2249 2501 2622 2572 προσκυνῆσαι
2657 2497 2734 2569 τῷ
2782 2496 2990 2568 βασιλεῖ
3019 2495 3208 2567 Κυρίῳ
3245 2491 3645 2565 παντοκράτορι
3666 2532 3682 2556 ,
3736 2491 3831 2545 καὶ

2245 2586 2388 2646 οὗτοι
2410 2590 2636 2653 ἐκείνοις
2660 2587 3128 2661 προστεθήσονται.
3161 2585 3287 2640 Ἐάν
3305 2584 3362 2637 δὲ
3383 2583 3522 2655 φυλὴ
3540 2582 3833 2650 Αἰγύπτου

2250 2683 2323 2753 μὴ
2365 2683 2558 2753 ἀναϐῇ,
2596 2682 2729 2753 μηδὲ
2774 2679 2904 2753 ἔλθῃ
2944 2680 3095 2741 ἐκεῖ,
3142 2678 3235 2731 καὶ
3279 2677 3371 2730 ἐπὶ⁵
3414 2676 3617 2728 τούτων
3666 2674 3831 2728 ἔσται

2244 2773 2276 2841 ή
2304 2772 2528 2835 πτῶσις,
2550 2772 2617 2841 ἢν
2646 2768 3101 2840 πατάξειΚύριος
3124 2767 3300 2820 πάντα
3323 2764 3391 2818 τὰ
3415 2763 3542 2835 ἔθνη
3567 2767 3670 2836 τῆς
3692 2766 3823 2834 γῆς,

2243 2862 2343 2915 ὅσα
2370 2863 2463 2915 ἐὰν
2493 2862 2565 2933 μὴ
2593 2860 2763 2931 ἀναϐῇ
2797 2858 2889 2911 τοῦ
2922 2857 3178 2928 ἑορτάσαι
3207 2856 3304 2928 τὴν
3332 2855 3523 2928 ἑορτὴν
3549 2858 3648 2926 τῆς
3677 2855 3830 2924 Σκη-

2244 2953 2528 3023 νοπηγίας.
2576 2950 2722 3022 Αὕτη
2753 2949 2962 3020 ἕσταιή
3010 2947 3250 3020 ἁμαρτία
3289 2946 3587 3016 Αἰγύπτου,
3638 2945 3739 2999 καὶ
3790 2947 3824 3014 ἠ

2243 3044 2488 3115 ἁμαρτία
2519 3042 2735 3097 πάντων
2756 3040 2863 3094 τῶν
2917 3038 3086 3093 ἐθνῶν
3106 3079 3119 3102 ,
3146 3040 3246 3092 ὅσα
3278 3038 3344 3092 ἂν
3379 3037 3454 3110 μὴ
3500 3038 3675 3109 ἀναϐῇ
3723 3034 3824 3089 τοῦ

2244 3132 2497 3205 ἑορτάσαι
2532 3131 2629 3203 τὴν
2664 3130 2854 3204 ἑορτὴν
2879 3133 2979 3201 τῆς
3012 3128 3391 3199 Σκηνοπηγίας
3450 3147 3469 3179 ι
3501 3126 3695 3181 Ταῦτιί
3726 3127 3825 3181 καὶ

2243 3226 2273 3276 ὁ
2297 3223 2569 3294 Ζαχαρίας
2604 3221 2741 3293 μετὰ
2776 3222 2875 3293 τὴν
2908 3221 3013 3274 άπὸ
3040 3219 3356 3283 Βαϐυλῶνος
3389 3220 3668 3283 ἐπάνοδον,
3710 3223 3822 3274 Δα-

2248 3317 2393 3388 ρείου
2421 3315 2643 3387 Περσῶν
2672 3313 3062 3386 βασιλεύοντος,
3100 3312 3447 3386 προφητεύει,
3480 3315 3581 3385 τῆς
3612 3312 3818 3385 Ἰερου-

2247 3408 2426 3480 σαλὴμ
2468 3407 2590 3479 ἄρτι
2639 3408 2761 3459 τότε
2808 3406 3252 3477 άνεγηγερμένης
3296 3407 3359 3458 ἐκ
3407 3408 3508 3476 τῆς
3544 3406 3821 3477 προτέρας

2244 3499 2498 3571 ἐρημίας,
2523 3499 2588 3571 ἥν
2612 3496 2716 3551 ὑπὸ
2741 3497 3092 3551 Βαϐυλωνίων
3131 3496 3383 3551 πέπονθε.
3424 3495 3726 3565 Συνάγεται
3756 3497 3817 3550 δὲ

2242 3594 2271 3646 6
2298 3593 2403 3656 πᾶς
2424 3591 2612 3664 χρόνος
2646 3591 2753 3645 ἀπὸ
2776 3595 2873 3663 τῆς
2901 3590 3123 3662 Δαρείου
3148 3589 3242 3642 τοῦ
3270 3590 3501 3661 Πέρσου,
3527 3589 3650 3643 καθ’
3692 3589 3760 3660 ἢν
3788 3592 3818 3642 6

2243 3682 2516 3753 Ζαχαρίας
2552 3681 2897 3753 προφητεύει,
2931 3682 3023 3733 καὶ
3047 3679 3138 3734 ἐπὶ
3180 3678 3485 3748 Αὔγουστον
3530 3679 3816 3750 Ῥωμαίων

2245 3777 2469 3848 βασιλέα
2497 3777 2577 3839 εἰς
2605 3775 2743 3829 ἐτῶν
2799 3774 3096 3845 ἑϐδομάδας
3122 3775 3263 3827 ἑπτὰ
3297 3775 3391 3826 καὶ
3433 3774 3812 3845 ἑξηκονταδύο,

2241 3868 2341 3932 τὰς
2366 3870 2424 3920 ἐν
2456 3867 2534 3939 τῷ
2565 3865 2763 3939 Δανιὴλ
2802 3865 3123 3937 φερομένας,
3155 3864 3190 3918 ἃ
3232 3866 3437 3933 γίνεται
3480 3865 3574 3935 ἔτη
3618 3882 3817 3937 τετρα-

2243 3961 2401 4015 κόσια
2425 3960 2747 4030 ὀγδοήκοντα
2777 3959 2930 4029 τρία,
2975 3957 3051 4020 ὡς
3081 3955 3443 4026 ἀπεδείξαμεν
3478 3957 3536 4008 ὲν
3568 3958 3680 4020 τοῖς
3719 3975 3814 4026 μι-

2243 4053 2360 4125 κρῷ
2392 4052 2624 4126 πρόσθεν
2658 4049 3144 4122 γεγυμνασμένοις.
3174 4046 3309 4102 Οὔτε
3352 4048 3409 4101 δὲ
3443 4050 3534 4101 ἐπὶ
3560 4051 3660 4118 τῆς
3685 4050 3802 4102 Ma-

2242 4146 2468 4199 κεδόνων
2495 4145 2601 4199 άπὸ
2635 4143 2978 4215 Ἀλεξάνδρου
3024 4144 3117 4197 καὶ
3150 4143 3340 4213 μέχρις
3367 4141 3673 4210 Αὐγούστου
3708 4160 3813 4195 πα-

2244 4237 2600 4313 ραταθείσης,
2656 4237 2763 4289 τῶν
2796 4236 3182 4307 ἐμφερομένων
3225 4237 3337 4298 τοῖς
3383 4232 3477 4287 τοῦ
3531 4235 3809 4306 προφήτου

2239 4331 2417 4400 λόγοις
2451 4329 2759 4384 συνίσταται
2795 4345 2848 4381 τι
2887 4327 3333 4399 πεπληρωμένον.
3378 4327 3515 4379 Πότε
3539 4326 3647 4398 γάρ
3688 4328 3809 4379 κατ’

2239 4424 2479 4486 ἐκείνους
2514 4423 2639 4485 τοὺς
2662 4422 2882 4493 χρόνους
2913 4420 3007 4473 τοῦ
3042 4420 3191 4492 παρὰ
3219 4423 3330 4483 τοῖς
3358 4412 3661 4491 προφήταις
3687 4419 3807 4472 θεο-

2240 4512 2569 4584 λογουμένου
2584 4512 2787 4580 Κυρίου
2814 4510 3119 4582 ἀνθρώποις
3139 4509 3473 4573 ἐπιστάντος,
3488 4508 3615 4580 ἑθνη
3639 4510 3809 4563 πολλὰ

2241 4606 2530 4674 ἐπιγνόντα
2554 4604 2734 4668 αὺτὸν,
2754 4604 2847 4657 καὶ
2866 4603 3020 4673 μόνον
3045 4602 3175 4655 Θεὸν
3196 4601 3354 4655 αὑτὸν
3375 4600 3805 4672 ὁμολογήσαντα,

2238 4698 2325 4752 ἐπ’
2359 4697 2521 4752 αὑτὸν
2548 4696 2949 4765 καταπέφευγε,
2990 4695 3083 4748 καὶ
3109 4694 3326 4763 γέγονεν
3353 4692 3498 4763 αὑτῴ
3528 4694 3608 4756 εἰς
3638 4692 3766 4745 λαόν
3790 4708 3804 4757 ;

2238 4792 2365 4845 πότε
2400 4789 2540 4845 κατὰ
2560 4790 2683 4852 τοὺς
2709 4788 2929 4861 Περσῶν
2955 4789 2988 4860 ἢ
3012 4787 3333 4845 Μακεδόνων
3357 4786 3579 4857 χρόνους
3609 4785 3638 4837 6
3671 4801 3807 4854 προ-

2237 4876 2601 4949 φητευόμενος
2634 4876 2885 4946 βασιλεὺς
2924 4875 3179 4947 ἐλήλυθεν
3200 4915 3213 4937 ,
3246 4894 3265 4926 ι
3303 4872 3678 4945 Ἑπιϐεϐηκὼς
3711 4875 3806 4926 ἐπὶ

2236 4967 2547 5038 ὑποζύγιον,
2578 4971 2671 5023 καὶ
2700 4967 2875 5023 πῶλον
2903 4967 3052 5034 νέον;
3078 4989 3095 5021 ι
3128 4966 3293 5025 ἐλθών
3321 4984 3381 5021 τε
3406 4966 3498 5020 τοῦ
3535 4966 3803 5020 Ἰουδαίων

2235 5062 2418 5125 ἔθνους
2453 5060 2691 5134 Ἐφραῒμ
2736 5060 3155 5133 ὀνομαζομένου,
3190 5062 3281 5120 κα).
3310 5062 3410 5129 τῆς
3452 5058 3804 5129 Ἰερουσαλὴμ

2236 5156 2405 5226 αὐτῆς
2439 5153 2536 5225 τὴν
2576 5153 2856 5225 βασιλικὴν
2886 5152 3211 5226 παράταξιν,
3246 5152 3465 5225 ᾶρματα
3496 5151 3589 5205 καὶ
3637 5151 3803 5203 ἵππον

2234 5246 2663 5318 ἐπικαλουμένην
2710 5245 3109 5316 ἐξωλόθρευσεο,
3167 5244 3228 5295 τό
3264 5260 3323 5295 τε
3367 5243 3642 5295 ὁπλιτικὸν
3705 5240 3800 5294 τοῦ

2245 5339 2510 5392 Ἰουδαίων
2532 5337 2714 5400 ἔθνους
2739 5334 2980 5399 καθεῖλες
3006 5333 3174 5387 Τοῦτο
3189 5333 3297 5406 γὰρ
3325 5334 3508 5405 ἐδήλου
3534 5332 3594 5389 τὸ
3618 5332 3800 5400 λόγιον

2232 5434 2469 5503 φάσκον·
2506 5452 2523 5483 ε
2560 5431 2688 5485 Ἰδοὺ
2718 5432 2746 5483 6
2782 5428 3040 5493 Βασιλεύς
3090 5446 3182 5481 σου
3217 5429 3432 5500 ἔρχεταί
3485 5442 3566 5480 σοι
3592 5425 3798 5487 δίκαιος

2237 5525 2331 5579 καὶ
2366 5522 2571 5588 σώζων,
2596 5522 2756 5585 αὐτὸς
2798 5520 2994 5591 πραῢς,
3035 5522 3128 5573 καὶ
3156 5517 3495 5588 ἐπιϐεϐηκὼς
3533 5518 3625 5571 ἐπὶ
3664 5516 3796 5568 ύπο-

2234 5616 2417 5686 ξύγιον
2450 5618 2542 5670 καὶ
2575 5615 2748 5669 πῶλον
2781 5613 2896 5668 νέον
2922 5655 2935 5679 ,
2973 5614 3065 5667 καὶ
3099 5611 3599 5685 ἐξολοθρευθήσεται
3641 5609 3792 5676 τόξον

639 5785 662 5817 ’⁸
699 5784 929 5841 Zachar.
969 5802 1093 5846 xw,
1134 5788 1244 5843 ἱραί.
1322 5787 1343 5819 ⁸
1384 5787 1513 5842 ibid.
1548 5788 1602 5853 9,
1642 5789 1720 5843 l0.
1807 5791 1826 5820 ⁸
1863 5792 1991 5847 ibid.
2034 5790 2232 5846 lC-l9.
