4110 6410
290 362 358 417 64
371 364 392 417 ι

1178 358 1828 419 DEMONSTRATIONIS
1865 357 2326 415 EVANGELICE
2354 359 2484 416 ΗΒ.
2517 359 2654 417 νιιι.

3441 362 3546 420 642

294 475 613 554 πολεμικόν.
641 494 660 528 ι
692 476 879 531 Ταῦτα
907 477 1017 548 γὰρ
1051 477 1181 548 περί
1229 480 1328 549 τῆς
1369 476 1740 550 καθαιρέσεως
1772 479 1854 547 τῆς

1972 480 2026 528 et
2058 474 2264 544 pullum
2313 474 2720 531 adolescentem
2753 495 2766 531 :
2795 483 2850 532 et
2880 477 3139 547 perdetur
3186 495 3349 538 arcus
3382 482 3543 537 belli-

291 565 581 639 βασιλικῆς
628 564 786 631 άξίας
835 566 929 620 τοῦ
975 567 1242 621 Ἰουδαίων
1283 567 1469 631 ἔθνους
1520 567 1865 632 ἐθεσπίζετο,

287 658 375 728 ἐφ’
403 652 438 734 ᾖ
467 658 632 712 πάλιν
650 657 720 711 τά
739 660 837 729 τῆς
860 658 968 712 τῶν
993 658 1162 713 ἐθνῶν
1187 660 1408 731 εἰρήνης
1435 657 1860 730 συμφώνωςτοῖς

287 750 527 822 πρόσθεν
572 750 980 821 άποδεδομένοις
1028 751 1337 820 ἐπιλέγεται
1381 750 1467 805 διὰ
1507 749 1635 807 τοῦ·
1695 770 1709 802 ι
1757 751 1867 804 Kal.

285 844 493 915 πλῆθος
515 845 737 917 εἰρήνης
768 843 829 908 ἐξ
855 843 1023 899 ἐθνῶν
1041 884 1056 908 ,
1087 864 1107 896 ι
1129 843 1244 899 ἀνθ’
1268 838 1330 899 οὗ
1366 846 1397 897 6
1433 843 1662 907 Ἀκύλας
1695 844 1788 897 καὶ
1814 844 1864 895 oi

287 935 464 989 λοιποί¹
508 936 840 1009 ἐρμηνευταὶ
876 936 1235 991 ἐκδεδώκασι·
1272 956 1291 988 ι
1314 937 1423 990 Καὶ
1460 937 1681 1008 λαλήσει
1713 937 1866 1009 εἰρή-

282 1042 384 1097 νην
414 1029 530 1090 τοῖς
549 1027 812 1093 ἕθνεσιν,ι
850 1029 878 1082 δ
907 1029 1001 1082 καί⁵
1036 1028 1268 1099 μάλιστα
1282 1027 1390 1083 ἀπὸ
1424 1031 1524 1100 τῆς
1552 1028 1862 1097 Αὐγούστου

284 1118 568 1190 βασιλείας
592 1120 932 1184 συνίσταται,
956 1121 1051 1173 καὶ
1079 1121 1216 1192 πρὸς
1240 1120 1385 1187 λέξιν
1408 1120 1860 1192 πεπληρωμένον,

284 1213 468 1284 πάσης
516 1213 616 1280 μὲν
667 1212 724 1279 ἐξ
780 1213 988 1266 ἐκείνου
1040 1211 1434 1282 καταλυθείσης
1490 1212 1822 1284 πολυαρχίας
1843 1256 1859 1280 ,

280 1305 508 1376 εἰρήνης
537 1304 594 1357 δὲ
627 1303 698 1357 τὰ
729 1304 954 1357 πλεῖστα
984 1306 1085 1375 τῆς
1133 1303 1457 1374 οἰκουμένης
1501 1304 1625 1376 ἔθνη
1673 1304 1861 1359 διαλα-

281 1396 506 1467 ϐούσης.
532 1396 629 1460 Τίς
654 1395 711 1449 δὲ
742 1396 848 1467 πρὸ
868 1394 976 1448 τῶν
1023 1394 1341 1466 Ῥωμαϊκῶν
1373 1394 1600 1467 χρόνων,
1633 1398 1725 1450 ἐπὶ
1753 1396 1862 1451 τῶν

276 1485 600 1560 Περσικῶν,
657 1486 690 1557 ἦ
749 1485 857 1539 τῶν
913 1486 1299 1540 Μακεδονικῶν
1356 1487 1593 1552 τοιοῦτος
1639 1488 1860 1558 γέγονεν

286 1580 560 1633 Ἰουδαίων
606 1578 856 1650 βασιλεὺς
877 1618 892 1640 ,
926 1578 1001 1642 ῶς
1039 1579 1200 1651 ἄρξαι
1255 1580 1416 1635 αὑτὸν
1449 1580 1558 1635 άπὸ
1585 1582 1861 1654 θαλάσσης

276 1673 384 1735 ἕως
416 1671 715 1743 θαλάσσης,
751 1671 845 1725 καὶ
885 1672 994 1725 ἀπὸ
1037 1671 1296 1742 ποταμῶν
1331 1672 1436 1736 ἕως
1482 1674 1734 1744 περάτων
1758 1677 1860 1746 τῆς

277 1762 636 1835 οἰκουμένης;
667 1762 836 1816 Τοῦτο
857 1763 986 1831 γοῦν
1017 1763 1289 1835 ἐδήλωσαν
1320 1764 1369 1817 οἰ
1396 1762 1572 1818 λοιποὶ
1594 1765 1859 1837 ἑρμηνευ-

1967 580 2088 621 cus.
2125 585 2145 618 ›
2178 565 2346 637 41θ
2372 564 2499 621 llaec
2531 567 2600 623 de
2629 567 2918 624 eversione
2946 572 3105 642 regiae
3135 572 3419 641 dignitatis
3445 573 3538 629 Ju-

1966 656 2137 713 daictc
2163 659 2346 729 gentis
2376 660 2635 731 praedicta
2666 667 2834 727 sunt,
2867 676 2976 733 qua
3007 664 3268 733 praedicta
3298 668 3545 722 eversio-

1966 764 2034 805 ne
2055 789 2070 815 ,
2106 766 2305 809 rursus
2337 766 2400 807 ea
2429 767 2551 822 quae
2583 752 2650 806 ad
2686 767 2876 822 pacem
2925 756 3171 824 gentium
3216 758 3534 827 pertinent,

1964 850 2339 899 consentanea
2371 844 2438 900 iis
2480 860 2602 915 quae
2645 845 2802 915 prius
2840 846 3091 916 exposita
3132 855 3298 913 sunt,
3335 848 3538 919 adjun-

1966 940 2170 1002 guntur
2202 932 2310 989 hoc
2339 934 2502 989 modo
2534 954 2548 990 ι
2589 953 2607 986 ι
2646 934 2710 988 Et
2755 936 3093 991 abundantia
3127 939 3279 1008 pacis
3310 954 3377 993 ex
3406 955 3542 1011 gen-

1962 1023 2113 1080 tibus
2134 1065 2150 1091 ,
2184 1044 2204 1077 ι
2238 1040 2339 1096 pro
2367 1040 2477 1095 quo
2505 1026 2702 1097 Aquila
2736 1036 2790 1081 et
2824 1029 3023 1099 reliqui
3060 1031 3386 1097 interpretes
3417 1032 3541 1088 red-

1962 1116 2219 1171 diderunt
2248 1137 2262 1172 :
2300 1136 2319 1169 ι
2351 1116 2418 1172 Et
2480 1119 2734 1188 loquetur
2791 1134 2979 1189 pacem
3026 1122 3311 1192 gentibus,
3343 1142 3364 1175 ι
3395 1123 3540 1194 quod

1961 1207 2180 1279 quidem
2212 1209 2448 1266 maxime
2474 1211 2542 1266 ab
2578 1210 2811 1281 Augusti
2845 1212 3074 1282 imperio
3107 1222 3324 1269 Constat
3354 1216 3435 1271 vel
3469 1217 3537 1272 ad

1971 1302 2200 1358 verbum
2241 1318 2367 1360 esse
2401 1306 2728 1375 completum
2750 1345 2766 1371 ,
2798 1322 2920 1361 eum
2961 1321 3026 1359 ex
3070 1306 3164 1359 illo
3199 1309 3381 1363 omnis
3412 1311 3537 1378 qui-

1960 1391 2081 1447 dem
2138 1393 2444 1463 principum
2486 1394 2783 1449 multitudo
2832 1394 3179 1465 disperierit,
3218 1412 3323 1466 pax
3355 1406 3536 1454 autem

1960 1483 2228 1553 plurimas
2275 1486 2428 1542 orbis
2474 1493 2668 1557 gentes
2706 1487 2988 1556 complexa
3035 1488 3126 1542 sit.
3182 1487 3319 1555 Quis
3373 1506 3539 1561 porro

1961 1582 2087 1630 ante
2120 1573 2370 1630 Romana
2414 1586 2657 1647 tempora
2690 1578 2772 1632 vel
2816 1577 3039 1632 Persico
3071 1580 3153 1635 vel
3187 1580 3538 1639 Macedonico

1961 1674 2142 1722 stante
2166 1668 2426 1737 imperio,
2456 1669 2580 1725 talis
2602 1671 2815 1724 exstitit
2840 1686 2936 1725 rex
2965 1669 3276 1727 Iudaeorum
3298 1712 3314 1737 ,
3350 1683 3407 1728 ut
3438 1675 3539 1729 do-

1960 1758 2201 1815 minatus
2233 1761 2304 1815 sit
2333 1776 2362 1814 a
2392 1762 2529 1816 mari
2562 1777 2735 1832 usque
2764 1762 2831 1817 ad
2861 1778 3042 1828 mare,
3077 1773 3130 1819 et
3158 1783 3186 1818 a
3219 1765 3537 1823 ﬂuminibus

276 1854 387 1907 ταί.
418 1832 477 1907 Ὅ
528 1832 660 1923 γοῦν
712 1854 940 1918 Ἀκύλας
971 1832 1136 1926 φησί·
1178 1874 1196 1906 ι
1234 1856 1342 1908 Καὶ
1373 1856 1594 1928 λαλήσει
1624 1832 1854 1929 ἠείρήνην

1964 1865 2140 1920 usque
2173 1851 2241 1906 ad
2273 1855 2539 1909 terminos
2569 1856 2721 1910 orbis
2755 1857 2964 1911 terrm?
2999 1858 3183 1928 itaque
3215 1858 3320 1914 hoc
3355 1860 3535 1931 signi-

275 1949 393 2009 τοῖς
415 1944 611 2011 ἔθνεσι,
646 1946 791 2017 καίή
822 1947 1040 2013 ἐξουσία
1071 1947 1233 2000 αὐτοῦ
1274 1947 1383 2002 ἀπὸ
1419 1947 1692 2020 θαλάσσης
1713 1990 1728 2014 ,
1765 1952 1860 2004 καὶ
1889 2004 1892 2007 ,

276 2039 388 2093 ἀπὸ
421 2038 665 2111 ποταμοῦ
692 2039 798 2103 ἕως
820 2040 1072 2112 περάτων
1103 2043 1202 2112 τῆς
1222 2041 1576 2114 οἰκουμένηςο
1608 2061 1627 2093 ι
1657 2036 1702 2111 ᾧ
1737 2059 1859 2098 συνο

275 2132 395 2202 ᾁδει
418 2133 513 2185 καὶ
539 2131 599 2185 τδ
632 2132 689 2185 ἐν
716 2130 1099 2204 ἑϐδομηκοστῷ
1148 2132 1349 2205 πρώτῳ
1375 2133 1573 2206 ψαλμῷ
1606 2136 1734 2205 περὶ
1760 2137 1854 2190 τοῦ

274 2226 341 2278 ἐκ
364 2225 680 2296 σπέρματος
710 2224 1020 2296 Σολομῶνος
1041 2226 1433 2298 γεννησομένου
1463 2227 1722 2299 Χριστοῦ,
1754 2223 1857 2283 ὦδὲ

276 2334 354 2387 ’τη
370 2318 680 2389 εἰρημένον·
703 2336 721 2368 ι
744 2316 1017 2371 ’Λνατελεῖ
1032 2319 1089 2371 ἐν
1100 2320 1221 2382 ταῖς
1239 2318 1472 2391 ἡμέραις
1484 2319 1649 2373 αὑτοῦ
1663 2320 1859 2375 δικαιορ

276 2409 437 2480 σύνη,
456 2409 553 2463 καὶ⁸
568 2409 771 2479 πλῆθος
786 2411 1028 2482 εἰρήνης,
1043 2408 1149 2474 ἕως
1166 2405 1227 2464 οὗ
1246 2413 1604 2485 ἀνταναιρεθῇ
1634 2415 1666 2484 ή
1700 2414 1859 2487 σελήο

270 2519 362 2573 νη,
377 2502 476 2555 καὶ
489 2518 698 2555 κατακυ
706 2501 909 2575 ριεύσει
923 2501 1031 2555 ἀπὸ
1052 2500 1330 2573 Θαλάσσης
1344 2502 1450 2567 ἓως
1465 2504 1856 2576 θαλάσσης,καὶ

271 2593 382 2645 ἀπὸ
410 2591 662 2664 ποταμοῦ
698 2592 804 2657 ἕως
834 2593 1084 2665 περάτων
1104 2597 1204 2665 τῆς
1234 2595 1559 2667 οἰκουμένης
1577 2613 1590 2626 ·
1629 2615 1649 2648 ι
1680 2596 1856 2652 ταῦτα

273 2685 382 2756 γάρ
404 2686 536 2757 περὶ
550 2684 643 2738 τοῦ
664 2685 781 2739 υίοῦ
798 2684 1110 2756 Σολομῶνος
1139 2685 1375 2755 ἐλέγετο,
1389 2687 1543 2741 οὐδὲν
1558 2688 1856 2761 λειπόμενα

272 2777 380 2832 τῶν
412 2780 473 2831 ἐν
502 2778 584 2850 τῷ
614 2779 865 2851 προφήτῃ
904 2779 1231 2850 εἰρημένων.
1266 2780 1394 2832 Πότ⁸
1418 2776 1513 2834 οὖν
1556 2780 1729 2835 ταῦτα
1759 2782 1855 2836 καὶ

274 2871 415 2935 πῶς,
445 2869 478 2941 ἢ
512 2869 651 2924 κατὰ
699 2871 887 2933 ποίους
925 2870 1149 2941 χρόνους
1180 2872 1421 2940 γέγονεν,
1454 2873 1484 2923 6
1535 2871 1855 2942 βουλόμενος

272 2961 727 3036 ἐρμηνευέτωοῆ
774 2961 902 3015 πότε
949 2961 1139 3015 ἄλλοτε
1193 2962 1328 3033 μετὰ
1382 2962 1480 3034 τὴν
1527 2961 1634 3016 ὑπὸ
1679 2962 1856 3017 Βαϐυ-

270 3053 493 3116 λωνίοις
543 3051 854 3124 πολιορκίαν
895 3051 1146 3123 δεύτερον
1183 3053 1510 3125 ἐμπρησμὸν
1563 3053 1852 3125 ὑπέμεινεν

1960 1941 2193 1995 ﬁearunt
2233 1943 2431 2014 reliqui
2477 1946 2823 2017 interpretes.
2871 1949 3069 2018 Aquila
3114 1950 3260 2005 enim
3295 1952 3378 2007 sic
3409 1953 3531 2009 ait:

1964 2051 1983 2083 ι
2022 2034 2087 2087 Et
2129 2035 2382 2104 loquetur
2420 2053 2607 2107 pacem
2638 2041 2927 2110 gentibus,
2958 2049 3014 2096 et
3061 2051 3308 2111 potestas
3337 2045 3457 2113 ejus
3503 2060 3534 2098 a

1958 2124 2095 2178 mari
2143 2141 2318 2197 usque
2356 2129 2425 2183 ad
2471 2145 2656 2195 mare,
2704 2140 2759 2186 et
2802 2147 2833 2186 a
2877 2131 3200 2190 ﬂuminibus
3243 2152 3418 2206 usque
3465 2138 3534 2191 ad

1958 2217 2224 2274 terminos
2254 2218 2406 2274 orbis
2449 2228 2626 2277 terrae.
2660 2241 2680 2274 ι
2710 2223 2810 2279 Cui
2856 2226 3157 2281 concordat
3201 2228 3364 2282 ctiam
3400 2228 3533 2283 illud

1956 2308 2103 2377 quod
2141 2310 2197 2363 in
2240 2324 2369 2363 uxr
2412 2310 2622 2380 psalmo
2654 2313 2722 2367 de
2750 2312 2973 2370 Christo
3001 2316 3239 2381 canitur,
3273 2318 3367 2388 qui
3414 2328 3534 2373 erat

1955 2398 2024 2455 de
2059 2400 2270 2456 semine
2312 2399 2626 2460 Salomonis
2676 2405 2960 2471 oriturus,
3010 2408 3155 2478 quod
3206 2410 3427 2479 quidem
3476 2415 3531 2469 in

1955 2490 2103 2546 hunc
2133 2492 2356 2547 modum
2403 2509 2465 2549 se
2495 2494 2704 2552 habet:
2740 2515 2760 2549 ι
2805 2496 3026 2554 Orietur
3070 2499 3124 2554 in
3163 2501 3358 2559 diebus
3413 2505 3534 2575 ejus

1950 2584 2199 2654 justitia,
2230 2593 2286 2641 et
2310 2586 2644 2642 abundantia
2675 2589 3025 2658 pacisdonec
3059 2592 3344 2650 auferatur
3381 2597 3531 2660 luna,

1954 2684 2009 2731 et
2039 2674 2415 2733 dominabitur
2442 2692 2474 2732 a
2508 2680 2647 2743 mari
2686 2696 2861 2750 usque
2908 2683 2978 2737 ad
3028 2698 3210 2745 mare,
3259 2695 3313 2742 et
3356 2703 3385 2742 a
3433 2691 3535 2744 llu-
3620 2738 3627 2743 .

1940 2770 2106 2826 wine
2134 2787 2311 2842 usque
2339 2773 2407 2828 ad
2436 2775 2704 2831 terminos
2728 2777 2881 2834 orbis
2913 2786 3075 2835 terra:
3100 2782 3141 2838 '.
3184 2798 3202 2831 ι
3231 2781 3357 2839 llmc
3383 2784 3530 2839 enim

1953 2863 2022 2919 de
2067 2865 2179 2920 lilio
2225 2864 2536 2923 Salomonis
2577 2868 2726 2924 dicta
2770 2878 2901 2926 sunt
2943 2888 3064 2943 quae
3098 2874 3232 2928 nihil
3269 2875 3532 2931 dilferunt

1954 2956 2025 3012 ab
2076 2958 2180 3022 iis,
2230 2975 2353 3030 qua:
2401 2960 2547 3031 apud
2601 2960 2931 3034 Prophetam
2981 2967 3257 3036 leguntur.
3294 2968 3527 3034 Quando

1955 3047 2122 3119 igitur
2149 3050 2294 3116 haec,
2329 3052 2411 3107 vel
2437 3053 2743 3120 quomodo,
2776 3063 2870 3109 aut
2902 3057 3104 3125 quibus
3139 3058 3361 3116 tandem
3394 3068 3533 3116 tem-

280 3141 662 3214 Ἰερουσαλὴμ,
690 3142 783 3196 καὶ
812 3144 841 3195 6
876 3142 933 3194 ἐν
967 3143 1104 3213 αὐτῇ
1134 3142 1441 3214 κατερρίφη
1479 3142 1630 3207 νεώς.
1667 3146 1731 3197 ’0
1758 3147 1852 3200 καὶ

1954 3141 2181 3209 poribus
2211 3143 2559 3206 exstiterint,
2596 3145 2641 3199 si
2683 3145 2808 3215 quis
2847 3157 2934 3202 est
2974 3149 3066 3218 qui
3109 3152 3314 3219 possit,
3356 3152 3532 3208 inter-

268 3235 405 3288 αὐτὸ
427 3234 612 3304 θαῦμα
646 3234 788 3305 μέγα
815 3232 948 3304 ἔχει,
968 3233 1045 3297 ὡς
1063 3232 1279 3304 ᾐνίξατο
1305 3234 1334 3285 6
1356 3236 1639 3308 προφήτης
1658 3236 1848 3291 εἰπών’

271 3345 294 3382 ι
319 3326 615 3392 Διάνοιξον,
631 3328 659 3379 6
678 3325 929 3391 Λίϐανος,
951 3324 1051 3389 τάς
1067 3324 1234 3395 θύρας
1254 3342 1371 3391 σου,
1385 3328 1478 3380 καὶ
1493 3329 1853 3399 καταφαγέτω

269 3420 383 3493 πῦρ
405 3419 508 3484 τάς
543 3419 767 3489 κέδρους
796 3434 907 3472 σου.
948 3436 967 3470 ι
1006 3417 1236 3472 Λίϐανον
1263 3419 1372 3491 γὰρ
1402 3420 1461 3472 ὲν
1490 3421 1699 3484 τούτοις
1725 3438 1852 3475 συν-

269 3513 417 3585 ήθως
454 3511 587 3566 αὐτὸ
617 3511 677 3564 τὸ
728 3511 873 3582 ἱερὸν
918 3510 1207 3582 ὀνομάζειο
1248 3513 1371 3565 ἐπεὶ
1413 3514 1507 3566 καὶ
1552 3513 1617 3566 δι’
1651 3514 1853 3585 ἐτέρων

268 3603 619 3677 προφητειῶν
651 3601 1026 3656 ἀποδέδεικται
1050 3601 1280 3666 Λίϐανος
1307 3603 1468 3667 αὐτὸς
1496 3605 1525 3655 6
1566 3603 1701 3667 νεὼς
1731 3607 1852 3657 ἐπι-

268 3695 628 3766 κεκλημένος.
681 3693 851 3746 Τοῦτο
895 3692 952 3746 δέ
989 3693 1086 3746 καὶ
1129 3692 1285 3745 αὐτοὶ
1339 3694 1528 3758 παῖδες
1584 3693 1850 3749 Ἰουδαίων

267 3788 440 3842 εἰσέτι
488 3784 584 3838 νῦν
634 3782 1020 3855 ὁμολογοῦσιν
1056 3784 1181 3836 ἐπεὶ
1225 3783 1321 3836 καί⁸
1365 3784 1591 3847 Ἡσαΐας
1635 3785 1849 3857 ἐμφερῆ

266 3879 346 3952 τῷ
376 3878 517 3950 μετὰ
561 3880 748 3948 χεῖρας
794 3877 1050 3949 προφήτῃ
1079 3875 1347 3940 θεσπίζων
1390 3874 1620 3947 ἔφησεν·
1654 3896 1672 3928 ι
1721 3876 1849 3930 Ἰδοὺ

266 3967 478 4040 Κύριος
536 3965 760 4019 Σαϐαὼθ
819 3964 1177 4035 συνταράσσει
1225 3964 1353 4027 τοὺς
1413 3964 1657 4031 ἐνδόξους
1712 3965 1851 4037 μετὰ

270 4061 491 4132 ἰσχύος,
532 4060 628 4113 καὶ
659 4060 709 4112 οἰ
740 4057 933 4129 ὑψηλοὶ
962 4060 1029 4129 τῇ
1085 4056 1239 4130 ὕϐρει
1274 4057 1738 4129 συντριϐήσονται.
1792 4059 1850 4111 '0

265 4153 323 4206 δὲ
350 4151 587 4215 Λίϐανος
607 4152 705 4205 σὺν
727 4152 840 4213 τοῖς
873 4147 1096 4219 ὑψηλοῖς
1116 4151 1381 4213 πεσεῖται,
1404 4148 1496 4200 καὶ
1511 4148 1850 4213 ἐξελεύσεται

270 4245 469 4320 ῥάϐδος
499 4245 570 4299 ἐκ
592 4246 693 4316 τῆς
715 4242 869 4315 ῥίζης
911 4241 1128 4304 Ἰεσσαὶ,
1154 4242 1248 4294 καὶ
1291 4239 1451 4304 ἄνθος
1477 4243 1540 4294 ἐκ
1565 4242 1665 4312 τῆς
1693 4242 1850 4315 ῥίζης

266 4338 627 4409 ἀναϐήσεται,
651 4336 745 4390 καὶ
766 4333 1211 4389 ἐπαναπαύσεται
1232 4334 1318 4386 ἐπ’
1335 4332 1496 4386 αὐτὸν
1520 4333 1736 4405 πνεῦμα
1751 4334 1848 4387 τοῦ

265 4431 407 4486 Θεοῦ
430 4448 481 4484 ἰ
508 4423 589 4495 οἷς
601 4428 871 4499 ἐπιλέγει·
910 4449 928 4480 ι
957 4429 1066 4482 Καὶ
1094 4426 1241 4481 ἔσται
1268 4429 1301 4498 ή
1346 4426 1471 4498 ῥίζα
1498 4426 1594 4480 τοῦ
1629 4427 1845 4492 Ἰεσσαὶ,

1952 3240 2218 3301 pretetur.
2258 3239 2369 3287 Aut
2400 3249 2638 3304 quonam
2693 3237 2803 3292 alio
2849 3246 3092 3310 tempore
3129 3250 3254 3311 post
3297 3243 3531 3316 Babylo-

1952 3325 2133 3380 nicam
2161 3326 2503 3382 obsidionem
2520 3367 2537 3392 ,
2565 3329 2796 3384 alterum
2827 3347 3086 3402 perpessa
3114 3335 3187 3390 sit
3210 3336 3527 3393 incendium

1949 3413 2290 3480 Jerusalem,
2338 3425 2393 3471 et
2434 3419 2581 3489 quod
2626 3420 2682 3475 in
2726 3422 2843 3492 ipsa
2881 3426 3146 3496 templum
3192 3437 3345 3496 erat,
3376 3429 3532 3499 deje-

1951 3518 2100 3564 ctum
2133 3510 2227 3566 sit.
2253 3509 2410 3577 Quod
2439 3513 2603 3567 etiam
2631 3514 2808 3585 ipsum
2835 3532 3088 3588 magnam
3115 3519 3272 3575 all‘ert
3295 3523 3533 3578 admira—

1949 3600 2154 3657 tionem
2175 3645 2195 3670 ,
2226 3606 2686 3674 quemadmodum
2718 3609 2979 3679 propheta
3017 3611 3070 3667 id
3099 3613 3488 3684 signiﬁcaverit
3510 3657 3525 3680 ,

1951 3693 2140 3749 dicens
2170 3714 2184 3749 :
2214 3712 2233 3746 ι
2258 3696 2458 3767 Aperi,
2490 3696 2732 3764 Libane,
2768 3708 2955 3770 portas
2988 3710 3147 3765 tuas.
3185 3713 3239 3760 et
3280 3707 3530 3764 comedat

1950 3784 2092 3855 ignis
2120 3785 2317 3842 cedros
2366 3794 2509 3842 tuas.
2549 3807 2567 3841 ι
2598 3788 2733 3844 Nam
2787 3789 3055 3847 Libanum
3107 3795 3163 3849 in
3212 3797 3299 3853 his
3348 3800 3529 3856 verbis

1950 3892 2105 3932 more
2126 3893 2230 3932 suo
2251 3879 2512 3948 templum
2535 3880 2714 3951 ipsum
2736 3883 2984 3937 nominat
3006 3903 3018 3938 :
3045 3888 3303 3955 quoniam
3327 3889 3380 3944 in
3405 3892 3529 3947 aliis

1950 3982 2173 4037 quoque
2221 3969 2526 4038 prophetiis
2571 3979 2853 4028 ostensum
2886 3981 3007 4037 est,
3043 3974 3312 4032 Libanum
3348 3981 3527 4050 ipsum

1951 4059 2217 4130 templum
2243 4061 2451 4116 vocari.
2480 4059 2539 4115 ld
2569 4069 2752 4117 autem
2776 4063 2880 4132 ipsi
2908 4080 3127 4136 quoque
3147 4066 3320 4124 Judaei
3349 4071 3528 4126 adhuc

1950 4151 2305 4215 conﬁtentur,
2354 4151 2797 4223 quandoquidem
2830 4153 3004 4212 Isaias
3033 4158 3163 4213 huic
3206 4162 3523 4231 prophetae,

1950 4243 2043 4313 qui
2073 4257 2220 4297 nunc
2238 4250 2529 4305 tractatur,
2560 4243 2764 4298 similia
2777 4260 2981 4302 canens
3009 4247 3149 4303 dixit
3173 4269 3186 4304 :
3211 4270 3230 4301 ι
3253 4251 3393 4306 Ecce
3417 4251 3527 4308 Do~

1947 4336 2132 4392 minus
2165 4334 2406 4391 Sabaoth
2436 4337 2788 4391 conturbabit
2814 4338 3087 4410 gloriosos
3119 4356 3245 4397 cum
3289 4344 3523 4408 robore,

1948 4434 2004 4484 et
2044 4426 2245 4484 excelsi
2299 4427 2629 4483 contumelia
2663 4435 3040 4486 conterentur.
3074 4430 3315 4489 Libanus
3341 4442 3522 4490 autem

265 4524 363 4578 καὶ
405 4525 438 4576 6
492 4520 851 4592 ἀνιστάμενος
882 4520 1069 4592 ἄρχειν
1120 4519 1288 4573 ἐθνῶν
1315 4561 1329 4584 ,
1388 4522 1474 4572 ἐπ’
1520 4519 1668 4590 αὐτῷ
1719 4518 1843 4591 ἔθνη

1953 4535 2075 4575 eum
2113 4520 2346 4576 excelsis
2385 4520 2576 4583 cadet,
2622 4527 2678 4576 ct
2716 4521 3026 4591 egredietur
3059 4524 3208 4594 virga
3243 4525 3309 4581 de
3338 4527 3525 4584 radice

264 4614 537 4670 ξελπιοῦσι.
564 4633 582 4665 ι
616 4614 726 4667 Καὶ
757 4613 989 4666 ἐνταῦθα
1028 4612 1137 4685 γὰρ
1170 4611 1307 4684 ὁμοῦ
1334 4614 1402 4683 τῇ
1435 4613 1500 4665 ἐκ
1535 4613 1850 4683 σπέρματος

274 4707 478 4761 Ἰεσσαὶ
502 4704 598 4759 καὶ
615 4704 776 4758 Δαϐἰδ
801 4703 1012 4774 γενέσει
1028 4703 1120 4758 τοῦ
1154 4701 1414 4776 Χριστοῦ,
1450 4700 1685 4756 Λιϐάνου
1713 4701 1847 4755 καθ-

262 4800 481 4869 αίρεσις
522 4798 619 4850 καὶ
651 4794 819 4850 ἐθνῶν
848 4796 1042 4866 κλῆσις
1075 4795 1362 4865 συνῆπται.
1394 4793 1625 4847 Λίϐανον
1650 4793 1708 4845 δὲ
1737 4793 1836 4864 τὴν

274 4885 644 4960 Ἰερουσαλὴμ
692 4885 984 4957 διαρρήδην
1033 4886 1062 4938 6
1113 4886 1208 4937 καὶ
1270 4883 1528 4956 Ἰεζεκιὴλ
1595 4884 1849 4955 σημαίνει

258 4979 444 5050 λέγων
462 4995 478 5009 ·
524 4996 544 5030 ι
590 4979 649 5031 '0
690 4977 847 5041 ἀετὸς
875 4979 904 5031 6
939 4975 1139 5048 μέγας,
1180 4978 1210 5029 ὁ
1259 4976 1737 5047 μεγαλοπτέρυγος
1758 5015 1773 5040 ,
1820 4978 1850 5029 6

260 5072 408 5144 ἔχων
436 5070 500 5125 τὸ
526 5071 721 5142 ήγημα
758 5068 1019 5123 εἰσελθεῖν
1055 5069 1137 5132 είς
1169 5068 1262 5122 τὸν
1303 5066 1568 5133 Λίϐανον,
1605 5066 1699 5120 καὶ
1740 5069 1847 5122 άπ-

262 5166 463 5239 ὸιρισε
494 5162 565 5217 τὰ
596 5161 781 5217 ἁπαλὰ
812 5162 911 5234 τῆς
939 5162 1154 5234 κέῗρου.
1193 5180 1211 5212 ι
1239 5158 1427 5214 Ταῦτα
1461 5159 1592 5229 γοῦν
1623 5160 1653 5211 6
1684 5157 1847 5222 αὐτὸς

257 5258 397 5328 ἑξῆς
434 5256 714 5325 διασαφῶν
741 5252 1015 5323 ἐπιλέγεν
1049 5273 1067 5305 ι
1094 5254 1208 5307 “Οτ’
1241 5252 1308 5307 ἂν
1350 5250 1478 5325 ἔλθῃ
1508 5249 1845 5321 Ναϐουχοδο-

255 5353 429 5422 νόσορ
477 5348 572 5401 ἐπὶ
625 5345 981 5419 Ἰερουσαλήμ
1002 5385 1017 5408 ,
1071 5345 1165 5399 καὶ
1228 5343 1369 5418 λάϐῃ
1394 5343 1519 5407 τοὺς
1578 5342 1844 5415 ἄρχοντας

255 5442 460 5514 αὐτῆς,
486 5460 506 5492 ι
550 5439 643 5493 καὶ
671 5438 745 5492 τά
786 5438 932 5509 ἑξῆς.
982 5435 1140 5490 Ἀλλὰ
1173 5434 1347 5489 ταῦτα
1382 5436 1483 5507 μὲν
1516 5438 1545 5489 6
1587 5433 1844 5506 Ἰεζεκιὴλ

257 5534 397 5606 περὶ
428 5532 529 5603 τῆς
564 5529 788 5602 πρώτης
819 5526 1008 5599 ἐδήλου
1043 5526 1376 5598 πολιορκίας,
1414 5524 1532 5596 μεθ’
1562 5525 1629 5596 ἦν
1667 5526 1697 5577 6
1732 5527 1841 5579 Za-

255 5624 460 5699 χαρίας
495 5624 626 5695 περὶ
649 5623 746 5693 τῆς
774 5620 1030 5692 δευτέρας
1065 5617 1329 5683 θεσπίζει.
1353 5617 1489 5670 Πότε
1521 5617 1675 5681 οὗτος
1706 5618 1842 5688 μετὰ

332 5808 352 5839 ⁷
393 5805 544 5860 Psal.
582 5818 747 5867 ιιιι,
781 5799 836 5865 7,
874 5800 930 5856 8.
1010 5799 1032 5832 ⁸
1073 5798 1177 5855 lsa.
1210 5771 1300 5864 ξι,
1337 5798 1388 5865 ἰ,
1418 5798 1472 5852 2.
1549 5800 1574 5832 ’
1613 5796 1740 5853 ibid.
1779 5797 1864 5854 lO.

1941 4610 2118 4678 Jesse,
2139 4620 2196 4670 et
2216 4611 2318 4667 ﬂos
2343 4611 2410 4667 de
2439 4611 2627 4667 radice
2647 4614 2930 4678 ascendet,
2953 4626 3008 4672 et
3028 4618 3339 4687 requiescet
3360 4634 3525 4690 super

1943 4720 2067 4759 eum
2091 4705 2320 4775 spiritus
2351 4703 2444 4759 Dei
2465 4702 2511 4769 ⁸;
2536 4722 2555 4755 ι
2576 4702 2781 4773 quibus
2799 4705 3046 4777 adjungit
3072 4726 3085 4761 :
3107 4726 3125 4758 ι
3149 4706 3210 4762 Et
3232 4708 3338 4763 erit
3366 4709 3524 4763 radix

1941 4794 2137 4860 Jesse,
2181 4803 2236 4850 et
2276 4796 2371 4865 qui
2418 4797 2595 4866 surgit
2638 4804 2696 4852 ut
2741 4797 2966 4867 imperet
2996 4800 3279 4869 gentibus,
3311 4799 3366 4855 in
3402 4800 3524 4871 ipso

1941 4888 2102 4961 41],
2127 4896 2318 4960 gentes
2346 4890 2704 4959 sperabunt'.
2738 4909 2758 4943 ι
2796 4889 3008 4945 Etenim
3042 4891 3132 4946 hic
3160 4907 3380 4964 quoque
3413 4910 3522 4948 una

1943 4993 2069 5033 cum
2100 4984 2223 5031 ortu
2250 4975 2456 5033 Christi
2482 4977 2551 5033 de
2589 4980 2799 5034 semine
2825 4977 2984 5035 Iesse
3011 4987 3067 5035 et
3098 4977 3292 5045 David,
3329 4978 3524 5035 Libani

1948 5069 2162 5126 eversio
2191 5074 2247 5124 et
2276 5069 2517 5139 gentium
2548 5070 2764 5125 vocatio
2789 5068 3086 5141 conjuncta
3112 5078 3218 5127 est.
3252 5070 3527 5128 Libanum

1948 5168 2131 5215 autem
2173 5160 2346 5230 ipsam
2392 5156 2697 5216 Jerusalem
2744 5159 3015 5230 intelligi,
3065 5159 3318 5217 Ezechiel
3360 5162 3523 5232 plane

1948 5251 2221 5322 signiﬁcat
2248 5250 2335 5305 his
2379 5251 2601 5308 verbis:
2636 5270 2656 5303 ι
2687 5250 2885 5322 Aquila
2923 5252 3149 5322 grandis
3198 5267 3529 5322 magnarum

1947 5345 2179 5412 alarum,
2204 5359 2325 5415 qua:
2347 5343 2512 5399 habet
2547 5347 2933 5400 auctoritatem
2968 5345 3312 5417 ingrediendi
3347 5346 3402 5399 in
3431 5345 3520 5399 Li-

1943 5433 2169 5497 banum,
2208 5440 2264 5489 et
2301 5433 2497 5488 evulsit
2548 5440 2735 5490 tenera
2779 5435 2925 5491 cedri
2957 5435 3021 5490 ¹⁰.
3059 5453 3080 5487 ι
3118 5435 3186 5490 Et
3233 5435 3349 5491 haec
3399 5436 3527 5505 ipsa

1943 5524 2202 5595 deinceps
2221 5524 2521 5595 explanans
2542 5523 2683 5580 idem
2712 5528 2995 5597 propheta,
3023 5527 3271 5599 adjungit
3293 5546 3308 5582 :
3332 5544 3353 5579 ι
3380 5525 3527 5582 Cum

1946 5619 2163 5674 venerit
2192 5616 2705 5673 Nabuchodonosor
2755 5618 2811 5672 in
2844 5616 3173 5687 Jerusalem,
3206 5626 3260 5676 et
3292 5635 3523 5690 acceptae

1945 5797 1987 5830 ¹⁰
2028 5780 2223 5851 lfzech.
2258 5810 2405 5863 xvu,
2437 5796 2490 5851 5.
