4106 6420
616 317 720 373 645

1249 312 1522 370 EUSEBH
1558 312 2043 370 C/ESARIENSIS
2078 313 2231 372 OPP.
2274 312 2458 370 PARS
2494 313 2559 368 ll.
2599 342 2670 354 --
2701 312 3205 371 APOLOGETICA.

3771 316 3866 374 θιι

613 433 687 488 rit
718 431 972 502 princeps
1006 429 1215 502 ejus",
1249 450 1268 482 ι
1301 442 1355 486 et
1377 447 1500 502 qua).
1533 441 1861 503 sequuntur.
1906 433 2180 489 Caeterum.

2301 433 2427 498 τοὺς
2447 433 2714 504 Ζαχαρίου
2739 434 2964 506 χρόνους
2988 432 3082 484 ἐπὶ
3112 431 3212 502 τῆς
3237 428 3564 484 Μακεδόνων
3603 429 3864 500 βασιλείας

614 524 863 579 Ezechiel
877 522 1096 594 quidem
1120 523 1234 576 haec
1255 521 1323 576 de
1337 523 1514 592 prima
1537 522 1849 579 Jerusalem
1905 524 2196 579 obsidione

615 615 864 687 praedixit
893 635 906 670 :
940 625 1065 687 post
1101 617 1262 686 cujus
1301 615 1608 672 obsidionis
1651 627 1866 688 tempus
1901 616 2198 672 Zacharias

613 709 682 763 de
729 708 969 763 secunda
1008 709 1238 763 divinat.
1282 709 1512 774 Quando
1558 710 1725 780 igitur
1766 718 1890 780 post
1921 709 2198 764 Zachariae

613 810 877 870 tempora,
914 801 1016 856 Sub
1053 802 1281 872 imperio
1308 801 1664 856 Macedonum
1697 802 1961 872 templum
2008 803 2196 858 inccn-

613 909 734 946 sum
774 893 894 948 est?
927 901 1078 948 certe
1122 908 1426 962 nunquam.
1475 893 1757 963 Siquidem
1792 903 1918 963 post
1963 893 2197 964 Babylo-

611 984 830 1038 niorum
863 985 1346 1055 depopulationem
1391 993 1556 1057 atque
1606 986 1940 1052 incendium,
1988 987 2192 1041 nullam

611 1077 754 1147 ignis
772 1085 997 1142 alteram
1021 1079 1377 1138 vastationem
1394 1094 1634 1149 unquam
1660 1095 1918 1149 perpessa
1941 1090 2025 1134 est
2041 1079 2192 1144 urbs,

610 1167 715 1220 nisi
743 1167 848 1222 sub
880 1165 1220 1238 Vespasiano
1245 1184 1308 1223 ac
1339 1169 1464 1223 Tito
1489 1169 1862 1225 Romanorum
1896 1172 2194 1241 imperato-

609 1259 780 1320 ribus,
816 1260 886 1314 ob
934 1277 1096 1330 quam
1134 1277 1266 1316 sane
1310 1263 1680 1318 vastationem
1727 1279 1926 1318 rursus
1956 1265 2192 1320 obscure

605 1357 658 1403 et
693 1365 789 1420 per
824 1351 1027 1421 ﬁguras
1065 1368 1182 1414 eos.
1217 1353 1311 1422 qui
1358 1354 1487 1407 olim
1532 1355 1680 1423 genti
1726 1355 2091 1424 imperabant,
2123 1356 2192 1410 ad

604 1443 1013 1513 deplorationes
1038 1452 1092 1499 et
1115 1446 1357 1500 lamenta
1387 1446 1582 1500 invitat
1613 1448 1921 1512 oraculum,
1956 1447 2148 1503 dicens
2175 1463 2188 1500 :

610 1554 628 1585 ‹
664 1533 846 1590 Ululet
892 1537 1088 1605 pinus,
1122 1538 1381 1606 quoniam
1419 1538 1620 1593 cecidit
1659 1538 1894 1605 cedrus,
1930 1541 2189 1609 quoniam

602 1641 934 1697 magnopere
974 1628 1246 1697 magnifici
1289 1628 1470 1683 afﬂicti
1497 1638 1626 1683 sunt
1657 1647 1670 1681 :
1707 1630 1934 1695 ululate,
1953 1647 2192 1701 quercus

603 1720 957 1786 Basanitidis,
981 1722 1242 1791 quoniam
1275 1723 1576 1778 convulsus
1604 1731 1690 1778 est
1709 1725 1881 1780 saltus
1912 1727 2181 1786 consitus,

602 1831 706 1868 vox
746 1813 1160 1868 lamentantium
1210 1821 1517 1884 pastorum,
1563 1815 1824 1885 quoniam
1869 1815 2065 1870 amicta
2096 1825 2182 1872 est
2216 1797 2258 1850 Β

568 1881 1017 1975 ἰιιειιξηὶῆοθιιιίει
1048 1922 1262 1962 eorum.
1308 1925 1326 1956 ι
1365 1904 1522 1961 Tunc
1553 1923 1687 1962 sane
1732 1905 1878 1961 facta
1910 1918 1993 1963 est
2027 1908 2186 1962 Jeru-

601 1995 768 2048 salem
801 1995 959 2064 quasi
994 1997 1261 2051 vestibula
1294 2013 1418 2067 quae
1448 1999 1774 2066 quatiuntur
1802 1999 2059 2056 omnibus
2085 2017 2182 2070 p0-

602 2085 743 2151 pulis
767 2084 820 2138 in
851 2085 1109 2150 circuitu,
1142 2093 1196 2139 et
1227 2085 1282 2138 in
1311 2084 1498 2141 Iudaea
1524 2086 1671 2142 facta
1701 2095 1785 2143 est
1813 2090 2043 2144 munitio
2073 2107 2188 2144 am-

599 2176 775 2242 biens,
808 2184 861 2231 et
904 2177 972 2230 ab
1021 2177 1105 2232 eis
1152 2186 1544 2236 sacrosanctus
1592 2167 1940 2236 existimatus
1993 2182 2183 2247 locus,

599 2284 772 2338 usque
827 2269 883 2323 in
914 2270 1241 2325 hodiernum
1279 2273 1424 2328 diem
1474 2272 1616 2342 lapis
1649 2272 1889 2337 exsistit,
1926 2275 2020 2344 qui
2052 2290 2184 2329 con-

596 2361 850 2413 culcatur
879 2361 946 2414 ab
995 2362 1256 2416 omnibus
1290 2363 1573 2434 gentibus,
1602 2370 1658 2418 ct
1684 2363 2002 2434 quicunque
2032 2364 2184 2418 illum

597 2451 886 2505 conculcat
918 2451 1155 2508 illudens
1179 2453 1460 2521 illudetur,
1491 2455 1635 2510 sicut
1673 2455 2186 2525 prophetiarpraadi-

595 2553 768 2597 xerat.
803 2541 946 2609 Quin
983 2543 1147 2597 etiam
1186 2547 1477 2615 propterea
1506 2544 1654 2615 quod
1687 2546 1765 2599 illi
1797 2546 2051 2611 Domino,
2088 2547 2182 2617 qui

595 2633 711 2687 hinc
742 2634 1041 2698 cecinerat,
1062 2635 1488 2699 insultaverunt,
1521 2652 1630 2691 non
1664 2637 1862 2692 defecit
1884 2654 1979 2694 eos
2007 2654 2184 2709 neque

596 2726 866 2795 planctus,
898 2741 1074 2796 neque
1095 2727 1296 2791 luctus,
1329 2744 1506 2798 neque
1530 2729 1868 2784 lamentatio.
1893 2728 2180 2800 Nunquam

595 2815 764 2886 igitur
805 2817 943 2871 alias
985 2818 1094 2872 nisi
1138 2827 1262 2888 post
1313 2817 1620 2874 Salvatoris
1663 2821 1838 2875 nostri
1889 2820 2180 2876 adventum

596 2926 770 2979 usque
813 2909 882 2963 ad
911 2911 1055 2965 hanc
1085 2919 1492 2984 tempestatem,
1528 2928 1720 2968 omnes
1765 2913 1943 2968 tribus
1968 2911 2182 2969 Iudaeo-

594 3017 716 3056 rum
787 3004 1085 3074 quidquam
1144 3005 1534 3060 lamentatione
1594 3008 1888 3075 planctuve
1952 3006 2177 3076 dignum

593 3108 770 3164 passae
801 3101 951 3157 sunt,
986 3103 1205 3164 propter
1236 3095 1448 3165 plagam
1480 3110 1603 3164 quze
1639 3095 1790 3165 ipsos
1813 3095 1923 3150 Deo
1949 3094 2177 3151 feriente

592 3186 1033 3254 deprehenderit,
1057 3201 1123 3240 ex
1153 3201 1260 3256 qua
1291 3187 1455 3240 etiam
1485 3187 1728 3256 ipsorum
1760 3195 1936 3242 mater
1978 3188 2174 3244 civitas

591 3278 836 3333 externis
863 3277 1118 3347 gentibus
1151 3277 1353 3331 tradita
1375 3290 1479 3341 est,
1517 3289 1571 3332 et
1601 3279 1862 3350 templum
1898 3296 2151 3335 eversum

593 3369 998 3439 suﬂ'ossumque
1044 3376 1150 3433 est,
1197 3368 1412 3438 ipsique
1461 3370 1529 3424 de
1573 3371 1796 3440 propria
1833 3371 2054 3441 regione
2090 3388 2179 3428 ex-

593 3459 910 3528 pulsi.sunt,
939 3459 993 3512 in
1017 3465 1164 3512 terra
1195 3458 1380 3513 hostili
1405 3459 1646 3516 inimicis
1678 3463 2002 3518 servientes.
2027 3462 2176 3528 Quas

592 3553 662 3607 ob
696 3569 808 3620 res,
853 3551 1036 3606 omnis
1075 3551 1321 3621 ipsorum
1350 3551 1572 3616 domus,
1602 3554 1892 3624 omnisque
1929 3553 2173 3625 ipsorum

593 3643 776 3696 anima
806 3643 863 3697 in
893 3643 1042 3697 hunc
1073 3657 1251 3712 usque
1281 3642 1423 3698 diem
1457 3643 1945 3699 lamentationibus
1977 3645 2175 3699 amicta

589 3742 692 3787 cst.
734 3735 1080 3804 Quapropter
1132 3732 1395 3803 propheta
1444 3734 1525 3788 sic
1569 3734 1644 3787 ait
1682 3750 1696 3786 :
1747 3753 1766 3786 ι
1806 3733 1874 3790 Ει
1917 3737 2174 3806 plangent

591 3826 820 3895 singula:
845 3824 1023 3880 tribus
1043 3839 1140 3895 per
1153 3825 1365 3895 seipsas
1381 3845 1392 3879 :
1411 3824 1574 3897 412
1593 3827 1768 3882 tribus
1785 3826 1982 3884 domus
2002 3828 2171 3884 David

590 3929 863 3979 seorsum,
895 3923 949 3968 et
993 3914 1250 3968 mulieres
1290 3930 1481 3968 eorum
1529 3919 1865 3984 seorsum“,
1902 3939 1921 3971 ι
1959 3929 2012 3975 et
2051 3937 2174 3991 quae

589 4012 915 4075 sequuntur.
949 4004 1058 4060 Sed
1101 4006 1193 4074 qui
1224 4005 1443 4060 tandem
1471 4015 1597 4076 post
1627 4007 1904 4065 Zachariae
1925 4018 2172 4082 tempora

589 4099 762 4152 secuti
789 4107 921 4154 sunt
942 4099 1085 4166 dies,
1114 4098 1171 4152 in
1197 4099 1400 4168 quibus
1431 4100 1608 4169 spolia
1651 4099 1955 4157 Jerusalem
1995 4105 2171 4160 divisa

589 4191 756 4244 sunt?
795 4199 849 4246 et
889 4200 1080 4263 gentes
1126 4192 1397 4247 universae
1444 4191 1515 4245 ad
1561 4191 1763 4247 bellum
1814 4203 2006 4249 contra
2048 4213 2171 4252 eam

585 4283 892 4337 coiverint?
939 4291 989 4339 et
1022 4285 1221 4339 civitas
1255 4291 1414 4353 capta
1453 4283 1546 4348 sit,
1583 4292 1636 4338 et
1679 4284 1876 4341 domus
1920 4287 2170 4358 direptae,

585 4383 638 4428 et
673 4376 930 4431 mulieres
959 4377 1183 4447 pollutae
1215 4385 1382 4446 atque
1413 4376 1466 4431 in
1497 4375 1817 4431 servitutem
1849 4379 2089 4434 abactae?
2114 4391 2169 4436 et

585 4465 806 4557 quando
847 4466 1012 4519 simul
1053 4467 1156 4522 sub
1187 4467 1332 4522 idem
1373 4473 1588 4537 tempus
1618 4465 1880 4524 Dominus
1915 4469 2165 4540 gentibus
2200 4500 2247 4557 ι)

579 4554 884 4610 Jerusalem
915 4558 1372 4627 Oppugnantibus
1431 4557 1787 4622 subveniens,
1827 4563 2169 4630 comparavit

583 4663 644 4702 se
673 4646 738 4701 ad
772 4648 1018 4717 praelium
1057 4664 1182 4702 cum
1216 4647 1361 4705 illis?
1394 4655 1488 4700 aut
1517 4649 1738 4718 quando
1767 4657 2033 4707 steterunt
2068 4667 2169 4722 pe-

582 4739 681 4795 des
709 4741 832 4809 ejus
884 4740 939 4795 in
973 4749 1160 4797 monte
1193 4740 1513 4798 Ulivarum?
1558 4748 1654 4795 aut
1702 4742 1924 4812 quando
1957 4745 2168 4799 exstitit

584 4831 848 4887 Dominus
871 4832 925 4886 in
965 4831 1166 4904 Regem
1201 4849 1296 4903 per
1330 4836 1645 4890 universam
1675 4834 1918 4888 terram?
1942 4835 2166 4907 ipseque

580 4938 724 4977 unus
770 4921 1037 4980 Dominus
1090 4925 1235 4995 apud
1286 4941 1478 4982 onmes
1531 4924 1820 4983 homines?
1865 4933 1920 4980 et
1965 4943 2169 4982 nomen.

577 5016 699 5084 ejus
731 5018 981 5074 ambiens
1001 5019 1312 5074 universam
1336 5028 1539 5074 terram
1562 5025 1617 5076 et
1640 5019 2030 5074 solitudinem?
2048 5022 2164 5076 hare

577 5106 722 5159 cnim
754 5122 1032 5177 nunquam
1065 5109 1352 5180 quisquam
1384 5118 1541 5163 antea
1571 5108 1637 5163 ad
1673 5121 1835 5160 suum
1861 5106 2020 5162 finem
2047 5121 2165 5177 per-.3

578 5197 742 5250 ducta
771 5197 1148 5254 demonstrare
1195 5200 1418 5268 poterit,
1450 5200 1554 5254 nisi
1598 5199 1971 5254 Romanorum
2023 5205 2162 5252 tem-

577 5287 825 5356 poribus,
865 5289 1068 5359 quibus
1110 5301 1235 5360 post
1283 5290 1675 5364 Babylonicum
1705 5291 2043 5356 incendium,
2082 5293 2162 5346 al-

578 5387 698 5436 tero
747 5396 942 5437 rursus
983 5382 1236 5439 incendio
1272 5385 1516 5454 ipsorum
1572 5386 1833 5456 templum
1880 5390 2157 5437 vastatum

515 5516 527 5527 .
575 5481 682 5542 est,
721 5483 775 5531 et
800 5474 996 5532 civitas
1022 5491 1089 5530 ex
1112 5476 1204 5531 illo
1236 5478 1303 5532 ad
1337 5478 1483 5532 hunc
1515 5493 1690 5548 usque
1721 5480 1862 5534 diem
1884 5477 1959 5532 ab
1979 5484 2160 5531 exter-

577 5565 664 5620 nis
692 5567 946 5636 gentibus
965 5566 1198 5624 babitari
1223 5570 1549 5624 ostenditur.
1575 5568 1697 5636 Quo
1725 5579 1972 5642 tempore
1992 5569 2154 5623 etiam

649 5747 689 5779 “
748 5745 949 5803 Ezecb.
990 5763 1123 5815 xvu,
1157 5744 1243 5803 12.
1325 5745 1368 5777 ¹⁸
1411 5743 1642 5801 Zachar.
1679 5761 1796 5810 ιιι,
1837 5740 2030 5802 lio”.

2300 527 2629 601 ἐμπρησμὸν
2655 527 2946 600 ὑπέμεινεν
2981 527 3010 578 ό
3037 522 3204 587 νεὼς;
3237 522 3352 575 ἀλλ’
3379 523 3476 575 οὐκ
3509 521 3657 576 ἐστιν
3684 519 3878 577 εἰπεῖν.’

2297 617 2455 673 Μετὰ
2491 618 2603 689 γὰρ
2651 617 2749 690 τὴν
2795 618 2900 670 ὑπὸ
2953 615 3311 670 Βαϐυλωνίων
3362 614 3724 685 πυρπόλησιν,
3765 614 3862 666 οὐδ’

2297 707 2485 762 ἄλλοτε
2533 707 2788 780 δευτέραν
2841 708 2879 778 ἢ
2917 707 3058 761 κατὰ
3119 707 3276 759 Τῖτον
3323 707 3415 760 καὶ
3475 705 3862 760 Οὐεσπασιανὸν.

2308 801 2594 872 Ῥωμαίων
2651 802 3087 872 αὐτοκράτορας,
3130 799 3230 868 τὴν
3268 798 3358 852 διὰ
3403 799 3574 868 πυρὸς
3621 799 3864 871 ὑπέμεινε

2297 890 2526 963 φθορὰν,
2542 890 2626 960 ἐφ’
2707 891 2871 945 πάλιν
2899 890 2990 944 διὰ
3008 889 3329 959 αἰνίγματος
3354 889 3481 952 τοὺς
3503 889 3673 942 πάλαι
3698 891 3868 959 ἄρχον-

2293 998 2392 1044 τας
2416 980 2511 1034 τοῦ
2545 981 2731 1045 ἔθνους
2760 983 2854 1034 ἐπὶ
2879 981 3108 1052 θρήνους
3134 982 3227 1034 καὶ
3252 979 3595 1052 ὀλοφυρμοὺς
3620 981 3868 1036 ἀνακαλεῖ

2295 1073 2520 1142 φάσκων
2556 1075 2584 1126 6
2606 1073 2794 1144 λόγος·
2832 1089 2853 1124 ‹
2888 1072 3221 1141 Ὀλολυξάτω
3249 1074 3431 1137 πίτυς,
3455 1073 3587 1126 διότι
3621 1074 3866 1130 πέπτωκε

2295 1166 2484 1239 κέδρος
2507 1206 2523 1230 ,
2583 1168 2664 1220 ὅτι
2720 1167 2970 1238 μεγάλως
3027 1167 3350 1237 μεγιστᾶνες
3404 1165 3863 1238 ἐταλαιπώρησαν.

2307 1258 2643 1325 Ὀλολύξατε,
2677 1260 2836 1329 δρύες
2858 1259 2956 1331 τῆς
2989 1258 3355 1325 Βασανίτιδος,
3396 1259 3479 1312 ὅτι
3519 1260 3866 1334 κατεσπάσθη

2294 1352 2324 1403 6
2344 1351 2546 1423 δρυμὸς
2574 1351 2602 1404 ὀ
2643 1351 2922 1422 σύμφυτος
2941 1367 2954 1380 ⁸
2980 1349 3132 1421 φωνὴ
3173 1349 3517 1423 θρηνούντων
3568 1351 3867 1421 ποιμένων,

2293 1442 2376 1496 ὃτι
2421 1441 2902 1514 τεταλαιπώρηκεν
2954 1443 2987 1511 ἡ
3035 1439 3392 1512 μεγαλωσύνη
3439 1440 3642 1494 αὐτῶν.
3687 1458 3705 1490 ›
3747 1441 3866 1494 Τότε

2292 1533 2423 1604 γοῦν
2451 1535 2545 1587 καὶ
2577 1534 2801 1602 γέγονεν
2825 1535 2859 1604 ὴ
2891 1533 3248 1606 Ἰερουσαλὴμ
3267 1532 3343 1596 ὡς
3377 1531 3630 1608 πρόθυρα
3662 1531 3866 1584 σαλευό-

2296 1645 2431 1700 μενα
2465 1629 2600 1681 πᾶσι
2632 1630 2742 1690 τοῖς
2775 1626 2923 1690 λαοῖς
2947 1625 3152 1696 κύκλῳ,
3189 1627 3282 1678 καὶ
3312 1625 3370 1678 ὲν
3397 1627 3464 1695 τῇ
3519 1623 3752 1694 Ἰουδαία
3785 1624 3868 1692 γέ-

2291 1738 2417 1790 γονε
2466 1720 2713 1793 περιοχὴ,
2747 1721 2776 1773 ὃ
2820 1736 2880 1771 τε
2925 1717 3310 1790 νενομισμένος
3349 1717 3533 1780 αὐτοῖς
3583 1715 3738 1784 ἅγιος
3781 1716 3863 1768 καὶ

2289 1813 2431 1885 ἱερὸς
2455 1811 2641 1879 τόπος,
2661 1810 2829 1864 εἰσέτι
2857 1809 2953 1863 καὶ
2977 1811 3217 1881 σήμερον
3250 1807 3396 1871 λίθος
3418 1806 3681 1877 τυγχάνει
3708 1823 3863 1859 κατα-

2288 1904 2627 1977 πατούμενος
2655 1905 2788 1957 πᾶσι
2816 1905 2930 1966 τοῖς
2960 1901 3159 1965 ἔθνεσι,
3202 1901 3295 1954 καὶ
3323 1902 3431 1964 πᾶς
3476 1902 3504 1953 ὁ
3543 1898 3866 1953 καταπατὶἐνι

2287 1998 2456 2069 αὐτὴν
2487 1996 2770 2068 ἐμπαίςιον
2817 1994 3181 2066 ἐμπαίεεται,
3226 1991 3536 2056 ἀκολούθως
3563 1995 3632 2062 τῇ
3667 2007 3863 2061 προφη-

2285 2092 2427 2163 τεία.
2471 2087 2633 2143 Ἀλλά
2677 2089 2772 2143 καὶ
2804 2088 2922 2142 ἀνθ’
2965 2080 3040 2140 ὧν
3088 2087 3514 2159 κατωρχήσαντο
3556 2082 3654 2138 τοῦ
3703 2083 3863 2137 ταῦτα

2287 2183 2642 2246 θεσπίσαντος
2677 2182 2908 2254 Κυρίου,
2939 2180 3000 2236 οὐ
3029 2179 3367 2233 διαλέλοιπεν
3406 2177 3608 2240 αὐτοὺς
3646 2175 3863 2237 κοπετὸο

2286 2277 2382 2329 καὶ
2407 2276 2642 2347 ὀδυρμὸς
2673 2275 2767 2328 καὶ
2799 2273 3022 2345 θρῆνοςι
3065 2272 3140 2324 Οὐ
3191 2270 3411 2326 πώποτε
3450 2269 3581 2338 γοῦν
3623 2267 3862 2337 άλλοτεῆ

2289 2367 2426 2439 μετὰ
2457 2367 2557 2439 τὴν
2580 2365 2675 2420 τοῦ
2709 2365 2962 2437 Σωτῆρος
2988 2364 3145 2438 ἡμῶν
3167 2363 3495 2435 παρουσίαν,
3526 2362 3622 2414 καὶ
3664 2362 3742 2424 εἰς
3777 2361 3861 2412 τὸν

2286 2458 2406 2512 καθ’
2451 2459 2599 2529 ἡμᾶς
2645 2457 2832 2528 χρόνον
2857 2495 2872 2521 ,
2922 2456 3095 2509 πᾶσαι
3135 2456 3193 2509 αἱ
3240 2453 3402 2524 φυλαὶ
3441 2451 3536 2505 τοῦ
3602 2451 3864 2505 Ἰουδαίων

2285 2550 2470 2614 ἔθνους
2501 2549 2714 2622 θρήνων
2748 2549 2840 2601 καὶ
2875 2546 3122 2602 κοπετῶν
3154 2535 3282 2612 ἄξια
3313 2544 3616 2598 πεπόνθασι
3659 2543 3744 2596 διὰ
3772 2542 3860 2613 τὴν

2283 2641 2697 2696 καταλαϐοῦσαν
2731 2641 2928 2703 αὐτοὺς
2961 2641 3026 2692 ἐκ
3051 2637 3187 2692 Θεοῦ
3218 2637 3452 2708 πληγὴν,
3486 2637 3575 2705 ὑφ’
3605 2631 3679 2709 ἦς
3715 2636 3857 2706 καὶή

2287 2733 2615 2807 μητρόπολις
2643 2731 2820 2786 αὐτῶν
2844 2729 3163 2800 ἀλλοφύλοις
3189 2727 3398 2783 ἔθνεσιν
3413 2727 3657 2798 ἐξεδόθη,
3685 2726 3777 2780 καὶ
3803 2725 3858 2778 τὸ

2287 2822 2429 2895 ἱερὸν
2463 2821 2804 2892 κατεσκάφη,
2839 2819 2992 2873 αὐτοί
3018 2835 3079 2872 τε
3107 2820 3208 2888 τῆς
3257 2816 3394 2880 ἰδίας
3437 2818 3620 2888 χώρας
3663 2814 3858 2886 ἀπελή-

2282 2912 2461 2976 λαντο,
2485 2915 2544 2967 ἐν
2574 2916 2640 2984 τῇ
2680 2909 2916 2982 πολεμίᾳ
2944 2907 3156 2980 ἐχθροῖς
3184 2906 3526 2971 δουλεύοντες
3549 2923 3562 2936 ·
3597 2900 3677 2959 ὧν
3707 2906 3857 2958 ἓνεκα

2282 3009 2390 3071 πᾶς
2419 3007 2450 3058 6
2473 3000 2620 3069 οἶκος
2641 3003 2840 3066 αὐτῶν,
2872 3004 2967 3055 καὶ
3003 3003 3153 3054 πᾶσα
3172 2999 3318 3071 ψυχὴ
3354 2999 3532 3052 αὐτῶν
3562 2998 3733 3050 εἰσέτι
3771 2996 3858 3050 καὶ

2283 3100 2522 3171 σήμερον
2561 3097 2777 3169 θρήνοις
2814 3095 3202 3166 ὑποϐέϐληται.
3247 3092 3340 3146 Διό
3377 3107 3540 3162 φησιν
3586 3092 3620 3161 ὴ
3651 3084 3855 3162 πρσφη-

2277 3192 2431 3244 τεία”
2474 3209 2492 3241 ι
2536 3191 2648 3243 Καὶ
2675 3188 2899 3259 διόψεται
2930 3186 3072 3258 φυλὴ
3108 3184 3249 3240 κατὰ
3290 3185 3486 3256 φυλὴν,
3528 3183 3673 3254 φυλὴ
3717 3182 3856 3237 οίκου
3909 3188 3911 3190 ’

2277 3284 2440 3338 Δαϐὶδ
2461 3283 2582 3337 καθ’
2607 3282 2827 3353 ἑαυτὴν,
2851 3281 2946 3334 καὶ
2970 3283 3231 3349 γυναῖκες
3253 3278 3431 3334 αὐτῶν
3459 3277 3583 3330 καθ’
3603 3276 3850 3339 ἑαυτάςοι

2277 3376 2371 3428 καὶ
2423 3373 2493 3426 τὰ
2547 3371 2759 3435 τούτοις
2798 3372 3063 3441 ἑπόμενα.
3098 3371 3261 3423 Ποῖαι
3307 3369 3365 3422 δὲ
3411 3367 3551 3440 μετὰ
3599 3368 3730 3431 τοὺς
3769 3366 3855 3420 τοῦ

2277 3459 2547 3532 Ζαχαρίου
2591 3459 2813 3531 χρόνους
2847 3458 3136 3528 γεγόνασιν
3175 3457 3402 3530 ἡμέραι,
3453 3458 3512 3510 ὲν
3547 3451 3634 3519 αἷς
3682 3456 3855 3527 διεμε-

2278 3549 2434 3622 ρίσθη
2475 3549 2543 3602 τὰ
2590 3548 2762 3602 σκῦλα
2808 3551 2907 3620 τῆς
2962 3548 3336 3620 Ἰερουσαλὴμ,
3372 3547 3469 3599 καὶ
3523 3547 3853 3618 ἐπισυνήχθη

2277 3641 2455 3694 πάντα
2499 3639 2569 3694 τά
2609 3640 2734 3712 ἔθνη
2769 3640 2855 3692 ἐπ’
2897 3640 3065 3712 αὐτὴν
3105 3641 3186 3702 εἰς
3239 3639 3504 3709 πόλεμον,
3553 3638 3673 3712 ἥλω
3719 3655 3779 3691 τε

2275 3732 2451 3796 πόλις,
2493 3734 2588 3786 καὶ
2628 3732 3012 3806 διηρπάγησαν
3042 3733 3099 3786 αἰ
3131 3733 3334 3795 οἰκίαι,
3371 3732 3464 3784 καὶ
3504 3727 3561 3784 αἰ
3604 3733 3854 3810 γυναῖκες

2274 3825 2667 3897 ἐμολύνθησαν,
2712 3823 3041 3896 ἀπήχθησαν
3066 3841 3128 3876 τε
3170 3824 3252 3887 εἰς
3282 3821 3659 3894 αἰχμαλωσίαν
3683 3862 3699 3886 ,
3727 3811 3851 3893 ὁμοῦ

2273 3936 2333 3972 τε
2349 3918 2443 3972 καὶ
2468 3918 2612 3972 κατὰ
2640 3917 2701 3971 τὸ
2727 3917 2860 3972 αὐτὸ
2885 3919 2914 3971 ὁ
2946 3916 3170 3989 Κύριος,
3201 3916 3504 3987 συμμαχῶν
3542 3917 3657 3978 τοῖς
3682 3914 3852 3967 ἔθνεσι

2271 4012 2386 4073 τοῖς
2443 4010 2542 4081 τὴν
2604 4008 2958 4080 Ἰερουσαλὴμ
3019 4007 3352 4079 πολεμοῦσι,
3407 4007 3753 4080 παρετάξατο
3797 4008 3851 4058 ἐν

2272 4101 2490 4166 αὑτοῖς;
2523 4100 2558 4172 ἦ
2592 4099 2722 4154 πότε
2753 4099 2986 4172 ἔστησαν
3019 4100 3069 4151 οἱ
3110 4100 3268 4163 πόδες
3309 4099 3474 4154 αὐτοῦ
3513 4100 3606 4152 ἐπὶ
3638 4101 3702 4152 τὸ
3735 4101 3850 4177 ὅρος

2270 4193 2377 4246 τῶν
2415 4193 2680 4259 Ἐλαιῶν;
2715 4193 2751 4264 ἢ
2775 4192 2906 4245 πότε
2933 4191 3125 4261 γέγονε
3157 4194 3366 4264 Κύριος
3399 4193 3479 4255 εἰς
3514 4191 3739 4262 βασιλέα
3763 4191 3852 4243 ἐπὶ

2271 4287 2451 4340 πᾶσαν
2505 4285 2604 4357 τὴν
2636 4285 2761 4356 γῆν,
2808 4284 2972 4348 αὑτός
3012 4301 3073 4338 τε
3127 4281 3207 4348 εἰς
3258 4284 3461 4356 Κύριος
3503 4284 3598 4339 ἐπὶ
3644 4284 3849 4345 πάντας

2270 4375 2610 4448 ἀνθρώπους,
2643 4377 2738 4430 καὶ
2779 4375 2842 4430 τὸ
2886 4377 3061 4447 όνομα
3111 4376 3279 4430 αὑτοῦ
3335 4375 3636 4446 ἐγκυκλοῦν
3673 4377 3847 4429 πᾶσαν

2270 4469 2370 4538 τὴν
2401 4471 2503 4539 γῆν
2537 4468 2631 4520 καὶ
2656 4468 2757 4539 τὴν
2795 4466 3002 4540 ἔρημον
3023 4483 3038 4533 ;
3062 4467 3237 4522 ταῦτα
3257 4466 3368 4540 γὰρ
3391 4467 3500 4520 οὐδ’
3535 4466 3726 4520 ἄλλοτέ
3765 4467 3847 4518 πω

2269 4559 2532 4631 πρότερον
2557 4559 2671 4631 ἔχοι
2693 4558 2758 4612 ἄν
2778 4576 2863 4621 τις
2883 4560 2964 4620 εἰς
2988 4557 3161 4632 πέρας
3179 4558 3348 4626 δεῖξαι
3369 4557 3620 4629 ἀχθέντα,
3647 4557 3682 4628 ἦ
3710 4543 3846 4610 κατά

2263 4651 2389 4714 τοὺς
2437 4650 2721 4721 Ῥωμαίων
2764 4649 3011 4724 χρόνους,
3055 4648 3175 4702 καθ’
3226 4647 3321 4712 οὓς
3370 4646 3702 4719 ἐμπρησμὸν
3750 4646 3846 4698 ὑπρς

2263 4743 2446 4815 έ-μεινε
2479 4742 2754 4814 δεύτερον,
2786 4741 2926 4813 μετὰ
2955 4742 3047 4795 τὸν
3089 4741 3195 4794 ὑπὸ
3224 4739 3579 4793 Βαϐυλωνίων
3603 4777 3618 4802 ,
3646 4739 3677 4790 6
3713 4727 3843 4801 verb;

2263 4834 2513 4906 αύτῶν,ἧ
2546 4851 2607 4887 τε
2636 4833 2790 4897 πόλις
2820 4833 2881 4897 ἐξ
2901 4833 3112 4887 ἐκείνου
3137 4833 3230 4886 καὶ
3254 4833 3334 4895 εἱς
3359 4829 3518 4902 δεῦρο
3557 4829 3663 4883 ὑπὸ
3694 4829 3844 4883 ἄλλα

2262 4928 2444 4998 φύλων
2480 4927 2648 4983 ἐθνῶν
2698 4927 3128 4981 κατοικισθεῖσαι
3176 4923 3486 4978 δείκνυταιο
3535 4924 3622 4977 ὅτε
3676 4924 3767 4976 καὶ
3810 4919 3841 4972 ό

2264 5019 2468 5089 Κύριος
2493 5018 2653 5090 ἡμῶν
2690 5017 2896 5091 Ἰησοῦς
2922 5021 2952 5072 6
2977 5005 3211 5089 Χριστός
3235 5015 3330 5069 τοῦ
3353 5012 3487 5068 Θεοῦ
3513 5013 3611 5077 τὰς
3638 5013 3841 5073 οἰκείας

2263 5113 2495 5164 ἐποιεῖτο
2539 5109 2819 5183 διατριϐὰς
2867 5111 2960 5164 ἐπὶ
3001 5109 3096 5162 τοῦ
3142 5107 3398 5170 ἐλαιῶνος
3443 5105 3537 5159 τοῦ
3589 5104 3842 5174 ἄντικρυς

2261 5201 2363 5271 τῆς
2398 5202 2755 5273 Ἰερουσαλὴμ
2779 5201 2960 5273 ὅρους,
3000 5199 3376 5272 πληρουμένου
3420 5195 3514 5250 τοῦ
3546 5195 3839 5265 φάσκοντος

2261 5293 2421 5361 λόγου
2444 5311 2456 5323 ·
2493 5311 2510 5344 ι
2531 5295 2641 5347 Καὶ
2671 5294 2961 5359 στήσονται
2991 5294 3040 5345 οἱ
3079 5293 3238 5355 πόδες
3273 5289 3436 5344 αὑτοῦ
3477 5289 3572 5342 ἐπὶ
3611 5287 3673 5339 τὸ
3719 5287 3839 5357 ὅρος

2262 5383 2370 5437 τῶν
2411 5382 2638 5436 Ἐλαιῶν
2661 5382 2721 5434 τὸ
2741 5381 3028 5434 κατέναντι
3063 5379 3449 5450 Ἰερουσαλήμ·
3491 5396 3509 5428 ι
3555 5374 3700 5429 τοῦτ’
3727 5371 3840 5424 ἔστι

2262 5474 2358 5528 τοῦ
2387 5473 2669 5537 θεοσεϐοῦς
2691 5473 3085 5545 πολιτεύματος
3105 5471 3231 5525 καθ’
3260 5471 3388 5540 ὅλης
3415 5470 3512 5540 τῆς
3540 5465 3840 5538 ἀνθρώπων

2262 5565 2585 5638 οἰκουμένης
2610 5565 3139 5637 άνοικοδομηθέντος,
3171 5561 3347 5616 πάντα
3392 5558 3461 5613 τὰ
3508 5557 3656 5628 ἔθνη,
3699 5546 3834 5611 κατᾶ
