4110 6410
309 373 417 430 615

1241 371 1897 430 DEMONSTRATIONIS
1934 371 2396 430 EVANGELICE
2435 370 2567 430 LIB.
2609 370 2745 428 Vill.

3490 374 3596 433 6-16

311 494 412 564 τὴν
470 493 840 566 προφητείαν,
870 493 969 565 τὴν
1017 491 1210 565 ἑορτὴν
1260 494 1357 565 τῆς
1412 493 1793 565 Σκηνοπηγίας
1843 494 1904 547 ὲν

2009 494 2273 551 Dominus
2329 501 2521 550 noster
2591 492 2754 551 Iesus
2813 491 3071 550 Christus
3118 491 3216 551 Dei
3273 495 3484 551 versari
3536 496 3596 552 in

313 585 479 638 παντὶ
511 585 664 657 τόπῳ
710 586 789 658 τῷ
842 584 962 657 Θεῷ
1001 585 1111 638 τῶν
1168 585 1463 657 προφητῶν
1503 585 1865 658 πανηγυρίζει
1884 626 1899 651 ,

309 677 605 746 Αἰγύπτιοί
635 696 715 743 τε,
746 679 804 746 ἐξ
829 678 1040 731 ἐκείνου
1066 678 1158 732 τὸν
1187 676 1296 731 τῶν
1326 678 1462 731 ὅλων
1491 676 1625 733 Θεὸν
1647 678 1902 747 ἐπιγνόν-

308 784 440 833 τες,
487 769 591 833 τὰς
624 770 830 840 σκηνὰς
882 764 1069 824 αὐτῶν
1117 770 1202 838 ἐφ’
1251 768 1492 837 ἑκάστης
1544 768 1753 834 πόλεως
1806 771 1902 825 καὶ

305 860 501 932 χώρας
530 860 924 931 κατεπήξαντο.
954 855 1081 913 Εἶεν
1111 859 1158 912 δ’
1196 859 1262 913 ἂν
1287 854 1447 925 αὗται
1471 861 1528 915 αί
1561 860 1704 914 κατὰ
1737 860 1902 915 τόπον

322 952 643 1025 Ἑκκλησίαι
672 952 768 1005 τοῦ
795 951 1053 1023 Χριστοῦ.
1080 952 1296 1017 Ταύτας
1326 952 1437 1024 γὰρ
1462 951 1597 1006 πολὺ
1620 952 1904 1023 κρείττους

306 1044 423 1097 τῶν
472 1043 627 1116 παρᾶ
683 1045 910 1097 Μωῦσεῖ
957 1042 1173 1113 σκηνῶν
1223 1045 1257 1115 ἡ
1303 1044 1396 1097 τοῦ
1449 1044 1702 1115 Σωτῆρος
1745 1044 1904 1115 ἡμῶν

323 1133 505 1205 Ἰησοῦ
548 1133 787 1205 Χριστοῦ
827 1132 1052 1204 δύναμις
1090 1132 1213 1186 καθ’
1252 1133 1381 1204 ὅλης
1423 1134 1763 1207 συνεπήξατο
1801 1134 1904 1204 τῆς

309 1226 621 1300 ἀνθρώπων
664 1227 1016 1297 οἰκουμένης,
1059 1226 1140 1287 είς
1166 1222 1228 1276 τὸ
1259 1227 1368 1278 πᾶν
1412 1226 1568 1294 γένος
1599 1225 1903 1299 ἀνθρώπων

311 1319 411 1373 καὶ⁵
460 1319 640 1372 πάντα
681 1317 751 1371 τὰ
806 1317 934 1386 ἔθνη
955 1358 969 1381 ,
1009 1317 1393 1389 Σκηνοπηγίας
1444 1316 1636 1390 ἑορτὴν
1679 1317 1758 1389 τῷ
1809 1318 1904 1371 ἐπὶ

310 1412 537 1466 πάντων
557 1411 676 1482 Θεῷ
707 1410 995 1464 ἐπιτελεῖν.
1017 1411 1146 1464 Ὅτε
1165 1409 1344 1464 τοίνυν
1371 1410 1467 1464 καὶ
1487 1409 1661 1463 ταῦτα
1678 1409 1749 1464 τὰ
1768 1411 1904 1483 πρό-

311 1506 485 1561 παλαι
511 1508 624 1567 τοῖς
656 1505 831 1558 ἔθνεσι
855 1504 1379 1575 προαναφωνηθέντα
1400 1503 1522 1558 καθ’
1540 1505 1687 1575 ἡμᾶς
1708 1505 1905 1568 αὐτοὺς

308 1595 535 1667 ὁρῶμεν
571 1596 673 1668 τὴν
697 1595 921 1649 ἑκϐασιν
958 1595 1319 1669 ἀπειληφότα,
1363 1596 1433 1650 τά
1476 1611 1536 1648 τε
1577 1593 1671 1648 τοῦ
1705 1596 1902 1667 θρήνου

311 1689 412 1742 καὶ
462 1688 558 1741 τοῦ
593 1688 826 1742 κοπετοῠ
864 1690 986 1752 ταῖς
1026 1689 1220 1759 φυλαῖς
1257 1686 1353 1742 τοῦ
1400 1687 1674 1741 ’ῐουδαίων
1719 1687 1903 1751 ἔθνους

308 1780 834 1853 προκεκηρυγμένα,
863 1780 931 1835 τά
955 1797 1014 1834 τε
1043 1780 1147 1852 τῆς
1176 1780 1572 1853 πυρπολήσεως
1595 1779 1689 1834 τοῦ
1728 1781 1899 1850 ἱεροῦ,

312 1875 411 1927 καὶ
442 1874 544 1944 τῆς
574 1873 809 1944 ἐσχάτης
850 1873 1032 1927 αὐτῶν
1058 1873 1296 1945 ἐρημίας
1320 1912 1335 1937 ,
1370 1872 1575 1944 ὁμοίως
1608 1873 1701 1926 καὶ
1731 1872 1905 1927 ταῦτα

308 1968 436 2029 ταῖς
462 1967 831 2040 προρρήσεσιν
854 1966 1022 2019 εἰσέτι
1060 1965 1154 2019 καὶ
1177 1965 1417 2037 σήμερον
1438 1964 1737 2036 ὀφθαλμοῖς
1770 1964 1905 2017 θεω-

310 2061 495 2134 ρεῖται
515 2075 529 2088 ’
564 2058 617 2111 τί
637 2057 881 2111 λείπεται
914 2058 1009 2110 ἐπὶ
1029 2056 1240 2121 τούτοις
1266 2057 1299 2129 ἢ
1327 2058 1419 2111 καὶ
1443 2058 1535 2111 τὸν
1567 2058 1906 2128 προφητευό-

314 2166 485 2222 μενον
504 2149 739 2203 Βασιλέα
770 2149 861 2203 τὸν
892 2147 1125 2220 Χριστὸν
1150 2147 1244 2201 τοῦ
1276 2147 1412 2202 Θεοῦ
1436 2148 1751 2219 ἐληλυθέναι
1774 2151 1906 2220 ὁμο-

311 2243 536 2313 λογεῖν,
588 2242 701 2297 τῶν
756 2243 898 2298 κατὰ
947 2244 1049 2315 τὴν
1098 2243 1403 2315 παρουσίαν
1451 2240 1617 2295 αὐτοῦ
1667 2241 1907 2312 σημείων

310 2332 406 2402 ἐφ’
468 2333 684 2403 ἑκάστῳ
730 2333 838 2387 τῶν
901 2332 1207 2405 εἰρημένων
1259 2331 1464 2405 ἐναργῆ
1525 2332 1626 2404 τὴν
1684 2331 1908 2386 ἔκϐασιν

311 2440 340 2476 ε
351 2422 601 2493 ίληφέναι
635 2423 1103 2495 ἀποδεδειγμένων
1123 2440 1138 2489 ;

2005 587 2205 643 oliveto
2228 588 2537 653 consuevit,
2562 584 2712 657 quod
2738 593 2826 641 est
2880 585 2936 641 in
2989 594 3175 643 monte
3204 592 3397 642 contra
3428 584 3594 643 Jeru-

2006 678 2200 740 salem.
2229 679 2673 749 completumque
2702 683 2788 733 est
2821 677 3108 733 oraculum
3139 677 3290 748 quod
3321 677 3434 732 ait:
3458 696 3488 729 .‹
3528 676 3591 732 Et

2004 770 2227 826 stabunt
2246 769 2411 840 pedes
2442 769 2565 840 ejus
2593 769 2649 824 in
2680 778 2865 823 monte
2892 766 3198 836 Olivarum,
3231 770 3325 839 qui
3355 776 3440 826 est
3460 784 3587 825 cono

2002 866 2088 913 tra
2122 857 2455 925 Jerusalem,
2492 878 2512 913 ι
2547 859 2654 916 hoc
2692 868 2780 916 est
2831 861 3095 932 religioso
3128 860 3331 931 pioque
3374 861 3591 917 vivendi

2005 950 2258 1007 instituto
2302 967 2401 1023 per
2449 952 2640 1009 orbem
2694 958 2970 1009 terrarum
3029 952 3253 1008 condito
3293 962 3348 1009 et
3385 962 3589 1021 erecto,

2003 1058 2197 1100 omnes
2240 1044 2545 1101 secundum
2576 1046 2943 1116 prophetiam,
2974 1046 3120 1111 diem
3154 1046 3352 1102 festum
3385 1046 3588 1104 Taber-

2006 1137 2337 1193 naculorum
2415 1138 2779 1193 celebrabunt
2855 1137 2968 1194 Deo
3040 1139 3467 1209 prophetarum,
3539 1146 3595 1194 et

2005 1229 2249 1303 [Egyptii
2271 1247 2340 1287 ex
2369 1231 2464 1286 illo
2487 1230 2658 1286 Deum
2687 1231 2932 1288 universi
2952 1238 3316 1303 agnoscentes
3348 1231 3596 1286 taberna-

2005 1322 2128 1376 cula
2151 1336 2251 1377 sua
2280 1322 2335 1376 in
2360 1322 2593 1394 singulis
2627 1322 2946 1377 civitatibus
2971 1332 3026 1377 et
3055 1321 3377 1393 regionibus
3399 1321 3588 1391 ﬁgent.

2005 1412 2102 1468 Ha:
2131 1428 2297 1484 porro
2330 1414 2444 1469 sint
2465 1413 2675 1470 Christi
2706 1414 2761 1468 in
2798 1414 2949 1469 omni
2986 1415 3110 1469 loco
3139 1415 3379 1471 conditae
3402 1414 3596 1470 Eccle-

2005 1506 2121 1560 siae.
2156 1504 2269 1561 Has
2297 1506 2444 1561 enim
2467 1506 2640 1560 multo
2674 1507 3084 1575 praestantiores
3130 1505 3388 1563 Mosaicis
3409 1505 3611 1562 labere

2005 1598 2220 1653 naculis
2255 1597 2557 1654 Salvatoris
2581 1600 2758 1654 nostri
2802 1596 2933 1654 Jesu
2976 1598 3182 1655 Christi
3238 1600 3503 1669 potentia,
3534 1596 3594 1654 in

2005 1690 2153 1744 omni
2190 1689 2260 1743 ab
2292 1689 2607 1746 hominibus
2644 1691 2888 1747 habitata
2919 1691 3051 1746 orbe
3094 1707 3192 1762 per
3218 1707 3382 1747 omne
3416 1692 3595 1747 homi-

2007 1797 2137 1836 num
2171 1795 2365 1852 genus,
2397 1797 2493 1852 per
2522 1796 2714 1839 omnes
2743 1791 2935 1853 gentes
2966 1782 3103 1845 ﬁxit,
3150 1790 3209 1837 ut
3254 1781 3366 1838 Deo
3405 1782 3593 1838 omnia

1937 1848 1978 1904 Β
2006 1872 2112 1930 sub
2134 1848 2198 1929 se
2224 1848 2445 1929 babenti
2494 1848 2775 1930 celebrent
2798 1873 2942 1929 diem
2992 1873 3193 1929 festum
3243 1874 3590 1931 Tabernacu-

2013 1967 2215 2022 lorum.
2242 1965 2473 2033 Quando
2496 1967 2663 2037 igitur
2680 1967 2795 2023 haec
2820 1968 3066 2038 quaajam
3097 1967 3192 2023 diu
3223 1967 3479 2037 gentibus
3505 1966 3598 2023 de-

2007 2060 2260 2113 nuntiata
2282 2058 2526 2123 fuerunt,
2550 2059 2755 2115 nostris
2771 2059 3110 2129 temporibus
3122 2058 3371 2115 videmus
3388 2059 3593 2114 exitum

2007 2154 2202 2208 sortita
2233 2167 2382 2215 esse,
2425 2163 2481 2208 et
2520 2168 2643 2224 qua:
2688 2154 2757 2208 de
2797 2153 3039 2208 lamenta
3076 2160 3132 2209 et
3181 2152 3403 2221 planctu
3443 2158 3598 2208 tanto

2009 2252 2138 2299 ante
2171 2243 2239 2298 ad
2281 2243 2542 2300 Judaicas
2595 2245 2774 2301 tribus
2802 2243 3074 2300 divinitus
3116 2243 3414 2299 inclamata
3442 2252 3594 2310 sunt,

2014 2351 2244 2407 qumque
2283 2336 2352 2391 de
2395 2338 2709 2393 vastatione
2749 2334 3121 2407 incendioque
3176 2335 3385 2407 templi,
3416 2344 3593 2391 extre-

2012 2439 2213 2495 maque
2227 2424 2468 2495 ipsorum
2488 2426 2785 2481 solitudine
2806 2425 3088 2496 praedicta,
3108 2440 3173 2480 ea
3187 2425 3304 2495 ipsa
3323 2440 3598 2495 nusquam

313 2519 390 2572 ab
418 2519 661 2574 oraculis
691 2517 1059 2589 discrepantia
1089 2533 1263 2588 usque
1290 2517 1360 2573 ad
1389 2518 1716 2574 hodiernum
1749 2516 1892 2573 diem
1931 2517 2015 2574 vel
2058 2518 2236 2575 oculis
2291 2533 2589 2589 possumus
2630 2519 2832 2576 intueri
2859 2535 2874 2586 ;
2900 2517 3062 2590 5.13
3090 2516 3222 2589 quid
3243 2518 3479 2588 amplius
3506 2532 3605 2574 su-

314 2618 525 2683 perest,
552 2611 657 2667 nisi
684 2619 743 2666 ut
763 2610 987 2683 Regem,
1019 2611 1087 2666 de
1112 2626 1221 2683 quo
1252 2613 1531 2683 prophetae
1570 2612 1889 2683 loquuntur,
1930 2627 2062 2666 cum
2127 2611 2222 2682 qui
2271 2611 2530 2668 Christus
2569 2610 2667 2668 Dei
2708 2619 2816 2675 est,
2871 2612 3090 2667 venisse
3140 2609 3601 2667 fateamur?cum
3692 2690 3697 2697 .

313 2708 508 2776 utique
552 2705 701 2760 illius
738 2703 1003 2760 adventus
1051 2704 1210 2776 signa
1257 2705 1312 2759 in
1355 2705 1608 2777 singulis,
1653 2721 1775 2775 qua:
1819 2705 1886 2759 de
1924 2706 2017 2760 illo
2069 2704 2213 2760 dicta
2242 2712 2393 2770 sunt,
2442 2705 2750 2761 evidentem
2786 2705 2999 2761 exitum
3034 2706 3316 2777 accepisse
3358 2705 3473 2778 jam
3504 2704 3603 2762 de-

315 2800 837 2856 monstraverimus.

327 2911 467 2966 Ἀπύ
499 2910 609 2963 τοῦ
646 2910 907 2965 Ἡσαΐου.
926 2943 995 2959 —-
1014 2910 1236 2980 Σημεῖα
1272 2914 1507 2980 χρόνων
1533 2911 1643 2979 τῆς
1664 2911 1769 2965 τοῦ
1802 2915 1913 2965 Κν-

378 2982 520 3050 ρίου
546 2982 886 3053 παρουσίας
902 2997 916 3012 ⁶
934 2983 1275 3052 Αἰγυπτίων
1299 2984 1625 3053 ἐπίγνωσις
1660 2982 1766 3036 τοῦ
1791 2982 1912 3036 τῶν

388 3050 714 3121 προφητῶν
736 3053 982 3121 Κυρίου.

395 3188 414 3219 ι
457 3168 589 3221 Ἰδοὺ
622 3166 826 3239 Κύριος
872 3165 1106 3239 κάθηται
1141 3166 1233 3220 ἐπὶ
1266 3166 1496 3239 νεφέλης
1524 3167 1733 3240 κούφης
1753 3208 1768 3233 ,
1809 3168 1905 3221 καὶ

2019 2910 2099 2966 Ab
2135 2908 2312 2966 Isaia.
2356 2941 2425 2950 —
2473 2907 2637 2981 Signa
2694 2908 3282 2981 lemporumradvenlus
3332 2909 3599 2970 Domini:

2160 2980 2537 3053 ngyptiorum
2567 2981 2769 3052 agnitio
2802 2980 3016 3035 Domini
3060 2983 3453 3051 prophetarum.

2085 3177 2106 3210 ε
2136 3157 2278 3214 Ecce
2310 3156 2573 3213 Dominus
2605 3155 2756 3213 sedet
2802 3171 2969 3227 super
2997 3156 3143 3212 nube
3173 3157 3302 3221 levi,
3333 3165 3390 3214 et
3419 3160 3601 3216 veniet

313 3258 440 3328 ἣξει
476 3260 557 3322 είς
578 3235 853 3327 Αἴγυπτον
872 3299 888 3326 ,
916 3235 1012 3311 καῖ
1041 3235 1387 3330 σεισθησεται
1431 3235 1782 3331 χειροποίητα
1809 3260 1905 3313 Αί-

2011 3250 2065 3304 ἰη
2096 3249 2415 3321 Egyptum,
2443 3257 2499 3305 et
2529 3250 3022 3304 commovebuntur
3040 3248 3357 3304 manufacta
3377 3250 3599 3325 Egypti

315 3351 533 3420 γύπτου
564 3349 671 3403 ἀπὸ
707 3347 1001 3422 προσώπου
1044 3349 1241 3415 αὐτοῦ,
1279 3351 1374 3404 καὶ
1420 3353 1454 3421 ἠ
1499 3351 1697 3423 καρδία
1729 3350 1911 3405 αὐτῶν

316 3442 689 3514 ήττηθήσεται
740 3443 799 3495 ὲν
840 3441 1056 3506 αὐτοῖς,
1102 3441 1197 3495 καὶ
1238 3442 1700 3515 ὲπεγερθήσονται
1743 3442 1910 3512 Αἰγύ-

316 3551 471 3590 πτιοι
501 3535 589 3588 ἐπ’
615 3534 943 3603 Αἰγυπτίους
962 3572 978 3597 ,
1025 3533 1119 3587 καὶ
1162 3532 1460 3606 πολεμήσει
1502 3533 1788 3606 ἄνθρωπος
1817 3534 1909 3589 τὸν

315 3626 551 3698 ἀδελφὸν
581 3626 779 3690 αὐτοῦ,
822 3625 919 3679 καὶ
960 3623 1248 3697 ἄνθρωπος
1291 3626 1385 3679 τὸν
1436 3625 1664 3698 πλησίον
1706 3627 1870 3681 αὑτοῦ
1892 3644 1907 3658 '

316 3718 789 3793 ὲπεγερθήσονται
818 3718 971 3784 πόλις
1008 3719 1102 3771 ἐπὶ
1143 3718 1328 3782 πόλιν,
1362 3720 1459 3772 καὶ
1496 3720 1663 3789 νόμος
1694 3721 1789 3774 ἐπὶ
1822 3717 1911 3773 νό-

321 3829 446 3882 μον,
471 3812 569 3865 καί
590 3808 1086 3893 ταραχθήσεταιετὸ
1120 3808 1338 3880 πνεῦμα
1366 3808 1476 3863 τῶν
1513 3809 1827 3880 Αἰγυπτίων
1852 3813 1911 3865 ὲν

317 3905 507 3968 αὐτοῖς
527 3944 543 3969 ,
572 3903 668 3957 καὶ
694 3903 794 3974 τὴν
826 3901 1021 3973 βουλὴν
1057 3900 1240 3955 αὐτῶν
1276 3901 1640 3965 διασκεδάσω,
1676 3902 1770 3957 καὶ
1809 3905 1911 3956 ἐπ-

314 3997 662 4069 ιρωτήσουσι
688 3996 817 4060 τοὺς
832 3994 989 4060 θεοὺς
1011 3993 1190 4049 αὐτῶν
1211 4034 1227 4059 ,
1263 3995 1359 4048 καί
1386 3995 1455 4048 τὰ
1482 3995 1774 4065 ἀγάλματα
1815 3996 1912 4048 αύ-

316 4088 463 4153 τῶν,
492 4088 586 4143 καὶ
620 4090 746 4152 τοὺς
785 4088 1278 4162 ἐγγαστριμύθους,
1312 4089 1407 4143 καὶ
1438 4087 1565 4152 τοὺς
1592 4091 1657 4141 ἐκ
1684 4089 1783 4159 τῆς
1808 4089 1912 4159 γῆς

322 4182 641 4252 φωνοῦντας
659 4198 672 4212 ο
715 4200 735 4234 ›
767 4182 861 4236 καὶ⁸
886 4181 1015 4252 ἑξῆς
1044 4183 1186 4257 μετὰ
1233 4181 1460 4235 πλεῖστα
1480 4180 1546 4234 δι’
1574 4181 1911 4251 αἰνιγμάτων

319 4272 625 4345 εἰρημένα,
657 4272 1002 4343 ὲπιλέγεται·
1038 4292 1057 4327 ι
1100 4274 1190 4327 Ἐν
1220 4274 1287 4345 τῇ
1323 4272 1507 4345 ἡμέρᾳ
1542 4271 1729 4346 ἐκείνῃ
1757 4271 1911 4327 ἔσται

320 4365 712 4438 θυσιαστήριον
732 4363 810 4437 τῷ
837 4364 1028 4438 Κυρίῳ
1048 4367 1107 4419 ὲν
1128 4363 1282 4437 χώρᾳ
1306 4363 1606 4433 Αἰγύπτου,
1620 4365 1715 4417 καὶ
1740 4365 1911 4437 στήλη

320 4458 462 4527 πρὸς
491 4456 556 4510 τὸ
582 4457 729 4529 ὃριον
753 4459 924 4530 αὐτῆς
947 4457 1027 4529 τῷ
1047 4458 1259 4530 Κυρίῳ,
1277 4458 1373 4512 καὶ
1405 4457 1557 4511 ἔσται
1580 4460 1662 4522 είς
1685 4461 1911 4529 σημεῖον

318 4551 403 4615 εἰς
435 4550 528 4603 τὸν
554 4550 729 4605 αἰῶνα
760 4551 836 4624 τῷ
860 4552 1052 4625 Κυρίῳ
1079 4553 1138 4604 ὲν
1164 4552 1319 4625 χώρᾳ
1345 4554 1623 4623 Αἰγύπτου
1643 4592 1658 4616 ,
1708 4554 1791 4607 ὅτι
1822 4570 1913 4607 κε·
1943 4590 1987 4645 ῃ

320 4641 618 4715 κράξονται
666 4644 802 4717 πρὸς
827 4644 1032 4718 Κύριον
1058 4645 1148 4700 διὰ
1177 4648 1306 4710 τοὺς
1355 4645 1637 4711 θλίϐοντας
1674 4646 1905 4711 αὐτούς,

320 4736 421 4792 καὶ
453 4735 743 4790 ἀποστελεῖ
788 4738 974 4802 αὐτοῖς
1018 4736 1226 4810 Κύριος
1265 4738 1556 4811 ἄνθρωπον
1574 4778 1590 4804 ,
1632 4737 1692 4802 δς
1745 4737 1909 4791 σώσει

320 4829 525 4895 αὐτοὺς
546 4869 563 4897 ,
596 4830 799 4903 κρίνων
848 4830 1011 4885 σώσει
1056 4832 1252 4897 αὐτοὺς
1270 4872 1285 4897 ,
1337 4832 1433 4887 καὶ
1471 4830 1714 4901 γνωστὸς
1754 4829 1908 4884 ἔσται

319 4923 531 4996 Κύριος
570 4926 684 4988 τοῖς
708 4924 1055 4994 Αἰγυπτίοις,
1087 4924 1183 4979 καὶ
1214 4922 1515 4993 γνώσονται
1541 4924 1591 4977 οἰ
1619 4921 1909 4992 Αἰγύπτιοι

317 5015 530 5087 Κύριον
553 5015 646 5069 τὸν
671 5015 802 5070 Θεὸν
830 5018 888 5070 ὲν
923 5018 991 5088 τῇ
1024 5015 1208 5089 ἡμέρᾳ
1240 5015 1443 5089 ἐκείνῃ,
1473 5015 1568 5070 καὶ
1594 5016 1909 5086 ποιήσονται

319 5105 517 5171 θυσίας
543 5147 558 5172 ,
585 5107 680 5162 καὶ
711 5107 958 5174 εὔξονται
984 5108 1150 5180 εὐχὰς
1184 5106 1263 5179 τῷ
1299 5107 1526 5180 Κυρίῳ,
1561 5108 1657 5161 καὶ
1696 5104 1909 5162 ἀποδώ-

322 5217 501 5254 σουσι.
537 5219 557 5251 ι
588 5202 697 5254 Καὶ
726 5199 899 5254 ταῦτα
932 5199 1294 5271 προλαϐόντες
1328 5202 1392 5253 ὲκ
1420 5198 1620 5271 μέρους
1650 5198 1910 5269 διεσαφή-

323 5308 523 5361 σαμεν.
552 5293 615 5346 Εἰ
654 5292 752 5364 μὲν
782 5287 875 5346 οὖν
912 5290 1010 5363 μὴ,
1043 5292 1170 5355 τοὺς
1194 5289 1479 5362 πατρῴους
1504 5288 1660 5352 θεοὺς
1684 5287 1909 5343 καταλι-

321 5385 522 5450 πόντες
541 5383 850 5454 Αἰγύπτιοι,
875 5383 997 5437 καθ’
1023 5385 1172 5455 ἡμᾶς
1201 5384 1399 5446 αὐτοὺς
1420 5379 1652 5453 ὁρῶνται
1673 5380 1767 5433 τὸν
1796 5379 1908 5433 τῶν

320 5475 624 5549 προφητῶν
662 5475 795 5530 Θεὸν
828 5474 1278 5547 ἐπικαλούμενον
1314 5475 1362 5527 ει
1398 5472 1473 5545 μὴ
1503 5471 1623 5526 καθ’
1652 5472 1779 5543 ὅλης
1806 5472 1907 5543 τῆς

328 5570 633 5639 Αἰγύπτου,
665 5568 810 5624 κατὰ
836 5569 1014 5624 πάντα
1045 5568 1209 5623 τόπον
1258 5568 1354 5623 καὶ
1383 5566 1538 5621 πόλιν
1585 5566 1679 5621 καὶ
1725 5564 1910 5638 χώραν

326 5665 696 5736 ἀνεγήγερται
725 5663 1108 5734 θυσιαστήριον
1135 5659 1215 5718 τῶ
1239 5659 1388 5730 παρὰ
1422 5659 1602 5729 μόνοις
1637 5656 1909 5731 Ἑϐραίοις

400 5841 448 5878 ⁸³
490 5841 598 5898 In.
634 5854 767 5906 nx,
803 5838 919 5893 1-5.
997 5839 1042 5871 “
1080 5838 1214 5897 ibid.
1252 5840 1439 5898 {9-21.

2014 3357 2046 3398 a
2079 3342 2221 3399 facie
2247 3342 2392 3413 ejus,
2424 3349 2479 3397 et
2507 3357 2607 3398 cor
2634 3357 2826 3398 eorum
2853 3343 3108 3397 vincetur
3138 3342 3194 3395 in
3228 3343 3384 3412 ipsis,
3418 3351 3474 3400 et
3508 3360 3605 3402 ex-

2012 3435 2334 3489 citabuntur
2379 3432 2622 3505 Egyptii
2672 3442 2867 3487 contra
2920 3431 3248 3503 Egyptios,
3292 3440 3348 3488 et
3397 3434 3599 3489 bellum

2012 3522 2165 3598 geret
2198 3526 2363 3581 homo
2407 3533 2602 3580 contra
2632 3522 2856 3579 fratrem
2914 3539 3099 3587 suum,
3131 3533 3186 3578 et
3214 3523 3380 3579 homo
3407 3531 3601 3579 contra

2013 3619 2322 3690 proximum
2354 3633 2515 3675 suum
2548 3636 2561 3674 :
2597 3618 2933 3673 excitabitur
2977 3619 3172 3674 civitas
3215 3617 3270 3672 in
3300 3617 3600 3687 civitatem,

2011 3721 2067 3771 et
2098 3713 2262 3769 lexin
2305 3712 2501 3782 legem,
2534 3718 2589 3765 et
2618 3711 2934 3765 turbabitur
2964 3711 3190 3781 spiritus
3214 3709 3598 3781 [Egyptiorum

2012 3808 2068 3861 in
2100 3805 2261 3876 ipsis,
2292 3811 2347 3858 et
2381 3802 2673 3858 consilium
2704 3818 2896 3859 eorum
2931 3802 3235 3873 dissipabo,
3280 3810 3337 3857 et
3365 3801 3603 3858 interro-

2011 3897 2217 3968 gabunt
2250 3894 2382 3948 deus
2414 3910 2546 3949 suos
2571 3903 2625 3950 et
2658 3894 2958 3949 simulacra
2990 3908 3110 3957 sua,
3138 3903 3193 3949 et
3217 3894 3517 3967 Pythones,
3547 3903 3603 3949 et

2013 4005 2109 4049 eos
2136 3991 2228 4060 qui
2273 3990 2342 4044 de
2385 3996 2532 4043 terra
2574 4002 2767 4041 vocem
2813 3986 3158 4042 emittunt".
3192 4006 3214 4039 ι
3246 3986 3312 4040 Ει
3341 3988 3602 4057 deinceps

2016 4090 2140 4154 post
2169 4082 2402 4151 plurima
2453 4095 2575 4150 quae
2605 4079 2835 4151 ﬁgurate
2882 4087 2936 4132 et
2978 4080 3216 4133 obscure
3256 4080 3403 4135 dicta
3448 4088 3599 4145 sunt,

2013 4173 2369 4244 adjungitur:
2408 4190 2427 4221 ι
2460 4170 2516 4225 In
2547 4171 2636 4225 die
2666 4170 2758 4224 illa
2786 4169 2890 4224 erit
2922 4170 3096 4224 altare
3125 4167 3355 4225 Domino
3378 4171 3435 4223 in
3454 4182 3601 4224 terra

2014 4266 2257 4338 Egypti,
2287 4273 2343 4322 et
2382 4264 2574 4319 titulus
2615 4262 2776 4331 juxta
2825 4262 3125 4316 terminum
3168 4261 3292 4332 ejus
3317 4260 3549 4317 Domino
3581 4278 3597 4316 :

2014 4372 2070 4417 et
2114 4361 2219 4417 erit
2265 4360 2322 4413 in
2374 4359 2594 4428 signum
2645 4358 2701 4410 in
2759 4365 3023 4410 anethum
3080 4354 3313 4410 Domino
3357 4354 3413 4409 in
3454 4363 3602 4409 terra

2014 4454 2258 4527 Egypti,
2299 4452 2559 4523 quoniam
2603 4448 2925 4505 clamabunt
2953 4447 3023 4503 ad
3058 4446 3349 4503 Dominum
3380 4454 3604 4519 propter

2016 4548 2316 4619 aliligentes
2347 4560 2427 4605 se.
2460 4551 2515 4598 et
2540 4542 2722 4597 mittet
2748 4542 2831 4597 eis
2865 4540 3126 4595 Dominus
3172 4539 3473 4601 hominem,
3504 4539 3599 4609 qui

2016 4638 2250 4696 salvabit
2278 4650 2398 4697 eos,
2434 4633 2692 4704 judicans
2726 4630 2960 4687 salvabit
2985 4644 3103 4695 eos,
3136 4636 3190 4684 et
3213 4628 3469 4698 cognitus
3494 4627 3601 4683 erit

2018 4730 2282 4800 Dominus
2321 4726 2617 4798 Egyptiis,
2660 4734 2715 4781 et
2763 4730 3098 4794 cognoscent
3134 4721 3378 4794 Egyptii
3424 4718 3603 4775 Domi-

2016 4839 2148 4880 num
2185 4822 2354 4877 Deum
2385 4821 2439 4874 in
2461 4820 2550 4875 die
2580 4819 2694 4882 illa,
2723 4824 2781 4872 et
2810 4816 3013 4871 facient
3040 4813 3333 4879 sacriﬁcia,
3363 4821 3418 4868 et
3437 4826 3603 4867 vove-

2016 4919 2152 4973 bunt
2180 4922 2304 4970 vota
2337 4912 2590 4979 Domino,
2621 4919 2677 4967 et
2706 4911 3011 4967 reddent“.
3047 4931 3067 4964 ι
3098 4909 3225 4964 llaec
3254 4922 3355 4963 nos
3381 4905 3601 4978 quidem

2016 5018 2175 5064 antea
2205 5021 2424 5078 quoque
2452 5005 2764 5069 citavimus,
2796 5003 2926 5058 etin
2955 5009 3110 5073 parte
3134 5001 3329 5057 saltem
3353 4996 3601 5068 planiora

2015 5100 2355 5158 reddidimus
2386 5120 2399 5156 :
2434 5099 2583 5170 quod
2620 5099 2665 5155 si
2691 5115 2805 5163 non,
2833 5097 3029 5170 patriis
3056 5095 3164 5151 diis
3202 5091 3410 5149 relictis
3439 5089 3605 5163 Egy-

2015 5194 2161 5264 ptios
2190 5191 2295 5245 hoc
2313 5191 2433 5262 ipso
2460 5198 2707 5262 tempore
2738 5190 2991 5245 videmus
3013 5187 3404 5258 prophetarum
3432 5182 3608 5239 Deum

2014 5285 2366 5350 invocantes;
2404 5283 2449 5338 si
2497 5297 2593 5353 per
2642 5282 2958 5337 universam
3009 5279 3305 5351 Egyptnm
3353 5277 3408 5331 in
3450 5276 3609 5330 omni

2013 5378 2158 5441 loco,
2194 5387 2249 5431 et
2275 5375 2517 5439 civitate,
2559 5381 2613 5428 et
2639 5372 2883 5445 regione,
2918 5372 3088 5428 altare
3118 5372 3195 5426 illi
3220 5370 3329 5426 Deo
3356 5376 3610 5425 erectum

2015 5484 2127 5525 non
2153 5475 2258 5534 est,
2292 5469 2383 5537 qui
2412 5464 2559 5537 apud
2609 5466 2758 5522 solos
2784 5463 3041 5520 Hebraeos
3076 5463 3332 5519 laudibus
3360 5461 3612 5517 celebra-

2015 5569 2127 5630 tur,
2159 5561 2206 5616 si
2241 5558 2549 5615 mannl‘acta
2586 5556 2807 5631 Egypti
2835 5567 3104 5613 commota
3126 5571 3235 5611 non
3257 5562 3408 5619 sunt,
3439 5547 3614 5625 414

2017 5665 2073 5713 et
2093 5655 2392 5711 diemonica
2430 5654 2513 5710 vis
2543 5668 2669 5726 qua!
2708 5653 2918 5710 circum
2963 5652 3054 5708 illa
3098 5650 3449 5714 versabatur,
3492 5659 3605 5700 non
