4110 6410
518 380 621 435 647

1150 372 1420 429 EUSEB“
1458 369 1939 430 CESARIENSIS
1976 368 2127 425 OPP.
2162 366 2341 421 PARS
2380 366 2512 421 ιι...
2543 366 3043 425 APOLOGETICA.

3651 365 3753 420 658

518 496 737 559 defecit,
769 503 1033 563 vetusque
1081 489 1459 563 .Egyptiorum
1514 490 1828 560 superstitio
1871 504 1937 544 ex
1967 488 2086 542 ani-

2187 482 2583 553 θεολογουμένῳ
2614 481 2763 553 Θεῷ·
2817 484 2865 536 εἰ
2902 481 2977 554 μὴ
3004 480 3274 534 σέσεισται
3301 479 3370 531 τὰ
3405 479 3756 550 χειροποίητα

518 604 625 642 nns
652 600 840 641 eorum
873 593 1088 640 sublata
1128 598 1236 636 non
1266 591 1395 647 est;
1435 587 1714 652 praeterea,
1745 579 1791 634 si
1833 594 1929 649 per
1972 578 2086 633 sin-

518 678 676 748 gulas
699 680 946 732 civitates
972 682 1026 728 et
1054 690 1151 743 per
1178 674 1423 744 singulas
1458 672 1672 733 domos,
1707 671 1902 725 bellum
1946 669 2087 724 inle-

519 771 721 825 stinum
769 768 909 836 apud
962 766 1246 838 Egyptios
1293 781 1401 819 non
1454 770 1769 835 grassatur,
1814 762 1944 815 dum
1995 760 2082 813 alii

519 861 736 932 quidem
767 859 1054 914 Dominum
1084 864 1137 912 et
1160 857 1365 911 cultum
1403 853 1495 909 Dei
1523 853 1905 922 prophetarum
1940 850 2086 906 acci-

518 955 697 1024 piunt,
728 965 1081 1020 erroremque
1109 964 1217 1019 quo
1247 949 1315 1002 ab
1354 946 1511 1001 initio
1545 944 1681 1001 deos
1710 944 1911 998 mullos
1935 943 2085 998 cole-

518 1045 671 1108 bant,
707 1050 1050 1107 aversantur,
1084 1043 1174 1095 alii
1225 1050 1354 1096 vero
1386 1048 1673 1109 prepterea
1703 1037 1850 1107 quod
1891 1037 2085 1106 patriis

519 1137 695 1190 adhuc
726 1135 883 1188 malis
913 1134 1091 1189 affecti
1122 1135 1188 1188 iis
1218 1134 1518 1193 adhaerent,
1542 1146 1638 1185 eos
1677 1130 1768 1200 qui
1798 1129 2084 1186 Dominum

518 1228 846 1298 acceperint,
880 1234 1222 1297 oppugnant,
1256 1224 1302 1278 si
1355 1239 1462 1277 non
1506 1223 1667 1277 hodie
1698 1235 1912 1292 quoque
1955 1220 2085 1275 dum

516 1335 647 1375 suos
678 1318 810 1375 deos
849 1333 1054 1388 suaque
1115 1318 1430 1380 simulacra,
1470 1331 1678 1386 eosque
1715 1315 1807 1385 qui
1843 1315 1911 1370 de
1938 1321 2083 1368 terra

515 1427 680 1467 voces
716 1410 990 1474 emittunt,
1022 1418 1076 1465 et
1129 1409 1406 1480 Pytliones
1443 1424 1639 1479 rogare
1670 1415 1961 1471 conantur,
1993 1405 2084 1458 in-

481 1504 483 1506 ’
518 1499 720 1555 fectum
753 1507 915 1568 atque
946 1498 1106 1552 inane
1153 1499 1217 1550 ad
1262 1505 1461 1551 cuncta
1508 1496 1623 1550 haec
1655 1494 1961 1565 perfugium
1989 1509 2087 1548 ex-

518 1591 826 1661 periuntur,
875 1597 1161 1660 propterea
1207 1574 1353 1658 quod
1395 1603 1504 1642 non
1549 1586 1783 1656 amplius
1815 1592 1874 1640 ut
1926 1590 2084 1638 antea

518 1680 703 1735 itidem
729 1679 836 1733 vim
859 1691 1012 1733 suam
1044 1691 1298 1731 exercere
1326 1676 1600 1730 daemones
1621 1680 1870 1743 possunt;
1898 1671 1945 1726 si
1975 1684 2084 1723 non

520 1769 773 1823 universa
804 1769 916 1822 haec
954 1769 1132 1837 reipsa
1179 1768 1339 1821 ﬁnem
1390 1781 1550 1820 suum
1605 1764 1880 1818 invenisse
1900 1770 2086 1819 osten-

516 1860 724 1915 duntur
754 1880 768 1913 :
803 1875 954 1936 sane
984 1834 1225 1914 nondum
1275 1860 1563 1929 quisquam
1614 1857 1744 1910 mihi
1793 1855 2088 1910 arbitretur
2119 1834 2159 1888 Β

517 1952 893 2023 propheticum
946 1967 1071 2007 esse
1132 1951 1465 2021 completum
1520 1949 1841 2010 oraculum,
1910 1961 2087 2016 neque

520 2044 806 2098 Dominum
853 2043 1003 2097 illum
1052 2044 1261 2113 ipsum,
1310 2056 1470 2110 quem
1522 2040 1798 2110 prophetae
1848 2047 2083 2102 canunt,

518 2135 661 2205 apud
692 2133 942 2189 homines
970 2133 1193 2187 vixisse.
1227 2132 1284 2186 Si
1316 2146 1443 2186 vero
1486 2146 1545 2185 re
1583 2129 1724 2200 ipsa,
1748 2144 1869 2199 quae
1904 2129 2087 2185 verbis

520 2227 680 2297 longe
716 2233 801 2280 est
846 2225 1170 2287 evidentior,
1207 2223 1300 2288 qui
1345 2222 1652 2293 Egyptum.
1686 2220 1933 2275 incolunt
1967 2234 2088 2274 cer-

518 2326 724 2374 nuntur
772 2317 1015 2379 interim,
1049 2330 1178 2385 pars
1217 2313 1439 2383 quidem
1479 2311 1867 2382 prophetarum
1918 2309 2085 2366 Deum

517 2410 831 2483 agnovisse,
856 2414 911 2463 et
939 2414 1162 2477 prepter
1186 2406 1336 2459 illum
1371 2406 1576 2474 patrios
1602 2404 1735 2459 deos
1776 2403 2083 2472 reliquisse,

517 2502 610 2555 alii
645 2515 775 2555 vero
819 2506 1013 2553 contra
1060 2498 1160 2551 hos
1203 2495 1503 2550 seditiones
1534 2494 1757 2550 assidue
1784 2494 2084 2556 concitare,

519 2599 573 2648 et
604 2591 696 2645 alii
724 2589 857 2645 deos
885 2603 1036 2651 suos,
1079 2601 1286 2656 suaque
1317 2585 1631 2651 simulacra,
1665 2600 1870 2654 eosque
1895 2584 1990 2654 qui
2021 2582 2089 2639 de

420 2664 435 2685 ’
519 2694 666 2738 terra
696 2696 857 2736 voces
884 2680 1161 2741 emittunt,
1194 2678 1513 2732 invocantes
1556 2676 1691 2731 nihil
1721 2691 1883 2747 posse
1920 2673 2088 2744 proli-

518 2787 665 2833 cere,
693 2770 783 2824 alii
826 2767 1057 2823 Domino
1105 2766 1492 2837 prophetarum
1538 2767 1594 2820 in
1646 2765 1793 2819 omni
1833 2762 2087 2834 Egyptia

521 2864 760 2936 regione,
792 2862 962 2916 altare
990 2875 1085 2929 per
1118 2859 1362 2929 singulas
1395 2858 1656 2913 ecclesias
1698 2857 1961 2919 erexisse,
2001 2856 2087 2908 iu-

519 2972 625 3027 que
671 2953 1054 3012 afﬂictionibus
1098 2962 1152 3006 et
1189 2951 1294 3007 sibi
1337 2950 1553 3005 infestis
1595 2949 2084 3011 insectationibus,

520 3066 629 3103 non
663 3047 897 3116 amplius
924 3044 1135 3098 belluas
1163 3058 1339 3111 neque
1370 3041 1582 3111 reptilia
1624 3049 1785 3094 terrae
1811 3039 1965 3103 deos,
1993 3055 2089 3095 ne-

517 3158 626 3212 que
653 3146 894 3211 agrestes
916 3137 1061 3192 feras
1087 3144 1141 3191 et
1164 3136 1322 3190 bruta
1350 3133 1627 3194 animalia,
1657 3140 1939 3203 pereuntum
1961 3146 2091 3186 suo-
2114 3168 2156 3225 ε

518 3250 638 3287 rum
674 3232 868 3297 instar,
901 3229 995 3284 sed
1023 3242 1335 3298 supremum
1378 3225 1545 3284 Deum
1576 3225 1851 3286 invocare,
1878 3224 2085 3280 solum-

516 3339 625 3395 que
652 3337 799 3385 eum,
829 3320 1058 3390 ejusque
1114 3319 1362 3372 timorem
1411 3317 1467 3370 in
1499 3315 1615 3371 suis
1650 3314 1925 3371 mentibus
1956 3331 2090 3369 con-

518 3422 735 3486 ceptum
770 3422 974 3475 tenere,
1024 3424 1330 3478 vovereque
1371 3407 1547 3463 eidem
1583 3413 1730 3469 vota,
1761 3421 1871 3459 non
1907 3414 2086 3459 autem

517 3508 857 3564 daemonibus
899 3511 957 3558 ut
992 3503 1167 3574 prius,
1200 3509 1254 3556 et
1299 3516 1421 3570 qua:
1464 3499 1565 3569 ipsi
1609 3497 1720 3553 Deo
1764 3497 2090 3551 conveniant

520 3596 790 3669 promissa
818 3594 1048 3650 reddere
1076 3612 1095 3648 :
1125 3605 1223 3647 cur
1262 3605 1372 3644 non
1418 3589 1687 3658 sequitur,
1731 3595 1792 3641 ut
1824 3588 2091 3641 fateamur

518 3690 685 3746 etiam
711 3703 798 3750 ea,
829 3701 954 3755 quae
982 3684 1136 3754 ipsos
1159 3691 1388 3737 eventus
1417 3689 1828 3735 antecesserunt
1864 3679 1919 3733 in
1950 3693 2089 3749 opus

516 3783 629 3851 jam
673 3778 1035 3850 processisse,
1078 3791 1178 3830 nec
1219 3773 1402 3828 futura
1442 3774 1675 3844 amplius
1705 3772 1759 3826 in
1786 3780 2086 3842 posterum,

519 3873 617 3930 sed
664 3871 720 3927 in
767 3870 1100 3940 praeteritum
1148 3865 1389 3920 abiisse?
1425 3862 1599 3920 Porro
1655 3864 1769 3933 ipsa
1811 3863 1925 3918 haec
1961 3870 2090 3917 sunt

518 3964 695 4034 ipsius
732 3961 941 4014 Domini
971 3957 1040 4013 ad
1069 3956 1355 4028 [Egyptios
1381 3955 1508 4010 olim
1544 3953 1784 4018 futurus,
1829 3969 1938 4008 non
1972 3954 2090 4008 sine

517 4070 752 4126 corpore
782 4052 1070 4115 adventus,
1098 4048 1196 4105 sed
1225 4063 1318 4119 per
1348 4046 1547 4101 nubem
1587 4046 1782 4109 levem,
1812 4060 1877 4099 ac
1906 4043 2088 4115 potius

520 4162 619 4219 per
647 4142 1070 4201 crassitudinem
1101 4140 1318 4211 agilem.
1353 4137 1444 4193 Sic
1478 4137 1624 4192 enim
1658 4134 1959 4192 Hebraicus
1990 4135 2089 4189 ha-

520 4240 611 4296 bet
635 4243 948 4301 contextus,
980 4234 1109 4290 dum
1145 4231 1292 4287 illius
1326 4245 1646 4300 corporeum
1679 4228 1968 4284 adventum
1991 4229 2090 4284 ob-

521 4344 682 4386 scure
733 4326 1025 4400 significat.
1080 4320 1319 4379 Proinde
1369 4321 1516 4375 hunc
1570 4320 1747 4389 ipsum
1802 4334 2089 4390 pmgressa

520 4422 738 4493 longius
803 4418 1014 4481 oratio,
1077 4414 1354 4470 hominem
1432 4410 1772 4466 Salvatorem
1840 4414 2085 4476 vocavit,

2186 572 2483 642 Αἰγύπτου,
2505 574 2605 642 τῆς
2638 573 2767 643 περὶ
2788 572 2926 627 αύτά
2952 572 3271 645 δαιμονικῆς
3301 570 3586 640 δυνάμεως
3613 571 3760 624 ἐκλε-

2186 663 2432 727 λοιπυίας
2448 704 2463 723 .
2491 663 2586 718 καὶ
2608 664 2709 734 τῆς
2735 664 2970 728 παλαιᾶς
2991 663 3404 735 δεισιδαιμονίας
3427 663 3492 716 ἐκ
3516 662 3618 732 τῆς
3650 662 3759 716 τῶν

2186 755 2492 824 Αἰγυπτίων
2520 754 2700 826 ψυχῆς
2740 754 3000 826 ἀρθείσης
3019 772 3033 785 ’
3063 755 3156 809 καὶ
3184 755 3265 808 ἔτι
3292 755 3431 827 πρὸς
3469 754 3681 817 τούτοις
3711 755 3762 808 εἰ

2190 846 2263 919 μὴ
2297 846 2415 901 καθ’
2447 847 2682 917 ἐκάστην
2714 846 2867 900 πόλιν
2898 847 2992 900 καὶ
3014 845 3136 901 καθ’
3170 847 3400 900 ἕκαστον
3425 842 3572 898 οἷκον
3601 846 3762 900 πόλε-

2190 956 2289 1010 μος
2321 938 2584 1010 ἐμφύλιος
2624 941 2738 1003 τοῖς
2779 938 3098 1006 Αἰγυπτίοις
3131 937 3479 1002 συνίσταται,
3517 937 3627 990 τῶν
3661 937 3760 1009 μὲν

2185 1030 2275 1087 τὸν
2321 1031 2524 1104 Κύριον
2567 1033 2660 1085 καὶ
2702 1032 2763 1084 τὸ
2806 1031 2970 1095 σέϐας
2998 1030 3093 1084 τοῦ
3135 1030 3269 1083 Θεοῦ
3311 1029 3421 1084 τῶν
3462 1029 3761 1101 προφητῶν

2185 1120 2601 1192 ἀποδεξαμένων
2623 1162 2639 1188 ,
2697 1122 2790 1175 καὶ
2830 1121 3285 1192 ἀποστραφέντων
3328 1121 3429 1194 τὴν
3448 1119 3522 1185 ’ἐξ
3563 1120 3761 1184 αἰῶνος

2186 1212 2443 1269 πολύθεον
2475 1213 2683 1286 πλάνην
2710 1252 2725 1277 ,
2773 1212 2882 1266 τῶν
2914 1212 2970 1265 δὲ
2995 1252 3010 1271 ,
3052 1212 3142 1266 διὰ
3164 1211 3224 1265 τὸ
3255 1215 3368 1276 τοῖς
3399 1212 3647 1283 πατρίοις
3677 1210 3760 1264 ἔτι

2187 1306 2616 1378 προστετηκέναι
2665 1307 2883 1368 κακοῖς,
2922 1305 3046 1367 τοὺς,
3079 1303 3168 1357 τὸν
3201 1303 3403 1375 Κύριον
3450 1302 3760 1374 παραδεξα-

2189 1397 2382 1467 μένους
2402 1397 2778 1468 πολεμούντων
2797 1413 2813 1428 ·
2847 1399 2896 1449 εἰ
2931 1396 3005 1469 μὴ
3037 1396 3203 1450 εἰσέτι
3236 1395 3331 1449 καὶ
3358 1395 3518 1467 δεῦρο
3547 1398 3760 1467 ἐπερω-

2184 1489 2283 1559 τᾷν
2317 1487 2646 1560 πειρώμενοι
2671 1490 2796 1552 τοὺς
2825 1488 3029 1541 ἑαυτῶν
3056 1486 3210 1551 θεοὺς
3233 1487 3327 1542 καὶ
3349 1486 3418 1540 τὰ
3443 1487 3755 1558 ἀγάλματα,

2187 1580 2279 1633 xal.
2304 1580 2430 1642 τοὺς
2461 1582 2526 1634 ἐκ
2554 1580 2655 1650 τῆς
2681 1582 2784 1651 γῆς
2815 1578 3124 1649 φωνοῦντας
3142 1619 3158 1643 ,
3193 1579 3287 1633 καὶ
3316 1580 3440 1643 τοὺς
3468 1580 3759 1649 ἐγγαστρι-

2190 1669 2409 1741 μύθους,
2431 1669 2594 1740 ἀτελῆ
2617 1672 2711 1725 καὶ
2737 1671 3013 1740 ἄπρακτον
3037 1672 3136 1742 τὴν
3164 1668 3256 1724 ἐπὶ
3282 1670 3406 1723 τάδε
3439 1668 3758 1741 καταφυγὴν

2187 1760 2462 1814 ποιοῦνται
2484 1801 2498 1824 ,
2525 1761 2615 1813 διὰ
2647 1761 2708 1814 τὸ
2736 1762 2929 1833 μηκέθ’
2956 1759 3157 1832 ὁμοίως
3189 1761 3432 1831 ἐνεργεῖν
3456 1758 3715 1814 δύνασθαι
3741 1799 3757 1820 ,

2186 1849 2374 1921 ῶσπερ
2405 1850 2463 1903 τὸ
2489 1851 2615 1920 πρὶν
2641 1889 2657 1913 ,
2687 1853 2813 1915 τοὺς
2840 1851 3133 1923 δαίμονας·
3168 1852 3217 1903 εἰ
3262 1849 3337 1921 μὴ
3376 1849 3556 1902 πάντα
3586 1849 3759 1903 ταῦτα

2187 1941 2366 2013 ἔργοις
2393 1942 2572 2006 αὐτοῖς
2599 1941 2752 2004 τέλος
2792 1941 3053 2012 εἰληφότα
3079 1939 3385 2003 δείκνυται,
3423 1939 3496 2010 μή
3537 1937 3625 1990 πώ
3669 1954 3759 2009 μοι

2186 2033 2456 2102 νομίζοιτο
2495 2038 2556 2086 τὸ
2595 2033 2929 2105 προφητικὸν
2961 2031 3351 2104 πεπληρῶσθαι
3383 2030 3559 2099 λόγιον
3579 2070 3593 2095 ,
3626 2030 3760 2100 μηδὲ

2184 2123 2277 2177 τὸν
2302 2124 2685 2196 θεσπιζόμενον
2715 2124 2917 2196 Κύριον
2941 2121 3394 2195 ἐπιδεδημηκέναι
3424 2123 3502 2193 τῷ
3532 2122 3630 2193 βίῳ
3649 2123 3759 2174 τῶν

2186 2215 2502 2289 ἀνθρώπων.
2532 2218 2595 2270 Εἰ
2618 2218 2674 2271 δὲ
2699 2216 2883 2279 αὐτοῖς
2905 2215 3086 2288 ἔργοις
3116 2215 3255 2268 κατὰ
3288 2215 3420 2269 πολὺ
3444 2214 3553 2268 τῶν
3580 2214 3758 2282 λόγων

2186 2309 2597 2381 ἐναργεστέρως
2627 2309 2793 2364 εἰσέτι
2827 2309 2986 2380 δεῦρο
3019 2307 3348 2378 θεωροῦνται
3377 2309 3425 2360 οἰ
3456 2307 3557 2378 τὴν
3593 2306 3789 2375 Atys;

2187 2416 2319 2454 πτον
2353 2400 2645 2464 οἰκοῦντες,
2672 2402 2721 2454 οἱ
2759 2400 2858 2471 μὲν
2888 2400 2980 2453 τὸν
3012 2399 3145 2452 Θεὸν
3182 2398 3292 2452 τῶν
3322 2397 3619 2469 προφητῶν
3662 2400 3769 2451 ἐπι

2187 2482 2503 2563 εγνωκότες,
2532 2495 2628 2548 καὶ
2647 2494 2715 2548 δι’
2738 2494 2898 2548 αὑτὸν
2926 2495 3050 2558 τοὺς
3087 2493 3346 2564 πατρίους
3375 2490 3759 2546 καταλελοιπό-

2186 2602 2278 2651 τες
2303 2584 2477 2650 θεοὺς,
2500 2588 2549 2639 οἱ
2576 2586 2633 2640 δέ
2666 2586 2800 2656 πρὸς
2823 2584 3055 2651 τούτους,
3086 2583 3484 2647 στασιαστικῶς
3511 2584 3755 2654 ἔχοντες⁸

2187 2677 2284 2731 καὶ
2307 2677 2357 2730 οἱ
2397 2677 2495 2748 μὲν
2520 2679 2644 2740 τοὺς
2681 2675 2836 2739 θεοὺς
2868 2674 3046 2728 αὐτῶν
3078 2676 3243 2729 εἰσέτι
3276 2675 3370 2729 νῦν
3397 2675 3759 2747 ἐπικαλούμε-

2187 2785 2267 2822 νοι
2290 2769 2383 2823 καὶ
2407 2766 2475 2821 τά
2494 2768 2804 2839 ἀγάλματα,
2826 2767 2921 2821 καὶ
2943 2769 3070 2830 τοὺς
3090 2769 3154 2820 ἐκ
3176 2768 3276 2837 τῆς
3301 2767 3405 2836 γῆς
3426 2767 3757 2836 φωνοῦντας,

2192 2859 2356 2931 μηδέν
2383 2876 2444 2912 τε
2474 2860 2713 2932 ἐνεργεῖν
2744 2859 3074 2931 δυναμένους
3097 2898 3112 2920 ,
3141 2861 3191 2912 οἱ
3220 2859 3277 2913 δὲ
3317 2859 3395 2930 τῷ
3426 2860 3619 2931 Κυρίῳ
3649 2859 3759 2912 τῶν

2189 2952 2478 3023 προφητῶν
2501 2952 2559 3005 ἐν
2584 2951 2733 3022 πάσῃ
2766 2954 2831 3022 τῇ
2855 2951 3165 3020 Αἰγυπτίων
3191 2949 3342 3023 χώρᾳ
3375 2951 3762 3023 θυσιαστήριον

2188 3042 2310 3095 καθ’
2356 3030 2590 3115 ἐκάστην
2632 3043 2927 3113 ἐκκλησίαν
2994 3044 3392 3115 συστησάμενοι
3412 3086 3426 3109 ,
3455 3043 3514 3099 ἐν
3553 3061 3615 3098 τε
3639 3047 3763 3107 ταῖς

2190 3133 2399 3204 θλίψεσι
2449 3136 2543 3188 καὶ
2584 3138 2697 3199 τοῖς
2745 3138 2865 3189 κατ’
2914 3133 3093 3189 αὐτῶν
3142 3136 3401 3206 διωγμοῖς
3450 3134 3638 3191 οὐκέτι
3694 3133 3766 3189 τὰ

2191 3224 2432 3280 κνώδαλα
2450 3268 2464 3289 ,
2498 3226 2619 3279 οὐδὲ
2647 3226 2716 3280 τὰ
2754 3226 2961 3299 ἑρπετά
2988 3227 3089 3296 τῆς
3115 3228 3219 3299 γῆς
3240 3267 3254 3287 ,
3301 3228 3377 3290 ὡς
3418 3227 3575 3291 θεοὺς
3597 3269 3613 3293 ,
3643 3227 3764 3281 οὐδὲ

2187 3317 2311 3381 τοὺς
2347 3319 2571 3389 ἀγρίους
2598 3318 2773 3391 θῆρας
2804 3321 2898 3375 καὶ
2924 3319 2994 3374 τὰ
3024 3320 3195 3389 ἄλογα
3232 3319 3346 3384 ζῶα
3370 3359 3387 3383 ,
3416 3320 3621 3391 ὁμοίως
3650 3323 3767 3383 τοῖς

2188 3410 2366 3462 αὐτῶν
2400 3411 2666 3482 πατράσι,
2694 3408 2829 3463 ἀλλά
2872 3407 2962 3463 τὸν
3005 3410 3096 3462 ἐπὶ
3129 3409 3345 3464 πάντων
3388 3409 3518 3462 Θεὸν
3564 3410 3766 3465 ἐπικα-

2186 3500 2471 3572 λούμενοι,
2510 3503 2605 3555 καὶ
2652 3502 2811 3573 μόνον
2845 3501 3006 3555 αὐτὸν
3040 3503 3134 3556 καὶ
3166 3500 3256 3555 τὸν
3303 3500 3469 3554 αὐτοῦ
3501 3501 3669 3571 φόϐον
3706 3504 3766 3555 ἐν

2186 3595 2307 3657 ταῖς
2343 3593 2520 3647 αὐτῶν
2552 3593 2812 3658 διανοίαις
2836 3593 3241 3663 κατειληφότες,
3263 3590 3548 3664 εὐχόμενοι
3573 3610 3635 3646 τε
3665 3594 3767 3647 αύ-

2187 3684 2264 3756 τῷ
2298 3683 2481 3755 εὐχὰς,
2508 3683 2622 3738 ἀλλ’
2655 3685 2837 3739 οὐκέτι
2864 3688 2976 3749 τοῖς
3000 3685 3246 3756 δαίμοσι,
3292 3685 3387 3738 καὶ
3423 3684 3771 3750 ἀποδιδόντες

2187 3775 2286 3840 τὰς
2320 3775 2640 3847 θεοπρεπεῖς
2668 3775 3021 3845 ἐπαγγελίας,
3044 3776 3163 3841 πῶς
3188 3776 3287 3846 οὐχ
3316 3776 3505 3828 ἕπεται
3535 3792 3769 3846 συνομο-

2187 3868 2364 3937 λογεῖν
2414 3867 2508 3921 καὶ
2555 3866 2625 3921 τὰ
2672 3866 2778 3938 πρὸ
2820 3865 2929 3919 τῶν
2971 3866 3423 3938 ἀποτελεσμάτων
3473 3869 3553 3930 εἰς
3604 3867 3769 3940 ἔργον

2187 3960 2289 4031 ἤδη
2318 3959 2695 4031 κεχωρηκέναι
2719 3975 2733 4023 ;
2759 3953 2829 4030 ἦν
2855 3958 2914 4013 δέ
2947 3957 3116 4012 ταῦτα
3135 3998 3150 4024 ,
3182 3958 3278 4012 τοῦ
3316 3959 3522 4030 Κυρίου
3553 3976 3766 4030 παρου-

2190 4049 2279 4103 σία
2317 4051 2396 4113 εἰς
2428 4048 2702 4118 Αἴγυπτον
2732 4049 2832 4101 οὐκ
2862 4047 3154 4119 ἀσώματος
3182 4047 3591 4121 ἀποϐησομένη,
3626 4048 3766 4102 ἀλλὰ

2187 4139 2275 4195 διά
2316 4140 2545 4212 νεφέλης
2580 4139 2821 4212 κούφης,
2848 4139 2882 4210 ἢ
2911 4142 3006 4193 καὶ
3038 4138 3238 4210 μᾶλλον
3274 4140 3363 4193 διὰ
3393 4140 3601 4211 πάχους
3640 4140 3768 4194 ἐλα-

2190 4232 2347 4303 φροῦ.
2370 4232 2524 4287 Οὕτω
2548 4233 2656 4304 γὰρ
2688 4233 2749 4285 τὸ
2776 4231 3060 4304 Ἐϐραῖκὸν
3090 4232 3351 4304 περιέχει,
3372 4232 3472 4304 τὴν
3499 4232 3767 4305 ένσαρκον

2190 4323 2355 4378 αὐτοῦ
2402 4324 2705 4395 παρουσίαν
2735 4324 3123 4395 αἰνιττόμενον.
3159 4323 3360 4378 Τοῦτον
3394 4324 3450 4378 δὲ
3479 4321 3572 4381 οὖν
3599 4326 3769 4381 αὐτὸν

2190 4415 2394 4488 προῖὼν
2425 4417 2552 4488 ἑξῆς
2589 4419 2618 4470 ό
2651 4416 2808 4485 λόγος
2837 4416 3119 4487 ἄνθρωπον
3161 4417 3390 4489 Σωτῆρα
3414 4417 3728 4473 ἀπεκάλεσε
3748 4460 3763 4483 ,

519 4511 682 4584 415
697 4510 785 4567 his
804 4509 986 4571 verbis
1011 4526 1024 4562 :
1061 4526 1080 4558 ι
1115 4504 1181 4560 Et
1206 4504 1384 4560 mittet
1399 4503 1480 4559 eis
1496 4501 1759 4558 Dominus
1790 4503 2085 4565 hominem,

2193 4510 2402 4581 φήσας·
2443 4529 2461 4561 ι
2501 4510 2611 4563 Καὶ
2639 4509 2929 4562 ἀποστελεῖ
2965 4509 3148 4573 αὐτοῖς
3192 4509 3396 4583 Κύριος
3449 4509 3765 4581 ἄνθρωπον,

519 4606 614 4675 qui
641 4602 874 4659 salvabit
908 4614 1026 4656 eos.
1056 4615 1076 4650 ι
1105 4595 1238 4650 Nam
1274 4595 1364 4650 hic
1390 4610 1582 4652 rursus
1625 4595 1676 4648 in
1710 4594 1979 4650 Hebraico
2007 4594 2088 4649 si:

518 4703 605 4751 est
640 4714 653 4750 :
692 4713 711 4745 ι
749 4692 817 4746 Et
853 4697 1031 4746 mittet
1061 4687 1140 4745 eis
1174 4687 1436 4743 Dominus
1461 4686 1821 4750 Salvatorem,
1848 4687 1944 4756 qui
1976 4686 2087 4741 sal-

521 4785 669 4841 vabit
697 4799 813 4839 eos.
846 4802 864 4835 ι
898 4781 1032 4848 Quae
1078 4794 1203 4834 cum
1242 4779 1377 4834 adeo
1405 4777 1711 4833 evidentem
1745 4776 2086 4832 demonstra-

518 4879 723 4933 tionem
752 4874 1065 4936 eshibeant,
1093 4872 1327 4926 arbitror
1345 4870 1506 4926 etiam
1532 4869 1865 4932 constitisse,
1889 4868 2087 4937 quibus

519 4969 859 5039 temporibus
904 4980 968 5020 ea
1003 4965 1186 5019 futura
1213 4972 1561 5024 canerentur,
1595 4976 1716 5030 qua:
1765 4961 1831 5025 ad
1872 4959 2087 5015 Domini

519 5062 812 5117 adventum
837 5059 903 5114 ad
927 5059 1173 5113 homines
1201 5054 1561 5124 pertinebant.
1593 5052 1717 5108 Haec
1743 5068 1875 5108 sane
1897 5054 2087 5123 paucis

521 5155 732 5210 anobis
752 5154 977 5209 collecta
1013 5158 1162 5215 sunt,
1188 5152 1256 5207 de
1289 5142 1626 5220 temporibus
1660 5147 1860 5216 quibus
1897 5145 2085 5201 Domi-

521 5256 628 5298 nus
660 5238 763 5295 fuit
792 5243 858 5296 ad
906 5241 1156 5296 homines
1207 5246 1490 5295 venturus.
1539 5237 1703 5289 Plura
1756 5244 1939 5290 autem
1989 5252 2087 5306 per

521 5333 696 5389 otium
727 5333 999 5404 quispiam
1024 5334 1296 5396 inveniet,
1323 5331 1369 5387 si
1400 5330 1640 5400 reliquas
1666 5329 1796 5384 item
1832 5329 2087 5401 Scriptu-

523 5440 616 5479 ras
638 5427 986 5494 percurrerit.
1016 5424 1124 5480 Nos
1155 5431 1336 5478 autem
1376 5424 1462 5481 his
1484 5422 1724 5479 contenti
1753 5436 1875 5492 quas
1899 5421 2088 5477 hacte-

522 5533 630 5573 nus
656 5515 801 5570 dicta
828 5522 975 5577 sunt,
989 5517 1102 5587 jam
1125 5531 1271 5573 nunc
1291 5517 1528 5586 reliquas
1556 5529 1771 5584 quoque
1802 5512 2087 5584 aggredia-

523 5628 647 5667 mur
683 5610 1012 5681 prophetias.
1047 5610 1227 5675 Quare
1258 5623 1379 5677 qua:
1412 5607 1478 5661 ab
1520 5607 1613 5661 illo
1656 5605 1798 5660 inter
1834 5605 2085 5661 homines

525 5718 627 5756 suo
663 5702 855 5757 ordine
894 5708 1020 5754 sunt
1060 5698 1436 5752 administrata
1460 5737 1476 5762 ,
1510 5713 1572 5752 ex
1616 5697 1815 5752 divinis
1846 5697 2083 5751 oraculis

524 5795 866 5865 colligamus.

2187 4600 2247 4663 ὃς
2274 4598 2436 4654 σώσει
2465 4599 2681 4664 αύτούς.
2713 4620 2732 4652 ι
2774 4599 2943 4654 Πάλιν
2972 4599 3104 4669 γοῦν
3138 4601 3415 4655 κάνταῦθα
3446 4600 3508 4654 τὸ
3550 4600 3770 4675 Ἐϐραῖ-

2190 4689 2304 4755 κὸν,
2340 4709 2358 4743 ι
2387 4690 2499 4744 Καὶ
2531 4691 2822 4744 ἀποστελεῖ
2847 4692 3028 4755 αὐτοῖς
3056 4690 3261 4763 Κύριος
3294 4691 3551 4763 Σωτῆρα,
3574 4691 3634 4755 ὃς
3669 4693 3769 4745 mbo

2192 4800 2274 4837 σει
2302 4784 2497 4848 αὐτοὺς
2516 4823 2531 4847 ,
2561 4804 2579 4836 ι
2620 4783 2751 4855 ἔχει.
2781 4778 2882 4837 Ὧν
2907 4783 3082 4847 οὕτως
3109 4783 3314 4856 ἐναργῆ
3351 4784 3451 4857 τὴν
3487 4784 3768 4851 ἀπόδειξιν

2190 4878 2600 4949 παρεχομένων,
2630 4878 2869 4950 ἡγοῦμαι
2899 4879 2995 4931 καὶ
3023 4877 3149 4940 τοὺς
3176 4874 3405 4949 χρόνους
3435 4879 3629 4948 σαφεῖς
3672 4894 3768 4946 γεο

2188 4971 2422 5041 γονέναι,
2456 4971 2578 5025 καθ’
2604 4971 2697 5034 οὒς
2728 4971 2799 5024 τὰ
2825 4970 2924 5041 τῆς
2959 4972 3040 5035 εἰς
3072 4967 3395 5040 ἀνθρώπους
3422 4970 3516 5023 τοῦ
3551 4970 3767 5042 Κυρίου

2190 5062 2493 5133 παρουσίας
2524 5059 2857 5126 ἐθεσπίζετο.
2892 5061 3140 5115 Τοσαῦτα
3164 5059 3250 5114 διὰ
3285 5060 3532 5133 βραχέων
3566 5063 3663 5117 καὶ
3696 5062 3767 5117 τὰ

2191 5151 2318 5220 περί
2364 5152 2471 5205 τῶν
2519 5153 2726 5223 χρόνων
2777 5153 2876 5222 τῆς
2923 5150 3019 5205 τοῦ
3062 5151 3265 5223 Κυρίου
3310 5154 3392 5215 εἰς
3436 5150 3767 5224 ἀνθρώπους

2190 5243 2415 5312 φανείας
2440 5243 2701 5313 συνῆκται
2718 5259 2731 5272 ·
2750 5241 2967 5295 πλείονα
2988 5242 3032 5295 δ’
3060 5241 3124 5295 ἀν
3144 5259 3228 5305 τις
3247 5241 3341 5294 ἐπὶ
3368 5242 3565 5313 σχολῆς
3588 5243 3762 5315 εὖροι,

2189 5335 2283 5387 καὶ
2324 5334 2426 5397 τὰς
2468 5333 2660 5396 λοιπὰς
2701 5332 2994 5405 ἐκπεριιών
3022 5331 3263 5405 Γραφάς.
3299 5333 3493 5404 Ἡμεῖς
3522 5351 3588 5404 γε
3619 5336 3760 5407 μὴν,

2188 5427 2300 5488 τοῖς
2342 5424 2648 5497 εἰρημένοις
2688 5422 3077 5494 ἀρκεσθέντες,
3113 5424 3339 5495 μέτιμεν
3378 5424 3479 5496 ἤδη
3531 5425 3626 5477 καὶ
3667 5426 3766 5480 ἐπὶ

2188 5514 2287 5579 τὰς
2325 5515 2517 5581 λοιπὰς
2545 5516 2877 5588 προφητείας
2898 5555 2913 5580 ,
2945 5514 3011 5568 δι’
3044 5508 3119 5570 ῶν
3150 5517 3218 5570 τά
3247 5517 3671 5589 οἰκονομηθέντα
3700 5521 3764 5573 ἐν

2189 5606 2495 5679 ἀνθρώποις
2532 5606 2838 5671 ἀκολούθως
2874 5606 3025 5679 αύτῷ
3063 5609 3126 5662 ἐκ
3156 5607 3262 5662 τῶν
3302 5608 3461 5663 θείων
3506 5612 3767 5685 προρρή-

2192 5716 2327 5752 σεων
2360 5699 2745 5772 ἁναλεξόμεθα.
