  <div class='ocr_page' id='page_1' title='image "/cluster/home/n/w/nwhite01/storage/ocr_20150623/22/hvd.32044073501140/333.png"; bbox 0 0 4110 6410; ppageno 0'>
   <div class='ocr_carea' id='block_1_1' title="bbox 574 328 3842 415">
    <p class='ocr_par' dir='ltr' id='par_1_1' title="bbox 574 328 3842 415">
     <span class='ocr_line' id='line_1_1' title="bbox 574 328 3842 415; baseline -0.001 -1"><span class='ocrx_word' id='word_1_1' title='bbox 574 358 681 415; x_wconf 74' lang='lat' dir='ltr'><strong>tsi</strong></span> <span class='ocrx_word' id='word_1_2' title='bbox 1218 353 1487 412; x_wconf 71' lang='lat' dir='ltr'><strong>susse&quot;</strong></span> <span class='ocrx_word' id='word_1_3' title='bbox 1525 328 2003 409; x_wconf 63' lang='lat' dir='ltr'><strong>Cassamsasxs</strong></span> <span class='ocrx_word' id='word_1_4' title='bbox 2044 343 2197 403; x_wconf 68' lang='lat' dir='ltr'><strong>ore.</strong></span> <span class='ocrx_word' id='word_1_5' title='bbox 2229 343 2428 402; x_wconf 66' lang='lat' dir='ltr'><strong>rans.</strong></span> <span class='ocrx_word' id='word_1_6' title='bbox 2466 345 2531 401; x_wconf 84' lang='grc' dir='ltr'><strong>ιι.</strong></span> <span class='ocrx_word' id='word_1_7' title='bbox 2557 376 2626 388; x_wconf 87' lang='grc'><strong>-</strong></span> <span class='ocrx_word' id='word_1_8' title='bbox 2664 342 3170 403; x_wconf 78' lang='lat' dir='ltr'><strong>APOLOGETICA.</strong></span> <span class='ocrx_word' id='word_1_9' title='bbox 3358 372 3367 381; x_wconf 91' lang='lat'><strong>-</strong></span> <span class='ocrx_word' id='word_1_10' title='bbox 3738 354 3842 412; x_wconf 67' lang='lat' dir='ltr'><strong>es:</strong></span> 
     </span>
    </p>
   </div>
   <div class='ocr_carea' id='block_1_2' title="bbox 582 464 2137 546">
    <p class='ocr_par' dir='ltr' id='par_1_2' title="bbox 582 467 2137 546">
     <span class='ocr_line' id='line_1_2' title="bbox 582 467 2137 546; baseline -0.008 -11"><span class='ocrx_word' id='word_1_11' title='bbox 582 487 805 543; x_wconf 75' lang='lat' dir='ltr'><strong>eventu,</strong></span> <span class='ocrx_word' id='word_1_12' title='bbox 831 477 1215 535; x_wconf 76' lang='lat' dir='ltr'><strong>declarabitur.</strong></span> <span class='ocrx_word' id='word_1_13' title='bbox 1251 476 1388 533; x_wconf 87' lang='lat' dir='ltr'><strong>Cum</strong></span> <span class='ocrx_word' id='word_1_14' title='bbox 1434 475 1599 546; x_wconf 83' lang='lat' dir='ltr'><strong>igitur</strong></span> <span class='ocrx_word' id='word_1_15' title='bbox 1634 470 1871 542; x_wconf 89' lang='lat' dir='ltr'><strong>primum</strong></span> <span class='ocrx_word' id='word_1_16' title='bbox 1907 467 2137 523; x_wconf 83' lang='lat' dir='ltr'><strong>omniun</strong></span> 
     </span>
    </p>
   </div>
   <div class='ocr_carea' id='block_1_3' title="bbox 2238 464 3843 546">
    <p class='ocr_par' dir='ltr' id='par_1_3' title="bbox 2255 464 3843 540">
     <span class='ocr_line' id='line_1_3' title="bbox 2255 464 3843 540; baseline 0.001 -21"><span class='ocrx_word' id='word_1_17' title='bbox 2255 467 2353 537; x_wconf 79' lang='grc' dir='ltr'><strong>τῆς</strong></span> <span class='ocrx_word' id='word_1_18' title='bbox 2371 466 2641 536; x_wconf 83' lang='grc' dir='ltr'>γενέσεως</span> <span class='ocrx_word' id='word_1_19' title='bbox 2671 464 2835 519; x_wconf 78' lang='grc' dir='ltr'>αὐτοῦ</span> <span class='ocrx_word' id='word_1_20' title='bbox 2859 505 2873 531; x_wconf 89' lang='grc'><strong>,</strong></span> <span class='ocrx_word' id='word_1_21' title='bbox 2904 465 3093 535; x_wconf 79' lang='grc' dir='ltr'><strong>γένους</strong></span> <span class='ocrx_word' id='word_1_22' title='bbox 3116 483 3177 519; x_wconf 86' lang='grc' dir='ltr'><strong>τε</strong></span> <span class='ocrx_word' id='word_1_23' title='bbox 3203 465 3297 520; x_wconf 75' lang='grc' dir='ltr'>καὶ</span> <span class='ocrx_word' id='word_1_24' title='bbox 3324 469 3515 539; x_wconf 76' lang='grc' dir='ltr'>φυλῆς,</span> <span class='ocrx_word' id='word_1_25' title='bbox 3549 467 3644 521; x_wconf 85' lang='grc' dir='ltr'>κα⁶ι</span> <span class='ocrx_word' id='word_1_26' title='bbox 3679 470 3843 540; x_wconf 82' lang='grc' dir='ltr'>σπέρ-</span> 
     </span>
    </p>
   </div>
   <div class='ocr_carea' id='block_1_4' title="bbox 585 557 2137 641">
    <p class='ocr_par' dir='ltr' id='par_1_4' title="bbox 585 562 2134 641">
     <span class='ocr_line' id='line_1_4' title="bbox 585 562 2134 641; baseline -0.007 -15"><span class='ocrx_word' id='word_1_27' title='bbox 585 586 672 634; x_wconf 87' lang='lat' dir='ltr'><strong>ea,</strong></span> <span class='ocrx_word' id='word_1_28' title='bbox 707 585 828 641; x_wconf 67' lang='lat' dir='ltr'><strong>quae</strong></span> <span class='ocrx_word' id='word_1_29' title='bbox 860 570 926 624; x_wconf 88' lang='lat' dir='ltr'><strong>ad</strong></span> <span class='ocrx_word' id='word_1_30' title='bbox 957 570 1105 625; x_wconf 90' lang='lat' dir='ltr'><strong>illius</strong></span> <span class='ocrx_word' id='word_1_31' title='bbox 1148 580 1203 624; x_wconf 88' lang='lat' dir='ltr'><strong>et</strong></span> <span class='ocrx_word' id='word_1_32' title='bbox 1238 575 1440 631; x_wconf 90' lang='lat' dir='ltr'><strong>ortum,</strong></span> <span class='ocrx_word' id='word_1_33' title='bbox 1473 573 1529 621; x_wconf 92' lang='lat' dir='ltr'><strong>et</strong></span> <span class='ocrx_word' id='word_1_34' title='bbox 1551 577 1745 636; x_wconf 87' lang='lat' dir='ltr'><strong>genus.</strong></span> <span class='ocrx_word' id='word_1_35' title='bbox 1769 570 1823 618; x_wconf 88' lang='lat' dir='ltr'><strong>et</strong></span> <span class='ocrx_word' id='word_1_36' title='bbox 1846 562 2071 625; x_wconf 90' lang='lat' dir='ltr'><strong>tribum,</strong></span> <span class='ocrx_word' id='word_1_37' title='bbox 2105 576 2134 615; x_wconf 89' lang='lat' dir='ltr'><strong>e</strong></span> 
     </span>
    </p>
   </div>
   <div class='ocr_carea' id='block_1_5' title="bbox 2238 557 3845 641">
    <p class='ocr_par' dir='ltr' id='par_1_5' title="bbox 2264 557 3845 633">
     <span class='ocr_line' id='line_1_5' title="bbox 2264 557 3845 633; baseline 0.003 -21"><span class='ocrx_word' id='word_1_38' title='bbox 2264 576 2431 630; x_wconf 80' lang='grc' dir='ltr'>ματος</span> <span class='ocrx_word' id='word_1_39' title='bbox 2455 557 2831 612; x_wconf 77' lang='grc' dir='ltr'>ἀποδέδεικται</span> <span class='ocrx_word' id='word_1_40' title='bbox 2861 597 2876 622; x_wconf 92' lang='grc'><strong>,</strong></span> <span class='ocrx_word' id='word_1_41' title='bbox 2905 558 3039 630; x_wconf 81' lang='grc' dir='ltr'>φέρε</span> <span class='ocrx_word' id='word_1_42' title='bbox 3068 558 3137 613; x_wconf 86' lang='grc' dir='ltr'>τὰ</span> <span class='ocrx_word' id='word_1_43' title='bbox 3178 560 3307 633; x_wconf 84' lang='grc' dir='ltr'><strong>περὶ</strong></span> <span class='ocrx_word' id='word_1_44' title='bbox 3334 560 3428 615; x_wconf 92' lang='grc' dir='ltr'><strong>τοῦ</strong></span> <span class='ocrx_word' id='word_1_45' title='bbox 3461 561 3723 630; x_wconf 80' lang='grc' dir='ltr'><strong>φανέντος</strong></span> <span class='ocrx_word' id='word_1_46' title='bbox 3756 565 3845 616; x_wconf 72' lang='grc' dir='ltr'>ἐπὶ</span> 
     </span>
    </p>
   </div>
   <div class='ocr_carea' id='block_1_6' title="bbox 583 651 2137 733">
    <p class='ocr_par' dir='ltr' id='par_1_6' title="bbox 583 653 2137 733">
     <span class='ocr_line' id='line_1_6' title="bbox 583 653 2137 733; baseline -0.007 -16"><span class='ocrx_word' id='word_1_47' title='bbox 583 678 766 717; x_wconf 90' lang='lat' dir='ltr'><strong>semen</strong></span> <span class='ocrx_word' id='word_1_48' title='bbox 806 662 1102 733; x_wconf 88' lang='lat' dir='ltr'><strong>pertinent,</strong></span> <span class='ocrx_word' id='word_1_49' title='bbox 1132 660 1508 716; x_wconf 88' lang='lat' dir='ltr'><strong>demonstrata</strong></span> <span class='ocrx_word' id='word_1_50' title='bbox 1554 658 1685 718; x_wconf 88' lang='lat' dir='ltr'><strong>sint,</strong></span> <span class='ocrx_word' id='word_1_51' title='bbox 1714 669 1862 710; x_wconf 90' lang='lat' dir='ltr'><strong>nunc</strong></span> <span class='ocrx_word' id='word_1_52' title='bbox 1885 654 1998 723; x_wconf 87' lang='lat' dir='ltr'><strong>jam</strong></span> <span class='ocrx_word' id='word_1_53' title='bbox 2027 653 2137 724; x_wconf 72' lang='lat' dir='ltr'><strong>quit</strong></span> 
     </span>
    </p>
   </div>
   <div class='ocr_carea' id='block_1_7' title="bbox 2238 651 3846 733">
    <p class='ocr_par' dir='ltr' id='par_1_7' title="bbox 2260 651 3846 728">
     <span class='ocr_line' id='line_1_7' title="bbox 2260 651 3846 728; baseline 0.001 -21"><span class='ocrx_word' id='word_1_54' title='bbox 2260 656 2326 724; x_wconf 82' lang='grc' dir='ltr'>τῇ</span> <span class='ocrx_word' id='word_1_55' title='bbox 2353 652 2563 722; x_wconf 79' lang='grc' dir='ltr'><strong>γενέσει</strong></span> <span class='ocrx_word' id='word_1_56' title='bbox 2589 651 2757 706; x_wconf 83' lang='grc' dir='ltr'>αὐτοῦ</span> <span class='ocrx_word' id='word_1_57' title='bbox 2784 652 2904 706; x_wconf 86' lang='grc' dir='ltr'>νέου</span> <span class='ocrx_word' id='word_1_58' title='bbox 2928 652 3076 717; x_wconf 78' lang='grc' dir='ltr'>τινὸς</span> <span class='ocrx_word' id='word_1_59' title='bbox 3097 654 3191 707; x_wconf 67' lang='grc' dir='ltr'>καὶ</span> <span class='ocrx_word' id='word_1_60' title='bbox 3220 653 3520 720; x_wconf 81' lang='grc' dir='ltr'><strong>ξενίζοντος</strong></span> <span class='ocrx_word' id='word_1_61' title='bbox 3542 655 3696 728; x_wconf 79' lang='grc' dir='ltr'><strong>παρά</strong></span> <span class='ocrx_word' id='word_1_62' title='bbox 3720 657 3846 722; x_wconf 69' lang='grc' dir='ltr'>τοὺς</span> 
     </span>
    </p>
   </div>
   <div class='ocr_carea' id='block_1_8' title="bbox 581 744 2137 821">
    <p class='ocr_par' dir='ltr' id='par_1_8' title="bbox 581 744 2137 821">
     <span class='ocr_line' id='line_1_8' title="bbox 581 744 2137 821; baseline -0.004 -15"><span class='ocrx_word' id='word_1_63' title='bbox 581 754 649 808; x_wconf 88' lang='lat' dir='ltr'><strong>de</strong></span> <span class='ocrx_word' id='word_1_64' title='bbox 682 752 861 809; x_wconf 80' lang='lat' dir='ltr'><strong>sidere</strong></span> <span class='ocrx_word' id='word_1_65' title='bbox 890 754 982 808; x_wconf 92' lang='lat' dir='ltr'><strong>illo</strong></span> <span class='ocrx_word' id='word_1_66' title='bbox 1013 754 1085 808; x_wconf 87' lang='lat' dir='ltr'><strong>sit</strong></span> <span class='ocrx_word' id='word_1_67' title='bbox 1113 751 1427 810; x_wconf 87' lang='lat' dir='ltr'><strong>dicendum.</strong></span> <span class='ocrx_word' id='word_1_68' title='bbox 1457 748 1604 821; x_wconf 89' lang='lat' dir='ltr'><strong>quod</strong></span> <span class='ocrx_word' id='word_1_69' title='bbox 1635 762 1837 803; x_wconf 89' lang='lat' dir='ltr'><strong>novum</strong></span> <span class='ocrx_word' id='word_1_70' title='bbox 1882 753 1939 800; x_wconf 89' lang='lat' dir='ltr'><strong>et</strong></span> <span class='ocrx_word' id='word_1_71' title='bbox 1971 744 2137 801; x_wconf 82' lang='lat' dir='ltr'><strong>insoli</strong></span> 
     </span>
    </p>
   </div>
   <div class='ocr_carea' id='block_1_9' title="bbox 2238 744 3844 821">
    <p class='ocr_par' dir='ltr' id='par_1_9' title="bbox 2263 744 3844 819">
     <span class='ocr_line' id='line_1_9' title="bbox 2263 744 3844 819; baseline 0.001 -19"><span class='ocrx_word' id='word_1_72' title='bbox 2263 746 2518 819; x_wconf 74' lang='grc' dir='ltr'><strong>συνήθεις</strong></span> <span class='ocrx_word' id='word_1_73' title='bbox 2562 746 2792 819; x_wconf 83' lang='grc' dir='ltr'><strong>ἀστέρος</strong></span> <span class='ocrx_word' id='word_1_74' title='bbox 2817 744 3141 816; x_wconf 77' lang='grc' dir='ltr'>θεασώμεθα</span> <span class='ocrx_word' id='word_1_75' title='bbox 3165 764 3179 779; x_wconf 89' lang='grc'><strong>·</strong></span> <span class='ocrx_word' id='word_1_76' title='bbox 3209 746 3331 802; x_wconf 69' lang='grc' dir='ltr'>ἐπεὶ</span> <span class='ocrx_word' id='word_1_77' title='bbox 3362 749 3459 803; x_wconf 79' lang='grc' dir='ltr'>καὶ</span> <span class='ocrx_word' id='word_1_78' title='bbox 3488 748 3648 804; x_wconf 90' lang='grc' dir='ltr'>τοῦτο</span> <span class='ocrx_word' id='word_1_79' title='bbox 3680 749 3844 804; x_wconf 79' lang='grc' dir='ltr'>πάλαι</span> 
     </span>
    </p>
   </div>
   <div class='ocr_carea' id='block_1_10' title="bbox 580 838 2137 917">
    <p class='ocr_par' dir='ltr' id='par_1_10' title="bbox 580 840 2137 917">
     <span class='ocr_line' id='line_1_10' title="bbox 580 840 2137 917; baseline -0.006 -16"><span class='ocrx_word' id='word_1_80' title='bbox 580 854 697 902; x_wconf 87' lang='lat' dir='ltr'><strong>tuni</strong></span> <span class='ocrx_word' id='word_1_81' title='bbox 725 855 923 917; x_wconf 69' lang='lat' dir='ltr'><strong>prmter</strong></span> <span class='ocrx_word' id='word_1_82' title='bbox 949 854 1214 902; x_wconf 89' lang='lat' dir='ltr'><strong>consueta</strong></span> <span class='ocrx_word' id='word_1_83' title='bbox 1248 856 1302 901; x_wconf 93' lang='lat' dir='ltr'><strong>et</strong></span> <span class='ocrx_word' id='word_1_84' title='bbox 1333 845 1493 901; x_wconf 87' lang='lat' dir='ltr'><strong>nobis</strong></span> <span class='ocrx_word' id='word_1_85' title='bbox 1521 843 1738 914; x_wconf 87' lang='lat' dir='ltr'><strong>cognita</strong></span> <span class='ocrx_word' id='word_1_86' title='bbox 1771 840 1952 897; x_wconf 86' lang='lat' dir='ltr'><strong>sidera</strong></span> <span class='ocrx_word' id='word_1_87' title='bbox 1982 840 2037 894; x_wconf 91' lang='lat' dir='ltr'><strong>in</strong></span> <span class='ocrx_word' id='word_1_88' title='bbox 2071 853 2137 893; x_wconf 14' lang='lat' dir='ltr'><strong>ora</strong></span> 
     </span>
    </p>
   </div>
   <div class='ocr_carea' id='block_1_11' title="bbox 2238 838 3847 917">
    <p class='ocr_par' dir='ltr' id='par_1_11' title="bbox 2261 838 3847 914">
     <span class='ocr_line' id='line_1_11' title="bbox 2261 838 3847 914; baseline 0 -20"><span class='ocrx_word' id='word_1_89' title='bbox 2261 840 2524 914; x_wconf 82' lang='grc' dir='ltr'>πρότερον</span> <span class='ocrx_word' id='word_1_90' title='bbox 2557 840 2621 892; x_wconf 88' lang='grc' dir='ltr'><strong>ἐκ</strong></span> <span class='ocrx_word' id='word_1_91' title='bbox 2670 838 2897 912; x_wconf 84' lang='grc' dir='ltr'>μακρῶν</span> <span class='ocrx_word' id='word_1_92' title='bbox 2944 839 3151 896; x_wconf 79' lang='grc' dir='ltr'>ἄνωθεν</span> <span class='ocrx_word' id='word_1_93' title='bbox 3184 842 3394 913; x_wconf 85' lang='grc' dir='ltr'><strong>χρόνων</strong></span> <span class='ocrx_word' id='word_1_94' title='bbox 3436 845 3591 914; x_wconf 76' lang='grc' dir='ltr'>παρὰ</span> <span class='ocrx_word' id='word_1_95' title='bbox 3624 845 3847 898; x_wconf 80' lang='grc' dir='ltr'><strong>Μωῦσεί</strong></span> 
     </span>
    </p>
   </div>
   <div class='ocr_carea' id='block_1_12' title="bbox 580 928 2137 1010">
    <p class='ocr_par' dir='ltr' id='par_1_12' title="bbox 580 932 2137 1010">
     <span class='ocr_line' id='line_1_12' title="bbox 580 932 2137 1010; baseline -0.005 -17"><span class='ocrx_word' id='word_1_96' title='bbox 580 948 641 994; x_wconf 86' lang='grc' dir='ltr'><strong>ιιι</strong></span> <span class='ocrx_word' id='word_1_97' title='bbox 670 941 820 997; x_wconf 90' lang='lat' dir='ltr'><strong>illius</strong></span> <span class='ocrx_word' id='word_1_98' title='bbox 849 940 1098 1006; x_wconf 87' lang='lat' dir='ltr'><strong>emicuit,</strong></span> <span class='ocrx_word' id='word_1_99' title='bbox 1127 955 1316 1010; x_wconf 74' lang='lat' dir='ltr'><strong>quaeso</strong></span> <span class='ocrx_word' id='word_1_100' title='bbox 1378 937 1835 1008; x_wconf 77' lang='lat' dir='ltr'><strong>contemplemur.</strong></span> <span class='ocrx_word' id='word_1_101' title='bbox 1888 932 2024 987; x_wconf 86' lang='lat' dir='ltr'><strong>Nam</strong></span> <span class='ocrx_word' id='word_1_102' title='bbox 2056 932 2137 987; x_wconf 73' lang='grc' dir='ltr'><strong>θοι</strong></span> 
     </span>
    </p>
   </div>
   <div class='ocr_carea' id='block_1_13' title="bbox 2238 928 3430 1010">
    <p class='ocr_par' dir='ltr' id='par_1_13' title="bbox 2264 928 3430 1004">
     <span class='ocr_line' id='line_1_13' title="bbox 2264 928 3430 1004; baseline 0 -19"><span class='ocrx_word' id='word_1_103' title='bbox 2264 930 2537 1003; x_wconf 81' lang='grc' dir='ltr'>βοώμενον</span> <span class='ocrx_word' id='word_1_104' title='bbox 2565 928 2753 984; x_wconf 88' lang='grc' dir='ltr'>τοῦτον</span> <span class='ocrx_word' id='word_1_105' title='bbox 2786 930 3063 1003; x_wconf 78' lang='grc' dir='ltr'><strong>ἱστόρηται</strong></span> <span class='ocrx_word' id='word_1_106' title='bbox 3091 931 3183 986; x_wconf 79' lang='grc' dir='ltr'><strong>τὸν</strong></span> <span class='ocrx_word' id='word_1_107' title='bbox 3210 932 3430 1004; x_wconf 84' lang='grc' dir='ltr'>τρόπον.</span> 
     </span>
    </p>
   </div>
   <div class='ocr_carea' id='block_1_14' title="bbox 579 1025 3847 1109">
    <p class='ocr_par' dir='ltr' id='par_1_14' title="bbox 579 1025 3847 1109">
     <span class='ocr_line' id='line_1_14' title="bbox 579 1025 3847 1109; baseline -0.002 -18"><span class='ocrx_word' id='word_1_108' title='bbox 579 1036 996 1109; x_wconf 69' lang='lat' dir='ltr'><strong>ipsumquoque</strong></span> <span class='ocrx_word' id='word_1_109' title='bbox 1013 1035 1338 1107; x_wconf 82' lang='lat' dir='ltr'><strong>jampridem</strong></span> <span class='ocrx_word' id='word_1_110' title='bbox 1374 1035 1443 1089; x_wconf 89' lang='lat' dir='ltr'><strong>ab</strong></span> <span class='ocrx_word' id='word_1_111' title='bbox 1470 1031 1713 1103; x_wconf 80' lang='lat' dir='ltr'><strong>antiquis</strong></span> <span class='ocrx_word' id='word_1_112' title='bbox 1736 1045 1909 1101; x_wconf 82' lang='lat' dir='ltr'><strong>usque</strong></span> <span class='ocrx_word' id='word_1_113' title='bbox 1931 1037 1985 1085; x_wconf 89' lang='lat' dir='ltr'><strong>et</strong></span> <span class='ocrx_word' id='word_1_114' title='bbox 2007 1028 2200 1100; x_wconf 87' lang='lat' dir='ltr'><strong>primis</strong></span> <span class='ocrx_word' id='word_1_115' title='bbox 2223 1028 2565 1100; x_wconf 89' lang='lat' dir='ltr'><strong>temporibus</strong></span> <span class='ocrx_word' id='word_1_116' title='bbox 2595 1025 2740 1096; x_wconf 85' lang='lat' dir='ltr'><strong>apud</strong></span> <span class='ocrx_word' id='word_1_117' title='bbox 2761 1025 2965 1083; x_wconf 86' lang='lat' dir='ltr'><strong>Mosem</strong></span> <span class='ocrx_word' id='word_1_118' title='bbox 2990 1025 3325 1083; x_wconf 83' lang='lat' dir='ltr'><strong>celebratum</strong></span> <span class='ocrx_word' id='word_1_119' title='bbox 3361 1027 3663 1094; x_wconf 75' lang='lat' dir='ltr'><strong>invenitur,</strong></span> <span class='ocrx_word' id='word_1_120' title='bbox 3688 1036 3847 1100; x_wconf 78' lang='lat' dir='ltr'><strong>atque</strong></span> 
     </span>
    </p>
   </div>
   <div class='ocr_carea' id='block_1_15' title="bbox 579 1128 1426 1199">
    <p class='ocr_par' dir='ltr' id='par_1_15' title="bbox 579 1128 1426 1199">
     <span class='ocr_line' id='line_1_15' title="bbox 579 1128 1426 1199; baseline -0.005 -14"><span class='ocrx_word' id='word_1_121' title='bbox 579 1131 636 1186; x_wconf 91' lang='lat' dir='ltr'><strong>in</strong></span> <span class='ocrx_word' id='word_1_122' title='bbox 665 1130 813 1186; x_wconf 86' lang='lat' dir='ltr'><strong>hunc</strong></span> <span class='ocrx_word' id='word_1_123' title='bbox 839 1131 1059 1186; x_wconf 90' lang='lat' dir='ltr'><strong>modum</strong></span> <span class='ocrx_word' id='word_1_124' title='bbox 1093 1128 1426 1199; x_wconf 79' lang='lat' dir='ltr'><strong>expositum.</strong></span> 
     </span>
    </p>
   </div>
   <div class='ocr_carea' id='block_1_16' title="bbox 578 1243 2156 1307">
    <p class='ocr_par' dir='ltr' id='par_1_16' title="bbox 578 1243 2156 1307">
     <span class='ocr_line' id='line_1_16' title="bbox 578 1243 2156 1307; baseline -0.006 -1"><span class='ocrx_word' id='word_1_125' title='bbox 578 1253 619 1306; x_wconf 83' lang='grc' dir='ltr'><em>Α</em></span> <span class='ocrx_word' id='word_1_126' title='bbox 661 1251 934 1307; x_wconf 82' lang='lat' dir='ltr'><strong>Numeris.</strong></span> <span class='ocrx_word' id='word_1_127' title='bbox 956 1280 1026 1291; x_wconf 90' lang='lat'><strong>—</strong></span> <span class='ocrx_word' id='word_1_128' title='bbox 1046 1250 1123 1304; x_wconf 85' lang='lat' dir='ltr'><strong>De</strong></span> <span class='ocrx_word' id='word_1_129' title='bbox 1152 1250 1305 1304; x_wconf 72' lang='lat' dir='ltr'><strong>rebus</strong></span> <span class='ocrx_word' id='word_1_130' title='bbox 1334 1248 1619 1303; x_wconf 75' lang='lat' dir='ltr'><strong>secundum</strong></span> <span class='ocrx_word' id='word_1_131' title='bbox 1649 1246 1939 1302; x_wconf 83' lang='lat' dir='ltr'><strong>humanam</strong></span> <span class='ocrx_word' id='word_1_132' title='bbox 1965 1243 2030 1299; x_wconf 88' lang='lat' dir='ltr'><strong>ab</strong></span> <span class='ocrx_word' id='word_1_133' title='bbox 2061 1243 2156 1298; x_wconf 82' lang='lat' dir='ltr'><strong>illo</strong></span> 
     </span>
    </p>
   </div>
   <div class='ocr_carea' id='block_1_17' title="bbox 649 1315 2155 1391">
    <p class='ocr_par' dir='ltr' id='par_1_17' title="bbox 649 1315 2155 1391">
     <span class='ocr_line' id='line_1_17' title="bbox 649 1315 2155 1391; baseline -0.007 -14"><span class='ocrx_word' id='word_1_134' title='bbox 649 1332 976 1389; x_wconf 78' lang='lat' dir='ltr'><strong>assumptum</strong></span> <span class='ocrx_word' id='word_1_135' title='bbox 1016 1333 1267 1374; x_wconf 84' lang='lat' dir='ltr'><strong>naturam</strong></span> <span class='ocrx_word' id='word_1_136' title='bbox 1300 1319 1561 1391; x_wconf 82' lang='lat' dir='ltr'><strong>gerendis,</strong></span> <span class='ocrx_word' id='word_1_137' title='bbox 1603 1327 1651 1373; x_wconf 82' lang='lat' dir='ltr'><strong>et</strong></span> <span class='ocrx_word' id='word_1_138' title='bbox 1683 1318 1746 1373; x_wconf 87' lang='lat' dir='ltr'><strong>de</strong></span> <span class='ocrx_word' id='word_1_139' title='bbox 1773 1317 1931 1372; x_wconf 79' lang='lat' dir='ltr'><strong>stella</strong></span> <span class='ocrx_word' id='word_1_140' title='bbox 1959 1331 2076 1386; x_wconf 82' lang='lat' dir='ltr'><strong>qua:</strong></span> <span class='ocrx_word' id='word_1_141' title='bbox 2099 1315 2155 1368; x_wconf 80' lang='lat' dir='ltr'><strong>in</strong></span> 
     </span>
    </p>
   </div>
   <div class='ocr_carea' id='block_1_18' title="bbox 650 1392 1600 1460">
    <p class='ocr_par' dir='ltr' id='par_1_18' title="bbox 650 1392 1600 1460">
     <span class='ocr_line' id='line_1_18' title="bbox 650 1392 1600 1460; baseline -0.005 -12"><span class='ocrx_word' id='word_1_142' title='bbox 650 1404 771 1455; x_wconf 75' lang='lat' dir='ltr'><strong>orta</strong></span> <span class='ocrx_word' id='word_1_143' title='bbox 800 1393 1102 1448; x_wconf 81' lang='lat' dir='ltr'><strong>Saluatoris</strong></span> <span class='ocrx_word' id='word_1_144' title='bbox 1130 1394 1300 1446; x_wconf 80' lang='lat' dir='ltr'><strong>nostri</strong></span> <span class='ocrx_word' id='word_1_145' title='bbox 1334 1392 1600 1460; x_wconf 77' lang='lat' dir='ltr'><strong>apparuit.</strong></span> 
     </span>
    </p>
   </div>
   <div class='ocr_carea' id='block_1_19' title="bbox 647 1563 2156 1637">
    <p class='ocr_par' dir='ltr' id='par_1_19' title="bbox 647 1563 2156 1637">
     <span class='ocr_line' id='line_1_19' title="bbox 647 1563 2156 1637; baseline -0.001 -17"><span class='ocrx_word' id='word_1_146' title='bbox 647 1563 825 1621; x_wconf 85' lang='lat' dir='ltr'><strong>Moses</strong></span> <span class='ocrx_word' id='word_1_147' title='bbox 853 1566 907 1620; x_wconf 93' lang='lat' dir='ltr'><strong>in</strong></span> <span class='ocrx_word' id='word_1_148' title='bbox 942 1563 1195 1621; x_wconf 84' lang='lat' dir='ltr'><strong>Numeris</strong></span> <span class='ocrx_word' id='word_1_149' title='bbox 1223 1564 1289 1621; x_wconf 89' lang='lat' dir='ltr'><strong>de</strong></span> <span class='ocrx_word' id='word_1_150' title='bbox 1316 1567 1494 1630; x_wconf 91' lang='lat' dir='ltr'><strong>stella,</strong></span> <span class='ocrx_word' id='word_1_151' title='bbox 1526 1579 1648 1637; x_wconf 68' lang='lat' dir='ltr'><strong>quae</strong></span> <span class='ocrx_word' id='word_1_152' title='bbox 1667 1567 1720 1620; x_wconf 92' lang='lat' dir='ltr'><strong>in</strong></span> <span class='ocrx_word' id='word_1_153' title='bbox 1752 1572 1875 1620; x_wconf 92' lang='lat' dir='ltr'><strong>ortu</strong></span> <span class='ocrx_word' id='word_1_154' title='bbox 1909 1564 2156 1620; x_wconf 80' lang='lat' dir='ltr'><strong>Salvato-</strong></span> 
     </span>
    </p>
   </div>
   <div class='ocr_carea' id='block_1_20' title="bbox 571 1655 2150 1723">
    <p class='ocr_par' dir='ltr' id='par_1_20' title="bbox 571 1655 2150 1723">
     <span class='ocr_line' id='line_1_20' title="bbox 571 1655 2150 1723; baseline -0.001 -10"><span class='ocrx_word' id='word_1_155' title='bbox 571 1657 653 1713; x_wconf 87' lang='lat' dir='ltr'><strong>ris</strong></span> <span class='ocrx_word' id='word_1_156' title='bbox 683 1657 856 1713; x_wconf 89' lang='lat' dir='ltr'><strong>nostri</strong></span> <span class='ocrx_word' id='word_1_157' title='bbox 891 1657 1007 1714; x_wconf 89' lang='lat' dir='ltr'><strong>visa</strong></span> <span class='ocrx_word' id='word_1_158' title='bbox 1040 1666 1145 1723; x_wconf 90' lang='lat' dir='ltr'><strong>est,</strong></span> <span class='ocrx_word' id='word_1_159' title='bbox 1170 1658 1286 1713; x_wconf 67' lang='lat' dir='ltr'><strong>haac</strong></span> <span class='ocrx_word' id='word_1_160' title='bbox 1340 1658 1416 1713; x_wconf 84' lang='lat' dir='ltr'><strong>ait</strong></span> <span class='ocrx_word' id='word_1_161' title='bbox 1451 1675 1465 1712; x_wconf 89' lang='lat'><strong>:</strong></span> <span class='ocrx_word' id='word_1_162' title='bbox 1509 1676 1527 1709; x_wconf 80' lang='grc' dir='ltr'><strong>ι</strong></span> <span class='ocrx_word' id='word_1_163' title='bbox 1568 1656 1714 1711; x_wconf 78' lang='lat' dir='ltr'><strong>Dixit</strong></span> <span class='ocrx_word' id='word_1_164' title='bbox 1745 1655 1967 1711; x_wconf 81' lang='lat' dir='ltr'><strong>Balaam</strong></span> <span class='ocrx_word' id='word_1_165' title='bbox 2005 1656 2150 1711; x_wconf 84' lang='lat' dir='ltr'><strong>[ilius</strong></span> 
     </span>
    </p>
   </div>
   <div class='ocr_carea' id='block_1_21' title="bbox 2278 1236 3837 1316">
    <p class='ocr_par' dir='ltr' id='par_1_21' title="bbox 2278 1236 3837 1316">
     <span class='ocr_line' id='line_1_21' title="bbox 2278 1236 3837 1316; baseline 0.008 -23"><span class='ocrx_word' id='word_1_166' title='bbox 2278 1239 2411 1294; x_wconf 79' lang='grc' dir='ltr'><strong>Ἀπὸ</strong></span> <span class='ocrx_word' id='word_1_167' title='bbox 2431 1237 2548 1294; x_wconf 82' lang='grc' dir='ltr'>τῶν</span> <span class='ocrx_word' id='word_1_168' title='bbox 2561 1236 2856 1316; x_wconf 25' lang='grc' dir='ltr'>Ἆρλιθμῷν.</span> <span class='ocrx_word' id='word_1_169' title='bbox 2876 1267 2946 1278; x_wconf 92' lang='grc'><strong><em>-</em></strong></span> <span class='ocrx_word' id='word_1_170' title='bbox 2959 1236 3097 1316; x_wconf 62' lang='grc' dir='ltr'>Περὶ</span> <span class='ocrx_word' id='word_1_171' title='bbox 3110 1236 3230 1316; x_wconf 72' lang='grc' dir='ltr'>τῶις</span> <span class='ocrx_word' id='word_1_172' title='bbox 3244 1241 3396 1296; x_wconf 78' lang='grc' dir='ltr'>κατὰ</span> <span class='ocrx_word' id='word_1_173' title='bbox 3416 1242 3532 1316; x_wconf 74' lang='grc' dir='ltr'>τὴν</span> <span class='ocrx_word' id='word_1_174' title='bbox 3554 1246 3837 1316; x_wconf 78' lang='grc' dir='ltr'>ἐνανθρώ-</span> 
     </span>
    </p>
   </div>
   <div class='ocr_carea' id='block_1_22' title="bbox 2336 1308 3841 1387">
    <p class='ocr_par' dir='ltr' id='par_1_22' title="bbox 2336 1308 3841 1387">
     <span class='ocr_line' id='line_1_22' title="bbox 2336 1308 3841 1387; baseline 0.007 -23"><span class='ocrx_word' id='word_1_175' title='bbox 2336 1327 2529 1387; x_wconf 73' lang='grc' dir='ltr'>πησιν</span> <span class='ocrx_word' id='word_1_176' title='bbox 2591 1308 2778 1387; x_wconf 63' lang='grc' dir='ltr'>αὑτοῦ</span> <span class='ocrx_word' id='word_1_177' title='bbox 2829 1308 3362 1387; x_wconf 54' lang='grc' dir='ltr'>πραχθησομένωζ,</span> <span class='ocrx_word' id='word_1_178' title='bbox 3424 1308 3523 1368; x_wconf 77' lang='grc' dir='ltr'>καὶ</span> <span class='ocrx_word' id='word_1_179' title='bbox 3571 1320 3704 1387; x_wconf 77' lang='grc' dir='ltr'>περὶ</span> <span class='ocrx_word' id='word_1_180' title='bbox 3734 1308 3841 1375; x_wconf 61' lang='grc' dir='ltr'><strong>τοῦ</strong></span> 
     </span>
    </p>
   </div>
   <div class='ocr_carea' id='block_1_23' title="bbox 2333 1377 3841 1456">
    <p class='ocr_par' dir='ltr' id='par_1_23' title="bbox 2333 1377 3841 1456">
     <span class='ocr_line' id='line_1_23' title="bbox 2333 1377 3841 1456; baseline -0.003 -21"><span class='ocrx_word' id='word_1_181' title='bbox 2333 1380 2629 1451; x_wconf 72' lang='grc' dir='ltr'><strong>φανέντος</strong></span> <span class='ocrx_word' id='word_1_182' title='bbox 2655 1380 2755 1434; x_wconf 76' lang='grc' dir='ltr'><strong>ἐπὶ</strong></span> <span class='ocrx_word' id='word_1_183' title='bbox 2791 1378 2867 1448; x_wconf 78' lang='grc' dir='ltr'>τῇ</span> <span class='ocrx_word' id='word_1_184' title='bbox 2902 1377 3154 1450; x_wconf 69' lang='grc' dir='ltr'>γενέσει</span> <span class='ocrx_word' id='word_1_185' title='bbox 3177 1379 3448 1452; x_wconf 81' lang='grc' dir='ltr'>Σωτῆρος</span> <span class='ocrx_word' id='word_1_186' title='bbox 3481 1377 3841 1456; x_wconf 58' lang='grc' dir='ltr'><strong>τξμῶιὲἀστέ-</strong></span> 
     </span>
    </p>
   </div>
   <div class='ocr_carea' id='block_1_24' title="bbox 2325 1469 2455 1522">
    <p class='ocr_par' dir='ltr' id='par_1_24' title="bbox 2325 1469 2455 1522">
     <span class='ocr_line' id='line_1_24' title="bbox 2325 1469 2455 1522; baseline -0.008 -16"><span class='ocrx_word' id='word_1_187' title='bbox 2325 1469 2455 1522; x_wconf 83' lang='grc' dir='ltr'>ρος.</span> 
     </span>
    </p>
   </div>
   <div class='ocr_carea' id='block_1_25' title="bbox 2332 1562 3837 1645">
    <p class='ocr_par' dir='ltr' id='par_1_25' title="bbox 2332 1562 3837 1645">
     <span class='ocr_line' id='line_1_25' title="bbox 2332 1562 3837 1645; baseline 0.003 -24"><span class='ocrx_word' id='word_1_188' title='bbox 2332 1566 2598 1637; x_wconf 81' lang='grc' dir='ltr'>Μωῢσῆς,</span> <span class='ocrx_word' id='word_1_189' title='bbox 2634 1566 2693 1619; x_wconf 89' lang='grc' dir='ltr'>ἐν</span> <span class='ocrx_word' id='word_1_190' title='bbox 2736 1562 3039 1633; x_wconf 81' lang='grc' dir='ltr'>Ἁριθμοῖς,</span> <span class='ocrx_word' id='word_1_191' title='bbox 3074 1564 3314 1636; x_wconf 74' lang='grc' dir='ltr'>περὶτοῦ</span> <span class='ocrx_word' id='word_1_192' title='bbox 3365 1566 3626 1636; x_wconf 74' lang='grc' dir='ltr'><strong>φανέντος</strong></span> <span class='ocrx_word' id='word_1_193' title='bbox 3648 1572 3741 1625; x_wconf 70' lang='grc' dir='ltr'>ἐπὶ</span> <span class='ocrx_word' id='word_1_194' title='bbox 3775 1576 3837 1645; x_wconf 75' lang='grc' dir='ltr'>τῇ</span> 
     </span>
    </p>
   </div>
   <div class='ocr_carea' id='block_1_26' title="bbox 2257 1654 3843 1734">
    <p class='ocr_par' dir='ltr' id='par_1_26' title="bbox 2257 1654 3843 1734">
     <span class='ocr_line' id='line_1_26' title="bbox 2257 1654 3843 1734; baseline -0.003 -21"><span class='ocrx_word' id='word_1_195' title='bbox 2257 1658 2580 1729; x_wconf 85' lang='grc' dir='ltr'>γενέσειτοῦ</span> <span class='ocrx_word' id='word_1_196' title='bbox 2611 1656 2863 1727; x_wconf 80' lang='grc' dir='ltr'>Σωτῆρος</span> <span class='ocrx_word' id='word_1_197' title='bbox 2894 1654 3051 1727; x_wconf 82' lang='grc' dir='ltr'>ἡμῶν</span> <span class='ocrx_word' id='word_1_198' title='bbox 3074 1656 3300 1729; x_wconf 84' lang='grc' dir='ltr'>ἀστέρος</span> <span class='ocrx_word' id='word_1_199' title='bbox 3316 1659 3447 1728; x_wconf 75' lang='grc' dir='ltr'>φησί</span> <span class='ocrx_word' id='word_1_200' title='bbox 3468 1676 3482 1692; x_wconf 78' lang='grc' dir='ltr'><strong>ο</strong></span> <span class='ocrx_word' id='word_1_201' title='bbox 3522 1680 3540 1711; x_wconf 76' lang='grc' dir='ltr'><strong>ι</strong></span> <span class='ocrx_word' id='word_1_202' title='bbox 3571 1663 3712 1734; x_wconf 75' lang='grc' dir='ltr'>Φησὶ</span> <span class='ocrx_word' id='word_1_203' title='bbox 3740 1664 3843 1718; x_wconf 67' lang='lat' dir='ltr'><strong>Ba-</strong></span> 
     </span>
    </p>
   </div>
   <div class='ocr_carea' id='block_1_27' title="bbox 574 1740 2137 1827">
    <p class='ocr_par' dir='ltr' id='par_1_27' title="bbox 574 1748 2137 1821">
     <span class='ocr_line' id='line_1_27' title="bbox 574 1748 2137 1821; baseline -0.003 -15"><span class='ocrx_word' id='word_1_204' title='bbox 574 1748 735 1815; x_wconf 83' lang='lat' dir='ltr'><strong>Beor,</strong></span> <span class='ocrx_word' id='word_1_205' title='bbox 765 1748 905 1805; x_wconf 84' lang='lat' dir='ltr'><strong>dixit</strong></span> <span class='ocrx_word' id='word_1_206' title='bbox 960 1751 1122 1805; x_wconf 86' lang='lat' dir='ltr'><strong>homo</strong></span> <span class='ocrx_word' id='word_1_207' title='bbox 1162 1752 1255 1821; x_wconf 93' lang='lat' dir='ltr'><strong>qui</strong></span> <span class='ocrx_word' id='word_1_208' title='bbox 1310 1766 1437 1806; x_wconf 86' lang='lat' dir='ltr'><strong>vere</strong></span> <span class='ocrx_word' id='word_1_209' title='bbox 1487 1749 1652 1815; x_wconf 85' lang='lat' dir='ltr'><strong>videt,</strong></span> <span class='ocrx_word' id='word_1_210' title='bbox 1683 1749 1776 1820; x_wconf 88' lang='lat' dir='ltr'><strong>qui</strong></span> <span class='ocrx_word' id='word_1_211' title='bbox 1802 1748 1956 1803; x_wconf 85' lang='lat' dir='ltr'><strong>audit</strong></span> <span class='ocrx_word' id='word_1_212' title='bbox 1983 1748 2137 1803; x_wconf 78' lang='lat' dir='ltr'><strong>verba</strong></span> 
     </span>
    </p>
   </div>
   <div class='ocr_carea' id='block_1_28' title="bbox 2238 1740 3835 1827">
    <p class='ocr_par' dir='ltr' id='par_1_28' title="bbox 2257 1740 3835 1827">
     <span class='ocr_line' id='line_1_28' title="bbox 2257 1740 3835 1827; baseline 0.002 -22"><span class='ocrx_word' id='word_1_213' title='bbox 2257 1752 2407 1824; x_wconf 75' lang='grc' dir='ltr'>λαὰμ</span> <span class='ocrx_word' id='word_1_214' title='bbox 2436 1751 2549 1814; x_wconf 79' lang='grc' dir='ltr'>υίὸς</span> <span class='ocrx_word' id='word_1_215' title='bbox 2572 1748 2746 1821; x_wconf 81' lang='grc' dir='ltr'>Βεὼρ,</span> <span class='ocrx_word' id='word_1_216' title='bbox 2767 1747 2931 1819; x_wconf 75' lang='grc' dir='ltr'>φησὶν</span> <span class='ocrx_word' id='word_1_217' title='bbox 2962 1748 2990 1800; x_wconf 99' lang='lat'><strong>6</strong></span> <span class='ocrx_word' id='word_1_218' title='bbox 3018 1746 3304 1820; x_wconf 81' lang='grc' dir='ltr'>ἄνθρωπος</span> <span class='ocrx_word' id='word_1_219' title='bbox 3332 1750 3644 1822; x_wconf 82' lang='grc' dir='ltr'>όάληθινῶς</span> <span class='ocrx_word' id='word_1_220' title='bbox 3676 1740 3835 1827; x_wconf 67' lang='grc' dir='ltr'>ὁρᾶν,</span> 
     </span>
    </p>
   </div>
   <div class='ocr_carea' id='block_1_29' title="bbox 571 1840 2152 1913">
    <p class='ocr_par' dir='ltr' id='par_1_29' title="bbox 571 1840 2152 1913">
     <span class='ocr_line' id='line_1_29' title="bbox 571 1840 2152 1913; baseline -0.001 -17"><span class='ocrx_word' id='word_1_221' title='bbox 571 1842 690 1906; x_wconf 85' lang='lat' dir='ltr'><strong>Dei,</strong></span> <span class='ocrx_word' id='word_1_222' title='bbox 717 1842 810 1913; x_wconf 91' lang='lat' dir='ltr'><strong>qui</strong></span> <span class='ocrx_word' id='word_1_223' title='bbox 843 1842 996 1897; x_wconf 90' lang='lat' dir='ltr'><strong>novit</strong></span> <span class='ocrx_word' id='word_1_224' title='bbox 1044 1841 1327 1897; x_wconf 86' lang='lat' dir='ltr'><strong>scientiam</strong></span> <span class='ocrx_word' id='word_1_225' title='bbox 1369 1840 1659 1907; x_wconf 88' lang='lat' dir='ltr'><strong>Altissimi,</strong></span> <span class='ocrx_word' id='word_1_226' title='bbox 1683 1850 1738 1897; x_wconf 90' lang='lat' dir='ltr'><strong>et</strong></span> <span class='ocrx_word' id='word_1_227' title='bbox 1760 1841 1854 1912; x_wconf 90' lang='lat' dir='ltr'><strong>qui</strong></span> <span class='ocrx_word' id='word_1_228' title='bbox 1883 1841 2152 1896; x_wconf 84' lang='lat' dir='ltr'><strong>visionem</strong></span> 
     </span>
    </p>
   </div>
   <div class='ocr_carea' id='block_1_30' title="bbox 573 1932 2151 2005">
    <p class='ocr_par' dir='ltr' id='par_1_30' title="bbox 573 1932 2151 2005">
     <span class='ocr_line' id='line_1_30' title="bbox 573 1932 2151 2005; baseline 0.001 -18"><span class='ocrx_word' id='word_1_229' title='bbox 573 1933 668 1990; x_wconf 90' lang='lat' dir='ltr'><strong>Dei</strong></span> <span class='ocrx_word' id='word_1_230' title='bbox 701 1935 856 2000; x_wconf 84' lang='lat' dir='ltr'><strong>vidit,</strong></span> <span class='ocrx_word' id='word_1_231' title='bbox 884 1934 942 1988; x_wconf 88' lang='lat' dir='ltr'><strong>in</strong></span> <span class='ocrx_word' id='word_1_232' title='bbox 996 1949 1191 1990; x_wconf 90' lang='lat' dir='ltr'><strong>somno</strong></span> <span class='ocrx_word' id='word_1_233' title='bbox 1244 1935 1421 2005; x_wconf 87' lang='lat' dir='ltr'><strong>aperti</strong></span> <span class='ocrx_word' id='word_1_234' title='bbox 1478 1934 1621 1989; x_wconf 87' lang='lat' dir='ltr'><strong>oculi</strong></span> <span class='ocrx_word' id='word_1_235' title='bbox 1667 1933 1789 2003; x_wconf 88' lang='lat' dir='ltr'><strong>ejus</strong></span> <span class='ocrx_word' id='word_1_236' title='bbox 1827 1932 2151 1990; x_wconf 89' lang='lat' dir='ltr'><strong>:ostendam</strong></span> 
     </span>
    </p>
   </div>
   <div class='ocr_carea' id='block_1_31' title="bbox 571 2024 2152 2096">
    <p class='ocr_par' dir='ltr' id='par_1_31' title="bbox 571 2024 2152 2096">
     <span class='ocr_line' id='line_1_31' title="bbox 571 2024 2152 2096; baseline -0.001 -16"><span class='ocrx_word' id='word_1_237' title='bbox 571 2026 672 2090; x_wconf 85' lang='lat' dir='ltr'><strong>illi,</strong></span> <span class='ocrx_word' id='word_1_238' title='bbox 701 2025 797 2081; x_wconf 83' lang='lat' dir='ltr'><strong>sed</strong></span> <span class='ocrx_word' id='word_1_239' title='bbox 826 2041 938 2081; x_wconf 91' lang='lat' dir='ltr'><strong>non</strong></span> <span class='ocrx_word' id='word_1_240' title='bbox 970 2041 1119 2081; x_wconf 91' lang='lat' dir='ltr'><strong>nunc</strong></span> <span class='ocrx_word' id='word_1_241' title='bbox 1158 2045 1171 2081; x_wconf 90' lang='lat'><strong>:</strong></span> <span class='ocrx_word' id='word_1_242' title='bbox 1210 2026 1428 2081; x_wconf 87' lang='lat' dir='ltr'><strong>beatum</strong></span> <span class='ocrx_word' id='word_1_243' title='bbox 1459 2024 1607 2089; x_wconf 91' lang='lat' dir='ltr'><strong>dico,</strong></span> <span class='ocrx_word' id='word_1_244' title='bbox 1644 2024 1740 2080; x_wconf 90' lang='lat' dir='ltr'><strong>sed</strong></span> <span class='ocrx_word' id='word_1_245' title='bbox 1790 2040 1899 2079; x_wconf 91' lang='lat' dir='ltr'><strong>non</strong></span> <span class='ocrx_word' id='word_1_246' title='bbox 1955 2040 2152 2096; x_wconf 79' lang='lat' dir='ltr'><strong>appro-</strong></span> 
     </span>
    </p>
   </div>
   <div class='ocr_carea' id='block_1_32' title="bbox 570 2110 2153 2191">
    <p class='ocr_par' dir='ltr' id='par_1_32' title="bbox 570 2110 2153 2191">
     <span class='ocr_line' id='line_1_32' title="bbox 570 2110 2153 2191; baseline -0.001 -19"><span class='ocrx_word' id='word_1_247' title='bbox 570 2120 799 2191; x_wconf 85' lang='lat' dir='ltr'><strong>pinquat</strong></span> <span class='ocrx_word' id='word_1_248' title='bbox 834 2136 846 2172; x_wconf 94' lang='lat'><strong>:</strong></span> <span class='ocrx_word' id='word_1_249' title='bbox 879 2119 1091 2174; x_wconf 86' lang='lat' dir='ltr'><strong>orietur</strong></span> <span class='ocrx_word' id='word_1_250' title='bbox 1133 2119 1291 2173; x_wconf 87' lang='lat' dir='ltr'><strong>stella</strong></span> <span class='ocrx_word' id='word_1_251' title='bbox 1320 2134 1388 2173; x_wconf 79' lang='lat' dir='ltr'><strong>ex</strong></span> <span class='ocrx_word' id='word_1_252' title='bbox 1419 2115 1611 2182; x_wconf 81' lang='lat' dir='ltr'><strong>Jacob,</strong></span> <span class='ocrx_word' id='word_1_253' title='bbox 1643 2124 1699 2173; x_wconf 90' lang='lat' dir='ltr'><strong>et</strong></span> <span class='ocrx_word' id='word_1_254' title='bbox 1743 2124 1932 2187; x_wconf 77' lang='lat' dir='ltr'><strong>surget</strong></span> <span class='ocrx_word' id='word_1_255' title='bbox 1983 2110 2153 2172; x_wconf 84' lang='lat' dir='ltr'><strong>homo</strong></span> 
     </span>
    </p>
   </div>
   <div class='ocr_carea' id='block_1_33' title="bbox 568 2207 2149 2279">
    <p class='ocr_par' dir='ltr' id='par_1_33' title="bbox 568 2207 2149 2279">
     <span class='ocr_line' id='line_1_33' title="bbox 568 2207 2149 2279; baseline -0.001 -14"><span class='ocrx_word' id='word_1_256' title='bbox 568 2224 636 2265; x_wconf 80' lang='lat' dir='ltr'><strong>ex</strong></span> <span class='ocrx_word' id='word_1_257' title='bbox 668 2211 854 2273; x_wconf 88' lang='lat' dir='ltr'><strong>lsrael,</strong></span> <span class='ocrx_word' id='word_1_258' title='bbox 873 2219 925 2265; x_wconf 88' lang='lat' dir='ltr'><strong>et</strong></span> <span class='ocrx_word' id='word_1_259' title='bbox 950 2208 1163 2279; x_wconf 81' lang='lat' dir='ltr'><strong>franget</strong></span> <span class='ocrx_word' id='word_1_260' title='bbox 1188 2210 1447 2265; x_wconf 92' lang='lat' dir='ltr'><strong>ductores</strong></span> <span class='ocrx_word' id='word_1_261' title='bbox 1481 2207 1662 2273; x_wconf 85' lang='lat' dir='ltr'><strong>Moab,</strong></span> <span class='ocrx_word' id='word_1_262' title='bbox 1691 2217 1747 2264; x_wconf 90' lang='lat' dir='ltr'><strong>et</strong></span> <span class='ocrx_word' id='word_1_263' title='bbox 1773 2210 2020 2279; x_wconf 89' lang='lat' dir='ltr'><strong>captivos</strong></span> <span class='ocrx_word' id='word_1_264' title='bbox 2049 2209 2149 2263; x_wconf 86' lang='lat' dir='ltr'><strong>du-</strong></span> 
     </span>
    </p>
   </div>
   <div class='ocr_carea' id='block_1_34' title="bbox 568 2299 2163 2366">
    <p class='ocr_par' dir='ltr' id='par_1_34' title="bbox 568 2299 2163 2366">
     <span class='ocr_line' id='line_1_34' title="bbox 568 2299 2163 2366; baseline 0.002 -13"><span class='ocrx_word' id='word_1_265' title='bbox 568 2307 655 2354; x_wconf 81' lang='lat' dir='ltr'><strong>cet</strong></span> <span class='ocrx_word' id='word_1_266' title='bbox 687 2315 879 2355; x_wconf 88' lang='lat' dir='ltr'><strong>omnes</strong></span> <span class='ocrx_word' id='word_1_267' title='bbox 915 2299 1058 2356; x_wconf 82' lang='lat' dir='ltr'><strong>filios</strong></span> <span class='ocrx_word' id='word_1_268' title='bbox 1090 2300 1243 2365; x_wconf 80' lang='lat' dir='ltr'><strong>Seth,</strong></span> <span class='ocrx_word' id='word_1_269' title='bbox 1267 2308 1322 2356; x_wconf 88' lang='lat' dir='ltr'><strong>et</strong></span> <span class='ocrx_word' id='word_1_270' title='bbox 1376 2303 1480 2356; x_wconf 90' lang='lat' dir='ltr'><strong>erit</strong></span> <span class='ocrx_word' id='word_1_271' title='bbox 1530 2300 1706 2356; x_wconf 78' lang='lat' dir='ltr'><strong>Edoni</strong></span> <span class='ocrx_word' id='word_1_272' title='bbox 1765 2300 2075 2366; x_wconf 70' lang='lat' dir='ltr'><strong>haareditas,</strong></span> <span class='ocrx_word' id='word_1_273' title='bbox 2097 2309 2163 2358; x_wconf 65' lang='lat' dir='ltr'><strong>ct‘</strong></span> 
     </span>
    </p>
   </div>
   <div class='ocr_carea' id='block_1_35' title="bbox 567 2391 2149 2464">
    <p class='ocr_par' dir='ltr' id='par_1_35' title="bbox 567 2391 2149 2464">
     <span class='ocr_line' id='line_1_35' title="bbox 567 2391 2149 2464; baseline 0.003 -18"><span class='ocrx_word' id='word_1_274' title='bbox 567 2392 671 2447; x_wconf 86' lang='lat' dir='ltr'><strong>erit</strong></span> <span class='ocrx_word' id='word_1_275' title='bbox 692 2393 982 2449; x_wconf 84' lang='lat' dir='ltr'><strong>haereditas</strong></span> <span class='ocrx_word' id='word_1_276' title='bbox 1020 2392 1165 2449; x_wconf 84' lang='lat' dir='ltr'><strong>Esau</strong></span> <span class='ocrx_word' id='word_1_277' title='bbox 1197 2393 1454 2450; x_wconf 90' lang='lat' dir='ltr'><strong>inimicus</strong></span> <span class='ocrx_word' id='word_1_278' title='bbox 1478 2394 1618 2464; x_wconf 84' lang='lat' dir='ltr'><strong>ejus,</strong></span> <span class='ocrx_word' id='word_1_279' title='bbox 1643 2402 1697 2450; x_wconf 90' lang='lat' dir='ltr'><strong>et</strong></span> <span class='ocrx_word' id='word_1_280' title='bbox 1730 2391 1898 2449; x_wconf 83' lang='lat' dir='ltr'><strong>Israel</strong></span> <span class='ocrx_word' id='word_1_281' title='bbox 1927 2393 2061 2449; x_wconf 88' lang='lat' dir='ltr'><strong>fecit</strong></span> <span class='ocrx_word' id='word_1_282' title='bbox 2093 2395 2149 2450; x_wconf 91' lang='lat' dir='ltr'><strong>in</strong></span> 
     </span>
    </p>
   </div>
   <div class='ocr_carea' id='block_1_36' title="bbox 566 2483 2148 2557">
    <p class='ocr_par' dir='ltr' id='par_1_36' title="bbox 566 2483 2148 2557">
     <span class='ocr_line' id='line_1_36' title="bbox 566 2483 2148 2557; baseline 0.001 -17"><span class='ocrx_word' id='word_1_283' title='bbox 566 2485 786 2550; x_wconf 80' lang='lat' dir='ltr'><strong>robore,</strong></span> <span class='ocrx_word' id='word_1_284' title='bbox 818 2495 871 2541; x_wconf 87' lang='lat' dir='ltr'><strong>et</strong></span> <span class='ocrx_word' id='word_1_285' title='bbox 893 2486 1228 2541; x_wconf 80' lang='lat' dir='ltr'><strong>excitabitur</strong></span> <span class='ocrx_word' id='word_1_286' title='bbox 1255 2502 1323 2541; x_wconf 78' lang='lat' dir='ltr'><strong>ex</strong></span> <span class='ocrx_word' id='word_1_287' title='bbox 1358 2483 1550 2550; x_wconf 84' lang='lat' dir='ltr'><strong>Jacob,</strong></span> <span class='ocrx_word' id='word_1_288' title='bbox 1590 2493 1644 2542; x_wconf 90' lang='lat' dir='ltr'><strong>et</strong></span> <span class='ocrx_word' id='word_1_289' title='bbox 1671 2486 1862 2557; x_wconf 88' lang='lat' dir='ltr'><strong>perdet</strong></span> <span class='ocrx_word' id='word_1_290' title='bbox 1881 2502 2030 2550; x_wconf 89' lang='lat' dir='ltr'><strong>cum,</strong></span> <span class='ocrx_word' id='word_1_291' title='bbox 2055 2487 2148 2557; x_wconf 89' lang='lat' dir='ltr'><strong>qui</strong></span> 
     </span>
    </p>
   </div>
   <div class='ocr_carea' id='block_1_37' title="bbox 545 2576 2151 2649">
    <p class='ocr_par' dir='ltr' id='par_1_37' title="bbox 545 2576 2151 2649">
     <span class='ocr_line' id='line_1_37' title="bbox 545 2576 2151 2649; baseline 0.002 -17"><span class='ocrx_word' id='word_1_292' title='bbox 545 2584 840 2649; x_wconf 73' lang='lat' dir='ltr'><strong>servatur</strong></span> <span class='ocrx_word' id='word_1_293' title='bbox 866 2576 936 2633; x_wconf 91' lang='lat' dir='ltr'><strong>de</strong></span> <span class='ocrx_word' id='word_1_294' title='bbox 962 2578 1186 2634; x_wconf 76' lang='lat' dir='ltr'><strong>civitate</strong></span> <span class='ocrx_word' id='word_1_295' title='bbox 1211 2580 1277 2636; x_wconf 73' lang='grc' dir='ltr'><strong>ιθ.</strong></span> <span class='ocrx_word' id='word_1_296' title='bbox 1322 2597 1342 2631; x_wconf 75' lang='grc' dir='ltr'><strong>ι</strong></span> <span class='ocrx_word' id='word_1_297' title='bbox 1382 2576 1496 2633; x_wconf 81' lang='lat' dir='ltr'><strong>Hoc</strong></span> <span class='ocrx_word' id='word_1_298' title='bbox 1537 2579 1799 2634; x_wconf 80' lang='lat' dir='ltr'><strong>vaticinio</strong></span> <span class='ocrx_word' id='word_1_299' title='bbox 1848 2590 2151 2636; x_wconf 89' lang='lat' dir='ltr'><strong>commotos</strong></span> 
     </span>
    </p>
   </div>
   <div class='ocr_carea' id='block_1_38' title="bbox 564 2669 2149 2742">
    <p class='ocr_par' dir='ltr' id='par_1_38' title="bbox 564 2669 2149 2742">
     <span class='ocr_line' id='line_1_38' title="bbox 564 2669 2149 2742; baseline 0.004 -21"><span class='ocrx_word' id='word_1_300' title='bbox 564 2670 644 2725; x_wconf 83' lang='lat' dir='ltr'><strong>ait</strong></span> <span class='ocrx_word' id='word_1_301' title='bbox 677 2685 1030 2727; x_wconf 83' lang='lat' dir='ltr'><strong>successores</strong></span> <span class='ocrx_word' id='word_1_302' title='bbox 1064 2669 1282 2725; x_wconf 85' lang='lat' dir='ltr'><strong>Balaam</strong></span> <span class='ocrx_word' id='word_1_303' title='bbox 1321 2669 1397 2742; x_wconf 88' lang='lat' dir='ltr'><strong>(id</strong></span> <span class='ocrx_word' id='word_1_304' title='bbox 1422 2671 1567 2726; x_wconf 92' lang='lat' dir='ltr'><strong>enim</strong></span> <span class='ocrx_word' id='word_1_305' title='bbox 1596 2671 1870 2727; x_wconf 91' lang='lat' dir='ltr'><strong>incolume</strong></span> <span class='ocrx_word' id='word_1_306' title='bbox 1905 2672 2149 2729; x_wconf 81' lang='lat' dir='ltr'><strong>exstitis-</strong></span> 
     </span>
    </p>
   </div>
   <div class='ocr_carea' id='block_1_39' title="bbox 559 2760 2150 2833">
    <p class='ocr_par' dir='ltr' id='par_1_39' title="bbox 559 2760 2150 2833">
     <span class='ocr_line' id='line_1_39' title="bbox 559 2760 2150 2833; baseline 0 -17"><span class='ocrx_word' id='word_1_307' title='bbox 559 2776 627 2817; x_wconf 84' lang='lat' dir='ltr'><strong>se</strong></span> <span class='ocrx_word' id='word_1_308' title='bbox 670 2761 873 2825; x_wconf 88' lang='lat' dir='ltr'><strong>adhuc,</strong></span> <span class='ocrx_word' id='word_1_309' title='bbox 909 2770 967 2816; x_wconf 89' lang='lat' dir='ltr'><strong>ut</strong></span> <span class='ocrx_word' id='word_1_310' title='bbox 1024 2777 1124 2833; x_wconf 89' lang='lat' dir='ltr'><strong>par</strong></span> <span class='ocrx_word' id='word_1_311' title='bbox 1183 2768 1291 2824; x_wconf 88' lang='lat' dir='ltr'><strong>est,</strong></span> <span class='ocrx_word' id='word_1_312' title='bbox 1349 2760 1493 2832; x_wconf 89' lang='lat' dir='ltr'><strong>apud</strong></span> <span class='ocrx_word' id='word_1_313' title='bbox 1546 2761 1693 2827; x_wconf 83' lang='lat' dir='ltr'><strong>illos,</strong></span> <span class='ocrx_word' id='word_1_314' title='bbox 1724 2776 1851 2817; x_wconf 88' lang='lat' dir='ltr'><strong>cum</strong></span> <span class='ocrx_word' id='word_1_315' title='bbox 1897 2761 1953 2816; x_wconf 91' lang='lat' dir='ltr'><strong>in</strong></span> <span class='ocrx_word' id='word_1_316' title='bbox 2009 2762 2150 2817; x_wconf 64' lang='lat' dir='ltr'><strong>caelo</strong></span> 
     </span>
    </p>
   </div>
   <div class='ocr_carea' id='block_1_40' title="bbox 563 2852 2150 2926">
    <p class='ocr_par' dir='ltr' id='par_1_40' title="bbox 563 2852 2150 2926">
     <span class='ocr_line' id='line_1_40' title="bbox 563 2852 2150 2926; baseline 0 -19"><span class='ocrx_word' id='word_1_317' title='bbox 563 2852 811 2922; x_wconf 76' lang='lat' dir='ltr'><strong>ignotum</strong></span> <span class='ocrx_word' id='word_1_318' title='bbox 869 2852 1144 2926; x_wconf 89' lang='lat' dir='ltr'><strong>quoddam</strong></span> <span class='ocrx_word' id='word_1_319' title='bbox 1197 2852 1354 2909; x_wconf 89' lang='lat' dir='ltr'><strong>sidus</strong></span> <span class='ocrx_word' id='word_1_320' title='bbox 1404 2862 1602 2924; x_wconf 68' lang='lat' dir='ltr'><strong>praeter</strong></span> <span class='ocrx_word' id='word_1_321' title='bbox 1653 2853 1871 2925; x_wconf 83' lang='lat' dir='ltr'><strong>cognita</strong></span> <span class='ocrx_word' id='word_1_322' title='bbox 1909 2853 2068 2910; x_wconf 91' lang='lat' dir='ltr'><strong>nobis</strong></span> <span class='ocrx_word' id='word_1_323' title='bbox 2095 2860 2150 2910; x_wconf 86' lang='lat' dir='ltr'><strong>et</strong></span> 
     </span>
    </p>
   </div>
   <div class='ocr_carea' id='block_1_41' title="bbox 563 2946 2150 3018">
    <p class='ocr_par' dir='ltr' id='par_1_41' title="bbox 563 2946 2150 3018">
     <span class='ocr_line' id='line_1_41' title="bbox 563 2946 2150 3018; baseline 0.001 -18"><span class='ocrx_word' id='word_1_324' title='bbox 563 2954 851 3013; x_wconf 74' lang='lat' dir='ltr'><strong>consueta,</strong></span> <span class='ocrx_word' id='word_1_325' title='bbox 890 2961 1059 3018; x_wconf 90' lang='lat' dir='ltr'><strong>supra</strong></span> <span class='ocrx_word' id='word_1_326' title='bbox 1107 2946 1402 3014; x_wconf 87' lang='lat' dir='ltr'><strong>verticem,</strong></span> <span class='ocrx_word' id='word_1_327' title='bbox 1434 2955 1495 3001; x_wconf 90' lang='lat' dir='ltr'><strong>ut</strong></span> <span class='ocrx_word' id='word_1_328' title='bbox 1545 2947 1627 3003; x_wconf 89' lang='lat' dir='ltr'><strong>sic</strong></span> <span class='ocrx_word' id='word_1_329' title='bbox 1671 2946 1926 3010; x_wconf 75' lang='lat' dir='ltr'><strong>dixerim,</strong></span> <span class='ocrx_word' id='word_1_330' title='bbox 1972 2956 2026 3002; x_wconf 91' lang='lat' dir='ltr'><strong>et</strong></span> <span class='ocrx_word' id='word_1_331' title='bbox 2079 2946 2150 3002; x_wconf 87' lang='lat' dir='ltr'><strong>ad</strong></span> 
     </span>
    </p>
   </div>
   <div class='ocr_carea' id='block_1_42' title="bbox 564 3037 2151 3112">
    <p class='ocr_par' dir='ltr' id='par_1_42' title="bbox 564 3037 2151 3112">
     <span class='ocr_line' id='line_1_42' title="bbox 564 3037 2151 3112; baseline 0.004 -21"><span class='ocrx_word' id='word_1_332' title='bbox 564 3039 1018 3110; x_wconf 79' lang='lat' dir='ltr'><strong>perpendiculum</strong></span> <span class='ocrx_word' id='word_1_333' title='bbox 1065 3045 1227 3095; x_wconf 84' lang='lat' dir='ltr'><strong>terrae</strong></span> <span class='ocrx_word' id='word_1_334' title='bbox 1254 3037 1455 3096; x_wconf 64' lang='lat' dir='ltr'><strong>Iudaea:</strong></span> <span class='ocrx_word' id='word_1_335' title='bbox 1497 3040 1855 3096; x_wconf 87' lang='lat' dir='ltr'><strong>constitutum</strong></span> <span class='ocrx_word' id='word_1_336' title='bbox 1895 3042 2151 3112; x_wconf 80' lang='lat' dir='ltr'><strong>inspexe-</strong></span> 
     </span>
    </p>
   </div>
   <div class='ocr_carea' id='block_1_43' title="bbox 2253 1841 3835 1919">
    <p class='ocr_par' dir='ltr' id='par_1_43' title="bbox 2253 1841 3835 1919">
     <span class='ocr_line' id='line_1_43' title="bbox 2253 1841 3835 1919; baseline 0.003 -20"><span class='ocrx_word' id='word_1_337' title='bbox 2253 1842 2468 1899; x_wconf 84' lang='grc' dir='ltr'>ἀκούων</span> <span class='ocrx_word' id='word_1_338' title='bbox 2486 1842 2641 1912; x_wconf 80' lang='grc' dir='ltr'><strong>λόγια</strong></span> <span class='ocrx_word' id='word_1_339' title='bbox 2658 1841 2814 1907; x_wconf 77' lang='grc' dir='ltr'>Θεοῦ,</span> <span class='ocrx_word' id='word_1_340' title='bbox 2834 1843 3193 1913; x_wconf 82' lang='grc' dir='ltr'>ἐπιστάμενος</span> <span class='ocrx_word' id='word_1_341' title='bbox 3212 1845 3524 1919; x_wconf 76' lang='grc' dir='ltr'>ἐπιστήμην</span> <span class='ocrx_word' id='word_1_342' title='bbox 3559 1848 3835 1918; x_wconf 58' lang='grc' dir='ltr'>Ὑψίστου,</span> 
     </span>
    </p>
   </div>
   <div class='ocr_carea' id='block_1_44' title="bbox 2254 1934 3838 2013">
    <p class='ocr_par' dir='ltr' id='par_1_44' title="bbox 2254 1934 3838 2013">
     <span class='ocr_line' id='line_1_44' title="bbox 2254 1934 3838 2013; baseline 0.002 -23"><span class='ocrx_word' id='word_1_343' title='bbox 2254 1937 2347 1990; x_wconf 77' lang='grc' dir='ltr'><strong>καὶ</strong></span> <span class='ocrx_word' id='word_1_344' title='bbox 2371 1938 2559 2009; x_wconf 83' lang='grc' dir='ltr'>ὅρασιν</span> <span class='ocrx_word' id='word_1_345' title='bbox 2587 1935 2683 1991; x_wconf 78' lang='grc' dir='ltr'><strong>τοῦ</strong></span> <span class='ocrx_word' id='word_1_346' title='bbox 2712 1936 2846 1990; x_wconf 83' lang='grc' dir='ltr'>Θεοῦ</span> <span class='ocrx_word' id='word_1_347' title='bbox 2885 1934 3028 2002; x_wconf 73' lang='grc' dir='ltr'>ἰδὼν,</span> <span class='ocrx_word' id='word_1_348' title='bbox 3052 1938 3109 1990; x_wconf 85' lang='grc' dir='ltr'>ἐν</span> <span class='ocrx_word' id='word_1_349' title='bbox 3141 1935 3293 2009; x_wconf 78' lang='grc' dir='ltr'>ὕπνῳ</span> <span class='ocrx_word' id='word_1_350' title='bbox 3322 1940 3838 2013; x_wconf 73' lang='grc' dir='ltr'>ἀποκεκαλυμμένοι</span> 
     </span>
    </p>
   </div>
   <div class='ocr_carea' id='block_1_45' title="bbox 2252 2025 3837 2103">
    <p class='ocr_par' dir='ltr' id='par_1_45' title="bbox 2252 2025 3837 2103">
     <span class='ocr_line' id='line_1_45' title="bbox 2252 2025 3837 2103; baseline 0.004 -22"><span class='ocrx_word' id='word_1_351' title='bbox 2252 2029 2303 2081; x_wconf 85' lang='grc' dir='ltr'>οἱ</span> <span class='ocrx_word' id='word_1_352' title='bbox 2331 2026 2597 2098; x_wconf 74' lang='grc' dir='ltr'>ὀφθαλμοὶ</span> <span class='ocrx_word' id='word_1_353' title='bbox 2633 2025 2830 2080; x_wconf 76' lang='grc' dir='ltr'>αὐτοῦ’</span> <span class='ocrx_word' id='word_1_354' title='bbox 2854 2025 3013 2093; x_wconf 81' lang='grc' dir='ltr'>δείξω</span> <span class='ocrx_word' id='word_1_355' title='bbox 3046 2026 3215 2098; x_wconf 83' lang='grc' dir='ltr'>αύτῷ,</span> <span class='ocrx_word' id='word_1_356' title='bbox 3244 2028 3338 2081; x_wconf 79' lang='grc' dir='ltr'><strong>καὶ</strong></span> <span class='ocrx_word' id='word_1_357' title='bbox 3366 2029 3487 2100; x_wconf 76' lang='grc' dir='ltr'>οὐχὶ</span> <span class='ocrx_word' id='word_1_358' title='bbox 3517 2030 3635 2094; x_wconf 86' lang='grc' dir='ltr'>νῦν,</span> <span class='ocrx_word' id='word_1_359' title='bbox 3665 2049 3837 2103; x_wconf 83' lang='grc' dir='ltr'>μακα-</span> 
     </span>
    </p>
   </div>
   <div class='ocr_carea' id='block_1_46' title="bbox 2255 2117 3835 2193">
    <p class='ocr_par' dir='ltr' id='par_1_46' title="bbox 2255 2117 3835 2193">
     <span class='ocr_line' id='line_1_46' title="bbox 2255 2117 3835 2193; baseline 0.003 -20"><span class='ocrx_word' id='word_1_360' title='bbox 2255 2119 2409 2193; x_wconf 78' lang='grc' dir='ltr'>ρίζω,</span> <span class='ocrx_word' id='word_1_361' title='bbox 2440 2120 2534 2173; x_wconf 80' lang='grc' dir='ltr'>καὶ</span> <span class='ocrx_word' id='word_1_362' title='bbox 2562 2119 2663 2172; x_wconf 81' lang='grc' dir='ltr'><strong>οὐκ</strong></span> <span class='ocrx_word' id='word_1_363' title='bbox 2711 2118 2942 2188; x_wconf 72' lang='grc' dir='ltr'>ἐγγίζει.</span> <span class='ocrx_word' id='word_1_364' title='bbox 2992 2117 3264 2172; x_wconf 82' lang='grc' dir='ltr'>Ἀνατελεῖ</span> <span class='ocrx_word' id='word_1_365' title='bbox 3301 2120 3499 2192; x_wconf 85' lang='grc' dir='ltr'>ἄστρον</span> <span class='ocrx_word' id='word_1_366' title='bbox 3525 2122 3583 2189; x_wconf 79' lang='grc' dir='ltr'>ἐξ</span> <span class='ocrx_word' id='word_1_367' title='bbox 3623 2124 3835 2191; x_wconf 80' lang='grc' dir='ltr'>Ἰακὼὸ,</span> 
     </span>
    </p>
   </div>
   <div class='ocr_carea' id='block_1_47' title="bbox 2253 2210 3835 2287">
    <p class='ocr_par' dir='ltr' id='par_1_47' title="bbox 2253 2210 3835 2287">
     <span class='ocr_line' id='line_1_47' title="bbox 2253 2210 3835 2287; baseline 0.002 -20"><span class='ocrx_word' id='word_1_368' title='bbox 2253 2212 2347 2267; x_wconf 76' lang='grc' dir='ltr'>καὶ</span> <span class='ocrx_word' id='word_1_369' title='bbox 2373 2212 2738 2281; x_wconf 82' lang='grc' dir='ltr'>ἀναστήσεται</span> <span class='ocrx_word' id='word_1_370' title='bbox 2783 2210 3067 2284; x_wconf 80' lang='grc' dir='ltr'>ἄνθρωπος</span> <span class='ocrx_word' id='word_1_371' title='bbox 3113 2210 3171 2278; x_wconf 82' lang='grc' dir='ltr'><strong>ἐξ</strong></span> <span class='ocrx_word' id='word_1_372' title='bbox 3215 2211 3451 2286; x_wconf 76' lang='grc' dir='ltr'>Ἰσραὴλ,</span> <span class='ocrx_word' id='word_1_373' title='bbox 3490 2215 3583 2268; x_wconf 76' lang='grc' dir='ltr'><strong>καὶ</strong></span> <span class='ocrx_word' id='word_1_374' title='bbox 3612 2214 3835 2287; x_wconf 84' lang='grc' dir='ltr'>θραύσει</span> 
     </span>
    </p>
   </div>
   <div class='ocr_carea' id='block_1_48' title="bbox 2251 2299 3835 2375">
    <p class='ocr_par' dir='ltr' id='par_1_48' title="bbox 2251 2299 3835 2375">
     <span class='ocr_line' id='line_1_48' title="bbox 2251 2299 3835 2375; baseline 0.001 -21"><span class='ocrx_word' id='word_1_375' title='bbox 2251 2303 2378 2366; x_wconf 85' lang='grc' dir='ltr'>τοὺς</span> <span class='ocrx_word' id='word_1_376' title='bbox 2407 2302 2683 2375; x_wconf 77' lang='grc' dir='ltr'>ἀρχηγοὺς</span> <span class='ocrx_word' id='word_1_377' title='bbox 2711 2299 2906 2363; x_wconf 61' lang='lat' dir='ltr'><strong>Mariti,</strong></span> <span class='ocrx_word' id='word_1_378' title='bbox 2930 2300 3025 2353; x_wconf 71' lang='grc' dir='ltr'><strong>καὶ</strong></span> <span class='ocrx_word' id='word_1_379' title='bbox 3054 2299 3414 2371; x_wconf 79' lang='grc' dir='ltr'>προνομεύσει</span> <span class='ocrx_word' id='word_1_380' title='bbox 3438 2302 3654 2367; x_wconf 79' lang='grc' dir='ltr'>πάντας</span> <span class='ocrx_word' id='word_1_381' title='bbox 3688 2304 3835 2367; x_wconf 71' lang='grc' dir='ltr'>υἱοὺς</span> 
     </span>
    </p>
   </div>
   <div class='ocr_carea' id='block_1_49' title="bbox 2250 2390 3836 2466">
    <p class='ocr_par' dir='ltr' id='par_1_49' title="bbox 2250 2390 3836 2466">
     <span class='ocr_line' id='line_1_49' title="bbox 2250 2390 3836 2466; baseline 0 -19"><span class='ocrx_word' id='word_1_382' title='bbox 2250 2393 2380 2466; x_wconf 80' lang='grc' dir='ltr'>Σήθ.</span> <span class='ocrx_word' id='word_1_383' title='bbox 2414 2394 2524 2448; x_wconf 74' lang='grc' dir='ltr'><strong>Καὶ</strong></span> <span class='ocrx_word' id='word_1_384' title='bbox 2557 2392 2708 2447; x_wconf 77' lang='grc' dir='ltr'>ἔσται</span> <span class='ocrx_word' id='word_1_385' title='bbox 2749 2390 2923 2463; x_wconf 84' lang='grc' dir='ltr'>Ἐδὼμ</span> <span class='ocrx_word' id='word_1_386' title='bbox 2944 2390 3298 2463; x_wconf 79' lang='grc' dir='ltr'>κληρονομία,</span> <span class='ocrx_word' id='word_1_387' title='bbox 3332 2391 3424 2445; x_wconf 83' lang='grc' dir='ltr'>καὶ</span> <span class='ocrx_word' id='word_1_388' title='bbox 3448 2392 3602 2446; x_wconf 78' lang='grc' dir='ltr'>ἔσται</span> <span class='ocrx_word' id='word_1_389' title='bbox 3643 2394 3836 2466; x_wconf 62' lang='lat' dir='ltr'><strong>2).:ij-</strong></span> 
     </span>
    </p>
   </div>
   <div class='ocr_carea' id='block_1_50' title="bbox 2248 2480 3835 2558">
    <p class='ocr_par' dir='ltr' id='par_1_50' title="bbox 2248 2480 3835 2558">
     <span class='ocr_line' id='line_1_50' title="bbox 2248 2480 3835 2558; baseline -0.003 -18"><span class='ocrx_word' id='word_1_390' title='bbox 2248 2486 2415 2558; x_wconf 91' lang='grc' dir='ltr'>νομία</span> <span class='ocrx_word' id='word_1_391' title='bbox 2484 2481 2655 2537; x_wconf 84' lang='grc' dir='ltr'>Ἠσαῦ</span> <span class='ocrx_word' id='word_1_392' title='bbox 2697 2484 2726 2536; x_wconf 89' lang='lat'><strong>6</strong></span> <span class='ocrx_word' id='word_1_393' title='bbox 2767 2480 2959 2554; x_wconf 79' lang='grc' dir='ltr'>ἐχθρὸς</span> <span class='ocrx_word' id='word_1_394' title='bbox 2985 2480 3174 2545; x_wconf 74' lang='grc' dir='ltr'>αὑτοῦ,</span> <span class='ocrx_word' id='word_1_395' title='bbox 3207 2482 3302 2535; x_wconf 61' lang='grc' dir='ltr'><strong>κοιλ⁵</strong></span> <span class='ocrx_word' id='word_1_396' title='bbox 3340 2482 3558 2554; x_wconf 82' lang='grc' dir='ltr'>Ἰσραὴλ</span> <span class='ocrx_word' id='word_1_397' title='bbox 3582 2484 3835 2555; x_wconf 82' lang='grc' dir='ltr'>ἐποίησεν</span> 
     </span>
    </p>
   </div>
   <div class='ocr_carea' id='block_1_51' title="bbox 2251 2576 3837 2652">
    <p class='ocr_par' dir='ltr' id='par_1_51' title="bbox 2251 2576 3837 2652">
     <span class='ocr_line' id='line_1_51' title="bbox 2251 2576 3837 2652; baseline 0.002 -22"><span class='ocrx_word' id='word_1_398' title='bbox 2251 2578 2309 2631; x_wconf 87' lang='grc' dir='ltr'><strong>ἐν</strong></span> <span class='ocrx_word' id='word_1_399' title='bbox 2341 2576 2503 2650; x_wconf 85' lang='grc' dir='ltr'>ίσχύῖ,</span> <span class='ocrx_word' id='word_1_400' title='bbox 2558 2577 2652 2632; x_wconf 76' lang='grc' dir='ltr'><strong>καὶ</strong></span> <span class='ocrx_word' id='word_1_401' title='bbox 2698 2577 3118 2652; x_wconf 73' lang='grc' dir='ltr'>ἐξεγερθήσεται</span> <span class='ocrx_word' id='word_1_402' title='bbox 3159 2577 3219 2642; x_wconf 81' lang='grc' dir='ltr'><strong>ἐξ</strong></span> <span class='ocrx_word' id='word_1_403' title='bbox 3264 2578 3479 2641; x_wconf 79' lang='grc' dir='ltr'>Ἰακὼϐ,</span> <span class='ocrx_word' id='word_1_404' title='bbox 3524 2580 3620 2633; x_wconf 68' lang='grc' dir='ltr'><strong>καὶ</strong></span> <span class='ocrx_word' id='word_1_405' title='bbox 3649 2580 3837 2633; x_wconf 79' lang='grc' dir='ltr'>ἀπολεῖ</span> 
     </span>
    </p>
   </div>
   <div class='ocr_carea' id='block_1_52' title="bbox 2251 2669 3836 2743">
    <p class='ocr_par' dir='ltr' id='par_1_52' title="bbox 2251 2669 3836 2743">
     <span class='ocr_line' id='line_1_52' title="bbox 2251 2669 3836 2743; baseline 0.002 -20"><span class='ocrx_word' id='word_1_406' title='bbox 2251 2670 2557 2742; x_wconf 79' lang='grc' dir='ltr'>σωζόμενον</span> <span class='ocrx_word' id='word_1_407' title='bbox 2590 2671 2655 2724; x_wconf 86' lang='grc' dir='ltr'><strong>ἐκ</strong></span> <span class='ocrx_word' id='word_1_408' title='bbox 2679 2669 2906 2733; x_wconf 82' lang='grc' dir='ltr'>πόλεως.</span> <span class='ocrx_word' id='word_1_409' title='bbox 2952 2690 2970 2723; x_wconf 75' lang='grc' dir='ltr'><strong>ι</strong></span> <span class='ocrx_word' id='word_1_410' title='bbox 3022 2671 3143 2724; x_wconf 55' lang='grc' dir='ltr'><strong>Ἐπὶ⁵</strong></span> <span class='ocrx_word' id='word_1_411' title='bbox 3176 2669 3345 2741; x_wconf 78' lang='grc' dir='ltr'>ταύτῃ</span> <span class='ocrx_word' id='word_1_412' title='bbox 3372 2671 3506 2741; x_wconf 70' lang='grc' dir='ltr'>φησι</span> <span class='ocrx_word' id='word_1_413' title='bbox 3528 2672 3596 2743; x_wconf 83' lang='grc' dir='ltr'>τῇ</span> <span class='ocrx_word' id='word_1_414' title='bbox 3627 2688 3836 2743; x_wconf 69' lang='grc' dir='ltr'>προεξη-</span> 
     </span>
    </p>
   </div>
   <div class='ocr_carea' id='block_1_53' title="bbox 2249 2761 3834 2835">
    <p class='ocr_par' dir='ltr' id='par_1_53' title="bbox 2249 2761 3834 2835">
     <span class='ocr_line' id='line_1_53' title="bbox 2249 2761 3834 2835; baseline 0 -19"><span class='ocrx_word' id='word_1_415' title='bbox 2249 2763 2370 2834; x_wconf 77' lang='grc' dir='ltr'>τείᾳ</span> <span class='ocrx_word' id='word_1_416' title='bbox 2416 2762 2736 2834; x_wconf 88' lang='grc' dir='ltr'>κινηθέντας</span> <span class='ocrx_word' id='word_1_417' title='bbox 2783 2763 2909 2827; x_wconf 78' lang='grc' dir='ltr'>τοὺς</span> <span class='ocrx_word' id='word_1_418' title='bbox 2955 2761 3226 2835; x_wconf 78' lang='grc' dir='ltr'>διαδόχους</span> <span class='ocrx_word' id='word_1_419' title='bbox 3270 2762 3518 2834; x_wconf 85' lang='grc' dir='ltr'>Βαλαάμ.</span> <span class='ocrx_word' id='word_1_420' title='bbox 3555 2763 3834 2818; x_wconf 79' lang='grc' dir='ltr'>Σεσῶσθαι</span> 
     </span>
    </p>
   </div>
   <div class='ocr_carea' id='block_1_54' title="bbox 2249 2849 3833 2927">
    <p class='ocr_par' dir='ltr' id='par_1_54' title="bbox 2249 2849 3833 2927">
     <span class='ocr_line' id='line_1_54' title="bbox 2249 2849 3833 2927; baseline 0.003 -22"><span class='ocrx_word' id='word_1_421' title='bbox 2249 2852 2359 2924; x_wconf 80' lang='grc' dir='ltr'><strong>γὰρ</strong></span> <span class='ocrx_word' id='word_1_422' title='bbox 2384 2851 2573 2924; x_wconf 74' lang='grc' dir='ltr'>αὐτὴν,</span> <span class='ocrx_word' id='word_1_423' title='bbox 2604 2852 2681 2917; x_wconf 86' lang='grc' dir='ltr'>ὼς</span> <span class='ocrx_word' id='word_1_424' title='bbox 2721 2854 2812 2907; x_wconf 72' lang='grc' dir='ltr'><strong>καὶ</strong></span> <span class='ocrx_word' id='word_1_425' title='bbox 2854 2849 2924 2924; x_wconf 80' lang='grc' dir='ltr'>ἦν</span> <span class='ocrx_word' id='word_1_426' title='bbox 2959 2852 3123 2921; x_wconf 78' lang='grc' dir='ltr'>είκδς,</span> <span class='ocrx_word' id='word_1_427' title='bbox 3160 2856 3292 2926; x_wconf 80' lang='grc' dir='ltr'>παρ’</span> <span class='ocrx_word' id='word_1_428' title='bbox 3325 2855 3530 2918; x_wconf 83' lang='grc' dir='ltr'>αὐτοῖς.</span> <span class='ocrx_word' id='word_1_429' title='bbox 3570 2855 3833 2927; x_wconf 81' lang='grc' dir='ltr'>Ὀπηνίκα</span> 
     </span>
    </p>
   </div>
   <div class='ocr_carea' id='block_1_55' title="bbox 2253 2943 3833 3019">
    <p class='ocr_par' dir='ltr' id='par_1_55' title="bbox 2253 2943 3833 3019">
     <span class='ocr_line' id='line_1_55' title="bbox 2253 2943 3833 3019; baseline -0.001 -20"><span class='ocrx_word' id='word_1_430' title='bbox 2253 2946 2490 2999; x_wconf 78' lang='grc' dir='ltr'>συνεῖδον</span> <span class='ocrx_word' id='word_1_431' title='bbox 2516 2946 2573 2999; x_wconf 84' lang='grc' dir='ltr'><strong>ἐν</strong></span> <span class='ocrx_word' id='word_1_432' title='bbox 2589 2944 2802 3018; x_wconf 80' lang='grc' dir='ltr'>οὐρανῷ</span> <span class='ocrx_word' id='word_1_433' title='bbox 2829 2943 3109 3010; x_wconf 79' lang='grc' dir='ltr'>ξενίζοντά</span> <span class='ocrx_word' id='word_1_434' title='bbox 3121 2962 3242 2999; x_wconf 91' lang='grc' dir='ltr'>τινα</span> <span class='ocrx_word' id='word_1_435' title='bbox 3265 2946 3417 3018; x_wconf 75' lang='grc' dir='ltr'>παρὰ</span> <span class='ocrx_word' id='word_1_436' title='bbox 3436 2945 3565 3011; x_wconf 83' lang='grc' dir='ltr'>τοὺς</span> <span class='ocrx_word' id='word_1_437' title='bbox 3586 2946 3833 3019; x_wconf 80' lang='grc' dir='ltr'>συνήθεις</span> 
     </span>
    </p>
   </div>
   <div class='ocr_carea' id='block_1_56' title="bbox 2250 3036 3833 3111">
    <p class='ocr_par' dir='ltr' id='par_1_56' title="bbox 2250 3036 3833 3111">
     <span class='ocr_line' id='line_1_56' title="bbox 2250 3036 3833 3111; baseline 0.002 -19"><span class='ocrx_word' id='word_1_438' title='bbox 2250 3037 2475 3111; x_wconf 83' lang='grc' dir='ltr'>ἀστέρα,</span> <span class='ocrx_word' id='word_1_439' title='bbox 2521 3036 2664 3092; x_wconf 89' lang='grc' dir='ltr'><strong>κατά</strong></span> <span class='ocrx_word' id='word_1_440' title='bbox 2712 3037 2975 3110; x_wconf 77' lang='grc' dir='ltr'>κορυφῆς,</span> <span class='ocrx_word' id='word_1_441' title='bbox 3025 3038 3101 3104; x_wconf 83' lang='grc' dir='ltr'>ὡς</span> <span class='ocrx_word' id='word_1_442' title='bbox 3142 3038 3208 3094; x_wconf 83' lang='grc' dir='ltr'>ἂν</span> <span class='ocrx_word' id='word_1_443' title='bbox 3256 3038 3400 3093; x_wconf 85' lang='grc' dir='ltr'>εἴποι</span> <span class='ocrx_word' id='word_1_444' title='bbox 3428 3055 3532 3103; x_wconf 85' lang='grc' dir='ltr'>τις,</span> <span class='ocrx_word' id='word_1_445' title='bbox 3565 3041 3662 3094; x_wconf 80' lang='grc' dir='ltr'><strong>καὶ</strong></span> <span class='ocrx_word' id='word_1_446' title='bbox 3694 3038 3833 3095; x_wconf 83' lang='grc' dir='ltr'><strong>κατά</strong></span> 
     </span>
    </p>
   </div>
   <div class='ocr_carea' id='block_1_57' title="bbox 563 3127 2137 3205">
    <p class='ocr_par' dir='ltr' id='par_1_57' title="bbox 563 3130 2137 3205">
     <span class='ocr_line' id='line_1_57' title="bbox 563 3130 2137 3205; baseline 0.004 -22"><span class='ocrx_word' id='word_1_447' title='bbox 563 3133 715 3201; x_wconf 91' lang='lat' dir='ltr'><strong>runt)</strong></span> <span class='ocrx_word' id='word_1_448' title='bbox 767 3131 1065 3187; x_wconf 79' lang='lat' dir='ltr'><strong>festinasse</strong></span> <span class='ocrx_word' id='word_1_449' title='bbox 1116 3140 1177 3186; x_wconf 92' lang='lat' dir='ltr'><strong>ut</strong></span> <span class='ocrx_word' id='word_1_450' title='bbox 1225 3131 1281 3186; x_wconf 89' lang='lat' dir='ltr'><strong>in</strong></span> <span class='ocrx_word' id='word_1_451' title='bbox 1331 3130 1677 3188; x_wconf 84' lang='lat' dir='ltr'><strong>Palaestinam</strong></span> <span class='ocrx_word' id='word_1_452' title='bbox 1725 3142 1927 3189; x_wconf 91' lang='lat' dir='ltr'><strong>terram</strong></span> <span class='ocrx_word' id='word_1_453' title='bbox 1978 3131 2137 3205; x_wconf 67' lang='grc'><strong>418</strong></span> 
     </span>
    </p>
   </div>
   <div class='ocr_carea' id='block_1_58' title="bbox 2238 3127 3834 3205">
    <p class='ocr_par' dir='ltr' id='par_1_58' title="bbox 2248 3127 3834 3204">
     <span class='ocr_line' id='line_1_58' title="bbox 2248 3127 3834 3204; baseline 0.001 -21"><span class='ocrx_word' id='word_1_454' title='bbox 2248 3127 2476 3184; x_wconf 81' lang='grc' dir='ltr'>κάθετον</span> <span class='ocrx_word' id='word_1_455' title='bbox 2530 3129 2630 3201; x_wconf 87' lang='grc' dir='ltr'><strong>τῆς</strong></span> <span class='ocrx_word' id='word_1_456' title='bbox 2689 3128 2947 3193; x_wconf 84' lang='grc' dir='ltr'>Ἰουδαίας</span> <span class='ocrx_word' id='word_1_457' title='bbox 2980 3129 3392 3202; x_wconf 87' lang='grc' dir='ltr'>ἐστηριγμένον,</span> <span class='ocrx_word' id='word_1_458' title='bbox 3449 3131 3690 3204; x_wconf 79' lang='grc' dir='ltr'>σπουδὴν</span> <span class='ocrx_word' id='word_1_459' title='bbox 3738 3148 3834 3185; x_wconf 79' lang='grc' dir='ltr'>πε-</span> 
     </span>
    </p>
   </div>
   <div class='ocr_carea' id='block_1_59' title="bbox 562 3222 2146 3295">
    <p class='ocr_par' dir='ltr' id='par_1_59' title="bbox 562 3222 2146 3295">
     <span class='ocr_line' id='line_1_59' title="bbox 562 3222 2146 3295; baseline 0 -18"><span class='ocrx_word' id='word_1_460' title='bbox 562 3224 938 3293; x_wconf 86' lang='lat' dir='ltr'><strong>pervenirent,</strong></span> <span class='ocrx_word' id='word_1_461' title='bbox 966 3232 1137 3293; x_wconf 87' lang='lat' dir='ltr'><strong>utque</strong></span> <span class='ocrx_word' id='word_1_462' title='bbox 1189 3222 1610 3279; x_wconf 75' lang='lat' dir='ltr'><strong>sciscitarentur</strong></span> <span class='ocrx_word' id='word_1_463' title='bbox 1641 3224 1710 3280; x_wconf 89' lang='lat' dir='ltr'><strong>de</strong></span> <span class='ocrx_word' id='word_1_464' title='bbox 1766 3240 1891 3295; x_wconf 82' lang='lat' dir='ltr'><strong>rege</strong></span> <span class='ocrx_word' id='word_1_465' title='bbox 1921 3224 2015 3295; x_wconf 90' lang='lat' dir='ltr'><strong>qui</strong></span> <span class='ocrx_word' id='word_1_466' title='bbox 2047 3238 2146 3295; x_wconf 88' lang='lat' dir='ltr'><strong>per</strong></span> 
     </span>
    </p>
   </div>
   <div class='ocr_carea' id='block_1_60' title="bbox 562 3314 2144 3387">
    <p class='ocr_par' dir='ltr' id='par_1_60' title="bbox 562 3314 2144 3387">
     <span class='ocr_line' id='line_1_60' title="bbox 562 3314 2144 3387; baseline 0 -16"><span class='ocrx_word' id='word_1_467' title='bbox 562 3330 683 3371; x_wconf 86' lang='lat' dir='ltr'><strong>eam</strong></span> <span class='ocrx_word' id='word_1_468' title='bbox 708 3316 923 3371; x_wconf 88' lang='lat' dir='ltr'><strong>stellam</strong></span> <span class='ocrx_word' id='word_1_469' title='bbox 954 3332 1118 3387; x_wconf 87' lang='lat' dir='ltr'><strong>quam</strong></span> <span class='ocrx_word' id='word_1_470' title='bbox 1156 3317 1260 3387; x_wconf 89' lang='lat' dir='ltr'><strong>ipsi</strong></span> <span class='ocrx_word' id='word_1_471' title='bbox 1284 3314 1555 3379; x_wconf 85' lang='lat' dir='ltr'><strong>viderant,</strong></span> <span class='ocrx_word' id='word_1_472' title='bbox 1588 3316 2020 3387; x_wconf 81' lang='lat' dir='ltr'><strong>signiﬁcabatur.</strong></span> <span class='ocrx_word' id='word_1_473' title='bbox 2055 3314 2144 3371; x_wconf 88' lang='lat' dir='ltr'><strong>Fi-</strong></span> 
     </span>
    </p>
   </div>
   <div class='ocr_carea' id='block_1_61' title="bbox 563 3407 2137 3480">
    <p class='ocr_par' dir='ltr' id='par_1_61' title="bbox 563 3407 2137 3480">
     <span class='ocr_line' id='line_1_61' title="bbox 563 3407 2137 3480; baseline 0.001 -17"><span class='ocrx_word' id='word_1_474' title='bbox 563 3408 689 3464; x_wconf 89' lang='lat' dir='ltr'><strong>dem</strong></span> <span class='ocrx_word' id='word_1_475' title='bbox 728 3409 816 3465; x_wconf 88' lang='lat' dir='ltr'><strong>his</strong></span> <span class='ocrx_word' id='word_1_476' title='bbox 854 3407 986 3465; x_wconf 81' lang='lat' dir='ltr'><strong>facit</strong></span> <span class='ocrx_word' id='word_1_477' title='bbox 1029 3409 1367 3480; x_wconf 79' lang='lat' dir='ltr'><strong>evangelista</strong></span> <span class='ocrx_word' id='word_1_478' title='bbox 1416 3407 1726 3474; x_wconf 62' lang='lat' dir='ltr'><strong>Mattheus,</strong></span> <span class='ocrx_word' id='word_1_479' title='bbox 1763 3409 1850 3465; x_wconf 88' lang='lat' dir='ltr'><strong>his</strong></span> <span class='ocrx_word' id='word_1_480' title='bbox 1908 3407 2137 3465; x_wconf 86' lang='lat' dir='ltr'><strong>verbis:</strong></span> 
     </span>
    </p>
   </div>
   <div class='ocr_carea' id='block_1_62' title="bbox 568 3500 2142 3569">
    <p class='ocr_par' dir='ltr' id='par_1_62' title="bbox 568 3500 2142 3569">
     <span class='ocr_line' id='line_1_62' title="bbox 568 3500 2142 3569; baseline 0.001 -15"><span class='ocrx_word' id='word_1_481' title='bbox 568 3522 587 3554; x_wconf 71' lang='grc' dir='ltr'><strong>ι</strong></span> <span class='ocrx_word' id='word_1_482' title='bbox 617 3502 755 3559; x_wconf 84' lang='lat' dir='ltr'><strong>Cum</strong></span> <span class='ocrx_word' id='word_1_483' title='bbox 803 3511 985 3560; x_wconf 88' lang='lat' dir='ltr'><strong>autem</strong></span> <span class='ocrx_word' id='word_1_484' title='bbox 1025 3502 1190 3569; x_wconf 79' lang='lat' dir='ltr'><strong>Jesus</strong></span> <span class='ocrx_word' id='word_1_485' title='bbox 1226 3512 1393 3559; x_wconf 88' lang='lat' dir='ltr'><strong>natus</strong></span> <span class='ocrx_word' id='word_1_486' title='bbox 1426 3511 1570 3559; x_wconf 87' lang='lat' dir='ltr'><strong>esset</strong></span> <span class='ocrx_word' id='word_1_487' title='bbox 1599 3504 1653 3557; x_wconf 90' lang='lat' dir='ltr'><strong>in</strong></span> <span class='ocrx_word' id='word_1_488' title='bbox 1703 3503 2017 3559; x_wconf 90' lang='lat' dir='ltr'><strong>Bethlehem</strong></span> <span class='ocrx_word' id='word_1_489' title='bbox 2044 3500 2142 3556; x_wconf 79' lang='lat' dir='ltr'><strong>Ju-</strong></span> 
     </span>
    </p>
   </div>
   <div class='ocr_carea' id='block_1_63' title="bbox 560 3590 2142 3667">
    <p class='ocr_par' dir='ltr' id='par_1_63' title="bbox 560 3590 2142 3667">
     <span class='ocr_line' id='line_1_63' title="bbox 560 3590 2142 3667; baseline -0.001 -15"><span class='ocrx_word' id='word_1_490' title='bbox 560 3598 689 3652; x_wconf 63' lang='grc' dir='ltr'>(ιω</span> <span class='ocrx_word' id='word_1_491' title='bbox 721 3597 777 3651; x_wconf 92' lang='lat' dir='ltr'><strong>in</strong></span> <span class='ocrx_word' id='word_1_492' title='bbox 802 3596 997 3652; x_wconf 89' lang='lat' dir='ltr'><strong>diebus</strong></span> <span class='ocrx_word' id='word_1_493' title='bbox 1042 3594 1277 3653; x_wconf 82' lang='lat' dir='ltr'><strong>Herodis</strong></span> <span class='ocrx_word' id='word_1_494' title='bbox 1312 3595 1630 3667; x_wconf 81' lang='lat' dir='ltr'><strong>regis,ccce</strong></span> <span class='ocrx_word' id='word_1_495' title='bbox 1667 3590 1804 3666; x_wconf 82' lang='lat' dir='ltr'><strong>Magi</strong></span> <span class='ocrx_word' id='word_1_496' title='bbox 1829 3596 1898 3651; x_wconf 91' lang='lat' dir='ltr'><strong>ab</strong></span> <span class='ocrx_word' id='word_1_497' title='bbox 1920 3592 2142 3651; x_wconf 89' lang='lat' dir='ltr'><strong>Oriente</strong></span> 
     </span>
    </p>
   </div>
   <div class='ocr_carea' id='block_1_64' title="bbox 561 3686 2142 3759">
    <p class='ocr_par' dir='ltr' id='par_1_64' title="bbox 561 3686 2142 3759">
     <span class='ocr_line' id='line_1_64' title="bbox 561 3686 2142 3759; baseline -0.003 -14"><span class='ocrx_word' id='word_1_498' title='bbox 561 3698 828 3746; x_wconf 80' lang='lat' dir='ltr'><strong>venerunt</strong></span> <span class='ocrx_word' id='word_1_499' title='bbox 860 3690 915 3744; x_wconf 93' lang='lat' dir='ltr'><strong>in</strong></span> <span class='ocrx_word' id='word_1_500' title='bbox 948 3688 1275 3755; x_wconf 85' lang='lat' dir='ltr'><strong>Jerusalem,</strong></span> <span class='ocrx_word' id='word_1_501' title='bbox 1320 3689 1568 3744; x_wconf 88' lang='lat' dir='ltr'><strong>dicentes</strong></span> <span class='ocrx_word' id='word_1_502' title='bbox 1596 3708 1610 3742; x_wconf 89' lang='lat'><strong>:</strong></span> <span class='ocrx_word' id='word_1_503' title='bbox 1648 3686 1752 3743; x_wconf 88' lang='lat' dir='ltr'><strong>Ubi</strong></span> <span class='ocrx_word' id='word_1_504' title='bbox 1785 3695 1889 3756; x_wconf 92' lang='lat' dir='ltr'><strong>est,</strong></span> <span class='ocrx_word' id='word_1_505' title='bbox 1919 3688 2012 3759; x_wconf 90' lang='lat' dir='ltr'><strong>qui</strong></span> <span class='ocrx_word' id='word_1_506' title='bbox 2040 3704 2142 3743; x_wconf 80' lang='lat' dir='ltr'><strong>na-</strong></span> 
     </span>
    </p>
   </div>
   <div class='ocr_carea' id='block_1_65' title="bbox 560 3780 2138 3849">
    <p class='ocr_par' dir='ltr' id='par_1_65' title="bbox 560 3780 2138 3849">
     <span class='ocr_line' id='line_1_65' title="bbox 560 3780 2138 3849; baseline -0.004 -9"><span class='ocrx_word' id='word_1_507' title='bbox 560 3794 649 3840; x_wconf 83' lang='lat' dir='ltr'><strong>tus</strong></span> <span class='ocrx_word' id='word_1_508' title='bbox 688 3793 774 3840; x_wconf 89' lang='lat' dir='ltr'><strong>est</strong></span> <span class='ocrx_word' id='word_1_509' title='bbox 807 3799 901 3840; x_wconf 82' lang='lat' dir='ltr'><strong>rex</strong></span> <span class='ocrx_word' id='word_1_510' title='bbox 930 3780 1286 3837; x_wconf 71' lang='lat' dir='ltr'><strong>Judmoruui?</strong></span> <span class='ocrx_word' id='word_1_511' title='bbox 1326 3780 1573 3837; x_wconf 86' lang='lat' dir='ltr'><strong>Vidimus</strong></span> <span class='ocrx_word' id='word_1_512' title='bbox 1601 3781 1747 3836; x_wconf 89' lang='lat' dir='ltr'><strong>enim</strong></span> <span class='ocrx_word' id='word_1_513' title='bbox 1780 3780 1990 3836; x_wconf 87' lang='lat' dir='ltr'><strong>stellam</strong></span> <span class='ocrx_word' id='word_1_514' title='bbox 2017 3780 2138 3849; x_wconf 88' lang='lat' dir='ltr'><strong>ejus</strong></span> 
     </span>
    </p>
   </div>
   <div class='ocr_carea' id='block_1_66' title="bbox 557 3872 2137 3943">
    <p class='ocr_par' dir='ltr' id='par_1_66' title="bbox 557 3872 2137 3943">
     <span class='ocr_line' id='line_1_66' title="bbox 557 3872 2137 3943; baseline -0.004 -11"><span class='ocrx_word' id='word_1_515' title='bbox 557 3878 613 3932; x_wconf 91' lang='lat' dir='ltr'><strong>in</strong></span> <span class='ocrx_word' id='word_1_516' title='bbox 654 3874 900 3939; x_wconf 88' lang='lat' dir='ltr'><strong>Oriente,</strong></span> <span class='ocrx_word' id='word_1_517' title='bbox 933 3882 989 3931; x_wconf 84' lang='lat' dir='ltr'><strong>cl.</strong></span> <span class='ocrx_word' id='word_1_518' title='bbox 1020 3873 1274 3929; x_wconf 87' lang='lat' dir='ltr'><strong>venimus</strong></span> <span class='ocrx_word' id='word_1_519' title='bbox 1297 3873 1530 3928; x_wconf 81' lang='lat' dir='ltr'><strong>adorare</strong></span> <span class='ocrx_word' id='word_1_520' title='bbox 1560 3887 1688 3928; x_wconf 86' lang='lat' dir='ltr'><strong>eum</strong></span> <span class='ocrx_word' id='word_1_521' title='bbox 1723 3872 1787 3937; x_wconf 84' lang='grc'>¹⁷,</span> <span class='ocrx_word' id='word_1_522' title='bbox 1823 3889 1842 3924; x_wconf 74' lang='grc' dir='ltr'><strong>ι</strong></span> <span class='ocrx_word' id='word_1_523' title='bbox 1875 3885 1984 3943; x_wconf 90' lang='lat' dir='ltr'><strong>quo</strong></span> <span class='ocrx_word' id='word_1_524' title='bbox 2005 3881 2137 3926; x_wconf 90' lang='lat' dir='ltr'><strong>tem-</strong></span> 
     </span>
    </p>
   </div>
   <div class='ocr_carea' id='block_1_67' title="bbox 556 3964 2137 4039">
    <p class='ocr_par' dir='ltr' id='par_1_67' title="bbox 556 3964 2137 4039">
     <span class='ocr_line' id='line_1_67' title="bbox 556 3964 2137 4039; baseline -0.003 -15"><span class='ocrx_word' id='word_1_525' title='bbox 556 3983 687 4039; x_wconf 85' lang='lat' dir='ltr'><strong>pore</strong></span> <span class='ocrx_word' id='word_1_526' title='bbox 719 3966 884 4022; x_wconf 91' lang='lat' dir='ltr'><strong>iidem</strong></span> <span class='ocrx_word' id='word_1_527' title='bbox 920 3965 1076 4022; x_wconf 89' lang='lat' dir='ltr'><strong>missi</strong></span> <span class='ocrx_word' id='word_1_528' title='bbox 1124 3965 1180 4019; x_wconf 90' lang='lat' dir='ltr'><strong>in</strong></span> <span class='ocrx_word' id='word_1_529' title='bbox 1209 3964 1525 4021; x_wconf 88' lang='lat' dir='ltr'><strong>Betblchem</strong></span> <span class='ocrx_word' id='word_1_530' title='bbox 1574 3964 1847 4028; x_wconf 87' lang='lat' dir='ltr'><strong>abierunt,</strong></span> <span class='ocrx_word' id='word_1_531' title='bbox 1876 3981 1896 4014; x_wconf 84' lang='grc'>‹</span> <span class='ocrx_word' id='word_1_532' title='bbox 1927 3971 1982 4018; x_wconf 89' lang='lat' dir='ltr'><strong>et</strong></span> <span class='ocrx_word' id='word_1_533' title='bbox 2009 3978 2137 4019; x_wconf 91' lang='lat' dir='ltr'><strong>ecce</strong></span> 
     </span>
    </p>
   </div>
   <div class='ocr_carea' id='block_1_68' title="bbox 554 4054 2135 4129">
    <p class='ocr_par' dir='ltr' id='par_1_68' title="bbox 554 4054 2135 4129">
     <span class='ocr_line' id='line_1_68' title="bbox 554 4054 2135 4129; baseline -0.004 -13"><span class='ocrx_word' id='word_1_534' title='bbox 554 4076 751 4116; x_wconf 87' lang='lat' dir='ltr'><strong>rursus</strong></span> <span class='ocrx_word' id='word_1_535' title='bbox 782 4058 975 4115; x_wconf 86' lang='lat' dir='ltr'><strong>eadem</strong></span> <span class='ocrx_word' id='word_1_536' title='bbox 1012 4057 1168 4115; x_wconf 89' lang='lat' dir='ltr'><strong>stella</strong></span> <span class='ocrx_word' id='word_1_537' title='bbox 1213 4072 1377 4129; x_wconf 87' lang='lat' dir='ltr'><strong>quam</strong></span> <span class='ocrx_word' id='word_1_538' title='bbox 1409 4058 1660 4113; x_wconf 85' lang='lat' dir='ltr'><strong>viderant</strong></span> <span class='ocrx_word' id='word_1_539' title='bbox 1692 4057 1746 4111; x_wconf 92' lang='lat' dir='ltr'><strong>in</strong></span> <span class='ocrx_word' id='word_1_540' title='bbox 1768 4054 2011 4122; x_wconf 85' lang='lat' dir='ltr'><strong>Oriente,</strong></span> <span class='ocrx_word' id='word_1_541' title='bbox 2037 4071 2135 4110; x_wconf 69' lang='lat' dir='ltr'><strong>an~</strong></span> 
     </span>
    </p>
   </div>
   <div class='ocr_carea' id='block_1_69' title="bbox 552 4147 2135 4220">
    <p class='ocr_par' dir='ltr' id='par_1_69' title="bbox 552 4147 2135 4220">
     <span class='ocr_line' id='line_1_69' title="bbox 552 4147 2135 4220; baseline -0.004 -11"><span class='ocrx_word' id='word_1_542' title='bbox 552 4153 840 4210; x_wconf 85' lang='lat' dir='ltr'><strong>tecedebat</strong></span> <span class='ocrx_word' id='word_1_543' title='bbox 859 4167 977 4217; x_wconf 90' lang='lat' dir='ltr'><strong>eos,</strong></span> <span class='ocrx_word' id='word_1_544' title='bbox 999 4151 1175 4207; x_wconf 85' lang='lat' dir='ltr'><strong>donec</strong></span> <span class='ocrx_word' id='word_1_545' title='bbox 1206 4150 1432 4206; x_wconf 86' lang='lat' dir='ltr'><strong>veniens</strong></span> <span class='ocrx_word' id='word_1_546' title='bbox 1474 4156 1646 4206; x_wconf 89' lang='lat' dir='ltr'><strong>staret</strong></span> <span class='ocrx_word' id='word_1_547' title='bbox 1688 4163 1854 4220; x_wconf 86' lang='lat' dir='ltr'><strong>supra</strong></span> <span class='ocrx_word' id='word_1_548' title='bbox 1886 4147 1978 4203; x_wconf 89' lang='lat' dir='ltr'><strong>ubi</strong></span> <span class='ocrx_word' id='word_1_549' title='bbox 2014 4156 2135 4203; x_wconf 87' lang='lat' dir='ltr'><strong>erat</strong></span> 
     </span>
    </p>
   </div>
   <div class='ocr_carea' id='block_1_70' title="bbox 548 4237 2133 4316">
    <p class='ocr_par' dir='ltr' id='par_1_70' title="bbox 548 4237 2133 4316">
     <span class='ocr_line' id='line_1_70' title="bbox 548 4237 2133 4316; baseline -0.006 -15"><span class='ocrx_word' id='word_1_550' title='bbox 548 4260 708 4316; x_wconf 87' lang='lat' dir='ltr'><strong>puer.</strong></span> <span class='ocrx_word' id='word_1_551' title='bbox 740 4241 1002 4299; x_wconf 82' lang='lat' dir='ltr'><strong>Videntes</strong></span> <span class='ocrx_word' id='word_1_552' title='bbox 1049 4250 1232 4298; x_wconf 88' lang='lat' dir='ltr'><strong>autem</strong></span> <span class='ocrx_word' id='word_1_553' title='bbox 1261 4241 1478 4297; x_wconf 84' lang='lat' dir='ltr'><strong>stellam</strong></span> <span class='ocrx_word' id='word_1_554' title='bbox 1530 4240 1725 4312; x_wconf 46' lang='lat' dir='ltr'><strong>gavisi‘</strong></span> <span class='ocrx_word' id='word_1_555' title='bbox 1750 4246 1881 4294; x_wconf 88' lang='lat' dir='ltr'><strong>sunt</strong></span> <span class='ocrx_word' id='word_1_556' title='bbox 1934 4237 2133 4308; x_wconf 87' lang='lat' dir='ltr'><strong>gaudio</strong></span> 
     </span>
    </p>
   </div>
   <div class='ocr_carea' id='block_1_71' title="bbox 542 4331 2132 4413">
    <p class='ocr_par' dir='ltr' id='par_1_71' title="bbox 542 4331 2132 4413">
     <span class='ocr_line' id='line_1_71' title="bbox 542 4331 2132 4413; baseline -0.005 -19"><span class='ocrx_word' id='word_1_557' title='bbox 542 4354 749 4413; x_wconf 82' lang='lat' dir='ltr'><strong>magno</strong></span> <span class='ocrx_word' id='word_1_558' title='bbox 776 4339 959 4408; x_wconf 86' lang='lat' dir='ltr'><strong>valde,</strong></span> <span class='ocrx_word' id='word_1_559' title='bbox 987 4347 1042 4395; x_wconf 90' lang='lat' dir='ltr'><strong>et</strong></span> <span class='ocrx_word' id='word_1_560' title='bbox 1077 4339 1311 4410; x_wconf 83' lang='lat' dir='ltr'><strong>ingressi</strong></span> <span class='ocrx_word' id='word_1_561' title='bbox 1343 4336 1590 4399; x_wconf 85' lang='lat' dir='ltr'><strong>domum,</strong></span> <span class='ocrx_word' id='word_1_562' title='bbox 1631 4331 1888 4389; x_wconf 89' lang='lat' dir='ltr'><strong>viderunt</strong></span> <span class='ocrx_word' id='word_1_563' title='bbox 1927 4348 2132 4403; x_wconf 89' lang='lat' dir='ltr'><strong>pueru-</strong></span> 
     </span>
    </p>
   </div>
   <div class='ocr_carea' id='block_1_72' title="bbox 549 4425 2131 4500">
    <p class='ocr_par' dir='ltr' id='par_1_72' title="bbox 549 4425 2131 4500">
     <span class='ocr_line' id='line_1_72' title="bbox 549 4425 2131 4500; baseline -0.006 -12"><span class='ocrx_word' id='word_1_564' title='bbox 549 4436 662 4490; x_wconf 89' lang='lat' dir='ltr'><strong>lum</strong></span> <span class='ocrx_word' id='word_1_565' title='bbox 706 4449 833 4489; x_wconf 90' lang='lat' dir='ltr'><strong>cum</strong></span> <span class='ocrx_word' id='word_1_566' title='bbox 865 4431 1037 4487; x_wconf 82' lang='lat' dir='ltr'><strong>Maria</strong></span> <span class='ocrx_word' id='word_1_567' title='bbox 1094 4440 1270 4487; x_wconf 90' lang='lat' dir='ltr'><strong>matre</strong></span> <span class='ocrx_word' id='word_1_568' title='bbox 1301 4430 1445 4500; x_wconf 88' lang='lat' dir='ltr'><strong>ejus,</strong></span> <span class='ocrx_word' id='word_1_569' title='bbox 1476 4436 1531 4483; x_wconf 89' lang='lat' dir='ltr'><strong>et</strong></span> <span class='ocrx_word' id='word_1_570' title='bbox 1560 4427 1985 4499; x_wconf 86' lang='lat' dir='ltr'><strong>procumbentes</strong></span> <span class='ocrx_word' id='word_1_571' title='bbox 2031 4425 2131 4480; x_wconf 87' lang='lat' dir='ltr'><strong>ad-</strong></span> 
     </span>
    </p>
   </div>
   <div class='ocr_carea' id='block_1_73' title="bbox 532 4518 2127 4595">
    <p class='ocr_par' dir='ltr' id='par_1_73' title="bbox 532 4518 2127 4595">
     <span class='ocr_line' id='line_1_73' title="bbox 532 4518 2127 4595; baseline -0.007 -11"><span class='ocrx_word' id='word_1_572' title='bbox 532 4535 841 4595; x_wconf 80' lang='lat' dir='ltr'><strong>.oraverunt</strong></span> <span class='ocrx_word' id='word_1_573' title='bbox 884 4543 1009 4582; x_wconf 91' lang='lat' dir='ltr'><strong>eum</strong></span> <span class='ocrx_word' id='word_1_574' title='bbox 1042 4525 1110 4582; x_wconf 80' lang='grc'>⁸⁸.</span> <span class='ocrx_word' id='word_1_575' title='bbox 1153 4523 1473 4580; x_wconf 69' lang='lat' dir='ltr'><strong>illactenus</strong></span> <span class='ocrx_word' id='word_1_576' title='bbox 1521 4521 1740 4593; x_wconf 87' lang='lat' dir='ltr'><strong>quidem</strong></span> <span class='ocrx_word' id='word_1_577' title='bbox 1776 4518 2127 4594; x_wconf 76' lang='lat' dir='ltr'><strong>Evangelium</strong></span> 
     </span>
    </p>
   </div>
   <div class='ocr_carea' id='block_1_74' title="bbox 544 4609 2127 4690">
    <p class='ocr_par' dir='ltr' id='par_1_74' title="bbox 544 4609 2127 4690">
     <span class='ocr_line' id='line_1_74' title="bbox 544 4609 2127 4690; baseline -0.009 -11"><span class='ocrx_word' id='word_1_578' title='bbox 544 4630 821 4683; x_wconf 78' lang='lat' dir='ltr'><strong>sanctum.</strong></span> <span class='ocrx_word' id='word_1_579' title='bbox 847 4624 917 4677; x_wconf 84' lang='lat' dir='ltr'><strong>At</strong></span> <span class='ocrx_word' id='word_1_580' title='bbox 948 4635 1077 4676; x_wconf 82' lang='lat' dir='ltr'><strong>vero</strong></span> <span class='ocrx_word' id='word_1_581' title='bbox 1117 4619 1294 4690; x_wconf 89' lang='lat' dir='ltr'><strong>ipsius</strong></span> <span class='ocrx_word' id='word_1_582' title='bbox 1325 4615 1628 4689; x_wconf 71' lang='lat' dir='ltr'><strong>prophetia:</strong></span> <span class='ocrx_word' id='word_1_583' title='bbox 1672 4611 1959 4669; x_wconf 90' lang='lat' dir='ltr'><strong>oraculum</strong></span> <span class='ocrx_word' id='word_1_584' title='bbox 1993 4609 2127 4681; x_wconf 87' lang='lat' dir='ltr'><strong>quid</strong></span> 
     </span>
    </p>
   </div>
   <div class='ocr_carea' id='block_1_75' title="bbox 538 4702 2125 4781">
    <p class='ocr_par' dir='ltr' id='par_1_75' title="bbox 538 4702 2125 4781">
     <span class='ocr_line' id='line_1_75' title="bbox 538 4702 2125 4781; baseline -0.008 -11"><span class='ocrx_word' id='word_1_585' title='bbox 538 4715 621 4781; x_wconf 80' lang='lat' dir='ltr'><strong>ait</strong></span> <span class='ocrx_word' id='word_1_586' title='bbox 651 4712 873 4769; x_wconf 87' lang='lat' dir='ltr'><strong>tandem</strong></span> <span class='ocrx_word' id='word_1_587' title='bbox 898 4710 1023 4767; x_wconf 81' lang='lat' dir='ltr'><strong>fore</strong></span> <span class='ocrx_word' id='word_1_588' title='bbox 1043 4720 1139 4766; x_wconf 87' lang='lat' dir='ltr'><strong>aut</strong></span> <span class='ocrx_word' id='word_1_589' title='bbox 1166 4712 1221 4765; x_wconf 91' lang='lat' dir='ltr'><strong>in</strong></span> <span class='ocrx_word' id='word_1_590' title='bbox 1253 4710 1403 4765; x_wconf 90' lang='lat' dir='ltr'><strong>illius</strong></span> <span class='ocrx_word' id='word_1_591' title='bbox 1433 4708 1560 4762; x_wconf 83' lang='lat' dir='ltr'><strong>novi</strong></span> <span class='ocrx_word' id='word_1_592' title='bbox 1591 4704 1790 4763; x_wconf 83' lang='lat' dir='ltr'><strong>sideris</strong></span> <span class='ocrx_word' id='word_1_593' title='bbox 1813 4702 2125 4774; x_wconf 88' lang='lat' dir='ltr'><strong>eruptione,</strong></span> 
     </span>
    </p>
   </div>
   <div class='ocr_carea' id='block_1_76' title="bbox 538 4795 2122 4871">
    <p class='ocr_par' dir='ltr' id='par_1_76' title="bbox 538 4795 2122 4871">
     <span class='ocr_line' id='line_1_76' title="bbox 538 4795 2122 4871; baseline -0.009 -9"><span class='ocrx_word' id='word_1_594' title='bbox 538 4813 639 4871; x_wconf 75' lang='lat' dir='ltr'><strong>aut</strong></span> <span class='ocrx_word' id='word_1_595' title='bbox 675 4806 733 4861; x_wconf 91' lang='lat' dir='ltr'><strong>in</strong></span> <span class='ocrx_word' id='word_1_596' title='bbox 764 4804 1069 4860; x_wconf 86' lang='lat' dir='ltr'><strong>Salvatoris</strong></span> <span class='ocrx_word' id='word_1_597' title='bbox 1097 4805 1274 4861; x_wconf 89' lang='lat' dir='ltr'><strong>nostri</strong></span> <span class='ocrx_word' id='word_1_598' title='bbox 1296 4800 1431 4858; x_wconf 79' lang='lat' dir='ltr'><strong>Jesu</strong></span> <span class='ocrx_word' id='word_1_599' title='bbox 1456 4799 1666 4857; x_wconf 86' lang='lat' dir='ltr'><strong>Christi</strong></span> <span class='ocrx_word' id='word_1_600' title='bbox 1713 4805 1863 4861; x_wconf 91' lang='lat' dir='ltr'><strong>ortu,</strong></span> <span class='ocrx_word' id='word_1_601' title='bbox 1899 4795 2122 4865; x_wconf 85' lang='lat' dir='ltr'><strong>dignum</strong></span> 
     </span>
    </p>
   </div>
   <div class='ocr_carea' id='block_1_77' title="bbox 539 4886 2121 4968">
    <p class='ocr_par' dir='ltr' id='par_1_77' title="bbox 539 4886 2121 4968">
     <span class='ocr_line' id='line_1_77' title="bbox 539 4886 2121 4968; baseline -0.009 -15"><span class='ocrx_word' id='word_1_602' title='bbox 539 4898 686 4967; x_wconf 90' lang='lat' dir='ltr'><strong>quod</strong></span> <span class='ocrx_word' id='word_1_603' title='bbox 737 4894 1147 4968; x_wconf 73' lang='lat' dir='ltr'><strong>cognoscatur?</strong></span> <span class='ocrx_word' id='word_1_604' title='bbox 1198 4908 1396 4965; x_wconf 88' lang='lat' dir='ltr'><strong>nempe</strong></span> <span class='ocrx_word' id='word_1_605' title='bbox 1445 4890 1771 4946; x_wconf 85' lang='lat' dir='ltr'><strong>fraetionem</strong></span> <span class='ocrx_word' id='word_1_606' title='bbox 1832 4886 2121 4942; x_wconf 91' lang='lat' dir='ltr'><strong>ductorum</strong></span> 
     </span>
    </p>
   </div>
   <div class='ocr_carea' id='block_1_78' title="bbox 534 4978 2121 5060">
    <p class='ocr_par' dir='ltr' id='par_1_78' title="bbox 534 4978 2121 5060">
     <span class='ocr_line' id='line_1_78' title="bbox 534 4978 2121 5060; baseline -0.008 -15"><span class='ocrx_word' id='word_1_607' title='bbox 534 4988 720 5056; x_wconf 75' lang='lat' dir='ltr'><strong>Moab,</strong></span> <span class='ocrx_word' id='word_1_608' title='bbox 752 4997 807 5044; x_wconf 88' lang='lat' dir='ltr'><strong>et</strong></span> <span class='ocrx_word' id='word_1_609' title='bbox 832 4987 1192 5060; x_wconf 80' lang='lat' dir='ltr'><strong>direptionem</strong></span> <span class='ocrx_word' id='word_1_610' title='bbox 1224 4987 1461 5042; x_wconf 79' lang='lat' dir='ltr'><strong>filiorum</strong></span> <span class='ocrx_word' id='word_1_611' title='bbox 1515 4981 1668 5047; x_wconf 87' lang='lat' dir='ltr'><strong>Setb,</strong></span> <span class='ocrx_word' id='word_1_612' title='bbox 1704 4988 1967 5054; x_wconf 65' lang='lat' dir='ltr'><strong>praeterea</strong></span> <span class='ocrx_word' id='word_1_613' title='bbox 1995 4978 2121 5034; x_wconf 86' lang='lat' dir='ltr'><strong>reli-</strong></span> 
     </span>
    </p>
   </div>
   <div class='ocr_carea' id='block_1_79' title="bbox 537 5072 2122 5153">
    <p class='ocr_par' dir='ltr' id='par_1_79' title="bbox 537 5072 2122 5153">
     <span class='ocr_line' id='line_1_79' title="bbox 537 5072 2122 5153; baseline -0.006 -16"><span class='ocrx_word' id='word_1_614' title='bbox 537 5097 773 5153; x_wconf 85' lang='lat' dir='ltr'><strong>quorum</strong></span> <span class='ocrx_word' id='word_1_615' title='bbox 820 5080 1061 5137; x_wconf 65' lang='lat' dir='ltr'><strong>Iudaicae</strong></span> <span class='ocrx_word' id='word_1_616' title='bbox 1099 5080 1277 5151; x_wconf 83' lang='lat' dir='ltr'><strong>gentis</strong></span> <span class='ocrx_word' id='word_1_617' title='bbox 1310 5078 1552 5135; x_wconf 85' lang='lat' dir='ltr'><strong>hostium</strong></span> <span class='ocrx_word' id='word_1_618' title='bbox 1603 5073 1995 5138; x_wconf 80' lang='lat' dir='ltr'><strong>haereditatem,</strong></span> <span class='ocrx_word' id='word_1_619' title='bbox 2028 5072 2122 5142; x_wconf 88' lang='lat' dir='ltr'><strong>qui</strong></span> 
     </span>
    </p>
   </div>
   <div class='ocr_carea' id='block_1_80' title="bbox 536 5164 2119 5248">
    <p class='ocr_par' dir='ltr' id='par_1_80' title="bbox 536 5164 2119 5248">
     <span class='ocr_line' id='line_1_80' title="bbox 536 5164 2119 5248; baseline -0.006 -19"><span class='ocrx_word' id='word_1_620' title='bbox 536 5176 758 5248; x_wconf 89' lang='lat' dir='ltr'><strong>quidem</strong></span> <span class='ocrx_word' id='word_1_621' title='bbox 790 5174 980 5231; x_wconf 90' lang='lat' dir='ltr'><strong>hostes</strong></span> <span class='ocrx_word' id='word_1_622' title='bbox 1009 5182 1168 5230; x_wconf 89' lang='lat' dir='ltr'><strong>erant</strong></span> <span class='ocrx_word' id='word_1_623' title='bbox 1189 5172 1361 5229; x_wconf 84' lang='lat' dir='ltr'><strong>Edom</strong></span> <span class='ocrx_word' id='word_1_624' title='bbox 1387 5180 1449 5229; x_wconf 85' lang='lat' dir='ltr'><strong>et</strong></span> <span class='ocrx_word' id='word_1_625' title='bbox 1483 5171 1648 5228; x_wconf 85' lang='lat' dir='ltr'><strong>Esau.</strong></span> <span class='ocrx_word' id='word_1_626' title='bbox 1679 5164 2119 5236; x_wconf 85' lang='lat' dir='ltr'><strong>Caeterum,quid</strong></span> 
     </span>
    </p>
   </div>
   <div class='ocr_carea' id='block_1_81' title="bbox 536 5261 2120 5336">
    <p class='ocr_par' dir='ltr' id='par_1_81' title="bbox 536 5261 2120 5336">
     <span class='ocr_line' id='line_1_81' title="bbox 536 5261 2120 5336; baseline -0.005 -16"><span class='ocrx_word' id='word_1_627' title='bbox 536 5267 685 5321; x_wconf 85' lang='lat' dir='ltr'><strong>aliud</strong></span> <span class='ocrx_word' id='word_1_628' title='bbox 740 5268 959 5321; x_wconf 85' lang='lat' dir='ltr'><strong>tandem</strong></span> <span class='ocrx_word' id='word_1_629' title='bbox 1009 5265 1340 5336; x_wconf 78' lang='lat' dir='ltr'><strong>significavit</strong></span> <span class='ocrx_word' id='word_1_630' title='bbox 1387 5263 1474 5320; x_wconf 89' lang='lat' dir='ltr'><strong>his</strong></span> <span class='ocrx_word' id='word_1_631' title='bbox 1527 5261 1744 5325; x_wconf 81' lang='lat' dir='ltr'><strong>verbis,</strong></span> <span class='ocrx_word' id='word_1_632' title='bbox 1791 5273 1955 5331; x_wconf 89' lang='lat' dir='ltr'><strong>quam</strong></span> <span class='ocrx_word' id='word_1_633' title='bbox 2023 5274 2120 5329; x_wconf 87' lang='lat' dir='ltr'><strong>per</strong></span> 
     </span>
    </p>
   </div>
   <div class='ocr_carea' id='block_1_82' title="bbox 535 5349 2116 5421">
    <p class='ocr_par' dir='ltr' id='par_1_82' title="bbox 535 5349 2116 5421">
     <span class='ocr_line' id='line_1_82' title="bbox 535 5349 2116 5421; baseline -0.006 -9"><span class='ocrx_word' id='word_1_634' title='bbox 535 5357 794 5412; x_wconf 86' lang='lat' dir='ltr'><strong>ductores</strong></span> <span class='ocrx_word' id='word_1_635' title='bbox 846 5355 1021 5421; x_wconf 82' lang='lat' dir='ltr'><strong>Moab,</strong></span> <span class='ocrx_word' id='word_1_636' title='bbox 1070 5356 1427 5411; x_wconf 87' lang='lat' dir='ltr'><strong>invisibilium</strong></span> <span class='ocrx_word' id='word_1_637' title='bbox 1458 5353 1701 5409; x_wconf 83' lang='lat' dir='ltr'><strong>hostium</strong></span> <span class='ocrx_word' id='word_1_638' title='bbox 1751 5349 2116 5412; x_wconf 89' lang='lat' dir='ltr'><strong>eversionem,</strong></span> 
     </span>
    </p>
   </div>
   <div class='ocr_carea' id='block_1_83' title="bbox 535 5441 2118 5520">
    <p class='ocr_par' dir='ltr' id='par_1_83' title="bbox 535 5441 2118 5520">
     <span class='ocr_line' id='line_1_83' title="bbox 535 5441 2118 5520; baseline -0.006 -15"><span class='ocrx_word' id='word_1_639' title='bbox 535 5450 803 5520; x_wconf 84' lang='lat' dir='ltr'><strong>ipsorum,</strong></span> <span class='ocrx_word' id='word_1_640' title='bbox 830 5449 1077 5519; x_wconf 88' lang='lat' dir='ltr'><strong>inquam,</strong></span> <span class='ocrx_word' id='word_1_641' title='bbox 1103 5450 1441 5511; x_wconf 70' lang='lat' dir='ltr'><strong>daemonum,</strong></span> <span class='ocrx_word' id='word_1_642' title='bbox 1463 5446 1557 5518; x_wconf 94' lang='lat' dir='ltr'><strong>qui</strong></span> <span class='ocrx_word' id='word_1_643' title='bbox 1581 5446 1711 5502; x_wconf 88' lang='lat' dir='ltr'><strong>olim</strong></span> <span class='ocrx_word' id='word_1_644' title='bbox 1741 5443 1889 5514; x_wconf 86' lang='lat' dir='ltr'><strong>apud</strong></span> <span class='ocrx_word' id='word_1_645' title='bbox 1914 5441 2118 5497; x_wconf 82' lang='lat' dir='ltr'><strong>Moabi-</strong></span> 
     </span>
    </p>
   </div>
   <div class='ocr_carea' id='block_1_84' title="bbox 536 5537 2118 5611">
    <p class='ocr_par' dir='ltr' id='par_1_84' title="bbox 536 5537 2118 5611">
     <span class='ocr_line' id='line_1_84' title="bbox 536 5537 2118 5611; baseline -0.006 -14"><span class='ocrx_word' id='word_1_646' title='bbox 536 5551 621 5598; x_wconf 88' lang='lat' dir='ltr'><strong>tas</strong></span> <span class='ocrx_word' id='word_1_647' title='bbox 652 5540 881 5605; x_wconf 83' lang='lat' dir='ltr'><strong>deorum</strong></span> <span class='ocrx_word' id='word_1_648' title='bbox 923 5542 1044 5597; x_wconf 92' lang='lat' dir='ltr'><strong>loco</strong></span> <span class='ocrx_word' id='word_1_649' title='bbox 1068 5541 1427 5598; x_wconf 82' lang='lat' dir='ltr'><strong>ferebantur?</strong></span> <span class='ocrx_word' id='word_1_650' title='bbox 1468 5538 1633 5611; x_wconf 79' lang='lat' dir='ltr'><strong>Atqui</strong></span> <span class='ocrx_word' id='word_1_651' title='bbox 1687 5537 1921 5593; x_wconf 86' lang='lat' dir='ltr'><strong>aliorum</strong></span> <span class='ocrx_word' id='word_1_652' title='bbox 1959 5549 2118 5590; x_wconf 89' lang='lat' dir='ltr'><strong>men-</strong></span> 
     </span>
    </p>
   </div>
   <div class='ocr_carea' id='block_1_85' title="bbox 534 5625 2118 5705">
    <p class='ocr_par' dir='ltr' id='par_1_85' title="bbox 534 5625 2118 5705">
     <span class='ocr_line' id='line_1_85' title="bbox 534 5625 2118 5705; baseline -0.007 -15"><span class='ocrx_word' id='word_1_653' title='bbox 534 5636 869 5704; x_wconf 51' lang='lat' dir='ltr'><strong>tionemgion</strong></span> <span class='ocrx_word' id='word_1_654' title='bbox 890 5634 1033 5699; x_wconf 77' lang='lat' dir='ltr'><strong>fecit,</strong></span> <span class='ocrx_word' id='word_1_655' title='bbox 1059 5642 1282 5705; x_wconf 88' lang='lat' dir='ltr'><strong>propter</strong></span> <span class='ocrx_word' id='word_1_656' title='bbox 1298 5633 1722 5692; x_wconf 84' lang='lat' dir='ltr'><strong>simulacrorum</strong></span> <span class='ocrx_word' id='word_1_657' title='bbox 1740 5628 1918 5701; x_wconf 86' lang='lat' dir='ltr'><strong>ipsius</strong></span> <span class='ocrx_word' id='word_1_658' title='bbox 1949 5625 2118 5683; x_wconf 84' lang='lat' dir='ltr'><strong>Israel</strong></span> 
     </span>
    </p>
   </div>
   <div class='ocr_carea' id='block_1_86' title="bbox 2208 3220 3832 3311">
    <p class='ocr_par' dir='ltr' id='par_1_86' title="bbox 2208 3220 3832 3311">
     <span class='ocr_line' id='line_1_86' title="bbox 2208 3220 3832 3311; baseline 0.001 -36"><span class='ocrx_word' id='word_1_659' title='bbox 2208 3228 2215 3233; x_wconf 84' lang='grc'><strong>’</strong></span> <span class='ocrx_word' id='word_1_660' title='bbox 2247 3220 2504 3292; x_wconf 85' lang='grc' dir='ltr'>ποιῆσθαι</span> <span class='ocrx_word' id='word_1_661' title='bbox 2528 3223 2621 3275; x_wconf 76' lang='grc' dir='ltr'><strong>ἐπὶ</strong></span> <span class='ocrx_word' id='word_1_662' title='bbox 2655 3220 3154 3311; x_wconf 64' lang='grc' dir='ltr'>τηνΠαλαιστινῶν</span> <span class='ocrx_word' id='word_1_663' title='bbox 3195 3222 3496 3293; x_wconf 81' lang='grc' dir='ltr'>ἀφικέσθαι</span> <span class='ocrx_word' id='word_1_664' title='bbox 3530 3221 3832 3311; x_wconf 50' lang='grc' dir='ltr'>γῆννίστο-</span> 
     </span>
    </p>
   </div>
   <div class='ocr_carea' id='block_1_87' title="bbox 2246 3310 3831 3389">
    <p class='ocr_par' dir='ltr' id='par_1_87' title="bbox 2246 3310 3831 3389">
     <span class='ocr_line' id='line_1_87' title="bbox 2246 3310 3831 3389; baseline 0.001 -23"><span class='ocrx_word' id='word_1_665' title='bbox 2246 3312 2369 3384; x_wconf 87' lang='grc' dir='ltr'>ρίας</span> <span class='ocrx_word' id='word_1_666' title='bbox 2427 3311 2591 3365; x_wconf 74' lang='grc' dir='ltr'>ἕνεκα</span> <span class='ocrx_word' id='word_1_667' title='bbox 2634 3310 2729 3364; x_wconf 88' lang='grc' dir='ltr'><strong>τοῦ</strong></span> <span class='ocrx_word' id='word_1_668' title='bbox 2756 3310 2845 3365; x_wconf 83' lang='grc' dir='ltr'>διὰ</span> <span class='ocrx_word' id='word_1_669' title='bbox 2884 3311 3142 3381; x_wconf 80' lang='grc' dir='ltr'>φανέντος</span> <span class='ocrx_word' id='word_1_670' title='bbox 3171 3312 3400 3385; x_wconf 84' lang='grc' dir='ltr'>ἀστέρος</span> <span class='ocrx_word' id='word_1_671' title='bbox 3430 3310 3831 3389; x_wconf 81' lang='grc' dir='ltr'>σημαινομένου</span> 
     </span>
    </p>
   </div>
   <div class='ocr_carea' id='block_1_88' title="bbox 2244 3402 3832 3478">
    <p class='ocr_par' dir='ltr' id='par_1_88' title="bbox 2244 3402 3832 3478">
     <span class='ocr_line' id='line_1_88' title="bbox 2244 3402 3832 3478; baseline 0.004 -19"><span class='ocrx_word' id='word_1_672' title='bbox 2244 3402 2526 3475; x_wconf 81' lang='grc' dir='ltr'>βασιλέως.</span> <span class='ocrx_word' id='word_1_673' title='bbox 2545 3405 2831 3477; x_wconf 82' lang='grc' dir='ltr'>Μαρτυρεῖ</span> <span class='ocrx_word' id='word_1_674' title='bbox 2858 3403 3065 3470; x_wconf 79' lang='grc' dir='ltr'>τούτοις</span> <span class='ocrx_word' id='word_1_675' title='bbox 3088 3406 3117 3459; x_wconf 84' lang='lat'><strong>6</strong></span> <span class='ocrx_word' id='word_1_676' title='bbox 3141 3405 3534 3478; x_wconf 79' lang='grc' dir='ltr'>εύαγγελιστὴς</span> <span class='ocrx_word' id='word_1_677' title='bbox 3552 3411 3832 3478; x_wconf 86' lang='grc' dir='ltr'>Ματθαίος</span> 
     </span>
    </p>
   </div>
   <div class='ocr_carea' id='block_1_89' title="bbox 2241 3492 3831 3573">
    <p class='ocr_par' dir='ltr' id='par_1_89' title="bbox 2241 3492 3831 3573">
     <span class='ocr_line' id='line_1_89' title="bbox 2241 3492 3831 3573; baseline 0.004 -22"><span class='ocrx_word' id='word_1_678' title='bbox 2241 3499 2415 3567; x_wconf 85' lang='grc' dir='ltr'>λέγων</span> <span class='ocrx_word' id='word_1_679' title='bbox 2438 3515 2452 3529; x_wconf 80' lang='grc'><em>’</em></span> <span class='ocrx_word' id='word_1_680' title='bbox 2500 3518 2518 3550; x_wconf 80' lang='grc' dir='ltr'><strong>ι</strong></span> <span class='ocrx_word' id='word_1_681' title='bbox 2547 3492 2655 3553; x_wconf 81' lang='grc' dir='ltr'>Τοῦ</span> <span class='ocrx_word' id='word_1_682' title='bbox 2681 3497 2738 3552; x_wconf 86' lang='grc' dir='ltr'>δὲ</span> <span class='ocrx_word' id='word_1_683' title='bbox 2778 3497 2951 3570; x_wconf 86' lang='grc' dir='ltr'>Ἰησοῦ</span> <span class='ocrx_word' id='word_1_684' title='bbox 2982 3498 3332 3570; x_wconf 88' lang='grc' dir='ltr'>γεννηθέντος</span> <span class='ocrx_word' id='word_1_685' title='bbox 3362 3502 3420 3553; x_wconf 82' lang='grc' dir='ltr'><strong>ἐν</strong></span> <span class='ocrx_word' id='word_1_686' title='bbox 3450 3499 3702 3573; x_wconf 84' lang='grc' dir='ltr'>Βηθλεέμ</span> <span class='ocrx_word' id='word_1_687' title='bbox 3729 3503 3831 3573; x_wconf 76' lang='grc' dir='ltr'><strong>τῆς</strong></span> 
     </span>
    </p>
   </div>
   <div class='ocr_carea' id='block_1_90' title="bbox 2255 3590 3826 3666">
    <p class='ocr_par' dir='ltr' id='par_1_90' title="bbox 2255 3590 3826 3666">
     <span class='ocr_line' id='line_1_90' title="bbox 2255 3590 3826 3666; baseline 0.001 -20"><span class='ocrx_word' id='word_1_688' title='bbox 2255 3590 2510 3657; x_wconf 88' lang='grc' dir='ltr'>Ἰουδαίας</span> <span class='ocrx_word' id='word_1_689' title='bbox 2557 3593 2616 3645; x_wconf 82' lang='grc' dir='ltr'><strong>ἐν</strong></span> <span class='ocrx_word' id='word_1_690' title='bbox 2671 3592 2910 3664; x_wconf 79' lang='grc' dir='ltr'>ἡμέραις</span> <span class='ocrx_word' id='word_1_691' title='bbox 2972 3590 3211 3662; x_wconf 82' lang='grc' dir='ltr'>Ἡρώδου</span> <span class='ocrx_word' id='word_1_692' title='bbox 3258 3592 3354 3647; x_wconf 91' lang='grc' dir='ltr'><strong>τοῦ</strong></span> <span class='ocrx_word' id='word_1_693' title='bbox 3391 3594 3678 3666; x_wconf 85' lang='grc' dir='ltr'>βασιλέως,</span> <span class='ocrx_word' id='word_1_694' title='bbox 3719 3597 3826 3652; x_wconf 74' lang='grc' dir='ltr'>ἰδοὺ</span> 
     </span>
    </p>
   </div>
   <div class='ocr_carea' id='block_1_91' title="bbox 2243 3684 3825 3764">
    <p class='ocr_par' dir='ltr' id='par_1_91' title="bbox 2243 3684 3825 3764">
     <span class='ocr_line' id='line_1_91' title="bbox 2243 3684 3825 3764; baseline 0.001 -23"><span class='ocrx_word' id='word_1_695' title='bbox 2243 3686 2407 3757; x_wconf 85' lang='grc' dir='ltr'>μάγοι</span> <span class='ocrx_word' id='word_1_696' title='bbox 2453 3686 2563 3741; x_wconf 72' lang='grc' dir='ltr'>ἀπὸ</span> <span class='ocrx_word' id='word_1_697' title='bbox 2621 3684 2893 3741; x_wconf 80' lang='grc' dir='ltr'>ἀνατολῶν</span> <span class='ocrx_word' id='word_1_698' title='bbox 2919 3684 3283 3756; x_wconf 83' lang='grc' dir='ltr'>παρεγένοντο</span> <span class='ocrx_word' id='word_1_699' title='bbox 3324 3688 3404 3752; x_wconf 80' lang='grc' dir='ltr'><strong>είς</strong></span> <span class='ocrx_word' id='word_1_700' title='bbox 3448 3688 3825 3764; x_wconf 75' lang='grc' dir='ltr'>Ἰερουσαλὴμ,</span> 
     </span>
    </p>
   </div>
   <div class='ocr_carea' id='block_1_92' title="bbox 2236 3777 3823 3852">
    <p class='ocr_par' dir='ltr' id='par_1_92' title="bbox 2236 3777 3823 3852">
     <span class='ocr_line' id='line_1_92' title="bbox 2236 3777 3823 3852; baseline 0.006 -21"><span class='ocrx_word' id='word_1_701' title='bbox 2236 3777 2485 3847; x_wconf 86' lang='grc' dir='ltr'>λέγοντες</span> <span class='ocrx_word' id='word_1_702' title='bbox 2509 3796 2523 3811; x_wconf 93' lang='grc'><strong>·</strong></span> <span class='ocrx_word' id='word_1_703' title='bbox 2559 3777 2669 3833; x_wconf 89' lang='grc' dir='ltr'>Ποῦ</span> <span class='ocrx_word' id='word_1_704' title='bbox 2707 3779 2855 3833; x_wconf 85' lang='grc' dir='ltr'>ἐστιν</span> <span class='ocrx_word' id='word_1_705' title='bbox 2907 3781 2935 3833; x_wconf 92' lang='lat'><strong>6</strong></span> <span class='ocrx_word' id='word_1_706' title='bbox 2978 3780 3191 3851; x_wconf 74' lang='grc' dir='ltr'>τεχθεὶς</span> <span class='ocrx_word' id='word_1_707' title='bbox 3237 3780 3487 3852; x_wconf 77' lang='grc' dir='ltr'>βασιλεὺς</span> <span class='ocrx_word' id='word_1_708' title='bbox 3527 3782 3639 3836; x_wconf 79' lang='grc' dir='ltr'>τῶν</span> <span class='ocrx_word' id='word_1_709' title='bbox 3692 3785 3823 3839; x_wconf 76' lang='grc' dir='ltr'>Ἰουο</span> 
     </span>
    </p>
   </div>
   <div class='ocr_carea' id='block_1_93' title="bbox 2237 3868 3819 3949">
    <p class='ocr_par' dir='ltr' id='par_1_93' title="bbox 2237 3868 3819 3949">
     <span class='ocr_line' id='line_1_93' title="bbox 2237 3868 3819 3949; baseline 0.006 -27"><span class='ocrx_word' id='word_1_710' title='bbox 2237 3870 2437 3935; x_wconf 88' lang='grc' dir='ltr'>δαίων;</span> <span class='ocrx_word' id='word_1_711' title='bbox 2465 3870 2676 3942; x_wconf 86' lang='grc' dir='ltr'>εἴδομεν</span> <span class='ocrx_word' id='word_1_712' title='bbox 2700 3868 2812 3942; x_wconf 75' lang='grc' dir='ltr'><strong>γὰρ</strong></span> <span class='ocrx_word' id='word_1_713' title='bbox 2836 3870 3001 3924; x_wconf 84' lang='grc' dir='ltr'>αὐτοῦ</span> <span class='ocrx_word' id='word_1_714' title='bbox 3030 3871 3120 3925; x_wconf 74' lang='grc' dir='ltr'>τὸν</span> <span class='ocrx_word' id='word_1_715' title='bbox 3148 3871 3353 3945; x_wconf 84' lang='grc' dir='ltr'>ἀστέρα</span> <span class='ocrx_word' id='word_1_716' title='bbox 3384 3875 3442 3926; x_wconf 84' lang='grc' dir='ltr'>ἐν</span> <span class='ocrx_word' id='word_1_717' title='bbox 3467 3876 3533 3945; x_wconf 81' lang='grc' dir='ltr'>τῇ</span> <span class='ocrx_word' id='word_1_718' title='bbox 3562 3875 3819 3949; x_wconf 79' lang='grc' dir='ltr'>ἀνατολῇ,</span> 
     </span>
    </p>
   </div>
   <div class='ocr_carea' id='block_1_94' title="bbox 2237 3962 3821 4041">
    <p class='ocr_par' dir='ltr' id='par_1_94' title="bbox 2237 3962 3821 4041">
     <span class='ocr_line' id='line_1_94' title="bbox 2237 3962 3821 4041; baseline 0.003 -24"><span class='ocrx_word' id='word_1_719' title='bbox 2237 3962 2332 4017; x_wconf 75' lang='grc' dir='ltr'><strong>καὶ</strong></span> <span class='ocrx_word' id='word_1_720' title='bbox 2357 3963 2592 4035; x_wconf 79' lang='grc' dir='ltr'>ῆλθομεν</span> <span class='ocrx_word' id='word_1_721' title='bbox 2621 3963 2994 4037; x_wconf 85' lang='grc' dir='ltr'>προσκυνῆσαι</span> <span class='ocrx_word' id='word_1_722' title='bbox 3018 3964 3165 4035; x_wconf 83' lang='grc' dir='ltr'><strong>αύτῴ</strong></span> <span class='ocrx_word' id='word_1_723' title='bbox 3182 3980 3195 3995; x_wconf 77' lang='grc' dir='ltr'><strong>ο</strong></span> <span class='ocrx_word' id='word_1_724' title='bbox 3237 3984 3255 4017; x_wconf 75' lang='grc' dir='ltr'><strong>ι</strong></span> <span class='ocrx_word' id='word_1_725' title='bbox 3277 3966 3365 4020; x_wconf 83' lang='grc' dir='ltr'><strong>ὅτε</strong></span> <span class='ocrx_word' id='word_1_726' title='bbox 3408 3967 3502 4021; x_wconf 72' lang='grc' dir='ltr'><strong>καὶ</strong></span> <span class='ocrx_word' id='word_1_727' title='bbox 3520 3983 3821 4041; x_wconf 85' lang='grc' dir='ltr'>παραπεμ-</span> 
     </span>
    </p>
   </div>
   <div class='ocr_carea' id='block_1_95' title="bbox 2236 4056 3821 4130">
    <p class='ocr_par' dir='ltr' id='par_1_95' title="bbox 2236 4056 3821 4130">
     <span class='ocr_line' id='line_1_95' title="bbox 2236 4056 3821 4130; baseline 0.003 -20"><span class='ocrx_word' id='word_1_728' title='bbox 2236 4056 2462 4126; x_wconf 82' lang='grc' dir='ltr'>φθέντες</span> <span class='ocrx_word' id='word_1_729' title='bbox 2478 4059 2558 4121; x_wconf 86' lang='grc' dir='ltr'><strong>είς</strong></span> <span class='ocrx_word' id='word_1_730' title='bbox 2582 4056 2831 4128; x_wconf 84' lang='grc' dir='ltr'>Βηθλεὲμ</span> <span class='ocrx_word' id='word_1_731' title='bbox 2857 4056 3255 4130; x_wconf 73' lang='grc' dir='ltr'>ἐπορεύθησαν,</span> <span class='ocrx_word' id='word_1_732' title='bbox 3284 4079 3303 4111; x_wconf 68' lang='grc' dir='ltr'><strong>ι</strong></span> <span class='ocrx_word' id='word_1_733' title='bbox 3329 4060 3423 4113; x_wconf 76' lang='grc' dir='ltr'>καὶ</span> <span class='ocrx_word' id='word_1_734' title='bbox 3452 4059 3559 4114; x_wconf 78' lang='grc' dir='ltr'>ἰδοὺ</span> <span class='ocrx_word' id='word_1_735' title='bbox 3598 4060 3765 4115; x_wconf 81' lang='grc' dir='ltr'>πάλιν</span> <span class='ocrx_word' id='word_1_736' title='bbox 3792 4064 3821 4116; x_wconf 87' lang='lat'><strong>6</strong></span> 
     </span>
    </p>
   </div>
   <div class='ocr_carea' id='block_1_96' title="bbox 2235 4136 3837 4222">
    <p class='ocr_par' dir='ltr' id='par_1_96' title="bbox 2235 4136 3837 4222">
     <span class='ocr_line' id='line_1_96' title="bbox 2235 4136 3837 4222; baseline 0.003 -19"><span class='ocrx_word' id='word_1_737' title='bbox 2235 4148 2395 4212; x_wconf 83' lang='grc' dir='ltr'>αὐτὸς</span> <span class='ocrx_word' id='word_1_738' title='bbox 2411 4148 2606 4221; x_wconf 79' lang='grc' dir='ltr'>ἀστὴρ,</span> <span class='ocrx_word' id='word_1_739' title='bbox 2631 4148 2690 4202; x_wconf 83' lang='grc' dir='ltr'>ὃν</span> <span class='ocrx_word' id='word_1_740' title='bbox 2716 4144 2855 4202; x_wconf 84' lang='grc' dir='ltr'>εἶδον</span> <span class='ocrx_word' id='word_1_741' title='bbox 2872 4150 2931 4202; x_wconf 83' lang='grc' dir='ltr'>ἐν</span> <span class='ocrx_word' id='word_1_742' title='bbox 2958 4151 3024 4220; x_wconf 80' lang='grc' dir='ltr'>τῇ</span> <span class='ocrx_word' id='word_1_743' title='bbox 3048 4148 3303 4221; x_wconf 78' lang='grc' dir='ltr'>ἀνατολῇ,</span> <span class='ocrx_word' id='word_1_744' title='bbox 3327 4150 3567 4222; x_wconf 82' lang='grc' dir='ltr'>προῆγεν</span> <span class='ocrx_word' id='word_1_745' title='bbox 3594 4136 3837 4218; x_wconf 39' lang='grc' dir='ltr'>αὐτοὺς(</span> 
     </span>
    </p>
   </div>
   <div class='ocr_carea' id='block_1_97' title="bbox 2233 4236 3818 4314">
    <p class='ocr_par' dir='ltr' id='par_1_97' title="bbox 2233 4236 3818 4314">
     <span class='ocr_line' id='line_1_97' title="bbox 2233 4236 3818 4314; baseline 0.003 -20"><span class='ocrx_word' id='word_1_746' title='bbox 2233 4240 2337 4305; x_wconf 74' lang='grc' dir='ltr'><strong>ἕως</strong></span> <span class='ocrx_word' id='word_1_747' title='bbox 2368 4240 2538 4295; x_wconf 82' lang='grc' dir='ltr'>ἐλθὼν</span> <span class='ocrx_word' id='word_1_748' title='bbox 2577 4240 2776 4314; x_wconf 80' lang='grc' dir='ltr'>ἐστάθη</span> <span class='ocrx_word' id='word_1_749' title='bbox 2809 4241 2992 4297; x_wconf 82' lang='grc' dir='ltr'>ἐπάνω</span> <span class='ocrx_word' id='word_1_750' title='bbox 3022 4236 3083 4296; x_wconf 77' lang='grc' dir='ltr'>οὗ</span> <span class='ocrx_word' id='word_1_751' title='bbox 3120 4237 3189 4314; x_wconf 83' lang='grc' dir='ltr'>ἦν</span> <span class='ocrx_word' id='word_1_752' title='bbox 3219 4242 3282 4296; x_wconf 81' lang='grc' dir='ltr'><strong>τὸ</strong></span> <span class='ocrx_word' id='word_1_753' title='bbox 3312 4242 3546 4301; x_wconf 84' lang='grc' dir='ltr'>παιδίον.</span> <span class='ocrx_word' id='word_1_754' title='bbox 3596 4244 3818 4311; x_wconf 83' lang='grc' dir='ltr'>Ἰδόντες</span> 
     </span>
    </p>
   </div>
   <div class='ocr_carea' id='block_1_98' title="bbox 2179 4318 3817 4409">
    <p class='ocr_par' dir='ltr' id='par_1_98' title="bbox 2179 4318 3817 4409">
     <span class='ocr_line' id='line_1_98' title="bbox 2179 4318 3817 4409; baseline 0.004 -23"><span class='ocrx_word' id='word_1_755' title='bbox 2179 4318 2200 4341; x_wconf 85' lang='grc'><em>’</em></span> <span class='ocrx_word' id='word_1_756' title='bbox 2232 4333 2287 4387; x_wconf 88' lang='grc' dir='ltr'>δὲ</span> <span class='ocrx_word' id='word_1_757' title='bbox 2311 4334 2402 4387; x_wconf 76' lang='grc' dir='ltr'>τὸν</span> <span class='ocrx_word' id='word_1_758' title='bbox 2427 4334 2632 4407; x_wconf 81' lang='grc' dir='ltr'>ἀστέρα</span> <span class='ocrx_word' id='word_1_759' title='bbox 2663 4334 2939 4406; x_wconf 77' lang='grc' dir='ltr'>ἐχάρησαν</span> <span class='ocrx_word' id='word_1_760' title='bbox 2982 4334 3155 4407; x_wconf 73' lang='grc' dir='ltr'>χαρὰν</span> <span class='ocrx_word' id='word_1_761' title='bbox 3192 4334 3433 4406; x_wconf 83' lang='grc' dir='ltr'>μεγάλην</span> <span class='ocrx_word' id='word_1_762' title='bbox 3458 4336 3691 4409; x_wconf 77' lang='grc' dir='ltr'>σφόδρα,</span> <span class='ocrx_word' id='word_1_763' title='bbox 3723 4339 3817 4392; x_wconf 80' lang='grc' dir='ltr'>καὶ</span> 
     </span>
    </p>
   </div>
   <div class='ocr_carea' id='block_1_99' title="bbox 2233 4419 3815 4497">
    <p class='ocr_par' dir='ltr' id='par_1_99' title="bbox 2233 4419 3815 4497">
     <span class='ocr_line' id='line_1_99' title="bbox 2233 4419 3815 4497; baseline 0.003 -20"><span class='ocrx_word' id='word_1_764' title='bbox 2233 4424 2563 4489; x_wconf 81' lang='grc' dir='ltr'>εἰσελθόντες</span> <span class='ocrx_word' id='word_1_765' title='bbox 2589 4426 2666 4489; x_wconf 87' lang='grc' dir='ltr'><strong>είς</strong></span> <span class='ocrx_word' id='word_1_766' title='bbox 2688 4424 2787 4497; x_wconf 78' lang='grc' dir='ltr'><strong>τὴν</strong></span> <span class='ocrx_word' id='word_1_767' title='bbox 2808 4424 3004 4488; x_wconf 78' lang='grc' dir='ltr'>οἰκίαν,</span> <span class='ocrx_word' id='word_1_768' title='bbox 3031 4419 3169 4478; x_wconf 81' lang='grc' dir='ltr'>εἶδον</span> <span class='ocrx_word' id='word_1_769' title='bbox 3199 4423 3259 4477; x_wconf 83' lang='grc' dir='ltr'><strong>τὸ</strong></span> <span class='ocrx_word' id='word_1_770' title='bbox 3282 4424 3491 4479; x_wconf 84' lang='grc' dir='ltr'>παιδίον</span> <span class='ocrx_word' id='word_1_771' title='bbox 3526 4426 3668 4497; x_wconf 84' lang='grc' dir='ltr'><strong>μετά</strong></span> <span class='ocrx_word' id='word_1_772' title='bbox 3697 4429 3815 4482; x_wconf 85' lang='grc' dir='ltr'><strong>Μα-</strong></span> 
     </span>
    </p>
   </div>
   <div class='ocr_carea' id='block_1_100' title="bbox 2237 4514 3812 4589">
    <p class='ocr_par' dir='ltr' id='par_1_100' title="bbox 2237 4514 3812 4589">
     <span class='ocr_line' id='line_1_100' title="bbox 2237 4514 3812 4589; baseline 0.003 -21"><span class='ocrx_word' id='word_1_773' title='bbox 2237 4515 2357 4587; x_wconf 83' lang='grc' dir='ltr'>ρίας</span> <span class='ocrx_word' id='word_1_774' title='bbox 2379 4515 2478 4586; x_wconf 85' lang='grc' dir='ltr'><strong>τῆς</strong></span> <span class='ocrx_word' id='word_1_775' title='bbox 2518 4515 2720 4587; x_wconf 79' lang='grc' dir='ltr'>μητρὸς</span> <span class='ocrx_word' id='word_1_776' title='bbox 2768 4514 2955 4581; x_wconf 76' lang='grc' dir='ltr'>αὑτοῦ,</span> <span class='ocrx_word' id='word_1_777' title='bbox 2990 4515 3084 4570; x_wconf 70' lang='grc' dir='ltr'><strong>καὶ</strong></span> <span class='ocrx_word' id='word_1_778' title='bbox 3112 4516 3369 4580; x_wconf 81' lang='grc' dir='ltr'>πεσόντες</span> <span class='ocrx_word' id='word_1_779' title='bbox 3393 4517 3812 4589; x_wconf 78' lang='grc' dir='ltr'>προσεκύνησαν</span> 
     </span>
    </p>
   </div>
   <div class='ocr_carea' id='block_1_101' title="bbox 2231 4606 3813 4682">
    <p class='ocr_par' dir='ltr' id='par_1_101' title="bbox 2231 4606 3813 4682">
     <span class='ocr_line' id='line_1_101' title="bbox 2231 4606 3813 4682; baseline 0.003 -22"><span class='ocrx_word' id='word_1_780' title='bbox 2231 4606 2400 4679; x_wconf 78' lang='grc' dir='ltr'>αὐτῷ.</span> <span class='ocrx_word' id='word_1_781' title='bbox 2432 4627 2450 4659; x_wconf 77' lang='grc' dir='ltr'><strong>ι</strong></span> <span class='ocrx_word' id='word_1_782' title='bbox 2482 4607 2666 4662; x_wconf 89' lang='grc' dir='ltr'>Ταῦτα</span> <span class='ocrx_word' id='word_1_783' title='bbox 2698 4609 2794 4680; x_wconf 84' lang='grc' dir='ltr'><strong>μὲν</strong></span> <span class='ocrx_word' id='word_1_784' title='bbox 2822 4609 2885 4662; x_wconf 75' lang='grc' dir='ltr'><strong>τὸ</strong></span> <span class='ocrx_word' id='word_1_785' title='bbox 2918 4609 3058 4682; x_wconf 80' lang='grc' dir='ltr'>ἱερὸν</span> <span class='ocrx_word' id='word_1_786' title='bbox 3093 4610 3421 4678; x_wconf 83' lang='grc' dir='ltr'>Εὐαγγέλιον</span> <span class='ocrx_word' id='word_1_787' title='bbox 3441 4626 3456 4640; x_wconf 76' lang='grc' dir='ltr'><strong>ο</strong></span> <span class='ocrx_word' id='word_1_788' title='bbox 3479 4611 3508 4662; x_wconf 88' lang='lat'><strong>6</strong></span> <span class='ocrx_word' id='word_1_789' title='bbox 3531 4609 3590 4663; x_wconf 85' lang='grc' dir='ltr'>δέ</span> <span class='ocrx_word' id='word_1_790' title='bbox 3613 4628 3680 4680; x_wconf 79' lang='grc' dir='ltr'><strong>γε</strong></span> <span class='ocrx_word' id='word_1_791' title='bbox 3712 4610 3813 4681; x_wconf 83' lang='grc' dir='ltr'><strong>τῆς</strong></span> 
     </span>
    </p>
   </div>
   <div class='ocr_carea' id='block_1_102' title="bbox 2230 4699 3813 4775">
    <p class='ocr_par' dir='ltr' id='par_1_102' title="bbox 2230 4699 3813 4775">
     <span class='ocr_line' id='line_1_102' title="bbox 2230 4699 3813 4775; baseline 0.002 -22"><span class='ocrx_word' id='word_1_792' title='bbox 2230 4699 2566 4771; x_wconf 75' lang='grc' dir='ltr'>προφητείας</span> <span class='ocrx_word' id='word_1_793' title='bbox 2622 4699 2775 4769; x_wconf 83' lang='grc' dir='ltr'>λόγος</span> <span class='ocrx_word' id='word_1_794' title='bbox 2830 4701 2924 4753; x_wconf 74' lang='grc' dir='ltr'><strong>ἐπὶ</strong></span> <span class='ocrx_word' id='word_1_795' title='bbox 2952 4703 3016 4773; x_wconf 81' lang='grc' dir='ltr'>τῇ</span> <span class='ocrx_word' id='word_1_796' title='bbox 3055 4700 3151 4755; x_wconf 86' lang='grc' dir='ltr'><strong>τοῦ</strong></span> <span class='ocrx_word' id='word_1_797' title='bbox 3179 4701 3405 4772; x_wconf 83' lang='grc' dir='ltr'>ἀστέρος</span> <span class='ocrx_word' id='word_1_798' title='bbox 3441 4702 3687 4775; x_wconf 80' lang='grc' dir='ltr'>ἐπιτολῇ,</span> <span class='ocrx_word' id='word_1_799' title='bbox 3718 4703 3813 4757; x_wconf 74' lang='grc' dir='ltr'><strong>καὶ</strong></span> 
     </span>
    </p>
   </div>
   <div class='ocr_carea' id='block_1_103' title="bbox 2230 4788 3812 4863">
    <p class='ocr_par' dir='ltr' id='par_1_103' title="bbox 2230 4788 3812 4863">
     <span class='ocr_line' id='line_1_103' title="bbox 2230 4788 3812 4863; baseline 0.002 -20"><span class='ocrx_word' id='word_1_800' title='bbox 2230 4792 2296 4862; x_wconf 82' lang='grc' dir='ltr'>τῇ</span> <span class='ocrx_word' id='word_1_801' title='bbox 2349 4788 2442 4843; x_wconf 90' lang='grc' dir='ltr'><strong>τοῦ</strong></span> <span class='ocrx_word' id='word_1_802' title='bbox 2501 4790 2750 4863; x_wconf 85' lang='grc' dir='ltr'>Σωτῆρος</span> <span class='ocrx_word' id='word_1_803' title='bbox 2774 4790 2932 4862; x_wconf 80' lang='grc' dir='ltr'>ἡμῶν</span> <span class='ocrx_word' id='word_1_804' title='bbox 2970 4789 3145 4862; x_wconf 86' lang='grc' dir='ltr'>Ἰησοῦ</span> <span class='ocrx_word' id='word_1_805' title='bbox 3178 4790 3415 4861; x_wconf 79' lang='grc' dir='ltr'>Χριστοῦ</span> <span class='ocrx_word' id='word_1_806' title='bbox 3446 4793 3661 4861; x_wconf 84' lang='grc' dir='ltr'>γενέσει</span> <span class='ocrx_word' id='word_1_807' title='bbox 3689 4794 3812 4847; x_wconf 84' lang='grc' dir='ltr'>τίνα</span> 
     </span>
    </p>
   </div>
   <div class='ocr_carea' id='block_1_104' title="bbox 2230 4880 3812 4956">
    <p class='ocr_par' dir='ltr' id='par_1_104' title="bbox 2230 4880 3812 4956">
     <span class='ocr_line' id='line_1_104' title="bbox 2230 4880 3812 4956; baseline 0.003 -24"><span class='ocrx_word' id='word_1_808' title='bbox 2230 4880 2396 4951; x_wconf 72' lang='grc' dir='ltr'>φησὶν</span> <span class='ocrx_word' id='word_1_809' title='bbox 2444 4880 2684 4947; x_wconf 76' lang='grc' dir='ltr'>ἔσεσθαι,</span> <span class='ocrx_word' id='word_1_810' title='bbox 2731 4882 2963 4936; x_wconf 79' lang='grc' dir='ltr'>συνιδεῖν</span> <span class='ocrx_word' id='word_1_811' title='bbox 3026 4881 3213 4949; x_wconf 74' lang='grc' dir='ltr'>ἄξιον·</span> <span class='ocrx_word' id='word_1_812' title='bbox 3258 4880 3499 4953; x_wconf 87' lang='grc' dir='ltr'>Θραῦσιν</span> <span class='ocrx_word' id='word_1_813' title='bbox 3548 4883 3812 4956; x_wconf 79' lang='grc' dir='ltr'>ἅρχηγῶν</span> 
     </span>
    </p>
   </div>
   <div class='ocr_carea' id='block_1_105' title="bbox 2227 4968 3813 5044">
    <p class='ocr_par' dir='ltr' id='par_1_105' title="bbox 2227 4968 3813 5044">
     <span class='ocr_line' id='line_1_105' title="bbox 2227 4968 3813 5044; baseline 0.001 -19"><span class='ocrx_word' id='word_1_814' title='bbox 2227 4969 2424 5033; x_wconf 73' lang='grc' dir='ltr'>Μωάϐ,</span> <span class='ocrx_word' id='word_1_815' title='bbox 2446 4971 2540 5025; x_wconf 71' lang='grc' dir='ltr'>καὶ</span> <span class='ocrx_word' id='word_1_816' title='bbox 2572 4972 2850 5044; x_wconf 81' lang='grc' dir='ltr'>προνομὴν</span> <span class='ocrx_word' id='word_1_817' title='bbox 2904 4969 3034 5024; x_wconf 80' lang='grc' dir='ltr'>υἱῶν</span> <span class='ocrx_word' id='word_1_818' title='bbox 3072 4968 3202 5040; x_wconf 81' lang='grc' dir='ltr'>Σὴθ,</span> <span class='ocrx_word' id='word_1_819' title='bbox 3232 4970 3330 5023; x_wconf 73' lang='grc' dir='ltr'><strong>καὶ</strong></span> <span class='ocrx_word' id='word_1_820' title='bbox 3357 4970 3464 5024; x_wconf 85' lang='grc' dir='ltr'>τῶν</span> <span class='ocrx_word' id='word_1_821' title='bbox 3497 4988 3562 5041; x_wconf 89' lang='grc' dir='ltr'><strong>γε</strong></span> <span class='ocrx_word' id='word_1_822' title='bbox 3607 4973 3813 5028; x_wconf 80' lang='grc' dir='ltr'>λοιπῶν</span> 
     </span>
    </p>
   </div>
   <div class='ocr_carea' id='block_1_106' title="bbox 2225 5060 3811 5135">
    <p class='ocr_par' dir='ltr' id='par_1_106' title="bbox 2225 5060 3811 5135">
     <span class='ocr_line' id='line_1_106' title="bbox 2225 5060 3811 5135; baseline 0.003 -19"><span class='ocrx_word' id='word_1_823' title='bbox 2225 5062 2318 5116; x_wconf 89' lang='grc' dir='ltr'><strong>τοῦ</strong></span> <span class='ocrx_word' id='word_1_824' title='bbox 2390 5063 2658 5118; x_wconf 84' lang='grc' dir='ltr'>Ἰουδαίων</span> <span class='ocrx_word' id='word_1_825' title='bbox 2708 5063 2891 5128; x_wconf 76' lang='grc' dir='ltr'>ἔθνους</span> <span class='ocrx_word' id='word_1_826' title='bbox 2928 5062 3203 5134; x_wconf 82' lang='grc' dir='ltr'>πολεμίων</span> <span class='ocrx_word' id='word_1_827' title='bbox 3232 5061 3595 5135; x_wconf 77' lang='grc' dir='ltr'>κληρονομίαν</span> <span class='ocrx_word' id='word_1_828' title='bbox 3614 5081 3629 5096; x_wconf 75' lang='grc' dir='ltr'><strong>ο</strong></span> <span class='ocrx_word' id='word_1_829' title='bbox 3665 5060 3811 5121; x_wconf 81' lang='grc' dir='ltr'>οῦτοι</span> 
     </span>
    </p>
   </div>
   <div class='ocr_carea' id='block_1_107' title="bbox 2225 5151 3810 5228">
    <p class='ocr_par' dir='ltr' id='par_1_107' title="bbox 2225 5151 3810 5228">
     <span class='ocr_line' id='line_1_107' title="bbox 2225 5151 3810 5228; baseline 0 -18"><span class='ocrx_word' id='word_1_830' title='bbox 2225 5156 2281 5210; x_wconf 83' lang='grc' dir='ltr'>δὲ</span> <span class='ocrx_word' id='word_1_831' title='bbox 2309 5151 2446 5228; x_wconf 77' lang='grc' dir='ltr'>ἦσαν</span> <span class='ocrx_word' id='word_1_832' title='bbox 2486 5155 2665 5228; x_wconf 85' lang='grc' dir='ltr'>Ἐδὼμ</span> <span class='ocrx_word' id='word_1_833' title='bbox 2694 5157 2789 5210; x_wconf 75' lang='grc' dir='ltr'><strong>καὶ</strong></span> <span class='ocrx_word' id='word_1_834' title='bbox 2830 5153 3021 5210; x_wconf 84' lang='grc' dir='ltr'>Ἠσαῦ.</span> <span class='ocrx_word' id='word_1_835' title='bbox 3053 5154 3119 5208; x_wconf 87' lang='grc' dir='ltr'>Τί</span> <span class='ocrx_word' id='word_1_836' title='bbox 3147 5154 3203 5209; x_wconf 88' lang='grc' dir='ltr'><strong>δέ</strong></span> <span class='ocrx_word' id='word_1_837' title='bbox 3221 5154 3441 5226; x_wconf 70' lang='grc' dir='ltr'>ᾐνίξατο</span> <span class='ocrx_word' id='word_1_838' title='bbox 3462 5153 3552 5209; x_wconf 82' lang='grc' dir='ltr'>διὰ</span> <span class='ocrx_word' id='word_1_839' title='bbox 3578 5156 3810 5223; x_wconf 82' lang='grc' dir='ltr'>τούτων,</span> 
     </span>
    </p>
   </div>
   <div class='ocr_carea' id='block_1_108' title="bbox 2225 5247 3815 5322">
    <p class='ocr_par' dir='ltr' id='par_1_108' title="bbox 2225 5247 3815 5322">
     <span class='ocr_line' id='line_1_108' title="bbox 2225 5247 3815 5322; baseline -0.001 -18"><span class='ocrx_word' id='word_1_840' title='bbox 2225 5251 2258 5322; x_wconf 82' lang='grc' dir='ltr'>ἢ</span> <span class='ocrx_word' id='word_1_841' title='bbox 2284 5249 2371 5305; x_wconf 79' lang='grc' dir='ltr'><strong>διὰ</strong></span> <span class='ocrx_word' id='word_1_842' title='bbox 2402 5249 2499 5321; x_wconf 85' lang='grc' dir='ltr'>μὲν</span> <span class='ocrx_word' id='word_1_843' title='bbox 2530 5249 2639 5303; x_wconf 84' lang='grc' dir='ltr'>τῶν</span> <span class='ocrx_word' id='word_1_844' title='bbox 2665 5250 2922 5322; x_wconf 83' lang='grc' dir='ltr'>ἀρχηγῶν</span> <span class='ocrx_word' id='word_1_845' title='bbox 2961 5247 3136 5302; x_wconf 79' lang='grc' dir='ltr'><strong>Μωάϐ</strong></span> <span class='ocrx_word' id='word_1_846' title='bbox 3158 5248 3257 5319; x_wconf 83' lang='grc' dir='ltr'>τὴν</span> <span class='ocrx_word' id='word_1_847' title='bbox 3288 5247 3396 5302; x_wconf 86' lang='grc' dir='ltr'><strong>τῶν</strong></span> <span class='ocrx_word' id='word_1_848' title='bbox 3435 5249 3685 5321; x_wconf 82' lang='grc' dir='ltr'>ἀοράτων</span> <span class='ocrx_word' id='word_1_849' title='bbox 3712 5251 3815 5321; x_wconf 82' lang='grc' dir='ltr'>ἀρ-</span> 
     </span>
    </p>
   </div>
   <div class='ocr_carea' id='block_1_109' title="bbox 2223 5339 3815 5416">
    <p class='ocr_par' dir='ltr' id='par_1_109' title="bbox 2223 5339 3815 5416">
     <span class='ocr_line' id='line_1_109' title="bbox 2223 5339 3815 5416; baseline -0.002 -19"><span class='ocrx_word' id='word_1_850' title='bbox 2223 5353 2426 5414; x_wconf 88' lang='grc' dir='ltr'>χοντων</span> <span class='ocrx_word' id='word_1_851' title='bbox 2472 5341 2809 5416; x_wconf 86' lang='grc' dir='ltr'>καθαίρεσιν,</span> <span class='ocrx_word' id='word_1_852' title='bbox 2857 5340 3035 5396; x_wconf 76' lang='grc' dir='ltr'>αὐτῶν</span> <span class='ocrx_word' id='word_1_853' title='bbox 3081 5339 3145 5412; x_wconf 81' lang='grc' dir='ltr'>δὴ</span> <span class='ocrx_word' id='word_1_854' title='bbox 3174 5339 3282 5393; x_wconf 86' lang='grc' dir='ltr'><strong>τῶν</strong></span> <span class='ocrx_word' id='word_1_855' title='bbox 3316 5340 3483 5395; x_wconf 69' lang='grc' dir='ltr'>πάλαι</span> <span class='ocrx_word' id='word_1_856' title='bbox 3510 5343 3664 5414; x_wconf 88' lang='grc' dir='ltr'><strong>παρά</strong></span> <span class='ocrx_word' id='word_1_857' title='bbox 3695 5347 3815 5406; x_wconf 82' lang='grc' dir='ltr'>τοῖς</span> 
     </span>
    </p>
   </div>
   <div class='ocr_carea' id='block_1_110' title="bbox 2226 5430 3815 5504">
    <p class='ocr_par' dir='ltr' id='par_1_110' title="bbox 2226 5430 3815 5504">
     <span class='ocr_line' id='line_1_110' title="bbox 2226 5430 3815 5504; baseline -0.002 -15"><span class='ocrx_word' id='word_1_858' title='bbox 2226 5435 2539 5499; x_wconf 76' lang='grc' dir='ltr'>Μωαϐίταις</span> <span class='ocrx_word' id='word_1_859' title='bbox 2566 5433 2994 5504; x_wconf 86' lang='grc' dir='ltr'>θεολογουμένων</span> <span class='ocrx_word' id='word_1_860' title='bbox 3014 5430 3317 5503; x_wconf 87' lang='grc' dir='ltr'>δαιμόνων;</span> <span class='ocrx_word' id='word_1_861' title='bbox 3350 5431 3467 5486; x_wconf 79' lang='grc' dir='ltr'>ἀλλ’</span> <span class='ocrx_word' id='word_1_862' title='bbox 3483 5432 3582 5503; x_wconf 82' lang='grc' dir='ltr'>οὐχ</span> <span class='ocrx_word' id='word_1_863' title='bbox 3603 5431 3815 5503; x_wconf 81' lang='grc' dir='ltr'>ἐτέρων</span> 
     </span>
    </p>
   </div>
   <div class='ocr_carea' id='block_1_111' title="bbox 2223 5522 3823 5600">
    <p class='ocr_par' dir='ltr' id='par_1_111' title="bbox 2223 5522 3823 5600">
     <span class='ocr_line' id='line_1_111' title="bbox 2223 5522 3823 5600; baseline -0.002 -18"><span class='ocrx_word' id='word_1_864' title='bbox 2223 5527 2469 5600; x_wconf 77' lang='grc' dir='ltr'>ἐμνήσθη</span> <span class='ocrx_word' id='word_1_865' title='bbox 2490 5527 2579 5582; x_wconf 84' lang='grc' dir='ltr'><strong>διά</strong></span> <span class='ocrx_word' id='word_1_866' title='bbox 2607 5526 2705 5599; x_wconf 79' lang='grc' dir='ltr'><strong>τὴν</strong></span> <span class='ocrx_word' id='word_1_867' title='bbox 2742 5523 3185 5595; x_wconf 85' lang='grc' dir='ltr'>είδωλολατρείαν</span> <span class='ocrx_word' id='word_1_868' title='bbox 3213 5522 3304 5577; x_wconf 87' lang='grc' dir='ltr'><strong>τοῦ</strong></span> <span class='ocrx_word' id='word_1_869' title='bbox 3340 5522 3559 5596; x_wconf 72' lang='grc' dir='ltr'>Ἰσραὴλ</span> <span class='ocrx_word' id='word_1_870' title='bbox 3590 5522 3690 5593; x_wconf 74' lang='grc' dir='ltr'>τὴν</span> <span class='ocrx_word' id='word_1_871' title='bbox 3717 5526 3823 5579; x_wconf 66' lang='grc' dir='ltr'><strong>ἐπὶ</strong></span> 
     </span>
    </p>
   </div>
   <div class='ocr_carea' id='block_1_112' title="bbox 2222 5613 3825 5691">
    <p class='ocr_par' dir='ltr' id='par_1_112' title="bbox 2222 5613 3825 5691">
     <span class='ocr_line' id='line_1_112' title="bbox 2222 5613 3825 5691; baseline -0.001 -19"><span class='ocrx_word' id='word_1_872' title='bbox 2222 5620 2320 5690; x_wconf 83' lang='grc' dir='ltr'><strong>τῆς</strong></span> <span class='ocrx_word' id='word_1_873' title='bbox 2340 5620 2544 5691; x_wconf 82' lang='grc' dir='ltr'>ἐρήμου</span> <span class='ocrx_word' id='word_1_874' title='bbox 2560 5616 2883 5689; x_wconf 87' lang='grc' dir='ltr'>γενομένην,</span> <span class='ocrx_word' id='word_1_875' title='bbox 2923 5617 3011 5671; x_wconf 74' lang='grc' dir='ltr'><strong>ὅτε</strong></span> <span class='ocrx_word' id='word_1_876' title='bbox 3052 5614 3309 5687; x_wconf 81' lang='grc' dir='ltr'>ἐτελέσθη</span> <span class='ocrx_word' id='word_1_877' title='bbox 3328 5615 3358 5667; x_wconf 91' lang='lat'><strong>6</strong></span> <span class='ocrx_word' id='word_1_878' title='bbox 3383 5614 3513 5679; x_wconf 80' lang='grc' dir='ltr'>λαὸς</span> <span class='ocrx_word' id='word_1_879' title='bbox 3536 5613 3617 5688; x_wconf 82' lang='grc' dir='ltr'>τῷ</span> <span class='ocrx_word' id='word_1_880' title='bbox 3649 5613 3825 5671; x_wconf 70' lang='grc' dir='ltr'>Βεελ-</span> 
     </span>
    </p>
   </div>
   <div class='ocr_carea' id='block_1_113' title="bbox 602 5767 2388 5855">
    <p class='ocr_par' dir='ltr' id='par_1_113' title="bbox 602 5767 2388 5855">
     <span class='ocr_line' id='line_1_113' title="bbox 602 5767 2388 5855; baseline -0.008 -8"><span class='ocrx_word' id='word_1_881' title='bbox 602 5794 648 5829; x_wconf 69' lang='grc'><strong>³⁶</strong></span> <span class='ocrx_word' id='word_1_882' title='bbox 676 5767 847 5846; x_wconf 60' lang='grc' dir='ltr'>Νυω.</span> <span class='ocrx_word' id='word_1_883' title='bbox 891 5807 1034 5855; x_wconf 68' lang='lat' dir='ltr'><strong>xxxv,</strong></span> <span class='ocrx_word' id='word_1_884' title='bbox 1062 5791 1242 5846; x_wconf 68' lang='lat'><strong>15—19.</strong></span> <span class='ocrx_word' id='word_1_885' title='bbox 1328 5793 1387 5822; x_wconf 84' lang='grc'><strong>¹⁷’</strong></span> <span class='ocrx_word' id='word_1_886' title='bbox 1410 5788 1600 5843; x_wconf 75' lang='lat' dir='ltr'><strong>Matth.</strong></span> <span class='ocrx_word' id='word_1_887' title='bbox 1634 5804 1697 5853; x_wconf 84' lang='grc' dir='ltr'><strong>ιι,</strong></span> <span class='ocrx_word' id='word_1_888' title='bbox 1735 5785 1785 5853; x_wconf 79' lang='lat' dir='ltr'><strong>l,</strong></span> <span class='ocrx_word' id='word_1_889' title='bbox 1817 5785 1873 5844; x_wconf 72' lang='grc'><strong>2,</strong></span> <span class='ocrx_word' id='word_1_890' title='bbox 1953 5782 1997 5816; x_wconf 85' lang='grc'><strong>¹⁸</strong></span> <span class='ocrx_word' id='word_1_891' title='bbox 2038 5779 2170 5838; x_wconf 80' lang='lat' dir='ltr'><strong>ibid.</strong></span> <span class='ocrx_word' id='word_1_892' title='bbox 2202 5774 2388 5833; x_wconf 59' lang='lat'><strong>9&#39;11.</strong></span> 
     </span>
    </p>
   </div>
  </div>
