4110 6410
330 427 436 483 653

1231 415 1884 476 DEMONSTRATIONIS
1934 408 2391 471 EVANGELICE
2443 411 2572 468 LIB.
2594 410 2686 469 IX.

3480 415 3588 473 656

332 537 539 611 φεγὼρ’
562 537 770 608 δαίμων
798 536 855 590 δὲ
875 530 943 609 ἧν
979 528 1131 600 οὗτος
1160 536 1235 595 ὼς
1261 535 1382 598 θεὸς
1412 534 1563 607 παρὰ
1597 532 1675 605 τῷ
1704 533 1902 604 βασιλεῖ

2010 529 2240 594 cultum,
2262 544 2374 599 quo
2400 528 2455 583 in
2475 527 2696 584 deserto
2723 541 2859 584 usus
2881 533 3112 598 est,quo
3142 536 3385 598 tempore
3415 545 3592 601 popu-

327 630 506 687 Μωάϐ
558 629 639 701 τῷ
685 628 866 683 Βαλὰκ
918 627 1246 699 τιμώμενος.
1293 628 1446 682 Ἐπεὶ
1487 622 1580 680 οὖν
1608 626 1858 693 νενίκητο
1885 625 1914 677 6

341 722 559 795 Ἰσραὴλ
616 721 757 776 κατὰ
806 721 966 774 τοῦτο
1008 719 1099 774 τοῦ
1133 718 1330 792 καιροῦ
1367 717 1503 789 πρὸς
1525 716 1632 770 τῶν
1666 716 1912 787 ἀοράτων

325 815 610 888 ἀρχόντων
640 812 731 867 τοῦ
755 812 951 874 Mutati,
982 812 1123 881 λέγω
1147 813 1202 866 δὲ
1230 812 1338 865 τῶν
1382 809 1534 884 παρὰ
1554 812 1668 875 τοῖς
1698 808 1916 863 Μωαϐί-

323 921 451 968 ταις
472 904 876 974 νενομισμένων
924 903 1059 957 θεῶν
1083 920 1096 935 ’
1140 901 1622 974 (εἰδωλολάτρησαν
1657 900 1788 970 γοῦν
1816 899 1912 955 καὶ

328 996 746 1070 προσεκύνησαν
791 999 903 1061 τοῖς
945 996 1235 1065 γλυπτοῖς,
1279 996 1356 1060 ῶς
1414 1012 1578 1067 φησιν
1606 996 1642 1068 ἡ
1685 994 1909 1067 Γραφήο

334 1109 355 1141 ι
386 1091 497 1145 Καὶ
521 1089 878 1160 ὲτελέσθησαν
905 1088 982 1161 τῷ
1014 1088 1355 1161 Βεελφεγὼρ,
1387 1108 1406 1142 ι
1447 1089 1653 1160 δαίμων
1675 1087 1730 1141 δὲ
1758 1082 1914 1151 οὗτος

324 1183 439 1237 τῶν
481 1181 789 1237 Μωαϐιτῶν
846 1177 947 1252 ἦν,
983 1181 1072 1234 ὅτε
1118 1182 1215 1234 καὶ
1260 1180 1655 1250 ὲξεπόρνευσαν
1692 1180 1774 1242 είς
1813 1178 1912 1242 τὰς

326 1273 733 1345 Μωαϐίτιδας
784 1272 1007 1337 εἰκότως
1064 1273 1125 1326 τὸ
1165 1272 1354 1343 μέλλον
1376 1271 1595 1325 ἔσεσθαί
1630 1288 1781 1334 ποτε,
1816 1271 1910 1323 καὶ

327 1364 429 1436 τὴν
461 1366 542 1427 εἰς
568 1362 875 1417 τούναντίον
908 1361 1017 1415 τῶν
1046 1361 1386 1433 πραγμάτων
1440 1359 1741 1430 μεταϐολὴν
1770 1356 1913 1411 κατὰ

326 1454 523 1528 καιρὸν
543 1457 571 1509 6
598 1452 823 1524 Βαλαὰμ
845 1450 1117 1517 θεσπίζει,
1135 1451 1308 1521 λέγων
1329 1467 1342 1481 ”
1367 1469 1385 1501 ι
1426 1449 1700 1504 ’Δνατελεῖ
1715 1448 1912 1521 ἄστρον

326 1546 387 1613 ἐξ
439 1544 651 1610 Ἰακὼϐ,
687 1547 781 1600 καὶ
832 1545 1194 1616 ἀναστήσεται
1225 1542 1509 1621 ἄνθρωπος
1551 1540 1611 1606 ἐξ
1659 1539 1906 1611 Ἰσραήλ·

325 1637 425 1690 καὶ
476 1636 698 1709 θραύσει
747 1636 1022 1708 ἡγεμόνας
1083 1634 1279 1689 Μωάϐ.
1322 1654 1342 1687 ι
1386 1632 1533 1687 Ὢσελ¹
1576 1633 1908 1704 σαφέστερον

326 1727 506 1797 ἔλεγε,
534 1729 657 1792 τοὺς
697 1727 1215 1799 μεγαλαυχήσαντας
1242 1725 1382 1779 κατὰ
1413 1724 1507 1778 τοῦ
1554 1724 1767 1797 Ἰσραὴλ
1796 1724 1912 1778 δαί-

330 1839 499 1895 μονας
520 1820 627 1873 τῶν
656 1820 960 1875 Μωαϐιτῶν
983 1820 1073 1872 ἐπὶ
1101 1822 1168 1889 τῇ
1202 1818 1412 1886 γενέσει
1442 1814 1536 1869 τοῦ
1574 1833 1909 1888 προφητευό-

330 1912 516 1983 μένου,
561 1909 785 1981 θραῦσίν
838 1925 967 1962 ποτε
1014 1908 1107 1960 καὶ
1132 1904 1337 1959 πτῶσιν
1367 1903 1593 1958 παθεῖν’
1625 1896 1700 1957 ὧν
1738 1901 1907 1973 θραυο

328 2001 586 2063 σθέντων,
612 1999 738 2062 τοὺς
765 1999 912 2062 υίοὺς
943 1996 1074 2067 Σὴθ,
1102 1996 1196 2050 καὶ
1234 1993 1432 2065 Ἐδὼμ,
1461 1992 1556 2046 καὶ
1597 1989 1787 2057 Ἠσαῦ,
1814 1990 1908 2044 καὶ

324 2093 397 2146 τὰ
430 2091 594 2145 λοιπὰ
619 2090 768 2162 ἔθνη,
800 2089 838 2143 ἃ.
879 2086 967 2142 διὰ
1014 2085 1216 2141 τούτων
1257 2083 1619 2156 σημαίνεσθαι
1640 2082 1903 2153 ἡγοῦμαι,

325 2185 396 2237 τὰ
426 2183 595 2238 πάλαι
628 2178 1138 2249 καταδεδουλωμένα
1165 2179 1233 2249 τῇ
1261 2176 1546 2246 δαιμονικῇ
1576 2174 1773 2247 πλάνῃ,
1808 2190 1905 2245 με-

325 2274 630 2328 ταϐαλόντα
680 2272 783 2342 τῆς
824 2269 1240 2340 δεισιδαιμονίας
1262 2309 1277 2334 ,
1325 2269 1500 2322 οἰκεῖα
1524 2266 1618 2321 τοῦ
1649 2265 1903 2328 θεσπιζο·

331 2364 494 2437 μένου
544 2362 885 2433 γενήσεσθαι.
921 2379 940 2412 ι
992 2361 1100 2414 Καὶ
1140 2358 1314 2426 ἔσται,
1351 2359 1460 2430 γάρ
1504 2376 1690 2431 φησιν,
1727 2355 1906 2427 Ἐδὼμ

324 2452 682 2527 κληρονομία,
735 2453 828 2506 καλ⁸
874 2451 1027 2504 ἔσται
1083 2449 1415 2522 κληρονομία
1451 2448 1620 2503 Ἠσαῦ
1650 2450 1679 2502 6
1712 2447 1904 2520 ἐχθρὸς

322 2546 520 2602 αὑτοῦ.
573 2564 594 2600 δ
644 2546 709 2600 Οἱ
751 2545 861 2617 γὰρ
916 2543 1078 2598 πάλαι
1127 2542 1311 2615 ἐχθροὶ
1343 2541 1438 2595 τοῦ
1492 2540 1628 2595 Θεοῦ
1672 2542 1766 2597 καὶ
1809 2540 1902 2596 τοῦ

338 2636 594 2709 Ἰσραὴλ,
638 2635 800 2706 φησι,
876 2636 1197 2707 γενήσονται
1244 2633 1580 2706 κληρονομία
1627 2633 1721 2687 τοῦ
1774 2651 1906 2705 προ-

323 2728 715 2803 φητευομένου.
767 2727 939 2790 Αὐτὸς
963 2726 1073 2800 γὰρ
1104 2722 1172 2799 ἦν
1209 2719 1255 2795 ᾧ
1282 2726 1466 2798 εἴρητο
1489 2725 1627 2798 πρὸς
1652 2726 1746 2779 τοῦ
1770 2725 1904 2780 Θεοῦ

322 2821 423 2876 καὶ
446 2819 662 2892 Πατρός
711 2816 878 2873 αὐτοῦ
897 2831 913 2849 ο
953 2837 973 2869 ι
1021 2818 1254 2889 Αῐτησαι
1289 2816 1418 2888 παρ’
1441 2816 1599 2887 ἐμοῦ,
1621 2817 1719 2871 καὶ
1748 2816 1903 2871 δώσω

324 2916 411 2968 σοι
442 2911 568 2985 ἔθνη
611 2911 710 2984 τὴν
755 2908 1117 2983 κληρονομίαν
1138 2926 1252 2963 σου’
1295 2927 1315 2961 ι
1361 2901 1436 2962 ὧν
1459 2909 1538 2972 είς
1583 2909 1676 2963 τὸν
1706 2909 1905 2980 κλῆρον

321 3005 434 3059 τῶν
462 3004 631 3073 ἁγίων
667 3002 1071 3075 μεταστάντων,
1113 3000 1374 3055 τάναντία
1417 2999 1496 3072 τῷ
1539 3000 1756 3073 Ἰσραὴλ
1782 3002 1903 3055 ἔσε-

325 3096 453 3150 σθαι
480 3092 745 3158 θεσπίζει.
788 3095 927 3167 Φησὶ
964 3092 1124 3163 γοῦν*
1178 3111 1196 3144 ι
1231 3095 1340 3148 Καὶ
1391 3092 1609 3166 Ἰσραὴλ
1651 3093 1905 3166 ἐποίησεν

320 3191 383 3243 ὲν
417 3187 583 3259 ἰσχύϊ.
623 3187 749 3280 ιᾹΤὸ
781 3187 860 3251 δὲ,
890 3185 1146 3280 εποίησεν
1174 3187 1231 3280 ὲν
1249 3184 1410 3280 *ἰσχύϊ
1434 3184 1548 3280 τὴν⁸
1560 3185 1776 3280 πάντων
1810 3201 1906 3280 μεῖ-
1929 3222 1973 3280 c

320 3280 519 3351 γίστην
550 3277 803 3332 ἀσέϐειαν
822 3295 834 3312 σ
887 3277 969 3331 διὸ
1009 3276 1424 3349 ὲξεγερθήσεται
1456 3276 1551 3330 ἀπ’
1596 3276 1775 3331 αὐτῶν
1806 3278 1900 3331 καὶ

320 3372 768 3443 ἐξαναστήσεται.
825 3370 917 3434 Τίς
969 3364 1179 3440 οὗτοςῆ
1212 3370 1241 3422 6
1290 3368 1761 3441 προφητευόμενος
1804 3367 1898 3437 τοῦ

322 3464 463 3519 Θεοῦ
495 3464 688 3533 Λόγος,
714 3463 773 3528 ὃς
801 3464 895 3516 καὶ
941 3461 1189 3516 ἀπώλεσε
1229 3462 1529 3533 σωζόμενον
1562 3463 1627 3514 ὲκ
1658 3461 1896 3530 πόλεως;

320 3554 478 3629 οἶμαι
525 3557 584 3610 δὲ
644 3556 742 3628 τὴν
784 3554 1139 3627 Ἰερουσαλὴμ
1168 3552 1518 3617 αἰνίττεσθαι,
1550 3552 1608 3619 ἐξ
1638 3548 1706 3625 ἦς
1733 3552 1901 3607 ὤλετο

324 3651 435 3712 πᾶς
468 3647 791 3719 σωζόμενος,
822 3647 975 3719 ἢκαὶ
1004 3646 1066 3700 τὸ
1111 3647 1220 3699 πᾶν
1251 3644 1345 3699 τοῦ
1375 3645 1560 3708 ἔθνους
1587 3644 1765 3699 αὐτῶν
1799 3661 1898 3699 πο-

319 3741 574 3811 λίτευμα.
606 3741 793 3794 Ταῦτα
836 3739 892 3792 δὲ
926 3739 1049 3793 ὅποι
1088 3738 1276 3802 τέλους
1306 3738 1515 3809 ἔτυχεν,
1545 3737 1679 3809 ὁμοῦ
1707 3741 1772 3810 τῇ
1802 3737 1896 3791 τοῦ

319 3832 577 3904 Σωτῆρος
601 3830 762 3903 ἡμῶν
782 3832 862 3894 είς
885 3830 982 3884 ἀνθ
992 3828 1203 3902 ρώπους
1233 3830 1622 3902 ὲκλάμψειτῶν
1643 3830 1741 3900 μὲν
1769 3833 1897 3902 πρὶν

242 3984 259 3991 ί
318 3921 723 3994 εἰδωλολατρῶν
742 3920 912 3975 ἐθνῶν
934 3922 1015 3985 εἰς
1041 3920 1132 3975 τὸν
1165 3920 1346 3975 αὐτῶν
1372 3921 1750 3992 μεταστάντων
1762 3923 1895 3993 κλῆ-

320 4031 438 4087 ρον,
468 4013 563 4069 τοῦ
591 4015 648 4067 δὲ
711 3996 979 4067 Ἰουδαίων
1029 4013 1213 4077 ἔθνους
1245 4014 1341 4066 καλ⁸
1379 4013 1479 4083 τῆς
1516 4013 1897 4085 μητροπόλεως

316 4108 502 4164 αὐτῶν
558 4105 898 4161 πεπονθότων
952 4107 1109 4160 ὁποῖα
1166 4103 1529 4169 οὐδεπώποτε,
1563 4105 1624 4157 ού
1669 4105 1893 4176 μακρῶν

265 4225 273 4237 ι
306 4199 428 4258 ,δεῖν
458 4193 610 4268 οἶμαι
638 4197 829 4265 λόγων.
879 4195 1036 4249 Ἀλλὰ
1063 4194 1132 4248 τὰ
1165 4195 1263 4265 μὲν
1289 4195 1388 4264 τῆς
1431 4193 1767 4265 συμφωνίας,
1796 4196 1895 4266 τῆς

311 4306 383 4343 τε
436 4290 779 4361 πῳπτικῆς
829 4289 1203 4360 προρρήσεως,
1250 4286 1345 4339 καὶ
1390 4285 1491 4355 τῆς
1533 4286 1893 4359 εύαγγελικῆς

315 4381 770 4453 συμπεράνσεως,
834 4373 936 4433 ὧδέ
984 4395 1098 4442 πως
1158 4378 1328 4447 ἐχέτω
1360 4377 1532 4440 τέλος.
1571 4378 1635 4431 Τί
1664 4378 1709 4431 δ’
1737 4373 1804 4450 ἦν
1832 4378 1893 4432 τὸ
1930 4370 1937 4379 ’

312 4474 491 4529 αἴτιον
533 4473 635 4544 τῆς
671 4472 1018 4544 ὲπιλάμψεως
1058 4471 1151 4525 τοῦ
1180 4472 1438 4541 φανέντος
1464 4471 1712 4543 ἀστέρος,
1767 4489 1893 4526 συν-

2017 623 2399 681 lus.initiatus
2451 629 2537 677 est
2583 620 2938 692 Beelphegor.
2980 619 3111 675 Erat
3166 630 3329 692 porro
3357 621 3447 693 hic
3476 623 3588 678 da:-

2017 732 2166 782 mon,
2213 716 2306 786 qui
2343 724 2402 768 ut
2450 714 2586 769 deus
2624 726 2653 766 a
2680 727 2809 785 rege
2850 712 3009 767 Moab
3038 713 3156 782 ipso
3188 713 3348 769 Baiae
3368 715 3592 770 colebao

2016 816 2128 864 tur.
2160 807 2426 874 Quoniam
2459 805 2625 877 igitur
2644 805 2822 860 victus
2845 813 2929 860 est
2956 803 3123 861 Israel
3152 806 3246 861 illo
3272 813 3519 878 tempore
3555 824 3588 862 a

2014 898 2360 969 principibus
2407 895 2566 951 Moab
2594 896 2774 951 visum
2806 895 3212 967 eﬂ‘ugientibus.
3245 896 3368 952 dico
3401 904 3589 953 autem

2014 989 2083 1043 ab
2132 988 2201 1043 iis
2243 987 2335 1057 qui
2364 987 2507 1057 apud
2539 985 2803 1041 Moabitas
2829 1001 2927 1057 pro
2950 986 3056 1041 diis
3082 986 3405 1043 colebantur
3433 988 3593 1059 (sane

2015 1081 2222 1136 idcirco
2277 1089 2333 1137 ct
2381 1080 2675 1135 simulacra
2742 1081 3064 1144 coluerunt,
3116 1090 3171 1135 et
3223 1081 3593 1138 adoraverunt

2015 1172 2314 1243 sculptilia,
2336 1181 2395 1225 ut
2423 1172 2499 1225 ait
2527 1169 2809 1241 Scriptura
2842 1191 2856 1227 :
2890 1191 2907 1223 ι
2946 1171 3011 1226 Ει
3048 1172 3246 1227 initiati
3272 1182 3401 1230 sunt
3431 1174 3589 1230 Beel-

2012 1264 2305 1334 phegor",
2356 1280 2375 1314 ι
2433 1263 2523 1333 qui
2594 1261 2934 1333 Bcelphegor
2988 1263 3198 1319 dannon
3268 1276 3387 1321 erat
3444 1268 3595 1338 apud

2014 1352 2302 1419 Moabitas,
2337 1367 2445 1422 quo
2480 1360 2725 1423 tempore
2761 1353 2926 1409 iidem
2965 1370 3089 1409 cum
3138 1355 3358 1412 feminis
3392 1356 3591 1411 Moabi-

2013 1454 2191 1501 tarum
2228 1445 2476 1500 fornicati
2507 1447 2681 1513 sunt),
2715 1445 2911 1501 merito
2946 1448 3091 1517 quod
3120 1448 3251 1503 olim
3293 1458 3410 1505 erat
3439 1450 3590 1506 futu-

2011 1552 2157 1601 rum,
2189 1552 2373 1592 rerum
2406 1539 2596 1607 utique
2651 1537 2705 1591 in
2755 1537 3092 1593 contrarium
3138 1540 3496 1596 mutationem
3530 1544 3586 1596 in

2010 1635 2257 1697 tempore
2287 1626 2496 1683 divinat
2543 1627 2787 1692 Balaam,
2819 1628 3054 1685 dicens:
3100 1649 3118 1682 ι
3160 1630 3381 1687 Orietur
3429 1636 3586 1689 stella

2011 1735 2077 1774 ex
2105 1718 2297 1784 Jacob,
2322 1727 2376 1774 et
2409 1726 2596 1790 surget
2631 1721 2793 1774 homo
2825 1736 2889 1777 ex
2924 1720 3111 1777 Israel.
3141 1721 3208 1777 Et
3237 1722 3452 1795 franget
3486 1727 3590 1781 du-

2012 1825 2104 1865 ces
2134 1810 2313 1866 Moab.
2336 1831 2356 1862 »
2379 1810 2662 1882 Tanquam
2696 1812 2742 1867 si
2762 1810 3107 1870 manifestius
3126 1814 3352 1879 diceret,
3381 1815 3586 1871 Moabi-

2010 1910 2187 1957 tarum
2205 1904 2481 1959 daemonas
2497 1904 2591 1974 qui
2604 1918 2748 1959 nunc
2765 1904 3029 1961 adversus
3042 1904 3207 1960 Israel
3219 1906 3437 1976 gloriati
3456 1917 3585 1964 sunt

2010 1995 2065 2049 in
2085 2005 2207 2051 ortu
2239 1996 2360 2066 ejus
2387 1997 2454 2051 de
2471 2011 2581 2067 quo
2605 1996 2722 2067 ipse
2739 1996 3090 2058 vaticinatur,
3116 1996 3438 2055 fractionem
3462 2010 3587 2055 tan-

2006 2086 2129 2142 dem
2177 2097 2231 2143 et
2271 2089 2484 2143 ruinam
2532 2104 2791 2157 passuros
2842 2109 2856 2145 :
2920 2089 3123 2159 quibus
3171 2088 3380 2158 fractis,
3442 2093 3583 2148 filios

2004 2177 2170 2250 419
2201 2178 2352 2245 Seth,
2381 2187 2435 2235 et
2474 2178 2665 2246 Edom,
2697 2190 2751 2236 et
2785 2179 2952 2245 Esau,
2984 2189 3038 2235 et
3088 2182 3329 2253 reliquas
3368 2194 3581 2254 gentes.

2006 2286 2145 2340 quas
2194 2270 2280 2326 his
2325 2271 2641 2328 nominibus
2685 2271 2982 2342 signiﬁcari
3031 2274 3305 2341 arbitror,
3351 2283 3412 2330 ut
3449 2278 3582 2332 olim

2009 2362 2310 2419 dzemonico
2337 2364 2512 2419 errori
2558 2363 2791 2419 addicta:
2819 2372 2997 2430 erant,
3031 2368 3113 2422 sic
3152 2367 3356 2437 rejecta
3385 2384 3582 2439 super-

2007 2455 2250 2520 stitione,
2286 2455 2581 2513 familiares
2611 2456 2757 2514 illius
2788 2456 3028 2524 futuras,
3067 2461 3161 2531 qui
3195 2468 3461 2531 venturus
3485 2478 3584 2517 ca-

2006 2547 2174 2602 nitur.
2216 2565 2236 2599 ‹
2274 2546 2341 2601 Ει
2390 2548 2515 2614 erit,
2566 2549 2765 2619 inquit,
2806 2549 2974 2605 Edom
3019 2552 3344 2620 haereditas,
3384 2565 3439 2611 ct
3476 2555 3583 2611 erit

2008 2637 2295 2694 hacreditas
2341 2638 2486 2695 Esau
2535 2640 2792 2697 inimicus
2842 2642 2984 2711 ejus;
3026 2662 3045 2694 ι
3088 2650 3319 2709 veteres,
3376 2646 3576 2717 inquit,

2004 2728 2192 2785 hostes
2225 2725 2323 2784 Dei
2366 2737 2529 2797 atque
2578 2729 2746 2784 Israel
2776 2738 2940 2785 erunt
2977 2731 3271 2790 btet-editas
3310 2733 3452 2804 ejus,
3482 2737 3577 2805 qui

2004 2823 2221 2877 canitur
2246 2821 2486 2888 futurus;
2517 2823 2634 2892 ipse
2658 2823 2803 2878 enim
2832 2834 2917 2880 est
2940 2824 3029 2880 cui
3060 2825 3265 2881 dictum
3287 2834 3375 2883 est
3407 2843 3439 2882 a
3470 2827 3581 2885 Deo

2005 2921 2059 2969 et
2089 2912 2247 2969 Patre
2284 2929 2385 2970 suo
2418 2932 2431 2969 :
2470 2932 2488 2966 ι
2524 2913 2748 2970 Postula
2777 2928 2810 2969 a
2842 2930 2949 2982 me,
2984 2924 3037 2971 et
3066 2916 3207 2972 dabo
3254 2918 3353 2974 tibi
3389 2929 3578 2990 gentes

2006 3005 2373 3061 haereditatem
2406 3013 2555 3061 tuam
2574 3006 2641 3062 ".
2686 3026 2705 3060 ι
2736 3003 2868 3073 Quae
2889 3022 3015 3062 cum
3040 3009 3094 3063 in
3119 3017 3320 3066 sortem
3355 3022 3580 3068 sancto-

2006 3109 2126 3154 rum
2161 3097 2498 3162 transierint,
2533 3101 2808 3155 contraria
2850 3099 2954 3170 ipsi
2989 3099 3152 3156 Israel
3186 3101 3304 3157 fore
3345 3104 3576 3163 divinat.

2004 3191 2096 3245 Ait
2126 3190 2294 3259 igitur
2320 3208 2333 3245 :
2374 3208 2392 3241 ι
2431 3188 2501 3244 Ει
2525 3190 2696 3245 Israel
2725 3189 2854 3246 fecit
2873 3190 2928 3244 in
2952 3191 3171 3258 robore,
3201 3210 3222 3244 ι
3249 3193 3377 3249 fecit
3395 3204 3576 3250 autem

2006 3281 2062 3335 in
2110 3281 2305 3336 robore
2352 3281 2596 3336 omnium
2647 3282 2945 3336 maximum
2995 3284 3208 3350 scelus;
3247 3295 3581 3357 quapropter

2025 3374 2354 3429 excitabitur
2413 3383 2468 3430 et
2515 3381 2790 3445 exsurget.
2859 3374 2994 3442 Quis
3065 3377 3284 3433 tandem
3328 3379 3433 3436 iste
3470 3379 3582 3437 nisi

2006 3464 2054 3520 is
2082 3464 2231 3535 quia
2263 3465 2543 3535 prophetis
2597 3466 2813 3521 canitur
2870 3465 2964 3523 Dei
3004 3466 3265 3533 Verbum,
3293 3471 3386 3541 qui
3413 3472 3579 3527 etiam

2004 3557 2240 3627 perdidit
2264 3571 2388 3612 eum
2423 3557 2513 3627 qui
2544 3566 2795 3613 servatur
2826 3573 2893 3613 cx
2924 3559 3182 3616 civitate?
3215 3559 3427 3628 Quibus
3456 3579 3580 3619 ver-

2003 3646 2089 3704 bis
2144 3647 2316 3717 ipsam
2377 3645 2679 3702 Jerusalem
2726 3648 3029 3719 significari
3081 3650 3339 3717 arbitror,
3373 3668 3441 3708 ex
3467 3670 3576 3724 qua

2003 3736 2159 3806 periit
2175 3735 2353 3791 omnis
2379 3735 2690 3807 quicunque
2719 3746 2998 3807 superstes
3026 3740 3227 3796 mansit
3258 3750 3389 3796 :aut
3412 3745 3575 3798 etiam

2002 3840 2162 3881 omne
2206 3825 2328 3894 ejus
2383 3826 2561 3896 gentis
2621 3826 2779 3882 civile
2837 3826 3171 3885 institutum.
3220 3829 3347 3887 Hme
3393 3841 3575 3888 autem

2001 3930 2289 3987 quemnam
2323 3917 2528 3971 exitum
2560 3917 2753 3972 sortita
2781 3918 2915 3981 sint,
2947 3935 3071 3974 cum
3105 3929 3296 3991 gentes
3321 3924 3476 3993 prius
3500 3926 3581 3981 si-

1999 4008 2245 4063 mulacra
2274 4008 2516 4063 colentes
2555 4023 2667 4063 una
2702 4023 2829 4063 cum
2880 4010 3183 4068 Salvatoris
3226 4024 3399 4070 nostrt
3434 4017 3578 4073 inter

1999 4101 2251 4158 homines
2279 4108 2496 4162 exortu,
2530 4101 2586 4155 in
2626 4101 2843 4156 illorum
2878 4112 3081 4159 sortem
3116 4108 3400 4162 translatae
3437 4109 3573 4175 sint,

1996 4192 2225 4248 Iudaica
2255 4206 2385 4248 vero
2418 4209 2571 4263 gens,
2603 4202 2657 4248 et
2699 4191 3012 4249 Iudaeorum
3056 4203 3232 4251 mater
3272 4197 3467 4254 civitas
3507 4216 3574 4256 ea

1999 4299 2269 4357 perpessae
2308 4284 2419 4341 sint
2465 4280 2904 4354 quaz'nunquam
2952 4294 3132 4355 antea,
3182 4304 3290 4344 non
3341 4291 3577 4361 longiori

1998 4379 2235 4432 arbitror
2286 4377 2533 4432 oratione
2570 4376 2813 4447 indigere
2862 4384 2922 4431 ut
2950 4382 3195 4448 apertius
3227 4383 3575 4441 ostendatur.

1995 4471 2249 4524 Attamen
2277 4484 2401 4539 qua:
2432 4469 2498 4524 ad
2533 4482 2860 4525 consensum
2893 4472 3167 4539 pertinent
3192 4481 3305 4528 tum
3332 4476 3573 4545 prophe-

316 4567 453 4622 ιδείν
472 4566 637 4632 ἄξιον.
656 4568 751 4630 Εἰς
784 4566 989 4636 σημεῖά
1020 4581 1183 4636 φησιν
1202 4567 1231 4617 6
1254 4565 1513 4637 Μωῢσῆς,
1543 4566 1639 4619 καὶ
1671 4566 1751 4629 είς
1773 4582 1892 4619 και-

2004 4562 2116 4617 ιίεω
2139 4561 2527 4633 prazdictionis,
2551 4571 2667 4617 tum
2702 4567 3027 4636 evangelicae
3056 4570 3570 4636 consummationis,

315 4660 450 4732 ροὺς
474 4657 739 4713 τεθεῖσθαι
783 4659 908 4722 τοὺς
961 4657 1170 4720 πάντας
1198 4656 1257 4709 ὲν
1293 4655 1372 4727 τῷ
1416 4656 1753 4730 στερεώματι
1783 4657 1887 4710 ὑπὸ

308 4744 411 4804 τοῦ
434 4749 571 4804 Θεοῦ
598 4749 859 4821 ἀστέρας·
895 4748 1041 4813 ξένος
1065 4748 1123 4801 δὲ
1150 4743 1242 4801 οῦν
1273 4749 1365 4802 καὶ
1388 4748 1449 4802 ού
1483 4748 1738 4821 συνήθης,
1768 4749 1888 4803 οὐδὲ

308 4840 426 4897 τῶν
468 4841 677 4895 πολλῶν
711 4841 808 4895 καὶ
843 4839 1132 4912 γνωρίμων
1163 4834 1263 4905 εἷς,
1296 4840 1433 4895 άλλά
1461 4857 1547 4905 τις
1582 4840 1766 4904 καινὸς
1797 4840 1889 4894 καὶ

307 4935 432 4997 νέος
460 4933 639 5005 ἀστὴρ
673 4933 954 5000 ἐπιφανεὶς
985 4930 1064 5002 τῷ
1100 4932 1219 5004 βίῳ,
1244 4936 1466 5002 σημεῖον
1494 4929 1644 4997 ξένου
1671 4933 1888 5003 φωστῆ-

314 5042 409 5098 ρος
435 5024 627 5095 ὲδὴλου
672 5023 1120 5096 καταλάμψαντος
1156 5022 1233 5095 τῷ
1270 5023 1430 5077 παντὶ
1493 5023 1702 5095 κόσμῳ,
1736 5024 1794 5088 ὃς
1819 5019 1888 5095 ἦν

306 5121 341 5175 6
374 5119 611 5192 Χριστὸς
663 5116 759 5171 τοῦ
794 5116 951 5179 Θεοῦ,
999 5115 1173 5187 μέγας
1201 5114 1295 5169 καὶ
1328 5114 1448 5178 νέος
1476 5116 1671 5187 ἀστὴρ,
1700 5109 1762 5169 οῦ
1787 5115 1887 5188 τὴν

307 5211 501 5266 εἰκόνα
538 5207 879 5280 συμϐολικῶς
921 5210 951 5263 ό
988 5209 1174 5278 φανεὶς
1208 5207 1329 5261 τότε
1370 5210 1481 5271 τοῖς
1545 5207 1739 5278 μάγοις
1785 5210 1887 5262 ἐπ-

304 5303 558 5373 εφέρετο.
605 5300 822 5371 Ἐπειδὴ
841 5300 951 5373 γὰρ
982 5300 1113 5354 καθί
1144 5298 1272 5371 ὅλης
1312 5300 1411 5370 τῆς
1462 5301 1613 5371 ἱερᾶς
1641 5300 1735 5353 καὶ
1768 5300 1885 5354 θεο-

305 5394 579 5449 πνεύστου
605 5393 826 5466 Γραφῆς
860 5396 890 5447 6
927 5392 1329 5465 προηγούμενος
1358 5392 1459 5463 τῆς
1489 5392 1727 5457 διανοίας
1759 5410 1883 5446 σκοο

304 5486 414 5550 πὸς
448 5484 829 5558 μυστικώτερα
865 5486 960 5539 καὶ
989 5485 1110 5538 θεῖα
1143 5483 1389 5554 βούλεται
1424 5483 1718 5549 παιδεύειν,
1747 5482 1885 5555 μετὰ

300 5576 404 5632 τοῦ
450 5578 547 5632 καὶ
595 5578 696 5648 τὴν
747 5576 1035 5649 πρόχειρον
1078 5575 1317 5629 διάνοιαν
1341 5573 1610 5639 σώζεσθαι
1629 5578 1687 5630 ἐν
1728 5574 1882 5648 μέρει

1994 4654 2157 4708 talem
2198 4670 2331 4710 sane
2366 4654 2605 4711 habeant
2623 4657 2848 4713 exitum.
2884 4657 3154 4714 Cmterum
3197 4676 3319 4731 qua:
3350 4660 3571 4717 tandem

1995 4760 2163 4801 causa
2191 4746 2402 4802 exstitit
2428 4757 2651 4817 propter
2673 4764 2837 4818 quam
2861 4750 3016 4804 stella
3045 4766 3165 4822 quae
3188 4761 3301 4807 tum
3324 4753 3440 4808 visa
3464 4763 3567 4819 est,

1993 4837 2256 4904 illuxerit,
2288 4853 2409 4908 qua:
2440 4838 2659 4909 quidem
2684 4856 2849 4898 causa
2883 4845 3252 4913 contemplatu
3286 4844 3448 4915 digna
3473 4846 3570 4900 sit?

1994 4928 2174 4987 Moses
2195 4931 2415 5001 quidem
2437 4934 2492 4986 in
2522 4934 2675 5004 signa
2702 4936 2776 4989 ait
2798 4943 2852 4991 et
2877 4944 3120 5007 tempora
3140 4937 3192 4991 in
3223 4937 3568 4994 firmamento

1996 5038 2028 5077 a
2061 5023 2169 5078 Deo
2196 5024 2374 5093 posita
2404 5024 2572 5081 fuisse
2608 5026 2787 5082 sidera
2812 5028 3102 5095 universa;
3138 5038 3193 5082 at
3218 5044 3347 5084 vero
3380 5029 3483 5085 hoc
3512 5039 3569 5086 et

1992 5116 2338 5186 peregrinum
2389 5125 2445 5171 et
2473 5118 2779 5181 insolitum.
2811 5135 2988 5189 neque
3015 5118 3155 5174 idem
3193 5136 3259 5175 ex
3295 5122 3479 5176 multis
3511 5130 3568 5178 et

1991 5208 2225 5278 cognitis
2259 5224 2451 5271 unum,
2488 5210 2583 5264 sed
2617 5225 2816 5265 novum
2870 5213 3051 5281 potius
3086 5212 3358 5281 quoddam
3389 5228 3567 5283 neque

1990 5306 2148 5354 antea
2175 5301 2350 5355 visum
2384 5300 2559 5362 sidus.
2592 5301 2736 5370 quod
2766 5302 2890 5355 vita:
2923 5301 3205 5355 hominum
3249 5302 3445 5364 illuxit,
3474 5320 3564 5359 νοο-

1990 5394 2166 5448 ccntis
2208 5392 2492 5462 cujusdam
2535 5394 2821 5448 luminaris
2870 5395 3119 5465 signum,
3152 5399 3297 5466 quod
3344 5399 3563 5453 univer-

1990 5497 2111 5536 sum
2151 5483 2412 5537 mundum
2447 5482 2766 5545 illustraret,
2811 5482 3126 5537 indicabat:
3159 5482 3306 5553 quod
3337 5483 3559 5554 quidem

1988 5575 2259 5632 luminare
2300 5574 2555 5631 Christus
2594 5573 2690 5629 Dei
2746 5584 2888 5639 erat,
2920 5575 3115 5646 ingens
3158 5575 3292 5631 illud
3327 5591 3562 5631 novum-

301 5669 601 5742 taroptxtbc
628 5668 1051 5740 πεπραγμένων,
1092 5668 1313 5731 εἰκότως
1346 5667 1440 5721 καὶ
1467 5669 1502 5739 ἡ
1528 5667 1665 5739 μετὰ
1691 5670 1879 5740 χεῖρας

2004 5682 2092 5739 lue
2118 5668 2292 5735 sidus,
2341 5666 2501 5738 cujus
2528 5666 2818 5738 imaginem
2846 5682 2912 5724 ex
2947 5669 3355 5741 comparatione
3382 5679 3449 5728 ac
3478 5665 3563 5725 δί·-

381 5850 426 5881 ﬂ
465 5847 611 5905 Psat.
641 5862 739 5914 ον,
772 5848 863 5908 28.
920 5850 984 5883 θ’
1022 5847 1168 5906 Psal.
1202 5862 1278 5914 ιι,
1309 5847 1363 5906 8.
