4106 6420
589 391 694 450 655

1227 389 1496 448 EUSEBII
1534 386 2021 446 CIESARIENSIS
2059 387 2213 444 OPP.
2259 387 2467 446 PARS.
2510 389 2575 446 II.
2599 420 2668 432 —
2700 343 3238 450 APOLOGETICA.’
3809 391 3900 451 6'6

587 508 896 565 militudine
922 508 1182 579 quadam,
1206 508 1336 562 illud
1357 509 1505 580 quod
1537 516 1669 562 tunc
1692 506 1866 577 magis
1893 506 2168 576 apparuit,

2280 506 2592 579 πρόρρησις
2616 506 2918 580 ἐπληροῦτο
2956 507 3091 580 πρὸς
3109 506 3276 574 λέξιν
3311 501 3419 557 ἐπὶ
3447 503 3518 576 τῇ
3547 501 3646 557 τοῦ
3681 521 3901 577 προανα-

585 601 877 657 rel‘erebat.
917 599 1054 655 Cum
1107 599 1251 654 enim
1297 615 1394 669 per
1447 607 1617 653 totam
1663 604 2073 654 sacrosanctam
2119 606 2175 653 et

587 709 616 747 a
638 693 825 748 divino
865 690 1074 763 Spiritu
1099 692 1360 746 traditam
1393 691 1764 762 Scripturam.
1802 691 1850 745 si
1894 690 2019 760 quis
2052 703 2176 744 eam

587 784 653 838 ad
683 799 907 842 sensum
943 783 1350 852 interpretetur,
1398 783 1635 853 primum
1681 783 1754 837 sit
1802 781 2170 852 propositum,

587 880 648 926 ut
678 873 905 944 mystica
932 870 1181 942 quaedam
1225 871 1523 942 divinaque
1567 871 1786 936 doceat,
1837 877 2058 925 servato
2088 875 2176 921 ta-

587 981 711 1021 men
739 965 934 1020 saltem
957 964 1014 1018 in
1044 972 1200 1036 parte
1230 965 1396 1020 etiam
1427 964 1640 1035 vulgari
1663 972 1961 1034 apertoque
2009 976 2176 1016 sensu

575 1072 778 1113 eorum
808 1072 931 1127 qua:
973 1056 1238 1112 historice
1269 1063 1422 1127 gesta
1455 1063 1586 1110 sunt
1615 1074 1628 1109 :
1658 1055 1860 1109 merito
1900 1053 2004 1108 hoc
2039 1068 2179 1123 quo-

586 1167 693 1220 que
718 1151 863 1220 quod
896 1166 1042 1205 nunc
1077 1158 1346 1205 tractatur
1379 1148 1686 1214 oraculum,
1719 1150 1778 1202 in
1803 1147 1925 1218 ejus
1955 1145 2173 1209 sideris,

587 1243 874 1314 prophetia
914 1242 1062 1312 quod
1100 1244 1153 1296 in
1185 1253 1306 1296 ortu
1348 1239 1651 1296 Salvatoris
1685 1239 1860 1295 nostri
1905 1239 2176 1292 oriturum

591 1333 1050 1397 denuntiabatur,
1099 1333 1262 1387 etiam
1309 1333 1376 1387 ad
1417 1332 1643 1387 verbum
1689 1331 2018 1402 completum
2069 1338 2174 1384 est.

587 1424 752 1497 420
781 1424 1065 1481 Exsistunt
1111 1423 1334 1495 quidem
1384 1424 1507 1477 aliis
1554 1438 1774 1492 quoque
1825 1421 2084 1492 gloriosis
2123 1429 2178 1474 et

587 1519 898 1574 illustribus
928 1519 1061 1574 viris
1090 1517 1434 1571 insolitarum
1467 1515 1748 1569 stellarum
1783 1514 1957 1585 ignes,
1994 1519 2052 1566 ut
2085 1526 2179 1565 ea.

589 1629 708 1667 rum
745 1628 864 1682 quze
911 1627 941 1668 a
971 1611 1302 1682 quibusdam
1337 1610 1550 1664 crinitae
1573 1616 1864 1670 vocantur,
1899 1609 2026 1662 item
2056 1621 2178 1676 quae

591 1705 781 1763 trabis,
827 1712 920 1757 aut
955 1719 1077 1772 quae
1103 1703 1284 1756 barba:
1323 1699 1737 1756 similitudinem
1773 1698 2036 1761 ferentes,
2070 1697 2179 1750 uti-

587 1813 695 1868 que
728 1797 890 1850 etiam
925 1793 1287 1865 quarumdam
1329 1793 1565 1846 aliarum
1607 1791 1693 1848 his
1735 1790 2020 1854 similium,
2058 1803 2178 1858 quae

2281 597 2622 671 φωνηθέντος
2676 598 2906 672 ἀστέρος
2949 600 3045 654 ἐπὶ
3093 603 3161 672 τῇ
3222 597 3458 668 γενέσει
3509 594 3611 650 τοῦ
3665 597 3900 671 Σωτῆρος

2279 691 2437 763 ἡμῶν
2475 692 2807 765 προφητείᾳ.
2859 691 3142 761 Γίγνονται
3193 689 3306 763 μὲν
3338 684 3442 744 οὖν
3466 688 3570 743 καὶ
3601 688 3692 759 ἐφ’
3719 691 3903 765 ἐτέρων

2277 783 2536 850 ἐπιδόξων
2572 785 2666 838 καὶ
2715 783 2994 854 ἐπιφανῶν
3025 783 3248 857 ἀνδρῶν
3291 781 3634 850 ξενιζόντων
3672 782 3904 854 ἀστέρων

2277 874 2598 946 ἐκλάμψεις,
2627 869 2738 928 οἷον
2761 873 2870 928 τῶν
2885 873 3246 946 καλουμένων
3280 871 3451 944 παρά
3485 888 3605 925 τισι
3638 874 3904 944 κομητῶν,

2277 968 2312 1038 ἢ
2373 966 2617 1032 δοκίδων,
2671 967 2706 1039 ἢ
2757 965 3080 1037 πωγωνιῶν,
3124 967 3158 1038 ἦ
3213 981 3399 1019 τινων
3439 964 3660 1036 ἐτέρων
3709 965 3906 1034 τούτοις

2279 1059 2702 1129 παραπλησίων,
2753 1057 2848 1111 ἐπὶ
2911 1057 3167 1129 μεγάλοις
3234 1057 3593 1128 πράγμασιν
3653 1055 3716 1122 ἐξ
3764 1056 3906 1124 ἔθους

2279 1151 2751 1222 ἀναξαινομένων.
2820 1149 2980 1204 Ἀλλά
3027 1151 3080 1203 τί
3109 1151 3225 1223 γὰρ
3263 1152 3542 1222 κρεῖττον
3565 1149 3600 1221 ἢ
3627 1149 3810 1220 μεῖξον
3838 1149 3906 1220 τῷ

2279 1239 2444 1292 παντὶ
2477 1238 2667 1311 κόσμῳ
2711 1239 2908 1308 γένοιτ’
2937 1240 3002 1294 ἄν
3046 1257 3177 1292 ποτε
3203 1240 3240 1312 ἢ
3268 1240 3336 1293 τὸ
3362 1240 3461 1294 διὰ
3499 1239 3783 1312 σωτηρίου
3807 1242 3908 1295 ἐπι·

2280 1331 2506 1400 φανείας
2526 1333 2692 1386 πᾶσιν
2721 1331 2971 1404 ὑπάρξαν
3010 1332 3337 1406 ἀνθρώποις
3360 1331 3566 1404 νοερὸν
3605 1334 3745 1402 φῶς,
3765 1334 3906 1388 εὐπ-

2280 1422 2431 1486 ϐείας
2488 1423 2583 1477 καὶ
2631 1423 2960 1493 θεογνωσίας
3011 1424 3250 1496 ἀληθοῦς
3286 1424 3626 1496 κατάληψιν
3673 1423 3903 1493 λογικαῖς

2277 1511 2477 1583 ψυχαῖς
2503 1513 2894 1585 νομιζόμενον;
2938 1504 3000 1566 οὗ
3038 1514 3102 1585 δὴ
3133 1516 3303 1588 χάριν
3337 1514 3407 1567 τὸ
3435 1515 3590 1585 μέγα
3625 1518 3848 1585 σημεῖον
3877 1519 3902 1570 ό

2281 1606 2567 1677 προφανὴς
2606 1605 2794 1678 ἐδήλου
2855 1605 3052 1678 ἀστὴρ,
3101 1608 3278 1677 μέγαν
3339 1609 3447 1660 καὶ
3491 1606 3619 1659 νέον
3653 1605 3904 1679 φωστῆρα

2279 1698 2666 1770 ἐπιλάμψαντα
2692 1698 2770 1769 τῷ
2799 1699 2963 1752 παντὶ
3014 1699 3207 1770 κόσμῳ
3243 1698 3348 1753 τὸν
3374 1698 3629 1770 Χριστὸν
3650 1698 3746 1751 τοῦ
3778 1698 3900 1751 Θεοῦ

2280 1793 2448 1844 πᾶσιν
2504 1791 2895 1862 αἰνιττόμενος.
2940 1791 3100 1844 Κατά
3161 1791 3222 1844 τὸ
3253 1790 3403 1844 αὐτὸ
3438 1791 3500 1844 δὲ
3529 1793 3564 1861 ἡ
3604 1791 3901 1860 προφητεία

587 1888 800 1959 magnis
843 1887 1260 1941 imminentibus
1307 1885 1476 1939 rebus
1515 1884 1694 1939 solent
1741 1884 2030 1938 exsistere.
2093 1881 2164 1934 At

2280 1879 2564 1952 ἄνθρωπον
2606 1879 2743 1951 ὁμοῦ
2779 1881 2875 1934 καὶ
2920 1881 3126 1952 ἀστέρα
3172 1880 3440 1947 θεσπίζει
3475 1881 3548 1934 δι’
3585 1873 3666 1934 ὧν
3707 1897 3894 1952 φησιν·

591 1981 738 2034 enim
771 1978 901 2049 quid
943 1978 1160 2032 tandem
1209 1988 1302 2030 aut
1322 1974 1679 2030 excellentius
1719 1981 1813 2028 aut
1858 1972 2036 2042 majus
2076 1970 2175 2024 toti

588 2071 793 2127 mundo
827 2086 1067 2140 unquam
1112 2068 1426 2139 contigerit,
1477 2082 1639 2136 quam
1669 2066 1815 2136 quod
1851 2081 1948 2135 per
1978 2065 2179 2119 saluta-

588 2179 704 2217 rem
739 2161 1030 2217 adventum
1066 2161 1324 2215 omnibus
1369 2159 1549 2212 illuxit
1595 2157 1922 2212 mortalibus
1975 2155 2179 2210 intelli-

589 2254 783 2323 gentia:
814 2253 1019 2319 lumen,
1051 2251 1199 2322 quod
1238 2260 1294 2305 et
1338 2250 1559 2319 pietatis
1593 2257 1648 2304 et
1689 2264 1830 2302 verae
1879 2246 2178 2318 agnitionis

587 2345 683 2400 Dei
713 2344 1114 2415 perceptionem
1151 2342 1348 2397 animis
1389 2341 1750 2396 rationalibus
1775 2340 1987 2402 attulit,
2012 2339 2177 2408 cujus

587 2435 785 2503 gratia,
811 2435 1005 2504 ingens
1036 2433 1255 2504 signum
1288 2431 1363 2495 id,
1397 2432 1464 2487 de
1493 2446 1605 2503 quo
1638 2437 1797 2484 antea
1831 2429 2038 2484 dictum
2068 2435 2176 2492 est,

587 2525 866 2580 indicabat
909 2525 1086 2590 sidus,
1133 2526 1262 2580 dum
1312 2526 1505 2596 ingens
1559 2533 1612 2579 et
1653 2538 1853 2577 novum
1905 2521 2178 2577 luminare

581 2617 734 2687 quod
770 2626 946 2672 totum
987 2617 1287 2672 illustravit
1333 2617 1620 2679 mundum,
1661 2614 1942 2668 Christum
1990 2613 2178 2683 utique

585 2710 683 2765 Dei
706 2709 962 2764 omnibus
986 2708 1282 2780 signiﬁcat?
1311 2707 1516 2764 Eodem
1553 2723 1680 2762 vero
1716 2707 1837 2760 loco
1868 2707 2175 2776 prophetia,

585 2809 641 2856 et
670 2799 945 2855 hominem
983 2809 1038 2855 et
1088 2800 1242 2856 sidus
1272 2800 1516 2855 futurum
1564 2799 1794 2862 divinat,
1828 2797 1915 2851 his
1939 2796 2124 2851 verbis
2159 2816 2174 2852 :

593 2904 613 2940 ‹
661 2887 954 2942 Exorietur
989 2888 1148 2942 stella
1175 2904 1244 2944 ex
1279 2887 1472 2954 Jacob,
1498 2897 1552 2942 et
1583 2893 1772 2958 surget
1808 2887 1974 2941 homo
1999 2902 2066 2942 ex
2098 2886 2179 2942 ls-

586 2985 724 3052 rael,
757 3003 776 3036 ι
812 2992 999 3054 utpote
1037 2999 1158 3054 qum
1189 2990 1244 3039 et
1286 2983 1512 3038 caeleste
1551 2981 1822 3035 luminare
1845 2979 2016 3036 Deum
2041 2978 2173 3036 Ver-

589 3078 719 3132 bum
744 3092 866 3132 esse
896 3076 1188 3148 signiﬁcet,
1215 3085 1267 3130 et
1302 3084 1483 3128 tamen
1506 3073 1757 3130 eumdem
1788 3073 2064 3128 hominem
2090 3088 2181 3144 ap-

586 3172 771 3241 pellet.
804 3169 968 3226 Varie
1012 3185 1179 3242 porro
1230 3168 1384 3222 illum
1426 3167 1550 3223 aliis
1601 3181 1821 3238 quoque
1860 3167 1918 3221 in
1957 3166 2095 3222 locis
2127 3176 2179 3221 et

2284 1991 2302 2023 ι
2340 1971 2610 2026 Ἀνατελεῖ
2631 1973 2828 2044 ἄστρον
2846 1971 2906 2036 ἐξ
2933 1971 3149 2040 Ἰακὼϐ,
3167 1976 3261 2028 καὶ
3283 1975 3688 2045 ἀναστήσεται
3710 1974 3900 2047 ἄνθρω-

2279 2083 2378 2129 πος
2421 2065 2479 2132 ἐξ
2533 2065 2785 2138 Ἰσραήλο
2828 2084 2846 2117 ι
2896 2065 2988 2118 τὸν
3040 2066 3138 2137 μὲν
3193 2066 3467 2138 ούράνιον
3503 2066 3775 2140 φωστῆρα
3813 2068 3896 2121 τὸν

2278 2157 2408 2210 Θεὸν
2472 2157 2644 2226 Λόγον
2704 2153 2872 2223 εἶναι,
2917 2158 3010 2212 τὸν
3055 2158 3221 2212 αὑτὸν
3250 2159 3309 2212 δὲ
3357 2158 3672 2230 ἄνθρωπον
3714 2161 3898 2231 ὀνομά-

2279 2251 2465 2316 ζουσα.
2503 2251 2787 2323 Διαφόρως
2822 2253 2880 2306 δὲ
2928 2252 3089 2306 αὑτὸν
3132 2253 3225 2306 καὶ
3272 2255 3333 2306 ἐν
3383 2254 3612 2326 ἑτέροις
3641 2253 3894 2325 ἀνατολὴν

2277 2343 2434 2415 όμοῦ,
2465 2345 2559 2398 καὶ
2590 2344 2725 2414 φῶς,
2772 2345 2866 2398 καὶ
2900 2344 3048 2414 ἥλιον
3099 2343 3466 2416 δικαιοσύνης
3498 2345 3796 2409 ἀποκαλεῖ,
3827 2345 3895 2409 ὡς

2278 2438 2335 2488 ἐν
2363 2439 2476 2500 τοῖς
2500 2435 2736 2508 πρώτοις
2771 2436 3155 2507 ἀπεδείξαμεν.
3205 2434 3348 2491 Εἶτα
3389 2438 3456 2491 τὸ
3495 2437 3604 2508 μὲν
3635 2437 3892 2510 θειότερον

2279 2527 2464 2593 αὐτοῦ,
2495 2528 2591 2582 ἆτε
2629 2527 2862 2597 φωτίζον
2907 2527 3092 2582 πάντα
3135 2528 3441 2600 ἄνθρωπον
3486 2531 3792 2601 ἐρχόμενον
3820 2533 3892 2593 εἰς

2277 2622 2368 2674 τὸν
2397 2619 2622 2690 κόσμον,
2645 2619 2734 2689 ,τῷ
2755 2620 2854 2690 τῆς
2881 2619 3146 2690 ἀνατολῆς
3169 2621 3498 2692 ἐπεφήμισε
3536 2622 3887 2692 προσρήματι

2281 2714 2485 2784 φήσας·
2519 2730 2537 2763 ι
2589 2710 2862 2764 Ἀνατελεῖ
2903 2711 3104 2784 ἄστρον
3153 2711 3212 2776 ἐξ
3256 2712 3468 2765 Ἰακώϐ
3488 2729 3502 2742 ·
3546 2731 3565 2763 ι
3599 2712 3698 2765 τὸν
3720 2711 3774 2764 δὲ
3803 2713 3887 2766 ἄν·

2279 2803 2496 2873 θρωπον
2551 2801 2640 2856 διά
2689 2802 2749 2856 τὸ
2799 2802 3014 2873 συμϐὰν
3081 2803 3209 2872 περὶ
3255 2805 3430 2858 αὑτὸν
3486 2804 3692 2867 πάθος,
3727 2802 3801 2866 ὡς
3829 2803 3887 2857 ἂν

2279 2895 2629 2959 πεπτωκότα,
2682 2895 3082 2967 ἀναστήσεσθαι
3134 2895 3406 2960 θεσπίζει,
3450 2895 3664 2967 ὁμοίως
3692 2889 3773 2958 οἷς
3795 2895 3884 2948 καὶ

2291 2987 2522 3051 Ἡσαΐας
2573 2989 2702 3062 περὶ
2747 2988 2914 3041 αὑτοῦ
2968 3004 3101 3060 φησι
3125 3003 3142 3020 ο
3179 3006 3198 3040 ι
3239 2989 3350 3041 Καὶ
3379 2988 3546 3043 ἔσται
3585 2991 3622 3059 η
3653 2986 3774 3060 ῥίζα
3798 2983 3882 3039 τοῦ

2293 3079 2512 3144 Ἰεσσαὶ,
2549 3079 2645 3132 καὶ
2693 3081 2721 3132 ό
2755 3079 3113 3150 ἀνιστάμενος
3159 3078 3348 3150 ἄρχειν
3386 3078 3594 3142 ἐθνῶν,
3632 3078 3720 3131 ἐπ’
3743 3075 3877 3146 αύτῴ

2280 3168 2408 3241 ἔθνη
2457 3169 2724 3222 ἐλπιοῦσι.
2764 3188 2782 3222 ι
2819 3169 2930 3224 Καὶ
2973 3169 3141 3239 σαφές
3177 3186 3241 3238 γε
3283 3170 3407 3225 τίνα
3438 3170 3657 3241 τρόπον
3683 3169 3741 3221 τὸ
3772 3165 3878 3236 φῶς

586 3274 767 3318 ortum
800 3263 985 3329 simul,
1023 3270 1077 3316 ct
1117 3262 1300 3316 lumen
1333 3267 1400 3315 .et
1443 3259 1614 3315 solem
1641 3258 1872 3328 iustitiae
1902 3267 2082 3323 vocat,
2114 3266 2175 3314 ut

2280 3261 2369 3315 τοῦ
2401 3261 2654 3333 Σωτῆρος
2707 3262 2863 3333 ἡμῶν
2918 3263 2981 3316 ἐκ
3003 3261 3097 3315 τοῦ
3143 3261 3337 3316 Ἰακὼϐ
3385 3262 3711 3326 ἀνατεῖλαν,
3742 3259 3873 3314 τοῦτ’

587 3359 642 3412 in
679 3356 957 3428 prioribus
983 3355 1140 3409 libris
1172 3353 1539 3409 ostendimus.
1571 3350 1844 3406 Caeterum
1869 3349 2018 3420 quod
2055 3349 2179 3420 qui-

579 3451 710 3506 dem
744 3450 800 3504 in
831 3449 924 3503 illo
953 3447 1196 3504 divinius
1229 3454 1336 3512 est,
1370 3452 1632 3516 tanquam
1653 3444 1708 3499 id
1735 3442 1881 3515 quod
1910 3443 2179 3498 illuminet

585 3556 804 3596 omnem
838 3539 1114 3595 hominem
1146 3540 1453 3594 venientem
1508 3539 1562 3592 in
1594 3537 1740 3591 hunc
1773 3535 2062 3602 mundum,
2087 3550 2175 3589 or-

588 3647 680 3690 tus
708 3633 979 3689 vocabulo
1008 3632 1328 3694 celebravit,
1363 3632 1418 3686 in
1450 3631 1599 3684 hunc
1649 3627 1873 3684 modum
1910 3648 1924 3683 :
1961 3645 1979 3679 ι
2021 3626 2178 3682 Orie-

587 3737 680 3780 tur
699 3725 856 3781 stella
883 3741 947 3780 ex
967 3723 1158 3780 Iacob.
1183 3743 1202 3776 ι
1221 3720 1507 3778 Hominem
1530 3736 1662 3776 vero
1683 3719 1932 3775 eumdem
1958 3728 2180 3791 propter

590 3819 939 3875 amictionem
983 3833 1049 3874 ac
1102 3826 1335 3873 mortem
1391 3830 1556 3887 quam
1614 3813 1861 3886 pertulit,
1912 3820 2176 3883 tanquam

587 3928 712 3966 eum
739 3911 832 3982 qui
865 3910 1163 3974 ceciderat,
1197 3918 1579 3965 surrecturum
1613 3905 1845 3968 divinat,
1874 3904 2077 3975 quibus
2101 3903 2179 3959 si-

587 4003 735 4056 milia
767 4002 836 4057 de
865 4000 1058 4057 eodem
1090 4000 1260 4058 Isaias
1289 3998 1438 4055 canit
1467 4017 1481 4052 :
1521 4014 1540 4048 ι
1577 3993 1644 4049 Et
1675 3994 1782 4050 erit
1813 3994 1967 4049 radix
1998 3991 2175 4059 Jesse,

584 4103 641 4147 et
679 4095 772 4165 qui
817 4093 996 4164 surgit
1035 4102 1096 4148 ut
1146 4092 1379 4162 imperet
1424 4086 1730 4160 gentibus:
1767 4085 1824 4140 in
1872 4101 1940 4141 eo
1987 4093 2177 4156 gentes

585 4186 966 4257 sperabunt".
1008 4203 1027 4238 ι
1064 4184 1129 4239 Et
1153 4184 1508 4239 manifestum
1540 4181 1762 4252 quidem
1795 4186 1901 4243 est,
1937 4193 2177 4249 quonam

586 4279 752 4334 modo
791 4277 1096 4333 Salvatoris
1126 4277 1301 4332 nostri
1358 4275 1544 4330 lumen
1579 4272 1648 4328 de
1689 4271 1859 4328 Jacob
1903 4280 2174 4336 exortum,

586 4371 694 4426 hoc
760 4378 848 4425 est
883 4369 951 4426 de
1001 4367 1232 4425 Judaico
1283 4367 1507 4439 populo,
1539 4380 1651 4422 non
1699 4365 1804 4436 ipsi
1834 4363 2005 4420 Jacob
2033 4364 2179 4420 unde

587 4463 895 4533 profectum
945 4470 1062 4528 est,
1127 4461 1223 4518 sed
1275 4461 1534 4516 omnibus
1600 4459 1856 4532 gentibus
1911 4458 2173 4513 illuxerit.

586 4557 703 4611 lloe
728 4572 862 4612 vero
896 4571 1022 4611 cum
1062 4571 1131 4611 ex
1163 4554 1286 4609 aliis
1317 4553 1573 4625 plurimis
1615 4551 1916 4623 prophetiis
1963 4550 2178 4607 discere

587 4667 904 4723 possumus,
935 4659 1196 4719 tanquam
1224 4646 1292 4702 ad
1316 4648 1494 4718 ipsum
1519 4645 1799 4701 Christum
1824 4643 2172 4699 dicentibus:

590 4767 610 4798 ι
651 4745 790 4802 Ecce
828 4745 988 4817 posui
1019 4753 1071 4798 te
1099 4743 1156 4797 in
1188 4740 1602 4798 Testamentum
1637 4737 1877 4810 generis,
1905 4738 1960 4792 in
1993 4738 2176 4793 lumen

582 4838 917 4908 gentium",
949 4855 965 4887 ι
995 4846 1108 4891 tum
1133 4833 1297 4890 etiam
1315 4848 1378 4887 ex
1399 4831 1575 4901 ipsius
1597 4829 1816 4884 Balaam
1829 4829 2032 4896 verbis,
2057 4845 2178 4900 quae

586 4933 669 4986 sic
696 4932 900 4987 habent
934 4949 948 4984 :
986 4947 1005 4979 ι
1045 4925 1368 4998 Egredietur
1396 4923 1464 4979 de
1493 4923 1704 4979 semine
1740 4922 1862 4992 ejus
1903 4921 2089 4987 homo,
2120 4928 2176 4976 et

584 5023 957 5079 dominabitur
988 5021 1240 5093 gentibus
1274 5015 1460 5072 multis
1481 5016 1547 5068 ”.
1588 5035 1606 5068 ι
1644 5014 1811 5086 Atqui
1840 5013 1908 5069 de
1936 5027 2172 5084 quonam

586 5116 695 5168 alio
749 5114 958 5170 semine
1009 5128 1172 5184 quam
1210 5111 1280 5166 de
1315 5110 1501 5173 Israel,
1554 5115 1612 5162 ut
1661 5106 1819 5162 facile
1847 5112 2067 5160 constat
2107 5120 2174 5160 ex

586 5208 764 5278 ipsius
821 5207 1090 5262 orationis
1142 5203 1440 5260 contextu?
1492 5199 1730 5256 Proinde
1773 5199 1887 5267 jam
1927 5197 2171 5270 gentium

587 5300 872 5354 dominatu
905 5308 1132 5369 accepto
1182 5296 1485 5352 Salvatoris
1538 5291 1715 5348 nostri
1742 5289 2006 5354 Verbum,
2046 5306 2170 5345 cum

586 5393 705 5460 ipsa
733 5390 1018 5461 prophetia
1046 5387 1416 5449 concordans.
1459 5401 1649 5442 omnes
1679 5398 2025 5456 quaecunque
2063 5382 2172 5436 illis

585 5482 862 5554 quondam
897 5481 1262 5551 imperabant,
1289 5479 1594 5536 invisibiles
1625 5486 1679 5532 et
1703 5476 2042 5548 perniciosas
2071 5488 2168 5544 po-

587 5583 812 5630 testates
840 5575 1061 5638 delevit,
1114 5589 1328 5628 necnon
1361 5571 1664 5643 spiritualia
1717 5568 1937 5623 malitiae
1987 5574 2170 5620 cater-

2280 3356 2428 3409 ἐστιν
2452 3355 2560 3408 ἀπὸ
2590 3353 2683 3408 τοῦ
2714 3357 2779 3408 ἐκ
2819 3357 3121 3429 περιτομῆς
3145 3355 3298 3422 λαοῦ,
3333 3359 3473 3411 πᾶσι
3509 3359 3629 3419 τοῖς
3661 3355 3878 3416 ἔθνεσιν,

2279 3449 2390 3502 ἀλλ’
2419 3448 2540 3521 οὐχὶ
2561 3447 2642 3520 τῷ
2703 3447 2922 3513 Ἰακὼϐ,
2956 3448 3079 3502 ὅθεν
3127 3449 3220 3502 καὶ
3245 3449 3550 3523 προῆλθεν,
3586 3445 3870 3517 ἐξέλαμψε.

2279 3540 2448 3595 Τοῦτο
2497 3541 2555 3594 δέ
2595 3541 2692 3595 καὶ
2728 3541 2834 3595 ἀπὸ
2863 3541 3132 3595 πλείστων
3178 3542 3381 3614 ἐτέρων
3419 3544 3696 3615 πάρεστιν
3737 3539 3879 3593 ἐκλα-

2279 3633 2395 3686 ϐεῖν
2427 3634 2794 3706 προφητειῶν,
2813 3635 2889 3698 ὠς
2913 3633 3046 3705 πρὸς
3078 3635 3240 3688 αὑτὸν
3266 3635 3606 3704 φασκουσῶν
3637 3633 3727 3687 τὸν
3755 3633 3878 3700 Χρι-

2281 3727 2433 3780 στόν’
2481 3746 2499 3778 ‹
2547 3727 2678 3781 Ἰδοὺ
2736 3727 2959 3782 τέθεικά
3008 3744 3067 3780 σε
3117 3729 3197 3792 είς
3232 3727 3518 3802 Διαθήκην
3563 3727 3775 3797 γένους,
3803 3725 3875 3784 είς

2281 3818 2398 3889 φῶς
2443 3817 2617 3872 ἐθνῶν
2637 3835 2650 3849 °
2693 3838 2712 3872 ι
2749 3821 2810 3872 ού
2839 3819 2944 3892 μὴν
2990 3819 3124 3874 ἀλλά
3158 3820 3253 3874 καὶ
3279 3821 3341 3873 ἐκ
3381 3820 3496 3876 τῶν
3526 3819 3624 3874 τοῦ
3655 3815 3871 3884 Βαλαὰμ

2279 3911 2474 3979 λόγων,
2496 3910 2562 3964 δι’
2594 3903 2669 3964 ὧν
2692 3929 2888 3983 φησιν·
2929 3931 2949 3964 ι
2998 3911 3369 3980 Ἐξελεύσεται
3403 3914 3470 3966 ἐκ
3505 3911 3604 3966 τοῦ
3633 3910 3872 3981 σπέρμα-

2277 4019 2368 4065 τος
2395 4001 2559 4054 αὑτοῦ
2593 4000 2900 4073 ἄνθρωπος,
2929 4000 3024 4054 καὶ
3053 4000 3333 4073 κυριεύσει
3363 4001 3540 4056 ἐθνῶν
3583 3998 3810 4054 πολλῶν.
3845 4012 3864 4046 ι

2279 4087 2435 4152 Τίνος
2462 4089 2518 4142 δὲ
2545 4090 2609 4142 ἐκ
2643 4089 2958 4160 σπέρματος
2984 4093 3016 4160 ἢ
3045 4089 3139 4143 τοῦ
3184 4091 3419 4163 Ἰσραὴλ,
3449 4093 3529 4157 ὡς
3549 4094 3584 4163 ἡ
3618 4089 3857 4160 σύμφρα·

2281 4197 2364 4243 σις
2393 4179 2739 4251 παρέστησε;
2771 4180 2866 4233 καὶ
2891 4179 2956 4250 δὴ
2986 4179 3281 4252 κυριεύσας
3311 4181 3482 4235 ἐθνῶν
3508 4184 3538 4236 ό
3567 4179 3663 4234 τοῦ
3691 4174 3867 4243 Σωτῆ-

2282 4289 2372 4344 ρος
2393 4272 2548 4342 ῆμῶν
2591 4271 2784 4341 Λόγος,
2826 4271 3103 4343 ἀρχούσας
3148 4273 3417 4344 ἀοράτους
3459 4274 3558 4326 καὶ
3597 4264 3865 4343 μοχθηρὰς

2277 4365 2534 4436 δυνάμεις
2556 4366 2793 4431 καθεῖλε,
2809 4367 2904 4421 καὶ
2925 4367 2992 4421 τὰ
3012 4367 3360 4439 πνευματικά
3376 4369 3477 4438 τῆς
3503 4366 3790 4439 πονηρίας.
3809 4359 3866 4414 τό

2278 4474 2338 4510 τε
2374 4461 2564 4527 στῖφος
2596 4457 2656 4511 τὸ
2697 4457 3028 4530 δαιμονικὸν,
3071 4459 3350 4532 ἀρχηγοὺς
3385 4459 3588 4524 Μωάϐ,
3624 4457 3717 4512 καὶ
3738 4451 3860 4524 Σὴθ,

2280 4550 2374 4603 καὶ
2443 4548 2639 4621 Ἐδὼμ,
2679 4549 2776 4603 καὶ
2838 4550 3011 4605 Ἡσαῦ
3063 4551 3468 4624 τροπικώτερον
3495 4554 3554 4606 ἐν
3579 4551 3694 4613 τοῖς
3734 4543 3863 4619 μετὰ

2282 4645 2470 4713 χεῖρας
2498 4641 2881 4714 ὡνομασμένα.
2937 4643 3188 4713 Ἀσαφῶς
3218 4643 3275 4697 δὲ
3308 4644 3566 4714 κείμενον
3587 4639 3738 4713 παρά
3756 4637 3858 4710 τοῖς

2297 4734 2696 4808 Ἑϐδομήκοντα
2750 4734 2832 4799 τὸ,
2873 4753 2893 4786 ι
2933 4734 3102 4800 Δείξω
3127 4734 3298 4806 αὐτῷ,
3334 4736 3428 4789 καὶ
3460 4737 3582 4807 οὐχὶ
3605 4733 3718 4795 νῦν,
3755 4744 3853 4801 μα-

2285 4825 2518 4898 καρίζω,
2555 4827 2650 4881 καὶ
2673 4827 2774 4880 οὐκ
2803 4825 3033 4895 ἐγγίζει,
3071 4846 3089 4879 ι
3129 4829 3464 4899 σαφέστερον
3505 4831 3534 4881 ὁ
3565 4828 3662 4899 μὲν
3709 4819 3853 4875 Ἀκύ-

2280 4921 2376 4984 λας
2421 4920 2682 4987 ἐξέδωκεν
2711 4938 2725 4952 ·
2754 4939 2772 4972 ι
2812 4920 3050 4992 Ὀψομαι
3087 4921 3251 4975 αὑτὸν
3279 4959 3295 4985 ,
3347 4922 3442 4975 καὶ
3476 4923 3538 4975 οῦ
3581 4919 3696 4983 νῦν,
3731 4929 3855 4986 προ·

2285 5011 2491 5078 σκοπῶ,
2526 5011 2641 5065 ἀλλ’
2672 5013 2772 5065 οὐκ
2797 5012 2961 5082 ἐγγύς
2986 5029 3000 5042 ·
3032 5031 3049 5063 ι
3079 5014 3108 5065 ό
3128 5012 3182 5065 δὲ
3210 5011 3505 5084 Σύμμαχος
3527 5010 3849 5079 λευκότερον,

2283 5108 2494 5179 φήσας’
2533 5125 2550 5157 ι
2605 5106 2745 5178 Ὀρῶ
2789 5105 2974 5170 αὑτὸν,
3022 5105 3136 5159 ἀλλ’
3161 5107 3262 5158 οὐκ
3303 5107 3488 5174 ἐγγύς.
3526 5126 3544 5158 ι
3576 5094 3852 5172 Λέγοιτοῖ

2283 5201 2348 5254 ἂν
2375 5199 2546 5253 ταῦτα
2576 5199 2681 5252 ὑπὸ
2727 5199 2822 5252 τοῦ
2851 5199 3100 5270 Βαλαὰμ,
3125 5199 3201 5262 ῶς
3233 5205 3466 5274 μακροῖς
3491 5202 3712 5273 ὕστερον
3743 5190 3850 5266 μετ’

2281 5292 2444 5345 αὑτὸν
2474 5291 2684 5364 χρόνοις
2735 5289 3036 5362 μελλόντων
3083 5291 3598 5364 ἐπιτελεσθήσεσθαι
3633 5289 3734 5344 τῶν
3762 5286 3848 5355 δη·-

2279 5382 2554 5454 λουμένων
2572 5397 2586 5410 '
2613 5381 2750 5451 μετὰ
2785 5378 2914 5448 γοῦν
2943 5377 3300 5450 δισχιλιοστδν
3342 5381 3460 5442 ἔτος
3491 5380 3591 5449 τῆς
3619 5372 3846 5449 προρῤὴ“

2282 5491 2418 5537 σεως
2447 5471 2754 5543 ἐπληροῦτο
2807 5470 3002 5535 ταῦτα,
3050 5471 3145 5524 ἐπὶ
3167 5471 3269 5542 τῆς
3295 5472 3390 5525 τοῦ
3431 5471 3680 5543 Σωτῆρος
3705 5461 3845 5537 ἡμῶν

2278 5568 2357 5630 είς
2382 5563 2703 5637 ἀνθρώπους
2723 5563 3035 5634 ἐπιδημίας.

585 5685 820 5740 vamque
857 5669 1240 5732 daemonicam,
1275 5683 1398 5737 quae
1455 5666 1715 5721 ductores
1755 5662 1936 5729 Moab,
1967 5668 2022 5716 et
2069 5658 2224 5724 Seth,
2247 5669 2301 5714 et
2337 5659 2529 5722 Edom,
2560 5666 2613 5714 et
2650 5655 2810 5728 42],
2850 5655 3018 5721 Esau,
3043 5655 3328 5728 ﬁguratius
3362 5659 3416 5712 in
3458 5656 3524 5711 iis
3553 5669 3670 5726 quze
3713 5657 3843 5703 nunc

589 5736 914 5825 u-actaznus,
961 5736 1315 5815 denominata
1360 5768 1509 5814 sunt.
1539 5759 1676 5814 Cum
1713 5767 1892 5812 autem
1949 5753 2089 5825 apud
2132 5751 2272 5807 LXX
2294 5753 2586 5809 obscurius
2639 5753 2876 5821 positum
2921 5750 2992 5808 sit
3031 5750 3211 5811 illud;
3252 5769 3269 5802 ι
3297 5749 3595 5808 Ostendam
3642 5736 3844 5810 illeGd

657 5882 701 5912 “
741 5877 844 5933 lsa.
885 5895 969 5940 xv,
1013 5879 1096 5933 l0.
1177 5879 1218 5909 "
1263 5877 1342 5931 lsa
1407 5892 1547 5936 xw,
1584 5876 1636 5932 6.
1714 5875 1758 5906 ²³
1797 5873 1956 5928 Num.
1995 5889 2154 5930 xxiv.
2193 5871 2277 5925 l9.
