4106 6420
327 324 436 382 631
1215 315 1871 373 DEMONSTRATIONIS
1907 311 2368 372 EVANGELICE
2421 309 2548 365 LIB.
2592 308 2683 364 rx.
3504 304 3619 358 658'

331 459 445 498 nun
489 456 659 507 nunc,
699 440 917 496 beatum
955 438 1102 505 dico,
1135 439 1230 495 sed
1277 452 1388 494 non
1432 437 1856 509 appropinquat,
1905 455 1925 490 ι
1953 433 2097 491 idem
2141 432 2276 487 illud
2331 431 2578 503 apertius
2628 428 2823 500 Aquila
2891 425 3062 481 edidit
3088 445 3101 480 :
3132 443 3150 475 ι
3188 421 3394 478 Videbo
3454 421 3609 476 illum

335 540 438 596 sed
497 555 608 596 non
654 554 826 603 nunc,
861 537 1138 609 prospicio
1191 537 1366 602 illum,
1422 535 1518 592 sed
1567 551 1676 592 non
1727 550 1920 607 prope.
1951 553 1970 587 ι
2010 531 2376 604 Symmachus
2428 537 2636 593 autem,
2694 525 2984 584 candidius
3023 543 3036 579 :
3080 541 3098 574 ι
3139 521 3330 581 Video.
3387 521 3608 592 inquit,

329 634 510 698 illum,
541 633 640 690 sed
682 648 792 689 non
825 648 1014 706 prope.
1046 652 1065 685 ι
1103 631 1219 688 Dici
1270 647 1399 688 vero
1437 632 1553 687 haec
1602 633 1858 688 videntur
1891 645 1922 684 a
1954 625 2196 696 Balaam,
2227 638 2488 698 tanquam
2537 623 2716 696 longis
2763 623 3022 691 deinceps
3067 626 3192 690 post
3237 618 3416 689 ipsum
3467 625 3608 670 tem-

327 726 558 796 poribus
609 725 941 796 perficienda
987 732 1172 781 essent
1222 740 1308 790 ea,
1347 741 1471 797 qure
1523 726 1593 781 ab
1652 725 1774 798 ipso
1824 727 2206 781 canebantur:
2239 737 2367 777 nam
2407 719 2625 775 duobus
2677 716 2920 772 millibus
2985 729 3258 769 annorum
3301 718 3426 784 post
3475 709 3610 766 illud

326 823 650 877 vaticinium
679 823 948 892 completa
997 821 1294 888 sunthaec,
1343 837 1453 893 quo
1505 822 1760 878 videlicet
1800 829 2049 892 tempore
2109 818 2364 874 Salvator
2418 824 2609 872 noster
2654 827 2780 868 cum
2835 810 3149 866 hominibus
3192 817 3443 866 versatus
3504 818 3607 866 est.

334 941 482 997 Ἀπὸ
513 943 621 997 τοῦ
663 943 923 999 Ἡσαΐου.
955 974 1026 984 -
1070 943 1166 1009 Ὡς
1219 946 1252 998 d
1300 945 1533 1012 Κύριος,
1589 943 1798 1010 ἐπιϐὰς
1851 942 1903 997 oi

2026 940 2106 997 Ab
2162 939 2349 1012 Esaia.
2405 967 2478 1012 -_—-

394 1013 730 1082 ἀνείληφεν
766 1013 835 1077 ἐξ
875 1014 1048 1083 ἁγίας
1076 1013 1383 1083 Παρθένου
1413 1016 1712 1083 σώματος,
1747 1014 1916 1081 ἥξειν

391 1085 482 1149 εἰς
505 1086 813 1152 Αιγυπτον
845 1083 1045 1151 ῥητῶς
1079 1101 1142 1138 τε
1181 1085 1461 1138 καὶκατὰ
1487 1083 1761 1139 διάνοιαν
1787 1086 1915 1138 erie-

392 1153 656 1216 σπίζετο,
709 1153 876 1208 πᾶσά
930 1171 994 1207 τε
1045 1153 1145 1207 ἐπὶ
1187 1153 1299 1222 τῆς
1359 1156 1697 1223 παρουσίας
1729 1155 1916 1210 αὑτοῦ

393 1224 928 1293 καθαιρεθήσεσθαι
957 1223 1075 1277 τῶν
1097 1225 1288 1281 ἐθνῶν
1318 1225 1775 1296 δεισιδαιμονία.

398 1355 420 1391 ο
468 1333 604 1391 Ἰδοὺ
641 1335 847 1410 Κύριος
886 1335 1122 1408 κάθηται
1167 1338 1261 1391 ἐπὶ
1293 1337 1524 1409 νεφέλης
1562 1337 1794 1410 κούφης,
1824 1337 1917 1391 καὶ

310 1424 440 1498 ἥξει
470 1428 551 1490 εἰς
581 1425 890 1495 Αἴγυπτον*
926 1427 1022 1481 καὶ
1059 1427 1401 1500 σεισθήσεται
1444 1427 1514 1481 τὰ
1557 1427 1918 1500 χειροποίητα

311 1519 597 1589 Αἰγύπτου
623 1519 732 1573 ἀπὸ
766 1517 1058 1591 προσώπου
1091 1519 1278 1584 αὐτοῦ,
1310 1520 1403 1574 καὶ
1438 1522 1471 1591 ἠ
1504 1519 1702 1592 καρδία
1737 1518 1916 1572 αὐτῶν

311 1611 687 1683 ήττηθήσεται
710 1614 769 1665 ὲν
804 1612 1006 1676 αὐτοῖς.
1041 1632 1060 1664 ι
1092 1612 1167 1666 Τὸ
1189 1612 1234 1666 δ’
1271 1613 1444 1667 αἴτιον
1471 1611 1566 1666 τοῦ
1595 1612 1686 1666 τὸν
1708 1612 1915 1683 Κύριον

358 1704 472 1771 ξειν
501 1707 580 1768 εἰς
603 1704 873 1774 Αἴγυπτον
907 1704 1280 1771 θεσπίζεσθαι,
1305 1705 1424 1759 τόδε
1467 1707 1558 1779 μοὶ
1584 1703 1724 1760 εἶναι
1747 1705 1911 1759 δοκεῖ.

316 1798 534 1870 Πρῶτοι
563 1798 660 1870 μὲν
696 1799 914 1853 πάντων
941 1798 1228 1867 Αἰγύπτιοι
1258 1800 1358 1872 τῆς
1385 1798 1649 1854 πολυθέου
1675 1802 1771 1855 καὶ
1802 1801 1916 1855 δαι-

318 1891 551 1962 μονικῆς
591 1890 800 1960 πλάνης
851 1889 1200 1962 ἀπάρξασθαι
1240 1891 1510 1960 λέγονται,
1536 1895 1629 1946 καὶ
1661 1896 1774 1958 τοῖς
1801 1893 1912 1947 λοι-

315 1984 444 2045 ποῖς
478 1983 643 2036 πᾶσιν
684 1980 992 2053 ἀνθρώποις
1021 1981 1185 2036 αἴτιοι
1223 1985 1556 2056 καταστῆναι
1587 1985 1916 2057 δεισιδαιμο-

315 2073 460 2136 νίας,
493 2072 630 2126 ἀλλὰ
661 2073 758 2127 καὶ
803 2072 1020 2128 πάντων
1065 2073 1265 2144 μᾶλλον
1298 2076 1426 2148 περὶ
1466 2076 1565 2141 τὰς
1596 2077 1916 2148 δαιμονικὰς

315 2165 604 2236 ἐνεργείας
662 2182 722 2218 τε
777 2165 869 2219 καὶ
916 2167 1268 2237 περιεργείας
1337 2168 1708 2239 ὴσχολῆσθαι·
1769 2167 1912 2225 οὗτοι

311 2257 373 2311 δὲ
433 2257 530 2311 καὶ
589 2256 696 2310 ὑπὸ
740 2257 843 2327 τῆς
896 2257 1080 2311 ἐνθέου
1142 2259 1367 2330 Γραφῆς
1407 2260 1592 2333 ἐχθροὶ
1641 2261 1735 2315 τοῦ
1783 2263 1912 2316 λαοῦ
1946 2296 1989 2354 Β

311 2349 412 2403 τοῦ
480 2349 616 2403 Θεοῦ
670 2350 874 2404 ἄνωθεν
945 2350 1038 2404 καὶ
1101 2350 1161 2417 ἐξ
1229 2351 1407 2424 ἀρχῆς
1473 2354 1750 2423 γεγονέναι
1810 2373 1908 2426 με-

315 2441 725 2513 μαρτύρηνταιο
778 2443 872 2496 καὶ
921 2443 950 2496 ὃ
989 2459 1052 2512 γε
1099 2443 1329 2508 παλαιὸς
1408 2444 1585 2498 αὐτῶν
1658 2446 1910 2517 βασιλεὺς

310 2531 593 2604 ὁμολογῶν
633 2531 708 2604 μὴ
747 2533 945 2587 εἰδέναι
990 2533 1082 2587 τὸν
1126 2534 1330 2606 Κύριον
1354 2534 1790 2606 ἀναγέγραπται,
1819 2537 1908 2591 ὅτε

310 2623 381 2695 δὴ
405 2623 675 2694 ἔφασκεν·
715 2643 734 2675 ι
775 2625 889 2680 Οὐκ
913 2620 1028 2677 οἶδα
1060 2623 1152 2677 τὸν
1185 2624 1412 2696 Κύριον,
1445 2625 1541 2679 καὶ
1565 2626 1656 2678 τὸν
1691 2627 1909 2698 Ἰσραὴλ

309 2718 416 2773 οὐκ
452 2717 811 2784 ἐξαποστελῶ.
837 2737 854 2769 ι
877 2717 948 2771 Τὸ
976 2718 1040 2790 δὴ
1075 2713 1168 2772 οὖν
1199 2717 1348 2789 μέγα
1370 2717 1552 2790 θαῦμα
1591 2719 1691 2791 τῆς
1721 2720 1906 2774 ἐνθέου

309 2809 410 2864 τοῦ
456 2809 692 2882 Χριστοῦ
737 2810 1023 2882 δυνάμεως
1075 2811 1431 2881 παραστῆσαι
1496 2810 1822 2882 βουλόμενος
1877 2814 1906 2865 ὁ

310 2902 493 2973 λόγος,
531 2902 776 2968 θεσπίζει
803 2901 898 2957 τοῦ
929 2902 1135 2976 Κυρίου
1159 2903 1258 2975 τὴν
1291 2906 1372 2968 είς
1395 2904 1669 2974 Αἴγυπτον
1703 2904 1903 2974 ἄφιξιν,

311 2998 399 3067 ἐφ’
507 2997 805 3070 μεταϐολὴν
851 2998 912 3051 ού
973 2998 1072 3069 τὴν
1125 2996 1396 3068 τυχοῦσαν
1440 2997 1552 3050 τῶν
1599 2999 1906 3067 Αἰγυπτίων

311 3087 532 3141 ἔσεσθαι
563 3087 914 3159 προφητεύει,
950 3088 1123 3157 λέγων
1173 3088 1332 3159 ὲξῆςο
1376 3106 1395 3139 ‹
1449 3088 1904 3157 Καὶ’γνώσονται

311 3181 362 3234 οἱ
392 3180 679 3250 Αἰγύπτιοι
717 3180 808 3234 τὸν
845 3181 1071 3254 Κύριον,
1103 3201 1121 3234 ι
1156 3183 1352 3253 οἰπρίν
1393 3182 1467 3254 μὴ
1495 3183 1696 3246 εἰδότες
1717 3184 1900 3249 αὐτὸν,

320 3289 338 3324 ι
370 3273 466 3325 καὶ
484 3271 726 3336 εὔξονται
749 3271 828 3341 τῷ
851 3271 1039 3342 Κυρίῳ
1054 3269 1240 3340 εὐχὰς,
1255 3289 1271 3322 ι
1301 3271 1394 3323 καὶ
1413 3270 1482 3323 τὰ
1494 3270 1702 3336 τούτοις
1728 3289 1903 3344 παρα-

312 3363 535 3435 πλήσια.
612 3364 890 3435 Ἀνωτέρω
924 3363 1022 3434 μὲν
1055 3356 1147 3416 οὖν
1177 3364 1234 3415 ὲν
1283 3363 1361 3434 τῷ
1394 3364 1502 3434 πρὸ
1551 3364 1742 3417 τούτου
1806 3380 1901 3417 κε-

311 3455 526 3527 φαλαίῳ
585 3457 918 3528 κληρονομία
971 3454 1066 3509 τοῦ
1118 3454 1513 3527 θεσπιζομένου
1579 3454 1758 3528 Ἑδὼμ
1808 3457 1901 3510 καὶ

321 3547 495 3602 Ἠσαῦ
521 3547 756 3617 ἐλέγετο,
786 3548 895 3602 τῶν
926 3548 1220 3620 ἀλλοτρίων
1267 3549 1482 3620 Ἰσραὴλ
1514 3549 1657 3604 οὕτω
1701 3567 1901 3621 σημαι-

2536 934 2994 1004 Quemadmodum
3047 932 3306 988 Dominus
3363 932 3610 986 insistens

2097 1011 2233 1065 illud
2282 1009 2422 1080 quod
2473 1008 2770 1080 degsancla
2819 1005 3030 1078 Virgine
3078 1005 3366 1080 assumpsit
3397 1017 3608 1080 corpus,

2093 1073 2338 1138 venturus
2389 1082 2443 1134 in
2504 1078 2795 1148 Egyptum
2853 1073 2931 1131 εντ’
2961 1075 3278 1148 εει-ιιηιίιιιηΔ
3310 1073 3500 1148 verba,
3533 1082 3612 1148 _et

2091 1151 2375 1208 secundum
2393 1143 2704 1204 sententiam
2724 1157 2866 1217 praza
2876 1150 3008 1201 ictus
3024 1157 3121 1209 est,
3137 1145 3406 1216 omnisque
3422 1146 3476 1199 in
3495 1143 3611 1214 ejus

2092 1223 2318 1277 adventu
2341 1219 2616 1276 evertenda
2637 1220 2868 1290 gentium
2889 1218 3211 1286 superstitio.

2094 1356 2113 1389 ι
2141 1336 2282 1392 Ecce
2320 1335 2584 1391 Dominus
2615 1335 2768 1389 sedet
2807 1348 2974 1404 super
3002 1333 3147 1388 nube
3183 1331 3310 1394 levi,
3349 1339 3404 1390 et
3429 1330 3610 1386 veniet

2019 1429 2074 1483 in
2094 1425 2388 1499 Egyptum
2414 1445 2425 1479 :
2450 1434 2505 1479 et
2535 1421 3032 1478 commovebuntur
3053 1417 3363 1475 manufacta
3385 1415 3607 1487 Egypti

2018 1536 2050 1575 a
2103 1520 2244 1576 facie
2295 1518 2438 1589 ejus,
2491 1526 2546 1572 et
2575 1530 2670 1571 cor
2698 1529 2891 1570 eorum
2931 1513 3182 1568 vincetur
3215 1512 3269 1566 in
3303 1510 3436 1581 ipsis
3469 1509 3539 1562 “.
3585 1529 3602 1561 ι

2016 1611 2198 1668 Causa
2237 1627 2406 1682 porro
2458 1623 2559 1665 cur
2589 1607 2851 1663 Dominus
2893 1606 2966 1660 ita
3021 1606 3074 1660 in
3106 1603 3403 1676 Egyptum
3438 1601 3609 1657 desti-

2016 1709 2180 1758 netur
2207 1710 2496 1766 venturus,
2545 1700 2662 1755 haec
2708 1696 2842 1752 mihi
2887 1711 3009 1752 esse
3050 1696 3285 1751 videtur.
3329 1694 3494 1750 Primi
3535 1695 3611 1749 si-

2016 1794 2236 1866 quidem
2263 1793 2509 1849 omnium
2525 1791 2765 1864 [Egyptii
2785 1789 2963 1845 errori
2992 1788 3207 1844 colendi
3238 1789 3441 1843 multos
3472 1786 3608 1841 deos

2017 1903 2083 1943 ac
2107 1886 2388 1942 daemonas
2418 1885 2637 1940 initium
2675 1883 2894 1939 dedisse
2941 1881 3221 1945 dicuntur,
3279 1887 3334 1936 et
3382 1879 3606 1950 reliquis

2017 1977 2290 2034 universis
2322 1976 2650 2032 mortalibus
2685 1973 3092 2047 superstitionis
3137 1983 3390 2029 auctores
3435 1973 3606 2028 exsti-

2016 2072 2173 2137 tisse,
2197 2070 2332 2144 quin
2367 2069 2534 2126 etiam
2576 2069 2822 2125 omnium
2853 2069 3084 2125 aliorum
3125 2067 3379 2129 maxime,
3405 2064 3605 2120 daemo-

2015 2164 2159 2220 nicis
2216 2162 2633 2234 operationibus
2688 2169 2740 2218 et
2802 2159 3220 2217 curiositatibus
3271 2157 3600 2214 studuisse:

2016 2255 2178 2310 iidem
2219 2265 2482 2326 praeterea
2517 2255 2587 2310 ab
2644 2255 2762 2326 ipsa
2819 2252 3104 2325 Scriptura
3153 2250 3336 2306 divina
3414 2249 3604 2306 hostes

2016 2348 2202 2420 pepuli
2243 2347 2337 2404 Dei
2374 2347 2543 2403 fuisse
2570 2346 2945 2418 perhibentur.
2967 2343 3074 2400 Sed
3102 2343 3361 2414 antiquus
3380 2357 3600 2413 quoque

2015 2441 2259 2512 ipsorum
2295 2456 2390 2498 rex
2426 2441 2582 2496 fateri
2631 2456 2691 2495 se
2723 2454 2832 2494 non
2864 2453 3026 2495 nosse
3053 2437 3368 2503 Dominum,
3418 2437 3596 2506 palam

2014 2534 2325 2605 descriptus
2350 2541 2454 2598 est,
2477 2533 2605 2590 dum
2635 2533 2716 2590 sic
2747 2532 2826 2587 ait
2867 2551 2880 2587 :
2918 2551 2936 2584 ι
2985 2531 3103 2586 Non
3127 2535 3252 2588 novi
3280 2531 3593 2597 Dominum,

2013 2635 2068 2683 et
2118 2627 2284 2684 Israel
2331 2643 2441 2682 non
2489 2627 2735 2682 emittam
2780 2629 2846 2681 ’⁸.
2881 2646 2899 2678 ι
2937 2625 3079 2696 Ergo
3108 2625 3299 2695 ingens
3326 2624 3598 2694 quoddam

2014 2720 2211 2776 divinae
2249 2720 2454 2776 Christi
2497 2718 3097 2774 virtutismiraculum
3146 2716 3403 2771 exhibere
3443 2715 3602 2770 nobis

2013 2813 2204 2868 volens
2240 2810 2558 2883 prolihetica
2587 2812 2786 2874 oratio,
2813 2808 3028 2864 Domini
3053 2809 3107 2862 in
3135 2807 3430 2879 Egyptum
3453 2808 3600 2861 canit

2013 2905 2331 2969 adventum,
2347 2903 2510 2976 422
2525 2902 2630 2959 sub
2657 2917 2820 2974 quem
2844 2916 2952 2956 non
2978 2900 3146 2955 levem
3178 2899 3416 2954 futuram
3431 2897 3601 2969 Egy-

2011 2998 2252 3069 ptiorum
2288 2999 2671 3060 mutationem,
2697 2995 2907 3049 divinat
2938 2993 3196 3063 deinceps
3230 2993 3311 3048 sic
3354 2992 3542 3048 dicens
3581 3012 3594 3045 :

2016 3109 2036 3144 ι
2076 3090 2140 3146 Et
2169 3099 2506 3161 cognoscent
2531 3089 2774 3160 Aigyptii
2809 3087 3122 3150 Dominum,
3169 3106 3187 3139 ι
3222 3087 3314 3156 qui
3344 3085 3598 3140 videlicet

2012 3199 2118 3239 non
2167 3184 2571 3254 cognoscebant
2615 3182 2764 3236 illum
2799 3181 2974 3250 prius,
3017 3199 3035 3231 ‹
3081 3187 3134 3234 et
3189 3178 3457 3233 vovcbunt
3489 3176 3596 3231 Do-

2009 3278 2158 3330 mino
2189 3285 2315 3332 vota
2339 3277 2407 3340 ",
2443 3296 2460 3328 ι
2496 3284 2549 3331 et
2589 3291 2712 3345 qua:
2756 3274 2842 3329 his
2874 3274 3076 3329 similia
3124 3279 3449 3342 sequuntur.
3489 3267 3598 3324 Su-

2010 3368 2211 3439 periuri
2242 3369 2462 3438 quidem
2507 3367 2760 3438 proximo
2787 3366 2966 3436 capite
2997 3363 3286 3420 haereditas
3315 3364 3466 3434 ejus,
3499 3363 3594 3433 qui

2011 3468 2273 3516 venturus
2303 3461 2541 3524 canitur,
2575 3459 2746 3515 Edom
2772 3467 2825 3514 et
2857 3458 3001 3512 Esau
3029 3457 3336 3519 dicebatur,
3390 3455 3594 3526 quippe

2006 3567 2131 3606 cum
2160 3552 2320 3605 alieni
2361 3556 2429 3606 ab
2464 3550 2628 3606 Israel
2661 3566 2726 3605 eo
2773 3551 2936 3606 modo
2980 3550 3421 3620 significarentur
3453 3565 3467 3601 :
3504 3546 3594 3600 hic

309 3639 554 3710 νομένων
574 3656 588 3669 ·
623 3637 856 3692 ἐνταῦθα
893 3639 950 3692 δὲ
979 3641 1012 3711 ἡ
1050 3639 1341 3708 Αἴγυπτος,
1373 3639 1503 3702 λαὸς
1528 3639 1628 3692 ούκ
1657 3639 1761 3706 ἔτι,
1790 3639 1899 3695 τῶν

2009 3660 2136 3700 vero
2181 3653 2235 3700 et
2288 3643 2558 3716 :‘Egvptus
2586 3652 2640 3700 et
2691 3643 2910 3715 [Egypti
2940 3643 3196 3713 populus,
3223 3658 3334 3698 non
3367 3642 3596 3696 simula-

307 3730 565 3794 εἰδώλων,
591 3729 706 3783 ἀλλ’
732 3729 898 3784 αὐτού
925 3729 1020 3783 τοῦ
1050 3729 1201 3802 παρὰ
1227 3732 1339 3794 τοῖς
1385 3727 1655 3784 Ἰουδαίων
1689 3733 1902 3803 προφή-

303 3839 430 3886 ταις
487 3821 905 3894 θεολογουμένου
963 3823 1170 3895 Κυρίου
1223 3822 1564 3888 θεσπίζεται.
1626 3825 1804 3896 "Amp
1850 3827 1899 3879 εἱ

309 3916 411 3986 μὲν
467 3917 541 3986 μὴ
585 3915 706 3986 ὄψει
756 3915 1158 3986 συντελούμενα
1183 3915 1488 3987 θεωρεῖται,
1517 3917 1617 3970 οὐκ
1649 3916 1794 3971 ἔστιν
1824 3919 1901 3970 εἰ·

305 4009 430 4061 πεῖν
480 4007 578 4079 τὴν
628 4007 1023 4079 θεσπιζομένην
1073 4009 1257 4077 ἄφιξιν
1292 4008 1386 4062 τοῦ
1439 4008 1642 4081 Κυρίου
1682 4011 1762 4072 εἰς
1800 4010 1898 4080 τὴν

302 4101 582 4169 Αἴγυπτον
626 4101 905 4168 γεγονέναι
927 4117 941 4131 ⁸
970 4102 1018 4153 εἰ
1058 4099 1114 4153 δὲ
1142 4101 1282 4172 ὑπὲρ
1311 4101 1488 4154 πάντα
1525 4100 1680 4170 λόγον
1706 4105 1738 4172 ἡ
1765 4101 1897 4173 ἀλή-

305 4194 429 4247 θεια
449 4196 715 4264 μαρτυρεῖ
739 4195 851 4257 τοῖς
877 4193 1184 4264 πράγμασι,
1214 4194 1308 4247 καί⁹
1333 4197 1447 4257 τοῖς
1479 4191 1898 4264 ἀγνωμονεστά-

304 4303 420 4349 τοις
447 4284 692 4358 ἐναργῶς
723 4285 992 4339 δείκνυσιν
1037 4287 1235 4350 αὐτοὺς
1275 4287 1624 4357 Αἰγυπτίους,
1657 4287 1754 4357 τῆς
1798 4288 1896 4357 μὲν

308 4377 367 4444 ἐξ
399 4379 592 4442 αἰῶνος
638 4377 1120 4449 πατροπαραδότου
1161 4377 1584 4450 δεισιδαιμονίας
1617 4378 1896 4448 ἀνακεχω-

311 4472 564 4542 ρηκότας,
587 4470 964 4534 οἰκειωθέντας
989 4471 1046 4524 δὲ
1069 4471 1147 4542 τῷ
1171 4469 1289 4541 Θεῷ
1314 4470 1423 4524 τῶν
1448 4469 1624 4525 ταῦτα
1651 4487 1894 4542 προανα-

307 4561 670 4630 φωνησάντων
710 4559 1024 4633 προφητῶν,
1064 4562 1160 4614 καὶ
1190 4561 1377 4615 τοῦτον
1417 4561 1574 4632 μόνον
1618 4560 1890 4625 σέϐοντας,

305 4653 401 4707 καὶ
439 4652 618 4705 πάντα
670 4651 898 4706 θάνατον
944 4653 1360 4725 ἀσπαζομένους
1385 4653 1527 4725 ὑπὲρ
1559 4652 1659 4724 τῆς
1687 4653 1768 4716 εἰς
1795 4652 1894 4706 αύ-

304 4746 396 4800 τδν
423 4745 730 4810 εὐσεϐείας·
762 4745 879 4817 ὥρα
915 4745 990 4818 μὴ
1017 4746 1191 4811 ἄλλως
1219 4746 1394 4801 ταῦτα
1423 4747 1706 4816 γεγονέναι
1761 4763 1888 4800 συν-

303 4835 586 4906 ομολογεῖν
611 4835 644 4907 ἢ
669 4834 762 4888 τοῦ
790 4836 993 4909 Κυρίου
1021 4837 1343 4908 ἐληλυθότος
1365 4841 1444 4901 είς
1467 4837 1742 4908 Αἴγυπτον
1755 4839 1887 4892 ἀκο-

302 4926 510 4991 λούθως
541 4929 606 5000 τῇ
640 4930 976 5001 προκειμένῃ
1009 4931 1333 5002 προρρήσει.
1366 4931 1522 4984 Ἔστι
1546 4931 1646 5002 μὲν
1677 4927 1769 4985 οὖν
1795 4932 1889 4985 καὶ

2004 3752 2222 3792 crorum
2261 3739 2497 3807 amplius
2552 3737 2772 3792 futurus
2827 3737 3065 3803 canitur,
3103 3736 3198 3791 sed
3225 3737 3344 3807 ejus
3377 3735 3591 3792 Domlui

2003 3829 2096 3898 qui
2137 3827 2280 3897 apud
2315 3826 2630 3882 Iudaeorum
2661 3826 2958 3898 prophetas
2985 3842 3084 3898 pro
3112 3826 3222 3882 Deo
3251 3827 3584 3882 celebratur.

2003 3919 2135 3985 Quae
2158 3919 2202 3973 si
2227 3919 2402 3974 oculis
2433 3919 2701 3988 completa
2731 3935 2841 3974 non
2876 3927 3201 3986 cernuntur,
3236 3936 3304 3974 ne
3339 3919 3589 3974 dicamus

2003 4027 2135 4068 sane
2160 4010 2451 4066 adventum
2496 4011 2646 4065 illum
2684 4011 2920 4075 Domini,
2951 4012 3045 4082 qui
3091 4012 3146 4065 in
3179 4011 3474 4083 IEgyptum
3502 4011 3590 4066 fu-

2003 4114 2159 4161 turus
2216 4106 2554 4177 prmdicitur,
2618 4105 2789 4161 fuisse
2856 4105 3057 4160 adhuc.
3131 4102 3237 4159 Sed
3303 4106 3350 4160 si
3419 4120 3589 4175 supra

2002 4213 2218 4252 omnem
2269 4197 2559 4261 rationem,
2617 4197 2782 4251 rebus
2835 4194 2993 4249 fidem
3029 4194 3148 4264 ipsa
3183 4196 3388 4249 veritas
3434 4193 3585 4258 facit,

2000 4296 2164 4359 atque
2193 4289 2356 4343 etiam
2398 4287 2710 4342 rudissimis
2749 4295 2803 4341 et
2853 4301 3020 4341 sensu
3065 4287 3212 4340 omni
3269 4287 3586 4342 carentibus

1999 4381 2280 4436 evidenter
2305 4379 2567 4443 ostendit,
2627 4380 2776 4449 ipsos
2811 4377 3100 4449 Egyptios
3129 4379 3198 4434 ab
3225 4395 3288 4434 ea
3315 4380 3586 4450 supersti-
3646 4363 3650 4367 ’

1999 4475 2147 4528 tione
2187 4473 2505 4536 recessisse,
2542 4487 2706 4546 quam
2737 4488 2914 4543 usque
2950 4473 3020 4527 ab
3061 4472 3221 4527 initio
3265 4487 3296 4527 a
3331 4471 3586 4543 patribus

2000 4566 2116 4620 suis
2170 4573 2532 4636 acceperant,
2595 4566 2784 4636 illique
2842 4565 2953 4622 Deo
3014 4565 3332 4629 adhaesisse,
3392 4566 3483 4636 qui
3553 4582 3586 4621 a

1998 4655 2282 4727 prophetis
2312 4657 2427 4712 lucc
2456 4656 2574 4728 ipsa
2603 4656 2979 4712 divinantibus
3007 4657 3382 4721 colebatur,et
3414 4671 3586 4710 unum

1997 4747 2142 4804 hunc
2174 4748 2392 4804 interim
2422 4751 2622 4814 colere,
2651 4765 2828 4821 neque
2863 4751 3028 4805 ullam
3063 4759 3292 4807 mortem
3326 4765 3585 4806 recusare

1995 4857 2098 4914 pro
2129 4843 2281 4898 cultu
2334 4851 2389 4900 et
2428 4846 2629 4914 pietate
2683 4859 2813 4916 erga
2843 4845 3038 4899 illum:
3085 4843 3217 4916 quid
3270 4844 3420 4899 aliud
3467 4844 3580 4915 jam

1998 4943 2270 5005 superest,
2298 4935 2409 4992 nisi
2461 4943 2520 4991 ut
2575 4936 2846 4993 fateamur
2892 4953 3002 4992 non
3037 4939 3195 4994 aliter
3249 4937 3354 4993 ista
3403 4939 3584 4992 conti-

303 5017 478 5081 ἄλλως
501 5017 594 5072 τὸν
619 5019 778 5089 λόγον
805 5020 1136 5077 αἰνίττεσθαι
1168 5022 1449 5094 τροπικῶς
1475 5024 1566 5077 τὸν
1609 5023 1888 5096 περίγειον

2006 5027 2162 5098 gisse,
2199 5041 2363 5098 quam
2395 5042 2493 5098 per
2537 5027 2754 5085 Domini
2809 5028 2865 5083 in
2919 5025 3214 5099 Egyptum
3260 5027 3579 5090 adventum,

304 5111 530 5182 κόσμον,
570 5114 650 5177 εἰς
691 5113 749 5166 ὃν
790 5115 820 5166 ὁ
864 5114 1020 5183 λόγος
1064 5115 1399 5187 προφητεύει
1427 5115 1521 5169 τὸν
1551 5115 1756 5187 Κύριον
1800 5117 1893 5170 ἐπὶ

305 5204 535 5276 νεφέλης
579 5205 789 5278 κούφης
834 5206 1007 5276 ἥξειν,
1052 5207 1199 5262 οὓτω
1246 5208 1336 5262 τὸν
1377 5211 1442 5262 ὲκ
1487 5207 1768 5280 Παρθένου
1799 5209 1893 5262 καὶ

304 5295 621 5369 Πνεύματος
660 5300 814 5368 ἁγίου
855 5299 1126 5372 ληφθέντα
1150 5300 1299 5372 αὑτῷ
1336 5301 1621 5373 ἄνθρωπον
1660 5301 1892 5355 αἰνιττό-

308 5401 464 5456 μενος
485 5404 499 5421 ο
529 5390 881 5464 χειροποίητα
907 5391 962 5445 δὲ
986 5392 1263 5461 Αἰγύπτου
1287 5393 1667 5466 σεισθήσεσθαι
1688 5393 1758 5447 τὰ
1776 5393 1887 5446 τῶν

301 5478 470 5534 ἐθνῶν
519 5481 702 5548 ξόανα,
733 5485 826 5537 καὶ
871 5484 1002 5548 τοὺς
1050 5486 1106 5539 ἐν
1146 5486 1332 5550 αὐτοῖς
1373 5486 1655 5558 δαίμονας,
1702 5487 1778 5550 ὼς
1816 5483 1884 5542 αὖ

301 5572 464 5625 πάλιν
514 5576 848 5644 Αἰγυπτίους
901 5577 1250 5648 ἡττωμένους
1300 5578 1508 5644 πάντας
1555 5581 1681 5642 τοὺς
1721 5581 1887 5636 παλαι

299 5663 564 5737 πρότερον
632 5668 761 5740 περὶ
822 5669 922 5742 τὴν
995 5670 1438 5744 εἰδωλολατρείαν
1493 5673 1891 5744 ὲτττοημένουςς

370 5821 413 5855 ³⁵
449 5821 556 5880 ιω.
591 5840 720 5895 tux,
763 5826 812 5883 ἰ.
894 5828 940 5860 ³⁸
981 5827 1150 5885 Exod.
1185 5845 1212 5884 τ
1237 5871 1250 5897 ,
1283 5831 1334 5884 ε.
1414 5832 1457 5862 ³⁸
1500 5829 1632 5888 ibid.
1667 5830 1755 5888 21.

1995 5117 2142 5173 sicut
2171 5119 2492 5174 vaticinium
2525 5120 2774 5191 proxime
2826 5121 3137 5191 expositum
3195 5119 3585 5190 significabat?

1995 5208 2062 5264 Et
2085 5210 2221 5265 nihil
2239 5211 2458 5281 quidem
2484 5211 2710 5282 impedit
2731 5213 2891 5267 aliter
2911 5227 3130 5283 quoque
3158 5211 3302 5268 idem
3331 5213 3584 5283 accipere

1993 5301 2298 5364 oraculum,
2317 5311 2375 5357 ut
2403 5302 2659 5358 videlicet
2688 5302 2916 5372 ﬁgurate
2940 5311 3219 5358 terrenum
3249 5303 3397 5358 hunc
3427 5317 3583 5357 mun-

1991 5393 2122 5448 dum
2148 5393 2422 5466 significet
2448 5413 2462 5449 :
2486 5395 2542 5449 in
2567 5410 2728 5466 quem
2751 5395 2915 5449 verba
2955 5395 3074 5466 ipsa
3097 5393 3387 5451 Dominum
3413 5410 3580 5466 super

1992 5487 2140 5542 nube
2159 5486 2262 5542 levi
2293 5497 2582 5542 venturum
2617 5487 2982 5542 vaticinentur
3016 5505 3028 5542 :
3062 5487 3266 5558 quippe
3312 5503 3436 5558 quae
3472 5483 3578 5542 hoc

1994 5580 2158 5636 modo
2185 5581 2459 5636 hominem
2495 5582 2563 5636 ab
2594 5581 2688 5636 illo
2721 5581 2789 5636 de
2825 5580 3046 5652 Virgine
3073 5589 3128 5637 et
3159 5581 3364 5652 Spiritu
3384 5590 3578 5637 sancto

2000 5683 2364 5747 assumptum,
2418 5674 2646 5748 intelligi
2711 5675 2898 5731 velint.
2961 5673 3123 5732 Manu
3181 5682 3374 5736 autem
3429 5674 3576 5729 facta
