4106 6420
532 353 640 412 659

1170 348 1442 409 EL'SEBII
1475 346 1958 407 CA'ZSARlENSlS
1995 347 2148 404 OPP.
2192 345 2391 403 PARS.
2433 344 2587 402 Il.-—
2622 341 3125 401 APOLOGETICA.

3695 340 3809 394 660

532 468 753 542 «Egypti
785 471 1200 533 commovenda,
1254 468 1368 540 ipsa
1403 467 1645 539 gentium
1698 464 1993 520 simulacra
2016 504 2031 528 ,
2059 478 2089 518 e

2216 461 2364 534 Πλὴν
2395 461 2531 516 ἀλλὰ
2550 461 2644 515 καὶ
2676 459 3007 531 σωματικῶς
3024 460 3117 514 τοῦ
3151 460 3407 533 Σωτῆρος
3437 461 3595 534 ἡμῶν
3624 464 3790 516 ἑπεισ

530 558 586 614 in
621 561 727 615 illis
756 560 1064 615 habitantes
1087 560 1386 626 dmmonas,
1422 559 1565 615 sicut
1592 573 1788 613 rursus
1822 555 2108 628 Egyptins

526 653 727 717 victos,
763 668 956 709 omnes
1004 653 1283 724 prioribus
1311 653 1439 709 olim
1476 650 1815 721 temporibus
1863 647 2108 704 colendis

528 741 841 798 simulacris
871 732 1139 799 addiCtos.
1178 742 1430 798 Attamen
1461 758 1584 798 cum
1635 741 1800 800 etiam
1837 740 1953 811 ipso
1984 754 2108 795 cor—

525 849 660 905 pore
692 832 945 890 Salvator
973 843 1161 891 noster
1206 838 1260 889 in
1316 844 1519 891 terram
1553 831 1865 905 Egyptian)
1916 840 2107 888 vectus

527 926 617 986 sit.
648 942 759 995 quo
784 934 1030 997 tempore
1054 928 1283 982 oraculo
1318 927 1556 983 monitus
1606 924 1807 996 Joseph
1842 923 2103 987 surrexit,

525 1017 863 1091 Mariamque
892 1036 999 1075 una
1044 1036 1168 1075 cum
1220 1022 1450 1091 puerulo
1488 1019 1730 1091 accepitf,
1766 1026 1819 1072 ct
1848 1032 1971 1072 cum
2006 1031 2104 1070 oc-

523 1111 670 1167 culta
718 1127 817 1168 sua
845 1112 1046 1169 virtute
1074 1120 1238 1183 atque
1265 1110 1501 1167 efficacia
1552 1110 1607 1165 in
1642 1109 1935 1181 Egyptum
1981 1123 2107 1178 per-

519 1202 694 1268 venit,
747 1204 1017 1275 malignas
1068 1204 1144 1259 ibi
1202 1203 1357 1274 prius
1411 1202 1727 1257 habitantes
1784 1207 2103 1270 potestates,

2216 557 2568 628 κομισθέντος
2636 558 2701 627 τῇ
2754 555 3064 623 Αἰγυπτίων
3123 553 3297 627 χώρᾳ,
3343 555 3454 617 ὅτε,
3502 556 3643 610 κατὰ
3709 554 3806 608 τὸν

2215 648 2482 722 χρησμὸν,
2522 646 2758 711 ἀναστὰς
2802 650 2831 701 6
2881 647 3077 719 Ἰωσὴφ
3124 646 3397 719 παρέλαϐε
3427 647 3524 718 τὴν
3564 647 3809 719 Μαριὰμ

2214 743 2311 796 καὶ
2342 741 2403 794 τὸ
2444 740 2677 806 παιδίον,
2710 741 2803 795 καὶ
2847 736 3012 812 ἦλθεν
3059 741 3140 805 εἰς
3178 739 3471 810 Αἴγυπτον,
3501 741 3810 813 ἀπορρήτῳ

2210 835 2437 908 δυνάμει
2493 834 2589 889 καὶ
2635 833 2885 906 ἐνεργείᾳ
2927 832 3026 897 τὰς
3050 831 3238 887 αὐτόθι
3280 831 3342 886 τὸ
3384 832 3513 904 πρὶν
3544 832 3805 897 οἰκούσας

2212 928 2455 998 πονηρὰς
2496 927 2757 999 δυνάμεις
2790 926 2936 991 εἰκὸς
2979 927 3040 979 ού
3076 926 3288 998 μικρῶς
3325 925 3666 995 κεκινῆσθαι,
3702 924 3805 978 καὶ

2210 1018 2446 1090 μάλιστα
2498 1020 2586 1072 ὅτε
2619 1019 2708 1073 διὰ
2734 1020 2832 1091 τῆς
2886 1018 3179 1089 μετέπειτα
3224 1016 3571 1080 διδασκαλίας
3627 1013 3803 1070 αὑτοῦ

2210 1110 2378 1182 μυρία
2412 1110 2592 1181 πλήθη
2619 1110 2729 1163 τῶν
2778 1110 2874 1182 τὴν
2913 1111 3186 1179 Αἴγυπτον
3214 1109 3526 1170 οἰκούντων,
3560 1109 3661 1179 τῆς
3686 1106 3804 1160 τῶν

2205 1202 2475 1275 δαιμόνων
2529 1204 2878 1273 ἀποφυγόντα
2928 1203 3269 1274 πλανήσεως,
3303 1203 3383 1256 ἐτι
3430 1203 3522 1257 καί
3566 1201 3662 1255 νῦν
3704 1201 3804 1254 τὴν

521 1312 631 1353 non
655 1296 1003 1353 mediocriter
1028 1304 1331 1353 commotas
1350 1294 1519 1351 fuisse
1545 1309 1643 1365 par
1667 1299 1839 1355 cst,et
1868 1291 2090 1345 maximt

2207 1292 2316 1346 τῶν
2340 1293 2476 1347 ὅλων
2518 1293 2771 1364 ὁμολογεῖ
2804 1293 2962 1364 μόνον
3008 1294 3202 1348 εἰδέναι
3229 1293 3382 1349 Θεό-ν.
3412 1293 3493 1348 Τὰ
3525 1292 3569 1346 δ’
3599 1294 3656 1345 ἐν
3680 1295 3805 1354 τοῖς

521 1404 646 1443 cun
696 1398 885 1459 postea
942 1406 1039 1459 per
1092 1390 1241 1444 illius
1302 1388 1609 1443 doctrinam
1670 1383 2090 1441 innumerabiles

2210 1384 2337 1455 ἑξῆς
2384 1387 2766 1460 ἐπιλεγόμενα,
2820 1388 3193 1459 αἰνιγματώδη
3246 1388 3396 1451 ὄντα,
3440 1386 3683 1452 πλείονός
3733 1404 3799 1441 τε

520 1496 733 1544 eorum,
765 1482 859 1552 qui
903 1480 1197 1554 Aigyptnm
1232 1482 1479 1545 incolunt
1530 1486 1867 1541 conventus,
1915 1476 1984 1531 ab
2012 1491 2090 1531 er-

2207 1477 2436 1550 δεόμενα
2490 1482 2893 1553 πραγματείας,
2934 1483 3025 1535 ἐπ’
3047 1480 3254 1547 οἰκείας
3286 1481 3476 1553 σχολῆς
3523 1480 3799 1555 ἑρμηνεύ-

520 1586 646 1626 rore
679 1587 744 1628 ac
780 1572 974 1628 fraude
1017 1574 1326 1631 daemonum
1367 1572 1725 1635 recedentes,
1760 1571 1925 1625 etiam
1954 1584 2101 1623 nunc
2211 1588 2395 1644 σομεν.

519 1678 689 1717 unum
721 1664 962 1719 universi
994 1663 1163 1720 Deum
1209 1681 1269 1721 se
1306 1680 1472 1721 nosse
1503 1660 1996 1737 fateantur.1423
2045 1660 2177 1732 Quae
2217 1680 2346 1722 vero
2404 1667 2664 1739 deinceps
2709 1678 3033 1742 sequuntur,
3077 1686 3201 1726 cum
3245 1667 3664 1726 obscurioribus
3732 1661 3798 1716 ﬁ-

519 1754 673 1823 guris
711 1755 971 1826 implicita
996 1759 1125 1821 sint,
1168 1772 1422 1830 curaeque
1456 1773 1520 1812 ac
1566 1757 1860 1829 diligentia:
1920 1754 2149 1825 majoris
2189 1756 2491 1832 indigeant,
2551 1764 2691 1821 alias
2733 1780 3018 1831 seorsum,
3069 1779 3196 1820 cum
3236 1780 3332 1836 per
3367 1762 3537 1819 otium
3582 1760 3793 1832 licebit,

518 1847 1021 1918 interpretabimur.

519 1985 560 2041 Α
604 1983 878 2041 Numeris.
923 2017 996 2028 —
1038 1988 1497 2064 Quemadmodum
1544 1989 1791 2046 Christus
1834 1990 1888 2043 in
1928 1986 2090 2064 {Egy-

2218 1988 2359 2044 Ἀπὸ
2395 1989 2939 2064 τῶῖ-Ἀριθμῶνς-
2965 1993 3062 2059 Ὠς
3102 1996 3136 2047 ό
3185 1990 3439 2061 Χριστὸς
3481 1996 3571 2060 εἰς
3613 1994 3797 2064 Αἴγυ-

585 2068 734 2197 ριωηι
764 2066 1036 2122 venturus,
1076 2069 1233 2131 atque
1275 2062 1426 2116 illinc
1464 2078 1769 2117 reversurus
1813 2059 2103 2132 prwdictus

614 2137 772 2183 uerti.

614 2137 772 2183 uerit.

597 2258 617 2292 ι
649 2240 798 2296 Dixit
830 2241 1051 2298 Balaam
1101 2245 1242 2300 filius
1275 2244 1413 2301 Beor
1447 2264 1461 2299 :
1496 2245 1634 2300 dixit
1662 2245 1827 2302 homo
1856 2245 1950 2316 qui
1977 2259 2104 2301 vere

515 2333 687 2400 videt,
721 2332 859 2388 dixit
903 2335 998 2404 qui
1029 2334 1182 2390 audit
1208 2337 1432 2392 oracula
1469 2337 1648 2403 fortis,
1694 2339 1789 2409 qui
1833 2337 2101 2393 visionem

514 2424 612 2480 Dei
679 2426 852 2492 vidit,
910 2428 965 2483 in
1023 2444 1218 2485 somno
1285 2431 1460 2501 aperti
1510 2431 1655 2487 oculi
1719 2430 1875 2502 ejus,
1935 2444 2098 2501 quam

515 2519 758 2588 pulchrae
780 2520 976 2577 domus
1009 2530 1114 2577 tuae
1136 2519 1344 2589 Jacob,
1376 2525 1726 2581 tabernacula
1769 2533 1863 2579 tua
1907 2523 2097 2589 Israel,

516 2616 575 2662 nt
605 2611 778 2667 saltus
802 2613 1069 2680 umbrosi,
1095 2622 1151 2671 et
1177 2616 1338 2685 quasi
1370 2616 1563 2673 hortus
1591 2616 1751 2687 juxta
1773 2616 2019 2682 ﬂuuiina,
2044 2623 2100 2672 et

513 2702 673 2771 quasi
709 2703 1061 2760 tabernacula
1090 2722 1213 2777 qua:
1254 2706 1369 2769 fixit
1399 2707 1686 2774 Dominus,
1710 2710 1870 2781 quasi
1898 2709 2099 2765 cedrus

507 2791 666 2864 juxta
698 2809 893 2866 aquas.
923 2796 1250 2869 Egredietur
1288 2801 1454 2858 homo
1504 2803 1574 2860 de
1619 2803 1829 2860 semine
1874 2804 2018 2876 ejus,
2043 2813 2099 2862 et

510 2885 887 2943 dominabitur
935 2891 1190 2961 gentibus
1251 2894 1471 2961 multis,
1526 2903 1583 2953 et
1627 2896 1926 2952 extolletur
1980 2894 2099 2969 Gog

509 2994 762 3049 regnum,
815 2988 872 3038 et
917 2984 1206 3055 augebitur
1250 3002 1476 3058 regnum
1527 2987 1669 3058 ejus,
1739 2988 1885 3048 Deus
1938 2991 2097 3046 duxit

508 3071 669 3127 illum
715 3088 782 3128 ex
834 3073 1093 3147 Egypto,
1147 3080 1305 3148 quasi
1361 3080 1534 3150 gloria
1568 3081 1936 3140 rhinocerotis
1992 3084 2092 3148 illi,

2274 2077 2430 2116 πῖον
2471 2062 2665 2131 ἥξειν,
2722 2062 2998 2119 κάκεῖθεν
3039 2063 3555 2120 ἐπανελεύσεσθαι
3585 2062 3791 2134 προεί-

2264 2150 2435 2201 ρητο.

2274 2270 2302 2298 α
2334 2248 2472 2320 Φησὶ
2517 2249 2748 2322 Βαλαὰμ
2796 2248 2910 2313 υἱὸς
2942 2248 3120 2320 Βεὼρ·
3169 2248 3331 2318 φησιν
3375 2248 3403 2300 6
3436 2247 3723 2320 ἄνθρωπος
3763 2248 3795 2301 6

2202 2338 2474 2412 ἀληθινῶς
2518 2339 2680 2413 ὁρῶν,
2718 2340 2883 2411 φησὶν
2920 2341 3135 2395 ἀκούων
3177 2340 3330 2409 λόγια
3369 2338 3615 2410 ἰσχυροῦ,
3639 2330 3792 2402 ὅστις

2200 2434 2391 2505 ὅρασιν
2446 2432 2583 2487 Θεοῦ
2633 2431 2806 2498 εἶδεν,
2851 2436 2908 2487 ἐν
2967 2434 3120 2500 ὕπνῳ
3166 2431 3686 2503 ἀποκεκαλυμμένοι
3737 2432 3790 2485 οἱ

2200 2526 2469 2598 ὀφθαλμοὶ
2519 2526 2707 2592 αὑτοῦ,
2747 2528 2824 2591 ὡς
2871 2527 3025 2581 καλοὶ
3053 2530 3103 2580 οἰ
3149 2521 3287 2581 οἶκοί
3316 2543 3434 2591 σου,
3474 2523 3693 2590 Ἰακὼϐ,
3728 2525 3790 2579 αἱ

2202 2619 2399 2691 σκηναί
2445 2637 2561 2685 σου,
2609 2619 2846 2694 Ἰσραὴλ,
2892 2620 3024 2675 ὡσεί
3073 2619 3241 2675 νάπαι
3298 2616 3644 2684 σκιάζουσαι,
3691 2618 3792 2674 καὶ

2197 2713 2275 2778 ὼς
2323 2713 2650 2784 παράδεισος
2705 2715 2800 2768 ἐπὶ
2851 2712 3134 2786 ποταμῶν,
3163 2713 3257 2769 καὶ
3290 2712 3423 2767 ὡσεὶ
3474 2712 3692 2784 σκηναὶ,
3720 2711 3789 2778 ἃς

2198 2805 2367 2878 ἔπηξε
2403 2806 2625 2879 Κύριος,
2650 2807 2782 2862 ὼσεί
2803 2808 2986 2880 κέδροι
3018 2809 3147 2881 παρ’
3183 2806 3372 2862 ὕδατα.
3417 2806 3789 2873 Ἐξελεύσεται

2196 2898 2485 2972 ἄνθρωπος
2540 2901 2604 2953 ἐκ
2654 2899 2749 2953 τοῦ
2799 2899 3112 2971 σπέρματος
3141 2899 3334 2964 αὐτοῦ,
3370 2901 3465 2955 καὶ
3502 2899 3790 2972 κυριεύσει

2196 2990 2367 3046 ἐθνῶν
2400 2992 2636 3057 πολλῶν,
2667 2993 2762 3047 καὶ
2807 2993 3154 3065 ὑψωθήσεται
3184 2994 3219 3065 ἡ
3247 2992 3369 3063 Γὼγ
3402 2992 3671 3063 βασιλεία,
3688 2995 3792 3049 καὶ

2195 3084 2623 3158 αύξηθήσεταιή
2660 3086 2905 3158 βασιλεία
2946 3086 3134 3141 αὑτοῦ.
3168 3086 3301 3151 Θεὸς
3352 3070 3636 3158 ὡδήγησεν
3685 3087 3790 3140 αύ-

518 3160 815 3219 Devorabit
840 3173 1033 3236 gentes
1058 3166 1409 3224 inimicorum
1442 3185 1693 3239 suorum,
1738 3181 1794 3229 et
1826 3175 2090 3230 crassitu.

2194 3179 2285 3234 τὸν
2318 3178 2379 3244 ἐξ
2409 3179 2708 3249 Αἰγύπτου,
2741 3179 2816 3244 ὡς
2843 3179 2973 3246 δόξα
3010 3178 3380 3249 μονοκέρωτος
3426 3178 3596 3250 αὐτῷ.
3629 3178 3788 3232 Ἐδε-

508 3255 672 3315 dines
696 3271 887 3312 eorum
913 3260 1241 3326 attenuabit,
1272 3268 1329 3317 et
1373 3262 1576 3331 jaculis
1621 3266 1740 3322 suis
1775 3265 1931 3323 feriet
1981 3269 2090 3324 ini-

2194 3289 2283 3325 ται
2318 3271 2442 3343 ἔθνη
2477 3270 2686 3343 ἐχθρῶν
2720 3271 2907 3335 αὑτοῦ,
2944 3271 3038 3325 καὶ
3074 3272 3143 3324 τὰ
3185 3271 3336 3342 πάχη
3385 3271 3565 3325 αὐτῶν
3607 3273 3786 3343 ἐκμυ-

508 3348 735 3401 micum.
763 3347 1055 3408 Accubans
1081 3352 1289 3423 quievit
1313 3361 1370 3409 ut
1396 3355 1500 3420 leo,
1524 3365 1578 3412 et
1605 3363 1666 3411 ut
1697 3359 1936 3425 catulus,
1969 3360 2090 3431 quis

2196 3361 2320 3427 λιεῖ,
2355 3363 2449 3416 καὶ
2496 3364 2615 3426 ταῖς
2665 3362 2867 3433 βολίσιν
2900 3361 3065 3417 αὑτοῦ
3125 3361 3513 3427 κατατοξεύσει
3561 3361 3784 3435 ἐχθρόν.

506 3437 771 3495 excitabit
821 3440 1017 3496 illum?
1054 3443 1146 3514 qui
1193 3443 1522 3502 benedicunt
1571 3448 1694 3514 tibi,
1747 3449 1883 3520 ipsis
1924 3451 2090 3507 bene—

2196 3452 2563 3518 Κατακλιθεὶς
2606 3454 2951 3510 ἀνεπαύσατο
2988 3454 3064 3519 ὡς
3088 3454 3244 3517 λέων,
3278 3456 3372 3509 καὶ
3400 3455 3476 3519 ὼς
3507 3454 3782 3526 σκύμνοςο

2193 3548 2279 3612 τίς
2311 3550 2496 3621 ἐγερεῖ
2541 3548 2738 3615 αύτόν;
2767 3551 2817 3602 οἰ
2844 3547 3192 3619 εὐλογοῦντες
3216 3566 3274 3602 σε
3309 3548 3650 3620 εύλόγηνται,
3685 3549 3783 3605 καὶ

2193 3643 2243 3696 ot
2272 3640 2653 3714 καταρῶμενοί
2681 3658 2740 3694 σε
2778 3644 3199 3713 κεκατήρανται.
3231 3659 3250 3693 ι
3270 3640 3552 3712 Ἀνωτέρω
3577 3640 3666 3693 διὰ
3680 3639 3783 3710 τῆς

2194 3736 2643 3808 προτεταγμένης
2694 3734 3029 3807 προφητέας
3088 3736 3266 3805 φήσας
3317 3737 3346 3787 6
3391 3734 3639 3806 χρησμὸς
3687 3733 3785 3788 τὸν

2192 3829 2398 3902 Κύριον
2425 3830 2575 3901 ἥξειν
2609 3830 2690 3892 εἰς
2730 3828 3024 3896 Αἴγυπτον,
3057 3827 3246 3898 ἐδήλου
3277 3826 3373 3896 τὴν
3395 3826 3489 3880 τοῦ
3526 3827 3782 3897 Σωτῆρος

2193 3923 2349 3995 ἡμῶν
2397 3922 2572 3993 Ἰησοῦ
2609 3921 2846 3995 Χριστοῦ
2877 3920 3217 3994 διακυμιδὴν,
3246 3919 3344 3992 τὴν
3384 3919 3501 3992 ἅμα
3545 3922 3657 3984 τοῖς
3690 3935 3787 3988 γοε

2191 4015 2376 4071 νεῦσιν
2422 4017 2504 4078 είς
2529 4015 2806 4083 Αἴγυπτον
2849 4014 2996 4086 αύτῷ
3026 4014 3428 4087 γενησομένην
3464 4015 3522 4066 ὲν
3567 4011 3780 4076 τούτοις

2190 4108 2247 4163 δὲ
2279 4110 2377 4181 τὴν
2412 4110 2668 4165 ἐπάνοδον
2702 4109 2829 4181 ἑξῆς
2872 4110 2967 4165 καὶ
2999 4108 3306 4172 ἀκολούθως
3344 4107 3442 4179 τὴν
3487 4108 3583 4165 ἀπ’
3608 4106 3779 4176 Αίγύ-

2190 4218 2347 4263 πτου,
2376 4204 2440 4275 ἢν
2470 4202 2585 4273 ἅμα
2625 4203 2740 4265 τοῖς
2777 4200 3028 4271 γονεῦσιν
3059 4202 3139 4265 είς
3163 4200 3262 4271 τὴν
3289 4200 3393 4271 γῆν
3420 4199 3517 4253 τοῦ
3558 4196 3778 4271 Ἰσραὴλ

2189 4297 2502 4368 ἐποιήσατο,
2535 4293 2779 4359 θεσπίζει
2812 4294 3018 4364 λέγων·
3061 4313 3081 4345 ι
3133 4293 3265 4358 Θεὸς
3300 4293 3583 4365 ὡδήγησεν
3612 4292 3777 4348 αὑτὸν

2189 4388 2248 4453 ἐξ
2291 4387 2587 4456 Αἰγύπτου.
2631 4406 2650 4438 ι
2689 4386 2866 4449 Μόνος
2915 4385 2973 4439 δὲ
3018 4380 3085 4457 ἦν
3143 4386 3171 4438 6
3207 4383 3399 4456 Σωτὴρ
3442 4386 3538 4437 καὶ
3570 4385 3779 4457 Κύριος

2187 4481 2346 4553 ἡμῶν
2386 4479 2596 4549 Ἰησοῦς
2634 4480 2662 4532 6
2701 4478 2939 4551 Χριστὸς
2969 4476 3065 4534 τοῦ
3108 4477 3266 4542 Θεοῦ,
3295 4479 3387 4531 καὶ
3426 4477 3548 4531 ούδέ
3593 4477 3775 4542 ἄλλος,

2187 4577 2216 4629 ὁ
2242 4575 2307 4627 ἐκ
2334 4571 2429 4626 τοῦ
2461 4571 2774 4643 σπέρματος
2804 4569 3154 4642 Ἰσραὴλ,καὶ
3167 4568 3259 4623 τοῦ
3300 4568 3568 4623 Ἰουδαίων
3588 4568 3778 4632 ἔθνους

2188 4664 2488 4740 προελθὼν,
2541 4663 2633 4718 καὶ
2666 4660 2879 4717 πολλῶν
2922 4662 3359 4734 κατακυριεύσας
3394 4661 3582 4725 ἐθνῶν,
3630 4661 3776 4716 ὥστε

2179 4758 2567 4832 ἀναμφιλόγως
2590 4753 2968 4827 ὁμολογεῖσθαι
3002 4754 3176 4826 πέρας
3209 4754 3352 4827 ἔχειν
3384 4755 3470 4808 ἐπ’
3494 4752 3646 4823 αὐτῷ
3681 4755 3779 4808 καὶ

2178 4857 2277 4929 τὴν
2334 4850 2619 4924 παροῦσαν
2669 4848 2977 4922 πρόρρησιν
3045 4848 3342 4921 διαρρήδην
3398 4846 3776 4918 ἐκφωνοῦσαν,

2178 4948 2263 5003 ὅτι
2291 4944 2357 5017 δὴ
2392 4945 2459 4998 ἐκ
2483 4941 2579 4998 τοῦ
2596 4941 2862 4997 Ἰουδαίων
2880 4942 3069 5007 ἔθνους
3099 4940 3439 5007 ἐξελεύσεταί
3464 4958 3546 5006 τις
3566 4939 3777 5012 ἄνθρω-

2179 5058 2298 5105 πος,
2349 5038 2446 5092 καὶ
2487 5034 2766 5108 κυριεύσει
2800 5034 2971 5089 ἐθνῶν
3007 5034 3249 5088 πολλῶν
3289 5034 3321 5106 ἢ
3351 5034 3558 5102 λεγέτω
3587 5036 3616 5088 6
3643 5033 3775 5105 βου-ι

2183 5130 2427 5202 λόμενος,
2457 5131 2506 5183 εί
2559 5127 2671 5200 ἔχοι
2734 5127 2895 5185 ἄλλον,
2940 5126 3206 5197 συστῆσαι
3241 5126 3350 5181 τῶν
3389 5125 3606 5181 πώποτε
3642 5128 3773 5199 παρ’

2196 5223 2466 5295 Ἑϐραίοις
2525 5221 2772 5289 ἐνδόξων,
2831 5219 3040 5274 πολλῶν
3093 5219 3262 5274 ἐθνῶν
3315 5219 3555 5292 ἄρξαντα
3576 5235 3590 5249 ’
3656 5218 3773 5272 ἀλλ’

2182 5315 2283 5368 οὐκ
2329 5315 2396 5368 ἂν
2464 5312 2609 5367 εἴποι
2664 5329 2769 5375 τις,
2832 5311 2915 5365 ὃτι
2971 5310 3107 5383 μηδὲ
3152 5311 3395 5381 γέγονεν.
3445 5313 3567 5367 Ἐπὶ
3606 5313 3664 5368 δέ
3708 5332 3774 5383 γε

2184 5405 2277 5460 τοῦ
2311 5405 2565 5479 Σωτῆρος
2594 5404 2752 5476 ἡμῶν
2779 5405 2845 5460 ἂν
2878 5406 2973 5459 καὶ
3016 5407 3178 5476 ἡμεῖς
3213 5405 3287 5477 μὴ
3335 5403 3603 5477 λέγωμεν,
3630 5407 3770 5480 αὐτή

2183 5515 2250 5566 γε
2281 5502 2314 5570 ἡ
2341 5497 2569 5567 ἀλήθεια
2600 5497 2786 5570 βοήσει
2816 5497 2911 5552 καὶ
2957 5497 3099 5568 μέγα
3131 5498 3478 5572 κεκράξεται,
3510 5499 3773 5572 ἄντικρυς

2184 5588 2524 5660 παριστῶσα,
2558 5589 2705 5654 ὅπως
2754 5591 2788 5661 ὴ
2835 5588 3017 5655 ἔνθεος
3056 5589 3222 5645 αὑτοῦ
3270 5590 3522 5661 δύναμις,
3553 5591 3640 5646 διὰ
3671 5589 3771 5645 τοῦ

2182 5683 2580 5755 ἀναληφθέντος
2613 5683 2761 5757 αὐτῷ
2799 5687 2865 5741 ὲκ
2906 5684 3222 5758 σπέρματος
3264 5685 3479 5759 Ἰσραήλ
3506 5685 3601 5741 τοῦ
3626 5684 3771 5742 κατὰ

506 3528 714 3585 dictum
735 3540 843 3596 est,
867 3540 921 3588 et
947 3534 1040 3605 qui
1063 3537 1398 3593 maledicunt
1429 3540 1544 3609 tibi,
1577 3542 1712 3611 ipsis
1741 3544 2090 3599 maledictum

505 3628 592 3676 est
626 3624 694 3677 ".
718 3642 736 3674 ι
762 3623 1029 3696 Superius
1062 3645 1161 3699 per
1185 3645 1305 3686 eam
1331 3632 1673 3704 prophetiam
1702 3650 1822 3704 qua:
1842 3637 2091 3705 proxime

505 3720 753 3789 exposita
806 3728 914 3783 est,
967 3721 1097 3785 dum
1146 3724 1453 3789 oraculum,
1485 3734 1779 3781 venturum
1828 3728 1884 3782 in
1919 3727 2093 3801 Ᾱὲεγ·

503 3818 659 3880 ptum
716 3809 1006 3867 Dominum
1055 3811 1318 3879 aﬂirmat,
1376 3814 1677 3873 Salvatoris
1732 3819 1908 3877 nostri
1958 3818 2087 3876 Jesu

503 3902 707 3960 Christi
759 3905 1142 3976 migrationem
1192 3923 1303 3963 una
1329 3924 1452 3965 cum
1498 3910 1816 3979 parentibus
1868 3912 1986 3967 suis
2034 3914 2089 3968 in

503 3992 802 4065 Egyptum
861 3997 934 4051 illi
975 3997 1078 4068 ipsi
1141 3997 1382 4056 futuram
1428 4002 1726 4060 indicabat.
1761 4003 1862 4062 llic
1904 4014 2086 4061 autem

502 4086 740 4142 reditum
772 4087 842 4144 ab
863 4086 1121 4161 Egypto,
1146 4101 1205 4145 ut
1229 4092 1365 4147 ordo
1385 4094 1645 4163 postulat,
1674 4111 1784 4165 quo
1811 4095 1864 4150 in
1886 4104 2085 4151 terram

502 4176 673 4236 Israel
703 4195 811 4234 una
842 4196 970 4236 cum
1033 4183 1355 4251 parentibus
1380 4200 1637 4243 reversus
1661 4195 1768 4249 est,
1802 4189 1950 4243 canit
2000 4188 2087 4245 his

499 4273 724 4329 verbis:
766 4292 786 4325 ι
819 4273 964 4331 Deus
989 4275 1144 4332 duxit
1166 4277 1318 4332 illum
1345 4278 1416 4334 ab
1445 4278 1702 4353 IEgypto.
1745 4301 1764 4333 ι
1798 4280 1962 4340 Solus
1989 4298 2087 4338 au-

499 4369 612 4417 tem
641 4363 851 4419 exstitit
891 4363 1143 4423 Salvator
1178 4375 1234 4424 et
1269 4368 1531 4428 Dominus
1564 4385 1750 4429 noster
1778 4373 1959 4439 Jcsns,
1991 4375 2087 4446 qui

498 4452 757 4512 Christus
793 4465 880 4512 est
908 4456 1024 4522 Dei,
1062 4475 1242 4529 neque
1281 4462 1424 4519 alius
1474 4471 1741 4535 praeterea
1764 4468 2081 4538 quisquam.

496 4564 567 4607 ex
610 4552 820 4609 semine
853 4552 1041 4621 Israel,
1076 4564 1131 4609 et
1177 4553 1405 4612 Iudaica
1433 4568 1594 4629 gente
1627 4562 1942 4632 profectus,
1990 4566 2083 4636 qui

496 4640 687 4697 multis
717 4641 1034 4700 dominatus
1090 4646 1162 4701 sit
1196 4649 1481 4717 gentibus,
1514 4655 1573 4704 ut
1620 4651 1829 4724 absque
1862 4653 2082 4710 haesita-

495 4730 647 4787 tione
680 4731 840 4788 fateri
873 4751 1101 4794 necessn
1132 4738 1225 4806 sit,
1258 4754 1502 4810 praesisns
1533 4743 1849 4800 vaticinium
1885 4746 1941 4802 in
1987 4747 2083 4803 illo

495 4824 703 4880 exitum
727 4890 743 4902 _
763 4842 923 4883 suum
954 4827 1254 4896 invenisse,
1284 4840 1471 4905 utpote
1501 4836 1645 4905 quod
1693 4838 1873 4909 palam
1900 4855 2081 4896 enun-

494 4917 615 4982 tiet,
642 4918 711 4974 de
735 4917 969 4977 Iudaica
993 4933 1151 4993 gente
1180 4940 1533 4997 egressurum
1568 4930 1857 4999 quemdam
1896 4931 2079 4989 homi-

492 5028 618 5069 nem
652 5012 820 5087 424
851 5022 906 5072 et
949 5016 1358 5075 dominaturum
1390 5022 1646 5093 gentibus
1703 5025 1892 5082 multis
1926 5046 1940 5083 :
1984 5034 2079 5082 aut

492 5106 676 5176 quivis
726 5107 859 5162 mihi
889 5107 1060 5178 dicat,
1115 5118 1298 5166 utrum
1347 5113 1546 5170 habeat
1572 5131 1641 5171 ex
1671 5116 1740 5174 iis
1782 5120 1874 5190 qui
1928 5122 2074 5193 apud

491 5197 753 5255 Hebraeos
813 5217 1054 5273 unquam
1122 5203 1365 5262 illustres
1427 5205 1634 5265 fuerint
1687 5211 1853 5267 alium
1912 5231 2075 5286 quem

490 5289 754 5361 proferat,
807 5294 900 5363 qui
952 5295 1250 5353 multarum
1300 5300 1543 5371 gentium
1593 5301 1933 5360 dominatum
1983 5323 2078 5363 ac-

490 5384 716 5451 ceperit.
748 5384 913 5458 Atqui
934 5403 1096 5446 nemo
1124 5406 1365 5462 unquam
1389 5393 1537 5450 istud
1557 5396 1778 5463 dixerit,
1818 5400 2075 5469 quoniam

488 5489 560 5532 ne
599 5475 806 5532 factum
846 5479 1067 5551 quidem
1101 5491 1212 5540 est.
1248 5487 1319 5541 At
1369 5503 1499 5544 vero
1539 5490 1595 5544 in
1644 5488 1928 5548 Salvatore
1977 5510 2077 5550 ιιοτ

490 5578 631 5636 atro,
654 5572 872 5631 etiamsi
896 5591 998 5632 nos
1025 5579 1160 5634 nihil
1190 5580 1465 5647 dicamus,
1518 5583 1634 5655 ipsa
1669 5591 1849 5641 tamen
1876 5587 2078 5644 nihilo-

489 5664 672 5726 minus
702 5670 902 5727 veritas
941 5671 1221 5740 clamabit,
1252 5684 1307 5731 et
1354 5677 1706 5735 vehementer
1753 5678 2076 5740 vociferabi—

551 5826 599 5869 δ’
639 5824 804 5896 Nam.
842 5842 1036 5915 θεων,
1071 5829 1192 5888 3-9.
