4106 6420
1259 272 1918 337 ῡΕΜοΝδτῐιΑτιοΝιε
1957 274 2416 333 ΕἾΑΝΘΕΕΙΟᾹΖ
2486 273 2616 330 LIB.
2657 274 2756 330 IX.

3494 272 3605 330 663

349 393 534 463 σάρκα
567 389 849 464 ἀνθρώπου
872 393 1180 467 ἐκυρίευσε,
1206 407 1301 451 και
1333 395 1499 449 εἰσέτι
1527 394 1621 449 νῦν
1651 394 1925 467 κυριεύσει

2033 401 2138 458 tur,
2188 392 2504 463 planissime
2572 390 2853 453 indicans,
2909 385 3363 462 quemadmodum
3414 388 3597 444 divina

347 486 522 540 ἐθνῶν
577 485 807 541 πολλῶν.
864 486 1034 552 Αὐτὸς
1067 488 1188 560 ,ἄρα
1236 480 1391 553 οὗτος
1447 491 1651 554 ἐκεῖνος
1703 485 1791 561 ἦν,
1834 490 1930 543 καὶ

347 579 461 633 οὐδ’
488 578 665 643 ἄλλος,
693 577 753 633 ὃν
781 581 813 650 ἠ
845 580 1146 651 προφητεία
1171 582 1565 655 προηγόρευσε,
1598 581 1719 638 καθ’
1747 583 1808 636 ὃν
1837 583 1930 638 καὶ

345 674 381 745 ἡ
407 672 533 742 Γὼγ
556 672 743 743 ὑψώθη
766 672 1029 743 βασιλεία,
1049 673 1149 743 τῆς
1172 675 1406 747 Χριστοῦ
1426 675 1703 747 δυνάμεως
1732 694 1927 733 συναυ-

345 763 568 835 εούσης.
623 763 823 818 Τοῦτον
868 765 914 819 δ’
960 766 1193 821 ἐνταῦθά
1238 783 1400 837 φησιν
1449 768 1779 822 αἰνίττεσθαι
1806 769 1928 824 καθ’

358 857 647 928 Ἐϐραίους
681 856 771 911 τὸν
804 858 1003 929 τρόπον
1029 858 1128 929 τὴν
1155 858 1266 912 τῶν
1308 859 1592 930 Ῥωμαίων
1632 859 1927 929 βασιλείαν,

342 941 381 1021 ᾗ
431 949 525 1001 καὶ
567 949 969 1021 συνήκμασενή
1003 949 1239 1021 Χριστοῦ
1277 950 1607 1005 διδασκαλία.
1642 952 1928 1024 Μέμνηται

339 1036 406 1091 δὲ
432 1036 526 1091 τοῦ
558 1036 681 1107 Γὼγ
707 1039 799 1091 καὶ
823 1040 851 1092 ὀ
880 1042 1163 1113 προφήτης
1191 1039 1469 1116 Ἱεζεκιῆλ,
1495 1042 1732 1114 ἄρχοντα
1771 1042 1928 1107 Ῥὼς,

341 1126 535 1200 Moab;
581 1129 675 1182 καὶ
715 1128 883 1207 Θοϐὲλ
928 1129 1242 1200 ὀνομάζωνυ
1286 1129 1373 1184 δια
1414 1130 1516 1200 μὲν
1551 1129 1645 1183 τοῦ
1663 1129 1798 1195 Ῥὼς
1830 1129 1930 1201 τὴν

356 1218 669 1290 Ῥωμαίων,
699 1219 777 1284 ὡς
828 1219 994 1287 ἔοικε,
1036 1219 1189 1273 πόλιν
1234 1222 1629 1293 αἰνιττόμενος,
1662 1221 1786 1275 ἐπεὶ
1835 1222 1930 1276 καὶ

345 1312 493 1384 ἀρχὴ
543 1312 637 1366 καὶ
681 1312 890 1385 κεφαλὴ
915 1313 1057 1367 κατὰ
1085 1312 1184 1385 τὴν
1226 1312 1491 1385 Ἐϐραίων
1521 1314 1701 1385 φωνὴν
1724 1312 1812 1367 διὰ
1834 1312 1928 1368 τοῦ

355 1401 497 1467 Ῥὼς
522 1402 803 1474 δηλοῦταιο
836 1404 922 1458 διὰ
955 1404 1010 1458 δὲ
1040 1402 1132 1458 τοῦ
1165 1403 1349 1475 Mosz
1372 1404 1470 1476 τὴν
1492 1405 1727 1469 Μυσίαν,
1748 1403 1930 1459 καὶτὰ

344 1492 508 1566 πέριξ
555 1494 757 1566 ταύτης
795 1494 943 1567 ἔθνη,
973 1496 1072 1549 ὅσα
1100 1495 1195 1549 νῦν
1233 1497 1407 1549 οἰκεῖα
1450 1496 1735 1567 Ῥωμαίων
1780 1496 1925 1550 ἐστί·

341 1585 434 1641 διά
485 1586 542 1641 δὲ
575 1586 669 1641 τοῦ
710 1586 877 1641 Θοϐὲλ
920 1588 1020 1660 τὴν
1078 1587 1336 1661 Ἰϐηρίαν,
1364 1587 1506 1641 οῦτω
1541 1606 1657 1652 πως
1692 1588 1800 1642 ἀπὸ
1838 1587 1929 1642 τοῦ

343 1677 518 1732 Θοϐὲλ
551 1678 830 1748 γεγονέναι
880 1680 1106 1749 φάσκων
1151 1679 1451 1751 Θοϐεήλους
1499 1680 1627 1743 τοὺς
1674 1679 1925 1752 Ἴϐηρας·

338 1765 418 1826 ὧν
473 1773 728 1826 ἁπάντων
770 1772 1006 1843 ἄρχοντα
1043 1771 1134 1825 τὸν
1185 1770 1306 1840 Γὼγ
1338 1770 1718 1842 ύψωθήσεσθαί
1764 1789 1927 1845 φησιν
1962 1763 2002 1821 Β

338 1862 439 1917 ἐπὶ
466 1861 567 1933 τῆς
593 1861 686 1915 τοῦ
718 1863 1195 1934 προφητειιομένου
1244 1863 1479 1934 Χριστοῦ
1525 1864 1845 1936 παρουσίας,
1868 1865 1926 1919 ὃν

336 1958 369 2014 ὁ
402 1957 538 2022 Θεὸς
578 1955 858 2027 ὡδήγησεν
907 1953 967 2022 ἐξ
1008 1955 1305 2024 Αἰγύπτου,
1334 1958 1424 2010 ὅτε
1471 1957 1614 2011 κατά
1649 1958 1737 2010 τὸν
1770 1959 1928 2013 Ματ-

340 2050 518 2114 θαῖον,
547 2044 991 2112 ἐπιϐουλεύοντος
1022 2047 1115 2104 τοῦ
1161 2048 1400 2121 Ἡρώδου
1434 2044 1584 2103 παιδί
1616 2049 1729 2103 ὄντι
1756 2049 1925 2122 αὐτῷ,

336 2140 737 2214 χρηματισθεὶς
766 2140 795 2192 ό
834 2139 1033 2212 Ἰωσὴς)
1067 2139 1341 2211 παρέλαϐε
1378 2141 1440 2194 τὸ
1466 2141 1675 2195 παιδίον
1719 2142 1811 2196 καὶ
1830 2142 1927 2214 τὴν

340 2234 561 2305 μητέρα
596 2230 782 2299 αὐτοῦ,
812 2232 907 2285 καὶ⁹
933 2230 1235 2303 ἐπανῆλθεν
1264 2232 1343 2296 εἰς
1376 2231 1480 2302 γῆν
1520 2233 1759 2305 Ἰσραήλ.
1789 2234 1928 2301 Δόξα

338 2325 403 2381 δὲ
455 2327 830 2398 μονοκέρωτος
877 2324 1025 2397 αὐτῷ
1054 2323 1133 2395 τῷ
1162 2324 1382 2396 Χριστῷ
1425 2328 1627 2399 παρῆν,
1658 2328 1746 2382 διὰ
1780 2330 1841 2384 τὸ
1869 2333 1927 2385 ὲν

338 2419 495 2492 αὐτῷ
543 2418 894 2490 εὐδοκηκέναι
937 2419 1261 2489 κατοικῆσαι
1295 2420 1403 2473 πᾶν
1437 2420 1498 2475 τὸ
1532 2420 1803 2495 πλήρωμα
1826 2424 1928 2494 τῆς

339 2512 617 2585 θεότητος,
657 2512 800 2565 κατὰ
826 2512 918 2566 τὸν
964 2509 1108 2584 ἰερδν
1149 2511 1490 2568 Ἀπόστολον.
1515 2513 1715 2588 Διόπερ
1740 2515 1816 2581 ὼς
1844 2517 1932 2571 κέ-

344 2622 448 2678 ρας
489 2604 927 2678 ἐπιγραφόμενος
971 2604 1062 2659 τὸν
1090 2604 1200 2659 τῶν
1249 2605 1386 2660 ὅλων
1422 2606 1555 2660 Θεὸν
1583 2609 1676 2661 καὶ
1709 2609 1929 2681 Πατέρα

340 2696 531 2762 αὐτοῦ,
571 2696 879 2769 μονόκερως
906 2698 1000 2751 καὶ
1028 2699 1086 2749 ὲν
1116 2697 1329 2768 ἑτέραις
1348 2698 1588 2771 Γραφαῖς
1612 2699 1925 2774 ὠνομάσθη.

356 2790 415 2845 '0
443 2790 487 2843 δ’
516 2788 679 2853 αὐτὸς
705 2789 801 2845 τοῦ
827 2788 963 2842 Θεοῦ
988 2790 1161 2858 Λόγος
1186 2790 1300 2854 τοῖς
1329 2793 1539 2863 νοητοῖς
1572 2792 1664 2845 καί⁵
1693 2792 1928 2862 λογικοῖς

344 2881 510 2937 αὑτοῦ
538 2881 715 2953 βέλεσι
733 2882 824 2935 τὸν
850 2880 1042 2953 ἐχθρὸν
1071 2882 1166 2934 καὶ
1185 2881 1561 2953 ἀντικείμενον
1590 2883 1740 2956 αὑτῷ
1759 2883 1930 2939 διάϐο-

343 2974 455 3041 λον,
476 2974 654 3037 πάσας
676 2989 736 3027 τε
766 2972 864 3037 τὰς
889 2973 1024 3043 ἀμφ’
1055 2972 1217 3026 αὐτὸν
1243 2973 1508 3043 ἀοράτους
1550 2975 1644 3030 καὶ
1686 2975 1930 3048 πονηρὰς

2031 487 2177 542 illius
2206 487 2379 541 virtus
2410 501 2506 556 per
2533 484 2707 547 illum.
2735 485 2825 556 qui
2851 485 2920 540 ab
2947 485 3066 556 ipso
3103 484 3169 540 de
3198 486 3405 541 semine
3433 484 3598 540 lsrael

2028 579 2241 634 ratione
2276 578 2521 649 corporis
2552 587 2866 647 assumptus
2889 586 2994 643 cst,
3027 578 3298 631 hominem
3325 575 3602 631 dominata

2029 679 2131 735 est,
2156 678 2318 741 atque
2343 671 2506 725 etiam
2553 684 2700 724 nunc
2744 669 3058 724 dominatur
3096 668 3350 741 gentibus
3392 668 3599 725 multis.

2029 762 2129 817 llic
2158 764 2324 834 igitur
2353 763 2441 818 ille
2473 764 2590 834 ipse
2610 770 2747 828 erat,
2778 778 2884 816 non
2909 762 3049 818 alius
3093 764 3385 833 quispiam,
3439 779 3601 834 quem

2028 856 2310 927 prophetia
2362 855 2722 925 praedixerat,
2766 857 2926 923 cujus
2982 863 3223 927 tempore
3269 855 3432 912 etiam
3488 855 3603 924 Gog

2031 964 2255 1019 regnum
2290 948 2342 1001 in
2376 948 2607 1004 sublime
2666 949 2959 1003 adauctum
3003 957 3120 1006 est.
3157 963 3280 1002 cum
3323 964 3389 1002 co
3440 948 3601 1003 simul

2029 1038 2234 1095 Christi
2272 1040 2471 1094 virtute
2518 1054 2581 1093 ac
2630 1039 2872 1111 potentia
2922 1048 3227 1096 crescente.
3262 1038 3375 1094 lloc
3424 1048 3600 1094 autem

2031 1130 2191 1186 modo
2210 1130 2363 1185 aiunt
2377 1128 2744 1186 Romanorum
2770 1146 2995 1201 regnum
3028 1132 3327 1187 secundum
3346 1130 3603 1188 Hebraeos
3658 1176 3669 1197 κ

2031 1222 2352 1294 signiﬁcari,
2383 1240 2509 1278 cum
2554 1240 2663 1294 quo
2696 1224 2859 1280 simul
2885 1223 3091 1279 Christi
3142 1224 3390 1279 doctrina
3434 1224 3604 1280 robur

2031 1323 2192 1387 atque
2247 1317 2642 1373 incrementum
2687 1317 2919 1388 accepit.
2970 1316 3212 1373 Meminit
3265 1325 3445 1373 autem
3489 1318 3604 1390 Cog

2028 1416 2198 1469 etiam
2260 1410 2524 1483 propheta
2581 1409 2869 1475 Ezechiel,
2917 1409 3047 1464 dum
3101 1410 3402 1482 principem
3470 1408 3604 1477 Ros,

2029 1504 2253 1560 Mosoch
2283 1511 2337 1558 ct
2364 1502 2569 1557 Thobel
2598 1502 2874 1566 nominat,
2926 1502 3019 1558 ubi
3064 1519 3160 1574 per
3201 1502 3334 1558 illud
3382 1503 3604 1574 quidem

2029 1597 2162 1662 Bos,
2195 1595 2593 1660 Romanorum,
2626 1602 2685 1649 ut
2713 1610 2813 1664 par
2838 1602 2945 1659 est,
2981 1594 3256 1650 civitatem
3292 1594 3602 1666 signiﬁcat:

2031 1690 2476 1763 quandoquidem
2525 1688 2861 1760 principatus
2913 1697 2967 1742 et
3000 1697 3161 1759 caput
3187 1702 3252 1743 ca
3298 1702 3431 1742 voce
3460 1685 3606 1757 apud

2032 1781 2289 1838 Hebrazos
2322 1780 2664 1849 intelligitur;
2716 1793 2813 1849 per
2846 1776 3066 1833 Mosoch
3127 1787 3306 1832 autem
3352 1776 3601 1848 Mysiam,

2028 1883 2082 1931 ct
2103 1875 2153 1931 ei
2184 1874 2444 1929 ﬁnitimas
2477 1880 2687 1943 gentes,
2712 1885 3053 1942 quaecunque
3082 1885 3227 1925 nunc
3273 1870 3375 1924 sub
3404 1867 3606 1924 Roma.

2028 1984 2222 2025 norum
2265 1968 2492 2039 imperio
2536 1974 2685 2032 sunt,
2730 1977 2785 2023 et
2826 1981 2925 2037 per
2955 1962 3186 2027 Thobel,
3219 1964 3447 2020 lberiam
3508 1963 3605 2020 Jo-

2029 2062 2233 2131 sephus
2281 2060 2575 2132 intelligit,
2614 2059 2708 2130 qui
2756 2073 2788 2113 a
2843 2057 3049 2114 Thobel
3079 2056 3212 2111 dicit
3257 2056 3431 2112 factos
3480 2070 3606 2114 esse

2028 2152 2356 2217 Tbobeelos,
2381 2151 2480 2224 qui
2538 2151 2721 2205 Iberos
2795 2148 3077 2213 dicuntur,
3114 2147 3317 2219 quibus
3345 2144 3605 2205 omnibus

2029 2244 2386 2316 imperantem
2430 2242 2547 2315 Gog
2578 2243 2635 2297 in
2679 2241 2913 2298 sublime
2958 2239 3335 2311 adaugendum
3367 2240 3464 2304 ait,
3501 2240 3606 2295 sub

2026 2336 2147 2406 ejus
2176 2335 2381 2391 Christi
2410 2335 2480 2391 de
2504 2350 2615 2405 quo
2640 2334 2920 2406 propheta:
2960 2333 3259 2404 loquuntur
3289 2332 3602 2401 adventum,

2028 2444 2189 2498 quem
2220 2426 2364 2483 Deus
2400 2427 2557 2482 duxit
2576 2441 2642 2481 ex
2678 2424 2937 2497 Egypto,
2952 2438 3061 2495 quo
3090 2430 3355 2495 tempore.
3381 2431 3439 2478 ut
3461 2424 3603 2495 apud

2029 2516 2339 2572 Matthteum
2369 2515 2730 2587 legitur.dum
2755 2515 2860 2587 ipsi
2893 2513 3075 2570 adimo
3104 2528 3274 2585 puero
3314 2513 3607 2570 insidiatur

2030 2609 2292 2669 Herodes.
2334 2607 2533 2678 Josepb
2567 2617 2793 2675 accepto
2825 2606 3050 2661 oraculo
3070 2645 3086 2670 ,
3114 2606 3327 2676 accepit
3377 2621 3606 2675 puerum

2027 2713 2082 2758 et
2129 2711 2353 2757 matrem
2386 2701 2527 2771 ejus,
2552 2708 2606 2756 et
2638 2714 2894 2755 reversus
2944 2706 3029 2754 cst
3083 2698 3136 2752 in
3169 2706 3371 2752 terram
3417 2695 3605 2752 lsrael.

2030 2793 2416 2849 Rhiuocerotis
2485 2809 2616 2849 vero
2686 2792 2863 2864 gloria
2928 2790 3032 2862 ipsi
3114 2790 3334 2846 Christo
3389 2788 3606 2855 adfuit.

2030 2885 2507 2960 pmpterea'quod
2563 2884 2833 2956 placuerit
2883 2884 3044 2938 ineo
3089 2882 3335 2938 habitare
3390 2896 3607 2937 omnem

2030 2980 2421 3053 plenitudinem
2466 2976 2794 3043 divinitatis,
2826 2982 2884 3030 ut
2916 2975 2993 3029 ait
3034 2983 3260 3031 sanctus
3288 2973 3608 3045 Apostolus.

344 3067 620 3140 δυνάμεις,
656 3067 744 3121 διὰ
781 3066 1087 3139 κρείττονος
1115 3066 1209 3121 καὶ
1256 3067 1614 3139 άκαταμάχου
1647 3067 1928 3140 δυνάμεως

2033 3072 2377 3142 Quapmpter
2412 3066 2544 3123 dum
2573 3058 2742 3123 veluti
2786 3081 2960 3123 cornu
3005 3066 3111 3122 sibi
3162 3064 3404 3121 universi
3439 3062 3607 3118 Deum

344 3160 779 3232 ῆλαυνεν,εἰσέτι
807 3175 867 3211 τε
900 3156 997 3211 νῦν
1033 3156 1274 3231 κυριεύει
1313 3157 1483 3212 ἐθνῶν
1512 3159 1742 3227 πολλῶν,
1762 3153 1837 3214 ὧν
1857 3161 1925 3215 τά

345 3253 497 3323 πάχη
514 3253 604 3305 καὶ
619 3252 679 3304 τὸ
694 3251 948 3323 φρόνημα
958 3251 1055 3322 τῆς
1073 3250 1275 3323 σαρκὸς
1289 3249 1584 3317 λεπτύνων,
1599 3253 1692 3305 ὲπῖ
1703 3252 1801 3325 τὴν
1819 3269 1930 3307 στε-

343 3343 444 3414 νὴν
461 3341 581 3395 ὁδὸν
600 3342 699 3412 θεῆς
728 3341 946 3395 αἰωνίου
975 3340 1121 3411 ζωῆς
1144 3340 1481 3411 ἐπιτηδείους
1506 3341 1926 3407 κατασκευάζει.

358 3433 521 3487 Ἀλλὰ
549 3434 644 3487 καὶ
668 3430 1013 3498 κατακλιθεὶς
1042 3433 1201 3496 αὐτὸς
1229 3426 1383 3497 οὗτος
1414 3434 1441 3487 ὀ
1466 3434 1523 3502 ἐξ
1560 3434 1775 3508 Ἰσραὴλ
1806 3453 1932 3508 προ-

346 3526 518 3581 ελθὼν
568 3526 871 3599 ἄνθρωπος,
922 3528 950 3580 ὁ
997 3526 1432 3595 κατακυριεύσας
1484 3526 1651 3582 ἐθνῶν
1698 3530 1928 3595 πολλῶν,

352 3640 371 3669 ι
402 3620 765 3686 ἀνεπαύσατο,
838 3622 1021 3691 φησιν,
1063 3621 1139 3685 ὼς
1201 3621 1359 3686 λέων,
1392 3642 1409 3672 ι
1438 3621 1579 3675 οὓτω
1631 3621 1806 3694 δηλῶν
1861 3623 1929 3694 ἣν

344 3711 632 3776 ἀνεδέξατο
662 3712 992 3783 οἰκονομίαν,
1029 3712 1148 3767 καθ’
1177 3713 1244 3786 ἢν
1291 3713 1481 3785 ὥσπερ
1527 3731 1608 3778 τις
1656 3713 1929 3785 βασιλικὸς

344 3803 443 3857 καὶ
474 3802 773 3875 θαρραλέος
815 3803 919 3875 θὴρ
968 3804 1331 3870 ἀνεπαύσατο,
1374 3806 1598 3877 μηδενὸς
1632 3806 1796 3860 αὑτοῦ
1829 3808 1929 3882 τὴν

349 3898 524 3969 ἀρχὴν
552 3899 646 3952 καὶ
676 3897 776 3969 τὴν
810 3896 1085 3968 βασιλείαν
1126 3897 1562 3970 μεταστήσασθαι
1588 3900 1887 3972 δυναμένου
1913 3919 1928 3932 ο

350 3991 554 4052 πάντες
585 4006 644 4043 τε
686 3991 734 4043 οἱ
770 3989 860 4043 τὸν
902 3988 1137 4061 Χριστὸν
1169 3989 1536 4058 εὐλογοῦντες,
1571 3991 1714 4063 λόγῳ
1745 4010 1804 4046 τε
1837 3994 1933 4046 καὶ

351 4081 454 4153 βίῳ
481 4082 834 4154 σεμνύνοντες
866 4082 964 4153 τὴν
996 4082 1194 4154 ἀρετὴν
1240 4082 1332 4136 τοῦ
1369 4081 1709 4152 διδασκάλου,
1738 4085 1837 4157 τῆς
1868 4087 1933 4139 ὲκ

349 4173 486 4228 Θεοῦ
524 4172 907 4245 μετειλήφασιν
937 4172 1207 4242 εὐλογίας,
1244 4171 1498 4240 αὔξοντες
1535 4172 1804 4249 ὁσημέραι
1837 4177 1933 4230 καὶ

352 4265 733 4338 πληθύνοντες,
769 4262 911 4317 κατὰ
932 4264 1013 4329 τὸ,
1051 4283 1068 4316 ι
1092 4263 1418 4332 Αύξάνεσθε,
1446 4266 1541 4319 καὶ
1573 4265 1929 4340 πληθύνεσθε,

351 4356 449 4412 καὶ
501 4353 824 4427 πληρώσατε
878 4352 975 4426 τὴν
1023 4355 1148 4425 γῆν,
1181 4374 1201 4405 ›
1235 4355 1596 4429 ἀληθέστερον
1641 4359 1729 4411 ἐπ’
1752 4357 1931 4411 αὐτῶν

2032 3162 2248 3218 Patrem
2283 3160 2531 3225 ascribit,
2556 3160 2723 3215 etiam
2749 3158 3030 3215 unicornis
3061 3158 3115 3213 in
3139 3157 3260 3210 aliis
3282 3153 3609 3226 quihusdam

2036 3255 2340 3326 Scripturis
2368 3260 2453 3309 est
2480 3252 2812 3307 nominatus.
2858 3249 3004 3305 idem
3038 3263 3204 3319 porro
3243 3247 3338 3301 Dei
3376 3243 3609 3302 Verbum

2031 3346 2463 3418 intelligibilibus
2511 3344 2981 3414 rationalibusque
3040 3340 3157 3398 suis
3198 3341 3445 3411 Sagittis.
3505 3338 3617 3393 ini-

2035 3439 2237 3494 micum
2287 3437 2503 3509 sibique
2548 3436 2927 3492 adversantem
2977 3433 3280 3496 diabolum,
3314 3446 3615 3500 omneSque

2033 3532 2182 3587 circa
2228 3528 2381 3585 illum
2428 3539 2713 3585 versantes
2750 3526 3059 3583 invisibiles
3101 3533 3156 3580 et
3205 3524 3473 3594 malignas
3515 3539 3615 3593 pc-

2036 3631 2282 3689 testates,
2315 3622 2685 3695 praestantiori
2735 3637 2835 3677 sua
2878 3630 2934 3676 et
2972 3618 3386 3690 inexpugnabili
3417 3618 3617 3672 virtute

2034 3718 2294 3785 conﬁxit,
2351 3727 2515 3788 atque
2572 3718 2734 3773 etiam
2792 3731 2942 3771 nunc
2998 3715 3252 3786 gentibus
3300 3711 3486 3767 multis
3516 3709 3614 3766 dn-

2036 3808 2311 3875 minatur,
2367 3823 2602 3878 quarum
2653 3806 3049 3862 crassitudines
3104 3813 3159 3859 et
3230 3802 3429 3858 fastum
3491 3818 3615 3857 cor-

2036 3916 2213 3970 porca:
2291 3915 2486 3956 massae
2564 3907 2868 3954 extenuans
2939 3897 3010 3952 ad
3089 3903 3378 3966 angustam
3452 3903 3613 3949 mter-

2035 4010 2120 4049 ηαξ
2156 3994 2278 4048 vitae
2344 3993 2488 4048 viam
2550 3990 2961 4063 ingrcdicndam
3030 3989 3255 4046 idoneas
3312 3995 3612 4058 comparat.

2034 4085 2198 4160 425
2240 4085 2346 4140 Sed
2377 4084 2539 4139 etiam
2571 4083 2898 4139 recumbens
2943 4081 3086 4136 idem
3119 4080 3209 4135 hic
3244 4080 3408 4133 homo
3430 4094 3499 4134 ex
3537 4076 3617 4133 ls-

2036 4180 2149 4234 rael
2186 4177 2484 4249 profectus,
2521 4175 2613 4245 qui
2645 4174 2832 4229 multis
2864 4172 3180 4227 dominatus
3218 4177 3304 4225 est
3336 4169 3614 4241 gentibus.

2044 4288 2064 4321 ι
2100 4268 2325 4340 quievit,
2365 4266 2562 4336 inq‘uil,
2596 4271 2656 4318 ut
2685 4265 2791 4328 leo,
2832 4281 2851 4315 ι
2888 4261 3089 4334 quibus
3114 4259 3295 4316 verbis
3328 4274 3492 4330 quam
3529 4258 3619 4313 ille

2040 4362 2341 4432 assumpsit
2390 4360 2896 4431 dispensationem,
2960 4359 3253 4429 signiﬁcat,
3314 4353 3617 4413 secundum

352 4451 447 4503 mi
478 4449 939 4525 θεοπρεπέστερον
971 4455 1069 4526 τῆς
1093 4455 1245 4520 θείας
1305 4455 1699 4529 ὲκτελουμένης
1730 4456 1931 4528 φωνῆς.

2042 4468 2205 4523 quam
2235 4451 2391 4522 quasi
2419 4451 2641 4521 quidam
2676 4451 2922 4523 regulus,
2946 4458 3000 4506 et
3027 4449 3187 4521 quasi
3221 4448 3334 4504 fera
3368 4447 3619 4519 quadam

363 4544 451 4608 Ὠς
476 4545 707 4616 ἔμπαλιν
731 4549 778 4601 οἰ
805 4548 915 4602 ἀπὸ
938 4549 1160 4621 πρώτης
1183 4550 1282 4622 τῆς
1311 4550 1431 4604 κατ’
1455 4549 1620 4605 αὑτοῦ
1641 4550 1932 4623 ἐπιϐουλῆς

352 4636 518 4689 εἰσέτι
543 4639 637 4691 καὶ
657 4637 751 4692 νῦν
777 4640 937 4694 αὑτὸν
964 4642 1021 4694 ὲν
1047 4645 1159 4706 τοῖς
1186 4641 1365 4695 αὐτῶν
1394 4643 1691 4716 συνεδρίοις
1715 4642 1934 4718 ἀρώμε-

351 4744 453 4789 νοι,
482 4729 581 4800 τὴν
606 4731 670 4784 ὲκ
706 4730 842 4785 Θεοῦ
867 4733 1109 4804 κατάραν
1142 4734 1199 4801 ἐξ
1231 4735 1438 4789 ἐκείνου
1463 4738 1556 4789 καὶ
1587 4737 1751 4791 εἰσέτι
1776 4735 1934 4809 δεῦρο

354 4819 474 4872 καθ’
501 4820 711 4875 ἑαυτῶν
760 4823 1160 4881 ἐπεσπάσαντο.
1194 4825 1285 4879 Διὸ
1329 4827 1423 4880 καὶ
1463 4828 1561 4898 τὴν
1608 4827 1841 4901 ἐσχάτην
1871 4829 1932 4882 οὐ

357 4911 517 4980 μόνον
551 4913 651 4985 τῆς
679 4913 973 4984 βασιλείας,
1008 4916 1145 4969 ἀλλὰ
1168 4918 1260 4970 καὶ
1292 4916 1384 4971 τοῦ
1413 4917 1579 4973 πάλαι
1604 4920 1934 4991 σεμνοτάτου

354 5005 533 5059 αὐτῶν
560 5007 900 5079 ἀγιάσματος
931 5009 1168 5082 ἐρημίαν
1199 5028 1259 5064 τε
1290 5011 1386 5066 καὶ
1414 5012 1619 5083 φθοράν
1642 5014 1703 5067 οὐ
1734 5015 1937 5068 παύον-

352 5113 443 5149 ται
476 5098 772 5170 ὁφθαλμοῖς
797 5100 1246 5174 ὁρῶντες.¹Ἀξιον
1266 5103 1323 5157 δὲ
1343 5103 1669 5175 παραθεῖναι
1696 5109 1807 5169 τοῖς
1839 5122 1938 5177 με·

352 5188 421 5240 τά
452 5193 638 5260 χεῖρας
680 5192 781 5264 τὴν
828 5194 964 5265 πρὸς
1003 5195 1094 5251 τὸν
1134 5195 1332 5250 Ἰούδαν
1367 5196 1462 5250 τοῦ
1506 5195 1697 5250 Ἰακὼϐ
1731 5184 1941 5268 προφη-

351 5282 524 5348 τείαν,
554 5284 621 5355 ῆν
666 5286 758 5338 καὶ
804 5286 972 5358 αὐτὴν
1017 5288 1385 5359 ἐναργέστατα
1424 5291 1504 5354 εἰς
1545 5289 1636 5343 τὸν
1668 5272 1934 5363 ἡμέτερον

354 5374 581 5447 Σωτῆρα
630 5376 960 5449 ἐφαρμόζειν
1007 5380 1563 5453 προπαρεστὴσαμεν,
1601 5381 1829 5436 συνιδεῖν
1875 5400 1936 5436 τε

351 5467 453 5536 τὴν
483 5468 540 5522 ἐν
570 5469 850 5540 ἑκατέροις
893 5474 1230 5544 συμφωνίαν.
1249 5475 1335 5538 Ὠς
1370 5475 1481 5547 γάρ
1508 5474 1744 5529 ἐνταῦθα
1785 5476 1937 5549 εἴρη-

352 5573 444 5611 ται
463 5574 479 5588 ’
519 5579 537 5613 ι
560 5561 926 5628 Ἑξελεύσεται
953 5563 1237 5639 ἄνθρωπος
1275 5567 1339 5620 ἐκ
1369 5565 1464 5621 τοῦ
1500 5567 1811 5638 σπέρματος
1840 5566 1938 5622 αύ-

430 5742 475 5780 "
512 5741 649 5801 Gen.
684 5760 739 5812 l,
769 5744 860 5803 28.

2040 4544 2306 4600 audacior
2332 4544 2702 4615 quievit,dum
2731 4536 2879 4599 illius
2900 4544 3259 4615 principatum
3295 4556 3360 4597 ac
3390 4554 3619 4612 regnum

2041 4654 2263 4693 movere
2287 4638 2408 4693 loco
2432 4654 2594 4692 nemo
2615 4645 2701 4693 est
2729 4637 2821 4709 qui
2854 4637 3051 4707 possit.
3085 4635 3291 4692 Omnes
3318 4642 3499 4690 autem
3523 4632 3617 4702 qui

2040 4734 2265 4789 Christo
2312 4732 2496 4787 favent
2548 4746 2613 4786 ac
2675 4731 3047 4792 benedicunt,
3095 4735 3150 4783 et
3203 4736 3318 4781 tum
3372 4725 3623 4780 oratione

2042 4836 2155 4881 tum
2190 4828 2298 4881 vita
2335 4825 2522 4879 virtuti
2557 4823 2910 4894 praeceptoris
2949 4819 3155 4875 addunt
3182 4820 3389 4873 cultum
3435 4824 3488 4871 ct
3534 4831 3619 4870 re-

2041 4920 2359 4982 verentiam,
2385 4917 2587 4971 favoris
2620 4912 3126 4980 benedictionisque
3159 4910 3357 4964 divina:
3374 4905 3618 4961 vicissim

2042 5009 2337 5079 participes
2388 5007 2538 5072 facti,
2600 5011 2905 5078 augescunt
2950 5000 3194 5074 quotidie
3242 5015 3307 5054 ac
3359 4996 3622 5067 multipli-

2041 5113 2261 5164 cantur,
2288 5108 2477 5170 utpote
2498 5116 2623 5155 cum
2662 5100 2717 5153 in
2754 5098 2890 5169 ipsis
2915 5095 3101 5151 divina
3125 5092 3215 5147 illa
3246 5107 3348 5145 vox
3379 5108 3393 5145 :
3434 5108 3451 5140 ι
3484 5088 3623 5143 Cre-

2043 5195 2178 5250 scite
2210 5203 2265 5248 et
2292 5190 2730 5262 multiplicamini
2764 5199 2817 5245 et
2839 5188 3041 5258 replete
3058 5194 3259 5240 terram
3291 5181 3358 5244 ”,
3391 5200 3410 5234 ι
3441 5190 3494 5235 et
3532 5195 3624 5233 ve-

2040 5287 2156 5342 rius
2186 5294 2240 5343 et
2261 5285 2372 5339 Deo
2404 5283 2819 5339 convcnientius
2848 5281 3007 5335 tinem
3030 5292 3192 5333 suum
3216 5280 3617 5346 consequatur:

2043 5379 2186 5434 sicut
2234 5376 2570 5443 econtrario,
2613 5375 2708 5446 qui
2741 5390 2772 5430 a
2801 5373 2979 5445 prima
3004 5371 3272 5428 adversus
3304 5371 3456 5423 illum
3482 5384 3619 5421 cou—

2045 5473 2345 5543 spiratione
2371 5472 2538 5548 etiam
2571 5485 2719 5525 nunc
2771 5470 2827 5523 in
2857 5468 2973 5523 suis
3003 5466 3156 5522 illum
3190 5464 3436 5545 copsiliis
3463 5477 3623 5518 exse-

2046 5573 2295 5633 crantur,
2331 5563 2425 5621 Dei
2458 5564 2515 5619 in
2574 5563 2785 5634 seipsos
2833 5560 3269 5618 exsecrationem
3315 5571 3382 5612 ex
3441 5553 3534 5617 illo
3563 5552 3622 5609 in
