4110 6410
514 295 620 351 663

1151 276 1420 337 EUSEBII
1460 273 1941 338 CAESARIENSIS
1978 273 2083 330 ΟΡ]

2187 272 2372 330 PARS.
2412 271 2476 328 II.
2506 304 2574 315 —
2594 273 3091 333 APOLOGETICA.

3657 280 3758 336 664

517 415 661 470 hunc
703 423 878 480 usque
927 403 1069 460 diem
1109 408 1516 456 contraxerunt.
1577 395 1921 466 Quapmpter
1974 409 2082 448 non

2187 394 2301 458 τοῦ,
2335 413 2354 448 ι
2389 394 2580 467 (δῆλον
2624 393 2668 447 δ’
2693 395 2774 448 δτι
2819 393 2913 451 τοῦ
2948 393 3183 464 Ίακὼ6,)
3219 394 3360 449 οὕτω
3401 395 3590 448 κάκεῖ·
3623 416 3641 448 ι
3665 397 3760 452 Ἐκ

516 502 672 574 regni
694 500 894 559 solum,
921 493 1016 551 sed
1040 490 1199 547 etiam
1234 488 1321 544 sui
1349 488 1518 549 illius,
1551 485 1694 555 quod
1732 486 1938 540 honore
1973 500 2086 539 om-

516 597 572 654 ni
594 609 658 648 ac
684 588 990 646 reverentia
1018 584 1292 642 colebant,
1325 579 1645 643 sanctuarii,
1673 585 1972 632 extremam
1995 591 2084 632 so-

517 686 805 745 litudinem
839 689 1001 749 atque
1049 674 1328 730 interitum
1365 673 1420 725 in
1453 672 1628 725 oculis
1665 669 1886 734 habere,
1924 678 2085 740 atque

515 778 716 834 intueri
738 789 845 830 non
877 772 1158 827 desinunt.
1184 764 1303 820 Non
1331 763 1430 819 abs
1451 778 1509 817 re
1535 770 1712 818 autem
1749 761 1911 816 fuerit
1937 762 2085 817 hisce

515 883 637 939 quae
665 880 813 922 nunc
844 870 1162 923 tractamus,
1196 856 1372 928 ipsius
1419 853 1588 908 Iacob
1615 852 1682 907 ad
1725 849 1922 908 Iudam
1957 867 2085 922 pro-

519 957 756 1030 pbetiam
793 948 1110 1023 adiungere,
1141 960 1305 1016 quam
1329 943 1493 999 etiam
1527 943 1709 1030 ipsam,
1731 941 2086 998 evidentissi-

516 1029 605 1100 me
641 1042 911 1098 Salvatori
935 1045 1122 1093 nostro
1144 1031 1668 1101 accommodarijam
1684 1029 2085 1086 demonstravi-

515 1153 658 1200 mus,
710 1129 1174 1201 contemplarique
1224 1140 1367 1190 eam,
1403 1135 1522 1196 qua
1572 1123 1628 1178 in
1683 1123 1930 1192 utrisque
1977 1125 2082 1179 est,

514 1227 882 1283 concordiam.
915 1217 1380 1288 Quemadmodum
1413 1217 1557 1272 enim
1582 1214 1671 1268 hic
1715 1213 1921 1268 dictum
1954 1219 2038 1268 est
2067 1231 2081 1267 :

521 1338 540 1370 ι
587 1317 908 1388 Egredietnr
932 1314 1097 1368 homo
1125 1311 1193 1365 de
1235 1309 1442 1364 semine
1465 1307 1582 1377 ejus
1610 1305 1806 1377 (ipsius
1837 1304 2086 1359 videlicet

516 1409 738 1480 lar-ob),
762 1427 780 1460 ι
809 1408 886 1461 ita
911 1406 1074 1461 etiam
1117 1402 1460 1470 illic;dictum
1492 1407 1576 1455 est
1613 1418 1626 1455 :
1659 1418 1677 1451 ι
1717 1397 1794 1453 De
1818 1397 2084 1470 germine,

517 1501 593 1556 ﬁll
626 1499 724 1563 mi,
769 1494 1064 1564 ascendisti
1097 1495 1164 1561 ",
1205 1512 1222 1546 I
1257 1491 1328 1547 ab
1357 1491 1478 1562 ipso
1507 1489 1699 1554 Iacob,
1749 1489 1818 1544 ad
1844 1504 1968 1545 eum
2018 1488 2088 1545 de

515 1606 625 1662 quo
661 1590 778 1662 ipse
805 1588 1151 1643 vaticinatur.
1190 1584 1367 1656 thue
1402 1585 1456 1638 in
1491 1583 1745 1654 praesenti
1787 1583 1988 1638 dicitur
2020 1582 2089 1636 il-

515 1680 608 1736 lud
638 1698 654 1737 :
688 1698 706 1731 ι
741 1676 807 1741 Et
835 1677 1209 1732 dominabitur
1235 1675 1488 1746 gentibus
1513 1675 1720 1739 multis,
1748 1692 1766 1725 ι
1788 1672 1869 1728 sic
1895 1675 1950 1728 in
1974 1673 2083 1728 illis

2185 487 2438 558 βλαστοῦ,
2490 488 2576 542 υἰέ
2629 505 2752 559 μου,
2796 486 3014 558 ἀνέὸης,
3049 505 3066 537 ι
3103 487 3286 559 εἴρητο
3332 487 3425 540 ὑπ’
3454 487 3616 542 αὑτοῦ
3664 491 3759 545 τοῦ

2199 577 2389 633 Ἰακὼϐ
2422 579 2559 653 πρὸς
2589 579 2678 632 τὸν
2721 578 3214 650 προφητευόμενον.
3259 578 3368 631 Kal
3412 578 3487 642 ώς
3529 581 3622 635 ἐπὶ
3664 582 3760 636 τοῦ

2186 674 2454 746 παρόντος
2477 674 2689 742 λέγεται
2710 673 2792 738 τὸ,
2816 692 2834 724 ‹
2857 675 2966 726 Kal
2985 672 3264 743 κυριεύσει
3293 672 3464 726 ἐθνῶν
3490 674 3756 736 πολλῶν.»

2183 767 2382 837 ὁμοίως
2411 765 2504 819 καὶ
2533 767 2590 818 ἐν
2615 763 2840 828 ἐκείνοις
2867 765 2948 829 τὸ,
2985 784 3002 816 ι
3030 766 3139 818 Καὶ
3167 764 3326 828 αὐτὸς
3357 764 3505 818 ἔσται
3539 766 3766 836 προσδο-

2185 859 2278 913 κία
2324 858 2510 913 ἐθνῶν.
2560 877 2580 910 ι
2637 858 2748 912 Καὶ
2796 856 2957 910 πάλιν
3008 855 3238 910 ἐνταῦθα
3286 856 3404 928 μὲν,
3458 875 3476 908 σ
3523 857 3762 920 Ἔδεται,

2185 951 2369 1021 φησὶν,
2416 971 2434 1002 ι
2461 951 2587 1022 ἔθνη
2629 950 2837 1021 ἐχθρῶν
2865 949 3050 1013 αὑτοῦ,
3084 949 3177 1001 καὶ
3208 952 3328 1012 ταῖς
3365 948 3567 1019 βολίσιν
3596 948 3766 1002 αὑτοῦ

2184 1042 2568 1109 κατατοξεύσει
2596 1041 2814 1112 ἐχθρόν·
2844 1061 2863 1094 ι
2885 1040 3152 1104 Ὡσαύτως
3179 1040 3235 1093 δέ
3262 1041 3357 1094 καὶ
3403 1043 3461 1094 ἐν
3507 1041 3767 1105 ἐκείνοις,

2190 1153 2209 1185 ε
2243 1134 2308 1186 Αἰ
2335 1134 2515 1206 χεῖρές
2539 1151 2630 1187 σου
2654 1133 2748 1186 ἐπὶ
2773 1130 2942 1186 νώτου
2965 1130 3070 1184 τῶν
3100 1129 3309 1202 ἐχθρῶν
3343 1147 3457 1196 σου,
3479 1150 3496 1182 ι
3523 1130 3764 1199 ἐλέγετο.

2185 1225 2297 1279 Καὶ
2345 1226 2427 1294 τὸ,
2462 1243 2480 1277 ι
2512 1225 2756 1296 Σκύμνος
2798 1224 3010 1288 λέοντος
3044 1223 3229 1286 Ἰούδα,
3259 1243 3278 1276 ι
3311 1223 3403 1276 καὶ
3446 1221 3528 1286 τὸ,
3561 1242 3579 1273 ι
3605 1223 3768 1275 Ἀνι-

2185 1318 2366 1373 πεσὼν
2389 1318 2684 1390 ἐκοιμήθης
2706 1318 2781 1382 ὡς
2799 1318 2954 1382 λέων,
2970 1318 3064 1372 καὶ
3081 1317 3155 1380 ώς
3183 1316 3421 1387 σκύμνος
3435 1333 3449 1345 ·
3469 1316 3552 1379 τίς
3584 1317 3774 1388 ἐγερεῖ

2185 1411 2381 1476 αὐτόν;
2420 1430 2437 1462 ι
2472 1412 2530 1462 ἐν
2558 1409 2789 1472 ἐκείνοις
2814 1409 3118 1481 εἰρημένον,
3148 1407 3298 1461 οὐδέν
3335 1425 3424 1478 μοι
3470 1407 3619 1460 δοκεῖ
3654 1407 3773 1460 δια-

2187 1503 2375 1574 φέρειν
2405 1502 2504 1573 τῆς
2540 1501 2676 1573 μετὰ
2705 1504 2893 1572 χεῖρας
2919 1500 3114 1565 λέξεως
3145 1500 3489 1570 φασκούσης·
3528 1518 3547 1550 ι
3578 1501 3771 1554 Κατα-

2188 1593 2388 1657 κλιθεὶς
2439 1593 2783 1646 ἀνεπαύσατο
2829 1591 2904 1656 ώς
2952 1592 3107 1656 λέων,
3137 1593 3232 1646 xal
3271 1591 3346 1656 ώς
3375 1592 3646 1664 σκύμνος”
3681 1593 3775 1657 τίς

2191 1685 2485 1756 ἀναστήσει
2532 1683 2727 1750 αὐτόν;
2765 1701 2784 1735 ›
2830 1683 3017 1740 Ταῦτα
3065 1685 3122 1739 δέ
3171 1685 3396 1748 εἰκότως
3443 1687 3522 1748 εἰς
3574 1684 3772 1737 ταύτὸν

516 1790 736 1847 quoque
763 1771 896 1828 illud
930 1790 943 1827 :
974 1788 992 1822 ι
1019 1771 1086 1825 Et
1111 1771 1228 1840 ipse
1242 1743 1701 1838 eritexspectatio
1719 1765 1962 1837 gentium
1980 1765 2047 1820 ³ο.
2063 1783 2082 1818 ι

2193 1743 2591 1849 συνηγάγομεν,
2624 1776 2692 1829 ἵν’
2715 1743 2913 1848 ’ῶσπερ
2941 1775 3032 1829 ἐπὶ
3055 1776 3321 1848 στόματος
3350 1743 3442 1830 δύο
3474 1743 3772 1847 μαρτύρων

517 1870 584 1926 Et
615 1881 811 1922 rursus
843 1863 935 1919 hic
966 1861 1186 1934 quidem
1223 1879 1237 1918 :
1273 1879 1292 1913 ι
1329 1860 1640 1923 Devorabit,
1665 1858 1861 1928 inquit,
1898 1865 2087 1928 gentes

514 1958 862 2016 inimicorum
893 1970 1142 2019 suorum,
1180 1960 1235 2010 et
1283 1952 1484 2022 jaculis
1527 1950 1643 2006 suis
1692 1950 1852 2004 feriet
1902 1950 2080 2004 inimi-

512 2066 668 2115 cum;
698 2068 716 2102 ι
758 2049 814 2105 in
844 2047 958 2103 illis
1001 2053 1185 2102 autem
1217 2045 1384 2100 simili
1433 2041 1646 2098 ratione
1694 2039 1829 2094 illud
1875 2040 2082 2096 dictum

512 2153 597 2200 est
629 2161 642 2198 :
680 2159 702 2202 ι,
743 2139 1066 2196 Manustuze
1093 2138 1148 2192 in
1179 2145 1331 2207 tergo
1357 2135 1706 2191 inimicorum
1737 2141 1957 2188 tuorum
1979 2132 2080 2186 ³⁸.»

512 2235 648 2292 Item
675 2235 806 2288 illud
836 2251 848 2286 :
877 2251 896 2285 ι
933 2231 1162 2294 Catulus
1190 2229 1364 2284 leonis
1391 2226 1554 2292 Iuda,
1593 2244 1614 2279 ι
1634 2233 1689 2282 et
1717 2225 1850 2281 illud
1884 2245 1897 2280 :
1934 2244 1952 2276 ι
1979 2223 2086 2280 Re-

512 2326 776 2381 cumbens
801 2321 1108 2378 dormivisti
1142 2327 1201 2375 ut
1228 2321 1334 2385 leo,
1385 2326 1440 2375 et
1474 2325 1534 2374 ut
1559 2317 1802 2384 catulus,
1834 2317 1958 2388 quis
1983 2333 2084 2372 ex-

509 2416 704 2472 citabit
732 2415 885 2469 illum
915 2415 1001 2481 "?_
1041 2433 1058 2466 ι
1116 2411 1346 2483 quodin
1394 2411 1503 2466 illis
1552 2409 1759 2464 dictum
1811 2417 1915 2476 est,
1947 2409 2086 2464 nihil

513 2507 647 2563 mihi
685 2504 905 2564 ditl‘erre
957 2504 1171 2559 videtur
1203 2503 1386 2566 ab'eo,
1438 2499 1585 2571 quod
1613 2515 1760 2555 nunc
1786 2508 2088 2557 tractamus

2188 1869 2286 1940 τῆς
2330 1871 2389 1921 ἐν
2419 1871 2540 1932 ταῖς
2569 1866 2926 1938 προφητείαις
2969 1868 3343 1940 συμφωνίαςὴ
3377 1869 3506 1940 περὶ
3532 1867 3623 1920 τοῦ
3657 1869 3774 1921 Σω-

2187 1959 2251 2029 τῆ
2259 1975 2351 2031 ρος
2377 1960 2409 2029 ὴ
2418 1957 2532 2029 μῶν
2553 1958 3191 2031 ἀπόδειξιςβεόαιοτέραν
3209 1959 3361 2013 λάϐοι
3380 1959 3479 2031 τὴν
3502 1959 3769 2030 κύρωσιν.

2187 2049 2372 2104 Πάντα
2395 2049 2440 2102 δ’
2464 2045 2556 2104 οὖν
2585 2049 2652 2104 τὰ
2677 2052 2754 2113 εἰς
2778 2051 2876 2124 τὴν
2902 2050 2998 2104 τοῦ
3032 2049 3222 2105 Ἰακὼὸ
3247 2052 3551 2123 πρόρρησιν
3578 2051 3774 2104 τεθεω-

2185 2141 2397 2213 ρημένα
2431 2142 2719 2213 ἀρμόσειεν
2760 2141 2826 2196 ἂν
2867 2143 2962 2198 καὶ
3008 2145 3087 2206 εἰς
3127 2141 3222 2214 τὴν
3266 2141 3360 2196 τοῦ
3412 2142 3643 2212 Βαλαὰμ
3669 2143 3772 2212 τῆς

2182 2229 2501 2301 ὁμοιότητος
2543 2229 2650 2292 τῶν
2696 2231 2998 2302 λεγομένων
3036 2233 3216 2285 ἕνεκα.
3249 2233 3312 2285 Εἰ
3361 2232 3424 2302 δὴ
3463 2234 3652 2286 ἐκεῖνα
3682 2233 3772 2285 διὰ

2186 2321 2384 2392 πολλῆς
2405 2322 2731 2389 ἀποδείξεως
2757 2325 2850 2376 ἐπὶ
2879 2323 2970 2377 τὸν
3006 2325 3268 2397 ἡμέτερον
3297 2324 3523 2396 Σωτῆρα
3551 2342 3619 2377 πε
3632 2324 3770 2396 πλη-

2186 2415 2407 2484 ρωμένα
2437 2415 2687 2488 συνέστη,
2723 2415 3012 2471 ἀκόλουθον
3057 2416 3123 2470 ἂν
3170 2419 3254 2488 εἴη
3293 2417 3386 2470 καὶ
3415 2416 3484 2470 τὰ
3521 2418 3770 2490 παρόντα

2183 2504 2486 2575 ὁμολογεῖν.

509 2601 754 2664 oraculo,
789 2599 947 2669 cujus
972 2598 1066 2660 illa,
1091 2605 1220 2654 sunt
1240 2595 1406 2651 verba
1438 2614 1451 2650 :
1490 2613 1508 2646 ι
1547 2593 1892 2652 Recumbens
1924 2595 2083 2666 quiev

2187 2607 2233 2652 ,ιι
2286 2599 2392 2664 leo,
2426 2607 2479 2654 et
2527 2609 2586 2654 ut
2629 2607 2863 2665 catulus,
2895 2605 3018 2674 quis
3073 2605 3332 2661 excitabit
3377 2605 3571 2658 illum?
3598 2603 3773 2658 >llzec

511 2703 690 2749 autem
724 2707 833 2748 non
866 2692 964 2755 abs
986 2695 1046 2747 re
1074 2703 1240 2746 unum
1273 2692 1328 2745 in
1350 2691 1529 2746 locum
1553 2691 1852 2761 coegimus,
1897 2699 1956 2746 ut
2007 2695 2163 2763 quasi
2197 2693 2254 2748 in
2307 2711 2402 2752 ore
2452 2697 2684 2752 duorum
2735 2700 2979 2765 testium,
3027 2701 3156 2774 ejus,
3198 2717 3317 2771 quae
3372 2703 3428 2756 in
3462 2699 3772 2772 prophetis

511 2791 790 2856 spectatur
851 2783 1179 2848 concordiae,
1229 2783 1296 2838 de
1343 2782 1625 2838 Salvatore
1671 2791 1861 2848 nostro
1904 2785 2298 2843 demonstratio
2355 2789 2652 2847 ﬁrmiorem
2705 2793 2940 2864 accipiat
2972 2794 3374 2850 auctoritatem.
3422 2792 3528 2848 Sed
3582 2794 3766 2846 omnia

509 2891 847 2948 quacunque
869 2877 922 2930 in
940 2876 1258 2932 vaticinium
1292 2874 1462 2932 Iacob
1505 2877 1923 2948 contemplanda
1971 2881 2327 2949 contulimus,
2363 2883 2492 2940 huic
2523 2886 2650 2941 item
2699 2887 2844 2958 quod
2891 2903 2920 2941 a
2951 2887 3169 2942 Balaam
3203 2887 3406 2942 dictum
3443 2896 3548 2950 est,
3601 2885 3771 2959 426

511 2971 911 3036 accommodari
961 2979 1236 3044 poterunt,
1267 2980 1492 3043 propter
1542 2987 1732 3028 eorum
1786 2989 1907 3044 quas
1939 2974 2087 3031 dicta
2119 2985 2246 3032 sunt
2302 2981 2740 3039 similitudinem.
2771 2983 2924 3051 Quod
2980 2986 3026 3041 si
3061 2987 3149 3038 illa
3185 2986 3240 3040 in
3276 2995 3465 3040 nostro
3517 2984 3768 3039 Salvato-

510 3081 571 3124 το
618 3066 887 3139 completa
936 3081 1059 3123 esse
1088 3064 1340 3135 ampliori
1389 3066 1862 3131 demonstratione
1912 3077 2029 3122 tum
2087 3071 2355 3137 constitit,
2411 3076 2660 3146 sequitur
2709 3076 2822 3147 jam
2869 3085 2931 3130 ut
2987 3079 3276 3148 prasentia
3332 3093 3550 3151 quoque
3599 3077 3774 3134 (8183-.

510 3176 655 3224 mur.

510 3291 592 3358 Ab
615 3293 778 3372 ρεεε.
811 3322 882 3334 -ο
928 3291 1157 3372 ltent‘de
1188 3293 1280 3348 illo
1327 3293 1464 3359 quod
1520 3293 1840 3372 dictamnest
1870 3309 1894 3372 ε.
1925 3312 1943 3345 ι
2006 3294 2083 3348 E1

2204 3299 2336 3372 Ἀπὸ
2355 3318 2474 3372 Δτου
2514 3298 2706 3367 Ὠσηὲ.
2737 3301 2936 3353 -Ἕτι
2966 3300 3097 3371 περὶ
3124 3302 3251 3366 τοῦ,
3283 3322 3300 3353 ι
3335 3303 3435 3366 Ἐξ
3463 3305 3777 3372 Αἰγύπτου

582 3361 1234 3440 {EgyptovocaviFiliynt
1269 3380 1460 3423 meum,
1495 3383 1513 3416 ι
1547 3376 1594 3418 et
1623 3363 1686 3426 de
1716 3363 1924 3419 Herode
1949 3382 2083 3437 rege,

2259 3369 2526 3432 ἐκάλεσα
2557 3361 2661 3424 to»
2688 3372 2824 3425 Υἱόν
2847 3361 3164 3439 μου,ἰ’καὶ
3189 3361 3320 3440 περὶ
3369 3361 3621 3440 Ἡμίιδου
3662 3375 3767 3430 τοῦ

581 3443 634 3501 et
661 3435 924 3500 eversione
952 3439 1099 3504 regni
1119 3433 1448 3489 Juda’oram.
2008 3433 2023 3437 '

2251 3441 2582 3513 ⁸βασιλέως,
2614 3443 2712 3495 καὶ
2758 3433 2890 3509 περὶ
2928 3433 3038 3511 τῆς
3065 3433 3463 3511 καθαιρἐσειιῖς
3486 3443 3594 3513 τῆς
3632 3447 3764 3502 Ἰου-

2256 3509 2440 3564 δαίων
2461 3513 2804 3579 βασιλείας.

589 3657 614 3700 ι
639 3637 706 3693 Et
735 3645 993 3708 exsurget
1032 3638 1266 3708 perditio
1297 3640 1353 3692 in
1403 3639 1604 3710 populo
1636 3645 1751 3703 Luo,
1793 3646 1848 3694 et
1895 3654 2084 3694 omnia

515 3731 729 3796 munita
752 3740 844 3787 tua
873 3730 1148 3801 peribunt,
1183 3744 1244 3783 ut
1273 3731 1528 3801 princeps
1554 3730 1808 3786 Salaman
1837 3731 1904 3786 de
1925 3730 2086 3786 domo

508 3819 908 3890 JeroboamJn
936 3821 1128 3877 diebus
1178 3821 1304 3906 belli
1346 3831 1574 3878 matrem
1619 3839 1784 3893 super
1808 3823 1934 3879 ﬁliis
1968 3823 2087 3878 alli-

511 3921 721 3978 serunt.
753 3911 844 3970 Sic
872 3911 1262 3978 faciam,vobis
1285 3912 1481 3969 domus
1511 3911 1699 3980 Israel,
1725 3930 1755 3967 a
1778 3914 1914 3969 facie
1940 3914 2086 3984 inju-

510 4002 720 4068 riarum
754 4011 1090 4075 vestrarum,
1136 4003 1292 4058 Mane
1323 4003 1482 4075 ejecti
1536 4014 1666 4060 sunt
1699 4026 1711 4062 :
1746 4006 1956 4076 ejectus
2001 4017 2086 4062 est

512 4111 610 4152 rex
641 4093 835 4167 Israel,
860 4095 1120 4166 quoniam
1170 4094 1354 4151 infans
1412 4094 1600 4152 Israel.
1661 4095 1726 4159 Et
1778 4113 1878 4169 ego
1917 4098 2083 4154 dilexi

509 4199 636 4244 eum
665 4203 681 4240 :
713 4195 768 4249 et
814 4201 882 4243 ex
913 4185 1151 4268 Egypto
1197 4187 1420 4251 evocavi
1473 4188 1613 4242 ﬁlios
1651 4189 1771 4257 ejus
1811 4190 1874 4244 ³³.
1918 4209 1936 4240 ι
1978 4189 2087 4256 8εά

510 4277 708 4350 Aquila
742 4317 759 4344 ,
818 4277 1103 4345 Hebraicze
1154 4279 1451 4346 elocutioni
1522 4280 1858 4346 inserviens,
1917 4301 1935 4333 ι
2007 4281 2083 4334 Ex

513 4369 746 4450 xI‘lgypto
788 4372 977 4427 vocavi
1035 4371 1207 4430 ﬁlium
1266 4388 1467 4437 meum,
1501 4393 1521 4432 ι
1556 4374 1944 4444 interpretatus
1976 4383 2080 4434 est.

510 4459 628 4534 Ego
660 4471 841 4522 autem
895 4464 1207 4519 necessario
1257 4464 1324 4518 ad
1374 4465 1598 4520 verbum
1651 4466 1835 4520 notavi
1880 4467 2080 4532 locum,

2263 3644 2282 3678 ι
2316 3626 2428 3680 Kal
2460 3625 2880 3699 ἐξαναστήσεται
2920 3627 3163 3683 ἀπώλεια
3192 3631 3249 3682 ἐν
3274 3630 3352 3701 τῷ
3383 3629 3496 3701 λαῷ
3523 3648 3642 3696 σου,
3674 3631 3768 3686 καὶ

2188 3718 2362 3772 πάντα
2395 3719 2463 3773 τὰ
2493 3721 2996 3793 περιτετειχισμένα
3031 3740 3122 3775 σου
3161 3725 3458 3794 οἰχήσεται,
3481 3724 3557 3789 ώς
3583 3725 3766 3796 ἄρχων

2186 3811 2438 3882 Σαλαμάν
2456 3815 2520 3866 ἐκ
2541 3813 2632 3866 τοῦ
2653 3813 2802 3867 οἴκου
2819 3813 3116 3886 Ἰεροϐοάμ.
3151 3815 3240 3869 Ἑν
3258 3817 3491 3889 ἡμέραις
3526 3817 3764 3889 πολέμου

2190 3905 2400 3976 μητέρα
2412 3906 2503 3958 ἐπὶ
2527 3905 2734 3970 τέκνοις
2747 3906 3031 3977 ὴδάφισαν.
3053 3908 3207 3961 Οὕτω
3228 3909 3602 3980 ποιήσωὺμῖν,
3619 3906 3764 3974 οἶκος

2200 3997 2436 4075 Ἰσραὴλ,
2486 3998 2594 4052 ἀπὸ
2615 3998 2904 4070 προσώπου
2930 3999 3035 4052 τῶν
3067 3998 3288 4054 ἀδικιῶν
3313 4001 3486 4072 ὑμῶν.
3528 4002 3762 4074 Ὀρθρου

2186 4089 2588 4162 ἀπερῤίφησαψ
2613 4091 2890 4163 ἀπερρίφη
2909 4091 3156 4161 βασιλεὺς
3173 4093 3406 4165 Ἰσραὴλ,
3423 4093 3558 4146 διότι
3576 4096 3764 4166 νήπιος

2199 4182 2434 4254 Ἰσραήλ.
2453 4185 2562 4237 Κοιί
2590 4185 2700 4253 ἐγὼ
2738 4185 2998 4253 ἠγάπησα
3032 4183 3215 4248 αὐτὸν,
3261 4184 3355 4238 καὶ
3391 4183 3450 4250 ἐξ
3486 4185 3760 4254 Αἰγύπτου

2189 4275 2524 4343 μετεκάλεσα
2540 4276 2607 4330 τὰ
2620 4276 2782 4328 τέκνα
2800 4275 2979 4331 αὐτοῦ.
3013 4296 3030 4328 ι
3051 4276 3349 4341 Δουλεύσας
3371 4278 3449 4348 τῷ
3463 4278 3757 4350 Ἐὁραῐκῷ,

2189 4384 2207 4414 ι
2233 4366 2320 4433 Ἐξ
2355 4367 2624 4438 Αἰγύπτου
2660 4369 2893 4422 ἐκάλεσα
2936 4369 3028 4422 τὸν
3077 4369 3188 4422 υἱόν
3233 4387 3355 4443 μου,
3389 4389 3406 4420 ι
3445 4369 3703 4436 ἐξέδωκεν
3733 4372 3760 4423 ὁ

2197 4457 2446 4523 Ἀκύλας.
2464 4460 2798 4528 Ἀναγκαίως
2848 4461 2904 4516 δὲ
2950 4461 3011 4515 τὸ
3055 4461 3215 4534 ῥητὸν
3243 4464 3758 4535 ἐπεσημειωσάμην,

511 4553 772 4623 quoniam
799 4552 1089 4619 Mattbazus
1113 4570 1332 4626 quoque
1373 4555 1556 4626 posuit
1587 4555 1950 4631 prophetiam,
1989 4556 2081 4611 ubi

2187 4550 2412 4624 ἐπείπερ
2459 4553 2553 4605 καὶ
2597 4555 2624 4606 ὁ
2671 4551 2948 4618 Ματθαῖος
2977 4553 3210 4608 τέθειται
3254 4554 3354 4626 τὴν
3403 4556 3757 4627 προφητείαν,

509 4647 564 4706 in
598 4644 891 4722 Egyptum
919 4649 1312 4719 commigrasse
1353 4647 1562 4714 Iesum,
1588 4657 1642 4704 et
1676 4649 1825 4704 illinc
1855 4648 2083 4706 rediisse

2187 4642 2419 4714 ὁπηνίκα
2451 4643 2528 4706 εἰς
2557 4641 2829 4710 Αἴγυπτον
2857 4643 3266 4713 διακομισθῆναι
3290 4643 3379 4697 τὸν
3415 4642 3641 4714 Ἰησοῦν,
3663 4643 3761 4697 κά·-

509 4738 565 4791 in
593 4745 795 4795 terram
818 4738 986 4795 Israel
1010 4739 1303 4806 indicavit;
1350 4742 1396 4796 si
1427 4744 1549 4812 quis
1569 4749 1748 4796 autem
1779 4739 2082 4799 Salvatoris

2189 4736 2365 4791 κεῖθεν
2411 4735 2723 4791 ἐπανελθεῖν
2773 4735 2864 4789 ἐπὶ
2910 4735 3006 4808 τὴν
3039 4736 3140 4807 γῆν
3171 4735 3263 4788 τοῦ
3302 4735 3519 4807 Ἰσραὴλ
3551 4735 3754 4806 ἐδήλου.

508 4829 684 4884 nostri
715 4829 773 4884 in
803 4827 1099 4906 AEgyptum
1143 4830 1533 4903 profectionem
1566 4839 1807 4895 accuset,
1841 4831 1981 4886 sciat
2025 4831 2080 4888 id

2189 4831 2250 4883 Εἰ
2285 4829 2341 4883 δέ
2377 4829 2740 4900 ἐπιμέμφοιτό
2772 4847 2852 4892 τις
2884 4832 2949 4902 τῇ
2987 4830 3062 4893 εἰς
3098 4829 3370 4898 Αἴγυπτον
3414 4830 3757 4901 ἀναχωρήσει

507 4931 686 4977 totum
715 4922 954 4977 maxima
999 4938 1124 4976 cum
1171 4924 1382 4979 ratione
1414 4924 1617 4979 factum
1651 4924 1840 4980 fuisse.
1895 4924 2080 4996 Neque

2187 4921 2278 4974 τοῦ
2303 4921 2455 4992 Σωτῆ
2465 4940 2552 4994 ρος
2577 4921 2755 4993 ἡμῶν,
2777 4921 2906 4975 ἵστω
2931 4921 3070 4975 κατά
3092 4921 3246 4990 λόγον
3263 4921 3431 4993 αὐτὴν
3455 4923 3753 4991 γεγονέναι.

507 5015 654 5069 enim
706 5011 945 5073 Herodis
973 5015 1336 5076 voluntariam
1389 5018 1650 5072 malitiam
1686 5018 1942 5076 cohibere
1986 5035 2086 5090 par

507 5116 652 5169 erat,
680 5121 859 5178 neque
885 5123 1079 5165 rursus
1107 5107 1470 5173 Salvatorem,
1514 5125 1741 5179 puerum
1775 5110 1956 5167 adhuc
1984 5113 2086 5167 mi—

507 5196 698 5251 racula
729 5199 974 5255 exordiri
1031 5200 1145 5271 jam
1177 5209 1313 5266 tum,
1342 5209 1507 5273 atque
1535 5208 1661 5261 ante
1687 5210 1903 5273 tempus
1941 5203 2081 5259 divi-

507 5305 634 5343 nam
665 5298 944 5348 ostentare
963 5294 1220 5351 virtutem
1256 5314 1268 5349 :
1298 5295 1444 5366 quod
1479 5310 1611 5352 sane
1634 5294 1838 5352 factum
1866 5293 2080 5361 fuisset,

507 5381 554 5439 si
601 5381 838 5438 mirabili
875 5385 1110 5455 quadam
1150 5387 1361 5444 ratione
1390 5388 1738 5444 insidiantem
1773 5387 1876 5442 sibi
1902 5386 2078 5442 Hero-

507 5468 630 5522 dem
661 5469 984 5539 punivlssct,
1009 5487 1184 5546 neque
1204 5478 1324 5532 ullo‘
1340 5477 1502 5533 modo
1523 5478 1667 5532 illam
1697 5479 1752 5533 in
1781 5477 2076 5549 Egyptum

508 5568 784 5618 una'cum‘
829 5566 1164 5634 parentibus
1197 5569 1563 5626 secessionem
1603 5572 1936 5641 pertulisset.
1975 5565 2077 5626 Ve.

2182 5012 2319 5067 Οὔτε
2353 5014 2460 5087 γὰρ
2494 5017 2736 5086 ἐπισχεῖν
2767 5015 2856 5068 τὸν
2897 5013 3140 5088 Ἡρώδην
3166 5015 3264 5087 τῆς
3303 5014 3754 5086 αύτοπροαιρέτου

2184 5104 2380 5167 κακίας
2410 5105 2684 5176 προσῆκον
2707 5099 2796 5176 ἦν,
2819 5103 2929 5157 οὔτ’
2952 5104 3016 5158 ἂν
3049 5103 3247 5176 βρέφος
3285 5105 3357 5158 ἔτ’
3380 5105 3508 5158 ὄντα
3535 5107 3624 5158 τὸν
3651 5106 3758 5157 Σω-

2181 5195 2248 5265 τῆ
2259 5213 2325 5267 ρα
2351 5195 2458 5249 τῶν
2487 5185 2780 5266 θαυμάτων
2803 5195 3170 5267 ἀπάρξασθαι,
3195 5197 3289 5254 καὶ
3312 5196 3415 5268 πρὸ
3447 5200 3639 5270 καιροῦ
3661 5195 3756 5267 τὴν

2182 5288 2332 5342 θείαν
2365 5286 2764 5342 ἐπιδείκνυσθαι
2797 5287 3055 5358 δύναμιψ
3107 5290 3244 5361 ὅπερ
3292 5288 3357 5342 ἂν
3401 5292 3670 5368 ἐπράχθη,
3705 5297 3752 5350 εξ

2182 5379 2496 5450 παραδόξως
2515 5377 2930 5432 ἐπιϐουλεύοντα
2947 5379 3097 5451 αὑτῷ
3125 5380 3213 5433 τὸν
3237 5381 3477 5455 Ἡρώδην
3503 5385 3749 5456 μετῆλθε,

2185 5471 2442 5550 μηδαμῶς
2475 5471 2770 5544 ὑπομείνας
2801 5471 2899 5542 τὴν
2942 5472 3022 5534 εἰς
3069 5473 3338 5540 Αἴγυπτον
3380 5476 3496 5547 ἅμα
3523 5480 3634 5542 τοῖς
3660 5494 3751 5547 γο-

2181 5564 2361 5618 νεῦσιν
2387 5567 2750 5638 ἀναχώρησιν.
2770 5563 2930 5616 Ἀλλά
2971 5563 3080 5636 γὰρ
3121 5561 3188 5639 ἦν
3219 5567 3315 5638 τῆς
3347 5569 3652 5641 κρείττονος
3677 5573 3747 5630 οξ.

582 5723 627 5764 ⁸³
665 5721 802 5790 Gen.
838 5739 1002 5793 ιιιι.
1036 5721 1089 5782 9.
1166 5727 1208 5760 ³⁸
1249 5727 1381 5783 ιδιά.
1422 5728 1500 5785 I0.
1583 5730 1620 5761 ⁹’
1666 5729 1891 5799 ἱϋῖἁυνδ,
1963 5731 2008 5763 ’³
2049 5729 2083 5786 il

2216 5729 2267 5786 9.
2349 5730 2390 5763 ³³
2430 5729 2554 5786 Ose.
2588 5729 2911 5800 1,”,15;
2954 5730 3123 5796 111,1.
