4110 6410
306 361 413 418 (:65

1182 358 1840 419 DEMONSTRATIONIS
1885 356 2344 415 ΕνΑΝϐΕΙιΙΟιΕ
2393 357 2519 415 LIB.
2572 358 2676 417 'IX.

3458 371 3562 427 666

304 477 568 549 κονομίας
593 478 686 533 ἐπὶ
718 479 910 551 καιροῦ
937 479 1030 534 τοῦ
1054 482 1420 554 προσήκοντος
1442 480 1552 534 τῶν
1573 480 1674 551 τῆς
1694 479 1867 550 θεότη·

1991 490 2111 531 rum
2141 478 2287 532 enim
2343 478 2740 548 praestantioris
2795 479 3084 550 cujusdam
3140 482 3564 556 dispensationis

302 586 395 633 τος
424 569 778 641 ἀπάρξασθαι
799 569 1112 642 θαυμάτων,
1144 565 1189 641 ᾧ
1212 588 1276 640 γε
1304 571 1391 625 διά
1423 570 1623 633 παντὸς
1646 568 1739 623 τοῦ
1768 568 1884 639 βίου

300 661 363 715 τὸ
413 663 591 733 πρᾶον
632 663 726 716 καὶ
766 662 1084 728 ἀνεξίκακον
1132 663 1568 737 μεμαρτύρηται,
1614 662 1884 734 προχείρῳ

304 753 406 824 μὲν
434 755 517 818 είς
548 753 647 819 τάς
687 753 937 820 εὐποιίας
969 757 1063 809 καὶ
1100 756 1199 819 τὰς
1232 756 1416 820 κοινὰς
1444 754 1761 826 εὐεργεσίας
1788 771 1882 823 γε-

299 845 534 917 νομένῳ,
573 846 778 917 μηδένα
819 848 875 901 δὲ
918 848 1027 901 τῶν
1071 849 1145 921 μὴ
1194 850 1499 904 ἀκουόντων
1534 849 1880 921 ἀμυνομένῳ,

303 940 441 1011 μηδὲ
488 940 579 993 ὅτε
619 940 697 1005 ὡς
742 941 1017 1014 πρόϐατον
1061 943 1154 995 ἐπὶ
1198 941 1415 1014 σφαγὴν
1454 942 1639 1013 ἡγετο,
1669 941 1765 995 καὶ
1806 941 1882 1006 ὡς

298 1032 473 1102 ἀμνὸς
498 1032 737 1086 ἐναντίον
776 1033 871 1088 τοῦ
903 1035 1173 1106 κείροντος
1193 1034 1427 1105 ἄφωνος.
1459 1032 1585 1097 Πῶς
1612 1027 1706 1088 οὖν
1734 1033 1882 1098 είκδς

294 1120 366 1196 ἦν
390 1122 485 1178 τὸν
518 1124 758 1181 τοιοῦτον
779 1126 889 1180 δεῖν
920 1127 978 1180 ἐν
1012 1126 1211 1198 παιδίῳ
1253 1126 1328 1198 μὴ
1372 1127 1495 1198 οὐχὶ
1523 1126 1878 1198 ὑποχωρῆσαι

294 1218 363 1286 τῇ
397 1214 493 1270 τοῦ
534 1216 773 1289 Ἡρώδου
804 1218 992 1292 κακίᾳ,
1095 1220 1191 1274 καὶ
1214 1221 1271 1275 ὲν
1300 1218 1456 1290 ἀνδρὶ
1483 1217 1543 1271 τὸ
1575 1218 1878 1289 ἀναχωρεῖν

295 1310 391 1362 καὶ
424 1310 551 1374 τοὺς
566 1312 849 1382 ,πονηροὺς
876 1311 1142 1364 ἐκκλίνειν
1181 1310 1619 1383 μεμαρτύρηται,
1650 1308 1878 1382 ἐπικρύ-

294 1401 526 1455 πτεσθαι
574 1420 633 1456 τε
675 1403 766 1456 καὶ
813 1402 1140 1473 ὑποφεύγειν
1170 1403 1261 1456 τὸν
1298 1404 1390 1456 ἐπὶ
1419 1402 1538 1468 ταῖς
1576 1402 1874 1475 παραδοξο-

292 1493 501 1558 ποιίαις
523 1493 771 1561 ἔπαινονς
815 1495 1049 1568 παρῄνει
1088 1496 1220 1565 γοῦν
1253 1499 1364 1560 τοῖς
1396 1497 1487 1551 ὑπ’
1520 1494 1682 1550 αὐτοῦ
1710 1495 1874 1567 θερα-

289 1583 615 1654 πευομένοις
644 1584 830 1657 μηδενὶ
855 1585 1052 1655 λέγειν.
1089 1587 1153 1640 Ei
1175 1586 1220 1641 δ’
1243 1589 1334 1641 ἐπὶ
1353 1587 1446 1642 τδν
1470 1587 1599 1642 λαδν
1617 1588 1719 1659 τὴν
1743 1604 1875 1657 προ-

289 1673 522 1743 φητείαν
552 1675 810 1747 ἀναφέροι
843 1694 947 1742 τις,
979 1676 1204 1747 φάσκων
1235 1678 1362 1749 περὶ
1408 1676 1501 1731 τοῦ
1528 1678 1592 1731 ὲκ
1626 1677 1874 1749 σπέρμα-

285 1781 380 1829 τος
430 1764 527 1819 τοῦ
561 1766 777 1839 Ἰσραὴλ
824 1766 953 1822 λαοῦ
1001 1768 1269 1841 εἰρῆσθαι,
1301 1768 1648 1841 ἐπιστησάτω
1676 1771 1741 1841 τῇ
1774 1767 1869 1823 τοῦ

1986 585 2051 624 ac
2070 570 2354 637 sapientiae
2388 570 2518 634 fuit,
2545 586 2647 627 suo
2682 579 2848 643 atque
2876 574 3290 632 accommodato
3319 586 3563 651 tempore

1983 663 2400 729 miraculorum,
2432 678 2556 735 quae
2604 664 2673 720 ad
2729 663 3071 723 divinitatem
3130 671 3422 739 pertinent.
3464 674 3564 727 ini-

1983 752 2118 805 tium
2148 751 2329 809 facere
2348 768 2474 808 eum
2505 753 2595 808 cui
2648 754 2703 808 in
2738 761 2853 809 tota
2883 757 2995 810 vita
3024 761 3468 817 mansuetudinis
3507 770 3562 817 et

1982 843 2284 898 clementiae
2326 845 2701 901 testimonium
2762 846 3035 904 redditum
3092 858 3198 915 est,
3241 854 3447 924 quique
3495 857 3561 911 ad

1982 936 2427 1006 promerendum,
2459 943 2625 1007 atque
2676 937 2746 993 ad
2780 942 3095 997 communia
3125 942 3298 999 oﬁicia
3328 946 3563 1017 fungen—

1980 1025 2050 1083 da
2080 1042 2386 1097 propensus
2402 1027 2644 1091 exstitit,
2669 1043 2772 1084 nec
2824 1029 3065 1103 aliquem
3098 1049 3339 1105 unquam
3370 1051 3561 1093 eorum

1979 1117 2073 1189 qui
2098 1128 2208 1173 nan
2234 1118 2337 1189 ipsi
2370 1121 2842 1184 auscultaverunt,
2871 1123 3022 1180 uitus
3042 1133 3149 1191 est,
3181 1141 3253 1183 ne
3282 1136 3413 1184 tunc
3439 1130 3564 1200 qui-

1978 1209 2101 1264 dem
2127 1223 2254 1263 cum
2285 1216 2345 1264 ut
2376 1211 2495 1266 ovis
2543 1212 2611 1268 ad
2650 1216 2986 1271 occisionem
3040 1216 3364 1284 ducebatur,
3397 1228 3562 1291 atque

1977 1307 2037 1353 ut
2062 1315 2239 1371 agnus
2268 1316 2454 1357 coram
2498 1305 2761 1362 tondente
2792 1322 2852 1363 se
2878 1348 2894 1371 ,
2927 1309 3363 1367 obmutescebat.
3395 1311 3559 1385 627

1975 1389 2079 1458 Qui
2102 1400 2305 1456 autem,
2324 1404 2535 1465 quaeso,
2553 1397 2926 1465 convenisset,
2948 1415 3096 1465 eum,
3126 1402 3221 1472 qui
3258 1402 3385 1458 talis
3413 1413 3555 1465 erat,

1975 1496 2205 1551 puerum
2237 1483 2417 1539 adhuc
2450 1483 2684 1542 Herodis
2711 1488 2932 1545 malitia:
2967 1505 3077 1545 non
3110 1491 3435 1561 concedere,
3466 1498 3559 1552 cui

1973 1574 2137 1627 etiam
2168 1573 2238 1629 ad
2269 1576 2481 1631 virilem
2541 1582 2756 1635 aetatem
2819 1580 3088 1651 profecto,
3136 1584 3477 1641 concedendi
3504 1596 3560 1643 et

1972 1664 2241 1736 malignos
2293 1666 2630 1733 declinandi,
2663 1671 3059 1728 testimonium
3100 1674 3377 1731 redditum
3430 1678 3562 1733 est?

1972 1754 2178 1826 quique
2225 1765 2280 1812 et
2338 1768 2407 1815 se'
2460 1762 2763 1827 occultare,
2799 1771 2853 1819 et
2884 1764 2939 1819 in
2992 1766 3279 1823 miraculis
3328 1770 3559 1830 edendis

285 1855 451 1925 λόγου
484 1857 793 1932 ἀκολουθίᾳ,
823 1860 997 1914 ταῦτα
1041 1860 1259 1915 ἔσεσθαι
1296 1861 1516 1935 φησάσῃ
1549 1861 1686 1932 μετά
1713 1861 1775 1914 τδ
1800 1861 1867 1914 εί-

1980 1847 2196 1903 laudem
2220 1849 2459 1921 eii‘ugere
2487 1856 3023 1912 consueverit?nam
3056 1874 3197 1930 quos
3218 1861 3336 1931 ipse
3367 1878 3561 1921 curas~

287 1951 413 2001 πεῖν
440 1948 517 2014 ὡς
544 1949 680 2023 πρὸς
714 1951 884 2023 αὐτὴν
924 1953 1023 2025 την
1060 1953 1446 2026 Ἰερουσαλήμο
1492 1972 1510 2005 ι
1539 1954 1650 2008 Καὶ
1681 1952 1874 2019 ἐξανα-

285 2043 548 2113 στήσεται
572 2041 815 2097 ἀπώλεια
840 2045 898 2096 ὲν
928 2044 1007 2116 τῷ
1034 2044 1149 2116 λαῷ
1180 2062 1295 2109 σου,
1326 2047 1421 2099 καὶ
1450 2046 1627 2099 πάντα
1660 2060 1875 2118 περιτε-

280 2133 606 2203 τειχισμένα
632 2150 725 2187 σου
741 2135 1038 2206 οἰχήσεται.
1071 2154 1089 2186 ι
1119 2137 1229 2190 Καὶ
1258 2137 1421 2209 ἅπερ,
1446 2136 1631 2208 φησιν,
1653 2138 1681 2189 ό
1708 2135 1876 2189 τοιόσ-

278 2222 338 2277 δε
365 2224 552 2295 ἄρχων
582 2225 815 2279 πέπονθε
847 2226 990 2281 κατά
1040 2226 1131 2280 τὸν
1185 2227 1480 2282 ἐπελθόντα
1518 2226 1666 2298 αὐτῷ
1711 2226 1873 2280 πόλε-

283 2330 409 2385 μον,
442 2317 500 2369 ὲν
544 2309 589 2384 ᾧ
620 2317 829 2389 μητέρα
872 2318 965 2371 ἐπὶ
1012 2318 1224 2383 τέκνοις
1258 2319 1548 2389 ηδάφισαν,
1578 2318 1648 2371 τά
1693 2334 1873 2391 παρα-

278 2409 491 2478 πλήσια
512 2411 605 2463 καὶ
625 2411 750 2482 ὑμῖν
777 2412 963 2476 αὐτοῖς
987 2415 1195 2483 ποιήσω
1224 2412 1312 2468 διὰ
1343 2413 1442 2475 τάς
1462 2411 1658 2475 κακίας
1691 2412 1865 2483 ὑμῶν.

290 2499 455 2571 Ὑμῖν
499 2499 556 2555 δὲ
605 2500 714 2555 τίσι
760 2501 793 2573 ἢ
838 2504 951 2566 τοῖς
1002 2502 1361 2573 καλουμένοις
1404 2502 1785 2575 Ἰσραηλίταις,
1818 2502 1868 2557 οἳ

274 2592 375 2646 καὶ
414 2592 757 2665 ἀπερρίφητε
790 2593 887 2647 σὺν
923 2593 999 2664 τῷ
1033 2593 1244 2664 βασιλεῖ
1272 2594 1459 2665 ύμῶν;
1491 2593 1580 2646 τὸν
1624 2593 1868 2667 Ἡρώδην

273 2681 650 2752 αἰνιττόμενος
669 2698 682 2712 ο
710 2683 803 2735 καὶ
844 2682 1015 2737 ταῦτά
1044 2699 1105 2751 γε
1152 2683 1329 2736 πάντα
1351 2682 1676 2749 πεπόνθατε,
1701 2684 1866 2738 «διότι

274 2775 433 2837 παῖς,
461 2792 480 2825 ι
524 2774 711 2845 φησιν,
752 2793 771 2825 ι
796 2773 1031 2845 Ἰσραὴλ,
1070 2774 1167 2828 καὶ
1214 2775 1324 2843 ἐγὼ
1365 2775 1633 2847 ἠγάπησα
1680 2776 1864 2841 αὑτὸν,

272 2870 374 2923 καὶ
422 2868 482 2935 ἐξ
513 2868 791 2937 Αἰγύπτου
840 2868 1075 2923 ἐκάλεσα
1120 2868 1212 2922 τὸν
1241 2868 1367 2921 Υίόν
1400 2885 1521 2940 μου.
1554 2888 1573 2920 ι
1605 2869 1729 2934 Πῶς
1756 2870 1866 2944 γὰρ

269 2956 389 3015 οἷόν
417 2978 476 3015 τε
512 2960 654 3015 κατά
682 2960 742 3015 τὸ
767 2960 898 3015 αὐτὸ
937 2964 1048 3025 τοῖς
1092 2962 1274 3025 αὐτοῖς
1307 2962 1735 3035 ἐπιμέμφεσθαι,
1770 2964 1865 3019 καὶ

271 3055 441 3109 πάλιν
478 3055 605 3118 τοὺς
649 3054 846 3117 αὐτοὺς
892 3055 1133 3107 ἐπαινεῖν
1152 3070 1167 3119 ;
1185 3051 1325 3106 Ἀλλ’
1351 3049 1421 3124 ἦν
1450 3055 1478 3106 ὁ
1505 3052 1709 3125 ἀληθὴς
1739 3053 1865 3118 νοῦς

271 3147 484 3219 ταύτην
512 3146 649 3218 ἔχων
675 3146 930 3220 θεωρίαν.
950 3147 1168 3218 Ἰσραὴλ
1187 3146 1295 3218 γὰρ
1316 3147 1344 3199 ὁ
1365 3146 1601 3217 Χριστὸς
1621 3147 1714 3202 καὶ
1737 3146 1861 3202 καθ’

270 3241 471 3313 ἑτέρας
517 3239 877 3312 ἀνηγόρευται
926 3236 1282 3311 προφητείας,
1317 3236 1600 3310 ὡσπεροῦν
1639 3239 1735 3292 καὶ
1767 3239 1860 3293 ἐπὶ

266 3330 369 3400 τῆς
403 3327 707 3401 παρούσης.
728 3328 945 3401 Ἐπειδὴ
993 3330 1169 3383 τοίνυν
1199 3322 1372 3394 οὗτος,
1403 3331 1587 3402 φησὶν,
1623 3330 1863 3402 ύπήκοός

272 3439 362 3491 μοι
383 3421 694 3493 γενόμενος,
718 3423 933 3495 μορφὴν
954 3421 1141 3476 δούλου
1171 3420 1384 3492 εἴληφε,
1407 3425 1503 3478 καὶ
1522 3423 1715 3494 γέγονε
1734 3440 1863 3478 παι-ι

265 3514 377 3567 δίον
404 3514 689 3585 ἀγαπητὸν
727 3514 870 3586 ἐμοὶ,
908 3517 1089 3570 πᾶσαν
1118 3514 1216 3587 τὴν
1245 3516 1384 3588 ἐμὴν
1413 3516 1700 3582 ἐκτελέσας
1733 3516 1860 3589 βου-

263 3607 385 3679 λὴν,
416 3607 507 3661 διὰ
553 3608 711 3663 τοῦτο
755 3608 917 3666 αὑτὸν
951 3608 1052 3680 μὲν
1096 3609 1203 3663 ἀπὸ
1230 3610 1328 3680 τῆς
1355 3610 1655 3679 Αἰγύπτου,
1686 3611 1765 3675 είς
1791 3611 1860 3682 ἣν

261 3700 695 3773 ὲνανθρωπήσας
716 3700 1101 3773 κατελήλυθεν,
1120 3701 1261 3756 οὕτω
1287 3701 1614 3773 δηλουμένου
1644 3702 1738 3757 τοῦ
1761 3719 1859 3757 πε-

263 3791 473 3864 ριγείου
494 3792 685 3857 τόπου,
708 3791 740 3864 ἢ
772 3793 869 3847 καὶ
890 3793 948 3860 ἐξ
968 3793 1138 3864 αὐτῆς
1162 3794 1260 3865 τῆς
1291 3793 1584 3867 προχείρου
1614 3790 1703 3850 οἷα
1732 3796 1859 3868 γνή-

262 3899 379 3935 σιον
408 3883 507 3937 καὶ
539 3884 821 3956 ἀγαπητὸν
845 3884 973 3939 Υίδν
996 3886 1413 3958 ἀνεκαλεσάμην
1432 3903 1445 3917 ο
1469 3887 1612 3959 ὑμᾶς
1630 3886 1706 3951 δὲ,
1728 3887 1854 3953 τοὺς

262 3972 399 4037 πρὸς
429 3973 527 4039 οὓς
557 3977 586 4029 ό
617 3976 792 4045 λόγος,
830 3977 927 4031 σὺν
973 3979 1067 4032 καὶ
1095 3981 1161 4050 τῇ
1194 3978 1438 4051 ὑμετέρᾳ
1466 3978 1714 4051 βασιλείᾳ
1737 3980 1855 4033 δλε-

259 4064 389 4137 θρος
445 4069 541 4122 καὶ
578 4068 826 4123 ἀπώλεια
870 4070 1270 4143 παραλήψεται.
1299 4070 1484 4124 Ταῦτα
1529 4072 1626 4142 μὲν
1654 4074 1687 4142 ἡ
1717 4088 1854 4143 προ-

258 4160 498 4230 φητεῖαι
542 4161 803 4234 πρόδηλον
848 4162 905 4217 δὲ
947 4164 1096 4228 ὅπως
1148 4163 1256 4218 ἀπὸ
1304 4162 1413 4217 τῶν
1454 4162 1549 4217 τοῦ
1603 4163 1854 4235 Σωτῆρος

256 4254 422 4325 ἡμῶν
438 4254 648 4327 χρόνων
679 4256 1133 4329 πολιορκηθείσης
1162 4257 1263 4327 τῆς
1306 4255 1684 4328 Ἰερουσαλὴμ,
1705 4255 1847 4311 καθ-

258 4347 435 4420 ῃρέθη
469 4349 565 4402 καὶ
609 4350 689 4411 είς
734 4348 795 4401 τὸ
840 4349 1101 4413 παντελὲς
1133 4349 1412 4422 ἀπερρίφη
1446 4351 1479 4422 ἠ
1532 4349 1694 4421 μέχρι
1727 4348 1850 4402 τότε

258 4442 510 4495 συστᾶσα
532 4439 627 4494 τοῦ
659 4441 928 4496 Ἰουδαίων
956 4440 1142 4506 ἔθνους
1168 4442 1461 4513 αύτονομία
1480 4457 1539 4494 τε
1563 4441 1658 4496 καὶ
1683 4442 1845 4513 ἀρχή.

254 4533 408 4605 Πλὴν
433 4532 570 4587 ἀλλά
591 4532 772 4605 τρίτον
803 4533 902 4605 ἢδη
931 4532 1001 4586 τά
1031 4533 1160 4604 περὶ
1187 4533 1288 4605 τῆς
1316 4523 1594 4603 Αἰγύπτου
1629 4534 1724 4588 καὶ
1749 4532 1848 4625 τῆς
1881 4568 1925 4625 D

256 4624 448 4679 αὐτόθι
482 4625 720 4695 ἀφίξεως
747 4624 910 4679 αὑτοῦ
942 4626 1400 4697 προπεφήτευται.
1434 4626 1498 4680 Ei
1520 4625 1578 4680 δέ
1601 4642 1686 4690 τις
1710 4624 1850 4679 αύτά

258 4716 530 4788 μηδαμῶς
560 4715 894 4789 ἐφαρμόζειν
925 4717 1017 4769 ἐπὶ
1052 4715 1141 4770 τὸν
1176 4716 1444 4788 ἡμέτερον
1476 4716 1623 4785 λέγοι
1665 4714 1852 4786 Σωτῆ-

258 4824 348 4879 ρα,
380 4807 522 4861 ἀλλά
567 4807 636 4862 τά
678 4825 743 4876 γε
790 4807 890 4878 τῆς
920 4806 1014 4861 τοῦ
1044 4806 1322 4862 Ματθαίου
1356 4808 1713 4880 παραθέσεως
1741 4808 1851 4864 ἀπὸ

256 4900 355 4971 τῆς
406 4899 563 4971 παρὰ
608 4901 829 4953 Μωῦσεῖ
872 4899 1179 4971 μαρτυρίας
1223 4898 1373 4969 αύτῷ
1403 4899 1847 4971 παρειλημμένα,

1977 1948 2081 2005 εει,
2118 1941 2186 1997 iis
2217 1942 2521 2013 imperabat
2557 1955 2617 2001 ut
2643 1947 2845 2017 nemini
2870 1948 3135 2007 dicerent.
3164 1953 3321 2021 Quod
3354 1958 3400 2011 si
3433 1959 3557 2028 quis

1976 2032 2316 2101 prophetiam
2352 2034 2494 2091 hanc
2523 2037 2590 2092 ad
2618 2040 2876 2109 populum
2908 2041 3131 2103 referat.
3151 2044 3409 2117 dicatque
3442 2048 3557 2105 ha‘c

1974 2122 2041 2178 de
2073 2125 2275 2194 populo
2302 2141 2371 2181 ex
2402 2128 2615 2186 semine
2662 2129 2832 2187 lsrael
2881 2134 3123 2190 oriundo
3145 2136 3291 2191 dicta
3330 2155 3473 2208 esse,
3509 2142 3557 2199 is

1974 2216 2218 2270 attendat
2249 2218 2543 2274 verborum
2589 2222 2837 2279 ordinem
2891 2224 2946 2279 in
2977 2228 3179 2296 quibus
3221 2229 3336 2285 haec
3371 2231 3555 2289 futura

1972 2304 2253 2372 dicuntur,
2274 2319 2566 2381 postquam
2599 2314 2804 2370 dictum
2850 2326 2936 2373 est
2962 2320 3120 2389 quasi
3152 2320 3217 2374 ad
3256 2322 3434 2392 ipsum
3464 2323 3556 2381 Je-

1975 2400 2240 2464 rusalem,
2278 2419 2296 2452 ι
2334 2411 2388 2456 ει
2416 2414 2678 2478 exsurget
2724 2410 2963 2479 perditio
3008 2412 3064 2466 in
3099 2415 3300 2484 populo
3347 2423 3464 2481 tuo,
3499 2426 3556 2474 et

1969 2489 2154 2543 omnia
2211 2493 2420 2547 munita
2480 2504 2574 2550 tua
2635 2500 2934 2570 peribunt;
2995 2522 3015 2556 ι
3053 2510 3108 2558 ει
3158 2519 3282 2575 quae
3331 2508 3553 2577 quidem

1969 2581 2226 2652 princeps
2258 2599 2456 2654 passus
2496 2596 2581 2643 est
2619 2590 2675 2643 in
2712 2590 2875 2656 bello,
2910 2594 2965 2649 in
3000 2610 3108 2665 quo
3129 2606 3357 2653 matrem
3391 2614 3556 2670 super

1970 2672 2119 2737 iiiis,
2155 2682 2317 2732 terra:
2366 2679 2676 2747 alliserunt,
2714 2685 2904 2741 eadem
2941 2688 3094 2744 vobis
3141 2705 3362 2761 quoque
3418 2691 3554 2763 ipsis

1967 2764 2165 2820 iaciam
2200 2779 2425 2841 propter
2462 2768 2702 2829 malitias
2747 2787 2986 2834 vestras.
3023 2778 3193 2837 Vobis
3237 2797 3403 2853 porro
3429 2783 3556 2854 qui-

1964 2854 2069 2912 bus
2126 2858 2347 2915 tandem
2394 2863 2539 2928 aliis,
2604 2866 2712 2921 nisi
2767 2870 2863 2938 qui
2921 2873 3197 2927 vocamini
3255 2874 3555 2932 Israelita“!

1965 2951 2172 3020 quique
2193 2952 2359 3008 etiam
2388 2956 2583 3026 rejecti
2605 2959 2744 3015 estis
2765 2975 2889 3016 cum
2922 2978 3051 3034 rege
3079 2967 3300 3021 vestro?
3323 2968 3415 3022 ubi
3446 2967 3553 3023 He-

1964 3040 2151 3095 rodem
2203 3043 2500 3103 obscurius
2555 3048 2814 3106 indicat:
2869 3059 2926 3107 et
2977 3053 3093 3109 haec
3158 3056 3343 3111 omnia
3400 3059 3551 3129 passi

1963 3136 2120 3198 estis,
2153 3153 2174 3187 ι
2216 3139 2478 3208 quoniam
2500 3156 2656 3211 puer,
2686 3143 2886 3214 inquit,
2911 3155 2997 3201 est
3026 3146 3192 3202 lsrael
3218 3187 3232 3212 ,
3256 3158 3309 3204 et
3336 3163 3437 3220 ego
3466 3151 3552 3206 di-

1963 3223 2070 3279 lexi
2100 3240 2224 3280 eum
2268 3237 2368 3283 :et
2404 3229 2473 3285 de
2516 3230 2756 3303 Egypto
2804 3235 2997 3291 vocavi
3055 3236 3225 3292 lilium
3280 3253 3484 3296 meum.
3522 3259 3544 3294 ι

1964 3314 2069 3383 Qui
2098 3319 2243 3373 enim
2277 3321 2391 3377 ﬁeri
2436 3332 2638 3394 potest,
2662 3336 2723 3380 ut
2750 3329 2941 3383 eodem
2988 3329 3044 3383 in
3082 3330 3207 3386 loco
3239 3331 3464 3388 eosdem
3494 3342 3551 3390 et

1964 3420 2189 3467 accuset
2206 3420 2261 3468 et
2294 3413 2512 3469 laudet?
2537 3416 2632 3471 sed
2665 3433 2829 3475 verus
2858 3434 3056 3477 sensus
3087 3430 3172 3478 est
3205 3423 3273 3491 is,
3295 3425 3550 3496 quihanc

1963 3499 2127 3558 habet
2154 3508 2698 3577 contemplationem.
2731 3508 2899 3567 lsrael
2931 3514 3076 3568 enim
3100 3515 3154 3570 in
3184 3516 3290 3570 alia
3318 3518 3551 3589 prophe-

1961 3594 2036 3648 tia
2070 3596 2254 3655 dictus
2284 3607 2371 3656 est
2396 3599 2676 3667 Christus,
2720 3603 3181 3673 quemadmodum
3208 3608 3262 3662 in
3284 3609 3387 3664 hac
3407 3625 3548 3682 quo-

1960 3701 2067 3756 que
2097 3704 2261 3760 quam
2318 3707 2468 3747 nunc
2525 3701 2847 3751 tractamus.
2897 3697 3171 3762 Quoniam
3218 3699 3387 3769 igitur
3431 3702 3545 3768 hic,

1960 3777 2162 3848 inquit,
2194 3778 2458 3836 obcdiens
2487 3783 2619 3838 mihi
2648 3784 2850 3847 factus.
2875 3786 3106 3844 formam
3126 3792 3271 3847 servi
3310 3793 3543 3864 accepit,

1957 3879 2011 3926 et
2045 3870 2223 3926 factus
2249 3879 2336 3928 est
2365 3889 2504 3943 puer
2550 3876 2685 3931 mihi
2730 3878 2983 3945 dilectus,
3014 3882 3144 3936 dum
3182 3884 3367 3938 omnia
3398 3901 3549 3955 quae-

1958 3979 2178 4034 cunque
2216 3965 2340 4020 volo
2383 3965 2567 4030 eilicit,
2602 3967 2812 4025 idcirco
2864 3971 3018 4026 illttm
3073 3989 3142 4029 ex
3185 3974 3445 4047 Egypto,
3477 3979 3546 4033 ad

1956 4072 2120 4128 quam
2155 4058 2394 4114 hominis
2425 4057 2604 4115 forma
2642 4070 2930 4133 assumpta
2983 4065 3289 4133 descendit,
3320 4068 3450 4123 dum
3481 4085 3547 4127 ea

1956 4165 2091 4205 voce
2119 4159 2375 4207 terrenus
2407 4154 2566 4210 locus
2599 4152 2963 4224 signiﬁcatur,
2998 4166 3094 4211 aut
3131 4160 3299 4214 etiam
3340 4177 3400 4217 ex
3452 4162 3545 4217 illa

1955 4244 2258 4314 vulgatiore
2287 4253 2551 4317 tanquam
2575 4248 2879 4318 legitimum
2931 4246 3306 4322 dilectumque
3340 4249 3541 4307 Filium

1952 4337 2175 4392 evocavi
2205 4355 2219 4392 :
2246 4352 2344 4395 vos
2382 4345 2563 4394 autem
2595 4338 2746 4410 ipsos
2777 4339 2845 4395 ad
2892 4355 3032 4411 quos
3070 4355 3255 4398 sermo
3300 4343 3545 4401 directus

1951 4437 2057 4494 est,
2095 4444 2205 4486 una
2261 4446 2386 4487 cum
2441 4447 2612 4504 regno
2669 4442 2857 4489 vestro
2912 4435 3169 4494 interitus
3216 4448 3271 4495 et
3312 4439 3546 4508 perditio

1953 4523 2401 4595 comprehendet.
2446 4524 2575 4582 Haec
2609 4527 2829 4598 quidem
2866 4529 2984 4599 ipsa
3037 4531 3324 4602 prophetia
3353 4554 3366 4589 :
3397 4548 3538 4589 con-

1953 4625 2064 4671 stat
2107 4624 2290 4674 autem
2325 4618 2786 4689 quemadmodum
2836 4628 2962 4693 post
3021 4620 3327 4681 Salvatoris
3356 4628 3537 4685 nostri

1948 4715 2219 4778 tempora,
2248 4724 2373 4764 cum
2410 4709 2639 4767 obsessa
2694 4709 2891 4767 fuisset
2947 4726 3013 4767 ac
3051 4719 3268 4768 vastata
3311 4713 3538 4769 Jerusao

1947 4803 2074 4866 lem,
2098 4802 2348 4857 sublatus
2370 4808 2478 4867 est,
2511 4810 2565 4858 et
2589 4802 2659 4857 ad
2686 4811 2986 4860 extremam
3040 4805 3340 4875 perniciem
3394 4806 3543 4876 reje-.

1945 4902 2091 4958 ctus,
2134 4895 2229 4965 qui
2261 4911 2436 4966 usque
2467 4897 2533 4951 ad
2566 4896 2699 4951 illud
2748 4905 2966 4968 tempus
3013 4906 3243 4953 steterat
3290 4897 3535 4954 Iudaicae

259 4993 323 5063 ἥν
351 4992 449 5045 καὶ
479 4990 680 5063 ἀρτίως
710 4990 1120 5064 διεληλύθαμεν,
1149 4990 1230 5055 τὸ,
1266 5009 1293 5042 ηι
1317 4991 1374 5044 '0
1399 4990 1529 5054 Θεὸς
1565 4990 1848 5062 ὡδήγησεν

1966 4986 2122 5054 gentis
2165 4987 2342 5058 legum
2404 5002 2540 5043 usus
2591 4987 2883 5059 omnisque
2914 4990 3276 5061 principatus.
3301 4990 3537 5047 Verum.

259 5085 424 5151 αὑτὸν
456 5083 516 5152 ἐξ
550 5083 845 5153 Αἲγύπτου,
869 5103 887 5135 ι
921 5084 1306 5155 διηγούμενοι·
1335 5083 1457 5135 ἐπεὶ
1488 5081 1609 5153 μηδ’
1638 5082 1846 5147 αὐτόςὸ

1966 5095 2131 5136 .amen
2189 5081 2303 5151 jam
2351 5083 2539 5146 tertio,
2588 5097 2710 5153 qua:
2746 5082 2816 5137 ad
2869 5081 3166 5154 Egyptum
3230 5083 3529 5154 pertinent,

256 5175 648 5246 εύαγγελιστὴς
669 5176 778 5229 ἀπὸ
804 5176 902 5247 τῆς
926 5174 1018 5229 τοῦ
1046 5173 1205 5245 Ὠσηὲ
1233 5173 1571 5246 προφητείας
1589 5172 1843 5243 εἰλῆφθαι

1966 5188 2179 5245 litaeque
2213 5173 2281 5228 ad
2314 5173 2420 5229 iter
2444 5174 2591 5244 quod
2629 5175 2684 5229 in
2723 5175 2869 5229 illam
2904 5182 2991 5231 est
3024 5174 3535 5239 factum,divinitus

254 5269 406 5340 αὐτῷ
443 5268 505 5320 τὸ
533 5267 712 5336 λόγιον
744 5267 965 5338 ἔφησεν,
997 5268 1073 5329 ὡς
1102 5265 1385 5332 δύνασθαι,
1411 5266 1507 5321 καὶ
1540 5264 1703 5320 πόθεν
1732 5268 1846 5321 sm-

1966 5266 2207 5322 irzedicta
2246 5273 2377 5322 sunt
2407 5283 2421 5323 :
2453 5268 2599 5337 quod
2635 5268 2679 5323 si
2712 5268 2835 5339 quis
2884 5268 3035 5322 nullo
3083 5270 3244 5325 modo
3294 5270 3535 5332 fateatur

254 5359 619 5431 ζητήσαντας.
644 5360 823 5432 εὑρεῖν
872 5359 1002 5413 αὐτὸ
1044 5360 1330 5431 κείμενον·
1383 5357 1505 5414 ὅθεν
1558 5359 1705 5423 είκὺς
1751 5359 1841 5414 τὸν

1966 5376 2008 5413 ea
2053 5369 2245 5416 nostro
2290 5358 2567 5414 Saivatori
2599 5361 2915 5425 convenire,
2944 5366 3000 5414 at
3050 5361 3243 5417 saltem
3283 5378 3410 5418 cum
3464 5378 3531 5422 ea

260 5451 646 5524 ξῦαγγελιστὴν
675 5451 1002 5523 πεποιῆσθαι
1029 5451 1195 5509 αὑτοῦ
1228 5451 1327 5522 τὴν
1364 5449 1600 5507 ἔκθεσιν.

1966 5451 2232 5507 dattbaeus
2262 5452 2600 5522 apposuerit,
2639 5451 2707 5507 de
2734 5453 3052 5508 testimonio
3089 5453 3237 5524 quod
3268 5463 3353 5510 est
3382 5455 3527 5527 apud

264 5546 459 5600 'chiu
494 5545 564 5600 ab
610 5545 703 5599 illo
736 5552 982 5615 accepta,
1017 5560 1083 5600 ne
1103 5552 1284 5615 neget,
1328 5544 1478 5616 quod
1528 5544 1692 5615 paulo
1751 5553 1876 5599 ante
1914 5544 2296 5610 tractavimus,
2336 5544 2617 5599 dumillud
2638 5544 2806 5617 528
2841 5564 2854 5601 :
2895 5545 3069 5604 «Deus
3096 5546 3253 5602 duxit
3281 5548 3434 5604 illum
3457 5560 3525 5607 ex

255 5638 516 5707 iligyplo,
564 5658 583 5689 ι
616 5651 960 5699 enarremus,
991 5633 1215 5706 quando
1250 5644 1323 5690 ne
1363 5634 1483 5705 ipse
1519 5632 1740 5705 quidem
1760 5633 2119 5703 evangelista,
2149 5648 2210 5689 se
2233 5634 2304 5689 ab
2332 5634 2510 5704 ipsius
2556 5631 2711 5689 Oscae
2741 5634 3025 5706 prophetia
3069 5638 3354 5694 oraculum
3427 5655 3524 5695 ac-

252 5730 468 5800 cepisse
500 5728 784 5793 iudicavit,
828 5736 887 5783 ut
935 5727 1298 5798 undecunque
1327 5734 1636 5798 quaerentes
1685 5727 1897 5801 possint
1938 5727 2015 5783 illi
2047 5726 2362 5799 ubicunque
2402 5727 2641 5800 positum
2672 5729 2766 5795 sit,
2816 5729 3115 5789 invenire:
3151 5730 3226 5787 ibi
3270 5731 3521 5793 videlicet

255 5821 396 5877 unde
420 5836 524 5894 par
548 5828 632 5878 est
653 5819 1042 5891 evangelistam
1070 5817 1203 5876 illud
1235 5815 1555 5891 protulisse.
