4110 6410
589 301 691 361 6‘67

660 417 740 471 Ab
775 416 947 474 Isara.
980 448 1047 459 —
1084 416 1164 473 De
1215 417 1443 502 Joannis
1478 420 1537 474 in
1586 421 1796 479 deserto
1846 422 2111 494 praedica-

1302 499 1462 545 tione.

662 624 682 657 ι
720 604 835 659 Vox
859 604 1144 659 clamantis
1161 604 1215 658 in
1241 604 1492 660 deserto:
1517 603 1715 663 Parate
1741 607 1883 661 viam
1911 607 2168 665 Domini:

589 703 766 750 rectas
799 694 962 749 facite
990 693 1219 749 semitas
1248 694 1391 762 ejus.
1420 696 1613 750 Omnis
1646 696 1803 751 vallis
1838 698 2169 768 implebitur,

584 797 639 841 et
664 788 846 842 omnis
871 802 1031 841 mons
1050 794 1104 840 et
1121 786 1282 841 collis
1302 787 1686 843 ltutniliabitur
1719 807 1733 843 :
1767 798 1821 843 et
1851 799 2009 844 erunt
2047 807 2172 861 pra-

583 895 652 933 va
676 880 728 933 iu
747 890 979 941 rectam,
1005 884 1060 933 et
1088 894 1297 948 asperas
1323 879 1378 933 in
1408 880 1526 934 vias
1553 880 1743 950 planas
1781 901 1793 935 :
1823 891 1878 935 ct
1897 882 2171 938 videbitur

584 973 758 1041 gloria
796 970 1033 1027 Domini.
1072 971 1134 1025 Et
1164 971 1369 1026 videbit
1404 972 1585 1026 omnis
1614 987 1745 1026 caro
1775 974 2018 1029 salutare
2050 974 2165 1040 Dei,

582 1064 843 1134 quoniam
888 1063 1154 1118 Dominus
1183 1065 1399 1118 locutus
1428 1062 1590 1117 est“.
1626 1083 1644 1115 ι
1675 1062 1788 1117 Hoc
1821 1080 2037 1135 quoque
2074 1082 2169 1119 va-

583 1157 833 1211 ticinium
869 1157 1161 1225 oportebat
1221 1155 1325 1210 sub
1380 1153 1684 1210 Salvatoris
1726 1160 1902 1211 nostri
1952 1165 2167 1227 tempus

583 1264 743 1304 suum
778 1247 937 1302 finem
990 1250 1327 1319 contingere.
1367 1246 1664 1314 Quocirca,
1704 1255 1762 1302 ut
1789 1248 1933 1318 apud
1961 1246 2162 1304 Lucam

579 1341 970 1409 evangelistam
1006 1340 1274 1410 scriptum
1297 1348 1408 1404 est,
1455 1360 1474 1392 ι
1515 1341 1575 1396 In
1609 1355 1757 1395 anno
1786 1343 1982 1412 quinto
2014 1342 2165 1398 deci-

581 1447 672 1487 mo
701 1433 916 1502 imperii
943 1430 1149 1487 Tiberii
1179 1433 1437 1497 Caesaris,
1471 1441 1801 1503 procurante
1846 1433 2044 1488 Pontio
2072 1433 2163 1488 Pi-

581 1521 968 1586 latoJudzeam,
996 1545 1015 1576 ι
1038 1524 1360 1594 exterisque
1383 1525 1777 1594 imperantibus
1800 1526 2033 1596 quicum
2059 1528 2162 1582 hoc

580 1623 1069 1677 connumcrantur.
1115 1633 1133 1664 ι
1175 1615 1377 1669 factum
1407 1623 1491 1671 est
1520 1615 1745 1671 verbum
1772 1615 1865 1670 Dei
1895 1617 1961 1672 ad
1993 1615 2163 1671 Joan-

579 1721 703 1761 nem
746 1706 1029 1762 Zachariae
1062 1706 1253 1772 illium,
1296 1708 1349 1761 in
1382 1707 1620 1763 deserto.
1668 1707 1735 1762 Et
1763 1723 1887 1761 cum
1921 1709 2160 1765 venisset

1201 298 1474 359 EUSEBJI
1515 300 2003 360 CESARlENSIS
2042 302 2193 360 OPP.
2255 299 2458 356 PARS.
2506 298 2654 357 3.-
2691 296 3191 356 Αροιοοετωιι.
3716 300 3800 355 663

2208 427 2256 483 Α
2295 421 2428 476 Ἀπὸ
2456 420 2565 477 τοῦ
2605 420 2868 490 Ἡσαΐου.
2898 450 2966 462 —-
2995 419 3137 490 Περὶ
3162 415 3270 474 τοῦ
3298 416 3445 472 κατὰ
3480 413 3585 484 τὴν
3616 415 3804 485 ἔρημον

2731 489 3001 546 Ἰωάννου
3031 489 3419 562 κηρύγματος.

2356 624 2375 657 ι
2400 604 2555 677 Φωνὴ
2590 603 2820 675 βοῶντος
2874 605 2930 657 ἐν
2980 586 3046 675 τῇ
3099 605 3317 675 ἐρήμῳ·
3364 600 3690 670 Ἑτοιμάσατε
3726 602 3805 671 τήν

2276 696 2395 751 ὁδὸν
2427 696 2635 767 Κυρίου
2654 712 2668 726 ν
2700 693 2913 758 εὐθείας
2933 697 3136 747 ποιεῖτε
3160 694 3258 757 τὰς
3283 691 3496 763 τρίϐους
3520 690 3685 744 αὐτοῦ.
3713 691 3804 744 Πᾶ-

2279 803 2347 839 σα
2381 785 2597 859 φάραγξ
2632 785 3069 857 πληρωθήσεται,
3103 785 3196 838 καὶ
3246 786 3351 837 πᾶν
3378 783 3495 855 ὅρος
3527 782 3613 836 καὶ
3650 782 3806 853 βουνὸς

2274 879 2742 951 ταπεινωθήσεται
2767 896 2779 910 ·
2819 881 2913 933 καί
2957 878 3108 932 ἔσται
3154 878 3221 932 τά
3269 877 3452 930 σκολιὰ
3485 879 3557 940 εἰς
3599 875 3803 942 εὐθεῖαν,

2274 973 2369 1026 καὶ
2395 973 2448 1024 αἱ
2482 975 2730 1044 τραχεῖαι
2758 973 2839 1035 είς
2870 970 3023 1032 ὀδοὺς
3049 969 3227 1034 λείας·
3256 968 3352 1023 καὶ
3379 967 3656 1039 ὀφθήσεται
3682 972 3711 1041 ή
3736 970 3806 1024 δά-

2275 1066 2343 1132 ξα
2374 1064 2603 1136 Κυρίου.
2642 1065 2750 1118 Καὶ
2779 1062 2965 1132 ὄψεται
3013 1064 3160 1116 πᾶσα
3204 1059 3338 1133 σὰρξ
3366 1061 3426 1114 τὸ
3460 1062 3701 1132 σωτήριον
3726 1060 3804 1115 τοῦ

2272 1157 2431 1221 Θεοῦ,
2462 1158 2543 1211 ὅτι
2573 1155 2777 1233 Κύριος
2792 1154 3262 1226 ἐλάλησεν.›Ἕδει
3294 1154 3385 1207 καὶ
3405 1152 3598 1221 ταύτην
3624 1151 3807 1206 ἐπὶτῶν

2271 1252 2476 1323 χρόνων
2527 1247 2621 1303 τοῦ
2668 1249 2918 1320 Σωτῆρος
2967 1246 3121 1319 ἡμῶν
3169 1248 3260 1300 ἐπὶ
3306 1246 3476 1319 πέρας
3522 1245 3682 1298 ἐλθεῖν
3724 1246 3806 1318 τὴν

2271 1344 2591 1416 πρόρρησιν.
2626 1342 2827 1413 Διόπερ
2870 1341 3009 1395 κατά
3056 1341 3148 1395 τὸν
3189 1340 3574 1411 εὐαγγελιστῂν
3602 1341 3805 1403 Λουκᾶν,

2275 1454 2293 1487 ι
2318 1436 2405 1489 Ἐν
2448 1436 2558 1489 ἔτει
2613 1431 3079 1504 πεντεκαιδεκάτῳ
3127 1432 3224 1503 τῆς
3269 1432 3559 1503 ἡγεμονίας
3588 1429 3806 1504 Τιϐερίου

2268 1527 2565 1598 Καίσαρος,
2598 1523 3049 1597 ἐπιτροπεύοντος
3074 1522 3297 1577 Ποντίου
3330 1522 3564 1576 Πιλάτου
3588 1523 3680 1594 τῆς
3698 1522 3810 1576 Ἰου-

2266 1619 2438 1683 δαίας,
2462 1641 2480 1672 ι
2508 1620 2601 1673 καὶ
2637 1618 2744 1673 τῶν
2766 1618 2940 1690 τούτῳ
2992 1617 3532 1690 συναριθμουμένων,
3563 1635 3582 1666 ‹
3619 1614 3833 1684 ἐγένετο,

2267 1709 2421 1780 ῥῆμα
2440 1708 2573 1762 Θεοῦ
2614 1709 2707 1762 ἐπὶ
2748 1707 2997 1779 Ἰωάννην
3027 1707 3117 1761 τὸν
3146 1705 3240 1760 τοῦ
3271 1705 3536 1776 Ζαχαρίου
3564 1704 3667 1759 υἱὸν
3685 1706 3735 1758 ἐν
3756 1706 3809 1775 τῇ

578 1797 634 1851 in
661 1814 877 1854 omnem
904 1806 1132 1864 terram,
1163 1815 1286 1870 quae
1311 1808 1396 1855 est
1439 1800 1648 1857 circum
1679 1799 1994 1869 Jordancm,
2023 1820 2145 1874 pm.

2262 1803 2482 1874 ἐρήμῳ·
2518 1801 2576 1866 ὃς
2609 1800 2777 1855 ἐλθὼν
2807 1803 2887 1865 είς
2916 1801 3099 1854 πᾶσαν
3129 1800 3226 1872 τὴν
3261 1799 3565 1871 περίχωρον
3588 1795 3673 1852 τοῦ
3699 1796 3811 1867 Ἰορο

576 1888 777 1944 dicavit
802 1892 1075 1961 baptisma
1114 1894 1452 1963 pmuiteutize
1472 1895 1525 1949 in
1556 1896 1933 1951 remissionem
1961 1912 2159 1967 pecca-

578 1990 755 2036 turum
780 1983 843 2037 ³³.
876 2002 894 2033 ι
933 1982 1095 2039 lliscc
1124 1995 1306 2040 autem
1340 1986 1671 2055 evangelista
1702 1986 1890 2054 adjicit
1911 1990 2161 2044 testimo-

576 2076 748 2133 nium.
773 2075 964 2131 dicens
990 2092 1004 2134 :
1040 2095 1058 2127 ι
1089 2075 1245 2131 Sicut
1275 2078 1539 2148 scriptum
1571 2086 1656 2133 εει
1685 2079 1740 2132 ίιι
1776 2079 1914 2133 libro
1942 2096 2155 2136 sermo-

573 2181 706 2221 num
732 2165 886 2223 Isaiae
919 2168 1196 2238 propheta:
1229 2187 1243 2224 :
1278 2167 1394 2224 Vox
1431 2170 1723 2225 clamantis
1780 2170 1835 2224 in
1883 2171 2103 2227 deserto
2139 2193 2151 2228 :

572 2258 770 2317 Parate
795 2262 939 2315 viam
990 2260 1206 2317 Domini
1239 2263 1283 2294 “
1310 2304 1328 2329 ,
1364 2281 1383 2315 ›
1426 2270 1481 2316 et
1512 2279 1633 2333 qua:
1652 2272 1980 2334 sequuntur.
2013 2265 2155 2332 Quid

571 2355 739 2425 igitur
771 2354 989 2410 tandem
1021 2355 1170 2410 aliud
1206 2355 1479 2410 ciamabat
1508 2354 1738 2410 Joannis
1772 2358 1863 2411 illa
1890 2358 1944 2412 in
1976 2359 2157 2414 deser-

569 2454 628 2501 to
658 2447 967 2517 praedicans
993 2463 1098 2501 vox
1132 2446 1200 2501 ad
1250 2448 1439 2505 turbas
1492 2458 1782 2515 exeuntes,
1834 2458 1894 2504 ut
1925 2452 1994 2505 ab
2032 2451 2155 2522 ipso

568 2538 1009 2610 baptizarentu—r,
1051 2550 1311 2612 tanquam
1359 2541 1428 2597 ad
1475 2542 1691 2613 rt'ptilia
1730 2542 1957 2605 deserti,
1989 2559 2152 2615 quam

568 2628 905 2682 conveniens
956 2629 1540 2700 accommodatumque
1590 2631 1764 2688 illud:
1812 2650 1833 2685 ι
1895 2632 2153 2688 Gertuina

566 2715 902 2786 viperarum,
931 2719 1055 2787 quis
1086 2720 1334 2774 ostendit
1388 2720 1545 2776 vobis
1592 2720 1782 2792 fugere
1832 2738 1862 2776 a
1918 2731 2152 2778 ventura

564 2805 649 2864 ira
682 2808 767 2862 '7?
798 2829 817 2862 ι
867 2808 933 2863 Et
966 2826 1162 2867 rursus
1191 2812 1321 2866 dum
1360 2827 1560 2883 pravas
1600 2813 1814 2866 animas
1851 2812 1905 2867 in
1945 2822 2149 2879 rectas,

565 2907 621 2956 et
651 2915 877 2971 asperas
912 2904 965 2957 iu
1005 2904 1122 2959 vias
1144 2904 1334 2974 planas
1374 2912 1613 2974 reparat.
1642 2906 1861 2961 dicebat
1901 2905 2092 2962 iisdem
2132 2925 2147 2962 :

571 3007 593 3043 ι
631 2989 820 3048 Facite
852 2993 1031 3068 igitur.
1067 2994 1283 3051 fructus
1324 2994 1520 3066 dignos
1552 2997 1888 3066 pmmtentim
1914 2996 1982 3052 ³⁸.
2027 3016 2046 3049 ι
2081 2995 2149 3051 Et

562 3079 682 3138 haec
743 3084 954 3140 scilicet
1015 3085 1454 3155 complebantur,
1523 3086 1652 3140 dum
1717 3085 1957 3143 Joannes
2003 3103 2146 3158 prae-

560 3179 791 3248 parabat
821 3196 916 3236 eos
969 3182 1062 3250 qui
1110 3179 1283 3235 visuri
1332 3189 1490 3236 erant
1525 3181 1757 3252 gloriam
1814 3181 2051 3247 Domini,
2090 3189 2146 3238 et

559 3271 708 3340 quod
769 3282 999 3327 vocatur
1065 3273 1308 3328 salutare
1371 3271 1502 3340 Dei,
1568 3273 1715 3344 quod
1766 3273 1989 3344 quidem
2056 3274 2144 3328 ni-

560 3360 640 3416 ltil
677 3361 822 3417 aliud
881 3372 997 3431 cst,
1042 3379 1207 3436 quam
1267 3364 1526 3421 Christus
1560 3404 1575 3427 ,
1639 3366 1785 3422 sicut
1839 3366 2024 3421 verbis
2076 3367 2144 3421 il-

558 3454 630 3510 lis
695 3455 1024 3511 testiﬁcatur
1078 3475 1091 3511 :
1152 3473 1173 3508 ι
1238 3454 1352 3527 Ego
1400 3457 1624 3527 quidem
1686 3473 1786 3513 vos
1848 3473 1987 3530 aqua
2044 3457 2141 3511 ba-

558 3545 707 3618 ptizo
767 3564 781 3601 :
839 3546 987 3600 venit
1035 3552 1218 3601 autem
1281 3545 1479 3601 fortior
1514 3562 1601 3602 me
1643 3554 1767 3619 post
1809 3564 1930 3615 me,
1974 3545 2143 3620 429

556 3638 717 3708 cujus
757 3651 868 3692 non
910 3653 1031 3692 smn
1070 3636 1269 3710 dignus
1318 3640 1692 3695 calceamenta
1745 3647 1982 3711 gestare.
2023 3639 2142 3710 Ipse

558 3746 655 3787 vos
692 3730 990 3800 baptizabit
1031 3732 1087 3787 in
1135 3730 1342 3801 Spiritu
1394 3738 1587 3789 sancto
1634 3741 1689 3787 et
1720 3735 1845 3803 igne
1877 3732 1943 3787 ³⁸.
1978 3752 1996 3784 ι
2033 3731 2140 3798 Qui

562 3824 731 3877 etiam
781 3838 908 3878 eum
966 3821 1155 3878 Jesum
1219 3824 1447 3879 vidisset
1492 3824 1818 3887 venientem,
1867 3824 2133 3880 exclanm-

555 3914 632 3968 vit
683 3934 695 3969 :
742 3933 761 3963 ι
810 3913 952 3971 Ecce
989 3914 1183 3986 Agnus
1208 3915 1299 3970 Dei
1328 3917 1419 3986 qui
1446 3916 1589 3969 tollit
1612 3924 1897 3987 peccatum
1926 3917 2135 3972 mundi.

555 4004 659 4061 Hic
702 4012 807 4071 esi,
842 4006 911 4061 de
944 4022 1055 4077 quo
1084 4022 1185 4078 ego
1220 4007 1335 4062 dixi
1370 4027 1382 4063 :
1411 4006 1656 4064 Post’me
1702 4010 1851 4063 venit
1904 4009 2008 4073 vir,
2043 4011 2137 4079 qui

554 4106 683 4153 ante
715 4114 801 4155 me
834 4098 1016 4157 factus
1054 4110 1139 4157 est
1158 4100 1225 4155 ⁸ο.
1259 4121 1278 4154 ι
1308 4101 1465 4167 Quod
1499 4117 1629 4156 vero
1667 4102 1811 4156 idem
1859 4111 2005 4158 esset
2047 4119 2139 4158 sa-

553 4192 729 4248 lutare
756 4191 872 4251 Dei.
907 4192 1129 4248 Simcon
1158 4209 1377 4264 quoque
1418 4194 1745 4249 testificatus
1782 4202 1888 4257 est,
1916 4197 2009 4265 qui
2045 4211 2138 4250 ac-

551 4292 712 4354 cepto
744 4285 799 4340 in
847 4286 1007 4341 ulnas
1053 4302 1227 4356 puero
1258 4285 1411 4349 Jesu,
1444 4286 1581 4340 dixit
1613 4307 1626 4341 :
1657 4306 1675 4338 ‹
1707 4285 1863 4343 Nunc
1902 4289 2135 4345 dimittis

552 4388 771 4435 servum
807 4384 981 4439 tuum,
1018 4374 1265 4441 Domine,
1300 4378 1603 4433 secundum
1629 4380 1851 4434 verbum
1869 4387 2047 4443 tuutn,
2078 4382 2132 4436 in

550 4481 705 4535 pace.
732 4466 873 4534 Quia
899 4467 1156 4523 viderunt
1187 4470 1332 4522 oculi
1363 4469 1470 4523 mei
1504 4469 1743 4524 salutare
1773 4476 1949 4536 tuum,
1985 4470 2132 4541 quod

2262 1893 2443 1956 δάνου,
2501 1894 2771 1965 ἐκήρυσσε
2825 1890 3107 1963 βάπτισμα
3171 1891 3461 1962 μετανοίας
3517 1890 3592 1953 είς
3643 1888 3808 1957 άςεσιν

2262 1984 2568 2057 ἁμαρτιῶν.
2601 2006 2619 2037 ι
2654 1982 2879 2047 Τούτοις
2919 1982 2962 2036 δ’
3000 1978 3092 2037 οῦν
3123 1982 3152 2034 6
3178 1981 3567 2053 εὐαγγελιστὴς
3608 1981 3809 2050 ἐπιμαρ-

2256 2081 2411 2149 τυρεῖ
2461 2076 2671 2145 λέγων·
2715 2094 2732 2127 ι
2762 2073 2959 2139 Καθὼς
3004 2074 3313 2144 γέγραπται
3359 2074 3418 2127 ἐν
3459 2072 3618 2144 βίϐλῳ
3659 2070 3808 2141 λόγων

2268 2169 2487 2224 Ἡσαΐου
2513 2171 2607 2223 τοῦ
2638 2169 2914 2242 προφήτου
2936 2185 2949 2198 ·
2990 2167 3147 2240 Φωνὴ
3204 2166 3437 2237 βοῶντος
3456 2168 3513 2219 ἐν
3533 2169 3597 2237 τῇ
3623 2166 3807 2236 ἐρήμῳο

2268 2260 2627 2329 Ἑτοιμάσατε
2660 2258 2759 2331 τὴν
2790 2259 2908 2313 ὁδὸν
2932 2256 3137 2331 Κυρίου
3159 2278 3173 2291 ο
3198 2278 3218 2309 ι
3255 2257 3349 2311 καὶ
3389 2256 3459 2311 τὰ
3488 2257 3629 2329 ἑξῆς.
3662 2254 3721 2308 Τί
3754 2253 3809 2325 δὴ

2255 2347 2348 2406 οὖν
2380 2350 2510 2406 ἐϐόα
2551 2353 2584 2423 ή
2633 2350 2721 2405 διὰ
2767 2349 2861 2405 τοῦ
2910 2350 3156 2405 Ἰωάννου
3187 2350 3338 2421 φωνὴ
3367 2350 3463 2402 ἐπὶ
3505 2349 3603 2419 τῆς
3628 2348 3807 2420 ἐρήμου

2255 2442 2603 2515 κηρύσσουσα
2635 2441 2669 2512 ἢ
2700 2444 2813 2505 τοῖς
2858 2441 3314 2513 ἐκπορευομένοις
3340 2441 3521 2513 ὄχλοις
3549 2438 3811 2511 βαπτισθῆ-

2252 2549 2341 2587 ναι
2375 2535 2464 2587 ὑπ’
2489 2531 2676 2599 αύτοῦ,
2712 2532 2787 2596 ὡς
2816 2534 3065 2605 ἑρπετοῖς
3096 2534 3301 2605 ἐρήμου
3347 2532 3718 2604 τυγχάνουσιν,
3745 2533 3809 2585 ci-

2254 2626 2416 2689 κείως
2444 2628 2508 2697 τῇ
2542 2626 2881 2699 προερητεία·
2918 2643 2937 2679 ι
2966 2625 3287 2697 Γεννήματα
3314 2624 3561 2696 ἐχιδνῶν,
3592 2624 3672 2687 τίς
3700 2620 3811 2676 ὑπέ-

2250 2718 2420 2783 δειξεν
2449 2719 2576 2789 ὑμῖν
2599 2720 2787 2787 φυγεῖν
2810 2717 2918 2773 ἀπὸ
2943 2716 3044 2788 τῆς
3067 2717 3368 2788 μελλούσης
3388 2720 3590 2792 ὀργῆς;
3619 2736 3637 2768 ι
3665 2714 3808 2769 Πάλιν

2255 2826 2317 2863 τε
2335 2804 2401 2863 αὖ
2425 2809 2523 2874 τὰς
2545 2808 2767 2873 σκολιὰς
2785 2806 2956 2879 ψυχὰς
2983 2808 3060 2870 είς
3080 2807 3311 2872 εὐθείας,
3330 2809 3430 2864 καὶ
3458 2810 3555 2872 τὰς
3583 2806 3808 2881 τραχείας

2250 2904 2331 2966 είς
2364 2901 2516 2965 ὁδοὺς
2549 2901 2700 2965 λείας
2728 2901 3212 2973 μετασκευάζουσα
3241 2900 3452 2971 ἔφασκε
3480 2904 3593 2964 τοῖς
3621 2900 3808 2961 αὐτοῖς’

2256 3017 2275 3049 ι
2304 2999 2575 3071 Ποιήσατε
2626 2994 2719 3053 οὖν
2784 3000 3030 3072 καρποὺς
3083 3000 3265 3067 ἀξίους
3315 3000 3419 3071 τῆς
3470 2998 3802 3073 μετανοίας.»

2249 3090 2360 3145 Καὶ
2430 3090 2606 3145 ταῦτά
2667 3109 2731 3161 γε
2803 3092 3135 3147 συνετελεῖτο
3212 3092 3808 3167 προπαρασκευάζοντος

2173 3160 2215 3218 C
2260 3184 2505 3238 Ἰωάννου
2557 3160 2687 3249 τοὺς
2731 3184 3027 3257 ὀψομένους
3071 3186 3168 3258 τὴν
3214 3160 3370 3252 δύξαν
3404 3160 3629 3260 Κυρίου,
3655 3181 3807 3241 καὶτὸ

2243 3275 2580 3349 καλούμενον
2612 3279 2878 3350 σωτήριον
2910 3278 3005 3333 τοῦ
3048 3277 3203 3343 Θεοῦ,
3229 3280 3327 3334 οὐκ
3376 3280 3537 3335 ἄλλον
3579 3281 3699 3334 ὄντα
3727 3273 3806 3330 τοῦ

2241 3368 2499 3439 Χριστοῦ,
2540 3370 2617 3434 ὡς
2652 3370 2951 3442 ἐμαρτύρει
3006 3370 3209 3439 λέγων·
3255 3390 3274 3422 ι
3325 3371 3474 3441 Ἐγὼ
3526 3371 3625 3444 μὲν
3679 3368 3805 3440 ὑμᾶς

2243 3460 2393 3515 ὕδατι
2413 3460 2688 3532 βαπτίζω·
2723 3461 2939 3533 ἔρχεται
2970 3462 3027 3516 δὲ
3069 3465 3097 3516 6
3137 3463 3489 3537 ἰσχυρότερός
3520 3482 3618 3537 μου
3653 3462 3806 3516 ὀπίσω

2245 3568 2377 3624 μου·
2428 3549 2488 3609 οῦ
2530 3554 2629 3608 ούκ
2676 3556 2793 3626 εἰμὶ
2840 3554 2988 3619 ἄξιος
3071 3554 3138 3609 τά
3230 3557 3560 3629 ὑποδήματα
3630 3553 3807 3627 βαστά-

2243 3661 2353 3708 σαι,
2411 3647 2571 3711 αύτὸς
2625 3646 2769 3717 ὑμᾶς
2815 3645 3064 3717 βαπτίσει
3120 3649 3177 3703 ἐν
3223 3648 3506 3720 Πνεῦμα-ει
3552 3649 3687 3718 ἁγίῳ
3728 3646 3808 3699 καὶ

2241 3735 2392 3807 πυρί.
2460 3754 2480 3787 ι
2522 3739 2619 3800 Ὃς
2646 3737 2739 3791 καὶ
2770 3736 2891 3791 ἰδὼν
2921 3738 3011 3791 τὸν
3051 3738 3259 3810 Ἰησοῦν
3292 3741 3591 3813 ἐρχόμενον
3621 3736 3807 3807 ἀνειρώ-

2239 3843 2400 3897 νησεν
2423 3845 2436 3857 ο
2480 3846 2497 3880 ι
2541 3829 2637 3883 Ἰδὲ
2689 3833 2718 3883 6
2756 3827 2944 3900 Ἁμνός
2971 3829 3063 3883 τοῦ
3110 3830 3245 3884 Θεοῦ
3282 3835 3310 3885 6
3342 3832 3518 3905 αἴρων
3560 3830 3807 3903 ἁμαρτίαν

2238 3917 2331 3970 τοῦ
2386 3918 2613 3989 κόσμου.
2700 3914 2868 3985 υῦτός
2921 3924 3036 3975 ἐστι
3068 3921 3193 3992 περὶ
3226 3915 3287 3976 οῦ
3325 3918 3514 3977 εἷπον·
3577 3920 3804 3974 «Ὀπίσω

2242 4025 2343 4079 μου
2397 4009 2620 4081 ἔρχεται
2676 4011 2851 4084 ἀνὴρ,
2910 4012 2969 4076 ὃς
3027 4012 3334 4084 ἔμπροσθέν
3392 4032 3499 4085 μου
3569 4013 3803 4084 γέγονε.»

2238 4101 2341 4157 Τὸν
2390 4104 2553 4157 αὐτὸν
2605 4103 2661 4159 δὲ
2710 4102 2847 4159 εἶναι
2904 4107 2965 4160 τὸ
3015 4108 3280 4178 σωτήριον
3334 4107 3431 4160 τοῦ
3472 4106 3609 4160 Θεοῦ
3657 4102 3805 4159 καὶὸ

2236 4193 2459 4264 Συμεὼν
2518 4196 2901 4270 ἐμαρτύρησεν
2931 4238 2947 4265 ,
2981 4198 3039 4261 ὃς
3085 4197 3262 4251 λαϐὼν
3324 4199 3420 4253 ἐπὶ
3477 4203 3599 4263 ταῖς
3651 4196 3807 4266 ἀγκά-

2234 4287 2353 4351 λαις
2408 4287 2606 4362 βρέιρος
2657 4289 2787 4344 ὄντα
2822 4289 2914 4343 τὸν
2981 4290 3220 4362 Ἰησοῦν,
3279 4289 3421 4363 ἔφη·
3471 4309 3491 4344 ι
3530 4291 3645 4345 Νῦν
3689 4291 3805 4342 ἀπο-

2233 4380 2380 4445 λύεις
2423 4382 2512 4435 τὸν
2550 4381 2730 4437 δοῦλον
2758 4398 2850 4435 σου
2870 4420 2885 4444 ,
2911 4381 3188 4444 Δέσποτα,
3243 4384 3384 4438 κατά
3409 4384 3474 4438 τὺ
3520 4382 3673 4456 ῥῆμά
3703 4397 3803 4443 σου,

2234 4472 2293 4525 ἐν
2340 4474 2549 4547 εἰρήνῃ.
2618 4474 2739 4527 Ὅτι
2777 4468 2916 4527 εἶδον
2964 4475 3014 4528 οἱ
3068 4474 3334 4546 ὀφθαλμοί
3387 4494 3495 4546 μου
3544 4477 3606 4529 τὸ
3657 4470 3806 4541 σωτή-

513 4548 523 4559 ’
550 4560 756 4630 parasti
786 4569 914 4617 ante
953 4560 1145 4615 faciem
1180 4560 1424 4615 omnium
1462 4561 1810 4631 populorum,
1844 4563 2026 4618 lumen
2059 4562 2128 4619 ad

2242 4565 2347 4636 ριόν
2403 4582 2530 4630 σου,
2595 4565 2624 4619 ὃ
2662 4565 2970 4638 ἡτοίμασας
3032 4566 3174 4622 κατά
3243 4566 3540 4638 πρόσωπον
3608 4565 3806 4621 πάντων

547 4652 941 4707 revelationem
976 4652 1221 4723 gentium
1244 4653 1314 4707 “.
1350 4672 1368 4705 ι
1414 4652 1626 4718 Quibus
1652 4653 1818 4708 etiam
1864 4655 2130 4725 prOpbeta

545 4746 846 4810 consentit,
876 4745 1006 4800 dum
1048 4746 1162 4800 ait:
1194 4764 1212 4796 ι
1246 4744 1312 4799 Ει
1346 4745 1549 4800 videbit
1597 4746 1776 4801 omnis
1808 4762 1939 4802 caro
1980 4749 2130 4803 salu-

545 4846 663 4894 tare
693 4837 805 4894 Dei.
840 4857 860 4890 ι
899 4836 1036 4892 Illud
1076 4838 1245 4902 enim,
1286 4856 1305 4889 ι
1333 4839 1512 4893 omnis
1561 4852 1712 4903 caro,
1751 4859 1770 4891 ι
1807 4855 1906 4910 pro
1950 4840 2129 4896 omni-

543 4934 648 4989 bus
678 4932 937 5001 gentibus
980 4930 1191 4986 dictum
1231 4938 1334 4987 est.
1388 4930 1457 4985 Ut
1500 4937 1685 4987 autem
1716 4930 2128 4990 demonstretur

541 5026 821 5095 quomodo
867 5026 984 5080 haec
1026 5041 1189 5081 suum
1234 5024 1397 5081 ﬁnem
1440 5025 1792 5096 contigerint,
1840 5034 1896 5082 et
1936 5036 2126 5097 gentes

540 5114 824 5171 Christum
862 5115 956 5171 Dei
983 5117 1328 5187 agnoverint,
1359 5117 1548 5174 multis
1574 5134 1684 5173 nou
1719 5133 1859 5189 opus
1884 5128 1970 5174 cst
2004 5135 2125 5175 ver-

540 5208 628 5264 bis
662 5227 676 5263 :
709 5217 763 5263 et
796 5225 919 5279 qum
945 5209 1164 5279 quidem
1195 5210 1262 5265 ad
1291 5211 1515 5266 verbum
1544 5213 1723 5267 solent
1753 5212 2121 5280 considerari,

542 5301 598 5356 in
631 5302 777 5357 hunc
840 5304 1110 5374 completa
1162 5312 1293 5361 sunt
1338 5305 1586 5361 modum.
1643 5305 1912 5361 thterum
1966 5306 2120 5376 quid,

540 5408 749 5463 quaeso,
793 5393 896 5449 fuit
927 5396 981 5449 in
1029 5412 1217 5460 causa,
1261 5405 1321 5453 ut
1352 5413 1460 5452 non
1492 5398 1548 5452 in
1581 5398 1813 5453 urbibus
1855 5413 2034 5467 neque
2065 5399 2117 5453 in

540 5486 659 5554 ipsa
694 5484 1020 5551 Jerusalem,
1057 5490 1153 5545 sed
1183 5490 1240 5545 in
1268 5490 1509 5553 deserto.
1534 5486 1776 5546 Joannes
1804 5499 2120 5561 suggestum

538 5575 646 5633 sibi
690 5576 760 5633 ad
807 5578 1213 5649 [medicandum
1262 5582 1524 5653 elegerit?
1574 5582 1643 5638 ad
1693 5583 1798 5639 hoc
1844 5582 2119 5660 quispiam

611 5691 655 5724 "
689 5691 793 5750 lsa.
828 5712 931 5756 xc.
965 5695 1087 5751 3-5.
1165 5696 1211 5731 ³⁸
1253 5697 1383 5753 Luc.
1423 5716 1517 5764 tu.
1584 5698 1697 5756 1-5.
1777 5700 1821 5734 "
1857 5700 1995 5755 ibid.
2031 5701 2083 5757 ι.

2244 5699 2376 5755 ibid.
2418 5700 2468 5756 7.
2550 5699 2593 5732 ⁸⁸
2659 5698 2794 5755 ibid.
2829 5697 2883 5753 8.
2963 5697 3007 5731 ”
3048 5694 3181 5753 ibid.
3239 5693 3327 5754 16.

540 5761 631 5829 29,
660 5764 747 5820 50.
833 5769 872 5800 δ*
918 5765 1051 5829 Luc.
1096 5784 1173 5836 ιι,
1204 5769 1400 5831 εει-δε.

2236 4657 2349 4711 τῶν
2411 4656 2595 4722 λαῶν,
2681 4657 2796 4727 φῶς
2872 4659 2952 4723 είς
3033 4658 3374 4728 ἀποκάλυψιν
3435 4658 3646 4725 ἐθνιῖιν·
3690 4676 3707 4708 ι
3737 4649 3808 4716 οἷς

2237 4747 2450 4821 συνᾴδει
2509 4748 2605 4801 καὶ
2663 4750 2692 4803 6
2748 4750 3034 4821 προφήτης
3110 4748 3318 4803 εἰπών’
3384 4768 3402 4800 ι
3445 4736 3560 4802 Καὶ
3633 4746 3806 4817 δύεται

2234 4843 2384 4896 πᾶσα
2456 4840 2592 4913 σάρξ
2657 4842 2718 4896 τὸ
2783 4844 3047 4914 σωτήριον
3098 4840 3194 4894 τοῦ
3263 4840 3420 4896 Θεοῦ.
3456 4862 3475 4894 ι
3586 4842 3659 4895 Τὸ
3710 4839 3805 4908 γὰρ

2238 4953 2258 4989 ι
2310 4936 2463 4989 πᾶσα
2537 4934 2673 5007 σάρξ
2699 4984 2711 4997 ,
2766 4954 2786 4986 ι
2861 4934 2981 4988 ἀντὶ
3078 4933 3296 4988 πάντων
3397 4934 3619 5007 εἴρηται
3710 4927 3806 4985 τῶν

2233 5027 2422 5082 ἐθνῶν.
2478 5028 2665 5092 Ὅπως
2736 5026 2793 5081 δὲ
2854 5026 3027 5081 ταῦτα
3100 5026 3284 5088 τέλους
3349 5025 3513 5098 ἔτυχε
3538 5067 3553 5091 ,
3612 5025 3704 5079 καὶ
3746 5020 3807 5074 τὰ

2231 5120 2358 5192 ἔθνη
2408 5118 2499 5173 τὸν
2535 5119 2770 5193 Χριστὸν
2827 5117 3041 5189 ἐπέγνω
3090 5118 3184 5171 τοῦ
3234 5116 3369 5172 Θεοῦ
3393 5159 3408 5184 ,
3472 5118 3702 5190 μακρῶν
3751 5114 3805 5168 οὗ

2229 5212 2309 5266 δεῖ
2353 5212 2545 5281 λόγων.
2615 5212 2734 5266 Καὶ
2785 5211 2853 5267 τὰ
2922 5211 3020 5282 μὲν
3077 5210 3216 5283 ρητά
3274 5210 3462 5265 τοῦτον
3516 5208 3809 5281 ἐπληροῦτο

2227 5303 2318 5359 τὸν
2387 5304 2606 5376 τρόπον.
2695 5302 2759 5355 Τί
2799 5302 2842 5357 δ’
2870 5298 2936 5374 ἦν
2978 5301 3039 5355 τὸ
3087 5302 3258 5355 αἴτιον
3303 5300 3397 5355 τοῦ
3448 5301 3528 5374 μὴ
3565 5303 3623 5354 ἐν
3656 5298 3807 5354 πόλει·

2230 5412 2283 5449 σι
2308 5435 2323 5461 ,
2412 5395 2533 5467 μηδ’
2581 5394 2668 5447 ἐπ’
2719 5394 2887 5464 αὐτῆς
2931 5392 3030 5463 τῆς
3091 5389 3447 5463 Ἰερουσαλὴμ
3475 5428 3491 5455 ,
3565 5388 3681 5443 ἀλλ’
3724 5384 3808 5438 ἐπὶ

2227 5489 2329 5559 τῆς
2402 5490 2609 5561 ἐρήμου
2689 5486 2939 5557 Ἰωάννην
3002 5484 3339 5556 παρελθόντα
3389 5482 3719 5556 κηρύττεινς
3781 5478 3807 5530 ὁ

2232 5581 2331 5654 μέν
2381 5597 2465 5646 τις
2528 5581 2696 5652 φήσαι
2747 5578 2814 5633 ἂν
2869 5579 2950 5641 είς
3006 5577 3397 5649 ἀποπλήρωσιν
3446 5574 3552 5645 τῆς
3598 5587 3807 5646 προφηο

3429 5692 3478 5724 “
3517 5691 3681 5761 Joan.
3741 5704 3797 5763 ι,
