4106 6420
291 283 453 347 669

1234 282 1905 352 DEMONSTRATIOMS
1942 291 2409 351 ενΑΝαειιοΑε
2460 293 2593 352 LIB.
2633 296 2728 352 IX.

3527 293 3639 350 670

289 411 519 483 τείας
579 415 739 471 τοῦτο
786 415 951 471 αὑτὸν
995 416 1395 490 πεποιηκέναι’
1466 416 1581 472 ἀλλ’
1641 420 1676 472 ὁ
1717 415 1917 490 ἀκριϐὴ

2019 467 2023 478 ,
2052 414 2287 471 fortasse
2316 414 2682 487 responderit,
2715 415 2868 472 illum
2896 416 3003 472 hoc
3031 415 3231 474 fecisse
3261 425 3322 473 ut
3345 416 3631 488 prophetia

295 506 570 575 εὐθέως
616 508 922 576 ἐξετάζων,
986 508 1124 581 αὑτὴ
1174 509 1230 562 δὲ
1283 510 1317 582 ή
1367 510 1673 583 προφητεία
1716 510 1769 564 τι
1823 509 1943 562 ποτ’

290 595 457 668 ἄρα
519 602 806 672 σημαίνειν
857 599 1154 672 βουλομένη
1197 600 1296 673 τὴν
1339 600 1541 673 ἔρημον
1568 590 1683 656 ’καὶ
1721 601 1790 655 τὰ
1821 604 1942 656 κατ’

288 685 531 759 αὐτὴν
580 689 804 760 ἐδήλου,
857 688 1158 744 πεύσεταιο
1212 690 1348 762 πρὸς
1395 690 1454 745 ὃν
1505 696 1785 763 φήσομεν,
1859 691 1941 746 ὃτι

292 778 440 831 καὶ
515 781 677 835 τοῦτο
720 784 945 852 σημεῖον
1003 777 1072 854 ἦν
1119 781 1490 854 καθαιρέσεως
1532 782 1631 853 τῆς
1679 784 1943 855 Ἰερουσα-

292 866 509 943 λὴμ,
587 874 683 927 καὶ
731 873 825 927 τοῦ
873 873 1011 945 πρὸς
1066 875 1204 947 αὑτῇ
1255 874 1686 947 θυσιαστηρίου,
1737 875 1835 946 τῆς
1879 891 1940 928 τε

294 965 500 1020 κατά
572 965 664 1021 τὸν
712 966 993 1030 Μωὺσέως
1047 966 1202 1037 νόμον
1237 966 1532 1039 λατρείας,
1588 967 1675 1020 ὅτε
1748 966 1938 1037 μηκέτ’

293 1055 539 1122 αὐτοῖς
582 1056 672 1111 διὰ
717 1057 826 1111 τῶν
875 1057 1017 1112 κατά
1064 1058 1227 1130 νόμον
1277 1058 1479 1112 θυσιῶν
1535 1057 1604 1112 τὰ
1652 1058 1754 1129 τῆς
1806 1059 1941 1128 ἀφέ-

298 1164 496 1215 σεως
555 1149 664 1204 τῶν
714 1151 999 1223 ἁμαρτιῶν
1050 1151 1434 1224 προὺξενεῖτο,
1484 1150 1621 1206 ἀλλὰ
1668 1151 1757 1206 διὰ
1806 1152 1940 1207 καθ-

298 1244 571 1315 άρσεως
670 1246 897 1320 λουτροῦ
973 1248 1068 1301 ἐπὶ
1135 1248 1234 1320 τῆς
1307 1247 1476 1302 πάλαι
1554 1247 1772 1317 διψάδος
1845 1249 1938 1302 καὶ

301 1336 605 1410 ἐρήμου,
681 1339 826 1410 λέγω
877 1340 934 1394 δὲ
1001 1341 1101 1413 τῆς
1157 1340 1265 1394 τῶν
1293 1340 1487 1407 ,ἐθνῶν
1567 1341 1933 1413 Ἐκκλησίας,

302 1434 785 1506 παραδιδομένου
809 1475 825 1499 ,
879 1436 936 1488 ἐν
1082 1433 1176 1487 καὶ
1220 1434 1254 1505 ἡ
1307 1434 1618 1506 προφητικὴ
1668 1434 1933 1506 γενομένη

304 1525 505 1598 φωνὴ
563 1525 872 1599 ἑτοιμάζειν
919 1524 1354 1599 παρακελεύεται
1389 1524 1487 1597 τὴν
1534 1526 1650 1580 ὁδὸν
1702 1526 1931 1597 Κυρίου,

302 1618 445 1683 τὰς
521 1620 622 1692 μὲν
690 1621 841 1675 κάτω
909 1637 1012 1673 που
1067 1621 1147 1684 είς
1211 1618 1373 1690 βάθος
1437 1619 1670 1684 κακίας,
1740 1619 1815 1684 ὡς
1876 1621 1934 1674 ἐν

306 1712 596 1783 φάραγγι
667 1711 927 1784 κειμένας
987 1710 1164 1783 ψυχὰς
1213 1709 1658 1784 ἐπαρθήσεσθαι,
1733 1711 1803 1765 τὰ
1877 1711 1933 1765 δὲ

2049 508 2441 580 compleretur.
2480 508 2590 566 Sed
2622 510 2716 580 qui
2755 509 3087 581 exquisitius
3118 524 3184 566 ac
3216 510 3537 582 diligentius
3568 526 3631 567 se

2047 601 2234 657 doceri
2265 601 2519 667 voluerit,
2554 602 3078 672 illicointerrogabit
3109 620 3124 657 :
3151 604 3315 682 Atqui
3341 603 3631 674 prophetia

2048 694 2165 750 haec
2195 696 2327 766 quid
2357 695 2575 751 tandem
2606 696 2712 751 sibi
2741 696 2977 761 volebat,
3009 711 3134 751 cum
3158 696 3458 761 desertum,
3483 705 3537 750 et
3562 710 3643 751 ea

2047 801 2169 856 quae
2195 786 2263 842 ad
2292 786 2346 841 id
2375 803 2548 858 genus
2574 788 2850 857 pertinent
2889 786 3243 843 enuntiabat?
3272 789 3360 844 cui
3399 804 3631 859 respon-

2046 881 2318 947 debimus,
2353 882 2497 952 quod
2530 882 2635 937 hoc
2663 897 2884 955 quoque
2918 882 3133 953 signum
3165 890 3287 939 erat
3320 882 3632 939 evertenda}

2047 973 2200 1030 urbis
2235 971 2565 1038 Jerusalem,
2593 981 2648 1029 et
2679 974 2802 1044 ejus
2834 974 2980 1044 quod
3012 975 3069 1030 in
3103 977 3214 1045 ipsa
3248 982 3371 1035 erat
3408 975 3622 1038 altaris.

2044 1064 2295 1135 ritusque
2323 1065 2494 1130 illius,
2524 1066 2619 1138 qui
2646 1067 2948 1122 secundum
2979 1065 3272 1122 Mosaieam
3305 1068 3477 1137 legem
3505 1082 3628 1122 ser-

2041 1156 2297 1222 vabatur,
2327 1157 2551 1227 quando
2595 1173 2705 1212 non
2738 1160 2972 1230 amplius
3006 1175 3103 1230 per
3132 1160 3374 1230 legitima
3415 1157 3625 1215 sacrifi-

2043 1250 2128 1305 cia
2158 1250 2414 1307 remissio
2445 1250 2556 1306 illis
2581 1260 2930 1321 peccatorum
2955 1253 3373 1316 conciliabatur,
3408 1251 3502 1308 sed
3525 1266 3629 1322 per

2042 1343 2419 1412 purgationem
2451 1343 2675 1410 lavacri,
2701 1343 2850 1412 quod
2883 1345 2939 1398 in
2964 1344 3094 1398 olim
3130 1344 3409 1400 sitibunda
3441 1359 3505 1399 ac
3526 1342 3629 1399 de.

2042 1443 2208 1495 serta,
2241 1435 2365 1490 dico
2393 1443 2599 1503 autem,
2624 1438 2680 1492 in
2710 1437 2943 1493 collecta
2973 1436 3042 1492 de
3073 1437 3328 1507 gentibus
3350 1437 3621 1506 Ecclesia,

2041 1524 2381 1589 tradebatur,
2435 1526 2491 1580 in
2532 1540 2640 1596 qua
2672 1526 2837 1582 etiam
2888 1526 2980 1581 illa
3025 1541 3147 1596 quae
3178 1526 3321 1580 facta
3380 1532 3465 1581 est
3502 1540 3622 1595 pro-

2039 1618 2256 1689 pbetica
2290 1634 2418 1686 vox,
2453 1634 2648 1689 parare
2681 1621 2823 1675 viam
2850 1618 3061 1674 Domini
3087 1620 3264 1687 jubet,
3293 1619 3422 1675 dum
3457 1618 3617 1673 mali-

2039 1711 2145 1767 tias
2176 1710 2231 1765 in
2275 1710 2387 1765 imo
2421 1711 2660 1782 quodam
2690 1710 2881 1778 fundo,
2912 1712 3072 1784 quasi
3105 1712 3159 1767 in
3195 1712 3443 1766 convalle
3472 1711 3627 1782 posi-

312 1803 520 1858 πάλαι
576 1802 846 1876 ὑψώματα
890 1804 991 1875 τῆς
1060 1804 1455 1877 Ἰερουσαλὴμ,
1530 1804 1627 1857 καὶ
1688 1803 1798 1858 τῶν
1845 1806 1918 1860 ἐπ

2035 1810 2120 1859 tas
2150 1804 2458 1859 animarum
2491 1804 2844 1869 auferendas,
2890 1813 2945 1862 et
2976 1813 3192 1861 veteres
3219 1805 3371 1860 urbis
3395 1802 3620 1860 Jerusa-

310 1897 518 1969 αὐτῆς
571 1897 849 1970 ἀρχόντων
902 1915 962 1952 τε
1012 1898 1106 1951 καὶ
1165 1897 1428 1969 βασιλέων
1451 1938 1467 1962 ,
1522 1897 1625 1972 ὅρη
1673 1898 1767 1952 καὶ
1810 1898 1933 1970 βου-

313 1991 472 2054 νοῦς
520 1989 895 2061 ὀνομαζόμενα
920 2028 936 2053 ,
1014 1988 1518 2061 ταπεινωθήσεσθαι
1557 1989 1888 2055 θεσπίζουσα
1911 2005 1928 2020 ·

317 2075 417 2135 ὧν
472 2079 967 2144 ἐπιτελεσθέντων,
1041 2080 1211 2153 φησί·
1265 2100 1283 2132 ι
1318 2081 1477 2136 Πᾶσα
1551 2080 1687 2154 σὰρξ
1740 2081 1929 2152 ἅψεται

318 2174 401 2229 τὸ
455 2175 724 2247 σωτήριον
776 2172 871 2228 τοῦ
940 2173 1098 2227 Θεοῦ.
1154 2192 1174 2225 ι
1247 2173 1417 2245 Δῆλον
1465 2173 1510 2228 δ’
1569 2174 1652 2228 ὅτι
1698 2175 1846 2229 πᾶσα
1893 2175 1926 2245 ἡ

324 2263 398 2315 ὲν
454 2262 622 2333 σαρκὶ
675 2261 770 2316 ἐπλ⁵
821 2260 927 2331 γῆς
981 2261 1394 2336 ἀναστρέφουσα
1449 2262 1595 2335 ψυχὴ
1661 2263 1927 2335 Ἑλλήνων

321 2353 475 2425 ὁμοῦ
548 2354 640 2409 καὶ
709 2354 1003 2428 βαρϐάρων
1030 2396 1045 2422 ,
1125 2355 1218 2410 καὶ
1291 2357 1511 2411 πάντων
1587 2357 1927 2424 ἁπαξαπλῶς

325 2443 448 2498 τῶν
508 2443 677 2499 ἐθνῶν
703 2461 718 2475 ”
775 2442 812 2500 ἃ
862 2445 958 2499 καὶ
1014 2448 1082 2518 τῇ
1136 2448 1443 2519 προρρήσει
1493 2448 1801 2514 ἀκολούθως
1842 2451 1923 2515 εἰς

326 2536 515 2610 πέρας
554 2536 778 2591 ἐλθόντα
820 2536 1114 2592 δείκνυται.
1192 2538 1354 2609 Ζητῶ
1398 2539 1456 2592 δὲ
1501 2542 1630 2613 παρ’
1676 2541 1919 2613 ἐμαυτῷ,

324 2628 389 2683 τί
446 2628 558 2701 ἄρα
612 2623 683 2701 ἦν
736 2628 800 2683 τὸ
865 2628 1144 2700 ἐκπλῆξαν
1219 2630 1348 2697 τοὺς
1418 2631 1647 2699 πολλοὺς
1718 2636 1779 2688 ἐν
1843 2636 1924 2707 τῷ

339 2721 570 2794 Ἰωάννῃ
593 2763 609 2788 ,
696 2720 775 2787 ὡς
847 2720 1124 2794 θαυμάσαι
1188 2723 1350 2778 αὑτὸν
1422 2725 1517 2779 καὶ
1599 2726 1920 2800 κηρύττοντι

328 2811 617 2884 βάπτισμα
671 2813 959 2885 μετανοίας
1013 2813 1341 2882 πιστεῦσαι,
1408 2815 1616 2882 πάντας
1667 2835 1727 2872 τε
1787 2837 1920 2874 παν⁶

322 2904 560 2976 ταχόθεν
611 2905 681 2961 τὰ
730 2907 935 2991 οἰκεῖαν
958 2905 1325 2972 ἀπολιπόντας
1368 2910 1589 2981 συρρεῖν
1658 2910 1752 2965 ἐπὶ
1817 2912 1919 2985 τὴν

325 2998 579 3070 ἔρημον,
662 2997 897 3070 μάλιστα
963 2999 1052 3054 ὅτε
1131 3000 1403 3073 μηδεμίαν
1482 3003 1647 3058 αὑτοῦ
1716 3004 1916 3078 πρᾶξιν

328 3088 638 3161 ἱστοροῦσιν
688 3091 737 3144 oi
792 3090 963 3160 λόγοι.
1054 3089 1191 3146 Οὔτε
1247 3092 1358 3167 γὰρ
1397 3097 1627 3167 νεκροὺς
1670 3097 1910 3170 ἐγείρας,
1940 3142 1983 3200 c

323 3181 451 3235 οὕτε
524 3181 686 3255 ἕτερα
765 3181 1019 3255 θαύματα
1092 3185 1410 3257 πεποιηκὼς
1476 3188 1909 3262 ἀναγέγραπται.

325 3272 391 3325 Τί
438 3271 504 3343 δὴ
552 3268 647 3326 οῦν
693 3268 763 3346 ἦν
805 3274 867 3327 τὸ
913 3273 1190 3346 ἐκπλῆξαν
1242 3277 1371 3341 τοὺς
1417 3278 1657 3344 πάντας;
1714 3280 1748 3353 ἢ
1810 3282 1916 3353 μή-

325 3383 456 3420 ποτε
502 3368 531 3420 ὁ
572 3364 721 3430 ξένος
760 3366 856 3421 καὶ
910 3368 1302 3437 παραλλάττων
1343 3371 1453 3424 τῶν
1493 3371 1703 3427 πολλῶν
1745 3375 1911 3428 αὑτοῦ

324 3457 474 3529 βίος;
546 3456 742 3531 προῄει
839 3457 947 3532 γὰρ
1004 3461 1070 3513 ἐκ
1128 3460 1228 3533 τῆς
1265 3463 1471 3534 ἐρήμου
1527 3461 1686 3536 ξένην
1741 3466 1915 3536 ἠμφι-

319 3552 553 3624 εσμένος
578 3551 770 3624 στολὴν
794 3591 808 3616 ,
860 3555 1045 3607 πᾶσαν
1104 3552 1162 3607 δὲ
1218 3553 1319 3627 τήν
1364 3556 1551 3629 κοινὴν
1609 3557 1913 3630 ἀνθρώπων

316 3644 604 3718 διατριϐὴν
660 3640 1095 3717 ἐκτρεπόμενός·
1159 3644 1281 3699 οὔτε
1356 3646 1487 3716 γοῦν
1541 3650 1621 3712 εἰς
1691 3647 1908 3722 κώμην,

316 3738 445 3793 οὔτε
494 3742 574 3804 είς
624 3738 809 3804 πόλιν,
871 3738 995 3793 οὔτε
1030 3741 1113 3804 εἰς
1168 3741 1348 3795 κοινὸν
1397 3741 1654 3812 σύλλογον
1701 3744 1910 3813 ἀνδρῶν

316 3830 683 3902 παρέϐαλλεν.
775 3830 937 3886 Ἀλλὰ
970 3831 1092 3885 οὐδὲ
1143 3833 1242 3905 τῆς
1299 3835 1486 3906 κοινῆς
1544 3838 1756 3907 μετεῖχε
1786 3854 1911 3909 τρο-

316 3924 465 3994 φῆς’
526 3923 834 3997 γέγραπται
887 3924 1054 3995 γοῦν,
1115 3923 1194 3989 ὡς
1256 3944 1274 3976 t
1308 3925 1374 3978 ἐκ
1422 3926 1524 3996 τῆς
1580 3927 1674 3981 τοῦ
1716 3928 1908 3993 παιδὸς

317 4013 533 4083 ἡλικίας
581 4009 650 4085 ἦν
695 4016 752 4069 ἐν
801 4018 924 4080 ταῖς
974 4015 1203 4087 ἐρήμοις
1258 4015 1364 4081 ἕως
1425 4018 1639 4088 ἡμέρας
1692 4019 1905 4073 ἀναδεί-

318 4105 457 4170 ξεως
522 4105 687 4161 αὑτοῦ
748 4108 886 4179 πρὸς
930 4109 1021 4162 τὸν
1100 4109 1340 4182 Ἰσραήλ.
1464 4111 1627 4165 Ἀλλά
1684 4113 1779 4166 καὶ
1843 4114 1907 4167 τὸ

316 4198 524 4271 ἔνδυμα
567 4199 733 4253 αὑτοῦ
790 4195 860 4272 ἦν
915 4202 980 4255 ἐκ
1029 4201 1232 4274 τριχῶν
1290 4203 1551 4275 καμήλων
1610 4207 1908 4277 πεποιημέ-

317 4306 406 4343 νον
431 4331 444 4354 ,
493 4289 615 4362 ἡδὲ
642 4291 817 4363 τροφὴ
869 4290 1033 4345 αὑτοῦ
1081 4291 1303 4364 ἀκρίδες
1341 4295 1437 4349 καὶ
1479 4295 1604 4366 μέλι
1654 4295 1897 4368 ἄγριον.»

315 4382 409 4452 Μή
461 4400 537 4454 πη
589 4379 718 4447 οὖν,
790 4382 1027 4456 ὁρῶντες
1072 4384 1241 4457 ἄνδρα
1265 4383 1559 4459 Ναζιραῖον
1616 4389 1713 4459 μὲν
1765 4388 1901 4443 Θεοῦ

2033 1896 2138 1952 lem
2177 1903 2343 1967 atque
2372 1912 2562 1952 eorum
2599 1897 2693 1968 qui
2726 1899 2778 1952 in
2809 1899 2900 1952 illa
2940 1898 3281 1968 imperabant
3308 1897 3619 1968 principum

2031 2002 2096 2043 ac
2125 2003 2335 2060 regum,
2372 1990 2465 2059 qui
2530 1996 2747 2045 montes
2793 1999 2846 2045 et
2876 1990 3045 2045 colles
3080 1990 3457 2053 nominantur,
3493 1987 3618 2047 alti-

2031 2076 2250 2133 tudines
2296 2078 2637 2148 dejiciendas
2686 2078 3040 2143 vaticinatur,
3085 2080 3287 2149 quibus
3331 2077 3612 2149 perfectis,

2034 2185 2053 2220 ι
2100 2168 2314 2234 Omnis,
2359 2171 2559 2241 inquit,
2600 2186 2732 2227 caro
2772 2170 2977 2226 videbit
3022 2172 3265 2226 salutare
3304 2169 3420 2226 Dei.
3448 2190 3467 2223 ι
3498 2169 3614 2226 Hoc

2027 2268 2112 2316 est
2136 2262 2317 2319 omnis
2351 2277 2694 2334 quaecunque
2735 2263 2955 2332 corpori
2986 2263 3199 2318 inclusa
3231 2263 3288 2317 in
3315 2269 3461 2317 terra
3494 2278 3615 2317 ver-

2027 2358 2183 2408 satur
2228 2355 2432 2419 anima,
2487 2362 2600 2409 tam
2654 2355 3017 2411 barbarorum
3060 2369 3226 2425 quam
3271 2352 3609 2420 Graecorum,

2023 2443 2129 2500 hoc
2176 2452 2281 2509 est,
2328 2447 2576 2502 omnium
2629 2448 2855 2502 omnino
2894 2446 3137 2519 gentium
3171 2462 3333 2518 :qute
3389 2446 3611 2518 quidem

2022 2537 2127 2607 ipsi
2162 2537 2426 2593 vaticinio
2476 2547 2847 2596 consentanea
2895 2540 2963 2595 ad
3026 2555 3188 2597 suum
3229 2540 3391 2596 linem
3428 2554 3616 2610 perve-

2021 2628 2173 2686 nisse
2215 2628 2870 2702 demonstrandumaso
2899 2628 3036 2684 Dum
3068 2630 3236 2700 igitur
3283 2644 3496 2684 mecum
3527 2633 3619 2682 ta.

2020 2722 2165 2777 citus
2206 2736 2417 2792 quaero,
2448 2722 2643 2777 oborta
2685 2723 2819 2776 mihi
2868 2731 2954 2781 est
2998 2721 3291 2785 dubitatio,
3323 2720 3455 2791 quid
3487 2727 3612 2776 tan-

2019 2812 2142 2869 dem
2193 2814 2328 2869 illud
2376 2821 2528 2871 esset
2568 2815 2625 2869 in
2666 2814 2901 2880 Joanne,
2948 2830 3060 2887 quo
3107 2823 3266 2886 capta
3317 2815 3611 2871 multitudo

2018 2905 2113 2961 illa
2164 2905 2531 2963 admiraretur
2563 2907 2866 2973 hominem,
2897 2917 2953 2963 et
2983 2907 3305 2977 praedicanti
3336 2907 3610 2979 baptisma

2016 2998 2352 3070 pmnitentiae
2385 2999 2549 3055 fidem
2586 3000 2836 3065 haberet,
2865 3000 3109 3071 quidque
3137 2999 3272 3054 illud
3311 3015 3422 3071 quo
3452 3000 3609 3056 ducti

2016 3107 2210 3148 omnes
2244 3092 2488 3162 undique
2527 3093 2692 3148 rebus
2728 3094 2966 3164 propriis
3010 3092 3222 3148 relictis
3267 3090 3609 3147 conﬂuerent

2019 3187 2074 3241 in
2104 3184 2408 3249 desertum,
2437 3200 2563 3240 cum
2599 3185 2903 3255 praesertim
2940 3186 3090 3238 nulla
3124 3184 3272 3238 illius
3302 3194 3454 3253 gesta
3486 3197 3607 3237 me-

2016 3278 2207 3334 moria:
2229 3276 2444 3348 prodita
2480 3276 2593 3331 sint
2628 3294 2641 3329 :
2677 3290 2855 3344 neque
2884 3274 3034 3329 enim
3066 3273 3214 3344 quod
3245 3280 3608 3329 autmortuos

2014 3371 2369 3435 excitaverit,
2423 3375 2519 3423 aut
2570 3368 2678 3421 alia
2733 3366 3001 3422 miracula
3052 3364 3281 3429 fecerit,
3340 3365 3605 3435 scriptum

2016 3472 2219 3521 exstat.
2267 3462 2409 3530 Quid
2458 3462 2626 3532 igitur
2658 3461 2793 3517 illud
2824 3468 2943 3517 erat
2975 3459 3125 3531 quod
3175 3458 3605 3515 admirabundos

2014 3572 2207 3612 omnes
2248 3553 2549 3611 redderet?
2597 3552 2737 3608 Num
2773 3552 3011 3616 forsitan
3058 3565 3262 3606 novum
3308 3560 3362 3605 et
3393 3549 3537 3621 quod
3570 3565 3603 3605 a

2012 3647 2366 3704 multitudine
2396 3646 2719 3702 abhorreret
2747 3646 2873 3700 vita:
2901 3644 3052 3700 illius
3090 3644 3306 3715 genus?
3340 3641 3604 3713 procede-

2011 3742 2105 3797 bat
2140 3741 2285 3797 enim
2328 3756 2396 3795 cx
2435 3738 2655 3794 deserto
2696 3737 3022 3793 inusitatum
3070 3736 3297 3794 indutus
3324 3738 3597 3802 habitum,

2009 3847 2338 3903 omnemque
2384 3845 2731 3887 communem
2785 3829 3071 3884 hominum
3130 3832 3595 3887 consuetudinem

2010 3924 2489 3980 declinansznam
2539 3939 2718 3994 neque
2756 3923 2812 3978 in
2856 3921 3038 3977 vicum
3076 3924 3271 3988 ullum,
3314 3939 3491 3995 neque
3541 3924 3596 3979 in

2008 4015 2221 4077 urbem,
2254 4028 2433 4084 neque
2465 4013 2519 4067 in
2557 4028 2903 4068 communem
2933 4012 3172 4083 aliquem
3212 4014 3455 4069 virorum
3490 4028 3599 4070 cm-

2008 4114 2119 4159 tum
2161 4104 2527 4160 commeabat.
2579 4101 2686 4158 Sed
2738 4118 2809 4158 ne
2857 4104 3005 4159 victu
3049 4104 3268 4175 quidem
3313 4106 3597 4160 communi

2006 4196 2330 4252 vescebatur
2354 4216 2367 4251 :
2391 4195 2659 4267 siquidem
2691 4196 2956 4265 scriptum
2973 4203 3078 4260 est,
3109 4197 3255 4268 quod
3298 4216 3316 4248 ι
3338 4213 3368 4252 a
3397 4197 3592 4268 puerili

2004 4297 2164 4345 aetate
2193 4289 2247 4343 in
2280 4288 2580 4344 solitudine
2597 4295 2915 4343 versaretur
2939 4286 3009 4342 ad
3032 4288 3186 4344 illum
3219 4306 3391 4361 usque
3420 4290 3588 4353 diem,
3625 4322 3633 4331 ο

2005 4397 2116 4452 quo
2145 4380 2252 4452 ipsi
2297 4379 2466 4436 Israel
2496 4379 2905 4437 ostenderetur.
2941 4379 3086 4447 Quin
3135 4382 3300 4437 etiam
3345 4382 3466 4453 ejus
3495 4397 3590 4438 ve-

314 4474 418 4546 τὴν
465 4474 662 4546 τρίχα,
716 4475 1019 4549 θεοπρεπὲς
1067 4477 1125 4531 δὲ
1175 4478 1466 4552 πρόσωπον
1520 4481 1902 4553 ὑποφαίνοντα,

2019 4474 2328 4530 stimentum
2374 4488 2442 4528 ex
2478 4472 2605 4544 pilis
2634 4472 2969 4528 camelorum
3000 4472 3312 4529 confectum
3356 4483 3496 4539 erat,
3533 4483 3597 4531 et

320 4564 509 4636 σχῆμά
558 4583 618 4621 τε
675 4567 823 4632 ξένον
879 4569 1173 4642 περιϐολῆς
1226 4573 1597 4645 ἠμφιεσμένον
1625 4614 1640 4639 ,
1692 4574 1903 4648 ἀθρόως

316 4656 479 4711 ποθὲν
527 4657 589 4725 ἐξ
642 4660 884 4728 ἀφανοῦς
933 4664 1143 4736 ἐρήμου
1204 4666 1526 4739 φαινόμενον
1550 4708 1565 4734 ,
1622 4668 1715 4721 καὶ
1766 4668 1903 4740 μετά

313 4749 377 4802 τδ
432 4751 695 4823 κήρυγμα
763 4753 927 4809 πάλιν
980 4757 1061 4819 εἰς
1116 4756 1218 4829 τὴν
1282 4758 1485 4831 ἔρημον
1541 4760 1637 4814 καὶ
1702 4762 1783 4827 εἰς
1840 4764 1902 4817 τὺ

314 4839 520 4907 ἀφανὲς
570 4841 958 4915 ὑποχωροῦντα
982 4885 999 4910 ,
1054 4846 1148 4899 καλ¹
1178 4846 1397 4913 ἄποτον,
1444 4847 1679 4920 ἄτροφον
1700 4890 1718 4918 ,
1749 4849 1901 4906 ἀκοι-

311 4930 549 5004 νώνητον
576 4936 689 4998 τοῖς
720 4935 935 5002 πολλοῖς
960 4976 974 5001 ,
1013 4936 1240 5001 εἰκότως
1290 4936 1676 5011 ἐξεπλήττοντο
1697 4985 1712 5007 ,
1774 4943 1898 5016 μηδ’

312 5023 598 5096 ἄνθρωπον
632 5027 795 5081 αὑτὸν
848 5028 1203 5094 ὑπονοοῦντες
1261 5030 1562 5104 ὑπάρχειν;
1617 5033 1737 5099 πῶς
1787 5035 1897 5107 γὰρ

308 5115 400 5170 τὸν
426 5118 560 5189 μηδὲ
607 5120 665 5173 ἐν
694 5119 853 5192 χρείᾳ
886 5121 1094 5193 τροφῆς
1129 5120 1413 5193 γινόμενον
1438 5139 1452 5189 ;
1481 5123 1563 5177 διὸ
1592 5125 1688 5178 καὶ
1731 5125 1897 5195 ἀγγε-

310 5217 399 5272 λον
448 5219 817 5293 ὑπειλήφεσαν
869 5217 1008 5293 εἶναι
1059 5223 1248 5278 τοῦτον
1303 5219 1465 5279 αὑτὸν
1511 5228 1749 5292 ἐκεῖνον,
1804 5226 1896 5280 τὸν

307 5308 397 5363 διὰ
448 5309 540 5364 τοῦ
597 5291 883 5385 προφήτου
926 5291 1296 5387 δηλούμενον,
1360 5317 1500 5372 κατὰ
1551 5317 1613 5372 τὸ
1639 5358 1654 5383 ,
1721 5337 1739 5370 ι
1763 5318 1895 5372 ’1δοὺ

309 5400 420 5472 ἐγὼ
474 5404 793 5460 ἀποστέλλω
846 5405 939 5461 τὸν
986 5407 1217 5478 ἄγγελόν
1276 5426 1379 5480 μου
1432 5409 1538 5488 πρὸ
1596 5410 1892 5481 προσώπου

310 5507 401 5546 σου
431 5533 447 5557 ,
532 5494 592 5562 δς
643 5497 1048 5553 κατασκευάσει
1108 5498 1207 5573 τήν
1259 5499 1379 5556 ὁδόν
1437 5518 1531 5555 σου
1584 5501 1893 5576 ἔμπροσθέν

309 5612 457 5652 conn
548 5598 830 5672 Κέχρηται
888 5600 1019 5671 γοῦν
1066 5604 1133 5675 τῇ
1191 5603 1490 5676 παραθέσει
1544 5608 1638 5662 καὶ
1687 5609 1889 5683 ταύτης

310 5697 407 5758 τῖες
456 5698 676 5774 Γραφῆς
703 5700 931 5774 Μάρκος
984 5705 1014 5758 ὁ
1066 5702 1489 5778 εὐαγγελιστής,
1559 5709 1669 5766 Καὶ
1713 5716 1741 5769 ξ,
1772 5718 1885 5772 xm.

2000 4567 2158 4624 cibus
2182 4566 2413 4622 locusta:
2441 4574 2497 4621 et
2524 4566 2629 4621 mel
2662 4567 2965 4623 silvestre.»
2994 4565 3246 4638 Nunquid
3277 4567 3441 4636 igitur
3463 4583 3587 4623 cum

2000 4660 2200 4731 capillo
2240 4659 2461 4730 quidem
2509 4638 2816 4713 Nazirazum
2864 4657 2960 4713 Dei
2993 4660 3264 4724 viderent,
3305 4660 3422 4729 qui,
3467 4674 3589 4731 qua:

1999 4747 2169 4805 Deum
2214 4747 2377 4804 facile
2405 4747 2617 4813 deceat,
2665 4749 2860 4804 faciem
2905 4755 3231 4813 ostentaret,
3274 4749 3583 4804 vestimenti

1998 4848 2181 4896 autem
2212 4840 2537 4895 inusitatum
2589 4856 2764 4912 genus
2807 4840 3083 4903 indutum,
3127 4848 3353 4911 repente
3400 4840 3585 4897 nescio

1999 4933 2143 4989 unde
2195 4948 2227 4989 e
2268 4933 2496 4989 latebris
2554 4933 2871 4990 solitudinis
2922 4934 3305 5002 prodeuntem,
3361 4942 3417 4990 et
3461 4941 3585 5004 post

1996 5025 2466 5096 praedicationem,
2516 5040 2714 5081 rursus
2759 5025 2818 5079 in
2862 5024 3214 5079 solitudinem
3261 5031 3315 5080 et
3363 5025 3420 5079 in
3454 5025 3587 5080 late-

1995 5127 2124 5183 bras
2155 5128 2523 5193 recedentem,
2574 5128 2695 5185 sine
2742 5135 2895 5199 potu,
2925 5127 3046 5184 sine
3084 5128 3231 5193 cibo,
3281 5128 3585 5184 abhorren-
3630 5164 3639 5169 -

1994 5236 2103 5285 tem
2133 5243 2161 5283 a
2179 5228 2548 5293 multitudine,
2572 5230 2771 5284 merito
2799 5229 3288 5299 obstupescebant.
3314 5237 3453 5287 etne
3475 5231 3580 5287 ho-

1994 5323 2198 5379 minem
2252 5324 2472 5394 quidem
2522 5323 2676 5378 illum
2718 5340 2844 5381 esse
2891 5324 3345 5380 arbitrabantur?
3387 5326 3579 5397 quidni

2000 5416 2153 5471 illum
2200 5418 2293 5487 qui
2330 5417 2412 5471 vel
2437 5417 2589 5471 nullo
2633 5417 2757 5472 cibo
2789 5416 3096 5489 indigeret?
3135 5419 3392 5489 quocirca
3433 5434 3581 5475 eum-

1998 5506 2121 5563 dem
2166 5507 2417 5578 angelum
2463 5523 2587 5564 esse
2628 5507 2927 5564 credebant
2967 5509 3120 5565 illum
3152 5511 3331 5580 ipsum
3364 5511 3431 5565 de
3468 5526 3578 5582 quo

1995 5609 2261 5682 propheta
2293 5609 2552 5681 loquitur,
2582 5610 2711 5666 dum
2743 5609 2919 5666 dicit:
2958 5629 2976 5663 ι
3009 5610 3148 5666 Ecce
3177 5627 3278 5681 ego
3309 5613 3465 5666 mitto
3485 5627 3577 5664 an-

1991 5724 2170 5795 gelum
2203 5727 2387 5771 meum
2434 5719 2558 5769 ante
2591 5711 2786 5771 faciem
2836 5720 3009 5779 tuam,
3041 5713 3132 5785 qui
3176 5711 3388 5786 parabit
3427 5712 3570 5766 viam
