4110 6410
328 325 436 380 675

1231 319 1895 379 DEMONSTRATIONIS
1919 321 2396 380 :EVANGEUCE
2421 321 2566 381 LIB.
2603 321 2704 386 ΙΧ..

3509 317 3616 375 δτι

329 437 474 493 κατὰ
506 435 748 491 διάνοιαν
782 434 1159 510 θεωρουμένου
1198 436 1384 492 εικόνα
1407 476 1426 505 ,
1479 441 1612 512 περὶ
1655 435 1717 496 οῦ
1746 441 1909 496 διαλα·

2038 459 2054 493 ι
2084 438 2356 497 Fluminis
2399 441 2640 511 impetus
2673 436 2915 497 laetiﬁcat
2937 437 3238 496 civitatem
3256 437 3348 494 Dei
3371 437 3438 498 ".
3475 459 3493 492 ο
3527 439 3605 495 Si-

328 530 515 586 λοῦσιν
555 531 614 584 αἱ
640 530 856 602 Γραφαὶ
903 530 1160 600 λέγουσαι
1182 547 1196 561 ο
1259 532 1396 586 «Τοῦ
1443 533 1700 606 ποταμοῦ
1733 534 1801 588 τὰ
1827 537 1920 607 ὁρ-

331 625 566 696 μήματά
593 622 945 695 εὐφραίνουσι
983 622 1080 696 τὴν
1121 623 1276 678 πόλιν
1316 623 1410 678 τοῦ
1442 625 1634 679 Θεοῦ.ι
1710 625 1918 698 Σημαί-

325 734 408 771 νει
461 716 520 770 δὲ
561 715 720 771 τοῦτο
766 715 866 787 τὴν
899 715 1094 770 ἀέναον
1133 716 1396 789 ἐπιρῤοὴν
1440 717 1535 771 τοῦ
1570 717 1717 771 θείου
1748 718 1919 774 Πνεύ-

329 827 502 882 ματος
521 850 538 875 ,
582 808 791 864 ἄνωθεν
819 807 1157 880 πηγάζοντος
1179 850 1194 875 ,
1227 809 1323 863 καὶ
1351 808 1448 881 τὴν
1477 809 1572 863 τοῦ
1600 810 1736 864 Θεοῦ
1763 810 1916 864 πόλιν

323 902 585 974 ἄρδοντος
609 942 625 966 ,
685 900 828 956 οῦτω
887 899 1227 973 καλουμένης
1283 901 1383 972 τῆς
1412 901 1556 955 κατὰ
1599 901 1732 956 Θεὸν
1767 901 1918 954 πολι-

321 994 497 1058 τείας.
575 984 745 1056 Οὗτος
781 991 848 1064 δὴ
890 989 986 1048 οὖν
1017 993 1260 1064 ποταμὸς
1285 993 1379 1047 τοῦ
1428 992 1564 1046 Θεοῦ
1604 995 1700 1048 καὶ
1753 993 1916 1066 μέχρι

323 1087 427 1156 τῆς
465 1085 672 1158 ἐρήμου
707 1084 1040 1156 κατελήλυθε
1063 1125 1076 1144 .
1134 1084 1332 1156 δηλαδὴ
1367 1085 1467 1155 τῆς
1498 1084 1557 1150 ἐξ
1585 1085 1755 1139 ἐθνῶν
1797 1086 1918 1139 Ἐκ-

325 1177 598 1249 κλησίας,
642 1178 737 1232 καὶ
786 1176 957 1249 ταύτῃ
1005 1175 1114 1230 τῶν
1162 1179 1221 1232 ὲν
1250 1176 1400 1248 αὐτῷ
1443 1176 1689 1243 ζωτικῶν
1736 1178 1914 1249 ναμά-

323 1288 436 1324 των
469 1269 637 1326 είσέτι
681 1269 776 1323 νῦν
805 1271 1143 1341 ἐπιχορηγεί
1201 1269 1347 1340 Πρὸς
1385 1268 1596 1333 τούτοις
1642 1271 1676 1341 ὴ
1712 1287 1916 1342 προφη-

303 1363 448 1418 τεία
502 1364 569 1433 τῇ
633 1360 937 1434 δηλωθείσῃ
991 1361 1186 1432 ἐρήμῳ
1239 1358 1561 1430 δοθήσεσθαι
1614 1376 1746 1430 φησι
1816 1360 1915 1433 τὴν

320 1454 483 1522 δόξαν
525 1452 622 1507 τοῦ
667 1452 905 1507 Λιϐάνου
931 1491 946 1515 ,
999 1453 1093 1504 καὶ
1124 1451 1224 1522 τὴν
1255 1451 1420 1521 τιμὴν
1451 1451 1555 1504 ,τοῦ
1589 1451 1910 1524 Καρμήλου.

322 1546 423 1610 Τίς
473 1546 518 1599 δ’
569 1546 712 1599 ἔστιν
767 1547 800 1616 ἠ
842 1545 968 1611 δόξα
1021 1542 1114 1597 τοῦ
1167 1542 1385 1596 λιϐάνου
1425 1543 1458 1614 ἢ
1502 1546 1535 1614 ἡ
1568 1544 1655 1598 διὰ
1693 1543 1912 1610 θυσιῶν,

321 1637 473 1692 κατὰ
497 1636 590 1690 τὸν
627 1635 907 1700 Μωῦσέως
954 1635 1120 1706 νόμον
1144 1673 1159 1698 ,
1206 1635 1600 1708 ἐπιτελουμένη
1649 1636 1910 1709 λατρεία;

319 1727 390 1798 ἣν
439 1726 917 1798 παραιτησάμενος
947 1727 976 1780 ό
1027 1725 1160 1789 Θεὸς
1195 1726 1285 1780 διὰ
1335 1725 1436 1796 τῆς
1473 1726 1742 1799 λεγούσης
1782 1744 1914 1799 προ-

321 1820 590 1892 φητείας,
663 1838 682 1872 ι
717 1820 831 1878 Ἵνα
885 1819 938 1873 τί
981 1837 1070 1890 μοι
1121 1820 1355 1876 Λίϐανον
1393 1822 1458 1875 ἐκ
1493 1820 1643 1875 Σαϐὰ
1681 1822 1909 1893 φέρετε;
1948 1799 1985 1854 Β

319 1914 418 1966 καὶ
471 1912 523 1966 τί
575 1930 667 1985 μοι
720 1911 924 1982 πλῆθος
975 1912 1084 1966 τῶν
1123 1912 1320 1968 θυσιῶν
1364 1914 1558 1985 ύμῶν;
1594 1933 1613 1967 ι
1683 1915 1777 1968 ἐπὶ
1816 1916 1913 1987 τὴν

317 2007 528 2078 ἔρημον
583 2005 681 2058 τοῦ
752 2005 1016 2075 Ἰορδάνου
1080 2006 1420 2077 μετατέθηκε
1468 2005 1565 2078 τὴν
1619 2007 1776 2074 δόξαν
1811 2009 1911 2078 τῆς

330 2097 694 2171 Ἰερουσαλὴμ
722 2137 736 2163 ,
775 2099 874 2168 τῆς
913 2099 1032 2152 κατ’
1083 2099 1364 2154 εὐσέϐειαν
1403 2101 1628 2171 ἀγωγῆς
1665 2102 1765 2154 οὑκ
1821 2103 1913 2156 ἐπὶ

332 2191 726 2262 Ἰερουσαλὴμ,
791 2190 906 2244 ἀλλ’
964 2191 1056 2243 ἐπὶ
1113 2192 1214 2262 τῆς
1273 2194 1481 2265 ἐρήμου
1543 2194 1911 2247 συντελεῖσθαι

317 2285 637 2357 ἀρξαμένης
692 2283 799 2338 ἀπὸ
856 2283 967 2336 τῶν
1016 2285 1263 2339 Ἰωάννου
1304 2285 1532 2356 χρόνων.
1640 2285 1912 2351 Ὡσαύτως

315 2379 376 2432 δὲ
416 2378 511 2431 καὶ
565 2379 598 2449 η
638 2378 772 2449 τιμὴ
823 2376 918 2430 τοῦ
958 2377 1123 2448 νόμου
1152 2418 1166 2441 ,
1208 2377 1315 2431 τῶν
1350 2395 1408 2431 τε
1445 2379 1565 2432 κατ’
1605 2377 1769 2432 αὐτὸν
1809 2395 1912 2430 σω-

323 2467 697 2541 ματικὼτερον
735 2466 1241 2539 νενομοθετημένων
1264 2468 1470 2522 δέδοται
1496 2472 1562 2540 τῇ
1595 2470 1788 2540 ἐρήμῳ
1805 2468 1909 2522 ,τοῦ

332 2560 604 2632 Ἰορδάνου
663 2560 752 2614 διὰ
788 2560 886 2632 τὴν
925 2559 1277 2615 ἀποδοθεῖσαν
1316 2560 1530 2626 αἰτίαν,
1599 2562 1679 2615 ὅτι
1717 2561 1909 2632 μηκέτ’

301 2651 417 2704 ἐπὶ
453 2651 552 2724 τὴν
603 2651 960 2723 Ἰερουσαλὴμ
993 2651 1370 2723 προσέφευγον
1407 2653 1458 2704 οἱ
1495 2652 1594 2723 τῆς
1631 2653 1774 2706 κατὰ
1809 2651 1910 2722 ψυ-

317 2743 422 2815 χὴν
463 2741 759 2814 θεραπείας
798 2743 1078 2814 δεόμενοι,
1141 2742 1276 2796 ἀλλὰ
1316 2744 1408 2796 ἐπὶ
1439 2744 1538 2817 τὴν
1571 2744 1907 2815 ὀνομαζομέ-

316 2850 421 2903 νην
460 2833 689 2905 ἔρημον,
711 2835 810 2906 τῆς
847 2836 905 2888 ἐν
925 2835 1062 2907 αὐτῇ
1094 2836 1505 2908 κηρυττομένης
1533 2837 1779 2906 ἀφέσεως
1799 2837 1907 2891 τῶν

318 2927 742 2997 ἁμαρτημάτων
776 2927 985 2981 ἕνεκεν.
1062 2924 1230 3000 Οἶμαι
1276 2929 1334 2982 δὲ
1387 2929 1611 2982 καὶτοῦ
1655 2931 1908 3002 Σωτῆρος

318 3019 482 3088 ἡμῶν
537 3019 636 3089 τὴν
689 3021 784 3072 ἐπὶ
843 3019 902 3072 τὸ
945 3019 1226 3090 βάπτισμα
1277 3021 1580 3092 παρουσίαν
1617 3021 1908 3092 δηλοῦσθαι

307 3111 408 3164 διὰ
441 3112 536 3164 τοῦ
556 3152 570 3176 ,
615 3131 633 3162 ι
659 3111 767 3164 Καὶ
803 3114 832 3164 ὁ
860 3111 986 3174 λαός
1023 3129 1124 3181 μου
1143 3111 1334 3180 ὄψεται
1364 3112 1461 3182 τὴν
1492 3110 1645 3176 δόξαν
1674 3111 1904 3185 Κυρίου,

319 3201 416 3255 καὶ
474 3200 534 3253 τὺ
592 3199 723 3270 ῦψος
779 3200 872 3254 τοῦ
912 3200 1070 3254 Θεοῦ.
1122 3220 1140 3254 ι
1173 3201 1307 3254 Τότε
1345 3200 1453 3272 γὰρ
1489 3203 1582 3255 καὶ
1614 3201 1772 3273 ὤφθη
1811 3201 1905 3255 τοῦ

319 3293 575 3364 Σωτῆρος
609 3290 768 3364 ἡμῶν
810 3295 843 3362 ἡ
869 3291 1017 3358 δόξα,
1041 3293 1132 3345 ὅτε
1173 3290 1488 3362 βαπτισθεὶς
1526 3311 1544 3344 ι
1594 3292 1758 3365 ἀνέϐη
1799 3294 1908 3347 ἀπὸ

314 3382 416 3438 τοῦ
453 3384 644 3449 ὓδατος
667 3426 684 3450 ,
725 3386 819 3439 καὶ
858 3384 1212 3456 ἀνεῴχθησαν
1251 3384 1401 3455 αὐτῷ
1437 3385 1487 3438 οἱ
1528 3385 1776 3457 οὐρανοὶ,
1817 3386 1910 3439 καὶ

317 3474 430 3532 εἶδε
462 3477 523 3531 τὸ
560 3479 783 3550 Πνεῦμα
820 3477 914 3532 τοῦ
951 3476 1087 3530 Θεοῦ
1120 3477 1450 3532 καταϐαῖνον
1489 3477 1620 3531 ὡσεὶ
1659 3495 1910 3550 περιστε-

320 3572 421 3642 ρὰν
446 3611 461 3634 ,
502 3573 596 3626 καὶ
637 3572 797 3643 μένον
833 3573 919 3624 ἐπ’
955 3570 1116 3625 αὐτόν
1147 3588 1160 3601 ·
1206 3590 1224 3622 ι
1252 3571 1341 3624 ὅτε
1382 3571 1474 3624 καὶ
1511 3571 1664 3643 φωνὴ
1703 3575 1766 3625 ὲκ
1800 3571 1910 3625 τῶν

313 3661 562 3733 οὐρανῶν
601 3660 844 3734 ἠκούσθη
883 3661 1117 3729 λέγουσα
1142 3676 1158 3693 ο
1272 3680 1290 3713 ι
1327 3656 1496 3725 Οὗτός
1530 3664 1676 3715 ἐστιν
1714 3663 1742 3715 ὁ
1782 3663 1910 3727 Υἱός

319 3773 425 3826 μου
461 3757 490 3809 ό
523 3755 806 3826 ἀγαπητὸς
837 3795 850 3818 ,
893 3757 950 3808 ἐν
1068 3756 1368 3827 ηὐδόκησα.
1403 3775 1423 3808 ι
1481 3754 1641 3808 Ἀλλά
1677 3757 1771 3809 καὶ
1802 3758 1909 3821 πᾶς

312 3847 344 3898 ὁ
401 3848 643 3918 γνησίως
681 3846 774 3900 ἐπὶ
806 3846 867 3899 τὸ
899 3844 994 3899 τοῦ
1034 3846 1262 3918 λουτροῦ
1301 3845 1513 3919 παριὼν
1567 3849 1865 3920 μυστήριον
1892 3890 1906 3913 ,

310 3940 415 4012 τὴν
455 3940 584 4011 περὶ
614 3939 708 3993 τοῦ
738 3939 972 4011 Χριστοῦ
999 3939 1336 4012 παραλαϐὼν
1361 3939 1639 4009 θεολογίαν
1657 3982 1672 4004 ,
1698 3942 1811 4012 ¹τὴν
1833 3941 1910 3994 δό-

313 4034 416 4099 ξαν
447 4031 621 4086 αὑτοῦ
662 4031 948 4097 θεάσεται,
1010 4032 1179 4100 λέξων
1216 4032 1284 4086 ἂν
1323 4032 1523 4103 ὁμοίως
1559 4033 1640 4103 τῷ
1676 4033 1904 4104 Παύλῳ·

317 4146 336 4178 ι
369 4127 438 4180 Et
495 4126 591 4180 καὶ
647 4125 967 4197 ἐγνώκαμεν
1026 4126 1166 4182 κατὰ
1208 4126 1387 4198 σάρκα
1424 4124 1658 4197 Χριστὸν
1685 4166 1702 4192 ,
1772 4126 1908 4181 ἀλλὰ

311 4217 410 4271 νῦν
449 4216 633 4270 οὐκέτι
671 4215 1033 4286 γινώσκομεν.
1069 4235 1088 4268 ›

325 4333 460 4388 Ἇπό
506 4331 616 4386 τοῦ
653 4331 901 4400 ψαλμοῦ
943 4335 999 4398 ιι.
1029 4331 1250 4397 *Περὶ
1281 4331 1387 4385 τοῦ
1414 4330 1565 4401 μετὰ
1591 4329 1908 4400 βάπτισμα

701 4402 1033 4471 πειρασμοῦ
1075 4402 1180 4456 τοῦ
1227 4402 1510 4469 Χριστοῦ.

2023 532 2247 604 gnificat
2288 548 2456 603 porro
2513 533 2623 588 hoc
2668 539 2989 605 perpetuam
3037 529 3392 586 inﬂuxionem
3439 531 3610 589 divini

2022 624 2401 694 Spiritus,qui
2439 623 2679 694 desuper
2712 622 2962 687 inundat,
2995 630 3050 678 et
3089 621 3184 680 Dei
3219 623 3496 684 civitatem
3534 625 3613 678 ir-

2019 716 2181 787 rigat.
2235 717 2318 772 sic
2351 723 2540 772 autem
2573 723 2804 771 vocatur
2835 715 2963 770 vita:
3006 730 3202 786 genus,
3257 716 3379 783 ejus
3424 731 3547 787 qua:
3579 732 3609 770 a

2001 807 2132 864 .Deo
2163 809 2441 880 dirigitur.
2475 808 2577 864 llic
2605 809 2774 878 igitur
2797 806 3125 864 Dei-ﬂuvius
3154 823 3331 878 usque
3377 809 3444 864 ad
3477 810 3610 866 soli-

2017 900 2263 958 tudinem
2312 902 2568 968 devenit,
2621 904 2906 960 collectam
2957 900 3212 957 videlicet
3243 902 3311 956 de
3356 903 3612 972 gentibus

2018 992 2322 1050 Ecclesiam
2343 1014 2355 1049 :
2374 1001 2429 1049 et
2455 994 2585 1050 huic
2611 1010 2753 1066 quas
2776 997 2831 1049 in
2857 1011 2916 1050 se
2939 994 3060 1064 ipso
3093 994 3256 1051 habet
3279 1010 3452 1066 aquas
3471 997 3611 1051 vita-

2007 1081 2101 1140 .les
2137 1085 2302 1141 etiam
2343 1101 2493 1142 nunc
2522 1087 2739 1142 abunde
2772 1088 3027 1158 largitur.
3057 1085 3255 1143 Postea
3293 1088 3436 1144 idem
3470 1089 3610 1148 vati-

2017 1178 2223 1233 cinium
2269 1179 2446 1234 eidem
2503 1181 2791 1236 solitudini
2841 1182 2991 1236 canit
3023 1179 3213 1236 datum
3264 1181 3331 1235 iri
3377 1182 3607 1250 gloriam

2021 1271 2237 1337 Libani,
2269 1279 2324 1328 et
2349 1272 2616 1330 honorem
2649 1275 2886 1330 Carmeli
2919 1292 2931 1328 :
2960 1273 3055 1329 sed
3087 1289 3338 1344 quaenam
3371 1283 3457 1329 est
3489 1275 3607 1346 glo-

2016 1361 2096 1416 ria
2125 1360 2360 1418 Carmeli
2392 1363 2500 1419 nisi
2537 1365 2586 1420 is
2614 1364 2708 1434 qui
2739 1379 2804 1418 cr
2837 1364 2955 1434 lege
2998 1363 3164 1418 illosis
3208 1379 3305 1434 per
3335 1362 3607 1422 sacriﬁcia

2016 1453 2399 1510 celebrabatur
2438 1457 2621 1511 ritus?
2653 1472 2814 1527 quem
2849 1457 2942 1511 ubi
2982 1457 3292 1526 repudiavit
3325 1455 3470 1513 Deus
3510 1472 3610 1528 per

2015 1563 2134 1603 eam
2171 1550 2515 1619 prophetiam
2545 1565 2667 1620 quae
2692 1550 2766 1603 ait
2795 1569 2807 1603 :
2847 1569 2865 1600 ι
2894 1550 3005 1605 Cur
3047 1550 3180 1605 mihi
3209 1550 3338 1605 thus
3365 1548 3433 1605 de
3461 1547 3606 1610 Saba

2016 1640 2256 1696 aﬂ‘ertis?
2281 1648 2336 1696 et
2369 1640 2502 1712 quid
2554 1641 2686 1694 mihi
2729 1641 3022 1696 multitudo
3068 1640 3464 1698 sacriﬁciorum
3512 1656 3610 1696 ve-

2016 1743 2256 1787 strorum
2283 1733 2363 1784 Im?
2397 1753 2415 1783 ι
2443 1732 2498 1786 ἰη
2522 1732 2877 1788 solitudinem
2897 1729 3158 1786 Jordanis
3180 1731 3461 1786 transtulit
3489 1731 3608 1802 glo-

2017 1827 2154 1878 riam
2188 1824 2516 1887 Jerusalcm,
2567 1832 2857 1895 postquam
2918 1825 3058 1880 ratio
3105 1825 3193 1894 pie
3243 1824 3607 1894 religioseque

2015 1919 2230 1974 vivendi
2271 1935 2383 1973 non
2417 1919 2470 1973 in
2498 1918 2826 1982 Jerusalem,
2863 1920 2958 1973 sed
2994 1919 3047 1973 in
3091 1919 3314 1974 deserto
3341 1933 3606 1974 consum-

2015 2011 2154 2064 mari
2191 2018 2372 2081 empta
2415 2020 2524 2076 est,
2558 2013 2703 2082 quod
2751 2009 3008 2068 videlicet
3041 2011 3401 2080 acciditpost
3432 2009 3603 2066 Joan-

2014 2101 2101 2155 nis
2135 2108 2406 2172 tempora.
2435 2101 2614 2157 Simili
2663 2103 2899 2165 ratione,
2941 2101 3107 2157 etiam
3139 2102 3320 2156 honor
3350 2102 3487 2172 legis
3548 2108 3601 2160 et

2012 2207 2201 2248 eorum
2228 2208 2351 2262 quae
2381 2193 2436 2248 in
2461 2193 2579 2263 lege
2607 2192 2959 2262 corporalius
2985 2191 3198 2245 sancita
3225 2201 3376 2257 sunt,
3408 2188 3605 2248 Jorda-

2013 2284 2098 2338 ais
2131 2284 2412 2339 solitudini
2453 2285 2614 2340 datus
2653 2293 2760 2350 est,
2795 2293 3018 2355 propter
3068 2284 3316 2338 eamdem
3350 2296 3600 2346 causam,

2011 2377 2270 2444 quoniam
2316 2393 2423 2432 non
2479 2377 2718 2448 amplius
2752 2377 2806 2431 in
2841 2375 3147 2432 Jerusalem
3185 2373 3601 2445 confugiebant,

2012 2468 2104 2536 qui
2151 2470 2454 2524 curationis
2512 2469 2834 2540 indigebant
2892 2467 3015 2537 ejus
3064 2480 3188 2536 qua:
3231 2465 3301 2519 ad
3356 2466 3602 2518 animum

2012 2561 2271 2632 pertinet,
2299 2560 2394 2616 sed
2429 2561 2483 2614 in
2516 2561 2569 2615 id
2605 2560 2751 2631 quod
2795 2559 3113 2614 nominatur
3135 2557 3439 2618 desertum,
3469 2570 3601 2626 pro-

2011 2661 2132 2723 pter
2174 2669 2292 2709 eam
2333 2669 2454 2723 quae
2508 2653 2564 2706 in
2622 2652 2718 2706 illo
2761 2650 3164 2722 praedicabatur
3215 2649 3599 2704 remissionem

2010 2752 2384 2815 peccatorum.
2418 2742 2559 2798 Puto
2597 2742 2762 2798 etiam
2818 2741 3123 2798 Salvatoris
3163 2739 3339 2796 nostri
3390 2738 3457 2792 ad
3503 2739 3603 2796 ba-

1993 2838 2270 2907 ptismum
2307 2851 2596 2892 accessum
2631 2835 2930 2905 signiﬁca-ri
2961 2835 3071 2889 illis
3097 2833 3278 2889 verbis
3309 2852 3322 2887 :
3349 2850 3376 2882 οι
3412 2829 3479 2884 Et
3500 2845 3601 2900 po-

2009 2930 2172 2998 pulus
2207 2943 2363 2984 meus
2392 2929 2598 2984 videbit
2636 2928 2866 2998 gloriam
2904 2926 3143 2992 Domini,
3168 2935 3231 2984 et
3254 2925 3598 2980 altitudinem

2012 3020 2107 3076 Dei
2143 3039 2157 3088 ;
2193 3045 2210 3072 ι
2243 3029 2373 3076 tunc
2404 3023 2551 3076 enim
2580 3022 2698 3076 visa
2746 3029 2833 3075 est
2869 3018 3169 3078 Salvatoris
3199 3020 3373 3072 nostri
3401 3016 3598 3088 gloria,

2015 3130 2033 3163 ‹
2073 3127 2198 3168 cum
2225 3112 2474 3169 ascendit
2506 3111 2574 3166 de
2604 3126 2766 3181 aqua,
2799 3119 2854 3166 et
2885 3110 2935 3165 ei
2970 3112 3144 3180 aperti
3193 3119 3322 3165 sunt
3355 3107 3503 3174 (xtuli,
3543 3114 3599 3163 et

2012 3203 2146 3257 vidit
2180 3203 2434 3272 spiritum
2473 3201 2566 3256 Dei
2594 3202 3015 3258 descendentem
3054 3201 3214 3271 quasi
3255 3198 3593 3261 columbam,

2008 3302 2063 3350 et
2093 3301 2403 3350 manentem
2433 3309 2601 3364 super
2621 3308 2685 3349 eo
2699 3292 2766 3348 “.
2793 3312 2811 3343 ι
2840 3291 2976 3347 Cum
3001 3307 3102 3347 vox
3120 3306 3337 3362 quoque
3358 3289 3427 3344 de
3456 3289 3598 3344 cwlo

2009 3389 2194 3443 audita
2235 3396 2341 3450 est,
2369 3386 2598 3442 dicens:
2629 3406 2648 3438 σ
2683 3385 2783 3440 llic
2819 3394 2904 3441 est
2927 3385 3100 3440 Filius
3146 3399 3303 3438 meus
3331 3365 3592 3444 dilectus.

2011 3481 2066 3535 in
2107 3495 2217 3550 quo
2260 3478 2390 3534 mihi
2421 3476 2818 3547 complacni”.
2853 3495 2872 3528 ι
2923 3474 3028 3531 Sed
3070 3476 3236 3531 etiam
3278 3475 3596 3544 quicunque

2011 3572 2250 3642 legitime
2277 3569 2344 3623 ad
2383 3569 2583 3624 lavacri
2619 3569 2943 3640 mysterium
2979 3567 3213 3635 accedit,
3255 3569 3350 3622 ubi
3383 3567 3597 3622 theolo-

2010 3666 2152 3734 giam
2201 3664 2268 3718 de
2313 3663 2536 3719 Christo
2580 3663 2877 3734 acceperit,
2927 3663 3156 3734 gloriam
3200 3662 3320 3731 ejus
3353 3662 3597 3718 intuebi-

2011 3767 2121 3822 tur,
2153 3766 2207 3812 ct
2233 3773 2355 3812 cum
2399 3755 2572 3812 Paulo
2610 3757 2794 3812 dicere
2837 3756 3037 3827 poterit
3066 3775 3078 3811 :
3109 3775 3128 3808 ι
3179 3756 3296 3816 Etsi
3331 3755 3594 3826 cognovi-

2010 3867 2130 3906 mus
2173 3849 2474 3907 secundum
2508 3863 2732 3902 carnem
2765 3846 3073 3914 Christum,
3106 3854 3172 3911 at
3223 3862 3374 3904 nunc
3403 3853 3590 3903 tamen

2008 3958 2119 3998 non
2155 3942 2390 4012 amplius
2419 3943 2808 4013 cognoscimus
2827 3942 2896 3996 ⁸¹.
2925 3959 2944 3993 ι

2003 4328 2165 4402 433
2205 4327 2249 4381 Α
2285 4328 2492 4397 psalmo
2538 4342 2624 4382 xc.
2659 4327 2834 4410 —_De
2871 4325 3074 4381 Christi
3106 4335 3226 4395 post
3264 4325 3586 4397 baptismum

2643 4408 2949 4453 leutationc.

388 4537 408 4569 σ
461 4517 522 4571 '0
555 4516 826 4571 κατοικῶν
858 4518 936 4579 ἐν,
957 4515 1176 4588 βοηθείᾳ
1206 4516 1301 4570 τοῦ
1339 4517 1618 4588 Ὑψίστου.
1639 4517 1696 4570 ἐν
1729 4518 1906 4591 σκέπῃ

2089 4533 2107 4566 ι
2151 4513 2256 4580 Qui
2297 4513 2506 4568 habitat
2543 4514 2600 4567 in
2635 4513 2911 4584 adjutorio
2949 4513 3218 4570 Altissimi
3245 4555 3261 4580 ,
3303 4514 3358 4569 in
3401 4521 3588 4584 prate-

307 4611 405 4667 τοῦ
450 4610 587 4665 Θεοῦ
633 4609 861 4683 οὐρανοῦ
903 4609 1316 4683 αὐλισθὴσεται.
1365 4610 1514 4683 Ἑρεῖ
1562 4611 1642 4682 τῷ
1674 4610 1895 4682 Κυρίῳο

323 4703 698 4774 ’Δντιλήπτωρ
744 4718 844 4772 μου
889 4697 958 4766 εἷ,
994 4701 1088 4755 καὶ
1130 4703 1418 4773 καταφυγή
1471 4719 1594 4773 μου.
1661 4701 1719 4755 Ὁ
1768 4701 1902 4765 Θεός

314 4813 416 4866 μοι
444 4793 639 4866 βοηθός
669 4811 792 4865 μου,
826 4794 921 4846 καὶ
957 4792 1127 4846 ἐλπιῶ
1163 4793 1249 4845 ἐπ’
1276 4793 1466 4846 αὐτόν⁹
1503 4794 1584 4846 ὃτι
1613 4793 1773 4856 αὐτὸς
1802 4790 1898 4866 ῥιζ-

312 4889 466 4942 σεταί
623 4887 687 4939 ἐκ
728 4885 959 4954 παγίδος
1001 4884 1306 4956 θηρευτῶν,
1341 4885 1436 4938 καὶ
1468 4884 1576 4938 ἀπὸ
1617 4884 1776 4952 λόγου
1812 4901 1900 4937 τα·

313 4978 612 5051 ραχώδους.
671 4977 760 5030 Ἐν
799 4979 912 5040 τοῖς
956 4975 1310 5048 μεταφρένοις
1351 4973 1546 5029 ἑαυτοῦ
1588 4975 1897 5029 ἐπισκιάσει

311 5091 415 5137 σοι,
449 5071 558 5125 ὑπὸ
588 5069 686 5135 τὰς
711 5071 985 5140 πτέρυγας
1015 5064 1178 5121 αὑτοῦ
1206 5068 1427 5131 ἐλπιείς.
1468 5067 1657 5137 Ὅπλῳ
1685 5067 1898 5120 κυκλώ-

311 5181 393 5218 σει
444 5181 506 5217 σε
555 5165 590 5234 ἡ
641 5162 865 5235 ἀλήθεια
914 5159 1100 5224 αὑτοῦ,
1143 5160 1203 5213 οὐ
1256 5158 1542 5232 φοϐηθήσῃ
1581 5157 1688 5212 ἀπὸ
1730 5156 1894 5228 φόϐου

307 5255 648 5328 νυκτερινοῦ,
702 5255 811 5310 ἀπὸ
871 5253 1056 5324 βέλους
1114 5252 1430 5323 πετωμένου
1494 5251 1725 5323 ἡμέρας,
1788 5251 1896 5304 ἀπὸ

309 5349 635 5421 πράγματος
673 5344 1126 5417 διαπορευομένου
1167 5345 1224 5396 ἐν
1260 5342 1458 5408 σκότει,
1500 5344 1608 5396 ἀπὸ
1643 5343 1895 5415 συμπτώ-

2005 4608 2192 4662 ctione
2207 4605 2303 4659 Dei
2334 4605 2461 4660 caeli
2490 4607 2944 4660 commorabitur.
2976 4603 3128 4661 chct
3150 4603 3382 4660 Domino
3409 4623 3421 4658 :
3449 4603 3588 4658 Sus-

2002 4709 2192 4769 ceptor
2237 4713 2393 4753 meus
2438 4713 2498 4752 es
2519 4738 2534 4761 ,
2567 4707 2620 4753 ct
2650 4697 2923 4769 refugium
2977 4713 3163 4753 meum
3185 4739 3200 4764 ,
3233 4695 3392 4752 Deus
3432 4711 3590 4750 meus

2002 4793 2224 4862 adiutor
2265 4807 2458 4850 meus.
2493 4799 2550 4846 et
2593 4792 2826 4862 sperabo
2853 4794 2907 4847 in
2961 4808 3084 4848 eum
3117 4811 3130 4847 :
3165 4791 3428 4862 quoniam
3472 4789 3588 4858 ipse

2009 4884 2267 4939 liberabit
2300 4899 2386 4938 me
2425 4883 2493 4938 de
2529 4884 2725 4954 laqueo
2757 4891 3080 4938 venatorum
3103 4924 3117 4946 ,
3152 4891 3205 4938 et
3237 4882 3306 4936 ab
3337 4880 3588 4936 oratione

2006 4973 2346 5028 turbulenta.
2396 4971 2453 5027 ln
2506 4974 2747 5044 scapulis
2800 4973 2917 5029 suis
2959 4971 3316 5027 obumbrabit
3368 4971 3501 5036 tibi,
3531 4977 3587 5025 et

2006 5067 2111 5122 sub
2139 5067 2243 5122 alis
2272 5066 2393 5136 ejus
2446 5068 2714 5136 sperabis.
2757 5065 2927 5120 Scuto
2993 5063 3359 5119 circumdabit
3398 5071 3452 5117 te
3492 5078 3584 5142 ve-

2004 5160 2142 5215 ritas
2176 5159 2297 5229 ejus
2321 5197 2338 5224 ,
2370 5173 2482 5214 non
2516 5159 2736 5213 timebis
2767 5172 2798 5210 a
2835 5158 3036 5211 timore
3075 5161 3348 5209 nocturno
3369 5193 3383 5217 ,
3426 5168 3456 5207 a
3497 5169 3585 5207 sa-

2005 5253 2140 5324 gitta
2173 5253 2393 5306 volante
2443 5251 2500 5305 in
2550 5251 2671 5317 die,
2719 5265 2750 5304 a
2800 5249 3020 5320 negotio
3070 5247 3484 5318 perambulante
3526 5247 3583 5301 in

2001 5347 2279 5411 tenebris,
2318 5345 2387 5399 ab
2418 5344 2680 5409 incursu,
2715 5351 2770 5398 et
2801 5341 3076 5397 dwmonio
3109 5340 3439 5394 meridiano.
3477 5339 3584 5392 Ca-

311 5456 502 5511 ματος,
532 5439 635 5493 καὶ,
656 5438 930 5510 δαιμονίου
977 5435 1372 5508 μεσημϐρινοῦ.
1400 5437 1655 5490 Πεσείται
1696 5439 1761 5491 ἐκ
1793 5437 1887 5490 τοῦ

2010 5441 2128 5495 lent
2163 5454 2192 5493 a
2229 5440 2401 5494 latere
2435 5446 2530 5491 tuo
2566 5437 2745 5500 mille,
2782 5445 2837 5491 et
2869 5435 3059 5491 decem
3094 5434 3266 5489 millia
3301 5449 3335 5488 a
3366 5431 3582 5488 dextris

309 5533 526 5597 κλίτους
560 5549 652 5586 σου
685 5531 882 5602 χιλιὰς,
920 5530 1015 5583 καὶ
1045 5527 1241 5599 μυριὰς
1276 5529 1341 5580 ἐκ
1372 5527 1560 5594 δεξιῶν
1589 5547 1681 5582 σου
1707 5546 1720 5559 ·
1753 5531 1890 5602 πρὸς

312 5623 372 5677 σὲ
395 5623 454 5676 δέ
496 5624 597 5678 οὐκ
623 5626 814 5694 ἐγγιεί
842 5623 986 5694 Πλὴν
1025 5621 1136 5682 τοῖς
1171 5619 1466 5693 ὀφθαλμοῖς
1499 5637 1592 5674 σου
1628 5625 1893 5694 κατανοή-

2000 5529 2152 5585 tuis:
2209 5529 2276 5584 ad
2321 5537 2376 5583 te
2425 5539 2606 5582 autem
2650 5542 2759 5582 non
2806 5526 3293 5598 appropinquabit.
3328 5523 3580 5579 Verum-

1999 5632 2180 5678 tamen
2226 5622 2403 5676 oculis
2453 5622 2564 5676 tuis
2606 5620 3024 5685 considerabis,
3067 5632 3121 5676 et
3159 5618 3579 5676 retributionem

384 5805 428 5838 "
467 5803 593 5859 Psal
647 5819 787 5866 nv,
821 5805 872 5860 5.
949 5805 993 5835 ⁵⁸
1031 5803 1142 5860 Jer.
1176 5819 1263 5872 vi,
1293 5803 1383 5858 20.
1463 5803 1506 5834 δ’
1550 5801 1712 5859 Marc.
1754 5820 1806 5867 ι,
1846 5804 1909 5857 10

2013 5802 2058 5834 ιο
2104 5800 2290 5855 Matth.
2330 5815 2426 5867 ιιι,
2463 5800 2552 5858 l7.
2631 5802 2673 5833 σι
2718 5801 2759 5856 n
2791 5799 2917 5858 Cor.
2955 5818 3024 5864 ν,
3060 5800 3150 5882 is.
