4110 6410
580 334 692 394 673

1214 329 1486 388 EUSEBll
1518 329 1998 389 CAESARIENSIS
2033 329 2187 389 OPP.
2227 330 2429 389 PARS.
2462 330 2527 389 ῙῙ.
2567 361 2637 375 --
2675 329 3178 390 APOLOGETICA.

3752 332 3853 385 678

581 459 933 525 peccatorum
972 444 1226 502 videbis:
1298 447 1561 517 quoniam
1610 453 1703 512 tu,
1749 445 1980 502 Domine
2017 452 2154 515 lspes

2264 462 2398 511 σεις,
2434 446 2528 499 καὶ
2559 444 2916 500 ἀνταπόδοσιν
2938 442 3280 519 ἁμαρτωλῶν
3310 442 3432 515 ὕψει
3451 460 3467 475 ’
3500 444 3585 499 ὅτι
3618 446 3708 510 σὺ,
3742 447 3854 501 Κύ-

583 559 726 608 inea,
763 541 1105 597 Altissimum
1138 540 1375 611 posuisti
1403 538 1674 611 refugium
1708 549 1886 594 tuum.
1918 536 2037 594 Non
2072 553 2165 593 ac-

582 636 782 691 cedent
812 633 880 689 ad
914 640 967 689 te
998 633 1164 698 maia,
1200 641 1253 686 et
1284 631 1555 704 ﬂagellum
1575 647 1684 687 non
1708 631 2164 701 appropinquabit

578 725 936 783 tabernaculo
979 733 1117 780 tuo:
1161 726 1422 795 quoniam
1470 724 1682 796 angelis
1725 724 1843 781 suis
1886 723 2163 778 mandavit

580 819 649 874 de
698 825 786 883 te,
839 824 899 870 ut
948 816 1260 871 custodiant
1297 826 1348 871 te
1386 817 1443 871 in
1486 818 1743 873 omnibus
1786 817 1890 874 viis
1932 818 2063 873 tuis.
2102 817 2162 872 In

579 911 835 967 manibus
867 910 1161 981 portabunt
1203 918 1292 974 te,
1326 925 1397 966 ne
1445 909 1589 966 forte
1635 909 1883 968 oﬂendas
1913 911 1982 965 ad
2022 911 2163 983 lapi-

577 1004 700 1059 dem
749 1003 940 1073 pedem
996 1010 1174 1056 tuum.
1230 1000 1408 1072 Super
1449 1002 1695 1073 aspidem
1739 1012 1794 1058 et
1840 1004 2161 1059 basiliscum

578 1096 910 1158 ambulabis,
941 1103 996 1150 et
1027 1096 1385 1151 conculcabis
1413 1096 1624 1151 leonem
1655 1104 1710 1151 et
1735 1096 2032 1152 draconem
2056 1098 2154 1149 ⁸³.»

579 1183 832 1241 Salvator
860 1192 914 1241 et
948 1184 1208 1240 Dominus
1248 1194 1437 1239 noster
1466 1184 1628 1241 Jesus
1656 1185 1749 1257 qui
1778 1184 2037 1242 Christus
2066 1183 2160 1241 Dei

573 1286 694 1340 est,
726 1277 855 1332 dum
885 1285 1161 1347 quatenus
1191 1277 1357 1331 homo
1386 1276 1567 1332 factus
1596 1285 1682 1333 est
1702 1317 1719 1341 ,
1751 1278 2156 1344 consideratur,

576 1370 830 1426 habitans
860 1369 1063 1425 dicitur
1092 1370 1145 1424 in
1177 1369 1452 1440 adjutorio
1481 1370 1747 1426 Altissimi
1774 1408 1788 1434 ,
1822 1380 2009 1441 utpote
2034 1386 2159 1425 cum

575 1462 632 1517 in
661 1464 1003 1532 proiectione
1033 1461 1126 1518 Dei
1157 1470 1212 1516 et
1242 1461 1425 1517 Patris
1452 1472 1841 1517 commoretur.
1869 1462 1969 1518 llic
1994 1464 2161 1534 igitur

575 1572 746 1611 unmn
784 1554 998 1611 Patrem
1030 1572 1133 1611 nec
1162 1558 1329 1611 alium
1364 1563 1629 1626 praeterea
1662 1556 1976 1626 quempiam
2002 1595 2016 1618 ,
2049 1570 2159 1626 quo

573 1657 823 1720 tempore
853 1664 883 1703 a
915 1647 1136 1705 diabolo
1166 1656 1412 1704 tentatus
1441 1654 1525 1704 est
1548 1687 1562 1709 .
1598 1646 1906 1718 perfugium
1936 1655 2155 1712 nactus,

573 1742 840 1797 Lberatus
866 1748 951 1796 est
978 1742 1108 1795 olim
1139 1742 1208 1796 de
1234 1740 1447 1811 laqueis
1477 1739 1889 1794 adversantium
1918 1747 2161 1809 potesta-

2265 555 2348 608 ριε
2377 540 2412 609 ἡ
2439 536 2595 603 ὲλπίς
2623 555 2747 609 μου,
2786 538 2879 592 τὸν
2911 538 3173 609 Ὕψιστον
3211 535 3334 591 ἔθου
3365 537 3690 608 καταφυγήν
3734 553 3850 591 σου.

2263 630 2338 684 Ού
2373 629 2794 702 προσελεύσεταί
2818 630 2955 701 πρὸς
2983 630 3043 683 σὲ
3078 627 3245 692 κακὰ,
3274 629 3367 683 καὶ
3402 629 3601 700 μάστιξ
3630 630 3733 684 ούκ
3765 632 3855 700 ἐγ-

2261 724 2372 791 γιεῖ
2392 720 2471 793 τῷ
2499 720 2819 794 σκηνώματί
2849 738 2943 775 σου
2968 738 2981 752 ⁸
3012 722 3095 774 ὅτι
3133 722 3248 785 τοῖς
3273 721 3525 790 ἀγγέλοις
3562 719 3731 775 αὑτοῦ
3772 722 3855 776 ὲν-

2260 814 2493 868 τελεῖται
2534 814 2663 886 περ)⁸
2692 812 2807 878 σοῦ,
2832 813 2927 867 τοῦ
2956 812 3283 882 διαφυλάξαι
3311 828 3371 866 σε
3405 813 3465 867 ὲν
3497 814 3705 878 πάσαις
3736 817 3855 880 ταῖς

2262 907 2398 971 ὁδοῖς
2424 918 2538 961 σου.
2580 907 2704 960 Ἐπὶ
2730 904 2931 978 χειρῶν
2963 904 3154 977 ἀροῦσί
3183 922 3266 970 σε,
3298 906 3507 977 μήποτε
3534 906 3855 980 προσκόψῃς

2262 999 2398 1071 πρὸς
2424 998 2571 1053 λίθον
2590 999 2681 1054 τὸν
2710 998 2848 1053 πόδα
2873 1015 2988 1052 σου.
3034 999 3158 1052 Ἐπὶ
3181 997 3383 1053 ἀσπίδα
3415 1000 3511 1052 καὶ
3537 998 3853 1070 βασιλίσκον

2262 1090 2520 1162 ὲπιϐήσῃ,
2560 1091 2653 1144 καὶ
2698 1090 3107 1162 καταπατήσεις
3139 1089 3332 1145 λέοντα
3363 1090 3459 1144 καί
3490 1090 3787 1162 δράκοντα.
3828 1109 3847 1144 ι

2273 1184 2331 1236 '0
2377 1183 2570 1255 Σωτὴρ
2612 1185 2707 1237 καὶ
2758 1183 2964 1256 Κύριος
3009 1183 3168 1254 ήμῶν
3224 1183 3433 1256 Ἰησοῦς
3474 1183 3717 1255 Χριστὸς
3757 1182 3851 1238 τοῦ

2261 1276 2416 1339 Θεοῦ,
2461 1275 2582 1329 καθ’
2621 1276 2650 1329 ὃ
2688 1275 3025 1348 ἑνηνθρὼπει
3070 1275 3472 1348 ἑπινοούμενος,
3507 1278 3538 1330 6
3580 1276 3852 1331 κατοικῶν

2259 1368 2478 1437 λέγεται
2505 1371 2563 1422 ἐν
2603 1368 2825 1441 βοηθείᾳ
2845 1369 2940 1423 τοῦ
2979 1356 3259 1440 Ὑψίστου,
3288 1370 3346 1423 ὲν
3374 1369 3554 1441 σκέπῃ
3585 1368 3684 1423 τοῦ
3714 1368 3849 1424 Θεοῦ

2260 1461 2354 1513 καὶ
2392 1460 2604 1533 Πατρδς
2647 1460 3018 1533 αὐλιζόμενος.
3065 1455 3235 1525 Οὗτος
3267 1460 3332 1532 δὴ
3376 1455 3491 1527 οῦν,
3546 1461 3711 1533 μόνον
3758 1460 3849 1515 τὸν

2259 1552 2489 1624 Σωτῆρα
2520 1554 2613 1606 καὶ
2650 1553 2758 1607 οὐδ’
2785 1553 2971 1626 ἕτερον
3007 1553 3328 1624 καταφυγὴν
3352 1553 3412 1605 ὲν
3442 1552 3522 1624 τῷ
3552 1553 3734 1626 καιρῷ
3756 1552 3848 1607 τοῦ

2259 1643 2400 1698 κατά
2445 1644 2536 1697 τὸν
2580 1643 2824 1698 διάϐολον
2872 1643 3180 1717 πειρασμοῦ
3216 1644 3555 1716 κεκτημένος
3604 1643 3846 1717 ὲρρύσθη

2262 1736 2391 1790 ποτε
2423 1739 2488 1791 ὲκ
2518 1737 2627 1790 τῶν
2673 1738 2913 1807 παγίδων
2952 1737 3060 1792 τῶν
3113 1736 3503 1808 ἀντικειμένων
3539 1736 3846 1808 δυνάμεων,

572 1840 720 1900 tum,
774 1849 896 1905 qua:
946 1841 1235 1890 venatores
1291 1833 1395 1887 hoc
1446 1833 1567 1888 loco
1621 1833 1985 1902 appellantur,
2030 1847 2154 1886 cum

2259 1831 2323 1903 θη
2334 1830 2537 1903 ρευτῶν
2568 1831 2662 1885 νῦν
2700 1828 3137 1902 ὀνομαζομένων,
3165 1830 3419 1902 ὁπηνίκα,
3445 1825 3535 1884 οἷά
3558 1848 3646 1895 τις
3671 1833 3846 1896 κοινὸς

571 1927 748 1983 instar
775 1925 1063 1996 cujusdam
1092 1925 1403 1980 communis
1434 1924 1674 1978 hominis
1704 1942 1723 1975 ι
1755 1923 1955 1979 ductus
1984 1933 2069 1979 est
2101 1925 2156 1978 in

572 2004 890 2083 desertum,
934 2026 995 2073 ut
1035 2025 1349 2073 tentaretur
1376 2032 1408 2071 a
1438 2015 1660 2070 diabolo
1682 2057 1698 2083 ,
1731 2023 1786 2071 et
1829 2015 1932 2071 fuit
1965 2017 2019 2071 in
2064 2017 2160 2072 dc-

574 2123 723 2168 serto
765 2110 1130 2183 quadraginta
1179 2111 1298 2168 dies
1339 2118 1393 2165 et
1432 2109 1797 2180 quadraginta
1844 2118 2071 2172 noctes,
2103 2116 2159 2163 et

572 2212 825 2260 tentatus
873 2212 957 2259 est
1009 2220 1037 2256 a
1091 2201 1341 2257 Satana:
1390 2202 1632 2272 fuitque,
1672 2222 1691 2254 ι
1721 2208 1779 2256 ut
1823 2203 2159 2273 evangelista

572 2306 766 2352 auctor
805 2305 924 2361 est,
955 2316 973 2349 ι
1009 2311 1134 2351 cum
1168 2295 1364 2351 bestiis
1394 2295 1463 2350 ³³.
1492 2316 1510 2346 ι
1539 2292 1648 2350 Sed
1678 2311 1799 2365 qua:
1827 2294 2046 2349 tandem
2076 2295 2159 2350 lue

569 2386 760 2442 bestiae
804 2387 912 2441 nisi
959 2402 1099 2456 quas
1145 2393 1547 2439 commemorat
1577 2387 1661 2448 is,
1709 2385 1803 2455 qui
1851 2400 2001 2440 nunc
2046 2392 2159 2439 tra-

568 2487 754 2534 ctatur
788 2480 1035 2549 psalmus
1068 2477 1137 2531 ad
1167 2492 1333 2540 cum,
1367 2476 1461 2548 qui
1494 2477 1549 2531 in
1585 2476 1861 2547 adjutorio
1889 2476 2158 2533 Altissimi

571 2569 803 2635 habitat,
825 2569 916 2624 ubi
939 2569 1015 2624 ait
1043 2588 1056 2624 :
1090 2589 1108 2621 ι
1130 2567 1306 2640 Super
1335 2567 1579 2640 aspidem
1609 2577 1664 2624 et
1691 2570 2009 2626 basiliscum
2041 2585 2158 2623 am-

567 2662 811 2726 bulabis,
833 2670 887 2718 et
919 2662 1282 2717 conculcabis
1311 2662 1524 2717 leonem
1552 2668 1607 2716 et
1628 2661 1957 2718 draconem?
1995 2683 2013 2715 ι
2052 2676 2155 2718 ca:—

567 2759 746 2809 terum
786 2769 894 2809 non
942 2753 1011 2808 ab
1056 2753 1143 2810 his
1191 2752 1369 2808 solum
1403 2752 1695 2808 liberatum
1730 2754 1796 2809 iri
1829 2770 1952 2810 eum
1984 2755 2151 2821 dicit,

567 2844 666 2902 sed
706 2846 875 2900 etiam
920 2845 989 2900 ab
1035 2846 1289 2900 oratione
1333 2844 1674 2901 turbulenta.
1715 2844 1880 2918 434
1919 2847 1986 2901 At
2026 2862 2154 2903 vero

566 2954 688 3010 quae
712 2937 933 2993 tandem
969 2936 1083 2992 haec
1114 2935 1219 2992 fuit
1250 2936 1430 2991 oratio
1452 2977 1467 3003 ,
1498 2937 1606 2991 nisi
1635 2952 1799 3006 quam
1841 2938 1920 2992 illi
1952 2938 2154 3007 objecit

565 3039 829 3094 tentator,
853 3038 914 3085 ut
941 3030 995 3084 in
1019 3044 1181 3087 sacro
1203 3029 1501 3100 Evangelio
1526 3031 1791 3100 scriptum
1816 3037 1902 3085 est
1921 3031 1945 3084 ?
1963 3028 2154 3101 Opera:

566 3134 748 3179 autem
782 3124 1018 3194 pretium
1051 3133 1138 3178 est
1170 3123 1573 3193 contemplari,
1601 3137 1723 3193 quae
1748 3137 1919 3178 causa
1951 3122 2148 3189 fuerit,

2259 1923 2563 1996 ἄνθρωπος,
2612 1942 2630 1974 ι
2672 1923 2881 1995 ἀνήχθη
2933 1926 3013 1988 εἰς
3059 1923 3158 1996 τὴν
3203 1923 3431 1996 ἔρημον,
3478 1924 3845 1996 πειρασθῆναι

2260 2014 2364 2067 ὑπὸ
2396 2012 2490 2066 τοῦ
2516 2012 2784 2077 διαϐόλου,
2807 2014 2902 2066 καὶ
2926 2008 2994 2084 ἦν
3022 2014 3081 2066 ἐν
3102 2015 3170 2084 τῇ
3205 2013 3396 2084 ἐρήμῳ
3427 2013 3845 2085 τεσσαράκοντα

2257 2106 2469 2177 ἡμέρας
2494 2104 2589 2158 καὶ
2619 2105 3032 2176 τεσσαράκοντα
3059 2104 3261 2168 νύκτας
3294 2104 3698 2177 πειραζόμενος
3741 2106 3845 2160 ὑπὸ

2257 2197 2351 2252 τοῦ
2390 2199 2604 2251 Σατανᾶ
2629 2212 2644 2228 ⁸
2677 2198 2773 2252 καὶ
2795 2193 2885 2270 ἦν,
2918 2217 2936 2248 ι
2972 2197 3048 2261 ὡς
3069 2200 3098 2252 ὁ
3127 2196 3512 2270 εὐαγγελιστὴς
3549 2202 3840 2272 μαρτυρεῖ,

2264 2310 2283 2343 ι
2324 2291 2461 2363 μετά
2482 2292 2590 2345 τῶν
2620 2291 2845 2364 θηρίων.
2877 2311 2897 2344 ι
2934 2292 3113 2346 Ποίων
3139 2292 3197 2345 δὲ
3224 2292 3428 2347 τούτων
3460 2293 3494 2365 ἢ
3521 2287 3599 2346 ὧν
3635 2309 3845 2365 μνημο-

2258 2384 2401 2439 νεύει
2445 2387 2474 2438 ό
2510 2384 2650 2456 μετά
2694 2387 2882 2457 χεῖρας
2925 2384 3159 2455 ψαλμδς,
3196 2385 3333 2456 πρὸς
3367 2384 3460 2439 τὸν
3514 2386 3575 2438 έν
3619 2384 3845 2459 βοηθείᾳ

2256 2475 2351 2530 τοῦ
2387 2476 2643 2547 Ὑψίστου
2666 2476 3019 2531 κατοικοῦντα
3048 2476 3222 2545 λέγων
3242 2493 3256 2507 ·
3300 2494 3321 2528 ι
3362 2476 3486 2530 Ἐπὶ
3513 2477 3723 2532 ἀσπίδα
3752 2478 3845 2532 καὶ

2259 2566 2571 2638 βασιλίσκον
2616 2567 2872 2640 έπιϐήσῃ,
2918 2567 3013 2621 καὶ
3055 2571 3464 2639 καταπατήσεις
3509 2566 3704 2623 λέοντα
3752 2570 3844 2624 καὶ

2255 2660 2544 2732 δράκοντα.
2588 2679 2607 2713 ι
2655 2660 2752 2724 Τίς
2782 2659 2827 2713 δ’
2861 2659 2928 2714 ἂν
2966 2659 3052 2733 εἴη
3095 2661 3190 2715 καὶ
3227 2655 3382 2724 οὗτος
3413 2660 3446 2732 ἢ
3481 2660 3655 2734 ὅνπερ
3694 2663 3844 2735 αύτῷ

2256 2748 2570 2826 προύτεινεν
2612 2755 2642 2807 6
2684 2754 2957 2825 πειράζων
3004 2754 3146 2807 κατά
3193 2752 3256 2806 τὸ
3299 2753 3440 2824 ἱερὸν
3472 2753 3839 2823 Εὐαγγέλιονς

2255 2844 2330 2898 Τὸ
2358 2845 2404 2899 δ’
2432 2845 2605 2899 αἴτιον
2625 2844 2720 2898 τοῦ
2749 2845 3104 2915 πειράζεσθαι
3124 2845 3217 2899 τὸν
3245 2844 3563 2916 τηλικοῦτον
3608 2847 3840 2919 Σωτῆρα

2253 2939 2286 3009 ἡ
2297 2936 2413 3009 μῶν
2440 2939 2713 3011 σκοπῆσαι
2745 2937 2914 3004 ἀξιον.
2953 2938 3180 2994 Μέλλων
3220 2937 3282 3004 ἐξ
3320 2939 3629 3015 ἀνθρώπων
3663 2943 3840 2996 πᾶσαν

2255 3031 2409 3085 νόσον
2442 3030 2537 3085 καὶ
2581 3032 2761 3086 πᾶσαν
2808 3020 3099 3102 μαλακίαν,
3132 3032 3203 3085 τά
3239 3049 3299 3086 τε
3332 3032 3657 3104 ἐνοχλοῦντα
3690 3032 3839 3088 πνεύ-

2259 3114 2423 3196 ματα,
2454 3124 2550 3178 καὶ¹
2581 3125 2707 3188 τοὺς
2738 3123 3079 3197 ἀκαθάρτους
3120 3124 3383 3196 δαίμονας
3405 3127 3463 3193 ἐξ
3504 3126 3710 3192 αίῶνος
3742 3145 3843 3199 μα-

563 3224 625 3272 ut
655 3216 908 3272 Salvator
936 3220 1146 3280 noster,
1179 3213 1270 3284 qui
1318 3215 1445 3270 talis
1493 3223 1785 3285 tantusque
1833 3222 1946 3280 est,
1977 3222 2150 3271 tenta-

2253 3217 2385 3289 κροῦ
2416 3217 2523 3271 τῶν
2549 3218 2642 3270 ἐπὶ
2675 3217 2780 3288 γῆς
2806 3216 3024 3271 πάντων
3049 3215 3140 3270 διὰ
3160 3217 3260 3289 τῆς
3287 3216 3549 3272 πολυθέου
3583 3218 3841 3274 δεισιδαι-

565 3309 771 3363 tionem
804 3321 1099 3377 perpessus
1134 3305 1224 3360 sit.
1259 3306 1395 3362 Cum
1427 3306 1591 3377 igitur
1618 3321 1832 3360 omnem
1863 3321 1927 3360 ex
1964 3306 2143 3360 homi-

564 3401 729 3457 nibus
772 3397 1152 3471 aegritudinem
1213 3413 1541 3468 omnemque
1597 3399 1945 3468 languorem.
2006 3397 2146 3454 inle—

566 3500 791 3561 stusque
817 3489 1046 3560 spiritus
1078 3498 1242 3559 atque
1275 3490 1523 3560 impuros
1556 3489 1863 3551 daemonas,
1898 3492 1989 3558 qui
2019 3490 2144 3558 plu-

563 3583 720 3637 rimis
746 3590 872 3636 ante
899 3581 1117 3636 smCulis
1148 3596 1340 3636 omnes
1367 3581 1461 3651 qui
1498 3582 1552 3634 in
1586 3589 1728 3635 terra
1761 3581 2142 3645 versabantur,

566 3690 661 3745 per
705 3689 825 3729 eam
873 3674 1364 3743 superstitionem,
1398 3689 1518 3743 qum
1552 3674 1759 3728 multos
1805 3674 1938 3729 deos
1981 3675 2141 3738 colit,

566 3766 900 3835 subegerunt
919 3805 933 3829 ,
964 3774 1112 3821 esset
1140 3767 1476 3835 expulsurus
1497 3805 1512 3831 ,
1542 3782 1652 3820 non
1681 3782 1749 3820 ex
1776 3765 1963 3821 abdito
1987 3768 2144 3837 quasi

567 3861 797 3916 latitans
830 3862 897 3915 ad
930 3875 994 3914 ea
1025 3875 1145 3931 qua:
1174 3860 1319 3914 dicta
1353 3867 1514 3926 sunt,
1545 3861 1795 3915 accessit.
1823 3859 1928 3915 Sed
1954 3870 2143 3915 contra

565 3954 798 4011 infestos
830 3954 985 4024 prius
1015 3952 1351 4023 eosdemque
1381 3953 1691 4009 invisibiles
1722 3954 2018 4024 principes,
2049 3969 2147 4024 per

564 4062 688 4102 eum
710 4087 725 4111 ,
759 4061 918 4117 quem
950 4046 1249 4115 assumpsit
1279 4045 1577 4109 hominem,
1612 4045 1963 4100 militantium
1994 4060 2147 4101 more

566 4137 879 4209 profectus,
916 4145 972 4192 et
1004 4138 1059 4191 in
1098 4137 1273 4206 ipsius
1305 4137 1511 4191 diaboli
1548 4137 1783 4191 medium
1807 4177 1821 4203 ,
1854 4137 2146 4207 omnisque

567 4229 889 4284 dmmonica:
918 4237 1155 4282 catervae
1188 4243 1554 4300 progressus,
1583 4228 1674 4283 ubi
1705 4243 1872 4298 super
1901 4229 2144 4300 aSpidem

566 4331 621 4377 et
660 4322 981 4377 basiliscum
1017 4321 1350 4385 ambulavit,
1381 4330 1433 4375 ct
1471 4320 1814 4375 canculcavit
1849 4321 2059 4376 leonem
2092 4329 2146 4376 et

566 4412 899 4476 draconem,
954 4412 1240 4481 multoque
1285 4412 1441 4482 prius
1494 4413 1836 4482 regnantium
1894 4412 2148 4467 inimico-

568 4516 721 4568 rum,
748 4514 803 4561 et
824 4506 996 4559 millia
1020 4514 1075 4560 et
1100 4505 1241 4560 dena
1269 4504 1437 4558 millia
1466 4503 1768 4569 subvertit,
1792 4503 2143 4576 principatus

566 4598 824 4654 videlicet
868 4613 934 4652 ac
977 4603 1315 4668 potestates,
1366 4597 1503 4652 alias
1541 4595 1761 4666 quidem
1811 4611 1841 4650 a
1889 4596 2140 4663 dextris,

567 4690 705 4744 alias
733 4704 864 4746 vero
893 4704 922 4743 a
955 4688 1201 4744 sinistris
1234 4687 1535 4751 bellantes,
1582 4690 1823 4759 itemque
1862 4704 1958 4745 eos
1981 4729 1996 4754 ,
2046 4690 2139 4760 qui

565 4783 755 4839 mundi
804 4790 1047 4839 rectores
1093 4781 1289 4835 harum
1341 4780 1691 4836 tenebrarum
1742 4778 2027 4846 dicuntur,
2078 4796 2143 4837 ac

565 4875 874 4948 spiritualia
907 4873 1168 4941 malitiae;
1199 4873 1417 4935 omnia.
1451 4873 1708 4943 inquam,
1744 4872 1859 4928 haec
1883 4914 1899 4939 ,
1930 4873 2025 4929 ubi
2058 4872 2144 4927 ni-

564 4966 642 5021 hil
687 4981 851 5039 posse
888 4964 1209 5035 redarguit,
1256 4975 1323 5016 ac
1366 4963 1604 5036 denique
1649 4964 1831 5034 ipsum
1872 4965 2141 5021 malorum

565 5059 869 5130 principem
897 5059 1175 5114 diabolum
1206 5056 1377 5113 verbo
1402 5057 1519 5113 oris
1549 5059 1635 5113 sui
1665 5058 1856 5129 procul
1884 5057 2142 5119 extrusit,

567 5151 950 5222 pereurritque
983 5161 1149 5221 atque
1180 5150 1574 5214 inambulavit,
1607 5165 1822 5207 omnem
1856 5152 2146 5206 adversan-

564 5252 672 5297 tem
708 5252 1033 5313 potestatem
1057 5285 1074 5310 ,
1107 5259 1173 5299 ac
1203 5244 1445 5313 seipsum
1486 5244 1707 5314 quidem
1743 5243 1898 5298 adire
1924 5258 1989 5299 ac
2027 5250 2145 5299 ten-

560 5340 683 5389 tare
725 5335 1041 5391 volentibus
1088 5334 1373 5397 exhibuit,
1425 5350 1527 5390 nec
1576 5336 1864 5405 quisquam
1916 5335 2141 5389 omnino

565 5424 832 5484 adversus
858 5428 1011 5483 illum
1044 5438 1192 5486 stare
1219 5429 1442 5502 potuit;
1475 5438 1590 5484 tum
1621 5428 1839 5485 demum
1867 5428 1931 5482 ad
1963 5428 2141 5482 homi-

564 5533 696 5574 num
727 5520 957 5576 salutem
983 5524 1237 5579 accessit.
1263 5521 1532 5589 Quocirca
1559 5523 1833 5578 intuentes
1859 5521 2010 5576 illum
2038 5519 2140 5576 dae-

564 5623 757 5667 mones
784 5614 1185 5682 agnoscebant,
1208 5624 1429 5685 propter
1454 5628 1575 5668 eam
1602 5612 1670 5668 de
1691 5627 1798 5684 qua
1823 5611 2030 5666 dictum
2056 5620 2139 5667 est

2251 3306 2440 3379 μονίας
2471 3308 2886 3380 κεκρατηκότας
2914 3307 3181 3375 ἐλαύνειν,
3216 3309 3319 3364 οὐκ
3349 3311 3413 3364 ἐκ
3446 3309 3544 3365 τοῦ
3573 3312 3838 3382 ἀφανοῦς,

2248 3399 2439 3473 ὥσπερ
2491 3401 2990 3473 ἐπικρυπτόμενος,
3037 3402 3130 3454 ἐπὶ
3175 3401 3247 3455 τὰ
3291 3402 3559 3474 εἰρημένα
3614 3401 3838 3476 παρῄει.

2254 3495 2381 3557 Τοῖς
2415 3493 2809 3567 παρενοχλοῦσι
2843 3492 2901 3546 δὲ
2924 3492 3189 3564 πρότερον
3218 3492 3472 3564 ἀοράτοις
3495 3494 3752 3565 ἄρχουσι,
3773 3494 3840 3548 δι’

2246 3581 2307 3641 οὗ
2333 3585 2620 3658 ἀνείληφεν
2646 3584 2936 3657 ἀνθρώπου
2962 3585 3418 3658 ἐπιστρατεύσας,
3448 3586 3542 3640 καὶ
3565 3587 3649 3651 είς
3678 3588 3839 3659 μέσον

2247 3678 2411 3734 αὑτοῦ
2441 3678 2534 3733 τοῦ
2564 3677 2832 3743 διαϐόλου,
2869 3678 2965 3732 καὶ
3009 3678 3212 3742 παντὸς
3249 3678 3345 3733 τοῦ
3376 3679 3697 3750 δαιμονικοῦ
3730 3682 3838 3735 στί-

2247 3789 2383 3842 φους
2432 3768 2737 3843 παρελθὼν,
2783 3769 2978 3835 ἐπιϐάς
3020 3788 3083 3825 τε
3136 3771 3322 3825 ἀσπίδι
3371 3772 3466 3825 καὶ
3512 3770 3833 3844 βασιλίσκω,

2246 3864 2342 3919 καὶ
2391 3864 2787 3935 καταπατήσας
2830 3863 3022 3917 λέοντα
3073 3863 3168 3917 καὶ
3213 3863 3505 3935 δράκοντα,
3558 3865 3655 3920 καὶ
3703 3865 3833 3920 πολὺ

2247 3957 2510 4030 πρότερον
2548 3954 2793 4010 καθελὼν
2834 3954 2942 4008 τῶν
2974 3955 3311 4027 ἀρχοντικῶν
3339 3955 3549 4027 ἐχθρῶν
3588 3955 3833 4025 χιλιάδας

2246 4050 2341 4104 καὶ
2377 4048 2663 4122 μυριάδας,
2694 4047 2795 4113 τὰς
2831 4047 2929 4119 μὲν
2956 4048 3021 4100 ἐκ
3049 4046 3158 4100 τῶν
3180 4046 3390 4114 δεξιῶν,
3420 4048 3521 4112 τὰς
3546 4047 3605 4100 δὲ
3635 4049 3702 4101 ὲκ
3724 4048 3831 4102 τῶν

2246 4141 2542 4213 εὐωνύμων
2583 4139 2947 4212 πολεμούσας,
2987 4139 3160 4210 ἀρχάς
3193 4156 3254 4192 τε
3297 4139 3392 4194 καὶ
3436 4135 3712 4206 ἐξουσίας,
3738 4142 3829 4194 καὶ

2246 4233 2310 4303 δὴ
2364 4233 2459 4288 καὶ
2491 4233 2617 4296 τοὺς
2646 4232 2969 4303 λεγομένους
3002 4230 3449 4304 κοσμοκράτορας
3474 4229 3572 4284 τοῦ
3604 4232 3830 4296 σκότους

2246 4323 2458 4387 τούτου,
2506 4324 2576 4378 τά
2605 4340 2665 4376 τε
2707 4319 3052 4394 πνευματικά
3090 4321 3191 4392 τῆς
3220 4322 3520 4393 πονηρίας·
3560 4322 3742 4378 πάντα
3768 4322 3830 4395 δὴ

2247 4412 2340 4469 οὖν
2383 4414 2553 4468 ταῦτα
2599 4413 2661 4467 τὸ
2701 4413 2870 4485 μηδὲν
2920 4411 3125 4484 ἰσχύειν
3167 4412 3497 4481 ἀπελέγξας,
3539 4412 3638 4466 καὶ
3680 4414 3831 4477 τέλος

2248 4506 2408 4561 αὐτὸν
2439 4507 2530 4560 τὸν
2561 4503 2670 4559 τῶν
2698 4503 2882 4557 κακῶν
2911 4503 3140 4576 ἔξαρχον
3170 4503 3415 4559 διάϐολον
3452 4504 3530 4575 τῷ
3563 4504 3710 4576 λόγῳ
3733 4504 3828 4559 τοῦ

2249 4599 2512 4670 στόματος
2540 4596 2706 4652 αὐτοῦ
2749 4599 2966 4669 μακρὰν
2991 4598 3362 4671 ἀποσοϐήσας,
3395 4597 3619 4653 διελθών
3647 4616 3709 4653 τε
3736 4597 3830 4654 καὶ

2246 4691 2700 4763 ὲμπεριπατήσας
2739 4689 2836 4762 τὴν
2880 4690 3265 4763 ἀντικειμένην
3312 4691 3531 4745 ἃπασαν
3576 4690 3827 4763 δύναμιν,

2245 4782 2341 4867 καὶ
2367 4782 2555 4837 ἑαυτὸν
2585 4783 2684 4854 μὲν
2710 4782 3004 4855 παρασχὼν
3040 4785 3152 4848 τοῖς
3180 4782 3395 4836 θέλουσι
3423 4783 3710 4855 προσιέναι
3735 4785 3827 4838 καὶ

2246 4872 2546 4946 πειράζειν,
2579 4874 2807 4947 μηδενὸς
2840 4875 2897 4928 δὲ
2948 4875 3137 4946 στῆναι
3176 4875 3312 4947 πρὸς
3342 4874 3506 4929 αὐτὸν
3533 4874 3830 4947 δεδυνημέ-

2244 4983 2357 5029 νου,
2381 4964 2554 5030 οὕτως
2581 4966 2674 5020 ἐπὶ
2705 4968 2805 5039 τὴν
2831 4966 2939 5020 τῶν
2964 4966 3267 5041 ἀνθρώπων
3293 4969 3569 5041 σωτηρίαν
3602 4972 3826 5045 παρῄει.

2244 5058 2336 5111 Διὸ
2364 5058 2459 5111 καὶ
2490 5057 2721 5130 ὁρῶντες
2748 5060 2911 5114 αὐτὸν
2942 5060 2992 5114 σί
3023 5059 3277 5132 δαίμονες
3317 5061 3693 5131 ἐπεγίνωσκον
3720 5052 3830 5117 ἀπὸ

2243 5149 2346 5221 τῆς
2373 5150 2810 5223 προδηλωθείσης
2848 5150 2991 5206 κατὰ
3027 5151 3125 5224 τὴν
3154 5151 3361 5224 ἔρημον
3389 5152 3698 5226 διατριϐῆς,
3726 5155 3833 5226 φά-

2245 5257 2467 5307 σκοντες
2512 5242 2697 5314 αὐτῷ’
2742 5261 2760 5293 ι
2793 5243 2858 5295 Τί
2908 5244 3040 5314 ἡμῖν
3090 5242 3184 5297 καί
3218 5260 3322 5312 σοι,
3375 5243 3550 5316 Ἰησοῦ
3588 5246 3688 5300 Υἱὲ
3730 5246 3829 5301 τοῦ

2243 5331 2411 5400 Θεοῦ;
2453 5353 2473 5386 ι
2511 5334 2692 5388 Ταῦτα
2728 5334 2825 5406 μὲν
2851 5330 2944 5388 οῦν
2980 5335 3109 5405 περὶ
3139 5334 3342 5389 τῶνδε’
3376 5335 3446 5390 τὰ
3477 5336 3534 5391 δὲ
3567 5335 3697 5409 ἑξῆς
3731 5337 3829 5392 τοῦ

2242 5423 2456 5497 ψαλμοῦ
2482 5426 2619 5497 πρὸς
2656 5425 2818 5480 αὑτὸν
2849 5424 3275 5500 ἀναπεφώνηται
3304 5428 3395 5482 τὸν
3432 5428 3692 5501 Χριστὸν,
3720 5429 3832 5482 ἀπὸ

2244 5519 2361 5583 τοῦ,
2395 5538 2414 5569 ι
2458 5520 2544 5573 Ἐν
2578 5522 2690 5583 τοῖς
2723 5519 3082 5592 μεταφρένοις
3120 5521 3284 5575 αὑτοῦ
3315 5520 3627 5575 ἐπισκιάσει
3662 5538 3766 5584 σοι,
3804 5539 3824 5572 ι

2245 5612 2487 5683 δηλονότι
2513 5614 2541 5665 6
2570 5611 2851 5682 ⁹”Υψιστος,
2895 5631 2913 5663 ι
2954 5614 3048 5666 καὶ
3081 5610 3186 5667 ὑπὸ
3213 5612 3312 5677 τάς
3350 5612 3631 5686 πτέρυγας
3658 5610 3827 5668 αὐτοῦ

636 5795 682 5827 ⁸³
719 5792 864 5852 Psal.
900 5811 992 5863 xc,
1023 5796 1176 5850 ι-ιδ.
1255 5796 1300 5827 ⁸³
1342 5793 1530 5851 Matth.
1566 5810 1654 5861 iv,
1691 5794 1836 5866 1,2;
1870 5793 2037 5853 Marc.
2064 5810 2121 5860 ι,
2163 5794 2340 5863 19,l3.
