4110 6410
287 345 381 399 ϐΪῚ

1174 338 1832 401 DEMONSTBATIONIS
1866 339 2325 400 EVANGELICAE
2366 343 2494 402 LIB.
2533 344 2626 403 IX.

3430 350 3533 406 678

288 459 488 522 ὲλπιεῖς.
538 456 721 528 Ὅπλῳ
748 454 1021 510 κυκλώσει
1049 473 1108 511 σε
1132 458 1166 529 ή
1196 457 1425 531 ἀλήθεια
1453 461 1618 515 αὐτοῦ
1639 478 1653 492 ·
1689 480 1709 514 ι
1743 462 1832 515 καὶ

1938 459 1994 514 in
2017 458 2239 514 deserto
2261 463 2771 527 commorationem,
2798 478 2923 518 cum
2949 462 3017 519 ad
3039 464 3217 534 ipsum
3241 465 3487 521 dicerent
3513 486 3528 521 :

284 540 556 622 ἐπειδήπερ
596 548 833 621 ἡμέραις
873 549 1289 621 τεσσαράκοντα
1340 552 1435 606 καὶ
1477 555 1601 617 ταῖς
1646 554 1842 608 τοσαύο

282 661 390 709 ταις
430 642 570 708 νυξὶν
611 641 955 713 ἐπειράζετο,
997 644 1121 716 ιτερί¹
1156 643 1259 715 μὲν
1289 644 1400 700 τῶν
1438 646 1583 716 ἀμφὶ
1611 645 1713 710 τὰς
1744 646 1840 699 νύ-

280 751 402 798 κτας
433 732 684 787 ἐπιόντων
724 731 875 803 αὐτῷ
905 731 1187 787 λέλεκται·
1227 753 1245 786 ι
1284 735 1357 787 Οὐ
1404 734 1692 809 φοϐηθήσῃ
1731 736 1841 790 ἀπὸ

281 825 430 898 φόὅου
469 823 813 897 νυκτερινοῦ’
858 843 878 876 ι
912 826 1039 896 περὶ
1069 825 1126 879 δὲ
1163 825 1271 879 τῶν
1306 827 1450 899 ἀμφὶ
1493 827 1595 892 τὰς
1624 829 1841 901 ἡμέρας

280 918 425 974 αὐτὸν
465 917 867 989 πολεμούντων,
909 917 989 982 τὸ,
1040 938 1059 970 ι
1099 920 1230 974 Ἀπὸ
1282 921 1470 991 βέλους
1521 924 1838 995 πετωμένου

279 1010 498 1082 ήμέρας’
536 1028 554 1060 ι
588 1009 683 1063 καὶ
720 1005 878 1073 αὖθις
905 1010 1035 1082 περὶ
1069 1012 1168 1082 μὲν
1192 1012 1302 1065 τῶν
1333 1014 1392 1066 ὲν
1420 1014 1604 1067 νυκτίο
1643 1034 1661 1066 ι
1706 1016 1840 1069 Ἀπὸ

281 1101 580 1173 πράγματος
603 1100 664 1153 ἐν
696 1100 876 1154 σκότει
904 1100 1367 1175 διαπορευομένου
1386 1120 1400 1134 ·
1436 1122 1453 1157 ι
1489 1104 1619 1176 περ).
1646 1104 1702 1158 δὲ
1729 1104 1839 1159 τῶν

275 1193 328 1246 ὲν
343 1192 542 1265 ἡμέρᾳ·
566 1210 586 1243 ι
610 1192 743 1245 Ἀπὸ
769 1191 1174 1265 συμπτώματος
1199 1194 1294 1248 καὶ
1316 1194 1594 1268 δαιμονίου
1624 1214 1764 1269 μεσή
1773 1216 1840 1270 μ-

274 1282 460 1355 ϐρινοῦ.
500 1303 520 1335 ι
572 1279 687 1338 Εἶτ’
734 1284 964 1358 ἐπείπερ
1007 1287 1065 1339 ὲν
1106 1287 1186 1357 τῷ
1239 1286 1522 1360 πειράζειν
1578 1289 1838 1361 δυνάμεις

276 1378 488 1451 πονηραὶ
517 1377 779 1431 ὲκύκλουν
807 1378 989 1443 αὐτὸν,
1019 1380 1113 1433 καὶ
1139 1382 1194 1434 αἰ
1218 1381 1316 1453 μὲν
1347 1381 1417 1435 τὰ
1446 1382 1595 1449 δεξιά
1628 1382 1838 1456 πλευρά

277 1474 498 1542 συνεῖχον
530 1468 718 1533 αὐτοῦ,
757 1470 892 1524 πολὺ
920 1471 978 1525 δὲ
1013 1472 1229 1537 πλείους
1266 1475 1375 1528 τῶν
1408 1476 1730 1548 ἀριστερῶν,
1763 1478 1839 1541 ὡς

280 1562 338 1615 ἂν
365 1561 748 1636 κρατελρώτερα
777 1563 875 1633 μὲν
912 1563 980 1618 τὰ
1009 1563 1179 1631 δεξιὰ.
1213 1567 1437 1632 εἰκότως
1476 1569 1624 1640 αὐτῷ
1658 1568 1838 1623 ἐπιλέ-

275 1671 452 1724 γετιιι⁸
490 1674 509 1708 ι
560 1656 821 1710 Πεσεῖται
868 1657 932 1709 ὲκ
972 1657 1064 1712 τοῦ
1119 1658 1334 1723 κλίτους
1379 1678 1470 1715 σου
1516 1661 1693 1731 χιλιὰς
1745 1664 1838 1716 καὶ

275 1745 454 1820 μυριὰς
485 1747 547 1801 ὲκ
578 1746 772 1815 δεξιῶν
798 1766 894 1803 σου
913 1769 925 1780 ·
961 1750 1096 1822 πρὸς
1122 1752 1181 1805 σὲ
1207 1751 1263 1805 δὲ
1284 1754 1383 1805 οὐκ
1408 1755 1599 1823 ὲγγιεῖ.
1620 1773 1637 1805 ι
1673 1755 1837 1808 «Κλί-

273 1855 386 1903 τους
426 1858 444 1891 ι
481 1840 603 1892 ἀντὶ⁸
625 1838 719 1892 τοῦ
746 1841 1032 1913 ἀριστεροῦ
1057 1842 1467 1914 ὼνομασμένου,
1494 1861 1839 1916 παρασεσιω-

273 1928 493 1999 πημένου
526 1927 586 1983 δὲ
608 1930 832 1995 εἰκότως
853 1931 1236 2005 τοῦςρνόματος
1276 1933 1369 1988 τοῦ
1402 1936 1711 2007 ἀριστεροῦ,
1758 1935 1838 2007 τῷ

264 2023 421 2094 μηδὲν
444 2023 653 2088 σκαιὸν,
690 2024 823 2096 μηδὲ
856 2025 1143 2097 ἀριστερὸν
1182 2025 1531 2097 εὑρίσκεσθαι
1575 2029 1633 2079 ὲν
1664 2027 1832 2098 αὐτῷ.

272 2116 368 2168 Καὶ
397 2116 576 2188 ἐπειδὴ
612 2116 708 2189 ὅλη
739 2116 955 2189 μυριὰς,
993 2117 1127 2188 ὁμοῦ
1157 2117 1214 2171 δὲ
1242 2118 1337 2171 καὶ
1371 2116 1547 2188 χιλιὰς
1572 2118 1635 2171 ἔκ
1659 2136 1718 2172 τε
1740 2118 1835 2173 τοῦ

271 2207 463 2271 κλξτους
496 2207 667 2263 αὐτοῦ
697 2210 794 2263 καὶ
828 2210 936 2263 ἀπὸ
965 2210 1072 2264 τῶν
1110 2209 1298 2275 δεξιῶν
1334 2210 1616 2264 πεσεῖσθαι
1648 2210 1836 2281 λέγον·
1862 2256 1869 2262 .

269 2315 364 2363 ται,
394 2299 621 2365 εἰκότως
655 2301 749 2355 ἐπὶ
783 2300 993 2366 τούτοις
1033 2300 1161 2373 ἑξῆς
1201 2303 1414 2373 εἴρηται
1435 2319 1449 2333 ’
1486 2321 1505 2353 ι
1546 2302 1692 2374 Πλὴν
1722 2307 1837 2367 τοῖς

268 2388 542 2462 ὀφθαλμοῖς
584 2408 685 2445 σου
732 2394 1109 2465 κατανοήσεις,
1143 2394 1236 2448 καὶ
1268 2394 1621 2449 ἀνταπόδοσιν
1665 2396 1840 2467 ἀμαρ-

266 2481 432 2536 τωλῶν
478 2482 625 2553 ὄψει.
675 2503 694 2536 ι
732 2485 842 2538 Καὶ
884 2484 1036 2539 ἔσται
1102 2485 1307 2549 ταῦτα,
1368 2487 1521 2558 φησι,
1602 2486 1731 2559 περὶ
1775 2488 1836 2543 σὲ

256 2572 345 2628 τὸν
376 2574 607 2646 Χριστὸν
632 2576 726 2631 τοῦ
739 2576 895 2642 Θεοῦ,
922 2597 941 2629 ι
967 2578 1263 2650 ἐπειδήπερ
1285 2580 1348 2633 σὺ
1371 2598 1389 2631 ι
1416 2579 1596 2644 αὐτὸς,
1631 2574 1677 2633 ’ὡ
1710 2579 1828 2635 Κύ-

266 2683 358 2738 ριε,
382 2667 438 2732 ὃς
464 2669 757 2740 τυγχάνεις
777 2670 852 2722 ῶν
882 2671 954 2741 ήι
986 2671 1092 2742 ἐμὴ
1128 2670 1300 2734 ἐλπὶς,
1324 2671 1415 2724 τὸν
1439 2671 1699 2742 Ὕψιστον
1713 2672 1836 2726 ἔθου

265 2762 562 2833 καταφυγήν
599 2778 721 2816 σου.
754 2781 771 2813 ι
806 2761 974 2815 Ἔνθα
1007 2765 1101 2817 καὶ
1126 2764 1461 2834 ἐπιστήσεις,
1489 2762 1611 2817 τίνα
1636 2763 1835 2836 τρεπον

250 2847 576 2924 όπροφήτης
631 2852 769 2925 πρὸς
812 2853 974 2907 αὐτὸν
1022 2854 1114 2908 τὸν
1158 2853 1363 2926 Κύριόν
1405 2871 1604 2927 φησιν’
1648 2874 1668 2907 ι
1715 2856 1834 2910 Ὅτι

265 2941 340 3004 σὺ,
366 2943 529 3014 Κύριε
561 2944 731 3007 ἐλπίς
775 2962 899 3017 μου.
935 2945 1026 2999 τὸν
1056 2945 1317 3016 ’Ὕψιστον
1356 2946 1479 3001 ἔθου
1512 2948 1833 3020 καταφυγήν

254 3046 365 3095 πσου,
398 3052 416 3086 ι
452 3033 681 3105 διαιρῶν
712 3033 953 3105 ἀκριϐῶς
982 3034 1168 3107 ἕτερον
1198 3036 1344 3102 ἰδίως
1373 3036 1597 3109 Κύριον,
1625 3039 1719 3092 καὶ
1743 3038 1833 3093 τὸν

262 3123 431 3178 τούτου
456 3126 682 3198 Πατέρα
727 3125 859 3180 Θεὸν
903 3125 1126 3197 ὕψιστον
1146 3144 1161 3158 ’
1195 3127 1274 3182 διὸ
1305 3129 1605 3201 ἐπειδήπερ
1646 3129 1829 3195 αὐτὸν,

252 3217 328 3284 ὡς
365 3220 578 3292 Πατέρα
629 3220 725 3274 καὶ
763 3219 896 3273 Θεὸν
938 3219 1160 3290 ῦψιστον
1209 3221 1532 3292 καταφυγὴν
1576 3220 1770 3275 ἑαυτοῦ
1802 3223 1830 3275 ὁ

261 3310 472 3382 Χριστὸς
497 3312 766 3377 τέθειται,
796 3311 1045 3365 λέλεκται
1070 3310 1220 3383 αὐτῴ
1261 3311 1342 3377 τὸ,
1379 3330 1397 3363 ι
1435 3313 1509 3366 Οὐ
1546 3311 1832 3385 προσελεύ-

256 3419 398 3458 ’σεται
428 3405 562 3477 πρὸς
591 3403 663 3459 σὲ
695 3404 861 3470 κακὰ,
891 3406 985 3459 καὶ
1026 3404 1223 3476 μάστιξ
1250 3405 1351 3458 οὐκ
1377 3406 1553 3475 ἐγγιεῖ
1585 3407 1663 3477 τῷ
1699 3423 1831 3480 σκη-

254 3491 450 3565 νώματί
475 3513 589 3550 σου.
622 3495 745 3548 Ὀτι
769 3497 882 3559 τοῖς
910 3494 1162 3564 ἀγγέλοις
1192 3493 1357 3548 αὑτοῦ
1383 3496 1678 3550 ἐντελεῖται
1702 3498 1830 3570 περὶ

260 3585 364 3651 σοῦ,
394 3586 484 3642 τοῦ
530 3585 863 3657 διαφυλάξαι
915 3604 973 3640 σε
1016 3588 1074 3640 ἐν
1122 3588 1324 3650 πάσαις
1367 3589 1486 3652 ταῖς
1530 3587 1670 3653 ὁδοῖς
1710 3605 1826 3643 σου.

268 3677 379 3733 Ἐπὶ
406 3679 604 3753 χειρῶν
651 3678 843 3751 ἀροῦσί
869 3694 951 3743 σε,
984 3680 1193 3751 μήποτε
1235 3678 1552 3752 προσκόψῃς
1592 3679 1728 3752 πρὸς
1751 3680 1832 3734 λί-

259 3772 339 3828 θον
362 3775 449 3829 τὸν
480 3774 623 3829 πόδα
651 3789 768 3827 σου.
800 3792 820 3824 ι
856 3773 968 3825 Καὶ
995 3770 1270 3841 ἐπιμελῶς
1295 3787 1359 3839 γε
1380 3771 1534 3842 τήρει
1563 3771 1683 3825 τίνα
1710 3772 1829 3844 τρό-

259 3879 347 3917 πον
373 3867 429 3919 ὲν
469 3863 570 3936 τῷ,
624 3882 646 3915 ι
685 3864 808 3916 Ὅτι
845 3861 930 3924 σὺ,
966 3859 1138 3932 Κύριε
1182 3859 1336 3923 ἐλπίς
1381 3877 1507 3931 μου,
1549 3860 1639 3915 τὸν
1669 3862 1829 3932 ’Ὑψι-

260 3972 373 4011 στον
415 3957 536 4012 ἱθου
569 3956 899 4027 καταφυγήν
946 3971 1061 4018 σου,
1094 3972 1113 4005 ι
1141 3953 1233 4014 τὸ,
1266 3972 1283 4005 ι
1316 3953 1509 4025 Κύριε.
1543 3973 1562 4004 ι
1615 3953 1706 4007 διὰ
1731 3952 1826 4008 τοῦ

256 4052 669 4124 πτραγράμμου
724 4049 984 4121 ὀνόματος
1019 4049 1077 4101 ἐν
1127 4045 1204 4117 τῷ
1259 4045 1528 4118 Ἐϐραῖκῴ
1578 4047 1824 4119 φέρεται,

256 4139 380 4216 ὅπερ
422 4142 808 4215 ανεκφώνητον
847 4136 986 4194 εἷναι
1019 4138 1268 4208 λέγοντες
1310 4138 1572 4210 Ἐϐραίων
1613 4140 1823 4205 παῖδες,

256 4237 339 4290 ἐπὶ
365 4237 523 4308 μόνου
550 4235 647 4289 τοῦ
683 4232 821 4288 Θεοῦ
855 4230 1306 4305 παραλαμϐάνειν
1349 4230 1633 4285 εἰώθασινι
1665 4234 1825 4303 ἡμεῖς

255 4327 307 4383 δὲ
333 4330 423 4383 καὶ
448 4330 543 4382 ἐπὶ
570 4331 675 4398 τῆς
705 4325 797 4381 τοῦ
836 4326 1009 4394 Λόγου
1049 4324 1300 4395 θεότητος
1324 4324 1382 4377 ὲν
1402 4321 1680 4388 πλείσταις
1708 4324 1821 4377 κεί-

257 4437 404 4491 μενον
448 4422 701 4493 Γραφαῖς
744 4415 1233 4490 προαπεδείξαμεν,
1267 4415 1458 4485 ὥσπερ
1511 4416 1604 4470 καὶ
1646 4417 1706 4469 ὲν
1747 4415 1825 4487 τῷ

1871 1812 1909 1869 Β

1948 569 1969 603 ι
2001 550 2142 617 Quid
2174 553 2334 608 nobis
2354 561 2408 607 et
2434 553 2530 607 tibi
2558 550 2685 609 Jesu
2710 592 2725 619 ,
2767 554 2871 610 Fili
2905 554 3002 612 Dei
3031 557 3080 589 “
3105 557 3129 610 ἰ
3156 577 3174 609 ι
3206 557 3330 612 Haec
3365 558 3532 629 igitur

1946 643 2015 697 de
2046 642 2134 697 his
2171 642 2320 698 dicta
2365 655 2515 698 sunt.
2549 643 2682 711 Quae
2729 662 2861 702 vero
2907 647 3171 718 deinceps
3217 650 3271 702 in
3317 652 3532 720 psalmo

1945 744 2275 805 sequuntur,
2305 736 2371 791 ad
2399 736 2576 807 ipsum
2605 736 2885 792 Christum
2916 740 3276 794 enuntiantur
3304 757 3371 795 ex
3399 741 3529 799 illo:

1947 846 1968 878 ι
2004 825 2063 881 1n
2116 828 2360 897 scapulis
2412 828 2529 883 suis
2578 829 2931 885 obumbrabit
2980 832 3110 895 tibi,
3158 851 3175 883 ι
3208 831 3529 889 Altissimus

1942 919 2231 984 videlicet,
2265 940 2284 972 ι
2313 928 2368 976 et
2394 922 2499 976 sub
2525 921 2625 976 alis
2654 922 2773 991 ejus
2803 923 3079 992 sperabis,
3109 932 3266 979 scuto
3291 925 3530 979 circum-

1942 1009 2094 1066 dabit
2142 1019 2195 1066 te
2232 1013 2438 1068 veritas
2476 1017 2597 1082 ejus
2621 1054 2636 1077 ,
2672 1034 2690 1066 ι
2713 1024 2766 1070 et
2796 1015 3055 1085 quoniam
3099 1016 3292 1071 diebus
3324 1032 3391 1071 τι.
3423 1033 3526 1072 no-

1942 1102 2238 1173 ctibusque
2270 1103 2496 1159 totidem
2535 1114 2777 1161 tentatus
2812 1116 2929 1173 est,
2962 1108 3031 1162 de
3065 1108 3130 1164 iis
3163 1110 3386 1178 quidem
3427 1111 3520 1180 qui

1940 1203 2107 1249 noctu
2135 1196 2286 1250 illum
2314 1195 2665 1262 invadebant,
2690 1196 2896 1252 dictum
2922 1206 3008 1254 est
3030 1198 3097 1252 ad
3126 1201 3338 1269 ipsum:
3364 1219 3383 1251 ι
3408 1200 3529 1257 Νοιι

1941 1287 2168 1342 timebis
2199 1303 2228 1340 ιι
2259 1287 2456 1342 timore
2489 1296 2760 1343 nocturno
2787 1308 2801 1357 ;
2836 1309 2855 1341 ι
2882 1289 2949 1344 de
2984 1290 3053 1346 iis
3082 1306 3212 1346 vero
3243 1292 3337 1362 qui
3367 1308 3526 1346 eum-

1940 1377 2062 1434 dem
2094 1395 2191 1449 per
2219 1381 2364 1434 diem
2396 1383 2786 1452 oppugnabant
2807 1422 2822 1446 ,
2857 1382 2993 1437 illud
3023 1403 3036 1439 :
3077 1401 3095 1434 ι
3128 1383 3171 1437 Α
3204 1386 3399 1455 sagitta
3432 1400 3529 1440 ro-

1940 1473 2087 1528 lante
2127 1472 2182 1526 in
2218 1473 2307 1528 die
2333 1491 2348 1540 ;
2375 1493 2393 1524 »
2419 1476 2548 1529 item
2590 1475 2659 1530 de
2696 1475 2983 1531 nocturnis
3030 1476 3174 1541 illis,
3221 1476 3355 1531 illud
3385 1497 3397 1532 :
3427 1497 3447 1529 ι
3480 1478 3527 1533 Α

1940 1564 2163 1634 negotio
2189 1566 2610 1636 perambulante
2638 1567 2693 1621 in
2721 1567 2999 1634 tenebris;
3027 1587 3047 1620 ι
3069 1569 3136 1624 de
3158 1568 3371 1625 diurnis
3395 1586 3528 1626 vero

1938 1656 2071 1711 illud
2100 1676 2111 1711 :
2143 1675 2162 1707 ‹
2199 1657 2283 1711 Ab
2316 1659 2539 1714 incursu
2572 1670 2625 1714 et
2651 1659 2921 1714 daemonio
2951 1661 3279 1717 meridiano.
3317 1683 3334 1714 ι
3361 1662 3525 1735 435

1938 1748 2019 1802 Ad
2064 1749 2200 1815 haec,
2240 1752 2499 1821 quoniam
2538 1751 2667 1805 dum
2707 1751 3045 1818 tentabatur,
3081 1753 3335 1824 maligna:
3371 1762 3528 1825 potes

1940 1847 2110 1899 states
2138 1844 2287 1898 illum
2315 1844 2781 1908 circumstabant,
2806 1853 2860 1899 et
2887 1861 3007 1916 quae
3032 1845 3249 1916 quidem
3278 1848 3426 1903 illius
3454 1849 3525 1903 la-

1938 1940 2029 1990 tus
2053 1935 2306 1990 dextrum
2335 1936 2633 2004 stipabant,
2657 1936 2899 1991 sinistris
2924 1937 3095 1989 multo
3120 1937 3304 2005 plures
3329 1946 3487 1992 erant
3504 1977 3521 2005 ,

1938 2034 2126 2097 utpote
2171 2044 2295 2083 cum
2341 2028 2534 2084 dextra
2578 2030 2735 2100 longe
2788 2030 2897 2083 sint
2936 2013 3272 2090 valentiora.
3323 2031 3524 2086 merito

1937 2118 2256 2190 adjungitur
2270 2119 2339 2174 ad
2368 2119 2621 2174 eumdem
2646 2138 2658 2173 :
2686 2138 2703 2171 ι
2733 2117 2942 2174 Cadent
2969 2134 2997 2173 a
3029 2119 3199 2175 latere
3227 2126 3321 2174 tuo
3350 2121 3519 2185 mille,

1938 2218 1994 2266 et
2025 2210 2213 2265 decem
2245 2210 2414 2265 millia
2447 2224 2477 2263 a
2508 2209 2717 2266 dextris
2743 2210 2852 2265 tuis
2876 2251 2891 2276 ,
2915 2211 2980 2265 ad
3008 2218 3059 2266 te
3081 2219 3262 2267 autem
3287 2227 3395 2266 non
3426 2228 3524 2283 ap-

1937 2301 2350 2372 propinquabit.
2376 2320 2395 2354 ι
2421 2299 2526 2356 Ubi
2569 2319 2588 2352 ι
2614 2316 2645 2355 a
2689 2301 2859 2356 latere
2890 2321 2909 2354 ι
2939 2302 3148 2357 dictum
3190 2311 3297 2370 est,
3329 2319 3429 2373 pro
3455 2319 3523 2359 eo

1936 2390 2083 2461 qttod
2106 2397 2187 2445 est
2218 2405 2249 2443 a
2277 2390 2526 2447 sinistro.
2556 2391 2696 2446 Cum
2728 2402 2909 2446 autem
2936 2407 3136 2447 nomen
3163 2392 3379 2448 sinistri
3407 2409 3522 2448 me-

1934 2484 2045 2539 rito
2070 2482 2505 2554 praetermissum
2538 2484 2611 2538 sit
2642 2497 2708 2538 ac
2734 2485 2998 2550 tacitum,
3025 2499 3094 2539 ne
3125 2484 3341 2540 adversi
3368 2485 3525 2553 quid-

1935 2575 2080 2646 piam
2113 2582 2209 2630 aut
2245 2575 2459 2631 sinistri
2498 2576 2552 2630 in
2586 2576 2680 2631 illo
2713 2576 2940 2647 reperiri
2975 2577 3251 2639 videatur.
3284 2592 3523 2650 cumque

1936 2674 2051 2721 tota
2082 2665 2272 2723 decem
2302 2667 2472 2722 millia
2493 2706 2508 2730 ,
2538 2682 2753 2722 necnon
2784 2669 2902 2738 ipsa
2933 2668 3114 2733 mille,
3148 2676 3267 2724 tum
3293 2683 3325 2725 ει
3351 2668 3521 2726 latere

1933 2760 2057 2827 ejus
2076 2798 2091 2823 ,
2120 2765 2235 2812 tum
2263 2774 2293 2813 a
2319 2759 2531 2814 dextris
2557 2773 2756 2815 casura
2779 2776 2905 2817 esse
2930 2760 3210 2828 dicantur,
3236 2761 3362 2831 jure
3384 2762 3523 2833 opti-

1934 2864 2026 2904 mo
2066 2856 2189 2920 post
2218 2849 2339 2921 ipsa
2370 2850 2486 2905 hazc
2512 2850 2774 2920 deinceps
2808 2851 3013 2906 dictum
3047 2861 3131 2908 est
3165 2852 3299 2908 illud
3327 2872 3340 2908 :
3367 2872 3387 2906 ι
3415 2851 3521 2910 Ve-

1934 2950 2243 2998 rumtamen
2283 2944 2459 2999 oculis
2496 2943 2607 3000 tuis
2649 2944 3062 3008 considerabis,
3113 2952 3169 3001 et
3202 2945 3521 3001 retributio-

1937 3049 2059 3090 nem
2093 3045 2443 3105 peccatorum
2476 3034 2713 3091 videbis.
2741 3054 2760 3087 ι
2788 3034 2854 3089 Ει
2882 3036 2998 3091 haec
3019 3076 3035 3102 ,
3063 3036 3281 3107 inquit,
3309 3030 3519 3093 circum

1936 3133 1991 3183 te
2016 3132 2210 3191 erunt,
2242 3126 2339 3196 qui
2366 3142 2427 3182 es
2453 3125 2713 3184 Christus
2740 3127 2871 3192 Dei,
2902 3149 2919 3180 ε
2945 3129 3207 3199 quoniam
3234 3136 3292 3184 tu
3316 3150 3335 3181 ι
3359 3129 3478 3199 ipse
3499 3169 3516 3193 ,

1938 3220 2033 3285 qui
2082 3235 2142 3275 es
2180 3238 2198 3270 ι
2231 3234 2359 3290 spes
2408 3234 2561 3284 mea,
2596 3220 2942 3275 Altissimum
2976 3220 3208 3291 posuisti
3247 3220 3517 3292 refugium

1939 3320 2114 3367 tuum.
2146 3309 2294 3366 ιυιιί
2350 3312 2517 3366 etiam
2573 3311 2865 3383 diligenter
2910 3313 3233 3368 ubst-nabis
3279 3328 3517 3383 quonam

1936 3412 2097 3475 pacto
2129 3404 2395 3475 propheta
2436 3402 2504 3459 ad
2548 3405 2728 3475 ipsum
2778 3403 3067 3459 Dominum
3099 3405 3286 3460 dicat:
3319 3423 3338 3459 ι
3370 3405 3521 3472 Quo-

1938 3498 2080 3551 niam
2101 3502 2159 3549 tu
2215 3494 2602 3565 Domine,spes
2639 3511 2778 3563 mea,
2805 3496 3146 3551 Altissimum
3174 3499 3401 3566 posuisti
3429 3512 3521 3553 re-

1937 3586 2147 3660 fugium
2181 3596 2374 3645 tuum:
2411 3606 2429 3639 ι
2466 3587 2555 3642 ubi
2586 3588 2859 3657 exquisite
2895 3589 3128 3644 alterum
3151 3629 3166 3652 ,
3200 3589 3293 3659 qui
3335 3589 3520 3659 priva-

1934 3684 2033 3737 tim
2068 3688 2155 3737 est
2183 3680 2482 3744 Dominus,
2518 3680 2587 3735 ab
2617 3683 2790 3736 altero
2823 3681 3113 3752 distinguit
3146 3684 3239 3765 qui
3271 3690 3326 3738 et
3353 3682 3519 3753 hujus

1936 3775 2111 3846 ipsius
2142 3782 2228 3829 est
2262 3772 2454 3838 Pater,
2484 3783 2538 3829 et
2568 3782 2832 3845 praetcrea
2859 3773 2998 3830 Deus
3040 3775 3344 3831 altissimus
3382 3776 3520 3831 dici~

1936 3877 2063 3923 tur:
2117 3876 2473 3939 quapropter,
2523 3884 2647 3924 cum
2698 3868 2849 3922 illum
2901 3877 2964 3922 ut
3026 3866 3288 3931 Patrem,
3348 3881 3518 3940 utque

1936 3960 2104 4015 Deum
2146 3960 2476 4015 altissimum
2503 3999 2519 4024 ,
2562 3959 2832 4029 refugium
2879 3976 3078 4023 suum,
3116 3959 3371 4015 Christus
3413 3977 3517 4032 ρο-

1935 4050 2141 4116 suerit,
2177 4051 2385 4106 dictum
2425 4057 2511 4106 est
2549 4054 2599 4106 ei
2647 4050 2780 4105 illud
2811 4070 2823 4105 :
2853 4069 2871 4101 ι
2899 4049 3019 4104 Νοιι
3052 4051 3315 4106 accedent
3354 4050 3423 4105 ad
3461 4058 3516 4106 te

1934 4141 2075 4195 mala
2097 4180 2111 4201 ,
2141 4146 2195 4193 et
2223 4138 2497 4209 ﬂagellum
2528 4154 2636 4193 non
2666 4139 3129 4209 appropinquabit
3158 4140 3516 4196 tabernaculo

1933 4240 2048 4286 tuo.
2083 4231 2353 4298 Quoniam
2388 4231 2597 4301 angelis
2629 4231 2745 4285 suis
2776 4230 3058 4286 mandabit
3085 4231 3155 4287 de
3183 4240 3268 4295 te,
3310 4238 3371 4286 ut
3416 4247 3515 4287 cu-

1933 4324 2172 4380 stodiant
2206 4330 2258 4378 te
2289 4324 2343 4377 in
2372 4323 2629 4377 omnibus
2655 4323 2758 4376 riis
2785 4322 2913 4377 tuis.
2948 4321 3003 4376 In
3034 4324 3288 4378 manibus
3318 4331 3507 4395 porta-

1929 4416 2068 4470 bunt
2090 4422 2174 4480 te,
2197 4430 2267 4470 ne
2290 4414 2432 4468 forte
2453 4412 2700 4468 offendas
2723 4411 2791 4467 ad
2816 4412 3048 4484 lapidem
3076 4415 3267 4485 pedem
3294 4424 3469 4469 tuum.
3485 4434 3504 4468 ι

258 4512 385 4583 μετά
418 4515 610 4586 χεῖρας
656 4508 877 4581 ψαλμῷ,
912 4509 971 4573 ὃς
1015 4525 1179 4579 φησιν
1207 4508 1288 4572 εἰς
1333 4507 1621 4580 πρόσωπον
1659 4506 1824 4561 αὑτοῦ

1935 4506 1998 4561 Et
2027 4523 2162 4564 sane
2191 4509 2483 4579 diligenter
2517 4507 2752 4563 observa
2783 4522 3020 4578 quonam
3053 4508 3218 4562 modo
3238 4549 3253 4570 ,
3287 4510 3343 4571 in
3376 4509 3506 4565 illo:

252 4606 335 4661 τοῦ
370 4606 616 4679 Κυρίου·
660 4622 681 4656 ι
723 4603 843 4657 Ὀτι
876 4601 962 4666 σὺ,
993 4600 1165 4671 Κύριε
1192 4598 1345 4664 ἐλπίς
1388 4616 1511 4671 μου,
1544 4600 1635 4653 τὸν
1670 4599 1830 4670 ’Ὑψι-

254 4714 367 4753 στον
396 4699 520 4754 ἔθου
565 4698 894 4768 καταῳυγήν
925 4713 1018 4750 σου
1041 4712 1053 4725 ·
1100 4714 1119 4746 ι
1152 4695 1435 4766 μονονουχὶ
1461 4694 1665 4764 λέγων’
1705 4695 1827 4749 ’Ότι

250 4791 313 4844 σὺ
349 4793 528 4856 αὐτὸς,
559 4785 609 4845 ὧ
642 4789 837 4863 Κύριε,
869 4788 929 4853 ὃς
963 4785 1097 4859 ἐμοῦ
1123 4785 1219 4839 τοῦ
1261 4785 1436 4840 ταῦτα
1467 4784 1830 4858 προφητεύον-

251 4899 333 4947 τος
356 4885 511 4949 ὲλπὶς
539 4883 620 4938 ὢν
650 4882 957 4954 τυγχάνεις,
990 4878 1214 4952 μείζονα
1249 4878 1446 4933 σαυτοῦ
1467 4879 1560 4933 τὸν
1583 4879 1715 4932 Θεὸν
1734 4876 1827 4931 τὸν

250 4973 461 5044 ῦψιστον
492 4975 656 5039 εἰδὼς
702 4976 928 5059 ἐκεῖνον,
968 4970 1130 5026 αὑτὸν
1175 4969 1298 5023 ἔθου
1336 4970 1656 5040 καταφυγήν
1698 4985 1823 5022 σουο

249 5064 361 5121 ὅθεν
399 5068 496 5123 καί
526 5069 588 5122 ὲν
635 5067 777 5139 ἀρχῇ
816 5064 1032 5132 ἐλέγετο
1061 5060 1157 5116 τοῦ
1187 5060 1403 5132 ψαλμοῦ
1438 5062 1564 5133 περὶ
1600 5060 1695 5115 τοῦ
1732 5062 1826 5115 αὐ-

249 5158 366 5211 τοῦ’
416 5180 434 5214 ι
472 5161 535 5215 '0
582 5157 856 5214 κατοικῶν
921 5158 980 5210 ὲν
1030 5153 1252 5227 βοηθείᾳ
1293 5152 1388 5207 τοῦ
1428 5153 1706 5224 Ὑψίστου,
1763 5155 1823 5207 ὲν

462 5251 562 5307 τοῦ
609 5251 747 5306 Θεοῦ
796 5248 1027 5323 οὐρανοῦ
1073 5246 1481 5318 αὑλισθήσεται.
1544 5247 1691 5318 Ἐρεῖ
1742 5244 1822 5317 τῷ

247 5346 457 5417 Κυρίῳ·
504 5345 885 5417 ’Δντιλήπτωρ
928 5359 1029 5415 μου
1059 5336 1109 5395 εἰ
1156 5342 1252 5394 καὶ
1285 5341 1573 5411 καταφυγή
1625 5356 1749 5411 μου,
1794 5340 1825 5392 ό

246 5438 369 5503 θεὸς
403 5455 529 5510 μου,
565 5436 760 5509 βοηθός
794 5454 918 5508 μου,
949 5436 1045 5489 καὶ
1078 5430 1249 5486 ὲλπιῶ
1274 5432 1365 5485 ἐπ’
1389 5431 1571 5486 αὐτόν.
1604 5430 1821 5504 Ἐπειδὴ

245 5532 414 5586 τοίνυν
462 5534 554 5597 σὺ,
593 5524 644 5585 ὦ
676 5530 867 5603 Κύριε,
907 5529 997 5583 τὸν
1033 5527 1297 5598 Ὕψιστον
1340 5526 1462 5581 ἔθου
1499 5524 1822 5596 καταφυγήν

249 5640 357 5688 σου,
384 5645 406 5677 ι
425 5625 624 5680 τούτου
655 5626 811 5693 γάριν
841 5621 1047 5687 αὑτὸςὸ
1073 5620 1357 5691 Ὕψιστος,
1379 5620 1566 5693 onem
1593 5617 1819 5699 ῥύσεταί

308 5802 357 5837 ⁸⁸
382 5806 582 5862 nauli.
624 5822 753 5871 νιιι,
786 5807 852 5864 29

1935 4620 1953 4652 ι
1985 4600 2252 4666 Quoniam
2286 4610 2363 4667 tu,
2398 4599 2627 4655 Domine
2684 4615 2812 4669 spes
2842 4614 2984 4662 mea,
3037 4597 3377 4655 Altissimum
3412 4617 3510 4671 pu-

1932 4689 2093 4746 suisti
2131 4689 2404 4760 refugium
2447 4697 2624 4757 tuum;
2655 4710 2673 4741 ι
2704 4688 2839 4744 illud
2873 4708 2886 4743 :
2920 4708 2936 4738 ι
2970 4686 3229 4751 Domine,
3260 4707 3279 4739 ι
3316 4703 3414 4758 per
3455 4689 3509 4744 id

1929 4799 2129 4839 nomen
2162 4782 2307 4854 quod
2339 4792 2577 4854 quatuor
2612 4782 2809 4837 litteris
2845 4788 3096 4843 constat,
3138 4780 3193 4834 in
3235 4778 3508 4835 Hebraico

1931 4877 2197 4944 scriptum
2233 4875 2335 4942 sit,
2376 4875 2524 4946 quod
2556 4890 2681 4929 cum
2724 4872 3121 4929 inenuntiabile
3158 4887 3283 4927 esse
3322 4872 3510 4927 dicant

1929 4966 2165 5030 Hebraei,
2200 4982 2301 5038 pro
2332 4968 2450 5023 solo
2484 4966 2592 5023 Deo
2622 4975 2676 5023 et
2706 4964 2869 5021 Patre
2899 4979 3167 5035 usurpare
3195 4980 3502 5021 consueve-

1926 5067 2094 5128 runt;
2136 5075 2238 5116 nos
2274 5066 2458 5114 autem
2502 5058 2645 5114 idem
2687 5071 2884 5112 nomen
2927 5054 3021 5109 ubi
3062 5056 3130 5110 de
3166 5052 3329 5111 Verbi
3370 5071 3509 5127 quo-

1926 5168 2035 5224 que
2086 5151 2377 5208 divinitate
2431 5152 2631 5222 agitur,
2688 5148 2745 5204 in
2795 5147 3051 5219 plurimis
3099 5148 3336 5218 positum
3383 5164 3508 5204 esse

1928 5244 2236 5317 Scripturis
2276 5250 2438 5298 antea
2478 5240 2981 5297 demonstravimus
3008 5280 3024 5305 ,
3067 5247 3128 5293 ut
3167 5239 3298 5294 item
3336 5238 3390 5293 in
3439 5255 3505 5295 eo

1926 5338 2141 5408 psalmo
2175 5337 2268 5409 qui
2303 5351 2454 5393 nunc
2486 5335 2540 5389 in
2577 5334 2841 5389 manibus
2869 5342 2988 5399 est,
3022 5333 3117 5404 qui
3158 5332 3236 5387 ait
3260 5333 3331 5416 'in
3377 5349 3503 5406 per.

1927 5445 2120 5485 sonam
2175 5427 2352 5500 ipsius
2405 5426 2624 5482 Domini
2693 5444 2760 5482 ιι
2795 5425 3068 5493 Quoniam
3116 5432 3218 5491 tu,
3272 5423 3523 5486 Domine.

1923 5536 2054 5593 spes
2100 5536 2243 5584 mea,
2286 5518 2627 5575 Altissimum
2667 5516 2899 5589 posuisti
2937 5517 3209 5590 refugium
3248 5524 3442 5585 tuum,
3477 5536 3499 5573 ι

1923 5623 2188 5687 tanquam
2222 5613 2269 5672 si
2304 5613 2512 5670 diceret
2539 5632 2553 5668 :
2587 5610 2859 5680 Quoniam
2890 5619 2948 5669 tu
2981 5613 3132 5683 ipse,
3162 5628 3198 5667 ο
3230 5611 3462 5671 Domine
3484 5653 3500 5679 ,

2397 5752 2427 5805 ἐν
