4110 6410
659 333 762 388 679

1275 325 1548 385 EUSEBH
1583 326 2065 388 CESARIENSIS
2100 329 2254 388 OPP.
2299 328 2498 385 PARS.
2531 326 2595 383 Il.
2631 357 2701 369 -—
2739 323 3240 392 APOLOGETICA.

3773 328 3859 386 680

656 443 753 514 qui
792 456 913 498 mea
951 457 1078 513 spes
1109 456 1170 498 es
1203 441 1505 498 divinantis
1536 443 1685 511 haec;
1718 444 1872 498 illum
1907 460 1938 499 a
1969 459 2080 516 quo
2111 445 2224 516 ipse

2332 463 2391 499 σε
2430 446 2495 499 ἐκ
2524 443 2761 513 παγίδος
2784 441 3067 514 θηρευτῶν
3094 443 3189 496 καὶ
3219 441 3328 495 ἀπὸ
3352 441 3506 510 λόγου
3535 443 3857 516 ταραχώδους,

656 549 717 590 es
783 531 951 590 Deum
1011 533 1344 592 altissimum
1398 533 1587 601 nosti,
1626 541 1683 590 et
1721 534 1871 590 hunc
1910 535 2090 606 ipsum
2138 552 2237 605 po-

657 626 818 682 suisti
857 625 1131 697 refugium
1173 634 1370 694 tuum,
1409 643 1474 681 ex
1511 642 1622 696 quo
1659 627 1824 683 etiam
1866 628 1923 682 in
1963 628 2236 699 principio

656 717 854 787 psalmi
883 715 954 770 de
988 717 1180 774 eodem
1211 717 1542 778 dicebatur:
1573 736 1592 769 ι
1616 715 1719 783 Qui
1750 718 1964 772 habitat
1995 719 2052 774 in
2081 720 2237 788 adju-

656 809 802 864 torio
831 807 1100 864 Altissimi
1125 848 1139 872 ,
1174 809 1598 878 inprotectione
1630 807 1727 864 Dei
1758 811 1882 865 caeli
1921 825 2234 868 commora-

654 897 1020 972 bitur._ﬁ.36
1051 899 1204 954 Dicet
1239 898 1506 964 Domino,
1547 908 1836 969 susceptor
1869 917 2026 958 meus
2054 918 2150 972 es,
2179 912 2234 959 et

653 992 928 1064 refugium
980 1007 1198 1056 meum,
1253 991 1397 1049 Deus
1443 1008 1640 1057 meus,
1690 993 1911 1063 adjutor
1946 1010 2137 1059 meus,
2181 1004 2235 1052 et

654 1086 890 1156 sperabo
932 1087 986 1140 in
1027 1101 1194 1140 eum:
1240 1087 1501 1156 quoniam
1553 1086 1723 1158 igitur
1761 1094 1852 1153 tu,
1891 1103 1925 1144 ο
1967 1087 2229 1154 Domine,

651 1179 998 1236 Altissimum
1033 1179 1267 1248 posuisti
1310 1179 1578 1249 refugium
1617 1186 1808 1244 tuum,
1838 1200 1857 1233 ›
1884 1180 2110 1246 idcirco,
2147 1181 2233 1237 in-

651 1271 810 1341 quit,
845 1271 962 1341 ipse
991 1269 1318 1328 Altissimus
1345 1290 1364 1323 ι
1392 1271 1646 1326 liberabit
1679 1279 1733 1326 te
1771 1287 1802 1325 a
1841 1273 2036 1343 laqueo
2065 1289 2233 1330 vena-

650 1371 832 1418 torum
881 1370 935 1418 et
985 1363 1056 1417 ab
1103 1363 1353 1419 oratione
1397 1365 1751 1430 turbulenta,
1789 1373 1844 1421 et
1884 1367 1940 1420 in
1986 1366 2232 1436 scapulis

651 1457 767 1511 suis
798 1455 1148 1518 obumbrabit
1184 1457 1303 1513 tibi.
1338 1476 1356 1508 ι
1385 1456 1735 1529 QuaprOpter
1765 1474 1891 1517 cum
1925 1458 2022 1513 tali
2061 1457 2231 1515 fultus

650 1548 730 1605 sis
769 1557 998 1620 paterno
1029 1549 1306 1610 Altissimi
1337 1551 1544 1607 auxilio
1566 1592 1580 1616 ,
1615 1571 1633 1604 ι
1665 1567 1775 1607 non
1821 1551 2042 1607 timebis
2084 1566 2116 1605 a
2160 1553 2232 1606 ti-

649 1657 804 1697 more
834 1651 1132 1707 nocturno,
1155 1662 1173 1695 ι
1203 1659 1383 1714 neque
1415 1645 1643 1700 omnino
1676 1662 1704 1699 a
1739 1627 1996 1717 quopiam
2036 1661 2228 1701 eorum

648 1750 770 1804 qua:
800 1735 1057 1805 praedicta
1095 1744 1254 1802 sunt,
1287 1752 1351 1792 ac
1380 1753 1448 1792 ne
1477 1737 1547 1792 ab
1579 1739 1646 1793 iis
1675 1737 1895 1809 quidem
1923 1753 2044 1807 quae
2073 1737 2230 1793 deino

2337 539 2430 592 ml.
2463 540 2519 591 ἐν
2541 539 2650 600 τοῖς
2681 535 3036 607 μεταφρένοις
3062 532 3227 586 αὐτοῦ
3261 532 3562 594 ἐπισκιάσει
3589 551 3682 588 σοι.
3722 554 3737 587 ι
3763 539 3859 590 Διό-

2336 647 2442 702 περ
2469 628 2566 700 τὴν
2595 628 2848 698 τοιαύτην
2882 626 3020 697 ἔχων
3053 625 3324 699 πατρικὴν
3357 623 3447 678 τοῦ
3484 626 3718 695 Ὑψίστου
3759 627 3861 700 βοή-

2337 721 2504 784 θειαν,
2537 721 2598 773 οὐ
2633 719 2914 791 φοϐηθήσῃ
2950 717 3056 772 ἀπὸ
3088 717 3253 794 φόϐου
3280 715 3604 788 νυκτερινοῦ,
3636 716 3746 771 οὔτε
3773 719 3861 772 ἀπό

2333 829 2479 875 τινος
2510 811 2617 864 τῶν
2643 808 3207 882 προκατειλεγμένων,
3241 807 3374 862 ἀλλὰ
3404 808 3524 862 ούδέ
3549 811 3610 862 ἐκ
3634 809 3730 864 τῶν
3757 811 3859 883 ἑξῆς

2335 905 2777 978 ἐπιφερομένων
2837 921 2856 954 ι
2911 902 3062 956 Ἐπεὶ
3114 921 3133 954 ›
3184 901 3293 974 γάρ
3354 920 3372 952 ι
3420 902 3519 966 σὺ,
3568 902 3744 974 Κύριε,
3787 905 3858 959 τὸν

2337 997 2600 1067 Ὕψιστον
2633 996 2755 1050 ἔθου
2805 995 3127 1066 καταφυγήν
3173 1012 3287 1058 σου,
3320 994 3409 1049 διὰ
3447 993 3599 1048 τοῦτο
3638 997 3695 1047 ού
3723 1013 3859 1068 προσ-

2333 1093 2612 1148 ελεύσεται
2638 1093 2775 1166 πρὸς
2816 1110 2878 1146 σε
2911 1093 3080 1158 κακά,
3116 1092 3211 1145 καὶ
3253 1089 3450 1162 μάστιξ
3489 1091 3586 1145 οὐκ
3623 1091 3859 1163 ἐγγιεῖτῷ

2336 1182 2655 1256 σκηνώματί
2701 1199 2815 1236 σου.
2862 1201 2880 1233 ι
2926 1182 3216 1249 Μάστιγας
3259 1180 3316 1234 δέ
3358 1181 3456 1244 τὰς
3497 1179 3601 1233 ἀπὸ
3631 1181 3858 1250 δαιμόνων

2332 1275 2615 1348 ἐνεργείας
2651 1275 2743 1332 καὶ
2775 1276 2832 1328 ἐν
2869 1276 2984 1338 τοῖς
3007 1272 3380 1342 ,Εύαγγελίοις
3408 1272 3785 1344 ὀνομαζομένας
3807 1272 3858 1327 ἂν

2332 1365 2533 1438 εὕροις,
2583 1365 2651 1430 ἃς
2694 1365 2818 1419 ούδέ
2865 1363 3186 1438 πλησιάζειν
3237 1363 3440 1436 τολμᾷν
3485 1363 3562 1435 τῷ
3590 1363 3858 1436 σκηνώματι

2329 1458 2424 1513 τοῦ
2473 1457 2730 1530 Χριστοῦ,
2771 1457 3015 1518 τουτέστι
3062 1457 3139 1528 τῷ
3183 1455 3394 1528 σώματι
3441 1456 3621 1521 αὐτοῦ,
3668 1457 3858 1520 δυνατὰς

2330 1549 2471 1607 εἷναί
2505 1569 2657 1623 φησι.
2693 1551 2818 1616 Πῶς
2849 1551 2979 1623 γάρ,
3013 1551 3101 1605 ὅτε
3149 1550 3292 1621 λόγῳ
3328 1551 3488 1621 μόνον
3525 1550 3687 1614 αὑτὰς
3711 1550 3761 1617 ἐξ
3788 1551 3860 1604 ἀν-

2332 1645 2565 1718 θρώπων
2597 1647 2799 1718 ἦλασες
2832 1644 2968 1716 Περὶ
2998 1644 3185 1700 τούτου
3221 1645 3278 1698 δὲ
3301 1643 3394 1699 τοῦ
3426 1643 3759 1715 σκηνώματκ
3787 1643 3860 1697 καὶ

2329 1745 2358 1798 ὁ
2408 1739 2572 1794 Δαϐίδ
2615 1756 2745 1792 ποτε
2801 1758 2819 1790 ι
2861 1737 3042 1809 ὤμοσε
3089 1739 3166 1810 τῷ
3214 1738 3424 1811 Κυρίῳ,
3463 1739 3555 1793 ml.
3587 1737 3770 1810 ηὔξατο
3801 1737 3861 1808 τῷ

647 1842 778 1898 ceps
818 1827 1134 1882 adduntur:
1179 1844 1304 1883 nam
1350 1848 1369 1882 ι
1402 1831 1661 1898 quoniam
1693 1805 1798 1896 tu,
1839 1805 2089 1896 Domine,
2132 1831 2224 1885 Al-

2328 1829 2447 1900 Θεῷ
2486 1829 2702 1893 Ἰακὼϐ,
2733 1849 2750 1881 i
2800 1805 2999 1898 λέγων’
3043 1849 3062 1881 ι
3098 1805 3160 1883 Eii
3199 1805 3544 1902 ἀναϐήσομαι
3587 1805 3674 1883 ἐπὶ
3707 1805 3862 1896 κλίνης

645 1920 926 1976 tissimum
975 1921 1210 1991 posuisti
1256 1921 1528 1992 refugium
1573 1932 1724 1978 tuum
1748 1963 1763 1987 ,
1789 1943 1808 1976 ι
1834 1922 2044 1978 idcirco
2073 1942 2091 1974 ι
2116 1938 2224 1977 non

646 2014 910 2072 accedent
956 2015 1025 2069 ad
1061 2021 1116 2070 te
1158 2015 1303 2070 mala
1326 2055 1340 2078 ,
1372 2024 1426 2071 et
1473 2014 1747 2086 ﬂagellum
1779 2031 1891 2072 non
1931 2015 2228 2085 appropin-

645 2108 836 2180 quabit
879 2109 1234 2164 tabernaculo
1266 2116 1381 2163 tuo.
1416 2127 1433 2157 ›
1463 2107 1701 2179 Flagella
1743 2124 1912 2178 porro
1951 2107 2226 2164 eilicaoias

647 2201 894 2272 ipsorum
927 2201 1238 2256 daemonum
1282 2201 1448 2256 etiam
1500 2201 1554 2254 in
1579 2201 1911 2273 Evangeliis
1949 2200 2227 2256 nominari
2265 2252 2268 2254 γ

643 2293 1059 2366 deprehendes,
1090 2310 1229 2365 quas
1271 2309 1339 2349 ne
1381 2293 1827 2364 appropinquare
1864 2295 2086 2364 quidem
2129 2308 2228 2347 au-

643 2388 775 2443 dere
828 2387 1055 2442 idoneas
1093 2402 1219 2442 esse
1299 2385 1375 2439 ait
1425 2386 1784 2441 tabernaculo
1832 2385 2074 2449 Christi,
2121 2386 2227 2440 hoc

642 2485 728 2532 cst
757 2478 976 2548 corpori
1009 2476 1298 2546 ejus..Qui
1328 2476 1473 2531 enim
1519 2475 1575 2531 id
1614 2477 1959 2546 potuissent,
2005 2475 2226 2547 quando

645 2573 764 2628 solo
802 2572 972 2626 verbo
1013 2586 1108 2626 eas
1145 2586 1214 2624 ex
1257 2569 1577 2634 hominibus
1623 2571 1965 2640 expellebat?
2010 2570 2079 2625 de
2121 2570 2225 2624 hoc

643 2673 824 2721 autem
860 2665 1246 2727 tabernaculo,
1278 2663 1445 2717 etiam
1487 2660 1658 2716 David
1687 2663 1926 2732 quodam
1971 2662 2028 2716 in
2070 2663 2222 2726 loco,

647 2757 1230 2828 «juravitDominmet
1259 2765 1443 2810 votum
1471 2755 1620 2808 vovit
1656 2753 1764 2808 Deo
1789 2752 1960 2808 Jacob
1990 2754 2096 2816 ⁸⁸.»
2137 2753 2224 2808 his

640 2851 824 2908 verbis
851 2869 865 2906 :
894 2869 912 2901 ‹
940 2847 996 2904 Si
1031 2847 1422 2918 ascenderoin
1455 2849 1654 2901 lectum
1691 2847 1848 2900 strati
1880 2847 1984 2901 mei
2005 2885 2020 2910 ,
2052 2846 2098 2902 si
2128 2847 2226 2901 de-

641 2945 773 2998 dero
803 2956 1057 2997 somnum
1089 2939 1268 2995 oculis
1297 2938 1466 3003 meis,
1513 2944 1566 2992 et
1598 2935 1875 3007 palpebris
1916 2937 2052 2991 meis
2095 2936 2224 2991 dor-

642 3035 1013 3093 mitationem,
1061 3038 1116 3086 et
1157 3028 1402 3099 requiem
1452 3026 1794 3096 temporibus
1835 3024 2011 3088 meis,
2045 3023 2222 3080 donec

618 3126 912 3182 .inveniam
951 3126 1130 3178 locum
1188 3121 1452 3184 Domino,
1504 3117 1920 3174 tabernaculum
1970 3116 2082 3173 Deo
2132 3118 2288 3211 Ja-C

637 3219 743 3274 cob
765 3219 834 3273 ⁸⁸.
858 3237 876 3269 ι
898 3215 1077 3285 Hujus
1107 3214 1274 3284 igitur
1306 3210 1652 3266 tabernaculi
1686 3225 1853 3264 causa
1890 3211 2215 3267 dicebatur:

646 3330 664 3361 σ
698 3308 1064 3367 Nontimebis
1093 3322 1124 3360 a
1155 3306 1355 3360 timore
1382 3310 1681 3367 nocturno,
1711 3323 1729 3354 ι
1756 3309 1812 3356 et
1842 3302 1976 3357 illud
2007 3322 2020 3358 :
2051 3322 2069 3355 ι
2097 3301 2220 3374 Ipse

642 3403 900 3458 liberabit
932 3409 986 3455 te
1019 3399 1088 3455 de
1134 3401 1332 3468 laqueo
1391 3404 1750 3460 venatorum,
1786 3404 1841 3452 et
1870 3397 1939 3450 ab
1971 3397 2220 3452 oratione

639 3497 1009 3558 turbulenta.)
1027 3502 1084 3551 et
1114 3493 1247 3548 illud
1273 3513 1288 3548 :
1315 3511 1334 3544 ι
1366 3491 1488 3546 Non
1516 3491 1781 3546 accedent
1797 3492 1863 3546 ad
1894 3501 1947 3545 te
1975 3493 2138 3557 mala,
2165 3501 2222 3548 et

635 3589 910 3661 flagellum
940 3603 1048 3646 nou
1081 3584 1546 3657 appropinquabit
1575 3583 1936 3638 tabernaculo
1964 3592 2059 3639 tuo
2081 3626 2096 3650 ,
2127 3604 2145 3636 ι
2165 3592 2220 3641 et

633 3697 980 3755 quaecunque
1021 3679 1090 3735 ad
1133 3679 1414 3734 hominem
1459 3677 1635 3748 magis
1679 3676 1983 3746 spectantia
2015 3675 2083 3730 de
2125 3678 2219 3733 illo

634 3777 782 3832 dicta
814 3783 978 3839 sunt,
1013 3772 1157 3829 sicut
1186 3772 1350 3827 etiam
1395 3769 1530 3824 illud
1558 3789 1570 3824 :
1597 3769 1865 3839 «Angelis
1906 3768 2023 3824 suis
2063 3785 2219 3825 man-

632 3869 787 3925 dabit
828 3867 898 3924 de
921 3875 994 3921 [te
1015 3905 1031 3929 ,
1074 3872 1136 3920 ut
1175 3862 1491 3920 custodiant
1521 3868 1610 3925 te,
1645 3870 1738 3916 iet
1769 3861 1903 3917 illud
1927 3882 1939 3917 :
1965 3882 1984 3915 ι
2011 3862 2070 3916 ln
2102 3877 2220 3916 ma-

636 3960 801 4015 nibus
847 3957 1151 4030 portabunt
1192 3964 1279 4018 te,
1325 3970 1395 4009 ne
1436 3953 1578 4008 forte
1606 3952 1852 4010 oll‘endas
1880 3955 1948 4009 ad
1983 3954 2216 4025 lapidem

635 4052 826 4124 pedem
857 4061 1035 4105 tuum.
1067 4068 1084 4100 ι
1108 4047 1264 4102 Talia
1290 4046 1434 4102 enim
1468 4045 1536 4100 ad
1563 4043 1734 4101 Deum
1779 4046 1888 4101 dici
1935 4061 2216 4118 nunquam

634 4144 951 4200 conveniet:
986 4150 1042 4195 at
1062 4156 1194 4196 vero
1223 4140 1292 4194 ad
1318 4139 1898 4208 tabernaculumejus,
1925 4140 2068 4209 quod
2097 4155 2220 4211 pro-

635 4246 756 4310 pter
791 4252 894 4292 nos
934 4233 1282 4305 assumpsit,
1323 4247 1437 4310 quo
1474 4239 1721 4304 tempore
1753 4253 1770 4285 ι
1808 4232 2045 4288 Verbum
2085 4248 2216 4288 caro

2330 1925 2620 1997 στρωμνῆς
2660 1941 2781 1995 μου,
2817 1924 2866 1976 εἰ
2899 1921 3054 1977 δώσω
3092 1923 3258 1977 ὕπνον
3295 1927 3408 1986 τοῖς
3449 1922 3732 1994 ὀφθαλμοῖς
3762 1939 3858 1993 μου,

2327 2017 2422 2070 ml.
2453 2019 2566 2081 τοῖς
2614 2016 2904 2088 βλεφάροις
2939 2034 3042 2087 μου
3087 2017 3417 2086 νυσταγμὸν,
3466 2017 3559 2076 καὶ
3602 2016 3861 2071 ἀνάπαυσιν

2325 2112 2436 2173 τοῖς
2483 2108 2775 2180 κροτάφοις
2812 2125 2936 2179 μου,
2973 2108 3078 2171 ἕως
3110 2101 3171 2161 οῦ
3211 2107 3356 2179 εῦρω
3387 2108 3553 2164 τόπον
3575 2105 3860 2179 τῷΚυρίρλ

2328 2204 2592 2274 σκήνωμα
2623 2201 2697 2272 τῷ
2749 2199 2869 2271 Θεῴ
2913 2200 3178 2256 Ἰακώϐ.,ι
3231 2200 3342 2254 Καὶ
3381 2200 3574 2257 τούτου
3625 2217 3685 2268 γε
3729 2199 3860 2252 ἓνεκα

2325 2296 2419 2350 τοῦ
2456 2295 2809 2367 σκηνώματος
2843 2295 3090 2364 ἐλέγετο·
3129 2314 3147 2346 ι
3181 2296 3255 2349 Οὐ
3285 2294 3570 2368 φοϐηθήσῃ
3605 2295 3706 2348 ἀπὸ
3729 2293 3860 2362 φόϐου

2325 2389 2663 2462 νυκτερινοῦ,
2708 2409 2726 2441 ›
2760 2392 2853 2443 καὶ
2886 2389 2966 2455 τὸ,
3011 2407 3031 2441 ‹
3067 2388 3241 2452 Αὐτὸς
3280 2387 3507 2458 ῥύσεταί
3543 2405 3601 2441 σε
3627 2391 3686 2441 ἐκ
3727 2386 3860 2454 παγί-

2323 2481 2412 2545 δος
2437 2481 2716 2552 θηρευτῶν
2750 2482 2846 2535 καὶ
2888 2481 2996 2535 ἀπὸ
3026 2482 3186 2551 λόγου
3209 2481 3582 2553 ταραχώδους,
3627 2501 3645 2532 ι
3683 2481 3764 2534 ml.
3794 2479 3860 2540 τὸ,

2331 2591 2349 2624 ι
2381 2575 2454 2627 υύ
2492 2574 2907 2646 προσελεύσεται
2941 2573 3078 2645 πρὸς
3119 2573 3179 2626 σέ
3225 2573 3391 2638 κακὰ,
3436 2576 3532 2629 καὶ
3565 2572 3746 2646 μάστιξ
3784 2572 3861 2624 οὐκ

2324 2668 2498 2734 ἐγγιεῖ
2528 2665 2606 2737 τῷ
2637 2665 2952 2737 σκηνώματί
2977 2683 3094 2730 σου,
3139 2685 3156 2717 ι
3195 2667 3290 2721 καὶ
3313 2668 3413 2720 ὅσα
3447 2664 3862 2738 ἀνθρωπινώτερσ

2323 2759 2450 2831 περὶ
2479 2758 2642 2812 αὑτοῦ
2673 2758 2955 2812 λέλεκται·
2981 2757 3055 2821 ὡς
3085 2758 3182 2812 ml.
3206 2758 3288 2822 τὸ,
3329 2776 3348 2810 ι
3375 2759 3505 2821 Τοῖς
3519 2758 3760 2827 ἀγγέλοις
3783 2753 3859 2807 αύ-

2320 2849 2415 2902 τοῦ
2465 2851 2758 2905 ἐντελεῖται
2797 2849 2926 2921 περὶ
2971 2850 3086 2914 σοῦ,
3126 2849 3220 2903 τοῦ
3254 2850 3581 2920 διαφυλάξαι
3615 2867 3700 2903 σε·
3733 2868 3748 2900 ι
3787 2845 3862 2900 καὶ

2321 2941 2400 3006 τὸ,
2437 2961 2455 2994 ι
2496 2944 2618 2997 Ἐπὶ
2650 2943 2846 3015 χειρῶν
2870 2940 3064 3014 ἀροῦσί
3098 2959 3156 2994 σε
3187 2942 3394 3013 μήποτε
3429 2942 3735 3015 προσκόψῃς
3753 2937 3860 3009 πρὸς

2321 3032 2465 3088 λίθον
2497 3035 2587 3089 τὸν
2622 3035 2756 3088 πόδα
2804 3051 2918 3087 σου.
2954 3052 2972 3083 ι
3013 3032 3200 3087 Ταῦτα
3231 3032 3340 3104 γὰρ
3385 3033 3491 3088 οὐκ
3535 3032 3600 3087 ἂν
3641 3032 3712 3096 ὡς
3753 3029 3862 3101 πρὸς

2321 3127 2454 3182 Θεὸν
2481 3127 2733 3197 λέγεσθαι
2759 3128 3012 3200 άρμόσοι,
3049 3127 3184 3198 πρὸς
3210 3127 3267 3181 δέ
3299 3127 3360 3181 τὸ
3406 3127 3671 3198 σκήνωμα
3707 3120 3860 3182 αὑτοῦ.

2321 3220 2457 3291 ὅπερ
2478 3220 2546 3273 δι’
2579 3221 2725 3291 ἡμᾶς
2749 3219 3058 3291 ἀνείληφεν,
3084 3220 3172 3272 ὅτε
3209 3237 3226 3268 ι
3253 3220 3281 3272 6
3304 3218 3484 3286 Λόγος
3508 3216 3640 3288 σάρξ
3667 3216 3862 3286 ἐγένετο,

2321 3313 2417 3366 ml.
2453 3314 2762 3383 ἐσκήνωσεν
2805 3314 2863 3366 ὲν
2886 3313 3040 3383 ἡμῖν.
3081 3331 3099 3363 ι
3136 3312 3296 3364 Δοκεῖ
3325 3308 3381 3362 δέ
3419 3327 3514 3380 μοι
3548 3307 3720 3370 καλῶς
3748 3306 3863 3375 ἔχειν

2321 3402 2460 3474 ὑπὲρ
2506 3399 2770 3472 ἀκριϐοῦς
2811 3398 3155 3470 βεϐαιώσεως
3192 3398 3301 3452 τῶν
3329 3393 3641 3471 εἰρημένων
3665 3396 3749 3451 ml.
3783 3392 3862 3456 τὰς

2320 3495 2428 3549 τῶν
2477 3493 2679 3548 λοιπῶν
2725 3492 3078 3565 ἐρμηνευτῶν
3124 3491 3453 3564 παραθεῖναι
3505 3491 3713 3561 φωνάς’
3755 3480 3864 3542 ὧνὸ

2322 3585 2421 3657 μὲν
2467 3584 2696 3648 Ἀκύλας
2727 3584 2901 3648 οὕτως
2949 3583 3183 3655 ἔφησενο
3237 3601 3256 3635 ι
3312 3584 3435 3637 ’Ότι
3479 3584 3567 3650 σὺ,
3600 3581 3761 3654 Κύριε
3797 3578 3866 3633 ὲλ-

2319 3676 2411 3741 πίς
2447 3694 2572 3748 μου,
2611 3676 2874 3746 Ὕψιστον
2905 3675 3108 3748 ἔθηκας
3151 3676 3470 3748 οίκητήριόν
3521 3694 3635 3731 σου.
3667 3675 3736 3729 Οὐ
3765 3687 3866 3744 μετ-

2317 3769 2617 3842 αχθήσεται
2640 3769 2779 3841 πρὸς
2803 3769 2862 3824 σέ
2879 3767 3048 3834 κακὰ,
3073 3768 3168 3822 καὶ
3187 3768 3300 3840 ἁφὴ
3319 3769 3422 3822 οὐκ
3454 3770 3630 3838 ἐγγιεῖ
3648 3769 3701 3820 ἐν
3717 3765 3864 3835 σκέπῃ

2321 3879 2416 3916 σου
2446 3880 2460 3893 ·
2514 3863 2598 3917 ὅτι
2638 3861 2892 3930 ἀγγέλοις
2935 3859 3103 3914 αὑτοῦ
3154 3859 3476 3928 ἐντελεῖται,
3525 3859 3620 3914 τοῦ
3666 3855 3863 3928 φυλάξαι

2320 3970 2380 4008 σε
2415 3956 2474 4008 ἐν
2514 3953 2716 4017 πάσαις
2742 3955 2863 4016 ταῖς
2891 3951 3030 4015 ὁδοῖς
3069 3968 3162 4004 σου
3181 3968 3196 3983 ο
3235 3970 3255 4004 ι
3288 3952 3316 4005 6
3344 3952 3402 4006 δέ
3433 3953 3726 4025 Σύμμαχος
3747 3967 3761 3983 ·
3781 3947 3862 4005 «Σὺ

2317 4045 2447 4119 γὰρ,
2467 4046 2661 4118 Κύριε,
2682 4045 2882 4115 άφοϐία
2901 4062 3025 4117 μου,
3047 4043 3274 4115 ύψίστην
3286 4043 3408 4098 ἔθου
3433 4045 3538 4117 τὴν
3557 4045 3757 4118 οἴκησίν
3769 4060 3862 4096 σου.

2319 4139 2392 4192 Οὐ
2427 4136 2743 4207 κατισχύσει
2772 4152 2866 4188 σου
2897 4135 3088 4198 κακὸν,
3124 4134 3247 4188 ούδέ
3269 4133 3387 4206 ,ἁφὴ
3416 4136 3598 4205 ἐγγιεῖ
3625 4139 3688 4207 τῇ
3723 4132 3863 4203 σκηνῇ

2319 4244 2446 4281 σουο
2493 4231 2575 4282 ὃτι
2615 4231 2729 4290 τοῖς
2759 4227 3011 4297 ἀγγέλοις
3057 4225 3222 4279 αὑτοῦ
3267 4226 3567 4284 ἐντελεῖται
3618 4227 3740 4299 περὶ
3769 4222 3862 4283 σοῦ.

636 4305 840 4386 factum
883 4339 1002 4396 est,
1051 4336 1107 4382 et
1155 4305 1424 4380 habitavit
1468 4325 1525 4378 in
1554 4326 1716 4380 nobis
1749 4326 1819 4392 ⁸⁷,
1848 4344 1866 4378 ι
1891 4326 2208 4381 conveniet.

2316 4320 2408 4394 τοῦ
2457 4320 2780 4390 διαφυλάξαι
2826 4336 2885 4373 σε
2931 4321 2990 4373 ἐν
3035 4320 3237 4383 πάσαις
3294 4319 3456 4385 ὁδοῖς.
3496 4341 3516 4374 ι
3571 4319 3767 4376 Οὐκοῦν
3795 4314 3865 4371 διὰ

632 4423 907 4479 Caeterum
929 4436 1044 4475 non
1063 4419 1162 4474 abs
1185 4433 1245 4474 re
1269 4417 1401 4472 mihi
1419 4416 1641 4487 quidem
1658 4417 1884 4471 videbor
1913 4416 2113 4480 facere,
2140 4416 2210 4480 si,

2316 4414 2517 4469 τούτων
2566 4413 2747 4468 αὐτῶν
2778 4413 2856 4484 τῷ
2882 4413 3072 4485 Κυρίῳ
3122 4415 3370 4468 λέλεκται
3411 4416 3492 4480 ὡς
3538 4415 3667 4488 περὶ
3709 4415 3864 4484 ἑτέρον

633 4531 745 4588 quo
763 4513 1093 4586 exquisitius
1115 4527 1180 4566 ac
1197 4511 1452 4566 stabilius
1472 4525 1535 4565 ea
1557 4525 1680 4580 qua:
1699 4509 1847 4565 dicta
1868 4516 1996 4564 sunt
2017 4508 2214 4564 conﬁr-

2320 4507 2562 4580 μείζονος
2608 4508 2690 4571 τὸ,
2743 4526 2761 4558 ι
2795 4508 2919 4571 Τοῖς
2952 4508 3203 4577 ἀγγέλοις
3240 4508 3406 4564 αὑτοῦ
3447 4511 3734 4566 ἐντελεῖται
3761 4506 3866 4578 περὶ

633 4617 873 4674 mentur,
896 4605 1235 4676 reliquorum
1268 4618 1489 4674 quoque
1522 4603 1886 4671 interpretum
1915 4601 2216 4658 sententias

2316 4601 2432 4663 σοῦ,
2463 4599 2555 4654 τοῦ
2584 4599 2968 4671 διαφυλάσσειν
3004 4617 3061 4653 σε
3091 4603 3148 4654 ἐν
3179 4601 3382 4666 πάσαις
3414 4606 3539 4667 ταῖς
3571 4603 3725 4667 ὁδοῖς.
3768 4598 3863 4654 Ἐπὶ

631 4703 1013 4771 editionesque
1034 4699 1138 4754 hoc
1161 4698 1282 4752 loco
1309 4710 1566 4767 posuero,
1591 4709 1825 4765 quorum
1853 4711 1998 4750 unus
2022 4692 2217 4764 Aquila

2316 4693 2511 4765 χειρῶν
2555 4693 2746 4766 ἀροῦσί
2788 4711 2870 4758 σε,
2915 4691 3112 4763 δηλαδὴ
3155 4692 3217 4747 σὲ
3255 4693 3348 4748 τὸν
3390 4695 3633 4767 Κύριον,
3687 4693 3865 4762 μήποτε
3949 4755 3957 4770 ⁸

632 4789 688 4851 in
717 4794 864 4850 hunc
905 4791 1129 4847 modum
1169 4787 1408 4845 reddidit
1435 4806 1450 4844 :
1476 4806 1494 4838 ι
1525 4786 1796 4853 Quoniam
1823 4796 1880 4842 tu
1904 4826 1919 4851 ,
1949 4785 2181 4842 Domine
2200 4827 2214 4849 ,

631 4902 758 4958 spes
795 4901 937 4949 mea,
985 4883 1328 4940 Altissimum
1371 4880 1602 4952 posuisti
1643 4880 2011 4935 habitaculum
2036 4887 2211 4934 tuum.

628 4979 748 5036 Non
778 4978 1140 5034 traducentur
1175 4975 1244 5030 ad
1275 4982 1329 5030 te
1359 4973 1502 5028 mala
1532 5013 1546 5036 ,
1577 4981 1631 5028 et
1660 4981 1844 5027 tactus
1877 4987 1988 5027 non
2019 4986 2212 5042 appro-

630 5073 992 5146 pinquabitin
1025 5069 1368 5142 protectione
1403 5067 1810 5138 tuazquoniam
1847 5066 2058 5134 angelis
2091 5065 2209 5120 suis

629 5159 950 5228 mandavit,
985 5173 1045 5219 ut
1077 5162 1393 5217 custodiant
1433 5169 1485 5215 te
1515 5160 1571 5213 in
1602 5158 1862 5214 omnibus
1891 5158 1996 5212 viis
2027 5159 2203 5213 tuis-»

631 5255 739 5313 Sed
772 5256 1157 5329 Symmachus,
1183 5274 1200 5306 ι
1226 5253 1308 5308 Tu
1343 5255 1513 5316 enim,
1553 5249 2211 5322 inquit,Domine,secuo

628 5351 766 5406 ritas
799 5364 919 5404 mea
941 5388 955 5412 ,
984 5348 1310 5402 altissimam
1347 5343 1580 5416 posuisti
1609 5341 2002 5396 habitationem
2029 5347 2203 5394 tuam.

626 5441 788 5516 437
821 5439 940 5494 Non
993 5441 1288 5494 invalescet
1327 5437 1615 5492 adversum
1651 5443 1704 5489 te
1758 5434 1985 5494 malum.
2026 5447 2209 5502 neque

627 5543 809 5589 tactus
861 5531 1323 5603 apprOpinquabit
1359 5529 1597 5586 tentorio
1621 5534 1717 5582 tuo
1757 5545 1770 5581 :
1809 5526 2072 5596 quoniam
2107 5540 2208 5579 an-

627 5628 764 5701 gelis
791 5626 910 5692 suis
954 5623 1235 5679 mandabit
1263 5625 1331 5679 de
1374 5631 1446 5688 te.
1474 5632 1534 5678 ut
1565 5620 1876 5677 custodiant
1923 5625 1978 5675 te
2010 5619 2209 5676 inom-

703 5815 750 5848 ³³
788 5811 938 5868 Psal.
969 5825 1170 5875 exui,
1202 5809 1258 5868 2.
1334 5813 1380 5844 ⁸⁸
1419 5811 1548 5868 ibid.
1581 5810 1702 5868 55.
1781 5812 1825 5844 ⁸⁷
1862 5809 2020 5868 Joan.
2062 5823 2110 5875 ι,
2149 5807 2235 5864 Η.

2316 4785 2379 4838 σὺ
2418 4787 2447 4838 6
2475 4783 2681 4856 Κύριος
2729 4785 3046 4860 προσκόψῃς
3086 4787 3223 4858 πρὸς
3254 4786 3404 4840 λίθον
3437 4787 3532 4842 τὸν
3565 4788 3698 4844 πόδα
3723 4802 3821 4839 σου.
3846 4809 3862 4832 ι

2307 4880 2552 4944 Ταύταις
2569 4880 2626 4934 δέ
2649 4880 2741 4933 ml.
2763 4882 2791 4933 6
2812 4879 3054 4943 διάϐολος
3075 4882 3194 4944 ταῖς
3217 4879 3426 4945 λέξεσιν
3449 4881 3510 4933 ἐν
3537 4880 3617 4951 τῷ
3645 4878 3771 4934 κατὰ
3789 4872 3864 4928 τοῦ

2309 4973 2463 5043 Σωτῆ
2472 4990 2562 5045 ρος
2583 4971 2740 5044 ἡμῶν
2760 4971 3053 5045 πειρασμῷ
3078 4971 3502 5056 κέχρηταιδὸτε,
3530 4994 3547 5025 ι
3563 4968 3866 5045 Παραλαϐὼν

2307 5067 2469 5120 αὐτὸν
2518 5069 2598 5130 εἰς
2626 5067 2724 5137 τὴν
2767 5066 2929 5135 ἁγίαν
2980 5066 3154 5128 πόλιν,
3208 5065 3435 5138 ἔστησεν
3487 5067 3654 5120 αὑτὸν
3703 5066 3784 5118 ἐπὶ
3819 5059 3867 5113 τὸ

2305 5158 2598 5230 πτερύγιον
2623 5157 2718 5212 τοῦ
2747 5158 2915 5231 ἱεροῦ,
2943 5158 3037 5212 ml.
3064 5154 3218 5212 εἶπεν
3250 5158 3419 5230 αὐτῷ·
3456 5160 3523 5212 Εἰ
3559 5159 3690 5222 Υἱὸς
3719 5153 3764 5210 εἷ
3792 5151 3867 5208 τοῦ

2304 5251 2462 5318 Θεοῦ,
2496 5250 2625 5322 βάλε
2660 5251 2885 5306 σεαυτὸν
2921 5249 3172 5305 ἐντεῦθεν
3215 5251 3386 5305 κάτω.
3413 5251 3730 5323 Γέγραπται
3761 5248 3866 5316 γὰρ.

2315 5343 2398 5395 ὅτι
2439 5345 2552 5406 τοῖς
2599 5341 2854 5412 ἀγγέλοις
2885 5342 3052 5396 αὑτοῦ
3105 5343 3398 5398 ἐντελεῖται
3450 5346 3584 5418 περὶ
3620 5343 3744 5408 σοῦ,
3794 5339 3870 5392 καὶ

2315 5435 2408 5487 iml.
2433 5434 2628 5506 χειρῶν
2653 5433 2846 5506 ἀροῦσί
2873 5451 2956 5498 σε,
3000 5436 3213 5507 μήποτε
3239 5436 3556 5509 προσκόψῃς
3591 5435 3724 5508 πρὸς
3747 5431 3870 5485 λίθον

2313 5527 2406 5588 τὸν
2443 5527 2580 5581 πόδα
2617 5544 2733 5582 σου.
2771 5527 2917 5599 Πρὸς
2965 5527 3026 5582 ὃν
3068 5531 3098 5581 6
3124 5529 3328 5601 Κύριος
3377 5529 3538 5601 ἡμῶν
3568 5522 3870 5598 ἀποκριθεὶς

2316 5617 2438 5674 εἷπε
2461 5639 2473 5652 ο
2547 5619 2855 5689 Γέγραπται
2877 5637 2889 5650 ο
2960 5621 3075 5674 Οὐκ
3137 5620 3486 5693 ἐκπειράσεις
3540 5621 3744 5692 Κύριον
3792 5612 3870 5668 τὸν
