4106 6420
293 387 408 442 68!

1225 385 1882 446 DEMONSTRATIONIS
1923 384 2386 447 EVANGELICE
2427 386 2558 448 LIB.
2595 386 2684 449 IX.

3463 392 3573 449 632

292 505 439 559 θεόν
470 523 583 559 υυυ.
622 525 640 558 ι
696 512 791 558 latr
847 505 970 559 ἐπεὶ
1020 507 1078 558 ὲν
1125 503 1206 575 τῷ
1249 505 1543 577 πειρασμῷ
1593 505 1731 575 μετὰ
1785 504 1882 559 τῶι

1997 505 2158 562 nibus
2185 505 2308 561 viis.
2351 524 2368 557 ι
2401 503 2570 577 lgitur
2603 511 2756 564 hisce
2802 506 2935 580 ipsis
2983 507 3322 571 auctoribus.
3366 510 3433 565 ad
3466 507 3574 566 Do-

291 601 542 677 Θηρίων,
573 602 718 657 κατὰ
751 601 842 655 τὸν
875 598 1287 672 εὐαγγελιστὴν,
1335 599 1593 670 διέτριϐε,
1633 599 1804 652 ποίων
1835 599 1894 653 δὲ

293 695 407 749 οὐκ
454 695 906 766 ἀναγέγραπται,
963 691 1296 763 σαφέστερον
1344 689 1504 744 τοῦτο
1543 688 1678 743 αὐτὸ
1717 691 1752 760 ἡ
1795 687 1891 742 τοῦ

225 847 236 854 ,
291 786 524 860 ψαλμοῦ
558 793 862 860 προφητεία
903 788 972 840 τά
1005 786 1120 856 εἴδη
1152 784 1262 838 τῶν
1294 783 1500 856 θηρίων
1543 783 1890 856 αἰνιττομένη

295 884 508 954 φησίν⁹
553 901 572 934 ι
614 883 737 935 Ἐπὶ
769 881 972 936 ἀσπίδα
1001 879 1097 932 καὶ
1144 876 1454 948 βασιλίσκον
1493 875 1762 946 ὲπιόήσῃ,
1797 871 1893 928 καὶ

295 977 718 1048 καταπατήσας
771 974 961 1028 λέοντα
1010 973 1105 1026 καὶ
1149 970 1437 1043 δράκοντα.
1482 988 1502 1022 ι
1565 968 1738 1031 Αὐτὸς
1793 964 1892 1039 μὲν

293 1063 400 1122 οὖν
440 1070 505 1122 τὰ
546 1066 897 1141 ἀρχικώτατα
949 1064 1058 1118 τῶν
1097 1063 1303 1135 νοητῶν
1331 1061 1534 1132 Θηρίων
1563 1060 1753 1114 λέοντα
1799 1060 1893 1114 καὶ

290 1160 598 1230 δράκοντα,
631 1157 832 1214 ἀσπίδα
867 1159 961 1212 καὶ
1001 1155 1334 1229 βασιλίσκον,
1365 1155 1528 1209 αὑτὸν
1567 1151 1767 1224 δηλαδὴ
1798 1153 1892 1206 τὸν

290 1252 574 1317 διάϐολον,
605 1254 698 1307 καὶ
723 1251 824 1317 τὰς
851 1249 1145 1322 μετάὺτοῦ
1173 1248 1500 1323 άρχοντικὰς
1522 1247 1616 1302 καὶ
1647 1245 1893 1318 πονηράς

291 1343 566 1414 δυνάμεις
606 1345 1017 1414 καταπατήσειν
1060 1338 1512 1412 μεμαρτύρηταιο
1559 1337 1671 1399 τοῖς
1710 1335 1766 1389 δὲ
1792 1334 1891 1406 τὴν

291 1437 499 1506 ὁμοίαν
525 1435 722 1507 ἀρετὴν
752 1433 901 1504 αὐτῷ
927 1432 1284 1504 κεκτημένοις
1313 1429 1582 1501 μαθηταῖς
1619 1429 1714 1481 καὶ
1753 1429 1890 1481 dm-

297 1529 520 1592 στόλοις
553 1529 716 1582 αὐτοῦ
751 1529 850 1599 τὴν
881 1522 1128 1590 ἐξουσίαν
1159 1523 1323 1586 αὐτὸς
1349 1521 1446 1576 τοῦ
1476 1523 1666 1574 πατεῖν
1707 1521 1891 1574 ἐπάνω

294 1621 483 1691 δερεων
546 1623 639 1675 καὶ
702 1620 978 1690 σκορπίων
1025 1617 1311 1689 δωρεῖται,
1368 1615 1468 1669 οὐκ
1529 1613 1635 1668 ἐῶν
1695 1613 1892 1676 αὐτοὺς

298 1712 670 1783 πειρασθῆναι
715 1707 854 1781 ὑπὲρ
893 1709 922 1761 ὃ
946 1707 1245 1762 .δύναιντο’
1286 1707 1448 1778 μόνου
1489 1705 1599 1777 γὰρ
1627 1700 1696 1776 ἦν
1724 1703 1888 1758 αὐτοῦ

1994 597 2202 652 minum
2261 606 2521 668 tanquam
2582 599 2651 655 de
2700 599 2931 658 Domino
2986 603 3195 658 dictum
3243 612 3329 659 est
3386 603 3570 660 illud:

1998 708 2018 742 ι
2060 691 2282 762 Angelis
2333 693 2451 748 suis
2482 693 2757 747 mandavit
2789 695 2854 751 de
2897 704 2970 759 te,
3005 706 3064 752 ut
3087 698 3404 752 custodiant
3435 699 3572 754 tein

1992 784 2250 840 omnibus
2283 785 2390 842 viis
2419 786 2549 842 tuis.
2583 784 2640 842 In
2667 787 2918 843 manibus
2951 790 3245 858 portabunt
3273 797 3347 851 te,
3384 789 3577 847 videli-

1993 882 2152 932 cette
2184 873 2498 940 Dominum.
2533 893 2602 934 ne
2645 878 2784 936 forte
2816 889 2870 934 tu
2913 875 3180 938 Dominus
3219 881 3467 940 oﬂ‘endas
3504 880 3574 938 ad

1993 967 2229 1039 lapidem
2286 969 2477 1040 pedem
2530 978 2706 1025 tuum.
2757 993 2775 1024 ι
2811 969 2952 1038 Quin
2992 973 3156 1028 etiam
3207 974 3461 1032 diabolus
3515 975 3572 1031 in

1993 1061 2296 1117 tentatione
2342 1061 2610 1117 adversus
2653 1061 2994 1119 Salvatorem
3044 1075 3321 1131 nostrum,
3363 1065 3572 1123 eisdem

1993 1169 2128 1209 usus
2158 1163 2243 1209 est
2277 1152 2480 1212 verbis.
2504 1155 2724 1225 quando
2749 1174 2767 1206 ι
2798 1163 3140 1228 assumptum
3177 1157 3328 1211 illum
3361 1158 3414 1212 in
3446 1171 3576 1214 san-

1993 1253 2136 1300 ctam
2168 1245 2441 1301 civitatem
2471 1246 2756 1300 constituit
2789 1261 2956 1316 supra
2981 1245 3339 1317 pinnaculum
3358 1247 3569 1318 templi.

1990 1346 2046 1393 et
2077 1337 2214 1392 dixit
2251 1339 2302 1394 ei
2339 1356 2353 1393 :
2391 1337 2449 1393 Si
2493 1335 2664 1392 Filius
2717 1337 2808 1394 Dei
2853 1354 2934 1405 es,
2978 1339 3131 1394 mitte
3173 1339 3406 1410 teipsum
3443 1339 3574 1396 hinc

1991 1431 2270 1488 deorsum.
2327 1429 2604 1501 Scriptum
2659 1439 2745 1486 est
2791 1431 2959 1494 enim,
3017 1431 3164 1502 quod
3196 1432 3404 1503 angelis
3455 1433 3574 1489 suis

1993 1521 2270 1576 mandabit
2289 1520 2356 1576 dc
2385 1529 2456 1586 te,
2482 1530 2536 1576 et
2562 1521 2614 1575 in
2647 1521 2899 1577 manibus
2917 1523 3211 1592 portabunt
3241 1534 3312 1590 te,
3347 1540 3413 1578 ne
3432 1522 3574 1580 forte

1989 1611 2235 1668 ollendus
2263 1613 2328 1667 ad
2380 1613 2609 1684 lapidem
2650 1615 2837 1684 pedem
2875 1623 3048 1670 tuum.
3078 1615 3161 1669 Ad
3199 1632 3358 1687 quem
3385 1616 3571 1671 Domi.

1991 1719 2098 1760 nus
2126 1715 2312 1760 noster
2326 1705 2686 1775 respondens.
2711 1706 2787 1760 ait
2816 1725 2828 1760 :
2863 1706 3141 1777 Scriptum
3173 1717 3280 1772 est,
3316 1724 3426 1764 non
3452 1717 3574 1764 ten-

293 1803 366 1858 τὸ
394 1804 495 1867 τὰς
525 1803 740 1875 χείρους
784 1805 841 1855 ὲν
885 1801 1118 1873 πονηρία
1160 1798 1448 1871 δυνάμεις,
1493 1799 1588 1852 καὶ
1633 1796 1794 1850 αὑτὸν
1826 1795 1882 1868 δὴ

1993 1797 2136 1851 tabis
2168 1794 2459 1850 Dominum
2492 1795 2658 1851 Deum
2691 1805 2843 1852 tuum
2863 1799 2927 1852 ".
2962 1819 2978 1850 ι
3015 1793 3283 1856 Praeterea
3310 1803 3571 1872 quoniam

289 1897 396 1951 τὸν
423 1899 639 1952 πάντων
667 1897 900 1968 ἄρχοντα
921 1896 1014 1950 καὶ
1041 1895 1304 1965 τύραννον
1329 1891 1423 1947 τοῦ
1455 1891 1649 1955 αἰῶνος
1680 1889 1882 1955 τούτου,

1995 1887 2050 1940 in
2103 1887 2406 1942 tentatione
2451 1903 2578 1941 cum
2633 1886 2785 1952 feris,
2832 1897 2891 1944 ut
2943 1889 3060 1960 ipse
3109 1892 3442 1963 evangelista
3490 1898 3576 1949 est

289 1993 370 2062 τῇ
400 1987 568 2061 ὲνθὲῳ
593 1989 758 2043 αὐτοῦ
787 1986 1016 2061 δυνάμει
1053 1989 1360 2062 καθαιρεῖν.

1991 1989 2205 2046 auctor,
2232 1979 2578 2046 versabatur,
2609 1997 2734 2035 cum
2771 1983 2971 2052 quibus
3002 1991 3182 2040 autem
3228 2000 3337 2039 non
3364 1984 3575 2042 descri-

291 2095 454 2155 ptum
481 2091 564 2139 est
586 2084 785 2156 palam,
815 2100 936 2139 eam
968 2099 1080 2139 rem
1111 2084 1286 2155 ipsius
1351 2081 1545 2153 psalmi
1608 2079 1951 2142 vaticinium,
1990 2077 2120 2132 dum
2175 2091 2372 2143 genera
2437 2074 2675 2131 ferarum
2736 2087 3162 2148 commemorat,
3230 2081 3575 2140 manifestius

289 2179 597 2250 eloquitur,
636 2178 724 2234 his
751 2179 977 2233 verbis:
1015 2197 1033 2230 ι
1076 2176 1252 2250 Super
1281 2178 1524 2249 aspidem
1567 2183 1621 2232 et
1655 2176 1977 2231 basiliscum
2033 2172 2326 2237 ascendes,
2365 2181 2422 2227 et
2443 2175 2800 2231 conculcabis
2829 2175 3041 2232 leonem
3071 2183 3126 2232 et
3174 2176 3496 2247 draconem;
3544 2201 3562 2234 ο

293 2273 390 2328 ubi
425 2273 671 2346 aspidem
702 2281 755 2329 et
783 2273 1123 2339 basiliscum,
1154 2275 1332 2344 ipsum
1363 2274 1549 2343 utique
1578 2271 1879 2332 diabolum.
1919 2279 1975 2326 et
2007 2270 2100 2340 qui
2132 2271 2308 2340 ipsum
2350 2277 2678 2340 sequuntur,
2712 2272 3052 2342 principatus
3132 2278 3414 2348 malasque
3472 2290 3574 2348 po-

291 2375 1028 2437 testates,conculcaturum
1065 2368 1317 2424 allirmat.
1385 2367 1457 2424 lis
1495 2378 1702 2430 autem,
1755 2366 1848 2438 qui
1910 2365 2147 2435 similem
2199 2364 2302 2436 ipsi
2338 2365 2594 2421 virtutem
2641 2366 2787 2421 nacti
2841 2377 2990 2434 sunt,
3056 2369 3344 2442 discipulis
3385 2372 3574 2443 utique

293 2469 419 2522 suis
467 2475 631 2538 atque
678 2466 962 2538 apostolis,
1010 2473 1330 2536 potestatem
1381 2463 1665 2520 incedendi
1714 2477 1879 2534 super
1916 2469 2201 2533 serpentes
2247 2468 2302 2516 et
2348 2461 2670 2531 scorpiones
2751 2461 3011 2529 donavit,
3073 2479 3186 2521 non
3252 2469 3574 2538 permittens

292 2576 398 2617 eos
448 2561 644 2616 tentari
687 2575 853 2630 supra
895 2574 1059 2630 quam
1101 2557 1243 2613 ferre
1294 2565 1517 2628 possent
1551 2576 1562 2611 :
1617 2556 1684 2610 ad
1729 2556 1882 2611 illum
1921 2554 2066 2610 enim
2099 2551 2276 2609 solum
2308 2552 2613 2623 spectabat,
2681 2551 2898 2624 pejores
2963 2553 3018 2608 in
3051 2555 3294 2626 nequitia
3330 2567 3574 2628 potesta-

295 2661 406 2716 tes.
444 2667 544 2708 nec
590 2667 697 2707 non
733 2651 910 2722 ipsum
946 2649 1191 2705 omnium
1243 2649 1545 2720 principem
1591 2647 1885 2718 saeculiqne
1923 2645 2088 2715 hujus
2117 2653 2434 2716 tyrannum,
2463 2643 2647 2698 divina
2673 2658 2773 2700 sua
2800 2645 3002 2702 virtute
3023 2655 3394 2717 prosternere.

309 2771 449 2827 Ἀπὸ
498 2771 616 2842 τοῦ
642 2770 918 2842 νἨσειΐου.
947 2771 1182 2842 -Περὶ
1231 2769 1344 2842 τῆς
1382 2771 1716 2842 Γαλιλαίας
1769 2768 1882 2842 τῶν

1991 2767 2068 2823 Ab
2108 2764 2282 2822 Isaia.
2319 2765 2493 2842 -—_De
2515 2765 2744 2822 Galilma
2783 2769 3132 2842 gentium,‘in
3172 2788 3278 2842 qua
3325 2772 3575 2831 Salvator

371 2841 716 2914 é0résj,uéy‘
753 2837 792 2914 ᾖ
827 2845 859 2896 ὀ
896 2841 1099 2914 Σωτὴρ
1123 2837 1312 2914 ’ἡμῶν
1359 2841 1431 2914 rd
1474 2842 1732 2914 qleiqra
1760 2839 1882 2914 Δτῶν

2061 2850 2238 2914 noster
2268 2837 2566 2914 maximam
2593 2837 2810 2914 suorum
2832 2837 3212 2914 miraculorum
3240 2854 3442 2911 partem
3461 2845 3576 2902 edi-

373 2905 731 2980 παραδόξὼν
757 2905 1109 2982 Ἱεῑργιίσᾱτῦ,
1139 2905 1236 2965 aiat
1269 2911 1404 2980 περὶ
1444 2905 1552 2980 τῆς
1589 2908 1711 2965 τῶν
1739 2911 1882 2966 ἀπο-

2058 2909 2161 2974 dit,
2186 2919 2235 2963 et
2260 2908 2326 2962 de
2359 2908 2722 2978 apostolorum
2743 2910 2908 2979 ipsius
2939 2913 3225 2968 vocatione.

373 2985 612 3037 στόλων
638 2983 824 3037 αὐτοῦ
857 2982 1152 3050 κλήσεως.

381 3095 581 3150 «Τοῦτο
619 3097 833 3168 πρῶτον
867 3094 980 3162 πίε,
1025 3098 1161 3166 ταχυ
1196 3095 1358 3160 ποίει,
1387 3093 1540 3170 χώρα
1577 3094 1885 3158 Ζαϐουλὼν,

2061 3079 2230 3155 ωε
2249 3104 2267 3136 ‹
2291 3077 2407 3138 Hoc
2429 3083 2667 3154 primum
2691 3082 2838 3150 bibe,
2863 3084 2976 3141 cito
2999 3085 3106 3151 fac,
3131 3089 3282 3160 regio
3302 3087 3572 3160 Zabulon.

298 3185 335 3258 ἡ
382 3185 456 3257 γῆ
505 3185 854 3259 Νεφθαλεὶμ,
909 3189 1005 3242 καὶ
1041 3191 1091 3242 οί
1133 3188 1312 3242 λοιποὶ
1360 3189 1410 3241 οἱ
1465 3188 1566 3259 τὴν
1609 3185 1881 3261 παραλίαν

1986 3183 2130 3233 terra
2160 3175 2532 3248 Nephthalim,
2564 3183 2619 3233 et
2641 3177 2834 3248 reliqui
2867 3179 3197 3236 maritimam
3243 3182 3568 3252 incolentes,

298 3280 714 3346 κατοικοῦντες,
770 3281 863 3334 καὶ
917 3280 1096 3354 πέραν
1141 3281 1234 3336 τοῦ
1278 3280 1579 3352 Ἰορδάνου,
1629 3279 1888 3337 Γαλιλαία

297 3368 412 3422 τῶν
456 3369 644 3433 ἐθνῶν,
695 3371 724 3422 6
756 3369 884 3435 λαὸς
933 3372 962 3424 6
992 3372 1354 3444 πορευόμενος
1401 3375 1460 3426 ὲν
1493 3372 1704 3438 σκότει,
1749 3371 1887 3427 ἴδετε

300 3462 420 3531 φῶς
456 3461 630 3533 μέγα,
676 3461 770 3516 καὶ
812 3463 925 3527 τοῖς
967 3465 1308 3518 κατοικοῦσιν
1348 3465 1405 3517 ὲν
1441 3461 1598 3538 χώρᾳ
1635 3465 1730 3519 καὶ
1758 3465 1888 3537 σκιᾷ

299 3557 568 3625 θανάτου,
613 3558 729 3628 φῶς
761 3558 964 3630 λάμψει
1014 3557 1100 3628 ἐφ’
1143 3561 1304 3631 ὑμᾶς.
1361 3557 1434 3613 Τὸ
1489 3560 1741 3614 πλεῖστον
1787 3559 1885 3614 τοῦ

297 3651 430 3708 λαοῦ
467 3652 494 3708 δ
523 3655 833 3726 κατήγαγες
867 3657 926 3710 ὲν
957 3653 1262 3728 εὐφροσύνῃ
1297 3672 1413 3718 σου,
1450 3655 1544 3708 καὶ
1576 3654 1873 3728 εὐφρανθήο

301 3764 484 3800 σονται
524 3741 753 3800 ἐνώπιόν
792 3765 908 3815 σου,
938 3746 1014 3812 ῶς
1050 3749 1100 3800 οί
1138 3748 1550 3820 εὐφραινόμενοι
1578 3749 1636 3801 ὲν
1665 3745 1882 3820 άμητῷ,

300 3838 397 3892 καὶ
421 3839 478 3892 δν
507 3837 706 3911 τρόπον
743 3840 793 3893 οἱ
835 3836 1200 3912 διαιρούμενοι
1244 3839 1448 3894 σκῦλα’
1478 3837 1610 3895 διότι
1650 3841 1884 3913 ἀφαιρε-

301 3928 523 4001 θήσεται
555 3931 584 3984 6
612 3929 774 4000 ζυγὸς
803 3929 831 3984 6
858 3931 943 3982 ἐπ’
977 3928 1154 3983 αὐτῶν
1189 3930 1460 3998 κείμενος,
1492 3930 1589 3983 καὶ
1623 3930 1656 4001 ἡ
1692 3927 1883 4000 ῥάϐδος

301 4021 334 4093 η
370 4023 462 4075 ἐπὶ
508 4021 602 4076 τοῦ
658 4022 926 4094 τραχήλου
975 4019 1174 4078 sati-3v.
1229 4022 1340 4092 Τὴν
1387 4017 1497 4094 γὰρ
1541 4021 1736 4092 ῥάϐδον
1774 4018 1883 4074 τῶν

300 4111 676 4165 ἀπαιτούντων
730 4111 1041 4166 διεσκέδασε
1082 4111 1318 4183 Κύριος,
1352 4111 1427 4176 ὡς
1477 4115 1541 4184 τῇ
1588 4112 1772 4184 ἡμέρα
1816 4111 1882 4184 τῇ

299 4204 394 4256 ἐπὶ
416 4204 640 4274 Μαδιάμ
659 4219 671 4233 °
700 4204 780 4258 ὅτι
811 4205 991 4257 πᾶσαν
1028 4202 1219 4274 στολὴν
1251 4201 1690 4275 ἐπισυνηγμένην
1726 4200 1880 4274 δόλῳ,

301 4296 396 4350 καὶ
426 4296 639 4368 ἱμάτιον
668 4296 806 4368 μετὰ
843 4295 1189 4367 καταλλαγῆς
1223 4296 1563 4360 ἀποτίσουσι,
1593 4297 1688 4350 καὶ
1729 4295 1884 4369 θελήι

301 4404 485 4442 σουσιν
513 4391 561 4441 εί
591 4389 923 4460 ἐγενήθησαν
953 4390 1347 4462 πυρίκαυστοι·
1390 4389 1470 4444 ὅτι
1501 4389 1712 4442 παιδίον
1757 4391 1880 4458 εγε-

300 4479 435 4551 νήθη
465 4481 615 4550 ἡμῖν,
647 4477 738 4534 καὶ
779 4480 892 4544 υίὸς
934 4479 1088 4554 ἐδόθη
1117 4484 1267 4554 ἡμῖν,
1298 4476 1358 4536 οὗ
1397 4482 1431 4552 ἡ
1459 4478 1600 4554 ἁρχὴ
1649 4479 1880 4552 ἐγενηθη

1988 3278 2043 3325 ει
2067 3277 2224 3326 trans
2254 3267 2552 3325 Jordanem
2580 3265 2801 3326 Galilzea
2825 3271 3091 3343 gentium,
3115 3275 3349 3345 populus
3375 3277 3571 3334 ambu.

1989 3361 2108 3418 lans
2147 3363 2202 3417 in
2235 3361 2500 3428 tenebris,
2526 3362 2709 3419 videte
2738 3363 2914 3419 lucem
2950 3381 3226 3437 magnam,
3260 3367 3569 3428 habitantes

1989 3454 2044 3509 in
2091 3455 2315 3525 regione
2353 3463 2409 3510 et
2457 3455 2649 3510 umbra
2688 3457 2903 3520 mortis,
2931 3457 3020 3512 lux
3063 3459 3370 3529 splendebit
3407 3477 3573 3534 super

1987 3563 2106 3604 vos.
2155 3547 2460 3602 Plurimum
2514 3548 2700 3620 populi
2756 3551 2902 3620 quod
2949 3549 3223 3607 deduxisti
3277 3553 3332 3609 in
3381 3555 3567 3612 ltetitia

1986 3649 2117 3696 tua:
2147 3648 2202 3696 et
2218 3641 2550 3697 laetabuntur
2582 3657 2768 3696 coram
2801 3649 2876 3708 te,
2909 3651 3170 3715 tanquam
3200 3647 3294 3717 qui
3318 3647 3570 3707 lwtantur

1988 3733 2044 3787 in
2081 3748 2280 3797 messe.
2313 3741 2369 3789 et
2415 3733 2875 3805 quemadmodum
2920 3735 3012 3806 qui
3059 3737 3310 3794 dividunt
3339 3742 3516 3812 spolia
3549 3757 3566 3800 :

1985 3829 2243 3897 quoniam
2265 3826 2754 3898 aufereturjugum
2791 3827 2938 3899 quod
2965 3845 3132 3900 super
3159 3833 3294 3903 ipsis
3329 3837 3571 3906 positum

1983 3930 2102 3984 est,
2147 3929 2203 3977 et
2251 3921 2405 3992 virga
2451 3936 2573 3992 qua:
2629 3937 2799 3992 super
2847 3923 2990 3978 collo
3036 3925 3301 3994 ipsorum.
3344 3927 3568 4003 Virgam

1983 4012 2131 4068 enim
2163 4013 2528 4084 repetentium
2568 4013 2856 4084 dissipavit
2883 4013 3171 4085 Dominus,
3205 4021 3350 4076 sicut
3382 4023 3435 4079 in
3477 4025 3570 4082 die

1984 4118 2150 4175 super
2181 4104 2440 4168 Madiam,
2477 4104 2738 4175 quoniam
2767 4121 2986 4163 onmem
3031 4118 3238 4165 vestem
3269 4127 3571 4188 congrega-

1983 4203 2096 4250 tam
2140 4194 2288 4260 dolo,
2320 4203 2376 4251 et
2405 4197 2795 4252 vestimentum
2833 4213 2960 4253 cum
3013 4205 3412 4268 permutatione
3445 4221 3570 4278 per-

1985 4287 2221 4354 solvent,
2267 4296 2321 4344 et
2359 4289 2544 4343 volent
2571 4289 2616 4344 si
2667 4287 2792 4344 facti
2836 4291 3041 4348 fuerint
3091 4293 3216 4361 igne
3247 4298 3566 4356 combusti:

1981 4379 2245 4450 quoniam
2298 4381 2564 4452 puerulus
2593 4390 2754 4436 natus
2785 4391 2870 4439 est
2912 4384 3093 4450 nobis,
3137 4394 3192 4441 et
3233 4389 3378 4446 [ilius
3405 4391 3569 4449 datus

1983 4480 2068 4527 est
2100 4471 2280 4540 nobis,
2301 4473 2461 4544 cujus
2484 4474 2820 4546 principatus
2849 4477 3060 4533 exstitit
3087 4495 3252 4550 super
3279 4481 3566 4542 humerum

298 4570 395 4624 ἐπὶ
430 4570 522 4625 τοῦ
555 4569 708 4642 ὤμου
741 4571 926 4627 αὑτοῦ.
975 4572 1083 4627 Kal.
1123 4573 1370 4628 καλεῖται
1414 4569 1471 4626 τὸ
1506 4571 1677 4644 ὄνομα
1712 4567 1878 4626 αὐτοῦ

1986 4561 2126 4630 ejus.
2153 4559 2220 4615 Et
2250 4564 2540 4619 vocabitur
2586 4580 2786 4621 nomen
2836 4567 2958 4636 ejus
2993 4572 3177 4641 magni
3219 4575 3435 4631 consilii
3469 4593 3571 4632 an-

302 4662 543 4735 μεγάλης
588 4663 779 4734 βουλῆς
818 4663 1076 4733 ἄγγελος,
1112 4665 1296 4737 ἄρχων
1352 4666 1595 4738 εἰρήνης,
1633 4663 1878 4730 ἐξουσιαο

298 4752 452 4823 στὴς,
478 4753 610 4816 Θεὸς
654 4755 900 4826 ἰσχυρὸς,
939 4753 1119 4827 πατὴρ
1152 4755 1244 4809 τοῦ
1290 4755 1572 4827 μέλλοντος
1611 4756 1822 4821 αἰῶνος.
1853 4776 1872 4810 ι

296 4843 444 4915 Πρὸς
483 4845 655 4900 ἆπασι
693 4847 808 4910 τοῖς
854 4847 1034 4911 ἄλλοις
1083 4845 1388 4919 ἐπληροῦτο
1432 4849 1526 4902 καὶ
1573 4846 1746 4902 ταῦτα
1785 4849 1878 4902 ἐπὶ

297 4935 391 4991 τὸν
429 4937 663 5010 Σωτῆρα
703 4937 798 4994 καὶ
827 4939 1026 5012 Κύριον
1070 4938 1227 5012 ἡμῶν
1271 4938 1478 5010 Ἰησοῦν
1513 4940 1604 4993 τὸν
1634 4939 1874 5012 Χριστὸν

296 5028 391 5085 1τοῦ
415 5029 577 5094 Θεοῦ,
619 5031 708 5084 ὅτε
750 5031 894 5086 κατὰ
944 5031 1033 5086 τὸν
1081 5028 1392 5102 θαυμαστὸν
1456 5028 1870 5104 εὖαγγελιστὴν,

301 5138 324 5174 s
346 5119 628 5186 ’Δκούσας,
660 5122 740 5174 ὅτι
777 5120 1027 5192 Ἰωάννης
1063 5120 1367 5192 παρεδόθη,
1414 5117 1763 5194 ἀνεχώρησεν
1795 5123 1876 5186 είς

294 5211 395 5285 τὴν
426 5213 734 5277 Γαλιλαίαν,
782 5211 878 5267 καὶ
924 5212 1238 5268 καταλιπὼν
1280 5212 1378 5286 τὴν
1405 5211 1659 5285 Ναζαρὲθ
1705 5211 1876 5268 ἐλθὼν

297 5304 615 5379 κατῴκησεν
659 5306 739 5370 είς
769 5307 1138 5377 Καπερναοὺμ
1185 5306 1286 5378 τὴν
1323 5305 1775 5379 παραθαλασσίαν
1815 5307 1875 5362 ὲν

294 5396 462 5468 ορίοις
489 5395 774 5450 Ζαϐουλὼν
812 5394 906 5451 καὶ
938 5397 1284 5470 Νεφθαλείμ,
1326 5399 1474 5462 ὅπως
1520 5398 1779 5472 πληρωθῇ
1814 5397 1876 5453 τὺ

299 5488 460 5560 ῥηθὲν
501 5489 594 5544 διὰ
625 5489 846 5544 Ἡσαΐου
883 5488 976 5542 τοῦ
1012 5492 1289 5563 προφήτου
1322 5491 1604 5560 λέγοντος·
1654 5492 1732 5562 Γῆ
1773 5493 1875 5545 Ζαο

297 5578 522 5645 ϐουλὼν,
568 5581 664 5635 καὶ
693 5581 764 5654 γῆ
791 5581 1106 5652 Νεφθαλείμ
1129 5621 1142 5645 ,
1187 5582 1304 5636 ὁδὸν
1338 5583 1612 5653 θαλάσσης
1634 5623 1650 5644 .
1700 5583 1874 5654 πέραν

296 5671 389 5724 τοῦ
428 5671 726 5744 Ἰορδάνου,
768 5669 1028 5726 Γαλιλαία
1070 5673 1180 5725 τῶν
1219 5674 1410 5737 ἐθνῶν,
1456 5674 1484 5727 6
1515 5673 1645 5738 λαὸς
1688 5673 1869 5746 καθή-

296 5777 462 5835 μενος
489 5764 548 5815 ὲν
577 5760 756 5817 σκότει
785 5762 903 5833 φῶς
929 5758 1034 5816 εἶδε
1067 5761 1232 5834 μέγα,
1266 5765 1358 5817 καὶ
1385 5767 1496 5829 τοῖς
1525 5764 1873 5820 κατοικοῦσιν

369 5915 416 5951 ³³
451 5915 641 5976 Matth.
675 5935 756 5983 tv,
788 5917 909 5974 5-7.
986 5921 1032 5953 "
1072 5919 1177 5973 lsa.
1215 5934 1300 5982 ιτ,
1336 5919 1448 5974 1-6.

663 6008 933 6069 ΡΑτιιοι.
987 6009 1106 6069 Gn.
1157 6008 1354 6071 XXll.

1985 4653 2161 4724 gelus,
2221 4654 2477 4725 princeps
2538 4657 2711 4726 pacis,
2753 4657 2845 4728 jus
2887 4667 2942 4714 et
2983 4663 3284 4730 potentiam
3335 4666 3566 4736 habens,

1986 4743 2132 4800 Deus
2183 4745 2366 4811 tortis,
2420 4755 2578 4817 pater
2626 4749 2794 4804 futuri
2850 4752 3125 4809 saeculi”.
3159 4775 3178 4808 ι
3215 4755 3421 4814 Praeter
3460 4761 3569 4818 alia

1985 4839 2169 4893 omnia
2186 4841 2455 4910 completa
2480 4851 2611 4896 sunt
2639 4843 2804 4898 etiam
2837 4845 2952 4900 hac
2980 4847 3033 4900 in
3063 4846 3347 4908 Salvatore
3373 4867 3438 4909 ac
3469 4852 3572 4909 Do-

1985 4931 2134 4986 mino
2165 4939 2356 4989 nostro
2397 4930 2552 4998 Jesu,
2585 4935 2676 5005 qui
2713 4936 2971 4994 Christus
3015 4937 3108 4996 Dei
3146 4951 3251 5004 est,
3283 4957 3395 5016 quo
3425 4952 3568 5002 tem-

1980 5038 2136 5094 pore,
2173 5033 2233 5078 ut
2260 5024 2484 5082 divinus
2529 5031 2866 5100 evangelista
2899 5041 3096 5088 auctor
3129 5043 3236 5100 est,
3269 5055 3289 5088 ι
3321 5038 3567 5098 Audiens

1980 5120 2126 5190 quod
2159 5115 2402 5178 Joannes
2445 5123 2688 5180 traditus
2718 5134 2886 5191 esset,
2918 5130 3152 5185 secessit
3180 5131 3236 5187 in
3261 5130 3564 5201 Galilaeam,

1980 5217 2036 5264 et
2071 5209 2259 5266 relicta
2288 5209 2581 5279 Nazareth,
2605 5217 2829 5271 veniens
2851 5218 3115 5274 habitavit
3138 5221 3191 5276 in
3221 5223 3568 5294 Capernaum

1977 5301 2134 5374 juxta
2187 5320 2338 5360 mare
2389 5306 2445 5361 in
2494 5306 2695 5364 ﬁnibus
2725 5306 2971 5365 Zabulon
3013 5319 3067 5366 et
3105 5311 3477 5385 Nephthallm,
3507 5323 3568 5373 ut

1983 5395 2304 5467 impleretur
2332 5398 2479 5468 quod
2515 5400 2722 5456 dictum
2751 5409 2837 5457 est
2886 5418 2984 5474 per
3012 5399 3207 5460 Isaiam
3244 5408 3567 5478 prophetam

1981 5488 2251 5544 dicentem
2294 5505 2308 5542 :
2353 5489 2523 5546 Terra
2573 5491 2844 5558 Zabulon,
2885 5503 2942 5550 et
2991 5503 3136 5552 terra
3195 5496 3566 5569 Nephthalim,

1980 5582 2124 5635 viam
2157 5583 2349 5646 maris,
2386 5590 2540 5640 trans
2579 5583 2872 5642 Iordanem
2902 5585 3123 5645 Galilza
3157 5592 3438 5660 gentium:
3470 5608 3570 5657 po-

1982 5674 2146 5744 pulus
2176 5674 2374 5730 sedens
2423 5676 2478 5729 in
2524 5677 2769 5732 tenebris
2819 5677 2957 5735 vidit
2995 5680 3176 5737 lucem
3205 5698 3488 5756 magnam,
3515 5693 3572 5741 et

1980 5766 2357 5825 habitantibus
2401 5768 2459 5824 in
2498 5770 2720 5842 regione
2747 5780 2803 5829 et
2831 5773 3029 5830 umbra
3056 5775 3272 5844 mortis,
3309 5777 3402 5832 lux
3446 5786 3568 5834 orta

3139 6022 3218 6084 9‘2
