  <div class='ocr_page' id='page_1' title='image "/cluster/home/n/w/nwhite01/storage/ocr_20150623/22/hvd.32044073501140/349.png"; bbox 0 0 4110 6410; ppageno 0'>
   <div class='ocr_carea' id='block_1_1' title="bbox 531 369 634 426">
    <p class='ocr_par' dir='ltr' id='par_1_1' title="bbox 531 369 634 426">
     <span class='ocr_line' id='line_1_1' title="bbox 531 369 634 426; baseline 0.019 -3"><span class='ocrx_word' id='word_1_1' title='bbox 531 369 634 426; x_wconf 76' lang='lat'><strong>683</strong></span> 
     </span>
    </p>
   </div>
   <div class='ocr_carea' id='block_1_2' title="bbox 1197 364 3081 430">
    <p class='ocr_par' dir='ltr' id='par_1_2' title="bbox 1197 364 3081 430">
     <span class='ocr_line' id='line_1_2' title="bbox 1197 364 3081 430; baseline 0.006 -12"><span class='ocrx_word' id='word_1_2' title='bbox 1197 364 1463 420; x_wconf 82' lang='lat' dir='ltr'><strong>EUSEBII</strong></span> <span class='ocrx_word' id='word_1_3' title='bbox 1498 366 1974 423; x_wconf 66' lang='lat' dir='ltr'><strong>CESARIENSIS</strong></span> <span class='ocrx_word' id='word_1_4' title='bbox 2012 369 2143 424; x_wconf 77' lang='lat' dir='ltr'><strong>OPP</strong></span> <span class='ocrx_word' id='word_1_5' title='bbox 2197 369 2376 423; x_wconf 73' lang='lat' dir='ltr'><strong>PARS</strong></span> <span class='ocrx_word' id='word_1_6' title='bbox 2415 369 2478 425; x_wconf 87' lang='lat' dir='ltr'><strong>Il.</strong></span> <span class='ocrx_word' id='word_1_7' title='bbox 2503 402 2572 411; x_wconf 89' lang='lat'><strong>-—</strong></span> <span class='ocrx_word' id='word_1_8' title='bbox 2602 369 3081 430; x_wconf 81' lang='lat' dir='ltr'><strong>APOLOGETICA</strong></span> 
     </span>
    </p>
   </div>
   <div class='ocr_carea' id='block_1_3' title="bbox 3671 381 3775 437">
    <p class='ocr_par' dir='ltr' id='par_1_3' title="bbox 3671 381 3775 437">
     <span class='ocr_line' id='line_1_3' title="bbox 3671 381 3775 437; baseline 0.01 -1"><span class='ocrx_word' id='word_1_9' title='bbox 3671 381 3775 437; x_wconf 67' lang='lat'><strong>684</strong></span> 
     </span>
    </p>
   </div>
   <div class='ocr_carea' id='block_1_4' title="bbox 527 487 2068 566">
    <p class='ocr_par' dir='ltr' id='par_1_4' title="bbox 527 487 2066 560">
     <span class='ocr_line' id='line_1_4' title="bbox 527 487 2066 560; baseline 0.002 -16"><span class='ocrx_word' id='word_1_10' title='bbox 527 497 612 544; x_wconf 90' lang='lat' dir='ltr'><strong>est</strong></span> <span class='ocrx_word' id='word_1_11' title='bbox 645 491 746 545; x_wconf 87' lang='lat' dir='ltr'><strong>eis.</strong></span> <span class='ocrx_word' id='word_1_12' title='bbox 783 488 859 543; x_wconf 82' lang='lat' dir='ltr'><strong>Ex</strong></span> <span class='ocrx_word' id='word_1_13' title='bbox 895 488 988 542; x_wconf 94' lang='lat' dir='ltr'><strong>illo</strong></span> <span class='ocrx_word' id='word_1_14' title='bbox 1017 487 1180 559; x_wconf 80' lang='lat' dir='ltr'><strong>igitur</strong></span> <span class='ocrx_word' id='word_1_15' title='bbox 1210 489 1376 560; x_wconf 65' lang='lat' dir='ltr'><strong>coapit</strong></span> <span class='ocrx_word' id='word_1_16' title='bbox 1409 487 1570 544; x_wconf 82' lang='lat' dir='ltr'><strong>Jesus</strong></span> <span class='ocrx_word' id='word_1_17' title='bbox 1611 491 1907 560; x_wconf 72' lang='lat' dir='ltr'><strong>przedicare</strong></span> <span class='ocrx_word' id='word_1_18' title='bbox 1934 500 1987 544; x_wconf 87' lang='lat' dir='ltr'><strong>et</strong></span> <span class='ocrx_word' id='word_1_19' title='bbox 2013 491 2066 547; x_wconf 90' lang='lat' dir='ltr'><strong>di</strong></span> 
     </span>
    </p>
   </div>
   <div class='ocr_carea' id='block_1_5' title="bbox 2168 487 3775 566">
    <p class='ocr_par' dir='ltr' id='par_1_5' title="bbox 2195 491 3775 566">
     <span class='ocr_line' id='line_1_5' title="bbox 2195 491 3775 566; baseline 0.006 -19"><span class='ocrx_word' id='word_1_20' title='bbox 2195 495 2257 547; x_wconf 81' lang='grc' dir='ltr'>ἐν</span> <span class='ocrx_word' id='word_1_21' title='bbox 2293 491 2443 564; x_wconf 73' lang='grc' dir='ltr'>χώρα</span> <span class='ocrx_word' id='word_1_22' title='bbox 2485 494 2577 546; x_wconf 77' lang='grc' dir='ltr'><strong>καὶ</strong></span> <span class='ocrx_word' id='word_1_23' title='bbox 2625 495 2754 564; x_wconf 83' lang='grc' dir='ltr'>σκιᾷ</span> <span class='ocrx_word' id='word_1_24' title='bbox 2794 494 3022 549; x_wconf 84' lang='grc' dir='ltr'>θανάτου</span> <span class='ocrx_word' id='word_1_25' title='bbox 3048 536 3062 560; x_wconf 95' lang='grc'><strong>,</strong></span> <span class='ocrx_word' id='word_1_26' title='bbox 3097 495 3213 566; x_wconf 81' lang='grc' dir='ltr'>φῶς</span> <span class='ocrx_word' id='word_1_27' title='bbox 3256 497 3529 552; x_wconf 82' lang='grc' dir='ltr'><strong>ἀνέτειλεν</strong></span> <span class='ocrx_word' id='word_1_28' title='bbox 3563 501 3775 564; x_wconf 78' lang='grc' dir='ltr'>αὐτοῖς.</span> 
     </span>
    </p>
   </div>
   <div class='ocr_carea' id='block_1_6' title="bbox 527 580 2095 653">
    <p class='ocr_par' dir='ltr' id='par_1_6' title="bbox 527 580 2095 653">
     <span class='ocr_line' id='line_1_6' title="bbox 527 580 2095 653; baseline -0.001 -15"><span class='ocrx_word' id='word_1_29' title='bbox 527 599 650 638; x_wconf 84' lang='lat' dir='ltr'><strong>cere</strong></span> <span class='ocrx_word' id='word_1_30' title='bbox 679 599 691 634; x_wconf 94' lang='lat'>:</span> <span class='ocrx_word' id='word_1_31' title='bbox 726 580 1109 636; x_wconf 62' lang='lat' dir='ltr'><strong>Paenitentiam</strong></span> <span class='ocrx_word' id='word_1_32' title='bbox 1142 581 1304 651; x_wconf 87' lang='lat' dir='ltr'><strong>agite.</strong></span> <span class='ocrx_word' id='word_1_33' title='bbox 1338 580 1598 651; x_wconf 90' lang='lat' dir='ltr'><strong>quoniam</strong></span> <span class='ocrx_word' id='word_1_34' title='bbox 1639 583 2095 653; x_wconf 83' lang='lat' dir='ltr'><strong>appropinquavit</strong></span> 
     </span>
    </p>
   </div>
   <div class='ocr_carea' id='block_1_7' title="bbox 523 670 2097 743">
    <p class='ocr_par' dir='ltr' id='par_1_7' title="bbox 523 670 2097 743">
     <span class='ocr_line' id='line_1_7' title="bbox 523 670 2097 743; baseline 0.001 -18"><span class='ocrx_word' id='word_1_35' title='bbox 523 686 754 743; x_wconf 81' lang='lat' dir='ltr'><strong>regnum</strong></span> <span class='ocrx_word' id='word_1_36' title='bbox 778 673 1062 727; x_wconf 63' lang='lat' dir='ltr'><strong>calorum.</strong></span> <span class='ocrx_word' id='word_1_37' title='bbox 1095 670 1420 726; x_wconf 70' lang='lat' dir='ltr'><strong>Pmteriens</strong></span> <span class='ocrx_word' id='word_1_38' title='bbox 1447 679 1629 726; x_wconf 88' lang='lat' dir='ltr'><strong>autem</strong></span> <span class='ocrx_word' id='word_1_39' title='bbox 1649 671 1805 741; x_wconf 84' lang='lat' dir='ltr'><strong>juxta</strong></span> <span class='ocrx_word' id='word_1_40' title='bbox 1825 687 1974 728; x_wconf 89' lang='lat' dir='ltr'><strong>mare</strong></span> <span class='ocrx_word' id='word_1_41' title='bbox 1997 670 2097 727; x_wconf 85' lang='lat' dir='ltr'><strong>Ga-</strong></span> 
     </span>
    </p>
   </div>
   <div class='ocr_carea' id='block_1_8' title="bbox 525 761 2094 830">
    <p class='ocr_par' dir='ltr' id='par_1_8' title="bbox 525 761 2094 830">
     <span class='ocr_line' id='line_1_8' title="bbox 525 761 2094 830; baseline 0.001 -14"><span class='ocrx_word' id='word_1_42' title='bbox 525 765 675 820; x_wconf 69' lang='lat' dir='ltr'><strong>lilaaae</strong></span> <span class='ocrx_word' id='word_1_43' title='bbox 701 764 837 818; x_wconf 93' lang='lat' dir='ltr'><strong>vidit</strong></span> <span class='ocrx_word' id='word_1_44' title='bbox 859 764 998 819; x_wconf 90' lang='lat' dir='ltr'><strong>duos</strong></span> <span class='ocrx_word' id='word_1_45' title='bbox 1028 763 1247 829; x_wconf 84' lang='lat' dir='ltr'><strong>fratres,</strong></span> <span class='ocrx_word' id='word_1_46' title='bbox 1281 761 1590 818; x_wconf 87' lang='lat' dir='ltr'><strong>Simeonem</strong></span> <span class='ocrx_word' id='word_1_47' title='bbox 1623 763 1715 830; x_wconf 88' lang='lat' dir='ltr'><strong>qui</strong></span> <span class='ocrx_word' id='word_1_48' title='bbox 1741 772 1967 818; x_wconf 82' lang='lat' dir='ltr'><strong>vocatur</strong></span> <span class='ocrx_word' id='word_1_49' title='bbox 1992 763 2094 819; x_wconf 83' lang='lat' dir='ltr'><strong>Pe-</strong></span> 
     </span>
    </p>
   </div>
   <div class='ocr_carea' id='block_1_9' title="bbox 521 855 2092 926">
    <p class='ocr_par' dir='ltr' id='par_1_9' title="bbox 521 855 2092 926">
     <span class='ocr_line' id='line_1_9' title="bbox 521 855 2092 926; baseline 0.001 -15"><span class='ocrx_word' id='word_1_50' title='bbox 521 867 664 922; x_wconf 82' lang='lat' dir='ltr'><strong>trus,</strong></span> <span class='ocrx_word' id='word_1_51' title='bbox 713 866 768 912; x_wconf 90' lang='lat' dir='ltr'><strong>et</strong></span> <span class='ocrx_word' id='word_1_52' title='bbox 808 857 1083 911; x_wconf 81' lang='lat' dir='ltr'><strong>Andream</strong></span> <span class='ocrx_word' id='word_1_53' title='bbox 1131 855 1355 911; x_wconf 81' lang='lat' dir='ltr'><strong>fratrem</strong></span> <span class='ocrx_word' id='word_1_54' title='bbox 1406 856 1527 926; x_wconf 86' lang='lat' dir='ltr'><strong>ejus</strong></span> <span class='ocrx_word' id='word_1_55' title='bbox 1573 858 1852 912; x_wconf 86' lang='lat' dir='ltr'><strong>mittentes</strong></span> <span class='ocrx_word' id='word_1_56' title='bbox 1884 866 1997 910; x_wconf 92' lang='lat' dir='ltr'><strong>rete</strong></span> <span class='ocrx_word' id='word_1_57' title='bbox 2035 858 2092 912; x_wconf 91' lang='lat' dir='ltr'><strong>in</strong></span> 
     </span>
    </p>
   </div>
   <div class='ocr_carea' id='block_1_10' title="bbox 515 948 2092 1018">
    <p class='ocr_par' dir='ltr' id='par_1_10' title="bbox 515 948 2092 1018">
     <span class='ocr_line' id='line_1_10' title="bbox 515 948 2092 1018; baseline 0.001 -14"><span class='ocrx_word' id='word_1_58' title='bbox 515 964 710 1004; x_wconf 83' lang='lat' dir='ltr'><strong>mare:</strong></span> <span class='ocrx_word' id='word_1_59' title='bbox 743 957 901 1004; x_wconf 86' lang='lat' dir='ltr'><strong>erant</strong></span> <span class='ocrx_word' id='word_1_60' title='bbox 951 950 1094 1004; x_wconf 91' lang='lat' dir='ltr'><strong>enim</strong></span> <span class='ocrx_word' id='word_1_61' title='bbox 1150 949 1474 1018; x_wconf 82' lang='lat' dir='ltr'><strong>piscatores;</strong></span> <span class='ocrx_word' id='word_1_62' title='bbox 1504 956 1558 1004; x_wconf 88' lang='lat' dir='ltr'><strong>et</strong></span> <span class='ocrx_word' id='word_1_63' title='bbox 1598 949 1674 1002; x_wconf 86' lang='lat' dir='ltr'><strong>ait</strong></span> <span class='ocrx_word' id='word_1_64' title='bbox 1705 949 1814 1004; x_wconf 87' lang='lat' dir='ltr'><strong>illis</strong></span> <span class='ocrx_word' id='word_1_65' title='bbox 1847 969 1859 1003; x_wconf 92' lang='lat'><strong>:</strong></span> <span class='ocrx_word' id='word_1_66' title='bbox 1899 948 2092 1005; x_wconf 83' lang='lat' dir='ltr'><strong>Venite</strong></span> 
     </span>
    </p>
   </div>
   <div class='ocr_carea' id='block_1_11' title="bbox 520 1041 2092 1112">
    <p class='ocr_par' dir='ltr' id='par_1_11' title="bbox 520 1041 2092 1112">
     <span class='ocr_line' id='line_1_11' title="bbox 520 1041 2092 1112; baseline -0.001 -15"><span class='ocrx_word' id='word_1_67' title='bbox 520 1049 644 1112; x_wconf 88' lang='lat' dir='ltr'><strong>post</strong></span> <span class='ocrx_word' id='word_1_68' title='bbox 669 1058 775 1106; x_wconf 89' lang='lat' dir='ltr'><strong>me,</strong></span> <span class='ocrx_word' id='word_1_69' title='bbox 799 1051 852 1097; x_wconf 89' lang='lat' dir='ltr'><strong>et</strong></span> <span class='ocrx_word' id='word_1_70' title='bbox 887 1041 1082 1098; x_wconf 77' lang='lat' dir='ltr'><strong>faciam</strong></span> <span class='ocrx_word' id='word_1_71' title='bbox 1107 1058 1202 1096; x_wconf 88' lang='lat' dir='ltr'><strong>vos</strong></span> <span class='ocrx_word' id='word_1_72' title='bbox 1229 1041 1528 1111; x_wconf 84' lang='lat' dir='ltr'><strong>piscatores</strong></span> <span class='ocrx_word' id='word_1_73' title='bbox 1559 1041 1861 1096; x_wconf 89' lang='lat' dir='ltr'><strong>hominum.</strong></span> <span class='ocrx_word' id='word_1_74' title='bbox 1890 1042 1969 1096; x_wconf 93' lang='lat' dir='ltr'><strong>llli</strong></span> <span class='ocrx_word' id='word_1_75' title='bbox 1995 1059 2092 1096; x_wconf 85' lang='lat' dir='ltr'><strong>au-</strong></span> 
     </span>
    </p>
   </div>
   <div class='ocr_carea' id='block_1_12' title="bbox 513 1133 2092 1203">
    <p class='ocr_par' dir='ltr' id='par_1_12' title="bbox 513 1133 2092 1203">
     <span class='ocr_line' id='line_1_12' title="bbox 513 1133 2092 1203; baseline 0.001 -17"><span class='ocrx_word' id='word_1_76' title='bbox 513 1142 627 1188; x_wconf 80' lang='lat' dir='ltr'><strong>tem</strong></span> <span class='ocrx_word' id='word_1_77' title='bbox 655 1134 836 1188; x_wconf 87' lang='lat' dir='ltr'><strong>statim</strong></span> <span class='ocrx_word' id='word_1_78' title='bbox 868 1133 1073 1188; x_wconf 86' lang='lat' dir='ltr'><strong>relictis</strong></span> <span class='ocrx_word' id='word_1_79' title='bbox 1101 1133 1305 1188; x_wconf 89' lang='lat' dir='ltr'><strong>retibus</strong></span> <span class='ocrx_word' id='word_1_80' title='bbox 1333 1133 1505 1188; x_wconf 89' lang='lat' dir='ltr'><strong>secuti</strong></span> <span class='ocrx_word' id='word_1_81' title='bbox 1537 1142 1666 1187; x_wconf 86' lang='lat' dir='ltr'><strong>sunt</strong></span> <span class='ocrx_word' id='word_1_82' title='bbox 1701 1148 1846 1188; x_wconf 88' lang='lat' dir='ltr'><strong>eum.</strong></span> <span class='ocrx_word' id='word_1_83' title='bbox 1882 1133 1946 1186; x_wconf 89' lang='lat' dir='ltr'><strong>Et</strong></span> <span class='ocrx_word' id='word_1_84' title='bbox 1973 1149 2092 1203; x_wconf 81' lang='lat' dir='ltr'><strong>pro-</strong></span> 
     </span>
    </p>
   </div>
   <div class='ocr_carea' id='block_1_13' title="bbox 520 1224 2088 1290">
    <p class='ocr_par' dir='ltr' id='par_1_13' title="bbox 520 1224 2088 1290">
     <span class='ocr_line' id='line_1_13' title="bbox 520 1224 2088 1290; baseline 0.001 -10"><span class='ocrx_word' id='word_1_85' title='bbox 520 1225 700 1282; x_wconf 83' lang='lat' dir='ltr'><strong>fectus</strong></span> <span class='ocrx_word' id='word_1_86' title='bbox 741 1227 866 1282; x_wconf 88' lang='lat' dir='ltr'><strong>inde</strong></span> <span class='ocrx_word' id='word_1_87' title='bbox 898 1226 1035 1280; x_wconf 81' lang='lat' dir='ltr'><strong>vidit</strong></span> <span class='ocrx_word' id='word_1_88' title='bbox 1079 1226 1214 1280; x_wconf 89' lang='lat' dir='ltr'><strong>alios</strong></span> <span class='ocrx_word' id='word_1_89' title='bbox 1245 1226 1382 1280; x_wconf 88' lang='lat' dir='ltr'><strong>duos</strong></span> <span class='ocrx_word' id='word_1_90' title='bbox 1419 1224 1635 1290; x_wconf 83' lang='lat' dir='ltr'><strong>fratres,</strong></span> <span class='ocrx_word' id='word_1_91' title='bbox 1667 1224 1931 1282; x_wconf 88' lang='lat' dir='ltr'><strong>Jacobum</strong></span> <span class='ocrx_word' id='word_1_92' title='bbox 1985 1226 2088 1281; x_wconf 90' lang='lat' dir='ltr'><strong>Ze-</strong></span> 
     </span>
    </p>
   </div>
   <div class='ocr_carea' id='block_1_14' title="bbox 509 1315 2092 1386">
    <p class='ocr_par' dir='ltr' id='par_1_14' title="bbox 509 1315 2092 1386">
     <span class='ocr_line' id='line_1_14' title="bbox 509 1315 2092 1386; baseline -0.001 -14"><span class='ocrx_word' id='word_1_93' title='bbox 509 1318 710 1381; x_wconf 74' lang='lat' dir='ltr'><strong>bcdzei,</strong></span> <span class='ocrx_word' id='word_1_94' title='bbox 734 1326 786 1371; x_wconf 93' lang='lat' dir='ltr'><strong>et</strong></span> <span class='ocrx_word' id='word_1_95' title='bbox 816 1315 1080 1372; x_wconf 89' lang='lat' dir='ltr'><strong>Joannem</strong></span> <span class='ocrx_word' id='word_1_96' title='bbox 1119 1315 1340 1371; x_wconf 84' lang='lat' dir='ltr'><strong>fratrem</strong></span> <span class='ocrx_word' id='word_1_97' title='bbox 1372 1317 1492 1386; x_wconf 89' lang='lat' dir='ltr'><strong>ejus</strong></span> <span class='ocrx_word' id='word_1_98' title='bbox 1525 1317 1580 1370; x_wconf 93' lang='lat' dir='ltr'><strong>in</strong></span> <span class='ocrx_word' id='word_1_99' title='bbox 1614 1317 1738 1371; x_wconf 87' lang='lat' dir='ltr'><strong>navi</strong></span> <span class='ocrx_word' id='word_1_100' title='bbox 1769 1332 1894 1371; x_wconf 91' lang='lat' dir='ltr'><strong>cum</strong></span> <span class='ocrx_word' id='word_1_101' title='bbox 1930 1316 2092 1371; x_wconf 76' lang='lat' dir='ltr'><strong>Zebe~</strong></span> 
     </span>
    </p>
   </div>
   <div class='ocr_carea' id='block_1_15' title="bbox 516 1409 2090 1480">
    <p class='ocr_par' dir='ltr' id='par_1_15' title="bbox 516 1409 2090 1480">
     <span class='ocr_line' id='line_1_15' title="bbox 516 1409 2090 1480; baseline -0.002 -15"><span class='ocrx_word' id='word_1_102' title='bbox 516 1412 633 1465; x_wconf 55' lang='grc' dir='ltr'><strong>ἀπο</strong></span> <span class='ocrx_word' id='word_1_103' title='bbox 660 1417 814 1480; x_wconf 86' lang='lat' dir='ltr'><strong>patre</strong></span> <span class='ocrx_word' id='word_1_104' title='bbox 844 1410 1083 1478; x_wconf 88' lang='lat' dir='ltr'><strong>ipsorum</strong></span> <span class='ocrx_word' id='word_1_105' title='bbox 1119 1409 1428 1464; x_wconf 80' lang='lat' dir='ltr'><strong>reﬁcientes</strong></span> <span class='ocrx_word' id='word_1_106' title='bbox 1467 1410 1605 1464; x_wconf 89' lang='lat' dir='ltr'><strong>retia</strong></span> <span class='ocrx_word' id='word_1_107' title='bbox 1639 1425 1759 1473; x_wconf 88' lang='lat' dir='ltr'><strong>sua,</strong></span> <span class='ocrx_word' id='word_1_108' title='bbox 1788 1417 1842 1463; x_wconf 89' lang='lat' dir='ltr'><strong>et</strong></span> <span class='ocrx_word' id='word_1_109' title='bbox 1875 1409 2090 1463; x_wconf 89' lang='lat' dir='ltr'><strong>vocavit</strong></span> 
     </span>
    </p>
   </div>
   <div class='ocr_carea' id='block_1_16' title="bbox 507 1499 2083 1569">
    <p class='ocr_par' dir='ltr' id='par_1_16' title="bbox 507 1499 2083 1569">
     <span class='ocr_line' id='line_1_16' title="bbox 507 1499 2083 1569; baseline -0.003 -12"><span class='ocrx_word' id='word_1_110' title='bbox 507 1517 610 1557; x_wconf 76' lang='lat' dir='ltr'><strong>&#39;eos</strong></span> <span class='ocrx_word' id='word_1_111' title='bbox 640 1518 652 1552; x_wconf 93' lang='lat'>:</span> <span class='ocrx_word' id='word_1_112' title='bbox 688 1501 764 1554; x_wconf 93' lang='lat' dir='ltr'><strong>illi</strong></span> <span class='ocrx_word' id='word_1_113' title='bbox 799 1507 976 1554; x_wconf 86' lang='lat' dir='ltr'><strong>autem</strong></span> <span class='ocrx_word' id='word_1_114' title='bbox 1012 1501 1274 1555; x_wconf 90' lang='lat' dir='ltr'><strong>continuo</strong></span> <span class='ocrx_word' id='word_1_115' title='bbox 1303 1501 1488 1554; x_wconf 86' lang='lat' dir='ltr'><strong>relicta</strong></span> <span class='ocrx_word' id='word_1_116' title='bbox 1521 1500 1644 1553; x_wconf 88' lang='lat' dir='ltr'><strong>navi</strong></span> <span class='ocrx_word' id='word_1_117' title='bbox 1671 1507 1724 1554; x_wconf 89' lang='lat' dir='ltr'><strong>et</strong></span> <span class='ocrx_word' id='word_1_118' title='bbox 1755 1507 1908 1569; x_wconf 86' lang='lat' dir='ltr'><strong>patre</strong></span> <span class='ocrx_word' id='word_1_119' title='bbox 1939 1499 2083 1568; x_wconf 82' lang='lat' dir='ltr'><strong>ipso-</strong></span> 
     </span>
    </p>
   </div>
   <div class='ocr_carea' id='block_1_17' title="bbox 511 1586 2088 1654">
    <p class='ocr_par' dir='ltr' id='par_1_17' title="bbox 511 1586 2088 1654">
     <span class='ocr_line' id='line_1_17' title="bbox 511 1586 2088 1654; baseline 0 -12"><span class='ocrx_word' id='word_1_120' title='bbox 511 1604 658 1654; x_wconf 84' lang='lat' dir='ltr'><strong>rum,</strong></span> <span class='ocrx_word' id='word_1_121' title='bbox 690 1590 863 1645; x_wconf 87' lang='lat' dir='ltr'><strong>secuti</strong></span> <span class='ocrx_word' id='word_1_122' title='bbox 892 1598 1018 1644; x_wconf 91' lang='lat' dir='ltr'><strong>sunt</strong></span> <span class='ocrx_word' id='word_1_123' title='bbox 1047 1605 1189 1643; x_wconf 91' lang='lat' dir='ltr'><strong>eum.</strong></span> <span class='ocrx_word' id='word_1_124' title='bbox 1221 1590 1285 1642; x_wconf 87' lang='lat' dir='ltr'><strong>Et</strong></span> <span class='ocrx_word' id='word_1_125' title='bbox 1306 1589 1576 1644; x_wconf 87' lang='lat' dir='ltr'><strong>circuibat</strong></span> <span class='ocrx_word' id='word_1_126' title='bbox 1604 1587 1764 1643; x_wconf 84' lang='lat' dir='ltr'><strong>Jesus</strong></span> <span class='ocrx_word' id='word_1_127' title='bbox 1791 1596 1956 1642; x_wconf 86' lang='lat' dir='ltr'><strong>totam</strong></span> <span class='ocrx_word' id='word_1_128' title='bbox 1989 1586 2088 1642; x_wconf 82' lang='lat' dir='ltr'><strong>Ga-</strong></span> 
     </span>
    </p>
   </div>
   <div class='ocr_carea' id='block_1_18' title="bbox 514 1680 2086 1753">
    <p class='ocr_par' dir='ltr' id='par_1_18' title="bbox 514 1680 2086 1753">
     <span class='ocr_line' id='line_1_18' title="bbox 514 1680 2086 1753; baseline 0.001 -19"><span class='ocrx_word' id='word_1_129' title='bbox 514 1683 707 1736; x_wconf 68' lang='lat' dir='ltr'><strong>lilaeam</strong></span> <span class='ocrx_word' id='word_1_130' title='bbox 735 1681 938 1736; x_wconf 86' lang='lat' dir='ltr'><strong>docens</strong></span> <span class='ocrx_word' id='word_1_131' title='bbox 968 1682 1022 1734; x_wconf 93' lang='lat' dir='ltr'><strong>in</strong></span> <span class='ocrx_word' id='word_1_132' title='bbox 1049 1683 1408 1736; x_wconf 83' lang='lat' dir='ltr'><strong>conventibus</strong></span> <span class='ocrx_word' id='word_1_133' title='bbox 1436 1697 1648 1745; x_wconf 90' lang='lat' dir='ltr'><strong>eorum,</strong></span> <span class='ocrx_word' id='word_1_134' title='bbox 1681 1680 1844 1753; x_wconf 56' lang='lat'><strong>539</strong></span> <span class='ocrx_word' id='word_1_135' title='bbox 1865 1690 1918 1735; x_wconf 90' lang='lat' dir='ltr'><strong>et</strong></span> <span class='ocrx_word' id='word_1_136' title='bbox 1949 1697 2086 1752; x_wconf 80' lang='lat' dir='ltr'><strong>prae-</strong></span> 
     </span>
    </p>
   </div>
   <div class='ocr_carea' id='block_1_19' title="bbox 509 1773 2084 1845">
    <p class='ocr_par' dir='ltr' id='par_1_19' title="bbox 509 1773 2084 1845">
     <span class='ocr_line' id='line_1_19' title="bbox 509 1773 2084 1845; baseline -0.001 -16"><span class='ocrx_word' id='word_1_137' title='bbox 509 1774 701 1829; x_wconf 85' lang='lat' dir='ltr'><strong>dicans</strong></span> <span class='ocrx_word' id='word_1_138' title='bbox 731 1773 1079 1845; x_wconf 84' lang='lat' dir='ltr'><strong>Evangelium</strong></span> <span class='ocrx_word' id='word_1_139' title='bbox 1121 1775 1353 1845; x_wconf 85' lang='lat' dir='ltr'><strong>regni,et</strong></span> <span class='ocrx_word' id='word_1_140' title='bbox 1383 1790 1582 1830; x_wconf 88' lang='lat' dir='ltr'><strong>sanans</strong></span> <span class='ocrx_word' id='word_1_141' title='bbox 1615 1789 1831 1828; x_wconf 89' lang='lat' dir='ltr'><strong>omnem</strong></span> <span class='ocrx_word' id='word_1_142' title='bbox 1865 1775 2084 1842; x_wconf 66' lang='lat' dir='ltr'><strong>aegritu-</strong></span> 
     </span>
    </p>
   </div>
   <div class='ocr_carea' id='block_1_20' title="bbox 2211 581 3777 660">
    <p class='ocr_par' dir='ltr' id='par_1_20' title="bbox 2211 581 3777 660">
     <span class='ocr_line' id='line_1_20' title="bbox 2211 581 3777 660; baseline 0.007 -26"><span class='ocrx_word' id='word_1_143' title='bbox 2211 583 2342 636; x_wconf 77' lang='grc' dir='ltr'><strong>⁹Δπὺ</strong></span> <span class='ocrx_word' id='word_1_144' title='bbox 2386 583 2505 636; x_wconf 84' lang='grc' dir='ltr'>τότε</span> <span class='ocrx_word' id='word_1_145' title='bbox 2549 582 2679 651; x_wconf 90' lang='grc' dir='ltr'>γοῦν</span> <span class='ocrx_word' id='word_1_146' title='bbox 2727 581 2930 656; x_wconf 73' lang='grc' dir='ltr'>ἤρξατο</span> <span class='ocrx_word' id='word_1_147' title='bbox 2987 590 3016 640; x_wconf 99' lang='lat'><strong>6</strong></span> <span class='ocrx_word' id='word_1_148' title='bbox 3063 586 3271 658; x_wconf 61' lang='grc' dir='ltr'>Ἰησοῦς</span> <span class='ocrx_word' id='word_1_149' title='bbox 3325 589 3620 660; x_wconf 80' lang='grc' dir='ltr'><strong>κηρύσσειν</strong></span> <span class='ocrx_word' id='word_1_150' title='bbox 3681 593 3777 646; x_wconf 72' lang='grc' dir='ltr'><strong>καὶ</strong></span> 
     </span>
    </p>
   </div>
   <div class='ocr_carea' id='block_1_21' title="bbox 2195 675 3778 750">
    <p class='ocr_par' dir='ltr' id='par_1_21' title="bbox 2195 675 3778 750">
     <span class='ocr_line' id='line_1_21' title="bbox 2195 675 3778 750; baseline 0.005 -22"><span class='ocrx_word' id='word_1_151' title='bbox 2195 675 2372 745; x_wconf 86' lang='grc' dir='ltr'>λέγειν</span> <span class='ocrx_word' id='word_1_152' title='bbox 2396 693 2410 704; x_wconf 87' lang='grc'><strong>·</strong></span> <span class='ocrx_word' id='word_1_153' title='bbox 2470 677 2795 730; x_wconf 83' lang='grc' dir='ltr'><strong>Μετανοεῖτε</strong></span> <span class='ocrx_word' id='word_1_154' title='bbox 2820 719 2834 742; x_wconf 95' lang='grc'><strong>,</strong></span> <span class='ocrx_word' id='word_1_155' title='bbox 2881 678 2963 730; x_wconf 85' lang='grc' dir='ltr'><strong>ὅτι</strong></span> <span class='ocrx_word' id='word_1_156' title='bbox 2995 679 3224 749; x_wconf 75' lang='grc' dir='ltr'>ἧγγικεν</span> <span class='ocrx_word' id='word_1_157' title='bbox 3279 680 3312 750; x_wconf 81' lang='grc' dir='ltr'>ὴ</span> <span class='ocrx_word' id='word_1_158' title='bbox 3362 679 3605 750; x_wconf 82' lang='grc' dir='ltr'>βασιλεία</span> <span class='ocrx_word' id='word_1_159' title='bbox 3665 683 3778 736; x_wconf 86' lang='grc' dir='ltr'><strong>τῶν</strong></span> 
     </span>
    </p>
   </div>
   <div class='ocr_carea' id='block_1_22' title="bbox 2193 768 3775 844">
    <p class='ocr_par' dir='ltr' id='par_1_22' title="bbox 2193 768 3775 844">
     <span class='ocr_line' id='line_1_22' title="bbox 2193 768 3775 844; baseline 0.004 -23"><span class='ocrx_word' id='word_1_160' title='bbox 2193 768 2458 841; x_wconf 86' lang='grc' dir='ltr'>ούρανῶν.</span> <span class='ocrx_word' id='word_1_161' title='bbox 2493 769 2764 840; x_wconf 86' lang='grc' dir='ltr'>Παράγων</span> <span class='ocrx_word' id='word_1_162' title='bbox 2799 769 2856 822; x_wconf 82' lang='grc' dir='ltr'>δὲ</span> <span class='ocrx_word' id='word_1_163' title='bbox 2891 770 3043 840; x_wconf 86' lang='grc' dir='ltr'>παρὰ</span> <span class='ocrx_word' id='word_1_164' title='bbox 3075 769 3173 841; x_wconf 81' lang='grc' dir='ltr'><strong>τὴν</strong></span> <span class='ocrx_word' id='word_1_165' title='bbox 3213 771 3487 826; x_wconf 85' lang='grc' dir='ltr'>θάλασσαν</span> <span class='ocrx_word' id='word_1_166' title='bbox 3531 774 3630 844; x_wconf 83' lang='grc' dir='ltr'><strong>τῆς</strong></span> <span class='ocrx_word' id='word_1_167' title='bbox 3664 775 3775 827; x_wconf 80' lang='grc' dir='ltr'>Γα-</span> 
     </span>
    </p>
   </div>
   <div class='ocr_carea' id='block_1_23' title="bbox 2193 847 3840 936">
    <p class='ocr_par' dir='ltr' id='par_1_23' title="bbox 2193 847 3840 936">
     <span class='ocr_line' id='line_1_23' title="bbox 2193 847 3840 936; baseline 0.004 -24"><span class='ocrx_word' id='word_1_168' title='bbox 2193 860 2402 923; x_wconf 89' lang='grc' dir='ltr'>λιλαίας</span> <span class='ocrx_word' id='word_1_169' title='bbox 2434 854 2541 912; x_wconf 77' lang='grc' dir='ltr'>εἶδε</span> <span class='ocrx_word' id='word_1_170' title='bbox 2581 859 2673 913; x_wconf 79' lang='grc' dir='ltr'><strong>δύο</strong></span> <span class='ocrx_word' id='word_1_171' title='bbox 2714 860 3009 929; x_wconf 68' lang='grc' dir='ltr'>ἀδελφοὺς,</span> <span class='ocrx_word' id='word_1_172' title='bbox 3044 861 3260 932; x_wconf 88' lang='grc' dir='ltr'>Σίμωνα</span> <span class='ocrx_word' id='word_1_173' title='bbox 3303 862 3394 917; x_wconf 80' lang='grc' dir='ltr'><strong>τὸν</strong></span> <span class='ocrx_word' id='word_1_174' title='bbox 3441 865 3776 936; x_wconf 85' lang='grc' dir='ltr'>καλούμενον</span> <span class='ocrx_word' id='word_1_175' title='bbox 3834 847 3840 852; x_wconf 40' lang='grc'><em>’</em></span> 
     </span>
    </p>
   </div>
   <div class='ocr_carea' id='block_1_24' title="bbox 2193 951 3774 1025">
    <p class='ocr_par' dir='ltr' id='par_1_24' title="bbox 2193 951 3774 1025">
     <span class='ocr_line' id='line_1_24' title="bbox 2193 951 3774 1025; baseline 0.004 -21"><span class='ocrx_word' id='word_1_176' title='bbox 2193 952 2417 1024; x_wconf 79' lang='grc' dir='ltr'><strong>Πέτρον,</strong></span> <span class='ocrx_word' id='word_1_177' title='bbox 2458 952 2550 1004; x_wconf 76' lang='grc' dir='ltr'>καὶ</span> <span class='ocrx_word' id='word_1_178' title='bbox 2578 951 2833 1023; x_wconf 78' lang='grc' dir='ltr'>Ἀνδρέαν</span> <span class='ocrx_word' id='word_1_179' title='bbox 2863 953 2954 1006; x_wconf 72' lang='grc' dir='ltr'><strong>τὸν</strong></span> <span class='ocrx_word' id='word_1_180' title='bbox 2991 953 3216 1023; x_wconf 82' lang='grc' dir='ltr'>ἀδελφὸν</span> <span class='ocrx_word' id='word_1_181' title='bbox 3251 953 3439 1018; x_wconf 83' lang='grc' dir='ltr'><strong>αὐτοῦ⁹</strong></span> <span class='ocrx_word' id='word_1_182' title='bbox 3477 955 3774 1025; x_wconf 75' lang='grc' dir='ltr'><strong>βάλλοντας</strong></span> 
     </span>
    </p>
   </div>
   <div class='ocr_carea' id='block_1_25' title="bbox 2191 1041 3768 1117">
    <p class='ocr_par' dir='ltr' id='par_1_25' title="bbox 2191 1041 3768 1117">
     <span class='ocr_line' id='line_1_25' title="bbox 2191 1041 3768 1117; baseline 0.003 -23"><span class='ocrx_word' id='word_1_183' title='bbox 2191 1041 2596 1113; x_wconf 74' lang='grc' dir='ltr'>ἀμφίϐληστρον</span> <span class='ocrx_word' id='word_1_184' title='bbox 2643 1044 2724 1106; x_wconf 82' lang='grc' dir='ltr'>εἰς</span> <span class='ocrx_word' id='word_1_185' title='bbox 2761 1042 2856 1113; x_wconf 75' lang='grc' dir='ltr'><strong>τὴν</strong></span> <span class='ocrx_word' id='word_1_186' title='bbox 2891 1042 3161 1097; x_wconf 87' lang='grc' dir='ltr'>θάλασσαν</span> <span class='ocrx_word' id='word_1_187' title='bbox 3185 1060 3198 1073; x_wconf 84' lang='lat'><strong><em>°</em></strong></span> <span class='ocrx_word' id='word_1_188' title='bbox 3236 1041 3375 1115; x_wconf 81' lang='grc' dir='ltr'>ἦσαν</span> <span class='ocrx_word' id='word_1_189' title='bbox 3422 1047 3530 1117; x_wconf 76' lang='grc' dir='ltr'>γὰρ</span> <span class='ocrx_word' id='word_1_190' title='bbox 3565 1047 3768 1112; x_wconf 60' lang='lat' dir='ltr'><strong>exter;-</strong></span> 
     </span>
    </p>
   </div>
   <div class='ocr_carea' id='block_1_26' title="bbox 2191 1133 3773 1206">
    <p class='ocr_par' dir='ltr' id='par_1_26' title="bbox 2191 1133 3773 1206">
     <span class='ocr_line' id='line_1_26' title="bbox 2191 1133 3773 1206; baseline 0.004 -20"><span class='ocrx_word' id='word_1_191' title='bbox 2191 1135 2284 1188; x_wconf 76' lang='grc' dir='ltr'>καὶ</span> <span class='ocrx_word' id='word_1_192' title='bbox 2324 1133 2469 1203; x_wconf 81' lang='grc' dir='ltr'>λέγει</span> <span class='ocrx_word' id='word_1_193' title='bbox 2520 1135 2731 1198; x_wconf 72' lang='grc' dir='ltr'>αὐτοῖς*</span> <span class='ocrx_word' id='word_1_194' title='bbox 2778 1135 2941 1188; x_wconf 90' lang='grc' dir='ltr'>Δεῦτε</span> <span class='ocrx_word' id='word_1_195' title='bbox 2989 1135 3162 1188; x_wconf 82' lang='grc' dir='ltr'>ὀπίσω</span> <span class='ocrx_word' id='word_1_196' title='bbox 3213 1154 3347 1206; x_wconf 86' lang='grc' dir='ltr'>μου,</span> <span class='ocrx_word' id='word_1_197' title='bbox 3408 1139 3500 1190; x_wconf 77' lang='grc' dir='ltr'><strong>καὶ</strong></span> <span class='ocrx_word' id='word_1_198' title='bbox 3551 1141 3773 1206; x_wconf 76' lang='grc' dir='ltr'>ποιήσω</span> 
     </span>
    </p>
   </div>
   <div class='ocr_carea' id='block_1_27' title="bbox 2189 1223 3773 1297">
    <p class='ocr_par' dir='ltr' id='par_1_27' title="bbox 2189 1223 3773 1297">
     <span class='ocr_line' id='line_1_27' title="bbox 2189 1223 3773 1297; baseline 0.005 -23"><span class='ocrx_word' id='word_1_199' title='bbox 2189 1223 2332 1293; x_wconf 82' lang='grc' dir='ltr'>ὑμᾶς</span> <span class='ocrx_word' id='word_1_200' title='bbox 2379 1223 2550 1287; x_wconf 82' lang='grc' dir='ltr'>ἁλιεῖς</span> <span class='ocrx_word' id='word_1_201' title='bbox 2601 1223 2927 1294; x_wconf 85' lang='grc' dir='ltr'>ἀνθρώπων.</span> <span class='ocrx_word' id='word_1_202' title='bbox 2980 1226 3041 1278; x_wconf 82' lang='grc' dir='ltr'><strong>Οἱ</strong></span> <span class='ocrx_word' id='word_1_203' title='bbox 3089 1226 3146 1278; x_wconf 86' lang='grc' dir='ltr'>δὲ</span> <span class='ocrx_word' id='word_1_204' title='bbox 3190 1226 3390 1290; x_wconf 88' lang='grc' dir='ltr'>εύθέως</span> <span class='ocrx_word' id='word_1_205' title='bbox 3437 1228 3666 1297; x_wconf 65' lang='grc' dir='ltr'>ἀφέντες</span> <span class='ocrx_word' id='word_1_206' title='bbox 3703 1229 3773 1282; x_wconf 67' lang='grc' dir='ltr'>τὶ</span> 
     </span>
    </p>
   </div>
   <div class='ocr_carea' id='block_1_28' title="bbox 2188 1315 3771 1389">
    <p class='ocr_par' dir='ltr' id='par_1_28' title="bbox 2188 1315 3771 1389">
     <span class='ocr_line' id='line_1_28' title="bbox 2188 1315 3771 1389; baseline 0.002 -21"><span class='ocrx_word' id='word_1_207' title='bbox 2188 1316 2379 1369; x_wconf 86' lang='grc' dir='ltr'>δίκτυα</span> <span class='ocrx_word' id='word_1_208' title='bbox 2405 1316 2775 1387; x_wconf 77' lang='grc' dir='ltr'>ἠκολούθησαν</span> <span class='ocrx_word' id='word_1_209' title='bbox 2814 1317 2980 1388; x_wconf 79' lang='grc' dir='ltr'>αὐτῷ.</span> <span class='ocrx_word' id='word_1_210' title='bbox 3008 1318 3117 1371; x_wconf 84' lang='lat' dir='ltr'><strong>Kal</strong></span> <span class='ocrx_word' id='word_1_211' title='bbox 3150 1318 3357 1389; x_wconf 72' lang='grc' dir='ltr'>προϐάς</span> <span class='ocrx_word' id='word_1_212' title='bbox 3388 1320 3595 1372; x_wconf 78' lang='grc' dir='ltr'>ἐκεῖθεν</span> <span class='ocrx_word' id='word_1_213' title='bbox 3628 1315 3771 1372; x_wconf 78' lang='grc' dir='ltr'>εἶδεν</span> 
     </span>
    </p>
   </div>
   <div class='ocr_carea' id='block_1_29' title="bbox 2187 1408 3769 1479">
    <p class='ocr_par' dir='ltr' id='par_1_29' title="bbox 2187 1408 3769 1479">
     <span class='ocr_line' id='line_1_29' title="bbox 2187 1408 3769 1479; baseline 0.001 -17"><span class='ocrx_word' id='word_1_214' title='bbox 2187 1408 2378 1473; x_wconf 84' lang='grc' dir='ltr'>ἄλλους</span> <span class='ocrx_word' id='word_1_215' title='bbox 2413 1409 2506 1462; x_wconf 91' lang='grc' dir='ltr'><strong>δύο</strong></span> <span class='ocrx_word' id='word_1_216' title='bbox 2549 1410 2833 1479; x_wconf 78' lang='grc' dir='ltr'>ἀδελφοὺς,</span> <span class='ocrx_word' id='word_1_217' title='bbox 2869 1410 3120 1463; x_wconf 75' lang='grc' dir='ltr'>Ἰάκωϐον</span> <span class='ocrx_word' id='word_1_218' title='bbox 3172 1411 3261 1463; x_wconf 78' lang='grc' dir='ltr'>τὸν</span> <span class='ocrx_word' id='word_1_219' title='bbox 3313 1410 3404 1463; x_wconf 89' lang='grc' dir='ltr'><strong>τοῦ</strong></span> <span class='ocrx_word' id='word_1_220' title='bbox 3457 1411 3769 1474; x_wconf 77' lang='grc' dir='ltr'>Ζεϐεδαίου,</span> 
     </span>
    </p>
   </div>
   <div class='ocr_carea' id='block_1_30' title="bbox 2186 1500 3769 1573">
    <p class='ocr_par' dir='ltr' id='par_1_30' title="bbox 2186 1500 3769 1573">
     <span class='ocr_line' id='line_1_30' title="bbox 2186 1500 3769 1573; baseline 0.002 -20"><span class='ocrx_word' id='word_1_221' title='bbox 2186 1502 2278 1553; x_wconf 76' lang='grc' dir='ltr'><strong>καὶ</strong></span> <span class='ocrx_word' id='word_1_222' title='bbox 2314 1501 2564 1572; x_wconf 82' lang='grc' dir='ltr'>Ἰωάννην</span> <span class='ocrx_word' id='word_1_223' title='bbox 2592 1501 2684 1554; x_wconf 77' lang='grc' dir='ltr'><strong>τὸν</strong></span> <span class='ocrx_word' id='word_1_224' title='bbox 2720 1500 2944 1570; x_wconf 70' lang='grc' dir='ltr'>ἀδελφὸν</span> <span class='ocrx_word' id='word_1_225' title='bbox 2989 1502 3173 1564; x_wconf 81' lang='grc' dir='ltr'>αὐτοῦ,</span> <span class='ocrx_word' id='word_1_226' title='bbox 3210 1505 3267 1555; x_wconf 81' lang='grc' dir='ltr'>ὲν</span> <span class='ocrx_word' id='word_1_227' title='bbox 3298 1502 3376 1573; x_wconf 81' lang='grc' dir='ltr'><strong>τῷ</strong></span> <span class='ocrx_word' id='word_1_228' title='bbox 3420 1501 3588 1573; x_wconf 89' lang='grc' dir='ltr'>πλοίῳ</span> <span class='ocrx_word' id='word_1_229' title='bbox 3627 1505 3769 1572; x_wconf 80' lang='grc' dir='ltr'><strong>μετὰ</strong></span> 
     </span>
    </p>
   </div>
   <div class='ocr_carea' id='block_1_31' title="bbox 2185 1591 3768 1664">
    <p class='ocr_par' dir='ltr' id='par_1_31' title="bbox 2185 1591 3768 1664">
     <span class='ocr_line' id='line_1_31' title="bbox 2185 1591 3768 1664; baseline 0.003 -20"><span class='ocrx_word' id='word_1_230' title='bbox 2185 1591 2468 1646; x_wconf 80' lang='grc' dir='ltr'>Ζεϐεδαίου</span> <span class='ocrx_word' id='word_1_231' title='bbox 2493 1592 2585 1646; x_wconf 89' lang='grc' dir='ltr'><strong>τοῦ</strong></span> <span class='ocrx_word' id='word_1_232' title='bbox 2610 1593 2811 1664; x_wconf 82' lang='grc' dir='ltr'>πατρὸς</span> <span class='ocrx_word' id='word_1_233' title='bbox 2833 1592 3012 1646; x_wconf 82' lang='grc' dir='ltr'>αὐτῶν</span> <span class='ocrx_word' id='word_1_234' title='bbox 3035 1593 3460 1664; x_wconf 76' lang='grc' dir='ltr'>καταρτίζοντας</span> <span class='ocrx_word' id='word_1_235' title='bbox 3485 1593 3552 1646; x_wconf 80' lang='grc' dir='ltr'>τὰ</span> <span class='ocrx_word' id='word_1_236' title='bbox 3575 1593 3768 1648; x_wconf 84' lang='grc' dir='ltr'>δίκτυα</span> 
     </span>
    </p>
   </div>
   <div class='ocr_carea' id='block_1_32' title="bbox 2185 1684 3765 1754">
    <p class='ocr_par' dir='ltr' id='par_1_32' title="bbox 2185 1684 3765 1754">
     <span class='ocr_line' id='line_1_32' title="bbox 2185 1684 3765 1754; baseline -0.001 -16"><span class='ocrx_word' id='word_1_237' title='bbox 2185 1684 2384 1750; x_wconf 79' lang='grc' dir='ltr'>αὐτῶν,</span> <span class='ocrx_word' id='word_1_238' title='bbox 2427 1685 2519 1739; x_wconf 75' lang='grc' dir='ltr'><strong>καὶ</strong></span> <span class='ocrx_word' id='word_1_239' title='bbox 2552 1685 2806 1738; x_wconf 77' lang='grc' dir='ltr'>ἐκάλεσεν</span> <span class='ocrx_word' id='word_1_240' title='bbox 2833 1684 3048 1748; x_wconf 81' lang='grc' dir='ltr'>αὐτούς.</span> <span class='ocrx_word' id='word_1_241' title='bbox 3086 1687 3148 1738; x_wconf 85' lang='grc' dir='ltr'><strong>Οἱ</strong></span> <span class='ocrx_word' id='word_1_242' title='bbox 3180 1686 3236 1738; x_wconf 85' lang='grc' dir='ltr'>δὲ</span> <span class='ocrx_word' id='word_1_243' title='bbox 3275 1685 3496 1748; x_wconf 84' lang='grc' dir='ltr'>εὐθέως,</span> <span class='ocrx_word' id='word_1_244' title='bbox 3529 1685 3765 1754; x_wconf 72' lang='grc' dir='ltr'>ἀφέντες</span> 
     </span>
    </p>
   </div>
   <div class='ocr_carea' id='block_1_33' title="bbox 2183 1776 3766 1848">
    <p class='ocr_par' dir='ltr' id='par_1_33' title="bbox 2183 1776 3766 1848">
     <span class='ocr_line' id='line_1_33' title="bbox 2183 1776 3766 1848; baseline 0 -18"><span class='ocrx_word' id='word_1_245' title='bbox 2183 1778 2244 1830; x_wconf 85' lang='grc' dir='ltr'>τὸ</span> <span class='ocrx_word' id='word_1_246' title='bbox 2297 1777 2477 1830; x_wconf 85' lang='grc' dir='ltr'>πλοῖον</span> <span class='ocrx_word' id='word_1_247' title='bbox 2543 1778 2637 1830; x_wconf 73' lang='grc' dir='ltr'><strong>καὶ</strong></span> <span class='ocrx_word' id='word_1_248' title='bbox 2695 1777 2788 1829; x_wconf 78' lang='grc' dir='ltr'><strong>τὸν</strong></span> <span class='ocrx_word' id='word_1_249' title='bbox 2839 1777 3053 1848; x_wconf 83' lang='grc' dir='ltr'>πατέρα</span> <span class='ocrx_word' id='word_1_250' title='bbox 3115 1777 3328 1839; x_wconf 78' lang='grc' dir='ltr'>αὐτῶν,</span> <span class='ocrx_word' id='word_1_251' title='bbox 3387 1776 3766 1848; x_wconf 73' lang='grc' dir='ltr'>ἠκολούθησαν</span> 
     </span>
    </p>
   </div>
   <div class='ocr_carea' id='block_1_34' title="bbox 500 1848 2068 1940">
    <p class='ocr_par' dir='ltr' id='par_1_34' title="bbox 500 1866 2068 1938">
     <span class='ocr_line' id='line_1_34' title="bbox 500 1866 2068 1938; baseline 0.001 -18"><span class='ocrx_word' id='word_1_252' title='bbox 500 1868 689 1922; x_wconf 74' lang='grc' dir='ltr'>τιὶιιοῐη</span> <span class='ocrx_word' id='word_1_253' title='bbox 714 1875 766 1922; x_wconf 89' lang='lat' dir='ltr'><strong>et</strong></span> <span class='ocrx_word' id='word_1_254' title='bbox 790 1883 1003 1922; x_wconf 90' lang='lat' dir='ltr'><strong>omnem</strong></span> <span class='ocrx_word' id='word_1_255' title='bbox 1033 1867 1349 1938; x_wconf 83' lang='lat' dir='ltr'><strong>languorem</strong></span> <span class='ocrx_word' id='word_1_256' title='bbox 1377 1869 1429 1921; x_wconf 88' lang='lat' dir='ltr'><strong>in</strong></span> <span class='ocrx_word' id='word_1_257' title='bbox 1463 1868 1678 1938; x_wconf 86' lang='lat' dir='ltr'><strong>populo.</strong></span> <span class='ocrx_word' id='word_1_258' title='bbox 1709 1866 1773 1920; x_wconf 85' lang='lat' dir='ltr'><strong>Et</strong></span> <span class='ocrx_word' id='word_1_259' title='bbox 1802 1868 1934 1921; x_wconf 89' lang='lat' dir='ltr'><strong>abiit</strong></span> <span class='ocrx_word' id='word_1_260' title='bbox 1964 1867 2068 1937; x_wconf 88' lang='lat' dir='ltr'><strong>opi-</strong></span> 
     </span>
    </p>
   </div>
   <div class='ocr_carea' id='block_1_35' title="bbox 2168 1848 3761 1940">
    <p class='ocr_par' dir='ltr' id='par_1_35' title="bbox 2184 1867 3761 1940">
     <span class='ocr_line' id='line_1_35' title="bbox 2184 1867 3761 1940; baseline -0.001 -18"><span class='ocrx_word' id='word_1_261' title='bbox 2184 1867 2352 1938; x_wconf 84' lang='grc' dir='ltr'>αὐτῷ.</span> <span class='ocrx_word' id='word_1_262' title='bbox 2388 1870 2498 1922; x_wconf 81' lang='lat' dir='ltr'><strong>Kal</strong></span> <span class='ocrx_word' id='word_1_263' title='bbox 2527 1868 2790 1940; x_wconf 78' lang='grc' dir='ltr'>περιῆγεν</span> <span class='ocrx_word' id='word_1_264' title='bbox 2836 1870 2864 1920; x_wconf 92' lang='lat'><strong>6</strong></span> <span class='ocrx_word' id='word_1_265' title='bbox 2903 1869 3108 1939; x_wconf 88' lang='grc' dir='ltr'>Ἰησοῦς</span> <span class='ocrx_word' id='word_1_266' title='bbox 3149 1869 3277 1939; x_wconf 85' lang='grc' dir='ltr'>ὃλην</span> <span class='ocrx_word' id='word_1_267' title='bbox 3323 1868 3420 1940; x_wconf 84' lang='grc' dir='ltr'>τὴν</span> <span class='ocrx_word' id='word_1_268' title='bbox 3450 1868 3761 1933; x_wconf 82' lang='grc' dir='ltr'>Γαλιλαίαν,</span> 
     </span>
    </p>
   </div>
   <div class='ocr_carea' id='block_1_36' title="bbox 507 1957 2079 2028">
    <p class='ocr_par' dir='ltr' id='par_1_36' title="bbox 507 1957 2079 2028">
     <span class='ocr_line' id='line_1_36' title="bbox 507 1957 2079 2028; baseline 0.001 -16"><span class='ocrx_word' id='word_1_269' title='bbox 507 1960 602 2012; x_wconf 90' lang='lat' dir='ltr'><strong>nio</strong></span> <span class='ocrx_word' id='word_1_270' title='bbox 629 1958 747 2027; x_wconf 88' lang='lat' dir='ltr'><strong>ejus</strong></span> <span class='ocrx_word' id='word_1_271' title='bbox 771 1957 833 2011; x_wconf 93' lang='lat' dir='ltr'><strong>in</strong></span> <span class='ocrx_word' id='word_1_272' title='bbox 873 1966 1037 2012; x_wconf 87' lang='lat' dir='ltr'><strong>totam</strong></span> <span class='ocrx_word' id='word_1_273' title='bbox 1077 1959 1331 2028; x_wconf 89' lang='lat' dir='ltr'><strong>Syriam:</strong></span> <span class='ocrx_word' id='word_1_274' title='bbox 1377 1967 1430 2013; x_wconf 91' lang='lat' dir='ltr'><strong>et</strong></span> <span class='ocrx_word' id='word_1_275' title='bbox 1463 1958 1759 2013; x_wconf 68' lang='lat' dir='ltr'><strong>alierebant</strong></span> <span class='ocrx_word' id='word_1_276' title='bbox 1784 1958 1834 2012; x_wconf 88' lang='lat' dir='ltr'><strong>ei</strong></span> <span class='ocrx_word' id='word_1_277' title='bbox 1887 1973 2079 2014; x_wconf 90' lang='lat' dir='ltr'><strong>omnes</strong></span> 
     </span>
    </p>
   </div>
   <div class='ocr_carea' id='block_1_37' title="bbox 505 2051 2079 2116">
    <p class='ocr_par' dir='ltr' id='par_1_37' title="bbox 505 2051 2079 2116">
     <span class='ocr_line' id='line_1_37' title="bbox 505 2051 2079 2116; baseline -0.001 -11"><span class='ocrx_word' id='word_1_278' title='bbox 505 2052 648 2105; x_wconf 89' lang='lat' dir='ltr'><strong>male</strong></span> <span class='ocrx_word' id='word_1_279' title='bbox 699 2051 982 2116; x_wconf 82' lang='lat' dir='ltr'><strong>habentes,</strong></span> <span class='ocrx_word' id='word_1_280' title='bbox 1016 2051 1185 2105; x_wconf 86' lang='lat' dir='ltr'><strong>variis</strong></span> <span class='ocrx_word' id='word_1_281' title='bbox 1227 2051 1433 2104; x_wconf 87' lang='lat' dir='ltr'><strong>morbis</strong></span> <span class='ocrx_word' id='word_1_282' title='bbox 1466 2058 1520 2104; x_wconf 92' lang='lat' dir='ltr'><strong>et</strong></span> <span class='ocrx_word' id='word_1_283' title='bbox 1558 2051 1894 2105; x_wconf 77' lang='lat' dir='ltr'><strong>cruciatibus</strong></span> <span class='ocrx_word' id='word_1_284' title='bbox 1926 2065 2079 2104; x_wconf 91' lang='lat' dir='ltr'><strong>com-</strong></span> 
     </span>
    </p>
   </div>
   <div class='ocr_carea' id='block_1_38' title="bbox 505 2139 2078 2211">
    <p class='ocr_par' dir='ltr' id='par_1_38' title="bbox 505 2139 2078 2211">
     <span class='ocr_line' id='line_1_38' title="bbox 505 2139 2078 2211; baseline -0.001 -18"><span class='ocrx_word' id='word_1_285' title='bbox 505 2140 826 2211; x_wconf 84' lang='lat' dir='ltr'><strong>prehensos,</strong></span> <span class='ocrx_word' id='word_1_286' title='bbox 861 2147 916 2194; x_wconf 89' lang='lat' dir='ltr'><strong>ct</strong></span> <span class='ocrx_word' id='word_1_287' title='bbox 954 2140 1221 2194; x_wconf 71' lang='lat' dir='ltr'><strong>daemonia</strong></span> <span class='ocrx_word' id='word_1_288' title='bbox 1265 2139 1553 2206; x_wconf 85' lang='lat' dir='ltr'><strong>habentes,</strong></span> <span class='ocrx_word' id='word_1_289' title='bbox 1595 2147 1649 2193; x_wconf 91' lang='lat' dir='ltr'><strong>et</strong></span> <span class='ocrx_word' id='word_1_290' title='bbox 1700 2139 1992 2203; x_wconf 88' lang='lat' dir='ltr'><strong>lunaticos,</strong></span> <span class='ocrx_word' id='word_1_291' title='bbox 2024 2147 2078 2193; x_wconf 89' lang='lat' dir='ltr'><strong>et</strong></span> 
     </span>
    </p>
   </div>
   <div class='ocr_carea' id='block_1_39' title="bbox 499 2230 2075 2302">
    <p class='ocr_par' dir='ltr' id='par_1_39' title="bbox 499 2230 2075 2302">
     <span class='ocr_line' id='line_1_39' title="bbox 499 2230 2075 2302; baseline -0.001 -17"><span class='ocrx_word' id='word_1_292' title='bbox 499 2232 851 2302; x_wconf 84' lang='lat' dir='ltr'><strong>paralyticos,</strong></span> <span class='ocrx_word' id='word_1_293' title='bbox 912 2239 966 2286; x_wconf 88' lang='lat' dir='ltr'><strong>et</strong></span> <span class='ocrx_word' id='word_1_294' title='bbox 1014 2231 1243 2285; x_wconf 88' lang='lat' dir='ltr'><strong>sanabat</strong></span> <span class='ocrx_word' id='word_1_295' title='bbox 1273 2245 1390 2295; x_wconf 93' lang='lat' dir='ltr'><strong>eos,</strong></span> <span class='ocrx_word' id='word_1_296' title='bbox 1442 2239 1501 2284; x_wconf 90' lang='lat' dir='ltr'><strong>et</strong></span> <span class='ocrx_word' id='word_1_297' title='bbox 1554 2230 1925 2300; x_wconf 86' lang='lat' dir='ltr'><strong>sequebantur</strong></span> <span class='ocrx_word' id='word_1_298' title='bbox 1951 2246 2075 2285; x_wconf 90' lang='lat' dir='ltr'><strong>eum</strong></span> 
     </span>
    </p>
   </div>
   <div class='ocr_carea' id='block_1_40' title="bbox 501 2322 2076 2392">
    <p class='ocr_par' dir='ltr' id='par_1_40' title="bbox 501 2322 2076 2392">
     <span class='ocr_line' id='line_1_40' title="bbox 501 2322 2076 2392; baseline -0.001 -14"><span class='ocrx_word' id='word_1_299' title='bbox 501 2325 678 2380; x_wconf 59' lang='lat' dir='ltr'><strong>turba</strong></span> <span class='ocrx_word' id='word_1_300' title='bbox 723 2324 907 2378; x_wconf 68' lang='lat' dir='ltr'><strong>multa:</strong></span> <span class='ocrx_word' id='word_1_301' title='bbox 937 2337 968 2377; x_wconf 91' lang='lat' dir='ltr'><strong>a</strong></span> <span class='ocrx_word' id='word_1_302' title='bbox 997 2322 1219 2378; x_wconf 86' lang='lat' dir='ltr'><strong>Galilaea</strong></span> <span class='ocrx_word' id='word_1_303' title='bbox 1243 2324 1308 2378; x_wconf 83' lang='grc'>⁶⁰.</span> <span class='ocrx_word' id='word_1_304' title='bbox 1351 2343 1368 2376; x_wconf 72' lang='grc' dir='ltr'><strong>ι</strong></span> <span class='ocrx_word' id='word_1_305' title='bbox 1413 2323 1558 2378; x_wconf 84' lang='lat' dir='ltr'><strong>Sane</strong></span> <span class='ocrx_word' id='word_1_306' title='bbox 1589 2322 1703 2377; x_wconf 55' lang='lat' dir='ltr'><strong>haec</strong></span> <span class='ocrx_word' id='word_1_307' title='bbox 1735 2323 1916 2377; x_wconf 87' lang='lat' dir='ltr'><strong>omnia</strong></span> <span class='ocrx_word' id='word_1_308' title='bbox 1945 2339 2076 2392; x_wconf 89' lang='lat' dir='ltr'><strong>pro-</strong></span> 
     </span>
    </p>
   </div>
   <div class='ocr_carea' id='block_1_41' title="bbox 495 2415 2074 2488">
    <p class='ocr_par' dir='ltr' id='par_1_41' title="bbox 495 2415 2074 2488">
     <span class='ocr_line' id='line_1_41' title="bbox 495 2415 2074 2488; baseline 0.001 -18"><span class='ocrx_word' id='word_1_309' title='bbox 495 2427 622 2488; x_wconf 85' lang='lat' dir='ltr'><strong>pter</strong></span> <span class='ocrx_word' id='word_1_310' title='bbox 655 2417 996 2487; x_wconf 80' lang='lat' dir='ltr'><strong>prophetiam</strong></span> <span class='ocrx_word' id='word_1_311' title='bbox 1042 2417 1294 2486; x_wconf 83' lang='lat' dir='ltr'><strong>exposui,</strong></span> <span class='ocrx_word' id='word_1_312' title='bbox 1332 2432 1452 2486; x_wconf 75' lang='lat' dir='ltr'><strong>quae</strong></span> <span class='ocrx_word' id='word_1_313' title='bbox 1483 2417 1536 2470; x_wconf 92' lang='lat' dir='ltr'><strong>in</strong></span> <span class='ocrx_word' id='word_1_314' title='bbox 1569 2415 1788 2471; x_wconf 70' lang='lat' dir='ltr'><strong>Galilaea</strong></span> <span class='ocrx_word' id='word_1_315' title='bbox 1818 2432 2074 2488; x_wconf 87' lang='lat' dir='ltr'><strong>magnum</strong></span> 
     </span>
    </p>
   </div>
   <div class='ocr_carea' id='block_1_42' title="bbox 503 2507 2074 2580">
    <p class='ocr_par' dir='ltr' id='par_1_42' title="bbox 503 2507 2074 2580">
     <span class='ocr_line' id='line_1_42' title="bbox 503 2507 2074 2580; baseline 0.001 -18"><span class='ocrx_word' id='word_1_316' title='bbox 503 2509 684 2563; x_wconf 91' lang='lat' dir='ltr'><strong>lumen</strong></span> <span class='ocrx_word' id='word_1_317' title='bbox 715 2510 828 2563; x_wconf 81' lang='lat' dir='ltr'><strong>fore</strong></span> <span class='ocrx_word' id='word_1_318' title='bbox 857 2509 1163 2578; x_wconf 85' lang='lat' dir='ltr'><strong>pollicetur,</strong></span> <span class='ocrx_word' id='word_1_319' title='bbox 1191 2518 1245 2563; x_wconf 91' lang='lat' dir='ltr'><strong>et</strong></span> <span class='ocrx_word' id='word_1_320' title='bbox 1272 2509 1326 2562; x_wconf 92' lang='lat' dir='ltr'><strong>in</strong></span> <span class='ocrx_word' id='word_1_321' title='bbox 1360 2509 1580 2580; x_wconf 83' lang='lat' dir='ltr'><strong>regione</strong></span> <span class='ocrx_word' id='word_1_322' title='bbox 1610 2508 1854 2563; x_wconf 86' lang='lat' dir='ltr'><strong>Zabulon</strong></span> <span class='ocrx_word' id='word_1_323' title='bbox 1877 2524 1939 2563; x_wconf 91' lang='lat' dir='ltr'><strong>ac</strong></span> <span class='ocrx_word' id='word_1_324' title='bbox 1965 2507 2074 2564; x_wconf 88' lang='lat' dir='ltr'><strong>Nc-</strong></span> 
     </span>
    </p>
   </div>
   <div class='ocr_carea' id='block_1_43' title="bbox 500 2599 2070 2670">
    <p class='ocr_par' dir='ltr' id='par_1_43' title="bbox 500 2599 2070 2670">
     <span class='ocr_line' id='line_1_43' title="bbox 500 2599 2070 2670; baseline 0.001 -18"><span class='ocrx_word' id='word_1_325' title='bbox 500 2599 786 2669; x_wconf 87' lang='lat' dir='ltr'><strong>phthalim,</strong></span> <span class='ocrx_word' id='word_1_326' title='bbox 823 2615 946 2656; x_wconf 87' lang='lat' dir='ltr'><strong>cum</strong></span> <span class='ocrx_word' id='word_1_327' title='bbox 982 2609 1164 2654; x_wconf 88' lang='lat' dir='ltr'><strong>tamen</strong></span> <span class='ocrx_word' id='word_1_328' title='bbox 1212 2610 1405 2654; x_wconf 88' lang='lat' dir='ltr'><strong>neutra</strong></span> <span class='ocrx_word' id='word_1_329' title='bbox 1439 2601 1508 2656; x_wconf 91' lang='lat' dir='ltr'><strong>sit</strong></span> <span class='ocrx_word' id='word_1_330' title='bbox 1555 2600 1772 2654; x_wconf 58' lang='lat' dir='ltr'><strong>Galilaia</strong></span> <span class='ocrx_word' id='word_1_331' title='bbox 1809 2600 2070 2670; x_wconf 88' lang='lat' dir='ltr'><strong>gentium.</strong></span> 
     </span>
    </p>
   </div>
   <div class='ocr_carea' id='block_1_44' title="bbox 497 2690 2073 2762">
    <p class='ocr_par' dir='ltr' id='par_1_44' title="bbox 497 2690 2073 2762">
     <span class='ocr_line' id='line_1_44' title="bbox 497 2690 2073 2762; baseline 0.001 -18"><span class='ocrx_word' id='word_1_332' title='bbox 497 2691 609 2744; x_wconf 77' lang='lat' dir='ltr'><strong>Cur</strong></span> <span class='ocrx_word' id='word_1_333' title='bbox 631 2703 812 2745; x_wconf 88' lang='lat' dir='ltr'><strong>autem</strong></span> <span class='ocrx_word' id='word_1_334' title='bbox 838 2691 892 2746; x_wconf 91' lang='lat' dir='ltr'><strong>in</strong></span> <span class='ocrx_word' id='word_1_335' title='bbox 924 2690 1141 2746; x_wconf 70' lang='lat' dir='ltr'><strong>Galilaea</strong></span> <span class='ocrx_word' id='word_1_336' title='bbox 1174 2691 1414 2762; x_wconf 85' lang='lat' dir='ltr'><strong>gentium</strong></span> <span class='ocrx_word' id='word_1_337' title='bbox 1442 2692 1737 2762; x_wconf 90' lang='lat' dir='ltr'><strong>plurimum</strong></span> <span class='ocrx_word' id='word_1_338' title='bbox 1762 2691 2073 2747; x_wconf 74' lang='lat' dir='ltr'><strong>diversatus</strong></span> 
     </span>
    </p>
   </div>
   <div class='ocr_carea' id='block_1_45' title="bbox 497 2783 2074 2854">
    <p class='ocr_par' dir='ltr' id='par_1_45' title="bbox 497 2783 2074 2854">
     <span class='ocr_line' id='line_1_45' title="bbox 497 2783 2074 2854; baseline 0.001 -16"><span class='ocrx_word' id='word_1_339' title='bbox 497 2785 617 2840; x_wconf 85' lang='lat' dir='ltr'><strong>est?</strong></span> <span class='ocrx_word' id='word_1_340' title='bbox 645 2784 912 2839; x_wconf 57' lang='lat' dir='ltr'><strong>Nimirum</strong></span> <span class='ocrx_word' id='word_1_341' title='bbox 942 2793 1000 2838; x_wconf 91' lang='lat' dir='ltr'><strong>ut</strong></span> <span class='ocrx_word' id='word_1_342' title='bbox 1031 2783 1275 2838; x_wconf 88' lang='lat' dir='ltr'><strong>omnium</strong></span> <span class='ocrx_word' id='word_1_343' title='bbox 1308 2783 1549 2854; x_wconf 87' lang='lat' dir='ltr'><strong>gentium</strong></span> <span class='ocrx_word' id='word_1_344' title='bbox 1582 2784 1885 2839; x_wconf 88' lang='lat' dir='ltr'><strong>vocationis</strong></span> <span class='ocrx_word' id='word_1_345' title='bbox 1914 2799 2074 2840; x_wconf 79' lang='lat' dir='ltr'><strong>exor-</strong></span> 
     </span>
    </p>
   </div>
   <div class='ocr_carea' id='block_1_46' title="bbox 497 2873 2071 2945">
    <p class='ocr_par' dir='ltr' id='par_1_46' title="bbox 497 2873 2071 2945">
     <span class='ocr_line' id='line_1_46' title="bbox 497 2873 2071 2945; baseline 0.001 -16"><span class='ocrx_word' id='word_1_346' title='bbox 497 2875 587 2930; x_wconf 88' lang='lat' dir='ltr'><strong>dia</strong></span> <span class='ocrx_word' id='word_1_347' title='bbox 618 2875 1009 2938; x_wconf 85' lang='lat' dir='ltr'><strong>constitueret;</strong></span> <span class='ocrx_word' id='word_1_348' title='bbox 1041 2874 1242 2929; x_wconf 89' lang='lat' dir='ltr'><strong>etenim</strong></span> <span class='ocrx_word' id='word_1_349' title='bbox 1274 2873 1402 2929; x_wconf 87' lang='lat' dir='ltr'><strong>inde</strong></span> <span class='ocrx_word' id='word_1_350' title='bbox 1449 2874 1722 2944; x_wconf 81' lang='lat' dir='ltr'><strong>profectos</strong></span> <span class='ocrx_word' id='word_1_351' title='bbox 1772 2875 2071 2945; x_wconf 87' lang='lat' dir='ltr'><strong>discipulos</strong></span> 
     </span>
    </p>
   </div>
   <div class='ocr_carea' id='block_1_47' title="bbox 497 2965 2074 3036">
    <p class='ocr_par' dir='ltr' id='par_1_47' title="bbox 497 2965 2074 3036">
     <span class='ocr_line' id='line_1_47' title="bbox 497 2965 2074 3036; baseline 0.001 -14"><span class='ocrx_word' id='word_1_352' title='bbox 497 2983 626 3024; x_wconf 89' lang='lat' dir='ltr'><strong>suos</strong></span> <span class='ocrx_word' id='word_1_353' title='bbox 657 2967 922 3022; x_wconf 80' lang='lat' dir='ltr'><strong>evocavit.</strong></span> <span class='ocrx_word' id='word_1_354' title='bbox 953 2966 1222 3032; x_wconf 87' lang='lat' dir='ltr'><strong>Quocirca</strong></span> <span class='ocrx_word' id='word_1_355' title='bbox 1253 2965 1419 3036; x_wconf 77' lang='lat' dir='ltr'><strong>pau‘lo</strong></span> <span class='ocrx_word' id='word_1_356' title='bbox 1459 2976 1580 3036; x_wconf 89' lang='lat' dir='ltr'><strong>post</strong></span> <span class='ocrx_word' id='word_1_357' title='bbox 1599 2967 1652 3021; x_wconf 91' lang='lat' dir='ltr'><strong>in</strong></span> <span class='ocrx_word' id='word_1_358' title='bbox 1676 2968 1866 3022; x_wconf 89' lang='lat' dir='ltr'><strong>eodem</strong></span> <span class='ocrx_word' id='word_1_359' title='bbox 1899 2967 2074 3023; x_wconf 85' lang='lat' dir='ltr'><strong>Evan-</strong></span> 
     </span>
    </p>
   </div>
   <div class='ocr_carea' id='block_1_48' title="bbox 495 3057 2064 3131">
    <p class='ocr_par' dir='ltr' id='par_1_48' title="bbox 495 3057 2064 3131">
     <span class='ocr_line' id='line_1_48' title="bbox 495 3057 2064 3131; baseline 0 -16"><span class='ocrx_word' id='word_1_360' title='bbox 495 3061 634 3131; x_wconf 89' lang='lat' dir='ltr'><strong>gelio</strong></span> <span class='ocrx_word' id='word_1_361' title='bbox 656 3060 898 3116; x_wconf 88' lang='lat' dir='ltr'><strong>invenies</strong></span> <span class='ocrx_word' id='word_1_362' title='bbox 921 3059 1231 3114; x_wconf 71' lang='lat' dir='ltr'><strong>Matthaaum</strong></span> <span class='ocrx_word' id='word_1_363' title='bbox 1254 3059 1322 3114; x_wconf 92' lang='lat' dir='ltr'><strong>de</strong></span> <span class='ocrx_word' id='word_1_364' title='bbox 1342 3057 1560 3114; x_wconf 68' lang='lat' dir='ltr'><strong>Galilaea</strong></span> <span class='ocrx_word' id='word_1_365' title='bbox 1585 3068 1837 3114; x_wconf 87' lang='lat' dir='ltr'><strong>vocatum</strong></span> <span class='ocrx_word' id='word_1_366' title='bbox 1861 3059 2064 3117; x_wconf 81' lang='lat' dir='ltr'><strong>fuisse:</strong></span> 
     </span>
    </p>
   </div>
   <div class='ocr_carea' id='block_1_49' title="bbox 493 3150 2064 3223">
    <p class='ocr_par' dir='ltr' id='par_1_49' title="bbox 493 3150 2064 3223">
     <span class='ocr_line' id='line_1_49' title="bbox 493 3150 2064 3223; baseline 0.001 -17"><span class='ocrx_word' id='word_1_367' title='bbox 493 3159 548 3206; x_wconf 89' lang='lat' dir='ltr'><strong>et</strong></span> <span class='ocrx_word' id='word_1_368' title='bbox 587 3153 639 3206; x_wconf 93' lang='lat' dir='ltr'><strong>in</strong></span> <span class='ocrx_word' id='word_1_369' title='bbox 675 3152 784 3206; x_wconf 89' lang='lat' dir='ltr'><strong>alio</strong></span> <span class='ocrx_word' id='word_1_370' title='bbox 823 3167 1020 3206; x_wconf 90' lang='lat' dir='ltr'><strong>rursus</strong></span> <span class='ocrx_word' id='word_1_371' title='bbox 1066 3150 1220 3206; x_wconf 90' lang='lat' dir='ltr'><strong>Levi.</strong></span> <span class='ocrx_word' id='word_1_372' title='bbox 1250 3150 1536 3222; x_wconf 87' lang='lat' dir='ltr'><strong>Philippus</strong></span> <span class='ocrx_word' id='word_1_373' title='bbox 1580 3160 1784 3216; x_wconf 90' lang='lat' dir='ltr'><strong>autem,</strong></span> <span class='ocrx_word' id='word_1_374' title='bbox 1812 3160 1872 3207; x_wconf 94' lang='lat' dir='ltr'><strong>ut</strong></span> <span class='ocrx_word' id='word_1_375' title='bbox 1922 3153 2064 3223; x_wconf 89' lang='lat' dir='ltr'><strong>apud</strong></span> 
     </span>
    </p>
   </div>
   <div class='ocr_carea' id='block_1_50' title="bbox 2180 1960 3764 2032">
    <p class='ocr_par' dir='ltr' id='par_1_50' title="bbox 2180 1960 3764 2032">
     <span class='ocr_line' id='line_1_50' title="bbox 2180 1960 3764 2032; baseline 0.001 -20"><span class='ocrx_word' id='word_1_376' title='bbox 2180 1960 2444 2014; x_wconf 72' lang='grc' dir='ltr'>διδάσκων</span> <span class='ocrx_word' id='word_1_377' title='bbox 2475 1961 2530 2012; x_wconf 81' lang='grc' dir='ltr'><strong>ὲν</strong></span> <span class='ocrx_word' id='word_1_378' title='bbox 2556 1963 2674 2024; x_wconf 85' lang='grc' dir='ltr'>ταῖς</span> <span class='ocrx_word' id='word_1_379' title='bbox 2706 1964 3046 2028; x_wconf 84' lang='grc' dir='ltr'>συναγωγαῖς</span> <span class='ocrx_word' id='word_1_380' title='bbox 3091 1961 3291 2023; x_wconf 79' lang='grc' dir='ltr'>αὐτῶν,</span> <span class='ocrx_word' id='word_1_381' title='bbox 3323 1961 3416 2013; x_wconf 72' lang='grc' dir='ltr'><strong>καὶ</strong></span> <span class='ocrx_word' id='word_1_382' title='bbox 3463 1961 3764 2032; x_wconf 88' lang='grc' dir='ltr'>κηρύσσων</span> 
     </span>
    </p>
   </div>
   <div class='ocr_carea' id='block_1_51' title="bbox 2177 2051 3759 2124">
    <p class='ocr_par' dir='ltr' id='par_1_51' title="bbox 2177 2051 3759 2124">
     <span class='ocr_line' id='line_1_51' title="bbox 2177 2051 3759 2124; baseline 0 -20"><span class='ocrx_word' id='word_1_383' title='bbox 2177 2053 2238 2104; x_wconf 86' lang='grc' dir='ltr'><strong>τὸ</strong></span> <span class='ocrx_word' id='word_1_384' title='bbox 2275 2052 2602 2121; x_wconf 83' lang='grc' dir='ltr'>Εύαγγέλιον</span> <span class='ocrx_word' id='word_1_385' title='bbox 2633 2052 2730 2123; x_wconf 85' lang='grc' dir='ltr'>τῆς</span> <span class='ocrx_word' id='word_1_386' title='bbox 2766 2052 3056 2122; x_wconf 77' lang='grc' dir='ltr'>βασιλείας,</span> <span class='ocrx_word' id='word_1_387' title='bbox 3092 2053 3184 2106; x_wconf 79' lang='grc' dir='ltr'><strong>καὶ</strong></span> <span class='ocrx_word' id='word_1_388' title='bbox 3222 2051 3540 2124; x_wconf 78' lang='grc' dir='ltr'>θεραπεύων</span> <span class='ocrx_word' id='word_1_389' title='bbox 3577 2055 3759 2106; x_wconf 76' lang='grc' dir='ltr'>πᾶσαν</span> 
     </span>
    </p>
   </div>
   <div class='ocr_carea' id='block_1_52' title="bbox 2179 2144 3756 2216">
    <p class='ocr_par' dir='ltr' id='par_1_52' title="bbox 2179 2144 3756 2216">
     <span class='ocr_line' id='line_1_52' title="bbox 2179 2144 3756 2216; baseline -0.001 -19"><span class='ocrx_word' id='word_1_390' title='bbox 2179 2145 2351 2204; x_wconf 88' lang='grc' dir='ltr'>νόσον,</span> <span class='ocrx_word' id='word_1_391' title='bbox 2384 2147 2479 2199; x_wconf 73' lang='grc' dir='ltr'><strong>καὶ</strong></span> <span class='ocrx_word' id='word_1_392' title='bbox 2514 2146 2694 2200; x_wconf 78' lang='grc' dir='ltr'>πᾶσαν</span> <span class='ocrx_word' id='word_1_393' title='bbox 2744 2144 3012 2216; x_wconf 81' lang='grc' dir='ltr'>μαλακίαν</span> <span class='ocrx_word' id='word_1_394' title='bbox 3052 2146 3110 2197; x_wconf 83' lang='grc' dir='ltr'>ὲν</span> <span class='ocrx_word' id='word_1_395' title='bbox 3138 2144 3213 2215; x_wconf 84' lang='grc' dir='ltr'><strong>τῷ</strong></span> <span class='ocrx_word' id='word_1_396' title='bbox 3258 2145 3390 2216; x_wconf 82' lang='grc' dir='ltr'>λαῷ.</span> <span class='ocrx_word' id='word_1_397' title='bbox 3425 2145 3536 2198; x_wconf 77' lang='lat' dir='ltr'><strong>Kal</strong></span> <span class='ocrx_word' id='word_1_398' title='bbox 3577 2145 3756 2216; x_wconf 74' lang='grc' dir='ltr'>ἀπῆλ-</span> 
     </span>
    </p>
   </div>
   <div class='ocr_carea' id='block_1_53' title="bbox 2177 2237 3760 2309">
    <p class='ocr_par' dir='ltr' id='par_1_53' title="bbox 2177 2237 3760 2309">
     <span class='ocr_line' id='line_1_53' title="bbox 2177 2237 3760 2309; baseline -0.002 -17"><span class='ocrx_word' id='word_1_399' title='bbox 2177 2238 2266 2292; x_wconf 85' lang='grc' dir='ltr'><strong>θεν</strong></span> <span class='ocrx_word' id='word_1_400' title='bbox 2299 2238 2332 2309; x_wconf 82' lang='grc' dir='ltr'>ή</span> <span class='ocrx_word' id='word_1_401' title='bbox 2363 2238 2499 2309; x_wconf 85' lang='grc' dir='ltr'>ἀκοὴ</span> <span class='ocrx_word' id='word_1_402' title='bbox 2537 2238 2698 2291; x_wconf 82' lang='grc' dir='ltr'>αὐτοῦ</span> <span class='ocrx_word' id='word_1_403' title='bbox 2736 2241 2814 2302; x_wconf 88' lang='grc' dir='ltr'>εἰς</span> <span class='ocrx_word' id='word_1_404' title='bbox 2847 2237 2973 2308; x_wconf 81' lang='grc' dir='ltr'>ὃλην</span> <span class='ocrx_word' id='word_1_405' title='bbox 3009 2238 3108 2309; x_wconf 80' lang='grc' dir='ltr'>τὴν</span> <span class='ocrx_word' id='word_1_406' title='bbox 3159 2238 3356 2309; x_wconf 85' lang='grc' dir='ltr'>Συρίαν</span> <span class='ocrx_word' id='word_1_407' title='bbox 3379 2255 3392 2268; x_wconf 89' lang='grc'><strong>·</strong></span> <span class='ocrx_word' id='word_1_408' title='bbox 3443 2238 3538 2290; x_wconf 77' lang='grc' dir='ltr'>καὶ</span> <span class='ocrx_word' id='word_1_409' title='bbox 3587 2254 3760 2309; x_wconf 88' lang='grc' dir='ltr'>προσ-</span> 
     </span>
    </p>
   </div>
   <div class='ocr_carea' id='block_1_54' title="bbox 2181 2329 3759 2400">
    <p class='ocr_par' dir='ltr' id='par_1_54' title="bbox 2181 2329 3759 2400">
     <span class='ocr_line' id='line_1_54' title="bbox 2181 2329 3759 2400; baseline 0.001 -19"><span class='ocrx_word' id='word_1_410' title='bbox 2181 2331 2417 2400; x_wconf 83' lang='grc' dir='ltr'>ήνεγκαν</span> <span class='ocrx_word' id='word_1_411' title='bbox 2444 2329 2590 2400; x_wconf 80' lang='grc' dir='ltr'>αὐτῷ</span> <span class='ocrx_word' id='word_1_412' title='bbox 2623 2331 2830 2393; x_wconf 83' lang='grc' dir='ltr'>πάντας</span> <span class='ocrx_word' id='word_1_413' title='bbox 2856 2331 2981 2393; x_wconf 79' lang='grc' dir='ltr'>τοὺς</span> <span class='ocrx_word' id='word_1_414' title='bbox 3012 2329 3196 2393; x_wconf 86' lang='grc' dir='ltr'>κακῶς</span> <span class='ocrx_word' id='word_1_415' title='bbox 3227 2330 3467 2400; x_wconf 77' lang='grc' dir='ltr'>ἔχοντας,</span> <span class='ocrx_word' id='word_1_416' title='bbox 3485 2330 3759 2392; x_wconf 82' lang='grc' dir='ltr'>ποικίλαις</span> 
     </span>
    </p>
   </div>
   <div class='ocr_carea' id='block_1_55' title="bbox 2174 2416 3755 2490">
    <p class='ocr_par' dir='ltr' id='par_1_55' title="bbox 2174 2416 3755 2490">
     <span class='ocr_line' id='line_1_55' title="bbox 2174 2416 3755 2490; baseline -0.002 -19"><span class='ocrx_word' id='word_1_417' title='bbox 2174 2419 2348 2483; x_wconf 82' lang='grc' dir='ltr'>νόσοις</span> <span class='ocrx_word' id='word_1_418' title='bbox 2381 2420 2473 2473; x_wconf 72' lang='grc' dir='ltr'>καὶ</span> <span class='ocrx_word' id='word_1_419' title='bbox 2509 2418 2760 2490; x_wconf 83' lang='grc' dir='ltr'>βασάνοις</span> <span class='ocrx_word' id='word_1_420' title='bbox 2799 2418 3208 2488; x_wconf 82' lang='grc' dir='ltr'>συνεχομένους,</span> <span class='ocrx_word' id='word_1_421' title='bbox 3255 2416 3755 2487; x_wconf 76' lang='grc' dir='ltr'>δαιμονιζομένους,</span> 
     </span>
    </p>
   </div>
   <div class='ocr_carea' id='block_1_56' title="bbox 2175 2506 3752 2581">
    <p class='ocr_par' dir='ltr' id='par_1_56' title="bbox 2175 2506 3752 2581">
     <span class='ocr_line' id='line_1_56' title="bbox 2175 2506 3752 2581; baseline -0.003 -18"><span class='ocrx_word' id='word_1_422' title='bbox 2175 2513 2269 2564; x_wconf 75' lang='grc' dir='ltr'><strong>καὶ</strong></span> <span class='ocrx_word' id='word_1_423' title='bbox 2304 2509 2807 2581; x_wconf 80' lang='grc' dir='ltr'>σεληνιαζομένους,</span> <span class='ocrx_word' id='word_1_424' title='bbox 2838 2511 2930 2563; x_wconf 75' lang='grc' dir='ltr'><strong>καὶ</strong></span> <span class='ocrx_word' id='word_1_425' title='bbox 2963 2508 3386 2581; x_wconf 68' lang='grc' dir='ltr'>παραλυτικούς,</span> <span class='ocrx_word' id='word_1_426' title='bbox 3419 2507 3515 2560; x_wconf 75' lang='grc' dir='ltr'><strong>καὶ</strong></span> <span class='ocrx_word' id='word_1_427' title='bbox 3555 2506 3752 2578; x_wconf 73' lang='grc' dir='ltr'>ἐθερά-</span> 
     </span>
    </p>
   </div>
   <div class='ocr_carea' id='block_1_57' title="bbox 2175 2599 3755 2673">
    <p class='ocr_par' dir='ltr' id='par_1_57' title="bbox 2175 2599 3755 2673">
     <span class='ocr_line' id='line_1_57' title="bbox 2175 2599 3755 2673; baseline -0.001 -18"><span class='ocrx_word' id='word_1_428' title='bbox 2175 2620 2373 2656; x_wconf 81' lang='grc' dir='ltr'>πευσεν</span> <span class='ocrx_word' id='word_1_429' title='bbox 2407 2603 2637 2666; x_wconf 81' lang='grc' dir='ltr'>αὐτοὺς,</span> <span class='ocrx_word' id='word_1_430' title='bbox 2675 2603 2768 2656; x_wconf 77' lang='grc' dir='ltr'><strong>καὶ</strong></span> <span class='ocrx_word' id='word_1_431' title='bbox 2805 2602 3174 2673; x_wconf 70' lang='grc' dir='ltr'>ἠκολούθησαν</span> <span class='ocrx_word' id='word_1_432' title='bbox 3204 2599 3354 2670; x_wconf 83' lang='grc' dir='ltr'>αύτῷ</span> <span class='ocrx_word' id='word_1_433' title='bbox 3381 2599 3526 2669; x_wconf 80' lang='grc' dir='ltr'>ὄχλοι</span> <span class='ocrx_word' id='word_1_434' title='bbox 3571 2599 3755 2654; x_wconf 76' lang='grc' dir='ltr'>πολλοὶ</span> 
     </span>
    </p>
   </div>
   <div class='ocr_carea' id='block_1_58' title="bbox 2173 2690 3754 2767">
    <p class='ocr_par' dir='ltr' id='par_1_58' title="bbox 2173 2690 3754 2767">
     <span class='ocr_line' id='line_1_58' title="bbox 2173 2690 3754 2767; baseline -0.004 -19"><span class='ocrx_word' id='word_1_435' title='bbox 2173 2696 2280 2748; x_wconf 82' lang='grc' dir='ltr'><strong>ἀπὸ</strong></span> <span class='ocrx_word' id='word_1_436' title='bbox 2309 2696 2406 2767; x_wconf 81' lang='grc' dir='ltr'>τῆς</span> <span class='ocrx_word' id='word_1_437' title='bbox 2436 2694 2740 2757; x_wconf 86' lang='grc' dir='ltr'>Γαλιλαίας.</span> <span class='ocrx_word' id='word_1_438' title='bbox 2779 2713 2796 2746; x_wconf 76' lang='grc' dir='ltr'><strong>ι</strong></span> <span class='ocrx_word' id='word_1_439' title='bbox 2836 2695 2970 2747; x_wconf 88' lang='grc' dir='ltr'>Ὅλα</span> <span class='ocrx_word' id='word_1_440' title='bbox 3002 2694 3057 2746; x_wconf 82' lang='grc' dir='ltr'>δὲ</span> <span class='ocrx_word' id='word_1_441' title='bbox 3096 2691 3269 2745; x_wconf 92' lang='grc' dir='ltr'>ταῦτα</span> <span class='ocrx_word' id='word_1_442' title='bbox 3301 2690 3618 2761; x_wconf 83' lang='grc' dir='ltr'>ὲκτέθειμαι</span> <span class='ocrx_word' id='word_1_443' title='bbox 3651 2692 3754 2761; x_wconf 79' lang='grc' dir='ltr'>τῆς</span> 
     </span>
    </p>
   </div>
   <div class='ocr_carea' id='block_1_59' title="bbox 2173 2781 3751 2860">
    <p class='ocr_par' dir='ltr' id='par_1_59' title="bbox 2173 2781 3751 2860">
     <span class='ocr_line' id='line_1_59' title="bbox 2173 2781 3751 2860; baseline -0.004 -20"><span class='ocrx_word' id='word_1_444' title='bbox 2173 2786 2506 2860; x_wconf 57' lang='grc' dir='ltr'>προφητείας</span> <span class='ocrx_word' id='word_1_445' title='bbox 2543 2786 2748 2849; x_wconf 72' lang='grc' dir='ltr'>ἕνεκεν,</span> <span class='ocrx_word' id='word_1_446' title='bbox 2791 2790 2857 2858; x_wconf 83' lang='grc' dir='ltr'><strong>τῇ</strong></span> <span class='ocrx_word' id='word_1_447' title='bbox 2883 2784 3139 2856; x_wconf 67' lang='grc' dir='ltr'>Γαλιλαία</span> <span class='ocrx_word' id='word_1_448' title='bbox 3179 2783 3321 2854; x_wconf 89' lang='grc' dir='ltr'>μέγα</span> <span class='ocrx_word' id='word_1_449' title='bbox 3366 2782 3482 2851; x_wconf 81' lang='grc' dir='ltr'><strong>φῶς</strong></span> <span class='ocrx_word' id='word_1_450' title='bbox 3531 2781 3751 2834; x_wconf 76' lang='grc' dir='ltr'>ἔσεσθαι</span> 
     </span>
    </p>
   </div>
   <div class='ocr_carea' id='block_1_60' title="bbox 2172 2872 3748 2948">
    <p class='ocr_par' dir='ltr' id='par_1_60' title="bbox 2172 2872 3748 2948">
     <span class='ocr_line' id='line_1_60' title="bbox 2172 2872 3748 2948; baseline -0.003 -16"><span class='ocrx_word' id='word_1_451' title='bbox 2172 2877 2650 2948; x_wconf 81' lang='grc' dir='ltr'>ὲπαγγελλομένης</span> <span class='ocrx_word' id='word_1_452' title='bbox 2663 2881 2729 2948; x_wconf 83' lang='grc' dir='ltr'>τῇ</span> <span class='ocrx_word' id='word_1_453' title='bbox 2747 2895 2804 2931; x_wconf 89' lang='grc' dir='ltr'><strong>τε</strong></span> <span class='ocrx_word' id='word_1_454' title='bbox 2823 2877 2975 2948; x_wconf 75' lang='grc' dir='ltr'>χώρᾳ</span> <span class='ocrx_word' id='word_1_455' title='bbox 2994 2875 3274 2930; x_wconf 78' lang='grc' dir='ltr'>Ζαϐουλὼν</span> <span class='ocrx_word' id='word_1_456' title='bbox 3300 2877 3393 2930; x_wconf 74' lang='grc' dir='ltr'><strong>καὶ</strong></span> <span class='ocrx_word' id='word_1_457' title='bbox 3406 2872 3681 2945; x_wconf 70' lang='grc' dir='ltr'>Νεφθαλεὶ</span> <span class='ocrx_word' id='word_1_458' title='bbox 3688 2894 3748 2946; x_wconf 91' lang='grc' dir='ltr'><strong>μ,</strong></span> 
     </span>
    </p>
   </div>
   <div class='ocr_carea' id='block_1_61' title="bbox 2169 2968 3750 3043">
    <p class='ocr_par' dir='ltr' id='par_1_61' title="bbox 2169 2968 3750 3043">
     <span class='ocr_line' id='line_1_61' title="bbox 2169 2968 3750 3043; baseline -0.003 -18"><span class='ocrx_word' id='word_1_459' title='bbox 2169 2971 2425 3042; x_wconf 81' lang='grc' dir='ltr'>οὐδετέρᾳ</span> <span class='ocrx_word' id='word_1_460' title='bbox 2459 2970 2800 3043; x_wconf 85' lang='grc' dir='ltr'>τυγχανούσῃ</span> <span class='ocrx_word' id='word_1_461' title='bbox 2832 2971 2930 3041; x_wconf 77' lang='grc' dir='ltr'>τῆς</span> <span class='ocrx_word' id='word_1_462' title='bbox 2963 2969 3254 3032; x_wconf 85' lang='grc' dir='ltr'>Γαλιλαίας</span> <span class='ocrx_word' id='word_1_463' title='bbox 3279 2968 3388 3022; x_wconf 87' lang='grc' dir='ltr'><strong>τῶν</strong></span> <span class='ocrx_word' id='word_1_464' title='bbox 3428 2968 3621 3023; x_wconf 77' lang='grc' dir='ltr'>ἐθνῶν.</span> <span class='ocrx_word' id='word_1_465' title='bbox 3651 2968 3750 3020; x_wconf 72' lang='grc' dir='ltr'>Δια</span> 
     </span>
    </p>
   </div>
   <div class='ocr_carea' id='block_1_62' title="bbox 2168 3057 3750 3133">
    <p class='ocr_par' dir='ltr' id='par_1_62' title="bbox 2168 3057 3750 3133">
     <span class='ocr_line' id='line_1_62' title="bbox 2168 3057 3750 3133; baseline -0.003 -18"><span class='ocrx_word' id='word_1_466' title='bbox 2168 3063 2221 3115; x_wconf 88' lang='grc' dir='ltr'><strong>τί</strong></span> <span class='ocrx_word' id='word_1_467' title='bbox 2249 3063 2306 3116; x_wconf 81' lang='grc' dir='ltr'><strong>δὲ</strong></span> <span class='ocrx_word' id='word_1_468' title='bbox 2333 3063 2424 3116; x_wconf 75' lang='grc' dir='ltr'><strong>ἐπὶ</strong></span> <span class='ocrx_word' id='word_1_469' title='bbox 2458 3062 2556 3133; x_wconf 84' lang='grc' dir='ltr'><strong>τῆς</strong></span> <span class='ocrx_word' id='word_1_470' title='bbox 2584 3061 2877 3124; x_wconf 82' lang='grc' dir='ltr'>Γαλιλαίας</span> <span class='ocrx_word' id='word_1_471' title='bbox 2917 3060 3025 3113; x_wconf 90' lang='grc' dir='ltr'><strong>τῶν</strong></span> <span class='ocrx_word' id='word_1_472' title='bbox 3078 3059 3246 3112; x_wconf 78' lang='grc' dir='ltr'>ἐθνῶν</span> <span class='ocrx_word' id='word_1_473' title='bbox 3275 3059 3520 3132; x_wconf 81' lang='grc' dir='ltr'>κλήσεως</span> <span class='ocrx_word' id='word_1_474' title='bbox 3565 3057 3750 3129; x_wconf 72' lang='grc' dir='ltr'>προοίο</span> 
     </span>
    </p>
   </div>
   <div class='ocr_carea' id='block_1_63' title="bbox 2173 3150 3750 3224">
    <p class='ocr_par' dir='ltr' id='par_1_63' title="bbox 2173 3150 3750 3224">
     <span class='ocr_line' id='line_1_63' title="bbox 2173 3150 3750 3224; baseline -0.003 -18"><span class='ocrx_word' id='word_1_475' title='bbox 2173 3171 2273 3224; x_wconf 89' lang='grc' dir='ltr'><strong>μια</strong></span> <span class='ocrx_word' id='word_1_476' title='bbox 2334 3153 2839 3224; x_wconf 77' lang='grc' dir='ltr'>καταϐαλλόμενος;</span> <span class='ocrx_word' id='word_1_477' title='bbox 2920 3151 3167 3205; x_wconf 74' lang='grc' dir='ltr'>ἐντεῦθεν</span> <span class='ocrx_word' id='word_1_478' title='bbox 3219 3150 3351 3221; x_wconf 76' lang='grc' dir='ltr'>γοῦν</span> <span class='ocrx_word' id='word_1_479' title='bbox 3393 3151 3750 3221; x_wconf 79' lang='grc' dir='ltr'>ὁρμωμένους</span> 
     </span>
    </p>
   </div>
   <div class='ocr_carea' id='block_1_64' title="bbox 491 3217 2068 3315">
    <p class='ocr_par' dir='ltr' id='par_1_64' title="bbox 491 3217 2066 3314">
     <span class='ocr_line' id='line_1_64' title="bbox 491 3217 2066 3314; baseline 0.001 -16"><span class='ocrx_word' id='word_1_480' title='bbox 491 3243 757 3298; x_wconf 87' lang='lat' dir='ltr'><strong>Joannem</strong></span> <span class='ocrx_word' id='word_1_481' title='bbox 788 3243 1005 3314; x_wconf 75' lang='lat' dir='ltr'><strong>legitur,</strong></span> <span class='ocrx_word' id='word_1_482' title='bbox 1037 3243 1104 3298; x_wconf 93' lang='lat' dir='ltr'><strong>de</strong></span> <span class='ocrx_word' id='word_1_483' title='bbox 1142 3217 1450 3299; x_wconf 61' lang='lat' dir='ltr'><strong>Betlisaida</strong></span> <span class='ocrx_word' id='word_1_484' title='bbox 1475 3243 1754 3314; x_wconf 78' lang='lat' dir='ltr'><strong>profectus</strong></span> <span class='ocrx_word' id='word_1_485' title='bbox 1791 3251 1876 3299; x_wconf 87' lang='lat' dir='ltr'><strong>est</strong></span> <span class='ocrx_word' id='word_1_486' title='bbox 1930 3217 2066 3299; x_wconf 57' lang='lat' dir='ltr'><strong>civi-</strong></span> 
     </span>
    </p>
   </div>
   <div class='ocr_carea' id='block_1_65' title="bbox 2168 3217 3748 3315">
    <p class='ocr_par' dir='ltr' id='par_1_65' title="bbox 2168 3217 3748 3315">
     <span class='ocr_line' id='line_1_65' title="bbox 2168 3217 3748 3315; baseline -0.002 -18"><span class='ocrx_word' id='word_1_487' title='bbox 2168 3217 2290 3307; x_wconf 77' lang='grc' dir='ltr'>τοὺς</span> <span class='ocrx_word' id='word_1_488' title='bbox 2322 3243 2487 3297; x_wconf 84' lang='grc' dir='ltr'>αὐτοῦ</span> <span class='ocrx_word' id='word_1_489' title='bbox 2530 3217 2774 3315; x_wconf 79' lang='grc' dir='ltr'>μαθητὰς</span> <span class='ocrx_word' id='word_1_490' title='bbox 2818 3244 3174 3315; x_wconf 82' lang='grc' dir='ltr'>ἁνακέκλητο.</span> <span class='ocrx_word' id='word_1_491' title='bbox 3219 3217 3307 3295; x_wconf 63' lang='grc' dir='ltr'>Διὸ</span> <span class='ocrx_word' id='word_1_492' title='bbox 3359 3217 3494 3312; x_wconf 69' lang='grc' dir='ltr'>μετά</span> <span class='ocrx_word' id='word_1_493' title='bbox 3542 3217 3748 3312; x_wconf 67' lang='grc' dir='ltr'>βραχέα</span> 
     </span>
    </p>
   </div>
   <div class='ocr_carea' id='block_1_66' title="bbox 494 3334 2061 3407">
    <p class='ocr_par' dir='ltr' id='par_1_66' title="bbox 494 3334 2061 3407">
     <span class='ocr_line' id='line_1_66' title="bbox 494 3334 2061 3407; baseline 0.002 -17"><span class='ocrx_word' id='word_1_494' title='bbox 494 3342 605 3391; x_wconf 88' lang='lat' dir='ltr'><strong>tate</strong></span> <span class='ocrx_word' id='word_1_495' title='bbox 633 3335 864 3392; x_wconf 71' lang='lat' dir='ltr'><strong>Andreae</strong></span> <span class='ocrx_word' id='word_1_496' title='bbox 891 3345 945 3390; x_wconf 90' lang='lat' dir='ltr'><strong>ct</strong></span> <span class='ocrx_word' id='word_1_497' title='bbox 977 3334 1122 3391; x_wconf 89' lang='lat' dir='ltr'><strong>Petri</strong></span> <span class='ocrx_word' id='word_1_498' title='bbox 1147 3353 1160 3388; x_wconf 74' lang='grc' dir='ltr'><strong>ε</strong></span> <span class='ocrx_word' id='word_1_499' title='bbox 1195 3337 1345 3407; x_wconf 83' lang='lat' dir='ltr'><strong>atqui</strong></span> <span class='ocrx_word' id='word_1_500' title='bbox 1370 3337 1483 3391; x_wconf 64' lang='lat' dir='ltr'><strong>haec</strong></span> <span class='ocrx_word' id='word_1_501' title='bbox 1511 3336 1628 3406; x_wconf 87' lang='lat' dir='ltr'><strong>ipsa</strong></span> <span class='ocrx_word' id='word_1_502' title='bbox 1661 3344 1780 3391; x_wconf 90' lang='lat' dir='ltr'><strong>erat</strong></span> <span class='ocrx_word' id='word_1_503' title='bbox 1808 3337 2061 3393; x_wconf 65' lang='lat' dir='ltr'><strong>Galilzeaz.</strong></span> 
     </span>
    </p>
   </div>
   <div class='ocr_carea' id='block_1_67' title="bbox 492 3425 2066 3497">
    <p class='ocr_par' dir='ltr' id='par_1_67' title="bbox 492 3425 2066 3497">
     <span class='ocr_line' id='line_1_67' title="bbox 492 3425 2066 3497; baseline 0.002 -17"><span class='ocrx_word' id='word_1_504' title='bbox 492 3425 636 3493; x_wconf 84' lang='lat' dir='ltr'><strong>Quin</strong></span> <span class='ocrx_word' id='word_1_505' title='bbox 664 3425 827 3481; x_wconf 85' lang='lat' dir='ltr'><strong>etiam</strong></span> <span class='ocrx_word' id='word_1_506' title='bbox 867 3425 1012 3494; x_wconf 91' lang='lat' dir='ltr'><strong>apud</strong></span> <span class='ocrx_word' id='word_1_507' title='bbox 1058 3425 1308 3480; x_wconf 89' lang='lat' dir='ltr'><strong>eumdem</strong></span> <span class='ocrx_word' id='word_1_508' title='bbox 1342 3427 1730 3496; x_wconf 80' lang='lat' dir='ltr'><strong>evangelistam</strong></span> <span class='ocrx_word' id='word_1_509' title='bbox 1763 3429 1964 3497; x_wconf 70' lang='lat' dir='ltr'><strong>nuptiae</strong></span> <span class='ocrx_word' id='word_1_510' title='bbox 1993 3430 2066 3483; x_wconf 82' lang='lat' dir='ltr'><strong>fa-</strong></span> 
     </span>
    </p>
   </div>
   <div class='ocr_carea' id='block_1_68' title="bbox 483 3516 2065 3583">
    <p class='ocr_par' dir='ltr' id='par_1_68' title="bbox 483 3516 2065 3583">
     <span class='ocr_line' id='line_1_68' title="bbox 483 3516 2065 3583; baseline 0.002 -11"><span class='ocrx_word' id='word_1_511' title='bbox 483 3526 593 3573; x_wconf 69' lang='lat' dir='ltr'><strong>cta:</strong></span> <span class='ocrx_word' id='word_1_512' title='bbox 622 3525 754 3572; x_wconf 88' lang='lat' dir='ltr'><strong>sunt</strong></span> <span class='ocrx_word' id='word_1_513' title='bbox 784 3517 838 3572; x_wconf 92' lang='lat' dir='ltr'><strong>in</strong></span> <span class='ocrx_word' id='word_1_514' title='bbox 861 3517 1010 3573; x_wconf 84' lang='lat' dir='ltr'><strong>Cana</strong></span> <span class='ocrx_word' id='word_1_515' title='bbox 1039 3516 1293 3583; x_wconf 66' lang='lat' dir='ltr'><strong>Galilaazc,</strong></span> <span class='ocrx_word' id='word_1_516' title='bbox 1326 3517 1420 3572; x_wconf 89' lang='lat' dir='ltr'><strong>ubi</strong></span> <span class='ocrx_word' id='word_1_517' title='bbox 1447 3535 1570 3572; x_wconf 90' lang='lat' dir='ltr'><strong>cum</strong></span> <span class='ocrx_word' id='word_1_518' title='bbox 1608 3518 1869 3574; x_wconf 86' lang='lat' dir='ltr'><strong>Dominus</strong></span> <span class='ocrx_word' id='word_1_519' title='bbox 1899 3521 2065 3576; x_wconf 85' lang='lat' dir='ltr'><strong>admi-</strong></span> 
     </span>
    </p>
   </div>
   <div class='ocr_carea' id='block_1_69' title="bbox 491 3609 2064 3679">
    <p class='ocr_par' dir='ltr' id='par_1_69' title="bbox 491 3609 2064 3679">
     <span class='ocr_line' id='line_1_69' title="bbox 491 3609 2064 3679; baseline 0.002 -16"><span class='ocrx_word' id='word_1_520' title='bbox 491 3609 735 3664; x_wconf 85' lang='lat' dir='ltr'><strong>rabiliter</strong></span> <span class='ocrx_word' id='word_1_521' title='bbox 768 3623 965 3679; x_wconf 87' lang='lat' dir='ltr'><strong>aquam</strong></span> <span class='ocrx_word' id='word_1_522' title='bbox 996 3609 1050 3662; x_wconf 92' lang='lat' dir='ltr'><strong>in</strong></span> <span class='ocrx_word' id='word_1_523' title='bbox 1085 3610 1272 3673; x_wconf 79' lang='lat' dir='ltr'><strong>vinum</strong></span> <span class='ocrx_word' id='word_1_524' title='bbox 1308 3617 1720 3674; x_wconf 87' lang='lat' dir='ltr'><strong>commutasset,</strong></span> <span class='ocrx_word' id='word_1_525' title='bbox 1769 3611 2064 3666; x_wconf 83' lang='lat' dir='ltr'><strong>miraculo-</strong></span> 
     </span>
    </p>
   </div>
   <div class='ocr_carea' id='block_1_70' title="bbox 484 3699 2063 3772">
    <p class='ocr_par' dir='ltr' id='par_1_70' title="bbox 484 3699 2063 3772">
     <span class='ocr_line' id='line_1_70' title="bbox 484 3699 2063 3772; baseline 0.003 -19"><span class='ocrx_word' id='word_1_526' title='bbox 484 3715 612 3755; x_wconf 76' lang='lat' dir='ltr'><strong>rum</strong></span> <span class='ocrx_word' id='word_1_527' title='bbox 640 3699 839 3756; x_wconf 87' lang='lat' dir='ltr'><strong>ibidem</strong></span> <span class='ocrx_word' id='word_1_528' title='bbox 872 3701 1086 3762; x_wconf 85' lang='lat' dir='ltr'><strong>initium</strong></span> <span class='ocrx_word' id='word_1_529' title='bbox 1121 3701 1266 3764; x_wconf 81' lang='lat' dir='ltr'><strong>fecit,</strong></span> <span class='ocrx_word' id='word_1_530' title='bbox 1301 3716 1410 3772; x_wconf 92' lang='lat' dir='ltr'><strong>quo</strong></span> <span class='ocrx_word' id='word_1_531' title='bbox 1441 3709 1685 3772; x_wconf 88' lang='lat' dir='ltr'><strong>tempore</strong></span> <span class='ocrx_word' id='word_1_532' title='bbox 1715 3721 1734 3754; x_wconf 72' lang='grc' dir='ltr'><strong>ι</strong></span> <span class='ocrx_word' id='word_1_533' title='bbox 1767 3703 2063 3758; x_wconf 88' lang='lat' dir='ltr'><strong>declaravit</strong></span> 
     </span>
    </p>
   </div>
   <div class='ocr_carea' id='block_1_71' title="bbox 491 3790 2055 3863">
    <p class='ocr_par' dir='ltr' id='par_1_71' title="bbox 491 3790 2055 3863">
     <span class='ocr_line' id='line_1_71' title="bbox 491 3790 2055 3863; baseline 0.003 -20"><span class='ocrx_word' id='word_1_534' title='bbox 491 3791 721 3860; x_wconf 80' lang='lat' dir='ltr'><strong>gloriam</strong></span> <span class='ocrx_word' id='word_1_535' title='bbox 769 3799 1008 3852; x_wconf 87' lang='lat' dir='ltr'><strong>suam,et</strong></span> <span class='ocrx_word' id='word_1_536' title='bbox 1039 3790 1392 3845; x_wconf 83' lang='lat' dir='ltr'><strong>crediderunt</strong></span> <span class='ocrx_word' id='word_1_537' title='bbox 1427 3791 1479 3846; x_wconf 89' lang='lat' dir='ltr'><strong>in</strong></span> <span class='ocrx_word' id='word_1_538' title='bbox 1514 3808 1637 3847; x_wconf 91' lang='lat' dir='ltr'><strong>eum</strong></span> <span class='ocrx_word' id='word_1_539' title='bbox 1662 3791 1994 3863; x_wconf 75' lang='lat' dir='ltr'><strong>discipuli“.</strong></span> <span class='ocrx_word' id='word_1_540' title='bbox 2036 3813 2055 3848; x_wconf 83' lang='grc'>›</span> 
     </span>
    </p>
   </div>
   <div class='ocr_carea' id='block_1_72' title="bbox 481 3878 2061 3952">
    <p class='ocr_par' dir='ltr' id='par_1_72' title="bbox 481 3878 2061 3952">
     <span class='ocr_line' id='line_1_72' title="bbox 481 3878 2061 3952; baseline 0.003 -16"><span class='ocrx_word' id='word_1_541' title='bbox 481 3878 789 3937; x_wconf 80' lang='lat' dir='ltr'><strong>Considera</strong></span> <span class='ocrx_word' id='word_1_542' title='bbox 820 3896 947 3935; x_wconf 88' lang='lat' dir='ltr'><strong>vero</strong></span> <span class='ocrx_word' id='word_1_543' title='bbox 979 3897 1110 3935; x_wconf 91' lang='lat' dir='ltr'><strong>num</strong></span> <span class='ocrx_word' id='word_1_544' title='bbox 1143 3881 1247 3936; x_wconf 90' lang='lat' dir='ltr'><strong>hoc</strong></span> <span class='ocrx_word' id='word_1_545' title='bbox 1280 3882 1456 3952; x_wconf 90' lang='lat' dir='ltr'><strong>ipsum</strong></span> <span class='ocrx_word' id='word_1_546' title='bbox 1489 3883 1725 3952; x_wconf 90' lang='lat' dir='ltr'><strong>primum</strong></span> <span class='ocrx_word' id='word_1_547' title='bbox 1761 3881 2061 3941; x_wconf 86' lang='lat' dir='ltr'><strong>Salvatoris</strong></span> 
     </span>
    </p>
   </div>
   <div class='ocr_carea' id='block_1_73' title="bbox 479 3972 2058 4044">
    <p class='ocr_par' dir='ltr' id='par_1_73' title="bbox 479 3972 2058 4044">
     <span class='ocr_line' id='line_1_73' title="bbox 479 3972 2058 4044; baseline 0.001 -16"><span class='ocrx_word' id='word_1_548' title='bbox 479 3974 664 4030; x_wconf 69' lang='lat' dir='ltr'><strong>«nostri</strong></span> <span class='ocrx_word' id='word_1_549' title='bbox 717 3974 1064 4038; x_wconf 81' lang='lat' dir='ltr'><strong>miraculum,</strong></span> <span class='ocrx_word' id='word_1_550' title='bbox 1115 3973 1259 4044; x_wconf 89' lang='lat' dir='ltr'><strong>quod</strong></span> <span class='ocrx_word' id='word_1_551' title='bbox 1294 3974 1350 4028; x_wconf 91' lang='lat' dir='ltr'><strong>in</strong></span> <span class='ocrx_word' id='word_1_552' title='bbox 1400 3972 1549 4028; x_wconf 88' lang='lat' dir='ltr'><strong>Cana</strong></span> <span class='ocrx_word' id='word_1_553' title='bbox 1578 3973 1812 4030; x_wconf 61' lang='lat' dir='ltr'><strong>Galilaea:</strong></span> <span class='ocrx_word' id='word_1_554' title='bbox 1851 3976 2058 4031; x_wconf 91' lang='lat' dir='ltr'><strong>editum</strong></span> 
     </span>
    </p>
   </div>
   <div class='ocr_carea' id='block_1_74' title="bbox 485 4066 2058 4136">
    <p class='ocr_par' dir='ltr' id='par_1_74' title="bbox 485 4066 2058 4136">
     <span class='ocr_line' id='line_1_74' title="bbox 485 4066 2058 4136; baseline 0.001 -14"><span class='ocrx_word' id='word_1_555' title='bbox 485 4073 592 4132; x_wconf 86' lang='lat' dir='ltr'><strong>est,</strong></span> <span class='ocrx_word' id='word_1_556' title='bbox 621 4067 750 4121; x_wconf 82' lang='lat' dir='ltr'><strong>dum</strong></span> <span class='ocrx_word' id='word_1_557' title='bbox 780 4080 919 4136; x_wconf 86' lang='lat' dir='ltr'><strong>aqua</strong></span> <span class='ocrx_word' id='word_1_558' title='bbox 949 4066 1003 4119; x_wconf 92' lang='lat' dir='ltr'><strong>in</strong></span> <span class='ocrx_word' id='word_1_559' title='bbox 1042 4066 1229 4120; x_wconf 92' lang='lat' dir='ltr'><strong>vinum</strong></span> <span class='ocrx_word' id='word_1_560' title='bbox 1268 4073 1662 4131; x_wconf 89' lang='lat' dir='ltr'><strong>commutatur,</strong></span> <span class='ocrx_word' id='word_1_561' title='bbox 1715 4067 1970 4123; x_wconf 86' lang='lat' dir='ltr'><strong>divinans</strong></span> <span class='ocrx_word' id='word_1_562' title='bbox 2000 4068 2058 4123; x_wconf 90' lang='lat' dir='ltr'><strong>in</strong></span> 
     </span>
    </p>
   </div>
   <div class='ocr_carea' id='block_1_75' title="bbox 483 4159 2058 4232">
    <p class='ocr_par' dir='ltr' id='par_1_75' title="bbox 483 4159 2058 4232">
     <span class='ocr_line' id='line_1_75' title="bbox 483 4159 2058 4232; baseline 0 -17"><span class='ocrx_word' id='word_1_563' title='bbox 483 4163 603 4231; x_wconf 84' lang='lat' dir='ltr'><strong>ipso</strong></span> <span class='ocrx_word' id='word_1_564' title='bbox 649 4161 950 4231; x_wconf 73' lang='lat' dir='ltr'><strong>prophetia:</strong></span> <span class='ocrx_word' id='word_1_565' title='bbox 983 4159 1270 4229; x_wconf 89' lang='lat' dir='ltr'><strong>principio,</strong></span> <span class='ocrx_word' id='word_1_566' title='bbox 1303 4174 1367 4213; x_wconf 91' lang='lat' dir='ltr'><strong>ea</strong></span> <span class='ocrx_word' id='word_1_567' title='bbox 1418 4175 1538 4232; x_wconf 73' lang='lat' dir='ltr'><strong>quae</strong></span> <span class='ocrx_word' id='word_1_568' title='bbox 1593 4176 1738 4214; x_wconf 93' lang='lat' dir='ltr'><strong>nunc</strong></span> <span class='ocrx_word' id='word_1_569' title='bbox 1789 4168 2058 4216; x_wconf 85' lang='lat' dir='ltr'><strong>tractatur</strong></span> 
     </span>
    </p>
   </div>
   <div class='ocr_carea' id='block_1_76' title="bbox 482 4250 2052 4322">
    <p class='ocr_par' dir='ltr' id='par_1_76' title="bbox 482 4250 2052 4322">
     <span class='ocr_line' id='line_1_76' title="bbox 482 4250 2052 4322; baseline 0.001 -17"><span class='ocrx_word' id='word_1_570' title='bbox 482 4253 658 4307; x_wconf 88' lang='lat' dir='ltr'><strong>oratio</strong></span> <span class='ocrx_word' id='word_1_571' title='bbox 693 4252 961 4322; x_wconf 81' lang='lat' dir='ltr'><strong>signiﬁcet</strong></span> <span class='ocrx_word' id='word_1_572' title='bbox 1002 4251 1109 4305; x_wconf 90' lang='lat' dir='ltr'><strong>illis</strong></span> <span class='ocrx_word' id='word_1_573' title='bbox 1157 4251 1376 4305; x_wconf 88' lang='lat' dir='ltr'><strong>verbis:</strong></span> <span class='ocrx_word' id='word_1_574' title='bbox 1411 4269 1431 4303; x_wconf 71' lang='grc' dir='ltr'><strong>ι</strong></span> <span class='ocrx_word' id='word_1_575' title='bbox 1466 4250 1580 4305; x_wconf 85' lang='lat' dir='ltr'><strong>Hoc</strong></span> <span class='ocrx_word' id='word_1_576' title='bbox 1627 4253 1860 4320; x_wconf 90' lang='lat' dir='ltr'><strong>primum</strong></span> <span class='ocrx_word' id='word_1_577' title='bbox 1906 4252 2052 4318; x_wconf 88' lang='lat' dir='ltr'><strong>bibe,</strong></span> 
     </span>
    </p>
   </div>
   <div class='ocr_carea' id='block_1_77' title="bbox 479 4340 2054 4414">
    <p class='ocr_par' dir='ltr' id='par_1_77' title="bbox 479 4340 2054 4414">
     <span class='ocr_line' id='line_1_77' title="bbox 479 4340 2054 4414; baseline 0.001 -18"><span class='ocrx_word' id='word_1_578' title='bbox 479 4343 592 4398; x_wconf 92' lang='lat' dir='ltr'><strong>cito</strong></span> <span class='ocrx_word' id='word_1_579' title='bbox 624 4343 729 4406; x_wconf 81' lang='lat' dir='ltr'><strong>fac,</strong></span> <span class='ocrx_word' id='word_1_580' title='bbox 761 4343 909 4414; x_wconf 84' lang='lat' dir='ltr'><strong>regio</strong></span> <span class='ocrx_word' id='word_1_581' title='bbox 954 4340 1196 4395; x_wconf 87' lang='lat' dir='ltr'><strong>Zabulon</strong></span> <span class='ocrx_word' id='word_1_582' title='bbox 1240 4350 1295 4396; x_wconf 89' lang='lat' dir='ltr'><strong>et</strong></span> <span class='ocrx_word' id='word_1_583' title='bbox 1336 4349 1481 4396; x_wconf 76' lang='lat' dir='ltr'><strong>terra</strong></span> <span class='ocrx_word' id='word_1_584' title='bbox 1535 4341 1899 4412; x_wconf 86' lang='lat' dir='ltr'><strong>Nephthalim,</strong></span> <span class='ocrx_word' id='word_1_585' title='bbox 1947 4341 2054 4398; x_wconf 85' lang='lat' dir='ltr'><strong>Ga-</strong></span> 
     </span>
    </p>
   </div>
   <div class='ocr_carea' id='block_1_78' title="bbox 481 4430 2051 4504">
    <p class='ocr_par' dir='ltr' id='par_1_78' title="bbox 481 4430 2051 4504">
     <span class='ocr_line' id='line_1_78' title="bbox 481 4430 2051 4504; baseline 0.001 -18"><span class='ocrx_word' id='word_1_586' title='bbox 481 4433 620 4487; x_wconf 64' lang='lat' dir='ltr'><strong>lilaea</strong></span> <span class='ocrx_word' id='word_1_587' title='bbox 647 4435 910 4503; x_wconf 81' lang='lat' dir='ltr'><strong>gentium.</strong></span> <span class='ocrx_word' id='word_1_588' title='bbox 933 4451 951 4482; x_wconf 78' lang='grc' dir='ltr'><strong>ι</strong></span> <span class='ocrx_word' id='word_1_589' title='bbox 986 4430 1140 4496; x_wconf 84' lang='lat' dir='ltr'><strong>Quod</strong></span> <span class='ocrx_word' id='word_1_590' title='bbox 1175 4431 1220 4486; x_wconf 92' lang='lat' dir='ltr'><strong>si</strong></span> <span class='ocrx_word' id='word_1_591' title='bbox 1253 4431 1358 4486; x_wconf 88' lang='lat' dir='ltr'><strong>tale</strong></span> <span class='ocrx_word' id='word_1_592' title='bbox 1387 4431 1709 4487; x_wconf 88' lang='lat' dir='ltr'><strong>miraculum</strong></span> <span class='ocrx_word' id='word_1_593' title='bbox 1743 4441 1871 4488; x_wconf 91' lang='lat' dir='ltr'><strong>nota</strong></span> <span class='ocrx_word' id='word_1_594' title='bbox 1899 4450 2051 4504; x_wconf 66' lang='lat' dir='ltr'><strong>quae-</strong></span> 
     </span>
    </p>
   </div>
   <div class='ocr_carea' id='block_1_79' title="bbox 479 4523 2124 4615">
    <p class='ocr_par' dir='ltr' id='par_1_79' title="bbox 479 4523 2124 4615">
     <span class='ocr_line' id='line_1_79' title="bbox 479 4523 2124 4615; baseline 0.001 -36"><span class='ocrx_word' id='word_1_595' title='bbox 479 4525 606 4580; x_wconf 88' lang='lat' dir='ltr'><strong>dam</strong></span> <span class='ocrx_word' id='word_1_596' title='bbox 655 4524 759 4580; x_wconf 81' lang='lat' dir='ltr'><strong>fuit</strong></span> <span class='ocrx_word' id='word_1_597' title='bbox 806 4525 1109 4579; x_wconf 77' lang='lat' dir='ltr'><strong>arcanioris</strong></span> <span class='ocrx_word' id='word_1_598' title='bbox 1156 4523 1402 4577; x_wconf 69' lang='lat' dir='ltr'><strong>misturaa</strong></span> <span class='ocrx_word' id='word_1_599' title='bbox 1447 4540 1516 4578; x_wconf 80' lang='lat' dir='ltr'><strong>ex</strong></span> <span class='ocrx_word' id='word_1_600' title='bbox 1561 4540 1624 4580; x_wconf 88' lang='lat' dir='ltr'><strong>ea</strong></span> <span class='ocrx_word' id='word_1_601' title='bbox 1675 4534 2046 4590; x_wconf 64' lang='lat' dir='ltr'><strong>commutatae,</strong></span> <span class='ocrx_word' id='word_1_602' title='bbox 2081 4559 2124 4615; x_wconf 70' lang='grc' dir='ltr'>υ</span> 
     </span>
    </p>
   </div>
   <div class='ocr_carea' id='block_1_80' title="bbox 477 4615 2050 4688">
    <p class='ocr_par' dir='ltr' id='par_1_80' title="bbox 477 4615 2050 4688">
     <span class='ocr_line' id='line_1_80' title="bbox 477 4615 2050 4688; baseline 0.002 -17"><span class='ocrx_word' id='word_1_603' title='bbox 477 4633 598 4688; x_wconf 70' lang='lat' dir='ltr'><strong>qua:</strong></span> <span class='ocrx_word' id='word_1_604' title='bbox 628 4617 697 4671; x_wconf 89' lang='lat' dir='ltr'><strong>ad</strong></span> <span class='ocrx_word' id='word_1_605' title='bbox 723 4631 923 4686; x_wconf 89' lang='lat' dir='ltr'><strong>corpus</strong></span> <span class='ocrx_word' id='word_1_606' title='bbox 957 4615 1131 4685; x_wconf 88' lang='lat' dir='ltr'><strong>magis</strong></span> <span class='ocrx_word' id='word_1_607' title='bbox 1164 4622 1461 4684; x_wconf 89' lang='lat' dir='ltr'><strong>spectaret,</strong></span> <span class='ocrx_word' id='word_1_608' title='bbox 1493 4617 1547 4669; x_wconf 92' lang='lat' dir='ltr'><strong>in</strong></span> <span class='ocrx_word' id='word_1_609' title='bbox 1571 4617 1958 4688; x_wconf 85' lang='lat' dir='ltr'><strong>intelligentem</strong></span> <span class='ocrx_word' id='word_1_610' title='bbox 1984 4633 2050 4674; x_wconf 91' lang='lat' dir='ltr'><strong>ac</strong></span> 
     </span>
    </p>
   </div>
   <div class='ocr_carea' id='block_1_81' title="bbox 474 4707 2048 4781">
    <p class='ocr_par' dir='ltr' id='par_1_81' title="bbox 474 4707 2048 4781">
     <span class='ocr_line' id='line_1_81' title="bbox 474 4707 2048 4781; baseline -0.001 -15"><span class='ocrx_word' id='word_1_611' title='bbox 474 4710 812 4781; x_wconf 82' lang='lat' dir='ltr'><strong>spiritualem</strong></span> <span class='ocrx_word' id='word_1_612' title='bbox 835 4708 1076 4762; x_wconf 68' lang='lat' dir='ltr'><strong>laetitiam</strong></span> <span class='ocrx_word' id='word_1_613' title='bbox 1100 4707 1400 4777; x_wconf 85' lang='lat' dir='ltr'><strong>spectantis</strong></span> <span class='ocrx_word' id='word_1_614' title='bbox 1433 4707 1499 4761; x_wconf 91' lang='lat' dir='ltr'><strong>ad</strong></span> <span class='ocrx_word' id='word_1_615' title='bbox 1526 4707 1684 4764; x_wconf 84' lang='lat' dir='ltr'><strong>ﬁdem</strong></span> <span class='ocrx_word' id='word_1_616' title='bbox 1703 4708 1838 4764; x_wconf 87' lang='lat' dir='ltr'><strong>Novi</strong></span> <span class='ocrx_word' id='word_1_617' title='bbox 1857 4708 2048 4766; x_wconf 86' lang='lat' dir='ltr'><strong>Testa—</strong></span> 
     </span>
    </p>
   </div>
   <div class='ocr_carea' id='block_1_82' title="bbox 475 4799 2046 4872">
    <p class='ocr_par' dir='ltr' id='par_1_82' title="bbox 475 4799 2046 4872">
     <span class='ocr_line' id='line_1_82' title="bbox 475 4799 2046 4872; baseline 0 -16"><span class='ocrx_word' id='word_1_618' title='bbox 475 4801 641 4858; x_wconf 89' lang='lat' dir='ltr'><strong>menti</strong></span> <span class='ocrx_word' id='word_1_619' title='bbox 687 4802 955 4862; x_wconf 63' lang='lat' dir='ltr'><strong>misturae,</strong></span> <span class='ocrx_word' id='word_1_620' title='bbox 992 4799 1114 4854; x_wconf 88' lang='lat' dir='ltr'><strong>vide</strong></span> <span class='ocrx_word' id='word_1_621' title='bbox 1163 4814 1232 4853; x_wconf 89' lang='lat' dir='ltr'><strong>ne</strong></span> <span class='ocrx_word' id='word_1_622' title='bbox 1259 4800 1365 4855; x_wconf 88' lang='lat' dir='ltr'><strong>hoc</strong></span> <span class='ocrx_word' id='word_1_623' title='bbox 1419 4799 1597 4870; x_wconf 90' lang='lat' dir='ltr'><strong>ipsum</strong></span> <span class='ocrx_word' id='word_1_624' title='bbox 1628 4817 1845 4872; x_wconf 85' lang='lat' dir='ltr'><strong>quoque</strong></span> <span class='ocrx_word' id='word_1_625' title='bbox 1875 4800 1943 4855; x_wconf 88' lang='lat' dir='ltr'><strong>ad</strong></span> <span class='ocrx_word' id='word_1_626' title='bbox 1981 4817 2046 4856; x_wconf 85' lang='lat' dir='ltr'><strong>ea</strong></span> 
     </span>
    </p>
   </div>
   <div class='ocr_carea' id='block_1_83' title="bbox 469 4890 2044 4964">
    <p class='ocr_par' dir='ltr' id='par_1_83' title="bbox 469 4890 2044 4964">
     <span class='ocr_line' id='line_1_83' title="bbox 469 4890 2044 4964; baseline -0.002 -15"><span class='ocrx_word' id='word_1_627' title='bbox 469 4909 596 4964; x_wconf 65' lang='lat' dir='ltr'><strong>quae</strong></span> <span class='ocrx_word' id='word_1_628' title='bbox 625 4892 694 4948; x_wconf 89' lang='lat' dir='ltr'><strong>de</strong></span> <span class='ocrx_word' id='word_1_629' title='bbox 725 4892 946 4946; x_wconf 78' lang='lat' dir='ltr'><strong>Galilaea</strong></span> <span class='ocrx_word' id='word_1_630' title='bbox 980 4890 1125 4945; x_wconf 81' lang='lat' dir='ltr'><strong>dicta</strong></span> <span class='ocrx_word' id='word_1_631' title='bbox 1169 4900 1320 4953; x_wconf 89' lang='lat' dir='ltr'><strong>sunt,</strong></span> <span class='ocrx_word' id='word_1_632' title='bbox 1367 4892 1778 4947; x_wconf 88' lang='lat' dir='ltr'><strong>accommodate</strong></span> <span class='ocrx_word' id='word_1_633' title='bbox 1833 4892 2044 4962; x_wconf 85' lang='lat' dir='ltr'><strong>signiﬁ-</strong></span> 
     </span>
    </p>
   </div>
   <div class='ocr_carea' id='block_1_84' title="bbox 467 4982 2045 5053">
    <p class='ocr_par' dir='ltr' id='par_1_84' title="bbox 467 4982 2045 5053">
     <span class='ocr_line' id='line_1_84' title="bbox 467 4982 2045 5053; baseline -0.001 -13"><span class='ocrx_word' id='word_1_634' title='bbox 467 4986 695 5049; x_wconf 85' lang='lat' dir='ltr'><strong>caverit,</strong></span> <span class='ocrx_word' id='word_1_635' title='bbox 733 4999 938 5040; x_wconf 86' lang='lat' dir='ltr'><strong>canens</strong></span> <span class='ocrx_word' id='word_1_636' title='bbox 966 4982 1425 5053; x_wconf 84' lang='lat' dir='ltr'><strong>quemadmodum</strong></span> <span class='ocrx_word' id='word_1_637' title='bbox 1456 4983 1560 5038; x_wconf 88' lang='lat' dir='ltr'><strong>sub</strong></span> <span class='ocrx_word' id='word_1_638' title='bbox 1592 4982 1797 5038; x_wconf 88' lang='lat' dir='ltr'><strong>Christi</strong></span> <span class='ocrx_word' id='word_1_639' title='bbox 1843 4982 2045 5039; x_wconf 89' lang='lat' dir='ltr'><strong>adven-</strong></span> 
     </span>
    </p>
   </div>
   <div class='ocr_carea' id='block_1_85' title="bbox 471 5073 2038 5146">
    <p class='ocr_par' dir='ltr' id='par_1_85' title="bbox 471 5073 2038 5146">
     <span class='ocr_line' id='line_1_85' title="bbox 471 5073 2038 5146; baseline -0.001 -16"><span class='ocrx_word' id='word_1_640' title='bbox 471 5087 586 5130; x_wconf 90' lang='lat' dir='ltr'><strong>tum</strong></span> <span class='ocrx_word' id='word_1_641' title='bbox 621 5075 782 5145; x_wconf 89' lang='lat' dir='ltr'><strong>primi</strong></span> <span class='ocrx_word' id='word_1_642' title='bbox 828 5075 1095 5138; x_wconf 91' lang='lat' dir='ltr'><strong>omnium,</strong></span> <span class='ocrx_word' id='word_1_643' title='bbox 1133 5074 1170 5129; x_wconf 90' lang='lat' dir='ltr'><strong>ii</strong></span> <span class='ocrx_word' id='word_1_644' title='bbox 1204 5075 1296 5144; x_wconf 91' lang='lat' dir='ltr'><strong>qui</strong></span> <span class='ocrx_word' id='word_1_645' title='bbox 1325 5074 1570 5130; x_wconf 87' lang='lat' dir='ltr'><strong>Zabulon</strong></span> <span class='ocrx_word' id='word_1_646' title='bbox 1601 5090 1664 5130; x_wconf 86' lang='lat' dir='ltr'><strong>ac</strong></span> <span class='ocrx_word' id='word_1_647' title='bbox 1693 5073 2038 5146; x_wconf 88' lang='lat' dir='ltr'><strong>Nephthalim</strong></span> 
     </span>
    </p>
   </div>
   <div class='ocr_carea' id='block_1_86' title="bbox 468 5165 2038 5236">
    <p class='ocr_par' dir='ltr' id='par_1_86' title="bbox 468 5165 2038 5236">
     <span class='ocr_line' id='line_1_86' title="bbox 468 5165 2038 5236; baseline 0 -14"><span class='ocrx_word' id='word_1_648' title='bbox 468 5168 798 5230; x_wconf 86' lang='lat' dir='ltr'><strong>habitarent,</strong></span> <span class='ocrx_word' id='word_1_649' title='bbox 830 5182 938 5222; x_wconf 91' lang='lat' dir='ltr'><strong>non</strong></span> <span class='ocrx_word' id='word_1_650' title='bbox 1003 5174 1182 5221; x_wconf 86' lang='lat' dir='ltr'><strong>autem</strong></span> <span class='ocrx_word' id='word_1_651' title='bbox 1216 5168 1308 5236; x_wconf 87' lang='lat' dir='ltr'><strong>qui</strong></span> <span class='ocrx_word' id='word_1_652' title='bbox 1339 5165 1583 5222; x_wconf 76' lang='lat' dir='ltr'><strong>Judaeam</strong></span> <span class='ocrx_word' id='word_1_653' title='bbox 1617 5175 1671 5221; x_wconf 91' lang='lat' dir='ltr'><strong>et</strong></span> <span class='ocrx_word' id='word_1_654' title='bbox 1710 5165 2038 5231; x_wconf 83' lang='lat' dir='ltr'><strong>Jerusalem,</strong></span> 
     </span>
    </p>
   </div>
   <div class='ocr_carea' id='block_1_87' title="bbox 468 5255 2039 5329">
    <p class='ocr_par' dir='ltr' id='par_1_87' title="bbox 468 5255 2039 5329">
     <span class='ocr_line' id='line_1_87' title="bbox 468 5255 2039 5329; baseline 0 -17"><span class='ocrx_word' id='word_1_655' title='bbox 468 5268 632 5329; x_wconf 89' lang='lat' dir='ltr'><strong>potus</strong></span> <span class='ocrx_word' id='word_1_656' title='bbox 687 5259 1011 5329; x_wconf 76' lang='lat' dir='ltr'><strong>evangelicae</strong></span> <span class='ocrx_word' id='word_1_657' title='bbox 1056 5257 1464 5327; x_wconf 68' lang='lat' dir='ltr'><strong>praedicationis</strong></span> <span class='ocrx_word' id='word_1_658' title='bbox 1518 5258 1815 5328; x_wconf 88' lang='lat' dir='ltr'><strong>participes</strong></span> <span class='ocrx_word' id='word_1_659' title='bbox 1868 5255 2039 5312; x_wconf 80' lang='lat' dir='ltr'><strong>futuri</strong></span> 
     </span>
    </p>
   </div>
   <div class='ocr_carea' id='block_1_88' title="bbox 466 5349 2039 5423">
    <p class='ocr_par' dir='ltr' id='par_1_88' title="bbox 466 5349 2039 5423">
     <span class='ocr_line' id='line_1_88' title="bbox 466 5349 2039 5423; baseline -0.001 -16"><span class='ocrx_word' id='word_1_660' title='bbox 466 5361 672 5407; x_wconf 84' lang='lat' dir='ltr'><strong>essent.</strong></span> <span class='ocrx_word' id='word_1_661' title='bbox 707 5350 880 5406; x_wconf 86' lang='lat' dir='ltr'><strong>Porro</strong></span> <span class='ocrx_word' id='word_1_662' title='bbox 914 5352 1000 5408; x_wconf 88' lang='lat' dir='ltr'><strong>his</strong></span> <span class='ocrx_word' id='word_1_663' title='bbox 1029 5350 1230 5408; x_wconf 64' lang='lat' dir='ltr'><strong>laetitiae</strong></span> <span class='ocrx_word' id='word_1_664' title='bbox 1264 5365 1488 5406; x_wconf 88' lang='lat' dir='ltr'><strong>causam</strong></span> <span class='ocrx_word' id='word_1_665' title='bbox 1515 5352 1588 5405; x_wconf 91' lang='lat' dir='ltr'><strong>ait</strong></span> <span class='ocrx_word' id='word_1_666' title='bbox 1619 5349 1808 5414; x_wconf 84' lang='lat' dir='ltr'><strong>fuisse,</strong></span> <span class='ocrx_word' id='word_1_667' title='bbox 1849 5352 2039 5423; x_wconf 79' lang='lat' dir='ltr'><strong>ingen-</strong></span> 
     </span>
    </p>
   </div>
   <div class='ocr_carea' id='block_1_89' title="bbox 467 5442 2036 5513">
    <p class='ocr_par' dir='ltr' id='par_1_89' title="bbox 467 5442 2036 5513">
     <span class='ocr_line' id='line_1_89' title="bbox 467 5442 2036 5513; baseline -0.001 -16"><span class='ocrx_word' id='word_1_668' title='bbox 467 5444 541 5501; x_wconf 79' lang='lat' dir='ltr'><strong>tis</strong></span> <span class='ocrx_word' id='word_1_669' title='bbox 571 5443 710 5498; x_wconf 89' lang='lat' dir='ltr'><strong>lucis</strong></span> <span class='ocrx_word' id='word_1_670' title='bbox 734 5444 1176 5511; x_wconf 89' lang='lat' dir='ltr'><strong>illustrationem,</strong></span> <span class='ocrx_word' id='word_1_671' title='bbox 1208 5443 1302 5513; x_wconf 92' lang='lat' dir='ltr'><strong>qui</strong></span> <span class='ocrx_word' id='word_1_672' title='bbox 1340 5443 1560 5513; x_wconf 89' lang='lat' dir='ltr'><strong>quidem</strong></span> <span class='ocrx_word' id='word_1_673' title='bbox 1599 5451 1722 5497; x_wconf 87' lang='lat' dir='ltr'><strong>ante</strong></span> <span class='ocrx_word' id='word_1_674' title='bbox 1745 5442 2036 5500; x_wconf 82' lang='lat' dir='ltr'><strong>adventum</strong></span> 
     </span>
    </p>
   </div>
   <div class='ocr_carea' id='block_1_90' title="bbox 468 5535 2037 5605">
    <p class='ocr_par' dir='ltr' id='par_1_90' title="bbox 468 5535 2037 5605">
     <span class='ocr_line' id='line_1_90' title="bbox 468 5535 2037 5605; baseline -0.001 -13"><span class='ocrx_word' id='word_1_675' title='bbox 468 5540 522 5593; x_wconf 91' lang='lat' dir='ltr'><strong>in</strong></span> <span class='ocrx_word' id='word_1_676' title='bbox 565 5536 807 5592; x_wconf 85' lang='lat' dir='ltr'><strong>tenebris</strong></span> <span class='ocrx_word' id='word_1_677' title='bbox 845 5536 1118 5599; x_wconf 87' lang='lat' dir='ltr'><strong>sedentes,</strong></span> <span class='ocrx_word' id='word_1_678' title='bbox 1169 5535 1224 5589; x_wconf 88' lang='lat' dir='ltr'><strong>in</strong></span> <span class='ocrx_word' id='word_1_679' title='bbox 1268 5536 1493 5605; x_wconf 82' lang='lat' dir='ltr'><strong>regione</strong></span> <span class='ocrx_word' id='word_1_680' title='bbox 1530 5543 1579 5591; x_wconf 88' lang='lat' dir='ltr'><strong>et</strong></span> <span class='ocrx_word' id='word_1_681' title='bbox 1619 5535 1812 5590; x_wconf 88' lang='lat' dir='ltr'><strong>umbra</strong></span> <span class='ocrx_word' id='word_1_682' title='bbox 1842 5535 2037 5591; x_wconf 88' lang='lat' dir='ltr'><strong>mortis</strong></span> 
     </span>
    </p>
   </div>
   <div class='ocr_carea' id='block_1_91' title="bbox 466 5625 2035 5692">
    <p class='ocr_par' dir='ltr' id='par_1_91' title="bbox 466 5625 2035 5692">
     <span class='ocr_line' id='line_1_91' title="bbox 466 5625 2035 5692; baseline -0.004 -6"><span class='ocrx_word' id='word_1_683' title='bbox 466 5629 750 5686; x_wconf 82' lang='lat' dir='ltr'><strong>sedebant.</strong></span> <span class='ocrx_word' id='word_1_684' title='bbox 785 5627 988 5682; x_wconf 79' lang='lat' dir='ltr'><strong>Exorto</strong></span> <span class='ocrx_word' id='word_1_685' title='bbox 1031 5635 1209 5682; x_wconf 84' lang='lat' dir='ltr'><strong>autem</strong></span> <span class='ocrx_word' id='word_1_686' title='bbox 1257 5626 1366 5682; x_wconf 90' lang='lat' dir='ltr'><strong>illis</strong></span> <span class='ocrx_word' id='word_1_687' title='bbox 1415 5626 1641 5682; x_wconf 86' lang='lat' dir='ltr'><strong>salutari</strong></span> <span class='ocrx_word' id='word_1_688' title='bbox 1694 5625 1918 5692; x_wconf 88' lang='lat' dir='ltr'><strong>lumine,</strong></span> <span class='ocrx_word' id='word_1_689' title='bbox 1959 5625 2035 5680; x_wconf 86' lang='lat' dir='ltr'><strong>ita</strong></span> 
     </span>
    </p>
   </div>
   <div class='ocr_carea' id='block_1_92' title="bbox 535 5805 1684 5876">
    <p class='ocr_par' dir='ltr' id='par_1_92' title="bbox 535 5805 1684 5876">
     <span class='ocr_line' id='line_1_92' title="bbox 535 5805 1684 5876; baseline -0.005 -11"><span class='ocrx_word' id='word_1_690' title='bbox 535 5813 593 5844; x_wconf 68' lang='grc'><strong>⁶⁰“</strong></span> <span class='ocrx_word' id='word_1_691' title='bbox 624 5812 790 5867; x_wconf 76' lang='lat' dir='ltr'><strong>Matth</strong></span> <span class='ocrx_word' id='word_1_692' title='bbox 847 5829 930 5876; x_wconf 81' lang='lat' dir='ltr'><strong>tv,</strong></span> <span class='ocrx_word' id='word_1_693' title='bbox 970 5808 1155 5865; x_wconf 70' lang='lat'><strong>12-25.</strong></span> <span class='ocrx_word' id='word_1_694' title='bbox 1231 5808 1271 5838; x_wconf 81' lang='grc'><strong>⁶¹</strong></span> <span class='ocrx_word' id='word_1_695' title='bbox 1303 5805 1459 5860; x_wconf 89' lang='lat' dir='ltr'><strong>Joan.</strong></span> <span class='ocrx_word' id='word_1_696' title='bbox 1496 5821 1565 5872; x_wconf 88' lang='grc' dir='ltr'><strong>ιι,</strong></span> <span class='ocrx_word' id='word_1_697' title='bbox 1601 5806 1684 5860; x_wconf 81' lang='lat' dir='ltr'><strong>ll.</strong></span> 
     </span>
    </p>
   </div>
   <div class='ocr_carea' id='block_1_93' title="bbox 2165 3333 3747 3408">
    <p class='ocr_par' dir='ltr' id='par_1_93' title="bbox 2165 3333 3747 3408">
     <span class='ocr_line' id='line_1_93' title="bbox 2165 3333 3747 3408; baseline -0.001 -22"><span class='ocrx_word' id='word_1_698' title='bbox 2165 3335 2259 3387; x_wconf 89' lang='grc' dir='ltr'><strong>τοῦ</strong></span> <span class='ocrx_word' id='word_1_699' title='bbox 2305 3335 2637 3405; x_wconf 86' lang='grc' dir='ltr'>Εὐαγγελίου</span> <span class='ocrx_word' id='word_1_700' title='bbox 2692 3336 2946 3408; x_wconf 77' lang='grc' dir='ltr'>εὑρήσεις</span> <span class='ocrx_word' id='word_1_701' title='bbox 2995 3334 3102 3388; x_wconf 83' lang='grc' dir='ltr'><strong>ἀπὸ</strong></span> <span class='ocrx_word' id='word_1_702' title='bbox 3161 3335 3262 3405; x_wconf 87' lang='grc' dir='ltr'><strong>τῆς</strong></span> <span class='ocrx_word' id='word_1_703' title='bbox 3304 3333 3593 3396; x_wconf 85' lang='grc' dir='ltr'>Γαλιλαίας</span> <span class='ocrx_word' id='word_1_704' title='bbox 3654 3333 3747 3385; x_wconf 73' lang='grc' dir='ltr'>τὸν</span> 
     </span>
    </p>
   </div>
   <div class='ocr_carea' id='block_1_94' title="bbox 2164 3422 3746 3498">
    <p class='ocr_par' dir='ltr' id='par_1_94' title="bbox 2164 3422 3746 3498">
     <span class='ocr_line' id='line_1_94' title="bbox 2164 3422 3746 3498; baseline -0.004 -18"><span class='ocrx_word' id='word_1_705' title='bbox 2164 3426 2437 3480; x_wconf 87' lang='grc' dir='ltr'>Ματθαῖον</span> <span class='ocrx_word' id='word_1_706' title='bbox 2489 3426 2844 3498; x_wconf 85' lang='grc' dir='ltr'>κεκλημένον,</span> <span class='ocrx_word' id='word_1_707' title='bbox 2900 3427 2995 3480; x_wconf 69' lang='grc' dir='ltr'><strong>καὶ</strong></span> <span class='ocrx_word' id='word_1_708' title='bbox 3047 3427 3104 3478; x_wconf 79' lang='grc' dir='ltr'>ὲν</span> <span class='ocrx_word' id='word_1_709' title='bbox 3155 3427 3323 3494; x_wconf 81' lang='grc' dir='ltr'>ἑτέρῳ</span> <span class='ocrx_word' id='word_1_710' title='bbox 3353 3425 3408 3478; x_wconf 82' lang='grc' dir='ltr'>δὲ</span> <span class='ocrx_word' id='word_1_711' title='bbox 3444 3424 3608 3476; x_wconf 86' lang='grc' dir='ltr'>πάλιν</span> <span class='ocrx_word' id='word_1_712' title='bbox 3650 3422 3746 3475; x_wconf 77' lang='grc' dir='ltr'><strong>τὸν</strong></span> 
     </span>
    </p>
   </div>
   <div class='ocr_carea' id='block_1_95' title="bbox 2163 3513 3745 3583">
    <p class='ocr_par' dir='ltr' id='par_1_95' title="bbox 2163 3513 3745 3583">
     <span class='ocr_line' id='line_1_95' title="bbox 2163 3513 3745 3583; baseline -0.003 -14"><span class='ocrx_word' id='word_1_713' title='bbox 2163 3517 2345 3571; x_wconf 81' lang='grc' dir='ltr'>Λευῖν.</span> <span class='ocrx_word' id='word_1_714' title='bbox 2392 3518 2501 3569; x_wconf 81' lang='lat' dir='ltr'><strong>Kal</strong></span> <span class='ocrx_word' id='word_1_715' title='bbox 2549 3519 2576 3570; x_wconf 86' lang='lat'><strong>6</strong></span> <span class='ocrx_word' id='word_1_716' title='bbox 2628 3517 2892 3580; x_wconf 80' lang='grc' dir='ltr'>Φίλιππος</span> <span class='ocrx_word' id='word_1_717' title='bbox 2937 3517 2995 3568; x_wconf 83' lang='grc' dir='ltr'>δὲ</span> <span class='ocrx_word' id='word_1_718' title='bbox 3037 3515 3177 3568; x_wconf 83' lang='grc' dir='ltr'>κατὰ</span> <span class='ocrx_word' id='word_1_719' title='bbox 3217 3515 3307 3567; x_wconf 73' lang='grc' dir='ltr'>τὸν</span> <span class='ocrx_word' id='word_1_720' title='bbox 3342 3514 3595 3583; x_wconf 76' lang='grc' dir='ltr'>Ἰωάννην</span> <span class='ocrx_word' id='word_1_721' title='bbox 3633 3513 3745 3566; x_wconf 71' lang='grc' dir='ltr'>ἀπὸ</span> 
     </span>
    </p>
   </div>
   <div class='ocr_carea' id='block_1_96' title="bbox 2164 3603 3748 3679">
    <p class='ocr_par' dir='ltr' id='par_1_96' title="bbox 2164 3603 3748 3679">
     <span class='ocr_line' id='line_1_96' title="bbox 2164 3603 3748 3679; baseline -0.001 -21"><span class='ocrx_word' id='word_1_722' title='bbox 2164 3606 2434 3678; x_wconf 77' lang='grc' dir='ltr'>Βηθσαϊδὰ</span> <span class='ocrx_word' id='word_1_723' title='bbox 2465 3607 2689 3679; x_wconf 83' lang='grc' dir='ltr'>ὡρμᾶτο</span> <span class='ocrx_word' id='word_1_724' title='bbox 2725 3609 2787 3660; x_wconf 79' lang='grc' dir='ltr'><strong>ἐκ</strong></span> <span class='ocrx_word' id='word_1_725' title='bbox 2827 3607 2924 3677; x_wconf 82' lang='grc' dir='ltr'>τῆς</span> <span class='ocrx_word' id='word_1_726' title='bbox 2964 3605 3170 3668; x_wconf 85' lang='grc' dir='ltr'>πόλεως</span> <span class='ocrx_word' id='word_1_727' title='bbox 3221 3603 3462 3674; x_wconf 82' lang='grc' dir='ltr'>Ἀνδρέου</span> <span class='ocrx_word' id='word_1_728' title='bbox 3508 3603 3604 3656; x_wconf 71' lang='grc' dir='ltr'><strong>καὶ</strong></span> <span class='ocrx_word' id='word_1_729' title='bbox 3639 3603 3748 3656; x_wconf 84' lang='grc' dir='ltr'><strong>Πέ-</strong></span> 
     </span>
    </p>
   </div>
   <div class='ocr_carea' id='block_1_97' title="bbox 2162 3691 3742 3772">
    <p class='ocr_par' dir='ltr' id='par_1_97' title="bbox 2162 3691 3742 3772">
     <span class='ocr_line' id='line_1_97' title="bbox 2162 3691 3742 3772; baseline -0.004 -20"><span class='ocrx_word' id='word_1_730' title='bbox 2162 3716 2288 3772; x_wconf 90' lang='grc' dir='ltr'>τρου</span> <span class='ocrx_word' id='word_1_731' title='bbox 2309 3715 2321 3728; x_wconf 86' lang='grc'>·</span> <span class='ocrx_word' id='word_1_732' title='bbox 2353 3700 2448 3751; x_wconf 74' lang='grc' dir='ltr'>καὶ</span> <span class='ocrx_word' id='word_1_733' title='bbox 2474 3698 2612 3770; x_wconf 79' lang='grc' dir='ltr'>αῦτη</span> <span class='ocrx_word' id='word_1_734' title='bbox 2640 3697 2696 3751; x_wconf 86' lang='grc' dir='ltr'>δὲ</span> <span class='ocrx_word' id='word_1_735' title='bbox 2723 3697 2824 3767; x_wconf 75' lang='grc' dir='ltr'>τῆς</span> <span class='ocrx_word' id='word_1_736' title='bbox 2850 3696 3135 3758; x_wconf 86' lang='grc' dir='ltr'>Γαλιλαίας</span> <span class='ocrx_word' id='word_1_737' title='bbox 3161 3691 3250 3766; x_wconf 81' lang='grc' dir='ltr'>ἦν.</span> <span class='ocrx_word' id='word_1_738' title='bbox 3294 3693 3451 3746; x_wconf 79' lang='grc' dir='ltr'>Ἀλλὰ</span> <span class='ocrx_word' id='word_1_739' title='bbox 3482 3695 3579 3746; x_wconf 76' lang='grc' dir='ltr'>καὶ</span> <span class='ocrx_word' id='word_1_740' title='bbox 3610 3696 3742 3765; x_wconf 86' lang='grc' dir='ltr'>παρ’</span> 
     </span>
    </p>
   </div>
   <div class='ocr_carea' id='block_1_98' title="bbox 2161 3786 3742 3862">
    <p class='ocr_par' dir='ltr' id='par_1_98' title="bbox 2161 3786 3742 3862">
     <span class='ocr_line' id='line_1_98' title="bbox 2161 3786 3742 3862; baseline -0.005 -18"><span class='ocrx_word' id='word_1_741' title='bbox 2161 3789 2310 3862; x_wconf 82' lang='grc' dir='ltr'>αὐτῷ</span> <span class='ocrx_word' id='word_1_742' title='bbox 2339 3789 2416 3861; x_wconf 82' lang='grc' dir='ltr'>τῷ</span> <span class='ocrx_word' id='word_1_743' title='bbox 2457 3789 2816 3861; x_wconf 78' lang='grc' dir='ltr'>εὐαγγελιστῇ</span> <span class='ocrx_word' id='word_1_744' title='bbox 2862 3789 3037 3859; x_wconf 84' lang='grc' dir='ltr'>γάμος</span> <span class='ocrx_word' id='word_1_745' title='bbox 3089 3786 3306 3855; x_wconf 76' lang='grc' dir='ltr'>ἐγένετο</span> <span class='ocrx_word' id='word_1_746' title='bbox 3358 3788 3415 3838; x_wconf 84' lang='grc' dir='ltr'>ὲν</span> <span class='ocrx_word' id='word_1_747' title='bbox 3438 3786 3596 3855; x_wconf 80' lang='grc' dir='ltr'>Κανᾷ</span> <span class='ocrx_word' id='word_1_748' title='bbox 3639 3786 3742 3856; x_wconf 80' lang='grc' dir='ltr'>τῆς</span> 
     </span>
    </p>
   </div>
   <div class='ocr_carea' id='block_1_99' title="bbox 2160 3876 3741 3954">
    <p class='ocr_par' dir='ltr' id='par_1_99' title="bbox 2160 3876 3741 3954">
     <span class='ocr_line' id='line_1_99' title="bbox 2160 3876 3741 3954; baseline -0.004 -18"><span class='ocrx_word' id='word_1_749' title='bbox 2160 3882 2474 3947; x_wconf 90' lang='grc' dir='ltr'>Γαλιλαίας,</span> <span class='ocrx_word' id='word_1_750' title='bbox 2506 3882 2634 3936; x_wconf 82' lang='grc' dir='ltr'>ἔνθα</span> <span class='ocrx_word' id='word_1_751' title='bbox 2670 3881 2986 3954; x_wconf 81' lang='grc' dir='ltr'>παραδόξως</span> <span class='ocrx_word' id='word_1_752' title='bbox 3024 3883 3052 3933; x_wconf 89' lang='lat'><strong>6</strong></span> <span class='ocrx_word' id='word_1_753' title='bbox 3077 3877 3280 3951; x_wconf 82' lang='grc' dir='ltr'>Κύριος</span> <span class='ocrx_word' id='word_1_754' title='bbox 3320 3877 3409 3932; x_wconf 77' lang='grc' dir='ltr'>τὸν</span> <span class='ocrx_word' id='word_1_755' title='bbox 3453 3876 3515 3942; x_wconf 76' lang='grc' dir='ltr'>ἐξ</span> <span class='ocrx_word' id='word_1_756' title='bbox 3548 3877 3741 3941; x_wconf 77' lang='grc' dir='ltr'>ὓδατος</span> 
     </span>
    </p>
   </div>
   <div class='ocr_carea' id='block_1_100' title="bbox 2158 3967 3741 4045">
    <p class='ocr_par' dir='ltr' id='par_1_100' title="bbox 2158 3967 3741 4045">
     <span class='ocr_line' id='line_1_100' title="bbox 2158 3967 3741 4045; baseline -0.004 -19"><span class='ocrx_word' id='word_1_757' title='bbox 2158 3969 2298 4026; x_wconf 75' lang='grc' dir='ltr'>οἶνον</span> <span class='ocrx_word' id='word_1_758' title='bbox 2353 3973 2765 4045; x_wconf 87' lang='grc' dir='ltr'>μετασκευάσας</span> <span class='ocrx_word' id='word_1_759' title='bbox 2789 4013 2805 4039; x_wconf 89' lang='grc'><strong>,</strong></span> <span class='ocrx_word' id='word_1_760' title='bbox 2865 3971 3038 4042; x_wconf 77' lang='grc' dir='ltr'>ἀρχὴν</span> <span class='ocrx_word' id='word_1_761' title='bbox 3091 3969 3278 4022; x_wconf 85' lang='grc' dir='ltr'>αὐτόθι</span> <span class='ocrx_word' id='word_1_762' title='bbox 3329 3968 3437 4020; x_wconf 88' lang='grc' dir='ltr'><strong>τῶν</strong></span> <span class='ocrx_word' id='word_1_763' title='bbox 3491 3967 3741 4038; x_wconf 82' lang='grc' dir='ltr'>σημείων</span> 
     </span>
    </p>
   </div>
   <div class='ocr_carea' id='block_1_101' title="bbox 2159 4060 3735 4136">
    <p class='ocr_par' dir='ltr' id='par_1_101' title="bbox 2159 4060 3735 4136">
     <span class='ocr_line' id='line_1_101' title="bbox 2159 4060 3735 4136; baseline -0.001 -19"><span class='ocrx_word' id='word_1_764' title='bbox 2159 4065 2471 4136; x_wconf 77' lang='grc' dir='ltr'>ἐποιήσατο,</span> <span class='ocrx_word' id='word_1_765' title='bbox 2517 4067 2605 4118; x_wconf 83' lang='grc' dir='ltr'>ὅτε</span> <span class='ocrx_word' id='word_1_766' title='bbox 2651 4066 2744 4118; x_wconf 74' lang='grc' dir='ltr'><strong>καὶ</strong></span> <span class='ocrx_word' id='word_1_767' title='bbox 2799 4081 2818 4114; x_wconf 87' lang='grc'><strong>‹</strong></span> <span class='ocrx_word' id='word_1_768' title='bbox 2852 4063 3160 4134; x_wconf 79' lang='grc' dir='ltr'>ὲφανέρωσε</span> <span class='ocrx_word' id='word_1_769' title='bbox 3205 4062 3304 4133; x_wconf 74' lang='grc' dir='ltr'>τὴν</span> <span class='ocrx_word' id='word_1_770' title='bbox 3347 4060 3502 4126; x_wconf 81' lang='grc' dir='ltr'>δόξαν</span> <span class='ocrx_word' id='word_1_771' title='bbox 3541 4061 3735 4123; x_wconf 81' lang='grc' dir='ltr'>αὐτοῦ.</span> 
     </span>
    </p>
   </div>
   <div class='ocr_carea' id='block_1_102' title="bbox 2158 4149 3737 4224">
    <p class='ocr_par' dir='ltr' id='par_1_102' title="bbox 2158 4149 3737 4224">
     <span class='ocr_line' id='line_1_102' title="bbox 2158 4149 3737 4224; baseline -0.003 -16"><span class='ocrx_word' id='word_1_772' title='bbox 2158 4158 2252 4208; x_wconf 76' lang='grc' dir='ltr'>καὶ</span> <span class='ocrx_word' id='word_1_773' title='bbox 2295 4157 2617 4208; x_wconf 77' lang='grc' dir='ltr'>ἐπίστευσαν</span> <span class='ocrx_word' id='word_1_774' title='bbox 2666 4155 2715 4206; x_wconf 89' lang='grc' dir='ltr'>οἱ</span> <span class='ocrx_word' id='word_1_775' title='bbox 2769 4153 3023 4224; x_wconf 89' lang='grc' dir='ltr'>μαθηταί.</span> <span class='ocrx_word' id='word_1_776' title='bbox 3051 4172 3068 4204; x_wconf 75' lang='grc' dir='ltr'><strong>ι</strong></span> <span class='ocrx_word' id='word_1_777' title='bbox 3126 4152 3234 4206; x_wconf 82' lang='grc' dir='ltr'><strong>Θέα</strong></span> <span class='ocrx_word' id='word_1_778' title='bbox 3282 4153 3338 4206; x_wconf 81' lang='grc' dir='ltr'><strong>δὲ</strong></span> <span class='ocrx_word' id='word_1_779' title='bbox 3389 4155 3436 4205; x_wconf 86' lang='grc' dir='ltr'><strong>εί</strong></span> <span class='ocrx_word' id='word_1_780' title='bbox 3487 4149 3561 4223; x_wconf 82' lang='grc' dir='ltr'><strong>μὴ</strong></span> <span class='ocrx_word' id='word_1_781' title='bbox 3602 4151 3737 4205; x_wconf 73' lang='grc' dir='ltr'>αὐτὸ</span> 
     </span>
    </p>
   </div>
   <div class='ocr_carea' id='block_1_103' title="bbox 2155 4240 3737 4315">
    <p class='ocr_par' dir='ltr' id='par_1_103' title="bbox 2155 4240 3737 4315">
     <span class='ocr_line' id='line_1_103' title="bbox 2155 4240 3737 4315; baseline -0.003 -18"><span class='ocrx_word' id='word_1_782' title='bbox 2155 4245 2313 4298; x_wconf 88' lang='grc' dir='ltr'>τοῦτο</span> <span class='ocrx_word' id='word_1_783' title='bbox 2354 4243 2569 4315; x_wconf 88' lang='grc' dir='ltr'>πρῶτον</span> <span class='ocrx_word' id='word_1_784' title='bbox 2601 4242 2694 4296; x_wconf 89' lang='grc' dir='ltr'><strong>τοῦ</strong></span> <span class='ocrx_word' id='word_1_785' title='bbox 2733 4242 2982 4313; x_wconf 81' lang='grc' dir='ltr'>Σωτῆρος</span> <span class='ocrx_word' id='word_1_786' title='bbox 3027 4240 3184 4312; x_wconf 81' lang='grc' dir='ltr'>ήμῶν</span> <span class='ocrx_word' id='word_1_787' title='bbox 3232 4240 3436 4312; x_wconf 86' lang='grc' dir='ltr'>θαῦμα,</span> <span class='ocrx_word' id='word_1_788' title='bbox 3487 4243 3544 4294; x_wconf 83' lang='grc' dir='ltr'><strong>ὲν</strong></span> <span class='ocrx_word' id='word_1_789' title='bbox 3576 4242 3737 4314; x_wconf 79' lang='grc' dir='ltr'>Κανᾷ</span> 
     </span>
    </p>
   </div>
   <div class='ocr_carea' id='block_1_104' title="bbox 2156 4333 3731 4408">
    <p class='ocr_par' dir='ltr' id='par_1_104' title="bbox 2156 4333 3731 4408">
     <span class='ocr_line' id='line_1_104' title="bbox 2156 4333 3731 4408; baseline -0.003 -18"><span class='ocrx_word' id='word_1_790' title='bbox 2156 4337 2255 4408; x_wconf 82' lang='grc' dir='ltr'>τῆς</span> <span class='ocrx_word' id='word_1_791' title='bbox 2278 4337 2565 4399; x_wconf 88' lang='grc' dir='ltr'>Γαλιλαίας</span> <span class='ocrx_word' id='word_1_792' title='bbox 2597 4335 2887 4406; x_wconf 88' lang='grc' dir='ltr'>γενόμενον</span> <span class='ocrx_word' id='word_1_793' title='bbox 2920 4334 3012 4386; x_wconf 74' lang='grc' dir='ltr'><strong>ἐπὶ</strong></span> <span class='ocrx_word' id='word_1_794' title='bbox 3041 4334 3141 4403; x_wconf 84' lang='grc' dir='ltr'>τῆς</span> <span class='ocrx_word' id='word_1_795' title='bbox 3171 4333 3263 4386; x_wconf 92' lang='grc' dir='ltr'><strong>τοῦ</strong></span> <span class='ocrx_word' id='word_1_796' title='bbox 3298 4333 3439 4385; x_wconf 76' lang='grc' dir='ltr'>οἴνου</span> <span class='ocrx_word' id='word_1_797' title='bbox 3493 4333 3731 4403; x_wconf 75' lang='grc' dir='ltr'>μεταδο-</span> 
     </span>
    </p>
   </div>
   <div class='ocr_carea' id='block_1_105' title="bbox 2154 4425 3732 4499">
    <p class='ocr_par' dir='ltr' id='par_1_105' title="bbox 2154 4425 3732 4499">
     <span class='ocr_line' id='line_1_105' title="bbox 2154 4425 3732 4499; baseline -0.003 -18"><span class='ocrx_word' id='word_1_798' title='bbox 2154 4428 2270 4499; x_wconf 81' lang='grc' dir='ltr'>λῆς,</span> <span class='ocrx_word' id='word_1_799' title='bbox 2303 4428 2570 4492; x_wconf 77' lang='grc' dir='ltr'>θεσπίζων</span> <span class='ocrx_word' id='word_1_800' title='bbox 2605 4430 2661 4480; x_wconf 80' lang='grc' dir='ltr'><strong>έν</strong></span> <span class='ocrx_word' id='word_1_801' title='bbox 2690 4427 2830 4497; x_wconf 84' lang='grc' dir='ltr'>ἀρχῇ</span> <span class='ocrx_word' id='word_1_802' title='bbox 2872 4425 2969 4496; x_wconf 77' lang='grc' dir='ltr'>τῆς</span> <span class='ocrx_word' id='word_1_803' title='bbox 3006 4425 3342 4496; x_wconf 79' lang='grc' dir='ltr'>προφητείας</span> <span class='ocrx_word' id='word_1_804' title='bbox 3396 4426 3732 4496; x_wconf 80' lang='grc' dir='ltr'>παρίστησιν</span> 
     </span>
    </p>
   </div>
   <div class='ocr_carea' id='block_1_106' title="bbox 2153 4515 3730 4591">
    <p class='ocr_par' dir='ltr' id='par_1_106' title="bbox 2153 4515 3730 4591">
     <span class='ocr_line' id='line_1_106' title="bbox 2153 4515 3730 4591; baseline -0.003 -17"><span class='ocrx_word' id='word_1_805' title='bbox 2153 4523 2182 4574; x_wconf 85' lang='grc' dir='ltr'><strong>ό</strong></span> <span class='ocrx_word' id='word_1_806' title='bbox 2214 4519 2402 4591; x_wconf 88' lang='grc' dir='ltr'>παρὼν</span> <span class='ocrx_word' id='word_1_807' title='bbox 2432 4519 2607 4588; x_wconf 87' lang='grc' dir='ltr'>λόγος,</span> <span class='ocrx_word' id='word_1_808' title='bbox 2636 4518 2891 4586; x_wconf 79' lang='grc' dir='ltr'>φάσκων·</span> <span class='ocrx_word' id='word_1_809' title='bbox 2935 4537 2952 4567; x_wconf 77' lang='grc' dir='ltr'><strong>ι</strong></span> <span class='ocrx_word' id='word_1_810' title='bbox 2977 4516 3146 4570; x_wconf 88' lang='grc' dir='ltr'>Τοῦτο</span> <span class='ocrx_word' id='word_1_811' title='bbox 3192 4515 3408 4587; x_wconf 76' lang='grc' dir='ltr'>πρῶτον</span> <span class='ocrx_word' id='word_1_812' title='bbox 3443 4517 3556 4578; x_wconf 86' lang='grc' dir='ltr'>πίε,</span> <span class='ocrx_word' id='word_1_813' title='bbox 3588 4518 3730 4585; x_wconf 81' lang='grc' dir='ltr'>ταχὺ</span> 
     </span>
    </p>
   </div>
   <div class='ocr_carea' id='block_1_107' title="bbox 2153 4602 3728 4677">
    <p class='ocr_par' dir='ltr' id='par_1_107' title="bbox 2153 4602 3728 4677">
     <span class='ocr_line' id='line_1_107' title="bbox 2153 4602 3728 4677; baseline 0 -19"><span class='ocrx_word' id='word_1_814' title='bbox 2153 4605 2316 4669; x_wconf 83' lang='grc' dir='ltr'>ποίει,</span> <span class='ocrx_word' id='word_1_815' title='bbox 2349 4604 2500 4677; x_wconf 83' lang='grc' dir='ltr'>χώρα</span> <span class='ocrx_word' id='word_1_816' title='bbox 2527 4602 2810 4658; x_wconf 78' lang='grc' dir='ltr'>Ζαϐουλὼν</span> <span class='ocrx_word' id='word_1_817' title='bbox 2861 4603 2954 4658; x_wconf 69' lang='grc' dir='ltr'><strong>καὶ</strong></span> <span class='ocrx_word' id='word_1_818' title='bbox 2986 4603 3057 4674; x_wconf 81' lang='grc' dir='ltr'><strong>γῆ</strong></span> <span class='ocrx_word' id='word_1_819' title='bbox 3091 4602 3429 4674; x_wconf 64' lang='grc' dir='ltr'>Νεφθαλείμ,</span> <span class='ocrx_word' id='word_1_820' title='bbox 3465 4603 3728 4658; x_wconf 85' lang='grc' dir='ltr'>Γαλιλαία</span> 
     </span>
    </p>
   </div>
   <div class='ocr_carea' id='block_1_108' title="bbox 2149 4699 3731 4774">
    <p class='ocr_par' dir='ltr' id='par_1_108' title="bbox 2149 4699 3731 4774">
     <span class='ocr_line' id='line_1_108' title="bbox 2149 4699 3731 4774; baseline -0.003 -16"><span class='ocrx_word' id='word_1_821' title='bbox 2149 4704 2258 4758; x_wconf 88' lang='grc' dir='ltr'><strong>τῶν</strong></span> <span class='ocrx_word' id='word_1_822' title='bbox 2297 4703 2486 4757; x_wconf 75' lang='grc' dir='ltr'>ἐθνῶν.</span> <span class='ocrx_word' id='word_1_823' title='bbox 2520 4723 2538 4754; x_wconf 77' lang='grc' dir='ltr'><strong>ι</strong></span> <span class='ocrx_word' id='word_1_824' title='bbox 2593 4704 2655 4755; x_wconf 73' lang='lat' dir='ltr'><strong>Et</strong></span> <span class='ocrx_word' id='word_1_825' title='bbox 2690 4703 2748 4756; x_wconf 84' lang='grc' dir='ltr'>δὲ</span> <span class='ocrx_word' id='word_1_826' title='bbox 2789 4701 3054 4774; x_wconf 76' lang='grc' dir='ltr'>σύμϐολον</span> <span class='ocrx_word' id='word_1_827' title='bbox 3083 4699 3152 4772; x_wconf 74' lang='grc' dir='ltr'><strong>ἦν</strong></span> <span class='ocrx_word' id='word_1_828' title='bbox 3184 4700 3246 4754; x_wconf 85' lang='grc' dir='ltr'><strong>τό</strong></span> <span class='ocrx_word' id='word_1_829' title='bbox 3293 4701 3594 4770; x_wconf 80' lang='grc' dir='ltr'>παράδοξον</span> <span class='ocrx_word' id='word_1_830' title='bbox 3631 4721 3731 4773; x_wconf 86' lang='grc' dir='ltr'>μυ-</span> 
     </span>
    </p>
   </div>
   <div class='ocr_carea' id='block_1_109' title="bbox 2151 4791 3728 4868">
    <p class='ocr_par' dir='ltr' id='par_1_109' title="bbox 2151 4791 3728 4868">
     <span class='ocr_line' id='line_1_109' title="bbox 2151 4791 3728 4868; baseline -0.001 -19"><span class='ocrx_word' id='word_1_831' title='bbox 2151 4796 2475 4863; x_wconf 87' lang='grc' dir='ltr'>στικωτέρου</span> <span class='ocrx_word' id='word_1_832' title='bbox 2506 4796 2817 4868; x_wconf 59' lang='grc' dir='ltr'>κράματος,</span> <span class='ocrx_word' id='word_1_833' title='bbox 2841 4791 3267 4865; x_wconf 79' lang='grc' dir='ltr'>μεταϐληθέντος</span> <span class='ocrx_word' id='word_1_834' title='bbox 3301 4795 3364 4845; x_wconf 87' lang='grc' dir='ltr'>ὲκ</span> <span class='ocrx_word' id='word_1_835' title='bbox 3397 4793 3498 4864; x_wconf 82' lang='grc' dir='ltr'>τῆς</span> <span class='ocrx_word' id='word_1_836' title='bbox 3537 4811 3728 4864; x_wconf 75' lang='grc' dir='ltr'>σωμα-</span> 
     </span>
    </p>
   </div>
   <div class='ocr_carea' id='block_1_110' title="bbox 2147 4884 3726 4960">
    <p class='ocr_par' dir='ltr' id='par_1_110' title="bbox 2147 4884 3726 4960">
     <span class='ocr_line' id='line_1_110' title="bbox 2147 4884 3726 4960; baseline -0.003 -19"><span class='ocrx_word' id='word_1_837' title='bbox 2147 4887 2447 4960; x_wconf 80' lang='grc' dir='ltr'>τικωτέρας</span> <span class='ocrx_word' id='word_1_838' title='bbox 2481 4888 2573 4940; x_wconf 73' lang='grc' dir='ltr'>ἐπὶ</span> <span class='ocrx_word' id='word_1_839' title='bbox 2601 4887 2701 4958; x_wconf 79' lang='grc' dir='ltr'>τὴν</span> <span class='ocrx_word' id='word_1_840' title='bbox 2730 4886 2920 4958; x_wconf 81' lang='grc' dir='ltr'>νοερὰν</span> <span class='ocrx_word' id='word_1_841' title='bbox 2961 4885 3056 4938; x_wconf 71' lang='grc' dir='ltr'><strong>καὶ</strong></span> <span class='ocrx_word' id='word_1_842' title='bbox 3099 4884 3474 4955; x_wconf 77' lang='grc' dir='ltr'>πνευματικὴν</span> <span class='ocrx_word' id='word_1_843' title='bbox 3520 4885 3726 4957; x_wconf 77' lang='grc' dir='ltr'>εὐφρο-</span> 
     </span>
    </p>
   </div>
   <div class='ocr_carea' id='block_1_111' title="bbox 2148 4974 3720 5050">
    <p class='ocr_par' dir='ltr' id='par_1_111' title="bbox 2148 4974 3720 5050">
     <span class='ocr_line' id='line_1_111' title="bbox 2148 4974 3720 5050; baseline -0.004 -18"><span class='ocrx_word' id='word_1_844' title='bbox 2148 4977 2314 5050; x_wconf 88' lang='grc' dir='ltr'>σύνην</span> <span class='ocrx_word' id='word_1_845' title='bbox 2342 4977 2435 5031; x_wconf 91' lang='grc' dir='ltr'><strong>τοῦ</strong></span> <span class='ocrx_word' id='word_1_846' title='bbox 2472 4976 2720 5032; x_wconf 84' lang='grc' dir='ltr'>πιστικοῦ</span> <span class='ocrx_word' id='word_1_847' title='bbox 2756 4977 2857 5046; x_wconf 83' lang='grc' dir='ltr'><strong>τῆς</strong></span> <span class='ocrx_word' id='word_1_848' title='bbox 2889 4975 3080 5046; x_wconf 79' lang='grc' dir='ltr'>καινῆς</span> <span class='ocrx_word' id='word_1_849' title='bbox 3111 4975 3383 5046; x_wconf 85' lang='grc' dir='ltr'>Διαθήκης</span> <span class='ocrx_word' id='word_1_850' title='bbox 3413 4974 3720 5046; x_wconf 84' lang='grc' dir='ltr'>κράματος,</span> 
     </span>
    </p>
   </div>
   <div class='ocr_carea' id='block_1_112' title="bbox 2139 5063 3723 5140">
    <p class='ocr_par' dir='ltr' id='par_1_112' title="bbox 2139 5063 3723 5140">
     <span class='ocr_line' id='line_1_112' title="bbox 2139 5063 3723 5140; baseline -0.004 -18"><span class='ocrx_word' id='word_1_851' title='bbox 2139 5071 2242 5140; x_wconf 83' lang='grc' dir='ltr'><strong>ὅρα</strong></span> <span class='ocrx_word' id='word_1_852' title='bbox 2294 5071 2500 5140; x_wconf 83' lang='grc' dir='ltr'>μήποτε</span> <span class='ocrx_word' id='word_1_853' title='bbox 2544 5069 2635 5122; x_wconf 76' lang='grc' dir='ltr'><strong>καὶ</strong></span> <span class='ocrx_word' id='word_1_854' title='bbox 2672 5067 2828 5121; x_wconf 89' lang='grc' dir='ltr'>τοῦτο</span> <span class='ocrx_word' id='word_1_855' title='bbox 2869 5068 2981 5128; x_wconf 84' lang='grc' dir='ltr'>τοῖς</span> <span class='ocrx_word' id='word_1_856' title='bbox 3019 5065 3147 5137; x_wconf 76' lang='grc' dir='ltr'>περὶ</span> <span class='ocrx_word' id='word_1_857' title='bbox 3185 5065 3283 5136; x_wconf 80' lang='grc' dir='ltr'>τῆς</span> <span class='ocrx_word' id='word_1_858' title='bbox 3307 5064 3601 5126; x_wconf 87' lang='grc' dir='ltr'>Γαλιλαίας</span> <span class='ocrx_word' id='word_1_859' title='bbox 3622 5063 3723 5121; x_wconf 74' lang='grc' dir='ltr'>δη-</span> 
     </span>
    </p>
   </div>
   <div class='ocr_carea' id='block_1_113' title="bbox 2141 5155 3720 5233">
    <p class='ocr_par' dir='ltr' id='par_1_113' title="bbox 2141 5155 3720 5233">
     <span class='ocr_line' id='line_1_113' title="bbox 2141 5155 3720 5233; baseline -0.005 -17"><span class='ocrx_word' id='word_1_860' title='bbox 2141 5163 2418 5233; x_wconf 88' lang='grc' dir='ltr'>λουμένοις</span> <span class='ocrx_word' id='word_1_861' title='bbox 2467 5160 2769 5224; x_wconf 84' lang='grc' dir='ltr'>ἀκολούθως</span> <span class='ocrx_word' id='word_1_862' title='bbox 2817 5160 3097 5231; x_wconf 76' lang='grc' dir='ltr'>ᾐνίττετο,</span> <span class='ocrx_word' id='word_1_863' title='bbox 3149 5157 3454 5221; x_wconf 77' lang='grc' dir='ltr'>θεσπίζων,</span> <span class='ocrx_word' id='word_1_864' title='bbox 3499 5155 3576 5219; x_wconf 82' lang='grc' dir='ltr'><strong>ὡς</strong></span> <span class='ocrx_word' id='word_1_865' title='bbox 3608 5155 3720 5228; x_wconf 74' lang='grc' dir='ltr'>ἄρα</span> 
     </span>
    </p>
   </div>
   <div class='ocr_carea' id='block_1_114' title="bbox 2145 5247 3718 5329">
    <p class='ocr_par' dir='ltr' id='par_1_114' title="bbox 2145 5247 3718 5329">
     <span class='ocr_line' id='line_1_114' title="bbox 2145 5247 3718 5329; baseline -0.004 -21"><span class='ocrx_word' id='word_1_866' title='bbox 2145 5256 2500 5329; x_wconf 82' lang='grc' dir='ltr'>μελλήσουσιν</span> <span class='ocrx_word' id='word_1_867' title='bbox 2556 5255 2646 5308; x_wconf 70' lang='grc' dir='ltr'>ἐπὶ</span> <span class='ocrx_word' id='word_1_868' title='bbox 2692 5256 2758 5324; x_wconf 81' lang='grc' dir='ltr'>τῇ</span> <span class='ocrx_word' id='word_1_869' title='bbox 2804 5251 3042 5323; x_wconf 81' lang='grc' dir='ltr'>Χριστοῦ</span> <span class='ocrx_word' id='word_1_870' title='bbox 3098 5249 3369 5323; x_wconf 79' lang='grc' dir='ltr'>παρουσία</span> <span class='ocrx_word' id='word_1_871' title='bbox 3417 5247 3718 5319; x_wconf 82' lang='grc' dir='ltr'>πρώτιστοι</span> 
     </span>
    </p>
   </div>
   <div class='ocr_carea' id='block_1_115' title="bbox 2141 5338 3714 5417">
    <p class='ocr_par' dir='ltr' id='par_1_115' title="bbox 2141 5338 3714 5417">
     <span class='ocr_line' id='line_1_115' title="bbox 2141 5338 3714 5417; baseline -0.007 -16"><span class='ocrx_word' id='word_1_872' title='bbox 2141 5349 2358 5402; x_wconf 90' lang='grc' dir='ltr'>πάντων</span> <span class='ocrx_word' id='word_1_873' title='bbox 2396 5349 2446 5401; x_wconf 90' lang='grc' dir='ltr'>οἱ</span> <span class='ocrx_word' id='word_1_874' title='bbox 2481 5346 2578 5417; x_wconf 77' lang='grc' dir='ltr'>τὴν</span> <span class='ocrx_word' id='word_1_875' title='bbox 2603 5343 2886 5400; x_wconf 79' lang='grc' dir='ltr'>Ζαὸουλὼν</span> <span class='ocrx_word' id='word_1_876' title='bbox 2929 5345 3026 5398; x_wconf 69' lang='grc' dir='ltr'>καλ.</span> <span class='ocrx_word' id='word_1_877' title='bbox 3053 5341 3368 5413; x_wconf 65' lang='grc' dir='ltr'>Νεφθαλείμ</span> <span class='ocrx_word' id='word_1_878' title='bbox 3411 5338 3714 5402; x_wconf 83' lang='grc' dir='ltr'>οἰκοῦντες,</span> 
     </span>
    </p>
   </div>
   <div class='ocr_carea' id='block_1_116' title="bbox 2138 5434 3713 5512">
    <p class='ocr_par' dir='ltr' id='par_1_116' title="bbox 2138 5434 3713 5512">
     <span class='ocr_line' id='line_1_116' title="bbox 2138 5434 3713 5512; baseline -0.006 -15"><span class='ocrx_word' id='word_1_879' title='bbox 2138 5442 2253 5498; x_wconf 82' lang='grc' dir='ltr'>ἀλλ’</span> <span class='ocrx_word' id='word_1_880' title='bbox 2281 5442 2378 5512; x_wconf 86' lang='grc' dir='ltr'><strong>οὑχ</strong></span> <span class='ocrx_word' id='word_1_881' title='bbox 2417 5442 2466 5494; x_wconf 92' lang='grc' dir='ltr'><strong>οί</strong></span> <span class='ocrx_word' id='word_1_882' title='bbox 2504 5440 2602 5510; x_wconf 75' lang='grc' dir='ltr'><strong>τὴν</strong></span> <span class='ocrx_word' id='word_1_883' title='bbox 2638 5439 2894 5492; x_wconf 90' lang='grc' dir='ltr'>Ἰουδαίαν</span> <span class='ocrx_word' id='word_1_884' title='bbox 2925 5439 3019 5492; x_wconf 73' lang='grc' dir='ltr'>καὶ</span> <span class='ocrx_word' id='word_1_885' title='bbox 3049 5437 3146 5508; x_wconf 82' lang='grc' dir='ltr'>τὴν</span> <span class='ocrx_word' id='word_1_886' title='bbox 3191 5435 3578 5509; x_wconf 77' lang='grc' dir='ltr'>Ἰερουσαλὴμ,</span> <span class='ocrx_word' id='word_1_887' title='bbox 3613 5434 3713 5488; x_wconf 82' lang='grc' dir='ltr'><strong>τοῦ</strong></span> 
     </span>
    </p>
   </div>
   <div class='ocr_carea' id='block_1_117' title="bbox 2139 5524 3706 5605">
    <p class='ocr_par' dir='ltr' id='par_1_117' title="bbox 2139 5524 3706 5605">
     <span class='ocr_line' id='line_1_117' title="bbox 2139 5524 3706 5605; baseline -0.005 -17"><span class='ocrx_word' id='word_1_888' title='bbox 2139 5533 2378 5605; x_wconf 88' lang='grc' dir='ltr'>πόματος</span> <span class='ocrx_word' id='word_1_889' title='bbox 2398 5531 2490 5585; x_wconf 87' lang='grc' dir='ltr'><strong>τοῦ</strong></span> <span class='ocrx_word' id='word_1_890' title='bbox 2511 5529 2868 5598; x_wconf 79' lang='grc' dir='ltr'>εύαγγελικοῦ</span> <span class='ocrx_word' id='word_1_891' title='bbox 2901 5527 3254 5600; x_wconf 87' lang='grc' dir='ltr'>κηρύγματος</span> <span class='ocrx_word' id='word_1_892' title='bbox 3278 5524 3706 5598; x_wconf 72' lang='grc' dir='ltr'>μεταλήψεσθαι.</span> 
     </span>
    </p>
   </div>
   <div class='ocr_carea' id='block_1_118' title="bbox 2137 5616 3711 5692">
    <p class='ocr_par' dir='ltr' id='par_1_118' title="bbox 2137 5616 3711 5692">
     <span class='ocr_line' id='line_1_118' title="bbox 2137 5616 3711 5692; baseline -0.007 -13"><span class='ocrx_word' id='word_1_893' title='bbox 2137 5627 2324 5681; x_wconf 74' lang='grc' dir='ltr'>Αίτίαν</span> <span class='ocrx_word' id='word_1_894' title='bbox 2347 5625 2405 5678; x_wconf 80' lang='grc' dir='ltr'><strong>δὲ</strong></span> <span class='ocrx_word' id='word_1_895' title='bbox 2436 5622 2642 5686; x_wconf 88' lang='grc' dir='ltr'>τούτοις</span> <span class='ocrx_word' id='word_1_896' title='bbox 2670 5621 2768 5692; x_wconf 76' lang='grc' dir='ltr'>τῆς</span> <span class='ocrx_word' id='word_1_897' title='bbox 2800 5620 3138 5692; x_wconf 69' lang='grc' dir='ltr'>εὐφροσύνης</span> <span class='ocrx_word' id='word_1_898' title='bbox 3170 5619 3302 5692; x_wconf 68' lang='grc' dir='ltr'>φησι</span> <span class='ocrx_word' id='word_1_899' title='bbox 3330 5616 3582 5687; x_wconf 83' lang='grc' dir='ltr'>γενέσθαι</span> <span class='ocrx_word' id='word_1_900' title='bbox 3607 5617 3711 5687; x_wconf 80' lang='grc' dir='ltr'><strong>τὴν</strong></span> 
     </span>
    </p>
   </div>
  </div>
