  <div class='ocr_page' id='page_1' title='image "/cluster/home/n/w/nwhite01/storage/ocr_20150623/22/hvd.32044073501140/350.png"; bbox 0 0 4106 6420; ppageno 0'>
   <div class='ocr_carea' id='block_1_1' title="bbox 265 460 398 520">
    <p class='ocr_par' dir='ltr' id='par_1_1' title="bbox 265 460 398 520">
     <span class='ocr_line' id='line_1_1' title="bbox 265 460 398 520; baseline 0.03 -4"><span class='ocrx_word' id='word_1_1' title='bbox 265 460 398 520; x_wconf 78' lang='lat'><strong>683</strong></span> 
     </span>
    </p>
   </div>
   <div class='ocr_carea' id='block_1_2' title="bbox 1228 444 2668 519">
    <p class='ocr_par' dir='ltr' id='par_1_2' title="bbox 1228 444 2668 519">
     <span class='ocr_line' id='line_1_2' title="bbox 1228 444 2668 519; baseline -0.001 -3"><span class='ocrx_word' id='word_1_2' title='bbox 1228 451 1878 519; x_wconf 69' lang='lat' dir='ltr'><strong>DEMONSTRATIONIS</strong></span> <span class='ocrx_word' id='word_1_3' title='bbox 1907 446 2366 515; x_wconf 65' lang='lat' dir='ltr'><strong>EVANGELICE</strong></span> <span class='ocrx_word' id='word_1_4' title='bbox 2407 445 2534 514; x_wconf 84' lang='lat' dir='ltr'><strong>LIB.</strong></span> <span class='ocrx_word' id='word_1_5' title='bbox 2579 444 2668 515; x_wconf 74' lang='lat' dir='ltr'><strong>iit.</strong></span> 
     </span>
    </p>
   </div>
   <div class='ocr_carea' id='block_1_3' title="bbox 3458 450 3565 511">
    <p class='ocr_par' dir='ltr' id='par_1_3' title="bbox 3458 450 3565 511">
     <span class='ocr_line' id='line_1_3' title="bbox 3458 450 3565 511; baseline 0.009 -1"><span class='ocrx_word' id='word_1_6' title='bbox 3458 450 3565 511; x_wconf 72' lang='grc'><strong>886</strong></span> 
     </span>
    </p>
   </div>
   <div class='ocr_carea' id='block_1_4' title="bbox 267 568 1885 650">
    <p class='ocr_par' dir='ltr' id='par_1_4' title="bbox 267 575 1878 650">
     <span class='ocr_line' id='line_1_4' title="bbox 267 575 1878 650; baseline -0.002 -18"><span class='ocrx_word' id='word_1_7' title='bbox 267 579 384 632; x_wconf 84' lang='grc' dir='ltr'><strong>τοῦ</strong></span> <span class='ocrx_word' id='word_1_8' title='bbox 422 579 660 650; x_wconf 75' lang='grc' dir='ltr'><strong>μεγάλου</strong></span> <span class='ocrx_word' id='word_1_9' title='bbox 687 578 863 647; x_wconf 81' lang='grc' dir='ltr'>φωτὸς</span> <span class='ocrx_word' id='word_1_10' title='bbox 888 577 1179 648; x_wconf 78' lang='grc' dir='ltr'><strong>ἔκλαμψιν,</strong></span> <span class='ocrx_word' id='word_1_11' title='bbox 1209 577 1280 641; x_wconf 81' lang='grc' dir='ltr'><strong>οἳ,</strong></span> <span class='ocrx_word' id='word_1_12' title='bbox 1307 577 1414 646; x_wconf 82' lang='grc' dir='ltr'><strong>πρὸ</strong></span> <span class='ocrx_word' id='word_1_13' title='bbox 1435 577 1535 647; x_wconf 81' lang='grc' dir='ltr'>τῆς</span> <span class='ocrx_word' id='word_1_14' title='bbox 1572 575 1878 648; x_wconf 83' lang='grc' dir='ltr'><strong>παρουσίας</strong></span> 
     </span>
    </p>
   </div>
   <div class='ocr_carea' id='block_1_5' title="bbox 1987 568 3562 650">
    <p class='ocr_par' dir='ltr' id='par_1_5' title="bbox 1987 568 3562 642">
     <span class='ocr_line' id='line_1_5' title="bbox 1987 568 3562 642; baseline -0.004 -15"><span class='ocrx_word' id='word_1_15' title='bbox 1987 573 2332 637; x_wconf 70' lang='lat' dir='ltr'><strong>laetabuntur,</strong></span> <span class='ocrx_word' id='word_1_16' title='bbox 2375 582 2434 627; x_wconf 89' lang='lat' dir='ltr'><strong>ut</strong></span> <span class='ocrx_word' id='word_1_17' title='bbox 2473 572 2507 625; x_wconf 88' lang='lat' dir='ltr'><strong>ii</strong></span> <span class='ocrx_word' id='word_1_18' title='bbox 2539 573 2634 642; x_wconf 92' lang='lat' dir='ltr'><strong>qui</strong></span> <span class='ocrx_word' id='word_1_19' title='bbox 2683 571 2936 625; x_wconf 67' lang='lat' dir='ltr'><strong>laetantur</strong></span> <span class='ocrx_word' id='word_1_20' title='bbox 2982 569 3036 624; x_wconf 91' lang='lat' dir='ltr'><strong>in</strong></span> <span class='ocrx_word' id='word_1_21' title='bbox 3079 582 3282 634; x_wconf 74' lang='lat' dir='ltr'><strong>messe,</strong></span> <span class='ocrx_word' id='word_1_22' title='bbox 3329 577 3495 639; x_wconf 91' lang='lat' dir='ltr'><strong>utque</strong></span> <span class='ocrx_word' id='word_1_23' title='bbox 3527 568 3562 621; x_wconf 93' lang='lat' dir='ltr'><strong>ii</strong></span> 
     </span>
    </p>
   </div>
   <div class='ocr_carea' id='block_1_6' title="bbox 271 667 1869 742">
    <p class='ocr_par' dir='ltr' id='par_1_6' title="bbox 271 667 1869 742">
     <span class='ocr_line' id='line_1_6' title="bbox 271 667 1869 742; baseline 0 -23"><span class='ocrx_word' id='word_1_24' title='bbox 271 672 348 723; x_wconf 66' lang='lat' dir='ltr'><strong>iv</strong></span> <span class='ocrx_word' id='word_1_25' title='bbox 397 672 579 724; x_wconf 83' lang='grc' dir='ltr'><strong>σκότει</strong></span> <span class='ocrx_word' id='word_1_26' title='bbox 631 670 1020 740; x_wconf 76' lang='grc' dir='ltr'>καθεζόμενοι,</span> <span class='ocrx_word' id='word_1_27' title='bbox 1069 671 1127 722; x_wconf 86' lang='grc' dir='ltr'><strong>ἐν</strong></span> <span class='ocrx_word' id='word_1_28' title='bbox 1155 667 1310 742; x_wconf 74' lang='grc' dir='ltr'>χώρᾳ</span> <span class='ocrx_word' id='word_1_29' title='bbox 1340 670 1436 722; x_wconf 73' lang='grc' dir='ltr'>καὶ</span> <span class='ocrx_word' id='word_1_30' title='bbox 1471 671 1598 740; x_wconf 85' lang='grc' dir='ltr'>σκιᾷ</span> <span class='ocrx_word' id='word_1_31' title='bbox 1636 667 1869 722; x_wconf 90' lang='grc' dir='ltr'>θανάτου</span> 
     </span>
    </p>
   </div>
   <div class='ocr_carea' id='block_1_7' title="bbox 270 760 1874 832">
    <p class='ocr_par' dir='ltr' id='par_1_7' title="bbox 270 760 1874 832">
     <span class='ocr_line' id='line_1_7' title="bbox 270 760 1874 832; baseline -0.001 -17"><span class='ocrx_word' id='word_1_32' title='bbox 270 760 509 832; x_wconf 80' lang='grc' dir='ltr'><strong>διῆγον·</strong></span> <span class='ocrx_word' id='word_1_33' title='bbox 560 761 980 826; x_wconf 85' lang='grc' dir='ltr'>ἀνατεταλκότος</span> <span class='ocrx_word' id='word_1_34' title='bbox 1022 761 1078 815; x_wconf 87' lang='grc' dir='ltr'><strong>δέ</strong></span> <span class='ocrx_word' id='word_1_35' title='bbox 1109 761 1292 825; x_wconf 82' lang='grc' dir='ltr'>αὐτοῖς</span> <span class='ocrx_word' id='word_1_36' title='bbox 1322 761 1418 814; x_wconf 87' lang='grc' dir='ltr'><strong>τοῦ</strong></span> <span class='ocrx_word' id='word_1_37' title='bbox 1458 760 1727 832; x_wconf 81' lang='grc' dir='ltr'><strong>σωτηρίου</strong></span> <span class='ocrx_word' id='word_1_38' title='bbox 1761 777 1874 830; x_wconf 76' lang='grc' dir='ltr'>φω-</span> 
     </span>
    </p>
   </div>
   <div class='ocr_carea' id='block_1_8' title="bbox 274 851 1875 926">
    <p class='ocr_par' dir='ltr' id='par_1_8' title="bbox 274 851 1875 926">
     <span class='ocr_line' id='line_1_8' title="bbox 274 851 1875 926; baseline 0.002 -22"><span class='ocrx_word' id='word_1_39' title='bbox 274 852 404 916; x_wconf 78' lang='grc' dir='ltr'>τὸς,</span> <span class='ocrx_word' id='word_1_40' title='bbox 446 851 633 907; x_wconf 83' lang='grc' dir='ltr'>τοῦτον</span> <span class='ocrx_word' id='word_1_41' title='bbox 681 853 1146 926; x_wconf 75' lang='grc' dir='ltr'><strong>εὐφρανθήσονται</strong></span> <span class='ocrx_word' id='word_1_42' title='bbox 1189 854 1282 907; x_wconf 76' lang='grc' dir='ltr'>τὸν</span> <span class='ocrx_word' id='word_1_43' title='bbox 1324 853 1546 926; x_wconf 80' lang='grc' dir='ltr'>τρόπον,</span> <span class='ocrx_word' id='word_1_44' title='bbox 1582 853 1658 916; x_wconf 81' lang='grc' dir='ltr'><strong>ὡς</strong></span> <span class='ocrx_word' id='word_1_45' title='bbox 1697 855 1744 906; x_wconf 79' lang='lat' dir='ltr'><strong>oi</strong></span> <span class='ocrx_word' id='word_1_46' title='bbox 1785 853 1875 907; x_wconf 84' lang='grc' dir='ltr'>εὐ-</span> 
     </span>
    </p>
   </div>
   <div class='ocr_carea' id='block_1_9' title="bbox 277 945 1873 1020">
    <p class='ocr_par' dir='ltr' id='par_1_9' title="bbox 277 945 1873 1020">
     <span class='ocr_line' id='line_1_9' title="bbox 277 945 1873 1020; baseline -0.001 -20"><span class='ocrx_word' id='word_1_47' title='bbox 277 949 645 1020; x_wconf 80' lang='grc' dir='ltr'>φραινόμενοι</span> <span class='ocrx_word' id='word_1_48' title='bbox 674 948 731 1001; x_wconf 89' lang='grc' dir='ltr'><strong>ἐν</strong></span> <span class='ocrx_word' id='word_1_49' title='bbox 751 947 966 1018; x_wconf 84' lang='grc' dir='ltr'>ἁμητῷ,</span> <span class='ocrx_word' id='word_1_50' title='bbox 998 949 1092 1001; x_wconf 71' lang='grc' dir='ltr'><strong>καὶ</strong></span> <span class='ocrx_word' id='word_1_51' title='bbox 1122 947 1181 1000; x_wconf 81' lang='grc' dir='ltr'>ὃν</span> <span class='ocrx_word' id='word_1_52' title='bbox 1206 946 1402 1016; x_wconf 84' lang='grc' dir='ltr'>τρόπον</span> <span class='ocrx_word' id='word_1_53' title='bbox 1435 948 1483 1001; x_wconf 90' lang='grc' dir='ltr'>οἱ</span> <span class='ocrx_word' id='word_1_54' title='bbox 1510 945 1873 1017; x_wconf 78' lang='grc' dir='ltr'>διαιρούμενοι</span> 
     </span>
    </p>
   </div>
   <div class='ocr_carea' id='block_1_10' title="bbox 279 1038 1875 1110">
    <p class='ocr_par' dir='ltr' id='par_1_10' title="bbox 279 1038 1875 1110">
     <span class='ocr_line' id='line_1_10' title="bbox 279 1038 1875 1110; baseline 0.001 -19"><span class='ocrx_word' id='word_1_55' title='bbox 279 1038 488 1092; x_wconf 84' lang='grc' dir='ltr'>σκῦλα.</span> <span class='ocrx_word' id='word_1_56' title='bbox 545 1038 654 1092; x_wconf 71' lang='grc' dir='ltr'><strong>Καὶ</strong></span> <span class='ocrx_word' id='word_1_57' title='bbox 701 1038 872 1092; x_wconf 84' lang='grc' dir='ltr'>ταῦτα</span> <span class='ocrx_word' id='word_1_58' title='bbox 916 1039 973 1092; x_wconf 82' lang='grc' dir='ltr'>δὲ</span> <span class='ocrx_word' id='word_1_59' title='bbox 1012 1038 1158 1110; x_wconf 78' lang='grc' dir='ltr'>ἔργῳ</span> <span class='ocrx_word' id='word_1_60' title='bbox 1208 1038 1542 1110; x_wconf 80' lang='grc' dir='ltr'>ἐπληροῦτο,</span> <span class='ocrx_word' id='word_1_61' title='bbox 1593 1041 1712 1104; x_wconf 82' lang='grc' dir='ltr'>ὅτε,</span> <span class='ocrx_word' id='word_1_62' title='bbox 1750 1040 1875 1103; x_wconf 82' lang='grc' dir='ltr'>τοὺς</span> 
     </span>
    </p>
   </div>
   <div class='ocr_carea' id='block_1_11' title="bbox 279 1133 1877 1208">
    <p class='ocr_par' dir='ltr' id='par_1_11' title="bbox 279 1133 1877 1208">
     <span class='ocr_line' id='line_1_11' title="bbox 279 1133 1877 1208; baseline 0.001 -22"><span class='ocrx_word' id='word_1_63' title='bbox 279 1133 626 1198; x_wconf 78' lang='grc' dir='ltr'>ἀποστόλους</span> <span class='ocrx_word' id='word_1_64' title='bbox 655 1134 684 1187; x_wconf 82' lang='grc' dir='ltr'>ὁ</span> <span class='ocrx_word' id='word_1_65' title='bbox 705 1135 896 1207; x_wconf 78' lang='grc' dir='ltr'>Σωτήρ</span> <span class='ocrx_word' id='word_1_66' title='bbox 927 1135 1238 1208; x_wconf 76' lang='grc' dir='ltr'>καὶΚύριος</span> <span class='ocrx_word' id='word_1_67' title='bbox 1269 1135 1425 1207; x_wconf 85' lang='grc' dir='ltr'>ήμῶν</span> <span class='ocrx_word' id='word_1_68' title='bbox 1454 1135 1562 1189; x_wconf 80' lang='grc' dir='ltr'><strong>ἀπὸ</strong></span> <span class='ocrx_word' id='word_1_69' title='bbox 1587 1137 1686 1206; x_wconf 84' lang='grc' dir='ltr'><strong>τῆς</strong></span> <span class='ocrx_word' id='word_1_70' title='bbox 1718 1137 1877 1190; x_wconf 82' lang='grc' dir='ltr'>Γαλι-</span> 
     </span>
    </p>
   </div>
   <div class='ocr_carea' id='block_1_12' title="bbox 278 1225 1877 1300">
    <p class='ocr_par' dir='ltr' id='par_1_12' title="bbox 278 1225 1877 1300">
     <span class='ocr_line' id='line_1_12' title="bbox 278 1225 1877 1300; baseline 0.001 -21"><span class='ocrx_word' id='word_1_71' title='bbox 278 1225 454 1290; x_wconf 83' lang='grc' dir='ltr'>λαίας</span> <span class='ocrx_word' id='word_1_72' title='bbox 495 1227 1021 1298; x_wconf 83' lang='grc' dir='ltr'>προσκαλεσάμενος,</span> <span class='ocrx_word' id='word_1_73' title='bbox 1045 1227 1111 1281; x_wconf 74' lang='grc' dir='ltr'>τὰ</span> <span class='ocrx_word' id='word_1_74' title='bbox 1138 1228 1415 1300; x_wconf 80' lang='grc' dir='ltr'>παράδοξα</span> <span class='ocrx_word' id='word_1_75' title='bbox 1441 1228 1550 1282; x_wconf 88' lang='grc' dir='ltr'><strong>τῶν</strong></span> <span class='ocrx_word' id='word_1_76' title='bbox 1581 1228 1756 1300; x_wconf 82' lang='grc' dir='ltr'>ἔργων</span> <span class='ocrx_word' id='word_1_77' title='bbox 1781 1228 1877 1282; x_wconf 76' lang='grc' dir='ltr'>καὶ</span> 
     </span>
    </p>
   </div>
   <div class='ocr_carea' id='block_1_13' title="bbox 279 1319 1877 1390">
    <p class='ocr_par' dir='ltr' id='par_1_13' title="bbox 279 1319 1877 1390">
     <span class='ocr_line' id='line_1_13' title="bbox 279 1319 1877 1390; baseline 0.001 -19"><span class='ocrx_word' id='word_1_78' title='bbox 279 1319 396 1388; x_wconf 72' lang='grc' dir='ltr'><strong>τὴν</strong></span> <span class='ocrx_word' id='word_1_79' title='bbox 442 1319 791 1372; x_wconf 75' lang='grc' dir='ltr'>διδασκαλίαν</span> <span class='ocrx_word' id='word_1_80' title='bbox 836 1321 1018 1384; x_wconf 79' lang='grc' dir='ltr'>αὐτοῖς</span> <span class='ocrx_word' id='word_1_81' title='bbox 1070 1320 1444 1372; x_wconf 78' lang='grc' dir='ltr'>ἐπεδείκνυτο·</span> <span class='ocrx_word' id='word_1_82' title='bbox 1500 1319 1877 1390; x_wconf 81' lang='grc' dir='ltr'>εὐφρανθήσε-</span> 
     </span>
    </p>
   </div>
   <div class='ocr_carea' id='block_1_14' title="bbox 287 1409 1874 1485">
    <p class='ocr_par' dir='ltr' id='par_1_14' title="bbox 287 1409 1874 1485">
     <span class='ocr_line' id='line_1_14' title="bbox 287 1409 1874 1485; baseline 0.003 -23"><span class='ocrx_word' id='word_1_83' title='bbox 287 1409 424 1462; x_wconf 82' lang='grc' dir='ltr'>σθαι</span> <span class='ocrx_word' id='word_1_84' title='bbox 453 1411 509 1463; x_wconf 89' lang='grc' dir='ltr'><strong>δέ</strong></span> <span class='ocrx_word' id='word_1_85' title='bbox 535 1411 728 1474; x_wconf 75' lang='grc' dir='ltr'>αὐτοὺς</span> <span class='ocrx_word' id='word_1_86' title='bbox 764 1412 1003 1465; x_wconf 87' lang='grc' dir='ltr'>ἐναντίον</span> <span class='ocrx_word' id='word_1_87' title='bbox 1028 1412 1193 1465; x_wconf 86' lang='grc' dir='ltr'>αὐτοῦ</span> <span class='ocrx_word' id='word_1_88' title='bbox 1217 1414 1250 1483; x_wconf 76' lang='grc' dir='ltr'><strong>ἡ</strong></span> <span class='ocrx_word' id='word_1_89' title='bbox 1284 1412 1589 1485; x_wconf 79' lang='grc' dir='ltr'>προφητεία</span> <span class='ocrx_word' id='word_1_90' title='bbox 1605 1412 1874 1478; x_wconf 75' lang='grc' dir='ltr'>θεσπίζει,</span> 
     </span>
    </p>
   </div>
   <div class='ocr_carea' id='block_1_15' title="bbox 283 1501 1875 1576">
    <p class='ocr_par' dir='ltr' id='par_1_15' title="bbox 283 1501 1875 1576">
     <span class='ocr_line' id='line_1_15' title="bbox 283 1501 1875 1576; baseline 0.001 -21"><span class='ocrx_word' id='word_1_91' title='bbox 283 1501 454 1572; x_wconf 74' lang='grc' dir='ltr'>δίκην</span> <span class='ocrx_word' id='word_1_92' title='bbox 486 1502 593 1555; x_wconf 90' lang='grc' dir='ltr'><strong>τῶν</strong></span> <span class='ocrx_word' id='word_1_93' title='bbox 621 1504 1062 1575; x_wconf 74' lang='grc' dir='ltr'>εὐφραινομένων</span> <span class='ocrx_word' id='word_1_94' title='bbox 1091 1506 1148 1557; x_wconf 87' lang='grc' dir='ltr'>ὲν</span> <span class='ocrx_word' id='word_1_95' title='bbox 1176 1503 1390 1576; x_wconf 78' lang='grc' dir='ltr'>ἀμητῷ.</span> <span class='ocrx_word' id='word_1_96' title='bbox 1422 1505 1569 1575; x_wconf 84' lang='grc' dir='ltr'>Ποίῳ</span> <span class='ocrx_word' id='word_1_97' title='bbox 1591 1504 1648 1558; x_wconf 83' lang='grc' dir='ltr'>δὲ</span> <span class='ocrx_word' id='word_1_98' title='bbox 1679 1504 1875 1576; x_wconf 80' lang='grc' dir='ltr'>τούτῳ,</span> 
     </span>
    </p>
   </div>
   <div class='ocr_carea' id='block_1_16' title="bbox 285 1589 1879 1667">
    <p class='ocr_par' dir='ltr' id='par_1_16' title="bbox 285 1589 1879 1667">
     <span class='ocr_line' id='line_1_16' title="bbox 285 1589 1879 1667; baseline 0.002 -22"><span class='ocrx_word' id='word_1_99' title='bbox 285 1589 325 1663; x_wconf 78' lang='grc' dir='ltr'>ἢ</span> <span class='ocrx_word' id='word_1_100' title='bbox 351 1593 484 1663; x_wconf 78' lang='grc' dir='ltr'>περὶ</span> <span class='ocrx_word' id='word_1_101' title='bbox 520 1589 580 1648; x_wconf 75' lang='grc' dir='ltr'><strong>οὐ</strong></span> <span class='ocrx_word' id='word_1_102' title='bbox 620 1593 884 1647; x_wconf 80' lang='grc' dir='ltr'>διδάσκων</span> <span class='ocrx_word' id='word_1_103' title='bbox 918 1594 1080 1656; x_wconf 84' lang='grc' dir='ltr'>αὐτὸς</span> <span class='ocrx_word' id='word_1_104' title='bbox 1115 1594 1332 1662; x_wconf 81' lang='grc' dir='ltr'>ἐλεγεν”</span> <span class='ocrx_word' id='word_1_105' title='bbox 1389 1614 1407 1645; x_wconf 81' lang='grc' dir='ltr'><strong>ι</strong></span> <span class='ocrx_word' id='word_1_106' title='bbox 1451 1595 1720 1667; x_wconf 88' lang='grc' dir='ltr'>Ἐπάρατε</span> <span class='ocrx_word' id='word_1_107' title='bbox 1753 1595 1879 1659; x_wconf 74' lang='grc' dir='ltr'>τοὺς</span> 
     </span>
    </p>
   </div>
   <div class='ocr_carea' id='block_1_17' title="bbox 283 1683 1877 1756">
    <p class='ocr_par' dir='ltr' id='par_1_17' title="bbox 283 1683 1877 1756">
     <span class='ocr_line' id='line_1_17' title="bbox 283 1683 1877 1756; baseline 0.001 -22"><span class='ocrx_word' id='word_1_108' title='bbox 283 1683 612 1755; x_wconf 73' lang='grc' dir='ltr'>ὀφθαλμοὺς</span> <span class='ocrx_word' id='word_1_109' title='bbox 656 1684 833 1756; x_wconf 83' lang='grc' dir='ltr'>ὐμῶν,</span> <span class='ocrx_word' id='word_1_110' title='bbox 879 1686 970 1738; x_wconf 75' lang='grc' dir='ltr'><strong>καὶ</strong></span> <span class='ocrx_word' id='word_1_111' title='bbox 1003 1684 1140 1738; x_wconf 84' lang='grc' dir='ltr'>ίδετε</span> <span class='ocrx_word' id='word_1_112' title='bbox 1167 1685 1264 1748; x_wconf 71' lang='grc' dir='ltr'><strong>τὰς</strong></span> <span class='ocrx_word' id='word_1_113' title='bbox 1308 1683 1512 1756; x_wconf 83' lang='grc' dir='ltr'>χώρας,</span> <span class='ocrx_word' id='word_1_114' title='bbox 1561 1686 1642 1738; x_wconf 84' lang='grc' dir='ltr'>ὃτι</span> <span class='ocrx_word' id='word_1_115' title='bbox 1690 1684 1877 1738; x_wconf 84' lang='grc' dir='ltr'>λευκαί</span> 
     </span>
    </p>
   </div>
   <div class='ocr_carea' id='block_1_18' title="bbox 288 1775 1880 1848">
    <p class='ocr_par' dir='ltr' id='par_1_18' title="bbox 288 1775 1880 1848">
     <span class='ocr_line' id='line_1_18' title="bbox 288 1775 1880 1848; baseline 0.001 -20"><span class='ocrx_word' id='word_1_116' title='bbox 288 1777 405 1828; x_wconf 79' lang='grc' dir='ltr'>εἱσι</span> <span class='ocrx_word' id='word_1_117' title='bbox 451 1777 588 1846; x_wconf 81' lang='grc' dir='ltr'>πρὸς</span> <span class='ocrx_word' id='word_1_118' title='bbox 625 1775 885 1848; x_wconf 82' lang='grc' dir='ltr'>θερισμὸν</span> <span class='ocrx_word' id='word_1_119' title='bbox 939 1777 1076 1848; x_wconf 78' lang='grc' dir='ltr'>ήδη;</span> <span class='ocrx_word' id='word_1_120' title='bbox 1111 1798 1129 1828; x_wconf 70' lang='grc' dir='ltr'><strong>ι</strong></span> <span class='ocrx_word' id='word_1_121' title='bbox 1181 1775 1397 1848; x_wconf 83' lang='grc' dir='ltr'>Ἐδήλου</span> <span class='ocrx_word' id='word_1_122' title='bbox 1447 1778 1504 1832; x_wconf 82' lang='grc' dir='ltr'><strong>δὲ</strong></span> <span class='ocrx_word' id='word_1_123' title='bbox 1542 1778 1630 1831; x_wconf 89' lang='grc' dir='ltr'><strong>διά</strong></span> <span class='ocrx_word' id='word_1_124' title='bbox 1673 1777 1880 1830; x_wconf 78' lang='grc' dir='ltr'>τούτων</span> 
     </span>
    </p>
   </div>
   <div class='ocr_carea' id='block_1_19' title="bbox 1979 658 3565 734">
    <p class='ocr_par' dir='ltr' id='par_1_19' title="bbox 1979 658 3565 734">
     <span class='ocr_line' id='line_1_19' title="bbox 1979 658 3565 734; baseline -0.005 -16"><span class='ocrx_word' id='word_1_125' title='bbox 1979 664 2072 734; x_wconf 91' lang='lat' dir='ltr'><strong>qui</strong></span> <span class='ocrx_word' id='word_1_126' title='bbox 2117 662 2367 716; x_wconf 89' lang='lat' dir='ltr'><strong>dividunt</strong></span> <span class='ocrx_word' id='word_1_127' title='bbox 2399 661 2597 730; x_wconf 88' lang='lat' dir='ltr'><strong>spolia.</strong></span> <span class='ocrx_word' id='word_1_128' title='bbox 2628 658 2793 731; x_wconf 63' lang='lat' dir='ltr'><strong>uo</strong></span> <span class='ocrx_word' id='word_1_129' title='bbox 2821 658 2948 714; x_wconf 65' lang='lat' dir='ltr'><strong>Haec</strong></span> <span class='ocrx_word' id='word_1_130' title='bbox 2975 675 3107 714; x_wconf 88' lang='lat' dir='ltr'><strong>vero</strong></span> <span class='ocrx_word' id='word_1_131' title='bbox 3137 659 3258 729; x_wconf 91' lang='lat' dir='ltr'><strong>ipsa</strong></span> <span class='ocrx_word' id='word_1_132' title='bbox 3299 672 3361 714; x_wconf 87' lang='lat' dir='ltr'><strong>re</strong></span> <span class='ocrx_word' id='word_1_133' title='bbox 3413 673 3565 712; x_wconf 64' lang='lat' dir='ltr'><strong>com-</strong></span> 
     </span>
    </p>
   </div>
   <div class='ocr_carea' id='block_1_20' title="bbox 1979 749 3565 825">
    <p class='ocr_par' dir='ltr' id='par_1_20' title="bbox 1979 749 3565 825">
     <span class='ocr_line' id='line_1_20' title="bbox 1979 749 3565 825; baseline -0.004 -17"><span class='ocrx_word' id='word_1_134' title='bbox 1979 756 2123 825; x_wconf 90' lang='lat' dir='ltr'><strong>pleta</strong></span> <span class='ocrx_word' id='word_1_135' title='bbox 2155 763 2305 815; x_wconf 90' lang='lat' dir='ltr'><strong>sunt,</strong></span> <span class='ocrx_word' id='word_1_136' title='bbox 2333 767 2458 808; x_wconf 90' lang='lat' dir='ltr'><strong>cum</strong></span> <span class='ocrx_word' id='word_1_137' title='bbox 2486 752 2554 807; x_wconf 90' lang='lat' dir='ltr'><strong>de</strong></span> <span class='ocrx_word' id='word_1_138' title='bbox 2583 749 2806 806; x_wconf 70' lang='lat' dir='ltr'><strong>Galilzea</strong></span> <span class='ocrx_word' id='word_1_139' title='bbox 2838 751 3048 806; x_wconf 89' lang='lat' dir='ltr'><strong>vocatis</strong></span> <span class='ocrx_word' id='word_1_140' title='bbox 3079 751 3367 820; x_wconf 82' lang='lat' dir='ltr'><strong>apostolis,</strong></span> <span class='ocrx_word' id='word_1_141' title='bbox 3397 749 3565 803; x_wconf 88' lang='lat' dir='ltr'><strong>mira-</strong></span> 
     </span>
    </p>
   </div>
   <div class='ocr_carea' id='block_1_21' title="bbox 1981 843 3565 917">
    <p class='ocr_par' dir='ltr' id='par_1_21' title="bbox 1981 843 3565 917">
     <span class='ocr_line' id='line_1_21' title="bbox 1981 843 3565 917; baseline -0.002 -16"><span class='ocrx_word' id='word_1_142' title='bbox 1981 847 2109 902; x_wconf 91' lang='lat' dir='ltr'><strong>bilia</strong></span> <span class='ocrx_word' id='word_1_143' title='bbox 2141 861 2306 917; x_wconf 82' lang='lat' dir='ltr'><strong>Opera</strong></span> <span class='ocrx_word' id='word_1_144' title='bbox 2330 861 2430 901; x_wconf 90' lang='lat' dir='ltr'><strong>sua</strong></span> <span class='ocrx_word' id='word_1_145' title='bbox 2463 855 2520 901; x_wconf 91' lang='lat' dir='ltr'><strong>ct</strong></span> <span class='ocrx_word' id='word_1_146' title='bbox 2553 845 2858 899; x_wconf 77' lang='lat' dir='ltr'><strong>doctrinam</strong></span> <span class='ocrx_word' id='word_1_147' title='bbox 2921 843 3176 898; x_wconf 75' lang='lat' dir='ltr'><strong>Salvator</strong></span> <span class='ocrx_word' id='word_1_148' title='bbox 3209 859 3272 898; x_wconf 91' lang='lat' dir='ltr'><strong>ac</strong></span> <span class='ocrx_word' id='word_1_149' title='bbox 3297 843 3565 898; x_wconf 77' lang='lat' dir='ltr'><strong>Dominus</strong></span> 
     </span>
    </p>
   </div>
   <div class='ocr_carea' id='block_1_22' title="bbox 1981 936 3566 1009">
    <p class='ocr_par' dir='ltr' id='par_1_22' title="bbox 1981 936 3566 1009">
     <span class='ocr_line' id='line_1_22' title="bbox 1981 936 3566 1009; baseline -0.002 -16"><span class='ocrx_word' id='word_1_150' title='bbox 1981 947 2172 993; x_wconf 85' lang='lat' dir='ltr'><strong>noster</strong></span> <span class='ocrx_word' id='word_1_151' title='bbox 2202 939 2312 992; x_wconf 85' lang='lat' dir='ltr'><strong>illis</strong></span> <span class='ocrx_word' id='word_1_152' title='bbox 2360 941 2541 1009; x_wconf 81' lang='lat' dir='ltr'><strong>palam</strong></span> <span class='ocrx_word' id='word_1_153' title='bbox 2580 936 2871 992; x_wconf 75' lang='lat' dir='ltr'><strong>exhibuit:</strong></span> <span class='ocrx_word' id='word_1_154' title='bbox 2909 936 3188 991; x_wconf 71' lang='lat' dir='ltr'><strong>laetaturas</strong></span> <span class='ocrx_word' id='word_1_155' title='bbox 3241 944 3425 991; x_wconf 90' lang='lat' dir='ltr'><strong>autem</strong></span> <span class='ocrx_word' id='word_1_156' title='bbox 3467 946 3566 990; x_wconf 71' lang='lat' dir='ltr'><strong>eos</strong></span> 
     </span>
    </p>
   </div>
   <div class='ocr_carea' id='block_1_23' title="bbox 1980 1028 3566 1102">
    <p class='ocr_par' dir='ltr' id='par_1_23' title="bbox 1980 1028 3566 1102">
     <span class='ocr_line' id='line_1_23' title="bbox 1980 1028 3566 1102; baseline -0.001 -17"><span class='ocrx_word' id='word_1_157' title='bbox 1980 1046 2166 1085; x_wconf 90' lang='lat' dir='ltr'><strong>coram</strong></span> <span class='ocrx_word' id='word_1_158' title='bbox 2200 1030 2320 1102; x_wconf 82' lang='lat' dir='ltr'><strong>ipso</strong></span> <span class='ocrx_word' id='word_1_159' title='bbox 2355 1029 2644 1100; x_wconf 83' lang='lat' dir='ltr'><strong>prophetia</strong></span> <span class='ocrx_word' id='word_1_160' title='bbox 2674 1028 2906 1092; x_wconf 82' lang='lat' dir='ltr'><strong>divinat,</strong></span> <span class='ocrx_word' id='word_1_161' title='bbox 2953 1029 3130 1084; x_wconf 90' lang='lat' dir='ltr'><strong>instar</strong></span> <span class='ocrx_word' id='word_1_162' title='bbox 3176 1028 3477 1085; x_wconf 69' lang='lat' dir='ltr'><strong>laetantium</strong></span> <span class='ocrx_word' id='word_1_163' title='bbox 3508 1029 3566 1083; x_wconf 91' lang='lat' dir='ltr'><strong>in</strong></span> 
     </span>
    </p>
   </div>
   <div class='ocr_carea' id='block_1_24' title="bbox 1981 1121 3568 1193">
    <p class='ocr_par' dir='ltr' id='par_1_24' title="bbox 1981 1121 3568 1193">
     <span class='ocr_line' id='line_1_24' title="bbox 1981 1121 3568 1193; baseline -0.001 -13"><span class='ocrx_word' id='word_1_164' title='bbox 1981 1141 2182 1182; x_wconf 91' lang='lat' dir='ltr'><strong>messe.</strong></span> <span class='ocrx_word' id='word_1_165' title='bbox 2237 1123 2344 1179; x_wconf 83' lang='lat' dir='ltr'><strong>Sed</strong></span> <span class='ocrx_word' id='word_1_166' title='bbox 2387 1123 2442 1177; x_wconf 91' lang='lat' dir='ltr'><strong>in</strong></span> <span class='ocrx_word' id='word_1_167' title='bbox 2474 1137 2583 1193; x_wconf 85' lang='lat' dir='ltr'><strong>qua</strong></span> <span class='ocrx_word' id='word_1_168' title='bbox 2634 1121 2854 1176; x_wconf 86' lang='lat' dir='ltr'><strong>tandem</strong></span> <span class='ocrx_word' id='word_1_169' title='bbox 2907 1136 3108 1182; x_wconf 90' lang='lat' dir='ltr'><strong>messe.</strong></span> <span class='ocrx_word' id='word_1_170' title='bbox 3149 1121 3256 1177; x_wconf 89' lang='lat' dir='ltr'><strong>nisi</strong></span> <span class='ocrx_word' id='word_1_171' title='bbox 3305 1121 3362 1176; x_wconf 94' lang='lat' dir='ltr'><strong>in</strong></span> <span class='ocrx_word' id='word_1_172' title='bbox 3395 1128 3459 1177; x_wconf 82' lang='lat' dir='ltr'><strong>ea</strong></span> <span class='ocrx_word' id='word_1_173' title='bbox 3496 1121 3568 1178; x_wconf 78' lang='lat' dir='ltr'><strong>de</strong></span> 
     </span>
    </p>
   </div>
   <div class='ocr_carea' id='block_1_25' title="bbox 1981 1214 3566 1290">
    <p class='ocr_par' dir='ltr' id='par_1_25' title="bbox 1981 1214 3566 1290">
     <span class='ocr_line' id='line_1_25' title="bbox 1981 1214 3566 1290; baseline -0.003 -17"><span class='ocrx_word' id='word_1_174' title='bbox 1981 1234 2091 1290; x_wconf 89' lang='lat' dir='ltr'><strong>qua</strong></span> <span class='ocrx_word' id='word_1_175' title='bbox 2122 1218 2238 1288; x_wconf 88' lang='lat' dir='ltr'><strong>ipse</strong></span> <span class='ocrx_word' id='word_1_176' title='bbox 2264 1217 2513 1272; x_wconf 87' lang='lat' dir='ltr'><strong>dicebat:</strong></span> <span class='ocrx_word' id='word_1_177' title='bbox 2551 1233 2569 1266; x_wconf 83' lang='grc' dir='ltr'><strong>ι</strong></span> <span class='ocrx_word' id='word_1_178' title='bbox 2600 1215 2848 1269; x_wconf 86' lang='lat' dir='ltr'><strong>Attollite</strong></span> <span class='ocrx_word' id='word_1_179' title='bbox 2899 1214 3092 1268; x_wconf 89' lang='lat' dir='ltr'><strong>oculos</strong></span> <span class='ocrx_word' id='word_1_180' title='bbox 3138 1221 3372 1278; x_wconf 87' lang='lat' dir='ltr'><strong>vestros,</strong></span> <span class='ocrx_word' id='word_1_181' title='bbox 3398 1221 3452 1268; x_wconf 91' lang='lat' dir='ltr'><strong>et</strong></span> <span class='ocrx_word' id='word_1_182' title='bbox 3479 1214 3566 1268; x_wconf 84' lang='lat' dir='ltr'><strong>vi-</strong></span> 
     </span>
    </p>
   </div>
   <div class='ocr_carea' id='block_1_26' title="bbox 1982 1305 3565 1382">
    <p class='ocr_par' dir='ltr' id='par_1_26' title="bbox 1982 1305 3565 1382">
     <span class='ocr_line' id='line_1_26' title="bbox 1982 1305 3565 1382; baseline -0.003 -15"><span class='ocrx_word' id='word_1_183' title='bbox 1982 1312 2106 1368; x_wconf 85' lang='lat' dir='ltr'><strong>dete</strong></span> <span class='ocrx_word' id='word_1_184' title='bbox 2129 1312 2401 1382; x_wconf 84' lang='lat' dir='ltr'><strong>regiones,</strong></span> <span class='ocrx_word' id='word_1_185' title='bbox 2424 1320 2479 1364; x_wconf 77' lang='lat' dir='ltr'><strong>nt</strong></span> <span class='ocrx_word' id='word_1_186' title='bbox 2508 1309 2644 1364; x_wconf 73' lang='lat' dir='ltr'><strong>albae</strong></span> <span class='ocrx_word' id='word_1_187' title='bbox 2664 1315 2791 1363; x_wconf 85' lang='lat' dir='ltr'><strong>sunt</strong></span> <span class='ocrx_word' id='word_1_188' title='bbox 2818 1305 2885 1361; x_wconf 88' lang='lat' dir='ltr'><strong>ad</strong></span> <span class='ocrx_word' id='word_1_189' title='bbox 2903 1322 3138 1362; x_wconf 87' lang='lat' dir='ltr'><strong>messem</strong></span> <span class='ocrx_word' id='word_1_190' title='bbox 3163 1307 3277 1377; x_wconf 89' lang='lat' dir='ltr'><strong>jam</strong></span> <span class='ocrx_word' id='word_1_191' title='bbox 3304 1307 3565 1362; x_wconf 66' lang='lat' dir='ltr'><strong>nunc“.s</strong></span> 
     </span>
    </p>
   </div>
   <div class='ocr_carea' id='block_1_27' title="bbox 1983 1399 3570 1471">
    <p class='ocr_par' dir='ltr' id='par_1_27' title="bbox 1983 1399 3570 1471">
     <span class='ocr_line' id='line_1_27' title="bbox 1983 1399 3570 1471; baseline -0.003 -14"><span class='ocrx_word' id='word_1_192' title='bbox 1983 1402 2081 1459; x_wconf 84' lang='lat' dir='ltr'><strong>llis</strong></span> <span class='ocrx_word' id='word_1_193' title='bbox 2114 1410 2293 1458; x_wconf 91' lang='lat' dir='ltr'><strong>autem</strong></span> <span class='ocrx_word' id='word_1_194' title='bbox 2325 1401 2507 1457; x_wconf 88' lang='lat' dir='ltr'><strong>verbis</strong></span> <span class='ocrx_word' id='word_1_195' title='bbox 2561 1399 2802 1471; x_wconf 85' lang='lat' dir='ltr'><strong>gentium</strong></span> <span class='ocrx_word' id='word_1_196' title='bbox 2835 1399 3313 1469; x_wconf 90' lang='lat' dir='ltr'><strong>congregationem</strong></span> <span class='ocrx_word' id='word_1_197' title='bbox 3359 1400 3570 1470; x_wconf 56' lang='lat' dir='ltr'><strong>signilia</strong></span> 
     </span>
    </p>
   </div>
   <div class='ocr_carea' id='block_1_28' title="bbox 1984 1489 3564 1559">
    <p class='ocr_par' dir='ltr' id='par_1_28' title="bbox 1984 1489 3564 1559">
     <span class='ocr_line' id='line_1_28' title="bbox 1984 1489 3564 1559; baseline -0.001 -12"><span class='ocrx_word' id='word_1_198' title='bbox 1984 1494 2142 1548; x_wconf 89' lang='lat' dir='ltr'><strong>cabat</strong></span> <span class='ocrx_word' id='word_1_199' title='bbox 2170 1510 2183 1546; x_wconf 90' lang='lat'>:</span> <span class='ocrx_word' id='word_1_200' title='bbox 2210 1493 2277 1548; x_wconf 89' lang='lat' dir='ltr'><strong>de</strong></span> <span class='ocrx_word' id='word_1_201' title='bbox 2307 1492 2513 1548; x_wconf 89' lang='lat' dir='ltr'><strong>eisdem</strong></span> <span class='ocrx_word' id='word_1_202' title='bbox 2532 1505 2661 1545; x_wconf 93' lang='lat' dir='ltr'><strong>vero</strong></span> <span class='ocrx_word' id='word_1_203' title='bbox 2691 1490 2900 1544; x_wconf 88' lang='lat' dir='ltr'><strong>dictum</strong></span> <span class='ocrx_word' id='word_1_204' title='bbox 2935 1497 3040 1551; x_wconf 91' lang='lat' dir='ltr'><strong>est,</strong></span> <span class='ocrx_word' id='word_1_205' title='bbox 3075 1489 3221 1559; x_wconf 91' lang='lat' dir='ltr'><strong>quod</strong></span> <span class='ocrx_word' id='word_1_206' title='bbox 3249 1508 3267 1540; x_wconf 79' lang='grc' dir='ltr'><strong>ι</strong></span> <span class='ocrx_word' id='word_1_207' title='bbox 3303 1490 3564 1546; x_wconf 66' lang='grc' dir='ltr'>Ιωιεὺιιηά</span> 
     </span>
    </p>
   </div>
   <div class='ocr_carea' id='block_1_29' title="bbox 1983 1583 3570 1656">
    <p class='ocr_par' dir='ltr' id='par_1_29' title="bbox 1983 1583 3570 1656">
     <span class='ocr_line' id='line_1_29' title="bbox 1983 1583 3570 1656; baseline -0.001 -15"><span class='ocrx_word' id='word_1_208' title='bbox 1983 1593 2147 1642; x_wconf 87' lang='lat' dir='ltr'><strong>turut</strong></span> <span class='ocrx_word' id='word_1_209' title='bbox 2179 1586 2215 1640; x_wconf 92' lang='lat' dir='ltr'><strong>ii</strong></span> <span class='ocrx_word' id='word_1_210' title='bbox 2246 1586 2340 1656; x_wconf 85' lang='lat' dir='ltr'><strong>qui</strong></span> <span class='ocrx_word' id='word_1_211' title='bbox 2374 1583 2628 1640; x_wconf 83' lang='lat' dir='ltr'><strong>dividunt</strong></span> <span class='ocrx_word' id='word_1_212' title='bbox 2663 1583 2916 1654; x_wconf 72' lang='lat' dir='ltr'><strong>spolia“.</strong></span> <span class='ocrx_word' id='word_1_213' title='bbox 2955 1603 2973 1636; x_wconf 77' lang='grc' dir='ltr'><strong>ι</strong></span> <span class='ocrx_word' id='word_1_214' title='bbox 2999 1583 3136 1639; x_wconf 87' lang='lat' dir='ltr'><strong>Cum</strong></span> <span class='ocrx_word' id='word_1_215' title='bbox 3161 1599 3292 1651; x_wconf 76' lang='lat' dir='ltr'><strong>ergo</strong></span> <span class='ocrx_word' id='word_1_216' title='bbox 3324 1585 3570 1654; x_wconf 85' lang='lat' dir='ltr'><strong>gentium</strong></span> 
     </span>
    </p>
   </div>
   <div class='ocr_carea' id='block_1_30' title="bbox 1983 1675 3573 1747">
    <p class='ocr_par' dir='ltr' id='par_1_30' title="bbox 1983 1675 3573 1747">
     <span class='ocr_line' id='line_1_30' title="bbox 1983 1675 3573 1747; baseline 0 -15"><span class='ocrx_word' id='word_1_217' title='bbox 1983 1679 2126 1733; x_wconf 89' lang='lat' dir='ltr'><strong>inter</strong></span> <span class='ocrx_word' id='word_1_218' title='bbox 2159 1693 2218 1732; x_wconf 90' lang='lat' dir='ltr'><strong>se</strong></span> <span class='ocrx_word' id='word_1_219' title='bbox 2261 1677 2516 1747; x_wconf 76' lang='lat' dir='ltr'><strong>regiones</strong></span> <span class='ocrx_word' id='word_1_220' title='bbox 2548 1683 2602 1730; x_wconf 87' lang='lat' dir='ltr'><strong>et</strong></span> <span class='ocrx_word' id='word_1_221' title='bbox 2654 1675 2973 1731; x_wconf 83' lang='lat' dir='ltr'><strong>universam</strong></span> <span class='ocrx_word' id='word_1_222' title='bbox 3018 1690 3141 1745; x_wconf 68' lang='lat' dir='ltr'><strong>quae</strong></span> <span class='ocrx_word' id='word_1_223' title='bbox 3173 1675 3278 1731; x_wconf 86' lang='lat' dir='ltr'><strong>sub</strong></span> <span class='ocrx_word' id='word_1_224' title='bbox 3325 1676 3442 1731; x_wconf 89' lang='lat' dir='ltr'><strong>sole</strong></span> <span class='ocrx_word' id='word_1_225' title='bbox 3485 1687 3573 1732; x_wconf 90' lang='lat' dir='ltr'><strong>est</strong></span> 
     </span>
    </p>
   </div>
   <div class='ocr_carea' id='block_1_31' title="bbox 1984 1768 3572 1839">
    <p class='ocr_par' dir='ltr' id='par_1_31' title="bbox 1984 1768 3572 1839">
     <span class='ocr_line' id='line_1_31' title="bbox 1984 1768 3572 1839; baseline -0.001 -14"><span class='ocrx_word' id='word_1_226' title='bbox 1984 1779 2213 1834; x_wconf 90' lang='lat' dir='ltr'><strong>terram,</strong></span> <span class='ocrx_word' id='word_1_227' title='bbox 2267 1769 2572 1825; x_wconf 87' lang='lat' dir='ltr'><strong>Salvatoris</strong></span> <span class='ocrx_word' id='word_1_228' title='bbox 2611 1768 2791 1823; x_wconf 88' lang='lat' dir='ltr'><strong>nostri</strong></span> <span class='ocrx_word' id='word_1_229' title='bbox 2843 1768 3097 1839; x_wconf 87' lang='lat' dir='ltr'><strong>discipuli</strong></span> <span class='ocrx_word' id='word_1_230' title='bbox 3143 1777 3310 1839; x_wconf 89' lang='lat' dir='ltr'><strong>atque</strong></span> <span class='ocrx_word' id='word_1_231' title='bbox 3337 1784 3572 1839; x_wconf 49' lang='lat' dir='ltr'><strong>evangeé</strong></span> 
     </span>
    </p>
   </div>
   <div class='ocr_carea' id='block_1_32' title="bbox 285 1860 1885 1941">
    <p class='ocr_par' dir='ltr' id='par_1_32' title="bbox 285 1867 1879 1941">
     <span class='ocr_line' id='line_1_32' title="bbox 285 1867 1879 1941; baseline 0.001 -21"><span class='ocrx_word' id='word_1_232' title='bbox 285 1867 395 1938; x_wconf 73' lang='grc' dir='ltr'><strong>τὴν</strong></span> <span class='ocrx_word' id='word_1_233' title='bbox 429 1867 536 1921; x_wconf 89' lang='grc' dir='ltr'><strong>τῶν</strong></span> <span class='ocrx_word' id='word_1_234' title='bbox 580 1867 747 1922; x_wconf 89' lang='grc' dir='ltr'>ἐθνῶν</span> <span class='ocrx_word' id='word_1_235' title='bbox 784 1870 1234 1940; x_wconf 72' lang='grc' dir='ltr'>ἐπισυναγωγήνο</span> <span class='ocrx_word' id='word_1_236' title='bbox 1277 1871 1405 1941; x_wconf 71' lang='grc' dir='ltr'>περὶ</span> <span class='ocrx_word' id='word_1_237' title='bbox 1453 1869 1561 1922; x_wconf 87' lang='grc' dir='ltr'><strong>τῶν</strong></span> <span class='ocrx_word' id='word_1_238' title='bbox 1610 1869 1790 1922; x_wconf 84' lang='grc' dir='ltr'>αὐτῶν</span> <span class='ocrx_word' id='word_1_239' title='bbox 1821 1869 1879 1923; x_wconf 86' lang='grc' dir='ltr'>δὲ</span> 
     </span>
    </p>
   </div>
   <div class='ocr_carea' id='block_1_33' title="bbox 1987 1860 3571 1941">
    <p class='ocr_par' dir='ltr' id='par_1_33' title="bbox 1987 1860 3571 1932">
     <span class='ocr_line' id='line_1_33' title="bbox 1987 1860 3571 1932; baseline -0.002 -14"><span class='ocrx_word' id='word_1_240' title='bbox 1987 1864 2127 1919; x_wconf 65' lang='lat' dir='ltr'><strong>lista:</strong></span> <span class='ocrx_word' id='word_1_241' title='bbox 2154 1862 2494 1926; x_wconf 88' lang='lat' dir='ltr'><strong>divisissent,</strong></span> <span class='ocrx_word' id='word_1_242' title='bbox 2527 1860 2961 1917; x_wconf 87' lang='lat' dir='ltr'><strong>innumerabiles</strong></span> <span class='ocrx_word' id='word_1_243' title='bbox 3007 1861 3193 1916; x_wconf 82' lang='lat' dir='ltr'><strong>saeculi</strong></span> <span class='ocrx_word' id='word_1_244' title='bbox 3228 1861 3394 1931; x_wconf 84' lang='lat' dir='ltr'><strong>hujus</strong></span> <span class='ocrx_word' id='word_1_245' title='bbox 3426 1867 3571 1932; x_wconf 87' lang='lat' dir='ltr'><strong>prin-</strong></span> 
     </span>
    </p>
   </div>
   <div class='ocr_carea' id='block_1_34' title="bbox 289 1936 1885 2036">
    <p class='ocr_par' dir='ltr' id='par_1_34' title="bbox 289 1961 1884 2036">
     <span class='ocr_line' id='line_1_34' title="bbox 289 1961 1884 2036; baseline 0.003 -23"><span class='ocrx_word' id='word_1_246' title='bbox 289 1961 535 2035; x_wconf 71' lang='grc' dir='ltr'>εἴρηται,</span> <span class='ocrx_word' id='word_1_247' title='bbox 569 1965 649 2017; x_wconf 82' lang='grc' dir='ltr'>ὅτι</span> <span class='ocrx_word' id='word_1_248' title='bbox 695 1984 714 2016; x_wconf 84' lang='grc'><strong>‹</strong></span> <span class='ocrx_word' id='word_1_249' title='bbox 739 1963 1226 2036; x_wconf 74' lang='grc' dir='ltr'>εὐφρανθήσονται,</span> <span class='ocrx_word' id='word_1_250' title='bbox 1254 1964 1312 2018; x_wconf 80' lang='grc' dir='ltr'>ὃν</span> <span class='ocrx_word' id='word_1_251' title='bbox 1338 1965 1536 2035; x_wconf 77' lang='grc' dir='ltr'>τρόπον</span> <span class='ocrx_word' id='word_1_252' title='bbox 1565 1965 1613 2018; x_wconf 86' lang='grc' dir='ltr'>οἱ</span> <span class='ocrx_word' id='word_1_253' title='bbox 1642 1963 1884 2036; x_wconf 82' lang='grc' dir='ltr'>διαιρού-</span> 
     </span>
    </p>
   </div>
   <div class='ocr_carea' id='block_1_35' title="bbox 1987 1936 3572 2036">
    <p class='ocr_par' dir='ltr' id='par_1_35' title="bbox 1987 1953 3572 2026">
     <span class='ocr_line' id='line_1_35' title="bbox 1987 1953 3572 2026; baseline -0.001 -16"><span class='ocrx_word' id='word_1_254' title='bbox 1987 1956 2136 2026; x_wconf 85' lang='lat' dir='ltr'><strong>cipes</strong></span> <span class='ocrx_word' id='word_1_255' title='bbox 2165 1954 2560 2026; x_wconf 86' lang='lat' dir='ltr'><strong>spoliaverunt.</strong></span> <span class='ocrx_word' id='word_1_256' title='bbox 2612 1970 2709 2010; x_wconf 89' lang='lat' dir='ltr'><strong>eos</strong></span> <span class='ocrx_word' id='word_1_257' title='bbox 2745 1955 2934 2024; x_wconf 88' lang='lat' dir='ltr'><strong>utique</strong></span> <span class='ocrx_word' id='word_1_258' title='bbox 2981 1955 3075 2024; x_wconf 86' lang='lat' dir='ltr'><strong>qui</strong></span> <span class='ocrx_word' id='word_1_259' title='bbox 3123 1953 3278 2023; x_wconf 89' lang='lat' dir='ltr'><strong>prius</strong></span> <span class='ocrx_word' id='word_1_260' title='bbox 3317 1955 3572 2025; x_wconf 81' lang='lat' dir='ltr'><strong>gentibus</strong></span> 
     </span>
    </p>
   </div>
   <div class='ocr_carea' id='block_1_36' title="bbox 294 2053 1882 2125">
    <p class='ocr_par' dir='ltr' id='par_1_36' title="bbox 294 2053 1882 2125">
     <span class='ocr_line' id='line_1_36' title="bbox 294 2053 1882 2125; baseline 0.004 -21"><span class='ocrx_word' id='word_1_261' title='bbox 294 2070 452 2122; x_wconf 81' lang='grc' dir='ltr'>μενοι</span> <span class='ocrx_word' id='word_1_262' title='bbox 500 2053 692 2109; x_wconf 90' lang='grc' dir='ltr'>σκῦλα.</span> <span class='ocrx_word' id='word_1_263' title='bbox 740 2074 758 2105; x_wconf 74' lang='grc' dir='ltr'><strong>ι</strong></span> <span class='ocrx_word' id='word_1_264' title='bbox 810 2053 1115 2125; x_wconf 79' lang='grc' dir='ltr'>Διελόμενοι</span> <span class='ocrx_word' id='word_1_265' title='bbox 1170 2055 1302 2124; x_wconf 91' lang='grc' dir='ltr'>γοῦν</span> <span class='ocrx_word' id='word_1_266' title='bbox 1348 2057 1426 2117; x_wconf 84' lang='grc' dir='ltr'>εἰς</span> <span class='ocrx_word' id='word_1_267' title='bbox 1467 2055 1732 2124; x_wconf 84' lang='grc' dir='ltr'>ἀλλήλους</span> <span class='ocrx_word' id='word_1_268' title='bbox 1781 2056 1882 2120; x_wconf 73' lang='grc' dir='ltr'>τὰς</span> 
     </span>
    </p>
   </div>
   <div class='ocr_carea' id='block_1_37' title="bbox 289 2145 1880 2219">
    <p class='ocr_par' dir='ltr' id='par_1_37' title="bbox 289 2145 1880 2219">
     <span class='ocr_line' id='line_1_37' title="bbox 289 2145 1880 2219; baseline 0.004 -24"><span class='ocrx_word' id='word_1_269' title='bbox 289 2145 484 2216; x_wconf 64' lang='grc' dir='ltr'>χώρας</span> <span class='ocrx_word' id='word_1_270' title='bbox 518 2145 628 2199; x_wconf 87' lang='grc' dir='ltr'><strong>τῶν</strong></span> <span class='ocrx_word' id='word_1_271' title='bbox 668 2147 836 2200; x_wconf 87' lang='grc' dir='ltr'>ἐθνῶν</span> <span class='ocrx_word' id='word_1_272' title='bbox 877 2149 969 2200; x_wconf 74' lang='grc' dir='ltr'>καὶ</span> <span class='ocrx_word' id='word_1_273' title='bbox 1009 2148 1109 2219; x_wconf 82' lang='grc' dir='ltr'>τὴν</span> <span class='ocrx_word' id='word_1_274' title='bbox 1152 2147 1242 2217; x_wconf 86' lang='grc' dir='ltr'>ὑφ’</span> <span class='ocrx_word' id='word_1_275' title='bbox 1275 2147 1425 2218; x_wconf 80' lang='grc' dir='ltr'>ἥλιον</span> <span class='ocrx_word' id='word_1_276' title='bbox 1473 2149 1653 2200; x_wconf 76' lang='grc' dir='ltr'>πᾶσαν</span> <span class='ocrx_word' id='word_1_277' title='bbox 1695 2149 1744 2200; x_wconf 87' lang='grc' dir='ltr'>οἱ</span> <span class='ocrx_word' id='word_1_278' title='bbox 1786 2148 1880 2201; x_wconf 89' lang='grc' dir='ltr'><strong>τοῦ</strong></span> 
     </span>
    </p>
   </div>
   <div class='ocr_carea' id='block_1_38' title="bbox 291 2230 1883 2310">
    <p class='ocr_par' dir='ltr' id='par_1_38' title="bbox 291 2230 1883 2310">
     <span class='ocr_line' id='line_1_38' title="bbox 291 2230 1883 2310; baseline 0.004 -24"><span class='ocrx_word' id='word_1_279' title='bbox 291 2235 551 2308; x_wconf 72' lang='grc' dir='ltr'>Σωτῆρος</span> <span class='ocrx_word' id='word_1_280' title='bbox 573 2236 731 2308; x_wconf 82' lang='grc' dir='ltr'>ἡμῶν</span> <span class='ocrx_word' id='word_1_281' title='bbox 761 2237 997 2308; x_wconf 89' lang='grc' dir='ltr'>μαθηταί</span> <span class='ocrx_word' id='word_1_282' title='bbox 1021 2254 1080 2290; x_wconf 91' lang='grc' dir='ltr'><strong>τε</strong></span> <span class='ocrx_word' id='word_1_283' title='bbox 1107 2238 1198 2292; x_wconf 80' lang='grc' dir='ltr'><strong>καὶ</strong></span> <span class='ocrx_word' id='word_1_284' title='bbox 1222 2237 1625 2306; x_wconf 74' lang='grc' dir='ltr'>εὐαγγελισταὶ,</span> <span class='ocrx_word' id='word_1_285' title='bbox 1657 2230 1883 2310; x_wconf 76' lang='grc' dir='ltr'>μυρίους</span> 
     </span>
    </p>
   </div>
   <div class='ocr_carea' id='block_1_39' title="bbox 291 2323 1882 2401">
    <p class='ocr_par' dir='ltr' id='par_1_39' title="bbox 291 2323 1882 2401">
     <span class='ocr_line' id='line_1_39' title="bbox 291 2323 1882 2401; baseline 0.004 -22"><span class='ocrx_word' id='word_1_286' title='bbox 291 2327 457 2390; x_wconf 79' lang='grc' dir='ltr'>ὅσους</span> <span class='ocrx_word' id='word_1_287' title='bbox 488 2328 818 2383; x_wconf 76' lang='grc' dir='ltr'>ἐσκύλευσαν</span> <span class='ocrx_word' id='word_1_288' title='bbox 851 2329 1118 2401; x_wconf 76' lang='grc' dir='ltr'>ἄρχοντας</span> <span class='ocrx_word' id='word_1_289' title='bbox 1155 2330 1248 2384; x_wconf 89' lang='grc' dir='ltr'><strong>τοῦ</strong></span> <span class='ocrx_word' id='word_1_290' title='bbox 1282 2331 1475 2395; x_wconf 78' lang='grc' dir='ltr'>αἰῶνος</span> <span class='ocrx_word' id='word_1_291' title='bbox 1511 2323 1722 2395; x_wconf 72' lang='grc' dir='ltr'>τούτου,</span> <span class='ocrx_word' id='word_1_292' title='bbox 1753 2334 1882 2398; x_wconf 77' lang='grc' dir='ltr'>τοὺς</span> 
     </span>
    </p>
   </div>
   <div class='ocr_carea' id='block_1_40' title="bbox 295 2416 1884 2494">
    <p class='ocr_par' dir='ltr' id='par_1_40' title="bbox 295 2416 1884 2494">
     <span class='ocr_line' id='line_1_40' title="bbox 295 2416 1884 2494; baseline 0.006 -26"><span class='ocrx_word' id='word_1_293' title='bbox 295 2416 562 2487; x_wconf 84' lang='grc' dir='ltr'>πρότερον</span> <span class='ocrx_word' id='word_1_294' title='bbox 600 2417 709 2472; x_wconf 87' lang='grc' dir='ltr'><strong>τῶν</strong></span> <span class='ocrx_word' id='word_1_295' title='bbox 747 2419 916 2474; x_wconf 84' lang='grc' dir='ltr'>ἐθνῶν</span> <span class='ocrx_word' id='word_1_296' title='bbox 958 2420 1315 2493; x_wconf 88' lang='grc' dir='ltr'>κρατοῦντας.</span> <span class='ocrx_word' id='word_1_297' title='bbox 1353 2423 1426 2476; x_wconf 88' lang='grc' dir='ltr'>Οὐ</span> <span class='ocrx_word' id='word_1_298' title='bbox 1473 2422 1580 2494; x_wconf 79' lang='grc' dir='ltr'><strong>μὴν</strong></span> <span class='ocrx_word' id='word_1_299' title='bbox 1614 2422 1749 2476; x_wconf 83' lang='grc' dir='ltr'>ἀλλὰ</span> <span class='ocrx_word' id='word_1_300' title='bbox 1788 2424 1884 2477; x_wconf 71' lang='grc' dir='ltr'>καὶ</span> 
     </span>
    </p>
   </div>
   <div class='ocr_carea' id='block_1_41' title="bbox 293 2507 1886 2586">
    <p class='ocr_par' dir='ltr' id='par_1_41' title="bbox 293 2507 1886 2586">
     <span class='ocr_line' id='line_1_41' title="bbox 293 2507 1886 2586; baseline 0.004 -26"><span class='ocrx_word' id='word_1_301' title='bbox 293 2507 428 2560; x_wconf 73' lang='grc' dir='ltr'>ἄλλο</span> <span class='ocrx_word' id='word_1_302' title='bbox 467 2509 640 2563; x_wconf 76' lang='grc' dir='ltr'>αἴτιον</span> <span class='ocrx_word' id='word_1_303' title='bbox 682 2510 776 2563; x_wconf 87' lang='grc' dir='ltr'><strong>τοῦ</strong></span> <span class='ocrx_word' id='word_1_304' title='bbox 820 2511 1294 2584; x_wconf 80' lang='grc' dir='ltr'>εὐφρανθήσεσθαι</span> <span class='ocrx_word' id='word_1_305' title='bbox 1351 2512 1548 2577; x_wconf 78' lang='grc' dir='ltr'>αὐτούς</span> <span class='ocrx_word' id='word_1_306' title='bbox 1602 2521 1772 2586; x_wconf 84' lang='grc' dir='ltr'>φησι,</span> <span class='ocrx_word' id='word_1_307' title='bbox 1824 2513 1886 2566; x_wconf 83' lang='grc' dir='ltr'><strong>τὸ</strong></span> 
     </span>
    </p>
   </div>
   <div class='ocr_carea' id='block_1_42' title="bbox 291 2595 1883 2678">
    <p class='ocr_par' dir='ltr' id='par_1_42' title="bbox 291 2595 1883 2678">
     <span class='ocr_line' id='line_1_42' title="bbox 291 2595 1883 2678; baseline 0.006 -26"><span class='ocrx_word' id='word_1_308' title='bbox 291 2595 463 2670; x_wconf 80' lang='grc' dir='ltr'>ἧρθαι</span> <span class='ocrx_word' id='word_1_309' title='bbox 509 2603 603 2655; x_wconf 82' lang='grc' dir='ltr'>ἀπ’</span> <span class='ocrx_word' id='word_1_310' title='bbox 645 2603 824 2657; x_wconf 82' lang='grc' dir='ltr'>αὐτῶν</span> <span class='ocrx_word' id='word_1_311' title='bbox 871 2605 960 2658; x_wconf 80' lang='grc' dir='ltr'><strong>τὸν</strong></span> <span class='ocrx_word' id='word_1_312' title='bbox 1003 2605 1314 2677; x_wconf 81' lang='grc' dir='ltr'>σωματικὸν</span> <span class='ocrx_word' id='word_1_313' title='bbox 1357 2606 1452 2660; x_wconf 90' lang='grc' dir='ltr'><strong>τοῦ</strong></span> <span class='ocrx_word' id='word_1_314' title='bbox 1491 2602 1658 2678; x_wconf 87' lang='grc' dir='ltr'>νόμου</span> <span class='ocrx_word' id='word_1_315' title='bbox 1698 2608 1883 2677; x_wconf 80' lang='grc' dir='ltr'>ζυγὸν,</span> 
     </span>
    </p>
   </div>
   <div class='ocr_carea' id='block_1_43' title="bbox 295 2693 1885 2769">
    <p class='ocr_par' dir='ltr' id='par_1_43' title="bbox 295 2693 1885 2769">
     <span class='ocr_line' id='line_1_43' title="bbox 295 2693 1885 2769; baseline 0.004 -23"><span class='ocrx_word' id='word_1_316' title='bbox 295 2693 389 2746; x_wconf 80' lang='grc' dir='ltr'><strong>τὸν</strong></span> <span class='ocrx_word' id='word_1_317' title='bbox 439 2695 607 2748; x_wconf 69' lang='grc' dir='ltr'>πάλαι</span> <span class='ocrx_word' id='word_1_318' title='bbox 664 2695 925 2768; x_wconf 87' lang='grc' dir='ltr'>πρότερον</span> <span class='ocrx_word' id='word_1_319' title='bbox 975 2699 1321 2769; x_wconf 82' lang='grc' dir='ltr'>ἐπικείμενον</span> <span class='ocrx_word' id='word_1_320' title='bbox 1369 2700 1588 2763; x_wconf 82' lang='grc' dir='ltr'>αὐτοῖς,</span> <span class='ocrx_word' id='word_1_321' title='bbox 1645 2697 1705 2753; x_wconf 82' lang='grc' dir='ltr'><strong>δν</strong></span> <span class='ocrx_word' id='word_1_322' title='bbox 1761 2698 1885 2752; x_wconf 83' lang='grc' dir='ltr'>οὐτε</span> 
     </span>
    </p>
   </div>
   <div class='ocr_carea' id='block_1_44' title="bbox 296 2787 1883 2864">
    <p class='ocr_par' dir='ltr' id='par_1_44' title="bbox 296 2787 1883 2864">
     <span class='ocr_line' id='line_1_44' title="bbox 296 2787 1883 2864; baseline 0.005 -24"><span class='ocrx_word' id='word_1_323' title='bbox 296 2787 456 2840; x_wconf 66' lang='grc' dir='ltr'>αὐτοὶ</span> <span class='ocrx_word' id='word_1_324' title='bbox 481 2788 604 2841; x_wconf 81' lang='grc' dir='ltr'>οὐτε</span> <span class='ocrx_word' id='word_1_325' title='bbox 639 2790 687 2842; x_wconf 83' lang='lat' dir='ltr'><strong>oi</strong></span> <span class='ocrx_word' id='word_1_326' title='bbox 718 2790 951 2862; x_wconf 81' lang='grc' dir='ltr'>πατέρες</span> <span class='ocrx_word' id='word_1_327' title='bbox 990 2792 1167 2845; x_wconf 86' lang='grc' dir='ltr'>αὐτῶν</span> <span class='ocrx_word' id='word_1_328' title='bbox 1206 2791 1550 2864; x_wconf 68' lang='grc' dir='ltr'>ἠδυνήθησαν</span> <span class='ocrx_word' id='word_1_329' title='bbox 1594 2793 1883 2862; x_wconf 81' lang='grc' dir='ltr'>βαστάσαι.</span> 
     </span>
    </p>
   </div>
   <div class='ocr_carea' id='block_1_45' title="bbox 296 2881 1882 2957">
    <p class='ocr_par' dir='ltr' id='par_1_45' title="bbox 296 2881 1882 2957">
     <span class='ocr_line' id='line_1_45' title="bbox 296 2881 1882 2957; baseline 0.004 -24"><span class='ocrx_word' id='word_1_330' title='bbox 296 2881 375 2934; x_wconf 88' lang='grc' dir='ltr'>Οὐ</span> <span class='ocrx_word' id='word_1_331' title='bbox 425 2881 582 2950; x_wconf 88' lang='grc' dir='ltr'>μόνον</span> <span class='ocrx_word' id='word_1_332' title='bbox 625 2884 682 2937; x_wconf 85' lang='grc' dir='ltr'><strong>δέ</strong></span> <span class='ocrx_word' id='word_1_333' title='bbox 725 2886 754 2937; x_wconf 83' lang='grc' dir='ltr'>ὁ</span> <span class='ocrx_word' id='word_1_334' title='bbox 783 2883 942 2954; x_wconf 75' lang='grc' dir='ltr'>ζυγὸς</span> <span class='ocrx_word' id='word_1_335' title='bbox 977 2883 1256 2957; x_wconf 81' lang='grc' dir='ltr'>ἀφῄρηται</span> <span class='ocrx_word' id='word_1_336' title='bbox 1305 2885 1508 2949; x_wconf 84' lang='grc' dir='ltr'>αὐτῶν,</span> <span class='ocrx_word' id='word_1_337' title='bbox 1555 2885 1693 2940; x_wconf 88' lang='grc' dir='ltr'><strong>ἀλλά</strong></span> <span class='ocrx_word' id='word_1_338' title='bbox 1722 2885 1882 2956; x_wconf 76' lang='grc' dir='ltr'><strong>καὶὴ</strong></span> 
     </span>
    </p>
   </div>
   <div class='ocr_carea' id='block_1_46' title="bbox 298 2971 1888 3050">
    <p class='ocr_par' dir='ltr' id='par_1_46' title="bbox 298 2971 1888 3050">
     <span class='ocr_line' id='line_1_46' title="bbox 298 2971 1888 3050; baseline 0.003 -24"><span class='ocrx_word' id='word_1_339' title='bbox 298 2971 497 3042; x_wconf 70' lang='grc' dir='ltr'>ῥάϐδος</span> <span class='ocrx_word' id='word_1_340' title='bbox 530 2973 636 3028; x_wconf 84' lang='grc' dir='ltr'><strong>τῶν</strong></span> <span class='ocrx_word' id='word_1_341' title='bbox 678 2977 1052 3031; x_wconf 74' lang='grc' dir='ltr'>ἀπαιτούντων</span> <span class='ocrx_word' id='word_1_342' title='bbox 1099 2979 1132 3049; x_wconf 83' lang='grc' dir='ltr'><strong>ή</strong></span> <span class='ocrx_word' id='word_1_343' title='bbox 1179 2977 1446 3049; x_wconf 83' lang='grc' dir='ltr'>πρότερον</span> <span class='ocrx_word' id='word_1_344' title='bbox 1491 2979 1588 3031; x_wconf 72' lang='grc' dir='ltr'><strong>ἐπὶ</strong></span> <span class='ocrx_word' id='word_1_345' title='bbox 1630 2977 1724 3031; x_wconf 91' lang='grc' dir='ltr'><strong>τοῦ</strong></span> <span class='ocrx_word' id='word_1_346' title='bbox 1755 2994 1888 3050; x_wconf 80' lang='grc' dir='ltr'>τρα-</span> 
     </span>
    </p>
   </div>
   <div class='ocr_carea' id='block_1_47' title="bbox 294 3070 1888 3143">
    <p class='ocr_par' dir='ltr' id='par_1_47' title="bbox 294 3070 1888 3143">
     <span class='ocr_line' id='line_1_47' title="bbox 294 3070 1888 3143; baseline 0.003 -21"><span class='ocrx_word' id='word_1_347' title='bbox 294 3070 464 3143; x_wconf 77' lang='grc' dir='ltr'>χήλου</span> <span class='ocrx_word' id='word_1_348' title='bbox 505 3070 684 3124; x_wconf 88' lang='grc' dir='ltr'>αὐτῶν</span> <span class='ocrx_word' id='word_1_349' title='bbox 717 3071 1058 3142; x_wconf 73' lang='grc' dir='ltr'>ἐπικειμένη.</span> <span class='ocrx_word' id='word_1_350' title='bbox 1097 3070 1337 3143; x_wconf 85' lang='grc' dir='ltr'>Δηλοίδέ</span> <span class='ocrx_word' id='word_1_351' title='bbox 1364 3073 1491 3136; x_wconf 73' lang='grc' dir='ltr'>τοὺς</span> <span class='ocrx_word' id='word_1_352' title='bbox 1519 3073 1888 3139; x_wconf 77' lang='grc' dir='ltr'>ἀπαιτοῦντας</span> 
     </span>
    </p>
   </div>
   <div class='ocr_carea' id='block_1_48' title="bbox 296 3159 1887 3239">
    <p class='ocr_par' dir='ltr' id='par_1_48' title="bbox 296 3159 1887 3239">
     <span class='ocr_line' id='line_1_48' title="bbox 296 3159 1887 3239; baseline 0.003 -24"><span class='ocrx_word' id='word_1_353' title='bbox 296 3163 357 3215; x_wconf 89' lang='grc' dir='ltr'><strong>ἐν</strong></span> <span class='ocrx_word' id='word_1_354' title='bbox 396 3162 586 3234; x_wconf 79' lang='grc' dir='ltr'>ἑτέρῳ,</span> <span class='ocrx_word' id='word_1_355' title='bbox 626 3161 800 3232; x_wconf 82' lang='grc' dir='ltr'>λέγων</span> <span class='ocrx_word' id='word_1_356' title='bbox 825 3179 839 3193; x_wconf 75' lang='grc' dir='ltr'><strong>ο</strong></span> <span class='ocrx_word' id='word_1_357' title='bbox 893 3181 912 3214; x_wconf 74' lang='grc' dir='ltr'><strong>ι</strong></span> <span class='ocrx_word' id='word_1_358' title='bbox 942 3159 1082 3227; x_wconf 87' lang='grc' dir='ltr'>Λαός</span> <span class='ocrx_word' id='word_1_359' title='bbox 1123 3181 1247 3234; x_wconf 88' lang='grc' dir='ltr'>μου,</span> <span class='ocrx_word' id='word_1_360' title='bbox 1291 3167 1340 3218; x_wconf 81' lang='lat' dir='ltr'><strong>oi</strong></span> <span class='ocrx_word' id='word_1_361' title='bbox 1392 3167 1700 3239; x_wconf 82' lang='grc' dir='ltr'>πράκτορες</span> <span class='ocrx_word' id='word_1_362' title='bbox 1733 3167 1887 3238; x_wconf 82' lang='grc' dir='ltr'>ὑμῶν</span> 
     </span>
    </p>
   </div>
   <div class='ocr_carea' id='block_1_49' title="bbox 297 3254 1886 3331">
    <p class='ocr_par' dir='ltr' id='par_1_49' title="bbox 297 3254 1886 3331">
     <span class='ocr_line' id='line_1_49' title="bbox 297 3254 1886 3331; baseline 0.004 -23"><span class='ocrx_word' id='word_1_363' title='bbox 297 3254 652 3326; x_wconf 80' lang='grc' dir='ltr'>καλαμῶνται</span> <span class='ocrx_word' id='word_1_364' title='bbox 697 3256 870 3327; x_wconf 73' lang='grc' dir='ltr'>ὑμᾶς,</span> <span class='ocrx_word' id='word_1_365' title='bbox 909 3258 1003 3310; x_wconf 79' lang='grc' dir='ltr'>καὶ</span> <span class='ocrx_word' id='word_1_366' title='bbox 1043 3257 1094 3310; x_wconf 78' lang='lat' dir='ltr'><strong>oi.</strong></span> <span class='ocrx_word' id='word_1_367' title='bbox 1131 3257 1491 3323; x_wconf 79' lang='grc' dir='ltr'>ἀπαιτοῦντες</span> <span class='ocrx_word' id='word_1_368' title='bbox 1543 3259 1886 3331; x_wconf 78' lang='grc' dir='ltr'>κυριεύουσιν</span> 
     </span>
    </p>
   </div>
   <div class='ocr_carea' id='block_1_50' title="bbox 299 3341 1888 3420">
    <p class='ocr_par' dir='ltr' id='par_1_50' title="bbox 299 3341 1888 3420">
     <span class='ocr_line' id='line_1_50' title="bbox 299 3341 1888 3420; baseline 0.002 -18"><span class='ocrx_word' id='word_1_369' title='bbox 299 3344 476 3417; x_wconf 77' lang='grc' dir='ltr'>ὑμῶν.</span> <span class='ocrx_word' id='word_1_370' title='bbox 519 3367 538 3400; x_wconf 75' lang='grc' dir='ltr'><strong>ι</strong></span> <span class='ocrx_word' id='word_1_371' title='bbox 572 3346 708 3399; x_wconf 73' lang='grc' dir='ltr'>Ἀλλ’</span> <span class='ocrx_word' id='word_1_372' title='bbox 739 3341 884 3401; x_wconf 71' lang='grc' dir='ltr'>οὗτοι</span> <span class='ocrx_word' id='word_1_373' title='bbox 922 3348 1019 3418; x_wconf 85' lang='grc' dir='ltr'>μὲν</span> <span class='ocrx_word' id='word_1_374' title='bbox 1069 3350 1118 3402; x_wconf 82' lang='grc' dir='ltr'>οἱ</span> <span class='ocrx_word' id='word_1_375' title='bbox 1168 3347 1276 3402; x_wconf 80' lang='grc' dir='ltr'>ἀπὸ</span> <span class='ocrx_word' id='word_1_376' title='bbox 1307 3349 1408 3420; x_wconf 84' lang='grc' dir='ltr'><strong>τῆς</strong></span> <span class='ocrx_word' id='word_1_377' title='bbox 1455 3350 1740 3404; x_wconf 79' lang='grc' dir='ltr'>Ζαϐουλὼν</span> <span class='ocrx_word' id='word_1_378' title='bbox 1795 3353 1888 3406; x_wconf 76' lang='grc' dir='ltr'><strong>καὶ</strong></span> 
     </span>
    </p>
   </div>
   <div class='ocr_carea' id='block_1_51' title="bbox 298 3438 1888 3516">
    <p class='ocr_par' dir='ltr' id='par_1_51' title="bbox 298 3438 1888 3516">
     <span class='ocr_line' id='line_1_51' title="bbox 298 3438 1888 3516; baseline 0.005 -26"><span class='ocrx_word' id='word_1_379' title='bbox 298 3438 619 3509; x_wconf 78' lang='grc' dir='ltr'>Νεφθαλεὶμ</span> <span class='ocrx_word' id='word_1_380' title='bbox 650 3439 710 3492; x_wconf 83' lang='grc' dir='ltr'><strong>τὸ</strong></span> <span class='ocrx_word' id='word_1_381' title='bbox 745 3440 884 3510; x_wconf 76' lang='grc' dir='ltr'>μέγα</span> <span class='ocrx_word' id='word_1_382' title='bbox 917 3440 1034 3510; x_wconf 84' lang='grc' dir='ltr'><strong>φῶς</strong></span> <span class='ocrx_word' id='word_1_383' title='bbox 1065 3439 1384 3512; x_wconf 77' lang='grc' dir='ltr'>τεθεαμένοι</span> <span class='ocrx_word' id='word_1_384' title='bbox 1415 3442 1888 3516; x_wconf 72' lang='grc' dir='ltr'>εὐφρανθήσονται</span> 
     </span>
    </p>
   </div>
   <div class='ocr_carea' id='block_1_52' title="bbox 297 3529 1890 3602">
    <p class='ocr_par' dir='ltr' id='par_1_52' title="bbox 297 3529 1890 3602">
     <span class='ocr_line' id='line_1_52' title="bbox 297 3529 1890 3602; baseline 0.004 -19"><span class='ocrx_word' id='word_1_385' title='bbox 297 3529 388 3584; x_wconf 75' lang='grc' dir='ltr'>διὰ</span> <span class='ocrx_word' id='word_1_386' title='bbox 407 3530 477 3582; x_wconf 74' lang='grc' dir='ltr'><strong>τά</strong></span> <span class='ocrx_word' id='word_1_387' title='bbox 498 3532 871 3602; x_wconf 83' lang='grc' dir='ltr'>προειρημένα</span> <span class='ocrx_word' id='word_1_388' title='bbox 889 3541 902 3562; x_wconf 77' lang='grc'><em>⁴</em></span> <span class='ocrx_word' id='word_1_389' title='bbox 935 3531 984 3586; x_wconf 80' lang='lat' dir='ltr'><strong>oi</strong></span> <span class='ocrx_word' id='word_1_390' title='bbox 1011 3533 1068 3586; x_wconf 90' lang='grc' dir='ltr'><strong>δέ</strong></span> <span class='ocrx_word' id='word_1_391' title='bbox 1103 3533 1270 3588; x_wconf 86' lang='grc' dir='ltr'>πάλαι</span> <span class='ocrx_word' id='word_1_392' title='bbox 1305 3535 1663 3600; x_wconf 82' lang='grc' dir='ltr'>ἀπαιτοῦντες</span> <span class='ocrx_word' id='word_1_393' title='bbox 1692 3536 1890 3601; x_wconf 78' lang='grc' dir='ltr'>αὐτοὺς</span> 
     </span>
    </p>
   </div>
   <div class='ocr_carea' id='block_1_53' title="bbox 301 3622 1889 3698">
    <p class='ocr_par' dir='ltr' id='par_1_53' title="bbox 301 3622 1889 3698">
     <span class='ocr_line' id='line_1_53' title="bbox 301 3622 1889 3698; baseline 0.006 -25"><span class='ocrx_word' id='word_1_394' title='bbox 301 3622 778 3694; x_wconf 79' lang='grc' dir='ltr'>ἐκπραχθήσονται</span> <span class='ocrx_word' id='word_1_395' title='bbox 815 3624 976 3695; x_wconf 84' lang='grc' dir='ltr'>μέχρι</span> <span class='ocrx_word' id='word_1_396' title='bbox 1006 3625 1302 3698; x_wconf 81' lang='grc' dir='ltr'>κοδράντου</span> <span class='ocrx_word' id='word_1_397' title='bbox 1332 3628 1582 3696; x_wconf 82' lang='grc' dir='ltr'>ἐσχάτου,</span> <span class='ocrx_word' id='word_1_398' title='bbox 1617 3628 1796 3682; x_wconf 77' lang='grc' dir='ltr'>πᾶσάν</span> <span class='ocrx_word' id='word_1_399' title='bbox 1830 3645 1889 3682; x_wconf 83' lang='grc' dir='ltr'><strong>τε</strong></span> 
     </span>
    </p>
   </div>
   <div class='ocr_carea' id='block_1_54' title="bbox 302 3713 1890 3793">
    <p class='ocr_par' dir='ltr' id='par_1_54' title="bbox 302 3713 1890 3793">
     <span class='ocr_line' id='line_1_54' title="bbox 302 3713 1890 3793; baseline 0.004 -27"><span class='ocrx_word' id='word_1_400' title='bbox 302 3713 497 3784; x_wconf 80' lang='grc' dir='ltr'>στολὴν</span> <span class='ocrx_word' id='word_1_401' title='bbox 535 3716 628 3768; x_wconf 69' lang='grc' dir='ltr'><strong>καὶ</strong></span> <span class='ocrx_word' id='word_1_402' title='bbox 672 3717 780 3768; x_wconf 82' lang='grc' dir='ltr'><strong>πᾶν</strong></span> <span class='ocrx_word' id='word_1_403' title='bbox 834 3717 1047 3788; x_wconf 86' lang='grc' dir='ltr'>ἱμάτιον</span> <span class='ocrx_word' id='word_1_404' title='bbox 1096 3717 1486 3782; x_wconf 78' lang='grc' dir='ltr'>ἀποτίσαντες,</span> <span class='ocrx_word' id='word_1_405' title='bbox 1527 3720 1890 3793; x_wconf 84' lang='grc' dir='ltr'>πυρίκαυστοι</span> 
     </span>
    </p>
   </div>
   <div class='ocr_carea' id='block_1_55' title="bbox 299 3801 1894 3883">
    <p class='ocr_par' dir='ltr' id='par_1_55' title="bbox 299 3801 1894 3883">
     <span class='ocr_line' id='line_1_55' title="bbox 299 3801 1894 3883; baseline 0.006 -25"><span class='ocrx_word' id='word_1_406' title='bbox 299 3809 620 3877; x_wconf 82' lang='grc' dir='ltr'>γενήσονται</span> <span class='ocrx_word' id='word_1_407' title='bbox 656 3810 712 3861; x_wconf 88' lang='grc' dir='ltr'><strong>ἐν</strong></span> <span class='ocrx_word' id='word_1_408' title='bbox 743 3808 821 3880; x_wconf 83' lang='grc' dir='ltr'>τῷ</span> <span class='ocrx_word' id='word_1_409' title='bbox 845 3801 945 3881; x_wconf 76' lang='grc' dir='ltr'>τῆς</span> <span class='ocrx_word' id='word_1_410' title='bbox 979 3809 1300 3883; x_wconf 81' lang='grc' dir='ltr'>ἐκπράξεως</span> <span class='ocrx_word' id='word_1_411' title='bbox 1330 3811 1542 3883; x_wconf 83' lang='grc' dir='ltr'>καιρῷ·</span> <span class='ocrx_word' id='word_1_412' title='bbox 1589 3813 1682 3865; x_wconf 63' lang='grc' dir='ltr'><strong>καλ⁵</strong></span> <span class='ocrx_word' id='word_1_413' title='bbox 1717 3812 1894 3867; x_wconf 88' lang='grc' dir='ltr'>ταῦτά</span> 
     </span>
    </p>
   </div>
   <div class='ocr_carea' id='block_1_56' title="bbox 299 3899 1890 3976">
    <p class='ocr_par' dir='ltr' id='par_1_56' title="bbox 299 3899 1890 3976">
     <span class='ocr_line' id='line_1_56' title="bbox 299 3899 1890 3976; baseline 0.003 -25"><span class='ocrx_word' id='word_1_414' title='bbox 299 3915 365 3967; x_wconf 88' lang='grc' dir='ltr'><strong>γε</strong></span> <span class='ocrx_word' id='word_1_415' title='bbox 388 3899 565 3952; x_wconf 84' lang='grc' dir='ltr'>πάντα</span> <span class='ocrx_word' id='word_1_416' title='bbox 599 3901 732 3968; x_wconf 58' lang='grc' dir='ltr'>φησι</span> <span class='ocrx_word' id='word_1_417' title='bbox 782 3903 1086 3968; x_wconf 81' lang='grc' dir='ltr'>πείσεσθαι,</span> <span class='ocrx_word' id='word_1_418' title='bbox 1123 3903 1258 3956; x_wconf 89' lang='grc' dir='ltr'>διότι</span> <span class='ocrx_word' id='word_1_419' title='bbox 1319 3926 1336 3955; x_wconf 78' lang='grc' dir='ltr'><strong>ι</strong></span> <span class='ocrx_word' id='word_1_420' title='bbox 1368 3903 1579 3958; x_wconf 80' lang='grc' dir='ltr'>παιδίον</span> <span class='ocrx_word' id='word_1_421' title='bbox 1627 3905 1890 3976; x_wconf 79' lang='grc' dir='ltr'>ἐγεννήθη</span> 
     </span>
    </p>
   </div>
   <div class='ocr_carea' id='block_1_57' title="bbox 301 3992 1893 4066">
    <p class='ocr_par' dir='ltr' id='par_1_57' title="bbox 301 3992 1893 4066">
     <span class='ocr_line' id='line_1_57' title="bbox 301 3992 1893 4066; baseline 0.003 -24"><span class='ocrx_word' id='word_1_422' title='bbox 301 3992 458 4062; x_wconf 74' lang='grc' dir='ltr'>ἡμῖν,</span> <span class='ocrx_word' id='word_1_423' title='bbox 506 3992 601 4044; x_wconf 74' lang='grc' dir='ltr'><strong>καὶ</strong></span> <span class='ocrx_word' id='word_1_424' title='bbox 647 3992 760 4054; x_wconf 80' lang='grc' dir='ltr'>υἱὸς</span> <span class='ocrx_word' id='word_1_425' title='bbox 810 3992 963 4064; x_wconf 82' lang='grc' dir='ltr'>ἐδόθη</span> <span class='ocrx_word' id='word_1_426' title='bbox 1014 3996 1169 4065; x_wconf 78' lang='grc' dir='ltr'>ἡμῖν,</span> <span class='ocrx_word' id='word_1_427' title='bbox 1204 3996 1356 4066; x_wconf 77' lang='grc' dir='ltr'>ὁτῆς</span> <span class='ocrx_word' id='word_1_428' title='bbox 1402 3994 1645 4066; x_wconf 82' lang='grc' dir='ltr'>μεγάλης</span> <span class='ocrx_word' id='word_1_429' title='bbox 1697 3994 1893 4066; x_wconf 77' lang='grc' dir='ltr'>βουλῆς</span> 
     </span>
    </p>
   </div>
   <div class='ocr_carea' id='block_1_58' title="bbox 299 4080 1895 4156">
    <p class='ocr_par' dir='ltr' id='par_1_58' title="bbox 299 4080 1895 4156">
     <span class='ocr_line' id='line_1_58' title="bbox 299 4080 1895 4156; baseline -0.009 -5"><span class='ocrx_word' id='word_1_430' title='bbox 299 4081 550 4150; x_wconf 65' lang='grc' dir='ltr'><strong>ἄΠελος.</strong></span> <span class='ocrx_word' id='word_1_431' title='bbox 586 4101 604 4133; x_wconf 70' lang='grc' dir='ltr'><strong>ι</strong></span> <span class='ocrx_word' id='word_1_432' title='bbox 641 4081 764 4135; x_wconf 85' lang='grc' dir='ltr'>Τίσι</span> <span class='ocrx_word' id='word_1_433' title='bbox 789 4080 845 4136; x_wconf 80' lang='grc' dir='ltr'><strong>δὲ</strong></span> <span class='ocrx_word' id='word_1_434' title='bbox 878 4085 1008 4156; x_wconf 77' lang='grc' dir='ltr'>ἡμῖν</span> <span class='ocrx_word' id='word_1_435' title='bbox 1054 4084 1086 4155; x_wconf 80' lang='grc' dir='ltr'>ἢ</span> <span class='ocrx_word' id='word_1_436' title='bbox 1121 4089 1234 4150; x_wconf 85' lang='grc' dir='ltr'>τοῖς</span> <span class='ocrx_word' id='word_1_437' title='bbox 1280 4089 1359 4150; x_wconf 85' lang='grc' dir='ltr'><strong>είς</strong></span> <span class='ocrx_word' id='word_1_438' title='bbox 1401 4085 1561 4140; x_wconf 81' lang='grc' dir='ltr'>αὐτὸν</span> <span class='ocrx_word' id='word_1_439' title='bbox 1604 4100 1895 4139; x_wconf 59' lang='grc' dir='ltr'>πεπιστευέ</span> 
     </span>
    </p>
   </div>
   <div class='ocr_carea' id='block_1_59' title="bbox 301 4174 1895 4250">
    <p class='ocr_par' dir='ltr' id='par_1_59' title="bbox 301 4174 1895 4250">
     <span class='ocr_line' id='line_1_59' title="bbox 301 4174 1895 4250; baseline 0.003 -24"><span class='ocrx_word' id='word_1_440' title='bbox 301 4175 424 4226; x_wconf 76' lang='grc' dir='ltr'>κόσι</span> <span class='ocrx_word' id='word_1_441' title='bbox 444 4215 458 4238; x_wconf 88' lang='grc'><strong>,</strong></span> <span class='ocrx_word' id='word_1_442' title='bbox 490 4175 584 4228; x_wconf 81' lang='grc' dir='ltr'><strong>καὶ</strong></span> <span class='ocrx_word' id='word_1_443' title='bbox 625 4175 775 4249; x_wconf 83' lang='grc' dir='ltr'>πάσῃ</span> <span class='ocrx_word' id='word_1_444' title='bbox 807 4174 1006 4248; x_wconf 80' lang='grc' dir='ltr'>δηλαδὴ</span> <span class='ocrx_word' id='word_1_445' title='bbox 1048 4179 1112 4248; x_wconf 85' lang='grc' dir='ltr'>τῇ</span> <span class='ocrx_word' id='word_1_446' title='bbox 1148 4177 1405 4250; x_wconf 74' lang='grc' dir='ltr'>Γαλιλαίᾳ</span> <span class='ocrx_word' id='word_1_447' title='bbox 1449 4178 1555 4232; x_wconf 82' lang='grc' dir='ltr'><strong>τῶν</strong></span> <span class='ocrx_word' id='word_1_448' title='bbox 1588 4178 1779 4241; x_wconf 83' lang='grc' dir='ltr'>ἐθνῶν,</span> <span class='ocrx_word' id='word_1_449' title='bbox 1813 4174 1895 4242; x_wconf 69' lang='grc' dir='ltr'>οἷς</span> 
     </span>
    </p>
   </div>
   <div class='ocr_carea' id='block_1_60' title="bbox 301 4265 1895 4342">
    <p class='ocr_par' dir='ltr' id='par_1_60' title="bbox 301 4265 1895 4342">
     <span class='ocr_line' id='line_1_60' title="bbox 301 4265 1895 4342; baseline 0.003 -24"><span class='ocrx_word' id='word_1_450' title='bbox 301 4265 365 4318; x_wconf 83' lang='grc' dir='ltr'>τὺ</span> <span class='ocrx_word' id='word_1_451' title='bbox 399 4265 538 4335; x_wconf 80' lang='grc' dir='ltr'>μέγα</span> <span class='ocrx_word' id='word_1_452' title='bbox 569 4265 681 4336; x_wconf 83' lang='grc' dir='ltr'><strong>φῶς</strong></span> <span class='ocrx_word' id='word_1_453' title='bbox 696 4267 1058 4334; x_wconf 83' lang='grc' dir='ltr'>άνατέταλκε;</span> <span class='ocrx_word' id='word_1_454' title='bbox 1093 4269 1146 4322; x_wconf 80' lang='grc' dir='ltr'><strong>τί</strong></span> <span class='ocrx_word' id='word_1_455' title='bbox 1167 4270 1230 4342; x_wconf 81' lang='grc' dir='ltr'><strong>δή</strong></span> <span class='ocrx_word' id='word_1_456' title='bbox 1262 4265 1330 4342; x_wconf 83' lang='grc' dir='ltr'>ἧν</span> <span class='ocrx_word' id='word_1_457' title='bbox 1362 4269 1538 4327; x_wconf 84' lang='grc' dir='ltr'>τοῦτο.</span> <span class='ocrx_word' id='word_1_458' title='bbox 1568 4269 1685 4324; x_wconf 76' lang='grc' dir='ltr'>ἀλλ’</span> <span class='ocrx_word' id='word_1_459' title='bbox 1716 4270 1750 4340; x_wconf 80' lang='grc' dir='ltr'><strong>ἢ</strong></span> <span class='ocrx_word' id='word_1_460' title='bbox 1786 4287 1803 4319; x_wconf 85' lang='grc' dir='ltr'><strong>ι</strong></span> <span class='ocrx_word' id='word_1_461' title='bbox 1835 4269 1895 4322; x_wconf 81' lang='grc' dir='ltr'>τὸ</span> 
     </span>
    </p>
   </div>
   <div class='ocr_carea' id='block_1_61' title="bbox 302 4355 1897 4435">
    <p class='ocr_par' dir='ltr' id='par_1_61' title="bbox 302 4355 1897 4435">
     <span class='ocr_line' id='line_1_61' title="bbox 302 4355 1897 4435; baseline 0.003 -25"><span class='ocrx_word' id='word_1_462' title='bbox 302 4355 702 4430; x_wconf 81' lang='grc' dir='ltr'>γεγεννημένον</span> <span class='ocrx_word' id='word_1_463' title='bbox 739 4359 970 4425; x_wconf 86' lang='grc' dir='ltr'>παιδίον,</span> <span class='ocrx_word' id='word_1_464' title='bbox 1015 4360 1109 4415; x_wconf 66' lang='grc' dir='ltr'><strong>καὶ</strong></span> <span class='ocrx_word' id='word_1_465' title='bbox 1158 4363 1186 4415; x_wconf 85' lang='grc' dir='ltr'><strong>ὁ</strong></span> <span class='ocrx_word' id='word_1_466' title='bbox 1216 4362 1370 4435; x_wconf 83' lang='grc' dir='ltr'><strong>παρά</strong></span> <span class='ocrx_word' id='word_1_467' title='bbox 1415 4361 1507 4415; x_wconf 88' lang='grc' dir='ltr'><strong>τοῦ</strong></span> <span class='ocrx_word' id='word_1_468' title='bbox 1533 4361 1668 4415; x_wconf 84' lang='grc' dir='ltr'>Θεοῦ</span> <span class='ocrx_word' id='word_1_469' title='bbox 1721 4361 1897 4426; x_wconf 73' lang='grc' dir='ltr'>δοθεὶς</span> 
     </span>
    </p>
   </div>
   <div class='ocr_carea' id='block_1_62' title="bbox 303 4449 1892 4527">
    <p class='ocr_par' dir='ltr' id='par_1_62' title="bbox 303 4449 1892 4527">
     <span class='ocr_line' id='line_1_62' title="bbox 303 4449 1892 4527; baseline 0.003 -25"><span class='ocrx_word' id='word_1_470' title='bbox 303 4449 439 4513; x_wconf 82' lang='grc' dir='ltr'>υίὸς,</span> <span class='ocrx_word' id='word_1_471' title='bbox 487 4449 726 4521; x_wconf 83' lang='grc' dir='ltr'>μεγάλης</span> <span class='ocrx_word' id='word_1_472' title='bbox 765 4449 961 4522; x_wconf 78' lang='grc' dir='ltr'>βουλῆς</span> <span class='ocrx_word' id='word_1_473' title='bbox 1001 4453 1250 4522; x_wconf 78' lang='grc' dir='ltr'>ἄγγελος,</span> <span class='ocrx_word' id='word_1_474' title='bbox 1293 4456 1388 4509; x_wconf 72' lang='grc' dir='ltr'><strong>καὶ</strong></span> <span class='ocrx_word' id='word_1_475' title='bbox 1422 4453 1608 4527; x_wconf 79' lang='grc' dir='ltr'>ἄρχων</span> <span class='ocrx_word' id='word_1_476' title='bbox 1648 4455 1892 4525; x_wconf 73' lang='grc' dir='ltr'>εἰρήνης,</span> 
     </span>
    </p>
   </div>
   <div class='ocr_carea' id='block_1_63' title="bbox 304 4539 1893 4618">
    <p class='ocr_par' dir='ltr' id='par_1_63' title="bbox 304 4539 1893 4618">
     <span class='ocr_line' id='line_1_63' title="bbox 304 4539 1893 4618; baseline 0.001 -22"><span class='ocrx_word' id='word_1_477' title='bbox 304 4541 402 4596; x_wconf 75' lang='grc' dir='ltr'><strong>καὶ</strong></span> <span class='ocrx_word' id='word_1_478' title='bbox 432 4539 811 4614; x_wconf 74' lang='grc' dir='ltr'>ἐξουσιαστὴς,</span> <span class='ocrx_word' id='word_1_479' title='bbox 846 4543 940 4597; x_wconf 67' lang='grc' dir='ltr'><strong>κα)⁸</strong></span> <span class='ocrx_word' id='word_1_480' title='bbox 967 4541 1100 4609; x_wconf 82' lang='grc' dir='ltr'>Θεὸς</span> <span class='ocrx_word' id='word_1_481' title='bbox 1144 4547 1393 4618; x_wconf 81' lang='grc' dir='ltr'>ἰσχυρὸς,</span> <span class='ocrx_word' id='word_1_482' title='bbox 1438 4547 1534 4600; x_wconf 57' lang='grc' dir='ltr'><strong>καὶ⁹</strong></span> <span class='ocrx_word' id='word_1_483' title='bbox 1585 4547 1769 4618; x_wconf 81' lang='grc' dir='ltr'>πατὴρ</span> <span class='ocrx_word' id='word_1_484' title='bbox 1799 4545 1893 4598; x_wconf 91' lang='grc' dir='ltr'><strong>τοῦ</strong></span> 
     </span>
    </p>
   </div>
   <div class='ocr_carea' id='block_1_64' title="bbox 309 4634 1888 4709">
    <p class='ocr_par' dir='ltr' id='par_1_64' title="bbox 309 4634 1888 4709">
     <span class='ocr_line' id='line_1_64' title="bbox 309 4634 1888 4709; baseline 0.003 -23"><span class='ocrx_word' id='word_1_485' title='bbox 309 4634 590 4704; x_wconf 82' lang='grc' dir='ltr'>μέλλοντος</span> <span class='ocrx_word' id='word_1_486' title='bbox 647 4637 836 4700; x_wconf 78' lang='grc' dir='ltr'>αἰῶνος</span> <span class='ocrx_word' id='word_1_487' title='bbox 887 4635 1309 4709; x_wconf 78' lang='grc' dir='ltr'>ὠνομασμένος;</span> <span class='ocrx_word' id='word_1_488' title='bbox 1355 4657 1373 4690; x_wconf 75' lang='grc' dir='ltr'><strong>ι</strong></span> <span class='ocrx_word' id='word_1_489' title='bbox 1443 4637 1615 4692; x_wconf 89' lang='grc' dir='ltr'>ταῦτα</span> <span class='ocrx_word' id='word_1_490' title='bbox 1666 4636 1731 4708; x_wconf 82' lang='grc' dir='ltr'>δὴ</span> <span class='ocrx_word' id='word_1_491' title='bbox 1785 4637 1888 4708; x_wconf 77' lang='grc' dir='ltr'><strong>ήδη</strong></span> 
     </span>
    </p>
   </div>
   <div class='ocr_carea' id='block_1_65' title="bbox 1985 2047 3574 2120">
    <p class='ocr_par' dir='ltr' id='par_1_65' title="bbox 1985 2047 3574 2120">
     <span class='ocr_line' id='line_1_65' title="bbox 1985 2047 3574 2120; baseline -0.003 -16"><span class='ocrx_word' id='word_1_492' title='bbox 1985 2047 2616 2120; x_wconf 65' lang='grc' dir='ltr'>ἰηιροτθϋοηῑοΑιιοιιιεη</span> <span class='ocrx_word' id='word_1_493' title='bbox 2648 2049 2808 2102; x_wconf 86' lang='lat' dir='ltr'><strong>aliam</strong></span> <span class='ocrx_word' id='word_1_494' title='bbox 2828 2063 3044 2118; x_wconf 91' lang='lat' dir='ltr'><strong>quoque</strong></span> <span class='ocrx_word' id='word_1_495' title='bbox 3075 2061 3322 2111; x_wconf 81' lang='lat' dir='ltr'><strong>causam,</strong></span> <span class='ocrx_word' id='word_1_496' title='bbox 3351 2055 3574 2117; x_wconf 86' lang='lat' dir='ltr'><strong>propter</strong></span> 
     </span>
    </p>
   </div>
   <div class='ocr_carea' id='block_1_66' title="bbox 1985 2140 3572 2214">
    <p class='ocr_par' dir='ltr' id='par_1_66' title="bbox 1985 2140 3572 2214">
     <span class='ocr_line' id='line_1_66' title="bbox 1985 2140 3572 2214; baseline -0.001 -18"><span class='ocrx_word' id='word_1_497' title='bbox 1985 2158 2149 2214; x_wconf 90' lang='lat' dir='ltr'><strong>quam</strong></span> <span class='ocrx_word' id='word_1_498' title='bbox 2203 2142 2388 2196; x_wconf 55' lang='lat' dir='ltr'><strong>laetitia</strong></span> <span class='ocrx_word' id='word_1_499' title='bbox 2435 2143 2547 2196; x_wconf 89' lang='lat' dir='ltr'><strong>sint</strong></span> <span class='ocrx_word' id='word_1_500' title='bbox 2594 2140 2884 2203; x_wconf 82' lang='lat' dir='ltr'><strong>alliciendi,</strong></span> <span class='ocrx_word' id='word_1_501' title='bbox 2941 2149 3357 2206; x_wconf 86' lang='lat' dir='ltr'><strong>commemorat,</strong></span> <span class='ocrx_word' id='word_1_502' title='bbox 3424 2141 3572 2212; x_wconf 90' lang='lat' dir='ltr'><strong>quod</strong></span> 
     </span>
    </p>
   </div>
   <div class='ocr_carea' id='block_1_67' title="bbox 1987 2233 3576 2305">
    <p class='ocr_par' dir='ltr' id='par_1_67' title="bbox 1987 2233 3576 2305">
     <span class='ocr_line' id='line_1_67' title="bbox 1987 2233 3576 2305; baseline -0.003 -15"><span class='ocrx_word' id='word_1_503' title='bbox 1987 2235 2346 2291; x_wconf 80' lang='lat' dir='ltr'><strong>auferendum</strong></span> <span class='ocrx_word' id='word_1_504' title='bbox 2377 2235 2450 2289; x_wconf 90' lang='lat' dir='ltr'><strong>sit</strong></span> <span class='ocrx_word' id='word_1_505' title='bbox 2478 2233 2548 2287; x_wconf 89' lang='lat' dir='ltr'><strong>ab</strong></span> <span class='ocrx_word' id='word_1_506' title='bbox 2576 2234 2709 2305; x_wconf 89' lang='lat' dir='ltr'><strong>ipsis</strong></span> <span class='ocrx_word' id='word_1_507' title='bbox 2740 2235 3026 2304; x_wconf 83' lang='lat' dir='ltr'><strong>corporale</strong></span> <span class='ocrx_word' id='word_1_508' title='bbox 3060 2233 3196 2304; x_wconf 85' lang='lat' dir='ltr'><strong>legis</strong></span> <span class='ocrx_word' id='word_1_509' title='bbox 3222 2233 3415 2303; x_wconf 85' lang='lat' dir='ltr'><strong>jugum</strong></span> <span class='ocrx_word' id='word_1_510' title='bbox 3438 2233 3576 2303; x_wconf 58' lang='lat' dir='ltr'><strong>janis</strong></span> 
     </span>
    </p>
   </div>
   <div class='ocr_carea' id='block_1_68' title="bbox 1986 2321 3576 2400">
    <p class='ocr_par' dir='ltr' id='par_1_68' title="bbox 1986 2321 3576 2400">
     <span class='ocr_line' id='line_1_68' title="bbox 1986 2321 3576 2400; baseline -0.002 -19"><span class='ocrx_word' id='word_1_511' title='bbox 1986 2327 2198 2400; x_wconf 86' lang='lat' dir='ltr'><strong>pridem</strong></span> <span class='ocrx_word' id='word_1_512' title='bbox 2227 2328 2363 2398; x_wconf 91' lang='lat' dir='ltr'><strong>ipsis</strong></span> <span class='ocrx_word' id='word_1_513' title='bbox 2397 2327 2738 2396; x_wconf 77' lang='lat' dir='ltr'><strong>impositum,</strong></span> <span class='ocrx_word' id='word_1_514' title='bbox 2763 2321 2906 2396; x_wconf 89' lang='lat' dir='ltr'><strong>quod</strong></span> <span class='ocrx_word' id='word_1_515' title='bbox 2930 2342 3109 2396; x_wconf 88' lang='lat' dir='ltr'><strong>neque</strong></span> <span class='ocrx_word' id='word_1_516' title='bbox 3141 2326 3243 2396; x_wconf 91' lang='lat' dir='ltr'><strong>ipsi</strong></span> <span class='ocrx_word' id='word_1_517' title='bbox 3270 2341 3448 2397; x_wconf 89' lang='lat' dir='ltr'><strong>neque</strong></span> <span class='ocrx_word' id='word_1_518' title='bbox 3478 2339 3576 2396; x_wconf 64' lang='lat' dir='ltr'><strong>pai-</strong></span> 
     </span>
    </p>
   </div>
   <div class='ocr_carea' id='block_1_69' title="bbox 1987 2417 3575 2492">
    <p class='ocr_par' dir='ltr' id='par_1_69' title="bbox 1987 2417 3575 2492">
     <span class='ocr_line' id='line_1_69' title="bbox 1987 2417 3575 2492; baseline -0.004 -15"><span class='ocrx_word' id='word_1_519' title='bbox 1987 2429 2100 2477; x_wconf 89' lang='lat' dir='ltr'><strong>tres</strong></span> <span class='ocrx_word' id='word_1_520' title='bbox 2134 2423 2380 2492; x_wconf 90' lang='lat' dir='ltr'><strong>ipsorum</strong></span> <span class='ocrx_word' id='word_1_521' title='bbox 2412 2428 2711 2490; x_wconf 82' lang='lat' dir='ltr'><strong>potuerunt</strong></span> <span class='ocrx_word' id='word_1_522' title='bbox 2759 2417 2921 2474; x_wconf 78' lang='lat' dir='ltr'><strong>ferre.</strong></span> <span class='ocrx_word' id='word_1_523' title='bbox 2967 2419 3236 2474; x_wconf 78' lang='lat' dir='ltr'><strong>Cteterum</strong></span> <span class='ocrx_word' id='word_1_524' title='bbox 3269 2434 3378 2472; x_wconf 89' lang='lat' dir='ltr'><strong>non</strong></span> <span class='ocrx_word' id='word_1_525' title='bbox 3413 2418 3575 2472; x_wconf 90' lang='lat' dir='ltr'><strong>modo</strong></span> 
     </span>
    </p>
   </div>
   <div class='ocr_carea' id='block_1_70' title="bbox 1983 2511 3574 2584">
    <p class='ocr_par' dir='ltr' id='par_1_70' title="bbox 1983 2511 3574 2584">
     <span class='ocr_line' id='line_1_70' title="bbox 1983 2511 3574 2584; baseline 0 -17"><span class='ocrx_word' id='word_1_526' title='bbox 1983 2513 2176 2584; x_wconf 83' lang='lat' dir='ltr'><strong>jugum</strong></span> <span class='ocrx_word' id='word_1_527' title='bbox 2209 2511 2484 2568; x_wconf 86' lang='lat' dir='ltr'><strong>sublatum</strong></span> <span class='ocrx_word' id='word_1_528' title='bbox 2513 2519 2599 2566; x_wconf 86' lang='lat' dir='ltr'><strong>est</strong></span> <span class='ocrx_word' id='word_1_529' title='bbox 2631 2511 2700 2564; x_wconf 87' lang='lat' dir='ltr'><strong>ab</strong></span> <span class='ocrx_word' id='word_1_530' title='bbox 2730 2511 2886 2582; x_wconf 84' lang='lat' dir='ltr'><strong>ipsis,</strong></span> <span class='ocrx_word' id='word_1_531' title='bbox 2907 2512 3002 2566; x_wconf 89' lang='lat' dir='ltr'><strong>sed</strong></span> <span class='ocrx_word' id='word_1_532' title='bbox 3036 2513 3201 2566; x_wconf 89' lang='lat' dir='ltr'><strong>etiam</strong></span> <span class='ocrx_word' id='word_1_533' title='bbox 3233 2511 3384 2582; x_wconf 86' lang='lat' dir='ltr'><strong>virga</strong></span> <span class='ocrx_word' id='word_1_534' title='bbox 3417 2527 3574 2582; x_wconf 57' lang='lat' dir='ltr'><strong>repcé</strong></span> 
     </span>
    </p>
   </div>
   <div class='ocr_carea' id='block_1_71' title="bbox 1988 2602 3573 2674">
    <p class='ocr_par' dir='ltr' id='par_1_71' title="bbox 1988 2602 3573 2674">
     <span class='ocr_line' id='line_1_71' title="bbox 1988 2602 3573 2674; baseline 0.001 -17"><span class='ocrx_word' id='word_1_535' title='bbox 1988 2603 2242 2668; x_wconf 78' lang='lat' dir='ltr'><strong>tentiam,</strong></span> <span class='ocrx_word' id='word_1_536' title='bbox 2271 2615 2392 2673; x_wconf 64' lang='lat' dir='ltr'><strong>quae</strong></span> <span class='ocrx_word' id='word_1_537' title='bbox 2425 2602 2580 2672; x_wconf 89' lang='lat' dir='ltr'><strong>prius</strong></span> <span class='ocrx_word' id='word_1_538' title='bbox 2616 2602 2671 2656; x_wconf 91' lang='lat' dir='ltr'><strong>in</strong></span> <span class='ocrx_word' id='word_1_539' title='bbox 2707 2603 2850 2657; x_wconf 91' lang='lat' dir='ltr'><strong>collo</strong></span> <span class='ocrx_word' id='word_1_540' title='bbox 2882 2602 3126 2674; x_wconf 89' lang='lat' dir='ltr'><strong>ipsorum</strong></span> <span class='ocrx_word' id='word_1_541' title='bbox 3154 2603 3411 2673; x_wconf 89' lang='lat' dir='ltr'><strong>imposita</strong></span> <span class='ocrx_word' id='word_1_542' title='bbox 3435 2613 3573 2658; x_wconf 86' lang='lat' dir='ltr'><strong>erat.</strong></span> 
     </span>
    </p>
   </div>
   <div class='ocr_carea' id='block_1_72' title="bbox 1988 2693 3570 2766">
    <p class='ocr_par' dir='ltr' id='par_1_72' title="bbox 1988 2693 3570 2766">
     <span class='ocr_line' id='line_1_72' title="bbox 1988 2693 3570 2766; baseline 0.001 -17"><span class='ocrx_word' id='word_1_543' title='bbox 1988 2695 2244 2750; x_wconf 81' lang='lat' dir='ltr'><strong>Declarat</strong></span> <span class='ocrx_word' id='word_1_544' title='bbox 2294 2707 2460 2766; x_wconf 90' lang='lat' dir='ltr'><strong>porro</strong></span> <span class='ocrx_word' id='word_1_545' title='bbox 2506 2695 2599 2766; x_wconf 89' lang='lat' dir='ltr'><strong>qui</strong></span> <span class='ocrx_word' id='word_1_546' title='bbox 2636 2696 2747 2752; x_wconf 91' lang='lat' dir='ltr'><strong>sint</strong></span> <span class='ocrx_word' id='word_1_547' title='bbox 2788 2703 3098 2765; x_wconf 85' lang='lat' dir='ltr'><strong>repetentes</strong></span> <span class='ocrx_word' id='word_1_548' title='bbox 3154 2693 3305 2758; x_wconf 89' lang='lat' dir='ltr'><strong>alibi,</strong></span> <span class='ocrx_word' id='word_1_549' title='bbox 3347 2695 3570 2751; x_wconf 86' lang='lat' dir='ltr'><strong>dicens:</strong></span> 
     </span>
    </p>
   </div>
   <div class='ocr_carea' id='block_1_73' title="bbox 1995 2784 3577 2856">
    <p class='ocr_par' dir='ltr' id='par_1_73' title="bbox 1995 2784 3577 2856">
     <span class='ocr_line' id='line_1_73' title="bbox 1995 2784 3577 2856; baseline 0.004 -20"><span class='ocrx_word' id='word_1_550' title='bbox 1995 2803 2014 2836; x_wconf 75' lang='grc' dir='ltr'><strong>ι</strong></span> <span class='ocrx_word' id='word_1_551' title='bbox 2047 2784 2291 2856; x_wconf 87' lang='lat' dir='ltr'><strong>Populus</strong></span> <span class='ocrx_word' id='word_1_552' title='bbox 2337 2801 2528 2850; x_wconf 71' lang='lat' dir='ltr'><strong>meus,</strong></span> <span class='ocrx_word' id='word_1_553' title='bbox 2579 2794 2866 2841; x_wconf 81' lang='lat' dir='ltr'><strong>exactores</strong></span> <span class='ocrx_word' id='word_1_554' title='bbox 2915 2786 3084 2840; x_wconf 89' lang='lat' dir='ltr'><strong>vestri</strong></span> <span class='ocrx_word' id='word_1_555' title='bbox 3129 2786 3312 2856; x_wconf 90' lang='lat' dir='ltr'><strong>spicas</strong></span> <span class='ocrx_word' id='word_1_556' title='bbox 3363 2794 3577 2843; x_wconf 85' lang='lat' dir='ltr'><strong>vestras</strong></span> 
     </span>
    </p>
   </div>
   <div class='ocr_carea' id='block_1_74' title="bbox 1988 2877 3576 2950">
    <p class='ocr_par' dir='ltr' id='par_1_74' title="bbox 1988 2877 3576 2950">
     <span class='ocr_line' id='line_1_74' title="bbox 1988 2877 3576 2950; baseline 0.001 -18"><span class='ocrx_word' id='word_1_557' title='bbox 1988 2877 2279 2950; x_wconf 85' lang='lat' dir='ltr'><strong>colligunt,</strong></span> <span class='ocrx_word' id='word_1_558' title='bbox 2321 2887 2376 2934; x_wconf 89' lang='lat' dir='ltr'><strong>ct</strong></span> <span class='ocrx_word' id='word_1_559' title='bbox 2401 2887 2710 2948; x_wconf 81' lang='lat' dir='ltr'><strong>repetentes</strong></span> <span class='ocrx_word' id='word_1_560' title='bbox 2739 2878 3095 2934; x_wconf 89' lang='lat' dir='ltr'><strong>dominantur</strong></span> <span class='ocrx_word' id='word_1_561' title='bbox 3131 2878 3309 2934; x_wconf 83' lang='lat' dir='ltr'><strong>vobis.</strong></span> <span class='ocrx_word' id='word_1_562' title='bbox 3331 2877 3576 2934; x_wconf 69' lang='lat' dir='ltr'><strong>«Verum</strong></span> 
     </span>
    </p>
   </div>
   <div class='ocr_carea' id='block_1_75' title="bbox 1991 2971 3580 3046">
    <p class='ocr_par' dir='ltr' id='par_1_75' title="bbox 1991 2971 3580 3046">
     <span class='ocr_line' id='line_1_75' title="bbox 1991 2971 3580 3046; baseline 0.001 -19"><span class='ocrx_word' id='word_1_563' title='bbox 1991 2973 2044 3028; x_wconf 92' lang='lat' dir='ltr'><strong>hi</strong></span> <span class='ocrx_word' id='word_1_564' title='bbox 2078 2973 2302 3044; x_wconf 90' lang='lat' dir='ltr'><strong>quidem</strong></span> <span class='ocrx_word' id='word_1_565' title='bbox 2333 2987 2364 3026; x_wconf 94' lang='lat' dir='ltr'><strong>a</strong></span> <span class='ocrx_word' id='word_1_566' title='bbox 2411 2971 2659 3028; x_wconf 82' lang='lat' dir='ltr'><strong>Zabulon</strong></span> <span class='ocrx_word' id='word_1_567' title='bbox 2706 2980 2763 3028; x_wconf 91' lang='lat' dir='ltr'><strong>et</strong></span> <span class='ocrx_word' id='word_1_568' title='bbox 2801 2971 3151 3044; x_wconf 86' lang='lat' dir='ltr'><strong>Nephthalim</strong></span> <span class='ocrx_word' id='word_1_569' title='bbox 3193 2972 3436 3038; x_wconf 87' lang='lat' dir='ltr'><strong>oriundi,</strong></span> <span class='ocrx_word' id='word_1_570' title='bbox 3481 2974 3580 3046; x_wconf 82' lang='lat' dir='ltr'><strong>qui</strong></span> 
     </span>
    </p>
   </div>
   <div class='ocr_carea' id='block_1_76' title="bbox 1991 3065 3578 3136">
    <p class='ocr_par' dir='ltr' id='par_1_76' title="bbox 1991 3065 3578 3136">
     <span class='ocr_line' id='line_1_76' title="bbox 1991 3065 3578 3136; baseline -0.001 -15"><span class='ocrx_word' id='word_1_571' title='bbox 1991 3066 2185 3136; x_wconf 79' lang='lat' dir='ltr'><strong>ingens</strong></span> <span class='ocrx_word' id='word_1_572' title='bbox 2232 3066 2418 3123; x_wconf 90' lang='lat' dir='ltr'><strong>lumen</strong></span> <span class='ocrx_word' id='word_1_573' title='bbox 2449 3065 2634 3121; x_wconf 89' lang='lat' dir='ltr'><strong>intuiti</strong></span> <span class='ocrx_word' id='word_1_574' title='bbox 2667 3073 2820 3131; x_wconf 86' lang='lat' dir='ltr'><strong>sunt,</strong></span> <span class='ocrx_word' id='word_1_575' title='bbox 2855 3065 3188 3121; x_wconf 82' lang='lat' dir='ltr'><strong>laetabuntur</strong></span> <span class='ocrx_word' id='word_1_576' title='bbox 3222 3075 3446 3136; x_wconf 90' lang='lat' dir='ltr'><strong>pr0pter</strong></span> <span class='ocrx_word' id='word_1_577' title='bbox 3484 3067 3578 3121; x_wconf 84' lang='lat' dir='ltr'><strong>illa</strong></span> 
     </span>
    </p>
   </div>
   <div class='ocr_carea' id='block_1_77' title="bbox 1989 3158 3578 3231">
    <p class='ocr_par' dir='ltr' id='par_1_77' title="bbox 1989 3158 3578 3231">
     <span class='ocr_line' id='line_1_77' title="bbox 1989 3158 3578 3231; baseline 0.002 -18"><span class='ocrx_word' id='word_1_578' title='bbox 1989 3174 2112 3230; x_wconf 66' lang='lat' dir='ltr'><strong>quae</strong></span> <span class='ocrx_word' id='word_1_579' title='bbox 2135 3158 2249 3230; x_wconf 89' lang='lat' dir='ltr'><strong>jam</strong></span> <span class='ocrx_word' id='word_1_580' title='bbox 2285 3168 2446 3215; x_wconf 89' lang='lat' dir='ltr'><strong>antea</strong></span> <span class='ocrx_word' id='word_1_581' title='bbox 2474 3159 2622 3214; x_wconf 91' lang='lat' dir='ltr'><strong>dicta</strong></span> <span class='ocrx_word' id='word_1_582' title='bbox 2650 3170 2799 3225; x_wconf 89' lang='lat' dir='ltr'><strong>sunt;</strong></span> <span class='ocrx_word' id='word_1_583' title='bbox 2827 3159 2920 3229; x_wconf 88' lang='lat' dir='ltr'><strong>qui</strong></span> <span class='ocrx_word' id='word_1_584' title='bbox 2945 3173 3075 3213; x_wconf 83' lang='lat' dir='ltr'><strong>vero</strong></span> <span class='ocrx_word' id='word_1_585' title='bbox 3101 3159 3170 3213; x_wconf 87' lang='lat' dir='ltr'><strong>ab</strong></span> <span class='ocrx_word' id='word_1_586' title='bbox 3202 3159 3337 3228; x_wconf 90' lang='lat' dir='ltr'><strong>ipsis</strong></span> <span class='ocrx_word' id='word_1_587' title='bbox 3369 3169 3578 3231; x_wconf 85' lang='lat' dir='ltr'><strong>repete-</strong></span> 
     </span>
    </p>
   </div>
   <div class='ocr_carea' id='block_1_78' title="bbox 1915 3251 3579 3343">
    <p class='ocr_par' dir='ltr' id='par_1_78' title="bbox 1915 3251 3579 3343">
     <span class='ocr_line' id='line_1_78' title="bbox 1915 3251 3579 3343; baseline 0.001 -35"><span class='ocrx_word' id='word_1_588' title='bbox 1915 3285 1958 3343; x_wconf 64' lang='grc' dir='ltr'><strong>ρ</strong></span> <span class='ocrx_word' id='word_1_589' title='bbox 1994 3254 2148 3318; x_wconf 90' lang='lat' dir='ltr'><strong>bant,</strong></span> <span class='ocrx_word' id='word_1_590' title='bbox 2182 3255 2251 3309; x_wconf 89' lang='lat' dir='ltr'><strong>ab</strong></span> <span class='ocrx_word' id='word_1_591' title='bbox 2283 3255 2351 3309; x_wconf 93' lang='lat' dir='ltr'><strong>iis</strong></span> <span class='ocrx_word' id='word_1_592' title='bbox 2380 3261 2658 3324; x_wconf 91' lang='lat' dir='ltr'><strong>repetetur</strong></span> <span class='ocrx_word' id='word_1_593' title='bbox 2692 3267 2870 3324; x_wconf 84' lang='lat' dir='ltr'><strong>usque</strong></span> <span class='ocrx_word' id='word_1_594' title='bbox 2902 3251 2972 3307; x_wconf 83' lang='lat' dir='ltr'><strong>ad</strong></span> <span class='ocrx_word' id='word_1_595' title='bbox 3007 3253 3258 3307; x_wconf 91' lang='lat' dir='ltr'><strong>ultimum</strong></span> <span class='ocrx_word' id='word_1_596' title='bbox 3301 3253 3579 3324; x_wconf 91' lang='lat' dir='ltr'><strong>quadran-</strong></span> 
     </span>
    </p>
   </div>
   <div class='ocr_carea' id='block_1_79' title="bbox 1990 3345 3580 3418">
    <p class='ocr_par' dir='ltr' id='par_1_79' title="bbox 1990 3345 3580 3418">
     <span class='ocr_line' id='line_1_79' title="bbox 1990 3345 3580 3418; baseline 0.001 -19"><span class='ocrx_word' id='word_1_597' title='bbox 1990 3353 2124 3410; x_wconf 87' lang='lat' dir='ltr'><strong>tem,</strong></span> <span class='ocrx_word' id='word_1_598' title='bbox 2158 3345 2434 3418; x_wconf 88' lang='lat' dir='ltr'><strong>iidemque</strong></span> <span class='ocrx_word' id='word_1_599' title='bbox 2478 3347 2570 3401; x_wconf 94' lang='lat' dir='ltr'><strong>ubi</strong></span> <span class='ocrx_word' id='word_1_600' title='bbox 2621 3357 2840 3402; x_wconf 85' lang='lat' dir='ltr'><strong>omnem</strong></span> <span class='ocrx_word' id='word_1_601' title='bbox 2880 3355 3085 3401; x_wconf 73' lang='lat' dir='ltr'><strong>vestem</strong></span> <span class='ocrx_word' id='word_1_602' title='bbox 3110 3359 3384 3416; x_wconf 85' lang='lat' dir='ltr'><strong>omneque</strong></span> <span class='ocrx_word' id='word_1_603' title='bbox 3409 3349 3580 3402; x_wconf 85' lang='lat' dir='ltr'><strong>vesti-</strong></span> 
     </span>
    </p>
   </div>
   <div class='ocr_carea' id='block_1_80' title="bbox 1993 3436 3580 3509">
    <p class='ocr_par' dir='ltr' id='par_1_80' title="bbox 1993 3436 3580 3509">
     <span class='ocr_line' id='line_1_80' title="bbox 1993 3436 3580 3509; baseline -0.001 -17"><span class='ocrx_word' id='word_1_604' title='bbox 1993 3445 2237 3493; x_wconf 92' lang='lat' dir='ltr'><strong>mentum</strong></span> <span class='ocrx_word' id='word_1_605' title='bbox 2270 3437 2660 3508; x_wconf 87' lang='lat' dir='ltr'><strong>persolverint,</strong></span> <span class='ocrx_word' id='word_1_606' title='bbox 2703 3437 2828 3509; x_wconf 84' lang='lat' dir='ltr'><strong>igne</strong></span> <span class='ocrx_word' id='word_1_607' title='bbox 2864 3436 3140 3491; x_wconf 88' lang='lat' dir='ltr'><strong>combusti</strong></span> <span class='ocrx_word' id='word_1_608' title='bbox 3192 3438 3323 3491; x_wconf 82' lang='lat' dir='ltr'><strong>lieat</strong></span> <span class='ocrx_word' id='word_1_609' title='bbox 3364 3437 3420 3491; x_wconf 91' lang='lat' dir='ltr'><strong>in</strong></span> <span class='ocrx_word' id='word_1_610' title='bbox 3459 3438 3580 3508; x_wconf 85' lang='lat' dir='ltr'><strong>ipso</strong></span> 
     </span>
    </p>
   </div>
   <div class='ocr_carea' id='block_1_81' title="bbox 1989 3530 3578 3602">
    <p class='ocr_par' dir='ltr' id='par_1_81' title="bbox 1989 3530 3578 3602">
     <span class='ocr_line' id='line_1_81' title="bbox 1989 3530 3578 3602; baseline -0.003 -16"><span class='ocrx_word' id='word_1_611' title='bbox 1989 3531 2297 3587; x_wconf 81' lang='lat' dir='ltr'><strong>exactionis</strong></span> <span class='ocrx_word' id='word_1_612' title='bbox 2345 3538 2615 3602; x_wconf 87' lang='lat' dir='ltr'><strong>tempore,</strong></span> <span class='ocrx_word' id='word_1_613' title='bbox 2663 3531 2960 3602; x_wconf 86' lang='lat' dir='ltr'><strong>omniaque</strong></span> <span class='ocrx_word' id='word_1_614' title='bbox 3003 3531 3120 3586; x_wconf 65' lang='lat' dir='ltr'><strong>hinc</strong></span> <span class='ocrx_word' id='word_1_615' title='bbox 3166 3541 3433 3601; x_wconf 86' lang='lat' dir='ltr'><strong>passuros</strong></span> <span class='ocrx_word' id='word_1_616' title='bbox 3479 3530 3578 3596; x_wconf 76' lang='lat' dir='ltr'><strong>ait,</strong></span> 
     </span>
    </p>
   </div>
   <div class='ocr_carea' id='block_1_82' title="bbox 1993 3623 3582 3696">
    <p class='ocr_par' dir='ltr' id='par_1_82' title="bbox 1993 3623 3582 3696">
     <span class='ocr_line' id='line_1_82' title="bbox 1993 3623 3582 3696; baseline 0.001 -19"><span class='ocrx_word' id='word_1_617' title='bbox 1993 3633 2278 3696; x_wconf 82' lang='lat' dir='ltr'><strong>propterea</strong></span> <span class='ocrx_word' id='word_1_618' title='bbox 2301 3625 2446 3696; x_wconf 93' lang='lat' dir='ltr'><strong>quod</strong></span> <span class='ocrx_word' id='word_1_619' title='bbox 2483 3642 2501 3676; x_wconf 81' lang='grc' dir='ltr'><strong>ι</strong></span> <span class='ocrx_word' id='word_1_620' title='bbox 2534 3625 2798 3695; x_wconf 90' lang='lat' dir='ltr'><strong>puerulus</strong></span> <span class='ocrx_word' id='word_1_621' title='bbox 2832 3634 2994 3678; x_wconf 86' lang='lat' dir='ltr'><strong>natus</strong></span> <span class='ocrx_word' id='word_1_622' title='bbox 3025 3633 3109 3680; x_wconf 90' lang='lat' dir='ltr'><strong>est</strong></span> <span class='ocrx_word' id='word_1_623' title='bbox 3139 3624 3321 3688; x_wconf 88' lang='lat' dir='ltr'><strong>nobis,</strong></span> <span class='ocrx_word' id='word_1_624' title='bbox 3351 3632 3405 3680; x_wconf 88' lang='lat' dir='ltr'><strong>et</strong></span> <span class='ocrx_word' id='word_1_625' title='bbox 3435 3623 3582 3678; x_wconf 76' lang='lat' dir='ltr'><strong>[ilius</strong></span> 
     </span>
    </p>
   </div>
   <div class='ocr_carea' id='block_1_83' title="bbox 1992 3716 3582 3789">
    <p class='ocr_par' dir='ltr' id='par_1_83' title="bbox 1992 3716 3582 3789">
     <span class='ocr_line' id='line_1_83' title="bbox 1992 3716 3582 3789; baseline 0.001 -19"><span class='ocrx_word' id='word_1_626' title='bbox 1992 3716 2154 3772; x_wconf 88' lang='lat' dir='ltr'><strong>datus</strong></span> <span class='ocrx_word' id='word_1_627' title='bbox 2187 3724 2273 3772; x_wconf 85' lang='lat' dir='ltr'><strong>est</strong></span> <span class='ocrx_word' id='word_1_628' title='bbox 2321 3718 2502 3782; x_wconf 87' lang='lat' dir='ltr'><strong>nobis,</strong></span> <span class='ocrx_word' id='word_1_629' title='bbox 2535 3718 2653 3787; x_wconf 88' lang='lat' dir='ltr'><strong>ipse</strong></span> <span class='ocrx_word' id='word_1_630' title='bbox 2686 3717 2868 3788; x_wconf 84' lang='lat' dir='ltr'><strong>magni</strong></span> <span class='ocrx_word' id='word_1_631' title='bbox 2906 3717 3126 3772; x_wconf 90' lang='lat' dir='ltr'><strong>consilii</strong></span> <span class='ocrx_word' id='word_1_632' title='bbox 3167 3719 3414 3789; x_wconf 85' lang='lat' dir='ltr'><strong>angelus.</strong></span> <span class='ocrx_word' id='word_1_633' title='bbox 3451 3737 3470 3769; x_wconf 71' lang='grc' dir='ltr'><strong>ο</strong></span> <span class='ocrx_word' id='word_1_634' title='bbox 3514 3717 3582 3772; x_wconf 79' lang='lat' dir='ltr'><strong>At</strong></span> 
     </span>
    </p>
   </div>
   <div class='ocr_carea' id='block_1_84' title="bbox 1992 3807 3582 3883">
    <p class='ocr_par' dir='ltr' id='par_1_84' title="bbox 1992 3807 3582 3883">
     <span class='ocr_line' id='line_1_84' title="bbox 1992 3807 3582 3883; baseline 0.001 -19"><span class='ocrx_word' id='word_1_635' title='bbox 1992 3825 2124 3865; x_wconf 85' lang='lat' dir='ltr'><strong>vero</strong></span> <span class='ocrx_word' id='word_1_636' title='bbox 2155 3810 2354 3880; x_wconf 89' lang='lat' dir='ltr'><strong>quibus</strong></span> <span class='ocrx_word' id='word_1_637' title='bbox 2382 3809 2604 3866; x_wconf 84' lang='lat' dir='ltr'><strong>tandem</strong></span> <span class='ocrx_word' id='word_1_638' title='bbox 2638 3807 2822 3874; x_wconf 83' lang='lat' dir='ltr'><strong>nobis,</strong></span> <span class='ocrx_word' id='word_1_639' title='bbox 2855 3810 2965 3866; x_wconf 92' lang='lat' dir='ltr'><strong>nisi</strong></span> <span class='ocrx_word' id='word_1_640' title='bbox 2994 3811 3088 3881; x_wconf 87' lang='lat' dir='ltr'><strong>qui</strong></span> <span class='ocrx_word' id='word_1_641' title='bbox 3140 3811 3196 3866; x_wconf 92' lang='lat' dir='ltr'><strong>in</strong></span> <span class='ocrx_word' id='word_1_642' title='bbox 3233 3811 3413 3883; x_wconf 89' lang='lat' dir='ltr'><strong>ipsum</strong></span> <span class='ocrx_word' id='word_1_643' title='bbox 3458 3823 3582 3865; x_wconf 52' lang='lat' dir='ltr'><strong>creé</strong></span> 
     </span>
    </p>
   </div>
   <div class='ocr_carea' id='block_1_85' title="bbox 1993 3901 3584 3976">
    <p class='ocr_par' dir='ltr' id='par_1_85' title="bbox 1993 3901 3584 3976">
     <span class='ocr_line' id='line_1_85' title="bbox 1993 3901 3584 3976; baseline 0 -20"><span class='ocrx_word' id='word_1_644' title='bbox 1993 3901 2257 3964; x_wconf 88' lang='lat' dir='ltr'><strong>didimus.</strong></span> <span class='ocrx_word' id='word_1_645' title='bbox 2291 3910 2346 3956; x_wconf 90' lang='lat' dir='ltr'><strong>et</strong></span> <span class='ocrx_word' id='word_1_646' title='bbox 2374 3902 2524 3956; x_wconf 92' lang='lat' dir='ltr'><strong>omni</strong></span> <span class='ocrx_word' id='word_1_647' title='bbox 2558 3901 2817 3956; x_wconf 86' lang='lat' dir='ltr'><strong>videlicet</strong></span> <span class='ocrx_word' id='word_1_648' title='bbox 2868 3902 3104 3958; x_wconf 67' lang='lat' dir='ltr'><strong>Galilmae</strong></span> <span class='ocrx_word' id='word_1_649' title='bbox 3153 3904 3428 3976; x_wconf 80' lang='lat' dir='ltr'><strong>gentidm,</strong></span> <span class='ocrx_word' id='word_1_650' title='bbox 3461 3903 3584 3974; x_wconf 86' lang='lat' dir='ltr'><strong>qui-</strong></span> 
     </span>
    </p>
   </div>
   <div class='ocr_carea' id='block_1_86' title="bbox 1994 3993 3582 4068">
    <p class='ocr_par' dir='ltr' id='par_1_86' title="bbox 1994 3993 3582 4068">
     <span class='ocr_line' id='line_1_86' title="bbox 1994 3993 3582 4068; baseline 0.002 -20"><span class='ocrx_word' id='word_1_651' title='bbox 1994 3993 2098 4048; x_wconf 89' lang='lat' dir='ltr'><strong>bus</strong></span> <span class='ocrx_word' id='word_1_652' title='bbox 2127 4009 2384 4064; x_wconf 89' lang='lat' dir='ltr'><strong>magnum</strong></span> <span class='ocrx_word' id='word_1_653' title='bbox 2411 3995 2597 4050; x_wconf 91' lang='lat' dir='ltr'><strong>lumen</strong></span> <span class='ocrx_word' id='word_1_654' title='bbox 2619 4007 2802 4050; x_wconf 86' lang='lat' dir='ltr'><strong>ortum</strong></span> <span class='ocrx_word' id='word_1_655' title='bbox 2829 3996 3056 4052; x_wconf 85' lang='lat' dir='ltr'><strong>est?sed</strong></span> <span class='ocrx_word' id='word_1_656' title='bbox 3077 3997 3353 4068; x_wconf 89' lang='lat' dir='ltr'><strong>quodnam</strong></span> <span class='ocrx_word' id='word_1_657' title='bbox 3372 4012 3582 4068; x_wconf 58' lang='lat' dir='ltr'><strong>quaeso,</strong></span> 
     </span>
    </p>
   </div>
   <div class='ocr_carea' id='block_1_87' title="bbox 1995 4087 3586 4160">
    <p class='ocr_par' dir='ltr' id='par_1_87' title="bbox 1995 4087 3586 4160">
     <span class='ocr_line' id='line_1_87' title="bbox 1995 4087 3586 4160; baseline 0.001 -18"><span class='ocrx_word' id='word_1_658' title='bbox 1995 4088 2103 4143; x_wconf 86' lang='lat' dir='ltr'><strong>nisi</strong></span> <span class='ocrx_word' id='word_1_659' title='bbox 2136 4087 2254 4159; x_wconf 91' lang='lat' dir='ltr'><strong>ipse</strong></span> <span class='ocrx_word' id='word_1_660' title='bbox 2287 4106 2306 4138; x_wconf 77' lang='grc' dir='ltr'><strong>ι</strong></span> <span class='ocrx_word' id='word_1_661' title='bbox 2351 4097 2516 4144; x_wconf 90' lang='lat' dir='ltr'><strong>natus</strong></span> <span class='ocrx_word' id='word_1_662' title='bbox 2552 4090 2838 4160; x_wconf 87' lang='lat' dir='ltr'><strong>puerulus,</strong></span> <span class='ocrx_word' id='word_1_663' title='bbox 2869 4097 2924 4144; x_wconf 92' lang='lat' dir='ltr'><strong>et</strong></span> <span class='ocrx_word' id='word_1_664' title='bbox 2953 4090 3048 4159; x_wconf 92' lang='lat' dir='ltr'><strong>qui</strong></span> <span class='ocrx_word' id='word_1_665' title='bbox 3084 4105 3114 4144; x_wconf 90' lang='lat' dir='ltr'><strong>a</strong></span> <span class='ocrx_word' id='word_1_666' title='bbox 3143 4089 3254 4146; x_wconf 87' lang='lat' dir='ltr'><strong>Deo</strong></span> <span class='ocrx_word' id='word_1_667' title='bbox 3304 4091 3468 4146; x_wconf 85' lang='lat' dir='ltr'><strong>datus</strong></span> <span class='ocrx_word' id='word_1_668' title='bbox 3501 4099 3586 4146; x_wconf 87' lang='lat' dir='ltr'><strong>est</strong></span> 
     </span>
    </p>
   </div>
   <div class='ocr_carea' id='block_1_88' title="bbox 1998 4180 3587 4254">
    <p class='ocr_par' dir='ltr' id='par_1_88' title="bbox 1998 4180 3587 4254">
     <span class='ocr_line' id='line_1_88' title="bbox 1998 4180 3587 4254; baseline 0 -20"><span class='ocrx_word' id='word_1_669' title='bbox 1998 4180 2164 4244; x_wconf 78' lang='lat' dir='ltr'><strong>illius,</strong></span> <span class='ocrx_word' id='word_1_670' title='bbox 2195 4180 2290 4252; x_wconf 90' lang='lat' dir='ltr'><strong>qui</strong></span> <span class='ocrx_word' id='word_1_671' title='bbox 2329 4180 2513 4250; x_wconf 88' lang='lat' dir='ltr'><strong>magni</strong></span> <span class='ocrx_word' id='word_1_672' title='bbox 2543 4182 2762 4236; x_wconf 89' lang='lat' dir='ltr'><strong>consilii</strong></span> <span class='ocrx_word' id='word_1_673' title='bbox 2804 4181 3055 4252; x_wconf 70' lang='lat' dir='ltr'><strong>angelus,</strong></span> <span class='ocrx_word' id='word_1_674' title='bbox 3093 4193 3148 4236; x_wconf 88' lang='lat' dir='ltr'><strong>et</strong></span> <span class='ocrx_word' id='word_1_675' title='bbox 3178 4181 3436 4254; x_wconf 89' lang='lat' dir='ltr'><strong>princeps</strong></span> <span class='ocrx_word' id='word_1_676' title='bbox 3488 4197 3587 4252; x_wconf 57' lang='lat' dir='ltr'><strong>paa</strong></span> 
     </span>
    </p>
   </div>
   <div class='ocr_carea' id='block_1_89' title="bbox 1995 4268 3586 4343">
    <p class='ocr_par' dir='ltr' id='par_1_89' title="bbox 1995 4268 3586 4343">
     <span class='ocr_line' id='line_1_89' title="bbox 1995 4268 3586 4343; baseline 0.002 -19"><span class='ocrx_word' id='word_1_677' title='bbox 1995 4268 2099 4336; x_wconf 87' lang='lat' dir='ltr'><strong>cis,</strong></span> <span class='ocrx_word' id='word_1_678' title='bbox 2129 4277 2186 4325; x_wconf 92' lang='lat' dir='ltr'><strong>et</strong></span> <span class='ocrx_word' id='word_1_679' title='bbox 2214 4269 2308 4340; x_wconf 88' lang='lat' dir='ltr'><strong>jus</strong></span> <span class='ocrx_word' id='word_1_680' title='bbox 2336 4271 2754 4343; x_wconf 89' lang='lat' dir='ltr'><strong>potentiamque</strong></span> <span class='ocrx_word' id='word_1_681' title='bbox 2787 4272 3021 4336; x_wconf 88' lang='lat' dir='ltr'><strong>habens,</strong></span> <span class='ocrx_word' id='word_1_682' title='bbox 3057 4282 3112 4327; x_wconf 89' lang='lat' dir='ltr'><strong>et</strong></span> <span class='ocrx_word' id='word_1_683' title='bbox 3142 4273 3286 4329; x_wconf 83' lang='lat' dir='ltr'><strong>Deus</strong></span> <span class='ocrx_word' id='word_1_684' title='bbox 3314 4273 3496 4337; x_wconf 77' lang='lat' dir='ltr'><strong>fortis,</strong></span> <span class='ocrx_word' id='word_1_685' title='bbox 3529 4276 3586 4327; x_wconf 82' lang='lat' dir='ltr'><strong>et</strong></span> 
     </span>
    </p>
   </div>
   <div class='ocr_carea' id='block_1_90' title="bbox 1997 4360 3588 4432">
    <p class='ocr_par' dir='ltr' id='par_1_90' title="bbox 1997 4360 3588 4432">
     <span class='ocr_line' id='line_1_90' title="bbox 1997 4360 3588 4432; baseline 0.004 -19"><span class='ocrx_word' id='word_1_686' title='bbox 1997 4362 2154 4432; x_wconf 76' lang='lat' dir='ltr'><strong>pater</strong></span> <span class='ocrx_word' id='word_1_687' title='bbox 2203 4360 2377 4416; x_wconf 80' lang='lat' dir='ltr'><strong>futuri</strong></span> <span class='ocrx_word' id='word_1_688' title='bbox 2431 4364 2620 4418; x_wconf 62' lang='lat' dir='ltr'><strong>saeculi</strong></span> <span class='ocrx_word' id='word_1_689' title='bbox 2675 4366 2992 4420; x_wconf 86' lang='lat' dir='ltr'><strong>nominatus</strong></span> <span class='ocrx_word' id='word_1_690' title='bbox 3033 4367 3148 4421; x_wconf 88' lang='lat' dir='ltr'><strong>est?</strong></span> <span class='ocrx_word' id='word_1_691' title='bbox 3192 4387 3210 4418; x_wconf 76' lang='grc' dir='ltr'><strong>ι</strong></span> <span class='ocrx_word' id='word_1_692' title='bbox 3245 4380 3434 4420; x_wconf 87' lang='lat' dir='ltr'><strong>verum</strong></span> <span class='ocrx_word' id='word_1_693' title='bbox 3470 4364 3588 4420; x_wconf 64' lang='lat' dir='ltr'><strong>haec</strong></span> 
     </span>
    </p>
   </div>
   <div class='ocr_carea' id='block_1_91' title="bbox 1997 4451 3587 4522">
    <p class='ocr_par' dir='ltr' id='par_1_91' title="bbox 1997 4451 3587 4522">
     <span class='ocr_line' id='line_1_91' title="bbox 1997 4451 3587 4522; baseline 0.003 -16"><span class='ocrx_word' id='word_1_694' title='bbox 1997 4452 2115 4522; x_wconf 84' lang='lat' dir='ltr'><strong>ipsa</strong></span> <span class='ocrx_word' id='word_1_695' title='bbox 2136 4451 2250 4522; x_wconf 91' lang='lat' dir='ltr'><strong>jam</strong></span> <span class='ocrx_word' id='word_1_696' title='bbox 2283 4462 2446 4510; x_wconf 90' lang='lat' dir='ltr'><strong>antea</strong></span> <span class='ocrx_word' id='word_1_697' title='bbox 2473 4455 2540 4509; x_wconf 90' lang='lat' dir='ltr'><strong>ad</strong></span> <span class='ocrx_word' id='word_1_698' title='bbox 2571 4467 2744 4510; x_wconf 87' lang='lat' dir='ltr'><strong>unum</strong></span> <span class='ocrx_word' id='word_1_699' title='bbox 2771 4459 3061 4514; x_wconf 80' lang='lat' dir='ltr'><strong>referenda</strong></span> <span class='ocrx_word' id='word_1_700' title='bbox 3087 4475 3211 4515; x_wconf 86' lang='lat' dir='ltr'><strong>esse</strong></span> <span class='ocrx_word' id='word_1_701' title='bbox 3243 4457 3587 4514; x_wconf 87' lang='lat' dir='ltr'><strong>Salvatorem</strong></span> 
     </span>
    </p>
   </div>
   <div class='ocr_carea' id='block_1_92' title="bbox 1999 4543 3588 4624">
    <p class='ocr_par' dir='ltr' id='par_1_92' title="bbox 1999 4543 3588 4624">
     <span class='ocr_line' id='line_1_92' title="bbox 1999 4543 3588 4624; baseline 0.004 -28"><span class='ocrx_word' id='word_1_702' title='bbox 1999 4543 2404 4618; x_wconf 86' lang='lat' dir='ltr'><strong>Dominumque</strong></span> <span class='ocrx_word' id='word_1_703' title='bbox 2457 4558 2729 4614; x_wconf 85' lang='lat' dir='ltr'><strong>nostrum,</strong></span> <span class='ocrx_word' id='word_1_704' title='bbox 2781 4565 2884 4607; x_wconf 92' lang='lat' dir='ltr'><strong>suo</strong></span> <span class='ocrx_word' id='word_1_705' title='bbox 2937 4559 3185 4624; x_wconf 86' lang='lat' dir='ltr'><strong>tempore</strong></span> <span class='ocrx_word' id='word_1_706' title='bbox 3237 4551 3588 4608; x_wconf 60' lang='lat' dir='ltr'><strong>demonstraa</strong></span> 
     </span>
    </p>
   </div>
   <div class='ocr_carea' id='block_1_93' title="bbox 1997 4651 2197 4693">
    <p class='ocr_par' dir='ltr' id='par_1_93' title="bbox 1997 4651 2197 4693">
     <span class='ocr_line' id='line_1_93' title="bbox 1997 4651 2197 4693; baseline 0.02 -4"><span class='ocrx_word' id='word_1_707' title='bbox 1997 4651 2197 4693; x_wconf 69' lang='lat' dir='ltr'><strong>&quot;mus.</strong></span> 
     </span>
    </p>
   </div>
   <div class='ocr_carea' id='block_1_94' title="bbox 305 4724 3590 4810">
    <p class='ocr_par' dir='ltr' id='par_1_94' title="bbox 305 4724 3590 4810">
     <span class='ocr_line' id='line_1_94' title="bbox 305 4724 3590 4810; baseline 0.003 -33"><span class='ocrx_word' id='word_1_708' title='bbox 305 4725 612 4794; x_wconf 84' lang='grc' dir='ltr'>φθάσαντες</span> <span class='ocrx_word' id='word_1_709' title='bbox 655 4726 747 4779; x_wconf 77' lang='grc' dir='ltr'><strong>ἐπὶ</strong></span> <span class='ocrx_word' id='word_1_710' title='bbox 791 4726 951 4798; x_wconf 85' lang='grc' dir='ltr'>μόνον</span> <span class='ocrx_word' id='word_1_711' title='bbox 1021 4724 1388 4798; x_wconf 80' lang='grc' dir='ltr'>ἀναφέρεσθαι</span> <span class='ocrx_word' id='word_1_712' title='bbox 1427 4728 1520 4782; x_wconf 83' lang='grc' dir='ltr'><strong>τὸν</strong></span> <span class='ocrx_word' id='word_1_713' title='bbox 1553 4726 1786 4799; x_wconf 72' lang='grc' dir='ltr'>Σωτῆρα</span> <span class='ocrx_word' id='word_1_714' title='bbox 1833 4725 1930 4780; x_wconf 78' lang='grc' dir='ltr'>καὶ</span> <span class='ocrx_word' id='word_1_715' title='bbox 1965 4726 2172 4800; x_wconf 82' lang='grc' dir='ltr'>Κύριον</span> <span class='ocrx_word' id='word_1_716' title='bbox 2209 4727 2368 4799; x_wconf 81' lang='grc' dir='ltr'>ἡμῶν</span> <span class='ocrx_word' id='word_1_717' title='bbox 2412 4727 2555 4783; x_wconf 82' lang='grc' dir='ltr'>κατὰ</span> <span class='ocrx_word' id='word_1_718' title='bbox 2603 4729 2694 4785; x_wconf 84' lang='grc' dir='ltr'>τὸν</span> <span class='ocrx_word' id='word_1_719' title='bbox 2743 4734 2940 4788; x_wconf 78' lang='grc' dir='ltr'>οἰκεῖον</span> <span class='ocrx_word' id='word_1_720' title='bbox 3017 4737 3211 4809; x_wconf 79' lang='grc' dir='ltr'>καιρὸν</span> <span class='ocrx_word' id='word_1_721' title='bbox 3257 4734 3590 4810; x_wconf 71' lang='grc' dir='ltr'>προαπεδείι</span> 
     </span>
    </p>
   </div>
   <div class='ocr_carea' id='block_1_95' title="bbox 307 4823 500 4894">
    <p class='ocr_par' dir='ltr' id='par_1_95' title="bbox 307 4823 500 4894">
     <span class='ocr_line' id='line_1_95' title="bbox 307 4823 500 4894; baseline 0.01 -18"><span class='ocrx_word' id='word_1_722' title='bbox 307 4823 372 4888; x_wconf 83' lang='grc' dir='ltr'><strong>ξα</strong></span> <span class='ocrx_word' id='word_1_723' title='bbox 380 4841 500 4894; x_wconf 87' lang='grc' dir='ltr'>μεν.</span> 
     </span>
    </p>
   </div>
   <div class='ocr_carea' id='block_1_96' title="bbox 389 4935 1885 5013">
    <p class='ocr_par' dir='ltr' id='par_1_96' title="bbox 389 4941 1812 5013">
     <span class='ocr_line' id='line_1_96' title="bbox 389 4941 1812 5013; baseline 0.004 -20"><span class='ocrx_word' id='word_1_724' title='bbox 389 4941 524 4994; x_wconf 75' lang='grc' dir='ltr'><strong>Ἀπὸ</strong></span> <span class='ocrx_word' id='word_1_725' title='bbox 561 4943 810 5013; x_wconf 62' lang='grc' dir='ltr'>ψαλμοῦ</span> <span class='ocrx_word' id='word_1_726' title='bbox 839 4941 960 5008; x_wconf 79' lang='grc' dir='ltr'><strong>ξζ’.</strong></span> <span class='ocrx_word' id='word_1_727' title='bbox 989 4943 1130 5012; x_wconf 81' lang='grc' dir='ltr'>Περὶ</span> <span class='ocrx_word' id='word_1_728' title='bbox 1165 4941 1273 5011; x_wconf 86' lang='grc' dir='ltr'>τῆς</span> <span class='ocrx_word' id='word_1_729' title='bbox 1301 4943 1421 4997; x_wconf 82' lang='grc' dir='ltr'>τῶν</span> <span class='ocrx_word' id='word_1_730' title='bbox 1445 4944 1812 4999; x_wconf 76' lang='grc' dir='ltr'>ἀποστόλων</span> 
     </span>
    </p>
   </div>
   <div class='ocr_carea' id='block_1_97' title="bbox 1987 4935 3518 5013">
    <p class='ocr_par' dir='ltr' id='par_1_97' title="bbox 2053 4935 3518 5013">
     <span class='ocr_line' id='line_1_97' title="bbox 2053 4935 3518 5013; baseline 0.01 -26"><span class='ocrx_word' id='word_1_731' title='bbox 2053 4935 2216 5010; x_wconf 61' lang='grc'><strong>441</strong></span> <span class='ocrx_word' id='word_1_732' title='bbox 2250 4937 2294 4992; x_wconf 74' lang='grc' dir='ltr'><em>Α</em></span> <span class='ocrx_word' id='word_1_733' title='bbox 2318 4937 2526 5008; x_wconf 77' lang='lat' dir='ltr'><strong>psalmo</strong></span> <span class='ocrx_word' id='word_1_734' title='bbox 2548 4954 2717 4994; x_wconf 75' lang='lat' dir='ltr'><strong>vatl.</strong></span> <span class='ocrx_word' id='word_1_735' title='bbox 2745 4969 2830 5013; x_wconf 78' lang='lat'><strong>_-—</strong></span> <span class='ocrx_word' id='word_1_736' title='bbox 2852 4939 2933 4996; x_wconf 80' lang='lat' dir='ltr'><strong>De</strong></span> <span class='ocrx_word' id='word_1_737' title='bbox 2963 4943 3329 5011; x_wconf 74' lang='lat' dir='ltr'><strong>apestolorum</strong></span> <span class='ocrx_word' id='word_1_738' title='bbox 3361 4950 3518 5001; x_wconf 71' lang='lat' dir='ltr'><strong>voca-</strong></span> 
     </span>
    </p>
   </div>
   <div class='ocr_carea' id='block_1_98' title="bbox 956 5015 1254 5083">
    <p class='ocr_par' dir='ltr' id='par_1_98' title="bbox 956 5015 1254 5083">
     <span class='ocr_line' id='line_1_98' title="bbox 956 5015 1254 5083; baseline 0 -15"><span class='ocrx_word' id='word_1_739' title='bbox 956 5015 1254 5083; x_wconf 75' lang='grc' dir='ltr'>κλήσεως.</span> 
     </span>
    </p>
   </div>
   <div class='ocr_carea' id='block_1_99' title="bbox 383 5121 1898 5208">
    <p class='ocr_par' dir='ltr' id='par_1_99' title="bbox 383 5121 1898 5208">
     <span class='ocr_line' id='line_1_99' title="bbox 383 5121 1898 5208; baseline 0.008 -34"><span class='ocrx_word' id='word_1_740' title='bbox 383 5142 401 5173; x_wconf 76' lang='grc' dir='ltr'><strong>ι</strong></span> <span class='ocrx_word' id='word_1_741' title='bbox 448 5122 864 5208; x_wconf 83' lang='grc' dir='ltr'>Ἐθεωρήθησαν</span> <span class='ocrx_word' id='word_1_742' title='bbox 911 5129 966 5180; x_wconf 77' lang='grc' dir='ltr'>αἱ</span> <span class='ocrx_word' id='word_1_743' title='bbox 1003 5128 1218 5198; x_wconf 86' lang='grc' dir='ltr'>πορεῖαί</span> <span class='ocrx_word' id='word_1_744' title='bbox 1257 5144 1350 5180; x_wconf 90' lang='grc' dir='ltr'><strong>σου</strong></span> <span class='ocrx_word' id='word_1_745' title='bbox 1377 5167 1392 5192; x_wconf 89' lang='grc'><strong>,</strong></span> <span class='ocrx_word' id='word_1_746' title='bbox 1428 5130 1456 5182; x_wconf 86' lang='grc' dir='ltr'><strong>ό</strong></span> <span class='ocrx_word' id='word_1_747' title='bbox 1499 5128 1632 5193; x_wconf 83' lang='grc' dir='ltr'>Θεὸς</span> <span class='ocrx_word' id='word_1_748' title='bbox 1657 5169 1671 5192; x_wconf 86' lang='grc'><strong>,</strong></span> <span class='ocrx_word' id='word_1_749' title='bbox 1709 5121 1765 5184; x_wconf 68' lang='lat' dir='ltr'><strong>al</strong></span> <span class='ocrx_word' id='word_1_750' title='bbox 1801 5150 1898 5186; x_wconf 84' lang='grc' dir='ltr'>πο-</span> 
     </span>
    </p>
   </div>
   <div class='ocr_carea' id='block_1_100' title="bbox 310 5215 1892 5294">
    <p class='ocr_par' dir='ltr' id='par_1_100' title="bbox 310 5215 1892 5294">
     <span class='ocr_line' id='line_1_100' title="bbox 310 5215 1892 5294; baseline 0.005 -26"><span class='ocrx_word' id='word_1_751' title='bbox 310 5217 451 5286; x_wconf 78' lang='grc' dir='ltr'>ρεῖαι</span> <span class='ocrx_word' id='word_1_752' title='bbox 501 5215 595 5269; x_wconf 90' lang='grc' dir='ltr'><strong>τοῦ</strong></span> <span class='ocrx_word' id='word_1_753' title='bbox 637 5216 772 5270; x_wconf 83' lang='grc' dir='ltr'>Θεοῦ</span> <span class='ocrx_word' id='word_1_754' title='bbox 811 5235 911 5289; x_wconf 89' lang='grc' dir='ltr'><strong>μου</strong></span> <span class='ocrx_word' id='word_1_755' title='bbox 943 5219 1037 5272; x_wconf 90' lang='grc' dir='ltr'><strong>τοῦ</strong></span> <span class='ocrx_word' id='word_1_756' title='bbox 1080 5219 1363 5288; x_wconf 82' lang='grc' dir='ltr'>βασιλέως,</span> <span class='ocrx_word' id='word_1_757' title='bbox 1399 5221 1493 5274; x_wconf 88' lang='grc' dir='ltr'><strong>τοῦ</strong></span> <span class='ocrx_word' id='word_1_758' title='bbox 1537 5221 1595 5274; x_wconf 92' lang='grc' dir='ltr'><strong>ἐν</strong></span> <span class='ocrx_word' id='word_1_759' title='bbox 1629 5221 1707 5292; x_wconf 81' lang='grc' dir='ltr'>τῷ</span> <span class='ocrx_word' id='word_1_760' title='bbox 1732 5224 1892 5294; x_wconf 84' lang='grc' dir='ltr'>ἁγίῳ.</span> 
     </span>
    </p>
   </div>
   <div class='ocr_carea' id='block_1_101' title="bbox 2713 5011 2874 5066">
    <p class='ocr_par' dir='ltr' id='par_1_101' title="bbox 2713 5011 2874 5066">
     <span class='ocr_line' id='line_1_101' title="bbox 2713 5011 2874 5066; baseline 0 -2"><span class='ocrx_word' id='word_1_761' title='bbox 2713 5011 2874 5066; x_wconf 82' lang='lat' dir='ltr'><strong>tione.</strong></span> 
     </span>
    </p>
   </div>
   <div class='ocr_carea' id='block_1_102' title="bbox 2078 5117 3589 5194">
    <p class='ocr_par' dir='ltr' id='par_1_102' title="bbox 2078 5117 3589 5194">
     <span class='ocr_line' id='line_1_102' title="bbox 2078 5117 3589 5194; baseline 0.011 -18"><span class='ocrx_word' id='word_1_762' title='bbox 2078 5141 2097 5176; x_wconf 79' lang='grc' dir='ltr'><strong>ι</strong></span> <span class='ocrx_word' id='word_1_763' title='bbox 2131 5117 2264 5181; x_wconf 77' lang='lat' dir='ltr'><strong>Visa</strong></span> <span class='ocrx_word' id='word_1_764' title='bbox 2322 5129 2453 5180; x_wconf 89' lang='lat' dir='ltr'><strong>sunt</strong></span> <span class='ocrx_word' id='word_1_765' title='bbox 2491 5125 2690 5182; x_wconf 88' lang='lat' dir='ltr'><strong>itinera</strong></span> <span class='ocrx_word' id='word_1_766' title='bbox 2721 5134 2840 5194; x_wconf 84' lang='lat' dir='ltr'><strong>tua,</strong></span> <span class='ocrx_word' id='word_1_767' title='bbox 2897 5119 3060 5194; x_wconf 86' lang='lat' dir='ltr'><strong>Deus,</strong></span> <span class='ocrx_word' id='word_1_768' title='bbox 3099 5129 3299 5186; x_wconf 86' lang='lat' dir='ltr'><strong>itinera</strong></span> <span class='ocrx_word' id='word_1_769' title='bbox 3334 5125 3432 5188; x_wconf 87' lang='lat' dir='ltr'><strong>Dei</strong></span> <span class='ocrx_word' id='word_1_770' title='bbox 3481 5135 3589 5192; x_wconf 82' lang='lat' dir='ltr'><strong>me’i</strong></span> 
     </span>
    </p>
   </div>
   <div class='ocr_carea' id='block_1_103' title="bbox 1994 5216 3591 5295">
    <p class='ocr_par' dir='ltr' id='par_1_103' title="bbox 1994 5216 3591 5295">
     <span class='ocr_line' id='line_1_103' title="bbox 1994 5216 3591 5295; baseline 0.007 -23"><span class='ocrx_word' id='word_1_771' title='bbox 1994 5217 2162 5288; x_wconf 86' lang='lat' dir='ltr'><strong>regis,</strong></span> <span class='ocrx_word' id='word_1_772' title='bbox 2184 5217 2280 5288; x_wconf 91' lang='lat' dir='ltr'><strong>qui</strong></span> <span class='ocrx_word' id='word_1_773' title='bbox 2306 5229 2389 5273; x_wconf 89' lang='lat' dir='ltr'><strong>est</strong></span> <span class='ocrx_word' id='word_1_774' title='bbox 2407 5218 2461 5272; x_wconf 92' lang='lat' dir='ltr'><strong>in</strong></span> <span class='ocrx_word' id='word_1_775' title='bbox 2484 5216 2700 5274; x_wconf 77' lang='lat' dir='ltr'><strong>sancto.</strong></span> <span class='ocrx_word' id='word_1_776' title='bbox 2719 5217 3112 5275; x_wconf 74' lang='lat' dir='ltr'><strong>Przevenerunt</strong></span> <span class='ocrx_word' id='word_1_777' title='bbox 3147 5217 3427 5295; x_wconf 88' lang='lat' dir='ltr'><strong>principes</strong></span> <span class='ocrx_word' id='word_1_778' title='bbox 3450 5242 3591 5284; x_wconf 86' lang='lat' dir='ltr'><strong>con-</strong></span> 
     </span>
    </p>
   </div>
   <div class='ocr_carea' id='block_1_104' title="bbox 309 5305 1885 5390">
    <p class='ocr_par' dir='ltr' id='par_1_104' title="bbox 309 5305 1885 5386">
     <span class='ocr_line' id='line_1_104' title="bbox 309 5305 1885 5386; baseline 0.006 -30"><span class='ocrx_word' id='word_1_779' title='bbox 309 5305 666 5376; x_wconf 82' lang='grc' dir='ltr'>Προέφθασαν</span> <span class='ocrx_word' id='word_1_780' title='bbox 705 5309 964 5380; x_wconf 77' lang='grc' dir='ltr'>ἄρχοντες</span> <span class='ocrx_word' id='word_1_781' title='bbox 1004 5311 1251 5382; x_wconf 83' lang='grc' dir='ltr'>ἐχόμενοι</span> <span class='ocrx_word' id='word_1_782' title='bbox 1291 5311 1621 5383; x_wconf 72' lang='grc' dir='ltr'>ψαλλόντων,</span> <span class='ocrx_word' id='word_1_783' title='bbox 1649 5313 1707 5365; x_wconf 88' lang='grc' dir='ltr'><strong>ἐν</strong></span> <span class='ocrx_word' id='word_1_784' title='bbox 1743 5313 1885 5386; x_wconf 66' lang='grc' dir='ltr'>μέσῳ</span> 
     </span>
    </p>
   </div>
   <div class='ocr_carea' id='block_1_105' title="bbox 1987 5305 3590 5390">
    <p class='ocr_par' dir='ltr' id='par_1_105' title="bbox 1994 5308 3590 5390">
     <span class='ocr_line' id='line_1_105' title="bbox 1994 5308 3590 5390; baseline 0.009 -28"><span class='ocrx_word' id='word_1_785' title='bbox 1994 5309 2173 5378; x_wconf 86' lang='lat' dir='ltr'><strong>juncti</strong></span> <span class='ocrx_word' id='word_1_786' title='bbox 2193 5308 2556 5390; x_wconf 85' lang='lat' dir='ltr'><strong>psallentibus</strong></span> <span class='ocrx_word' id='word_1_787' title='bbox 2585 5309 2640 5364; x_wconf 92' lang='lat' dir='ltr'><strong>in</strong></span> <span class='ocrx_word' id='word_1_788' title='bbox 2661 5309 2843 5365; x_wconf 90' lang='lat' dir='ltr'><strong>medio</strong></span> <span class='ocrx_word' id='word_1_789' title='bbox 2870 5308 3410 5373; x_wconf 85' lang='lat' dir='ltr'><strong>adolescentularurn</strong></span> <span class='ocrx_word' id='word_1_790' title='bbox 3446 5327 3590 5390; x_wconf 80' lang='lat' dir='ltr'><strong>tym-</strong></span> 
     </span>
    </p>
   </div>
   <div class='ocr_carea' id='block_1_106' title="bbox 308 5397 1896 5475">
    <p class='ocr_par' dir='ltr' id='par_1_106' title="bbox 308 5397 1896 5475">
     <span class='ocr_line' id='line_1_106' title="bbox 308 5397 1896 5475; baseline 0.008 -29"><span class='ocrx_word' id='word_1_791' title='bbox 308 5397 560 5451; x_wconf 89' lang='grc' dir='ltr'>νεανίδων</span> <span class='ocrx_word' id='word_1_792' title='bbox 604 5401 1072 5473; x_wconf 88' lang='grc' dir='ltr'>τυμπανιστριῶν.</span> <span class='ocrx_word' id='word_1_793' title='bbox 1110 5405 1197 5457; x_wconf 87' lang='grc' dir='ltr'>Ἐν</span> <span class='ocrx_word' id='word_1_794' title='bbox 1233 5405 1555 5475; x_wconf 85' lang='grc' dir='ltr'>ἐκκλησίαις</span> <span class='ocrx_word' id='word_1_795' title='bbox 1619 5403 1896 5473; x_wconf 87' lang='grc' dir='ltr'>εὐλογεῖτε</span> 
     </span>
    </p>
   </div>
   <div class='ocr_carea' id='block_1_107' title="bbox 306 5488 1892 5569">
    <p class='ocr_par' dir='ltr' id='par_1_107' title="bbox 306 5488 1892 5569">
     <span class='ocr_line' id='line_1_107' title="bbox 306 5488 1892 5569; baseline 0.005 -29"><span class='ocrx_word' id='word_1_796' title='bbox 306 5488 398 5542; x_wconf 72' lang='grc' dir='ltr'><strong>τὸν</strong></span> <span class='ocrx_word' id='word_1_797' title='bbox 431 5490 562 5543; x_wconf 80' lang='grc' dir='ltr'>Θεὸν</span> <span class='ocrx_word' id='word_1_798' title='bbox 590 5490 792 5564; x_wconf 78' lang='grc' dir='ltr'>Κύριον</span> <span class='ocrx_word' id='word_1_799' title='bbox 823 5494 888 5546; x_wconf 87' lang='grc' dir='ltr'><strong>ἐκ</strong></span> <span class='ocrx_word' id='word_1_800' title='bbox 923 5495 1113 5564; x_wconf 65' lang='grc' dir='ltr'>πηγῶν</span> <span class='ocrx_word' id='word_1_801' title='bbox 1165 5497 1402 5569; x_wconf 84' lang='grc' dir='ltr'>Ἰσραήλ.</span> <span class='ocrx_word' id='word_1_802' title='bbox 1453 5497 1600 5549; x_wconf 80' lang='grc' dir='ltr'>Ἐκεῖ</span> <span class='ocrx_word' id='word_1_803' title='bbox 1633 5496 1892 5567; x_wconf 77' lang='grc' dir='ltr'>Βενιαμὶν</span> 
     </span>
    </p>
   </div>
   <div class='ocr_carea' id='block_1_108' title="bbox 308 5580 1894 5662">
    <p class='ocr_par' dir='ltr' id='par_1_108' title="bbox 308 5580 1894 5662">
     <span class='ocr_line' id='line_1_108' title="bbox 308 5580 1894 5662; baseline 0.006 -29"><span class='ocrx_word' id='word_1_804' title='bbox 308 5581 569 5654; x_wconf 83' lang='grc' dir='ltr'>νεώτερος</span> <span class='ocrx_word' id='word_1_805' title='bbox 610 5585 668 5637; x_wconf 81' lang='grc' dir='ltr'><strong>ἐν</strong></span> <span class='ocrx_word' id='word_1_806' title='bbox 709 5587 996 5651; x_wconf 87' lang='grc' dir='ltr'>ἐκστάσει,</span> <span class='ocrx_word' id='word_1_807' title='bbox 1048 5589 1307 5660; x_wconf 79' lang='grc' dir='ltr'>ἄρχοντες</span> <span class='ocrx_word' id='word_1_808' title='bbox 1367 5580 1572 5656; x_wconf 60' lang='grc' dir='ltr'>Ἰώδα,</span> <span class='ocrx_word' id='word_1_809' title='bbox 1628 5590 1894 5662; x_wconf 76' lang='grc' dir='ltr'>ἡγεμόνες</span> 
     </span>
    </p>
   </div>
   <div class='ocr_carea' id='block_1_109' title="bbox 308 5670 1888 5751">
    <p class='ocr_par' dir='ltr' id='par_1_109' title="bbox 308 5670 1888 5751">
     <span class='ocr_line' id='line_1_109' title="bbox 308 5670 1888 5751; baseline 0.004 -28"><span class='ocrx_word' id='word_1_810' title='bbox 308 5670 518 5737; x_wconf 78' lang='grc' dir='ltr'>αὐτῶν,</span> <span class='ocrx_word' id='word_1_811' title='bbox 569 5671 827 5745; x_wconf 70' lang='grc' dir='ltr'>ἄρχοντες</span> <span class='ocrx_word' id='word_1_812' title='bbox 874 5676 1178 5742; x_wconf 77' lang='grc' dir='ltr'>Ζαϐουλὼν,</span> <span class='ocrx_word' id='word_1_813' title='bbox 1209 5677 1468 5751; x_wconf 78' lang='grc' dir='ltr'>ἄρχοντες</span> <span class='ocrx_word' id='word_1_814' title='bbox 1493 5678 1829 5750; x_wconf 80' lang='grc' dir='ltr'>Νεφθαλείμ.</span> <span class='ocrx_word' id='word_1_815' title='bbox 1871 5700 1888 5730; x_wconf 73' lang='grc' dir='ltr'><strong>ι</strong></span> 
     </span>
    </p>
   </div>
   <div class='ocr_carea' id='block_1_110' title="bbox 310 5761 1893 5840">
    <p class='ocr_par' dir='ltr' id='par_1_110' title="bbox 310 5761 1893 5840">
     <span class='ocr_line' id='line_1_110' title="bbox 310 5761 1893 5840; baseline 0.004 -24"><span class='ocrx_word' id='word_1_816' title='bbox 310 5761 600 5816; x_wconf 80' lang='grc' dir='ltr'>Κάνταῦθα</span> <span class='ocrx_word' id='word_1_817' title='bbox 624 5767 748 5829; x_wconf 77' lang='grc' dir='ltr'>τοὺς</span> <span class='ocrx_word' id='word_1_818' title='bbox 773 5765 1136 5838; x_wconf 82' lang='grc' dir='ltr'>δηλουμένους</span> <span class='ocrx_word' id='word_1_819' title='bbox 1162 5767 1428 5840; x_wconf 80' lang='grc' dir='ltr'>ἄρχοντας</span> <span class='ocrx_word' id='word_1_820' title='bbox 1451 5769 1770 5840; x_wconf 81' lang='grc' dir='ltr'>Νεφθαλείμ</span> <span class='ocrx_word' id='word_1_821' title='bbox 1794 5761 1893 5822; x_wconf 82' lang='grc' dir='ltr'><strong>οὐκ</strong></span> 
     </span>
    </p>
   </div>
   <div class='ocr_carea' id='block_1_111' title="bbox 378 5943 1391 6017">
    <p class='ocr_par' dir='ltr' id='par_1_111' title="bbox 378 5943 1391 6017">
     <span class='ocr_line' id='line_1_111' title="bbox 378 5943 1391 6017; baseline 0.009 -19"><span class='ocrx_word' id='word_1_822' title='bbox 378 5943 424 5976; x_wconf 78' lang='grc'><strong><em>⁸⁸</em></strong></span> <span class='ocrx_word' id='word_1_823' title='bbox 460 5943 616 6000; x_wconf 65' lang='grc' dir='ltr'>ιὶοηηι</span> <span class='ocrx_word' id='word_1_824' title='bbox 653 5963 738 6013; x_wconf 83' lang='lat' dir='ltr'><strong>Iv,</strong></span> <span class='ocrx_word' id='word_1_825' title='bbox 771 5949 858 6005; x_wconf 71' lang='grc'><strong>53.</strong></span> <span class='ocrx_word' id='word_1_826' title='bbox 938 5952 982 5982; x_wconf 73' lang='grc'><strong>⁸³</strong></span> <span class='ocrx_word' id='word_1_827' title='bbox 1023 5949 1125 6006; x_wconf 85' lang='lat' dir='ltr'><strong>lsa.</strong></span> <span class='ocrx_word' id='word_1_828' title='bbox 1159 5967 1266 6004; x_wconf 76' lang='lat' dir='ltr'><strong>xvu</strong></span> <span class='ocrx_word' id='word_1_829' title='bbox 1290 5993 1304 6017; x_wconf 90' lang='lat'><strong>,</strong></span> <span class='ocrx_word' id='word_1_830' title='bbox 1340 5951 1391 6007; x_wconf 80' lang='lat'><strong>5.</strong></span> 
     </span>
    </p>
   </div>
   <div class='ocr_carea' id='block_1_112' title="bbox 2000 5389 3590 5467">
    <p class='ocr_par' dir='ltr' id='par_1_112' title="bbox 2000 5389 3590 5467">
     <span class='ocr_line' id='line_1_112' title="bbox 2000 5389 3590 5467; baseline 0.01 -17"><span class='ocrx_word' id='word_1_831' title='bbox 2000 5395 2414 5467; x_wconf 89' lang='lat' dir='ltr'><strong>panistriarum.</strong></span> <span class='ocrx_word' id='word_1_832' title='bbox 2460 5389 2522 5451; x_wconf 87' lang='lat' dir='ltr'><strong>In</strong></span> <span class='ocrx_word' id='word_1_833' title='bbox 2578 5399 2832 5456; x_wconf 88' lang='lat' dir='ltr'><strong>ecclesiis</strong></span> <span class='ocrx_word' id='word_1_834' title='bbox 2874 5401 3184 5461; x_wconf 90' lang='lat' dir='ltr'><strong>benedicite</strong></span> <span class='ocrx_word' id='word_1_835' title='bbox 3215 5401 3324 5462; x_wconf 89' lang='lat' dir='ltr'><strong>Deo</strong></span> <span class='ocrx_word' id='word_1_836' title='bbox 3354 5389 3590 5466; x_wconf 83' lang='lat' dir='ltr'><strong>Domino</strong></span> 
     </span>
    </p>
   </div>
   <div class='ocr_carea' id='block_1_113' title="bbox 2000 5484 3590 5567">
    <p class='ocr_par' dir='ltr' id='par_1_113' title="bbox 2000 5484 3590 5567">
     <span class='ocr_line' id='line_1_113' title="bbox 2000 5484 3590 5567; baseline 0.01 -23"><span class='ocrx_word' id='word_1_837' title='bbox 2000 5489 2070 5544; x_wconf 92' lang='lat' dir='ltr'><strong>de</strong></span> <span class='ocrx_word' id='word_1_838' title='bbox 2101 5489 2342 5546; x_wconf 81' lang='lat' dir='ltr'><strong>fontibus</strong></span> <span class='ocrx_word' id='word_1_839' title='bbox 2375 5490 2565 5546; x_wconf 85' lang='lat' dir='ltr'><strong>Israel.</strong></span> <span class='ocrx_word' id='word_1_840' title='bbox 2607 5484 2725 5547; x_wconf 84' lang='lat' dir='ltr'><strong>Illic</strong></span> <span class='ocrx_word' id='word_1_841' title='bbox 2753 5490 3041 5563; x_wconf 84' lang='lat' dir='ltr'><strong>Benjamin</strong></span> <span class='ocrx_word' id='word_1_842' title='bbox 3069 5487 3258 5567; x_wconf 87' lang='lat' dir='ltr'><strong>junior</strong></span> <span class='ocrx_word' id='word_1_843' title='bbox 3288 5501 3342 5555; x_wconf 75' lang='lat' dir='ltr'><strong>in</strong></span> <span class='ocrx_word' id='word_1_844' title='bbox 3389 5505 3590 5560; x_wconf 88' lang='lat' dir='ltr'><strong>mentis</strong></span> 
     </span>
    </p>
   </div>
   <div class='ocr_carea' id='block_1_114' title="bbox 2001 5582 3592 5666">
    <p class='ocr_par' dir='ltr' id='par_1_114' title="bbox 2001 5582 3592 5666">
     <span class='ocr_line' id='line_1_114' title="bbox 2001 5582 3592 5666; baseline 0.009 -27"><span class='ocrx_word' id='word_1_845' title='bbox 2001 5599 2256 5647; x_wconf 77' lang='lat' dir='ltr'><strong>excessu,</strong></span> <span class='ocrx_word' id='word_1_846' title='bbox 2288 5583 2567 5653; x_wconf 87' lang='lat' dir='ltr'><strong>principes</strong></span> <span class='ocrx_word' id='word_1_847' title='bbox 2611 5582 2774 5650; x_wconf 88' lang='lat' dir='ltr'><strong>Juda,</strong></span> <span class='ocrx_word' id='word_1_848' title='bbox 2807 5586 2977 5644; x_wconf 88' lang='lat' dir='ltr'><strong>duces</strong></span> <span class='ocrx_word' id='word_1_849' title='bbox 2999 5588 3269 5660; x_wconf 88' lang='lat' dir='ltr'><strong>ipsorum,</strong></span> <span class='ocrx_word' id='word_1_850' title='bbox 3314 5595 3592 5666; x_wconf 79' lang='lat' dir='ltr'><strong>principes</strong></span> 
     </span>
    </p>
   </div>
   <div class='ocr_carea' id='block_1_115' title="bbox 2003 5675 3590 5760">
    <p class='ocr_par' dir='ltr' id='par_1_115' title="bbox 2003 5675 3590 5760">
     <span class='ocr_line' id='line_1_115' title="bbox 2003 5675 3590 5760; baseline 0.01 -29"><span class='ocrx_word' id='word_1_851' title='bbox 2003 5675 2283 5742; x_wconf 77' lang='lat' dir='ltr'><strong>Zabulon,‘</strong></span> <span class='ocrx_word' id='word_1_852' title='bbox 2300 5678 2575 5748; x_wconf 87' lang='lat' dir='ltr'><strong>principes</strong></span> <span class='ocrx_word' id='word_1_853' title='bbox 2613 5676 2959 5750; x_wconf 87' lang='lat' dir='ltr'><strong>Nephthalim</strong></span> <span class='ocrx_word' id='word_1_854' title='bbox 2991 5683 3059 5739; x_wconf 77' lang='lat'><strong>“‘.</strong></span> <span class='ocrx_word' id='word_1_855' title='bbox 3091 5703 3110 5736; x_wconf 72' lang='grc' dir='ltr'><strong>ι</strong></span> <span class='ocrx_word' id='word_1_856' title='bbox 3149 5683 3264 5740; x_wconf 78' lang='lat' dir='ltr'><strong>Hoc</strong></span> <span class='ocrx_word' id='word_1_857' title='bbox 3283 5703 3502 5760; x_wconf 88' lang='lat' dir='ltr'><strong>quoque</strong></span> <span class='ocrx_word' id='word_1_858' title='bbox 3534 5693 3590 5747; x_wconf 87' lang='lat' dir='ltr'><strong>in</strong></span> 
     </span>
    </p>
   </div>
   <div class='ocr_carea' id='block_1_116' title="bbox 2001 5767 3591 5852">
    <p class='ocr_par' dir='ltr' id='par_1_116' title="bbox 2001 5767 3591 5852">
     <span class='ocr_line' id='line_1_116' title="bbox 2001 5767 3591 5852; baseline 0.011 -28"><span class='ocrx_word' id='word_1_859' title='bbox 2001 5771 2126 5825; x_wconf 92' lang='lat' dir='ltr'><strong>loco</strong></span> <span class='ocrx_word' id='word_1_860' title='bbox 2159 5779 2254 5827; x_wconf 85' lang='lat' dir='ltr'><strong>eos</strong></span> <span class='ocrx_word' id='word_1_861' title='bbox 2302 5771 2397 5843; x_wconf 87' lang='lat' dir='ltr'><strong>qui</strong></span> <span class='ocrx_word' id='word_1_862' title='bbox 2441 5767 2709 5828; x_wconf 90' lang='lat' dir='ltr'><strong>dicuntur</strong></span> <span class='ocrx_word' id='word_1_863' title='bbox 2760 5775 3041 5850; x_wconf 87' lang='lat' dir='ltr'><strong>principes</strong></span> <span class='ocrx_word' id='word_1_864' title='bbox 3071 5777 3424 5852; x_wconf 82' lang='lat' dir='ltr'><strong>Nephtlialim</strong></span> <span class='ocrx_word' id='word_1_865' title='bbox 3477 5792 3591 5841; x_wconf 81' lang='lat' dir='ltr'><strong>nou</strong></span> 
     </span>
    </p>
   </div>
   <div class='ocr_carea' id='block_1_117' title="bbox 1500 5951 2166 6020">
    <p class='ocr_par' dir='ltr' id='par_1_117' title="bbox 1500 5951 2166 6020">
     <span class='ocr_line' id='line_1_117' title="bbox 1500 5951 2166 6020; baseline 0.005 -12"><span class='ocrx_word' id='word_1_866' title='bbox 1500 5954 1543 5984; x_wconf 72' lang='lat'><strong>“‘</strong></span> <span class='ocrx_word' id='word_1_867' title='bbox 1582 5951 1724 6012; x_wconf 88' lang='lat' dir='ltr'><strong>Psal.</strong></span> <span class='ocrx_word' id='word_1_868' title='bbox 1759 5967 1902 6008; x_wconf 73' lang='lat' dir='ltr'><strong>um</strong></span> <span class='ocrx_word' id='word_1_869' title='bbox 1925 5991 1940 6020; x_wconf 80' lang='lat'><strong>.</strong></span> <span class='ocrx_word' id='word_1_870' title='bbox 1973 5953 2166 6012; x_wconf 70' lang='lat'><strong>25-98.-</strong></span> 
     </span>
    </p>
   </div>
  </div>
