4110 6410
565 406 670 465 687

1234 400 1502 458 EUSEBll
1536 360 2018 461 CESARIlENSlS
2056 405 2207 462 ore.
2246 406 2427 463 mas
2454 407 2519 464 ιι.
2562 435 2630 448 -
2656 409 3176 469 APOLOGETICA.

3713 420 3817 480 688

550 526 692 581 alios
719 540 842 581 esse
858 538 1074 580 .censeo
1119 538 1285 594 qnam
1320 527 1599 596 apostolos
1627 546 1641 583 :
1688 527 1815 584 inde
1852 528 1997 584 enim
2031 544 2112 585 eos

2230 531 2425 597 ἄλλους
2462 531 2703 606 ἠγοῦμαι
2737 534 2846 588 τῶν
2881 535 3197 590 ἀποστόλων
3241 536 3529 608 τυγχάνειν
3549 554 3565 569 ’
3604 538 3817 597 ἐνθένδε

553 616 805 671 Salvator
834 630 899 671 ac
929 614 1194 673 Dominus
1240 622 1436 675 noster
1484 618 1667 690 elegit,
1690 627 1751 674 ut
1797 634 1829 673 a
1881 619 2136 676 Matthmo

549 709 812 779 scriptum
845 717 953 765 est.
995 710 1307 781 lngressum
1344 725 1472 768 vero
1517 712 1587 766 ad
1634 712 1905 778 homines,
1931 712 2135 769 adven.

548 809 775 870 tumque
807 797 903 855 Dei
919 797 1084 855 Verbi
1117 814 1241 855 cum
1262 815 1514 872 corpore,
1541 800 1673 856 dum
1703 802 1854 856 canit
1884 800 2133 873 Scriptu-

545 907 633 956 ra,
666 892 748 948 sic
778 892 856 947 ait
885 912 898 946 :
939 909 962 945 ι
1008 891 1134 947 Visa
1166 899 1296 949 sunt
1326 892 1523 949 itinera
1553 900 1666 957 tua,
1693 891 1859 957 Deus,
1891 913 1910 947 ι
1944 902 2000 950 et
2026 908 2132 950 ca:-

548 993 687 1038 tera.
714 981 962 1053 Hujusce
986 997 1153 1054 porro
1186 982 1454 1040 adventus
1488 998 1614 1039 cum
1637 986 1795 1055 quasi
1820 1000 2132 1058 praacurso.

545 1091 637 1132 res
666 1076 870 1132 fuerint
905 1083 1115 1132 veteres
1152 1073 1263 1131 Deo
1292 1076 1452 1130 amici
1494 1076 1791 1148 prophetae,
1825 1076 1892 1130 ad
1928 1077 2130 1149 psalte-

545 1167 690 1221 rium
724 1174 779 1221 ct
808 1165 876 1221 ad
906 1166 1088 1221 omnis
1113 1166 1333 1235 generis
1364 1168 1635 1237 spiratilia
1674 1168 2038 1225 instrumenta
2060 1168 2129 1224 il-

544 1260 657 1314 lum
692 1260 748 1315 in
776 1259 962 1316 choris
992 1259 1374 1329 praedicantes,
1399 1269 1453 1315 et
1483 1260 1737 1318 laudibus
1781 1262 2126 1319 celebrantes

543 1359 967 1414 antevenerunt,
1015 1352 1069 1405 in
1122 1351 1302 1407 medio
1329 1350 1858 1408 adolescentularum
1906 1361 2125 1425 tympa-

2238 624 2347 695 γάρ
2371 625 2568 689 αὐτοὺς
2602 627 2633 678 6
2657 626 2849 698 Σωτὴρ
2889 626 2984 681 καὶ
3015 625 3222 698 Κύριος
3260 627 3416 698 ἡμῶν
3440 629 3817 697 ἀναλέλεκται,

2236 712 2378 767 κατά
2399 709 2497 784 τὴν
2520 713 2798 768 Ματθαίου
2825 713 3146 787 παράθεσιν.
3176 716 3287 786 Τὴν
3312 718 3394 781 είς
3418 718 3740 790 ἀνθρώπους
3761 720 3818 777 δέ

2235 806 2462 878 πορείαν
2488 807 2584 861 καὶ
2607 807 2706 879 τὴν
2733 807 2998 882 ἐνσαρκον
3023 808 3317 879 ἐπιδημίαν
3348 808 3442 863 τοῦ
3478 810 3615 865 Θεοῦ
3639 812 3815 883 Λόγου

2234 896 2569 963 θεσπίζουσα
2604 902 2637 970 ἡ
2679 899 2872 972 Γραφή
2913 916 3097 972 φησιν,
3130 918 3150 952 ι
3192 898 3609 973 Ἐθεωρήθησαν
3633 904 3691 957 αι
3717 921 3817 958 πο-

2232 991 2373 1064 ρεῖαί
2414 1008 2507 1046 σου
2533 993 2562 1045 6
2587 991 2721 1057 Θεὸς
2738 1032 2754 1058 ,
2791 1012 2810 1045 ι
2840 991 2936 1047 καὶ
2974 993 3044 1047 τά
3069 993 3217 1065 ἑξῆς.
3249 994 3465 1065 Ταύτης
3491 994 3548 1048 δὲ
3571 994 3673 1066 τῆς
3698 996 3818 1050 ἐπι-

2230 1079 2460 1150 φανείας
2497 1081 2698 1135 ὡσανεὶ
2724 1082 3021 1155 πρόδρομοι
3052 1083 3333 1153 γεγονότες
3357 1085 3406 1138 oi
3438 1084 3607 1139 παλαι
3629 1084 3814 1156 θεοφι-

2227 1171 2339 1237 λεῖς
2364 1173 2658 1245 προφῆται,
2674 1172 2763 1226 διὰ
2784 1174 3085 1247 ψαλτηρίου
3109 1175 3205 1229 καὶ
3229 1173 3404 1247 χορῶν
3426 1176 3522 1231 καὶ
3543 1176 3815 1232 παντοίων

2228 1265 2615 1333 πνευματικῶν
2638 1267 2886 1339 ὀργάνων
2913 1267 3292 1341 κηρύττοντες,
3322 1269 3416 1323 καὶ
3446 1268 3813 1340 ἀνυμνοῦντες

2226 1355 2574 1427 προέφθασαν
2610 1359 2668 1411 ἐν
2697 1358 2846 1431 μέσῳ
2880 1359 3136 1416 νεανίδων
3161 1361 3628 1432 τυμπανιπριῶν.
3667 1361 3811 1416 Πάν-

543 1443 885 1500 nistriarum.
958 1441 1173 1514 Ubique
1227 1444 1374 1499 enim
1428 1443 1486 1498 in
1549 1444 1761 1500 medios
1807 1442 2112 1501 Iudaeorum

2222 1462 2332 1511 τως
2355 1446 2464 1519 γάρ
2486 1465 2590 1501 που
2616 1447 2725 1503 τῶν
2752 1450 2816 1503 ἐκ
2837 1450 3139 1522 περιτομῆς
3177 1451 3504 1521 συναγωγῶν
3530 1454 3613 1516 εἰς
3649 1453 3811 1523 μέσον

541 1543 845 1593 conventus
871 1536 1148 1608 progressi
1193 1535 1364 1595 divini
1400 1537 1698 1608 prophetae,
1726 1536 1933 1595 Christi
1967 1546 2112 1597 tanta

2224 1539 2509 1612 παριόντες
2562 1543 2609 1595 οί
2659 1540 2790 1595 θεῖοι
2828 1542 3104 1614 προφῆται
3145 1542 3246 1612 τὴν
3274 1542 3370 1598 τοῦ
3407 1543 3648 1616 Χριστοῦ
3676 1562 3810 1618 προ-

541 1638 671 1687 ante
701 1630 1104 1686 denuntiabant
1134 1630 1428 1686 adventum
1457 1650 1471 1688 :
1503 1632 1633 1702 quin
1661 1632 1823 1689 etiam
1852 1632 2016 1690 iidem
2036 1635 2112 1691 di-

2221 1631 2589 1704 κατήγγελλον
2633 1631 2847 1703 ἄφιξινο
2907 1634 2956 1687 cl
2990 1633 3047 1687 δὲ
3082 1634 3237 1688 αὐτοὶ
3260 1635 3339 1707 τῷ
3374 1636 3506 1707 θείῳ
3541 1636 3809 1709 πνεύματι

539 1724 671 1779 vino
701 1722 899 1795 spiritu
931 1722 1096 1778 alllati
1130 1721 1434 1780 Salvatoris
1487 1725 1666 1781 nostri
1709 1725 2010 1797 discipulos
2040 1726 2112 1781 al-

2218 1727 2334 1789 τοῖς
2370 1723 2466 1779 τοῦ
2508 1725 2761 1797 ἓντῆρος
2803 1725 2960 1797 ἡμῶν
2998 1726 3316 1792 ἀποστόλοις
3343 1728 3698 1800 προεφὼνουν
3733 1730 3811 1785 λέ-

540 1816 908 1888 loquebantur
935 1817 1181 1874 dicentes
1209 1834 1224 1872 :
1257 1835 1274 1869 ι
1311 1816 1368 1872 1η
1394 1816 1657 1874 Ecclesiis
1683 1815 1989 1875 benedieite
2008 1817 2112 1875 Deo

2219 1834 2409 1888 γοντες
2426 1834 2440 1848 ο
2475 1838 2494 1871 ι
2535 1819 2623 1874 Ἑν
2661 1818 3009 1889 Ἐκκλησίαις
3033 1819 3305 1889 εὐλογεῖτε
3328 1820 3421 1876 τδν
3446 1821 3581 1876 Θεὸν
3603 1823 3809 1897 Κύριον

538 1886 770 1965 Domino
814 1908 882 1965 de
906 1908 1153 1964 fontibus
1206 1909 1395 1966 Israel.
1429 1928 1448 1963 ι
1490 1908 1693 1965 Fontes
1735 1916 1914 1965 autem
1952 1911 2112 1968 Israel

2217 1886 2282 1965 ἐκ
2328 1910 2521 1981 πηγῶν
2559 1910 2798 1982 Ἰσραήλ.
2899 1911 3080 1984 Πηγαὶ
3111 1886 3180 1966 δὲ’
3212 1912 3431 1986 ἰσραηλ
3464 1915 3515 1967 oi
3551 1886 3710 1983 λόγοι.
3741 1914 3807 1971 ἀν

539 2002 704 2058 verba
741 2000 965 2059 fuerint.
999 2016 1122 2071 qua:
1150 2001 1251 2072 ipsi
1289 1988 1455 2057 Israel
1485 2001 1686 2057 tradita
1719 2012 1849 2059 sunt
1881 2020 1894 2057 :
1923 2003 2118 2074 primis

535 2096 683 2151 enim
719 2096 829 2153 illis
882 2096 1089 2151 credita
1121 2106 1250 2152 sunt
1280 2096 1369 2152 Dei
1393 2097 1638 2158 oracula,
1667 2096 1810 2152 unde
1841 2113 1942 2153 nos
1979 2113 2119 2169 quo-

535 2203 643 2258 que
672 2187 993 2244 haurientes
1020 2186 1230 2244 Christi
1257 2187 1533 2244 Eeclesias
1560 2187 1793 2257 irrigare
1821 2190 2114 2260 oportebit.

534 2280 994 2337 Adolescentulas
1017 2290 1201 2336 autem
1229 2288 1285 2336 et
1331 2279 1745 2353 tympanistrias
1778 2281 1937 2346 dixit,
1964 2289 2023 2337 ut
2055 2297 2117 2338 eo

535 2375 701 2431 modo
724 2375 938 2431 animas
962 2375 1091 2430 olim
1125 2377 1290 2431 vitam
1328 2390 1485 2432 suam
1514 2375 1580 2431 ad
1613 2374 1780 2432 Mosis
1810 2377 1983 2449 legem
2029 2378 2115 2433 di-

536 2470 795 2538 rigentes,
818 2475 873 2522 et
902 2468 1201 2524 secundum
1255 2484 1457 2540 corpus
1508 2468 1802 2539 plurimum
1858 2469 2116 2542 degentes

534 2561 892 2632 signiﬁcaret,
926 2559 1017 2615 ubi
1046 2558 1178 2615 dum
1209 2560 1650 2617 adolescentulas
1674 2554 1894 2632 quidem
1926 2571 2108 2626 vocat,

532 2666 721 2707 earum
747 2650 940 2706 rudius
963 2661 1125 2721 atque
1156 2648 1532 2724 imperfectius
1570 2651 1910 2722 propositum
1938 2659 2112 2717 notat,

531 2743 662 2798 dum
719 2750 901 2797 autem
954 2742 1390 2813 tympanistrias,
1437 2743 1755 2801 earumdem
1812 2745 2114 2814 corporalis

532 2835 873 2892 adorationis
908 2849 1065 2891 usum
1098 2835 1328 2907 intelligi
1357 2836 1495 2892 vult.

531 2949 695 3023 M2
716 2951 804 3013 .Ab
829 2949 999 3004 Isaia.
1022 2978 1091 2988 —
1121 2947 1195 3023 De
1214 2949 1516 3018 prophetica
1541 2950 1779 3023 lectione,
1807 2965 1967 3020 quam
1998 2950 2114 3023 ipse

601 3019 863 3076 Dominus
918 3028 1096 3075 noster
1149 3021 1206 3075 in
1264 3030 1517 3075 conventu
1584 3019 1901 3076 Iudaeorum
1960 3020 2114 3076 exhi-

602 3092 735 3149 buit.

605 3222 626 3255 ι
663 3200 906 3291 Spiritus
936 3201 1151 3258 Domini
1185 3218 1352 3273 super
1383 3217 1491 3265 me,
1526 3212 1750 3275 propter
1775 3206 1923 3278 quod
1955 3208 2110 3263 unxit
2136 3233 2179 3291 ο

502 3305 637 3357 τηε.
702 3290 1090 3363 Evangelizare
1141 3291 1477 3362 pauperibus
1531 3294 1683 3349 misit
1742 3310 1850 3361 me,
1911 3310 2109 3355 sanare

528 3382 797 3440 contritas
817 3382 1005 3448 corde,
1039 3382 1338 3452 praedicare
1358 3383 1590 3455 captivis
1615 3385 2018 3453 remissionem,
2054 3396 2110 3444 et

528 3475 689 3531 (secis
723 3474 924 3538 visum,
950 3487 1148 3530 vocare
1186 3489 1389 3529 annum
1444 3473 1658 3530 Domini
1708 3485 2014 3548 acceptum,
2054 3485 2111 3534 et

527 3569 673 3624 diem
699 3565 1081 3622 retributionis
1112 3564 1178 3620 “.
1222 3584 1240 3617 ι
1264 3562 1378 3621 lloc
1405 3580 1625 3636 quoque
1649 3567 1963 3623 vaticinium
1993 3569 2109 3639 ipse

528 3658 795 3715 Dominus
827 3664 1015 3712 noster
1048 3656 1105 3711 in
1155 3656 1345 3727 seipse
1388 3657 1720 3727 completum
1754 3673 1879 3715 esse
1906 3659 2109 3714 contir-

526 3756 663 3814 mat,
699 3762 810 3818 quo
864 3753 1109 3816 tempore
1138 3760 1266 3800 cum
1313 3746 1551 3802 venisset
1587 3745 1643 3800 in
1672 3744 1967 3814 Nazareth,
2012 3749 2108 3805 ubi

526 3839 706 3899 fuerat
739 3836 1028 3897 educatus,
1055 3835 1340 3906 ingressus
1371 3845 1475 3902 est,
1507 3842 1567 3890 ut
1601 3836 1835 3903 solebat,
1867 3838 2106 3908 quodam

531 3935 894 3991 Sabbatorum
941 3933 1031 3989 die
1066 3948 1121 3987 in
1152 3940 1509 3998 conventum,
1547 3933 1819 4006 siquidem
1846 3941 2105 4004 surgent;

528 4027 608 4083 illi
642 4032 930 4098 porrectus
958 4032 1044 4080 est
1071 4024 1211 4079 liber
1239 4020 1393 4079 [sane
1451 4022 1755 4094 prophetae,
1784 4040 1948 4095 quem
1978 4041 2105 4081 cum

526 4120 845 4182 evolvisset,
885 4118 1016 4189 legit
1044 4117 1176 4171 illud
1227 4116 1373 4188 quod
1432 4116 1487 4173 in
1539 4132 1604 4173 eo
1654 4116 1921 4188 scriptum
1967 4125 2103 4174 est:

531 4232 551 4264 ι
590 4208 830 4280 Spiritus
888 4206 1105 4264 Domini
1154 4222 1321 4277 super
1349 4222 1455 4272 me,
1489 4214 1714 4278 propter
1747 4207 1892 4277 quod
1948 4208 2105 4264 unxit

526 4317 635 4357 ine.
668 4298 1057 4372 Evangelizare
1089 4297 1427 4370 pauperibus
1456 4297 1609 4353 misit
1664 4313 1773 4365 me,
1804 4299 2103 4369 praedicare

525 4393 759 4464 captivis
809 4391 1213 4456 remissionem,
1260 4397 1314 4446 et
1368 4391 1532 4448 caecis
1596 4391 1799 4456 visum,
1831 4389 2104 4448 dimittere

526 4485 839 4542 confractos
864 4485 919 4538 in
946 4485 1329 4540 remissionem
1366 4502 1380 4538 :
1420 4498 1621 4539 vocare
1649 4498 1855 4538 annum
1888 4482 2108 4539 Domini

2217 2001 2347 2069 εἶεν,
2379 2004 2431 2057 οί
2454 2002 2533 2075 τῷ
2566 2003 2784 2076 Ἰσραὴλ
2825 2004 3277 2077 παραδεδομένον
3305 2004 3511 2078 πρῶτοι
3536 2006 3651 2079 γὰρ
3685 2010 3806 2062 ἐπι-

2218 2093 2520 2165 στεύθησαν
2561 2094 2631 2149 τὰ
2663 2094 2819 2165 λόγια
2855 2096 2950 2151 τοῦ
2993 2096 3159 2163 Θεοῦ,
3191 2097 3311 2152 ὅθεν
3349 2097 3682 2166 ἀντλοῦντας
3715 2103 3808 2157 καὶ

2215 2189 2365 2260 ἡμᾶς
2394 2187 2640 2266 ἀρδεύειν
2684 2187 2864 2262 δεήσει
2898 2188 2997 2255 τάς
3035 2190 3363 2262 Ἐκκλησίας
3396 2190 3493 2246 τοῦ
3539 2193 3807 2266 Χριστοῦ.

2216 2280 2484 2345 Νεάνιδας
2506 2280 2565 2335 δὲ
2591 2262 2686 2335 τεαὶ
2707 2282 3143 2354 τυμπανιστρίας
3163 2281 3261 2348 τὰς
3290 2282 3458 2339 πάλαι
3486 2262 3812 2356 σωματικὼ-

2214 2386 2373 2441 τερον
2431 2369 2576 2425 κατά
2640 2371 2735 2425 τὸν
2776 2372 3056 2437 Μωῦσέως
3113 2373 3277 2446 νόμον
3351 2374 3575 2446 βιούσας
3632 2376 3811 2448 ψυχὰς

2214 2460 2466 2533 ᾐνίξατο,
2497 2461 2585 2516 διὰ
2626 2463 2727 2534 μὲν
2759 2462 2822 2516 τὸ
2856 2461 3121 2537 νεώτερον
3154 2465 3249 2520 καὶ
3271 2466 3460 2530 ἀτελὲς
3483 2466 3579 2522 τοῦ
3607 2468 3811 2539 φρονή-

2218 2572 2386 2628 ματος
2410 2555 2656 2620 νεάνιδας
2677 2596 2694 2621 ,
2729 2555 2816 2611 διὰ
2847 2556 2903 2611 δέ
2928 2556 2988 2611 τὸ
3014 2557 3143 2630 περὶ
3192 2558 3513 2631 σωματικὴν
3548 2559 3810 2632 κατατρίο

2214 2648 2405 2704 ὕεσθαι
2435 2649 2729 2722 θρησκείαν
2754 2651 3190 2723 τυμπανιστρίας
3227 2650 3396 2716 αὐτάς
3436 2652 3805 2717 ἀποκαλέσας-

2227 2938 2354 2992 Ἁπὸ
2388 2938 2495 2992 τοῦ
2551 2938 2813 2995 Ἡσαΐου.
2836 2969 2904 2980 —-
2928 2936 3068 3005 Περὶ
3112 2935 3222 3005 τῆς
3260 2934 3640 3005 πωφητικῆς
3664 2937 3806 2991 dm-

2280 3007 2579 3078 γνὼσεως,
2601 3008 2681 3077 ἢν
2709 3009 2891 3078 αὐτὸς
2924 3012 2956 3063 ό
2990 3009 3204 3078 Κύριος
3233 3005 3402 3076 ἡμῶν
3430 3005 3685 3075 διῆλθεν
3706 3007 3802 3061 ἐπὶ

2281 3077 2392 3148 τῆς
2416 3077 2773 3151 συναγωγῆς
2802 3077 2921 3133 τῶν
2954 3077 3271 3133 Ἰουδαίων.

2288 3211 2308 3246 ι
2340 3192 2567 3266 Πνεῦμα
2613 3192 2820 3266 Κυρίου
2860 3193 2946 3245 ἐπ’
2987 3191 3109 3263 ἐμὲ,
3139 3182 3200 3243 οῦ
3245 3189 3453 3244 εἵνεκεν
3485 3189 3674 3262 ἔχρισέ
3712 3207 3798 3263 με.

2210 3284 2680 3356 Εὐαγγελίσασθαι
2726 3285 2964 3356 πτωχοῖς
3011 3281 3325 3338 ἀπέσταλκε
3380 3299 3448 3353 με
3469 3320 3483 3345 ,
3542 3281 3801 3337 ἰάσασθαι

2208 3381 2337 3446 τοὺς
2364 3381 2854 3454 συντετριμμένους
2879 3380 2979 3454 τὴν
3012 3378 3262 3452 καρδίαν,
3299 3379 3397 3432 καὶ
3422 3378 3663 3451 κηρύξαι
3682 3380 3802 3451 αἰχ-

2213 3470 2481 3547 μαλώτοις
2524 3473 2717 3545 ἄφεσιν
2742 3512 2758 3536 ,
2804 3473 2900 3528 καὶ
2944 3473 3166 3543 τυφλοῖς
3200 3473 3514 3545 ἀνάϐλεψιν,
3572 3474 3801 3529 καλέσαι

2214 3566 2455 3620 ἐνιαυτὸν
2479 3565 2684 3638 Κυρίου
2713 3565 2921 3631 δεκτδν,
2947 3566 3040 3620 καὶ
3068 3565 3281 3638 ἡμέραν
3306 3566 3738 3630 ἀνταποδόσεως.
3774 3586 3792 3618 ι

2207 3658 2318 3712 Καὶ
2348 3656 2550 3730 ταύτην
2575 3657 2737 3725 αὐτὸς
2761 3659 2789 3711 6
2821 3657 3025 3731 Κύριος
3050 3657 3207 3730 ἡμῶν
3239 3655 3339 3730 τὴν
3375 3658 3686 3730 πρόρρησιν
3718 3659 3800 3724 είς

2208 3749 2398 3806 ἑαυτὸν
2438 3748 2692 3822 ὁμολογεῖ
2728 3748 3150 3822 πεπληρῶσθαι,
3205 3750 3330 3811 ὅτε,
3366 3747 3536 3802 ἐλθὼν
3576 3750 3662 3813 εἰς
3700 3748 3797 3821 τὴν

2206 3841 2490 3915 Ναζαρὲθ,
2517 3836 2577 3897 οὗ
2602 3837 2670 3914 ἦν
2708 3840 3190 3914 ἀνατεθραμμένος
3210 3880 3225 3904 ,
3254 3838 3499 3912 εἰσῆλθεν
3518 3879 3535 3904 ,
3567 3839 3711 3895 κατά
3735 3839 3797 3895 τὸ

2207 3933 2395 3998 είωθδς
2413 3933 2583 4006 αὐτῷ,
2606 3933 2665 3989 ἐν
2686 3936 2754 4006 τῇ
2778 3935 2963 4008 ἡμέρᾳ
2983 3933 3092 3987 τῶν
3116 3933 3408 3988 Σαϐϐάτων
3430 3935 3512 3997 εἰς
3536 3934 3637 4004 τὴν
3669 3949 3794 3988 συν-

2206 4024 2454 4096 αγωγήν·
2484 4024 2777 4079 ἀναστάντι
2808 4025 2866 4079 δέ
2886 4023 3035 4095 αὐτῷ
3063 4022 3290 4094 ἐπεδόθη
3330 4022 3557 4086 Ἡσαΐας
3591 4023 3621 4076 6
3659 4038 3793 4094 προ-

2206 4118 2417 4189 φήτης,
2442 4110 2505 4172 οὗ
2544 4117 2638 4171 και
2668 4116 2979 4182 ἀναπτύξας
2999 4117 3098 4189 τὴν
3127 4114 3346 4186 βίϐλον,
3372 4113 3585 4182 ἀνέγνω
3607 4113 3672 4167 τδ
3695 4115 3790 4182 ἐγ-

2202 4209 2585 4281 γεγραμμένον
2604 4227 2618 4240 ο
2649 4228 2666 4261 ι
2712 4207 2937 4280 Πνεῦμα
2965 4208 3169 4281 Κυρίου
3195 4210 3282 4263 ἐπ’
3318 4208 3452 4279 ἐμὲ,
3485 4201 3550 4262 οὗ
3580 4208 3789 4262 εἵνεκεν

2205 4299 2389 4374 ἐχρισέ
2432 4318 2519 4372 με.
2561 4300 3031 4370 Εύαγγελίσασθαι
3064 4303 3298 4370 πτωχοῖς
3338 4299 3788 4371 ἀπέσταλχέιμε,

2204 4395 2438 4467 κηρύξαι
2464 4394 2827 4466 αἰχμαλώτοις
2844 4374 3045 4464 ’ἄφεσιν
3064 4433 3079 4458 ,
3105 4394 3200 4446 καὶ
3224 4392 3443 4463 τυφλοῖς
3468 4391 3787 4462 ἀνάϐλεψιν,

2203 4487 2520 4541 ἀποστεῖλαι
2543 4486 2976 4557 τεθραυσμένους
3010 4486 3067 4538 ἐν
3093 4485 3321 4553 ἀφέσει,
3356 4483 3584 4538 καλέσαι
3612 4485 3791 4538 ἐνιαυ-

527 4585 836 4648 aeceptum.
873 4575 938 4630 Et
987 4590 1112 4629 cum
1172 4575 1458 4646 plicuisset
1491 4575 1713 4641 librum,
1744 4576 2100 4635 reddidisset-

2212 4576 2292 4631 τὸν
2319 4576 2521 4649 Κυρίου
2547 4576 2752 4633 δεκτόν.
2795 4576 2904 4630 Καὶ
2943 4575 3149 4644 πτύξας
3186 4576 3246 4630 τὸ
3284 4573 3486 4645 βιϐλίον
3513 4613 3530 4638 ,
3554 4574 3789 4637 ἀποδοὺς

524 4685 632 4742 que
657 4668 932 4743 ministro,
965 4674 1080 4723 tum
1109 4668 1251 4723 sedit
1284 4686 1300 4726 :
1330 4674 1386 4722 et
1424 4667 1671 4722 omnium
1706 4667 1850 4722 oculi
1879 4668 1937 4723 in
1967 4684 2101 4723 con-

525 4775 692 4822 ventu
712 4771 869 4822 erant
892 4764 1087 4819 intenti
1119 4763 1175 4818 in
1223 4763 1399 4818 illum.
1451 4762 1639 4833 Itaque
1668 4764 1836 4833 cmpit
1879 4764 1946 4819 ad
1977 4764 2100 4820 illos

524 4858 731 4922 dicere,
760 4855 905 4927 quod
959 4855 1055 4910 illo
1084 4855 1172 4910 die
1211 4854 1478 4925 completa
1506 4862 1652 4911 esset
1702 4854 1977 4927 scriptura
2011 4857 2102 4910 illa

527 4938 593 5005 in
616 4950 843 5005 auribus
867 4948 1086 5003 illorum
1103 4947 1171 5003 ‘°.
1203 4967 1220 5000 ι
1259 4946 1401 5018 Ergo
1445 4944 1697 5002 Salvator
1741 4962 1806 5002 ac
1834 4946 2101 5004 Dominus

526 5050 715 5100 noster
739 5058 806 5103 ex
836 5041 940 5097 hac
976 5041 1138 5113 plane
1176 5040 1446 5115 scriptura
1494 5038 1713 5101 videtur
1740 5040 1900 5117 longe
1921 5043 2103 5098 excel-

522 5135 726 5192 lentius
754 5150 817 5191 ac
847 5135 1041 5190 melius
1071 5122 1232 5206 quam
1256 5133 1332 5188 illi
1362 5132 1675 5190 sacerdotes
1703 5133 1797 5204 qui
1821 5134 1950 5189 olim
1987 5150 2102 5191 cor.

522 5224 700 5298 porali
747 5225 1008 5280 unctione
1056 5224 1420 5296 ungebantur,
1451 5238 1561 5277 non
1612 5222 1733 5279 oleo
1781 5234 2101 5293 comparato

524 5331 704 5387 neque
749 5317 818 5370 ab
861 5316 1198 5382 hominibus,
1232 5323 1291 5371 ut
1312 5315 1403 5369 alii
1435 5314 1704 5377 solebant,
1736 5312 1831 5370 sed
1883 5314 2091 5382 divino,

523 5410 630 5465 hoc
661 5417 767 5474 est,
804 5406 899 5463 Dei
927 5404 1218 5478 Patrisque
1271 5408 1356 5462 sui
1400 5407 1607 5479 Spiritu
1640 5414 1840 5462 unctus
1872 5425 1887 5463 :
1921 5423 1952 5463 a
1984 5424 2095 5480 quo

523 5501 687 5554 etiam
724 5497 848 5567 ejus
890 5497 1195 5555 divinitatis
1224 5515 1345 5570 quae
1382 5498 1521 5554 facta
1555 5515 1665 5554 non
1724 5512 1830 5564 est,
1869 5516 2094 5571 compos

522 5592 749 5647 effectus
783 5589 927 5649 Deus
959 5607 1022 5646 ac
1056 5590 1325 5649 Dominus
1356 5590 1409 5645 in
1442 5591 1617 5647 sacris
1657 5590 1839 5659 dictus
1891 5601 1976 5648 est
2004 5590 2096 5646 Li-

521 5685 657 5740 bris.
713 5682 850 5740 lluie
880 5684 1180 5757 prophetia:
1225 5700 1341 5755 quite
1371 5698 1519 5738 nunc
1571 5691 1839 5739 tractatur
1893 5682 2094 5740 similia

593 5866 638 5900 "
674 5864 782 5923 lsa.
819 5881 932 5934 ut,
971 5865 1018 5919 l.
1098 5866 1143 5898 “
1183 5865 1313 5921 Luc.
1356 5881 1439 5933 Iv,
1476 5862 1660 5920 l8-21.

2203 4669 2282 4742 τῷ
2310 4669 2579 4744 ὑπηρέτῃ,
2615 4669 2853 4725 ἐκάθισε.
2882 4671 2993 4725 Καὶ
3028 4671 3242 4724 πάντων
3265 4671 3313 4723 οἱ
3337 4665 3609 4739 ὀφθαλμοὶ⁸
3636 4667 3693 4720 ἐν
3718 4669 3790 4740 τῇ

2207 4766 2494 4835 συναγωγῇ
2542 4761 2681 4836 ἦσαν
2733 4763 3068 4828 ἀτενίζοντες
3107 4761 3276 4834 αὐτῷ.
3307 4761 3553 4833 Ἤρξατο
3587 4759 3645 4813 δὲ
3700 4758 3795 4813 λέ-

2206 4869 2325 4922 γειν
2351 4853 2487 4923 πρὸς
2512 4853 2731 4918 αὐτοὺς,
2759 4853 2862 4917 ὅτι,
2893 4854 3138 4925 Σήμερον
3162 4850 3564 4923 πεπλήρωταιή
3590 4846 3789 4921 Γραφὴ

2206 4944 2347 5016 αῦτη
2369 4946 2426 4999 ἐν
2468 4948 2582 5010 τοῖς
2621 4944 2756 4999 ὠσὶν
2797 4944 2971 5015 ὑμῶν.
3015 4964 3032 4996 ι
3085 4944 3142 4997 Ὀ
3180 4943 3281 5015 μὲν
3323 4937 3416 4995 οὗν
3463 4938 3656 5012 Σωτὴρ
3689 4940 3790 4993 rei.

2200 5036 2406 5109 Κύριος
2427 5037 2584 5109 ἡμῶι
2604 5036 2691 5090 διά
2723 5037 2926 5108 ταύτης
2951 5035 3197 5106 φαίνεται
3227 5033 3417 5102 σαφῶς
3442 5032 3541 5103 τῆς
3560 5028 3793 5102 Γῳφῆς

2199 5126 2562 5201 διαφερόντως
2589 5128 2684 5183 καὶ
2715 5128 3034 5202 κρειττόνως
3060 5123 3213 5196 παρά
3245 5124 3362 5186 τοὺς
3396 5121 3565 5176 πάλαι
3591 5137 3793 5192 σωμα-

2201 5219 2494 5292 τικὼτερον
2530 5220 2851 5293 χρωμένους
2891 5219 3071 5291 ἱερέας
3091 5256 3106 5281 ,
3146 5217 3246 5269 οὐκ
3279 5214 3443 5285 ἐλαίῳ
3475 5210 3791 5282 σκευαστῷ,

2197 5314 2317 5369 οὐδέ
2348 5315 2440 5368 ὑπ’
2475 5314 2800 5386 ἀνθρώπων,
2843 5310 3043 5383 ὁμοίως
3072 5312 3183 5373 τοῖς
3219 5307 3418 5374 ἄλλοις,
3464 5306 3581 5362 ἀλλ’
3612 5306 3797 5379 ἐνθέῳ

2199 5406 2481 5478 Πνεύματι
2511 5405 2676 5460 αὐτοῦ
2709 5404 2774 5475 δὴ
2805 5403 2899 5457 τοῦ
2926 5399 3062 5456 Θεοῦ
3106 5401 3201 5455 καλ⁵
3253 5400 3470 5471 [ἰατρὸς
3494 5397 3658 5453 αὑτοῦ
3685 5415 3798 5451 κε-

2198 5499 2491 5572 χρισμένος
2513 5515 2529 5529 °
2560 5498 2689 5568 παρ’
2720 5491 2781 5551 οὗ
2814 5496 2907 5550 καὶ
2943 5495 3045 5566 τῆς
3073 5496 3369 5565 ἀγεννήτου
3398 5491 3653 5562 θεότητος
3688 5508 3798 5560 με·

2197 5588 2415 5661 τασχὼν
2435 5630 2450 5654 ,
2478 5589 2608 5654 Θεὸς
2642 5589 2734 5643 καὶ
2758 5587 2961 5659 Κύριος
2992 5586 3127 5659 πρὸς
3151 5585 3258 5640 τῶν
3298 5584 3459 5657 ἱερῶν
3485 5581 3801 5657 ἀνηγόρευ-

2198 5701 2288 5738 ται
2317 5683 2568 5757 Γραφῶν.
2613 5679 2943 5744 Ἀκολούθως
2981 5679 3035 5733 δὲ
3080 5681 3146 5750 τῇ
3184 5676 3320 5749 μετά
3344 5677 3533 5748 χεῖρας
3562 5689 3799 5748 προφη-
