4110 6410
300 344 389 405 689

1205 341 1864 401 DEMONSTBATIONIS
1901 344 2362 403 EVANGELlCzE
2398 345 2530 403 LIB.
2570 346 2661 405 IX.

3438 349 3545 409 690

304 465 411 539 τεία
443 464 678 534 πτωχοῖς
724 461 1210 535 εὐαγγελιζόμενος
1269 464 1549 535 εἰσάγεται
1601 467 1753 540 παρὰ
1785 465 1862 538 τῷ

1968 467 2160 526 scribit
2191 469 2502 537 Mattbaeus,
2547 471 2642 527 ubi
2702 471 2852 528 illum
2906 487 3177 544 pauperes
3234 475 3545 543 evangelica

310 556 566 626 Ματθαίῳ,
598 555 689 608 ὅτε
728 574 748 606 t
792 554 916 609 ίδὼν
946 555 1074 620 τοὺς
1101 555 1290 627 δχλους
1320 556 1487 629 ἀνέΰη
1523 559 1603 622 είς
1626 558 1687 612 τὸ
1705 558 1831 631 ὅρος
1850 601 1867 624 ,

311 649 394 703 καὶ
434 645 742 709 καθίσαντος
787 644 954 698 αὐτοῦ
980 685 995 711 ,
1049 645 1354 717 προσῆλθον
1406 645 1557 717 αύτῷ
1583 648 1632 699 οἱ
1690 646 1868 719 μαθη-

309 740 388 796 ταὶ
432 736 605 801 αὐτοῦ,
641 735 734 790 καὶ
771 736 989 803 ἀνοίξας
1040 737 1102 792 τδ
1144 738 1320 811 στόμα
1376 739 1542 794 αὐτοῦ
1587 738 1868 797 ἐδίδασκεν

308 829 509 893 αὐτοὺς,
547 827 723 897 λέγων
742 845 756 860 ·
798 829 1073 902 Μακάριοι
1114 831 1165 885 οί
1213 830 1417 903 πτωχοὶ
1460 831 1538 904 τῷ
1571 831 1864 904 πνεύματι,

306 922 380 976 δτι
413 920 580 976 αὐτῶν
624 923 772 975 ἐστιν
800 922 834 992 ή
852 921 1110 993 «βασιλεία
1135 923 1246 977 τῶν
1272 924 1540 997 οὐρανῶν.
1569 944 1588 978 ι
1625 927 1733 980 Καὶ
1768 943 1866 981 τυ-
1902 977 1913 985 .

306 1014 441 1086 φλοίς
463 1013 517 1071 δὲ
559 1013 854 1093 ἀνάϐλεψιν
903 1016 1322 1088 παρεσχημένος
1354 1016 1454 1071 οὐκ
1494 1017 1697 1089 ὀλίγοις
1733 1021 1866 1074 ἀνα-

305 1108 618 1180 γέγραπται’
657 1108 720 1161 οὐ
771 1107 930 1179 μόνον
967 1107 1077 1182 γάρ
1121 1111 1237 1173 τοῖς
1277 1108 1375 1174 τὰς
1419 1109 1574 1182 ὅψεις
1620 1111 1714 1165 τοῦ
1756 1110 1863 1166 σώ-

306 1214 456 1271 ματος
477 1197 862 1269 ήφανισμένοις
886 1198 949 1252 τὸ
980 1197 1200 1269 βλέπειν
1230 1199 1502 1272 ἐδωρεῖτο,
1527 1201 1666 1255 ἀλλά
1684 1219 1747 1272 γε
1770 1203 1865 1258 καὶ

301 1292 401 1355 τοῖς
420 1289 675 1362 πρότερον
704 1293 771 1363 τῇ
792 1290 938 1363 ψυχῇ
970 1289 1370 1362 τυφλώττουσιν
1388 1295 1560 1360 αίτιος
1593 1296 1695 1368 τῆς
1722 1297 1864 1353 κατὰ

298 1380 410 1461 νοῦν
462 1381 715 1455 θεωρίας,
768 1384 864 1438 καὶ
915 1384 1014 1455 τῆς
1055 1383 1406 1454 ἐπιγνώσεως
1444 1386 1538 1441 τοῦ
1570 1387 1679 1441 τῶν
1727 1389 1863 1443 ὅλων

298 1473 418 1529 Θεοῦ
437 1474 678 1544 γέγονεν.
709 1476 820 1531 Καὶ
834 1475 1008 1543 ἄλλως
1032 1478 1132 1550 τῆς
1154 1474 1273 1532 οὖσι
1300 1478 1543 1551 δεσμίοις
1565 1482 1661 1535 καὶ
1683 1483 1864 1553 ἀπηγ-

300 1564 466 1637 μένοις
491 1566 862 1640 αἰχμαλώτοις
898 1568 1003 1624 ὑπὸ
1028 1570 1132 1639 τῆς
1163 1570 1397 1642 ἀοράτου
1421 1572 1515 1627 καὶ
1541 1571 1864 1646 δαιμονικῆς

294 1658 590 1731 δυνάμεως,
626 1660 811 1714 κακῶν
846 1677 907 1715 τε
956 1663 1162 1731 σειραῖς
1210 1662 1608 1735 πεπεδημένοις
1648 1664 1863 1720 ἐλευθε-

296 1756 406 1830 ρίαν
450 1755 543 1811 καὶ
584 1755 771 1812 ἄνεσιν
802 1756 912 1811 τῶν
962 1734 1293 1829 συνεχόντων
1329 1758 1647 1831 ἐκήρυττεν,
1684 1761 1733 1814 εί
1765 1759 1860 1815 καὶ

1970 560 2333 618 instruentem
2361 562 2594 629 inducit,
2623 577 2734 633 quo
2777 571 3024 635 tempore
3060 581 3080 615 ι
3115 563 3308 620 videns
3350 566 3543 621 turbas

1969 651 2223 707 ascendit
2248 653 2306 708 in
2344 659 2608 718 montem,
2642 659 2699 709 et
2745 668 2869 710 cum
2912 653 3167 716 sedisset.
3193 663 3543 713 accesserurt

1968 745 2040 800 ad
2070 745 2223 800 illum
2248 746 2503 817 discipuli
2543 746 2684 815 ejus.
2707 753 2762 803 et
2804 746 3056 818 aperiens
3079 764 3144 805 os
3172 763 3331 803 suum
3379 748 3543 805 doce-

1968 836 2063 893 bat
2087 852 2205 902 eos,
2266 836 2456 893 dicens
2489 856 2505 893 :
2561 835 2713 893 Beati
2743 852 3007 908 pauperes
3034 840 3252 911 spiritu,
3282 841 3541 908 quoniam

1968 927 2212 999 ipsorum
2238 936 2323 985 est
2349 944 2577 1001 regnum
2611 930 2875 985 crelorum
2910 932 2977 986 ".
3009 950 3027 985 ι
3053 929 3187 986 Nam
3210 931 3373 986 etiam
3407 931 3542 987 illud

1968 1021 2177 1090 scripto
2212 1020 2487 1092 proditum
2518 1029 2622 1087 est,
2648 1022 2796 1093 quod
2818 1022 2980 1078 caecis
3010 1039 3119 1079 non
3145 1024 3335 1094 paucis
3360 1025 3540 1081 visum

1967 1113 2299 1179 restituerit;
2327 1110 2491 1187 443
2520 1129 2630 1169 non
2661 1115 2838 1170 solum
2887 1115 3034 1170 enim
3081 1114 3171 1176 iis.
3215 1115 3309 1186 qui
3363 1116 3541 1173 oculis

1966 1206 2215 1278 corporis
2250 1207 2398 1278 capti
2431 1215 2613 1271 erant,
2642 1208 2819 1263 visum
2849 1207 3205 1277 largiebatur,
3241 1208 3337 1264 sed
3375 1209 3536 1264 etiam

1965 1297 2055 1361 iis,
2086 1298 2181 1369 qui
2206 1299 2263 1353 in
2285 1299 2458 1355 altero
2487 1315 2687 1370 genere
2715 1300 3044 1371 caligabant,
3078 1308 3137 1355 ut
3158 1301 3343 1357 animo
3369 1301 3539 1357 Deum

1965 1388 2210 1446 universi
2258 1389 2606 1447 intuerentur
2651 1400 2816 1462 atque
2844 1399 3223 1463 agnoscerent,
3257 1399 3539 1448 auctorem

1964 1492 2026 1534 se
2058 1478 2370 1535 exhibebat.
2410 1478 2628 1548 Alioqui
2657 1494 2788 1535 vero
2814 1481 2979 1535 etiam
3008 1480 3097 1544 iis,
3119 1480 3213 1551 qui
3240 1481 3310 1536 ab
3346 1479 3540 1536 invisi-

1967 1568 2066 1628 bili
2100 1584 2167 1626 ac
2194 1570 2496 1627 daemonica
2526 1578 2796 1643 potestate
2821 1571 2991 1626 vincti
3019 1579 3203 1629 essent
3231 1572 3540 1643 captivique

1963 1664 2186 1721 abducti
2212 1679 2277 1719 ac
2307 1664 2577 1721 malorum
2628 1665 2839 1722 catenis
2892 1665 3164 1737 impliciti,
3209 1667 3536 1734 libertatem,

1964 1755 2496 1829 dissolutionemque
2525 1772 2715 1814 earum
2745 1772 2953 1825 rerum,
2978 1773 3008 1813 a
3029 1759 3232 1830 quibus
3276 1759 3539 1815 teneban-

294 1847 453 1913 αὐτοὶ,
480 1845 559 1920 τῷ
603 1847 922 1921 κηρύγματι
955 1847 1365 1936 πιστεύσαντες,
1389 1845 1477 1903 οἷα
1501 1849 1748 1922 λυτρωτῇ
1775 1852 1862 1905 καὶ

1967 1855 2080 1915 tur,
2108 1849 2490 1915 denuntiabat,
2521 1850 2570 1906 si
2598 1849 2761 1906 modo
2779 1850 2885 1920 ipsi
2915 1865 3135 1921 quoque
3170 1851 3319 1907 illius
3342 1850 3538 1921 pradi-

290 1938 491 2012 Σωτῆρι
518 1940 921 2013 προσδράμοιεν
943 1940 1113 2011 αὐτῷ,
1130 1941 1226 1994 καὶ
1257 1943 1367 2006 τοῖς
1394 1939 1559 1995 αὐτοῦ
1584 1941 1855 1996 πεισθεῖεν

291 2031 723 2104 παραγγέλμασι.
775 2032 887 2087 Καὶ
943 2030 1012 2086 τά
1050 2032 1213 2086 λοιπά
1244 2032 1301 2087 δὲ
1339 2031 1434 2086 τοῦ
1484 2032 1666 2103 λογίου
1714 2032 1856 2088 κατά

288 2122 465 2194 καιρὸν
495 2124 555 2177 ἐν
588 2124 704 2187 τοῖς
739 2122 869 2194 περὶ
901 2122 1012 2177 τῶν
1038 2123 1384 2194 ἐπαγγελιῶν
1411 2123 1852 2196 ἐξετασθήσεται.

1963 1938 2166 1997 cationi
2199 1941 2358 1997 ﬁdem
2388 1941 2728 2009 adhibentes,
2761 1940 2830 1995 ad
2870 1940 3025 1996 illum
3060 1947 3320 2012 tanquam
3352 1941 3421 1996 ad
3450 1957 3538 1999 re-

1961 2032 2300 2105 demptorem
2318 2040 2373 2090 et
2400 2032 2738 2090 Salvatorem
2761 2034 3122 2089 accurrebant
3148 2039 3202 2089 et
3223 2033 3371 2089 illius
3400 2049 3539 2104 pras-

1962 2126 2139 2197 ceptis
2175 2126 2647 2198 obtemperabant.
2690 2125 2984 2191 Caeterum,
3030 2141 3151 2197 qua:
3179 2142 3243 2182 ex
3281 2128 3381 2182 hoc
3411 2141 3540 2184 ora-

290 2218 403 2272 culo
436 2224 758 2289 supersunt,
791 2232 894 2273 suo
941 2227 1189 2290 tempore
1248 2217 1311 2274 in
1383 2217 1473 2286 iis,
1509 2233 1631 2289 quae
1681 2218 1749 2275 de
1793 2218 2257 2289 promissionibus
2278 2220 2562 2277 tractanda
2583 2228 2731 2286 sunt,
2763 2219 3140 2290 exquirentur.

296 2333 429 2387 Ἀπὸ
460 2333 567 2405 τοῦ
589 2335 1073 2405 Δευτερονομίου.
1093 2366 1165 2378 --
1198 2336 1340 2405 Περὶ
1355 2334 1465 2405 τῆς
1480 2336 1630 2391 κατὰ
1648 2336 1713 2391 τὸ
1742 2339 1858 2397 Εὐ-

349 2403 630 2474 αηοέλιον
655 2404 763 2459 τοῦ
794 2403 1054 2475 Χριστοῦ
1083 2403 1464 2477 νομοθέσίαξ.

353 2534 371 2566 ι
396 2516 694 2588 Προφήτην
739 2518 805 2571 ἐκ
843 2517 952 2571 τῶν
988 2518 1229 2589 ἀδελφῶν
1273 2536 1368 2573 σου
1406 2520 1703 2593 ἀγαπήσει
1742 2520 1859 2577 Κύ-

287 2627 390 2680 ριος
412 2611 441 2663 6
461 2609 598 2674 Θεός
627 2627 722 2663 σου
747 2610 823 2675 ὡς
851 2608 970 2682 ἐμέ·
994 2609 1160 2665 αὑτοῦ
1189 2609 1489 2665 ἀκούσεσθε
1511 2611 1654 2666 κατά
1681 2613 1862 2667 πάντα

282 2700 375 2755 ὃσα
418 2702 611 2774 ᾐτήσω
642 2701 795 2774 παρά
843 2703 1049 2774 Κυρίου
1106 2702 1201 2756 τοῦ
1231 2702 1366 2756 Θεοῦ
1422 2720 1516 2757 σου
1558 2704 1616 2757 ἐν
1659 2703 1866 2777 Χωρήὸ

281 2796 342 2864 τῇ
374 2793 553 2867 ἡμέρᾳ
576 2794 685 2866 τῆς
722 2793 1038 2866 ἐκκλησίας,
1060 2793 1310 2865 λέγοντες
1333 2811 1349 2828 ο
1369 2796 1445 2849 Οὐ
1476 2795 1859 2869 προσθήσομεν

279 2885 498 2941 ἀκοῦσαι
534 2887 647 2959 τῆς
684 2887 868 2958 φωνῆς
895 2886 991 2940 τοῦ
1022 2888 1228 2961 Κυρίου
1263 2888 1357 2943 τοῦ
1386 2888 1522 2943 Θεοῦ
1556 2889 1733 2962 ήμῶν,
1762 2888 1857 2944 καὶ

280 2976 335 3031 τὸ
362 2977 469 3051 πῦρ
511 2978 574 3033 τὸ
623 2978 767 3050 μέγα
811 2978 971 3033 τοῦτο
1017 2979 1118 3035 οὐκ
1170 2980 1414 3054 ὀψόμεθα
1464 2980 1581 3049 ἔτι,
1614 2981 1735 3035 οὐδὲ
1780 2982 1855 3054 μή

280 3067 657 3141 ἀποθάνωμεν.
707 3070 818 3124 Καὶ
871 3064 992 3123 εἷπε
1039 3070 1244 3144 Κύριος
1294 3072 1433 3146 πρὸς
1494 3072 1596 3145 μέ·
1651 3072 1857 3145 Ὀρθῶς

279 3160 447 3215 πάντα
472 3163 574 3216 ὅσα
602 3161 876 3233 ἐλάλησαν
894 3179 908 3193 ο
932 3162 1228 3236 Προφήτην
1256 3164 1320 3218 ἐκ
1350 3164 1458 3220 τῶν
1492 3164 1735 3235 ἀδελφῶν
1761 3165 1859 3219 αῦ-

276 3253 377 3309 :er
407 3255 707 3329 ἀγαπήσω
741 3257 929 3321 αὐτοῖς
953 3254 1142 3330 ὥσπερ
1174 3275 1233 3312 σε
1253 3299 1268 3323 ,
1297 3260 1394 3314 καὶ
1424 3259 1580 3314 δώσω
1616 3259 1677 3314 τδ
1706 3259 1859 3332 ῥῆμά
1889 3322 1928 3343 ἧ

1955 2319 2000 2374 Α
2041 2316 2469 2373 Deuteronomio.
2508 2349 2586 2387 7—
2626 2316 2706 2371 De
2763 2332 2911 2371 nam
2968 2316 3097 2387 legis
3144 2315 3200 2370 in
3251 2312 3536 2386 Evangelia

2483 2386 2685 2444 Christi
2723 2386 3017 2442 sanctione.

2034 2518 2055 2552 ι
2082 2497 2409 2571 Prophetam
2439 2497 2508 2554 de
2538 2497 2804 2553 fratribus
2838 2495 2948 2552 tuis
2981 2496 3267 2553 suscitabit
3291 2495 3389 2552 tibi
3423 2495 3535 2553 Do-

1961 2592 2146 2649 minus
2168 2591 2312 2648 Deus
2340 2599 2471 2649 tuus
2503 2590 2650 2646 sicut
2677 2604 2795 2646 me:
2819 2588 2970 2643 illum
2999 2588 3233 2648 audietis
3262 2589 3317 2643 in
3350 2588 3534 2644 omni—

1961 2684 2066 2741 bus
2111 2699 2451 2757 quaecunque
2496 2683 2784 2756 postulasti
2827 2699 2859 2739 a
2909 2680 3141 2738 Domino
3179 2680 3290 2737 Deo
3338 2690 3433 2737 tuo
3476 2681 3535 2737 in

1961 2777 2180 2834 Cboreb
2212 2776 2267 2831 in
2318 2775 2406 2832 die
2449 2775 2732 2831 concionis
2762 2774 3045 2832 dicentes:
3078 2774 3197 2830 Non
3249 2774 3391 2830 ultra
3434 2789 3537 2830 au-

1962 2870 2178 2926 diemus
2215 2883 2406 2924 vocem
2445 2866 2662 2923 Domini
2708 2866 2801 2924 Dei
2849 2868 3046 2930 nostri,
3083 2876 3138 2923 et
3167 2867 3346 2940 ignem
3387 2866 3536 2923 hunc

1959 2961 2219 3035 grandem
2248 2976 2359 3016 non
2380 2958 2687 3016 videbimus
2718 2959 2975 3029 amplius,
2999 2975 3176 3030 neque
3205 2957 3534 3027 moriemur;

1960 3060 2017 3110 et
2046 3053 2183 3109 dixit
2214 3051 2478 3109 Dominus
2504 3051 2573 3107 ad
2602 3067 2689 3107 me
2720 3070 2732 3106 :
2756 3050 2924 3107 Recte
2948 3053 3132 3108 omnia
3156 3051 3324 3108 locuti
3364 3059 3490 3107 sunt
3516 3066 3535 3118 ;

1961 3144 2283 3218 prophetam
2317 3162 2385 3202 ex
2414 3145 2677 3201 fratribus
2708 3144 2952 3216 ipsorum
2975 3145 3255 3202 suscitabo
3283 3145 3366 3202 eis
3393 3144 3538 3200 sicut

1962 3246 2036 3307 te,
2073 3248 2128 3296 et
2159 3240 2304 3297 dabo
2331 3239 2571 3297 Verbum
2606 3255 2787 3295 meum
2831 3240 2887 3295 in
2917 3253 2980 3296 os
3018 3239 3159 3308 ejus,
3199 3246 3253 3293 et
3285 3240 3540 3309 loquetur

282 3364 375 3420 μου
405 3351 483 3416 είς
514 3352 578 3407 τὸ
610 3352 792 3423 στόμα
811 3350 1001 3415 αὑτοῦ,
1032 3329 1124 3407 καί
1142 3352 1368 3427 λαλήσει
1390 3356 1574 3421 αὺτοῖς
1601 3329 1725 3410 καθλ
1756 3329 1857 3409 δτι
1886 3329 1928 3381 C
1961 3332 2042 3389 eis
2082 3332 2386 3427 secundum
2423 3330 2789 3427 q“°dc“"_que
2834 3345 3144 3427 Praecmm
3184 3330 3283 3395 mi’
3313 3337 3367 3386 et
3412 3329 3536 3427 qE‘i'

278 3438 339 3493 ἂν
386 3443 722 3516 ὲντείλωμαι
768 3443 952 3515 αὐτῷ,
1000 3445 1096 3499 καὶ
1146 3447 1175 3499 6
1218 3445 1505 3519 ἄνθρωπος
1524 3446 1602 3512 ’ὃς
1642 3446 1737 3501 ἐὰν
1783 3446 1857 3518 μὴ

276 3534 473 3610 ἀκούσῃ
510 3538 698 3591 πάντα
734 3538 836 3592 ὅσα
873 3537 969 3591 ἐὰν
1012 3538 1220 3611 λαλήσῃ
1258 3539 1288 3592 6
1325 3541 1611 3613 προφήτης
1647 3540 1740 3594 ἐπὶ
1779 3539 1859 3611 τῷ

276 3620 486 3696 ὀνόματί
519 3644 654 3700 μου,
681 3625 792 3695 ἐγὼ
812 3626 1085 3698 ἐκδικήσω
1111 3627 1171 3693 ἐξ
1197 3625 1383 3682 αὑτοῦ.
1399 3647 1417 3680 ι
1436 3629 1759 3700 Ἑπίστησον
1777 3630 1861 3683 ὅτι

279 3716 460 3787 μηδεὶς
498 3721 640 3791 παρ’
683 3719 955 3791 Ἑϐραίοις
982 3720 1208 3774 Μωῦσεϊ
1237 3718 1621 3792 παραπλήσιος
1649 3721 1861 3793 προφή-

276 3822 369 3877 της
414 3809 762 3883 ἐγήγερται,
799 3811 1044 3865 τουτέστι
1086 3810 1416 3882 νομοθέτης,
1449 3811 1543 3865 καὶ
1580 3810 1863 3877 εὐσεϐείας

273 3895 580 3970 ἀνθρώποις
610 3901 933 3973 εἰσηγητής,
962 3903 995 3973 ἢ
1028 3902 1186 3974 μόνος
1212 3903 1241 3955 6
1273 3900 1541 3975 ήμέτερος
1571 3903 1786 3975 Σωτὴρ,
1833 3902 1861 3957 6

274 3986 503 4062 Χριστὸς
541 3992 648 4047 τοῦ
677 3992 813 4046 Θεοῦ
832 4010 846 4024 ·
880 3994 1016 4066 πρὸς
1043 3992 1173 4063 γοῦν
1200 3992 1279 4064 τῷ
1302 3993 1448 4047 τέλει
1477 3993 1570 4047 τοῦ
1604 3996 1861 4066 Δεύτερο-

271 4082 454 4151 νομίου
470 4085 724 4154 λέγεται⁸
750 4103 767 4135 ι
788 4084 901 4139 Οὐκ
930 4085 1126 4155 ἀνέστη
1151 4084 1232 4139 ἔτι
1254 4086 1538 4157 προφήτης
1559 4086 1616 4137 ἐν
1648 4083 1860 4156 Ἰσραήλ

274 4170 345 4238 ὡς
374 4174 685 4247 Μωῧσῆς.»
714 4176 825 4229 Καὶ
856 4176 962 4247 μὴν
993 4175 1175 4248 μυρίοι
1206 4176 1479 4248 προφῆται
1508 4175 1647 4247 μετά
1672 4175 1861 4232 τοῦτον

271 4269 558 4337 γεγόνασιν
579 4313 598 4338 ,
631 4269 771 4324 ἀλλά
794 4271 899 4349 ,οὐχ
931 4271 1006 4336 ὡς
1030 4272 1212 4335 αὐτός.
1242 4271 1401 4325 Ὅλον
1430 4270 1485 4323 δὲ
1514 4269 1674 4324 τοῦτο
1701 4270 1735 4342 ή
1764 4266 1859 4324 τοῦ

272 4358 402 4413 Θεοῦ
434 4362 742 4433 ὑπόσχεσις
773 4362 1185 4433 ἐπαγγέλλεται,
1216 4362 1312 4418 ἕνα
1338 4360 1480 4426 τινὰ,
1507 4363 1627 4434 οὐχὶ
1647 4361 1701 4416 δέ
1734 4361 1861 4415 πολ-

269 4448 412 4518 λοὺς,
439 4454 537 4509 καὶ
579 4456 772 4527 ὅμοιον
809 4455 1140 4528 ἀναστήσειν
1181 4456 1347 4528 αὐτῷ.
1381 4456 1542 4529 Δηλοί
1587 4457 1644 4510 δέ
1675 4455 1862 4512 τοῦτον

270 4545 569 4617 νομοθέτην
600 4547 699 4601 καί⁸
729 4545 1006 4614 εὐσεϐείας
1033 4548 1335 4621 ἀνθρώπων
1363 4548 1682 4604 διδάσκαλον
1701 4591 1716 4614 ,
1751 4544 1864 4615 οἷος

1961 3440 2179 3497 cunque
2202 3426 2369 3482 homo
2415 3441 2525 3482 non
2577 3425 2815 3482 audierit
2852 3423 3034 3479 omnia
3076 3437 3415 3494 quaecunque
3456 3421 3538 3475 lo-

1961 3525 2161 3588 quetur
2184 3518 2450 3589 propheta
2475 3517 2564 3572 ille
2593 3517 2648 3572 in
2673 3518 2895 3575 nomine
2922 3533 3065 3585 meo,
3098 3530 3196 3590 ego
3222 3514 3460 3572 ulciscar
3480 3513 3537 3567 in

1960 3627 2028 3667 eo
2046 3612 2113 3667 ⁸⁸.
2146 3631 2165 3665 ι
2189 3612 2576 3669 Animadverte
2600 3613 2890 3684 diligenter
2913 3621 2973 3669 ut
3004 3614 3187 3669 nullus
3211 3614 3368 3685 plane
3388 3604 3535 3683 apud

1962 3703 2224 3761 Hebraeos
2257 3703 2395 3761 Mosi
2420 3706 2618 3763 similis
2650 3708 2915 3778 propheta
2942 3708 3263 3770 surrexerit,
3298 3706 3403 3760 hoc
3425 3713 3531 3770 est,

1960 3790 2055 3869 qui
2089 3809 2143 3853 et
2170 3798 2352 3869 legum
2387 3808 2604 3864 auctor,
2639 3807 2693 3855 et
2726 3799 2946 3870 pietatis
2982 3800 3126 3872 apud
3169 3800 3416 3856 homines
3449 3797 3536 3853 in-

1962 3888 2247 3944 troductor
2274 3888 2571 3955 exstiterit,
2599 3890 2869 3948 nisiunus
2884 3889 3135 3945 Salvator
3166 3900 3351 3948 noster
3377 3888 3539 3943 Chri-

1962 3989 2080 4036 stus
2139 3978 2268 4043 Dei;
2309 3980 2493 4052 itaque
2550 3981 2606 4037 in
2661 3980 2768 4038 line
2816 3981 3228 4039 Deuteronomii
3289 3981 3529 4054 legitur.

1965 4063 2130 4129 (Non
2175 4075 2416 4130 surrexit
2445 4074 2587 4129 ultra
2626 4074 2889 4144 propheta
2935 4075 2992 4129 in
3040 4074 3207 4131 Israel
3251 4076 3393 4130 sicut
3423 4074 3537 4129 Mo-

1961 4181 2052 4222 ses
2073 4166 2141 4223 ⁶⁹.
2179 4185 2199 4219 ι
2232 4163 2369 4220 Nam
2402 4166 2505 4223 etsi
2544 4164 2976 4221 innumerabiles
3002 4166 3282 4235 prophetae
3308 4163 3431 4236 poét
3471 4166 3536 4220 il-

1960 4256 2075 4315 lum
2129 4258 2480 4322 exstiterunt,
2501 4268 2557 4313 at
2604 4272 2713 4313 non
2759 4268 2941 4314 tamen
2988 4260 3130 4316 sicut
3178 4259 3287 4317 ille.
3338 4261 3532 4317 Totum

1961 4367 2093 4407 vero
2125 4351 2231 4408 hoc
2267 4351 2383 4422 ipsa
2416 4349 2507 4406 Dei
2532 4351 2853 4422 pollicitatio
2886 4353 3170 4423 complexa
3202 4361 3309 4416 est,
3333 4351 3535 4424 quippe

1962 4461 2085 4517 qua:
2115 4460 2283 4500 unum
2329 4445 2594 4501 duntaxat
2626 4461 2735 4500 non
2769 4444 2968 4500 multos
3002 4453 3056 4501 et
3082 4445 3334 4501 eumdem
3382 4445 3537 4503 81mi-

1960 4538 2070 4594 lem
2106 4537 2182 4593 illi
2238 4539 2619 4596 suscitandum
2667 4538 2968 4610 promittat.
3017 4536 3304 4609 Signiﬁcat
3350 4549 3534 4594 autem

272 4636 427 4706 μόνος
475 4641 506 4694 ό
548 4637 752 4711 Σωτὴρ
794 4641 888 4694 καὶ
930 4640 1132 4715 Κύριος
1172 4640 1329 4713 ήμῶν
1369 4641 1577 4715 Ἰησοῦς
1606 4640 1857 4713 Χριστὸς,

1966 4631 2113 4687 hunc
2145 4638 2199 4687 et
2231 4631 2411 4703 legum
2453 4638 2735 4687 auctorem
2772 4638 2825 4688 et
2851 4632 3071 4703 pietatis
3109 4630 3253 4702 apud
3286 4629 3535 4686 homines

270 4726 359 4779 καὶ
374 4730 499 4784 οὐδὲ
524 4730 694 4794 ἄλλος
718 4731 1113 4799 ἀναδέδεικται,
1129 4732 1431 4805 νομοθέτης
1458 4732 1592 4805 ὁμοῦ
1623 4733 1712 4787 καὶ
1733 4749 1860 4805 προ-

267 4821 440 4891 φήτης
482 4821 587 4876 τοῦ
623 4821 734 4876 τῶν
760 4823 895 4879 ὅλων
931 4823 1066 4879 Θεοῦ
1088 4865 1104 4891 ,
1134 4826 1228 4880 καὶ
1256 4825 1470 4899 Πατρδς
1506 4825 1673 4879 αὐτοῦ
1703 4825 1858 4893 γενό-

269 4927 446 4981 μενος.
486 4914 641 4968 Ἀλλ’
668 4918 697 4969 6
735 4918 832 4988 μὲν
852 4917 1038 4983 ἔθνους
1081 4919 1199 4983 ἐνὸς
1243 4920 1272 4973 6
1314 4919 1557 4991 Μωῦοῆς
1589 4920 1854 4990 ἡγήσατο,

264 5005 356 5056 καί
395 5006 725 5079 κατάλληλα
771 5008 827 5062 δὲ
847 5007 1021 5079 τούτῳ
1067 5004 1214 5079 μόνῳ
1235 5048 1250 5073 ,
1289 5008 1411 5079 οὐχὶ
1446 5010 1503 5063 δὲ
1545 5008 1641 5064 καὶ
1680 5007 1859 5072 ἄλλοις

266 5090 438 5149 ἔθνεσι
472 5098 793 5169 νομοθετῶν
834 5094 1207 5154 ἀποδέδεικται
1226 5116 1239 5130 ’
1273 5100 1302 5153 ὁ
1332 5099 1388 5152 δέ
1409 5117 1473 5168 γε
1502 5098 1735 5172 Χριστὸς
1763 5094 1856 5152 τοῦ

262 5182 393 5238 Θεοῦ
417 5229 434 5253 ,
476 5186 675 5242 λαϐὼν
716 5189 1048 5259 ἐπαγγελίαν
1105 5191 1259 5265 παρά
1308 5192 1403 5246 τοῦ
1452 5190 1665 5263 Πατρδς
1720 5189 1818 5262 τήν
1840 5230 1858 5257 ,

267 5295 287 5326 t
310 5277 550 5350 Αἴτησαι
579 5281 714 5354 παρ’
734 5282 891 5354 ἐμοῦ,
913 5284 1006 5338 καὶ
1031 5284 1185 5339 δώσω
1202 5302 1284 5339 σοι
1313 5282 1438 5355 ἔθνη
1469 5283 1567 5355 τὴν
1600 5282 1856 5355 κληρονοο

262 5372 392 5443 μίαν
420 5389 523 5427 σου
550 5390 566 5405 ’
608 5394 632 5427 ι
665 5374 741 5438 ὼς
763 5374 829 5428 ἂν
871 5375 949 5448 μὴ
984 5377 1143 5448 μόνον
1180 5375 1471 5440 Ἰουδαίοις,
1499 5373 1636 5428 ἁλλά
1657 5376 1749 5427 καὶ
1780 5372 1858 5447 τῷ

262 5466 424 5519 παντὶ
471 5465 593 5518 τῶν
639 5465 939 5538 ἀνθρώπων
981 5468 1128 5537 γένει
1167 5467 1349 5531 καινὸς
1380 5465 1678 5538 νομοθέτης
1704 5464 1859 5519 εὐσε-

257 5558 411 5625 ϐείας
460 5560 578 5615 ὑπὸ
626 5560 722 5614 τοῦ
770 5561 985 5633 Πατρός
1027 5561 1360 5630 καταστῆναι
1397 5561 1461 5631 τῇ
1497 5556 1714 5611 πάντων
1751 5556 1858 5610 τῶν

257 5648 431 5728 ἐθνῶν
463 5651 673 5722 κλήσει
699 5649 927 5723 δυνατήν
965 5650 1060 5705 καὶ
1087 5650 1341 5723 ἁρμόδιον
1373 5648 1738 5723 προόἐόληται
1775 5665 1861 5701 νο-

332 5836 375 5867 ⁶⁷
420 5835 629 5889 Matth.
671 5850 732 5900 v,
768 5834 886 5890 1-5.
964 5832 1006 5865 ⁸⁸
1047 5832 1202 5888 Deut.
1238 5846 1406 5899 xvut,
1442 5831 1623 5887 1519.

1963 4725 2287 4795 magistrum
2330 4723 2600 4789 futurum,
2649 4723 2960 4794 cuiusmodi
2993 4740 3134 4780 unus
3182 4722 3432 4779 Salvator
3471 4736 3537 4778 ac

1966 4814 2231 4874 Dominus
2256 4826 2446 4874 noster
2468 4816 2630 4875 Jesus
2657 4817 2934 4885 Christus,
2970 4835 3072 4875 nec
3101 4820 3243 4875 alius
3273 4828 3535 4890 praeterea

1963 4906 2135 4982 444
2162 4909 2436 4980 quispiam
2469 4908 2643 4967 fuisse
2678 4910 3107 4975 demonstratur,
3142 4917 3195 4966 et
3221 4911 3395 4983 legum
3430 4924 3534 4964 au-

1964 5008 2084 5055 ctor
2127 5001 2404 5068 videlicet,
2452 5007 2506 5058 et
2553 5002 2696 5060 idem
2746 5003 2831 5059 sui
2872 5004 3064 5072 patris,
3123 5003 3215 5073 qui
3257 4988 3403 5057 Deus
3450 5009 3537 5057 est

1963 5093 2228 5157 universi,
2281 5094 2571 5165 propheta.
2601 5093 2669 5150 Et
2714 5094 2891 5151 Moses
2933 5094 3153 5163 quidem
3200 5092 3361 5150 unius
3392 5093 3536 5171 dun—

1964 5192 2117 5241 taxat
2160 5185 2336 5258 gentis
2375 5185 2486 5240 dux
2538 5183 2661 5249 fuit,
2709 5191 2764 5240 et
2795 5200 2917 5256 qua:
2965 5184 3059 5239 uni
3096 5183 3314 5251 illi,non
3349 5191 3535 5239 autem

1963 5275 2177 5334 caeteris
2216 5292 2435 5349 quoque
2474 5276 2726 5347 gentibus
2769 5274 3172 5331 accommodari
3203 5278 3447 5345 possent.
3479 5273 3535 5327 in

1965 5367 2175 5439 legibus
2211 5370 2329 5424 suis
2367 5366 2623 5425 sanxisse
2651 5366 2946 5438 reperitur,
2975 5374 3031 5421 at
3060 5382 3189 5422 vero
3217 5366 3333 5437 ipse
3373 5363 3533 5421 Chri—

1964 5467 2083 5518 stus
2129 5458 2250 5526 Dei,
2302 5462 2392 5518 ubi
2443 5477 2474 5515 a
2507 5460 2671 5516 Patre
2717 5461 3046 5530 promissum
3092 5456 3227 5514 illud
3277 5458 3529 5529 accepit:

1968 5572 1989 5605 ι
2023 5552 2247 5608 Postula
2295 5568 2325 5606 a
2362 5568 2468 5617 tne,
2510 5556 2567 5608 et
2613 5551 2755 5607 dabo
2785 5550 2884 5606 tibi
2936 5558 3127 5621 gcntcs
3163 5549 3531 5605 hareditatem

1963 5655 2116 5701 tuam
2134 5644 2181 5685 '9
2209 5664 2223 5700 :
2250 5664 2275 5713 η»
2308 5651 2497 5714 utpote
2533 5643 2627 5716 qui
2674 5659 2785 5699 non
2811 5643 2947 5701 solis
2994 5641 3218 5706 Iudaeis,
3242 5641 3334 5697 sed
3366 5640 3530 5696 etiam

1739 5830 1783 5862 εν
1826 5826 1982 5884 Deut.
2017 5842 2216 5894 xxxiv,
2257 5826 2344 5881 10.
2422 5824 2467 5857 ⁷⁸
2505 5822 2650 5882 Psal.
2685 5839 2757 5887 ιι,
2789 5822 2842 5879 8.
2890 5868 2903 5875 -
