4106 6420
582 313 678 372 οςη

1258 311 1526 370 EUSEBII
1560 311 2040 370 C/ESARIENSIS
2061 311 2214 374 OPP.
2245 313 2427 368 PARS
2463 312 2528 370 ll.
2566 345 2634 355 —
2667 312 3168 371 APOLOGETICA.

3770 307 3867 364 θοι

583 432 843 493 universo
874 429 1157 488 hominum
1188 431 1374 502 generi
1407 448 1586 488 novus
1616 433 1792 504 legum
1825 434 2142 504 pietatisque

2262 431 2538 504 μοθεσίαν.
2568 433 2855 504 Θειοτέρᾳ
2904 431 3035 501 γοῦν
3083 432 3116 503 ἢ
3164 429 3309 485 κατά
3342 425 3603 484 Μωῦσέα
3650 425 3864 497 δυνάμει

583 533 775 589 auctor
821 539 851 580 a
905 533 1057 593 patre
1107 527 1556 591 constitueretur,
1599 527 1873 582 vocationi
1913 529 2156 583 omnium

581 617 845 682 gentium,
888 623 1003 668 tum
1039 613 1274 681 facilem,
1311 624 1426 670 tum
1470 619 1941 674 accommodatam
1977 621 2156 692 legum

579 704 928 778 disciplinam
946 709 1218 779 exposuit.
1255 707 1391 763 Cum
1419 725 1550 781 ergo
1579 712 1829 782 ampliori
1854 728 2016 782 quam
2037 727 2160 782 qua:

583 797 858 862 hominem
887 799 1078 862 deceat
1127 803 1476 864 auctoritate,
1511 805 1657 874 leges
1700 805 1990 869 invenerit,
2029 805 2160 858 divi-

579 891 738 956 niore
792 892 956 948 etiam
1007 909 1168 964 quam
1203 911 1326 965 qua:
1375 911 1406 950 a
1445 895 1594 957 Mose
1637 898 1884 966 prmstari
1923 899 2159 968 ponuerit

579 985 801 1046 virtute,
839 984 892 1044 in
939 991 1055 1039 toto
1102 984 1235 1042 orbe
1263 984 1564 1040 servandas
1605 994 1990 1042 sacrosanctas
2027 1001 2158 1043 suas

579 1077 728 1145 leges
767 1090 862 1145 per
897 1090 1027 1132 suos
1059 1077 1422 1147 evangelistas
1457 1076 1769 1148 descripsit,
1813 1076 1941 1131 dum
1985 1079 2056 1131 ita
2089 1077 2158 1134 ad

578 1168 701 1223 illos
725 1168 860 1225 dicit
886 1210 897 1222 .
926 1187 944 1220 ι
968 1169 1214 1225 Audistis
1234 1171 1380 1240 quod
1407 1170 1613 1226 dictum
1639 1171 1709 1226 sit
1737 1169 1981 1241 antiquis
2005 1189 2017 1234 ;
2039 1169 2160 1226 Non

576 1261 834 1326 occides;
874 1276 975 1332 ego
1008 1270 1188 1316 autem
1219 1261 1342 1318 dico
1362 1263 1518 1318 vobis
1567 1277 1634 1318 ne
1677 1263 1841 1318 irasci
1871 1282 1888 1317 ι
1933 1262 2156 1334 quidem

577 1352 868 1418 temere“,
901 1359 952 1408 et
1007 1369 1348 1424 quaecunque
1408 1354 1495 1409 his
1558 1353 1815 1423 adjuncta
1848 1354 1902 1408 in
1940 1355 2158 1425 publice

577 1444 870 1514 descriptis
905 1445 1079 1515 ipsius
1120 1445 1468 1500 documentis
1509 1445 1998 1511 circumferuntur,
2035 1461 2158 1517 quae

575 1537 798 1607 quidem
845 1537 962 1607 ipse
1008 1537 1172 1596 etiam
1216 1538 1549 1609 evangelista
1595 1538 1962 1602 commendat,
2008 1538 2155 1609 quod

578 1628 768 1699 utique
797 1628 1258 1699 obstupescerent
1301 1644 1492 1692 omnes
1537 1630 1844 1685 doctrinam
1875 1630 2044 1694 illius,
2089 1647 2157 1688 eo

575 1719 723 1790 quod
777 1719 1044 1776 edoceret
1086 1737 1182 1778 eos
1232 1731 1488 1792 tanquam
1554 1732 1875 1794 potestatem
1923 1725 2152 1790 habens,

2258 523 2401 577 κατά
2450 525 2648 589 παντὸς
2681 525 2778 580 τοῦ
2825 526 3032 597 κόσμου
3063 525 3188 588 τοὺς
3228 523 3428 594 ἱεροὺς
3463 519 3641 574 αὐτοῦ
3676 519 3863 590 νόμους

2255 618 2344 672 διὰ
2383 618 2494 672 τῶν
2545 619 2945 688 εὑαγγελιστῶν
3000 617 3164 672 αὑτοῦ
3211 613 3541 679 διετάξατο,
3589 611 3861 683 μείζονιή

2257 711 2398 765 κατά
2430 710 2713 784 ἄνθρωπον
2741 710 2955 783 ἐξουσίᾳ
2975 710 3372 782 νομοθετήσας,
3408 702 3592 758 εἰπών
3611 720 3658 756 ἰ
3683 704 3864 760 Ἠκού-

2260 820 2410 867 σατε,
2441 805 2468 858 ὃ
2491 822 2544 857 τι
2567 804 2766 876 ἐρρέθη
2797 807 2908 868 τοῖς
2932 804 3195 874 ἀρχαίοις·
3223 803 3300 856 υῦ
3327 799 3656 872 φονεύσειςο
3688 800 3863 867 ἐγὼδέ

2258 895 2402 964 λέγω
2441 897 2570 966 ὑμῖν
2624 895 2758 967 μηδὲ
2801 893 3118 966 ὀργίζεσθαι
3157 913 3175 946 ι
3209 893 3377 962 εἰκῆ,
3412 891 3515 946 καὶ
3549 889 3625 951 τὰ
3662 890 3863 956 τούτοις

2255 989 2524 1044 ἀκόλουθα
2553 990 2654 1042 ὅσα
2682 989 2746 1061 δὴ
2773 990 2832 1042 ἐν
2853 991 2974 1052 ταῖς
3000 988 3380 1059 ἀναγράπτοις
3410 983 3588 1041 αὐτοῦ
3619 983 3864 1039 διδασκα-

2255 1079 2399 1143 λίαις
2434 1079 2768 1152 ἐμφέρεται,
2821 1080 2904 1150 ἐφ’
2939 1074 3019 1143 οἷς
3051 1080 3316 1150 μαρτυρεί
3349 1076 3540 1146 λέγων
3569 1077 3600 1129 6
3635 1075 3862 1144 εὐαγγε-

2256 1170 2465 1243 λιστής,
2489 1173 2570 1232 ὅτι
2592 1171 2982 1243 ἐξεπλήττοντο
3011 1171 3208 1234 πάντες
3237 1169 3332 1224 ἐπὶ
3356 1171 3428 1239 τῇ
3459 1167 3660 1236 διδαχῇ
3679 1167 3858 1220 αὐτοῦ’

2257 1257 2327 1334 ἦν
2361 1261 2470 1333 γὰρ
2500 1280 2518 1315 ι
2548 1262 2815 1316 διδάσκων
2832 1262 3112 1326 αὑτοὺςὼς
3143 1260 3401 1326 ἐξουσίαν
3436 1257 3608 1329 ἔχων,
3642 1257 3738 1312 καὶ
3768 1257 3859 1328 οὐχ

2256 1351 2333 1416 ὡς
2374 1353 2423 1405 οί
2453 1356 2800 1424 γραμματεῖς
2845 1351 3043 1406 αὐτῶν.
3094 1371 3112 1403 ι
3147 1351 3250 1404 Τὸν
3277 1351 3337 1404 δὲ
3381 1349 3599 1420 τρόπον
3628 1347 3732 1417 τῆς
3769 1346 3858 1400 τοῦ

2257 1443 2509 1515 Σωτῆρος
2535 1443 2690 1515 ήμῶν
2720 1443 3065 1506 διδασκαλίας
3096 1461 3156 1496 τε
3187 1441 3280 1496 καὶ
3307 1438 3653 1512 νομοθεσίας
3682 1441 3742 1492 ἐν
3767 1440 3856 1510 ἀρ-

2257 1537 2382 1606 χαῖς
2411 1535 2509 1606 τῆς
2558 1535 2840 1607 παρούσης
2885 1534 3194 1598 ὑποθέσεως
3235 1532 3580 1594 διελθόντες,
3637 1531 3730 1584 ὅτε
3768 1531 3856 1583 τὸν

2257 1627 2683 1702 Χριστιανισμὸν
2703 1667 2718 1691 ,
2747 1629 2776 1681 ὃ
2807 1626 2861 1681 τί
2893 1626 3024 1681 ποτέ
3061 1628 3208 1679 ἐστιν
3233 1628 3312 1690 είς
3341 1624 3598 1696 φανερὸν
3631 1624 3851 1694 ἤγομεν,

2257 1722 2345 1774 ἐπ’
2358 1722 2540 1773 ἐκεῖνα
2558 1721 2648 1774 καὶ
2668 1720 2762 1774 νῦν
2781 1721 2907 1784 τοὺς
2925 1719 3349 1790 ἐντυγχάνοντας
3373 1716 3850 1790 παραπέμψομεν.

576 1827 685 1870 non
719 1819 977 1882 tanquam
1027 1813 1222 1868 scribae
1248 1814 1493 1883 ipsorum
1517 1817 1582 1871 ".
1622 1835 1641 1867 ›
1675 1815 1812 1871 Cum
1843 1825 2023 1873 autem
2065 1825 2142 1872 to-

2265 1812 2587 1884 Ἐπιστῆσαι
2612 1812 2668 1865 δὲ
2687 1811 2764 1885 τῷ
2779 1811 2919 1884 λόγῳ
2940 1811 3107 1878 ἀξιον,
3123 1811 3186 1864 δι’
3207 1811 3265 1864 ὃν
3285 1814 3312 1865 6
3334 1810 3558 1883 Κύριος
3574 1811 3851 1880 ὑπισχνεῖ-

575 1905 688 1962 tius
717 1905 898 1972 operis
924 1903 1100 1968 initio,
1135 1905 1260 1975 quis
1292 1914 1437 1960 esset
1476 1904 1780 1962 Salvatoris
1808 1907 2002 1971 nostri,
2033 1914 2150 1962 tum

575 1993 630 2054 iu
671 1993 942 2056 doctrina,
975 2001 1087 2047 tum
1129 1995 1182 2048 in
1219 1995 1428 2066 legibus
1455 1997 1767 2052 sanciendis
1807 1997 2022 2060 modus,
2057 2013 2152 2052 ex-

573 2085 998 2154 planaverimus,
1025 2086 1116 2139 ulli
1138 2087 1269 2155 quid
1294 2094 1442 2142 esset
1469 2087 1927 2144 Christianismus
1952 2088 2004 2141 in
2035 2104 2150 2143 me-

573 2175 721 2228 dium
753 2175 1104 2245 protulimus,
1138 2177 1204 2230 ad
1241 2177 1331 2231 illa
1379 2179 1497 2247 ipsa
1527 2179 1766 2248 legentes
1796 2180 1960 2234 etiam
2003 2195 2149 2235 nunc

571 2268 924 2332 remittimus.
975 2269 1081 2324 Sed
1139 2270 1471 2341 diligentiori
1521 2273 1754 2341 quadam
1805 2273 2148 2328 animadver-

572 2361 727 2414 sione
761 2376 849 2414 res
879 2359 1042 2432 digna
1073 2377 1197 2420 esse
1223 2362 1460 2423 videtur.
1490 2377 1590 2418 cur
1621 2364 1693 2417 ita
1724 2363 1988 2419 Dominus
2016 2379 2146 2434 pro-

571 2452 788 2520 phetam
819 2452 926 2508 illis
961 2467 1020 2508 se
1067 2453 1460 2517 suscitaturum
1497 2454 1841 2533 polliceatur.
1876 2453 2146 2521 Quoniam

572 2541 737 2610 igitur
767 2543 979 2598 Mosem
1010 2543 1126 2616 ipse
1153 2542 1416 2600 Dominus
1441 2543 1681 2618 jusserat
1705 2543 2020 2608 universum
2048 2562 2146 2618 po-

567 2633 757 2710 pulum
801 2634 982 2698 triduo
1014 2635 1257 2705 expiare,
1312 2644 1372 2689 ut
1410 2636 1574 2690 simul
1605 2645 1658 2692 et
1694 2645 2031 2706 spectatores
2064 2639 2144 2693 illi

569 2732 624 2779 et
671 2725 953 2787 auditores
999 2726 1170 2783 divini
1207 2726 1472 2784 adventus
1519 2725 1881 2792 edicerentur,
1919 2727 1996 2786 illi
2044 2743 2142 2782 au-

568 2824 677 2876 tem
709 2816 1041 2874 inﬁrmiores
1067 2819 1132 2872 ad
1155 2819 1385 2890 gratiam
1418 2817 1512 2874 Dei
1536 2818 1892 2883 exsisxebant,
1926 2827 1986 2878 ut
2014 2833 2142 2890 pro-

567 2919 754 2980 pterea
798 2925 922 2963 cum
952 2910 1066 2978 jam
1116 2922 1170 2977 et
1221 2911 1422 2972 intueri
1483 2919 1537 2966 et
1591 2910 1780 2965 audire
1815 2910 2139 2980 inciperent,

568 3015 686 3058 eam
732 3015 846 3055 rem
890 3001 993 3071 ipsi
1046 3003 1439 3068 recusaverint,
1483 3001 1728 3059 dicentes
1774 3003 1842 3056 ad
1893 3001 2138 3058 Mosem:

574 3113 592 3148 ι
628 3092 709 3148 Τιι
733 3093 956 3164 loquere
985 3094 1053 3148 ad
1084 3109 1204 3161 nos,
1247 3111 1426 3166 neque
1453 3095 1709 3165 loquatur
1735 3094 1803 3150 ad
1836 3109 1939 3150 nos
1971 3093 2136 3159 Deus,

577 3202 643 3246 ue
691 3186 993 3240 moriamur
1032 3189 1077 3220 ⁷⁸
1103 3210 1119 3243 :
1157 3206 1175 3240 ι
1233 3188 1429 3243 merito
1473 3187 1545 3243 ob
1589 3203 1709 3243 eam
1750 3203 1863 3242 rem
1909 3187 2140 3258 suscipit

570 3277 789 3347 quidem
824 3279 1041 3334 illorum
1075 3280 1332 3354 pietatem
1370 3296 1434 3334 ac
1465 3282 1821 3343 reverentiam
1853 3279 2135 3345 Dominus,

568 3370 710 3438 idem
765 3387 895 3432 vero
941 3373 1054 3435 ait:
1091 3392 1110 3428 ι
1139 3372 1305 3430 Recte
1353 3366 1538 3430 omnia
1588 3390 1929 3446 quaecunque
1972 3374 2136 3436 locuti

566 3471 717 3530 sunt,
761 3465 1081 3537 prophetam
1116 3467 1367 3521 excitabo
1419 3467 1529 3521 illis
1565 3466 1633 3522 de
1683 3467 1864 3528 medio
1907 3465 2136 3529 fratrum

565 3553 708 3620 sicut
755 3563 826 3608 te.
867 3572 886 3604 ι
928 3552 1021 3608 Sic
1070 3569 1198 3633 ergo
1247 3569 1472 3617 causam
1518 3570 1736 3634 quoque
1781 3556 1990 3622 docuit,
2040 3573 2140 3612 cur

565 3654 826 3716 tanquam
853 3646 1118 3728 prOpheta
1150 3645 1318 3709 fuerit
1355 3655 1619 3704 venturus
1650 3647 1718 3701 ad
1755 3647 2028 3704 homines.
2062 3649 2137 3704 Ea

563 3753 693 3803 vero
725 3736 826 3791 fuit
853 3736 1134 3793 hominum
1157 3737 1525 3803 imbecillitas,
1557 3746 1608 3793 et
1630 3740 2031 3808 praestantioris
2053 3743 2136 3796 vi-

563 3844 660 3884 sus
697 3826 990 3884 recusatio.
1029 3825 1208 3883 Habes
1239 3828 1405 3899 igitur
1449 3844 1698 3894 causam,
1741 3845 1841 3885 cur
1873 3832 2136 3902 propheta

564 3923 676 3986 ille,
707 3921 802 3992 qui
837 3929 1105 3974 venturus
1152 3921 1475 3984 cauebatur,
1524 3920 1689 3976 homo
1725 3930 1871 3977 esset
1897 3921 2133 3980 futurus.

562 4012 724 4090 445
753 4010 945 4068 Merito
978 4011 1143 4082 igitur
1165 4021 1543 4082 exspectantes
1578 4012 1730 4066 illum
1751 4011 1946 4078 Judaei,
1970 4013 2137 4070 Ioan-

566 4120 687 4160 nem
717 4103 1016 4175 Baptistam
1040 4103 1474 4173 interrogabant,
1523 4119 1587 4158 ac
1627 4105 1881 4160 dicebant
1913 4125 1926 4161 :
1957 4124 1976 4156 ι
2017 4105 2138 4177 Ipse

564 4195 825 4267 propheta
855 4211 914 4254 es
935 4195 1034 4251 tu?
1062 4203 1116 4252 et
1139 4194 1440 4268 respondit,
1477 4211 1588 4250 non
1613 4195 1680 4248 ⁷⁸.
1721 4217 1739 4249 ι
1768 4194 1973 4250 Verum
2007 4211 2135 4251 cum

561 4289 801 4348 Joannes
831 4307 1016 4357 verum
1071 4291 1349 4357 fateretur,
1379 4308 1488 4349 non
1549 4306 1610 4347 se
1653 4291 1972 4362 prophetam
2013 4307 2136 4349 esse

561 4381 778 4454 negavit
805 4398 823 4456 ;¹
858 4389 978 4449 erat
1015 4383 1182 4448 enim,
1215 4383 1308 4439 sed
1344 4400 1403 4453 se
1453 4383 1607 4438 illum
1659 4398 1780 4438 esse
1812 4383 2133 4453 prophetam

2249 1921 2337 1958 ται
2375 1904 2659 1976 προφήτην
2685 1903 3009 1974 ἀναστήσειν
3040 1902 3244 1966 αὐτοῖς.
3281 1901 3512 1973 Ἐπειδὴ
3545 1901 3658 1971 γὰρ
3698 1917 3847 1953 κεκε-

2251 1997 2434 2051 λεύκει
2459 1997 2557 2068 μὲν
2587 1995 2749 2059 αὐτὸς
2769 1995 2847 2066 τῷ
2871 1997 3095 2052 Μωθσεῖ
3139 1995 3359 2064 ἁγνίσαι
3380 1995 3482 2047 τὸν
3515 1993 3699 2048 πάντα
3727 1993 3847 2047 λαὸν

2250 2091 2336 2160 ἐφ’
2364 2089 2597 2160 ἡμέραις
2634 2089 2833 2160 τρισὶν,
2872 2087 2948 2151 ὡς
2981 2086 3047 2142 ἂν
3073 2089 3314 2156 γένοιντο
3341 2086 3547 2141 θεαταὶ
3583 2085 3722 2157 όμοῦ
3754 2087 3843 2140 καὶ

2249 2183 2514 2252 ἀκροαταὶ
2539 2182 2637 2252 τῆς
2667 2181 2849 2234 ἐνθέου
2883 2180 3203 2249 ἐπιφανείας
3229 2221 3244 2246 ,
3270 2181 3321 2233 οί
3357 2179 3418 2233 δέ
3471 2179 3571 2249 ἐξη
3583 2179 3842 2248 σθένησαν

2247 2274 2384 2345 πρὸς
2411 2273 2509 2346 τὴν
2536 2272 2630 2325 τοῦ
2666 2272 2800 2326 Θεοῦ
2830 2271 2989 2344 χάριν
3012 2287 3026 2301 '
3059 2270 3138 2324 διὸ
3165 2273 3222 2323 ἐν
3245 2271 3389 2340 ἀρχῇ
3421 2267 3717 2339 γενόμενοι
3747 2268 3840 2338 τῆς

2246 2366 2498 2439 θεωρίας,
2522 2364 2859 2438 παρῃτοῦντο
2882 2365 3128 2434 λέγοντες
3153 2363 3230 2429 τῷ
3251 2365 3486 2417 Μωῦσεῖ
3502 2379 3516 2392 ·
3548 2381 3566 2412 ι
3607 2363 3682 2416 Σὺ
3696 2363 3838 2416 λάλει

2245 2459 2380 2531 πρὸς
2403 2459 2570 2530 ἡμᾶς,
2601 2459 2695 2512 καὶ
2727 2458 2802 2529 μὴ
2830 2457 3057 2511 λαλείτω
3086 2455 3222 2528 πρὸς
3248 2445 3396 2526 ἡμᾶς
3415 2458 3445 2508 6
3466 2455 3629 2518 Θεὸς,
3659 2455 3742 2507 ἵνα
3763 2457 3833 2527 μὴ

2243 2550 2618 2621 ἀποθάνωμεν.
2649 2570 2668 2603 ι
2687 2549 2924 2612 Εἰκότως
2951 2548 3038 2602 διά
3061 2548 3230 2602 ταῦτα
3251 2548 3585 2617 ἀποδέχεται
3625 2547 3722 2618 μὲν
3745 2548 3833 2599 αὑ-

2241 2643 2367 2707 τοὺς
2391 2643 2419 2694 6
2443 2641 2645 2714 Κύριος
2668 2642 2767 2712 τῆς
2787 2640 3089 2704 εὐλαϐείας,
3113 2641 3246 2712 φησὶ
3266 2640 3342 2694 δέ’
3370 2659 3388 2691 ι
3417 2639 3636 2712 Ὀρθῶς
3664 2639 3830 2693 πάντα

2243 2736 2343 2788 ὃσα
2362 2734 2628 2806 ἐλάλησαν
2649 2748 2662 2763 ⁸
2699 2735 2989 2806 Προφήτην
3019 2734 3309 2804 ἀναστήσω
3337 2734 3527 2796 αὐτοῖς
3565 2733 3632 2784 ἐκ
3669 2731 3829 2802 μέσου

2242 2829 2350 2885 τῶν
2394 2827 2636 2898 ἀδελφῶν
2661 2870 2674 2889 ,
2718 2826 2908 2898 ὥσπερ
2961 2825 3043 2881 σέ.
3075 2845 3092 2878 ι
3132 2827 3344 2880 Οὐκοῦν
3387 2827 3453 2879 τὸ
3508 2825 3691 2880 αἴτιον
3730 2819 3827 2879 ἐδίλ

2240 2920 2366 2987 δαξε
2418 2920 2512 2976 τοῦ
2572 2919 2727 2989 δίκην
2784 2921 3062 2991 προφήτου
3126 2919 3336 2990 μέλλειν
3388 2919 3558 2972 αὑτὸν
3616 2919 3697 2980 είς
3739 2918 3823 2970 ἀνα

2242 3013 2494 3086 θρώπους
2540 3013 2860 3081 ἐπιφάνειαν
2912 3011 3214 3066 ποιεῖσθαι·
3265 3011 3424 3065 τοῦτο
3477 3012 3525 3064 δ’
3565 3007 3636 3082 ἦν
3670 3009 3823 3062 ἀσθέ-

2244 3124 2360 3160 νεια
2401 3104 2724 3176 ἀνθρώπων,
2763 3106 2857 3158 καὶ
2893 3105 2992 3175 τῆς
3023 3105 3329 3176 κρείττονος
3357 3105 3600 3176 θεωρίας
3642 3101 3822 3174 παραί-

2243 3215 2420 3270 τησις.
2479 3198 2662 3267 Ἔχεις
2722 3197 3011 3272 τοιγαροῦν
3053 3197 3148 3250 καὶ
3201 3198 3301 3269 τὴν
3351 3199 3540 3252 αἰτίαν
3589 3197 3688 3267 τῆς
3744 3197 3823 3248 ἐν·

2239 3292 2642 3365 ανθρωπήσεως
2715 3289 2810 3342 τοῦ
2877 3289 3268 3360 θεσπιςομένου
3337 3291 3652 3362 προφήτου.
3736 3288 3818 3340 El-

2240 3385 2410 3448 κὸτως
2466 3381 2558 3444 οὖν
2613 3383 3017 3464 προσδοκῶντες
3081 3383 3240 3436 αὑτὸν
3299 3384 3347 3435 οἱ
3400 3385 3468 3436 ἐκ
3527 3381 3820 3454 περιτομῆς

2240 3475 2594 3538 ἐπυνθάνοντο
2645 3474 2740 3526 τοῦ
2783 3471 3080 3542 βαπτιστοῦ
3117 3473 3358 3526 Ἰωάννου
3386 3513 3401 3532 ,
3459 3474 3558 3526 καὶ
3609 3471 3814 3539 ἔλεγον·

2243 3588 2261 3620 ι
2311 3571 2368 3621 'U
2396 3570 2676 3640 προφήτης
2700 3566 2747 3621 εί
2775 3568 2836 3620 σύ
2859 3583 2872 3632 ;
2907 3568 2962 3621 '0
2987 3566 3042 3619 δὲ
3072 3566 3173 3638 ἔφη
3193 3583 3206 3597 °
3239 3566 3405 3621 Οὔκ.»
3426 3566 3613 3620 Ἀλλ’ὁ
3646 3565 3817 3619 Ἰωάν-

2237 3676 2353 3729 νης,
2377 3658 2605 3730 τάληθὲς
2637 3658 2931 3728 ὁμολογῶν,
2967 3657 3088 3712 οὒτε
3135 3659 3420 3729 προφήτης
3471 3655 3613 3712 εἶναι
3657 3657 3812 3727 ἠρνή-

2240 3765 2389 3814 σατο,
2415 3745 2481 3820 ἦν
2506 3749 2634 3821 γὰρ,
2662 3750 2796 3803 ἀλλά
2823 3750 2883 3802 τὸ
2921 3750 3080 3814 αὐτὸς
3108 3746 3244 3802 εἶναι
3268 3752 3296 3803 6
3325 3753 3617 3821 προφήτης
3643 3751 3670 3802 6
3690 3746 3813 3819 πρὸς

2236 3840 2331 3895 τοῦ
2361 3841 2638 3904 Μωῦσέως
2669 3841 3058 3912 δεδηλωμένος·
3091 3843 3170 3894 ὅτι
3207 3841 3262 3894 δὲ
3291 3841 3703 3913 ἀπεσταλμένος
3735 3838 3810 3905 εἴη

2239 3933 2544 4006 ἔμπροσθεν
2607 3934 2700 3987 τοῦ
2769 3937 3046 4008 προφήτου
3104 3933 3312 3988 ἐκείνου
3377 3934 3651 3988 ἐδίδασκε.
3711 3931 3810 3983 Καὶ

2237 4025 2532 4099 ἐπειδήπερ
2562 4029 2590 4080 6
2613 4027 2768 4096 λόγος
2808 4027 2988 4090 αὐτοῖς
3015 4027 3078 4096 δὴ
3107 4030 3216 4090 τοῖς
3255 4029 3319 4080 ἐκ
3353 4027 3659 4099 περιτομῆς
3689 4025 3805 4078 ἀνα-

2240 4119 2529 4190 στήσεσθαι
2553 4119 2643 4172 τὸν
2673 4122 2955 4191 προφήτην
2985 4119 3289 4184 ἐθέσπιζεν,
3315 4120 3542 4183 εἰκότως
3571 4120 3600 4171 6
3629 4116 3806 4185 Σωτὴρ

2236 4211 2330 4262 καὶ
2359 4208 2561 4286 Κύριος
2591 4211 2767 4282 ἡμῶν,
2795 4210 2890 4265 ἆτε
2925 4210 2988 4280 δή
3017 4210 3177 4274 αὐτὸς
3205 4209 3279 4263 ῶν
3303 4212 3332 4263 6
3361 4205 3802 4282 προκεκηρυγμέο

2235 4319 2346 4366 νος,
2407 4322 2424 4354 ι
2479 4303 2592 4357 Οὐκ
2646 4300 2830 4375 ἦλθον,
2879 4305 3060 4379 φησὶν,
3114 4307 3160 4358 εἰ
3208 4305 3281 4377 μὴ
3333 4307 3410 4368 είς
3454 4305 3524 4359 τὰ
3572 4301 3804 4375 πρόϐατα

2236 4393 2549 4448 ἀπολωλότα
2597 4396 2745 4455 οἴκου
2783 4396 3013 4467 Ἰσραήλ.
3053 4415 3071 4447 ι
3110 4397 3234 4459 Τοῖς
3276 4397 3332 4449 δέ
3366 4395 3681 4457 ἀποστόλοις
3719 4390 3804 4443 αὖ-
3906 4399 3910 4402 ’

559 4476 842 4545 duntaxat,
874 4491 1032 4545 quem
1063 4474 1241 4542 Moses
1277 4485 1568 4531 venturum
1596 4476 1953 4547 praedixisset.
1978 4475 2134 4543 Quod

2244 4483 2330 4538 τοῦ
2363 4486 2594 4559 παρῄνει
2630 4485 2832 4557 λέγων’
2865 4506 2883 4538 ι
2921 4488 3014 4550 Είς
3053 4487 3168 4540 ὁδὸν
3207 4486 3374 4540 ἐθνῶν
3409 4487 3485 4558 μὴ
3518 4483 3799 4553 ἀπέλθητε,

561 4583 688 4624 vero
727 4568 1028 4634 anteillum
1069 4569 1389 4648 prophetam
1435 4569 1637 4624 missus
1676 4577 1844 4632 esset,
1877 4569 2132 4638 planissi-

561 4675 646 4715 me
677 4659 1094 4727 demonstravit.
1143 4659 1452 4724 Caeterum,
1503 4661 1761 4730 quoniam
1813 4661 2131 4736 prophetica

559 4753 733 4807 oratio
778 4752 902 4815 unis
947 4753 1014 4820 iis
1058 4751 1151 4822 qui
1197 4760 1265 4822 ad
1310 4753 1784 4812 circumcisionem
1836 4753 2128 4824 pertinent,

561 4846 938 4908 suseitandum
965 4861 1087 4901 esse
1111 4845 1428 4918 prophetam
1457 4846 1706 4912 canebat,
1731 4848 1924 4905 merito
1952 4846 2134 4902 Salva-

562 4949 647 5001 tor
687 4954 752 4994 ac
796 4938 1061 4994 Dominus
1107 4947 1315 5008 noster,
1341 4947 1526 5016 utpote
1567 4939 1661 5016 qui
1695 4939 1812 5012 ipse
1853 4948 1998 5007 esset
2040 4941 2132 4996 ille

557 5040 716 5103 antea
739 5031 1114 5099 denuntiatus,
1145 5050 1164 5082 ι
1196 5029 1316 5086 Non
1357 5033 1502 5096 veni,
1530 5032 1729 5102 inquit,
1761 5032 1870 5087 nisi
1907 5031 1974 5086 ad
2000 5049 2130 5090 oves

555 5140 677 5196 quae
717 5126 998 5196 perierunt
1040 5125 1237 5194 domus
1283 5123 1446 5192 Israel
1471 5125 1542 5194 7",
1571 5144 1590 5178 ι
1615 5124 1910 5196 Apostolos
1944 5139 2128 5194 autem

556 5235 688 5288 sues
713 5218 992 5282 monebat,
1017 5217 1245 5286 dicens:
1279 5236 1297 5268 ι
1332 5216 1388 5272 1η
1430 5216 1574 5273 viam
1617 5220 1862 5290 gentium
1886 5237 1953 5277 ne
1980 5223 2130 5286 abie-

555 5302 697 5372 ritis,
717 5315 770 5363 et
796 5307 851 5362 in
878 5309 1152 5376 civitatem
1181 5305 1653 5375 Samaritanorum
1678 5325 1746 5364 ne
1767 5310 2125 5374 intraveritis.

554 5400 632 5456 Ite
685 5415 817 5456 vero
866 5401 1050 5471 potius
1107 5399 1174 5454 ad
1223 5415 1353 5456 oves
1413 5416 1534 5471 quae
1595 5402 1874 5470 perierunt
1929 5404 2127 5461 domus

553 5493 718 5549 Israel
746 5493 832 5560 7';
874 5511 895 5547 ι
927 5492 1021 5560 ubi
1067 5493 1228 5570 plane
1272 5492 1543 5560 ostendit,
1594 5509 1653 5549 se
1679 5493 1855 5572 primo
1895 5495 2018 5557 loco
2057 5497 2125 5552 ad

552 5584 676 5656 illos
713 5599 837 5640 esse
878 5583 1140 5647 missum.
1167 5583 1312 5642 sicut
1367 5583 1531 5645 etiam
1573 5584 1642 5640 ab
1679 5585 1796 5656 ipsa
1839 5589 2124 5658 prophetia

622 5701 675 5770 τί
709 5698 895 5770 Matth.
926 5715 980 5760 v,
1010 5697 1103 5764 2|,
1129 5697 1218 5767 22.
1319 5699 1366 5729 "
1408 5704 1600 5755 Matth.
1664 5717 1776 5770 vn,
1837 5702 1930 5768 29.,

550 5773 596 5814 το
633 5769 822 5840 uauh.
848 5788 900 5842 κ,
937 5773 991 5840 5,
1017 5778 1069 5827 ti.

2031 5703 2077 5734 ⁷³
2133 5701 2305 5766 Exod.
2366 5720 2472 5767 xx,
2507 5703 2595 5759 I9.

2239 4578 2332 4630 καὶ
2360 4578 2440 4642 είς
2467 4577 2617 4634 πόλιν
2645 4578 2999 4649 Σαμαρειτῶν
3039 4579 3114 4651 μὴ
3164 4579 3438 4650 εἰσέλθητε
3460 4594 3471 4608 ·
3519 4571 3800 4648 πορεύεσθε

2236 4664 2291 4718 δὲ
2329 4665 2526 4736 μᾶλλον
2557 4667 2693 4736 πρὸς
2723 4666 2791 4719 τὰ
2822 4667 3065 4738 πρόϐατα
3087 4667 3156 4720 τὰ
3187 4667 3498 4724 ἀπολωλότα
3523 4667 3668 4720 οἴκου
3704 4663 3796 4715 Ἰσ-

2241 4759 2405 4830 ραήλ·
2445 4778 2464 4810 ι
2497 4759 2685 4827 σαφῶς
2715 4758 3000 4823 διδάσκων,
3044 4761 3124 4813 ὅτι
3154 4759 3218 4831 δὴ
3258 4762 3436 4823 αὐτοῖς
3469 4752 3798 4830 προηγουμέ-

2238 4869 2343 4916 νως
2372 4851 2694 4917 ἀπέσταλτο,
2749 4855 2814 4923 τῇ
2861 4852 3165 4925 προφητείᾳ
3215 4852 3539 4915 ἀκολούθως.
3594 4844 3792 4914 Ἐπειδὴ

2237 4943 2294 4996 δέ
2319 4943 2417 4996 οὐκ
2445 4943 2690 5009 ἐδέξαντο
2728 4945 2826 5017 τὴν
2867 4945 3044 5017 χάριν,
3079 4942 3367 5014 ἀπελέγχει
3395 4945 3491 5013 μὲν
3519 4943 3709 5002 αὐτοὺς
3742 4939 3794 4988 ἐν

2237 5036 2462 5106 ἑτέροις,
2487 5035 2659 5104 λέγων
2682 5053 2695 5066 ·
2731 5055 2748 5089 ι
2786 5038 2930 5098 Διότι
2956 5033 3138 5120 ἦλθον,
3168 5037 3261 5089 καὶ
3289 5037 3389 5089 οὐκ
3409 5032 3478 5108 ἦν
3503 5036 3789 5105 ἄνθρωπος’

2237 5126 2488 5191 ἐκάλεσα,
2524 5128 2616 5182 καὶ
2649 5129 2748 5182 οὐκ
2782 5124 2849 5198 ἦν
2885 5127 3192 5182 ὑπακούων.
3234 5147 3251 5178 ι
3287 5127 3425 5198 Φησὶ
3460 5127 3516 5180 δέ
3548 5124 3677 5198 πρὸς
3700 5121 3790 5176 αὑ·

2233 5219 2358 5282 τούς
2375 5236 2390 5250 ο
2416 5238 2433 5270 ι
2458 5219 2776 5292 Ἀρθήσεται
2803 5219 2896 5290 ἀφ’
2925 5219 3131 5290 ὑμῶνή
3156 5218 3398 5296 βασιλεία
3417 5217 3510 5272 τοῦ
3533 5217 3681 5277 Θεοῦ,
3705 5211 3788 5266 καὶ

2233 5311 2519 5384 δοθήσεται
2549 5312 2690 5366 ἔθνει
2733 5312 2972 5375 ποιοῦντι
2998 5312 3123 5374 τοὺς
3155 5313 3401 5382 καρποὺς
3429 5311 3612 5381 αὐτῆς.
3640 5327 3656 5358 ι
3689 5302 3790 5357 Καὶ

2233 5407 2344 5468 τοῖς
2367 5421 2429 5473 γε
2460 5405 2622 5458 αὑτοῦ
2648 5405 2915 5476 μαθηταῖς
2941 5404 3076 5474 μετά
3102 5402 3200 5474 τὴν
3229 5402 3450 5462 ἐκείνων
3477 5400 3786 5474 παραίτησιν

2234 5494 2594 5565 προστάττει⁸
2629 5513 2646 5544 ι
2688 5492 3050 5563 Πορευθέντες
3102 5491 3475 5564 μαθητεύσατε
3523 5492 3689 5545 πάντα
3723 5481 3786 5537 τὰ

2235 5570 2360 5658 ἐθνη
2378 5589 2434 5640 ἐν
2451 5587 2528 5658 τῷ
2543 5586 2764 5657 ὀνόματί
2789 5603 2907 5656 μου.
2925 5605 2942 5637 ι
2961 5573 3116 5640 Οῦτω
3134 5586 3268 5652 δῆτα
3288 5588 3445 5657 ἡμεῖς
3472 5585 3571 5655 μὲν
3588 5584 3652 5636 τά
3669 5579 3780 5645 ἔθνη

2699 5703 2744 5735 ⁷⁸
2781 5700 2938 5758 Joan.
2978 5719 3030 5769 ι,
3065 5701 3152 5767 2|.
3260 5704 3306 5734 ⁷⁵
3347 5701 3537 5758 Matth.
3576 5718 3673 5764 xv,
3698 5694 3778 5750 26.
