4106 6420
382 276 489 332 693

1297 271 1951 332 DEMONSTRATIONIS
1984 267 2441 328 EVANGELICE
2479 266 2609 325 LIB.
2650 264 2740 320 IX.

3512 262 3613 322 695

372 390 461 442 τὸν
494 386 1018 460 προαναφωνηθέντα
1042 405 1136 441 και
1159 387 1295 461 πρὸς
1317 387 1411 442 τοῦ
1436 388 1650 461 Πατρὺς
1670 388 1919 444 άπεσταλ·

2040 387 2246 442 dictum
2268 386 2467 443 fuerat.
2507 383 2611 440 Sed
2631 397 2755 437 cum
2779 383 2942 439 talem
2981 385 3211 455 gratiam
3234 397 3344 438 non
3371 356 3614 453 accepis-

373 477 532 547 μένον
555 478 859 550 προφήτην,
890 477 987 531 ἅτε
1016 478 1309 548 νομοθέτην
1334 477 1504 532 ἆπασι
1527 480 1815 551 γενόμενον
1844 480 1940 534 ἀν-

369 568 611 640 θρώποις
645 569 748 640 τῆς
790 570 869 633 είς
900 569 989 624 τὸν
1019 569 1127 624 τῶν
1168 569 1304 624 ὅλων
1346 571 1477 624 θεὸν
1527 570 1823 636 εὐσεϐείας,
1853 569 1942 634 διά

366 660 468 730 τῆς
498 660 768 734 σωτηρίου
799 661 894 715 καὶ
925 661 1285 732 εύαγγελικῆς
1314 661 1661 726 διδασκαλίας
1696 660 1941 733 ἔγνωμεν

364 751 460 804 καὶ
497 750 923 822 κατεδεξάμεθα,
965 751 1345 824 πληρουμένης
1383 752 1525 807 κατά
1561 752 1622 806 τὸ
1673 753 1804 807 αὐτὸ
1844 753 1940 808 καὶ

365 841 561 913 ἑτέρας
607 844 994 916 προρρήσεως,
1038 842 1104 896 δι’
1128 839 1197 915 ἧς
1234 843 1471 914 εἴρηται*
1512 861 1532 896 ι
1564 843 1936 915 Κατάστησον,

363 932 560 1004 Κύριε,
584 932 879 1004 νομοθέτην
903 934 1103 997 αὐτοῖς,
1130 932 1422 1002 γνώτωσαν
1442 933 1589 1004 ἔθνη,
1614 933 1694 987 ὅτι
1728 934 1937 1007 ἄνθρω-

360 1022 458 1078 ⁴κοί
486 1025 628 1078 είσι’
670 1042 689 1075 ι
718 1023 781 1076 τὸ
810 1023 869 1078 δὲ
904 1023 1168 1078 Ἰουδαίων
1204 1022 1356 1088 ἔθνος
1389 1024 1463 1095 μή
1496 1021 1937 1095 παραδεξάμενον

356 1112 453 1169 τὸν
475 1114 970 1187 προφητευόμενον,
998 1115 1156 1187 δίκην
1180 1115 1325 1168 ἔτισε
1355 1115 1454 1187 τὴν
1473 1113 1649 1180 ἀξίαν,
1674 1115 1814 1168 κατά
1838 1115 1936 1188 τὴν

357 1205 514 1259 θείαν
538 1206 842 1278 πρόρρησιν
875 1206 1121 1277 φήσασαν
1140 1223 1155 1236 ·
1195 1224 1215 1257 ι
1254 1205 1364 1258 Καὶ
1393 1207 1422 1258 ό
1444 1204 1727 1277 ἄνθρωπος
1752 1204 1810 1267 ὃς
1840 1211 1935 1258 εαν

360 1296 437 1368 μὴ
468 1294 677 1368 ἀκούσῃ
706 1297 880 1351 πάντα
909 1296 1008 1349 ὅσα
1035 1295 1129 1350 ἐὰν
1161 1294 1369 1369 λαλήσῃ
1402 1296 1431 1348 ὁ
1458 1296 1739 1367 προφήτης
1768 1296 1825 1347 ὲν
1856 1293 1935 1365 τῷ

353 1384 583 1456 ὀνόματί
612 1403 734 1458 μου,
759 1386 868 1456 ἐγὼ
893 1387 1163 1458 ἐκδικήσω
1191 1385 1252 1451 ἐξ
1281 1384 1465 1439 αὐτοῦ.
1502 1405 1521 1438 ι
1568 1385 1933 1458 Ἐκδεδίκηται

353 1477 490 1546 γοῦν
521 1480 587 1532 ὲκ
612 1477 706 1532 τοῦ
730 1478 868 1533 λαοῦ
902 1479 1109 1533 ἐκείνου
1134 1480 1242 1533 πᾶν
1266 1475 1404 1551 αἷμα
1435 1478 1662 1551 ἐκχυθὲν
1704 1478 1796 1532 ἐπὶ
1835 1478 1934 1549 τῆς

355 1569 482 1641 γῆς,
516 1570 623 1623 άπὸ
650 1570 880 1641 αἵματος
915 1569 1080 1625 Ἀϐελ
1110 1570 1214 1634 ἕως
1245 1571 1476 1641 αἵματος
1520 1569 1810 1642 Ζαχαρίου,
1837 1569 1933 1623 καὶ

353 1661 522 1716 αὐτοῦ
544 1679 609 1733 γε
631 1664 724 1717 ἐπὶ
747 1664 879 1717 πᾶσι
900 1662 995 1717 τοῦ
1015 1661 1273 1736 Χριστοῦ,
1297 1656 1360 1716 οὗ
1391 1663 1454 1717 τὸ
1479 1657 1620 1735 αἷμα
1650 1662 1773 1718 καθ’
1805 1662 1931 1715 ἑαυ-

2043 488 2185 542 sent,
2218 476 2439 534 eosdem
2483 474 2613 530 alibi
2652 475 2953 545 redarguit,
2994 474 3230 530 dicens:
3272 492 3291 526 ι
3344 472 3421 529 Eo
3464 474 3611 544 quod

2040 568 2257 636 veni,et
2295 582 2406 623 non
2444 566 2543 621 fuit
2585 566 2768 628 homo,
2801 564 3012 630 vocavi,
3042 573 3098 621 et
3126 580 3233 619 non
3265 565 3366 619 fuit
3394 564 3488 635 qui
3514 579 3613 618 au-

2040 656 2262 714 diret".
2294 676 2313 710 ι
2347 654 2549 712 Deinde
2570 655 2637 710 ad
2658 654 2778 709 illos
2813 651 2947 707 dicit
2975 672 2989 707 :
3025 672 3043 705 ι
3073 652 3366 709 Auferetur
3398 670 3429 707 ιι
3457 650 3615 709 vobis

2039 762 2265 819 regnum
2288 745 2405 813 Dei,
2436 754 2491 802 et
2514 745 2735 799 dabitur
2768 745 2918 817 genti
2942 743 3135 800 ferenti
3183 745 3397 801 fructus
3430 743 3604 815 ejus.»

2042 836 2168 894 Suis
2192 852 2322 893 vero
2351 837 2638 908 discipulis
2680 848 2804 908 post
2851 836 3067 891 illorum
3110 836 3458 906 rejectionem
3503 836 3612 890 im-

2040 936 2194 1000 perat
2232 947 2245 983 :
2277 947 2296 979 ‹
2354 928 2433 985 Ite
2468 936 2522 984 et
2571 928 2763 984 docete
2820 943 3011 983 omnes
3064 937 3251 999 gentes
3291 929 3348 983 in
3390 928 3610 985 nomine

2038 1037 2160 1077 meo
2182 1022 2247 1074 ⁷³.
2300 1039 2320 1073 ι
2356 1020 2449 1077 Sic
2491 1020 2658 1090 igitur
2683 1037 2784 1077 nos
2808 1020 3027 1091 quidem
3067 1028 3277 1091 gentes,
3326 1029 3481 1077 antea
3509 1022 3609 1077 de-

2038 1114 2347 1167 nuntiatum
2400 1111 2551 1166 illum
2609 1122 2663 1167 et
2707 1127 2736 1166 a
2781 1110 2941 1166 Patre
2985 1110 3215 1167 missum
3261 1113 3604 1182 prophetam,

2038 1214 2295 1275 tanquam
2328 1220 2454 1260 eum
2488 1206 2580 1276 qui
2618 1206 2873 1262 omnibus
2902 1203 3220 1261 hominibus
3250 1211 3305 1259 et
3337 1205 3515 1276 legum
3554 1211 3609 1261 et

2036 1299 2254 1369 pietatis
2300 1313 2429 1367 erga
2477 1296 2645 1352 Deum
2689 1297 2931 1353 universi
2971 1305 3164 1351 auctor
3190 1297 3480 1363 exstiterit,
3510 1311 3609 1367 per

2034 1387 2519 1458 salutaremipsius
2540 1388 3020 1459 evangelicamque
3051 1387 3356 1443 doctrinam
3389 1389 3609 1459 agnovi-

2033 1494 2195 1543 mus,
2251 1485 2307 1535 et
2362 1479 2727 1550 suscepimus,
2783 1496 2907 1535 cum
2957 1479 3013 1535 in
3071 1470 3177 1535 hoc
3224 1480 3331 1535 alia
3388 1495 3607 1550 quoque

2033 1571 2313 1641 prophetia
2339 1571 2609 1642 completa
2658 1571 2760 1639 sit,
2793 1587 2915 1643 qua:
2944 1572 3062 1629 ait:
3107 1590 3129 1636 ι,
3163 1571 3470 1639 Constitue,
3498 1573 3605 1627 Do-

2034 1661 2199 1723 mine,
2232 1660 2598 1731 legislatorem
2624 1661 2764 1731 apud
2796 1676 2914 1727 eos,
2937 1672 3236 1733 agnoscant
3254 1673 3443 1734 gentes
3457 1660 3601 1735 quod

351 1754 463 1808 τῶν
494 1753 906 1827 ἑξαιτησάμενοι
938 1756 1031 1809 καὶ
1062 1756 1201 1810 κατά
1241 1755 1351 1810 τῶν
1386 1755 1528 1809 ίδίων
1566 1754 1792 1818 παίδων,
1816 1754 1919 1806 είσ-

2029 1752 2277 1807 homines
2314 1760 2444 1808 sunt
2476 1753 2542 1808 τ’.
2592 1771 2612 1805 ι
2653 1750 2828 1808 Judaei
2871 1769 3004 1809 vero
3045 1763 3235 1810 contra
3285 1757 3378 1827 qui
3426 1742 3600 1826 illum,

352 1843 434 1897 ἐτι
467 1843 564 1898 νῦν
598 1844 699 1915 τῆς
735 1844 1095 1918 τολμηθείσης
1124 1849 1306 1914 αὐτοῖς
1334 1847 1588 1911 ἀσεϐείας
1618 1846 1719 1918 τὴν
1748 1861 1924 1916 τιμω-

352 1936 477 2007 ρίαν
504 1936 816 2006 ὑπέχουσιν.

2029 1858 2190 1914 quem
2226 1859 2324 1899 sua
2355 1843 2601 1915 ipsorum
2638 1846 2862 1901 oracula
2904 1855 3191 1903 venturum
3233 1847 3601 1918 praedicebant

2029 1951 2137 1990 non
2160 1944 2538 2006 susceperunt,
2565 1935 2818 1993 idoneum
2850 1936 3045 1994 dedere
3064 1940 3390 2010 supplicium
3415 1982 3431 2004 ,
3458 1926 3601 1994 sicut

352 2029 639 2099 prophetia
675 2030 859 2086 divina
898 2032 1321 2103 signiﬁcaverat,
1367 2047 1493 2088 cum
1557 2031 1745 2088 dixit:
1811 2047 1830 2079 ι
1887 2029 1953 2083 Et
1988 2030 2306 2101 quicunque
2348 2030 2512 2088 homo
2565 2048 2675 2088 non
2722 2033 2960 2090 audierit
3024 2035 3207 2115 omnia
3260 2049 3598 2105 quaecunque

350 2120 607 2192 loquetur
629 2126 894 2194 propheta
919 2125 1009 2181 ille
1038 2126 1093 2180 in
1127 2126 1349 2181 nomine
1389 2141 1531 2190 meo,
1557 2141 1659 2197 ego
1685 2122 1923 2179 ulciscar
1958 2137 2024 2177 ex
2054 2137 2137 2177 eo.
2175 2142 2195 2176 ι
2239 2121 2397 2180 Ultus
2421 2123 2588 2195 igitur
2642 2133 2727 2180 est
2764 2125 2832 2181 de
2857 2125 3057 2197 pepulo
3082 2125 3174 2181 illo
3195 2142 3410 2183 onmem
3468 2143 3598 2183 san—

348 2218 571 2286 guinem
601 2217 832 2275 effusum
879 2220 934 2275 in
960 2228 1160 2276 terram
1202 2235 1228 2275 a
1282 2222 1547 2293 sanguine
1608 2220 1763 2286 Abel,
1823 2231 1999 2288 usque
2036 2217 2104 2272 ad
2152 2219 2472 2290 sanguinem
2504 2218 2804 2285 Zachariae,
2835 2227 2891 2275 et
2942 2218 3010 2274 ad
3062 2227 3364 2276 extremum
3422 2220 3598 2292 ipsius

347 2308 581 2375 Christi,
626 2311 787 2381 cujus
833 2314 1152 2385 sanguinem
1203 2330 1330 2371 cum
1356 2331 1525 2387 super
1551 2332 1632 2385 se,
1663 2322 1719 2371 et
1758 2328 1925 2385 super
1961 2312 2103 2371 illius
2125 2329 2257 2370 suos
2313 2316 2789 2388 expoposcissent,
2851 2315 2906 2371 in
2928 2316 3075 2371 hunc
3100 2333 3273 2389 usque
3296 2316 3438 2373 diem
3475 2318 3595 2390 ejus

347 2404 598 2469 sceleris,
614 2407 759 2476 quod
783 2408 1145 2466 audacissime
1165 2418 1567 2482 perpetrarunt,
1590 2409 1916 2483 supplicium
1955 2408 2220 2481 pendunt.

358 2513 504 2568 Ἀπὸ
536 2514 642 2571 τοῦ
671 2516 807 2572 Ἰὼϐ.
831 2549 903 2560 -
923 2518 1215 2600 Περὶ-’τῆς
1253 2521 1322 2600 ἐξ
1364 2518 1623 2577 θαλάττῃ
1679 2517 1922 2588 πορείας

924 2591 1033 2644 τοῦ
1061 2591 1342 2659 Χριστοῦ.
1674 2642 1693 2661 ,

421 2715 443 2750 ε
495 2697 552 2752 ὐ
582 2698 754 2768 λέγων
786 2701 863 2773 τῷ
902 2701 1055 2774 ήλίῳ,
1095 2705 1190 2757 καὶ
1220 2705 1319 2758 οὐκ
1365 2704 1665 2769 ἀνατέλλει,
1693 2704 1835 2759 κατὰ
1861 2702 1920 2757 δὲ

344 2787 561 2861 ἄστρων
587 2796 1037 2866 κατασφραγίζει,
1080 2799 1109 2851 ό
1153 2798 1389 2862 τανύσας
1428 2797 1519 2851 τὸν
1563 2797 1787 2870 οὐρανὸν
1823 2794 1919 2867 μό-

344 2897 455 2947 νος,
480 2884 577 2938 καὶ
601 2887 915 2957 περιπατῶν
950 2890 1041 2942 ἐπὶ
1069 2888 1341 2960 θαλάσσης
1374 2890 1450 2952 ὡς
1479 2890 1564 2943 ἐπ’
1599 2889 1849 2958 ἐδάφους.
1891 2907 1910 2939 ι

345 2976 653 3069 ξαὶᾼταῠτα
691 2979 836 3051 μόνῳ
878 2979 957 3051 τῷ
994 2980 1205 3055 Σωτῆρι
1254 2983 1350 3036 καὶ
1394 2981 1584 3052 Κυρίῳ
1630 2981 1807 3052 ἡμῶν,
1840 2979 1915 3044 ὡς
1945 3012 1986 3069 ο

342 3065 413 3119 ἂν
437 3066 570 3122 Θεοῦ
604 3069 779 3141 Λόγῳ,
808 3071 1122 3144 δημιουργῷ
1149 3072 1257 3126 τῶν
1288 3073 1421 3126 ὅλων
1462 3072 1779 3142 τυγχάνοντι
1821 3071 1919 3140 ἀρ-

344 3157 501 3227 μόζοι
533 3159 628 3213 ἀν’
679 3162 836 3232 μόνος
867 3161 996 3232 γοῦν
1049 3163 1158 3217 τῶν
1199 3164 1415 3218 πώποτε
1466 3163 1609 3217 κατά
1650 3163 1776 3225 τοὺς
1820 3162 1919 3233 τῆς

340 3249 803 3325 ὲνανθρωιτήσεως
827 3255 1068 3327 χρόνους,
1102 3256 1259 3328 σῶμα
1290 3257 1383 3311 καὶ
1418 3257 1603 3328 σχῆμα
1636 3252 1915 3326 ἀνθρώπι-

338 3356 431 3394 νον
463 3342 763 3406 ἀναλαϐὼν,
794 3346 887 3399 ἐπὶ
915 3347 1015 3417 τῆς
1060 3347 1331 3419 θαλάσσης
1362 3346 1729 3419 περιπατῆσαι
1759 3344 1913 3414 λέγε-

337 3448 452 3496 ται,
476 3434 566 3486 ὅτε
590 3436 713 3499 τοὺς
743 3438 939 3493 ἑαυτοῦ
971 3439 1215 3513 μαθητάς
1237 3440 1542 3511 ἠνάγκασεν
1575 3436 1806 3509 ἐμϐῆναι
1833 3438 1915 3502 εἰς

340 3521 540 3588 πλοῖον,
560 3526 653 3578 καὶ
676 3528 933 3599 προάγειν
954 3530 1116 3584 αὐτὸν
1142 3531 1222 3594 είς
1244 3529 1307 3584 τὸ
1329 3529 1522 3595 πέραν,
1547 3529 1651 3592 ἕως
1672 3523 1732 3583 οὗ
1754 3529 1915 3595 αὐτὸς

337 3614 584 3688 ἀπολύσῃ
601 3618 726 3682 τοὺς
743 3618 932 3689 ὄχλους
948 3638 962 3651 ⁸
983 3623 1076 3675 καὶ
1097 3622 1370 3688 ἀπολύσας
1392 3624 1518 3687 τοὺς
1538 3623 1727 3695 ὄχλους
1746 3623 1912 3696 ἀνέϐη

336 3707 422 3770 είς
447 3707 509 3760 τὸ
539 3708 681 3780 ὄρος,
708 3714 827 3765 κατ’
860 3711 992 3766 ἰδίαν
1025 3714 1438 3785 προσεύξασθαι.
1467 3715 1653 3785 Ὀψίας
1681 3715 1738 3770 δὲ
1762 3732 1915 3785 γενο-

339 3798 509 3871 μένης
536 3802 692 3872 μόνος
717 3799 784 3876 ἦν
812 3806 944 3858 ἐκεῖ.
964 3806 1036 3859 Τὸ
1060 3806 1117 3859 δὲ
1141 3808 1319 3864 πλοῖον
1344 3809 1446 3880 ήδη
1464 3804 1530 3880 ἦν
1551 3811 1610 3864 ὲν
1641 3808 1790 3880 μέσῳ
1810 3810 1913 3881 τῆς

338 3891 632 3966 θαλάσσης.
671 3897 889 3962 ’ἰδόντες
919 3899 976 3953 δὲ
1016 3899 1177 3953 αὑτὸν
1213 3901 1307 3954 ἐπὶ
1334 3901 1433 3972 τῆς
1464 3901 1758 3973 θαλάσσης,
1784 3904 1909 3956 ετα-

338 3985 637 4057 ράχθησαν,
669 3989 935 4058 λέγοντες,
968 3992 1049 4045 ὅτι
1076 3991 1368 4064 φάντασμά
1392 3995 1528 4056 ἐστι,
1557 3994 1651 4048 xui.
1676 3993 1785 4047 ἀπὸ
1812 3991 1906 4046 τοῦ

336 4077 505 4148 φόϐου
536 4079 785 4151 ἔκραξαν.
816 4084 1032 4147 Εὐθέως
1070 4083 1127 4137 δὲ
1168 4083 1428 4156 ἐλάλησεν
1465 4086 1666 4155 αὐτοῖς,
1698 4087 1901 4157 λέγων·

339 4188 360 4221 ι
399 4170 677 4242 Θαρσεῖτε,
701 4174 809 4243 ὲγὼ
834 4176 969 4246 εἰμι,
1000 4175 1074 4247 μὴ
1108 4176 1377 4245 φοϐεῖσθε.
1421 4197 1440 4230 ι
1481 4179 1689 4244 ’Ἄλλως
1717 4180 1774 4235 δὲ
1804 4182 1904 4237 ούκ

334 4260 403 4316 ἂν
436 4263 641 4331 γένοιτο
672 4266 972 4340 ἀξιοπρεπῆ
1011 4268 1284 4339 θεολογίαν
1317 4270 1493 4324 δοκεῖν
1529 4271 1820 4343 περιέχειν,
1849 4277 1899 4328 εί

2055 2518 2223 2594 m
2277 2519 2357 2574 Ab
2417 2520 2539 2577 Job.
2583 2552 2655 2565 —
2709 2522 2784 2577 De
2844 2523 3205 2606 ambulatione
3249 2523 3453 2580 Christi
3502 2527 3558 2583 in

2718 2609 2876 2649 man.

2097 2721 2115 2754 ι
2146 2699 2251 2770 Qui
2271 2701 2404 2758 dicit
2421 2703 2545 2767 soli,
2569 2711 2624 2758 et
2647 2718 2757 2759 non
2782 2704 2977 2768 oritur.
3003 2712 3058 2761 ct
3081 2714 3231 2762 astra
3252 2707 3409 2777 quasi
3434 2706 3593 2779 signo

2020 2793 2293 2864 impresso
2336 2794 2563 2862 claudit,
2609 2794 2704 2866 qui
2750 2794 2996 2852 extendit
3046 2796 3247 2851 coelum
3282 2799 3464 2863 solus,
3496 2798 3591 2868 qui

2019 2884 2262 2940 ambulat
2300 2885 2355 2940 in
2384 2887 2521 2941 mari
2574 2886 2718 2941 sicut
2762 2886 2819 2941 in
2860 2887 2977 2943 Solo
3013 2887 3082 2942 ⁸⁰.
3114 2907 3134 2941 ι
3169 2886 3294 2944 Ilaec
3324 2888 3450 2944 item
3497 2890 3591 2946 uni

2023 2973 2291 3032 Salvatori
2326 2991 2391 3032 ac
2420 2975 2651 3034 Domino
2676 2989 2888 3045 nostro,
2913 2986 3174 3050 tanquam
3208 2978 3299 3036 Dei
3327 2979 3507 3037 Verbo
3535 2991 3591 3040 et

2021 3082 2203 3122 rerum
2227 3069 2472 3124 omnium
2493 3069 2673 3140 opiﬁci
2697 3072 3097 3127 accommodari
3136 3081 3371 3143 possunt
3398 3089 3414 3139 ;
3439 3074 3590 3129 solus

2019 3160 2165 3215 enim
2205 3176 2274 3215 ex
2292 3160 2550 3218 onmihus
2571 3162 2664 3231 qui
2696 3177 2936 3234 unquam
2966 3162 3189 3231 fuerint,
3213 3181 3321 3237 quo
3349 3173 3591 3234 tempore

2018 3252 2182 3307 homo
2213 3251 2395 3309 factus
2421 3261 2526 3318 est,
2550 3262 2605 3309 et
2638 3270 2866 3326 corpore
2893 3264 2949 3310 et
2990 3256 3163 3327 tigura
3213 3256 3453 3313 hominis
3497 3275 3587 3313 as-

2018 3352 2256 3414 sumpta,
2281 3344 2335 3399 in
2354 3348 2641 3416 superﬁcie
2663 3346 2831 3401 maris
2855 3348 3165 3403 ambulasse
3183 3348 3384 3403 dicitur
3411 3369 3425 3405 :
3461 3366 3585 3405 cum

2018 3454 2152 3494 suos
2199 3436 2500 3507 discipulos
2540 3439 2805 3508 compulit
2850 3439 3147 3494 ascendere
3178 3438 3232 3493 in
3257 3440 3583 3506 naviculam,

2013 3533 2068 3582 et
2096 3526 2401 3596 praecedere
2423 3526 2601 3597 ipsum
2630 3536 2783 3583 trans
2808 3527 3218 3592 l'retum,doncc
3248 3529 3364 3598 ipse
3401 3529 3587 3583 dimit-

2014 3625 2152 3674 teret
2181 3618 2389 3683 turbas,
2407 3627 2462 3673 et
2486 3619 2732 3675 dimissis
2757 3619 2931 3675 turbis
2967 3620 3215 3675 ascendit
3254 3621 3309 3675 in
3347 3631 3585 3678 montem

2013 3718 2074 3763 ut
2093 3708 2245 3764 solus
2265 3716 2467 3765 oraret.
2507 3706 2746 3779 Vespere
2772 3716 2953 3763 autem
2990 3708 3134 3764 facto
3160 3711 3314 3766 solus
3336 3718 3452 3765 erat
3484 3711 3581 3768 ibi.

2011 3799 2271 3856 Navicula
2302 3810 2482 3856 autem
2520 3800 2634 3871 jam
2676 3808 2795 3856 erat
2835 3801 2891 3854 iu
2936 3800 3116 3856 medio
3155 3802 3583 3859 mari.Videntcs

2011 3906 2191 3953 autem
2220 3914 2346 3954 eum
2371 3913 2537 3968 supra
2562 3913 2713 3953 mare
2742 3896 2943 3952 turbati
2972 3905 3123 3963 sunt,
3151 3898 3397 3953 dicentes
3439 3898 3583 3969 quod

2008 3991 2332 4062 phantasma
2361 3998 2529 4057 esset,
2553 3997 2608 4044 et
2637 4005 2749 4060 pra:
2784 3989 2981 4043 timore
3020 3990 3413 4045 clamaverunt.
3462 3989 3585 4043 Sta-

2007 4083 2105 4137 tim
2127 4097 2255 4138 vero
2273 4081 2490 4137 locutus
2513 4089 2598 4137 est
2624 4079 2930 4147 eis,dicens
2952 4078 3295 4143 :¢Conﬁdile,
3316 4095 3417 4151 ego
3438 4096 3583 4165 sum,

2006 4174 2177 4231 nolite
2201 4174 2394 4230 timere
2422 4171 2492 4227 ⁶¹.
2530 4190 2550 4224 ι
2576 4170 2712 4226 Nam
2752 4172 2955 4241 alioqui
2996 4169 3112 4224 ﬁeri
3155 4186 3266 4224 non
3299 4171 3498 4241 poterit
3521 4182 3582 4227 ut

2006 4266 2116 4323 Deo
2140 4266 2552 4321 convenientem
2603 4261 2934 4331 theoIOgiam
2994 4261 3462 4332 comprehendere
3499 4263 3584 4316 vi-

333 4353 428 4406 ἐπὶ
450 4354 545 4407 τοῦ
577 4357 837 4413 ἀνωτάτω
867 4358 1001 4413 Θεοῦ
1043 4362 1138 4414 καὶ
1162 4362 1373 4434 Πατρὸς
1397 4362 1504 4417 τῶν
1534 4363 1670 4417 ὅλων
1701 4365 1906 4439 ἐκλαμ-

2021 4360 2199 4415 ieatur
2227 4358 2530 4420 oraculum,
2563 4357 2609 4411 si
2655 4354 2782 4427 quis
2810 4353 2944 4408 illud
2990 4354 3057 4408 de
3088 4368 3345 4424 supremo
3383 4353 3496 4410 Deo
3531 4364 3586 4409 ct

332 4445 485 4500 ϐάνοι
510 4465 595 4511 τις
622 4449 682 4502 τὸ
707 4449 904 4520 λόγιον.
929 4451 993 4505 Τί
1018 4451 1124 4525 γὰρ
1148 4454 1261 4525 ἔχει
1296 4455 1492 4530 σεμνὸν
1513 4456 1608 4510 καὶ
1633 4455 1908 4528 ἀξιόλογον

330 4535 426 4591 ἐπὶ
451 4537 545 4592 τοῦ
573 4540 707 4594 Θεοῦ
746 4541 852 4594 τῶν
884 4543 1019 4596 ὅλων
1053 4549 1370 4616 περιπατεῖν
1410 4546 1660 4617 λέγεσθαι
1690 4548 1785 4603 ἐπὶ
1807 4551 1908 4623 τῆς

331 4627 636 4700 θαλάσσης;
674 4632 797 4695 Πῶς
843 4633 900 4687 δὲ
951 4636 1047 4688 καὶ
1089 4637 1303 4711 νοηθείη
1340 4639 1640 4711 περίπατος
1677 4641 1771 4694 ἐπὶ
1806 4643 1906 4714 τῆς

331 4720 606 4793 θαλάσσης
640 4723 733 4776 τοῦ
776 4724 845 4778 τά
879 4726 1054 4782 πάντα
1092 4730 1455 4801 περιέχοντος,
1496 4733 1589 4786 καὶ
1620 4734 1710 4787 τὸν
1743 4734 1905 4806 ούρα-

331 4810 420 4864 νὸν
447 4813 540 4866 καὶ
564 4813 663 4884 τὴν
685 4816 786 4886 γῆν
812 4816 1175 4889 πληροῦντος;
1203 4821 1293 4873 καὶ
1318 4823 1596 4893 μονονουχὶ
1619 4823 1869 4893 λέγοντος
1886 4840 1902 4854 ⁸

335 4921 357 4955 ι
404 4903 462 4958 Ὁ
488 4906 715 4977 οὐρανός
742 4924 831 4977 μοι
856 4907 1061 4978 θρόνος,
1094 4911 1127 4981 ή
1155 4910 1213 4963 δὲ
1242 4910 1314 4981 γῆ
1339 4911 1624 4966 ὑποπόδιον
1661 4914 1772 4968 τῶν
1805 4932 1903 4970 πο·-

216 5062 221 5069 ὶ
331 4991 438 5046 δῶν
486 5012 617 5065 μου·
652 5016 670 5049 ›
698 4997 823 5051 καί·
871 5018 889 5049 ι
944 4998 1047 5055 Tim
1091 4999 1318 5079 οὐρανὸν
1368 5002 1462 5055 καὶ
1504 5000 1603 5073 τήν
1648 5004 1751 5075 γῆν
1791 5003 1903 5072 ἐγὼ

332 5083 552 5157 πληρῶ,
573 5086 719 5156 λέγει
746 5088 966 5161 Κύριος.
1019 5108 1037 5141 ι
1072 5089 1129 5145 Ὀ
1155 5090 1213 5144 δέ
1252 5107 1316 5160 γε
1352 5091 1544 5165 Σωτὴρ
1570 5094 1664 5149 καὶ
1699 5094 1902 5167 Κύριος

330 5177 506 5249 ήμῶν,
557 5179 747 5235 ἑαυτὸν
791 5180 1055 5247 κενώσας,
1101 5183 1193 5236 καὶ
1230 5182 1443 5256 μορφὴν
1478 5184 1663 5241 δούλου
1701 5184 1900 5251 λαϐὼν,

331 5270 422 5323 καὶ
460 5273 697 5344 σχήματι
723 5274 966 5347 εὑρεθεὶς
987 5275 1063 5340 ὡς
1086 5274 1389 5349 ἄνθρωπος,
1424 5277 1621 5347 δεῖγμα
1646 5276 1749 5347 τῆς
1779 5280 1904 5333 λαν-

330 5358 595 5437 θανούσης
619 5367 744 5430 τοὺς
775 5367 1001 5430 πολλοὺς
1031 5367 1210 5438 ἐνθέου
1232 5367 1511 5438 δυνάμεως
1541 5367 1735 5423 ἑαυτοῦ
1759 5386 1902 5441 παρ-

330 5462 466 5533 έχων
490 5461 623 5533 όρᾷν
645 5462 756 5522 τοῖς
778 5460 971 5513 ἑαυτοῦ
1002 5458 1291 5532 μαθηταῖς,
1327 5461 1422 5513 καὶ
1456 5463 1569 5524 τοῖς
1602 5459 1906 5527 θαλαττίοις

2010 4449 2173 4506 Patre
2212 4447 2454 4504 universi
2491 4446 2780 4518 intelligat.
2829 4443 2971 4512 Quid
3019 4444 3164 4500 enim
3212 4444 3585 4500 venerationis

2008 4549 2103 4597 aut
2130 4540 2412 4612 dignitatis
2440 4539 2637 4595 habeat
2676 4540 2723 4594 si
2757 4537 2902 4594 Deus
2936 4536 3177 4592 universi
3217 4537 3498 4593 ambulare
3528 4538 3582 4591 in

2007 4633 2145 4688 mari
2174 4632 2428 4688 dicatur?
2466 4629 2784 4702 Cujusmodi
2810 4639 2990 4685 autem
3030 4628 3325 4684 ambulatio
3354 4628 3411 4683 in
3443 4627 3581 4683 mari

2006 4725 2339 4796 intelligetur
2371 4723 2537 4787 illius,
2568 4724 2664 4793 qui
2704 4721 2888 4777 omnia
2929 4722 3333 4792 complectitur,
3361 4735 3427 4774 ac
3469 4733 3584 4774 coco

2012 4817 2125 4871 lum
2182 4825 2493 4885 terramque
2530 4816 2788 4884 complet,
2845 4821 2901 4869 et
2950 4812 3341 4884 propemodum
3392 4810 3577 4866 dicit:

2016 4930 2036 4963 ι
2072 4909 2282 4965 (Icelum
2307 4908 2441 4964 mihi
2465 4908 2645 4975 sedes,
2676 4915 2821 4962 terra
2848 4914 3028 4962 autem
3059 4905 3352 4962 scabellum
3385 4904 3582 4974 pedum

2009 5017 2257 5057 meorum
2288 5001 2334 5033 ⁸¹
2360 5000 2385 5053 ?
2420 5021 2439 5053 ι
2476 5001 2602 5055 item
2624 4998 2905 5055 “Caelum
2927 5005 2983 5053 et
3010 5006 3212 5051 terram
3233 5012 3335 5067 ego
3358 4996 3579 5067 impleo,

2007 5092 2143 5148 dicit
2196 5093 2458 5150 Dominus
2487 5095 2553 5148 ⁸³.
2619 5111 2639 5146 ι
2678 5091 2927 5147 Salvator
2976 5099 3172 5147 autem.
3210 5104 3276 5144 ac
3318 5088 3579 5144 Dominus

2008 5194 2214 5252 noster,
2240 5201 2364 5240 cum
2413 5185 2655 5256 seipsum
2706 5181 3048 5243 evacuaverit
3075 5189 3131 5237 et
3174 5179 3405 5235 formam
3436 5179 3581 5236 servi

2010 5278 2302 5349 acceperit,
2332 5286 2388 5335 et
2415 5278 2604 5333 habitu
2636 5277 2889 5335 inventus
2918 5275 2990 5332 sit
3017 5283 3078 5330 ut
3106 5274 3299 5338 homo,
3336 5273 3467 5328 dum
3498 5271 3577 5327 si-

2010 5385 2176 5441 gnum
2200 5370 2323 5441 ejus
2347 5384 2469 5441 quae
2512 5368 2715 5424 multos
2743 5368 2946 5429 latebat
2990 5366 3191 5422 divina:
3220 5365 3438 5421 virtutis
3467 5378 3581 5421 sue

2013 5463 2307 5519 videndum
2338 5462 2453 5518 suis
2503 5461 2704 5533 pra-bet
2760 5460 3073 5530 discipulis,
3134 5473 3300 5529 super
3336 5457 3580 5513 marinos

395 5664 442 5695 "
484 5661 587 5718 lsa.
621 5677 687 5724 ι..
720 5661 777 5717 2.
852 5661 897 5693 ⁷⁸
935 5660 1123 5717 Matth.
1160 5677 1367 5729 xxvm,
1407 5661 1491 5719 19.
1568 5663 1611 5695 τ’
1649 5662 1796 5720 Psal.
1833 5679 1907 5731 rx,

2021 5708 2030 5722 .
2108 5665 2153 5697 ⁸⁹
2192 5662 2293 5719 Job
2325 5677 2402 5730 lx,
2433 5662 2549 5728 1,8.
2624 5660 2671 5695 ’ί
2710 5657 2898 5714 Matth.
2963 5674 3086 5727 xlv,
3118 5654 3308 5710 22-27.
3384 5654 3428 5688 ⁸⁸
3467 5652 3575 5713 lsa.

326 5748 482 5798 ιινι,
520 5735 567 5787 1.
642 5733 689 5765 ⁸³
720 5732 830 5788 Jer.
862 5747 1034 5797 χχιιι,
1069 5731 1158 5786 24.
