4106 6420
558 303 667 362 695

1227 299 1494 357 EUSEBII
1528 299 2012 357 CESABIENSIS
2049 299 2201 358 OPP.
2232 300 2422 358 PARS
2458 301 2522 357 ll.
2557 332 2630 346 --
2669 302 3180 361 APOLOGETICA.

3719 304 3824 366 σοι

557 421 758 480 ﬂuctus
784 421 1098 484 incessrsse,
1136 426 1190 474 et
1224 427 1627 489 tempestatem,
1656 424 1956 488 ventosque
1989 416 2117 474 cohi'

2243 418 2538 474 ἐπιϐαίνων
2571 419 2800 491 κύμασι,
2827 420 2924 473 καὶ
2953 417 3033 490 τῷ
3055 419 3286 473 κλύδωνι
3325 420 3420 473 καὶ
3456 423 3570 484 τοῖς
3600 421 3828 492 ἀνέμοις

557 516 766 581 buisse,
799 513 1031 587 publica:
1083 513 1368 584 scriptura:
1419 512 1733 569 testimonio
1793 511 1973 568 dictus
2024 520 2130 579 est,

556 624 667 682 quo
721 618 964 678 tempore
1005 605 1066 674 ii,
1097 607 1188 678 qui
1215 607 1342 663 talia
1372 605 1747 670 intuebantur,
1773 604 2126 676 obstupesce-

554 702 689 758 bant
721 701 969 758 dicentes
1004 718 1019 756 :
1055 719 1074 752 ι
1116 699 1252 768 Quis
1283 708 1368 756 est
1404 701 1525 764 hic,
1561 701 1650 756 cui
1693 701 1838 756 venti
1872 715 2134 769 mareque

554 799 933 866 obtemperant
956 793 1042 848 ⁸⁵2
1098 812 1118 845 ι
1158 794 1323 848 fuerit
1353 809 1483 849 vero
1528 792 1633 849 hoc
1685 796 1850 849 etiam
1907 792 2133 848 alterius

553 886 878 956 cujusdam,
935 886 1080 956 quod
1127 884 1480 955 intelligitur,
1539 884 1794 940 vastioris
1841 883 2010 940 maris
2052 884 2132 940 si-

551 993 754 1049 gnum,
811 977 867 1034 in
919 993 1028 1050 quo
1074 977 1240 1033 draco
1275 977 1496 1049 quidam
1544 992 1668 1033 esse
1700 977 1924 1042 dicitur,
1956 975 2132 1031 factus

551 1071 689 1127 utin
721 1087 845 1126 eum
882 1070 1115 1126 illudant
1147 1073 1325 1142 angeli
1349 1071 1466 1133 Dei,
1500 1086 1666 1141 super
1692 1085 1800 1142 quo
1828 1069 1955 1124 item
1993 1068 2129 1123 mari

553 1161 805 1218 Salvator
829 1177 892 1217 ae
922 1162 1188 1218 Dominus
1205 1173 1391 1218 noster
1416 1161 1576 1238 “7
1605 1161 1950 1218 inambulans
1969 1167 2132 1231 caput

550 1253 664 1312 lllic
719 1255 1005 1310 constituti
1058 1253 1336 1320 draconis,
1392 1254 1838 1324 reliquorumque
1894 1251 1988 1306 illo
2040 1251 2130 1305 in-

548 1345 812 1405 feriorum
846 1347 1148 1403 draconum
1175 1347 1376 1404 dicitur
1406 1346 1751 1407 contrivisse,
1770 1345 1926 1415 juxta
1956 1343 2085 1399 illud
2111 1363 2125 1399 :

554 1457 575 1495 ι
613 1437 696 1496 Tu
730 1440 1039 1494 contrivisti
1073 1440 1248 1509 capita
1288 1438 1588 1492 draconum
1621 1451 1787 1508 super
1817 1451 2037 1506 aquam,
2070 1444 2128 1492 tu

547 1530 865 1602 contregisti
887 1538 1052 1602 caput
1075 1531 1331 1586 draconis
1351 1530 1397 1562 ⁸⁸
1431 1549 1446 1585 :
1489 1550 1506 1582 ι
1534 1530 1694 1600 plane
1727 1529 1952 1584 alterius
1984 1528 2129 1598 quod

545 1623 868 1693 intelligitur
901 1621 1092 1686 maris,
1145 1621 1212 1677 de
1246 1637 1354 1694 quo
1400 1621 1542 1676 idem
1594 1637 1788 1677 rursus
1829 1622 1883 1675 in
1918 1621 2129 1692 psalmo

545 1715 624 1771 ait
652 1734 665 1774 :
707 1733 724 1768 ι
762 1715 963 1770 Deveni
993 1716 1047 1769 in
1078 1713 1349 1786 profunda
1377 1715 1543 1769 maris
1571 1715 1638 1770 ⁸⁸.
1681 1733 1701 1766 ι
1740 1713 1807 1768 Εῑ
1840 1713 1908 1768 ad
1935 1712 2036 1769 Job
2060 1713 2126 1769 de

545 1805 728 1876 seipse
776 1805 1053 1860 disserens
1122 1847 1135 1859 .

542 1896 714 1954 maris
732 1938 747 1962 ,
765 1904 818 1953 et
835 1897 888 1951 in
905 1897 1150 1968 vestigiis
1178 1897 1358 1969 abyssi
1385 1896 1780 1952 deambulasti?
1801 1899 2123 1966 aperiuntur

543 2002 673 2046 vero
706 1988 804 2043 tibi
842 1989 1040 2044 timore
1065 1995 1234 2058 portae
1268 1987 1504 2042 mortis?
1537 1996 1590 2042 et
1617 1987 1888 2056 janitores
1917 1984 2122 2041 infero-

542 2097 665 2138 rum
682 2081 929 2137 videntes
944 2089 1000 2137 te
1028 2081 1428 2152 expaverunt”
1449 2080 1508 2133 ?i
1529 2079 1720 2136 Merito
1749 2079 1919 2150 igitur
1950 2077 2116 2133 etiam

541 2176 599 2232 in
627 2191 715 2240 ea,
742 2192 863 2246 quae
878 2174 944 2229 ad
965 2189 1066 2230 nos
1097 2176 1331 2245 pertinet
1360 2173 1490 2237 vita,
1519 2174 1646 2228 dum
1673 2173 1849 2243 ipsum
1870 2186 2018 2225 mare
2037 2171 2120 2225 in-

539 2268 784 2342 greditur
805 2276 857 2324 et
875 2277 1090 2333 ventos,
1119 2275 1606 2338 tempestatemque
1635 2265 1902 2336 increpat,
1937 2279 2119 2319 rerum

541 2361 596 2420 in
615 2361 834 2416 arcanis
858 2360 1163 2432 positarum
1192 2360 1349 2431 signa
1389 2359 1609 2414 interim
1639 2356 1754 2414 obit
1791 2371 1856 2411 ac
1886 2355 2114 2427 peragit.

537 2491 618 2550 Ab
640 2490 812 2551 Isaia.
839 2521 910 2536 -—-
934 2489 1014 2546 De
1042 2489 1194 2546 rebus
1223 2487 1288 2544 ab
1314 2490 1431 2560 ipso
1472 2487 1885 2545 admirabilibus
1932 2489 2114 2544 uestis.

613 2664 632 2700 ι
659 2643 1065 2710 Convalescite,
1089 2659 1286 2699 manus
1315 2643 1563 2699 remissa:
1582 2652 1635 2699 et
1674 2658 1850 2714 genua
1880 2642 2120 2699 dissolu-

535 2747 613 2803 ta,
641 2737 1415 2810 consolamini,pusillanimes
1437 2737 1738 2801 intellectu,
1773 2735 1942 2792 fortes
1969 2743 2118 2792 esto-

535 2841 610 2896 te,
638 2840 693 2888 et
713 2831 883 2887 nolite
912 2833 1134 2886 timere:
1157 2844 1287 2886 ecce
1306 2827 1452 2884 Deus
1482 2836 1672 2885 noster
1699 2826 1968 2898 judicium
1993 2825 2117 2880 red-

534 2925 614 2980 dit
641 2930 694 2980 et
719 2923 935 2987 reddet,
967 2922 1086 2994 ipse
1103 2921 1282 2976 veniet
1308 2926 1362 2975 et
1395 2920 1580 2977 salvos
1610 2919 1775 2974 faciet
1808 2933 1910 2973 nos
1939 2934 1952 2970 :
1984 2925 2116 2971 tunc

533 3015 849 3086 aperientur
877 3012 1023 3069 oculi
1073 3025 1368 3075 caecorum,
1399 3017 1455 3066 et
1499 3025 1663 3066 aures
1689 3009 1983 3066 surdorum
2013 3023 2114 3062 au-

531 3109 728 3174 dient;
767 3116 899 3162 tunc
944 3104 1104 3162 saliet
1136 3105 1282 3161 sicut
1325 3117 1524 3158 cervus
1568 3100 1819 3165 claudus,
1847 3106 1902 3154 et
1951 3099 2112 3170 plana

2235 512 2504 583 ὲπιτιμῶν
2529 513 2970 585 ἀναγέγραπται·
2998 513 3086 566 ὅτε
3106 513 3202 566 καὶ
3231 513 3281 566 οἰ
3299 513 3534 582 ὁρῶντες
3557 515 3822 588 ὲξεπλήτο

2232 621 2387 660 τοντο
2428 603 2711 672 λέγοντες·
2749 622 2768 655 ι
2805 603 3053 668 Ποταπός
3093 607 3237 658 ἐστιν
3279 601 3454 671 οὗτος,
3504 607 3585 660 δτι
3632 607 3729 660 καὶ
3771 608 3824 661 οἰ

2234 693 2421 765 ἄνεμοι
2463 695 2558 748 καὶ
2596 696 2630 766 ἡ
2675 693 2918 750 Θάλασσα
2952 694 3100 764 αὐτῷ
3132 693 3433 760 ὑπακούει;
3470 715 3488 746 ι
3516 691 3586 766 ἦν
3627 697 3687 750 δὲ
3728 697 3824 750 καὶ

2232 787 2392 843 τοῦτο
2413 786 2573 842 ἄλλου
2598 787 2742 854 τινος
2780 785 3023 868 μείζονος
3053 787 3320 858 σύμϐολον
3359 789 3657 859 νοουμένης
3705 789 3824 842 ἑτέ-

2235 898 2337 954 ρας
2379 880 2672 954 Θαλάσσης,
2712 875 2832 956 ὲνῇ
2869 881 3086 950 λέγεται
3145 880 3363 952 δράκων
3411 898 3497 944 τις
3531 878 3693 946 εἶναι,
3725 899 3824 937 πε·-

2233 974 2528 1044 ποιημὲνος
2571 971 3068 1044 ἐγκαταπαίζεσθαι
3111 972 3216 1027 ὑπὸ
3263 972 3376 1025 τῶν
3427 973 3676 1042 ἀγγέλων
3726 972 3820 1027 τοῦ

2231 1065 2388 1129 Θεοῦ,
2419 1066 2504 1136 ἐφ’
2536 1065 2604 1137 ἢν
2636 1065 2731 1120 καὶ
2769 1066 2938 1137 αὐτὴν
2972 1065 3002 1119 ὁ
3042 1065 3232 1136 Σωτὴρ
3275 1064 3370 1118 καὶ
3413 1064 3617 1136 Κύριος
3661 1064 3821 1134 ἡμῶν

2231 1156 2708 1228 ὲμπεριπατήσας,
2747 1157 2846 1228 τὴν
2883 1157 3126 1228 κεφαλὴν
3164 1155 3259 1211 τοῦ
3305 1155 3489 1209 αὐτόθι
3528 1157 3821 1228 δράκοντος

2230 1248 2324 1303 καὶ
2369 1249 2478 1302 τῶν
2524 1248 2727 1303 λοιπῶν
2774 1248 3192 1320 ύποδεϐηκότων
3235 1249 3545 1321 δρακόντων
3596 1249 3818 1317 λέγεται

2233 1340 2666 1412 συντετριφέναι,
2694 1339 2836 1394 κατὰ
2859 1341 2920 1394 τό
2941 1357 2954 1371 ·
2992 1358 3009 1391 ι
3049 1341 3120 1394 Σὺ
3156 1340 3485 1404 συνέθλασας
3512 1339 3614 1404 τὰς
3647 1357 3818 1406 κεφα-

2229 1430 2327 1495 λὰς
2352 1431 2462 1487 τῶν
2488 1431 2797 1505 δρακόντων
2827 1432 2921 1486 ἐπὶ
2948 1430 3042 1485 τοῦ
3081 1432 3290 1496 ὓδατος,
3318 1431 3412 1484 καὶ
3455 1433 3519 1486 σὺ
3557 1431 3816 1485 συνέθλα⁹

2231 1538 2330 1586 σας
2370 1521 2470 1587 τὰς
2519 1522 2759 1592 κεφαλὰς
2797 1522 2893 1576 τοῦ
2942 1523 3266 1597 δράκοντος·
3317 1543 3336 1575 ι
3383 1525 3570 1592 σαφῶς
3620 1524 3815 1596 ἑτέρας

2228 1613 2525 1687 νοουμένης
2557 1613 2852 1686 θαλάσσης,
2889 1616 3015 1687 περὶ
3033 1612 3102 1686 ἦς
3132 1616 3293 1680 αὐτὸς
3325 1616 3484 1670 πάλιν
3517 1618 3576 1668 ἐν
3615 1615 3817 1689 ψαλμῷ

2230 1722 2426 1777 φησιν’
2460 1726 2477 1757 ι
2515 1702 2718 1761 ἾῙλθον
2755 1709 2835 1770 εἰς
2877 1706 2945 1762 τὰ
3004 1707 3141 1778 βάθη
3181 1707 3282 1778 τῆς
3319 1707 3625 1778 θαλάσσης
3667 1727 3688 1760 ι
3724 1707 3814 1762 καὶ

1185 1823 1204 1857 ι
1268 1803 1499 1871 Venisti,
1551 1805 1746 1876 inquit,
1803 1804 1870 1858 ad
1923 1802 2117 1861 fontem

2229 1795 2366 1868 πρὸς
2389 1797 2481 1852 τὸν
2515 1795 2635 1851 Ἰὼϐ
2663 1797 2734 1854 τὰ
2764 1798 2894 1870 περὶ
2937 1797 3131 1852 ἑαυτοῦ
3181 1797 3424 1863 διεξιώνο
3458 1817 3476 1848 ‹
3511 1795 3718 1860 Ἦλθες
3757 1797 3815 1852 δὲ

2228 1891 2320 1944 ἐπὶ
2365 1891 2550 1965 πηγὴν
2584 1891 2878 1963 θαλάσσης,
2944 1893 3004 1944 ὲν
3033 1891 3090 1948 δὲ
3131 1891 3331 1965 ἴχνεσιν
3374 1892 3609 1947 ἀϐύσσου
3660 1909 3816 1964 περι-

2227 1983 2543 2054 επάτησαςς
2591 1983 2893 2052 ἀνοίγονται
2937 1984 2994 2038 δέ
3043 2001 3125 2039 σοι
3175 1984 3324 2056 φόϐῳ
3368 1985 3529 2038 πύλαι
3559 1984 3812 2050 θανάτου,

2226 2074 2468 2146 πυλωροὶ
2486 2075 2542 2128 δὲ
2565 2075 2690 2147 ᾅδου
2730 2076 2929 2140 ἰδόντες
2965 2093 3023 2132 σε
3069 2075 3336 2147 ἔπτηξανς
3379 2096 3395 2127 ι
3431 2077 3672 2140 Εἰκότως
3718 2073 3811 2131 οῦν

2227 2166 2329 2220 κάν
2358 2166 2436 2241 τῷ
2468 2166 2588 2220 καθ’
2616 2168 2764 2241 ἡμᾶς
2797 2166 2897 2239 βίῳ
2929 2167 3121 2231 ἐπιϐὰς
3162 2172 3228 2240 τῇ
3267 2167 3527 2240 θαλάττῃ,
3570 2170 3665 2221 καὶ
3700 2171 3813 2231 τοῖς

2224 2256 2447 2329 ἀνέμοις
2471 2258 2804 2330 ἐπιτιμήσας
2827 2259 2921 2312 καὶ
2943 2257 3019 2330 τῷ
3051 2256 3302 2324 κλύδωνι,
3331 2259 3400 2312 τὰ
3427 2257 3675 2330 σύμϐολα
3703 2258 3812 2310 τῶν

2225 2350 2677 2422 ἀπορρητοτέρων
2697 2350 2955 2406 ἐπιτελεῖ.

2238 2484 2382 2541 Ἀπὸ
2412 2485 2519 2541 τοῦ
2560 2486 2818 2542 Ἡσαΐου.
2854 2517 2923 2530 --
2966 2487 3106 2554 Περὶ
3145 2485 3264 2538 τῶν
3305 2485 3815 2541 ἐπιτελεσθέντων

2646 2556 2747 2611 ὑπ’
2779 2555 2967 2611 αὐτοῦ
3005 2555 3380 2624 παραδόξων.

2299 2667 2318 2699 ‹
2371 2648 2856 2722 ’ἰσχύσατεαεῖρες
2889 2651 3189 2723 ἀνειμέναι,
3237 2653 3332 2708 καὶ
3373 2653 3581 2722 γόνατα
3629 2670 3810 2725 παρα-

2220 2739 2520 2812 λελυμένα’
2545 2743 2964 2815 παρακαλέσατε
3001 2747 3049 2798 οἰ
3092 2745 3424 2821 ὀλιγόψυχοι,
3470 2748 3536 2817 τῇ
3579 2746 3811 2818 διανοίᾳ,

2225 2837 2501 2909 ἰσχύσατε,
2536 2840 2609 2911 μὴ
2627 2838 2904 2910 φοϐεῖσθε·
2928 2842 3036 2899 ἰδοὺ
3069 2845 3098 2896 ὁ
3119 2843 3251 2907 Θεὸς
3280 2844 3438 2918 ἡμῶν
3473 2844 3657 2916 κρίσιν
3680 2847 3811 2899 ἀντ-

2221 2926 2507 2981 αποδίδωσι
2531 2966 2546 2992 ,
2585 2929 2681 2981 καὶ
2719 2929 3107 2998 ἁνταποδώσει,
3151 2932 3310 2997 αὐτὸς
3359 2933 3478 3004 ἥξει
3512 2935 3608 2988 καὶ
3645 2934 3810 2990 σώσει

2221 3017 2387 3089 ἡμᾶς.
2446 3018 2578 3073 Τὸτε
2630 3020 3040 3095 ἀνοιχθήσονται
3095 3023 3362 3096 ὀφθαλμοὶ
3416 3025 3652 3098 τυφλῶν,
3714 3029 3810 3082 καὶ

2221 3103 2334 3162 ὦτα
2365 3111 2566 3180 κωφῶν
2600 3113 2953 3172 ἀκούσονταιο
3001 3116 3121 3169 τότε
3173 3117 3380 3172 ἀλεῖται
3422 3118 3496 3182 ὡς
3537 3118 3736 3188 ἔλαφος
3780 3122 3809 3173 ό

531 3203 637 3259 erit
662 3201 849 3272 lingua
872 3199 1236 3254 mutorum“.
1272 3216 1290 3248 ι
1318 3194 1524 3252 Harum
1555 3194 1722 3264 igitur
1753 3208 1934 3248 rerum
1959 3208 2117 3248 even-

2463 3164 2473 3180 .
2550 3164 2553 3165 ν
3014 3164 3119 3169 ww
3175 3164 3380 3172 νν-η--ν-
3425 3164 3493 3182 --τ
3539 3164 3733 3188 ----γνν
3783 3164 3809 3173 -

2223 3200 2412 3274 χωλὸς,
2459 3202 2552 3256 καὶ⁵
2589 3204 2762 3276 τρανὴ
2813 3204 2964 3260 ἔσται
3010 3205 3229 3276 γλῶσσα
3283 3209 3606 3278 μογιλάλων.
3643 3231 3662 3262 ι
3699 3211 3809 3264 Καὶ

529 3301 585 3350 ta
606 3293 662 3346 in
691 3289 1006 3362 Evangeliis
1030 3288 1232 3352 babes;
1257 3300 1406 3340 nunc
1422 3283 1667 3356 quidem,
1686 3281 1815 3336 dum
1844 3280 1912 3336 ad
1941 3280 2120 3352 ipsum

533 3383 878 3441 Saivatorem
918 3395 984 3435 ac
1011 3379 1304 3437 Dominum
1347 3383 1626 3441 nostrum,
1653 3373 2016 3448 paralyticuin
2039 3371 2122 3425 al-

531 3479 718 3536 terunt
763 3476 820 3534 in
867 3475 1011 3530 lecto
1047 3473 1346 3544 iacentem,
1377 3484 1539 3541 quem
1596 3467 1844 3540 pristinae
1893 3465 2118 3521 sanitati

531 3583 644 3629 uno
673 3582 776 3625 suo
809 3565 978 3623 verbo
1010 3563 1275 3628 restituit,
1301 3575 1449 3616 nunc
1481 3575 1614 3615 vero
1635 3559 1765 3616 dum
1802 3558 2118 3612 innumera-

530 3661 668 3720 biles
721 3660 851 3715 creci
909 3666 964 3714 et
1016 3656 1284 3712 daemonia
1332 3654 1623 3716 habentes,
1674 3667 1891 3711 necnon
1948 3649 2116 3704 variis

529 3753 946 3827 (egritudinibus
977 3761 1033 3808 et
1052 3748 1412 3821 languoribus
1441 3744 1645 3809 alfecti,
1679 3743 1941 3800 salutaris
1967 3742 2115 3798 illius

528 3860 753 3916 virtutis
809 3855 1080 3913 beneﬁcio
1133 3854 1202 3909 ab
1236 3851 1492 3912 omnibus
1540 3848 1750 3905 morbis
1783 3846 2109 3902 liberantur.

528 3953 798 4013 Praeterea
827 3951 993 4007 etiam
1041 3962 1190 4003 nunc
1239 3946 1296 4002 in
1337 3945 1426 4008 iis,
1462 3959 1584 4014 qua:
1611 3941 1668 3996 in
1698 3947 1816 3996 toto
1843 3940 1975 3995 orbe
2001 3948 2114 3993 ter-

528 4057 713 4104 rarum
760 4041 1020 4107 ostendit,
1063 4039 1193 4094 dum
1246 4034 1680 4093 innumerabiles
1727 4031 2112 4088 multitudines

527 4136 698 4193 variis
735 4134 959 4191 malitiae
999 4131 1294 4203 generibus
1334 4128 1654 4201 implicitas,
1679 4135 1734 4183 et
1766 4123 2112 4200 ignoratione

526 4242 770 4317 supremi
795 4241 892 4297 Dei
923 4240 1154 4299 refertas
1177 4239 1389 4296 animas
1411 4236 1694 4300 habentes,
1710 4233 2110 4291 admirabiliter

525 4347 580 4397 et
635 4352 802 4410 supra
856 4351 1074 4396 omnem
1125 4337 1397 4391 rationem
1427 4331 1692 4387 doctrinae
1724 4345 1836 4386 sua:
1871 4328 2109 4386 medica.

525 4429 730 4490 mentis
756 4435 915 4483 curat
944 4433 998 4482 et
1029 4433 1210 4488 sanat,
1233 4431 1288 4478 et
1321 4431 1504 4479 tamen
1531 4419 1677 4491 quod
1704 4420 1872 4477 etiam
1912 4419 1969 4473 in
2020 4417 2108 4474 his

2221 3293 2424 3346 τούτων
2453 3293 2593 3365 ἔχεις
2621 3296 2680 3348 ὲν
2711 3299 2822 3360 τοῖς
2854 3297 3206 3366 Εύαγγελίοις
3249 3299 3318 3353 τὰ
3357 3300 3803 3372 ἀποτελέσματαο

2220 3380 2407 3436 τούτου
2455 3383 2574 3453 μὲν,
2627 3387 2862 3457 ὁπηνίκα
2904 3387 2983 3460 τῷ
3029 3389 3240 3462 Σωτῆρι
3287 3391 3380 3443 καὶ
3423 3392 3613 3463 Κυρίῳ
3647 3393 3806 3463 ἡμῶν

2220 3473 2557 3544 προσέφερον
2587 3478 2956 3548 παραλυτικὸν
2999 3481 3090 3532 ἐπὶ
3123 3481 3311 3552 κλίνης
3353 3481 3709 3553 βεϐλημένον,
3745 3486 3807 3538 ὃν

2219 3567 2312 3620 καὶ
2340 3566 2468 3637 ὑγιῆ
2507 3567 2652 3638 λόγῳ
2699 3573 3087 3643 κατεστήσατο·
3130 3572 3320 3626 τούτου
3363 3575 3440 3635 δὲ,
3483 3575 3573 3628 ὅτε
3621 3577 3803 3648 μυρίοι

2217 3657 2406 3726 τυφλοὶ
2451 3661 2545 3712 καὶ
2587 3660 2989 3732 δαιμονιῶντες,
3024 3663 3102 3718 ἔτι
3148 3663 3254 3736 μὴν
3297 3663 3573 3738 διαφόροις
3625 3668 3805 3730 νὸσοις

2217 3749 2311 3803 καὶ
2347 3750 2634 3820 μαλακίαις
2661 3754 3123 3825 καταπονούμενοι
3151 3755 3285 3829 πρὸς
3309 3756 3408 3827 τῆς
3437 3755 3602 3811 αὑτοῦ
3628 3775 3804 3830 σωτη-

2217 3841 2332 3911 ρίου
2362 3843 2642 3914 δυνάμεως
2663 3847 2767 3899 τῶν
2791 3846 2976 3900 παθῶν
2999 3848 3397 3917 ἀπηλλάττοντο
3416 3867 3430 3884 ο
3448 3850 3508 3902 ού
3533 3851 3638 3922 μὴν
3667 3850 3805 3904 άλλά

2215 3933 2309 3987 καὶ
2337 3935 2404 3992 δι’
2443 3929 2520 3989 ὦν
2551 3939 2717 3996 εἰσέτι
2758 3939 2852 3994 νῦν
2885 3939 3007 3998 καθ’
3049 3941 3176 4014 ὅλης
3211 3940 3313 4011 τῆς
3343 3942 3669 4015 οἰκουμένης
3703 3960 3803 4013 μυ-

2217 4025 2305 4097 ρία
2333 4027 2509 4099 πλήθη
2531 4030 2888 4100 πολυτρόποις
2913 4032 3112 4097 κακίας
3139 4031 3306 4085 εἴδεσι
3329 4032 3610 4103 δεδεμένα,
3633 4035 3812 4102 ἀγνω-

2215 4119 2334 4182 σίας
2368 4137 2426 4176 τε
2457 4120 2551 4176 τοῦ
2600 4123 2692 4175 ἐπὶ
2724 4123 2944 4178 πάντων
2981 4123 3118 4178 Θεοῦ
3151 4123 3250 4187 τὰς
3295 4123 3473 4197 ψυχὰς
3503 4125 3802 4196 πεπληρω-

2213 4211 2370 4280 μένα,
2405 4211 2723 4285 Θαυμασίως
2769 4217 2863 4269 καὶ
2900 4216 3040 4289 ὑπὲρ
3073 4219 3250 4274 πάντα
3277 4217 3432 4286 λόγον
3457 4221 3571 4282 τοῖς
3599 4219 3699 4290 τῆς
3724 4218 3802 4271 δι-

2209 4301 2508 4370 δασκαλίας
2555 4307 2721 4363 αὐτοῦ
2771 4309 3081 4380 φαρμάκοις
3137 4312 3279 4364 ίᾶται
3335 4311 3427 4364 καὶ
3482 4309 3794 4381 θεραπεύει.

2211 4396 2358 4468 Πλὴν
2384 4399 2465 4452 ὅτι
2490 4400 2583 4457 καὶ
2611 4401 2743 4464 Θεὸς
2768 4403 2826 4453 ὲν
2856 4401 3066 4466 τούτοις
3102 4403 3463 4476 ἀνηγόρευται
3501 4403 3642 4459 κατὰ
3680 4420 3802 4457 καιο

526 4521 671 4581 Deus
704 4519 1009 4592 appelletur
1045 4532 1147 4573 suo
1184 4524 1449 4586 tempore,
1485 4490 1742 4584 tanquam
1773 4511 1821 4568 is
1849 4512 1943 4584 qui
1974 4511 2106 4569 talia

2221 4490 2327 4559 ρὸν,
2356 4490 2432 4554 ὡς
2473 4491 2540 4545 ἂν
2577 4493 2800 4547 τοιαῦτα
2844 4495 3100 4566 ἐνεργῶν,
3143 4495 3242 4569 ἢδη
3279 4496 3542 4569 πρότερον
3581 4499 3714 4572 ἡμῖν
3742 4501 3800 4552 ὲν

523 4625 744 4690 emciat,
771 4623 1097 4696 jampridem
1151 4636 1182 4676 a
1232 4620 1414 4684 nobis,
1440 4619 1534 4674 ubi
1567 4618 1637 4674 de
1665 4618 1951 4677 divinitate
1983 4618 2106 4688 ejus

524 4717 837 4776 testimonia
869 4715 1220 4787 protulimus,
1249 4713 1682 4768 demonstratum
1735 4719 1840 4775 est,
1866 4719 1920 4767 et
1972 4727 2109 4768 sane

523 4811 569 4872 si
601 4825 841 4885 unquam
887 4809 1046 4872 alias,
1078 4821 1226 4866 nunc
1276 4805 1512 4864 maxime
1570 4804 1889 4860 convenerit
1936 4803 2106 4859 Deum

520 4905 691 4980 ω
742 4904 895 4961 illum
941 4902 1212 4969 conﬁteri,
1240 4897 1463 4970 quando
1495 4908 1549 4956 et
1579 4898 1777 4954 divina).
1809 4908 1863 4954 et
1918 4913 2108 4954 revera

523 4999 694 5056 Deum
728 4997 1028 5069 complexa:
1059 4994 1284 5050 virtutis
1311 4994 1426 5064 jam
1477 4993 1638 5063 plane
1690 5007 1856 5062 opera
1911 4991 2101 5051 edidit.

523 5093 830 5164 Siquidem
859 5092 1028 5149 unius
1071 5088 1166 5147 Dei
1197 5102 1299 5144 nec
1347 5087 1574 5143 alterius
1608 5095 1873 5158 praeterea
1917 5086 2105 5157 cujus-

523 5199 668 5274 piam
715 5213 918 5255 munus
963 5196 1158 5261 fuerit,
1199 5194 1562 5250 corroborare
1612 5194 1934 5260 dissolutos,
1983 5195 2107 5250 vita:

521 5295 753 5350 reddere
807 5299 1078 5356 mortuos,
1141 5291 1385 5361 praebere
1421 5292 1655 5349 salutem
1684 5289 2104 5361 aegrotantibus,

517 5415 791 5458 caecorum
843 5399 1060 5472 aperire
1114 5399 1328 5466 oculos,
1386 5413 1659 5470 auresque
1707 5398 1839 5453 item
1904 5413 2102 5454 sanare

518 5510 836 5576 surdorum,
859 5517 916 5566 et
944 5507 1156 5579 erigere
1176 5508 1426 5575 claudos,
1448 5517 1502 5565 et
1522 5509 1762 5581 linguam
1783 5509 2100 5580 impeditam

624 5698 670 5732 “
710 5697 903 5754 Matth.
939 5711 1072 5763 νιιι,
1107 5695 1197 5752 27.
1314 5696 1360 5729 ³³
1399 5693 1548 5753 Psal.
1583 5711 1789 5761 turn,
1830 5694 2015 5765 15,”.

519 5781 665 5826 xxxv
687 5808 702 5837 ,
735 5769 852 5826 3-5.

2125 5695 2171 5729 “
2206 5695 2350 5754 Psal.
2382 5711 2555 5754 vant
2582 5736 2596 5762 ,
2633 5697 2688 5752 3.

2212 4585 2336 4646 ταῖς
2363 4583 2492 4654 περὶ
2525 4585 2623 4654 τῆς
2657 4584 2907 4656 θεότητος
2938 4587 3102 4640 αὐτοῦ
3153 4588 3481 4661 μαρτυρίαις
3526 4589 3800 4643 ἀποδέδει-

2217 4688 2361 4727 κται.
2391 4673 2520 4726 Καὶ⁶
2541 4673 2745 4746 ἔπρεπέ
2778 4694 2841 4745 γε
2878 4677 2974 4731 νῦν
3008 4678 3160 4747 γοῦν,
3197 4681 3246 4732 εἰ
3276 4678 3368 4734 καὶ
3411 4678 3618 4742 ἄλλοτε,
3666 4679 3800 4734 Θεὸν

2214 4765 2376 4823 αὐτὸν
2429 4767 2838 4838 ὁμολογεῖσθαι,
2903 4772 2984 4824 ὃτι
3044 4771 3136 4829 καὶ
3191 4772 3326 4844 ἔργα
3377 4770 3528 4835 θείας
3570 4773 3664 4828 καὶ
3722 4773 3798 4837 ὡς

2214 4858 2431 4931 άληθῶς
2483 4859 2666 4919 ἐνθέου
2737 4862 3018 4933 δυνάμεως
3077 4863 3438 4919 ἐπεδείκνυτο.
3494 4864 3630 4918 Θεοῦ
3689 4865 3798 4938 γὰρ

2218 4952 2380 5023 μόνου
2425 4949 2494 5024 ἦν
2541 4956 2632 5008 καὶ
2673 4955 2793 5013 οὐδὲ
2837 4956 2997 5011 ἄλλου
3053 4956 3315 5030 ρωννύναι
3373 4957 3471 5030 μὲν
3530 4958 3799 5030 παρειμέ-

2213 5062 2355 5109 νους,
2384 5045 2666 5115 ζωογονεῖν
2712 5048 2769 5102 δὲ
2811 5049 3364 5122 νεκροὺς,⁶σωτηρίαν
3407 5067 3466 5102 τε
3513 5051 3796 5105 ἀσθενοῦσι

2214 5139 2495 5212 παρέχειν,
2521 5140 2754 5210 ἀνοίγειν
2781 5160 2841 5196 τε
2863 5142 3174 5213 ὀφθαλμοὺς
3202 5143 3438 5212 τυφλῶν,
3468 5143 3562 5196 καὶ
3594 5143 3796 5213 κωφῶν

2211 5232 2474 5297 ὡσαύτως
2522 5234 2691 5298 ἀκοὰς
2748 5235 2956 5298 ἰᾶσθαι,
3004 5236 3211 5311 χωλούς
3263 5253 3323 5290 τε
3366 5237 3647 5310 ἀνορθοῦν,
3702 5237 3796 5290 καὶ

2211 5327 2338 5390 τοὺς
2361 5327 2458 5399 τὴν
2486 5327 2729 5397 γλῶτταν
2757 5328 3070 5398 δεδεμένους
3101 5329 3358 5394 εὐλάλους
3386 5330 3790 5402 ἀποκαθιστᾷνο

2210 5419 2354 5492 ειπερ
2387 5421 2601 5474 ἅπαντα
2629 5421 2734 5474 ύπὸ
2767 5410 2859 5474 τοῦ
2887 5422 3142 5494 Σωτῆρος
3171 5421 3325 5494 ἡμῶν
3347 5422 3524 5494 Ἰησοῦ
3556 5421 3792 5494 Χριστοῦ

2209 5511 2543 5583 πέπρακται,
2571 5503 2660 5566 οἷα
2689 5512 2794 5566 ὑπὸ
2817 5511 2975 5577 Θεοῦ,
3001 5513 3097 5570 καὶ
3143 5512 3563 5586 μεμαρτύρηταί
3594 5531 3658 5583 γε
3689 5511 3794 5566 ὑπὸ

3597 5694 3644 5727 ⁸³
3683 5692 3788 5750 lsa.

2795 5695 2840 5729 "
2878 5694 2982 5752 Job
3013 5710 3256 5759 xxxvm,
3295 5694 3484 5752 16-17.
