  <div class='ocr_page' id='page_1' title='image "/cluster/home/n/w/nwhite01/storage/ocr_20150623/22/hvd.32044073501140/356.png"; bbox 0 0 4106 6420; ppageno 0'>
   <div class='ocr_carea' id='block_1_1' title="bbox 273 281 411 340">
    <p class='ocr_par' dir='ltr' id='par_1_1' title="bbox 273 281 411 340">
     <span class='ocr_line' id='line_1_1' title="bbox 273 281 411 340; baseline 0.007 -1"><span class='ocrx_word' id='word_1_1' title='bbox 273 281 411 340; x_wconf 78' lang='lat'><strong>697</strong></span> 
     </span>
    </p>
   </div>
   <div class='ocr_carea' id='block_1_2' title="bbox 1221 287 2668 349">
    <p class='ocr_par' dir='ltr' id='par_1_2' title="bbox 1221 287 2668 349">
     <span class='ocr_line' id='line_1_2' title="bbox 1221 287 2668 349; baseline 0.003 -5"><span class='ocrx_word' id='word_1_2' title='bbox 1221 287 1880 348; x_wconf 68' lang='lat' dir='ltr'><strong>DEMONSTRATIONlS</strong></span> <span class='ocrx_word' id='word_1_3' title='bbox 1921 289 2380 348; x_wconf 65' lang='lat' dir='ltr'><strong>EVANGELICAB</strong></span> <span class='ocrx_word' id='word_1_4' title='bbox 2414 289 2545 347; x_wconf 74' lang='lat' dir='ltr'><strong>LIB.</strong></span> <span class='ocrx_word' id='word_1_5' title='bbox 2574 289 2668 349; x_wconf 78' lang='lat' dir='ltr'><strong>IX.</strong></span> 
     </span>
    </p>
   </div>
   <div class='ocr_carea' id='block_1_3' title="bbox 3479 291 3584 348">
    <p class='ocr_par' dir='ltr' id='par_1_3' title="bbox 3479 291 3584 348">
     <span class='ocr_line' id='line_1_3' title="bbox 3479 291 3584 348; baseline 0.029 -3"><span class='ocrx_word' id='word_1_6' title='bbox 3479 291 3584 348; x_wconf 80' lang='lat'><strong>698</strong></span> 
     </span>
    </p>
   </div>
   <div class='ocr_carea' id='block_1_4' title="bbox 273 405 1879 482">
    <p class='ocr_par' dir='ltr' id='par_1_4' title="bbox 273 405 1879 482">
     <span class='ocr_line' id='line_1_4' title="bbox 273 405 1879 482; baseline 0.006 -26"><span class='ocrx_word' id='word_1_7' title='bbox 273 405 576 461; x_wconf 60' lang='grc' dir='ltr'><strong>πλειόνων,</strong></span> <span class='ocrx_word' id='word_1_8' title='bbox 604 407 715 460; x_wconf 84' lang='grc' dir='ltr'><strong>τῶν</strong></span> <span class='ocrx_word' id='word_1_9' title='bbox 748 408 870 463; x_wconf 84' lang='grc' dir='ltr'><strong>καθ’</strong></span> <span class='ocrx_word' id='word_1_10' title='bbox 908 408 1036 479; x_wconf 83' lang='grc' dir='ltr'><strong>ὅλης</strong></span> <span class='ocrx_word' id='word_1_11' title='bbox 1056 409 1158 481; x_wconf 81' lang='grc' dir='ltr'><strong>τῆς</strong></span> <span class='ocrx_word' id='word_1_12' title='bbox 1193 410 1518 482; x_wconf 77' lang='grc' dir='ltr'><strong>οἰκουμένης</strong></span> <span class='ocrx_word' id='word_1_13' title='bbox 1547 411 1879 482; x_wconf 64' lang='grc' dir='ltr'><strong>κηρυξάντωπ</strong></span> 
     </span>
    </p>
   </div>
   <div class='ocr_carea' id='block_1_5' title="bbox 1980 405 3574 482">
    <p class='ocr_par' dir='ltr' id='par_1_5' title="bbox 2001 407 3574 481">
     <span class='ocr_line' id='line_1_5' title="bbox 2001 407 3574 481; baseline 0 -15"><span class='ocrx_word' id='word_1_14' title='bbox 2001 410 2330 466; x_wconf 93' lang='lat' dir='ltr'><strong>habentibus</strong></span> <span class='ocrx_word' id='word_1_15' title='bbox 2386 409 2696 465; x_wconf 74' lang='lat' dir='ltr'><strong>facultatem</strong></span> <span class='ocrx_word' id='word_1_16' title='bbox 2747 407 3003 481; x_wconf 90' lang='lat' dir='ltr'><strong>loquendi</strong></span> <span class='ocrx_word' id='word_1_17' title='bbox 3057 410 3350 466; x_wconf 90' lang='lat' dir='ltr'><strong>restituere</strong></span> <span class='ocrx_word' id='word_1_18' title='bbox 3379 450 3396 475; x_wconf 93' lang='lat'><strong>,</strong></span> <span class='ocrx_word' id='word_1_19' title='bbox 3451 427 3574 481; x_wconf 65' lang='lat' dir='ltr'><strong>quae</strong></span> 
     </span>
    </p>
   </div>
   <div class='ocr_carea' id='block_1_6' title="bbox 277 490 1905 576">
    <p class='ocr_par' dir='ltr' id='par_1_6' title="bbox 277 490 1905 576">
     <span class='ocr_line' id='line_1_6' title="bbox 277 490 1905 576; baseline 0.015 -32"><span class='ocrx_word' id='word_1_20' title='bbox 277 492 508 549; x_wconf 74' lang='grc' dir='ltr'><strong>αὐτόν’</strong></span> <span class='ocrx_word' id='word_1_21' title='bbox 545 490 623 552; x_wconf 78' lang='grc' dir='ltr'><strong>ὢν</strong></span> <span class='ocrx_word' id='word_1_22' title='bbox 659 498 722 553; x_wconf 85' lang='grc' dir='ltr'><strong>τὸ</strong></span> <span class='ocrx_word' id='word_1_23' title='bbox 762 499 1035 554; x_wconf 81' lang='grc' dir='ltr'><strong>ἄπλαστον</strong></span> <span class='ocrx_word' id='word_1_24' title='bbox 1072 503 1166 555; x_wconf 73' lang='grc' dir='ltr'><strong>καὶ</strong></span> <span class='ocrx_word' id='word_1_25' title='bbox 1208 501 1406 574; x_wconf 79' lang='grc' dir='ltr'><strong>ἀληθὲς</strong></span> <span class='ocrx_word' id='word_1_26' title='bbox 1453 503 1555 573; x_wconf 86' lang='grc' dir='ltr'><strong>τῆς</strong></span> <span class='ocrx_word' id='word_1_27' title='bbox 1601 503 1905 576; x_wconf 71' lang='grc' dir='ltr'>μαρτυρίας</span> 
     </span>
    </p>
   </div>
   <div class='ocr_carea' id='block_1_7' title="bbox 277 587 1905 666">
    <p class='ocr_par' dir='ltr' id='par_1_7' title="bbox 277 587 1905 666">
     <span class='ocr_line' id='line_1_7' title="bbox 277 587 1905 666; baseline 0.009 -32"><span class='ocrx_word' id='word_1_28' title='bbox 277 587 608 642; x_wconf 76' lang='grc' dir='ltr'><strong>πιστοῦται</strong></span> <span class='ocrx_word' id='word_1_29' title='bbox 642 591 675 660; x_wconf 80' lang='grc' dir='ltr'>ἡ</span> <span class='ocrx_word' id='word_1_30' title='bbox 706 589 795 645; x_wconf 78' lang='grc' dir='ltr'><strong>διὰ</strong></span> <span class='ocrx_word' id='word_1_31' title='bbox 823 591 1073 662; x_wconf 75' lang='grc' dir='ltr'><strong>βασάνων</strong></span> <span class='ocrx_word' id='word_1_32' title='bbox 1106 596 1292 666; x_wconf 86' lang='grc' dir='ltr'><strong>πεῖρα,</strong></span> <span class='ocrx_word' id='word_1_33' title='bbox 1327 594 1422 647; x_wconf 76' lang='grc' dir='ltr'><strong>καὶ</strong></span> <span class='ocrx_word' id='word_1_34' title='bbox 1466 596 1500 665; x_wconf 78' lang='grc' dir='ltr'><strong>ἡ</strong></span> <span class='ocrx_word' id='word_1_35' title='bbox 1539 594 1700 665; x_wconf 87' lang='grc' dir='ltr'><strong>μέχρι</strong></span> <span class='ocrx_word' id='word_1_36' title='bbox 1741 595 1905 650; x_wconf 81' lang='grc' dir='ltr'><strong>θανά,-</strong></span> 
     </span>
    </p>
   </div>
   <div class='ocr_carea' id='block_1_8' title="bbox 275 679 1904 759">
    <p class='ocr_par' dir='ltr' id='par_1_8' title="bbox 275 679 1904 759">
     <span class='ocr_line' id='line_1_8' title="bbox 275 679 1904 759; baseline 0.007 -30"><span class='ocrx_word' id='word_1_37' title='bbox 275 691 395 730; x_wconf 66' lang='lat' dir='ltr'><strong>tau</strong></span> <span class='ocrx_word' id='word_1_38' title='bbox 438 679 708 746; x_wconf 75' lang='grc' dir='ltr'><strong>ἔνστασις,</strong></span> <span class='ocrx_word' id='word_1_39' title='bbox 742 683 809 755; x_wconf 79' lang='grc' dir='ltr'><strong>ῆν</strong></span> <span class='ocrx_word' id='word_1_40' title='bbox 835 685 927 738; x_wconf 80' lang='grc' dir='ltr'><strong>ἐπὶ</strong></span> <span class='ocrx_word' id='word_1_41' title='bbox 955 684 1238 754; x_wconf 81' lang='grc' dir='ltr'><strong>βασιλέων,</strong></span> <span class='ocrx_word' id='word_1_42' title='bbox 1263 686 1538 757; x_wconf 79' lang='grc' dir='ltr'><strong>ἀρχόντων</strong></span> <span class='ocrx_word' id='word_1_43' title='bbox 1563 703 1622 739; x_wconf 89' lang='grc' dir='ltr'><strong>τε</strong></span> <span class='ocrx_word' id='word_1_44' title='bbox 1655 686 1751 740; x_wconf 74' lang='grc' dir='ltr'><strong>καὶ</strong></span> <span class='ocrx_word' id='word_1_45' title='bbox 1773 689 1904 759; x_wconf 78' lang='grc' dir='ltr'><strong>ἡγε-</strong></span> 
     </span>
    </p>
   </div>
   <div class='ocr_carea' id='block_1_9' title="bbox 280 771 1902 844">
    <p class='ocr_par' dir='ltr' id='par_1_9' title="bbox 280 771 1902 844">
     <span class='ocr_line' id='line_1_9' title="bbox 280 771 1902 844; baseline 0.004 -19"><span class='ocrx_word' id='word_1_46' title='bbox 280 771 516 838; x_wconf 72' lang='grc' dir='ltr'><strong>μόνων,</strong></span> <span class='ocrx_word' id='word_1_47' title='bbox 551 775 645 828; x_wconf 75' lang='grc' dir='ltr'><strong>καὶ</strong></span> <span class='ocrx_word' id='word_1_48' title='bbox 679 775 817 828; x_wconf 82' lang='grc' dir='ltr'><strong>ὅλων</strong></span> <span class='ocrx_word' id='word_1_49' title='bbox 853 775 1022 830; x_wconf 84' lang='grc' dir='ltr'><strong>ὲθνῶν</strong></span> <span class='ocrx_word' id='word_1_50' title='bbox 1069 777 1422 844; x_wconf 80' lang='grc' dir='ltr'><strong>ἐνεδείξαντο,</strong></span> <span class='ocrx_word' id='word_1_51' title='bbox 1455 780 1568 841; x_wconf 87' lang='grc' dir='ltr'><strong>τοῖς</strong></span> <span class='ocrx_word' id='word_1_52' title='bbox 1599 777 1690 832; x_wconf 79' lang='grc' dir='ltr'><strong>ὑπ’</strong></span> <span class='ocrx_word' id='word_1_53' title='bbox 1724 778 1902 831; x_wconf 81' lang='grc' dir='ltr'><strong>αὐτῶν</strong></span> 
     </span>
    </p>
   </div>
   <div class='ocr_carea' id='block_1_10' title="bbox 276 866 1903 942">
    <p class='ocr_par' dir='ltr' id='par_1_10' title="bbox 276 866 1903 942">
     <span class='ocr_line' id='line_1_10' title="bbox 276 866 1903 942; baseline 0.004 -27"><span class='ocrx_word' id='word_1_54' title='bbox 276 866 738 938; x_wconf 75' lang='grc' dir='ltr'><strong>κηρυττομένοις</strong></span> <span class='ocrx_word' id='word_1_55' title='bbox 765 867 1025 939; x_wconf 81' lang='grc' dir='ltr'><strong>ἀλήθειαν</strong></span> <span class='ocrx_word' id='word_1_56' title='bbox 1067 870 1628 942; x_wconf 80' lang='grc' dir='ltr'><strong>ὲπιμαρτυρήσαντες.</strong></span> <span class='ocrx_word' id='word_1_57' title='bbox 1680 869 1903 935; x_wconf 78' lang='grc' dir='ltr'><strong>Τούτοις</strong></span> 
     </span>
    </p>
   </div>
   <div class='ocr_carea' id='block_1_11' title="bbox 273 953 1901 1032">
    <p class='ocr_par' dir='ltr' id='par_1_11' title="bbox 273 953 1901 1032">
     <span class='ocr_line' id='line_1_11' title="bbox 273 953 1901 1032; baseline 0.004 -23"><span class='ocrx_word' id='word_1_58' title='bbox 273 953 347 1008; x_wconf 77' lang='grc' dir='ltr'><strong>δὲ</strong></span> <span class='ocrx_word' id='word_1_59' title='bbox 390 959 584 1023; x_wconf 87' lang='grc' dir='ltr'><strong>αὐτοῖς</strong></span> <span class='ocrx_word' id='word_1_60' title='bbox 616 960 853 1032; x_wconf 74' lang='grc' dir='ltr'><strong>ἡγοῦμαι</strong></span> <span class='ocrx_word' id='word_1_61' title='bbox 877 964 990 1024; x_wconf 89' lang='grc' dir='ltr'><strong>τοῖς</strong></span> <span class='ocrx_word' id='word_1_62' title='bbox 1019 962 1430 1030; x_wconf 85' lang='grc' dir='ltr'><strong>εὐαγγελισταῖς</strong></span> <span class='ocrx_word' id='word_1_63' title='bbox 1453 961 1616 1016; x_wconf 87' lang='grc' dir='ltr'><strong>αὑτοῦ</strong></span> <span class='ocrx_word' id='word_1_64' title='bbox 1645 963 1738 1016; x_wconf 80' lang='grc' dir='ltr'><strong>καὶ</strong></span> <span class='ocrx_word' id='word_1_65' title='bbox 1767 963 1901 1016; x_wconf 86' lang='grc' dir='ltr'><strong>ἀπο-</strong></span> 
     </span>
    </p>
   </div>
   <div class='ocr_carea' id='block_1_12' title="bbox 277 1047 1900 1126">
    <p class='ocr_par' dir='ltr' id='par_1_12' title="bbox 277 1047 1900 1126">
     <span class='ocr_line' id='line_1_12' title="bbox 277 1047 1900 1126; baseline 0.004 -27"><span class='ocrx_word' id='word_1_66' title='bbox 277 1047 520 1112; x_wconf 82' lang='grc' dir='ltr'><strong>στόλοις</strong></span> <span class='ocrx_word' id='word_1_67' title='bbox 549 1051 840 1118; x_wconf 62' lang='grc' dir='ltr'><strong>ἐπιφωνεῖν</strong></span> <span class='ocrx_word' id='word_1_68' title='bbox 875 1051 937 1104; x_wconf 91' lang='grc' dir='ltr'><strong>τὸ</strong></span> <span class='ocrx_word' id='word_1_69' title='bbox 977 1051 1192 1122; x_wconf 87' lang='grc' dir='ltr'><strong>πνεῦμα</strong></span> <span class='ocrx_word' id='word_1_70' title='bbox 1227 1052 1290 1106; x_wconf 85' lang='grc' dir='ltr'><strong>τὸ</strong></span> <span class='ocrx_word' id='word_1_71' title='bbox 1323 1051 1660 1126; x_wconf 78' lang='grc' dir='ltr'><strong>προφητικὸν</strong></span> <span class='ocrx_word' id='word_1_72' title='bbox 1689 1051 1758 1105; x_wconf 76' lang='grc' dir='ltr'><strong>τὰ</strong></span> <span class='ocrx_word' id='word_1_73' title='bbox 1790 1051 1900 1106; x_wconf 84' lang='grc' dir='ltr'><strong>ἀπὸ</strong></span> 
     </span>
    </p>
   </div>
   <div class='ocr_carea' id='block_1_13' title="bbox 275 1138 1900 1216">
    <p class='ocr_par' dir='ltr' id='par_1_13' title="bbox 275 1138 1900 1216">
     <span class='ocr_line' id='line_1_13' title="bbox 275 1138 1900 1216; baseline 0.002 -25"><span class='ocrx_word' id='word_1_74' title='bbox 275 1138 420 1206; x_wconf 81' lang='grc' dir='ltr'><strong>τοῦ,</strong></span> <span class='ocrx_word' id='word_1_75' title='bbox 456 1159 476 1192; x_wconf 78' lang='grc' dir='ltr'><strong>ι</strong></span> <span class='ocrx_word' id='word_1_76' title='bbox 522 1141 816 1211; x_wconf 84' lang='grc' dir='ltr'><strong>’1σχύσατε,</strong></span> <span class='ocrx_word' id='word_1_77' title='bbox 849 1145 1030 1216; x_wconf 89' lang='grc' dir='ltr'><strong>χεῖρες</strong></span> <span class='ocrx_word' id='word_1_78' title='bbox 1063 1144 1362 1215; x_wconf 82' lang='grc' dir='ltr'><strong>ἀνειμέναι,</strong></span> <span class='ocrx_word' id='word_1_79' title='bbox 1390 1144 1484 1197; x_wconf 72' lang='grc' dir='ltr'><strong>καὶ</strong></span> <span class='ocrx_word' id='word_1_80' title='bbox 1504 1143 1703 1213; x_wconf 84' lang='grc' dir='ltr'><strong>γόνατα</strong></span> <span class='ocrx_word' id='word_1_81' title='bbox 1727 1160 1900 1214; x_wconf 86' lang='grc' dir='ltr'><strong>παρα-</strong></span> 
     </span>
    </p>
   </div>
   <div class='ocr_carea' id='block_1_14' title="bbox 277 1227 1893 1306">
    <p class='ocr_par' dir='ltr' id='par_1_14' title="bbox 277 1227 1893 1306">
     <span class='ocr_line' id='line_1_14' title="bbox 277 1227 1893 1306; baseline 0.003 -23"><span class='ocrx_word' id='word_1_82' title='bbox 277 1227 599 1302; x_wconf 76' lang='grc' dir='ltr'><strong>λιλυμένα.</strong></span> <span class='ocrx_word' id='word_1_83' title='bbox 643 1251 660 1284; x_wconf 77' lang='grc' dir='ltr'><strong>ι</strong></span> <span class='ocrx_word' id='word_1_84' title='bbox 713 1233 866 1286; x_wconf 75' lang='grc' dir='ltr'><strong>Ἐπεὶ</strong></span> <span class='ocrx_word' id='word_1_85' title='bbox 899 1234 1008 1306; x_wconf 88' lang='grc' dir='ltr'><strong>γάρ</strong></span> <span class='ocrx_word' id='word_1_86' title='bbox 1037 1235 1138 1299; x_wconf 76' lang='grc' dir='ltr'><strong>τὰς</strong></span> <span class='ocrx_word' id='word_1_87' title='bbox 1169 1239 1359 1306; x_wconf 87' lang='grc' dir='ltr'><strong>χεῖρας</strong></span> <span class='ocrx_word' id='word_1_88' title='bbox 1395 1236 1489 1289; x_wconf 71' lang='grc' dir='ltr'><strong>καὶ</strong></span> <span class='ocrx_word' id='word_1_89' title='bbox 1528 1234 1627 1299; x_wconf 91' lang='grc' dir='ltr'><strong>τάς</strong></span> <span class='ocrx_word' id='word_1_90' title='bbox 1658 1251 1893 1306; x_wconf 85' lang='grc' dir='ltr'><strong>πρακτι-</strong></span> 
     </span>
    </p>
   </div>
   <div class='ocr_carea' id='block_1_15' title="bbox 277 1317 1894 1399">
    <p class='ocr_par' dir='ltr' id='par_1_15' title="bbox 277 1317 1894 1399">
     <span class='ocr_line' id='line_1_15' title="bbox 277 1317 1894 1399; baseline 0.003 -24"><span class='ocrx_word' id='word_1_91' title='bbox 277 1320 407 1385; x_wconf 76' lang='grc' dir='ltr'><strong>κὰς</strong></span> <span class='ocrx_word' id='word_1_92' title='bbox 439 1321 702 1393; x_wconf 77' lang='grc' dir='ltr'><strong>δυνάμεις</strong></span> <span class='ocrx_word' id='word_1_93' title='bbox 731 1317 894 1388; x_wconf 85' lang='grc' dir='ltr'><strong>οῦτοι,</strong></span> <span class='ocrx_word' id='word_1_94' title='bbox 935 1325 1033 1389; x_wconf 90' lang='grc' dir='ltr'><strong>τάς</strong></span> <span class='ocrx_word' id='word_1_95' title='bbox 1065 1343 1124 1379; x_wconf 93' lang='grc' dir='ltr'><strong>τε</strong></span> <span class='ocrx_word' id='word_1_96' title='bbox 1173 1326 1360 1397; x_wconf 78' lang='grc' dir='ltr'><strong>βάσεις</strong></span> <span class='ocrx_word' id='word_1_97' title='bbox 1397 1328 1492 1380; x_wconf 74' lang='grc' dir='ltr'><strong>καὶ</strong></span> <span class='ocrx_word' id='word_1_98' title='bbox 1529 1327 1628 1399; x_wconf 77' lang='grc' dir='ltr'><strong>τὴν</strong></span> <span class='ocrx_word' id='word_1_99' title='bbox 1672 1327 1894 1399; x_wconf 84' lang='grc' dir='ltr'><strong>πορείαν</strong></span> 
     </span>
    </p>
   </div>
   <div class='ocr_carea' id='block_1_16' title="bbox 273 1412 1896 1491">
    <p class='ocr_par' dir='ltr' id='par_1_16' title="bbox 273 1412 1896 1491">
     <span class='ocr_line' id='line_1_16' title="bbox 273 1412 1896 1491; baseline 0.004 -23"><span class='ocrx_word' id='word_1_100' title='bbox 273 1412 410 1468; x_wconf 72' lang='grc' dir='ltr'><strong>ἀπὸ</strong></span> <span class='ocrx_word' id='word_1_101' title='bbox 465 1416 568 1487; x_wconf 89' lang='grc' dir='ltr'><strong>τῆς</strong></span> <span class='ocrx_word' id='word_1_102' title='bbox 617 1417 835 1488; x_wconf 80' lang='grc' dir='ltr'><strong>μακρᾶς</strong></span> <span class='ocrx_word' id='word_1_103' title='bbox 879 1419 1127 1490; x_wconf 84' lang='grc' dir='ltr'><strong>περιόδου</strong></span> <span class='ocrx_word' id='word_1_104' title='bbox 1159 1421 1258 1491; x_wconf 88' lang='grc' dir='ltr'><strong>τῆς</strong></span> <span class='ocrx_word' id='word_1_105' title='bbox 1304 1419 1446 1474; x_wconf 84' lang='grc' dir='ltr'><strong>κατὰ</strong></span> <span class='ocrx_word' id='word_1_106' title='bbox 1480 1419 1572 1473; x_wconf 89' lang='grc' dir='ltr'><strong>τὸν</strong></span> <span class='ocrx_word' id='word_1_107' title='bbox 1619 1421 1896 1484; x_wconf 82' lang='grc' dir='ltr'><strong>Μωὺσέως</strong></span> 
     </span>
    </p>
   </div>
   <div class='ocr_carea' id='block_1_17' title="bbox 275 1499 1893 1582">
    <p class='ocr_par' dir='ltr' id='par_1_17' title="bbox 275 1499 1893 1582">
     <span class='ocr_line' id='line_1_17' title="bbox 275 1499 1893 1582; baseline 0.006 -29"><span class='ocrx_word' id='word_1_108' title='bbox 275 1499 468 1571; x_wconf 75' lang='grc' dir='ltr'><strong>νόμον</strong></span> <span class='ocrx_word' id='word_1_109' title='bbox 493 1503 748 1575; x_wconf 79' lang='grc' dir='ltr'><strong>λατρείας</strong></span> <span class='ocrx_word' id='word_1_110' title='bbox 779 1506 1140 1578; x_wconf 81' lang='grc' dir='ltr'><strong>παρείθησαν,</strong></span> <span class='ocrx_word' id='word_1_111' title='bbox 1162 1509 1444 1580; x_wconf 83' lang='grc' dir='ltr'><strong>διεγείρων</strong></span> <span class='ocrx_word' id='word_1_112' title='bbox 1465 1509 1662 1573; x_wconf 75' lang='grc' dir='ltr'><strong>αὐτοὺς</strong></span> <span class='ocrx_word' id='word_1_113' title='bbox 1681 1509 1774 1562; x_wconf 74' lang='grc' dir='ltr'><strong>ἐπὶ</strong></span> <span class='ocrx_word' id='word_1_114' title='bbox 1793 1510 1893 1582; x_wconf 80' lang='grc' dir='ltr'><strong>τὴν</strong></span> 
     </span>
    </p>
   </div>
   <div class='ocr_carea' id='block_1_18' title="bbox 280 1591 1888 1670">
    <p class='ocr_par' dir='ltr' id='par_1_18' title="bbox 280 1591 1888 1670">
     <span class='ocr_line' id='line_1_18' title="bbox 280 1591 1888 1670; baseline 0.005 -26"><span class='ocrx_word' id='word_1_115' title='bbox 280 1591 444 1646; x_wconf 76' lang='grc' dir='ltr'><strong>κατὰ</strong></span> <span class='ocrx_word' id='word_1_116' title='bbox 476 1592 539 1646; x_wconf 83' lang='grc' dir='ltr'><strong>τὸ</strong></span> <span class='ocrx_word' id='word_1_117' title='bbox 568 1592 899 1661; x_wconf 86' lang='grc' dir='ltr'><strong>Εὑαγγέλιον</strong></span> <span class='ocrx_word' id='word_1_118' title='bbox 956 1595 1268 1650; x_wconf 85' lang='grc' dir='ltr'><strong>πολιτείαν·</strong></span> <span class='ocrx_word' id='word_1_119' title='bbox 1311 1617 1330 1649; x_wconf 74' lang='grc' dir='ltr'><strong>ι</strong></span> <span class='ocrx_word' id='word_1_120' title='bbox 1375 1597 1671 1669; x_wconf 75' lang='grc' dir='ltr'><strong>’ἰσχύσατε,</strong></span> <span class='ocrx_word' id='word_1_121' title='bbox 1733 1600 1888 1670; x_wconf 76' lang='grc' dir='ltr'><strong>φησὶ,</strong></span> 
     </span>
    </p>
   </div>
   <div class='ocr_carea' id='block_1_19' title="bbox 280 1686 1892 1762">
    <p class='ocr_par' dir='ltr' id='par_1_19' title="bbox 280 1686 1892 1762">
     <span class='ocr_line' id='line_1_19' title="bbox 280 1686 1892 1762; baseline 0.004 -25"><span class='ocrx_word' id='word_1_122' title='bbox 280 1688 486 1756; x_wconf 82' lang='grc' dir='ltr'><strong>χεῖρες</strong></span> <span class='ocrx_word' id='word_1_123' title='bbox 539 1686 846 1757; x_wconf 84' lang='grc' dir='ltr'><strong>ἀνειμέναι,</strong></span> <span class='ocrx_word' id='word_1_124' title='bbox 916 1689 1012 1742; x_wconf 81' lang='grc' dir='ltr'><strong>καὶ</strong></span> <span class='ocrx_word' id='word_1_125' title='bbox 1042 1688 1242 1757; x_wconf 89' lang='grc' dir='ltr'><strong>γόνατα</strong></span> <span class='ocrx_word' id='word_1_126' title='bbox 1275 1690 1716 1762; x_wconf 86' lang='grc' dir='ltr'><strong>παραλελυμένα,</strong></span> <span class='ocrx_word' id='word_1_127' title='bbox 1759 1712 1778 1744; x_wconf 71' lang='grc' dir='ltr'><strong>ι</strong></span> <span class='ocrx_word' id='word_1_128' title='bbox 1811 1693 1892 1756; x_wconf 90' lang='grc' dir='ltr'><strong>εἰς</strong></span> 
     </span>
    </p>
   </div>
   <div class='ocr_carea' id='block_1_20' title="bbox 2005 497 3581 557">
    <p class='ocr_par' dir='ltr' id='par_1_20' title="bbox 2005 497 3581 557">
     <span class='ocr_line' id='line_1_20' title="bbox 2005 497 3581 557; baseline -0.002 0"><span class='ocrx_word' id='word_1_129' title='bbox 2005 501 2188 557; x_wconf 86' lang='lat' dir='ltr'><strong>omnia</strong></span> <span class='ocrx_word' id='word_1_130' title='bbox 2223 499 2476 555; x_wconf 77' lang='lat' dir='ltr'><strong>Salvator</strong></span> <span class='ocrx_word' id='word_1_131' title='bbox 2509 513 2573 554; x_wconf 91' lang='lat' dir='ltr'><strong>ac</strong></span> <span class='ocrx_word' id='word_1_132' title='bbox 2608 498 2869 553; x_wconf 81' lang='lat' dir='ltr'><strong>Dominus</strong></span> <span class='ocrx_word' id='word_1_133' title='bbox 2912 506 3100 554; x_wconf 84' lang='lat' dir='ltr'><strong>noster</strong></span> <span class='ocrx_word' id='word_1_134' title='bbox 3139 497 3299 554; x_wconf 78' lang='lat' dir='ltr'><strong>Jesus</strong></span> <span class='ocrx_word' id='word_1_135' title='bbox 3327 497 3581 554; x_wconf 85' lang='lat' dir='ltr'><strong>Christus</strong></span> 
     </span>
    </p>
   </div>
   <div class='ocr_carea' id='block_1_21' title="bbox 2005 589 3582 660">
    <p class='ocr_par' dir='ltr' id='par_1_21' title="bbox 2005 589 3582 660">
     <span class='ocr_line' id='line_1_21' title="bbox 2005 589 3582 660; baseline -0.001 -15"><span class='ocrx_word' id='word_1_136' title='bbox 2005 590 2404 646; x_wconf 82' lang='lat' dir='ltr'><strong>admirabiliter</strong></span> <span class='ocrx_word' id='word_1_137' title='bbox 2436 590 2711 660; x_wconf 69' lang='lat' dir='ltr'><strong>praestitit,</strong></span> <span class='ocrx_word' id='word_1_138' title='bbox 2752 597 3013 659; x_wconf 89' lang='lat' dir='ltr'><strong>tanquam</strong></span> <span class='ocrx_word' id='word_1_139' title='bbox 3063 590 3110 644; x_wconf 91' lang='lat' dir='ltr'><strong>is</strong></span> <span class='ocrx_word' id='word_1_140' title='bbox 3163 591 3257 660; x_wconf 91' lang='lat' dir='ltr'><strong>qui</strong></span> <span class='ocrx_word' id='word_1_141' title='bbox 3313 604 3474 645; x_wconf 89' lang='lat' dir='ltr'><strong>verus</strong></span> <span class='ocrx_word' id='word_1_142' title='bbox 3507 589 3582 644; x_wconf 86' lang='lat' dir='ltr'><strong>sit</strong></span> 
     </span>
    </p>
   </div>
   <div class='ocr_carea' id='block_1_22' title="bbox 2003 681 3577 752">
    <p class='ocr_par' dir='ltr' id='par_1_22' title="bbox 2003 681 3577 752">
     <span class='ocr_line' id='line_1_22' title="bbox 2003 681 3577 752; baseline -0.002 -15"><span class='ocrx_word' id='word_1_143' title='bbox 2003 681 2173 747; x_wconf 84' lang='lat' dir='ltr'><strong>Deus,</strong></span> <span class='ocrx_word' id='word_1_144' title='bbox 2203 691 2258 739; x_wconf 88' lang='lat' dir='ltr'><strong>et</strong></span> <span class='ocrx_word' id='word_1_145' title='bbox 2296 683 2412 738; x_wconf 62' lang='lat' dir='ltr'><strong>haec</strong></span> <span class='ocrx_word' id='word_1_146' title='bbox 2455 681 2639 736; x_wconf 86' lang='lat' dir='ltr'><strong>omnia</strong></span> <span class='ocrx_word' id='word_1_147' title='bbox 2681 681 2975 736; x_wconf 87' lang='lat' dir='ltr'><strong>multorum</strong></span> <span class='ocrx_word' id='word_1_148' title='bbox 3015 682 3348 748; x_wconf 87' lang='lat' dir='ltr'><strong>testimonio,</strong></span> <span class='ocrx_word' id='word_1_149' title='bbox 3382 682 3474 752; x_wconf 88' lang='lat' dir='ltr'><strong>qui</strong></span> <span class='ocrx_word' id='word_1_150' title='bbox 3507 681 3577 735; x_wconf 85' lang='lat' dir='ltr'><strong>il-</strong></span> 
     </span>
    </p>
   </div>
   <div class='ocr_carea' id='block_1_23' title="bbox 2003 772 3573 845">
    <p class='ocr_par' dir='ltr' id='par_1_23' title="bbox 2003 772 3573 845">
     <span class='ocr_line' id='line_1_23' title="bbox 2003 772 3573 845; baseline 0 -16"><span class='ocrx_word' id='word_1_151' title='bbox 2003 775 2115 829; x_wconf 89' lang='lat' dir='ltr'><strong>lum</strong></span> <span class='ocrx_word' id='word_1_152' title='bbox 2153 775 2208 830; x_wconf 92' lang='lat' dir='ltr'><strong>in</strong></span> <span class='ocrx_word' id='word_1_153' title='bbox 2246 783 2360 830; x_wconf 90' lang='lat' dir='ltr'><strong>toto</strong></span> <span class='ocrx_word' id='word_1_154' title='bbox 2393 775 2528 830; x_wconf 88' lang='lat' dir='ltr'><strong>orbe</strong></span> <span class='ocrx_word' id='word_1_155' title='bbox 2563 774 2946 845; x_wconf 67' lang='lat' dir='ltr'><strong>praedicarunt,</strong></span> <span class='ocrx_word' id='word_1_156' title='bbox 2990 772 3148 828; x_wconf 78' lang='lat' dir='ltr'><strong>[idem</strong></span> <span class='ocrx_word' id='word_1_157' title='bbox 3202 784 3573 844; x_wconf 87' lang='lat' dir='ltr'><strong>acceperunt:</strong></span> 
     </span>
    </p>
   </div>
   <div class='ocr_carea' id='block_1_24' title="bbox 2000 867 3578 940">
    <p class='ocr_par' dir='ltr' id='par_1_24' title="bbox 2000 867 3578 940">
     <span class='ocr_line' id='line_1_24' title="bbox 2000 867 3578 940; baseline -0.001 -17"><span class='ocrx_word' id='word_1_158' title='bbox 2000 884 2232 940; x_wconf 87' lang='lat' dir='ltr'><strong>quorum</strong></span> <span class='ocrx_word' id='word_1_159' title='bbox 2264 867 2563 924; x_wconf 80' lang='lat' dir='ltr'><strong>testimonii</strong></span> <span class='ocrx_word' id='word_1_160' title='bbox 2585 876 2639 922; x_wconf 88' lang='lat' dir='ltr'><strong>et</strong></span> <span class='ocrx_word' id='word_1_161' title='bbox 2665 867 3068 936; x_wconf 82' lang='lat' dir='ltr'><strong>simplicitatem</strong></span> <span class='ocrx_word' id='word_1_162' title='bbox 3095 874 3149 920; x_wconf 89' lang='lat' dir='ltr'><strong>et</strong></span> <span class='ocrx_word' id='word_1_163' title='bbox 3177 868 3454 921; x_wconf 83' lang='lat' dir='ltr'><strong>veritatem</strong></span> <span class='ocrx_word' id='word_1_164' title='bbox 3479 881 3578 922; x_wconf 75' lang='lat' dir='ltr'><strong>ex-</strong></span> 
     </span>
    </p>
   </div>
   <div class='ocr_carea' id='block_1_25' title="bbox 2001 957 3576 1032">
    <p class='ocr_par' dir='ltr' id='par_1_25' title="bbox 2001 957 3576 1032">
     <span class='ocr_line' id='line_1_25' title="bbox 2001 957 3576 1032; baseline -0.003 -16"><span class='ocrx_word' id='word_1_165' title='bbox 2001 963 2234 1032; x_wconf 88' lang='lat' dir='ltr'><strong>ploratio</strong></span> <span class='ocrx_word' id='word_1_166' title='bbox 2269 975 2366 1030; x_wconf 88' lang='lat' dir='ltr'><strong>per</strong></span> <span class='ocrx_word' id='word_1_167' title='bbox 2404 967 2675 1014; x_wconf 88' lang='lat' dir='ltr'><strong>tormenta</strong></span> <span class='ocrx_word' id='word_1_168' title='bbox 2707 957 3015 1019; x_wconf 83' lang='lat' dir='ltr'><strong>conﬁrmat,</strong></span> <span class='ocrx_word' id='word_1_169' title='bbox 3044 965 3099 1011; x_wconf 81' lang='lat' dir='ltr'><strong>et</strong></span> <span class='ocrx_word' id='word_1_170' title='bbox 3123 972 3295 1027; x_wconf 88' lang='lat' dir='ltr'><strong>usque</strong></span> <span class='ocrx_word' id='word_1_171' title='bbox 3326 958 3391 1011; x_wconf 90' lang='lat' dir='ltr'><strong>ad</strong></span> <span class='ocrx_word' id='word_1_172' title='bbox 3427 973 3576 1012; x_wconf 89' lang='lat' dir='ltr'><strong>mor-</strong></span> 
     </span>
    </p>
   </div>
   <div class='ocr_carea' id='block_1_26' title="bbox 1999 1049 3574 1121">
    <p class='ocr_par' dir='ltr' id='par_1_26' title="bbox 1999 1049 3574 1121">
     <span class='ocr_line' id='line_1_26' title="bbox 1999 1049 3574 1121; baseline -0.002 -13"><span class='ocrx_word' id='word_1_173' title='bbox 1999 1063 2108 1110; x_wconf 88' lang='lat' dir='ltr'><strong>tem</strong></span> <span class='ocrx_word' id='word_1_174' title='bbox 2141 1052 2388 1110; x_wconf 83' lang='lat' dir='ltr'><strong>certandi</strong></span> <span class='ocrx_word' id='word_1_175' title='bbox 2424 1049 2850 1121; x_wconf 80' lang='lat' dir='ltr'><strong>perseverantia,</strong></span> <span class='ocrx_word' id='word_1_176' title='bbox 2883 1063 3044 1117; x_wconf 85' lang='lat' dir='ltr'><strong>quam</strong></span> <span class='ocrx_word' id='word_1_177' title='bbox 3097 1049 3149 1102; x_wconf 89' lang='lat' dir='ltr'><strong>in</strong></span> <span class='ocrx_word' id='word_1_178' title='bbox 3191 1059 3486 1118; x_wconf 89' lang='lat' dir='ltr'><strong>conspectu</strong></span> <span class='ocrx_word' id='word_1_179' title='bbox 3519 1055 3574 1105; x_wconf 93' lang='lat' dir='ltr'><strong>et</strong></span> 
     </span>
    </p>
   </div>
   <div class='ocr_carea' id='block_1_27' title="bbox 1999 1139 3570 1218">
    <p class='ocr_par' dir='ltr' id='par_1_27' title="bbox 1999 1139 3570 1218">
     <span class='ocr_line' id='line_1_27' title="bbox 1999 1139 3570 1218; baseline -0.006 -15"><span class='ocrx_word' id='word_1_180' title='bbox 1999 1162 2210 1218; x_wconf 80' lang='lat' dir='ltr'><strong>regum,</strong></span> <span class='ocrx_word' id='word_1_181' title='bbox 2240 1152 2295 1200; x_wconf 93' lang='lat' dir='ltr'><strong>et</strong></span> <span class='ocrx_word' id='word_1_182' title='bbox 2340 1143 2669 1214; x_wconf 84' lang='lat' dir='ltr'><strong>principum,</strong></span> <span class='ocrx_word' id='word_1_183' title='bbox 2693 1149 2746 1195; x_wconf 90' lang='lat' dir='ltr'><strong>et</strong></span> <span class='ocrx_word' id='word_1_184' title='bbox 2777 1139 3066 1210; x_wconf 64' lang='lat' dir='ltr'><strong>praesidum</strong></span> <span class='ocrx_word' id='word_1_185' title='bbox 3115 1147 3170 1194; x_wconf 89' lang='lat' dir='ltr'><strong>et</strong></span> <span class='ocrx_word' id='word_1_186' title='bbox 3196 1140 3570 1194; x_wconf 85' lang='lat' dir='ltr'><strong>universarum</strong></span> 
     </span>
    </p>
   </div>
   <div class='ocr_carea' id='block_1_28' title="bbox 1996 1232 3568 1309">
    <p class='ocr_par' dir='ltr' id='par_1_28' title="bbox 1996 1232 3568 1309">
     <span class='ocr_line' id='line_1_28' title="bbox 1996 1232 3568 1309; baseline -0.004 -15"><span class='ocrx_word' id='word_1_187' title='bbox 1996 1237 2241 1309; x_wconf 73' lang='lat' dir='ltr'><strong>gentium</strong></span> <span class='ocrx_word' id='word_1_188' title='bbox 2303 1234 2693 1306; x_wconf 68' lang='lat' dir='ltr'><strong>praestiterunt,</strong></span> <span class='ocrx_word' id='word_1_189' title='bbox 2732 1234 2860 1288; x_wconf 90' lang='lat' dir='ltr'><strong>dum</strong></span> <span class='ocrx_word' id='word_1_190' title='bbox 2904 1246 3114 1296; x_wconf 90' lang='lat' dir='ltr'><strong>eorum,</strong></span> <span class='ocrx_word' id='word_1_191' title='bbox 3148 1247 3268 1301; x_wconf 64' lang='lat' dir='ltr'><strong>qua:</strong></span> <span class='ocrx_word' id='word_1_192' title='bbox 3321 1232 3389 1285; x_wconf 86' lang='lat' dir='ltr'><strong>ab</strong></span> <span class='ocrx_word' id='word_1_193' title='bbox 3434 1232 3568 1301; x_wconf 85' lang='lat' dir='ltr'><strong>ipsis</strong></span> 
     </span>
    </p>
   </div>
   <div class='ocr_carea' id='block_1_29' title="bbox 1998 1321 3568 1399">
    <p class='ocr_par' dir='ltr' id='par_1_29' title="bbox 1998 1321 3568 1399">
     <span class='ocr_line' id='line_1_29' title="bbox 1998 1321 3568 1399; baseline -0.004 -15"><span class='ocrx_word' id='word_1_194' title='bbox 1998 1326 2456 1399; x_wconf 68' lang='lat' dir='ltr'><strong>praedicabantur,</strong></span> <span class='ocrx_word' id='word_1_195' title='bbox 2508 1323 2726 1379; x_wconf 82' lang='lat' dir='ltr'><strong>ve‘ritati</strong></span> <span class='ocrx_word' id='word_1_196' title='bbox 2779 1323 2935 1378; x_wconf 82' lang='lat' dir='ltr'><strong>ﬁdem</strong></span> <span class='ocrx_word' id='word_1_197' title='bbox 2980 1322 3059 1378; x_wconf 93' lang='lat' dir='ltr'><strong>sic</strong></span> <span class='ocrx_word' id='word_1_198' title='bbox 3117 1321 3343 1376; x_wconf 80' lang='lat' dir='ltr'><strong>faciunt.</strong></span> <span class='ocrx_word' id='word_1_199' title='bbox 3398 1321 3568 1378; x_wconf 85' lang='lat' dir='ltr'><strong>Porro</strong></span> 
     </span>
    </p>
   </div>
   <div class='ocr_carea' id='block_1_30' title="bbox 1995 1415 3565 1488">
    <p class='ocr_par' dir='ltr' id='par_1_30' title="bbox 1995 1415 3565 1488">
     <span class='ocr_line' id='line_1_30' title="bbox 1995 1415 3565 1488; baseline -0.004 -12"><span class='ocrx_word' id='word_1_200' title='bbox 1995 1428 2178 1476; x_wconf 85' lang='lat' dir='ltr'><strong>autem</strong></span> <span class='ocrx_word' id='word_1_201' title='bbox 2197 1418 2262 1472; x_wconf 88' lang='lat' dir='ltr'><strong>ad</strong></span> <span class='ocrx_word' id='word_1_202' title='bbox 2291 1418 2392 1472; x_wconf 87' lang='lat' dir='ltr'><strong>hos</strong></span> <span class='ocrx_word' id='word_1_203' title='bbox 2419 1418 2568 1488; x_wconf 91' lang='lat' dir='ltr'><strong>ipsos</strong></span> <span class='ocrx_word' id='word_1_204' title='bbox 2587 1424 2639 1470; x_wconf 85' lang='lat' dir='ltr'><strong>et</strong></span> <span class='ocrx_word' id='word_1_205' title='bbox 2663 1416 3026 1486; x_wconf 81' lang='lat' dir='ltr'><strong>evangelistas</strong></span> <span class='ocrx_word' id='word_1_206' title='bbox 3049 1415 3168 1483; x_wconf 83' lang='lat' dir='ltr'><strong>ejus</strong></span> <span class='ocrx_word' id='word_1_207' title='bbox 3190 1422 3243 1468; x_wconf 88' lang='lat' dir='ltr'><strong>et</strong></span> <span class='ocrx_word' id='word_1_208' title='bbox 3269 1415 3565 1483; x_wconf 85' lang='lat' dir='ltr'><strong>apostolos.</strong></span> 
     </span>
    </p>
   </div>
   <div class='ocr_carea' id='block_1_31' title="bbox 1995 1505 3569 1583">
    <p class='ocr_par' dir='ltr' id='par_1_31' title="bbox 1995 1505 3569 1583">
     <span class='ocr_line' id='line_1_31' title="bbox 1995 1505 3569 1583; baseline -0.006 -15"><span class='ocrx_word' id='word_1_209' title='bbox 1995 1511 2246 1583; x_wconf 87' lang='lat' dir='ltr'><strong>spiritum</strong></span> <span class='ocrx_word' id='word_1_210' title='bbox 2283 1509 2524 1564; x_wconf 86' lang='lat' dir='ltr'><strong>arbitror</strong></span> <span class='ocrx_word' id='word_1_211' title='bbox 2558 1507 2853 1562; x_wconf 87' lang='lat' dir='ltr'><strong>inclamare</strong></span> <span class='ocrx_word' id='word_1_212' title='bbox 2905 1505 3306 1576; x_wconf 85' lang='lat' dir='ltr'><strong>propheticum,</strong></span> <span class='ocrx_word' id='word_1_213' title='bbox 3354 1520 3416 1558; x_wconf 85' lang='lat' dir='ltr'><strong>ea</strong></span> <span class='ocrx_word' id='word_1_214' title='bbox 3446 1519 3569 1575; x_wconf 69' lang='lat' dir='ltr'><strong>quae</strong></span> 
     </span>
    </p>
   </div>
   <div class='ocr_carea' id='block_1_32' title="bbox 1993 1595 3562 1674">
    <p class='ocr_par' dir='ltr' id='par_1_32' title="bbox 1993 1595 3562 1674">
     <span class='ocr_line' id='line_1_32' title="bbox 1993 1595 3562 1674; baseline -0.006 -14"><span class='ocrx_word' id='word_1_215' title='bbox 1993 1605 2250 1674; x_wconf 89' lang='lat' dir='ltr'><strong>deinceps</strong></span> <span class='ocrx_word' id='word_1_216' title='bbox 2279 1609 2606 1672; x_wconf 91' lang='lat' dir='ltr'><strong>sequuntur,</strong></span> <span class='ocrx_word' id='word_1_217' title='bbox 2640 1599 2710 1653; x_wconf 91' lang='lat' dir='ltr'><strong>ab</strong></span> <span class='ocrx_word' id='word_1_218' title='bbox 2761 1598 2852 1652; x_wconf 85' lang='lat' dir='ltr'><strong>illo</strong></span> <span class='ocrx_word' id='word_1_219' title='bbox 2892 1599 3012 1652; x_wconf 77' lang='lat' dir='ltr'><strong>loco</strong></span> <span class='ocrx_word' id='word_1_220' title='bbox 3044 1615 3056 1652; x_wconf 92' lang='lat'>:</span> <span class='ocrx_word' id='word_1_221' title='bbox 3095 1615 3112 1648; x_wconf 82' lang='grc' dir='ltr'><strong>ι</strong></span> <span class='ocrx_word' id='word_1_222' title='bbox 3165 1595 3562 1659; x_wconf 80' lang='lat' dir='ltr'><strong>Convalescite,</strong></span> 
     </span>
    </p>
   </div>
   <div class='ocr_carea' id='block_1_33' title="bbox 1993 1688 3564 1759">
    <p class='ocr_par' dir='ltr' id='par_1_33' title="bbox 1993 1688 3564 1759">
     <span class='ocr_line' id='line_1_33' title="bbox 1993 1688 3564 1759; baseline -0.004 -9"><span class='ocrx_word' id='word_1_223' title='bbox 1993 1710 2188 1751; x_wconf 89' lang='lat' dir='ltr'><strong>manus</strong></span> <span class='ocrx_word' id='word_1_224' title='bbox 2212 1695 2474 1752; x_wconf 61' lang='lat' dir='ltr'><strong>remissa.</strong></span> <span class='ocrx_word' id='word_1_225' title='bbox 2489 1700 2542 1747; x_wconf 89' lang='lat' dir='ltr'><strong>et</strong></span> <span class='ocrx_word' id='word_1_226' title='bbox 2571 1707 2743 1753; x_wconf 67' lang='lat' dir='ltr'><strong>genua</strong></span> <span class='ocrx_word' id='word_1_227' title='bbox 2767 1691 3052 1745; x_wconf 88' lang='lat' dir='ltr'><strong>dissoluta.</strong></span> <span class='ocrx_word' id='word_1_228' title='bbox 3093 1708 3111 1741; x_wconf 75' lang='grc' dir='ltr'><strong>ι</strong></span> <span class='ocrx_word' id='word_1_229' title='bbox 3142 1688 3276 1742; x_wconf 83' lang='lat' dir='ltr'><strong>Nam</strong></span> <span class='ocrx_word' id='word_1_230' title='bbox 3307 1689 3564 1759; x_wconf 85' lang='lat' dir='ltr'><strong>quoniam</strong></span> 
     </span>
    </p>
   </div>
   <div class='ocr_carea' id='block_1_34' title="bbox 279 1774 1879 1854">
    <p class='ocr_par' dir='ltr' id='par_1_34' title="bbox 279 1775 1879 1854">
     <span class='ocr_line' id='line_1_34' title="bbox 279 1775 1879 1854; baseline 0.006 -27"><span class='ocrx_word' id='word_1_231' title='bbox 279 1775 618 1846; x_wconf 77' lang='grc' dir='ltr'><strong>ἐτοιμασίαν</strong></span> <span class='ocrx_word' id='word_1_232' title='bbox 651 1777 849 1851; x_wconf 81' lang='grc' dir='ltr'><strong>δηλαδὴ</strong></span> <span class='ocrx_word' id='word_1_233' title='bbox 881 1777 976 1832; x_wconf 93' lang='grc' dir='ltr'><strong>τοῦ</strong></span> <span class='ocrx_word' id='word_1_234' title='bbox 1019 1779 1161 1833; x_wconf 89' lang='grc' dir='ltr'><strong>κατά</strong></span> <span class='ocrx_word' id='word_1_235' title='bbox 1200 1781 1262 1834; x_wconf 87' lang='grc' dir='ltr'><strong>τὸ</strong></span> <span class='ocrx_word' id='word_1_236' title='bbox 1309 1780 1637 1850; x_wconf 87' lang='grc' dir='ltr'><strong>Εὐαγγέλιον</strong></span> <span class='ocrx_word' id='word_1_237' title='bbox 1663 1782 1879 1854; x_wconf 81' lang='grc' dir='ltr'><strong>δρόμου.</strong></span> 
     </span>
    </p>
   </div>
   <div class='ocr_carea' id='block_1_35' title="bbox 1980 1774 3567 1854">
    <p class='ocr_par' dir='ltr' id='par_1_35' title="bbox 1991 1779 3567 1850">
     <span class='ocr_line' id='line_1_35' title="bbox 1991 1779 3567 1850; baseline -0.004 -9"><span class='ocrx_word' id='word_1_238' title='bbox 1991 1785 2045 1841; x_wconf 83' lang='grc' dir='ltr'><strong>1ιὶ</strong></span> <span class='ocrx_word' id='word_1_239' title='bbox 2073 1794 2128 1840; x_wconf 90' lang='lat' dir='ltr'><strong>et</strong></span> <span class='ocrx_word' id='word_1_240' title='bbox 2156 1784 2431 1846; x_wconf 91' lang='lat' dir='ltr'><strong>manibus,</strong></span> <span class='ocrx_word' id='word_1_241' title='bbox 2463 1794 2517 1838; x_wconf 91' lang='lat' dir='ltr'><strong>et</strong></span> <span class='ocrx_word' id='word_1_242' title='bbox 2541 1782 2748 1836; x_wconf 91' lang='lat' dir='ltr'><strong>viribus</strong></span> <span class='ocrx_word' id='word_1_243' title='bbox 2783 1795 2903 1850; x_wconf 75' lang='lat' dir='ltr'><strong>quae</strong></span> <span class='ocrx_word' id='word_1_244' title='bbox 2957 1780 3024 1834; x_wconf 94' lang='lat' dir='ltr'><strong>ad</strong></span> <span class='ocrx_word' id='word_1_245' title='bbox 3080 1779 3344 1850; x_wconf 81' lang='lat' dir='ltr'><strong>agendum</strong></span> <span class='ocrx_word' id='word_1_246' title='bbox 3400 1781 3567 1850; x_wconf 87' lang='lat' dir='ltr'><strong>perti-</strong></span> 
     </span>
    </p>
   </div>
   <div class='ocr_carea' id='block_1_36' title="bbox 293 1863 1888 1944">
    <p class='ocr_par' dir='ltr' id='par_1_36' title="bbox 293 1863 1888 1944">
     <span class='ocr_line' id='line_1_36' title="bbox 293 1863 1888 1944; baseline 0.005 -25"><span class='ocrx_word' id='word_1_247' title='bbox 293 1863 589 1938; x_wconf 72' lang='grc' dir='ltr'><strong>’ἰσχύσατε</strong></span> <span class='ocrx_word' id='word_1_248' title='bbox 631 1868 688 1922; x_wconf 80' lang='grc' dir='ltr'><strong>δὲ</strong></span> <span class='ocrx_word' id='word_1_249' title='bbox 731 1870 823 1924; x_wconf 74' lang='grc' dir='ltr'><strong>κα)⁸</strong></span> <span class='ocrx_word' id='word_1_250' title='bbox 869 1871 950 1934; x_wconf 85' lang='grc' dir='ltr'><strong>είς</strong></span> <span class='ocrx_word' id='word_1_251' title='bbox 997 1871 1060 1924; x_wconf 83' lang='grc' dir='ltr'><strong>τὸ</strong></span> <span class='ocrx_word' id='word_1_252' title='bbox 1107 1872 1447 1942; x_wconf 86' lang='grc' dir='ltr'><strong>παρακαλεῖν</strong></span> <span class='ocrx_word' id='word_1_253' title='bbox 1490 1873 1742 1944; x_wconf 78' lang='grc' dir='ltr'><strong>ἑτέρους,</strong></span> <span class='ocrx_word' id='word_1_254' title='bbox 1793 1874 1888 1928; x_wconf 76' lang='grc' dir='ltr'><strong>καὶ</strong></span> 
     </span>
    </p>
   </div>
   <div class='ocr_carea' id='block_1_37' title="bbox 281 1961 1886 2036">
    <p class='ocr_par' dir='ltr' id='par_1_37' title="bbox 281 1961 1886 2036">
     <span class='ocr_line' id='line_1_37' title="bbox 281 1961 1886 2036; baseline 0.002 -22"><span class='ocrx_word' id='word_1_255' title='bbox 281 1961 590 2032; x_wconf 76' lang='grc' dir='ltr'><strong>παρορμᾷν</strong></span> <span class='ocrx_word' id='word_1_256' title='bbox 621 1961 836 2032; x_wconf 75' lang='grc' dir='ltr'><strong>ἔχεσθαι</strong></span> <span class='ocrx_word' id='word_1_257' title='bbox 866 1963 967 2034; x_wconf 88' lang='grc' dir='ltr'><strong>τῆς</strong></span> <span class='ocrx_word' id='word_1_258' title='bbox 995 1963 1353 2036; x_wconf 86' lang='grc' dir='ltr'><strong>εὐαγγελικῆς</strong></span> <span class='ocrx_word' id='word_1_259' title='bbox 1401 1965 1694 2036; x_wconf 84' lang='grc' dir='ltr'><strong>σωτηρίας,</strong></span> <span class='ocrx_word' id='word_1_260' title='bbox 1729 1966 1886 2036; x_wconf 85' lang='grc' dir='ltr'><strong>ὑμεῖς</strong></span> 
     </span>
    </p>
   </div>
   <div class='ocr_carea' id='block_1_38' title="bbox 279 2054 1882 2131">
    <p class='ocr_par' dir='ltr' id='par_1_38' title="bbox 279 2054 1882 2131">
     <span class='ocr_line' id='line_1_38' title="bbox 279 2054 1882 2131; baseline 0.004 -26"><span class='ocrx_word' id='word_1_261' title='bbox 279 2054 340 2106; x_wconf 74' lang='lat' dir='ltr'><strong>oi</strong></span> <span class='ocrx_word' id='word_1_262' title='bbox 373 2054 440 2107; x_wconf 89' lang='grc' dir='ltr'><strong>τὸ</strong></span> <span class='ocrx_word' id='word_1_263' title='bbox 474 2055 603 2126; x_wconf 75' lang='grc' dir='ltr'><strong>πρὶν</strong></span> <span class='ocrx_word' id='word_1_264' title='bbox 635 2055 966 2126; x_wconf 83' lang='grc' dir='ltr'><strong>όλιγόψυχοι,</strong></span> <span class='ocrx_word' id='word_1_265' title='bbox 1003 2059 1098 2110; x_wconf 78' lang='grc' dir='ltr'><strong>καὶ</strong></span> <span class='ocrx_word' id='word_1_266' title='bbox 1135 2058 1206 2129; x_wconf 86' lang='grc' dir='ltr'><strong>μή</strong></span> <span class='ocrx_word' id='word_1_267' title='bbox 1240 2075 1324 2122; x_wconf 89' lang='grc' dir='ltr'><strong>τις</strong></span> <span class='ocrx_word' id='word_1_268' title='bbox 1359 2059 1502 2128; x_wconf 85' lang='grc' dir='ltr'><strong>ὑμᾶς</strong></span> <span class='ocrx_word' id='word_1_269' title='bbox 1532 2059 1756 2131; x_wconf 80' lang='grc' dir='ltr'><strong>αἱρείτω</strong></span> <span class='ocrx_word' id='word_1_270' title='bbox 1785 2060 1882 2128; x_wconf 74' lang='grc' dir='ltr'><strong>φό-</strong></span> 
     </span>
    </p>
   </div>
   <div class='ocr_carea' id='block_1_39' title="bbox 283 2143 1882 2221">
    <p class='ocr_par' dir='ltr' id='par_1_39' title="bbox 283 2143 1882 2221">
     <span class='ocr_line' id='line_1_39' title="bbox 283 2143 1882 2221; baseline 0.003 -24"><span class='ocrx_word' id='word_1_271' title='bbox 283 2143 389 2208; x_wconf 71' lang='grc' dir='ltr'><strong>ϐος</strong></span> <span class='ocrx_word' id='word_1_272' title='bbox 416 2144 527 2198; x_wconf 83' lang='grc' dir='ltr'><strong>τῶν</strong></span> <span class='ocrx_word' id='word_1_273' title='bbox 561 2145 759 2212; x_wconf 70' lang='grc' dir='ltr'><strong>ἔξωθεν</strong></span> <span class='ocrx_word' id='word_1_274' title='bbox 791 2146 1198 2218; x_wconf 79' lang='grc' dir='ltr'><strong>ἀνθισταμένων</strong></span> <span class='ocrx_word' id='word_1_275' title='bbox 1228 2147 1310 2219; x_wconf 85' lang='grc' dir='ltr'><strong>τῷ</strong></span> <span class='ocrx_word' id='word_1_276' title='bbox 1343 2147 1681 2220; x_wconf 85' lang='grc' dir='ltr'><strong>εὐαγγελικῷ</strong></span> <span class='ocrx_word' id='word_1_277' title='bbox 1709 2147 1882 2221; x_wconf 85' lang='grc' dir='ltr'><strong>κηρύ-</strong></span> 
     </span>
    </p>
   </div>
   <div class='ocr_carea' id='block_1_40' title="bbox 284 2235 1881 2312">
    <p class='ocr_par' dir='ltr' id='par_1_40' title="bbox 284 2235 1881 2312">
     <span class='ocr_line' id='line_1_40' title="bbox 284 2235 1881 2312; baseline 0.006 -27"><span class='ocrx_word' id='word_1_278' title='bbox 284 2249 496 2303; x_wconf 78' lang='grc' dir='ltr'><strong>γματι·</strong></span> <span class='ocrx_word' id='word_1_279' title='bbox 544 2235 682 2290; x_wconf 86' lang='grc' dir='ltr'><strong>ἀλλά</strong></span> <span class='ocrx_word' id='word_1_280' title='bbox 725 2237 821 2290; x_wconf 81' lang='grc' dir='ltr'><strong>καὶ</strong></span> <span class='ocrx_word' id='word_1_281' title='bbox 871 2238 1008 2309; x_wconf 82' lang='grc' dir='ltr'><strong>πρὸς</strong></span> <span class='ocrx_word' id='word_1_282' title='bbox 1054 2237 1279 2302; x_wconf 79' lang='grc' dir='ltr'><strong>τούτους</strong></span> <span class='ocrx_word' id='word_1_283' title='bbox 1335 2239 1610 2309; x_wconf 89' lang='grc' dir='ltr'><strong>ίσχύσατε,</strong></span> <span class='ocrx_word' id='word_1_284' title='bbox 1659 2241 1752 2293; x_wconf 71' lang='grc' dir='ltr'><strong>καὶ</strong></span> <span class='ocrx_word' id='word_1_285' title='bbox 1807 2240 1881 2312; x_wconf 78' lang='grc' dir='ltr'><strong>μὴ</strong></span> 
     </span>
    </p>
   </div>
   <div class='ocr_carea' id='block_1_41' title="bbox 290 2325 1881 2401">
    <p class='ocr_par' dir='ltr' id='par_1_41' title="bbox 290 2325 1881 2401">
     <span class='ocr_line' id='line_1_41' title="bbox 290 2325 1881 2401; baseline 0.004 -23"><span class='ocrx_word' id='word_1_286' title='bbox 290 2325 568 2392; x_wconf 74' lang='grc' dir='ltr'><strong>φοϐεῖσθε.</strong></span> <span class='ocrx_word' id='word_1_287' title='bbox 623 2328 756 2393; x_wconf 88' lang='grc' dir='ltr'><strong>Θεὸς</strong></span> <span class='ocrx_word' id='word_1_288' title='bbox 810 2329 920 2401; x_wconf 90' lang='grc' dir='ltr'><strong>γάρ</strong></span> <span class='ocrx_word' id='word_1_289' title='bbox 967 2326 1036 2401; x_wconf 85' lang='grc' dir='ltr'><strong>ῆν</strong></span> <span class='ocrx_word' id='word_1_290' title='bbox 1090 2331 1186 2384; x_wconf 72' lang='grc' dir='ltr'><strong>καὶ</strong></span> <span class='ocrx_word' id='word_1_291' title='bbox 1241 2329 1376 2384; x_wconf 82' lang='grc' dir='ltr'><strong>Θεοῦ</strong></span> <span class='ocrx_word' id='word_1_292' title='bbox 1423 2331 1615 2400; x_wconf 86' lang='grc' dir='ltr'><strong>Λόγος,</strong></span> <span class='ocrx_word' id='word_1_293' title='bbox 1657 2331 1771 2384; x_wconf 77' lang='grc' dir='ltr'><strong>ἀλλ’</strong></span> <span class='ocrx_word' id='word_1_294' title='bbox 1819 2333 1881 2385; x_wconf 91' lang='grc' dir='ltr'><strong>οὑ</strong></span> 
     </span>
    </p>
   </div>
   <div class='ocr_carea' id='block_1_42' title="bbox 287 2419 1882 2494">
    <p class='ocr_par' dir='ltr' id='par_1_42' title="bbox 287 2419 1882 2494">
     <span class='ocr_line' id='line_1_42' title="bbox 287 2419 1882 2494; baseline 0.002 -22"><span class='ocrx_word' id='word_1_295' title='bbox 287 2419 521 2473; x_wconf 74' lang='grc' dir='ltr'><strong>Μωῦσεῖ</strong></span> <span class='ocrx_word' id='word_1_296' title='bbox 562 2437 647 2484; x_wconf 87' lang='grc' dir='ltr'><strong>τις</strong></span> <span class='ocrx_word' id='word_1_297' title='bbox 688 2422 1086 2493; x_wconf 84' lang='grc' dir='ltr'><strong>παραπλήσιος,</strong></span> <span class='ocrx_word' id='word_1_298' title='bbox 1121 2420 1246 2475; x_wconf 74' lang='grc' dir='ltr'><strong>οὐδέ</strong></span> <span class='ocrx_word' id='word_1_299' title='bbox 1285 2439 1371 2485; x_wconf 94' lang='grc' dir='ltr'><strong>τις</strong></span> <span class='ocrx_word' id='word_1_300' title='bbox 1413 2425 1527 2485; x_wconf 86' lang='grc' dir='ltr'><strong>τοῖς</strong></span> <span class='ocrx_word' id='word_1_301' title='bbox 1576 2422 1882 2494; x_wconf 76' lang='grc' dir='ltr'><strong>προφήταις</strong></span> 
     </span>
    </p>
   </div>
   <div class='ocr_carea' id='block_1_43' title="bbox 285 2510 1877 2585">
    <p class='ocr_par' dir='ltr' id='par_1_43' title="bbox 285 2510 1877 2585">
     <span class='ocr_line' id='line_1_43' title="bbox 285 2510 1877 2585; baseline 0 -21"><span class='ocrx_word' id='word_1_302' title='bbox 285 2511 497 2580; x_wconf 81' lang='grc' dir='ltr'><strong>ὅμοιος,</strong></span> <span class='ocrx_word' id='word_1_303' title='bbox 521 2512 582 2565; x_wconf 91' lang='grc' dir='ltr'><strong>οὐ</strong></span> <span class='ocrx_word' id='word_1_304' title='bbox 616 2512 790 2583; x_wconf 86' lang='grc' dir='ltr'><strong>μόνων</strong></span> <span class='ocrx_word' id='word_1_305' title='bbox 815 2513 923 2566; x_wconf 81' lang='grc' dir='ltr'><strong>τῶν</strong></span> <span class='ocrx_word' id='word_1_306' title='bbox 949 2511 1264 2585; x_wconf 79' lang='grc' dir='ltr'><strong>παραδόξων</strong></span> <span class='ocrx_word' id='word_1_307' title='bbox 1297 2510 1526 2583; x_wconf 83' lang='grc' dir='ltr'><strong>ποιητὴς</strong></span> <span class='ocrx_word' id='word_1_308' title='bbox 1558 2511 1877 2582; x_wconf 86' lang='grc' dir='ltr'><strong>θαυμάτων,</strong></span> 
     </span>
    </p>
   </div>
   <div class='ocr_carea' id='block_1_44' title="bbox 284 2601 1880 2676">
    <p class='ocr_par' dir='ltr' id='par_1_44' title="bbox 284 2601 1880 2676">
     <span class='ocr_line' id='line_1_44' title="bbox 284 2601 1880 2676; baseline -0.001 -20"><span class='ocrx_word' id='word_1_309' title='bbox 284 2601 426 2656; x_wconf 81' lang='grc' dir='ltr'><strong>ἀλλά</strong></span> <span class='ocrx_word' id='word_1_310' title='bbox 452 2605 546 2657; x_wconf 77' lang='grc' dir='ltr'><strong>καὶ</strong></span> <span class='ocrx_word' id='word_1_311' title='bbox 573 2605 699 2676; x_wconf 89' lang='grc' dir='ltr'><strong>ὑμῖν</strong></span> <span class='ocrx_word' id='word_1_312' title='bbox 725 2605 906 2669; x_wconf 87' lang='grc' dir='ltr'><strong>αὑτοῖς</strong></span> <span class='ocrx_word' id='word_1_313' title='bbox 938 2605 1039 2676; x_wconf 90' lang='grc' dir='ltr'><strong>τῆς</strong></span> <span class='ocrx_word' id='word_1_314' title='bbox 1077 2603 1262 2675; x_wconf 84' lang='grc' dir='ltr'><strong>ἰσχύος</strong></span> <span class='ocrx_word' id='word_1_315' title='bbox 1295 2603 1534 2673; x_wconf 89' lang='grc' dir='ltr'><strong>γεγονὼς</strong></span> <span class='ocrx_word' id='word_1_316' title='bbox 1561 2603 1751 2667; x_wconf 72' lang='grc' dir='ltr'><strong>αἴτιος.</strong></span> <span class='ocrx_word' id='word_1_317' title='bbox 1783 2604 1880 2656; x_wconf 88' lang='grc' dir='ltr'><strong>Πί-</strong></span> 
     </span>
    </p>
   </div>
   <div class='ocr_carea' id='block_1_45' title="bbox 286 2695 1879 2769">
    <p class='ocr_par' dir='ltr' id='par_1_45' title="bbox 286 2695 1879 2769">
     <span class='ocr_line' id='line_1_45' title="bbox 286 2695 1879 2769; baseline 0 -21"><span class='ocrx_word' id='word_1_318' title='bbox 286 2710 407 2759; x_wconf 84' lang='grc' dir='ltr'><strong>στις</strong></span> <span class='ocrx_word' id='word_1_319' title='bbox 431 2695 478 2748; x_wconf 75' lang='grc' dir='ltr'><strong>δ’</strong></span> <span class='ocrx_word' id='word_1_320' title='bbox 509 2696 576 2750; x_wconf 81' lang='grc' dir='ltr'>ἂν</span> <span class='ocrx_word' id='word_1_321' title='bbox 621 2697 828 2765; x_wconf 82' lang='grc' dir='ltr'><strong>γένοιτο</strong></span> <span class='ocrx_word' id='word_1_322' title='bbox 866 2697 1236 2769; x_wconf 78' lang='grc' dir='ltr'><strong>ὲναργεστάτη</strong></span> <span class='ocrx_word' id='word_1_323' title='bbox 1279 2695 1380 2766; x_wconf 88' lang='grc' dir='ltr'><strong>τῆς</strong></span> <span class='ocrx_word' id='word_1_324' title='bbox 1412 2695 1504 2749; x_wconf 91' lang='grc' dir='ltr'><strong>τοῦ</strong></span> <span class='ocrx_word' id='word_1_325' title='bbox 1537 2712 1879 2768; x_wconf 76' lang='grc' dir='ltr'><strong>προφητεύο-</strong></span> 
     </span>
    </p>
   </div>
   <div class='ocr_carea' id='block_1_46' title="bbox 287 2784 1876 2860">
    <p class='ocr_par' dir='ltr' id='par_1_46' title="bbox 287 2784 1876 2860">
     <span class='ocr_line' id='line_1_46' title="bbox 287 2784 1876 2860; baseline 0.012 -24"><span class='ocrx_word' id='word_1_326' title='bbox 287 2787 456 2858; x_wconf 80' lang='grc' dir='ltr'><strong>μένου</strong></span> <span class='ocrx_word' id='word_1_327' title='bbox 489 2788 740 2860; x_wconf 75' lang='grc' dir='ltr'><strong>Σωτῆρος</strong></span> <span class='ocrx_word' id='word_1_328' title='bbox 779 2789 937 2860; x_wconf 79' lang='grc' dir='ltr'><strong>ἡμῶν</strong></span> <span class='ocrx_word' id='word_1_329' title='bbox 970 2789 1152 2843; x_wconf 79' lang='grc' dir='ltr'><strong>ἐνθέου</strong></span> <span class='ocrx_word' id='word_1_330' title='bbox 1199 2789 1500 2858; x_wconf 80' lang='grc' dir='ltr'><strong>δυνάμεως,</strong></span> <span class='ocrx_word' id='word_1_331' title='bbox 1531 2787 1598 2841; x_wconf 82' lang='grc' dir='ltr'><strong>δι’</strong></span> <span class='ocrx_word' id='word_1_332' title='bbox 1635 2784 1704 2860; x_wconf 79' lang='grc' dir='ltr'><strong>ἧς</strong></span> <span class='ocrx_word' id='word_1_333' title='bbox 1741 2788 1876 2859; x_wconf 80' lang='grc' dir='ltr'><strong>ἀλη-</strong></span> 
     </span>
    </p>
   </div>
   <div class='ocr_carea' id='block_1_47' title="bbox 283 2879 1877 2952">
    <p class='ocr_par' dir='ltr' id='par_1_47' title="bbox 283 2879 1877 2952">
     <span class='ocr_line' id='line_1_47' title="bbox 283 2879 1877 2952; baseline 0.001 -21"><span class='ocrx_word' id='word_1_334' title='bbox 283 2879 397 2943; x_wconf 79' lang='grc' dir='ltr'><strong>θῶς</strong></span> <span class='ocrx_word' id='word_1_335' title='bbox 447 2879 652 2949; x_wconf 79' lang='grc' dir='ltr'><strong>χωλοὺς</strong></span> <span class='ocrx_word' id='word_1_336' title='bbox 699 2881 790 2933; x_wconf 70' lang='grc' dir='ltr'><strong>καὶ</strong></span> <span class='ocrx_word' id='word_1_337' title='bbox 843 2880 1096 2949; x_wconf 68' lang='grc' dir='ltr'><strong>τυφλοὺς,</strong></span> <span class='ocrx_word' id='word_1_338' title='bbox 1140 2880 1234 2934; x_wconf 78' lang='grc' dir='ltr'><strong>καὶ</strong></span> <span class='ocrx_word' id='word_1_339' title='bbox 1274 2879 1532 2952; x_wconf 72' lang='grc' dir='ltr'><strong>λεπροὺς,</strong></span> <span class='ocrx_word' id='word_1_340' title='bbox 1592 2880 1684 2932; x_wconf 73' lang='grc' dir='ltr'><strong>καὶ</strong></span> <span class='ocrx_word' id='word_1_341' title='bbox 1736 2896 1877 2950; x_wconf 86' lang='grc' dir='ltr'><strong>παρ-</strong></span> 
     </span>
    </p>
   </div>
   <div class='ocr_carea' id='block_1_48' title="bbox 281 2971 1874 3045">
    <p class='ocr_par' dir='ltr' id='par_1_48' title="bbox 281 2971 1874 3045">
     <span class='ocr_line' id='line_1_48' title="bbox 281 2971 1874 3045; baseline -0.001 -20"><span class='ocrx_word' id='word_1_342' title='bbox 281 2972 539 3041; x_wconf 84' lang='grc' dir='ltr'><strong>ειμένους</strong></span> <span class='ocrx_word' id='word_1_343' title='bbox 589 2972 775 3027; x_wconf 80' lang='grc' dir='ltr'><strong>ίάσατό</strong></span> <span class='ocrx_word' id='word_1_344' title='bbox 830 2991 962 3027; x_wconf 88' lang='grc' dir='ltr'><strong>ποτε</strong></span> <span class='ocrx_word' id='word_1_345' title='bbox 1016 2972 1186 3045; x_wconf 84' lang='grc' dir='ltr'><strong>λόγῳ,</strong></span> <span class='ocrx_word' id='word_1_346' title='bbox 1240 2971 1382 3026; x_wconf 86' lang='grc' dir='ltr'><strong>κατά</strong></span> <span class='ocrx_word' id='word_1_347' title='bbox 1435 2971 1536 3036; x_wconf 80' lang='grc' dir='ltr'><strong>τὰς</strong></span> <span class='ocrx_word' id='word_1_348' title='bbox 1587 2973 1715 3044; x_wconf 74' lang='grc' dir='ltr'><strong>περὶ</strong></span> <span class='ocrx_word' id='word_1_349' title='bbox 1777 2972 1874 3026; x_wconf 87' lang='grc' dir='ltr'><strong>αὑ⁹</strong></span> 
     </span>
    </p>
   </div>
   <div class='ocr_carea' id='block_1_49' title="bbox 280 3062 1874 3138">
    <p class='ocr_par' dir='ltr' id='par_1_49' title="bbox 280 3062 1874 3138">
     <span class='ocr_line' id='line_1_49' title="bbox 280 3062 1874 3138; baseline 0 -22"><span class='ocrx_word' id='word_1_350' title='bbox 280 3062 378 3117; x_wconf 85' lang='grc' dir='ltr'><strong>τοῦ</strong></span> <span class='ocrx_word' id='word_1_351' title='bbox 417 3064 673 3136; x_wconf 73' lang='grc' dir='ltr'><strong>Γραφάς.</strong></span> <span class='ocrx_word' id='word_1_352' title='bbox 727 3068 760 3136; x_wconf 82' lang='grc' dir='ltr'>ή</span> <span class='ocrx_word' id='word_1_353' title='bbox 813 3067 907 3122; x_wconf 75' lang='grc' dir='ltr'><strong>καὶ</strong></span> <span class='ocrx_word' id='word_1_354' title='bbox 949 3065 1116 3119; x_wconf 79' lang='grc' dir='ltr'><strong>εἰσέτι</strong></span> <span class='ocrx_word' id='word_1_355' title='bbox 1176 3063 1270 3118; x_wconf 92' lang='grc' dir='ltr'><strong>νῦν</strong></span> <span class='ocrx_word' id='word_1_356' title='bbox 1325 3064 1688 3138; x_wconf 80' lang='grc' dir='ltr'><strong>ἐνεργουμένη</strong></span> <span class='ocrx_word' id='word_1_357' title='bbox 1738 3063 1874 3135; x_wconf 86' lang='grc' dir='ltr'><strong>πρὸς</strong></span> 
     </span>
    </p>
   </div>
   <div class='ocr_carea' id='block_1_50' title="bbox 278 3153 1874 3229">
    <p class='ocr_par' dir='ltr' id='par_1_50' title="bbox 278 3153 1874 3229">
     <span class='ocr_line' id='line_1_50' title="bbox 278 3153 1874 3229; baseline 0 -21"><span class='ocrx_word' id='word_1_358' title='bbox 278 3154 386 3227; x_wconf 89' lang='grc' dir='ltr'><strong>τῆς</strong></span> <span class='ocrx_word' id='word_1_359' title='bbox 436 3156 601 3211; x_wconf 89' lang='grc' dir='ltr'><strong>αὐτοῦ</strong></span> <span class='ocrx_word' id='word_1_360' title='bbox 656 3157 905 3229; x_wconf 85' lang='grc' dir='ltr'><strong>θεότητος</strong></span> <span class='ocrx_word' id='word_1_361' title='bbox 958 3156 1082 3211; x_wconf 77' lang='grc' dir='ltr'><strong>καθ’</strong></span> <span class='ocrx_word' id='word_1_362' title='bbox 1127 3157 1255 3227; x_wconf 84' lang='grc' dir='ltr'><strong>ὅλης</strong></span> <span class='ocrx_word' id='word_1_363' title='bbox 1299 3155 1401 3226; x_wconf 88' lang='grc' dir='ltr'><strong>τῆς</strong></span> <span class='ocrx_word' id='word_1_364' title='bbox 1450 3153 1753 3226; x_wconf 81' lang='grc' dir='ltr'><strong>ἀνθρώπων</strong></span> <span class='ocrx_word' id='word_1_365' title='bbox 1797 3157 1874 3208; x_wconf 79' lang='lat' dir='ltr'><strong>ot-</strong></span> 
     </span>
    </p>
   </div>
   <div class='ocr_carea' id='block_1_51' title="bbox 280 3243 1875 3320">
    <p class='ocr_par' dir='ltr' id='par_1_51' title="bbox 280 3243 1875 3320">
     <span class='ocr_line' id='line_1_51' title="bbox 280 3243 1875 3320; baseline -0.002 -20"><span class='ocrx_word' id='word_1_366' title='bbox 280 3247 560 3318; x_wconf 85' lang='grc' dir='ltr'><strong>κουμένης</strong></span> <span class='ocrx_word' id='word_1_367' title='bbox 605 3248 770 3319; x_wconf 82' lang='grc' dir='ltr'><strong>ἀρετὴ</strong></span> <span class='ocrx_word' id='word_1_368' title='bbox 800 3287 815 3311; x_wconf 94' lang='grc'><strong>,</strong></span> <span class='ocrx_word' id='word_1_369' title='bbox 865 3247 932 3302; x_wconf 82' lang='grc' dir='ltr'><strong>δι’</strong></span> <span class='ocrx_word' id='word_1_370' title='bbox 973 3243 1041 3320; x_wconf 82' lang='grc' dir='ltr'><strong>ἧς</strong></span> <span class='ocrx_word' id='word_1_371' title='bbox 1093 3247 1277 3308; x_wconf 83' lang='grc' dir='ltr'><strong>αὐτοῖς</strong></span> <span class='ocrx_word' id='word_1_372' title='bbox 1334 3245 1516 3317; x_wconf 77' lang='grc' dir='ltr'><strong>ἔργοις</strong></span> <span class='ocrx_word' id='word_1_373' title='bbox 1556 3245 1739 3308; x_wconf 83' lang='grc' dir='ltr'><strong>ὁποῖός</strong></span> <span class='ocrx_word' id='word_1_374' title='bbox 1791 3261 1875 3308; x_wconf 86' lang='grc' dir='ltr'><strong>τις</strong></span> 
     </span>
    </p>
   </div>
   <div class='ocr_carea' id='block_1_52' title="bbox 281 3331 1869 3408">
    <p class='ocr_par' dir='ltr' id='par_1_52' title="bbox 281 3331 1869 3408">
     <span class='ocr_line' id='line_1_52' title="bbox 281 3331 1869 3408; baseline -0.001 -21"><span class='ocrx_word' id='word_1_375' title='bbox 281 3331 352 3406; x_wconf 84' lang='grc' dir='ltr'><strong>ῆν</strong></span> <span class='ocrx_word' id='word_1_376' title='bbox 400 3337 498 3390; x_wconf 77' lang='grc' dir='ltr'><strong>καὶ</strong></span> <span class='ocrx_word' id='word_1_377' title='bbox 547 3337 698 3398; x_wconf 86' lang='grc' dir='ltr'><strong>τότε,</strong></span> <span class='ocrx_word' id='word_1_378' title='bbox 751 3339 863 3400; x_wconf 88' lang='grc' dir='ltr'><strong>τοῖς</strong></span> <span class='ocrx_word' id='word_1_379' title='bbox 912 3337 1043 3400; x_wconf 86' lang='grc' dir='ltr'><strong>οἵοις</strong></span> <span class='ocrx_word' id='word_1_380' title='bbox 1093 3353 1154 3391; x_wconf 79' lang='grc' dir='ltr'><strong>τε</strong></span> <span class='ocrx_word' id='word_1_381' title='bbox 1202 3336 1431 3408; x_wconf 84' lang='grc' dir='ltr'><strong>συνορᾷν</strong></span> <span class='ocrx_word' id='word_1_382' title='bbox 1477 3334 1869 3388; x_wconf 75' lang='grc' dir='ltr'><strong>ἐπιδείκνυταιο</strong></span> 
     </span>
    </p>
   </div>
   <div class='ocr_carea' id='block_1_53' title="bbox 281 3426 1873 3499">
    <p class='ocr_par' dir='ltr' id='par_1_53' title="bbox 281 3426 1873 3499">
     <span class='ocr_line' id='line_1_53' title="bbox 281 3426 1873 3499; baseline -0.001 -19"><span class='ocrx_word' id='word_1_383' title='bbox 281 3428 373 3480; x_wconf 86' lang='grc' dir='ltr'><strong>δτε</strong></span> <span class='ocrx_word' id='word_1_384' title='bbox 401 3427 497 3482; x_wconf 78' lang='grc' dir='ltr'><strong>καὶ</strong></span> <span class='ocrx_word' id='word_1_385' title='bbox 520 3428 611 3480; x_wconf 73' lang='grc' dir='ltr'><strong>ἐπὶ</strong></span> <span class='ocrx_word' id='word_1_386' title='bbox 629 3427 902 3492; x_wconf 88' lang='grc' dir='ltr'><strong>τοσούτοις</strong></span> <span class='ocrx_word' id='word_1_387' title='bbox 928 3428 1066 3499; x_wconf 84' lang='grc' dir='ltr'><strong>μετά</strong></span> <span class='ocrx_word' id='word_1_388' title='bbox 1086 3427 1262 3481; x_wconf 87' lang='grc' dir='ltr'><strong>ταῦτα</strong></span> <span class='ocrx_word' id='word_1_389' title='bbox 1288 3427 1503 3498; x_wconf 86' lang='grc' dir='ltr'><strong>χρόνοις</strong></span> <span class='ocrx_word' id='word_1_390' title='bbox 1528 3426 1758 3499; x_wconf 77' lang='grc' dir='ltr'><strong>διαρκὴς</strong></span> <span class='ocrx_word' id='word_1_391' title='bbox 1779 3426 1873 3480; x_wconf 79' lang='grc' dir='ltr'><strong>καὶ</strong></span> 
     </span>
    </p>
   </div>
   <div class='ocr_carea' id='block_1_54' title="bbox 282 3520 1871 3594">
    <p class='ocr_par' dir='ltr' id='par_1_54' title="bbox 282 3520 1871 3594">
     <span class='ocr_line' id='line_1_54' title="bbox 282 3520 1871 3594; baseline 0 -18"><span class='ocrx_word' id='word_1_392' title='bbox 282 3521 571 3592; x_wconf 86' lang='grc' dir='ltr'><strong>ἀνίκητος,</strong></span> <span class='ocrx_word' id='word_1_393' title='bbox 613 3523 702 3575; x_wconf 63' lang='grc' dir='ltr'><strong>καὶ</strong></span> <span class='ocrx_word' id='word_1_394' title='bbox 745 3522 820 3585; x_wconf 86' lang='grc' dir='ltr'><strong>ὼς</strong></span> <span class='ocrx_word' id='word_1_395' title='bbox 848 3521 1064 3594; x_wconf 79' lang='grc' dir='ltr'><strong>ἀληθῶς</strong></span> <span class='ocrx_word' id='word_1_396' title='bbox 1089 3520 1226 3576; x_wconf 82' lang='grc' dir='ltr'><strong>Θεοῦ</strong></span> <span class='ocrx_word' id='word_1_397' title='bbox 1255 3523 1444 3591; x_wconf 87' lang='grc' dir='ltr'><strong>Λόγος,</strong></span> <span class='ocrx_word' id='word_1_398' title='bbox 1477 3523 1506 3574; x_wconf 86' lang='grc' dir='ltr'><strong>ό</strong></span> <span class='ocrx_word' id='word_1_399' title='bbox 1535 3523 1671 3593; x_wconf 90' lang='grc' dir='ltr'><strong>πρὸς</strong></span> <span class='ocrx_word' id='word_1_400' title='bbox 1707 3522 1871 3576; x_wconf 88' lang='grc' dir='ltr'><strong>αὑτοῦ</strong></span> 
     </span>
    </p>
   </div>
   <div class='ocr_carea' id='block_1_55' title="bbox 285 3612 1873 3684">
    <p class='ocr_par' dir='ltr' id='par_1_55' title="bbox 285 3612 1873 3684">
     <span class='ocr_line' id='line_1_55' title="bbox 285 3612 1873 3684; baseline -0.001 -18"><span class='ocrx_word' id='word_1_401' title='bbox 285 3612 680 3682; x_wconf 73' lang='grc' dir='ltr'><strong>καταγγελθεὶς</strong></span> <span class='ocrx_word' id='word_1_402' title='bbox 716 3614 1117 3677; x_wconf 72' lang='grc' dir='ltr'><strong>ἀποδείκνυται,</strong></span> <span class='ocrx_word' id='word_1_403' title='bbox 1155 3613 1365 3677; x_wconf 83' lang='grc' dir='ltr'><strong>πάντας</strong></span> <span class='ocrx_word' id='word_1_404' title='bbox 1398 3613 1873 3684; x_wconf 83' lang='grc' dir='ltr'><strong>ὑπερϐαλλόμενος</strong></span> 
     </span>
    </p>
   </div>
   <div class='ocr_carea' id='block_1_56' title="bbox 284 3702 1870 3776">
    <p class='ocr_par' dir='ltr' id='par_1_56' title="bbox 284 3702 1870 3776">
     <span class='ocr_line' id='line_1_56' title="bbox 284 3702 1870 3776; baseline -0.001 -19"><span class='ocrx_word' id='word_1_405' title='bbox 284 3704 415 3766; x_wconf 77' lang='grc' dir='ltr'><strong>τούς</strong></span> <span class='ocrx_word' id='word_1_406' title='bbox 444 3703 680 3776; x_wconf 83' lang='grc' dir='ltr'><strong>ἀρχῆθεν</strong></span> <span class='ocrx_word' id='word_1_407' title='bbox 709 3705 802 3758; x_wconf 73' lang='grc' dir='ltr'><strong>καὶ</strong></span> <span class='ocrx_word' id='word_1_408' title='bbox 835 3703 999 3774; x_wconf 83' lang='grc' dir='ltr'><strong>μέχρι</strong></span> <span class='ocrx_word' id='word_1_409' title='bbox 1027 3702 1122 3756; x_wconf 87' lang='grc' dir='ltr'><strong>τοῦ</strong></span> <span class='ocrx_word' id='word_1_410' title='bbox 1153 3703 1249 3756; x_wconf 91' lang='grc' dir='ltr'><strong>νῦν</strong></span> <span class='ocrx_word' id='word_1_411' title='bbox 1279 3703 1377 3774; x_wconf 80' lang='grc' dir='ltr'><strong>τὴν</strong></span> <span class='ocrx_word' id='word_1_412' title='bbox 1399 3703 1746 3757; x_wconf 85' lang='grc' dir='ltr'><strong>διδασκαλίαν</strong></span> <span class='ocrx_word' id='word_1_413' title='bbox 1771 3705 1870 3757; x_wconf 88' lang='grc' dir='ltr'><strong>αὐ-</strong></span> 
     </span>
    </p>
   </div>
   <div class='ocr_carea' id='block_1_57' title="bbox 284 3793 1871 3868">
    <p class='ocr_par' dir='ltr' id='par_1_57' title="bbox 284 3793 1871 3868">
     <span class='ocr_line' id='line_1_57' title="bbox 284 3793 1871 3868; baseline 0.003 -23"><span class='ocrx_word' id='word_1_414' title='bbox 284 3793 384 3846; x_wconf 87' lang='grc' dir='ltr'><strong>τοῦ</strong></span> <span class='ocrx_word' id='word_1_415' title='bbox 415 3793 668 3864; x_wconf 90' lang='grc' dir='ltr'><strong>πολεμεῖν</strong></span> <span class='ocrx_word' id='word_1_416' title='bbox 700 3795 1273 3865; x_wconf 81' lang='grc' dir='ltr'><strong>παρεσκευασμένους,</strong></span> <span class='ocrx_word' id='word_1_417' title='bbox 1317 3795 1374 3862; x_wconf 80' lang='grc' dir='ltr'>ἐξ</span> <span class='ocrx_word' id='word_1_418' title='bbox 1411 3796 1628 3868; x_wconf 83' lang='grc' dir='ltr'><strong>ἀπάσης</strong></span> <span class='ocrx_word' id='word_1_419' title='bbox 1667 3813 1726 3850; x_wconf 92' lang='grc' dir='ltr'><strong>τε</strong></span> <span class='ocrx_word' id='word_1_420' title='bbox 1770 3797 1871 3868; x_wconf 87' lang='grc' dir='ltr'><strong>τῆς</strong></span> 
     </span>
    </p>
   </div>
   <div class='ocr_carea' id='block_1_58' title="bbox 283 3884 1872 3959">
    <p class='ocr_par' dir='ltr' id='par_1_58' title="bbox 283 3884 1872 3959">
     <span class='ocr_line' id='line_1_58' title="bbox 283 3884 1872 3959; baseline 0.003 -22"><span class='ocrx_word' id='word_1_421' title='bbox 283 3884 615 3956; x_wconf 53' lang='grc' dir='ltr'><strong>οἰκουμένης</strong></span> <span class='ocrx_word' id='word_1_422' title='bbox 645 3884 988 3955; x_wconf 78' lang='grc' dir='ltr'><strong>ὑπαγόμενος</strong></span> <span class='ocrx_word' id='word_1_423' title='bbox 1014 3885 1191 3957; x_wconf 81' lang='grc' dir='ltr'><strong>ἑαυτῷ</strong></span> <span class='ocrx_word' id='word_1_424' title='bbox 1221 3885 1388 3959; x_wconf 88' lang='grc' dir='ltr'><strong>μυρία</strong></span> <span class='ocrx_word' id='word_1_425' title='bbox 1418 3886 1616 3958; x_wconf 72' lang='grc' dir='ltr'><strong>πλήθη,</strong></span> <span class='ocrx_word' id='word_1_426' title='bbox 1643 3889 1737 3942; x_wconf 79' lang='grc' dir='ltr'><strong>καὶ</strong></span> <span class='ocrx_word' id='word_1_427' title='bbox 1765 3888 1872 3942; x_wconf 85' lang='grc' dir='ltr'><strong>πά-</strong></span> 
     </span>
    </p>
   </div>
   <div class='ocr_carea' id='block_1_59' title="bbox 289 3976 1870 4048">
    <p class='ocr_par' dir='ltr' id='par_1_59' title="bbox 289 3976 1870 4048">
     <span class='ocr_line' id='line_1_59' title="bbox 289 3976 1870 4048; baseline 0.004 -20"><span class='ocrx_word' id='word_1_428' title='bbox 289 3994 391 4047; x_wconf 75' lang='grc' dir='ltr'><strong>σης</strong></span> <span class='ocrx_word' id='word_1_429' title='bbox 423 3978 520 4047; x_wconf 82' lang='grc' dir='ltr'><strong>μὲν</strong></span> <span class='ocrx_word' id='word_1_430' title='bbox 546 3976 820 4048; x_wconf 78' lang='grc' dir='ltr'><strong>ἁμαρτίας</strong></span> <span class='ocrx_word' id='word_1_431' title='bbox 854 3979 948 4030; x_wconf 71' lang='grc' dir='ltr'><strong>καὶ</strong></span> <span class='ocrx_word' id='word_1_432' title='bbox 970 3977 1078 4031; x_wconf 81' lang='grc' dir='ltr'><strong>τῶν</strong></span> <span class='ocrx_word' id='word_1_433' title='bbox 1105 3977 1246 4031; x_wconf 73' lang='grc' dir='ltr'><strong>κατὰ</strong></span> <span class='ocrx_word' id='word_1_434' title='bbox 1273 3977 1451 4048; x_wconf 75' lang='grc' dir='ltr'><strong>ψυχὴν</strong></span> <span class='ocrx_word' id='word_1_435' title='bbox 1479 3977 1666 4031; x_wconf 86' lang='grc' dir='ltr'><strong>παθῶν</strong></span> <span class='ocrx_word' id='word_1_436' title='bbox 1689 3995 1748 4032; x_wconf 88' lang='grc' dir='ltr'><strong>τε</strong></span> <span class='ocrx_word' id='word_1_437' title='bbox 1778 3980 1870 4034; x_wconf 78' lang='grc' dir='ltr'><strong>καὶ</strong></span> 
     </span>
    </p>
   </div>
   <div class='ocr_carea' id='block_1_60' title="bbox 285 4068 1870 4140">
    <p class='ocr_par' dir='ltr' id='par_1_60' title="bbox 285 4068 1870 4140">
     <span class='ocr_line' id='line_1_60' title="bbox 285 4068 1870 4140; baseline 0.001 -18"><span class='ocrx_word' id='word_1_438' title='bbox 285 4069 610 4139; x_wconf 82' lang='grc' dir='ltr'><strong>νοσημάτων</strong></span> <span class='ocrx_word' id='word_1_439' title='bbox 645 4070 770 4132; x_wconf 82' lang='grc' dir='ltr'><strong>τούς</strong></span> <span class='ocrx_word' id='word_1_440' title='bbox 805 4069 955 4140; x_wconf 81' lang='grc' dir='ltr'><strong>αὐτῷ</strong></span> <span class='ocrx_word' id='word_1_441' title='bbox 994 4069 1316 4140; x_wconf 86' lang='grc' dir='ltr'><strong>προσιόντας</strong></span> <span class='ocrx_word' id='word_1_442' title='bbox 1354 4068 1736 4132; x_wconf 81' lang='grc' dir='ltr'><strong>ἀπαλλάσσων,</strong></span> <span class='ocrx_word' id='word_1_443' title='bbox 1777 4072 1870 4127; x_wconf 80' lang='grc' dir='ltr'><strong>ἐπὶ</strong></span> 
     </span>
    </p>
   </div>
   <div class='ocr_carea' id='block_1_61' title="bbox 283 4160 1868 4234">
    <p class='ocr_par' dir='ltr' id='par_1_61' title="bbox 283 4160 1868 4234">
     <span class='ocr_line' id='line_1_61' title="bbox 283 4160 1868 4234; baseline 0.001 -20"><span class='ocrx_word' id='word_1_444' title='bbox 283 4161 341 4214; x_wconf 77' lang='grc' dir='ltr'><strong>δὲ</strong></span> <span class='ocrx_word' id='word_1_445' title='bbox 371 4162 470 4233; x_wconf 78' lang='grc' dir='ltr'><strong>τὴν</strong></span> <span class='ocrx_word' id='word_1_446' title='bbox 495 4161 693 4232; x_wconf 81' lang='grc' dir='ltr'><strong>εὐσεϐῆ</strong></span> <span class='ocrx_word' id='word_1_447' title='bbox 719 4161 1067 4217; x_wconf 84' lang='grc' dir='ltr'><strong>διδασκαλίαν</strong></span> <span class='ocrx_word' id='word_1_448' title='bbox 1091 4160 1256 4216; x_wconf 88' lang='grc' dir='ltr'><strong>αὐτοῦ</strong></span> <span class='ocrx_word' id='word_1_449' title='bbox 1285 4162 1393 4216; x_wconf 80' lang='grc' dir='ltr'><strong>πᾶν</strong></span> <span class='ocrx_word' id='word_1_450' title='bbox 1415 4161 1570 4230; x_wconf 86' lang='grc' dir='ltr'><strong>γένος</strong></span> <span class='ocrx_word' id='word_1_451' title='bbox 1605 4161 1868 4234; x_wconf 69' lang='grc' dir='ltr'><strong>Ἑλλήνων</strong></span> 
     </span>
    </p>
   </div>
   <div class='ocr_carea' id='block_1_62' title="bbox 284 4254 1868 4328">
    <p class='ocr_par' dir='ltr' id='par_1_62' title="bbox 284 4254 1868 4328">
     <span class='ocr_line' id='line_1_62' title="bbox 284 4254 1868 4328; baseline -0.001 -21"><span class='ocrx_word' id='word_1_452' title='bbox 284 4255 381 4308; x_wconf 76' lang='grc' dir='ltr'><strong>καὶ</strong></span> <span class='ocrx_word' id='word_1_453' title='bbox 436 4254 724 4328; x_wconf 78' lang='grc' dir='ltr'><strong>βαρϐάρων</strong></span> <span class='ocrx_word' id='word_1_454' title='bbox 776 4254 1271 4328; x_wconf 86' lang='grc' dir='ltr'><strong>προσκαλούμενος,</strong></span> <span class='ocrx_word' id='word_1_455' title='bbox 1323 4256 1551 4326; x_wconf 88' lang='grc' dir='ltr'><strong>μυρίους</strong></span> <span class='ocrx_word' id='word_1_456' title='bbox 1597 4272 1658 4307; x_wconf 87' lang='grc' dir='ltr'><strong>τε</strong></span> <span class='ocrx_word' id='word_1_457' title='bbox 1710 4257 1868 4320; x_wconf 83' lang='grc' dir='ltr'><strong>ὅσους</strong></span> 
     </span>
    </p>
   </div>
   <div class='ocr_carea' id='block_1_63' title="bbox 283 4345 1867 4420">
    <p class='ocr_par' dir='ltr' id='par_1_63' title="bbox 283 4345 1867 4420">
     <span class='ocr_line' id='line_1_63' title="bbox 283 4345 1867 4420; baseline 0 -20"><span class='ocrx_word' id='word_1_458' title='bbox 283 4348 578 4418; x_wconf 80' lang='grc' dir='ltr'><strong>προσάγων</strong></span> <span class='ocrx_word' id='word_1_459' title='bbox 607 4348 698 4400; x_wconf 71' lang='grc' dir='ltr'><strong>ἐπὶ</strong></span> <span class='ocrx_word' id='word_1_460' title='bbox 724 4347 822 4420; x_wconf 76' lang='grc' dir='ltr'><strong>τὴν</strong></span> <span class='ocrx_word' id='word_1_461' title='bbox 851 4347 945 4400; x_wconf 87' lang='grc' dir='ltr'><strong>τοῦ</strong></span> <span class='ocrx_word' id='word_1_462' title='bbox 977 4348 1138 4419; x_wconf 90' lang='grc' dir='ltr'><strong>μόνου</strong></span> <span class='ocrx_word' id='word_1_463' title='bbox 1167 4348 1263 4400; x_wconf 76' lang='grc' dir='ltr'><strong>καὶ</strong></span> <span class='ocrx_word' id='word_1_464' title='bbox 1291 4345 1524 4417; x_wconf 80' lang='grc' dir='ltr'><strong>ἀληθοῦς</strong></span> <span class='ocrx_word' id='word_1_465' title='bbox 1555 4345 1690 4399; x_wconf 84' lang='grc' dir='ltr'><strong>Θεοῦ</strong></span> <span class='ocrx_word' id='word_1_466' title='bbox 1726 4345 1867 4416; x_wconf 83' lang='grc' dir='ltr'><strong>γνῶ-</strong></span> 
     </span>
    </p>
   </div>
   <div class='ocr_carea' id='block_1_64' title="bbox 287 4437 1942 4530">
    <p class='ocr_par' dir='ltr' id='par_1_64' title="bbox 287 4437 1942 4530">
     <span class='ocr_line' id='line_1_64' title="bbox 287 4437 1942 4530; baseline 0.001 -38"><span class='ocrx_word' id='word_1_467' title='bbox 287 4455 394 4502; x_wconf 84' lang='grc' dir='ltr'><strong>σιν,</strong></span> <span class='ocrx_word' id='word_1_468' title='bbox 416 4438 506 4491; x_wconf 81' lang='grc' dir='ltr'><strong>ὲπί</strong></span> <span class='ocrx_word' id='word_1_469' title='bbox 534 4456 594 4491; x_wconf 87' lang='grc' dir='ltr'><strong>τε</strong></span> <span class='ocrx_word' id='word_1_470' title='bbox 620 4439 709 4492; x_wconf 86' lang='grc' dir='ltr'><strong>τὸν</strong></span> <span class='ocrx_word' id='word_1_471' title='bbox 737 4440 864 4510; x_wconf 84' lang='grc' dir='ltr'><strong>ὑγιῆ</strong></span> <span class='ocrx_word' id='word_1_472' title='bbox 889 4440 983 4492; x_wconf 86' lang='grc' dir='ltr'><strong>καί</strong></span> <span class='ocrx_word' id='word_1_473' title='bbox 1010 4438 1260 4512; x_wconf 66' lang='grc' dir='ltr'><strong>σώφρονα</strong></span> <span class='ocrx_word' id='word_1_474' title='bbox 1287 4438 1422 4509; x_wconf 86' lang='grc' dir='ltr'><strong>βίον,</strong></span> <span class='ocrx_word' id='word_1_475' title='bbox 1445 4439 1504 4503; x_wconf 86' lang='grc' dir='ltr'><strong>ὂς</strong></span> <span class='ocrx_word' id='word_1_476' title='bbox 1525 4437 1588 4511; x_wconf 81' lang='grc' dir='ltr'><strong>δὴ</strong></span> <span class='ocrx_word' id='word_1_477' title='bbox 1613 4441 1707 4493; x_wconf 67' lang='grc' dir='ltr'><strong>καὶ</strong></span> <span class='ocrx_word' id='word_1_478' title='bbox 1728 4439 1865 4511; x_wconf 85' lang='grc' dir='ltr'><strong>πρέ-</strong></span> <span class='ocrx_word' id='word_1_479' title='bbox 1899 4477 1942 4530; x_wconf 74' lang='lat' dir='ltr'>D</span> 
     </span>
    </p>
   </div>
   <div class='ocr_carea' id='block_1_65' title="bbox 284 4531 1867 4605">
    <p class='ocr_par' dir='ltr' id='par_1_65' title="bbox 284 4531 1867 4605">
     <span class='ocr_line' id='line_1_65' title="bbox 284 4531 1867 4605; baseline 0.001 -21"><span class='ocrx_word' id='word_1_480' title='bbox 284 4547 402 4584; x_wconf 82' lang='grc' dir='ltr'><strong>πων</strong></span> <span class='ocrx_word' id='word_1_481' title='bbox 449 4532 532 4604; x_wconf 79' lang='grc' dir='ltr'><strong>εἴη</strong></span> <span class='ocrx_word' id='word_1_482' title='bbox 565 4531 632 4585; x_wconf 84' lang='grc' dir='ltr'><strong>ἂν</strong></span> <span class='ocrx_word' id='word_1_483' title='bbox 680 4532 979 4604; x_wconf 64' lang='grc' dir='ltr'><strong>ἐπαγγελία</strong></span> <span class='ocrx_word' id='word_1_484' title='bbox 1025 4531 1324 4605; x_wconf 85' lang='grc' dir='ltr'><strong>θρησκείας</strong></span> <span class='ocrx_word' id='word_1_485' title='bbox 1367 4532 1461 4585; x_wconf 92' lang='grc' dir='ltr'><strong>τοῦ</strong></span> <span class='ocrx_word' id='word_1_486' title='bbox 1513 4533 1604 4586; x_wconf 75' lang='grc' dir='ltr'><strong>ἐπὶ</strong></span> <span class='ocrx_word' id='word_1_487' title='bbox 1649 4532 1867 4586; x_wconf 82' lang='grc' dir='ltr'><strong>πάντων</strong></span> 
     </span>
    </p>
   </div>
   <div class='ocr_carea' id='block_1_66' title="bbox 284 4617 1866 4698">
    <p class='ocr_par' dir='ltr' id='par_1_66' title="bbox 284 4617 1866 4698">
     <span class='ocr_line' id='line_1_66' title="bbox 284 4617 1866 4698; baseline 0.001 -22"><span class='ocrx_word' id='word_1_488' title='bbox 284 4623 439 4676; x_wconf 85' lang='grc' dir='ltr'><strong>Θεοῦ.</strong></span> <span class='ocrx_word' id='word_1_489' title='bbox 481 4617 650 4688; x_wconf 73' lang='grc' dir='ltr'><strong>Οὗτος</strong></span> <span class='ocrx_word' id='word_1_490' title='bbox 693 4625 750 4678; x_wconf 81' lang='grc' dir='ltr'><strong>δὲ</strong></span> <span class='ocrx_word' id='word_1_491' title='bbox 787 4624 952 4688; x_wconf 84' lang='grc' dir='ltr'><strong>αὐτὸς</strong></span> <span class='ocrx_word' id='word_1_492' title='bbox 980 4626 1008 4677; x_wconf 87' lang='grc' dir='ltr'><strong>ό</strong></span> <span class='ocrx_word' id='word_1_493' title='bbox 1036 4624 1168 4687; x_wconf 83' lang='grc' dir='ltr'><strong>Θεὸς</strong></span> <span class='ocrx_word' id='word_1_494' title='bbox 1214 4624 1390 4698; x_wconf 72' lang='grc' dir='ltr'><strong>ἡμῶν,</strong></span> <span class='ocrx_word' id='word_1_495' title='bbox 1435 4623 1530 4678; x_wconf 80' lang='grc' dir='ltr'><strong>ἀτε</strong></span> <span class='ocrx_word' id='word_1_496' title='bbox 1585 4624 1866 4695; x_wconf 87' lang='grc' dir='ltr'><strong>τυγχάνων</strong></span> 
     </span>
    </p>
   </div>
   <div class='ocr_carea' id='block_1_67' title="bbox 284 4704 1864 4786">
    <p class='ocr_par' dir='ltr' id='par_1_67' title="bbox 284 4704 1864 4786">
     <span class='ocr_line' id='line_1_67' title="bbox 284 4704 1864 4786; baseline -0.002 -18"><span class='ocrx_word' id='word_1_497' title='bbox 284 4704 430 4768; x_wconf 84' lang='grc' dir='ltr'><strong>Θεοῦ</strong></span> <span class='ocrx_word' id='word_1_498' title='bbox 475 4715 667 4784; x_wconf 86' lang='grc' dir='ltr'><strong>Λόγος,</strong></span> <span class='ocrx_word' id='word_1_499' title='bbox 721 4735 739 4766; x_wconf 81' lang='grc' dir='ltr'><strong>ι</strong></span> <span class='ocrx_word' id='word_1_500' title='bbox 783 4714 1000 4786; x_wconf 81' lang='grc' dir='ltr'><strong>Κρίσιν,</strong></span> <span class='ocrx_word' id='word_1_501' title='bbox 1067 4716 1250 4786; x_wconf 74' lang='grc' dir='ltr'><strong>φησὶν,</strong></span> <span class='ocrx_word' id='word_1_502' title='bbox 1308 4715 1719 4778; x_wconf 84' lang='grc' dir='ltr'><strong>ἀνταποδίδωσι,</strong></span> <span class='ocrx_word' id='word_1_503' title='bbox 1768 4713 1864 4766; x_wconf 75' lang='grc' dir='ltr'><strong>καὶ</strong></span> 
     </span>
    </p>
   </div>
   <div class='ocr_carea' id='block_1_68' title="bbox 283 4804 1863 4878">
    <p class='ocr_par' dir='ltr' id='par_1_68' title="bbox 283 4804 1863 4878">
     <span class='ocr_line' id='line_1_68' title="bbox 283 4804 1863 4878; baseline -0.001 -18"><span class='ocrx_word' id='word_1_504' title='bbox 283 4806 670 4870; x_wconf 82' lang='grc' dir='ltr'><strong>ἀνταποδώσει,</strong></span> <span class='ocrx_word' id='word_1_505' title='bbox 699 4807 859 4870; x_wconf 85' lang='grc' dir='ltr'><strong>αὐτὸς</strong></span> <span class='ocrx_word' id='word_1_506' title='bbox 885 4807 1004 4878; x_wconf 72' lang='grc' dir='ltr'><strong>ἥξει</strong></span> <span class='ocrx_word' id='word_1_507' title='bbox 1028 4811 1121 4861; x_wconf 79' lang='grc' dir='ltr'><strong>καὶ</strong></span> <span class='ocrx_word' id='word_1_508' title='bbox 1149 4805 1310 4860; x_wconf 81' lang='grc' dir='ltr'><strong>σώσει</strong></span> <span class='ocrx_word' id='word_1_509' title='bbox 1335 4808 1498 4878; x_wconf 79' lang='grc' dir='ltr'><strong>ἡμᾶς.</strong></span> <span class='ocrx_word' id='word_1_510' title='bbox 1533 4825 1550 4858; x_wconf 71' lang='grc' dir='ltr'><strong>ι</strong></span> <span class='ocrx_word' id='word_1_511' title='bbox 1580 4805 1735 4860; x_wconf 85' lang='grc' dir='ltr'><strong>Κατά</strong></span> <span class='ocrx_word' id='word_1_512' title='bbox 1755 4804 1863 4876; x_wconf 87' lang='grc' dir='ltr'><strong>γάρ</strong></span> 
     </span>
    </p>
   </div>
   <div class='ocr_carea' id='block_1_69' title="bbox 282 4894 1864 4969">
    <p class='ocr_par' dir='ltr' id='par_1_69' title="bbox 282 4894 1864 4969">
     <span class='ocr_line' id='line_1_69' title="bbox 282 4894 1864 4969; baseline -0.004 -17"><span class='ocrx_word' id='word_1_513' title='bbox 282 4899 373 4952; x_wconf 82' lang='grc' dir='ltr'><strong>τὸν</strong></span> <span class='ocrx_word' id='word_1_514' title='bbox 403 4898 616 4969; x_wconf 76' lang='grc' dir='ltr'><strong>ψαλμὸν</strong></span> <span class='ocrx_word' id='word_1_515' title='bbox 651 4900 928 4969; x_wconf 71' lang='grc' dir='ltr'><strong>φήσαντα·</strong></span> <span class='ocrx_word' id='word_1_516' title='bbox 977 4918 995 4949; x_wconf 79' lang='grc' dir='ltr'><strong>ι</strong></span> <span class='ocrx_word' id='word_1_517' title='bbox 1044 4897 1102 4950; x_wconf 89' lang='lat'><strong>&#39;0</strong></span> <span class='ocrx_word' id='word_1_518' title='bbox 1131 4897 1262 4959; x_wconf 80' lang='grc' dir='ltr'><strong>Θεὸς</strong></span> <span class='ocrx_word' id='word_1_519' title='bbox 1288 4935 1302 4960; x_wconf 94' lang='grc'><strong>,</strong></span> <span class='ocrx_word' id='word_1_520' title='bbox 1348 4897 1409 4949; x_wconf 87' lang='grc' dir='ltr'><strong>τὸ</strong></span> <span class='ocrx_word' id='word_1_521' title='bbox 1441 4895 1616 4968; x_wconf 85' lang='grc' dir='ltr'><strong>κρῖμά</strong></span> <span class='ocrx_word' id='word_1_522' title='bbox 1649 4911 1742 4946; x_wconf 89' lang='grc' dir='ltr'><strong>σου</strong></span> <span class='ocrx_word' id='word_1_523' title='bbox 1785 4894 1864 4966; x_wconf 84' lang='grc' dir='ltr'><strong>τῷ</strong></span> 
     </span>
    </p>
   </div>
   <div class='ocr_carea' id='block_1_70' title="bbox 287 4988 1859 5061">
    <p class='ocr_par' dir='ltr' id='par_1_70' title="bbox 287 4988 1859 5061">
     <span class='ocr_line' id='line_1_70' title="bbox 287 4988 1859 5061; baseline -0.001 -18"><span class='ocrx_word' id='word_1_524' title='bbox 287 4988 496 5060; x_wconf 83' lang='grc' dir='ltr'><strong>βασιλεῖ</strong></span> <span class='ocrx_word' id='word_1_525' title='bbox 517 4991 626 5056; x_wconf 89' lang='grc' dir='ltr'><strong>δός,</strong></span> <span class='ocrx_word' id='word_1_526' title='bbox 656 5011 676 5044; x_wconf 72' lang='grc' dir='ltr'><strong>ι</strong></span> <span class='ocrx_word' id='word_1_527' title='bbox 708 4993 801 5045; x_wconf 85' lang='grc' dir='ltr'><strong>καί</strong></span> <span class='ocrx_word' id='word_1_528' title='bbox 824 4990 966 5045; x_wconf 83' lang='grc' dir='ltr'><strong>κατά</strong></span> <span class='ocrx_word' id='word_1_529' title='bbox 984 4990 1080 5061; x_wconf 82' lang='grc' dir='ltr'><strong>τὴν</strong></span> <span class='ocrx_word' id='word_1_530' title='bbox 1102 4989 1464 5060; x_wconf 78' lang='grc' dir='ltr'><strong>εὑαγγελικὴν</strong></span> <span class='ocrx_word' id='word_1_531' title='bbox 1495 4988 1859 5053; x_wconf 87' lang='grc' dir='ltr'><strong>διδασκαλίαν,</strong></span> 
     </span>
    </p>
   </div>
   <div class='ocr_carea' id='block_1_71' title="bbox 282 5077 1862 5155">
    <p class='ocr_par' dir='ltr' id='par_1_71' title="bbox 282 5077 1862 5155">
     <span class='ocr_line' id='line_1_71' title="bbox 282 5077 1862 5155; baseline -0.003 -21"><span class='ocrx_word' id='word_1_532' title='bbox 282 5081 349 5136; x_wconf 79' lang='grc' dir='ltr'><strong>δι’</strong></span> <span class='ocrx_word' id='word_1_533' title='bbox 375 5079 443 5153; x_wconf 80' lang='grc' dir='ltr'><strong>ἧς</strong></span> <span class='ocrx_word' id='word_1_534' title='bbox 476 5083 708 5155; x_wconf 76' lang='grc' dir='ltr'><strong>εἴρηται·</strong></span> <span class='ocrx_word' id='word_1_535' title='bbox 744 5103 762 5134; x_wconf 78' lang='grc' dir='ltr'><strong>ι</strong></span> <span class='ocrx_word' id='word_1_536' title='bbox 811 5084 867 5136; x_wconf 84' lang='grc' dir='ltr'>Ὀ</span> <span class='ocrx_word' id='word_1_537' title='bbox 907 5081 1098 5153; x_wconf 83' lang='grc' dir='ltr'><strong>Πατὴρ</strong></span> <span class='ocrx_word' id='word_1_538' title='bbox 1136 5079 1309 5152; x_wconf 88' lang='grc' dir='ltr'><strong>κρίνει</strong></span> <span class='ocrx_word' id='word_1_539' title='bbox 1343 5078 1552 5140; x_wconf 90' lang='grc' dir='ltr'><strong>οὐδένα,</strong></span> <span class='ocrx_word' id='word_1_540' title='bbox 1597 5077 1733 5131; x_wconf 88' lang='grc' dir='ltr'><strong>ἀλλά</strong></span> <span class='ocrx_word' id='word_1_541' title='bbox 1762 5077 1862 5150; x_wconf 76' lang='grc' dir='ltr'><strong>τὴν</strong></span> 
     </span>
    </p>
   </div>
   <div class='ocr_carea' id='block_1_72' title="bbox 284 5169 1860 5246">
    <p class='ocr_par' dir='ltr' id='par_1_72' title="bbox 284 5169 1860 5246">
     <span class='ocr_line' id='line_1_72' title="bbox 284 5169 1860 5246; baseline -0.003 -19"><span class='ocrx_word' id='word_1_542' title='bbox 284 5175 464 5246; x_wconf 86' lang='grc' dir='ltr'><strong>κρίσιν</strong></span> <span class='ocrx_word' id='word_1_543' title='bbox 488 5176 670 5228; x_wconf 83' lang='grc' dir='ltr'><strong>πᾶσαν</strong></span> <span class='ocrx_word' id='word_1_544' title='bbox 697 5175 896 5228; x_wconf 84' lang='grc' dir='ltr'><strong>δέδωκε</strong></span> <span class='ocrx_word' id='word_1_545' title='bbox 920 5172 998 5246; x_wconf 80' lang='grc' dir='ltr'><strong>τῷ</strong></span> <span class='ocrx_word' id='word_1_546' title='bbox 1020 5172 1152 5244; x_wconf 81' lang='grc' dir='ltr'><strong>Υἰῷ,</strong></span> <span class='ocrx_word' id='word_1_547' title='bbox 1182 5194 1199 5223; x_wconf 73' lang='grc' dir='ltr'><strong>ι</strong></span> <span class='ocrx_word' id='word_1_548' title='bbox 1230 5171 1380 5243; x_wconf 76' lang='grc' dir='ltr'><strong>παρὰ</strong></span> <span class='ocrx_word' id='word_1_549' title='bbox 1405 5170 1498 5224; x_wconf 93' lang='grc' dir='ltr'><strong>τοῦ</strong></span> <span class='ocrx_word' id='word_1_550' title='bbox 1525 5169 1738 5241; x_wconf 87' lang='grc' dir='ltr'><strong>Πατρὸς</strong></span> <span class='ocrx_word' id='word_1_551' title='bbox 1761 5169 1860 5243; x_wconf 80' lang='grc' dir='ltr'><strong>τὴν</strong></span> 
     </span>
    </p>
   </div>
   <div class='ocr_carea' id='block_1_73' title="bbox 282 5260 1862 5338">
    <p class='ocr_par' dir='ltr' id='par_1_73' title="bbox 282 5260 1862 5338">
     <span class='ocr_line' id='line_1_73' title="bbox 282 5260 1862 5338; baseline -0.003 -20"><span class='ocrx_word' id='word_1_552' title='bbox 282 5265 378 5318; x_wconf 91' lang='grc' dir='ltr'><strong>τοῦ</strong></span> <span class='ocrx_word' id='word_1_553' title='bbox 407 5265 611 5338; x_wconf 87' lang='grc' dir='ltr'><strong>κρίνειν</strong></span> <span class='ocrx_word' id='word_1_554' title='bbox 639 5266 876 5338; x_wconf 73' lang='grc' dir='ltr'><strong>εἰληφὼς</strong></span> <span class='ocrx_word' id='word_1_555' title='bbox 903 5265 1170 5334; x_wconf 77' lang='grc' dir='ltr'><strong>ἐξουσίαν,</strong></span> <span class='ocrx_word' id='word_1_556' title='bbox 1197 5263 1512 5338; x_wconf 80' lang='grc' dir='ltr'><strong>δικαιοσύνῃ</strong></span> <span class='ocrx_word' id='word_1_557' title='bbox 1537 5262 1758 5335; x_wconf 89' lang='grc' dir='ltr'><strong>κρίνων,</strong></span> <span class='ocrx_word' id='word_1_558' title='bbox 1783 5260 1862 5334; x_wconf 85' lang='grc' dir='ltr'><strong>τῷ</strong></span> 
     </span>
    </p>
   </div>
   <div class='ocr_carea' id='block_1_74' title="bbox 289 5355 1862 5431">
    <p class='ocr_par' dir='ltr' id='par_1_74' title="bbox 289 5355 1862 5431">
     <span class='ocr_line' id='line_1_74' title="bbox 289 5355 1862 5431; baseline -0.004 -19"><span class='ocrx_word' id='word_1_559' title='bbox 289 5357 388 5428; x_wconf 76' lang='grc' dir='ltr'><strong>μὲν</strong></span> <span class='ocrx_word' id='word_1_560' title='bbox 419 5359 486 5412; x_wconf 83' lang='grc' dir='ltr'><strong>ὲκ</strong></span> <span class='ocrx_word' id='word_1_561' title='bbox 511 5359 814 5431; x_wconf 85' lang='grc' dir='ltr'><strong>περιτομῆς</strong></span> <span class='ocrx_word' id='word_1_562' title='bbox 841 5358 954 5430; x_wconf 80' lang='grc' dir='ltr'><strong>λαῷ</strong></span> <span class='ocrx_word' id='word_1_563' title='bbox 981 5357 1078 5429; x_wconf 87' lang='grc' dir='ltr'><strong>τὴν</strong></span> <span class='ocrx_word' id='word_1_564' title='bbox 1112 5357 1492 5429; x_wconf 78' lang='grc' dir='ltr'><strong>προσήκουσαν</strong></span> <span class='ocrx_word' id='word_1_565' title='bbox 1524 5355 1633 5408; x_wconf 85' lang='grc' dir='ltr'><strong>τῶν</strong></span> <span class='ocrx_word' id='word_1_566' title='bbox 1659 5356 1740 5419; x_wconf 82' lang='grc' dir='ltr'><strong>εἰς</strong></span> <span class='ocrx_word' id='word_1_567' title='bbox 1763 5355 1862 5408; x_wconf 83' lang='grc' dir='ltr'><strong>αὑ-</strong></span> 
     </span>
    </p>
   </div>
   <div class='ocr_carea' id='block_1_75' title="bbox 283 5446 1864 5522">
    <p class='ocr_par' dir='ltr' id='par_1_75' title="bbox 283 5446 1864 5522">
     <span class='ocr_line' id='line_1_75' title="bbox 283 5446 1864 5522; baseline -0.002 -20"><span class='ocrx_word' id='word_1_568' title='bbox 283 5449 375 5502; x_wconf 89' lang='grc' dir='ltr'><strong>τόν</strong></span> <span class='ocrx_word' id='word_1_569' title='bbox 411 5467 470 5504; x_wconf 90' lang='grc' dir='ltr'><strong>τε</strong></span> <span class='ocrx_word' id='word_1_570' title='bbox 496 5452 732 5515; x_wconf 76' lang='grc' dir='ltr'><strong>καὶτοὺς</strong></span> <span class='ocrx_word' id='word_1_571' title='bbox 758 5449 922 5504; x_wconf 88' lang='grc' dir='ltr'><strong>αὑτοῦ</strong></span> <span class='ocrx_word' id='word_1_572' title='bbox 952 5450 1236 5522; x_wconf 81' lang='grc' dir='ltr'><strong>προφήτας</strong></span> <span class='ocrx_word' id='word_1_573' title='bbox 1263 5446 1682 5518; x_wconf 84' lang='grc' dir='ltr'><strong>τετολμημένων</strong></span> <span class='ocrx_word' id='word_1_574' title='bbox 1707 5447 1864 5517; x_wconf 87' lang='grc' dir='ltr'><strong>δίκην</strong></span> 
     </span>
    </p>
   </div>
   <div class='ocr_carea' id='block_1_76' title="bbox 284 5538 1864 5611">
    <p class='ocr_par' dir='ltr' id='par_1_76' title="bbox 284 5538 1864 5611">
     <span class='ocr_line' id='line_1_76' title="bbox 284 5538 1864 5611; baseline -0.001 -17"><span class='ocrx_word' id='word_1_575' title='bbox 284 5542 613 5607; x_wconf 81' lang='grc' dir='ltr'><strong>ἀποδέδωκε,</strong></span> <span class='ocrx_word' id='word_1_576' title='bbox 660 5543 870 5606; x_wconf 83' lang='grc' dir='ltr'><strong>πάντας</strong></span> <span class='ocrx_word' id='word_1_577' title='bbox 909 5542 966 5595; x_wconf 79' lang='grc' dir='ltr'><strong>δὲ</strong></span> <span class='ocrx_word' id='word_1_578' title='bbox 1009 5539 1343 5607; x_wconf 81' lang='grc' dir='ltr'><strong>ἁπαξαπλῶς</strong></span> <span class='ocrx_word' id='word_1_579' title='bbox 1381 5538 1701 5611; x_wconf 85' lang='grc' dir='ltr'><strong>ἀνθρώπους</strong></span> <span class='ocrx_word' id='word_1_580' title='bbox 1739 5540 1864 5602; x_wconf 83' lang='grc' dir='ltr'><strong>τούς</strong></span> 
     </span>
    </p>
   </div>
   <div class='ocr_carea' id='block_1_77' title="bbox 286 5629 1860 5707">
    <p class='ocr_par' dir='ltr' id='par_1_77' title="bbox 286 5629 1860 5707">
     <span class='ocr_line' id='line_1_77' title="bbox 286 5629 1860 5707; baseline -0.002 -20"><span class='ocrx_word' id='word_1_581' title='bbox 286 5635 433 5706; x_wconf 84' lang='grc' dir='ltr'><strong>αὐτῷ</strong></span> <span class='ocrx_word' id='word_1_582' title='bbox 457 5635 781 5707; x_wconf 87' lang='grc' dir='ltr'><strong>προσιόντας</strong></span> <span class='ocrx_word' id='word_1_583' title='bbox 814 5635 874 5702; x_wconf 73' lang='grc' dir='ltr'>ἐξ</span> <span class='ocrx_word' id='word_1_584' title='bbox 897 5633 1012 5687; x_wconf 86' lang='grc' dir='ltr'><strong>ἴσου</strong></span> <span class='ocrx_word' id='word_1_585' title='bbox 1047 5632 1189 5686; x_wconf 81' lang='grc' dir='ltr'><strong>κατὰ</strong></span> <span class='ocrx_word' id='word_1_586' title='bbox 1211 5632 1272 5685; x_wconf 91' lang='grc' dir='ltr'><strong>τὸ</strong></span> <span class='ocrx_word' id='word_1_587' title='bbox 1293 5632 1501 5686; x_wconf 90' lang='grc' dir='ltr'><strong>δίκαιον</strong></span> <span class='ocrx_word' id='word_1_588' title='bbox 1528 5629 1860 5685; x_wconf 83' lang='grc' dir='ltr'><strong>ἀνεσώσατο·</strong></span> 
     </span>
    </p>
   </div>
   <div class='ocr_carea' id='block_1_78' title="bbox 289 5720 1864 5800">
    <p class='ocr_par' dir='ltr' id='par_1_78' title="bbox 289 5720 1864 5800">
     <span class='ocr_line' id='line_1_78' title="bbox 289 5720 1864 5800; baseline -0.003 -18"><span class='ocrx_word' id='word_1_589' title='bbox 289 5720 365 5782; x_wconf 78' lang='grc' dir='ltr'><strong>ὧν</strong></span> <span class='ocrx_word' id='word_1_590' title='bbox 388 5727 456 5785; x_wconf 73' lang='grc' dir='ltr'><strong>τὰ</strong></span> <span class='ocrx_word' id='word_1_591' title='bbox 474 5722 589 5783; x_wconf 77' lang='grc' dir='ltr'><strong>ὦτα</strong></span> <span class='ocrx_word' id='word_1_592' title='bbox 602 5727 703 5800; x_wconf 87' lang='grc' dir='ltr'><strong>τῆς</strong></span> <span class='ocrx_word' id='word_1_593' title='bbox 727 5726 967 5788; x_wconf 83' lang='grc' dir='ltr'><strong>διανοίας</strong></span> <span class='ocrx_word' id='word_1_594' title='bbox 993 5725 1088 5781; x_wconf 74' lang='grc' dir='ltr'><strong>καὶ</strong></span> <span class='ocrx_word' id='word_1_595' title='bbox 1114 5725 1241 5790; x_wconf 84' lang='grc' dir='ltr'><strong>τούς</strong></span> <span class='ocrx_word' id='word_1_596' title='bbox 1263 5723 1578 5796; x_wconf 79' lang='grc' dir='ltr'><strong>ὀφθαλμοὺς</strong></span> <span class='ocrx_word' id='word_1_597' title='bbox 1609 5723 1864 5794; x_wconf 81' lang='grc' dir='ltr'><strong>ἀνέῳξεν.</strong></span> 
     </span>
    </p>
   </div>
   <div class='ocr_carea' id='block_1_79' title="bbox 1989 1868 3564 1940">
    <p class='ocr_par' dir='ltr' id='par_1_79' title="bbox 1989 1868 3564 1940">
     <span class='ocr_line' id='line_1_79' title="bbox 1989 1868 3564 1940; baseline -0.004 -12"><span class='ocrx_word' id='word_1_598' title='bbox 1989 1880 2144 1939; x_wconf 89' lang='lat' dir='ltr'><strong>nent,</strong></span> <span class='ocrx_word' id='word_1_599' title='bbox 2173 1881 2228 1926; x_wconf 91' lang='lat' dir='ltr'><strong>et</strong></span> <span class='ocrx_word' id='word_1_600' title='bbox 2258 1871 2462 1940; x_wconf 85' lang='lat' dir='ltr'><strong>plantis</strong></span> <span class='ocrx_word' id='word_1_601' title='bbox 2496 1871 2631 1940; x_wconf 89' lang='lat' dir='ltr'><strong>ipsis</strong></span> <span class='ocrx_word' id='word_1_602' title='bbox 2659 1878 2712 1924; x_wconf 88' lang='lat' dir='ltr'><strong>et</strong></span> <span class='ocrx_word' id='word_1_603' title='bbox 2736 1868 2980 1932; x_wconf 83' lang='lat' dir='ltr'><strong>incessu,</strong></span> <span class='ocrx_word' id='word_1_604' title='bbox 3005 1884 3071 1922; x_wconf 85' lang='lat' dir='ltr'><strong>ex</strong></span> <span class='ocrx_word' id='word_1_605' title='bbox 3107 1869 3264 1938; x_wconf 78' lang='lat' dir='ltr'><strong>longo</strong></span> <span class='ocrx_word' id='word_1_606' title='bbox 3288 1869 3564 1922; x_wconf 83' lang='lat' dir='ltr'><strong>adoratio-</strong></span> 
     </span>
    </p>
   </div>
   <div class='ocr_carea' id='block_1_80' title="bbox 1986 1960 3564 2032">
    <p class='ocr_par' dir='ltr' id='par_1_80' title="bbox 1986 1960 3564 2032">
     <span class='ocr_line' id='line_1_80' title="bbox 1986 1960 3564 2032; baseline -0.002 -12"><span class='ocrx_word' id='word_1_607' title='bbox 1986 1964 2072 2020; x_wconf 89' lang='lat' dir='ltr'><strong>nis</strong></span> <span class='ocrx_word' id='word_1_608' title='bbox 2122 1962 2423 2019; x_wconf 89' lang='lat' dir='ltr'><strong>secundum</strong></span> <span class='ocrx_word' id='word_1_609' title='bbox 2476 1961 2767 2017; x_wconf 84' lang='lat' dir='ltr'><strong>Mosaicam</strong></span> <span class='ocrx_word' id='word_1_610' title='bbox 2803 1961 2974 2030; x_wconf 82' lang='lat' dir='ltr'><strong>legem</strong></span> <span class='ocrx_word' id='word_1_611' title='bbox 3029 1960 3262 2014; x_wconf 90' lang='lat' dir='ltr'><strong>circuitu</strong></span> <span class='ocrx_word' id='word_1_612' title='bbox 3306 1960 3564 2032; x_wconf 77' lang='lat' dir='ltr'><strong>elangue-</strong></span> 
     </span>
    </p>
   </div>
   <div class='ocr_carea' id='block_1_81' title="bbox 1986 2051 3564 2124">
    <p class='ocr_par' dir='ltr' id='par_1_81' title="bbox 1986 2051 3564 2124">
     <span class='ocr_line' id='line_1_81' title="bbox 1986 2051 3564 2124; baseline 0.002 -15"><span class='ocrx_word' id='word_1_613' title='bbox 1986 2063 2131 2116; x_wconf 87' lang='lat' dir='ltr'><strong>rant,</strong></span> <span class='ocrx_word' id='word_1_614' title='bbox 2165 2055 2566 2124; x_wconf 90' lang='lat' dir='ltr'><strong>solutioresque</strong></span> <span class='ocrx_word' id='word_1_615' title='bbox 2589 2060 2898 2114; x_wconf 87' lang='lat' dir='ltr'><strong>evaserant,</strong></span> <span class='ocrx_word' id='word_1_616' title='bbox 2924 2051 3128 2106; x_wconf 91' lang='lat' dir='ltr'><strong>idcirco</strong></span> <span class='ocrx_word' id='word_1_617' title='bbox 3159 2053 3406 2110; x_wconf 80' lang='lat' dir='ltr'><strong>excitans</strong></span> <span class='ocrx_word' id='word_1_618' title='bbox 3438 2055 3564 2112; x_wconf 81' lang='lat' dir='ltr'><strong>illos</strong></span> 
     </span>
    </p>
   </div>
   <div class='ocr_carea' id='block_1_82' title="bbox 1985 2143 3560 2217">
    <p class='ocr_par' dir='ltr' id='par_1_82' title="bbox 1985 2143 3560 2217">
     <span class='ocr_line' id='line_1_82' title="bbox 1985 2143 3560 2217; baseline -0.002 -16"><span class='ocrx_word' id='word_1_619' title='bbox 1985 2146 2052 2201; x_wconf 87' lang='lat' dir='ltr'><strong>ad</strong></span> <span class='ocrx_word' id='word_1_620' title='bbox 2080 2147 2446 2217; x_wconf 80' lang='lat' dir='ltr'><strong>evangelicam</strong></span> <span class='ocrx_word' id='word_1_621' title='bbox 2475 2147 2600 2202; x_wconf 68' lang='lat' dir='ltr'><strong>vitae</strong></span> <span class='ocrx_word' id='word_1_622' title='bbox 2635 2144 3067 2199; x_wconf 88' lang='lat' dir='ltr'><strong>institutionem:</strong></span> <span class='ocrx_word' id='word_1_623' title='bbox 3107 2162 3124 2194; x_wconf 79' lang='grc' dir='ltr'><strong>ι</strong></span> <span class='ocrx_word' id='word_1_624' title='bbox 3162 2143 3560 2212; x_wconf 83' lang='lat' dir='ltr'><strong>Convalescite,</strong></span> 
     </span>
    </p>
   </div>
   <div class='ocr_carea' id='block_1_83' title="bbox 1983 2234 3560 2311">
    <p class='ocr_par' dir='ltr' id='par_1_83' title="bbox 1983 2234 3560 2311">
     <span class='ocr_line' id='line_1_83' title="bbox 1983 2234 3560 2311; baseline -0.003 -17"><span class='ocrx_word' id='word_1_625' title='bbox 1983 2239 2179 2311; x_wconf 89' lang='lat' dir='ltr'><strong>inquit.</strong></span> <span class='ocrx_word' id='word_1_626' title='bbox 2231 2254 2428 2294; x_wconf 89' lang='lat' dir='ltr'><strong>manus</strong></span> <span class='ocrx_word' id='word_1_627' title='bbox 2475 2239 2736 2300; x_wconf 63' lang='lat' dir='ltr'><strong>remissae,</strong></span> <span class='ocrx_word' id='word_1_628' title='bbox 2772 2244 2827 2291; x_wconf 88' lang='lat' dir='ltr'><strong>et</strong></span> <span class='ocrx_word' id='word_1_629' title='bbox 2859 2249 3034 2306; x_wconf 80' lang='lat' dir='ltr'><strong>genua</strong></span> <span class='ocrx_word' id='word_1_630' title='bbox 3083 2234 3374 2300; x_wconf 90' lang='lat' dir='ltr'><strong>dissoluta,</strong></span> <span class='ocrx_word' id='word_1_631' title='bbox 3421 2254 3439 2287; x_wconf 72' lang='grc' dir='ltr'><strong>ι</strong></span> <span class='ocrx_word' id='word_1_632' title='bbox 3493 2237 3560 2290; x_wconf 87' lang='lat' dir='ltr'><strong>ad</strong></span> 
     </span>
    </p>
   </div>
   <div class='ocr_carea' id='block_1_84' title="bbox 1983 2326 3561 2400">
    <p class='ocr_par' dir='ltr' id='par_1_84' title="bbox 1983 2326 3561 2400">
     <span class='ocr_line' id='line_1_84' title="bbox 1983 2326 3561 2400; baseline -0.002 -16"><span class='ocrx_word' id='word_1_633' title='bbox 1983 2331 2320 2386; x_wconf 87' lang='lat' dir='ltr'><strong>alacritatem</strong></span> <span class='ocrx_word' id='word_1_634' title='bbox 2344 2331 2601 2385; x_wconf 84' lang='lat' dir='ltr'><strong>videlicet</strong></span> <span class='ocrx_word' id='word_1_635' title='bbox 2641 2327 2945 2400; x_wconf 76' lang='lat' dir='ltr'><strong>evangelici</strong></span> <span class='ocrx_word' id='word_1_636' title='bbox 2989 2343 3206 2382; x_wconf 82' lang='lat' dir='ltr'><strong>cursus.</strong></span> <span class='ocrx_word' id='word_1_637' title='bbox 3254 2326 3561 2381; x_wconf 82' lang='lat' dir='ltr'><strong>Conllrma-</strong></span> 
     </span>
    </p>
   </div>
   <div class='ocr_carea' id='block_1_85' title="bbox 1982 2419 3556 2489">
    <p class='ocr_par' dir='ltr' id='par_1_85' title="bbox 1982 2419 3556 2489">
     <span class='ocr_line' id='line_1_85' title="bbox 1982 2419 3556 2489; baseline -0.002 -13"><span class='ocrx_word' id='word_1_638' title='bbox 1982 2423 2116 2477; x_wconf 90' lang='lat' dir='ltr'><strong>mini</strong></span> <span class='ocrx_word' id='word_1_639' title='bbox 2146 2425 2310 2479; x_wconf 83' lang='lat' dir='ltr'><strong>etiam</strong></span> <span class='ocrx_word' id='word_1_640' title='bbox 2347 2423 2412 2477; x_wconf 89' lang='lat' dir='ltr'><strong>ad</strong></span> <span class='ocrx_word' id='word_1_641' title='bbox 2465 2423 2858 2486; x_wconf 84' lang='lat' dir='ltr'><strong>exhortandos,</strong></span> <span class='ocrx_word' id='word_1_642' title='bbox 2897 2419 3370 2489; x_wconf 82' lang='lat' dir='ltr'><strong>concitandosque</strong></span> <span class='ocrx_word' id='word_1_643' title='bbox 3398 2419 3556 2482; x_wconf 84' lang='lat' dir='ltr'><strong>alios,</strong></span> 
     </span>
    </p>
   </div>
   <div class='ocr_carea' id='block_1_86' title="bbox 1981 2512 3554 2586">
    <p class='ocr_par' dir='ltr' id='par_1_86' title="bbox 1981 2512 3554 2586">
     <span class='ocr_line' id='line_1_86' title="bbox 1981 2512 3554 2586; baseline -0.004 -18"><span class='ocrx_word' id='word_1_644' title='bbox 1981 2521 2042 2568; x_wconf 87' lang='lat' dir='ltr'><strong>ut</strong></span> <span class='ocrx_word' id='word_1_645' title='bbox 2068 2515 2438 2586; x_wconf 76' lang='lat' dir='ltr'><strong>evangelicam</strong></span> <span class='ocrx_word' id='word_1_646' title='bbox 2463 2515 2696 2570; x_wconf 88' lang='lat' dir='ltr'><strong>salutem</strong></span> <span class='ocrx_word' id='word_1_647' title='bbox 2721 2515 3140 2584; x_wconf 79' lang='lat' dir='ltr'><strong>amplectantur,</strong></span> <span class='ocrx_word' id='word_1_648' title='bbox 3167 2528 3286 2575; x_wconf 85' lang='lat' dir='ltr'><strong>vos,</strong></span> <span class='ocrx_word' id='word_1_649' title='bbox 3311 2512 3554 2582; x_wconf 90' lang='lat' dir='ltr'><strong>inquam,</strong></span> 
     </span>
    </p>
   </div>
   <div class='ocr_carea' id='block_1_87' title="bbox 1979 2604 3558 2677">
    <p class='ocr_par' dir='ltr' id='par_1_87' title="bbox 1979 2604 3558 2677">
     <span class='ocr_line' id='line_1_87' title="bbox 1979 2604 3558 2677; baseline -0.001 -16"><span class='ocrx_word' id='word_1_650' title='bbox 1979 2609 2074 2675; x_wconf 80' lang='lat' dir='ltr'><strong>qui</strong></span> <span class='ocrx_word' id='word_1_651' title='bbox 2121 2607 2272 2676; x_wconf 87' lang='lat' dir='ltr'><strong>prius</strong></span> <span class='ocrx_word' id='word_1_652' title='bbox 2319 2606 2488 2660; x_wconf 86' lang='lat' dir='ltr'><strong>eratis</strong></span> <span class='ocrx_word' id='word_1_653' title='bbox 2536 2607 2738 2677; x_wconf 87' lang='lat' dir='ltr'><strong>pusillo</strong></span> <span class='ocrx_word' id='word_1_654' title='bbox 2788 2606 2992 2668; x_wconf 88' lang='lat' dir='ltr'><strong>animo,</strong></span> <span class='ocrx_word' id='word_1_655' title='bbox 3055 2620 3229 2674; x_wconf 86' lang='lat' dir='ltr'><strong>neque</strong></span> <span class='ocrx_word' id='word_1_656' title='bbox 3265 2604 3410 2658; x_wconf 91' lang='lat' dir='ltr'><strong>ullus</strong></span> <span class='ocrx_word' id='word_1_657' title='bbox 3462 2617 3558 2659; x_wconf 81' lang='lat' dir='ltr'><strong>vos</strong></span> 
     </span>
    </p>
   </div>
   <div class='ocr_carea' id='block_1_88' title="bbox 1977 2695 3560 2768">
    <p class='ocr_par' dir='ltr' id='par_1_88' title="bbox 1977 2695 3560 2768">
     <span class='ocr_line' id='line_1_88' title="bbox 1977 2695 3560 2768; baseline 0 -18"><span class='ocrx_word' id='word_1_658' title='bbox 1977 2698 2158 2768; x_wconf 87' lang='lat' dir='ltr'><strong>capiat</strong></span> <span class='ocrx_word' id='word_1_659' title='bbox 2214 2699 2378 2753; x_wconf 89' lang='lat' dir='ltr'><strong>timor</strong></span> <span class='ocrx_word' id='word_1_660' title='bbox 2434 2714 2647 2762; x_wconf 91' lang='lat' dir='ltr'><strong>eorum,</strong></span> <span class='ocrx_word' id='word_1_661' title='bbox 2694 2697 2787 2767; x_wconf 86' lang='lat' dir='ltr'><strong>qui</strong></span> <span class='ocrx_word' id='word_1_662' title='bbox 2842 2697 3178 2751; x_wconf 77' lang='lat' dir='ltr'><strong>extrinsecus</strong></span> <span class='ocrx_word' id='word_1_663' title='bbox 3235 2695 3560 2764; x_wconf 71' lang='lat' dir='ltr'><strong>evangelicae</strong></span> 
     </span>
    </p>
   </div>
   <div class='ocr_carea' id='block_1_89' title="bbox 1978 2787 3557 2859">
    <p class='ocr_par' dir='ltr' id='par_1_89' title="bbox 1978 2787 3557 2859">
     <span class='ocr_line' id='line_1_89' title="bbox 1978 2787 3557 2859; baseline -0.003 -15"><span class='ocrx_word' id='word_1_664' title='bbox 1978 2789 2353 2859; x_wconf 71' lang='lat' dir='ltr'><strong>prazdicatioui</strong></span> <span class='ocrx_word' id='word_1_665' title='bbox 2392 2791 2660 2846; x_wconf 79' lang='lat' dir='ltr'><strong>resistunt</strong></span> <span class='ocrx_word' id='word_1_666' title='bbox 2694 2808 2707 2844; x_wconf 89' lang='lat'><strong>:</strong></span> <span class='ocrx_word' id='word_1_667' title='bbox 2738 2804 2926 2842; x_wconf 91' lang='lat' dir='ltr'><strong>verum</strong></span> <span class='ocrx_word' id='word_1_668' title='bbox 2962 2796 3156 2841; x_wconf 85' lang='lat' dir='ltr'><strong>contra</strong></span> <span class='ocrx_word' id='word_1_669' title='bbox 3209 2787 3308 2840; x_wconf 90' lang='lat' dir='ltr'><strong>hos</strong></span> <span class='ocrx_word' id='word_1_670' title='bbox 3335 2800 3557 2854; x_wconf 85' lang='lat' dir='ltr'><strong>quoque</strong></span> 
     </span>
    </p>
   </div>
   <div class='ocr_carea' id='block_1_90' title="bbox 1977 2877 3554 2953">
    <p class='ocr_par' dir='ltr' id='par_1_90' title="bbox 1977 2877 3554 2953">
     <span class='ocr_line' id='line_1_90' title="bbox 1977 2877 3554 2953; baseline -0.004 -17"><span class='ocrx_word' id='word_1_671' title='bbox 1977 2883 2146 2937; x_wconf 92' lang='lat' dir='ltr'><strong>robur</strong></span> <span class='ocrx_word' id='word_1_672' title='bbox 2167 2883 2416 2953; x_wconf 90' lang='lat' dir='ltr'><strong>accipite,</strong></span> <span class='ocrx_word' id='word_1_673' title='bbox 2437 2890 2493 2936; x_wconf 92' lang='lat' dir='ltr'><strong>et</strong></span> <span class='ocrx_word' id='word_1_674' title='bbox 2525 2897 2594 2936; x_wconf 89' lang='lat' dir='ltr'><strong>ne</strong></span> <span class='ocrx_word' id='word_1_675' title='bbox 2638 2880 2847 2934; x_wconf 89' lang='lat' dir='ltr'><strong>timete.</strong></span> <span class='ocrx_word' id='word_1_676' title='bbox 2885 2878 3027 2933; x_wconf 85' lang='lat' dir='ltr'><strong>Deus</strong></span> <span class='ocrx_word' id='word_1_677' title='bbox 3071 2878 3216 2932; x_wconf 76' lang='lat' dir='ltr'><strong>enim</strong></span> <span class='ocrx_word' id='word_1_678' title='bbox 3259 2886 3342 2933; x_wconf 91' lang='lat' dir='ltr'><strong>est</strong></span> <span class='ocrx_word' id='word_1_679' title='bbox 3375 2885 3427 2932; x_wconf 89' lang='lat' dir='ltr'><strong>et</strong></span> <span class='ocrx_word' id='word_1_680' title='bbox 3460 2877 3554 2931; x_wconf 92' lang='lat' dir='ltr'><strong>Dei</strong></span> 
     </span>
    </p>
   </div>
   <div class='ocr_carea' id='block_1_91' title="bbox 1977 2969 3556 3042">
    <p class='ocr_par' dir='ltr' id='par_1_91' title="bbox 1977 2969 3556 3042">
     <span class='ocr_line' id='line_1_91' title="bbox 1977 2969 3556 3042; baseline 0 -16"><span class='ocrx_word' id='word_1_681' title='bbox 1977 2973 2242 3038; x_wconf 76' lang='lat' dir='ltr'><strong>Verbum,</strong></span> <span class='ocrx_word' id='word_1_682' title='bbox 2279 2988 2389 3027; x_wconf 91' lang='lat' dir='ltr'><strong>non</strong></span> <span class='ocrx_word' id='word_1_683' title='bbox 2419 2980 2602 3027; x_wconf 91' lang='lat' dir='ltr'><strong>autem</strong></span> <span class='ocrx_word' id='word_1_684' title='bbox 2633 2971 2906 3042; x_wconf 88' lang='lat' dir='ltr'><strong>quispiam</strong></span> <span class='ocrx_word' id='word_1_685' title='bbox 2957 2969 3092 3024; x_wconf 80' lang='lat' dir='ltr'><strong>Mosi</strong></span> <span class='ocrx_word' id='word_1_686' title='bbox 3144 2969 3359 3036; x_wconf 89' lang='lat' dir='ltr'><strong>similis,</strong></span> <span class='ocrx_word' id='word_1_687' title='bbox 3393 2983 3456 3022; x_wconf 86' lang='lat' dir='ltr'><strong>ac</strong></span> <span class='ocrx_word' id='word_1_688' title='bbox 3486 2985 3556 3026; x_wconf 83' lang='lat' dir='ltr'><strong>ne</strong></span> 
     </span>
    </p>
   </div>
   <div class='ocr_carea' id='block_1_92' title="bbox 1978 3063 3552 3138">
    <p class='ocr_par' dir='ltr' id='par_1_92' title="bbox 1978 3063 3552 3138">
     <span class='ocr_line' id='line_1_92' title="bbox 1978 3063 3552 3138; baseline -0.001 -17"><span class='ocrx_word' id='word_1_689' title='bbox 1978 3069 2124 3122; x_wconf 88' lang='lat' dir='ltr'><strong>ullus</strong></span> <span class='ocrx_word' id='word_1_690' title='bbox 2155 3066 2374 3138; x_wconf 88' lang='lat' dir='ltr'><strong>quidem</strong></span> <span class='ocrx_word' id='word_1_691' title='bbox 2409 3065 2800 3136; x_wconf 88' lang='lat' dir='ltr'><strong>prophetarum</strong></span> <span class='ocrx_word' id='word_1_692' title='bbox 2844 3063 2976 3118; x_wconf 89' lang='lat' dir='ltr'><strong>huic</strong></span> <span class='ocrx_word' id='word_1_693' title='bbox 3004 3071 3088 3118; x_wconf 86' lang='lat' dir='ltr'><strong>est</strong></span> <span class='ocrx_word' id='word_1_694' title='bbox 3129 3063 3552 3133; x_wconf 86' lang='lat' dir='ltr'><strong>comparandus,</strong></span> 
     </span>
    </p>
   </div>
   <div class='ocr_carea' id='block_1_93' title="bbox 1977 3154 3551 3230">
    <p class='ocr_par' dir='ltr' id='par_1_93' title="bbox 1977 3154 3551 3230">
     <span class='ocr_line' id='line_1_93' title="bbox 1977 3154 3551 3230; baseline -0.005 -16"><span class='ocrx_word' id='word_1_695' title='bbox 1977 3161 2068 3230; x_wconf 92' lang='lat' dir='ltr'><strong>qui</strong></span> <span class='ocrx_word' id='word_1_696' title='bbox 2093 3175 2200 3214; x_wconf 93' lang='lat' dir='ltr'><strong>non</strong></span> <span class='ocrx_word' id='word_1_697' title='bbox 2233 3160 2409 3216; x_wconf 88' lang='lat' dir='ltr'><strong>solum</strong></span> <span class='ocrx_word' id='word_1_698' title='bbox 2442 3159 2710 3221; x_wconf 84' lang='lat' dir='ltr'><strong>miracula</strong></span> <span class='ocrx_word' id='word_1_699' title='bbox 2761 3156 3026 3212; x_wconf 85' lang='lat' dir='ltr'><strong>inusitata</strong></span> <span class='ocrx_word' id='word_1_700' title='bbox 3057 3154 3218 3210; x_wconf 91' lang='lat' dir='ltr'><strong>cdere</strong></span> <span class='ocrx_word' id='word_1_701' title='bbox 3245 3156 3551 3219; x_wconf 88' lang='lat' dir='ltr'><strong>consuevit,</strong></span> 
     </span>
    </p>
   </div>
   <div class='ocr_carea' id='block_1_94' title="bbox 1976 3245 3554 3316">
    <p class='ocr_par' dir='ltr' id='par_1_94' title="bbox 1976 3245 3554 3316">
     <span class='ocr_line' id='line_1_94' title="bbox 1976 3245 3554 3316; baseline -0.003 -13"><span class='ocrx_word' id='word_1_702' title='bbox 1976 3265 2168 3304; x_wconf 84' lang='lat' dir='ltr'><strong>verum</strong></span> <span class='ocrx_word' id='word_1_703' title='bbox 2198 3249 2365 3304; x_wconf 89' lang='lat' dir='ltr'><strong>etiam</strong></span> <span class='ocrx_word' id='word_1_704' title='bbox 2390 3247 2548 3302; x_wconf 86' lang='lat' dir='ltr'><strong>vobis</strong></span> <span class='ocrx_word' id='word_1_705' title='bbox 2584 3247 2720 3316; x_wconf 90' lang='lat' dir='ltr'><strong>ipsis</strong></span> <span class='ocrx_word' id='word_1_706' title='bbox 2747 3247 2929 3300; x_wconf 89' lang='lat' dir='ltr'><strong>omnis</strong></span> <span class='ocrx_word' id='word_1_707' title='bbox 2971 3245 3308 3300; x_wconf 81' lang='lat' dir='ltr'><strong>fortitudinis</strong></span> <span class='ocrx_word' id='word_1_708' title='bbox 3339 3253 3391 3299; x_wconf 83' lang='lat' dir='ltr'><strong>et</strong></span> <span class='ocrx_word' id='word_1_709' title='bbox 3422 3261 3554 3300; x_wconf 79' lang='lat' dir='ltr'><strong>con-</strong></span> 
     </span>
    </p>
   </div>
   <div class='ocr_carea' id='block_1_95' title="bbox 1973 3339 3555 3408">
    <p class='ocr_par' dir='ltr' id='par_1_95' title="bbox 1973 3339 3555 3408">
     <span class='ocr_line' id='line_1_95' title="bbox 1973 3339 3555 3408; baseline -0.003 -11"><span class='ocrx_word' id='word_1_710' title='bbox 1973 3342 2192 3398; x_wconf 65' lang='lat' dir='ltr'><strong>stantiae</strong></span> <span class='ocrx_word' id='word_1_711' title='bbox 2222 3350 2418 3396; x_wconf 87' lang='lat' dir='ltr'><strong>auctor</strong></span> <span class='ocrx_word' id='word_1_712' title='bbox 2456 3339 2705 3395; x_wconf 80' lang='lat' dir='ltr'><strong>exsistit.</strong></span> <span class='ocrx_word' id='word_1_713' title='bbox 2731 3339 3129 3408; x_wconf 79' lang='lat' dir='ltr'><strong>Argumentum</strong></span> <span class='ocrx_word' id='word_1_714' title='bbox 3156 3354 3282 3392; x_wconf 86' lang='lat' dir='ltr'><strong>vero</strong></span> <span class='ocrx_word' id='word_1_715' title='bbox 3312 3339 3555 3394; x_wconf 86' lang='lat' dir='ltr'><strong>certissi-</strong></span> 
     </span>
    </p>
   </div>
   <div class='ocr_carea' id='block_1_96' title="bbox 1974 3429 3551 3498">
    <p class='ocr_par' dir='ltr' id='par_1_96' title="bbox 1974 3429 3551 3498">
     <span class='ocr_line' id='line_1_96' title="bbox 1974 3429 3551 3498; baseline -0.003 -11"><span class='ocrx_word' id='word_1_716' title='bbox 1974 3449 2122 3487; x_wconf 90' lang='lat' dir='ltr'><strong>mum</strong></span> <span class='ocrx_word' id='word_1_717' title='bbox 2159 3431 2324 3487; x_wconf 82' lang='lat' dir='ltr'><strong>fuerit</strong></span> <span class='ocrx_word' id='word_1_718' title='bbox 2346 3431 2548 3485; x_wconf 64' lang='lat' dir='ltr'><strong>divinae</strong></span> <span class='ocrx_word' id='word_1_719' title='bbox 2577 3430 2721 3498; x_wconf 87' lang='lat' dir='ltr'><strong>ejus,</strong></span> <span class='ocrx_word' id='word_1_720' title='bbox 2748 3444 2908 3498; x_wconf 90' lang='lat' dir='ltr'><strong>quem</strong></span> <span class='ocrx_word' id='word_1_721' title='bbox 2959 3429 3235 3498; x_wconf 63' lang='lat' dir='ltr'><strong>prophetae</strong></span> <span class='ocrx_word' id='word_1_722' title='bbox 3265 3436 3551 3482; x_wconf 87' lang='lat' dir='ltr'><strong>venturum</strong></span> 
     </span>
    </p>
   </div>
   <div class='ocr_carea' id='block_1_97' title="bbox 1973 3520 3552 3588">
    <p class='ocr_par' dir='ltr' id='par_1_97' title="bbox 1973 3520 3552 3588">
     <span class='ocr_line' id='line_1_97' title="bbox 1973 3520 3552 3588; baseline -0.002 -10"><span class='ocrx_word' id='word_1_723' title='bbox 1973 3525 2298 3578; x_wconf 89' lang='lat' dir='ltr'><strong>nuntiarunt</strong></span> <span class='ocrx_word' id='word_1_724' title='bbox 2353 3521 2656 3575; x_wconf 88' lang='lat' dir='ltr'><strong>Salvatoris</strong></span> <span class='ocrx_word' id='word_1_725' title='bbox 2689 3520 2865 3573; x_wconf 88' lang='lat' dir='ltr'><strong>nostri</strong></span> <span class='ocrx_word' id='word_1_726' title='bbox 2895 3521 3139 3580; x_wconf 85' lang='lat' dir='ltr'><strong>virtutis,</strong></span> <span class='ocrx_word' id='word_1_727' title='bbox 3175 3534 3271 3588; x_wconf 87' lang='lat' dir='ltr'><strong>per</strong></span> <span class='ocrx_word' id='word_1_728' title='bbox 3300 3535 3459 3588; x_wconf 85' lang='lat' dir='ltr'><strong>quam</strong></span> <span class='ocrx_word' id='word_1_729' title='bbox 3495 3536 3552 3575; x_wconf 85' lang='lat' dir='ltr'><strong>re</strong></span> 
     </span>
    </p>
   </div>
   <div class='ocr_carea' id='block_1_98' title="bbox 1971 3609 3552 3680">
    <p class='ocr_par' dir='ltr' id='par_1_98' title="bbox 1971 3609 3552 3680">
     <span class='ocr_line' id='line_1_98' title="bbox 1971 3609 3552 3680; baseline -0.003 -12"><span class='ocrx_word' id='word_1_730' title='bbox 1971 3631 2100 3670; x_wconf 87' lang='lat' dir='ltr'><strong>vera</strong></span> <span class='ocrx_word' id='word_1_731' title='bbox 2137 3622 2191 3670; x_wconf 87' lang='lat' dir='ltr'><strong>et</strong></span> <span class='ocrx_word' id='word_1_732' title='bbox 2223 3614 2474 3675; x_wconf 88' lang='lat' dir='ltr'><strong>claudos,</strong></span> <span class='ocrx_word' id='word_1_733' title='bbox 2515 3621 2568 3668; x_wconf 90' lang='lat' dir='ltr'><strong>et</strong></span> <span class='ocrx_word' id='word_1_734' title='bbox 2621 3629 2816 3676; x_wconf 70' lang='lat' dir='ltr'><strong>cazcos,</strong></span> <span class='ocrx_word' id='word_1_735' title='bbox 2874 3622 2927 3668; x_wconf 85' lang='lat' dir='ltr'><strong>et</strong></span> <span class='ocrx_word' id='word_1_736' title='bbox 2978 3611 3144 3680; x_wconf 87' lang='lat' dir='ltr'><strong>lepris</strong></span> <span class='ocrx_word' id='word_1_737' title='bbox 3197 3609 3448 3674; x_wconf 76' lang='lat' dir='ltr'><strong>infectos,</strong></span> <span class='ocrx_word' id='word_1_738' title='bbox 3499 3619 3552 3664; x_wconf 88' lang='lat' dir='ltr'><strong>et</strong></span> 
     </span>
    </p>
   </div>
   <div class='ocr_carea' id='block_1_99' title="bbox 1973 3703 3553 3773">
    <p class='ocr_par' dir='ltr' id='par_1_99' title="bbox 1973 3703 3553 3773">
     <span class='ocr_line' id='line_1_99' title="bbox 1973 3703 3553 3773; baseline -0.003 -12"><span class='ocrx_word' id='word_1_739' title='bbox 1973 3707 2233 3762; x_wconf 88' lang='lat' dir='ltr'><strong>membris</strong></span> <span class='ocrx_word' id='word_1_740' title='bbox 2263 3705 2585 3765; x_wconf 83' lang='lat' dir='ltr'><strong>dissolutos.</strong></span> <span class='ocrx_word' id='word_1_741' title='bbox 2616 3706 2806 3771; x_wconf 83' lang='lat' dir='ltr'><strong>verbo,</strong></span> <span class='ocrx_word' id='word_1_742' title='bbox 2843 3713 2904 3759; x_wconf 90' lang='lat' dir='ltr'><strong>ut</strong></span> <span class='ocrx_word' id='word_1_743' title='bbox 2935 3703 3230 3773; x_wconf 74' lang='lat' dir='ltr'><strong>Scriptura:</strong></span> <span class='ocrx_word' id='word_1_744' title='bbox 3256 3717 3376 3772; x_wconf 63' lang='lat' dir='ltr'><strong>quae</strong></span> <span class='ocrx_word' id='word_1_745' title='bbox 3395 3703 3463 3757; x_wconf 91' lang='lat' dir='ltr'><strong>de</strong></span> <span class='ocrx_word' id='word_1_746' title='bbox 3488 3703 3553 3756; x_wconf 79' lang='lat' dir='ltr'><strong>il-</strong></span> 
     </span>
    </p>
   </div>
   <div class='ocr_carea' id='block_1_100' title="bbox 1972 3795 3550 3864">
    <p class='ocr_par' dir='ltr' id='par_1_100' title="bbox 1972 3795 3550 3864">
     <span class='ocr_line' id='line_1_100' title="bbox 1972 3795 3550 3864; baseline -0.003 -12"><span class='ocrx_word' id='word_1_747' title='bbox 1972 3799 2025 3853; x_wconf 90' lang='lat' dir='ltr'><strong>lo</strong></span> <span class='ocrx_word' id='word_1_748' title='bbox 2069 3804 2290 3854; x_wconf 84' lang='lat' dir='ltr'><strong>exstant</strong></span> <span class='ocrx_word' id='word_1_749' title='bbox 2342 3796 2501 3850; x_wconf 82' lang='lat' dir='ltr'><strong>ﬁdem</strong></span> <span class='ocrx_word' id='word_1_750' title='bbox 2546 3795 2776 3860; x_wconf 78' lang='lat' dir='ltr'><strong>faciunt,</strong></span> <span class='ocrx_word' id='word_1_751' title='bbox 2832 3795 3128 3864; x_wconf 86' lang='lat' dir='ltr'><strong>aliquando</strong></span> <span class='ocrx_word' id='word_1_752' title='bbox 3159 3795 3456 3854; x_wconf 86' lang='lat' dir='ltr'><strong>sanaverit,</strong></span> <span class='ocrx_word' id='word_1_753' title='bbox 3485 3809 3550 3848; x_wconf 87' lang='lat' dir='ltr'><strong>ea</strong></span> 
     </span>
    </p>
   </div>
   <div class='ocr_carea' id='block_1_101' title="bbox 1971 3880 3550 3962">
    <p class='ocr_par' dir='ltr' id='par_1_101' title="bbox 1971 3880 3550 3962">
     <span class='ocr_line' id='line_1_101' title="bbox 1971 3880 3550 3962; baseline -0.004 -16"><span class='ocrx_word' id='word_1_754' title='bbox 1971 3907 2092 3962; x_wconf 64' lang='lat' dir='ltr'><strong>quae</strong></span> <span class='ocrx_word' id='word_1_755' title='bbox 2119 3890 2283 3944; x_wconf 90' lang='lat' dir='ltr'><strong>etiam</strong></span> <span class='ocrx_word' id='word_1_756' title='bbox 2311 3880 2460 3943; x_wconf 88' lang='lat' dir='ltr'><strong>nunc</strong></span> <span class='ocrx_word' id='word_1_757' title='bbox 2482 3887 2777 3942; x_wconf 84' lang='lat' dir='ltr'><strong>elllcaciam</strong></span> <span class='ocrx_word' id='word_1_758' title='bbox 2808 3903 2962 3942; x_wconf 90' lang='lat' dir='ltr'><strong>suam</strong></span> <span class='ocrx_word' id='word_1_759' title='bbox 2996 3902 3060 3940; x_wconf 83' lang='lat' dir='ltr'><strong>ex</strong></span> <span class='ocrx_word' id='word_1_760' title='bbox 3093 3887 3240 3942; x_wconf 90' lang='lat' dir='ltr'><strong>illius</strong></span> <span class='ocrx_word' id='word_1_761' title='bbox 3263 3886 3550 3940; x_wconf 88' lang='lat' dir='ltr'><strong>divinitate</strong></span> 
     </span>
    </p>
   </div>
   <div class='ocr_carea' id='block_1_102' title="bbox 1973 3977 3551 4053">
    <p class='ocr_par' dir='ltr' id='par_1_102' title="bbox 1973 3977 3551 4053">
     <span class='ocr_line' id='line_1_102' title="bbox 1973 3977 3551 4053; baseline -0.003 -16"><span class='ocrx_word' id='word_1_762' title='bbox 1973 3983 2025 4038; x_wconf 93' lang='lat' dir='ltr'><strong>in</strong></span> <span class='ocrx_word' id='word_1_763' title='bbox 2071 3991 2210 4045; x_wconf 89' lang='lat' dir='ltr'><strong>toto,</strong></span> <span class='ocrx_word' id='word_1_764' title='bbox 2241 3985 2334 4053; x_wconf 87' lang='lat' dir='ltr'><strong>qui</strong></span> <span class='ocrx_word' id='word_1_765' title='bbox 2369 3984 2438 4037; x_wconf 92' lang='lat' dir='ltr'><strong>ab</strong></span> <span class='ocrx_word' id='word_1_766' title='bbox 2487 3982 2802 4036; x_wconf 88' lang='lat' dir='ltr'><strong>hominibus</strong></span> <span class='ocrx_word' id='word_1_767' title='bbox 2835 3977 3095 4034; x_wconf 85' lang='lat' dir='ltr'><strong>incolitur</strong></span> <span class='ocrx_word' id='word_1_768' title='bbox 3119 3978 3272 4041; x_wconf 86' lang='lat' dir='ltr'><strong>orbe,</strong></span> <span class='ocrx_word' id='word_1_769' title='bbox 3305 3978 3551 4033; x_wconf 88' lang='lat' dir='ltr'><strong>ostendit</strong></span> 
     </span>
    </p>
   </div>
   <div class='ocr_carea' id='block_1_103' title="bbox 1971 4071 3550 4146">
    <p class='ocr_par' dir='ltr' id='par_1_103' title="bbox 1971 4071 3550 4146">
     <span class='ocr_line' id='line_1_103' title="bbox 1971 4071 3550 4146; baseline -0.003 -16"><span class='ocrx_word' id='word_1_770' title='bbox 1971 4077 2170 4139; x_wconf 87' lang='lat' dir='ltr'><strong>virtus,</strong></span> <span class='ocrx_word' id='word_1_771' title='bbox 2201 4091 2298 4146; x_wconf 89' lang='lat' dir='ltr'><strong>per</strong></span> <span class='ocrx_word' id='word_1_772' title='bbox 2346 4090 2509 4144; x_wconf 87' lang='lat' dir='ltr'><strong>quam</strong></span> <span class='ocrx_word' id='word_1_773' title='bbox 2547 4075 2712 4127; x_wconf 91' lang='lat' dir='ltr'><strong>rebus</strong></span> <span class='ocrx_word' id='word_1_774' title='bbox 2755 4072 2892 4142; x_wconf 88' lang='lat' dir='ltr'><strong>ipsis</strong></span> <span class='ocrx_word' id='word_1_775' title='bbox 2921 4081 2973 4126; x_wconf 88' lang='lat' dir='ltr'><strong>et</strong></span> <span class='ocrx_word' id='word_1_776' title='bbox 3005 4071 3164 4125; x_wconf 82' lang='lat' dir='ltr'><strong>factis</strong></span> <span class='ocrx_word' id='word_1_777' title='bbox 3195 4073 3374 4142; x_wconf 88' lang='lat' dir='ltr'><strong>qualis</strong></span> <span class='ocrx_word' id='word_1_778' title='bbox 3421 4079 3550 4126; x_wconf 90' lang='lat' dir='ltr'><strong>tunc</strong></span> 
     </span>
    </p>
   </div>
   <div class='ocr_carea' id='block_1_104' title="bbox 1969 4163 3548 4235">
    <p class='ocr_par' dir='ltr' id='par_1_104' title="bbox 1969 4163 3548 4235">
     <span class='ocr_line' id='line_1_104' title="bbox 1969 4163 3548 4235; baseline -0.001 -16"><span class='ocrx_word' id='word_1_779' title='bbox 1969 4181 2191 4235; x_wconf 76' lang='lat' dir='ltr'><strong>quoque</strong></span> <span class='ocrx_word' id='word_1_780' title='bbox 2224 4166 2388 4220; x_wconf 82' lang='lat' dir='ltr'><strong>fuerit</strong></span> <span class='ocrx_word' id='word_1_781' title='bbox 2419 4166 2508 4227; x_wconf 85' lang='lat' dir='ltr'><strong>iis,</strong></span> <span class='ocrx_word' id='word_1_782' title='bbox 2545 4165 2636 4234; x_wconf 91' lang='lat' dir='ltr'><strong>qui</strong></span> <span class='ocrx_word' id='word_1_783' title='bbox 2676 4163 2876 4218; x_wconf 87' lang='lat' dir='ltr'><strong>intueri</strong></span> <span class='ocrx_word' id='word_1_784' title='bbox 2912 4173 3166 4231; x_wconf 80' lang='lat' dir='ltr'><strong>possunt,</strong></span> <span class='ocrx_word' id='word_1_785' title='bbox 3200 4164 3502 4216; x_wconf 89' lang='lat' dir='ltr'><strong>ostenditur</strong></span> <span class='ocrx_word' id='word_1_786' title='bbox 3531 4179 3548 4217; x_wconf 89' lang='lat'><strong>:</strong></span> 
     </span>
    </p>
   </div>
   <div class='ocr_carea' id='block_1_105' title="bbox 1969 4253 3554 4331">
    <p class='ocr_par' dir='ltr' id='par_1_105' title="bbox 1969 4253 3554 4331">
     <span class='ocr_line' id='line_1_105' title="bbox 1969 4253 3554 4331; baseline -0.002 -20"><span class='ocrx_word' id='word_1_787' title='bbox 1969 4255 2376 4331; x_wconf 66' lang='lat' dir='ltr'><strong>mquando</strong></span> <span class='ocrx_word' id='word_1_788' title='bbox 2411 4256 2463 4309; x_wconf 93' lang='lat' dir='ltr'><strong>in</strong></span> <span class='ocrx_word' id='word_1_789' title='bbox 2516 4265 2624 4309; x_wconf 86' lang='lat' dir='ltr'><strong>tam</strong></span> <span class='ocrx_word' id='word_1_790' title='bbox 2674 4254 2876 4308; x_wconf 88' lang='lat' dir='ltr'><strong>multos</strong></span> <span class='ocrx_word' id='word_1_791' title='bbox 2925 4269 3100 4308; x_wconf 91' lang='lat' dir='ltr'><strong>annos</strong></span> <span class='ocrx_word' id='word_1_792' title='bbox 3133 4260 3253 4322; x_wconf 89' lang='lat' dir='ltr'><strong>post</strong></span> <span class='ocrx_word' id='word_1_793' title='bbox 3297 4253 3386 4307; x_wconf 89' lang='lat' dir='ltr'><strong>illa</strong></span> <span class='ocrx_word' id='word_1_794' title='bbox 3429 4267 3554 4322; x_wconf 73' lang='lat' dir='ltr'><strong>qua:</strong></span> 
     </span>
    </p>
   </div>
   <div class='ocr_carea' id='block_1_106' title="bbox 1971 4342 3548 4421">
    <p class='ocr_par' dir='ltr' id='par_1_106' title="bbox 1971 4342 3548 4421">
     <span class='ocr_line' id='line_1_106' title="bbox 1971 4342 3548 4421; baseline -0.006 -14"><span class='ocrx_word' id='word_1_795' title='bbox 1971 4353 2176 4421; x_wconf 87' lang='lat' dir='ltr'><strong>scripta</strong></span> <span class='ocrx_word' id='word_1_796' title='bbox 2213 4357 2341 4406; x_wconf 89' lang='lat' dir='ltr'><strong>sunt</strong></span> <span class='ocrx_word' id='word_1_797' title='bbox 2373 4348 2536 4403; x_wconf 88' lang='lat' dir='ltr'><strong>durat</strong></span> <span class='ocrx_word' id='word_1_798' title='bbox 2567 4347 2824 4408; x_wconf 86' lang='lat' dir='ltr'><strong>invictus,</strong></span> <span class='ocrx_word' id='word_1_799' title='bbox 2855 4355 2909 4400; x_wconf 88' lang='lat' dir='ltr'><strong>et</strong></span> <span class='ocrx_word' id='word_1_800' title='bbox 2954 4361 3145 4398; x_wconf 88' lang='lat' dir='ltr'><strong>revera</strong></span> <span class='ocrx_word' id='word_1_801' title='bbox 3178 4344 3270 4398; x_wconf 89' lang='lat' dir='ltr'><strong>Dei</strong></span> <span class='ocrx_word' id='word_1_802' title='bbox 3311 4342 3548 4398; x_wconf 84' lang='lat' dir='ltr'><strong>Verbum</strong></span> 
     </span>
    </p>
   </div>
   <div class='ocr_carea' id='block_1_107' title="bbox 1970 4435 3547 4513">
    <p class='ocr_par' dir='ltr' id='par_1_107' title="bbox 1970 4435 3547 4513">
     <span class='ocr_line' id='line_1_107' title="bbox 1970 4435 3547 4513; baseline -0.008 -14"><span class='ocrx_word' id='word_1_803' title='bbox 1970 4460 2114 4508; x_wconf 88' lang='lat' dir='ltr'><strong>esse,</strong></span> <span class='ocrx_word' id='word_1_804' title='bbox 2148 4441 2293 4513; x_wconf 87' lang='lat' dir='ltr'><strong>quod</strong></span> <span class='ocrx_word' id='word_1_805' title='bbox 2324 4442 2394 4495; x_wconf 89' lang='lat' dir='ltr'><strong>ab</strong></span> <span class='ocrx_word' id='word_1_806' title='bbox 2419 4441 2540 4510; x_wconf 87' lang='lat' dir='ltr'><strong>ipso</strong></span> <span class='ocrx_word' id='word_1_807' title='bbox 2569 4439 2953 4493; x_wconf 86' lang='lat' dir='ltr'><strong>denuntiatum</strong></span> <span class='ocrx_word' id='word_1_808' title='bbox 2972 4443 3078 4497; x_wconf 90' lang='lat' dir='ltr'><strong>est,</strong></span> <span class='ocrx_word' id='word_1_809' title='bbox 3119 4435 3547 4500; x_wconf 81' lang='lat' dir='ltr'><strong>deluonstratur,</strong></span> 
     </span>
    </p>
   </div>
   <div class='ocr_carea' id='block_1_108' title="bbox 1973 4525 3550 4602">
    <p class='ocr_par' dir='ltr' id='par_1_108' title="bbox 1973 4525 3550 4602">
     <span class='ocr_line' id='line_1_108' title="bbox 1973 4525 3550 4602; baseline -0.006 -15"><span class='ocrx_word' id='word_1_810' title='bbox 1973 4540 2160 4602; x_wconf 89' lang='lat' dir='ltr'><strong>utpote</strong></span> <span class='ocrx_word' id='word_1_811' title='bbox 2189 4530 2333 4602; x_wconf 88' lang='lat' dir='ltr'><strong>quod</strong></span> <span class='ocrx_word' id='word_1_812' title='bbox 2376 4545 2568 4585; x_wconf 90' lang='lat' dir='ltr'><strong>omnes</strong></span> <span class='ocrx_word' id='word_1_813' title='bbox 2594 4530 2706 4599; x_wconf 89' lang='lat' dir='ltr'><strong>jam</strong></span> <span class='ocrx_word' id='word_1_814' title='bbox 2743 4529 2956 4586; x_wconf 85' lang='lat' dir='ltr'><strong>vicerit.</strong></span> <span class='ocrx_word' id='word_1_815' title='bbox 2995 4527 3310 4596; x_wconf 90' lang='lat' dir='ltr'><strong>quicunque</strong></span> <span class='ocrx_word' id='word_1_816' title='bbox 3337 4525 3406 4578; x_wconf 87' lang='lat' dir='ltr'><strong>ab</strong></span> <span class='ocrx_word' id='word_1_817' title='bbox 3443 4525 3550 4578; x_wconf 87' lang='lat' dir='ltr'><strong>ini-</strong></span> 
     </span>
    </p>
   </div>
   <div class='ocr_carea' id='block_1_109' title="bbox 1970 4612 3551 4686">
    <p class='ocr_par' dir='ltr' id='par_1_109' title="bbox 1970 4612 3551 4686">
     <span class='ocr_line' id='line_1_109' title="bbox 1970 4612 3551 4686; baseline -0.005 -14"><span class='ocrx_word' id='word_1_818' title='bbox 1970 4619 2048 4672; x_wconf 89' lang='lat' dir='ltr'><strong>tio</strong></span> <span class='ocrx_word' id='word_1_819' title='bbox 2098 4619 2153 4672; x_wconf 92' lang='lat' dir='ltr'><strong>in</strong></span> <span class='ocrx_word' id='word_1_820' title='bbox 2200 4622 2345 4672; x_wconf 89' lang='lat' dir='ltr'><strong>hunc</strong></span> <span class='ocrx_word' id='word_1_821' title='bbox 2394 4631 2570 4686; x_wconf 90' lang='lat' dir='ltr'><strong>usque</strong></span> <span class='ocrx_word' id='word_1_822' title='bbox 2619 4614 2762 4669; x_wconf 90' lang='lat' dir='ltr'><strong>diem</strong></span> <span class='ocrx_word' id='word_1_823' title='bbox 2811 4612 3119 4666; x_wconf 87' lang='lat' dir='ltr'><strong>doctrinam</strong></span> <span class='ocrx_word' id='word_1_824' title='bbox 3157 4613 3330 4682; x_wconf 88' lang='lat' dir='ltr'><strong>ipsius</strong></span> <span class='ocrx_word' id='word_1_825' title='bbox 3378 4626 3551 4681; x_wconf 59' lang='lat' dir='ltr'><strong>oppuo</strong></span> 
     </span>
    </p>
   </div>
   <div class='ocr_carea' id='block_1_110' title="bbox 1969 4704 3550 4779">
    <p class='ocr_par' dir='ltr' id='par_1_110' title="bbox 1969 4704 3550 4779">
     <span class='ocr_line' id='line_1_110' title="bbox 1969 4704 3550 4779; baseline -0.005 -17"><span class='ocrx_word' id='word_1_826' title='bbox 1969 4723 2137 4779; x_wconf 80' lang='lat' dir='ltr'><strong>gnare</strong></span> <span class='ocrx_word' id='word_1_827' title='bbox 2175 4709 2358 4763; x_wconf 89' lang='lat' dir='ltr'><strong>conati</strong></span> <span class='ocrx_word' id='word_1_828' title='bbox 2401 4707 2531 4773; x_wconf 86' lang='lat' dir='ltr'><strong>sint,</strong></span> <span class='ocrx_word' id='word_1_829' title='bbox 2569 4714 2622 4761; x_wconf 89' lang='lat' dir='ltr'><strong>et</strong></span> <span class='ocrx_word' id='word_1_830' title='bbox 2654 4721 2720 4760; x_wconf 78' lang='lat' dir='ltr'><strong>ex</strong></span> <span class='ocrx_word' id='word_1_831' title='bbox 2767 4704 3026 4758; x_wconf 88' lang='lat' dir='ltr'><strong>universo</strong></span> <span class='ocrx_word' id='word_1_832' title='bbox 3066 4705 3198 4757; x_wconf 89' lang='lat' dir='ltr'><strong>orbe</strong></span> <span class='ocrx_word' id='word_1_833' title='bbox 3231 4705 3550 4756; x_wconf 83' lang='lat' dir='ltr'><strong>innumera-</strong></span> 
     </span>
    </p>
   </div>
   <div class='ocr_carea' id='block_1_111' title="bbox 1968 4794 3550 4866">
    <p class='ocr_par' dir='ltr' id='par_1_111' title="bbox 1968 4794 3550 4866">
     <span class='ocr_line' id='line_1_111' title="bbox 1968 4794 3550 4866; baseline -0.006 -10"><span class='ocrx_word' id='word_1_834' title='bbox 1968 4799 2107 4856; x_wconf 88' lang='lat' dir='ltr'><strong>biles</strong></span> <span class='ocrx_word' id='word_1_835' title='bbox 2138 4805 2442 4853; x_wconf 86' lang='lat' dir='ltr'><strong>conventus</strong></span> <span class='ocrx_word' id='word_1_836' title='bbox 2473 4797 2538 4852; x_wconf 88' lang='lat' dir='ltr'><strong>ad</strong></span> <span class='ocrx_word' id='word_1_837' title='bbox 2589 4797 2832 4866; x_wconf 90' lang='lat' dir='ltr'><strong>seipsum</strong></span> <span class='ocrx_word' id='word_1_838' title='bbox 2879 4795 3100 4850; x_wconf 87' lang='lat' dir='ltr'><strong>assidue</strong></span> <span class='ocrx_word' id='word_1_839' title='bbox 3149 4794 3351 4855; x_wconf 89' lang='lat' dir='ltr'><strong>trahat,</strong></span> <span class='ocrx_word' id='word_1_840' title='bbox 3396 4794 3550 4848; x_wconf 83' lang='lat' dir='ltr'><strong>etab</strong></span> 
     </span>
    </p>
   </div>
   <div class='ocr_carea' id='block_1_112' title="bbox 1970 4889 3549 4962">
    <p class='ocr_par' dir='ltr' id='par_1_112' title="bbox 1970 4889 3549 4962">
     <span class='ocr_line' id='line_1_112' title="bbox 1970 4889 3549 4962; baseline -0.003 -16"><span class='ocrx_word' id='word_1_841' title='bbox 1970 4892 2117 4947; x_wconf 92' lang='lat' dir='ltr'><strong>omni</strong></span> <span class='ocrx_word' id='word_1_842' title='bbox 2147 4901 2392 4962; x_wconf 85' lang='lat' dir='ltr'><strong>peccato,</strong></span> <span class='ocrx_word' id='word_1_843' title='bbox 2428 4891 2793 4961; x_wconf 88' lang='lat' dir='ltr'><strong>omnibusque</strong></span> <span class='ocrx_word' id='word_1_844' title='bbox 2825 4889 2992 4942; x_wconf 87' lang='lat' dir='ltr'><strong>animi</strong></span> <span class='ocrx_word' id='word_1_845' title='bbox 3035 4896 3089 4944; x_wconf 90' lang='lat' dir='ltr'><strong>et</strong></span> <span class='ocrx_word' id='word_1_846' title='bbox 3119 4889 3549 4959; x_wconf 78' lang='lat' dir='ltr'><strong>perturbatiotu-</strong></span> 
     </span>
    </p>
   </div>
   <div class='ocr_carea' id='block_1_113' title="bbox 1970 4979 3548 5052">
    <p class='ocr_par' dir='ltr' id='par_1_113' title="bbox 1970 4979 3548 5052">
     <span class='ocr_line' id='line_1_113' title="bbox 1970 4979 3548 5052; baseline -0.004 -12"><span class='ocrx_word' id='word_1_847' title='bbox 1970 4985 2075 5040; x_wconf 88' lang='lat' dir='ltr'><strong>bus</strong></span> <span class='ocrx_word' id='word_1_848' title='bbox 2109 4995 2163 5039; x_wconf 90' lang='lat' dir='ltr'><strong>et</strong></span> <span class='ocrx_word' id='word_1_849' title='bbox 2193 4983 2398 5039; x_wconf 91' lang='lat' dir='ltr'><strong>morbis</strong></span> <span class='ocrx_word' id='word_1_850' title='bbox 2442 4999 2549 5048; x_wconf 80' lang='lat' dir='ltr'><strong>eos</strong></span> <span class='ocrx_word' id='word_1_851' title='bbox 2609 4983 2703 5052; x_wconf 88' lang='lat' dir='ltr'><strong>qui</strong></span> <span class='ocrx_word' id='word_1_852' title='bbox 2746 4982 2812 5035; x_wconf 89' lang='lat' dir='ltr'><strong>ad</strong></span> <span class='ocrx_word' id='word_1_853' title='bbox 2856 4997 2914 5036; x_wconf 89' lang='lat' dir='ltr'><strong>se</strong></span> <span class='ocrx_word' id='word_1_854' title='bbox 2945 4980 3300 5041; x_wconf 85' lang='lat' dir='ltr'><strong>accesserint,</strong></span> <span class='ocrx_word' id='word_1_855' title='bbox 3334 4979 3548 5045; x_wconf 87' lang='lat' dir='ltr'><strong>liberet,</strong></span> 
     </span>
    </p>
   </div>
   <div class='ocr_carea' id='block_1_114' title="bbox 1968 5071 3553 5145">
    <p class='ocr_par' dir='ltr' id='par_1_114' title="bbox 1968 5071 3553 5145">
     <span class='ocr_line' id='line_1_114' title="bbox 1968 5071 3553 5145; baseline -0.004 -16"><span class='ocrx_word' id='word_1_856' title='bbox 1968 5085 2024 5129; x_wconf 89' lang='lat' dir='ltr'><strong>et</strong></span> <span class='ocrx_word' id='word_1_857' title='bbox 2079 5075 2148 5130; x_wconf 92' lang='lat' dir='ltr'><strong>ad</strong></span> <span class='ocrx_word' id='word_1_858' title='bbox 2197 5075 2534 5145; x_wconf 77' lang='lat' dir='ltr'><strong>religiosam,</strong></span> <span class='ocrx_word' id='word_1_859' title='bbox 2595 5073 2852 5142; x_wconf 88' lang='lat' dir='ltr'><strong>piamque</strong></span> <span class='ocrx_word' id='word_1_860' title='bbox 2905 5071 3212 5124; x_wconf 87' lang='lat' dir='ltr'><strong>doctrinam</strong></span> <span class='ocrx_word' id='word_1_861' title='bbox 3271 5084 3432 5122; x_wconf 90' lang='lat' dir='ltr'><strong>omne</strong></span> <span class='ocrx_word' id='word_1_862' title='bbox 3495 5075 3553 5123; x_wconf 89' lang='lat' dir='ltr'><strong>et</strong></span> 
     </span>
    </p>
   </div>
   <div class='ocr_carea' id='block_1_115' title="bbox 1969 5160 3552 5233">
    <p class='ocr_par' dir='ltr' id='par_1_115' title="bbox 1969 5160 3552 5233">
     <span class='ocr_line' id='line_1_115' title="bbox 1969 5160 3552 5233; baseline -0.003 -14"><span class='ocrx_word' id='word_1_863' title='bbox 1969 5166 2283 5219; x_wconf 69' lang='lat' dir='ltr'><strong>Succorum</strong></span> <span class='ocrx_word' id='word_1_864' title='bbox 2327 5171 2380 5218; x_wconf 90' lang='lat' dir='ltr'><strong>et</strong></span> <span class='ocrx_word' id='word_1_865' title='bbox 2430 5163 2786 5218; x_wconf 83' lang='lat' dir='ltr'><strong>barbarorum</strong></span> <span class='ocrx_word' id='word_1_866' title='bbox 2826 5177 2998 5233; x_wconf 78' lang='lat' dir='ltr'><strong>genus</strong></span> <span class='ocrx_word' id='word_1_867' title='bbox 3047 5161 3260 5224; x_wconf 88' lang='lat' dir='ltr'><strong>invitet,</strong></span> <span class='ocrx_word' id='word_1_868' title='bbox 3302 5160 3552 5214; x_wconf 84' lang='lat' dir='ltr'><strong>innume-</strong></span> 
     </span>
    </p>
   </div>
   <div class='ocr_carea' id='block_1_116' title="bbox 1968 5251 3551 5326">
    <p class='ocr_par' dir='ltr' id='par_1_116' title="bbox 1968 5251 3551 5326">
     <span class='ocr_line' id='line_1_116' title="bbox 1968 5251 3551 5326; baseline -0.003 -15"><span class='ocrx_word' id='word_1_869' title='bbox 1968 5259 2281 5326; x_wconf 88' lang='lat' dir='ltr'><strong>rabilesque</strong></span> <span class='ocrx_word' id='word_1_870' title='bbox 2333 5255 2401 5308; x_wconf 87' lang='lat' dir='ltr'><strong>ad</strong></span> <span class='ocrx_word' id='word_1_871' title='bbox 2448 5255 2612 5308; x_wconf 90' lang='lat' dir='ltr'><strong>unius</strong></span> <span class='ocrx_word' id='word_1_872' title='bbox 2651 5255 2878 5323; x_wconf 87' lang='lat' dir='ltr'><strong>verique</strong></span> <span class='ocrx_word' id='word_1_873' title='bbox 2927 5251 3020 5306; x_wconf 90' lang='lat' dir='ltr'><strong>Dei</strong></span> <span class='ocrx_word' id='word_1_874' title='bbox 3067 5252 3454 5322; x_wconf 78' lang='lat' dir='ltr'><strong>cognitionem,</strong></span> <span class='ocrx_word' id='word_1_875' title='bbox 3494 5259 3551 5307; x_wconf 86' lang='lat' dir='ltr'><strong>et</strong></span> 
     </span>
    </p>
   </div>
   <div class='ocr_carea' id='block_1_117' title="bbox 1970 5342 3546 5406">
    <p class='ocr_par' dir='ltr' id='par_1_117' title="bbox 1970 5342 3546 5406">
     <span class='ocr_line' id='line_1_117' title="bbox 1970 5342 3546 5406; baseline -0.004 -3"><span class='ocrx_word' id='word_1_876' title='bbox 1970 5364 2164 5406; x_wconf 85' lang='lat' dir='ltr'><strong>sanum</strong></span> <span class='ocrx_word' id='word_1_877' title='bbox 2217 5364 2282 5403; x_wconf 89' lang='lat' dir='ltr'><strong>ac</strong></span> <span class='ocrx_word' id='word_1_878' title='bbox 2322 5347 2661 5400; x_wconf 89' lang='lat' dir='ltr'><strong>moderatum</strong></span> <span class='ocrx_word' id='word_1_879' title='bbox 2691 5344 2912 5398; x_wconf 83' lang='lat' dir='ltr'><strong>vivendi</strong></span> <span class='ocrx_word' id='word_1_880' title='bbox 2947 5344 3258 5398; x_wconf 80' lang='lat' dir='ltr'><strong>institutum</strong></span> <span class='ocrx_word' id='word_1_881' title='bbox 3289 5342 3546 5403; x_wconf 85' lang='lat' dir='ltr'><strong>adducat;</strong></span> 
     </span>
    </p>
   </div>
   <div class='ocr_carea' id='block_1_118' title="bbox 1984 5435 3546 5512">
    <p class='ocr_par' dir='ltr' id='par_1_118' title="bbox 1984 5435 3546 5512">
     <span class='ocr_line' id='line_1_118' title="bbox 1984 5435 3546 5512; baseline -0.003 -16"><span class='ocrx_word' id='word_1_882' title='bbox 1984 5438 2438 5512; x_wconf 87' lang='lat' dir='ltr'><strong>quemadmodum</strong></span> <span class='ocrx_word' id='word_1_883' title='bbox 2474 5438 2730 5492; x_wconf 84' lang='lat' dir='ltr'><strong>videlicet</strong></span> <span class='ocrx_word' id='word_1_884' title='bbox 2759 5453 2884 5492; x_wconf 91' lang='lat' dir='ltr'><strong>cum</strong></span> <span class='ocrx_word' id='word_1_885' title='bbox 2931 5438 3143 5501; x_wconf 81' lang='lat' dir='ltr'><strong>deceat,</strong></span> <span class='ocrx_word' id='word_1_886' title='bbox 3171 5437 3266 5506; x_wconf 89' lang='lat' dir='ltr'><strong>qui</strong></span> <span class='ocrx_word' id='word_1_887' title='bbox 3305 5435 3546 5506; x_wconf 82' lang='lat' dir='ltr'><strong>supremi</strong></span> 
     </span>
    </p>
   </div>
   <div class='ocr_carea' id='block_1_119' title="bbox 1973 5528 3546 5597">
    <p class='ocr_par' dir='ltr' id='par_1_119' title="bbox 1973 5528 3546 5597">
     <span class='ocr_line' id='line_1_119' title="bbox 1973 5528 3546 5597; baseline 0 -11"><span class='ocrx_word' id='word_1_888' title='bbox 1973 5533 2068 5590; x_wconf 89' lang='lat' dir='ltr'><strong>Dei</strong></span> <span class='ocrx_word' id='word_1_889' title='bbox 2104 5533 2312 5588; x_wconf 86' lang='lat' dir='ltr'><strong>cultum</strong></span> <span class='ocrx_word' id='word_1_890' title='bbox 2359 5530 2695 5597; x_wconf 80' lang='lat' dir='ltr'><strong>proﬁteatur.</strong></span> <span class='ocrx_word' id='word_1_891' title='bbox 2729 5528 3036 5596; x_wconf 85' lang='lat' dir='ltr'><strong>Quinetiam</strong></span> <span class='ocrx_word' id='word_1_892' title='bbox 3085 5530 3172 5584; x_wconf 87' lang='lat' dir='ltr'><strong>hic</strong></span> <span class='ocrx_word' id='word_1_893' title='bbox 3220 5529 3362 5585; x_wconf 89' lang='lat' dir='ltr'><strong>idem</strong></span> <span class='ocrx_word' id='word_1_894' title='bbox 3403 5528 3546 5586; x_wconf 82' lang='lat' dir='ltr'><strong>Deus</strong></span> 
     </span>
    </p>
   </div>
   <div class='ocr_carea' id='block_1_120' title="bbox 1973 5619 3539 5692">
    <p class='ocr_par' dir='ltr' id='par_1_120' title="bbox 1973 5619 3539 5692">
     <span class='ocr_line' id='line_1_120' title="bbox 1973 5619 3539 5692; baseline -0.005 -11"><span class='ocrx_word' id='word_1_895' title='bbox 1973 5638 2180 5688; x_wconf 88' lang='lat' dir='ltr'><strong>noster,</strong></span> <span class='ocrx_word' id='word_1_896' title='bbox 2206 5632 2466 5692; x_wconf 90' lang='lat' dir='ltr'><strong>tanquam</strong></span> <span class='ocrx_word' id='word_1_897' title='bbox 2497 5623 2545 5677; x_wconf 93' lang='lat' dir='ltr'><strong>is</strong></span> <span class='ocrx_word' id='word_1_898' title='bbox 2567 5622 2658 5692; x_wconf 92' lang='lat' dir='ltr'><strong>qui</strong></span> <span class='ocrx_word' id='word_1_899' title='bbox 2683 5624 2755 5677; x_wconf 90' lang='lat' dir='ltr'><strong>sit</strong></span> <span class='ocrx_word' id='word_1_900' title='bbox 2790 5621 2878 5676; x_wconf 87' lang='lat' dir='ltr'><strong>Dei</strong></span> <span class='ocrx_word' id='word_1_901' title='bbox 2904 5619 3164 5683; x_wconf 69' lang='lat' dir='ltr'><strong>Verbum,</strong></span> <span class='ocrx_word' id='word_1_902' title='bbox 3204 5639 3223 5672; x_wconf 81' lang='grc' dir='ltr'><strong>ι</strong></span> <span class='ocrx_word' id='word_1_903' title='bbox 3249 5620 3539 5690; x_wconf 83' lang='lat' dir='ltr'><strong>judicium,</strong></span> 
     </span>
    </p>
   </div>
   <div class='ocr_carea' id='block_1_121' title="bbox 1976 5713 3544 5792">
    <p class='ocr_par' dir='ltr' id='par_1_121' title="bbox 1976 5713 3544 5792">
     <span class='ocr_line' id='line_1_121' title="bbox 1976 5713 3544 5792; baseline -0.005 -14"><span class='ocrx_word' id='word_1_904' title='bbox 1976 5722 2176 5792; x_wconf 89' lang='lat' dir='ltr'><strong>mquit,</strong></span> <span class='ocrx_word' id='word_1_905' title='bbox 2229 5718 2407 5775; x_wconf 69' lang='lat' dir='ltr'><strong>reddit</strong></span> <span class='ocrx_word' id='word_1_906' title='bbox 2456 5727 2510 5773; x_wconf 89' lang='lat' dir='ltr'><strong>et</strong></span> <span class='ocrx_word' id='word_1_907' title='bbox 2541 5717 2754 5782; x_wconf 86' lang='lat' dir='ltr'><strong>reddet,</strong></span> <span class='ocrx_word' id='word_1_908' title='bbox 2807 5717 2923 5787; x_wconf 88' lang='lat' dir='ltr'><strong>ipse</strong></span> <span class='ocrx_word' id='word_1_909' title='bbox 2967 5717 3148 5773; x_wconf 77' lang='lat' dir='ltr'><strong>veniet</strong></span> <span class='ocrx_word' id='word_1_910' title='bbox 3199 5723 3255 5771; x_wconf 87' lang='lat' dir='ltr'><strong>et</strong></span> <span class='ocrx_word' id='word_1_911' title='bbox 3303 5713 3544 5770; x_wconf 78' lang='lat' dir='ltr'><strong>servabit</strong></span> 
     </span>
    </p>
   </div>
  </div>
