4106 6420
588 278 692 334 699

1196 276 1469 336 BUSEBll
1505 274 1994 335 CESARIENSIS
2028 274 2181 333 OPP.
2224 275 2405 333 PARS
2444 275 2510 334 ll.
2540 309 2608 319 —-—
2647 275 3149 335 APOLOGE'I‘ICA.

3745 280 3849 335 700

590 413 714 454 nos.
751 416 769 449 ι
804 393 938 451 Nam
968 403 1029 452 ut
1059 407 1145 453 est
1185 398 1241 452 in
1277 399 1506 469 psalmo,
1555 396 1649 468 qui
1684 396 1799 452 ait:
1830 414 1851 448 ι
1879 396 2046 465 Deus,
2071 396 2132 466 ju

2236 448 2237 453 η
2261 393 2353 448 Διὸ
2380 395 2582 450 καὶτὸν
2606 397 2793 468 καιρὸν
2814 388 2917 467 τῆς
2941 396 3242 469 παρουσίας
3265 395 3454 460 αὐτοῦ,
3476 395 3670 467 καιρὸν
3689 396 3854 449 ἀντα-

591 489 796 545 dicium
843 496 996 543 tuum
1045 487 1159 560 regi
1206 488 1274 543 da
1296 489 1364 554 ",
1396 508 1415 541 ι
1473 494 1641 559 utque
1683 497 1768 544 est
1808 488 1864 542 in
1913 487 2165 543 doctrina

590 577 927 647 evangelica,
961 578 1018 632 in
1056 593 1164 649 qua
1211 577 1345 634 illud
1390 578 1599 634 dictum
1646 588 1729 635 est
1761 598 1774 634 :
1808 598 1827 631 ι
1856 577 2019 633 Pater
2053 593 2163 633 non

585 668 798 740 judicat
816 669 1148 739 quempiam,
1164 669 1258 726 sed
1271 686 1433 726 omne
1444 670 1711 740 judicium
1732 670 1878 725 dedit
1901 669 2041 726 Filio
2055 670 2123 736 ’°,
2136 689 2155 722 ι

588 771 813 836 accepta
855 779 886 817 a
914 764 1074 820 Patre
1096 764 1382 833 iudicandi
1420 771 1708 835 potestate.
1733 764 1864 819 dum
1895 765 2044 834 juste
2069 766 2161 835 ju—

587 856 756 922 dicat,
788 855 988 927 populo
1017 855 1236 926 quidem
1265 856 1332 910 ad
1355 856 1830 912 circumcisionem
1866 858 2156 928 spectanti,

586 963 689 1018 pro
719 948 786 1003 iis
813 963 936 1018 quae
960 954 1014 1003 et
1045 948 1100 1002 in
1135 948 1380 1018 seipsum
1404 955 1459 1003 et
1492 948 1548 1002 in
1569 948 1863 1018 prophetas
1884 965 2016 1004 suos
2038 950 2156 1006 ausi

585 1046 737 1103 sunt,
769 1045 1046 1103 meritum,
1082 1038 1522 1109 conveniensque
1547 1039 1874 1109 supplicium
1907 1042 2157 1111 assignac

580 1130 681 1197 vit,
712 1145 904 1184 omnes
938 1137 1119 1183 autem
1153 1129 1400 1194 omnino,
1434 1129 1526 1199 qui
1568 1130 1636 1186 ad
1673 1134 1851 1200 ipsum
1907 1145 2157 1186 accesse-

581 1230 711 1276 runt
739 1222 990 1276 homines
1017 1236 1080 1275 ex
1116 1236 1273 1290 aequo
1304 1227 1364 1274 ut
1383 1220 1594 1291 justum
1623 1229 1729 1287 est,
1763 1223 2109 1278 conservavit
2135 1240 2152 1277 :

580 1328 814 1383 quorum
848 1312 1035 1383 utique
1072 1321 1125 1368 et
1163 1328 1325 1367 aures
1359 1321 1414 1367 et
1458 1306 1649 1369 oculos
1683 1315 1882 1370 mentis
1914 1317 2148 1386 aperuit.

578 1403 850 1472 Quocirca
884 1413 1103 1474 tempus
1144 1403 1293 1459 illius
1329 1404 1613 1470 adventus,
1659 1412 1876 1477 tempus
1911 1406 2153 1462 retribu-

576 1494 745 1550 tionis
774 1494 1018 1549 divinum
1052 1501 1208 1549 vocat
1244 1494 1552 1557 oraculum,
1594 1495 1739 1566 quod
1779 1496 1836 1550 in
1863 1496 1986 1553 aliis
2020 1497 2150 1553 item

577 1590 657 1644 sic
680 1588 755 1642 ait
784 1606 797 1644 :
830 1606 849 1639 ι
881 1585 1090 1641 Vocare
1111 1601 1316 1641 annum
1345 1585 1562 1642 Domini
1596 1594 1902 1658 acceptum,
1928 1597 1983 1644 et
2003 1589 2149 1645 diem

574 1679 958 1737 retributionis
982 1680 1048 1734 “.
1084 1698 1102 1731 ι
1131 1676 1305 1734 Porro
1326 1679 1431 1734 hoc
1466 1679 1568 1734 fuit
1596 1680 1974 1736 retributionis
2005 1688 2146 1737 tem-

2267 487 2539 552 ποδόσεως
2559 490 2588 542 6
2614 488 2753 553 θεῖος
2778 488 3045 543 ἀποκαλεί
3068 488 3243 559 λόγος,
3271 490 3327 542 ἐν
3360 489 3568 562 ἑτέροις
3598 488 3845 558 φάσκωνο

2270 597 2290 630 ι
2316 578 2558 633 Καλέσαι
2582 580 2827 634 ἐνιαυτὸν
2850 578 3056 653 Κυρίου
3080 580 3287 646 δεκτὸν,
3322 580 3419 633 καὶ
3440 579 3655 651 ἡμέραν
3680 581 3848 634 αντα-ο

2264 667 2553 731 ποδόσεως.
2591 688 2610 720 ι
2648 663 2816 732 Οὗτος
2857 669 2914 722 δὲ
2950 664 3020 741 ἦν
3055 670 3249 740 καιρὸς
3280 670 3379 741 τῆς
3412 668 3844 738 ἀνταποδόσεως,

2261 757 2356 810 καὶ
2387 756 2508 810 καθ’
2538 758 2597 811 ὃν
2630 760 2738 812 πᾶν
2784 754 2924 830 αἷμα
2967 758 3198 830 ἐκχυθὲν
3244 760 3354 813 ἀπὸ
3394 761 3629 831 αἵματος
3679 760 3843 816 ’Δὸελ

2260 847 2365 912 ἕως
2388 848 2617 920 αἵματος
2650 849 2939 922 Ζαχαρίου,
2988 852 3081 905 καὶ
3127 850 3291 904 αὐτοῦ
3324 868 3389 920 γε
3421 850 3515 904 τοῦ
3546 851 3733 922 τιμίου
3758 853 3841 906 αἴ-

2262 958 2430 1012 ματος
2482 939 2677 1013 Ἰησοῦ,
2714 941 3048 1013 ἐκδεδίκηται
3085 942 3193 996 άπὸ
3233 942 3335 1013 τῆς
3374 944 3569 1011 γενεᾶς
3610 943 3721 996 τῶν
3761 947 3842 1009 εἰς

2258 1032 2421 1085 αὐτὸν
2455 1031 3020 1103 πεπλημμεληκότων,
3061 1032 3137 1096 ὡς
3161 1033 3221 1099 ἐξ
3244 1033 3457 1087 ἐκείνου
3489 1033 3581 1088 τὸν
3614 1033 3839 1105 ἔσχατον

2256 1124 2452 1187 αὐτοὺς
2488 1124 2779 1194 ὑπομεῖναι
2821 1124 3062 1196 ὀλεθρον,
3103 1125 3196 1177 καὶ
3226 1124 3325 1196 τὴν
3355 1125 3592 1197 ἐσχάτην
3616 1127 3837 1198 πολιορ-

2255 1217 2402 1270 κίαν.
2432 1216 2541 1269 Καὶ
2572 1218 2604 1287 ἡ
2644 1217 2742 1286 μὲν
2775 1216 2892 1270 κατ’
2917 1216 3155 1280 ἐκείνους
3182 1216 3358 1289 κρίσις
3378 1218 3633 1289 τοιαύτην
3653 1219 3840 1291 ἐποιή-

2256 1327 2385 1365 σατο
2418 1310 2539 1363 κατ’
2578 1307 2756 1363 αὐτῶν
2788 1310 2887 1380 τὴν
2927 1309 3298 1363 ἀνταπόδοσιν·
3328 1309 3409 1362 διό
3440 1328 3604 1381 φησιν
3638 1312 3672 1383 ἡ
3701 1328 3837 1383 προ-

2253 1401 2469 1473 φητεία’
2496 1419 2515 1452 ι
2557 1401 2687 1455 Ἰδοὺ
2712 1404 2740 1455 6
2764 1401 2895 1464 Θεὸς
2918 1402 3075 1474 ἡμῶν
3094 1401 3274 1474 κρίσιν
3299 1402 3692 1457 ἀνταποδίδωσι
3743 1405 3839 1458 καὶ

2251 1491 2640 1548 ἁνταποδώσει.
2678 1512 2696 1545 ι
2738 1493 2802 1546 Ἡ
2843 1493 2901 1547 δὲ
2926 1494 3057 1566 περὶ
3087 1494 3196 1548 τῶν
3224 1494 3291 1546 δι’
3323 1494 3488 1549 αὑτοῦ
3519 1495 3838 1567 σωθησομέ-

2250 1603 2356 1639 νων
2385 1585 2513 1656 ἐξῆς
2542 1584 2795 1656 δηλοῦται
2835 1584 2925 1639 διὰ
2954 1585 3050 1639 τοῦ
3069 1602 3082 1616 ο
3115 1606 3133 1637 ι
3161 1586 3335 1650 Αύτὸς
3368 1586 3508 1657 ἥξει,
3543 1589 3639 1641 καὶ
3670 1586 3836 1641 σώσει

2250 1679 2416 1750 ἡμᾶς.
2445 1678 2580 1731 Τότε
2609 1677 3018 1750 άνοιχθήσονται
3043 1678 3312 1749 ὀφθαλμοὶ
3337 1678 3576 1749 τυφλῶν,
3602 1681 3699 1735 καὶ
3718 1674 3839 1737 ὦτα

573 1788 698 1844 pus,
740 1773 797 1827 in
835 1787 944 1843 quo
1000 1773 1180 1827 omnis
1230 1771 1514 1844 sanguinis
1563 1771 1742 1837 ell'usi,
1795 1787 1826 1827 a
1878 1772 2134 1844 sanguine

2247 1746 2447 1839 κωφῶν
2492 1746 2839 1834 ἀκούσονται,
2884 1788 2904 1823 ι
2936 1746 3133 1826 καὶτὰ
3173 1746 3321 1841 ἑξῆς.
3371 1746 3585 1842 Ταύτην
3630 1773 3689 1827 δὲ
3732 1774 3837 1844 τὴν

570 1860 727 1923 Abel,
770 1875 943 1929 usque
990 1860 1058 1913 ad
1111 1860 1434 1931 sanguinem
1488 1859 1795 1929 Zachariae,
1846 1869 1901 1918 et
1961 1863 2143 1933 ipsum

571 1951 873 2020 pretiosum
922 1950 1247 2020 sanguinem
1294 1949 1449 2016 Jesu,
1480 1952 1618 2007 ultio
1668 1960 1885 2024 sumpta
1933 1962 2038 2019 est,
2089 1961 2146 2010 et

569 2041 897 2112 supplicium
945 2042 1013 2096 de
1047 2042 1264 2096 illorum
1312 2044 1552 2107 natione,
1606 2046 1700 2115 qui
1734 2046 1789 2099 in
1821 2046 1972 2100 illum
2015 2060 2146 2116 pec-

566 2143 851 2200 caverunt,
882 2150 1056 2204 usque
1084 2136 1241 2200 adeo,
1278 2143 1337 2190 ut
1365 2152 1429 2192 ex
1477 2138 1571 2193 illo
1613 2150 1914 2194 extremum
1953 2140 2144 2194 interi-

568 2234 682 2280 tum
709 2237 1119 2299 extremamque
1140 2233 1498 2287 vastationem
1526 2232 1871 2300 pertulerint.
1900 2231 1965 2286 Et
1992 2231 2140 2303 quod

563 2318 783 2391 quidem
826 2321 895 2376 ad
940 2321 1064 2377 illos
1104 2324 1339 2393 pertinet
1385 2322 1682 2393 judicium,
1726 2324 1893 2380 talem
1946 2333 2139 2380 contra

561 2410 687 2467 illos
719 2412 1129 2469 retributionem
1171 2414 1419 2468 molitum
1454 2421 1579 2468 est:
1606 2429 1671 2468 ex
1710 2429 1821 2485 quo
1848 2415 2136 2486 prophetia

561 2500 643 2558 sic
673 2503 749 2556 ait
774 2521 788 2558 :
817 2521 837 2554 ι
867 2504 1007 2560 Ecce
1033 2503 1173 2561 Deus
1204 2513 1395 2560 noster
1415 2503 1685 2574 judicium
1722 2506 1902 2561 reddit
1932 2513 1989 2562 et
2012 2506 2139 2562 red-

557 2592 670 2650 det.
706 2612 727 2646 ι
783 2579 939 2662 Quod
986 2613 1116 2652 vero
1160 2598 1228 2653 ad
1270 2598 1395 2653 illos
1439 2605 1683 2668 spectat,
1738 2601 1832 2669 qui
1884 2601 2136 2657 servandi

556 2693 707 2751 sunt,
740 2686 795 2742 in
842 2689 1202 2759 sequentibus
1232 2690 1530 2754 indicatur,
1579 2691 1690 2746 illis
1718 2692 1904 2747 verbis
1929 2712 1942 2747 :
1969 2711 1988 2744 ‹
2016 2693 2137 2763 Ipse

555 2776 758 2843 veniet,
792 2785 845 2833 et
874 2779 1116 2835 servabit
1150 2795 1252 2835 nos
1279 2798 1293 2834 :
1320 2788 1453 2834 tunc
1501 2780 1819 2852 aperientur
1846 2780 1988 2835 oculi
2024 2795 2130 2835 ete-

554 2879 768 2930 corum,
805 2874 859 2922 et
900 2880 1061 2924 aures
1094 2869 1385 2923 surdorum
1431 2870 1672 2935 audient,
1711 2889 1729 2922 ι
1766 2877 1819 2925 et
1871 2886 1994 2941 quae
2039 2886 2128 2926 se-

2250 1862 2517 1932 σωτήριον
2569 1862 2750 1934 κρίσιν
2796 1862 2890 1916 καὶ
2941 1862 3076 1935 ἄλλη
3127 1864 3432 1935 προφητεία
3474 1863 3702 1928 ἐξοίσειν
3742 1865 3836 1919 τὸν

2246 1954 2480 2026 Χριστὸν
2502 1954 2894 2024 ἐπαγγέλλεται
2927 1956 3230 2026 φάσκουσα*
3265 1976 3284 2008 ι
3323 1957 3453 2011 Ἰδοὺ
3485 1960 3514 2011 ό
3540 1962 3666 2023 παῖς
3701 1977 3831 2030 μου,

2246 2046 2609 2119 άντιλήψομαι
2632 2048 2819 2102 αὐτοῦ’
2851 2049 2880 2101 ό
2914 2048 3168 2112 ἐκλεκτός
3192 2066 3317 2119 μου,
3345 2050 3707 2121 προσεδέξατο
3726 2053 3831 2106 αύ-

2242 2139 2333 2192 τὸν
2355 2141 2387 2211 ἡ
2419 2140 2563 2212 ψυχή
2602 2158 2721 2212 μουο
2753 2142 2932 2214 κρίσιν
2958 2144 3071 2206 τοῖς
3097 2140 3306 2195 ἔθνεσιν
3330 2143 3544 2210 ἐξοίσει.
3580 2163 3598 2195 ι
3623 2146 3713 2199 Διὸ
3733 2146 3831 2200 καὶ

2243 2231 2375 2303 περὶ
2402 2230 2496 2284 τοῦ
2523 2231 2691 2302 λόγου
2723 2232 2823 2304 τῆς
2855 2232 3049 2303 καινῆς
3077 2232 3351 2306 Διαθήκης
3380 2234 3614 2306 εἴρηται·
3656 2254 3675 2285 ι
3732 2236 3830 2289 Ἐκ

2240 2321 2349 2394 γὰρ
2393 2321 2531 2376 Σιὼν
2577 2322 2920 2390 ἐξελεύσεται
2967 2325 3154 2395 νόμος,
3196 2326 3292 2379 καὶ
3331 2325 3489 2395 λόγος
3529 2326 3737 2397 Κυρίου
3765 2324 3829 2393 ἐξ

2250 2412 2627 2486 Ἰερουσαλὴμ,
2645 2416 2738 2469 καὶ
2762 2418 2942 2487 κρινεῖ
2963 2416 3067 2470 ἀνὰ
3095 2416 3259 2489 μέσον
3283 2417 3393 2472 τῶν
3423 2417 3659 2489 ἐθνῶν.)
3684 2419 3827 2488 Κρί-

2237 2523 2319 2560 σει
2352 2506 2461 2579 γὰρ
2493 2506 2615 2578 θεία
2658 2509 2751 2561 καὶ
2789 2508 2969 2578 λόγοις
3013 2509 3145 2581 ἡμῖν
3175 2510 3455 2583 ἀρρήτοις,
3495 2511 3690 2565 καὶτὰ
3717 2511 3825 2581 τῆς

2234 2597 2478 2671 κλήσεως
2510 2599 2623 2653 τῶν
2668 2602 2751 2663 εἰς
2792 2600 2954 2655 αὑτὸν
2994 2601 3430 2674 ἐπιστρεφόντων
3472 2604 3619 2668 είκὸς
3656 2603 3822 2657 αὐτὸν

2231 2691 2495 2764 ἐνεργεῖν.
2537 2691 2697 2746 Ἀλλὰ
2730 2694 2826 2747 καὶ
2852 2694 2948 2764 τὴν
2976 2692 3128 2747 θείαν
3155 2694 3423 2750 διδάσκων
3444 2696 3593 2767 ἡμᾶς
3613 2696 3819 2767 κρίσιν,

2233 2784 2328 2836 καὶ
2354 2784 2529 2837 πάντα
2548 2785 2887 2858 κεκριμένως
2914 2786 3061 2857 ἡμᾶς
3092 2788 3351 2859 πράττειν
3378 2788 3671 2853 παιδεύων,
3692 2788 3817 2862 κρί-

2236 2890 2321 2928 σιν
2348 2876 2461 2938 τοῖς
2492 2874 2698 2929 ἔθνεσιν
2729 2875 2957 2941 ἐξοίσειν
2988 2877 3225 2947 λέγεται.

554 2966 820 3028 quuntur.
844 2959 959 3016 Iloc
988 2977 1117 3017 vero
1140 2962 1380 3018 salutare
1408 2962 1679 3032 judicium
1705 2981 1734 3018 a
1764 2964 1986 3022 Christo
2008 2982 2130 3023 esse
2167 2968 2581 3039 proferendum,
2612 2972 2720 3025 alia
2777 2988 2994 3043 quoque
3013 2975 3297 3046 praphetia
3326 2975 3634 3040 denuntiat,
3695 2991 3819 3048 qua:

553 3054 635 3109 sic
679 3055 755 3108 ait
781 3075 793 3109 :
816 3055 981 3128 5.50
1014 3076 1032 3108 ι
1062 3057 1203 3113 Ecce
1232 3073 1370 3127 puer
1397 3074 1575 3119 meus.
1625 3062 1924 3132 suscipiam
1960 3078 2083 3117 eum
2114 3082 2127 3118 :
2167 3064 2375 3121 electus
2412 3081 2587 3131 meus,
2625 3068 2867 3138 suscepit
2903 3083 3029 3123 eum
3095 3069 3276 3123 anima
3321 3085 3441 3124 mea
3500 3088 3515 3124 :
3540 3068 3817 3139 judicium

552 3146 809 3217 gentibus
829 3148 1067 3217 proferet
1087 3151 1156 3204 “.
1190 3168 1209 3201 ι
1245 3148 1486 3205 Proinde
1544 3153 1711 3207 etiam
1747 3157 1815 3207 de
1843 3154 2013 3208 verbo
2035 3153 2172 3211 Novi
2212 3154 2551 3213 Testamenti
2595 3157 2803 3213 dictum
2852 3167 2977 3214 est:
3013 3177 3032 3211 ι
3094 3157 3172 3215 De
3220 3158 3352 3215 Sion
3391 3143 3580 3216 exibit.
3606 3162 3712 3225 lex,
3759 3175 3819 3221 et

548 3239 776 3295 verbum
829 3239 1044 3296 Domini
1090 3242 1156 3297 de
1198 3241 1524 3309 Jerusalem,
1574 3253 1629 3300 et
1666 3244 1939 3315 judicabit
1978 3247 2123 3302 inter
2159 3262 2352 3319 gentes
2374 3251 2442 3304 “.
2512 3269 2530 3302 ι
2565 3248 2759 3305 Divino
2788 3251 2931 3305 enim
2955 3250 3187 3321 judicio,
3249 3252 3674 3323 rationibusque
3708 3268 3814 3308 no-

548 3329 636 3385 bis
678 3332 911 3387 occultis
951 3344 1117 3404 atque
1168 3335 1535 3393 ineﬂahilibus
1565 3354 1628 3393 ea
1659 3355 1779 3409 qua:
1844 3340 1913 3395 ad
1957 3344 2293 3398 vocationem
2357 3343 2632 3415 pertinent
2692 3358 2906 3409 eorum,
2947 3344 3042 3416 qui
3076 3344 3145 3399 ad
3172 3344 3350 3416 ipsum
3391 3355 3811 3412 convertuntur,

547 3423 933 3501 administrare
1002 3428 1156 3483 illum
1199 3446 1298 3501 par
1343 3441 1449 3489 est.
1518 3432 1662 3500 Quin
1709 3436 1873 3490 etiam
1918 3434 2047 3491 dum
2090 3452 2194 3494 nos
2233 3437 2477 3492 divinum
2533 3438 2690 3494 docet
2730 3438 3021 3509 judicium,
3063 3438 3304 3511 dumque
3354 3447 3415 3496 ut
3460 3442 3642 3497 omnia
3683 3457 3810 3498 cum

529 3518 750 3589 judicio
780 3520 1069 3590 faciamus,
1108 3525 1366 3592 instituit,
1387 3528 1656 3597 judicium
1687 3530 1943 3602 gentibus
1980 3530 2184 3587 dicitur
2210 3532 2541 3604 prolaturus.

2147 3659 2190 3714 ο
2236 3649 2367 3705 Ἀπὸ
2398 3648 2505 3704 τοῦ
2530 3650 2736 3705 αὐτοῦ.
2792 3681 2860 3719 -μ
2879 3649 3019 3717 Περὶ
3064 3649 3184 3703 τῶν
3211 3649 3480 3718 σημείων⁸
3509 3650 3605 3704 καί
3638 3649 3807 3719 τερά-

614 3636 693 3690 Ab
713 3638 911 3695 eadem.
942 3671 1011 3681 —
1032 3641 1111 3697 De
1134 3643 1301 3716 signis
1333 3656 1381 3699 cl
1421 3646 1679 3717 prodigiis
1714 3664 1832 3719 quae
1859 3647 2047 3704 edidit.
2147 3659 2190 3714 c
2236 3649 2367 3705 Ἀπὸ
2398 3648 2505 3704 τοῦ
2530 3650 2765 3739 acroi):
2792 3681 2860 3739 -ετ
2879 3649 3204 3739 Πιερίῃ-τῷν]

2651 3738 2788 3785 των,
2820 3736 2908 3774 ων
2930 3736 3380 3795 κατειργάσατο⁹

618 3835 638 3869 ι
670 3816 824 3874 Tunc
863 3820 1140 3878 manifesti
1173 3835 1334 3879 erunt
1364 3825 1457 3896 qui
1493 3825 1713 3897 signant
1758 3836 1812 3884 et
1855 3828 2121 3883 claudunt

2356 3832 2488 3888 Τότε
2509 3834 2733 3905 φανεροὶ
2756 3832 2970 3888 ἔσονται
2989 3833 3039 3886 οἱ
3064 3816 3488 3905 σφραγιζόμενοι
3509 3830 3601 3887 τὸν
3618 3831 3805 3903 νόμον,

539 3905 737 3977 legem,
764 3924 832 3964 ne
853 3909 1089 3967 discant.
1122 3913 1346 3969 Etdicet
1375 3933 1389 3969 :
1422 3915 1769 3986 Exspectabo
1805 3918 1999 3983 Deum,
2023 3920 2117 3989 qui

2236 3924 2316 3978 τοῦ
2353 3924 2427 3997 μὴ
2463 3926 2669 3996 μαθεῖν,
2720 3926 2831 3979 Καὶ
2874 3927 3018 3997 ἐρεῖ·
3049 3925 3212 3979 Μενῶ
3242 3924 3333 3977 τὸν
3366 3925 3517 3990 Θεὸν,
3547 3925 3652 3979 τὸν.
3668 3926 3809 3980 ἀπο-

539 4000 740 4054 avertit
786 3999 981 4058 faciem
1021 4019 1176 4059 suam
1227 4021 1257 4061 a
1293 4008 1456 4064 domo
1503 4008 1695 4077 Jacoh,
1746 4022 1799 4065 et
1837 4011 2117 4068 conﬁdens

2236 4017 2529 4089 στρέψαντα
2548 4018 2607 4070 τὸ
2634 4018 2921 4090 πρόσωπον
2950 4016 3116 4070 αὑτοῦ
3150 4016 3258 4070 ἀπὸ
3283 4014 3378 4069 τοῦ
3400 4016 3551 4069 οἴκου
3584 4015 3801 4082 Ἰακὼϐ,

536 4106 634 4147 ero
668 4095 723 4147 in
768 4093 908 4164 ipso.
961 4096 1103 4154 Ecce
1142 4114 1241 4171 ego
1287 4111 1342 4156 et
1387 4105 1563 4173 pueri,
1597 4120 1736 4175 quos
1786 4105 1917 4158 mihi
1966 4106 2117 4161 dedit

536 4182 699 4241 Deus.
747 4185 812 4240 Et
841 4199 1005 4244 erunt
1050 4190 1205 4261 signa
1252 4201 1304 4248 et
1352 4195 1598 4267 prodigia
1648 4198 1704 4253 in
1732 4197 1899 4253 Israel
1928 4214 1960 4252 a
2007 4198 2114 4253 Do-

534 4277 684 4332 mino
728 4276 992 4345 Sabaoth,
1048 4283 1137 4352 qui
1186 4284 1392 4339 habitat
1422 4287 1474 4341 in
1515 4296 1700 4344 monte
1746 4290 1923 4343 Sion:
1964 4299 2018 4344 et
2065 4289 2113 4344 si

532 4367 774 4425 dixerint
804 4370 875 4425 ad
902 4388 1021 4437 vos,
1054 4376 1283 4444 quaerite
1322 4376 1621 4449 Pythonas,
1668 4388 1723 4436 et
1765 4396 1882 4446 eos,
1920 4382 2013 4452 qui
2043 4383 2111 4437 de

460 4520 465 4525 .
531 4465 679 4514 terra
726 4476 890 4517 voces
932 4464 1123 4529 edunt,
1161 4467 1254 4536 qui
1299 4469 1483 4524 inania
1526 4471 1851 4541 loquuntur,
1899 4475 1995 4544 qui
2041 4473 2109 4529 de

531 4558 722 4607 ventre
750 4568 913 4609 voces
944 4555 1225 4612 emittunt.
1272 4558 1394 4614 Non
1432 4577 1567 4631 gens
1607 4562 1674 4619 ad
1707 4562 1879 4620 Deum
1912 4565 2108 4621 suum?

531 4641 663 4711 quid
707 4644 1008 4714 exquirunt
1049 4647 1118 4702 de
1172 4650 1485 4706 viventibus
1542 4667 1573 4706 a
1623 4656 1896 4711 mortuis?
1933 4656 2104 4729 legem

529 4733 675 4789 enim
696 4734 751 4789 in
792 4738 1056 4792 auxilium
1085 4739 1236 4794 dedit
1256 4741 1323 4795 “.
1358 4762 1377 4794 ›
1404 4741 1608 4800 Paulus
1637 4746 1857 4816 quidem
1885 4756 2106 4819 aposto-

532 4826 620 4883 lus
648 4828 703 4881 in
736 4828 969 4898 epistola
999 4831 1064 4887 ad
1094 4831 1374 4899 Hebraeos,
1400 4837 1580 4893 citans
1618 4838 1785 4909 hujus
1812 4840 1919 4895 loci
1941 4843 2104 4897 verba

530 4918 623 4973 illa
655 4937 669 4974 :
709 4938 727 4973 ι
761 4919 900 4976 Ecce
926 4937 1026 4994 ego
1054 4932 1107 4978 et
1144 4926 1319 4995 pueri,
1354 4943 1493 4997 quos
1530 4928 1680 4984 dedit
1719 4932 1851 4986 mihi
1876 4931 2095 4988 Βειιεε»

2222 4109 2316 4162 καὶ
2338 4107 2610 4173 πεποιθὼς
2633 4108 2828 4180 ἔσομαι
2852 4109 2938 4163 ἐπ’
2961 4107 3129 4180 αύτῷ.
3165 4108 3296 4161 Ἰδοὺ
3314 4106 3443 4177 ἐγὼ,
3473 4108 3565 4161 καὶ
3588 4109 3656 4162 τὰ
3680 4126 3804 4162 παι-

2220 4201 2309 4255 δία
2336 4202 2371 4256 ἆ
2402 4219 2491 4272 μοι
2510 4200 2708 4255 ἔδωκεν
2726 4202 2755 4253 6
2776 4201 2928 4265 Θεός.
2952 4201 3062 4255 Καὶ
3084 4200 3236 4253 ἔσται
3258 4203 3457 4271 σημεῖα
3482 4201 3576 4254 καὶ
3597 4201 3802 4271 τέρατα

2218 4295 2277 4346 ἐν
2303 4293 2382 4365 τῷ
2421 4293 2632 4367 Ἰσραὴλ
2670 4292 2820 4366 παρὰ
2847 4292 3050 4365 Κυρίου
3083 4291 3308 4346 Σαϐαὼθ
3331 4332 3345 4357 ,
3376 4292 3436 4356 ὃς
3463 4296 3711 4345 κατοικεῖ
3740 4295 3800 4346 ἐν

2218 4387 2296 4459 τῷ
2323 4387 2437 4461 ὄρει
2478 4387 2634 4441 Σιών·
2673 4387 2767 4440 καὶ
2798 4385 2892 4440 ἐὰν
2928 4386 3123 4440 είπωσι
3156 4386 3293 4458 πρὸς
3322 4386 3483 4457 ὑμᾶς’
3517 4388 3798 4458 Ζητήσατε

2216 4479 2344 4543 τοὺς
2368 4476 2858 4549 ἐγγαστριμύθους,
2899 4478 2993 4531 καὶ
3024 4479 3150 4541 τοὺς
3181 4476 3289 4531 ἀπὸ
3325 4479 3427 4549 γῆς
3465 4479 3792 4547 φωνοῦντας,
3818 4552 3821 4557 γ

2214 4571 2342 4634 τοὺς
2373 4569 2805 4639 κενολογοῦντας,
2833 4570 2883 4623 οἳ
2908 4571 2971 4623 ἐκ
2990 4570 3090 4640 τῆς
3122 4570 3325 4635 κοιλίας
3358 4570 3647 4640 φωνοῦσιν.
3679 4574 3794 4629 Οὐκ

2213 4660 2365 4724 ἔθνος
2398 4661 2533 4734 πρὸς
2557 4660 2689 4715 Θεὸν
2723 4660 2922 4727 αὐτοῦς
2957 4662 3010 4715 τί
3041 4660 3328 4734 ἐκζητοῦσι
3366 4663 3494 4734 περὶ
3521 4662 3628 4716 τῶν
3658 4662 3787 4729 ζών-

2211 4770 2320 4807 των
2344 4755 2469 4818 τοὺς
2498 4754 2752 4827 νεκρούς;
2791 4754 2953 4826 νόμον
2985 4753 3094 4827 γὰρ
3127 4756 3207 4819 εἰς
3238 4753 3488 4827 βοήθειαν
3516 4754 3733 4810 ἔδωκεν.
3768 4776 3787 4807 ι

2225 4845 2313 4898 Ἐν
2350 4849 2417 4917 τῇ
2463 4846 2601 4918 πρὸς
2645 4846 2930 4920 Ἐϐραίους
2964 4846 3218 4918 ἐπιστολῇ
3265 4848 3531 4918 παραθεὶς
3564 4851 3592 4903 6
3630 4850 3786 4903 Ἀπό-

2214 4937 2397 5002 στολος
2423 4939 2522 5011 τὴν
2550 4940 2861 5009 φάσκουσαν
2886 4939 3051 5007 λέξιν·
3082 4957 3101 4990 ι
3142 4940 3271 4993 Ἰδοὺ
3296 4939 3426 5009 ἐγὼ,
3458 4942 3550 4994 καὶ
3574 4940 3643 4995 τὰ
3665 4958 3790 4996 παι*

528 5015 848 5085 exsequitur
907 5018 1345 5087 explanationem
1410 5021 1479 5077 de
1533 5021 1796 5088 Christo,
1846 5025 2037 5081 dicens
2082 5045 2098 5082 :

2236 5029 2287 5084 ία
2319 5030 2354 5084 ἆ
2396 5048 2484 5105 μοι
2520 5031 2719 5085 ἔδωκεν
2756 5032 2785 5084 ό
2827 5032 2979 5096 Θεὸς,
3019 5052 3037 5083 ι
3075 5030 3498 5103 ἐπεξεργάζεται
3530 5035 3658 5106 περὶ
3694 5034 3789 5091 τοῦ

503 5120 554 5156 ἰ
582 5102 720 5171 Quia
760 5122 891 5178 ergo
933 5110 1086 5178 pueri
1118 5113 1663 5170 communicaverunt
1703 5117 1856 5172 carni
1887 5125 1942 5173 et
1973 5133 2106 5175 san-

2212 5124 2449 5196 Χριστοῦ
2478 5124 2668 5194 λέγων·
2707 5144 2725 5176 ι
2775 5124 2928 5178 Ἐπεὶ
2955 5121 3047 5179 οὖν
3080 5123 3150 5177 τὰ
3178 5124 3363 5178 παιδία
3395 5126 3788 5196 κεκοινώνηκεν

527 5195 702 5280 guini,
744 5210 798 5253 et
834 5200 953 5270 ipse
983 5202 1236 5258 similiter
1266 5206 1613 5277 participavit
1656 5209 1884 5275 eisdem,
1922 5220 1981 5265 ut
2007 5227 2105 5282 per

2236 5195 2436 5288 ,ἱματος
2455 5218 2550 5272 καὶ
2568 5219 2789 5289 σαρκὸς,
2820 5219 2914 5274 καὶ
2942 5218 3104 5282 αὐτὸς
3130 5218 3528 5289 παραπλησίως
3556 5221 3784 5292 μετέσχε

529 5298 758 5346 mortem
789 5294 1095 5351 destrueret
1112 5312 1238 5352 eum
1262 5299 1354 5368 qui
1382 5300 1610 5355 Labebat
1637 5302 1928 5372 imperium
1955 5320 2103 5359 mor-

2200 5309 2308 5362 τῶν
2340 5310 2539 5373 αὐτῶν,
2586 5301 2804 5364 ἵνα’διὰ
2843 5309 2936 5362 τοῦ
2974 5309 3203 5364 θανάτου
3239 5313 3562 5385 καταργήσῃ
3600 5312 3692 5365 τὸν
3724 5312 3785 5366 τὸ

526 5382 598 5437 tis
621 5383 687 5437 ”.
731 5403 749 5435 ι
787 5383 996 5443 Pueros
1037 5397 1219 5444 autem
1267 5406 1398 5447 suos
1430 5392 1533 5448 hoc
1569 5394 1625 5449 in
1670 5396 1791 5450 loco
1823 5399 2101 5467 apostolos

2243 5402 2403 5473 ράτος
2450 5402 2643 5473 ἔχοντα
2686 5403 2780 5457 τοῦ
2826 5402 3077 5458 θανάτου.
3119 5424 3138 5457 ι
3172 5382 3482 5468 Παῖδαςνδὲή
3513 5382 3679 5460 αι)τοῦ
3724 5406 3784 5458 ἐν

524 5474 792 5542 nominat,
840 5493 936 5547 per
966 5495 1105 5549 quos
1144 5479 1436 5538 Dominum
1478 5483 1719 5542 Sabaoth
1749 5488 1845 5559 qui
1890 5489 2101 5546 habitat

2236 5492 2407 5560 ούτοις
2427 5496 2553 5560 τοὺς
2585 5495 2915 5560 ἀποστόλους
2938 5495 3212 5568 ὀνομάζει,
3238 5498 3324 5567 ἐφ’
3344 5489 3420 5551 ὧν
3453 5499 3657 5571 σημεῖα
3687 5497 3780 5552 καὶ

596 5695 1016 5784 ’ἵξεαι-ἦν,
1052 5701 1107 5756 2.
1203 5706 1261 5784 ξς
1299 5704 1457 5764 Joan.
1495 5723 1563 5784 ν,
1597 5713 1686 5770 22.

528 5768 716 5826 15-19.
793 5771 840 5803 ⁸⁸
881 5771 1046 5830 llebr.
1083 5789 1157 5840 ιι,
1200 5774 1283 5831 ιι.

1793 5716 1837 5750 ’⁸
1880 5717 1984 5775 lsa.
2023 5732 2145 5786 ut,
2176 5718 2231 5776 2.

2336 5722 2382 5756 θ’
2421 5719 2525 5777 lsa.
2559 5738 2668 5779 χιιι
2692 5763 2706 5792 ,
2746 5723 2796 5780 l.
2892 5723 2941 5756 "
2980 5723 3086 5781 lsa.
3119 5738 3193 5789 ιι,
3226 5723 3339 5792 3,4.
3416 5725 3462 5759 ἐ
3497 5723 3602 5782 lsa.
3637 5739 3771 5794 vni,
