4106 6420
318 222 418 280 τοι

1222 220 1875 281 ΒΕΜΟΝΘΤΜΤΙΟΝῘΞ
1922 219 2384 279 ΕΥΔΝΟΕΙᾸΟΕ
2417 218 2549 278 LIB.
2584 219 2681 276 IX.

3454 221 3563 277 ’ΚΒ

311 344 524 415 τέρατα
548 344 609 400 ἐν
738 342 873 415 οἴκῳ
910 342 1125 416 Ἰσραὴλ
1155 343 1403 414 ποιήσειν
1432 341 1525 395 τὸν
1553 340 1757 413 Κύριον
1785 342 1885 396 Σαω

1998 341 2054 395 in
2084 349 2270 396 monte
2316 336 2470 399 Sion,
2503 338 2658 409 signa
2698 343 2752 393 et
2795 336 3042 409 prodigia
3088 337 3144 392 in
3181 336 3350 393 'domo
3389 337 3561 394 lsrael

312 435 493 499 ϐαὼθ,
528 437 621 491 τὸν
663 433 1019 490 κατοικοῦντα
1062 436 1120 488 ἐν
1157 433 1235 505 τῷ
1283 432 1400 506 δρει
1435 432 1592 495 Σιὼν,
1630 432 1888 487 διδάσκει·

312 526 546 592 τούτους
570 527 628 582 δέ
654 528 849 591 αὐτοὺς
877 526 1142 598 φανεροὺς
1170 524 1385 579 ἔσεσθαι
1409 523 1652 595 συνήθως
1673 526 1803 596 ἡμῖν
1826 522 1895 577 τά

311 619 593 692 πρόσωπα
629 617 1093 691 σφραγεζομένους
1125 619 1192 688 τῇ
1224 614 1317 670 τοῦ
1345 614 1583 688 Χριστοῦ
1619 616 1890 688 σφραγῖδι,

313 712 742 783 παιδευομένους
770 727 831 765 τε
860 706 1054 782 μηκέτι
1077 711 1167 764 τὸν
1197 709 1472 773 Μωῦσέως
1493 708 1653 780 νόμον
1691 707 1895 780 μανθά-

315 823 455 869 νειν,
482 805 563 877 τῷ
595 804 790 876 μηκέτι
814 804 1133 858 συνεστάναι
1163 802 1347 865 αὑτὸν,
1370 801 1462 856 καὶ
1484 800 1562 872 τῷ
1589 799 1679 854 τὸν
1699 800 1895 854 καλού-

318 914 485 967 μενον
533 892 679 951 οἶκον
743 894 937 951 Ἰακὼϐ
980 891 1393 964 καταλελεῖφθαι
1446 892 1551 947 ὑπὸ
1585 891 1679 946 τοῦ
1733 890 1889 945 Θεοῦ·

315 987 547 1059 ἀσαφῶς
566 988 624 1041 δὲ
648 987 799 1060 παρά
825 991 938 1052 τοῖς
966 987 1358 1059 Ἐϐδομήκοντα
1380 985 1683 1058 είρημένον·
1716 1004 1735 1036 ι
1759 984 1891 1039 Τότε

315 1081 550 1153 φανεροὶ
588 1080 801 1135 ἔσονται
831 1082 882 1134 οι
911 1079 1329 1153 σφραγιζιὴιενοι
1365 1077 1457 1131 τὸν
1495 1077 1657 1148 νόμον
1684 1074 1779 1130 τοῦ
1817 1074 1891 1148 μὴ

318 1172 537 1244 μαθεῖν.
581 1171 693 1226 Καὶ
727 1173 859 1244 ἐρεῖ·
888 1171 1052 1227 Μενῶ
1076 1171 1166 1226 τὸν
1191 1170 1323 1227 Θεὸν
1356 1169 1447 1224 τὸν
1475 1167 1892 1241 ἀποστρέψαντα

310 1263 378 1316 τὸ
398 1263 689 1335 πρόσωπον
704 1262 867 1317 αὐτοῦ
890 1263 998 1317 ἀπὸ
1012 1262 1104 1317 τοῦ
1120 1262 1268 1317 οίκου
1284 1259 1495 1326 Ἰακὼϐ,
1516 1259 1608 1315 καὶ
1621 1256 1893 1321 πεποιθὼς

310 1353 516 1424 ἔσομαι
538 1357 625 1408 ἐπ’
644 1354 807 1426 αὐτῷ.
842 1371 861 1405 ι
895 1354 1230 1426 Σαφέστερον
1260 1355 1290 1407 6
1320 1353 1611 1425 Σύμμαχος
1634 1351 1892 1416 ἐξέδωκεν

311 1445 511 1502 εἰπών·
554 1466 574 1499 ι
602 1448 773 1519 Δῆσον
815 1446 1127 1521 μαρτύριον,
1171 1447 1466 1518 σφράγισον
1501 1446 1662 1516 νόμον
1693 1446 1751 1499 ἐν
1778 1446 1892 1508 τοῖς

308 1535 650 1610 διατάγμασί
702 1555 823 1610 μου.
876 1538 986 1593 Καὶ
1025 1536 1376 1610 προσδοκήσω
1411 1535 1502 1589 τὸν
1547 1534 1750 1607 Κύριον
1798 1534 1891 1588 τὸν

308 1629 589 1699 κρυϐόντα
619 1630 680 1684 τὸ
710 1630 999 1702 πρόσωπον
1028 1628 1191 1683 αὐτοῦ
1219 1628 1326 1682 ἀπὸ
1361 1627 1456 1682 τοῦ
1485 1628 1635 1683 οίκου
1675 1626 1888 1696 Ἰακὼϐ,

309 1722 413 1775 καὶ
454 1721 704 1794 ἀναμενῶ
741 1721 920 1777 αὐτόν.
955 1740 974 1772 ι
1007 1722 1117 1775 Καὶ
1152 1721 1181 1774 6
1231 1718 1458 1783 Ἀκύλας
1483 1718 1540 1772 δὲ
1570 1718 1758 1774 τοῦτον
1796 1719 1891 1773 καὶ

309 1812 483 1878 αὐτὸς
530 1814 757 1881 ἐξέδωκε
800 1813 892 1867 τὸν
936 1813 1164 1886 τρόπον·
1211 1830 1230 1864 ι
1267 1810 1525 1882 Ἔνδησον
1574 1809 1887 1883 μαρτύριον,

312 1906 620 1979 σφράγισον
646 1906 808 1978 νόμον
835 1906 893 1960 ἐν
926 1906 1195 1968 διδακτοῖς
1231 1922 1355 1976 μου,
1408 1903 1499 1957 καὶ
1527 1901 1888 1974 προσδέξομαι

309 1998 406 2053 τὸν
448 1998 581 2052 Θεὸν
621 1998 713 2051 τὸν
741 1996 1120 2071 ἀποκρυϐόντα
1155 1997 1217 2048 τὸ
1260 1995 1548 2069 πρόσωπον
1588 1992 1751 2048 αὑτοῦ
1780 1992 1889 2047 ἀπὸ

308 2090 407 2144 τοῦ
437 2089 589 2145 οἴκου
629 2085 844 2152 Ἰακὼϐ,
872 2087 966 2141 καὶ
993 2086 1249 2157 ὑπομενῶ
1274 2086 1457 2139 αὐτόν.
1483 2105 1501 2137 ι
1526 2084 1712 2139 Ταῦτα
1730 2083 1775 2137 δ’
1794 2080 1888 2139 οῦν

306 2183 360 2235 οἱ
397 2181 493 2236 τοῦ
526 2181 775 2253 Σωτῆρος
804 2179 961 2252 ἡμῶν
995 2178 1282 2232 ἀπόστολοι
1313 2178 1651 2233 διδάσκονται
1693 2179 1885 2242 ποιεῖν,

306 2269 393 2337 οἷς
432 2272 564 2344 ἑξῆς
605 2272 865 2342 ἐπιλέγει·
896 2289 917 2323 ι
963 2271 1094 2324 Ἰδοὺ
1125 2269 1236 2339 ἐγὼ
1265 2269 1359 2324 καὶ
1385 2268 1454 2324 τὰ
1493 2268 1701 2334 παιδία,
1733 2269 1769 2323 ά
1799 2285 1889 2339 μοι

306 2365 511 2420 ἔδωκεν
540 2365 570 2418 6
602 2364 752 2429 Θεός.
786 2363 897 2419 Καὶ
934 2362 1084 2431 ἔσται
1116 2362 1199 2427 είς
1233 2363 1433 2440 σημεῖα
1464 2359 1560 2416 καὶ
1587 2359 1793 2433 τέρατα
1830 2359 1889 2413 ἐν

302 2456 387 2529 τῷ
419 2457 637 2529 Ἰσραὴλ
661 2455 809 2529 παρά
828 2455 1031 2529 Κυρίου
1051 2452 1298 2509 Σαϐαὼθ.
1326 2472 1345 2505 ι
1382 2453 1440 2507 '0
1452 2451 1548 2506 τοῦ
1563 2450 1698 2505 Θεοῦ
1717 2451 1890 2521 Λόγος

306 2550 367 2603 ἐν
388 2542 433 2617 ᾧ
464 2549 749 2619 ἀνείληφεν
778 2546 1066 2621 ἀνθρώπῳ,
1102 2547 1198 2602 καὶ
1225 2545 1326 2611 τὰς
1352 2542 1634 2618 διατριϐὰς
1665 2559 1891 2615 πεποιη-

308 2639 471 2713 μένος
502 2641 559 2692 ἐν
592 2638 670 2710 τῷ
711 2638 827 2710 δρει
860 2637 1019 2702 Σιὼν,
1072 2638 1274 2709 σημεῖά
1308 2653 1369 2689 τε
1416 2636 1512 2690 καὶ
1545 2635 1748 2706 τέρατα
1774 2632 1890 2686 δια-

305 2729 677 2801 πραξάμενος,
708 2728 842 2800 ὁμοῦ
864 2731 976 2793 τοῖς
1000 2726 1163 2782 αὐτοῦ
1189 2726 1472 2800 μαθηταῖς,
1504 2726 1598 2779 καὶ
1622 2726 1755 2779 πᾶσι
1778 2726 1888 2788 τοῖς

308 2823 391 2883 είς
416 2821 580 2875 αὐτὸν
608 2820 1025 2875 πεπιστευκόσιν
1064 2819 1123 2885 ἐξ
1156 2818 1409 2873 ἀπάντων
1436 2816 1545 2870 τῶν
1574 2816 1701 2886 πρὶν
1736 2815 1889 2869 είδω-

306 2913 583 2986 λολατρῶν
623 2912 1052 2985 παρακελεύεται
1089 2910 1281 2983 μηκέτι
1322 2908 1551 2963 δεδιέναι
1597 2906 1737 2964 κατά
1779 2923 1887 2979 μη-

304 3006 435 3060 δένα
471 3004 673 3077 τρόπον
710 3004 807 3077 τὴν
850 3003 1216 3074 δεισιδαίμονα
1267 3001 1512 3073 πλάνην·
1554 2998 1667 3053 ἀλλ’
1709 3000 1756 3052 εί
1792 3000 1886 3053 καὶ
1913 3024 1954 3081 C

307 3093 738 3167 παρασαλεύοιεν
761 3093 978 3156 αὐτοὺς,
1007 3091 1039 3163 ἢ
1061 3091 1156 3145 καὶ
1179 3090 1536 3160 ἀναγκάζοιεν
1558 3090 1609 3142 οί
1630 3086 1689 3155 ἐξ
1716 3087 1882 3141 ἐθνῶν

304 3182 687 3255 εἰδωλολάτραι
732 3180 914 3252 ζητεῖν
962 3182 1087 3243 τοὺς
1133 3177 1633 3251 ἐγγαστριμύθους,
1684 3176 1779 3232 καὶ
1814 3177 1884 3232 τὰ

303 3276 415 3330 τῶν
444 3274 711 3346 δαιμόνων
752 3275 976 3346 μαντεῖα
1008 3272 1083 3335 ὡς
1115 3270 1413 3343 θαυμάσια,
1452 3271 1544 3325 καὶ
1576 3271 1696 3324 κατ’
1731 3268 1882 3323 οὐδὲν

302 3367 561 3421 λείποντα
585 3366 687 3436 τῆς
711 3364 818 3419 τῶν
847 3362 1006 3418 θείων
1031 3363 1126 3417 καλ⁸
1151 3362 1412 3433 θεοφιλῶν
1438 3361 1646 3435 ἀνδρῶν
1673 3378 1884 3434 προφη-

303 3458 465 3528 τικῆς
491 3456 720 3527 διαίτης,
766 3456 963 3518 αὐτοὺς
988 3455 1098 3508 δεῖν
1126 3455 1517 3528 ἀποκρίνεσθαι
1562 3454 1658 3508 xui.
1703 3453 1882 3523 λέγειν

303 3547 565 3602 διδάσκει·
606 3565 624 3598 ι
666 3544 730 3600 Τί
769 3544 1057 3617 ἐκζητοῦσι
1086 3545 1213 3617 περὶ
1240 3545 1347 3598 τῶν
1380 3544 1596 3612 ζώντων
1632 3545 1759 3609 τοὺς
1791 3560 1880 3597 νε-

304 3641 505 3712 κρούς;
537 3638 699 3711 νόμον
729 3638 833 3710 γὰρ
860 3640 938 3702 είς
963 3636 1215 3709 βοήθειαν
1244 3636 1466 3703 δέδωκε,
1498 3655 1516 3689 ι
1543 3640 1637 3691 καὶ
1666 3635 1734 3691 τὰ
1760 3635 1881 3690 τού-

302 3746 417 3793 τοις
445 3727 729 3782 άκόλουθα.
765 3729 905 3793 Τοὺς
937 3728 1047 3801 γὰρ
1078 3727 1222 3794 ἅπαξ
1257 3726 1421 3799 νόμον
1463 3725 1751 3798 εἰληφότας
1786 3726 1881 3781 καὶ

308 3818 610 3890 σωτηρίους
656 3815 875 3881 ἐντολὰς
921 3818 1014 3871 ἐπὶ
1065 3815 1289 3889 βοηθείᾳ
1332 3815 1428 3870 καὶ
1475 3814 1741 3888 θεραπεία
1785 3815 1879 3869 τοῦ

306 3908 437 3961 ίδίου
468 3908 585 3979 βίου
614 3908 865 3981 περιττὸν
897 3907 1154 3979 μαντείας
1184 3905 1658 3980 πολυπραγμονεῖν
1679 3904 1767 3960 διὰ
1782 3906 1881 3978 τῆς

302 4000 624 4072 δαιμονικῆς
650 4000 868 4074 ἀπάτης
897 3999 1314 4074 ἐνεργουμένας.

316 4290 451 4347 Ἀπὸ
482 4291 588 4348 τοῦ
614 4292 822 4366 αὐτοῦ.
851 4323 924 4366 τ·-
949 4294 1089 4366 Περὶ
1121 4294 1228 4366 τοῦ
1253 4293 1342 4365 μὴ
1371 4294 1671 4366 φανητιᾷν
1700 4296 1771 4352 ἐν
1800 4296 1880 4365 τῷ

621 4363 1116 4432 παραδοξοποιεῖν
1149 4363 1268 4419 τὸν·
1285 4363 1562 4434 Χριστόν.

378 4473 398 4507 ι
442 4454 635 4511 Ἰακὼϐ
661 4456 689 4508 6
717 4459 847 4520 παῖς
869 4473 992 4528 μου,
1018 4455 1377 4528 ἀντιλήψομαι
1396 4457 1584 4512 αὐτοῦ·
1611 4459 1825 4531 Ἰσραὴλ
1847 4459 1879 4512 6

301 4548 556 4613 ἐκλεκτός
582 4565 706 4620 μου,
739 4548 1096 4621 προσεδέξατο
1124 4549 1285 4604 αὐτὸν
1311 4549 1508 4623 ἡψυχὴ
1535 4567 1656 4622 μου.
1681 4550 1877 4623 Κρίσιν

301 4644 412 4706 τοῖς
438 4640 643 4695 ἔθνεσιν
671 4640 887 4708 ἐξοίσει,
912 4643 972 4696 οὐ
999 4642 1345 4715 κεκράξεται,
1373 4643 1493 4696 οὐδὲ
1521 4644 1731 4717 ἀνήσει,
1754 4643 1874 4697 οὐδὲ

302 4732 694 4804 ἀκουσθήσεται
716 4732 872 4806 έξωή
897 4734 1048 4806 φωνὴ
1072 4734 1258 4805 αὑτοῦ.
1284 4734 1542 4807 Κάλαμον
1564 4751 1877 4809 συντετριμ-

307 4825 461 4896 μένον
484 4825 546 4878 ού
576 4824 849 4891 κατεάξει,
880 4827 975 4880 καὶ
997 4825 1138 4880 λίνον
1161 4827 1554 4899 καπνιζόμενον
1581 4829 1641 4882 ού
1670 4828 1871 4894 σϐέσει,

304 4917 416 4971 ἀλλ’
448 4918 529 4981 είς
560 4916 814 4989 ἀλήθειαν
847 4916 1043 4984 ἐξοίσει
1073 4917 1273 4989 κρίσιν,
1328 4917 1657 4989 Ἀναλάμψει
1689 4918 1784 4973 καὶ
1811 4919 1871 4972 οὐ

304 5005 721 5079 θραυσθήσεται,
744 5009 850 5074 ἓως
875 5009 942 5063 ἂν
980 5009 1045 5081 θῇ
1073 5010 1165 5062 ἐπὶ
1187 5009 1291 5081 γῆς
1323 5008 1523 5082 κρίσιν,
1554 5011 1647 5065 καὶ
1678 5011 1771 5064 ἐπὶ
1795 5009 1873 5082 τῷ

302 5096 522 5169 ὀνόματι
551 5098 717 5152 αὐτοῦ
752 5099 878 5171 ἔθνη
915 5100 1212 5157 ἐλπιοῦσιν.
1256 5102 1412 5157 Οὕτω
1440 5102 1587 5172 λέγει
1615 5104 1818 5176 Κύριος
1844 5107 1873 5159 6

302 5188 450 5254 Θεὸς,
477 5192 507 5244 6
533 5191 763 5263 ποιήσας
788 5192 878 5245 τὸν
899 5193 1143 5266 οὐρανὸν,
1172 5195 1266 5249 καὶ
1292 5195 1469 5269 πήξας
1489 5194 1669 5262 αὐτὸν,
1698 5198 1726 5250 6
1752 5213 1874 5250 στε-

304 5281 513 5355 ρεώσας
547 5283 647 5355 τὴν
689 5282 793 5356 γῆν
847 5285 945 5339 καὶ
976 5285 1046 5339 τὰ
1091 5287 1148 5341 ὲν
1182 5287 1342 5358 αὐτῇ,
1375 5289 1467 5342 καὶ
1498 5288 1674 5352 διδοὺς
1704 5287 1873 5360 πνοὴν

299 5370 378 5441 τῷ
402 5371 516 5443 λαῷ
541 5375 621 5445 τῷ
654 5376 740 5428 ἐπ’
763 5375 953 5447 αὐτῆς,
978 5376 1073 5430 καὶ
1098 5378 1315 5456 πνεῦμα
1343 5383 1458 5444 τοῖς
1487 5379 1745 5434 πατοῦσιν
1775 5381 1873 5433 αὐ-

301 5467 413 5537 τήν.
460 5467 601 5536 Ἐγὼ
636 5467 838 5542 Κύριος
868 5471 897 5523 6
926 5471 1057 5536 Θεὸς
1086 5472 1320 5527 ἐκάλεσά
1347 5490 1406 5527 σε
1446 5475 1502 5527 ἐν
1531 5473 1867 5547 δικαιοσύνῃ,

304 5557 397 5610 καὶ
433 5561 693 5630 κρατήσω
736 5560 833 5631 τῆς
871 5561 1051 5634 χειρός
1081 5580 1195 5626 σου,
1237 5565 1330 5618 καὶ
1362 5563 1626 5635 ἐνισχύσω
1662 5582 1744 5631 σε,
1776 5565 1870 5618 κα)⁵

305 5647 478 5707 ἔδωκά
500 5665 561 5703 σε
582 5652 663 5715 εἰς
683 5651 945 5725 διαθήκην
967 5654 1175 5723 γένους,
1215 5655 1295 5721 είς
1314 5655 1428 5726 φῶς
1449 5646 1638 5724 ἐθνῶν,
1662 5655 1867 5725 ἀνοῖξαι

1992 430 2266 485 editurum
2332 427 2580 493 indicat,
2643 426 2974 497 eosdemque
3029 425 3147 483 fore
3203 426 3559 493 manifestos,

1992 519 2119 575 dum
2174 534 2325 575 more
2367 525 2557 572 nostro
2611 517 2794 572 vultus
2838 516 3042 572 Christi
3091 518 3293 573 annulo
3334 518 3566 590 impres-

1992 625 2086 664 sos
2139 615 2195 663 et
2250 608 2492 677 signatos
2532 611 2759 676 gerent,
2805 608 3280 679 monebunturque
3328 624 3398 665 ne
3446 625 3565 665 am-

1993 702 2138 775 plius
2194 698 2361 756 Mosis
2421 699 2590 769 legem
2657 698 2913 762 discant,
2991 701 3189 771 quippe
3255 717 3377 772 quae
3440 718 3562 757 am-

1994 795 2139 869 plius
2178 807 2289 846 non
2349 791 2660 857 consistat,
2723 805 2791 846 eo
2829 791 2978 863 quod
3024 808 3145 864 quae
3200 802 3428 850 vocatur
3473 794 3565 851 do-

1994 900 2118 939 mus
2163 881 2368 945 Jacob,
2428 896 2458 935 a
2516 880 2626 935 Deo
2677 882 2870 936 relicta
2936 883 3026 937 sit.
3082 882 3220 938 Cum
3276 886 3408 942 vero
3459 886 3562 943 ob-

1992 974 2212 1031 scurius
2239 972 2382 1045 apud
2413 971 2551 1026 LXX
2582 972 2788 1028 dictum
2821 973 2895 1027 sit
2934 973 3065 1029 illud
3096 992 3110 1029 :
3148 994 3168 1027 ι
3197 974 3351 1032 Tunc
3383 978 3565 1032 mani-

1992 1064 2117 1120 festi
2133 1072 2296 1120 erunt
2316 1063 2407 1134 qui
2441 1063 2661 1134 signant
2685 1070 2740 1118 et
2760 1064 3021 1119 claudunt
3042 1066 3211 1137 legem
3233 1082 3303 1122 ne
3323 1068 3558 1124 discant.

1992 1151 2151 1225 451
2184 1150 2251 1206 Ει
2286 1152 2470 1206 dicet:
2514 1150 2855 1223 Exspectabo
2894 1152 3064 1209 Deum
3104 1157 3198 1226 qui
3238 1158 3432 1213 avertit
3473 1158 3560 1212 fa-

1992 1245 2132 1299 ciem
2160 1258 2314 1298 suam
2341 1259 2369 1297 a
2399 1243 2561 1299 domo
2586 1242 2788 1310 Jacob,
2822 1252 2877 1301 et
2903 1245 3183 1303 conlidens
3208 1262 3303 1303 ero
3330 1250 3384 1303 in
3410 1264 3497 1305 eo.
3533 1267 3554 1302 ι

1989 1333 2214 1390 Planius
2241 1335 2381 1391 idem
2409 1335 2643 1393 reddidit
2667 1335 3028 1409 Symmachus
3049 1338 3136 1393 his
3158 1340 3364 1395 verbis:
3389 1358 3409 1392 ι
3428 1339 3559 1411 Liga

1989 1426 2366 1481 testimonium
2388 1465 2405 1488 ,
2441 1426 2599 1499 signa
2628 1428 2801 1499 legem
2834 1432 2890 1483 in
2922 1430 3362 1487 ordinationibus
3398 1433 3558 1489 meis.

1992 1512 2059 1569 Et
2084 1516 2414 1586 exspectabo
2441 1514 2729 1572 Dominum
2754 1519 2847 1587 qui
2870 1519 3157 1574 abscondit
3180 1518 3374 1581 faciem
3399 1536 3558 1576 suam

1990 1623 2019 1661 a
2054 1607 2215 1663 domo
2244 1606 2414 1665 Jacob
2433 1649 2448 1674 ,
2481 1616 2535 1665 et
2566 1610 2898 1679 exspectabo
2931 1611 3130 1681 ipsum.
3160 1629 3180 1663 ι
3205 1611 3401 1680 Aquila
3430 1627 3561 1667 vero

1990 1700 2153 1755 etiam
2193 1700 2310 1770 ipse
2347 1702 2402 1756 in
2441 1700 2590 1756 hunc
2628 1701 2850 1756 modum
2890 1702 3199 1759 convertit:
3227 1719 3247 1755 ι
3278 1701 3428 1773 llliga
3487 1710 3564 1758 te-

1990 1791 2306 1847 stimonium
2329 1833 2344 1857 ,
2372 1793 2528 1865 signa
2551 1793 2723 1864 legem
2752 1794 2806 1847 in
2838 1792 3169 1849 docibilibus
3200 1794 3367 1856 meis,
3391 1802 3446 1848 et
3471 1809 3564 1849 as-

1989 1897 2201 1939 sumam
2230 1881 2399 1938 Deum
2438 1884 2533 1954 qui
2572 1884 2859 1940 abscondit
2899 1883 3090 1939 faciem
3129 1900 3284 1939 suam
3325 1901 3355 1939 a
3393 1885 3560 1942 domo

1986 1975 2189 2042 Iacob,
2228 1984 2283 2032 et
2320 1976 2649 2047 exspectabo
2689 1976 2891 2047 ipsum.
2931 1995 2949 2028 ι
2998 1975 3125 2032 llaec
3161 1974 3329 2045 igitur
3379 1975 3560 2033 facere

1990 2068 2295 2126 Salvatoris
2323 2070 2497 2126 nostri
2532 2069 2785 2141 discipuli
2811 2069 3096 2130 docentur,
3123 2076 3246 2139 post
3267 2083 3387 2141 quae
3411 2068 3563 2123 dein-

1990 2085 2295 2126 Salvatorts
2323 2085 2497 2126 nostri
2532 2085 2785 2141 mscnpuu
2811 2085 3096 2130 uocentur,
3123 2085 3246 2139 pOSt
3305 2085 3387 2122 ua:
3411 2085 3557 2123 aem-

1987 2176 2116 2231 ceps
2142 2162 2426 2232 subjungit
2451 2180 2463 2215 :
2496 2179 2514 2212 ι
2540 2159 2680 2216 Ecce
2705 2175 2804 2230 ego
2832 2168 2886 2215 et
2912 2161 3065 2230 pueri
3091 2175 3230 2230 quos
3255 2085 3402 2215 diedit
3423 2159 3557 2219 mihi

1988 2250 2155 2307 Deus.
2189 2250 2254 2305 Et
2281 2258 2444 2308 erunt
2469 2251 2524 2306 in
2560 2252 2715 2322 signa
2742 2259 2795 2306 et
2825 2259 3078 2322 portenta
3109 2251 3163 2306 in
3192 2250 3360 2307 Israel
3394 2265 3424 2304 a
3454 2250 3561 2305 Do-

1987 2345 2136 2401 mino
2172 2324 2574 2416 Sabaothfqui
2605 2344 2815 2399 habitat
2843 2344 2899 2399 in
2934 2353 3119 2401 monte
3149 2344 3303 2402 Sion.
3339 2365 3359 2399 ι
3383 2342 3561 2400 Porro

1987 2433 2253 2492 Dominus
2286 2434 2525 2491 Sabaoth
2547 2475 2563 2501 ,
2598 2436 2778 2508 ipsum
2812 2433 2908 2491 Dei
2942 2434 3180 2491 Verbum
3204 2476 3220 2501 ,
3268 2443 3557 2509 postquam

1987 2526 2251 2582 habitavit
2291 2528 2347 2581 in
2386 2541 2454 2582 eo
2495 2527 2751 2591 homine,
2799 2541 2961 2596 quem
3010 2526 3342 2596 assumpsit,
3395 2533 3452 2582 et
3496 2525 3557 2581 in

1986 2626 2172 2674 monte
2224 2615 2360 2673 Sion
2406 2625 2665 2674 versatus
2715 2625 2837 2682 est,
2892 2617 3160 2689 signaque
3207 2626 3262 2673 et
3304 2627 3558 2689 portenta

1985 2708 2157 2764 edidit
2181 2727 2194 2762 :
2226 2716 2339 2763 tum
2369 2724 2502 2763 vero
2529 2707 2646 2764 suis
2674 2707 2963 2778 discipulis
2983 2747 2999 2772 ,
3026 2715 3081 2763 et
3109 2707 3366 2763 omnibus
3392 2747 3406 2772 ,
3434 2711 3558 2778 qui-

1987 2814 2203 2870 cunque
2247 2807 2407 2856 antea
2451 2799 2766 2856 simulacris
2807 2799 3047 2863 addicti,
3090 2799 3145 2853 in
3185 2798 3343 2855 fidem
3383 2800 3558 2871 ipsius

1987 2891 2303 2956 venissent,
2338 2894 2632 2963 praecepit,
2664 2906 2734 2946 ne
2762 2891 3000 2962 amplius
3029 2891 3442 2961 superstitionis
3470 2906 3559 2947 er-

1987 2999 2166 3040 rorem
2195 2985 2308 3039 ullo
2349 2983 2514 3039 modo
2555 2984 2844 3048 timerent,
2891 3000 3080 3039 verum
3122 2984 3338 3054 potius,
3367 2998 3560 3054 quam-

1984 3076 2066 3132 vis
2093 3077 2245 3147 ipsos
2272 3075 2572 3147 agitarent,
2618 3082 2715 3129 aut
2758 3075 2921 3130 etiam
2956 3085 3249 3146 cogerent,
3293 3075 3386 3146 qui
3413 3075 3557 3146 apud

1982 3174 2174 3239 gentes
2206 3166 2461 3223 colebant
2508 3166 2841 3231 simulacra,
2892 3181 3139 3236 quaerere
3182 3165 3456 3238 Pythones
3503 3173 3560 3223 et

1982 3259 2206 3315 oracula
2239 3258 2547 3314 daemonum
2583 3267 2843 3329 tanquam
2884 3258 3260 3322 admirabilia,
3289 3267 3345 3313 et
3386 3259 3556 3314 nullis

1982 3352 2232 3422 partibus
2284 3348 2545 3406 inferiora
2628 3350 2941 3405 divinorum
2988 3350 3205 3422 Deoque
3250 3351 3555 3407 amicorum

1981 3444 2300 3508 hominum,
2346 3443 2668 3516 prophetico
2706 3445 2852 3508 ritu,
2892 3451 3134 3500 attamen
3170 3446 3272 3517 ipsi
3317 3445 3427 3501 illis
3467 3461 3557 3501 rc-

1979 3536 2313 3608 sponderent
2377 3553 2441 3593 ac
2504 3538 2792 3596 dicerent:
2835 3557 2853 3590 ι
2885 3538 3027 3605 Quid
3085 3539 3425 3608 interrogant
3478 3537 3555 3595 de

1982 3630 2293 3686 viventibus
2333 3632 2623 3688 mortuos?
2651 3632 2821 3704 legem
2866 3632 3011 3687 enim
3058 3631 3112 3685 in
3159 3631 3424 3686 auxilium
3466 3631 3559 3687 de:

1979 3719 2100 3776 dit:
2136 3741 2156 3773 ι
2181 3728 2237 3776 et
2276 3736 2400 3790 qua:
2438 3722 2699 3794 deinceps
2746 3732 3073 3793 sequuntur.
3116 3721 3225 3779 Eos
3266 3723 3412 3778 enim
3459 3722 3554 3793 qui

1981 3810 2148 3867 semel
2181 3818 2237 3866 et
2266 3812 2438 3883 legem
2483 3821 2538 3868 et
2593 3812 2860 3867 salutaria
2903 3820 3177 3884 praecepta
3211 3813 3278 3867 ad
3316 3812 3556 3883 propria

1980 3901 2229 3973 ipsorum
2283 3903 2410 3958 vitae
2457 3918 2619 3974 opem
2674 3912 2840 3973 atque
2892 3903 3159 3959 medelam
3208 3905 3553 3975 acceperint,

1980 3996 2203 4050 oracula
2238 3976 2384 4067 'qua:
2440 3995 2760 4051 «Immonicis
2799 3996 3088 4051 fraudibus
3146 3996 3275 4051 nixa
3332 4011 3555 4067 responv

1980 4086 2179 4151 deant,
2227 4088 2503 4157 curiosius
2552 4088 2832 4158 inquirere
2889 4102 3362 4159 supervacaneum
3440 4088 3557 4143 ina-

1980 4193 2159 4249 ncque
2189 4177 2377 4234 fuerit.

2086 4293 2163 4349 Ab
2202 4293 2398 4350 eodem.
2427 4325 2499 4335 —
2525 4294 2601 4350 De
2629 4294 2968 4350 enuntianda
3000 4304 3095 4348 aut
3125 4292 3449 4363 indicando,

2299 4364 2425 4420 dum
2467 4366 2728 4420 miracula
2765 4366 2938 4421 ederet
2968 4366 3232 4421 Christus.

2056 4479 2075 4512 ι
2102 4459 2268 4515 Iacob
2312 4476 2447 4531 puer
2476 4475 2631 4516 meus
2652 4500 2667 4524 ,
2702 4460 2999 4531 suscipiam
3035 4476 3159 4515 eum
3190 4480 3203 4514 :
3237 4459 3406 4516 Israel
3448 4458 3561 4514 ele-

1976 4560 2100 4608 ctus
2148 4568 2336 4617 meus,
2368 4553 2669 4623 assumpsit
2699 4567 2822 4607 eum
2854 4553 3037 4606 anima
3072 4567 3190 4607 mea
3226 4569 3241 4607 :
3280 4550 3549 4621 judicium

1974 4632 2229 4717 gentibus
2262 4645 2537 4716 proferet,
2571 4662 2681 4700 non
2716 4645 3008 4710 clamabit,
3057 4661 3236 4717 neque
3276 4646 3548 4711 remittet,

1974 4753 2153 4808 neque
2216 4736 2378 4810 5.52
2417 4737 2671 4794 audietur
2721 4737 2859 4794 foris
2912 4753 3018 4793 vox
3072 4737 3223 4807 ejus,
3278 4738 3550 4793 calamum

1974 4829 2272 4884 contritum
2320 4844 2428 4884 non
2480 4828 2728 4901 franget,
2783 4837 2839 4885 et
2887 4829 3061 4884 linum
3114 4828 3385 4899 fumigans
3434 4843 3547 4883 non

1972 4923 2315 4992 exstinguet,
2346 4921 2440 4978 sed
2473 4922 2528 4976 in
2561 4920 2795 4976 veritate
2826 4920 3071 4992 proferet
3113 4919 3382 4990 judicium
3403 4962 3417 4987 ,
3460 4934 3549 4975 re-

1973 5014 2280 5086 splendebit
2314 5020 2369 5071 et
2398 5031 2508 5070 non
2551 5015 3037 5086 conquassabitur,
3072 5013 3252 5068 donec
3288 5020 3458 5083 ponat
3489 5013 3547 5067 in

1974 5113 2120 5162 terra
2165 5106 2429 5177 judicium
2455 5146 2470 5171 ,
2519 5116 2574 5161 et
2611 5106 2669 5161 in
2708 5106 2932 5161 nomine
2964 5105 3086 5176 ejus
3131 5112 3321 5175 gentes
3356 5119 3546 5175 spera-

1970 5196 2130 5253 bunt.
2169 5196 2262 5253 Sic
2295 5197 2430 5253 dicit
2463 5197 2729 5253 Dominus
2762 5196 2908 5254 Deus
2941 5198 3035 5269 qui
3068 5198 3195 5254 fecit
3227 5199 3463 5263 cmlum,
3490 5202 3547 5253 et

1970 5289 2206 5345 intendit
2240 5290 2374 5351 illud
2394 5330 2410 5356 ,
2446 5290 2540 5361 qui
2576 5289 2813 5345 ﬁrmavit
2844 5298 3049 5347 terram
3081 5296 3136 5345 et
3168 5305 3233 5345 ea
3266 5304 3387 5360 qua:
3415 5297 3546 5344 sunt

1970 5381 2025 5437 in
2059 5382 2175 5453 ipsa
2198 5422 2212 5445 ,
2249 5382 2455 5454 quique
2487 5382 2583 5437 dat
2614 5381 2801 5437 flatum
2835 5382 3071 5453 populo,
3110 5381 3203 5451 qui
3233 5390 3319 5437 est
3357 5378 3411 5435 in
3445 5397 3543 5449 ea,

1967 5482 2024 5531 et
2069 5475 2323 5546 spiritum
2371 5475 2712 5532 calcantibus
2761 5490 2907 5531 eam.
2960 5474 3075 5547 Ego
3108 5473 3370 5531 Dominus
3399 5472 3546 5531 Deus

1968 5573 2097 5622 tuus
2125 5565 2312 5621 vocavi
2341 5574 2392 5621 te
2418 5566 2474 5621 in
2502 5565 2720 5636 justitia
2743 5607 2759 5633 ,
2791 5574 2847 5623 et
2880 5566 3286 5639 apprehendam
3320 5580 3542 5621 manum

1969 5664 2147 5728 tuam,
2179 5664 2233 5714 et
2263 5657 2633 5717 corroborabo
2667 5665 2720 5715 te
2740 5699 2757 5727 ,
2806 5668 2859 5715 et
2888 5658 3013 5719 dedi
3046 5669 3098 5716 te
3158 5659 3213 5714 in
3246 5664 3542 5714 testamen-
