4106 6420
561 237 664 292 703

1235 212 1503 290 ensem!
1541 229 2026 288 cmsanmusns
2064 232 2147 288 or

2255 231 2438 288 PARS
2465 231 2533 288 ll.
2569 262 2638 272 —
2677 225 3178 286 APOLOGETICA.

3737 227 3858 283 τοι

560 367 679 413 tum
710 354 928 428 generis
959 355 1014 409 in
1045 354 1229 410 lumen
1264 354 1508 426 gentium
1531 394 1546 419 ,
1582 361 1642 408 ut
1673 354 1915 425 aperires
1943 354 2133 410 oculos

2251 352 2544 424 Βφθαλμοὺς
2569 349 2806 418 τυφλῶν,
2843 349 2937 403 καὶ
2975 348 3261 417 ἐξαγαγεῖν
3309 347 3374 400 ἐκ
3419 343 3633 416 δεσμῶν
3679 344 3860 398 8:5:-

563 465 835 506 caecorum
858 489 873 510 ,
909 455 965 502 et
1008 449 1273 504 educeres
1315 464 1380 503 ex
1417 447 1655 503 vinculis
1689 448 1956 519 illigatos,
1990 455 2045 503 et
2071 448 2142 503 de

562 543 727 598 domo
758 539 998 596 carceris
1032 539 1285 594 sedentes
1319 540 1373 594 in
1410 538 1654 595 tenebris
1683 539 1750 594 ".
1787 559 1805 592 ι
1833 538 2008 609 Atque
2039 539 2142 592 hu-

557 634 652 705 jus
692 633 801 688 loci
845 633 1180 703 evangelista
1212 630 1490 696 meminit,
1525 646 1634 702 quo
1667 639 1914 702 tempore
1942 629 2139 685 Phari-

569 726 666 782 saai
731 725 1026 780 consilium
1081 733 1346 794 ceperunt
1394 732 1585 777 contra
1639 721 1976 778 Salvatorem
2039 737 2140 777 no-

563 827 740 874 strum
761 858 777 883 ,
825 825 884 872 ut
910 833 1034 873 eum
1069 817 1468 883 interficerent,
1505 825 1792 888 propterea
1826 818 1972 888 quod
2003 814 2142 870 Sab-

562 910 705 968 batis
726 917 1055 982 mgrotantes
1077 918 1326 976 curaret;
1350 929 1368 960 ι
1394 919 1526 963 tunc
1549 909 1718 974 enim,
1743 909 1956 982 inquit,
1978 907 2142 964 .lesus

563 1003 840 1058 intellecta
873 1003 1164 1057 adversum
1228 1018 1287 1058 se
1319 1002 1760 1072 conSpiratione,
1798 1002 2025 1058 secessit
2057 1001 2143 1055 in-

563 1095 668 1159 de,
705 1105 759 1150 et
799 1103 1004 1149 secuta:
1048 1101 1178 1147 sunt
1222 1109 1346 1148 eum
1385 1093 1560 1148 turbae
1593 1094 1805 1157 multm,
1843 1101 1897 1148 et
1927 1093 2141 1148 curavit

563 1201 663 1243 eos
691 1200 915 1250 omnes,
961 1192 1015 1238 et
1055 1184 1315 1254 praecepit
1354 1185 1434 1238 eis
1478 1199 1545 1239 ne
1573 1183 1925 1241 manifestum
1959 1185 2138 1257 ipsum

565 1278 816 1335 facerent
849 1278 919 1331 ".
951 1297 970 1329 ι
1003 1277 1213 1344 Quibus
1261 1277 1376 1332 haac
1414 1276 1664 1347 adjungit
1698 1276 1957 1348 deinceps
1985 1295 1999 1331 :
2040 1277 2144 1332 «Et

564 1372 682 1428 haec
703 1373 910 1436 omnia,
945 1371 1144 1441 inquit,
1181 1371 1322 1426 facta
1349 1383 1479 1427 sunt
1513 1391 1525 1425 :
1567 1391 1586 1423 ι
1630 1371 1732 1425 hoc
1761 1378 1846 1428 est
1877 1369 2025 1441 quod
2057 1385 2144 1426 se-

569 1461 834 1526 cesserit,
867 1462 1013 1532 quod
1047 1462 1405 1518 declinaverit
1439 1461 1829 1526 insidiatores,
1869 1461 2016 1533 quod
2059 1461 2141 1516 la—

565 1561 685 1609 tere
719 1553 1035 1618 studuerit,
1071 1552 1200 1607 dum
1236 1553 1504 1608 miracula
1534 1553 1746 1619 ederet,
1778 1553 2033 1625 quodque
2061 1553 2142 1612 eis

568 1662 709 1718 quos
741 1653 1032 1709 curasset,
1071 1645 1432 1717 praeceperit,
1470 1661 1539 1701 ne
1573 1645 1924 1701 manifestum
1963 1647 2140 1716 ipsum

2245 446 2457 519 μένους,
2483 444 2578 498 καὶ
2601 444 2663 508 ἐξ
2681 443 2830 496 οῖκου
2855 440 3101 513 φυλακῆς
3125 439 3467 513 καθημένους
3491 439 3550 490 ἐν
3574 439 3804 492 σκότει.
3831 459 3856 492 ι

2240 540 2351 593 Kal.
2380 536 2581 608 ταύτης
2617 537 2646 590 6
2679 533 3070 606 εὐαγγελιστὴς
3105 534 3432 605 μνημονεύει
3463 531 3567 602 τῆς
3596 530 3858 596 λέξω-ς,

2239 629 2328 683 ὅτε
2356 628 2664 694 ἐξελθόντες
2692 627 2743 681 οί
2772 628 3053 700 Φαρισαῖοι
3090 624 3413 697 συμϐούλιον
3451 623 3644 677 ἔλαϐον
3688 624 3859 678 κατά

2239 723 2333 776 τοῦ
2363 720 2612 792 Σωτῆρος
2645 717 2823 790 ἡμῶν,
2865 717 3011 781 ὅπως
3048 717 3210 771 αὑτὸν
3245 715 3602 779 ἀπολέσωσιν,
3636 714 3859 788 ἐττειδὶς

2239 817 2352 879 τοῖς
2372 812 2644 869 Σάϐϐασιν
2671 811 2800 876 τοὺς
2830 809 3138 881 κάμνοντας
3163 808 3484 882 ἐθεράπευε.
3514 827 3533 860 ι
3572 807 3650 861 T6
3671 825 3859 879 τηνι-

2240 905 2416 962 καῦτα
2461 903 2590 975 γὰρ,
2655 902 2731 966 ὣς
2782 919 2936 972 φησι,
2995 902 3157 969 γνοὺς
3211 901 3240 954 6
3285 899 3492 972 Ἰησοῦς
3559 899 3667 970 τὴν
3713 898 3862 953 καθ’

2240 995 2405 1053 αὑτοῦ
2437 994 2726 1066 συσκευὴν,
2763 993 3108 1065 ἀνεχώρησεν
3141 992 3370 1057 ἐκεῖθεν,
3407 992 3501 1045 καλ⁸
3523 991 3863 1062 ἠκολούθη-

2243 1109 2341 1144 σαν
2362 1088 2509 1161 αύτῷ
2535 1088 2681 1160 ὄχλοι
2716 1087 2918 1151 πολλοὶ,
2954 1086 3047 1140 καὶ
3071 1085 3435 1157 ἐθεράπευσεν
3462 1085 3665 1148 αὐτοὺς
3700 1084 3862 1138 πάν-

2237 1201 2358 1248 τας,
2413 1184 2506 1237 καὶ
2551 1180 2859 1253 ἐπέπληξεν
2905 1180 3087 1243 αὐτοῖς
3131 1179 3217 1233 ῐνα
3271 1177 3346 1250 μὴ
3390 1179 3626 1248 φανερὸν
3669 1177 3861 1230 αὐτὸν

2241 1278 2555 1348 ποιήσωσιν·
2584 1292 2603 1326 ι
2648 1267 2730 1338 οἷς
2759 1271 3010 1344 ἐπιφέρει
3041 1271 3235 1341 λέγων·
3265 1289 3283 1322 ι
3318 1271 3428 1323 Καὶ
3453 1270 3631 1325 ταῦτα
3655 1270 3863 1323 πάντα

2240 1368 2452 1438 γέγονε,
2482 1386 2501 1419 ι
2543 1365 2866 1420 τουτέστιτὸ
2881 1366 3180 1436 ἀναχωρεῖν
3213 1363 3396 1425 αὑτὸν,
3421 1364 3516 1416 καὶ
3549 1361 3614 1415 τὸ
3649 1361 3864 1415 ἐκκλί-

2238 1478 2353 1515 νειν
2379 1461 2506 1524 τοὺς
2535 1457 2871 1523 ἐπιϐούλους,
2900 1458 2994 1510 καὶ
3019 1457 3080 1510 τὸ
3117 1455 3398 1510 λανθάνειν
3423 1453 3769 1519 σπουδάζειν
3790 1456 3857 1507 ἐν

2241 1551 2322 1618 οἷς
2346 1553 2550 1626 ἔπραξε
2572 1549 2913 1622 παραδόξοις,
2950 1551 3044 1603 καὶ
3080 1549 3142 1602 τὸ
3177 1549 3493 1620 παρεγγυᾷν
3528 1550 3646 1609 τοῖς
3672 1546 3857 1618 θερα-

2243 1643 2562 1716 πευομένοις
2605 1642 2679 1714 μὴ
2712 1641 2942 1714 φανερὸν
2976 1640 3134 1694 αὑτὸν
3167 1644 3361 1704 ποιεῖν,
3392 1658 3411 1692 ι
3447 1641 3534 1694 ἶνα
3559 1638 3850 1711 πληρωθῇ

570 1738 814 1795 facerent
833 1779 847 1804 ,
883 1757 900 1790 ι
933 1747 993 1792 ιιι
1025 1738 1346 1809 impleretur
1376 1738 1522 1808 quod
1549 1738 1754 1794 dictum
1783 1746 1861 1793 es:
1891 1753 1985 1808 per
2014 1751 2141 1808 pro-

2251 1735 2303 1788 τὸ
2336 1733 2498 1807 ῥηθὲν
2531 1733 2620 1788 διά
2660 1733 2753 1787 τού
2799 1733 3077 1804 προφήτου
3115 1731 3396 1801 λέγοντος·
3445 1732 3576 1785 Ἰδοὺ
3628 1733 3658 1784 6
3703 1733 3854 1794 παῖς

567 1829 788 1901 phetam
825 1829 1094 1884 dicentem
1126 1848 1139 1884 :
1186 1829 1328 1884 Ecce
1369 1844 1506 1900 puer
1548 1845 1731 1892 meus,
1767 1829 1821 1883 in
1850 1844 1958 1900 quo
1991 1845 2143 1884 com-

570 1921 750 1994 placui
786 1939 800 1976 :
837 1920 1072 1977 dilectus
1117 1937 1301 1987 meus,
1345 1938 1508 1992 quem
1558 1922 1718 1993 elegit
1766 1922 1948 1976 anima
1999 1936 2139 1976 mea.

567 2014 773 2069 Ponam
801 2015 1050 2085 spiritum
1076 2030 1253 2068 meum
1281 2030 1444 2085 super
1468 2030 1591 2071 eum
1612 2056 1625 2078 ,
1653 2021 1706 2070 et
1724 2013 1989 2085 judicium
2013 2029 2144 2084 gen-

571 2108 720 2164 tibus
764 2107 1059 2162 mRttiabit.
1104 2106 1222 2162 Non
1283 2106 1576 2162 contendet
1620 2122 1798 2177 neque
1850 2105 2140 2170 clamabit,

572 2217 749 2269 neque
777 2200 962 2256 audiet
991 2199 1260 2270 quispiam
1292 2199 1347 2252 in
1372 2199 1563 2270 plateis
1584 2214 1772 2255 vocem
1801 2199 1939 2269 ejus.
1959 2197 2142 2252 Arun-

569 2293 753 2349 dinem
795 2303 1108 2365 quassatam
1151 2309 1259 2348 non
1299 2292 1643 2363 confringet,
1673 2299 1727 2347 et
1767 2292 1940 2346 linum
1981 2289 2145 2345 fumi-

574 2404 710 2460 gans
750 2404 860 2442 non
903 2387 1246 2458 exstinguet,
1295 2385 1470 2441 donec
1520 2386 1707 2455 ejiciat
1758 2384 1814 2440 in
1857 2383 2142 2439 victoriam

568 2479 835 2549 judicium
856 2518 871 2540 ,
899 2486 953 2532 et
983 2478 1034 2532 in
1070 2476 1289 2532 nomine
1321 2477 1443 2546 ejus
1476 2485 1668 2548 gentes
1696 2477 1995 2548 sperabunt
2025 2475 2090 2531 “.
2119 2493 2139 2524 ι

569 2568 965 2623 Animadverte
1011 2568 1300 2638 diligenter
1351 2583 1588 2639 quonam
1642 2567 1806 2622 modo
1860 2566 2144 2623 Matthaeus

571 2661 665 2716 ubi
709 2661 847 2716 dixit
875 2680 887 2716 :
921 2680 938 2712 ι
971 2660 1111 2716 Ecce
1156 2677 1291 2732 puer
1333 2675 1486 2716 meus
1514 2677 1674 2732 quem
1708 2662 1885 2732 elegi,
1911 2661 2144 2717 dilectus

573 2770 729 2810 meus
770 2754 827 2808 in
872 2769 981 2824 quo
1025 2753 1356 2823 complacuit
1396 2755 1576 2808 anima
1623 2768 1772 2815 mea,
1807 2772 1825 2805 ι
1851 2767 2026 2822 neque
2055 2751 2144 2806 Ja-

572 2848 713 2911 cob,
747 2863 925 2918 neque
969 2848 1140 2903 Israel
1181 2847 1584 2911 nominaverit;
1634 2862 1742 2901 non
1785 2845 1930 2901 enim
1963 2844 2140 2901 dixit:

571 2936 742 2994 Jacob
772 2954 906 3008 puer
937 2954 1093 2994 meus
1113 2979 1128 3004 ,
1166 2939 1335 2995 Israel
1366 2939 1572 2994 electus
1603 2953 1757 2992 meus
1777 2977 1792 3000 ,
1825 2937 1919 2992 sed
1953 2935 2145 2992 indeli-

2248 1846 2370 1900 μου,
2412 1827 2472 1882 ὃν
2507 1826 2768 1899 ᾑρέτισα,
2811 1826 2841 1878 6
2880 1825 3165 1897 ἀγαπητός
3199 1841 3300 1896 μου
3335 1827 3415 1889 εἰς
3445 1825 3504 1878 ὃν
3533 1823 3850 1894 εὐδόκησεν

2245 1921 2279 1990 ὴ
2516 1937 2637 1991 μου.
2678 1921 2840 1992 Θήσω
2873 1919 2932 1973 τὸ
2964 1919 3182 1992 πνεῦμά
3232 1937 3333 1992 μου
3382 1920 3468 1972 ἐπ’
3509 1919 3698 1984 αὐτὸν,
3745 1919 3848 1971 καὶ

2244 2012 2425 2083 κρίσιν
2445 2015 2558 2077 τοῖς
2590 2013 3148 2083 ἔθνεσιν-ἀπαγγελεῖ.
3181 2013 3295 2067 υύκ
3315 2013 3485 2085 ἐρίσει
3507 2013 3631 2066 ούδέ
3663 2030 3847 2085 κραυ-

2243 2105 2423 2174 γάσει,
2453 2106 2574 2160 οὐδὲ
2608 2107 2903 2161 ἀκούσεταί
2930 2125 3014 2171 τις
3044 2108 3102 2161 ἐν
3131 2109 3252 2170 ταῖς
3275 2106 3556 2170 πλατείαις
3587 2105 3693 2175 τὴν
3726 2122 3845 2172 φω-

2245 2199 2342 2270 νὴν
2370 2199 2554 2254 αὑτοῦ.
2587 2200 2845 2272 Κάλαμον
2875 2199 3330 2272 συντετριμμένον
3352 2200 3411 2253 ού
3435 2198 3713 2263 κατεάξει,
3743 2198 3843 2251 καὶ

2244 2289 2389 2345 λίνον
2418 2292 2719 2364 τυφόμενον
2750 2293 2809 2346 ού
2848 2292 3049 2358 σϐέσει,
3088 2292 3194 2357 ἓως
3231 2292 3296 2346 ἂν
3327 2291 3531 2362 ἐκϐάλῃ
3570 2293 3654 2355 εἰς
3687 2293 3842 2354 νῖκνις

2245 2383 2342 2456 τὴν
2369 2385 2546 2456 κρίσιν
2572 2387 2665 2439 καὶ
2685 2387 2777 2439 ἐπὶ
2797 2385 2876 2457 τῷ
2914 2384 3137 2457 ὀνόματι
3165 2384 3329 2439 αὑτοῦ
3362 2385 3486 2456 ἔθνη
3517 2382 3789 2437 ἐλπιοῦσι.
3815 2405 3834 2434 ι

2245 2477 2412 2549 Τήρει
2451 2476 2509 2530 δέ
2547 2477 2821 2549 ἐπιμελῶς
2853 2479 2972 2532 τίνα
3010 2478 3207 2549 τρόπον
3247 2480 3274 2532 6
3318 2477 3592 2541 Ματθαῖος
3637 2475 3833 2530 εἰπών·

2252 2586 2270 2619 ι
2321 2569 2451 2623 Ἰδοὺ
2481 2573 2510 2625 6
2545 2573 2674 2636 παῖς
2707 2589 2828 2643 μου,
2859 2572 2917 2625 ὃν
2953 2572 3202 2645 ᾑρέτισα,
3235 2575 3262 2626 6
3295 2571 3578 2644 ἀγαπητός
3612 2590 3740 2643 μου,
3777 2573 3837 2624 ἐν

2244 2653 2288 2728 ᾧ
2309 2660 2598 2733 εὐδόκησεν
2623 2664 2657 2734 ἡ
2685 2663 2830 2735 ψυχή
2861 2681 2984 2735 μου,
3021 2685 3039 2716 ι
3075 2663 3200 2718 οὔτε
3230 2663 3324 2717 τοῦ
3370 2663 3562 2717 Ἰακὼϐ
3589 2664 3717 2716 οὔτε
3737 2661 3833 2716 τού

2257 2752 2472 2826 Ἰσραὴλ
2507 2754 2770 2828 ἐμνήσθη.
2808 2757 2880 2809 Ού
2911 2755 3020 2828 γὰρ
3054 2752 3224 2809 εἶπεν·
3262 2754 3452 2809 Ἰακὼϐ
3479 2757 3507 2809 6
3539 2758 3672 2818 παῖς
3707 2773 3831 2826 μου,

2260 2845 2476 2918 Ἰσραὴλ
2507 2848 2535 2900 6
2564 2846 2814 2912 ἐκλεκτός
2849 2867 2973 2920 μου,
3016 2849 3286 2919 ἀορίστως
3319 2848 3374 2902 δὲ
3416 2847 3711 2919 ἐξήνεγκεν
3752 2849 3829 2899 εξ-

2247 2936 2383 2992 πών·
2419 2956 2438 2989 ι
2473 2937 2604 2992 Ἰδοὺ
2623 2941 2650 2993 6
2674 2942 2802 3004 παῖς
2826 2958 2948 3010 μου,
2971 2941 3064 2993 καὶ
3087 2942 3114 2994 6
3138 2939 3416 3010 ἀγαπητός
3441 2956 3563 3009 μου.
3597 2959 3613 2990 ι
3647 2937 3827 3000 Ὅθεν,

573 3029 687 3084 nite
715 3029 1052 3095 enuntiavit,
1088 3029 1278 3084 dicens
1305 3048 1321 3084 :
1359 3049 1375 3080 ι
1407 3027 1546 3082 Ecce
1578 3043 1713 3097 puer
1743 3042 1932 3091 meus,
1971 3035 2026 3082 et
2061 3025 2145 3081 di-

2251 3030 2323 3096 ὡς
2337 3030 2471 3102 μηδέ
2483 3031 2540 3084 ἐν
2550 3029 2627 3102 τῷ
2651 3030 2922 3103 Ἐϐραῑκῷ
2933 3031 3033 3099 τῆς
3047 3029 3374 3101 προφητείας
3389 3028 3667 3100 κειμένης,
3683 3026 3828 3098 παρά

574 3123 752 3179 lectus
782 3138 958 3178 meus.
992 3142 1009 3174 ι
1037 3119 1307 3188 Quocirca
1325 3162 1338 3186 ,
1367 3120 1523 3191 quasi
1554 3119 1608 3174 in
1636 3118 1902 3175 Hebraico
1928 3134 1992 3174 ea
2020 3134 2147 3188 pro-

2257 3123 2354 3194 μέν
2373 3124 2485 3187 τοῖς
2515 3122 2911 3195 Ἑϐδομήκοντα
2940 3121 3225 3174 ὼϐέλισται
3248 3121 3308 3174 τὸ
3325 3119 3418 3174 τοῦ
3460 3121 3496 3173 Ἰ
3503 3117 3652 3172 axi-)6
3671 3119 3761 3171 καὶ
3773 3118 3830 3170 τὸ

575 3215 760 3286 phetia
815 3229 922 3269 non
973 3214 1069 3275 sit.
1107 3215 1248 3284 apud
1293 3215 1442 3283 ipsos
1482 3213 1700 3284 quidem
1732 3210 1876 3270 LXX
1907 3211 2148 3266 obelisco

577 3307 850 3377 signatum
896 3314 981 3361 est
1033 3321 1233 3361 nomen
1286 3303 1491 3368 Iacob,
1557 3312 1722 3375 atque
1757 3302 1925 3358 Israel
1955 3323 1968 3357 :
2002 3303 2149 3376 apud

578 3395 820 3465 reliquos
879 3402 1059 3448 autem
1119 3395 1445 3465 interpretes
1499 3393 1719 3448 silentio
1773 3391 2149 3463 praeteritum,

578 3495 866 3557 propterea
913 3485 1058 3556 quod
1111 3502 1180 3541 ne
1233 3485 1289 3540 in
1341 3484 1606 3539 Hebraico
1655 3483 1874 3554 quidem
1919 3485 2148 3539 feratur.

576 3579 738 3651 4.53
764 3578 996 3633 Proinde
1040 3579 1202 3634 etiam
1234 3577 1570 3649 evangelista
1605 3577 1798 3631 merito
1847 3575 1899 3629 id
1925 3584 2153 3647 prazter-

579 3673 750 3735 misit,
787 3672 991 3743 quippe
1021 3671 1114 3742 qui
1148 3681 1200 3727 et
1230 3670 1491 3727 Hebraeus
1519 3678 1686 3734 esset,
1739 3676 1793 3724 et
1824 3669 1881 3723 in
1915 3669 2154 3740 prophe-

576 3765 668 3819 tia:
702 3765 975 3835 positione
1005 3763 1305 3819 Hebraicos
1337 3763 1506 3818 libros
1542 3771 1882 3832 sequeretur.
1914 3760 2056 3831 Ergo
2084 3775 2154 3816 ne

579 3856 906 3911 sententiam
931 3856 1151 3926 quidem
1180 3857 1224 3912 si
1257 3865 1492 3926 spectes,
1529 3855 1728 3926 populo
1758 3854 1825 3908 ad
1857 3853 2151 3910 cii’cunici.

580 3949 790 4006 sionem
832 3949 1120 4019 spectanti,
1156 3948 1439 4003 oraculum
1480 3946 1882 4002 accommodari
1930 3946 2151 4016 poterit,

580 4040 677 4096 sed
703 4040 797 4094 uni
828 4039 1048 4094 Christo
1085 4039 1198 4102 Dei,
1229 4040 1317 4094 cui
1351 4046 1406 4094 et
1434 4039 1549 4108 ipsa
1579 4037 1854 4094 evidentia
1913 4047 1968 4092 et
1999 4053 2158 4093 even-

579 4139 670 4187 tus
708 4147 890 4188 rerum
928 4131 1085 4187 fidem
1137 4131 1498 4187 indubitatam
1531 4130 1676 4185 facit.
1710 4129 1862 4185 Unus
1893 4129 2038 4185 enim
2068 4131 2156 4184 hic

579 4223 825 4279 futurum
868 4224 1137 4294 judicium
1190 4225 1443 4294 gentibus
1503 4223 1717 4294 publice
1774 4223 2152 4288 denuntiavit,

580 4331 706 4370 cum
731 4316 972 4386 seipsum
995 4317 1160 4373 tacite
1185 4317 1238 4370 in
1270 4318 1434 4371 vitam
1458 4317 1740 4371 hominum
1772 4315 2153 4378 insinuaverit,

2253 3215 2346 3270 τοῦ
2373 3216 2408 3268 Ἰ
2417 3215 2586 3287 σραὴλ
2596 3215 2684 3268 δνο
2691 3233 2782 3287 μα·
2798 3217 2892 3269 καὶ
2905 3235 2978 3269 πα
2986 3215 3051 3285 ρὰ
3062 3218 3174 3279 τοῖς
3183 3215 3385 3278 λοιποῖς
3397 3214 3453 3266 δὲ
3473 3215 3534 3282 ἐρ
3541 3214 3826 3283 μηνευταῖς

2256 3305 2764 3377 παρασεσιώπηται,
2799 3309 2920 3361 ἐπεὶ
2942 3304 3065 3378 μηδ’
3091 3309 3147 3360 ἐν
3172 3305 3250 3377 τῷ
3287 3304 3559 3376 Ἑϐραῖκῷ
3584 3303 3822 3375 φέρεται.

2261 3401 2450 3454 Ἔνθεν
2501 3400 2723 3464 εἰκότως
2753 3399 2870 3454 οὐδὲ
2905 3397 3052 3468 παρὰ
3101 3397 3178 3468 τῷ
3227 3395 3581 3466 εὐαγγελιστῇ
3618 3395 3824 3465 εἴρηται

2268 3491 2506 3564 Ἑϐραίῳ
2537 3492 2648 3545 ὖντι
2673 3532 2688 3554 ,
2738 3492 2830 3544 καὶ
2879 3489 3185 3552 ἀκολούθως
3233 3491 3300 3559 τῇ
3337 3487 3606 3557 Ἐϐραίων
3643 3487 3822 3556 γραφῇ

2257 3584 2356 3656 τὴν
2387 3584 2717 3656 προφητείαν
2747 3583 3045 3654 ἐκθεμένῳ.
3072 3579 3372 3652 Τοιγαροῦν
3405 3577 3527 3631 οὔτε
3552 3578 3690 3631 κατά
3717 3576 3822 3629 διὰ-

2259 3693 2406 3729 νοιαν
2431 3675 2509 3746 τῷ
2540 3677 2603 3729 ἐκ
2628 3675 2928 3746 περιτομῆς
2957 3671 3072 3743 λαῷ
3093 3671 3161 3725 τά
3195 3669 3557 3740 θεσπιξόμενα
3585 3664 3820 3741 ἁρμόζει,

2263 3768 2407 3839 μόνῳ
2433 3767 2489 3820 δέ
2515 3766 2593 3839 τῷ
2625 3765 2843 3838 Χριστῷ
2872 3765 2964 3819 τοῦ
2992 3763 3126 3818 Θεοῦ
3153 3763 3582 3836 μαρτυρουμένῳ
3606 3762 3706 3814 ὑπὸ
3728 3759 3820 3831 τῆς

2261 3859 2548 3930 ἐναργείας
2576 3859 2668 3912 καὶ
2696 3858 2793 3929 τῆς
2825 3856 2933 3910 τῶν
2962 3857 3304 3928 πραγμάτων
3335 3857 3628 3920 ἐκϐάσεως.
3657 3857 3820 3918 Μόνος

2259 3951 2368 4022 γὰρ
2401 3943 2554 4013 οὗτος
2576 3951 2674 4021 τὴν
2711 3949 3007 4020 μέλλουσαν
3040 3947 3220 4018 κρίσιν
3252 3950 3364 4010 τοῖς
3389 3946 3564 4000 ἔθνεσι
3597 3949 3818 4018 προεκήο

2265 4043 2448 4114 ρυξεν,
2494 4042 2671 4114 ἡσυχῆ
2717 4040 2792 4112 τῷ
2830 4041 2927 4112 βίῳ
2960 4041 3066 4093 τῶν
3106 4038 3407 4111 ἀνθρώπων
3455 4039 3814 4111 ἐπιδημήσας,

2265 4135 2356 4190 καὶ
2387 4134 2566 4205 κρίσιν
2595 4133 2686 4187 ἐπὶ
2708 4135 2804 4202 τῆς
2835 4133 2939 4202 γῆς
2974 4132 3229 4202 θέμενοςο
3256 4133 3348 4185 καὶ
3377 4130 3436 4184 ού
3476 4132 3632 4202 μόνον
3664 4131 3814 4185 κάλα-

2267 4245 2364 4302 μον
2398 4227 2852 4299 συντετριμμένον
2876 4226 2935 4278 οὐ
2972 4226 3233 4292 κατέαξεν
3253 4267 3266 4288 ,
3299 4223 3436 4277 ἀλλὰ
3458 4264 3473 4289 ,
3501 4226 3549 4276 εἰ
3577 4224 3712 4276 ἔστιν
3741 4226 3813 4277 εί-

2263 4323 2403 4382 πεῖν,
2432 4320 2740 4389 συνέδησεν,
2771 4316 3082 4390 ἀνορθώσας
3110 4319 3203 4371 καὶ
3236 4317 3486 4389 ἰσχυροὺς
3519 4317 3813 4388 ἀπεργασά-

580 4416 747 4478 atque
791 4415 845 4463 in
906 4418 1049 4462 terra
1097 4409 1368 4478 judicium
1427 4410 1689 4480 posuerit,
1737 4417 1790 4464 et
1835 4425 1940 4464 non
1989 4409 2147 4465 modo

2259 4429 2414 4484 μενος
2446 4412 2576 4474 τοὺς
2624 4409 2896 4474 ἀσθενεῖς,
2924 4409 3017 4462 καὶ
3048 4411 3176 4474 τοὺς
3209 4409 3692 4481 συντετριμμένους
3726 4409 3811 4480 τὴν

580 4500 904 4554 arundinem
940 4501 1230 4554 contritam
1259 4517 1366 4554 non
1394 4499 1686 4572 confregit,
1725 4500 1844 4565 sed,
1873 4501 1920 4556 si
1961 4500 2043 4556 fas
2069 4511 2155 4558 est

580 4591 785 4657 dicere,
817 4594 1112 4664 colligavit.
1151 4609 1274 4648 cum
1321 4593 1568 4650 infirmos
1595 4602 1650 4650 et
1685 4596 1954 4652 contritos
1991 4595 2158 4652 corde

583 4685 838 4747 erexerit,
893 4686 1167 4756 fortesque
1219 4685 1538 4748 reddiderit,
1592 4694 1646 4742 et
1692 4686 2152 4757 quemadmodum

582 4779 830 4835 infirmos
869 4794 934 4834 ac
961 4779 1191 4842 debiles,
1231 4787 1285 4834 et
1322 4795 1435 4836 suae
1461 4779 1633 4850 ipsius
1671 4781 1970 4836 curationis
2009 4781 2154 4837 indi-

581 4878 773 4939 gentes
816 4886 924 4926 non
957 4870 1323 4940 despiciebat,
1374 4887 1552 4941 neque
1604 4887 1744 4941 quos
1793 4871 1994 4943 prioris
2033 4875 2157 4928 vita:

581 4961 950 5032 pmnituisset,
983 4961 1402 5026 condemnabat,
1447 4968 1541 5015 aut
1573 4963 1922 5028 conterebat;
1961 4962 2045 5018 sic
2086 4979 2156 5019 ne

583 5053 707 5108 illos
736 5054 955 5124 quidem
989 5054 1082 5125 qui
1126 5054 1180 5109 in
1225 5055 1384 5110 malis
1432 5062 1868 5127 perseverarent.
1915 5063 2009 5110 aut
2056 5057 2152 5126 qui

582 5146 767 5215 pravis
787 5149 951 5202 animi
975 5146 1260 5203 affectibus
1284 5147 1722 5212 incenderentur,
1753 5148 2154 5220 exstinguebat,

583 5245 780 5294 autne
817 5255 883 5294 ex
933 5255 1033 5296 suo
1070 5242 1349 5312 pr0posito
1391 5256 1599 5310 suaque
1646 5240 1890 5311 ipsorum
1932 5241 2158 5296 libidine

584 5339 828 5400 agerent,
855 5331 1198 5400 prohibebat;
1224 5349 1399 5401 neque
1425 5347 1554 5387 vero
1586 5339 1782 5403 praeter
1808 5339 2022 5401 tempus
2051 5348 2155 5386 un-

583 5435 749 5491 quam
785 5420 980 5475 horum
1014 5423 1249 5492 aliquem
1292 5423 1562 5493 supplicio
1602 5421 1801 5487 affecit,
1830 5423 2029 5493 quippe
2059 5421 2152 5492 qui

584 5512 787 5570 talibus
814 5511 1025 5568 debitas
1055 5528 1152 5583 pro
1199 5514 1409 5569 meritis
1444 5529 1635 5584 poenas
1670 5514 1723 5569 in
1763 5522 1979 5586 tempus
2005 5530 2154 5570 eom-

2263 4503 2507 4574 καρδίαν.
2535 4505 2744 4572 Ὥσπερ
2777 4502 2833 4554 δέ
2865 4502 2992 4564 τοὺς
3025 4501 3269 4566 ἀσθενεῖς
3304 4503 3397 4556 καὶ
3440 4502 3698 4571 σαθροὺς,
3728 4503 3810 4557 καὶ

2261 4595 2358 4666 τῆς
2405 4594 2568 4648 αὑτοῦ
2618 4594 2912 4667 θεραπείας
2947 4593 3232 4666 δεομένους
3274 4595 3335 4647 ού
3368 4593 3658 4666 παρεώρα,
3705 4595 3810 4648 οὐδὲ

2266 4687 2660 4758 μετανοοῦντας
2711 4687 3054 4760 κατακρίνων
3103 4688 3447 4760 συνέτριϐεν·
3500 4687 3666 4752 οὕτως
3705 4687 3808 4741 οὐδὲ

2261 4781 2385 4844 τοὺς
2432 4782 2545 4843 τοῖς
2585 4783 2773 4843 κακοῖς
2805 4779 3194 4851 ἐπιμένοντας,
3230 4780 3324 4831 καὶ
3358 4779 3461 4832 ὑπὸ
3503 4778 3610 4832 τῶν
3646 4778 3808 4831 παθῶν

2259 4871 2592 4943 τυφομένους
2625 4871 2905 4935 ἐσϐέννυε,
2940 4871 3162 4925 κωλύων
3204 4870 3356 4942 παρά
3383 4870 3478 4941 τὴν
3504 4871 3672 4925 αὐτῶν
3697 4889 3808 4941 προ-

2261 4964 2473 5035 αίρεσιν
2502 4966 2742 5036 ἐνεργεῖν
2761 4981 2773 4994 ·
2805 4965 2924 5017 ούδέ
2961 4963 3066 5035 μὴν
3100 4963 3251 5036 παρὰ
3282 4963 3471 5034 καιρὸν
3515 4964 3804 5034 ἐτιμωρεῖτό

2260 5073 2382 5109 τινα
2421 5056 2624 5110 τούτων
2645 5097 2660 5122 ,
2695 5056 2800 5132 ’τὴν
2832 5058 2951 5110 κατ’
2979 5056 3134 5122 ἀξίαν
3179 5055 3360 5109 αὐτῶν
3389 5056 3606 5109 κόλασιν
3639 5057 3702 5118 εἰς
3727 5055 3804 5108 τὸν

2261 5148 2362 5219 τῆς
2404 5148 2632 5202 καθόλου
2672 5149 2904 5220 κρίσεως
2929 5148 3119 5218 καιρὸν
3153 5147 3570 5221 ὑπερτιθέμενος
3590 5164 3603 5177 θ
3635 5147 3702 5200 διὸ
3726 5146 3800 5200 λέ-

2262 5239 2479 5295 λεκταιο
2521 5260 2539 5292 ι
2571 5242 2681 5294 Καὶ
2726 5240 2866 5293 λίνον
2910 5240 3211 5311 τυφόμενον
3253 5240 3314 5293 ού
3365 5240 3566 5293 σϐέσει.
3598 5261 3617 5291 ι
3657 5241 3800 5293 "Am.-

2261 5350 2397 5403 κρυς
2425 5333 2482 5386 δέ
2513 5333 2684 5406 πέρας
2709 5332 2895 5405 εἴληφε
2923 5333 3002 5397 τὸ,
3032 5352 3049 5384 ι
3079 5334 3187 5386 Καὶ
3220 5333 3277 5384 ἐν
3309 5331 3386 5403 τῷ
3419 5333 3642 5403 ὀνόματι
3666 5330 3796 5386 αὑτοῦ

2259 5423 2387 5495 ἔθνη
2431 5423 2729 5478 ἐλπιοῦσιν.
2765 5443 2783 5474 ι
2833 5423 2956 5477 Ἐπὶ
2987 5422 3132 5494 μόνῳ
3161 5421 3291 5490 γοῦν
3330 5421 3408 5493 τῷ
3447 5422 3543 5476 τοῦ
3588 5423 3794 5493 Σωτῆρος

2259 5515 2416 5587 ἡμῶν
2449 5515 2622 5588 Ἰησοῦ
2657 5515 2891 5588 Χριστοῦ
2925 5515 3146 5586 ὀνόματι
3179 5514 3374 5586 ἦλπισε
3395 5514 3462 5568 τὰ
3491 5512 3792 5586 Χριστιανῶν

656 5694 703 5727 ’⁸
741 5692 844 5751 lsa.
877 5705 1025 5760 xui,
1061 5692 1171 5748 1-7.
1248 5695 1292 5727 ’τ
1333 5692 1517 5750 Matth.
1553 5710 1628 5748 xu
1654 5733 1668 5759 ,
1707 5693 1887 5756 lii,i6.
1961 5695 2007 5728 "
2047 5692 2180 5750 ibid.
2222 5689 2401 5749 17-21.
