4110 6410
284 362 387 419 703

1178 368 1838 429 DEMONSTRATIONIS
1878 371 2339 432 EVANGELICA
2376 375 2505 433 LIB.
2549 377 2642 437 IX.

3445 387 3550 445 706

283 483 408 553 ἔθνη
428 524 445 549 ,
481 484 584 556 τὴν
616 486 931 557 ἐπωνυμίαν
970 487 1137 544 αυτοῦ
1169 488 1245 554 ὡς
1274 488 1479 563 πατρὸς
1509 486 1579 563 ἦς
1607 491 1864 563 παρειλή-

1971 491 2153 548 munis
2174 492 2368 562 judicii
2402 505 2732 562 reservaret,
2756 513 2822 555 ex
2853 516 2969 571 quo
3000 501 3135 559 illud
3179 501 3388 558 dictum
3419 513 3504 561 est
3531 523 3546 559 ξ

279 591 448 644 φασιν
477 577 764 643 εὐσεϐείας
794 581 1230 652 ἐπιγραφόμενα.
1255 582 1364 636 Καὶ
1388 583 1500 654 γὰρ
1526 585 1611 647 είς
1635 583 1750 653 φῶς
1772 585 1875 639 οὐκ

278 665 467 731 ἄλλοις
499 668 533 741 ἢ
567 671 682 734 τοῖς
713 670 889 725 ἔθνεσι
920 671 1163 727 δεδόσθαι
1197 672 1642 745 προπεφώνηται,
1668 674 1734 728 δι’
1772 675 1873 729 αύ-

276 758 376 813 τοῦ
406 776 469 813 τε
487 800 503 822 ,
538 764 605 833 τῇ
644 765 945 836 προρρήσει
969 765 1279 831 ἀκολούθως
1300 806 1315 831 ,
1344 765 1614 839 ὀφθαλμοὶ
1647 766 1871 838 τυφλῶν

275 852 391 907 τῶν
428 842 596 910 πάλαι
624 855 725 927 τὴν
751 855 989 912 διάνοιαν
1018 857 1462 930 πεπηρωμένων,
1493 859 1588 914 καὶ
1615 858 1677 912 ού
1705 859 1869 931 μόνον

276 945 508 1012 τούτων,
542 948 678 1002 ἀλλά
722 949 817 1019 καὶ
851 949 959 1004 τῶν
994 950 1127 1004 αὐτὸ
1159 950 1220 1004 τὸ
1255 950 1415 1023 σῶμα
1445 952 1865 1023 ἠφανισμένων,

274 1038 377 1092 καὶ
401 1041 450 1092 oi
471 1038 687 1110 δεσμοῖς
707 1056 766 1093 τε
788 1039 882 1094 καὶ
908 1044 1116 1111 σειραῖς
1147 1040 1455 1113 ἁμαρτιῶν,
1484 1044 1541 1096 ὲν
1566 1043 1747 1097 σκότει
1771 1044 1868 1097 καὶ

273 1131 478 1203 ἀγνοίᾳ
505 1132 605 1202 τῆς
634 1131 871 1201 ἀληθοῦς
902 1133 1183 1199 εὐσεϐείας
1215 1134 1277 1188 τὸ
1314 1137 1442 1206 πρὶν
1472 1135 1866 1207 κεκαλινδημὲ-

271 1238 381 1284 vos,
404 1221 472 1274 δι’
503 1220 667 1275 αὑτοῦ
695 1221 803 1275 τῶν
826 1223 1109 1295 ἁμαρτιῶν
1133 1224 1403 1290 λυθέντες,
1439 1226 1531 1280 τού
1564 1226 1742 1296 φωτὸς
1766 1226 1867 1297 τῆς

273 1312 537 1383 γνώσεως
565 1314 660 1367 καὶ
688 1313 789 1383 τῆς
823 1316 977 1386 παρά
1007 1314 1086 1386 τῷ
1112 1315 1230 1387 Θεῷ
1256 1316 1569 1390 ἐλευθερίας
1588 1317 1865 1386 ⁴Ιιξξίωνται.

275 1407 391 1462 Καὶ
423 1407 488 1460 σὺ
519 1407 597 1471 δὲ,
621 1408 713 1461 ἐπὶ
740 1408 933 1479 σχολῆς
968 1411 1080 1473 τοῖς
1106 1409 1525 1482 ἀποδεδομένοις
1556 1410 1866 1476 ἀκολούθως

276 1496 579 1566 βασανίσας
605 1497 704 1568 τὴν
755 1495 920 1562 λέξιν,
958 1499 1048 1551 ἐπὶ
1084 1499 1233 1570 μόνῳ
1266 1498 1331 1554 ἂν
1362 1499 1541 1572 εὕροις
1572 1500 1650 1571 τῷ
1678 1502 1869 1574 Κυρίῳ

272 1593 367 1646 καὶ
400 1594 614 1665 Σωτῆρι
657 1592 815 1664 ἡμῶν
857 1594 1084 1648 ἕκαστον
1132 1594 1377 1666 ἀκριϐῶς
1424 1595 1535 1650 τῶν
1580 1595 1648 1650 δι’
1694 1596 1868 1668 αὐτῆς

268 1684 622 1757 δηλουμένων
645 1704 713 1739 πε
721 1685 825 1758 πλη
835 1703 911 1757 ρω
917 1686 1096 1758 μένον.

1975 603 1995 639 ι
2028 584 2095 641 Et
2119 586 2291 642 linum
2338 585 2617 661 fumigans
2646 607 2758 647 non
2801 593 3136 665 exstinguet.
3169 614 3190 650 ι
3225 593 3553 654 Planissime

1968 686 2153 734 autem
2181 677 2346 735 ﬁnem
2379 696 2540 736 suum
2566 683 2778 755 accepit
2801 684 2964 740 etiam
2991 685 3123 741 illud
3160 702 3175 739 :
3213 705 3233 739 ι
3265 686 3333 742 Ει
3367 688 3422 743 in
3456 705 3552 745 uo-

1966 770 2115 827 mine
2144 770 2264 842 ejus
2296 783 2484 843 gentes
2510 776 2809 845 sperabunt
2836 777 2952 832 :iin
2983 779 3104 833 solo
3127 780 3273 834 enim
3303 778 3553 837 Salvato-

1964 862 2046 920 ris
2081 864 2260 920 nostri
2289 862 2421 922 Jesu
2457 866 2664 923 Christi
2707 868 2952 934 nomine,
2986 869 3314 929 Christianae
3360 881 3553 946 gentes

1968 963 2348 1027 speraverant,
2377 973 2502 1027 quae
2525 959 2691 1014 etiam
2731 977 2796 1017 ex
2833 962 3097 1033 religione
3129 979 3294 1034 quam
3323 980 3554 1037 accepe-

1968 1063 2050 1114 re,
2098 1048 2247 1105 illius
2278 1049 2436 1118 quasi
2484 1053 2728 1120 parentis
2781 1054 3113 1124 cognomine
3150 1064 3352 1113 notata:
3394 1064 3545 1114 sunt.

1972 1137 2183 1195 Etenim
2215 1142 2361 1212 quod
2390 1144 2559 1199 nullis
2607 1144 2733 1200 aliis
2767 1144 2874 1201 nisi
2907 1147 3162 1217 gentibus
3189 1148 3244 1202 in
3269 1149 3443 1205 lucem
3477 1149 3554 1207 sit

1968 1231 2155 1299 datus,
2202 1233 2314 1303 jam
2348 1242 2508 1290 antea
2546 1234 2754 1290 dictum
2801 1238 2981 1293 fuerat
3009 1258 3024 1295 :
3058 1246 3112 1293 et
3146 1254 3245 1310 per
3271 1239 3551 1308 eumdem,

1966 1329 2027 1378 ut
2062 1322 2243 1394 ipsum
2286 1325 2572 1380 oraculum
2607 1326 3037 1397 significaverat,
3069 1330 3214 1385 oeuli
3251 1345 3547 1395 cecorum,

1966 1428 2156 1470 eurum
2184 1416 2372 1487 utique
2403 1418 2497 1488 qui
2540 1420 2819 1489 quondam
2850 1430 3031 1477 mente
3071 1423 3327 1478 excaecati
3368 1431 3548 1492 erant,

1965 1508 2136 1573 aperti
2169 1514 2319 1568 sunt,
2354 1522 2533 1577 neque
2563 1523 2754 1563 eorum
2783 1509 2968 1575 modo,
3000 1511 3094 1567 sed
3123 1513 3288 1569 etiam
3336 1512 3431 1585 qui
3459 1514 3549 1584 ip-

1966 1611 2087 1651 sum
2123 1613 2326 1668 corpus
2374 1600 2764 1670 perdidissent.
2793 1601 2956 1673 Atqui
2984 1605 3222 1662 vinculis
3251 1613 3307 1661 et
3335 1607 3549 1662 catenis

1964 1697 2313 1759 peccatorum
2337 1693 2393 1747 in
2423 1694 2669 1750 tenebris
2697 1702 2751 1750 et
2774 1697 3119 1767 ignoratione
3162 1714 3304 1754 verae
3325 1698 3548 1770 pietatis

267 1782 429 1852 prius
467 1783 848 1843 versabantur,
891 1797 985 1851 per
1044 1782 1291 1838 eumdem
1328 1797 1361 1837 a
1398 1783 1640 1853 peccatis
1692 1783 1882 1852 soluti,
1947 1784 2130 1841 lumen
2195 1788 2525 1859 cognitionis
2573 1788 2994 1862 libertatemque
3023 1792 3164 1863 apud
3201 1791 3369 1849 Deum
3397 1792 3541 1847 acci-

269 1886 404 1941 pere
433 1878 775 1928 meruerunt.
809 1870 892 1927 Tu
926 1888 1054 1928 vero
1100 1872 1168 1930 ad
1198 1874 1391 1930 borum
1425 1876 1704 1947 exemplar
1735 1892 1857 1947 qua:
1894 1877 2144 1948 exposita
2178 1888 2329 1945 sunt,
2376 1881 2423 1936 si
2472 1881 2741 1953 reliquam
2814 1883 2944 1938 item
3015 1883 3310 1939 dictionem
3360 1886 3550 1957 explo-

263 1965 504 2029 raveris,
537 1964 592 2019 in
622 1965 742 2020 solo
767 1963 997 2022 Domino
1014 1966 1408 2038 Salvatoreque
1462 1978 1676 2036 nostro,
1735 1971 2169 2043 unumquodque
2199 1989 2415 2040 eorum,
2441 1990 2564 2046 qua:
2625 1974 2680 2031 in
2721 1976 2815 2032 illa
2862 1977 3236 2043 continentur,
3298 1978 3551 2036 absolute

264 2061 604 2131 completum
642 2060 906 2117 invenies.

275 2178 418 2235 Ἀπὸ
459 2180 569 2235 τοῦ
598 2182 915 2263 αὐταῖς-ο
946 2186 1225 2263 genito?
1249 2188 1337 2263 μὴ
1376 2190 1733 2263 πιστεύσειν
1769 2189 1859 2255 είς

1964 2185 2127 2260 454
2156 2186 2233 2240 Ab
2259 2185 2457 2263 eodem.
2490 2216 2561 2225 —
2590 2186 2758 2263 Dahae
2781 2187 2922 2263 quod
2947 2185 3210 2242 Iudaicus
3236 2190 3462 2259 populus
3486 2190 3546 2248 t'tt

554 2253 746 2309 αὑτὸν
775 2255 883 2309 τὸν
913 2253 1037 2311 τῶνε
1066 2253 1364 2313 Ἰουδαίων
1397 2260 1573 2315 λαόν.

345 2381 364 2413 ι
396 2358 555 2417 Εἶδον
586 2365 677 2419 τὸν
720 2366 922 2438 Κύριον
952 2369 1262 2442 καθήμενον
1294 2372 1387 2425 ἐπὶ
1423 2370 1613 2443 θρόνου
1651 2371 1856 2444 ὑψηλοῦ

262 2454 366 2507 καὶ
397 2456 736 2527 ἐπηρμένου,
759 2461 855 2514 καὶ⁸
880 2464 1157 2533 σεραφεὶμ
1185 2465 1533 2535 είστήκεισαν
1563 2464 1748 2536 κύκλῳ
1768 2465 1860 2517 αύο

262 2544 385 2600 τοῦ.
417 2567 437 2598 ι
486 2544 602 2602 Εἴθ’
632 2550 842 2615 ὑποϐάς
870 2569 1004 2624 φησι
1030 2571 1043 2583 ο
1095 2573 1115 2605 ι
1165 2554 1277 2608 Καὶ⁵
1310 2555 1520 2626 ηκουσα
1548 2555 1648 2625 τῆς
1677 2556 1859 2625 φωνῆς

266 2638 483 2712 Κυρίου
516 2640 799 2711 λέγοντος·
825 2644 958 2699 Τίνα
992 2645 1297 2700 ἀποστείλω
1316 2686 1330 2710 ,
1363 2648 1457 2700 xui.
1481 2647 1567 2711 τίς
1598 2647 1860 2719 πορεύσε-

262 2747 359 2784 ται
385 2731 528 2805 πρὸς
545 2733 637 2787 τὸν
665 2734 794 2790 λαὸν
824 2736 1049 2803 τοῦτονς
1081 2739 1194 2792 Καὶ
1220 2733 1379 2792 εἶπαν
1419 2738 1551 2793 Ἰδοὺ
1587 2738 1697 2808 ἐγώ
1719 2743 1855 2811 εἰμι,

262 2824 594 2878 ἀπόστειλον
626 2842 715 2897 με.
748 2829 858 2883 Καὶ
886 2824 1040 2883 εἶπε·
1093 2830 1423 2902 Πορεύθητι,
1469 2831 1563 2884 καὶ
1608 2831 1729 2885 είπὲ
1779 2832 1859 2903 τῷ

261 2913 383 2985 λαῷ
408 2916 618 2987 τούτῳο
660 2919 819 2990 Ἀκοῇ
844 2920 1137 2986 ἀκούσετε,
1168 2923 1266 2977 καὶ
1297 2923 1358 2977 οὐ
1390 2922 1467 2994 μὴ
1498 2924 1694 2995 συνῆτε
1713 2965 1728 2987 ,
1764 2925 1859 2979 καὶ⁵

263 3005 565 3075 βλέποντες
594 3008 816 3080 βλέψετε
846 3052 861 3077 ,
886 3014 981 3066 καὶ
1001 3015 1064 3068 οὐ
1097 3015 1172 3088 μὴ
1205 3015 1373 3087 ἴδητε.
1410 3015 1719 3088 Ἐπαχύνθη
1748 3017 1859 3091 γάρ

262 3099 298 3170 ἡ
328 3097 528 3169 καρδία
558 3098 654 3152 τοῦ
688 3099 819 3154 λαοῦ
849 3100 1042 3156 τούτου
1069 3144 1084 3167 ,
1114 3105 1209 3159 καὶ
1238 3108 1352 3169 τοῖς
1384 3105 1521 3159 ὠσὶν
1550 3107 1730 3160 αὐτῶν
1761 3107 1858 3179 βα-

264 3191 412 3262 ρέως
440 3193 715 3263 ἥκουσαν,
749 3196 844 3248 καὶ
869 3197 995 3260 τοὺς
1037 3197 1351 3270 ὀφθαλμοὺς
1382 3201 1564 3256 αὐτῶν
1606 3201 1860 3275 ἐκάμμυ-

262 3300 370 3336 σαν
389 3323 406 3346 ,
440 3285 655 3356 μήποτε
708 3286 857 3342 ίδωσι
901 3290 1015 3353 τοῖς
1046 3288 1347 3360 ὀφθαλμοῖς
1364 3332 1381 3359 ,
1429 3293 1525 3348 καὶ
1567 3297 1680 3358 τοῖς
1723 3295 1860 3349 ὠσὶν

263 3375 584 3442 ἀκούσωσι,
610 3377 705 3431 καὶ
726 3380 792 3451 τῇ
827 3380 1025 3453 καρδία
1056 3381 1289 3450 συνῶσι,
1317 3385 1413 3438 καὶ
1452 3386 1859 3459 ὲπιστρέψωσι,

260 3469 363 3524 καὶ
400 3469 643 3541 ίάσωμαι
690 3472 907 3536 αύτούς.
939 3492 957 3524 ι
998 3474 1186 3546 Ἔχεις
1232 3476 1328 3529 καὶ
1369 3477 1573 3534 τούτων
1615 3479 1679 3533 τὸ
1724 3480 1859 3534 ἀπο-

262 3562 515 3634 τέλεσμα
538 3563 631 3617 ἐπὶ
661 3564 755 3618 τοῦ
786 3566 1039 3638 Σωτῆρος
1065 3569 1098 3640 ὴ
1107 3568 1246 3640 μῶν,
1273 3570 1415 3625 κατά
1439 3572 1536 3643 μὲν
1555 3572 1647 3625 τὸν
1682 3573 1859 3627 Ἰωάν-
1884 3593 1929 3655 c

263 3672 370 3727 νην
403 3657 658 3728 φήσαντα
679 3672 694 3686 ο
747 3676 765 3709 ι
796 3657 1046 3712 Τοσαῦτα
1086 3659 1143 3713 δὲ
1178 3661 1345 3715 αὐτοῦ
1376 3665 1579 3734 σημεῖα
1624 3681 1855 3737 πεποιη-

260 3745 429 3809 κότος
460 3746 769 3819 ἔμπροσθεν
798 3747 977 3801 αὐτῶν
998 3789 1012 3814 ,
1044 3749 1144 3804 οὐκ
1178 3751 1508 3807 ἐπίστευσαν
1543 3755 1623 3819 είς
1668 3755 1854 3819 αὑτὸν,

262 3838 356 3890 ἵνα
408 3839 439 3892 ό
484 3838 643 3909 λόγος
704 3841 927 3896 Ἡσαΐου
976 3840 1071 3896 τοῦ
1122 3845 1403 3917 προφήτου
1460 3845 1720 3918 πληρωθῇ
1742 3886 1757 3910 ,
1799 3846 1858 3900 ὃν

261 3928 423 3986 εἷπε⁸
468 3931 678 4004 Κύριε,
718 3932 804 3998 τίς
847 3934 1138 3989 ἐπίστευσε
1173 3939 1239 4009 τῇ
1272 3937 1411 4010 ἀκοῇ
1459 3937 1654 4011 ἡμῶν,
1708 3942 1803 3993 καὶ
1830 3941 1858 3993 ό

264 4026 517 4099 βραχίων
560 4029 767 4101 Κυρίου
810 4028 915 4084 τίνι
962 4029 1361 4104 ἀπεκαλύφθη,
1423 4031 1509 4086 διὰ
1559 4030 1716 4086 τοῦτο
1758 4032 1859 4086 οὐκ

262 4121 537 4188 ἠδύναντο
569 4121 877 4175 πιστεύειν·
910 4117 1033 4176 εἶπε
1060 4122 1171 4196 γὰρ
1198 4122 1360 4178 πάλιν
1397 4124 1660 4189 Ἠσαῖαςο
1689 4123 1861 4177 Τετύ-

264 4212 490 4285 φλωκεν
521 4212 702 4267 αὐτῶν
722 4215 846 4279 τοὺς
872 4200 1205 4287 ὀφθαλμοὺς,
1234 4215 1329 4269 καὶ
1353 4214 1648 4288 ἐπώρωσεν
1680 4215 1859 4269 αὐτῶν

261 4305 373 4376 τὴν
407 4304 655 4376 καρδίαν,
684 4304 773 4358 ἵνα
803 4303 876 4378 μὴ
900 4304 1051 4358 ἴδωσι
1071 4307 1183 4368 τοῖς
1213 4304 1546 4376 ὀφθαλμοῖς,
1594 4303 1691 4358 καὶ
1735 4303 1861 4375 νοή-

266 4413 414 4452 σωσι
438 4399 507 4467 τῇ
532 4395 727 4468 καρδίᾳ
748 4436 764 4463 ,
796 4397 891 4450 καὶ
921 4396 1288 4468 ἐπιστρέψωσι
1309 4435 1324 4460 ,
1366 4397 1461 4451 καὶ
1493 4395 1733 4467 ίάσωμαι
1759 4396 1858 4449 αύ-

263 4490 422 4554 τούς.
473 4488 659 4544 Ταῦτα
704 4484 857 4544 εἶπεν
892 4489 1154 4553 Ἦσαῖας,
1190 4490 1280 4542 ὅτε
1309 4485 1417 4543 εἶδε
1455 4487 1553 4561 τὴν
1583 4488 1739 4554 δόξαν
1770 4488 1863 4542 αύ-

263 4580 390 4645 τοῦ,
408 4579 505 4634 καὶ⁸
528 4580 757 4652 ἐλάλησε
784 4579 910 4650 περὶ
940 4576 1102 4632 αὐτοῦ
1122 4596 1135 4609 ·
1163 4597 1180 4630 ι
1206 4576 1349 4634 κατά
1370 4578 1427 4631 δὲ
1451 4578 1542 4632 τὸν
1561 4576 1858 4640 Ματθαῑον,

267 4675 363 4729 ὅτε
419 4672 808 4745 προσελθόντες
853 4674 903 4727 οἱ
952 4671 1190 4743 μαθηταὶ
1244 4669 1410 4724 αὐτοῦ
1461 4666 1614 4725 εἷπον
1677 4667 1858 4740 αὐτῷ’

267 4767 377 4822 Διά
405 4767 459 4821 τί
490 4766 549 4820 ὲν
578 4765 914 4837 παραϐολαῖς
944 4764 1128 4828 αὐτοῖς
1159 4762 1369 4830 λαλεῖς;
1399 4764 1428 4817 6
1454 4762 1511 4818 δὲ
1541 4760 1861 4835 ἀποκριθεὶς

268 4854 460 4913 εἶπεν·
505 4857 664 4928 Ὑμῖν
693 4856 899 4910 δέδοται
938 4856 1140 4926 γνῶναι
1165 4854 1234 4909 τά
1265 4857 1541 4927 μυστήρια
1573 4855 1672 4927 τῆς
1706 4854 1861 4927 βασι-

2340 2259 2513 2327 ipsum
2544 2258 2841 2335 credituri:
2872 2275 2976 2312 non
2998 2269 3155 2314 esset.

2036 2389 2055 2423 ι
2090 2370 2211 2426 Vidi
2243 2368 2534 2425 Dominum
2574 2370 2852 2427 sedentem
2888 2387 3053 2443 super
3086 2373 3225 2429 solio
3252 2372 3468 2430 excelso
3493 2379 3549 2430 et

1961 2463 2182 2518 sublimi
2213 2482 2225 2517 :
2259 2471 2314 2517 et
2342 2463 2618 2533 scraphim
2655 2464 2877 2519 stabant
2906 2466 2962 2519 in
2997 2465 3233 2520 circuitu
3273 2465 3393 2533 ejus
3413 2467 3480 2525 ”.
3521 2485 3540 2519 ι

1962 2553 2166 2608 Deinde
2211 2554 2491 2623 paululum
2535 2570 2864 2626 progressus
2916 2557 2997 2612 sic
3029 2559 3146 2612 ait:
3187 2576 3205 2611 ι
3247 2556 3316 2631 Et
3360 2558 3543 2614 audivi

1960 2661 2149 2717 vocem
2201 2644 2415 2699 Domini
2467 2646 2704 2702 dicentis
2748 2666 2762 2702 :
2806 2646 2979 2714 Quem
3042 2648 3288 2704 mittam?
3328 2657 3381 2705 et
3420 2653 3549 2721 quis

1962 2733 2064 2788 ibit
2091 2732 2158 2786 ad
2207 2733 2464 2803 populum
2516 2733 2707 2788 hunc?
2739 2733 2805 2789 Et
2833 2735 2947 2789 dixi
2981 2751 2993 2788 :
3023 2734 3163 2792 Ecce
3189 2753 3291 2808 ego
3325 2738 3544 2806 adsum,

1960 2825 2117 2880 mitte
2147 2840 2251 2879 me.
2295 2823 2361 2878 Et
2394 2825 2533 2879 dixit
2565 2845 2578 2879 :
2612 2823 2781 2888 Vade,
2815 2836 2869 2881 et
2900 2826 2991 2881 dic
3034 2828 3236 2899 populo
3263 2828 3411 2897 huic,
3444 2845 3547 2885 au-

1960 2916 2076 2971 ditu
2119 2915 2375 2980 audietis,
2404 2922 2458 2970 et
2482 2931 2589 2970 non
2622 2916 2959 2986 intelligetis,
2983 2926 3036 2972 et
3066 2918 3341 2976 intuentes
3364 2921 3546 2976 intue-

1960 3009 2174 3071 bimini,
2216 3015 2271 3062 et
2304 3022 2410 3062 non
2451 3008 2725 3063 videbitis.
2755 3006 3019 3064 Crassum
3049 3009 3196 3064 enim
3228 3009 3432 3067 factum
3461 3019 3548 3068 est

1960 3115 2058 3155 cor
2080 3100 2265 3170 populi
2296 3099 2481 3170 hujus,
2511 3111 2565 3154 et
2587 3100 2813 3155 auribus
2836 3101 2953 3154 snis
2972 3101 3211 3171 graviter
3228 3102 3545 3170 audierunt,

1959 3199 2015 3247 et
2043 3193 2235 3247 oculos
2265 3207 2396 3248 suus
2422 3192 2763 3258 clauserunt,
2796 3193 3087 3262 nequando
3102 3194 3321 3250 videant
3343 3196 3544 3262 oculis,

1959 3291 2015 3340 et
2043 3284 2272 3338 auribus
2308 3282 2558 3347 audiant,
2592 3292 2648 3338 et
2680 3282 2846 3339 corde
2872 3282 3202 3356 intelligant,
3230 3293 3285 3342 et
3322 3301 3548 3343 conver-

1961 3381 2170 3440 tantur,
2222 3381 2278 3429 et
2325 3387 2513 3429 sanem
2561 3374 2716 3431 eos‘.
2768 3394 2787 3426 ι
2837 3373 3040 3430 ilarum
3088 3392 3309 3448 quoque
3360 3392 3547 3432 rerum

1960 3466 2131 3522 habes
2162 3473 2418 3521 eventum
2457 3466 2513 3520 in
2554 3464 2842 3534 Salvatore
2867 3474 3079 3531 nostro,
3114 3474 3174 3521 nt
3198 3467 3343 3538 apud
3379 3465 3549 3523 Joan-

1960 3571 2085 3612 nem
2139 3557 2395 3627 legimus,
2438 3554 2533 3625 qui
2573 3556 2651 3609 ait
2690 3571 2703 3607 :
2742 3573 2761 3606 ι
2799 3555 2937 3611 Cum
2983 3564 3167 3611 autem
3222 3567 3330 3610 tam
3374 3559 3547 3611 multa

1960 3649 2116 3721 signa
2158 3648 2381 3715 fecisset
2412 3662 2599 3702 coram
2631 3647 2735 3713 eis,
2776 3663 2885 3702 non
2911 3648 3264 3704 crediderunt
3298 3649 3352 3702 in
3385 3663 3535 3713 eum,

1962 3747 2020 3795 ut
2050 3755 2233 3796 sermo
2264 3738 2420 3796 Isaia
2451 3740 2732 3812 prophetae
2778 3741 3122 3811 impleretur,
3160 3755 3325 3812 quem
3358 3741 3498 3796 dixit
3526 3756 3542 3794 :

1959 3828 2213 3896 Domine,
2255 3831 2382 3903 quis
2417 3831 2647 3886 credidit
2676 3831 2886 3886 auditui
2921 3831 3156 3887 nostro?
3182 3844 3237 3887 et
3263 3832 3547 3887 brachium

1959 3921 2199 3989 Domini,
2226 3925 2315 3978 cui
2343 3924 2645 3979 revelatum
2679 3924 2803 3979 est?
2829 3931 3118 3995 prepterea
3151 3940 3260 3980 non
3296 3930 3549 3994 poterant

1959 4017 2202 4084 credere,
2225 3996 2365 4089 quia
2416 4018 2615 4072 iterum
2651 4016 2791 4072 dixit
2834 4017 3008 4073 Isaias
3036 4032 3050 4069 :
3083 4016 3388 4073 Excmavit
3414 4032 3551 4074 ocu-

1959 4113 2047 4171 los
2072 4130 2289 4182 eorum,
2319 4123 2375 4170 et
2405 4113 2685 4169 induravit
2714 4127 2811 4169 cor
2835 4128 3050 4176 eorum,
3075 4130 3144 4169 ne
3169 4114 3391 4171 videant
3413 4130 3551 4172 ocu-

1959 4209 2051 4271 lis,
2082 4218 2137 4265 et
2170 4210 2336 4265 corde
2377 4208 2706 4279 intelligant,
2739 4215 2796 4264 et
2823 4217 3240 4274 convertantur,
3260 4216 3316 4263 et
3355 4225 3544 4266 sanem

1960 4320 2077 4360 eos.
2126 4303 2253 4359 Haec
2281 4303 2420 4359 dixit
2466 4303 2660 4370 lsaias,
2692 4302 2916 4377 quando
2962 4303 3102 4358 vidit
3136 4303 3365 4375 gloriam
3400 4304 3545 4374 ejus,

1959 4402 2014 4449 et
2069 4394 2289 4449 locutus
2346 4400 2431 4449 est
2475 4391 2543 4447 de
2596 4407 2663 4447 eo
2685 4393 2725 4446 ².
2769 4411 2788 4444 ι
2823 4391 3132 4461 Caeterum,
3186 4401 3245 4447 ut
3290 4400 3374 4449 est
3401 4392 3545 4464 apud

1962 4487 2301 4551 Hatthmum,
2340 4488 2665 4543 accedentes
2695 4484 2954 4556 discipuli
2998 4484 3121 4555 ejus
3152 4484 3409 4540 dixerunt
3440 4485 3489 4540 ei
3527 4503 3541 4540 :

1969 4598 1988 4631 ι
2021 4578 2204 4645 Quare
2239 4579 2293 4634 in
2324 4579 2601 4650 parabolis
2624 4579 2868 4650 loqueris
2898 4577 3012 4632 eis?
3066 4577 3159 4648 qui
3208 4576 3549 4645 respondens

1963 4670 2040 4724 ait
2066 4671 2177 4727 illis
2202 4687 2214 4723 :
2244 4670 2411 4727 Vobis
2433 4671 2619 4725 datum
2649 4678 2733 4726 est
2764 4684 2928 4725 nosse
2961 4669 3220 4740 mysteria
3245 4667 3419 4739 regni,
3438 4666 3547 4720 illis

1962 4770 2144 4817 autem
2198 4776 2308 4817 non
2363 4769 2447 4818 est
2492 4761 2681 4818 datum
2716 4778 2729 4813 :
2759 4760 2882 4816 ideo
2920 4761 2973 4815 in
3025 4760 3302 4823 parabolis
3351 4760 3547 4828 loquor

1963 4852 2066 4917 eis,
2101 4858 2160 4906 ut
2191 4851 2439 4908 videntes
2478 4869 2587 4910 non
2621 4853 2863 4918 videant,
2893 4861 2947 4909 et
2981 4851 3270 4907 audientes
3304 4866 3412 4905 non
3447 4864 3548 4902 au-

270 4948 452 5010 λείας,
477 4947 704 5013 ἐκείνοις
724 4947 781 5001 δὲ
804 4948 866 5001 οὺ
886 4947 1095 5008 δέδοται
1109 4964 1123 4976 ·
1149 4945 1234 5000 διὰ
1258 4943 1419 4999 τοῦτο
1439 4946 1497 4997 ὲν
1524 4942 1863 5015 παραϐολαῖς

1966 4944 2139 5010 (iant,
2169 4960 2240 4999 ne
2273 4945 2494 5015 quando
2518 4951 2928 5007 convertantur,
2960 4954 3013 5000 et
3044 4958 3231 5000 sanem
3257 4939 3545 4998 eos.Tunc

273 5041 468 5104 αὐτοῖς
497 5038 674 5102 λαλῶ,
703 5037 798 5092 «ἴνα
830 5037 1120 5109 βλέποντες
1156 5045 1230 5108 μη
1264 5033 1537 5106 βλέπωσι,
1575 5036 1670 5087 καὶ
1700 5032 1866 5087 ἀκού-

272 5147 434 5193 οντες
460 5135 536 5202 μη
564 5128 804 5183 ἀκούωσι
824 5169 839 5191 ,
872 5130 946 5201 μή
978 5146 1106 5183 ποτε
1140 5125 1509 5200 ἐπιστρέψωσι
1528 5165 1543 5190 ,
1571 5124 1667 5179 καὶ
1698 5124 1865 5179 ίάσω-

280 5239 385 5294 μαι
415 5220 630 5284 αὐτούς.
663 5221 799 5275 Τότε
825 5219 1115 5293 ἐπληρώθη
1149 5220 1238 5273 ἐπ’
1270 5219 1456 5281 αὐτοῖς
1492 5218 1526 5290 ἡ
1558 5215 1866 5290 προφητεία

292 5311 522 5367 Ἡσαΐου
565 5314 600 5384 ἡ
626 5311 863 5381 λέγουσα
882 5328 895 5344 ο
929 5334 948 5363 ι
978 5310 1312 5384 Πορεύθητι,
1342 5317 1439 5363 και
1485 5306 1605 5361 εἰπὲ
1634 5305 1714 5377 τῷ
1749 5305 1866 5377 λαῷ

278 5399 491 5470 τούτῳ·
534 5400 694 5472 Ἀκοῇ
725 5399 1019 5463 ἀκούσετε,
1053 5401 1147 5453 καὶ
1170 5399 1231 5452 οὐ
1262 5398 1337 5469 μὴ
1373 5396 1593 5468 συνῆτε,
1624 5414 1644 5449 ι
1677 5395 1772 5450 καὶ
1798 5396 1868 5451 τά

278 5492 499 5555 τούτοις
539 5492 677 5564 ἑξῆς.
734 5492 1012 5564 Ἐπιτήρει
1056 5491 1113 5544 δὲ
1157 5491 1277 5545 τίνα
1310 5490 1512 5565 τρόπον
1543 5490 1573 5543 ό
1615 5488 1869 5561 Ἰωάννης

281 5586 485 5653 ἐπάγει
516 5583 721 5653 λέγων·
757 5602 774 5635 ι
804 5583 990 5637 Ταῦτα
1020 5578 1172 5636 είπεν
1205 5582 1457 5646 Ἡσαΐας,
1490 5582 1579 5637 ὅτε
1616 5576 1725 5634 εἶδε
1769 5581 1868 5652 τὴν

281 5678 445 5744 δόξαν
461 5676 645 5740 αὐτοῦ,
662 5676 756 5730 καὶ
776 5675 1000 5748 ὲλάλησε
1019 5674 1148 5747 περὶ
1167 5674 1354 5739 αὐτοῦ,
1383 5694 1402 5728 ι
1416 5675 1492 5739 ὡς
1513 5674 1606 5728 τὸν
1629 5674 1867 5746 Χριστὸν

1970 5033 2242 5104 completa
2277 5043 2363 5091 est
2406 5034 2461 5090 in
2511 5037 2592 5092 eis
2634 5036 2919 5107 prophetia
2971 5032 3161 5097 lsaize,
3209 5047 3327 5099 quite
3358 5030 3542 5086 dicit:

1972 5120 2145 5190 Vade,
2174 5134 2229 5181 et
2275 5126 2365 5183 die
2408 5129 2610 5199 populo
2655 5128 2803 5192 huic,
2841 5126 3029 5181 auditu
3061 5124 3319 5190 audietis,
3351 5133 3404 5177 et
3432 5138 3544 5180 nou

1973 5217 2370 5291 lntelligetis',
2418 5240 2437 5275 ι
2470 5229 2524 5276 et
2579 5236 2699 5291 qua:
2757 5228 3084 5290 sequuntur.
3135 5217 3368 5274 Attende
3414 5230 3550 5272 vero

1973 5310 2103 5379 quid
2141 5311 2225 5365 sit
2267 5312 2413 5381 quod
2465 5310 2702 5367 Joannes
2744 5312 3010 5383 adjungit,
3054 5310 3144 5366 ubi
3197 5309 3318 5363 ait:
3360 5330 3379 5362 ι
3420 5308 3547 5365 Haec

1969 5402 2107 5458 dixit
2136 5401 2324 5469 lsaias,
2357 5405 2579 5475 quando
2628 5405 2761 5459 vidit
2792 5388 3019 5475 gloriam
3054 5402 3197 5473 ejus,
3223 5412 3279 5457 et
3325 5403 3547 5460 locutus

1970 5502 2055 5549 est
2107 5494 2175 5551 de
2232 5509 2320 5551 eo.
2375 5515 2394 5547 ι
2454 5494 2611 5563 Quod
2667 5511 2800 5552 sane
2853 5512 2962 5551 non
3030 5495 3192 5551 aliter
3264 5493 3544 5564 accipien-

1970 5584 2101 5640 dum
2164 5593 2290 5649 est,
2352 5601 2415 5640 ac
2474 5587 2519 5642 si
2592 5585 2871 5641 Christum
2939 5584 3254 5658 Christique
3313 5584 3544 5655 gloriam

1971 5677 2237 5748 propheta
2294 5678 2349 5733 in
2416 5694 2480 5733 ea
2538 5678 2750 5734 visione
2822 5677 3064 5747 viderit,
3119 5679 3175 5732 in
3225 5690 3335 5746 qua
3395 5674 3472 5728 ait
3522 5687 3545 5733 3

359 5832 407 5865 ”
446 5830 552 5885 Isa.
588 5847 672 5891 vn,
708 5828 816 5890 LE.
898 5828 915 5859 ¹
953 5828 1084 5884 ibid.
1118 5829 1272 5887 8-l0.
1346 5832 1368 5862 ¹
1414 5828 1572 5886 Joan.
1611 5845 1721 5896 xli,
1755 5827 1864 5883 57m

2030 5828 2052 5861 ³
2087 5827 2279 5886 Matth.
2311 5847 2447 5897 xui,
2491 5833 2672 5891 lC-l-t.
