4110 6410
640 392 740 449 707

1238 389 1507 446 EUSEBII
1547 383 2028 447 CESABIENSIS
2065 391 2436 446 OPP..PARS
2474 388 2537 446 11.
2575 422 2643 435 --
2679 391 3173 452 APOLOGETICA.
3729 406 3814 464 708

635 505 797 578 [‘55
834 523 852 557 ι
886 503 1006 559 Vidi
1045 500 1332 559 Dominum
1363 502 1603 558 Sabaoth
1634 502 1914 558 sedentem
1957 505 2011 557 in
2060 505 2197 558 solio
2228 525 2258 576 Α

2190 523 2197 554 ι
2228 525 2268 576 Α
2300 507 2604 577 ἑωρακότος
2651 511 2744 562 καὶ
2789 511 2885 582 τήν
2928 511 3162 583 Χριστοῦ
3207 512 3362 579 δόξαν
3407 514 3498 568 τοῦ
3533 521 3813 592 προφήτου,

636 597 852 651 excelso
874 604 926 649 ct
948 594 1187 662 sublimi,
1225 613 1243 646 ι
1277 602 1331 648 et
1360 608 1481 664 quae
1504 601 1828 662 sequuntur.
1861 591 1994 659 Quis
2017 600 2198 647 autem

638 700 748 739 non
777 685 1080 738 admiretur
1127 683 1452 738 oraculum?
1505 698 1629 737 cum
1670 684 1834 738 etiam
1890 698 2038 737 nunc
2066 681 2200 737 adeo

637 777 916 831 evidenter
966 776 1162 830 intueri
1217 775 1379 830 liceat
1419 773 1639 829 Judaici
1681 775 1864 845 pOpuli
1936 773 2200 830 adversus

637 863 912 920 Christum
952 863 1426 919 incredulitatem?
1461 863 1593 918 Nam
1638 864 1767 918 olim
1800 863 2020 933 quidem
2047 863 2200 917 illum

638 956 911 1010 hominem
943 955 1165 1019 factum,
1191 955 1564 1024 miraculaque
1583 954 1831 1010 edentem
1864 953 2006 1024 apud
2039 969 2096 1009 se
2117 954 2204 1008 in-

569 1055 572 1058 ’
636 1055 874 1113 tuentes,
926 1048 1094 1101 animi
1150 1054 1314 1116 atque
1359 1046 1730 1118 intelligentia:
1772 1047 1948 1102 oculis
1979 1061 2202 1102 cernere

636 1153 748 1194 non
782 1147 1054 1208 poterant,
1091 1154 1267 1208 neque
1301 1138 1447 1208 apud
1491 1138 1639 1209 ipsos
1683 1138 1827 1194 ullus
1857 1147 1977 1192 erat
2009 1139 2202 1193 animae

638 1229 985 1300 intelligentis
1019 1228 1268 1291 intuitus,
1297 1243 1404 1298 quo
1428 1230 1817 1298 perspicerent,
1850 1245 2097 1300 quamam
2113 1244 2204 1284 es-

637 1330 720 1377 set
750 1322 805 1375 in
838 1321 1031 1375 mediis
1068 1321 1202 1391 ipsis
1233 1321 1433 1384 virtus,
1470 1337 1591 1391 qua:
1619 1330 1770 1376 tanta
1807 1329 1861 1376 et
1891 1331 2000 1376 tam
2032 1322 2202 1376 multa

636 1412 900 1467 miracula
929 1410 1182 1467 eiiiceret.
1216 1411 1360 1478 Quin
1396 1412 1560 1466 etiam
1592 1427 1715 1466 cum
1763 1413 1990 1468 auribus
2036 1413 2203 1468 verba

637 1504 759 1557 vitae
789 1509 1003 1556 aeternae
1028 1501 1304 1571 percipere
1333 1499 1511 1554 idonei
1543 1501 1740 1556 redditi
1769 1509 1976 1567 essent,
2013 1512 2066 1558 et
2101 1517 2200 1558 vo-

637 1609 753 1648 cem
786 1594 982 1649 divinte
1010 1595 1288 1664 sapientiae
1317 1595 1591 1660 audirent,
1622 1595 1849 1652 auribus
1871 1597 2070 1652 mentis
2091 1611 2202 1652 non

637 1684 950 1750 audiebant,
983 1693 1041 1738 ut
1071 1686 1151 1741 sic
1198 1686 1449 1742 videlicet
1484 1685 1702 1756 ipsimet
1735 1687 2032 1756 prophetiae
2078 1703 2198 1741 ma-

636 1777 897 1832 nifestum
947 1776 1105 1832 linem
1139 1777 1500 1848 imponerent.
1537 1777 1728 1832 Adhuc
1755 1785 1935 1832 autem
1963 1792 2087 1830 cum
2116 1777 2200 1832 di-

2300 598 2441 650 κατά
2466 597 2562 669 τὴν
2595 600 2877 665 ὀπτασίαν,
2901 601 2959 654 ἐν
2987 597 3020 674 ᾖ
3048 601 3280 672 ἔφησενο
3325 621 3342 654 ι
3373 599 3519 658 Εἶδον
3548 607 3630 659 τὸν
3649 609 3817 683 Κύριον

2301 687 2524 742 Σαϐαὼθ
2550 689 2864 762 καθήμενον
2894 693 2984 745 ἐπὶ
3027 693 3214 764 θρόνου
3250 693 3450 764 ὑψηλοῦ
3485 697 3573 750 καὶ
3612 701 3819 773 ἐπηρμέ-

2301 797 2414 843 νου,
2446 799 2465 831 ι
2516 782 2612 833 καὶ
2653 783 2722 835 τά
2772 781 2915 852 ἑξῆς.
2967 783 3061 846 Τίς
3098 783 3143 836 δ’
3173 785 3275 837 οὐκ
3321 785 3388 838 ἂν
3429 787 3706 861 ἐκπλαγείη
3739 792 3819 864 τήν

2302 872 2622 945 πρόρρησιν,
2662 875 2906 946 ἐναργῶς
2938 875 3110 939 οὕτως
3154 877 3320 930 εἰσέτι
3363 864 3456 933 νῦν
3493 879 3624 952 ὀρῶν
3653 881 3744 936 τῶν
3770 887 3821 939 ἐκ

2303 967 2603 1036 περιτομῆς
2629 966 2728 1037 τὴν
2760 968 2840 1030 είς
2872 968 3105 1038 Χριστὸν
3135 968 3427 1035 ἀπιστίαν;
3458 971 3545 1024 καὶ
3569 969 3718 1026 πάλαι
3741 975 3820 1045 μὲν

2303 1057 2411 1128 γὰρ
2454 1058 2902 1130 ὲνανθρωποῦντα
2931 1060 3023 1114 καὶ
3066 1060 3577 1130 παραδοξοποιοῦντσ
3600 1066 3650 1117 ὲν
3673 1068 3821 1131 αὐτοῖς

2303 1150 2536 1222 ὁρῶντες
2565 1151 2744 1216 αὑτὸν,
2779 1149 3076 1222 ὀφθαλμοῖς
3105 1153 3282 1224 ψυχῆς
3309 1153 3400 1206 καὶ
3426 1151 3650 1219 διανοίας
3671 1157 3815 1228 tam.

2305 1260 2388 1295 σιν
2412 1243 2510 1295 οὑκ
2537 1242 2796 1308 ἐθεῶντο,
2827 1243 2946 1295 οὐδέ
2978 1261 3060 1307 τις
3091 1242 3159 1312 ἦν
3190 1247 3247 1296 ἐν
3281 1245 3462 1308 αὐτοῖς
3485 1250 3662 1320 νοερᾶς
3697 1250 3823 1302 ἐνθυο

2308 1339 2381 1408 μή
2393 1353 2521 1400 seu;
2554 1335 2762 1407 ὅρασις,
2788 1337 2867 1398 είς
2893 1335 2952 1388 τὸ
2981 1337 3214 1390 συνιέναι
3246 1336 3330 1399 τίς
3374 1339 3488 1390 ποτ’
3513 1339 3613 1409 ἄρα
3640 1335 3700 1410 ἦν
3725 1344 3824 1412 ήτέι

2301 1429 2539 1483 τοσαῦτα
2586 1429 2678 1482 καὶ
2718 1428 3014 1500 τηλικαῦτα
3064 1428 3547 1502 θαυματουργοῦσα
3586 1434 3638 1485 ἐν
3675 1435 3824 1499 αὐτοῖς

2302 1521 2548 1593 δύναμις.
2584 1519 2743 1574 Ἀλλά
2769 1522 2863 1574 καὶ
2889 1522 3078 1584 αὐταῖς
3109 1523 3298 1585 ἀκοαῖς
3325 1524 3542 1594 ῥήματα
3569 1523 3698 1596 ζωῆς
3721 1528 3822 1579 aim-

2302 1615 2414 1670 νίου
2435 1613 2686 1679 δέξασθαι
2713 1614 3128 1684 κατηξιωμένοι,
3151 1617 3245 1668 καὶ
3270 1617 3452 1686 φωνῆς
3478 1617 3649 1670 ἐνθέου
3671 1618 3826 1688 σοφίας

2303 1708 2676 1783 ἀκροώμενοι,
2723 1707 2825 1760 ὠσὶ
2857 1706 3095 1770 διανοίας
3128 1709 3229 1761 οὐκ
3271 1709 3494 1780 ήκουον,
3525 1710 3597 1772 ὡς
3637 1711 3826 1781 ἐναργὲς

2303 1803 2456 1864 τέλος
2486 1801 2782 1869 ἐπαγαγεῖν
2810 1800 3007 1863 αὐτοὺς
3026 1802 3092 1870 τῇ
3116 1801 3442 1871 προφητείᾳ.
3470 1802 3577 1854 Καὶ
3606 1803 3678 1865 είς
3697 1802 3827 1872 δεῦρο

635 1868 819 1922 vinam
850 1868 1052 1922 Christi
1088 1868 1365 1934 virtutem,
1394 1885 1490 1938 per
1511 1884 1675 1938 quam
1707 1883 1866 1923 onme
1899 1876 2070 1939 genus
2099 1868 2199 1922 ho-
2228 1882 2258 1937 Ε

2228 1882 2270 1937 Β
2298 1891 2354 1944 δὲ
2381 1889 2479 1961 τὴν
2503 1890 2682 1943 ἔνθεον
2714 1890 2806 1943 τοῦ
2840 1868 3090 1961 Χριστού
3109 1868 3358 1962 δύναμιν,
3391 1868 3459 1946 δι’
3483 1888 3549 1966 ἧς
3581 1895 3681 1946 πᾶν
3701 1868 3827 1961 γένος

636 1963 842 2015 minum
874 1962 1062 2031 patriis
1092 1962 1576 2031 superstitionibus
1612 1963 1919 2027 liberatum,
1953 1979 2065 2018 sua:
2115 1964 2199 2034 ip-

637 2052 752 2106 sius
786 2051 1036 2121 religioni
1070 2052 1321 2121 subjecit,
1357 2060 1465 2105 tam
1501 2053 1647 2108 clare
1701 2055 1991 2108 micantem
2023 2054 2198 2123 inspi-

635 2144 812 2212 ciant,
887 2157 1232 2214 nequaquam
1283 2143 1335 2196 vi
1391 2145 1587 2198 mentis
1636 2144 1965 2208 attendunt,
2022 2160 2200 2214 neque

635 2233 1094 2300 animadvertunt,
1119 2233 1598 2304 quemadmodum,
1624 2235 1769 2304 quod
1800 2248 1977 2304 neque
2001 2250 2030 2287 a
2050 2233 2199 2290 Mose

634 2339 811 2394 neque
833 2341 865 2378 a
894 2325 1292 2395 posterioribus
1323 2324 1471 2380 Mose
1506 2325 1784 2395 prOphetis
1819 2326 1875 2378 in
1907 2326 2038 2381 solis
2065 2325 2200 2395 ipsis

632 2417 865 2472 obtineri
895 2418 1094 2487 potuit,
1131 2419 1234 2472 hoc
1276 2425 1361 2473 est
1409 2435 1478 2473 ne
1511 2419 1822 2474 simulacris
1875 2419 2198 2474 addiceren-

630 2515 742 2574 tur,
779 2525 954 2580 neque
985 2509 1281 2563 multorum
1305 2510 1531 2563 deorum
1555 2509 1932 2581 superstitioni
1963 2509 2200 2566 adhaere-

633 2608 774 2665 rent,
810 2602 989 2672 ipsum
1023 2601 1127 2655 hoc
1161 2601 1217 2654 in
1260 2600 1476 2656 cunctis
1508 2601 1760 2672 gentibus
1789 2601 1973 2655 divina
2007 2599 2197 2655 Salva-

633 2691 770 2745 toris
831 2690 1005 2746 nostri
1067 2691 1265 2754 virtus,
1325 2698 1384 2745 ut
1438 2692 1884 2755 constitueretur,
1935 2689 2194 2744 eﬂ‘ecerit.

633 2782 835 2838 Deinde
853 2783 1168 2854 prophetica
1191 2784 1258 2839 de
1282 2782 1375 2837 illo
1400 2784 1712 2839 testimonia
1738 2782 1957 2838 assidue
1979 2798 2200 2838 versan-

632 2885 735 2941 tes,
767 2876 954 2930 auditu
988 2875 1207 2946 quidem
1262 2876 1515 2941 audiunt,
1554 2875 1650 2930 sed
1705 2891 1812 2930 non
1861 2875 2194 2944 intelligunt,

633 2972 820 3034 utpote
868 2979 993 3018 cum
1052 2963 1214 3018 etiam
1253 2979 1401 3018 nunc
1447 2964 1754 3034 prophetia,
1797 2979 1919 3034 quae
1952 2979 2098 3018 nunc
2139 2963 2197 3017 in

631 3056 884 3111 manibus
909 3062 1014 3123 est,
1045 3063 1238 3111 contra
1271 3056 1421 3127 ipsos
1452 3071 1642 3110 revera
1671 3057 2030 3126 compleatur.

630 3172 674 3226 A
706 3168 1559 3236 Zacharia.—Quemadmodum
1608 3185 1763 3237 super
1811 3169 1957 3238 pullo
2011 3168 2194 3226 sedens

795 3240 1166 3310 Hierosolyma
1196 3242 1528 3311 ingressurus
1550 3240 1765 3293 oraculo
1793 3241 2023 3295 dicatur.

709 3371 727 3404 ι
773 3351 959 3408 Gaude
1002 3353 1370 3417 vehementer,
1422 3353 1532 3408 lilia
1582 3353 1749 3419 Sion;
1797 3353 2052 3424 prmdica,
2087 3353 2196 3409 ﬁlia

629 3448 950 3502 Jerusalem.
986 3446 1125 3500 Ecce
1159 3447 1269 3502 Rex
1297 3454 1425 3500 tuus
1458 3447 1606 3501 venit
1635 3446 1732 3498 tibi
1769 3446 1953 3514 justus
1993 3456 2049 3500 et
2084 3448 2198 3502 sal-

629 3555 726 3594 vos
773 3537 977 3592 faciens
1013 3558 1028 3592 ;
1063 3538 1178 3609 ipse
1230 3547 1551 3592 mansuetus
1605 3545 1660 3592 et
1693 3537 1984 3607 impositus
2031 3553 2198 3608 super

624 3628 935 3698 iumentum
969 3636 1024 3683 et
1054 3628 1261 3698 pullum
1293 3627 1718 3682 adolescentem.
1754 3629 1822 3682 Et
1856 3629 2046 3698 perdet
2069 3645 2196 3684 cur-

630 3733 751 3772 rum
790 3733 858 3772 ex
903 3716 1156 3787 Ephrem,
1185 3725 1238 3773 et
1268 3733 1466 3788 equum
1493 3733 1558 3770 cx
1587 3715 1886 3773 Jerusalem
1918 3737 1932 3774 :
1975 3727 2027 3774 et
2054 3720 2200 3789 peri-

629 3803 707 3858 bit
741 3818 902 3858 arcus
930 3805 1177 3870 bellicus,
1209 3813 1264 3859 et
1294 3805 1627 3860 abundantia
1647 3807 1800 3876 pacis
1826 3822 1890 3862 ex
1920 3809 2194 3878 gentibus.

631 3896 694 3949 Et
715 3898 1079 3967 principatum
1106 3898 1374 3952 obtinebit
1406 3899 1596 3952 amari
1628 3914 1804 3968 usque
1836 3897 1903 3952 ad
1936 3914 2105 3963 mare,
2141 3908 2197 3955 et

627 4003 657 4039 a
691 3985 1006 4042 ﬂuminibus
1056 4003 1150 4056 per
1196 3989 1641 4059 exporrectiones
1697 3997 1856 4044 terra:
1883 3989 1944 4044 ‘9
1979 4009 1999 4042 ι
2055 3990 2195 4044 Cum

629 4075 745 4130 haec
773 4082 896 4144 post
926 4077 1156 4130 reditum
1187 4076 1253 4131 de
1278 4079 1571 4150 Babylone,
1606 4078 1936 4142 novissimis,
1956 4081 2195 4150 prophe-

612 4153 804 4218 tarum
829 4165 1165 4234 temporibus
1197 4164 1492 4222 Zacharias
1518 4169 1798 4233 cecinerit,
1823 4167 1986 4241 456
2009 4171 2195 4226 nullus

626 4263 750 4326 post
774 4255 892 4325 ejus
917 4257 1216 4326 prephetiae
1259 4268 1473 4328 tempus
1499 4274 1589 4312 rex
1617 4257 1760 4331 apud
1781 4257 1998 4315 Judeeos
2023 4260 2193 4316 fuisse

627 4357 978 4416 memoratur,
1032 4349 1247 4418 qualem
1302 4351 1417 4406 haec
1449 4351 1735 4421 pr0phetia
1766 4352 2047 4418 describit,
2084 4355 2194 4411 nisi

625 4457 770 4496 unus
799 4441 1064 4496 duntaxat
1107 4441 1361 4497 Salvator
1390 4458 1454 4498 ac
1489 4442 1756 4499 Dominus
1790 4452 1979 4500 noster
2006 4444 2190 4514 Jesus,

2299 1982 2598 2053 ἀνθρώπων
2632 1983 2945 2052 ἀποστήσας
2990 1982 3090 2053 τῆς
3134 1982 3363 2053 πατρίου
3412 1983 3824 2055 δεισιδαιμονίας,

2298 2073 2609 2144 ὑπηγάγετο
2633 2077 2700 2145 τῇ
2724 2075 2842 2126 κατ’
2883 2073 3044 2126 αὑτὸν
3079 2073 3357 2146 θεοσεϐείᾳ
3375 2117 3388 2140 ,
3417 2076 3653 2148 ἐναργῶς
3686 2077 3826 2140 οὕτως

2299 2166 2701 2237 ἐμφαινομένην
2734 2167 2999 2236 ὁρῶντες,
3031 2167 3281 2240 οὐδαμῶς
3322 2169 3609 2239 ἐφιστῶσιν
3643 2174 3702 2241 τῇ
3738 2171 3827 2222 διαο

2298 2258 2438 2329 vola,
2468 2259 2576 2312 οὐδ’
2597 2259 3000 2324 ἐπιϐάλλουσιν,
3023 2262 3171 2324 ὅπως
3201 2263 3262 2314 τὸ
3294 2265 3432 2334 μήτε
3457 2264 3684 2328 Μωῦσεῖ,
3717 2264 3827 2334 μήτε

2295 2353 2406 2414 τοῖς
2437 2353 2576 2421 μετά
2607 2352 2844 2406 Μωῦσέα
2870 2354 3172 2424 προφήταις
3198 2354 3290 2406 ἐπὶ
3327 2355 3503 2425 μόνων
3525 2355 3691 2408 αὐτῶν
3719 2372 3819 2407 κατα

2296 2441 2534 2514 ορθωθὲν
2559 2485 2573 2510 ,
2617 2444 2774 2496 τοῦτο
2801 2443 2864 2515 δὴ
2905 2444 2966 2497 τὸ
3012 2445 3087 2516 μὴ
3131 2444 3564 2520 εἰδωλολατρεῖν,
3614 2446 3732 2518 μηδὲ
3773 2448 3825 2516 τῇ

2299 2535 2542 2606 πολυθέῳ
2589 2536 2875 2608 προσέχειν
2905 2536 3081 2612 πλάνῃ
3103 2581 3117 2604 ,
3148 2538 3294 2592 τοῦτ’
3323 2540 3417 2592 ἐπὶ
3452 2541 3660 2594 πάντων
3689 2539 3827 2592 ἐθνῶν

2297 2626 2331 2695 ἡ
2358 2625 2450 2679 τοῦ
2480 2629 2730 2700 Σωτῆρος
2752 2632 2785 2700 ή
2794 2628 2905 2699 μῶν
2938 2628 3117 2692 ἔνθεος
3139 2629 3306 2702 ἀρετὴ
3330 2633 3702 2703 συνεστήσατο.
3723 2627 3827 2686 Εἶτα

2296 2722 2352 2775 δὲ
2383 2722 2503 2784 ταῖς
2531 2737 2676 2792 προφ
2687 2723 2896 2791 ητικαῖς
2921 2719 3339 2791 ἐντυγχάνοντες
3383 2722 3513 2793 περὶ
3537 2722 3690 2776 αὐτοῦ
3718 2738 3828 2792 μαρ-

2296 2813 2533 2884 τυρίαις,
2562 2814 2696 2882 ἀκοῇ
2724 2813 2821 2882 μὲν
2850 2811 3158 2877 ἀκούουσιν,
3184 2813 3299 2866 ἀλλ’
3330 2813 3390 2866 ού
3416 2817 3674 2877 συνιᾶσιν,
3709 2813 3826 2883 ἔργῳ

2299 2905 2681 2977 πληρουμένης
2707 2905 2872 2958 είσέτι
2899 2905 2994 2960 καὶ
3026 2905 3119 2960 νῦν
3145 2907 3266 2960 κατ’
3294 2906 3478 2962 αὐτῶν
3501 2908 3598 2973 τῆς
3625 2908 3678 2963 ἐν
3701 2907 3827 2978 χερσὶ

2298 2997 2654 3070 προφητείας.

2310 3155 2440 3228 Ἀπῤ
2468 3154 2573 3228 τοῦ
2600 3154 2912 3228 Ζαχαρίου.
2932 3187 3002 3197 -
3033 3157 3130 3224 Ὠς
3167 3157 3265 3212 ἐπὶ
3299 3157 3508 3213 πῶλον
3545 3158 3827 3228 ὀχούμενος

2400 3225 2645 3279 ἐλάσειν
2668 3230 2755 3292 εἰς
2782 3227 2854 3280 τὰ
2883 3229 3262 3297 Ἰεροσόλυμα
3293 3225 3729 3299 προφητεύεται.

2374 3359 2392 3390 ι
2420 3342 2588 3411 Χαῖρε
2625 3341 2846 3412 σφόδρα,
2876 3341 3113 3414 θύγατερ
3137 3341 3299 3406 Σιὼν,
3331 3344 3603 3414 κήρυσσε,
3631 3342 3827 3410 θύγατερ

2309 3431 2695 3502 Ἰερουσαλήμ*
2744 3431 2852 3486 ίδοὺ
2895 3435 2923 3487 ό
2967 3432 3220 3502 βασιλεύς
3256 3451 3349 3487 σου
3399 3433 3616 3505 ἔρχεταί
3663 3450 3732 3485 σοι
3767 3429 3828 3482 δί-

2297 3541 2451 3587 καιος
2474 3525 2567 3577 καὶ
2598 3525 2803 3589 σώζων,
2833 3524 2997 3588 αὐτὸς
3030 3525 3236 3597 πραῢς,
3274 3529 3367 3580 καὶ
3398 3525 3728 3596 ἐπιϐεϐηκὼς
3754 3521 3828 3575 ἐπὶ

2297 3616 2586 3684 ὑποζύγιον
2618 3618 2711 3670 καὶ
2741 3617 2915 3670 πῶλον
2944 3617 3081 3671 νέον.
3116 3619 3228 3672 Καὶ
3250 3618 3613 3689 ἐξολοθρεύσει
3644 3617 3827 3688 ἅρματα

2295 3710 2353 3776 ἐξ
2385 3710 2652 3780 Ἐφραεὶμ
2671 3749 2685 3775 ,
2722 3711 2816 3763 καὶ
2864 3711 3027 3763 ἵππον
3057 3709 3117 3776 ἐξ
3149 3711 3536 3783 Ἰερουσαλήμ·
3569 3711 3657 3765 καὶ
3680 3707 3820 3772 ἐξολοο

2296 3801 2648 3872 θρευθήσεται
2677 3800 2830 3866 τόξον
2863 3802 3174 3874 πολεμικὸν,
3211 3804 3304 3856 καὶ⁹
3331 3805 3538 3878 πλῆθος
3562 3805 3759 3878 εἰρήνης
3779 3799 3826 3865 ἐξ

2296 3891 2464 3945 ἐθνῶν
2488 3931 2503 3954 ,
2550 3893 2641 3946 καὶ
2676 3893 2935 3964 κατάρξει
2977 3892 3084 3946 ἀπὸ
3111 3893 3384 3965 θαλάσσης
3423 3896 3529 3958 ἕως
3555 3894 3823 3960 θαλάσσης,

2296 3982 2388 4036 καὶ
2419 3983 2527 4036 ἀπὸ
2565 3982 2824 4052 ποταμῶν
2857 3985 2937 4045 εἰς
2977 3981 3259 4044 διεκϐολὰς
3291 3982 3417 4051 γῆς.
3453 4003 3468 4033 ο
3512 3981 3685 4034 Ταῦτα
3717 3974 3828 4049 μετὰ

2293 4074 2391 4146 τὴν
2439 4074 2546 4130 ἀπὸ
2585 4073 2898 4138 Βαϐυλῶνος
2945 4074 3201 4128 ἐπάνοδον
3241 4073 3334 4127 τοῦ
3373 4073 3638 4145 Ζαχαρίου
3671 4073 3742 4134 είς
3773 4067 3825 4119 τὰ

2296 4167 2502 4221 ὕστατα
2528 4167 2633 4220 τῶν
2662 4166 2955 4239 προφητῶν
2980 4165 3352 4230 θεσπίσαντος,
3375 4167 3549 4230 οὐδεὶς
3576 4164 3702 4237 μετὰ
3726 4161 3825 4221 τοὺς

2293 4259 2393 4330 τῆς
2441 4259 2774 4330 προφητείας
2811 4258 3034 4330 χρόνους
3088 4259 3337 4329 βασιλεὺς
3389 4259 3540 4331 παρά
3593 4253 3826 4314 Ἰουδαίοις

2294 4350 2532 4420 γεγονὼς
2563 4351 2872 4422 ἱστορεῖται,
2900 4344 3066 4420 οἷονὴ
3095 4349 3401 4422 προφητεία
3435 4349 3761 4421 παρίστησιν,
3788 4343 3826 4394 εἰ

2298 4444 2372 4515 μὴ
2410 4442 2567 4514 μόνος
2596 4445 2623 4496 ὁ
2647 4441 2836 4513 Σωτὴρ
2863 4442 2956 4494 καὶ
2983 4441 3185 4513 Κύριος
3214 4441 3369 4512 ήμῶν
3405 4440 3612 4512 Ἰησοῦς
3629 4433 3827 4509 Χριστὸς

623 4534 877 4590 Christus
907 4533 1019 4599 Dei,
1043 4535 1201 4604 cujus
1229 4544 1470 4605 tempore
1500 4535 1603 4590 hoc
1630 4552 1847 4608 quoque
1872 4538 2186 4593 vaticinium
2222 4552 2246 4606 [

2222 4552 2265 4606 [)
2293 4536 2384 4589 τοῦ
2434 4535 2602 4598 Θεοῦ,
2649 4533 2769 4587 καθ’
2823 4534 2882 4586 ὃν
2921 4535 3016 4586 καὶ
3069 4532 3205 4604 αὕτη
3248 4534 3440 4598 τέλους
3483 4532 3760 4602 ἐτύγχανεν
3797 4523 3824 4593 ἡ

624 4641 782 4680 suum
814 4625 974 4680 linem
1005 4634 1089 4681 est
1125 4635 1503 4692 consecutum,
1536 4643 1660 4684 cum
1690 4630 1758 4683 ad
1788 4645 1918 4686 suos
1951 4631 2192 4702 discipu-

623 4716 707 4772 los
743 4715 907 4771 verba
938 4717 1028 4770 illa
1057 4717 1193 4771 dixit
1227 4737 1239 4772 :
1280 4737 1298 4768 ι
1333 4719 1409 4774 lte
1440 4719 1494 4772 in
1525 4719 1706 4772 vicum
1741 4720 1833 4790 qui
1870 4729 2062 4776 contra
2093 4739 2189 4778 vos

621 4816 724 4875 est,
754 4817 808 4863 et
838 4809 1124 4864 invenietis
1153 4810 1360 4864 asinam
1389 4820 1443 4865 et
1487 4811 1693 4880 pullum
1731 4813 2033 4884 alligatum.
2068 4815 2189 4870 Sol-

621 4901 732 4955 vite
760 4901 913 4954 illum
944 4909 998 4955 et
1043 4900 1295 4954 adducite
1329 4919 1341 4956 :
1374 4908 1428 4954 et
1479 4903 1525 4954 si
1576 4902 1698 4971 quis
1747 4905 1905 4960 vobis
1961 4904 2182 4971 dixerit,

618 4993 748 5062 quid
784 4993 997 5047 facitis?
1034 4992 1198 5048 dicite
1248 4994 1324 5047 illi
1361 5013 1374 5048 :
1408 4993 1670 5050 Dominus
1704 4995 1789 5050 bis
1837 4996 2060 5067 indiget.
2117 4997 2183 5052 Et

619 5085 883 5141 abeuntes
911 5086 989 5139 illi
1021 5086 1268 5141 fecerunt
1301 5096 1360 5141 ut
1394 5096 1724 5158 praeceperat
1745 5089 1854 5146 illis
1883 5089 2044 5148 Jesus
2077 5094 2120 5149 ⁵.
2161 5111 2182 5145 ι

617 5177 684 5231 Ει
715 5192 778 5232 ea
809 5177 1028 5248 quidem
1063 5194 1185 5250 quae
1215 5180 1301 5235 vel
1329 5181 1398 5234 ad
1421 5181 1730 5247 oraculum,
1768 5183 1855 5238 Vel
1880 5183 1950 5237 ad
1976 5184 2185 5238 oraculi

617 5277 870 5324 eventum
899 5272 1192 5340 pertinent,
1228 5272 1284 5326 in
1315 5272 1463 5328 hunc
1492 5273 1713 5328 modum
1743 5289 1801 5329 se
1821 5275 2038 5329 habent.
2077 5273 2185 5330 Sed

617 5359 751 5429 quid
778 5363 992 5416 tandem
1030 5364 1133 5418 sibi
1169 5365 1285 5420 vult
1333 5366 1448 5419 haec
1477 5363 1624 5421 illius
1657 5366 1714 5419 in
1741 5366 1897 5421 asino
1925 5366 2180 5430 vectatio,

617 5452 723 5506 nisi
750 5452 1009 5508 humilem
1036 5456 1184 5512 illius
1215 5467 1270 5512 et
1298 5459 1594 5512 obscurum
1639 5457 1950 5530 signiﬁcare
1979 5459 2184 5514 adven-

616 5551 754 5609 tum,
791 5544 950 5613 cujus
982 5555 1223 5617 tempore
1251 5549 1485 5618 primum
1513 5549 1686 5620 ipsius
1714 5565 1996 5605 accessum
2029 5565 2185 5619 pere-

615 5638 724 5710 git?
750 5653 877 5693 nam
931 5647 1015 5696 est
1069 5642 1206 5697 alter
1243 5642 1375 5697 item
1414 5644 1710 5714 gloriosus,
1743 5643 1810 5700 de
1854 5658 1964 5714 quo
1998 5641 2186 5697 Daniel

2297 4625 2597 4698 πρόρρησις
2620 4664 2635 4688 ,
2658 4625 2746 4676 ὅτε
2781 4626 2892 4687 τοῖς
2927 4624 3118 4677 ἑαυτοῦ
3147 4623 3415 4694 μαθηταῖς
3451 4625 3584 4693 πρὸς
3616 4621 3743 4686 λέξιν
3763 4616 3825 4668 εί-

2295 4717 2411 4770 πών
2430 4734 2444 4746 ·
2480 4736 2498 4766 ι
2527 4714 2887 4786 Πορευθέντες
2915 4718 2995 4779 είς
3023 4715 3122 4786 τὴν
3157 4716 3418 4768 ἀπέναντι
3446 4716 3664 4786 κώμην,
3695 4708 3828 4780 εὑρή-

2294 4826 2414 4863 σετε
2440 4808 2558 4860 ὄνον
2592 4807 2685 4861 καὶ
2720 4807 2896 4860 πῶλον
2925 4807 3224 4878 δεδεμένον.
3248 4807 3522 4871 Λύσαντες
3550 4807 3702 4860 αὑτὸν
3724 4800 3828 4868 ἀγά-

2290 4917 2442 4968 γετε·
2492 4901 2586 4952 καὶ
2634 4899 2728 4952 ἐάν
2765 4916 2847 4962 τις
2888 4900 3015 4968 ὑμῖν
3066 4898 3223 4971 εἴπῃ·
3270 4899 3336 4951 Τί
3378 4901 3614 4963 Misi-:3;
3665 4895 3825 4949 εἴπατε

2289 4991 2434 5063 αύτῷ
2453 5010 2466 5022 ’
2503 4993 2560 5045 Ὀ
2581 4991 2783 5063 Κύριος
2811 4991 2987 5044 αὐτῶν
3013 4991 3199 5063 χρείαν
3232 4990 3364 5061 ἔχει.
3402 4992 3511 5044 Καὶ
3541 4989 3828 5047 ἀπελθόντες

2291 5078 2486 5137 ἐκεῖνοι
2511 5084 2769 5153 ἐποίησαν
2803 5083 2924 5136 καθ’
2946 5084 2982 5137 ἃ
3005 5081 3334 5154 προσέταξεν
3365 5082 3564 5145 αὐτοῖς.
3598 5101 3615 5133 ι
3643 5079 3715 5132 Τὰ
3745 5075 3824 5146 μὲν

2291 5173 2385 5232 οὖν
2433 5179 2531 5248 τῆς
2585 5179 2941 5250 προρρήσεως
2981 5176 3074 5229 καὶ
3125 5176 3193 5229 τὰ,
3253 5174 3345 5228 τοῦ
3397 5174 3826 5246 συμπεράσματος

2291 5269 2476 5325 τοῦτον
2507 5270 2619 5342 ἔχει
2641 5270 2732 5324 τὸν
2751 5270 2971 5342 τρόπον.
2997 5270 3060 5322 Τί
3082 5270 3138 5323 δὲ
3169 5269 3276 5340 ἄρα
3302 5263 3547 5321 ἐϐούλετο
3573 5263 3826 5339 σημαίνειν

2291 5365 2324 5434 ἡ
2370 5363 2463 5416 ἐπὶ
2504 5363 2609 5434 ὄνῳ
2647 5362 2836 5435 ὅχησις
2874 5361 3036 5415 αὐτοῦ
3080 5361 3196 5414 ἀλλ’
3244 5361 3277 5431 ἢ
3317 5360 3413 5431 τὴν
3458 5358 3708 5428 ταπεινὴν
3750 5350 3828 5406 καὶ

2291 5455 2474 5520 ἄδοξον
2519 5455 2684 5508 αὑτοῦ
2733 5454 3069 5526 παρουσίαν,
3119 5455 3238 5508 καθ’
3286 5457 3353 5528 ἥν
3405 5454 3685 5522 ἐποιήσατο
3743 5444 3825 5512 τὴν

2291 5547 2512 5619 πρώτην
2539 5547 2741 5616 ἄφιξιν;
2766 5546 2931 5617 οὔσης
2955 5548 3065 5618 γὰρ
3085 5548 3452 5620 καὶδευτέρας
3475 5544 3701 5610 ἐνδόξου,
3717 5535 3828 5606 περὶ

2291 5637 2358 5714 ἧς
2388 5640 2482 5694 καὶ
2509 5640 2708 5709 Δανιὴλ
2751 5639 3080 5713 γυμνότερον
3121 5639 3473 5695 ἐκκαλύπτων
3505 5637 3599 5708 τὴν
3625 5627 3830 5702 θεωρίαν

686 5821 706 5851 ⁸
747 5819 974 5878 Zachar.
999 5829 1059 5876 ’tx
1082 5862 1096 5889 ,
1132 5823 1184 5890 9,
1224 5823 1310 5878 lO.
1389 5825 1408 5857 '
1440 5823 1626 5880 Matth.
1661 5840 1788 5894 ut,
1818 5825 1883 5891 ἓ,
1915 5825 1976 5893 3,
2005 5824 2078 5895 6;
2113 5823 2278 5880 Marc.

1466 5823 1626 5880 vlatth.
1661 5840 1788 5894 ut,
1818 5825 1883 5891 ἓ,
1915 5825 1976 5893 3,
2005 5824 2078 5895 6;
2113 5823 2278 5880 Marc.
2316 5839 2392 5889 xl,
2429 5822 2554 5892 1-6;
2588 5820 2717 5877 Luc.-
2753 5838 2864 5890 χιι,
2900 5821 3089 5878 50-54.
