  <div class='ocr_page' id='page_1' title='image "/cluster/home/n/w/nwhite01/storage/ocr_20150623/22/hvd.32044073501140/362.png"; bbox 0 0 4106 6420; ppageno 0'>
   <div class='ocr_carea' id='block_1_1' title="bbox 263 401 366 456">
    <p class='ocr_par' dir='ltr' id='par_1_1' title="bbox 263 401 366 456">
     <span class='ocr_line' id='line_1_1' title="bbox 263 401 366 456; baseline -0.107 -3"><span class='ocrx_word' id='word_1_1' title='bbox 263 401 366 456; x_wconf 73' lang='grc' dir='ltr'>Ἰιιθ</span> 
     </span>
    </p>
   </div>
   <div class='ocr_carea' id='block_1_2' title="bbox 1177 397 2625 454">
    <p class='ocr_par' dir='ltr' id='par_1_2' title="bbox 1177 397 2625 454">
     <span class='ocr_line' id='line_1_2' title="bbox 1177 397 2625 454; baseline 0.001 -4"><span class='ocrx_word' id='word_1_2' title='bbox 1177 397 1828 454; x_wconf 79' lang='lat' dir='ltr'><strong>DEMONSTRATIONIS</strong></span> <span class='ocrx_word' id='word_1_3' title='bbox 1867 397 2326 452; x_wconf 62' lang='lat' dir='ltr'><strong>EVANGELICIE</strong></span> <span class='ocrx_word' id='word_1_4' title='bbox 2368 397 2494 451; x_wconf 75' lang='lat' dir='ltr'><strong>LIB.</strong></span> <span class='ocrx_word' id='word_1_5' title='bbox 2535 397 2625 452; x_wconf 84' lang='lat' dir='ltr'><strong>1X.</strong></span> 
     </span>
    </p>
   </div>
   <div class='ocr_carea' id='block_1_3' title="bbox 3401 402 3504 456">
    <p class='ocr_par' dir='ltr' id='par_1_3' title="bbox 3401 402 3504 456">
     <span class='ocr_line' id='line_1_3' title="bbox 3401 402 3504 456; baseline 0.01 -1"><span class='ocrx_word' id='word_1_6' title='bbox 3401 402 3504 456; x_wconf 79' lang='lat' dir='ltr'><strong>7lb</strong></span> 
     </span>
    </p>
   </div>
   <div class='ocr_carea' id='block_1_4' title="bbox 262 507 1841 584">
    <p class='ocr_par' dir='ltr' id='par_1_4' title="bbox 262 507 1834 584">
     <span class='ocr_line' id='line_1_4' title="bbox 262 507 1834 584; baseline -0.001 -22"><span class='ocrx_word' id='word_1_7' title='bbox 262 514 486 584; x_wconf 75' lang='grc' dir='ltr'>εἴρηκεν</span> <span class='ocrx_word' id='word_1_8' title='bbox 509 530 522 543; x_wconf 78' lang='grc' dir='ltr'><strong><em>ο</em></strong></span> <span class='ocrx_word' id='word_1_9' title='bbox 557 531 574 562; x_wconf 77' lang='grc' dir='ltr'><strong>ι</strong></span> <span class='ocrx_word' id='word_1_10' title='bbox 617 515 910 582; x_wconf 83' lang='grc' dir='ltr'>Ἐθεώρουν</span> <span class='ocrx_word' id='word_1_11' title='bbox 933 509 1041 572; x_wconf 72' lang='grc' dir='ltr'>ἕως</span> <span class='ocrx_word' id='word_1_12' title='bbox 1067 507 1188 560; x_wconf 83' lang='grc' dir='ltr'>ὅτου</span> <span class='ocrx_word' id='word_1_13' title='bbox 1225 508 1398 579; x_wconf 91' lang='grc' dir='ltr'>θρόνοι</span> <span class='ocrx_word' id='word_1_14' title='bbox 1425 508 1706 579; x_wconf 83' lang='grc' dir='ltr'><strong>ἐτέθησαν,</strong></span> <span class='ocrx_word' id='word_1_15' title='bbox 1741 509 1834 562; x_wconf 84' lang='grc' dir='ltr'>καὶ</span> 
     </span>
    </p>
   </div>
   <div class='ocr_carea' id='block_1_5' title="bbox 1944 507 3500 584">
    <p class='ocr_par' dir='ltr' id='par_1_5' title="bbox 1944 508 3500 581">
     <span class='ocr_line' id='line_1_5' title="bbox 1944 508 3500 581; baseline 0.004 -20"><span class='ocrx_word' id='word_1_16' title='bbox 1944 508 2181 578; x_wconf 74' lang='lat' dir='ltr'><strong>apertius</strong></span> <span class='ocrx_word' id='word_1_17' title='bbox 2210 508 2444 578; x_wconf 88' lang='lat' dir='ltr'><strong>prodens</strong></span> <span class='ocrx_word' id='word_1_18' title='bbox 2469 523 2590 578; x_wconf 68' lang='lat' dir='ltr'><strong>qua:</strong></span> <span class='ocrx_word' id='word_1_19' title='bbox 2617 508 3033 579; x_wconf 75' lang='lat' dir='ltr'><strong>contemplanda</strong></span> <span class='ocrx_word' id='word_1_20' title='bbox 3067 510 3197 575; x_wconf 90' lang='lat' dir='ltr'><strong>sint,</strong></span> <span class='ocrx_word' id='word_1_21' title='bbox 3231 515 3455 581; x_wconf 85' lang='lat' dir='ltr'><strong>exponit</strong></span> <span class='ocrx_word' id='word_1_22' title='bbox 3489 534 3500 569; x_wconf 93' lang='lat'>:</span> 
     </span>
    </p>
   </div>
   <div class='ocr_carea' id='block_1_6' title="bbox 257 598 1841 676">
    <p class='ocr_par' dir='ltr' id='par_1_6' title="bbox 257 598 1841 676">
     <span class='ocr_line' id='line_1_6' title="bbox 257 598 1841 676; baseline -0.007 -13"><span class='ocrx_word' id='word_1_23' title='bbox 257 606 498 669; x_wconf 82' lang='grc' dir='ltr'>Παλαιὸς</span> <span class='ocrx_word' id='word_1_24' title='bbox 531 604 754 676; x_wconf 78' lang='grc' dir='ltr'>ἡμερῶν</span> <span class='ocrx_word' id='word_1_25' title='bbox 787 600 1038 671; x_wconf 79' lang='grc' dir='ltr'>ἐκάθητο.</span> <span class='ocrx_word' id='word_1_26' title='bbox 1073 598 1257 652; x_wconf 86' lang='grc' dir='ltr'>Χίλιαι</span> <span class='ocrx_word' id='word_1_27' title='bbox 1297 599 1530 669; x_wconf 84' lang='grc' dir='ltr'><strong>χιλιάδες</strong></span> <span class='ocrx_word' id='word_1_28' title='bbox 1573 599 1841 670; x_wconf 90' lang='grc' dir='ltr'>ἐλειτούρ-</span> 
     </span>
    </p>
   </div>
   <div class='ocr_carea' id='block_1_7' title="bbox 1944 598 3507 676">
    <p class='ocr_par' dir='ltr' id='par_1_7' title="bbox 1946 599 3507 674">
     <span class='ocr_line' id='line_1_7' title="bbox 1946 599 3507 674; baseline 0.006 -24"><span class='ocrx_word' id='word_1_29' title='bbox 1946 617 1966 650; x_wconf 78' lang='grc' dir='ltr'><strong>ι</strong></span> <span class='ocrx_word' id='word_1_30' title='bbox 2009 599 2352 668; x_wconf 86' lang='lat' dir='ltr'><strong>Aspiciebam</strong></span> <span class='ocrx_word' id='word_1_31' title='bbox 2383 599 2558 654; x_wconf 87' lang='lat' dir='ltr'><strong>donec</strong></span> <span class='ocrx_word' id='word_1_32' title='bbox 2587 601 2770 654; x_wconf 90' lang='lat' dir='ltr'><strong>throni</strong></span> <span class='ocrx_word' id='word_1_33' title='bbox 2797 601 2960 670; x_wconf 89' lang='lat' dir='ltr'><strong>positi</strong></span> <span class='ocrx_word' id='word_1_34' title='bbox 2992 609 3137 666; x_wconf 88' lang='lat' dir='ltr'><strong>sunt,</strong></span> <span class='ocrx_word' id='word_1_35' title='bbox 3161 611 3215 658; x_wconf 91' lang='lat' dir='ltr'><strong>et</strong></span> <span class='ocrx_word' id='word_1_36' title='bbox 3231 603 3507 674; x_wconf 82' lang='lat' dir='ltr'><strong>Antiquus</strong></span> 
     </span>
    </p>
   </div>
   <div class='ocr_carea' id='block_1_8' title="bbox 258 689 1839 768">
    <p class='ocr_par' dir='ltr' id='par_1_8' title="bbox 258 689 1839 768">
     <span class='ocr_line' id='line_1_8' title="bbox 258 689 1839 768; baseline -0.004 -17"><span class='ocrx_word' id='word_1_37' title='bbox 258 716 389 768; x_wconf 88' lang='grc' dir='ltr'>γουν</span> <span class='ocrx_word' id='word_1_38' title='bbox 437 694 622 765; x_wconf 78' lang='grc' dir='ltr'>αὐτῷ,</span> <span class='ocrx_word' id='word_1_39' title='bbox 681 692 776 746; x_wconf 77' lang='grc' dir='ltr'>καὶ</span> <span class='ocrx_word' id='word_1_40' title='bbox 827 691 1018 762; x_wconf 91' lang='grc' dir='ltr'>μύριαι</span> <span class='ocrx_word' id='word_1_41' title='bbox 1074 689 1329 761; x_wconf 78' lang='grc' dir='ltr'><strong>μυριάδες</strong></span> <span class='ocrx_word' id='word_1_42' title='bbox 1377 691 1839 761; x_wconf 81' lang='grc' dir='ltr'><strong>παρειστήκεισαν</strong></span> 
     </span>
    </p>
   </div>
   <div class='ocr_carea' id='block_1_9' title="bbox 257 780 1837 860">
    <p class='ocr_par' dir='ltr' id='par_1_9' title="bbox 257 780 1837 860">
     <span class='ocr_line' id='line_1_9' title="bbox 257 780 1837 860; baseline -0.003 -19"><span class='ocrx_word' id='word_1_43' title='bbox 257 787 569 860; x_wconf 77' lang='grc' dir='ltr'>ἔμπροσθεν</span> <span class='ocrx_word' id='word_1_44' title='bbox 605 783 792 838; x_wconf 79' lang='grc' dir='ltr'>αὐτοῦ.</span> <span class='ocrx_word' id='word_1_45' title='bbox 832 782 942 836; x_wconf 70' lang='grc' dir='ltr'><strong>Καὶ</strong></span> <span class='ocrx_word' id='word_1_46' title='bbox 991 782 1098 835; x_wconf 85' lang='grc' dir='ltr'>ἰδοὺ</span> <span class='ocrx_word' id='word_1_47' title='bbox 1143 781 1279 852; x_wconf 81' lang='grc' dir='ltr'>μετὰ</span> <span class='ocrx_word' id='word_1_48' title='bbox 1317 780 1425 834; x_wconf 91' lang='grc' dir='ltr'><strong>τῶν</strong></span> <span class='ocrx_word' id='word_1_49' title='bbox 1467 782 1704 850; x_wconf 82' lang='grc' dir='ltr'>νεφελῶν</span> <span class='ocrx_word' id='word_1_50' title='bbox 1744 783 1837 836; x_wconf 83' lang='grc' dir='ltr'>τοῦ</span> 
     </span>
    </p>
   </div>
   <div class='ocr_carea' id='block_1_10' title="bbox 256 872 1830 952">
    <p class='ocr_par' dir='ltr' id='par_1_10' title="bbox 256 872 1830 952">
     <span class='ocr_line' id='line_1_10' title="bbox 256 872 1830 952; baseline -0.006 -17"><span class='ocrx_word' id='word_1_51' title='bbox 256 880 510 952; x_wconf 75' lang='grc' dir='ltr'>ούρανοῦ,</span> <span class='ocrx_word' id='word_1_52' title='bbox 542 877 616 941; x_wconf 86' lang='grc' dir='ltr'><strong>ὡς</strong></span> <span class='ocrx_word' id='word_1_53' title='bbox 650 875 776 939; x_wconf 79' lang='grc' dir='ltr'>Υἱὸς</span> <span class='ocrx_word' id='word_1_54' title='bbox 809 872 1092 945; x_wconf 86' lang='grc' dir='ltr'>ἀνθρώπου</span> <span class='ocrx_word' id='word_1_55' title='bbox 1125 872 1435 943; x_wconf 79' lang='grc' dir='ltr'><strong>ἐρχόμενος.</strong></span> <span class='ocrx_word' id='word_1_56' title='bbox 1470 873 1578 925; x_wconf 74' lang='grc' dir='ltr'>Καὶ</span> <span class='ocrx_word' id='word_1_57' title='bbox 1600 873 1708 937; x_wconf 79' lang='grc' dir='ltr'>ἓως</span> <span class='ocrx_word' id='word_1_58' title='bbox 1737 873 1830 926; x_wconf 79' lang='grc' dir='ltr'>τοῦ</span> 
     </span>
    </p>
   </div>
   <div class='ocr_carea' id='block_1_11' title="bbox 257 963 1836 1038">
    <p class='ocr_par' dir='ltr' id='par_1_11' title="bbox 257 963 1836 1038">
     <span class='ocr_line' id='line_1_11' title="bbox 257 963 1836 1038; baseline -0.006 -12"><span class='ocrx_word' id='word_1_59' title='bbox 257 969 500 1026; x_wconf 83' lang='grc' dir='ltr'>Παλαιοῦ</span> <span class='ocrx_word' id='word_1_60' title='bbox 530 969 636 1022; x_wconf 89' lang='grc' dir='ltr'><strong>τῶν</strong></span> <span class='ocrx_word' id='word_1_61' title='bbox 664 965 884 1038; x_wconf 78' lang='grc' dir='ltr'>ἡμερῶν</span> <span class='ocrx_word' id='word_1_62' title='bbox 907 965 1126 1035; x_wconf 78' lang='grc' dir='ltr'>ἔφθασε,</span> <span class='ocrx_word' id='word_1_63' title='bbox 1145 965 1238 1016; x_wconf 78' lang='grc' dir='ltr'><strong>καὶ</strong></span> <span class='ocrx_word' id='word_1_64' title='bbox 1263 964 1410 1035; x_wconf 87' lang='grc' dir='ltr'>αὐτῷ</span> <span class='ocrx_word' id='word_1_65' title='bbox 1427 963 1582 1035; x_wconf 89' lang='grc' dir='ltr'>ἐδόθη</span> <span class='ocrx_word' id='word_1_66' title='bbox 1609 966 1642 1034; x_wconf 85' lang='grc' dir='ltr'>ἡ</span> <span class='ocrx_word' id='word_1_67' title='bbox 1671 963 1836 1034; x_wconf 78' lang='grc' dir='ltr'>ἀρχὴ,</span> 
     </span>
    </p>
   </div>
   <div class='ocr_carea' id='block_1_12' title="bbox 257 1055 1836 1132">
    <p class='ocr_par' dir='ltr' id='par_1_12' title="bbox 257 1055 1836 1132">
     <span class='ocr_line' id='line_1_12' title="bbox 257 1055 1836 1132; baseline -0.006 -15"><span class='ocrx_word' id='word_1_68' title='bbox 257 1066 354 1117; x_wconf 69' lang='grc' dir='ltr'><strong>καὶ</strong></span> <span class='ocrx_word' id='word_1_69' title='bbox 375 1066 410 1132; x_wconf 75' lang='grc' dir='ltr'><strong>ἡ</strong></span> <span class='ocrx_word' id='word_1_70' title='bbox 431 1061 587 1132; x_wconf 83' lang='grc' dir='ltr'>τιμὴ,</span> <span class='ocrx_word' id='word_1_71' title='bbox 617 1061 711 1113; x_wconf 78' lang='grc' dir='ltr'><strong>καὶ</strong></span> <span class='ocrx_word' id='word_1_72' title='bbox 740 1061 774 1130; x_wconf 80' lang='grc' dir='ltr'><strong>ἡ</strong></span> <span class='ocrx_word' id='word_1_73' title='bbox 809 1057 1073 1129; x_wconf 82' lang='grc' dir='ltr'>βασιλεία,</span> <span class='ocrx_word' id='word_1_74' title='bbox 1101 1057 1192 1109; x_wconf 71' lang='grc' dir='ltr'><strong>καὶ</strong></span> <span class='ocrx_word' id='word_1_75' title='bbox 1214 1055 1408 1118; x_wconf 84' lang='grc' dir='ltr'>πάντες</span> <span class='ocrx_word' id='word_1_76' title='bbox 1428 1055 1629 1118; x_wconf 71' lang='grc' dir='ltr'>οίλαοὶ,</span> <span class='ocrx_word' id='word_1_77' title='bbox 1655 1055 1836 1119; x_wconf 70' lang='grc' dir='ltr'>φυλαὶ,</span> 
     </span>
    </p>
   </div>
   <div class='ocr_carea' id='block_1_13' title="bbox 255 1146 1839 1223">
    <p class='ocr_par' dir='ltr' id='par_1_13' title="bbox 255 1146 1839 1223">
     <span class='ocr_line' id='line_1_13' title="bbox 255 1146 1839 1223; baseline -0.004 -17"><span class='ocrx_word' id='word_1_78' title='bbox 255 1153 505 1223; x_wconf 77' lang='grc' dir='ltr'>γλῶσσαι</span> <span class='ocrx_word' id='word_1_79' title='bbox 533 1151 681 1222; x_wconf 86' lang='grc' dir='ltr'>αύτῷ</span> <span class='ocrx_word' id='word_1_80' title='bbox 711 1148 1070 1203; x_wconf 65' lang='grc' dir='ltr'>δουλεύουσιιίῖ</span> <span class='ocrx_word' id='word_1_81' title='bbox 1099 1148 1162 1199; x_wconf 83' lang='grc' dir='ltr'><strong>Ἦ</strong></span> <span class='ocrx_word' id='word_1_82' title='bbox 1184 1147 1400 1214; x_wconf 81' lang='grc' dir='ltr'>ἐξουσία</span> <span class='ocrx_word' id='word_1_83' title='bbox 1428 1146 1591 1199; x_wconf 83' lang='grc' dir='ltr'>αὐτοῦ</span> <span class='ocrx_word' id='word_1_84' title='bbox 1624 1146 1839 1213; x_wconf 78' lang='grc' dir='ltr'>ἐξουσία</span> 
     </span>
    </p>
   </div>
   <div class='ocr_carea' id='block_1_14' title="bbox 255 1239 1837 1315">
    <p class='ocr_par' dir='ltr' id='par_1_14' title="bbox 255 1239 1837 1315">
     <span class='ocr_line' id='line_1_14' title="bbox 255 1239 1837 1315; baseline -0.005 -16"><span class='ocrx_word' id='word_1_85' title='bbox 255 1245 498 1309; x_wconf 79' lang='grc' dir='ltr'>αἰώνιος,</span> <span class='ocrx_word' id='word_1_86' title='bbox 528 1246 653 1315; x_wconf 74' lang='grc' dir='ltr'>ἥτις</span> <span class='ocrx_word' id='word_1_87' title='bbox 684 1244 744 1297; x_wconf 78' lang='grc' dir='ltr'><strong>οὐ</strong></span> <span class='ocrx_word' id='word_1_88' title='bbox 776 1239 1192 1312; x_wconf 84' lang='grc' dir='ltr'>παρελεύσεται,</span> <span class='ocrx_word' id='word_1_89' title='bbox 1219 1241 1312 1294; x_wconf 75' lang='grc' dir='ltr'>καὶ</span> <span class='ocrx_word' id='word_1_90' title='bbox 1340 1243 1372 1312; x_wconf 80' lang='grc' dir='ltr'><strong>ἡ</strong></span> <span class='ocrx_word' id='word_1_91' title='bbox 1402 1239 1642 1310; x_wconf 79' lang='grc' dir='ltr'>βασιλεία</span> <span class='ocrx_word' id='word_1_92' title='bbox 1674 1239 1837 1292; x_wconf 80' lang='grc' dir='ltr'>αὐτοῦ</span> 
     </span>
    </p>
   </div>
   <div class='ocr_carea' id='block_1_15' title="bbox 254 1328 1839 1407">
    <p class='ocr_par' dir='ltr' id='par_1_15' title="bbox 254 1328 1839 1407">
     <span class='ocr_line' id='line_1_15' title="bbox 254 1328 1839 1407; baseline 0.002 -17"><span class='ocrx_word' id='word_1_93' title='bbox 254 1339 315 1390; x_wconf 71' lang='grc' dir='ltr'>οὐ</span> <span class='ocrx_word' id='word_1_94' title='bbox 348 1334 806 1407; x_wconf 76' lang='grc' dir='ltr'>διαφθαρήσεται.</span> <span class='ocrx_word' id='word_1_95' title='bbox 833 1353 851 1385; x_wconf 77' lang='grc' dir='ltr'><strong>ι</strong></span> <span class='ocrx_word' id='word_1_96' title='bbox 877 1332 958 1384; x_wconf 82' lang='grc' dir='ltr'>Τὰ</span> <span class='ocrx_word' id='word_1_97' title='bbox 990 1331 1090 1402; x_wconf 84' lang='grc' dir='ltr'><strong>μὲν</strong></span> <span class='ocrx_word' id='word_1_98' title='bbox 1110 1331 1208 1401; x_wconf 82' lang='grc' dir='ltr'><strong>τῆς</strong></span> <span class='ocrx_word' id='word_1_99' title='bbox 1233 1329 1454 1403; x_wconf 81' lang='grc' dir='ltr'>πρώτης</span> <span class='ocrx_word' id='word_1_100' title='bbox 1484 1328 1720 1398; x_wconf 79' lang='grc' dir='ltr'><strong>ἀφίξεως</strong></span> <span class='ocrx_word' id='word_1_101' title='bbox 1741 1329 1839 1399; x_wconf 83' lang='grc' dir='ltr'><strong>τῆς</strong></span> 
     </span>
    </p>
   </div>
   <div class='ocr_carea' id='block_1_16' title="bbox 253 1421 1840 1499">
    <p class='ocr_par' dir='ltr' id='par_1_16' title="bbox 253 1421 1840 1499">
     <span class='ocr_line' id='line_1_16' title="bbox 253 1421 1840 1499; baseline -0.005 -17"><span class='ocrx_word' id='word_1_102' title='bbox 253 1425 816 1499; x_wconf 81' lang='grc' dir='ltr'>ὲνανθρωπικωτέρας</span> <span class='ocrx_word' id='word_1_103' title='bbox 847 1425 942 1478; x_wconf 72' lang='grc' dir='ltr'><strong>καὶ</strong></span> <span class='ocrx_word' id='word_1_104' title='bbox 961 1424 1225 1494; x_wconf 78' lang='grc' dir='ltr'>ταπεινῆς</span> <span class='ocrx_word' id='word_1_105' title='bbox 1255 1424 1392 1494; x_wconf 81' lang='grc' dir='ltr'>μετὰ</span> <span class='ocrx_word' id='word_1_106' title='bbox 1415 1422 1522 1475; x_wconf 89' lang='grc' dir='ltr'><strong>τῶν</strong></span> <span class='ocrx_word' id='word_1_107' title='bbox 1547 1421 1719 1476; x_wconf 81' lang='grc' dir='ltr'>ἄλλων</span> <span class='ocrx_word' id='word_1_108' title='bbox 1746 1422 1840 1474; x_wconf 79' lang='grc' dir='ltr'><strong>καὶ</strong></span> 
     </span>
    </p>
   </div>
   <div class='ocr_carea' id='block_1_17' title="bbox 253 1512 1841 1589">
    <p class='ocr_par' dir='ltr' id='par_1_17' title="bbox 253 1512 1841 1589">
     <span class='ocr_line' id='line_1_17' title="bbox 253 1512 1841 1589; baseline -0.005 -17"><span class='ocrx_word' id='word_1_109' title='bbox 253 1521 417 1573; x_wconf 78' lang='grc' dir='ltr'>τυῦτο</span> <span class='ocrx_word' id='word_1_110' title='bbox 445 1519 559 1589; x_wconf 78' lang='grc' dir='ltr'>ἔχει</span> <span class='ocrx_word' id='word_1_111' title='bbox 594 1518 734 1588; x_wconf 83' lang='grc' dir='ltr'>μέγα</span> <span class='ocrx_word' id='word_1_112' title='bbox 761 1518 964 1587; x_wconf 84' lang='grc' dir='ltr'>δεῖγμα</span> <span class='ocrx_word' id='word_1_113' title='bbox 996 1519 1090 1570; x_wconf 83' lang='grc' dir='ltr'>καὶ</span> <span class='ocrx_word' id='word_1_114' title='bbox 1124 1517 1366 1585; x_wconf 89' lang='grc' dir='ltr'>σημεῖον,</span> <span class='ocrx_word' id='word_1_115' title='bbox 1402 1515 1462 1567; x_wconf 84' lang='grc' dir='ltr'><strong>τὸ</strong></span> <span class='ocrx_word' id='word_1_116' title='bbox 1495 1515 1669 1585; x_wconf 73' lang='grc' dir='ltr'>πρᾶον</span> <span class='ocrx_word' id='word_1_117' title='bbox 1695 1512 1841 1580; x_wconf 86' lang='grc' dir='ltr'>λέγε-</span> 
     </span>
    </p>
   </div>
   <div class='ocr_carea' id='block_1_18' title="bbox 255 1604 1840 1682">
    <p class='ocr_par' dir='ltr' id='par_1_18' title="bbox 255 1604 1840 1682">
     <span class='ocr_line' id='line_1_18' title="bbox 255 1604 1840 1682; baseline -0.005 -16"><span class='ocrx_word' id='word_1_118' title='bbox 255 1613 385 1665; x_wconf 85' lang='grc' dir='ltr'>σθαι</span> <span class='ocrx_word' id='word_1_119' title='bbox 420 1614 513 1665; x_wconf 75' lang='grc' dir='ltr'><strong>καὶ</strong></span> <span class='ocrx_word' id='word_1_120' title='bbox 542 1610 786 1682; x_wconf 80' lang='grc' dir='ltr'>ἡσύχιον,</span> <span class='ocrx_word' id='word_1_121' title='bbox 820 1609 970 1678; x_wconf 72' lang='grc' dir='ltr'>ἥξειν</span> <span class='ocrx_word' id='word_1_122' title='bbox 999 1625 1058 1660; x_wconf 89' lang='grc' dir='ltr'><strong>τε</strong></span> <span class='ocrx_word' id='word_1_123' title='bbox 1083 1607 1375 1677; x_wconf 82' lang='grc' dir='ltr'>ὀχούμενον</span> <span class='ocrx_word' id='word_1_124' title='bbox 1405 1604 1683 1675; x_wconf 78' lang='grc' dir='ltr'><strong>ὑποζυγίῳ</strong></span> <span class='ocrx_word' id='word_1_125' title='bbox 1706 1622 1840 1676; x_wconf 85' lang='grc' dir='ltr'>προ-</span> 
     </span>
    </p>
   </div>
   <div class='ocr_carea' id='block_1_19' title="bbox 257 1697 1838 1777">
    <p class='ocr_par' dir='ltr' id='par_1_19' title="bbox 257 1697 1838 1777">
     <span class='ocr_line' id='line_1_19' title="bbox 257 1697 1838 1777; baseline -0.006 -18"><span class='ocrx_word' id='word_1_126' title='bbox 257 1704 587 1777; x_wconf 71' lang='grc' dir='ltr'>φητεύεσθαι</span> <span class='ocrx_word' id='word_1_127' title='bbox 607 1721 618 1734; x_wconf 91' lang='grc'><strong>·</strong></span> <span class='ocrx_word' id='word_1_128' title='bbox 652 1702 809 1756; x_wconf 82' lang='grc' dir='ltr'>τοῦτο</span> <span class='ocrx_word' id='word_1_129' title='bbox 841 1701 948 1771; x_wconf 83' lang='grc' dir='ltr'><strong>γὰρ</strong></span> <span class='ocrx_word' id='word_1_130' title='bbox 981 1699 1162 1753; x_wconf 79' lang='grc' dir='ltr'>κοινοῦ</span> <span class='ocrx_word' id='word_1_131' title='bbox 1196 1699 1291 1752; x_wconf 64' lang='grc' dir='ltr'>καὶ</span> <span class='ocrx_word' id='word_1_132' title='bbox 1333 1697 1674 1770; x_wconf 83' lang='grc' dir='ltr'>ἀνθρωπίνου</span> <span class='ocrx_word' id='word_1_133' title='bbox 1723 1697 1838 1768; x_wconf 82' lang='grc' dir='ltr'>βίου</span> 
     </span>
    </p>
   </div>
   <div class='ocr_carea' id='block_1_20' title="bbox 252 1787 1838 1867">
    <p class='ocr_par' dir='ltr' id='par_1_20' title="bbox 252 1787 1838 1867">
     <span class='ocr_line' id='line_1_20' title="bbox 252 1787 1838 1867; baseline -0.007 -15"><span class='ocrx_word' id='word_1_134' title='bbox 252 1799 455 1867; x_wconf 83' lang='grc' dir='ltr'>γένοιτ’</span> <span class='ocrx_word' id='word_1_135' title='bbox 489 1796 554 1850; x_wconf 82' lang='grc' dir='ltr'><strong>ἂν</strong></span> <span class='ocrx_word' id='word_1_136' title='bbox 578 1795 878 1865; x_wconf 83' lang='grc' dir='ltr'>τεκμήριον</span> <span class='ocrx_word' id='word_1_137' title='bbox 897 1810 910 1823; x_wconf 77' lang='grc' dir='ltr'><strong><em>ο</em></strong></span> <span class='ocrx_word' id='word_1_138' title='bbox 939 1793 1006 1845; x_wconf 73' lang='grc' dir='ltr'>τὰ</span> <span class='ocrx_word' id='word_1_139' title='bbox 1035 1791 1091 1844; x_wconf 82' lang='grc' dir='ltr'>δὲ</span> <span class='ocrx_word' id='word_1_140' title='bbox 1123 1791 1220 1861; x_wconf 81' lang='grc' dir='ltr'>τῆς</span> <span class='ocrx_word' id='word_1_141' title='bbox 1242 1789 1498 1860; x_wconf 81' lang='grc' dir='ltr'>δευτέρας</span> <span class='ocrx_word' id='word_1_142' title='bbox 1530 1789 1624 1842; x_wconf 75' lang='lat' dir='ltr'><strong>xal</strong></span> <span class='ocrx_word' id='word_1_143' title='bbox 1654 1787 1838 1843; x_wconf 84' lang='grc' dir='ltr'>ἐνθέου</span> 
     </span>
    </p>
   </div>
   <div class='ocr_carea' id='block_1_21' title="bbox 1939 685 3500 753">
    <p class='ocr_par' dir='ltr' id='par_1_21' title="bbox 1939 685 3500 753">
     <span class='ocr_line' id='line_1_21' title="bbox 1939 685 3500 753; baseline 0.001 -11"><span class='ocrx_word' id='word_1_144' title='bbox 1939 686 2150 743; x_wconf 87' lang='lat' dir='ltr'><strong>dierum</strong></span> <span class='ocrx_word' id='word_1_145' title='bbox 2181 687 2340 742; x_wconf 87' lang='lat' dir='ltr'><strong>sedit.</strong></span> <span class='ocrx_word' id='word_1_146' title='bbox 2371 685 2538 740; x_wconf 79' lang='lat' dir='ltr'><strong>Millia</strong></span> <span class='ocrx_word' id='word_1_147' title='bbox 2569 687 2797 740; x_wconf 87' lang='lat' dir='ltr'><strong>millium</strong></span> <span class='ocrx_word' id='word_1_148' title='bbox 2824 687 3204 742; x_wconf 82' lang='lat' dir='ltr'><strong>ministrabant</strong></span> <span class='ocrx_word' id='word_1_149' title='bbox 3231 689 3303 753; x_wconf 93' lang='lat' dir='ltr'><strong>ei,</strong></span> <span class='ocrx_word' id='word_1_150' title='bbox 3332 696 3386 743; x_wconf 91' lang='lat' dir='ltr'><strong>et</strong></span> <span class='ocrx_word' id='word_1_151' title='bbox 3405 690 3500 744; x_wconf 38' lang='lat' dir='ltr'><strong>det</strong></span> 
     </span>
    </p>
   </div>
   <div class='ocr_carea' id='block_1_22' title="bbox 1939 775 3504 848">
    <p class='ocr_par' dir='ltr' id='par_1_22' title="bbox 1939 775 3504 848">
     <span class='ocr_line' id='line_1_22' title="bbox 1939 775 3504 848; baseline 0.001 -16"><span class='ocrx_word' id='word_1_152' title='bbox 1939 779 2052 832; x_wconf 88' lang='lat' dir='ltr'><strong>cies</strong></span> <span class='ocrx_word' id='word_1_153' title='bbox 2079 777 2277 831; x_wconf 86' lang='lat' dir='ltr'><strong>millies</strong></span> <span class='ocrx_word' id='word_1_154' title='bbox 2312 777 2447 830; x_wconf 91' lang='lat' dir='ltr'><strong>dena</strong></span> <span class='ocrx_word' id='word_1_155' title='bbox 2476 775 2642 828; x_wconf 82' lang='lat' dir='ltr'><strong>millia</strong></span> <span class='ocrx_word' id='word_1_156' title='bbox 2676 775 2927 830; x_wconf 82' lang='lat' dir='ltr'><strong>astabant</strong></span> <span class='ocrx_word' id='word_1_157' title='bbox 2953 777 3008 830; x_wconf 90' lang='lat' dir='ltr'><strong>in</strong></span> <span class='ocrx_word' id='word_1_158' title='bbox 3040 787 3339 847; x_wconf 88' lang='lat' dir='ltr'><strong>conspectu</strong></span> <span class='ocrx_word' id='word_1_159' title='bbox 3361 779 3504 848; x_wconf 87' lang='lat' dir='ltr'><strong>ejus.</strong></span> 
     </span>
    </p>
   </div>
   <div class='ocr_carea' id='block_1_23' title="bbox 1940 866 3505 936">
    <p class='ocr_par' dir='ltr' id='par_1_23' title="bbox 1940 866 3505 936">
     <span class='ocr_line' id='line_1_23' title="bbox 1940 866 3505 936; baseline 0.003 -15"><span class='ocrx_word' id='word_1_160' title='bbox 1940 866 2004 921; x_wconf 88' lang='lat' dir='ltr'><strong>Et</strong></span> <span class='ocrx_word' id='word_1_161' title='bbox 2025 882 2154 923; x_wconf 89' lang='lat' dir='ltr'><strong>ecce</strong></span> <span class='ocrx_word' id='word_1_162' title='bbox 2180 881 2303 921; x_wconf 92' lang='lat' dir='ltr'><strong>cum</strong></span> <span class='ocrx_word' id='word_1_163' title='bbox 2335 867 2570 922; x_wconf 91' lang='lat' dir='ltr'><strong>nubibus</strong></span> <span class='ocrx_word' id='word_1_164' title='bbox 2595 867 2719 920; x_wconf 70' lang='lat' dir='ltr'><strong>caeli</strong></span> <span class='ocrx_word' id='word_1_165' title='bbox 2746 867 2907 936; x_wconf 87' lang='lat' dir='ltr'><strong>quasi</strong></span> <span class='ocrx_word' id='word_1_166' title='bbox 2951 866 3122 924; x_wconf 86' lang='lat' dir='ltr'><strong>Filius</strong></span> <span class='ocrx_word' id='word_1_167' title='bbox 3149 869 3387 926; x_wconf 85' lang='lat' dir='ltr'><strong>hominis</strong></span> <span class='ocrx_word' id='word_1_168' title='bbox 3413 888 3505 926; x_wconf 84' lang='lat' dir='ltr'><strong>ve-</strong></span> 
     </span>
    </p>
   </div>
   <div class='ocr_carea' id='block_1_24' title="bbox 1938 956 3507 1031">
    <p class='ocr_par' dir='ltr' id='par_1_24' title="bbox 1938 956 3507 1031">
     <span class='ocr_line' id='line_1_24' title="bbox 1938 956 3507 1031; baseline 0.002 -19"><span class='ocrx_word' id='word_1_169' title='bbox 1938 958 2116 1012; x_wconf 88' lang='lat' dir='ltr'><strong>niens.</strong></span> <span class='ocrx_word' id='word_1_170' title='bbox 2150 956 2216 1010; x_wconf 90' lang='lat' dir='ltr'><strong>Et</strong></span> <span class='ocrx_word' id='word_1_171' title='bbox 2239 973 2412 1026; x_wconf 87' lang='lat' dir='ltr'><strong>usque</strong></span> <span class='ocrx_word' id='word_1_172' title='bbox 2441 957 2506 1012; x_wconf 90' lang='lat' dir='ltr'><strong>ad</strong></span> <span class='ocrx_word' id='word_1_173' title='bbox 2535 957 2832 1028; x_wconf 83' lang='lat' dir='ltr'><strong>Antiquum</strong></span> <span class='ocrx_word' id='word_1_174' title='bbox 2876 959 3088 1014; x_wconf 88' lang='lat' dir='ltr'><strong>dierum</strong></span> <span class='ocrx_word' id='word_1_175' title='bbox 3131 962 3374 1031; x_wconf 81' lang='lat' dir='ltr'><strong>pervenit</strong></span> <span class='ocrx_word' id='word_1_176' title='bbox 3405 980 3421 1017; x_wconf 84' lang='lat'><strong>:</strong></span> <span class='ocrx_word' id='word_1_177' title='bbox 3451 971 3507 1017; x_wconf 88' lang='lat' dir='ltr'><strong>et</strong></span> 
     </span>
    </p>
   </div>
   <div class='ocr_carea' id='block_1_25' title="bbox 1939 1050 3505 1124">
    <p class='ocr_par' dir='ltr' id='par_1_25' title="bbox 1939 1050 3505 1124">
     <span class='ocr_line' id='line_1_25' title="bbox 1939 1050 3505 1124; baseline 0.002 -20"><span class='ocrx_word' id='word_1_178' title='bbox 1939 1051 2098 1105; x_wconf 85' lang='lat' dir='ltr'><strong>datus</strong></span> <span class='ocrx_word' id='word_1_179' title='bbox 2127 1056 2210 1104; x_wconf 89' lang='lat' dir='ltr'><strong>est</strong></span> <span class='ocrx_word' id='word_1_180' title='bbox 2239 1050 2288 1104; x_wconf 91' lang='lat' dir='ltr'><strong>ei</strong></span> <span class='ocrx_word' id='word_1_181' title='bbox 2334 1050 2694 1120; x_wconf 87' lang='lat' dir='ltr'><strong>principatus,</strong></span> <span class='ocrx_word' id='word_1_182' title='bbox 2740 1057 2796 1104; x_wconf 90' lang='lat' dir='ltr'><strong>et</strong></span> <span class='ocrx_word' id='word_1_183' title='bbox 2846 1051 3040 1115; x_wconf 90' lang='lat' dir='ltr'><strong>honor,</strong></span> <span class='ocrx_word' id='word_1_184' title='bbox 3071 1060 3125 1107; x_wconf 88' lang='lat' dir='ltr'><strong>et</strong></span> <span class='ocrx_word' id='word_1_185' title='bbox 3157 1069 3404 1124; x_wconf 79' lang='lat' dir='ltr'><strong>regnum.</strong></span> <span class='ocrx_word' id='word_1_186' title='bbox 3438 1053 3505 1107; x_wconf 88' lang='lat' dir='ltr'><strong>Et</strong></span> 
     </span>
    </p>
   </div>
   <div class='ocr_carea' id='block_1_26' title="bbox 1939 1141 3504 1211">
    <p class='ocr_par' dir='ltr' id='par_1_26' title="bbox 1939 1141 3504 1211">
     <span class='ocr_line' id='line_1_26' title="bbox 1939 1141 3504 1211; baseline 0.001 -13"><span class='ocrx_word' id='word_1_187' title='bbox 1939 1158 2131 1199; x_wconf 89' lang='lat' dir='ltr'><strong>omnes</strong></span> <span class='ocrx_word' id='word_1_188' title='bbox 2163 1141 2369 1211; x_wconf 87' lang='lat' dir='ltr'><strong>populi,</strong></span> <span class='ocrx_word' id='word_1_189' title='bbox 2406 1141 2602 1205; x_wconf 90' lang='lat' dir='ltr'><strong>tribus,</strong></span> <span class='ocrx_word' id='word_1_190' title='bbox 2635 1143 2852 1210; x_wconf 80' lang='lat' dir='ltr'><strong>linguae,</strong></span> <span class='ocrx_word' id='word_1_191' title='bbox 2881 1143 3130 1198; x_wconf 88' lang='lat' dir='ltr'><strong>serviunt</strong></span> <span class='ocrx_word' id='word_1_192' title='bbox 3157 1145 3229 1198; x_wconf 91' lang='lat' dir='ltr'><strong>ei.</strong></span> <span class='ocrx_word' id='word_1_193' title='bbox 3257 1144 3504 1199; x_wconf 84' lang='lat' dir='ltr'><strong>Potestas</strong></span> 
     </span>
    </p>
   </div>
   <div class='ocr_carea' id='block_1_27' title="bbox 1939 1233 3506 1302">
    <p class='ocr_par' dir='ltr' id='par_1_27' title="bbox 1939 1233 3506 1302">
     <span class='ocr_line' id='line_1_27' title="bbox 1939 1233 3506 1302; baseline 0.001 -15"><span class='ocrx_word' id='word_1_194' title='bbox 1939 1233 2079 1300; x_wconf 84' lang='lat' dir='ltr'><strong>ejus,</strong></span> <span class='ocrx_word' id='word_1_195' title='bbox 2118 1239 2360 1300; x_wconf 88' lang='lat' dir='ltr'><strong>potestas</strong></span> <span class='ocrx_word' id='word_1_196' title='bbox 2392 1239 2618 1296; x_wconf 68' lang='lat' dir='ltr'><strong>aeterna,</strong></span> <span class='ocrx_word' id='word_1_197' title='bbox 2658 1249 2779 1300; x_wconf 64' lang='lat' dir='ltr'><strong>quae</strong></span> <span class='ocrx_word' id='word_1_198' title='bbox 2820 1248 2929 1287; x_wconf 90' lang='lat' dir='ltr'><strong>non</strong></span> <span class='ocrx_word' id='word_1_199' title='bbox 2964 1235 3278 1302; x_wconf 57' lang='lat' dir='ltr'><strong>praeteribit,</strong></span> <span class='ocrx_word' id='word_1_200' title='bbox 3313 1246 3367 1287; x_wconf 88' lang='lat' dir='ltr'><strong>et</strong></span> <span class='ocrx_word' id='word_1_201' title='bbox 3416 1249 3506 1288; x_wconf 80' lang='lat' dir='ltr'><strong>re-</strong></span> 
     </span>
    </p>
   </div>
   <div class='ocr_carea' id='block_1_28' title="bbox 1939 1311 3503 1394">
    <p class='ocr_par' dir='ltr' id='par_1_28' title="bbox 1939 1311 3503 1394">
     <span class='ocr_line' id='line_1_28' title="bbox 1939 1311 3503 1394; baseline 0.001 -19"><span class='ocrx_word' id='word_1_202' title='bbox 1939 1338 2103 1393; x_wconf 87' lang='lat' dir='ltr'><strong>gnum</strong></span> <span class='ocrx_word' id='word_1_203' title='bbox 2121 1322 2239 1392; x_wconf 90' lang='lat' dir='ltr'><strong>ejus</strong></span> <span class='ocrx_word' id='word_1_204' title='bbox 2262 1337 2373 1376; x_wconf 91' lang='lat' dir='ltr'><strong>non</strong></span> <span class='ocrx_word' id='word_1_205' title='bbox 2397 1331 2780 1392; x_wconf 86' lang='lat' dir='ltr'><strong>corrumpetur</strong></span> <span class='ocrx_word' id='word_1_206' title='bbox 2808 1323 2847 1376; x_wconf 82' lang='lat'><strong>°.</strong></span> <span class='ocrx_word' id='word_1_207' title='bbox 2887 1343 2904 1375; x_wconf 77' lang='grc' dir='ltr'><strong>ι</strong></span> <span class='ocrx_word' id='word_1_208' title='bbox 2953 1322 3153 1378; x_wconf 81' lang='lat' dir='ltr'><strong>Verum</strong></span> <span class='ocrx_word' id='word_1_209' title='bbox 3177 1339 3240 1379; x_wconf 85' lang='lat' dir='ltr'><strong>ea</strong></span> <span class='ocrx_word' id='word_1_210' title='bbox 3262 1311 3503 1394; x_wconf 81' lang='lat' dir='ltr'><strong>quidem,</strong></span> 
     </span>
    </p>
   </div>
   <div class='ocr_carea' id='block_1_29' title="bbox 1939 1413 3507 1485">
    <p class='ocr_par' dir='ltr' id='par_1_29' title="bbox 1939 1413 3507 1485">
     <span class='ocr_line' id='line_1_29' title="bbox 1939 1413 3507 1485; baseline -0.001 -17"><span class='ocrx_word' id='word_1_211' title='bbox 1939 1430 2061 1484; x_wconf 67' lang='lat' dir='ltr'><strong>quae</strong></span> <span class='ocrx_word' id='word_1_212' title='bbox 2091 1413 2157 1466; x_wconf 82' lang='lat' dir='ltr'><strong>ad</strong></span> <span class='ocrx_word' id='word_1_213' title='bbox 2183 1413 2419 1482; x_wconf 90' lang='lat' dir='ltr'><strong>primum</strong></span> <span class='ocrx_word' id='word_1_214' title='bbox 2449 1413 2738 1468; x_wconf 86' lang='lat' dir='ltr'><strong>adventum</strong></span> <span class='ocrx_word' id='word_1_215' title='bbox 2786 1417 3078 1485; x_wconf 88' lang='lat' dir='ltr'><strong>pertinent,</strong></span> <span class='ocrx_word' id='word_1_216' title='bbox 3108 1416 3200 1485; x_wconf 88' lang='lat' dir='ltr'><strong>qui</strong></span> <span class='ocrx_word' id='word_1_217' title='bbox 3233 1425 3287 1469; x_wconf 91' lang='lat' dir='ltr'><strong>et</strong></span> <span class='ocrx_word' id='word_1_218' title='bbox 3315 1416 3507 1469; x_wconf 89' lang='lat' dir='ltr'><strong>huma-</strong></span> 
     </span>
    </p>
   </div>
   <div class='ocr_carea' id='block_1_30' title="bbox 1940 1506 3506 1579">
    <p class='ocr_par' dir='ltr' id='par_1_30' title="bbox 1940 1506 3506 1579">
     <span class='ocr_line' id='line_1_30' title="bbox 1940 1506 3506 1579; baseline -0.001 -18"><span class='ocrx_word' id='word_1_219' title='bbox 1940 1508 2062 1562; x_wconf 86' lang='lat' dir='ltr'><strong>nior</strong></span> <span class='ocrx_word' id='word_1_220' title='bbox 2103 1514 2158 1562; x_wconf 91' lang='lat' dir='ltr'><strong>et</strong></span> <span class='ocrx_word' id='word_1_221' title='bbox 2191 1506 2454 1575; x_wconf 82' lang='lat' dir='ltr'><strong>abjectior</strong></span> <span class='ocrx_word' id='word_1_222' title='bbox 2482 1506 2602 1571; x_wconf 84' lang='lat' dir='ltr'><strong>fuit,</strong></span> <span class='ocrx_word' id='word_1_223' title='bbox 2637 1522 2760 1562; x_wconf 88' lang='lat' dir='ltr'><strong>cum</strong></span> <span class='ocrx_word' id='word_1_224' title='bbox 2786 1508 2927 1571; x_wconf 90' lang='lat' dir='ltr'><strong>aliis,</strong></span> <span class='ocrx_word' id='word_1_225' title='bbox 2963 1509 3065 1563; x_wconf 88' lang='lat' dir='ltr'><strong>hoc</strong></span> <span class='ocrx_word' id='word_1_226' title='bbox 3096 1525 3313 1579; x_wconf 87' lang='lat' dir='ltr'><strong>quoque</strong></span> <span class='ocrx_word' id='word_1_227' title='bbox 3342 1523 3506 1577; x_wconf 89' lang='lat' dir='ltr'><strong>argu-</strong></span> 
     </span>
    </p>
   </div>
   <div class='ocr_carea' id='block_1_31' title="bbox 1940 1597 3507 1669">
    <p class='ocr_par' dir='ltr' id='par_1_31' title="bbox 1940 1597 3507 1669">
     <span class='ocr_line' id='line_1_31' title="bbox 1940 1597 3507 1669; baseline 0.001 -16"><span class='ocrx_word' id='word_1_228' title='bbox 1940 1599 2110 1654; x_wconf 85' lang='lat' dir='ltr'><strong>menti</strong></span> <span class='ocrx_word' id='word_1_229' title='bbox 2143 1599 2396 1668; x_wconf 88' lang='lat' dir='ltr'><strong>signique</strong></span> <span class='ocrx_word' id='word_1_230' title='bbox 2422 1597 2640 1664; x_wconf 83' lang='lat' dir='ltr'><strong>habent,</strong></span> <span class='ocrx_word' id='word_1_231' title='bbox 2670 1598 2815 1668; x_wconf 93' lang='lat' dir='ltr'><strong>quod</strong></span> <span class='ocrx_word' id='word_1_232' title='bbox 2836 1606 3156 1655; x_wconf 90' lang='lat' dir='ltr'><strong>mansuetus</strong></span> <span class='ocrx_word' id='word_1_233' title='bbox 3177 1608 3232 1655; x_wconf 87' lang='lat' dir='ltr'><strong>et</strong></span> <span class='ocrx_word' id='word_1_234' title='bbox 3257 1599 3507 1669; x_wconf 87' lang='lat' dir='ltr'><strong>placidus</strong></span> 
     </span>
    </p>
   </div>
   <div class='ocr_carea' id='block_1_32' title="bbox 1941 1689 3505 1760">
    <p class='ocr_par' dir='ltr' id='par_1_32' title="bbox 1941 1689 3505 1760">
     <span class='ocr_line' id='line_1_32' title="bbox 1941 1689 3505 1760; baseline 0.001 -14"><span class='ocrx_word' id='word_1_235' title='bbox 1941 1689 2157 1746; x_wconf 80' lang='lat' dir='ltr'><strong>futurus</strong></span> <span class='ocrx_word' id='word_1_236' title='bbox 2186 1689 2419 1753; x_wconf 87' lang='lat' dir='ltr'><strong>dicatur,</strong></span> <span class='ocrx_word' id='word_1_237' title='bbox 2449 1696 2820 1758; x_wconf 90' lang='lat' dir='ltr'><strong>venturusque</strong></span> <span class='ocrx_word' id='word_1_238' title='bbox 2857 1689 3102 1744; x_wconf 90' lang='lat' dir='ltr'><strong>insidens</strong></span> <span class='ocrx_word' id='word_1_239' title='bbox 3128 1691 3378 1760; x_wconf 88' lang='lat' dir='ltr'><strong>jumento</strong></span> <span class='ocrx_word' id='word_1_240' title='bbox 3405 1708 3505 1747; x_wconf 89' lang='lat' dir='ltr'><strong>eo-</strong></span> 
     </span>
    </p>
   </div>
   <div class='ocr_carea' id='block_1_33' title="bbox 1943 1777 3508 1836">
    <p class='ocr_par' dir='ltr' id='par_1_33' title="bbox 1943 1777 3508 1836">
     <span class='ocr_line' id='line_1_33' title="bbox 1943 1777 3508 1836; baseline 0 -2"><span class='ocrx_word' id='word_1_241' title='bbox 1943 1779 2065 1834; x_wconf 90' lang='lat' dir='ltr'><strong>dem</strong></span> <span class='ocrx_word' id='word_1_242' title='bbox 2097 1780 2324 1834; x_wconf 91' lang='lat' dir='ltr'><strong>oraculo</strong></span> <span class='ocrx_word' id='word_1_243' title='bbox 2364 1778 2674 1832; x_wconf 86' lang='lat' dir='ltr'><strong>declaretur</strong></span> <span class='ocrx_word' id='word_1_244' title='bbox 2703 1795 2717 1832; x_wconf 87' lang='lat'><strong>:</strong></span> <span class='ocrx_word' id='word_1_245' title='bbox 2756 1777 2859 1832; x_wconf 92' lang='lat' dir='ltr'><strong>hoc</strong></span> <span class='ocrx_word' id='word_1_246' title='bbox 2885 1779 3030 1832; x_wconf 88' lang='lat' dir='ltr'><strong>enim</strong></span> <span class='ocrx_word' id='word_1_247' title='bbox 3063 1782 3371 1836; x_wconf 90' lang='lat' dir='ltr'><strong>communis</strong></span> <span class='ocrx_word' id='word_1_248' title='bbox 3403 1781 3508 1835; x_wconf 57' lang='lat' dir='ltr'><strong>huc</strong></span> 
     </span>
    </p>
   </div>
   <div class='ocr_carea' id='block_1_34' title="bbox 254 1867 1841 1961">
    <p class='ocr_par' dir='ltr' id='par_1_34' title="bbox 254 1878 1838 1961">
     <span class='ocr_line' id='line_1_34' title="bbox 254 1878 1838 1961; baseline -0.009 -16"><span class='ocrx_word' id='word_1_249' title='bbox 254 1890 618 1961; x_wconf 80' lang='grc' dir='ltr'>λαμπρότατα</span> <span class='ocrx_word' id='word_1_250' title='bbox 657 1885 906 1956; x_wconf 78' lang='grc' dir='ltr'>δηλοῦται</span> <span class='ocrx_word' id='word_1_251' title='bbox 945 1883 1033 1937; x_wconf 76' lang='grc' dir='ltr'>διὰ</span> <span class='ocrx_word' id='word_1_252' title='bbox 1067 1883 1165 1954; x_wconf 86' lang='grc' dir='ltr'>τῆς</span> <span class='ocrx_word' id='word_1_253' title='bbox 1205 1883 1296 1936; x_wconf 74' lang='grc' dir='ltr'><strong>ἐπὶ</strong></span> <span class='ocrx_word' id='word_1_254' title='bbox 1327 1879 1565 1951; x_wconf 84' lang='grc' dir='ltr'>νεφελῶν</span> <span class='ocrx_word' id='word_1_255' title='bbox 1608 1878 1838 1950; x_wconf 79' lang='grc' dir='ltr'>ούρανοῦ</span> 
     </span>
    </p>
   </div>
   <div class='ocr_carea' id='block_1_35' title="bbox 1944 1867 3507 1961">
    <p class='ocr_par' dir='ltr' id='par_1_35' title="bbox 1944 1867 3507 1940">
     <span class='ocr_line' id='line_1_35' title="bbox 1944 1867 3507 1940; baseline 0.001 -16"><span class='ocrx_word' id='word_1_256' title='bbox 1944 1871 2201 1940; x_wconf 87' lang='lat' dir='ltr'><strong>manique</strong></span> <span class='ocrx_word' id='word_1_257' title='bbox 2240 1870 2418 1926; x_wconf 88' lang='lat' dir='ltr'><strong>victus</strong></span> <span class='ocrx_word' id='word_1_258' title='bbox 2463 1875 2846 1940; x_wconf 78' lang='lat' dir='ltr'><strong>argumentum</strong></span> <span class='ocrx_word' id='word_1_259' title='bbox 2896 1867 3078 1925; x_wconf 81' lang='lat' dir='ltr'><strong>fuerit.</strong></span> <span class='ocrx_word' id='word_1_260' title='bbox 3117 1871 3247 1936; x_wconf 75' lang='lat' dir='ltr'><strong>Qua:</strong></span> <span class='ocrx_word' id='word_1_261' title='bbox 3279 1887 3408 1927; x_wconf 85' lang='lat' dir='ltr'><strong>vero</strong></span> <span class='ocrx_word' id='word_1_262' title='bbox 3436 1871 3507 1926; x_wconf 88' lang='lat' dir='ltr'><strong>ad</strong></span> 
     </span>
    </p>
   </div>
   <div class='ocr_carea' id='block_1_36' title="bbox 256 1969 1837 2052">
    <p class='ocr_par' dir='ltr' id='par_1_36' title="bbox 256 1969 1837 2052">
     <span class='ocr_line' id='line_1_36' title="bbox 256 1969 1837 2052; baseline -0.008 -18"><span class='ocrx_word' id='word_1_263' title='bbox 256 1978 673 2052; x_wconf 82' lang='grc' dir='ltr'>παρακομιδῆς,</span> <span class='ocrx_word' id='word_1_264' title='bbox 715 1979 810 2030; x_wconf 68' lang='grc' dir='ltr'><strong>καὶ</strong></span> <span class='ocrx_word' id='word_1_265' title='bbox 850 1975 951 2045; x_wconf 84' lang='grc' dir='ltr'>τῆς</span> <span class='ocrx_word' id='word_1_266' title='bbox 995 1973 1214 2028; x_wconf 81' lang='grc' dir='ltr'>αἰωνίου</span> <span class='ocrx_word' id='word_1_267' title='bbox 1260 1973 1475 2026; x_wconf 87' lang='grc' dir='ltr'>πάντων</span> <span class='ocrx_word' id='word_1_268' title='bbox 1521 1971 1630 2024; x_wconf 89' lang='grc' dir='ltr'><strong>τῶν</strong></span> <span class='ocrx_word' id='word_1_269' title='bbox 1669 1969 1837 2023; x_wconf 85' lang='grc' dir='ltr'>ἐθνῶν</span> 
     </span>
    </p>
   </div>
   <div class='ocr_carea' id='block_1_37' title="bbox 259 2060 1838 2141">
    <p class='ocr_par' dir='ltr' id='par_1_37' title="bbox 259 2060 1838 2141">
     <span class='ocr_line' id='line_1_37' title="bbox 259 2060 1838 2141; baseline -0.006 -18"><span class='ocrx_word' id='word_1_270' title='bbox 259 2070 559 2141; x_wconf 76' lang='grc' dir='ltr'>βασιλείας.</span> <span class='ocrx_word' id='word_1_271' title='bbox 608 2068 718 2121; x_wconf 73' lang='grc' dir='ltr'><strong>Καὶ</strong></span> <span class='ocrx_word' id='word_1_272' title='bbox 748 2062 816 2137; x_wconf 84' lang='grc' dir='ltr'>ἦν</span> <span class='ocrx_word' id='word_1_273' title='bbox 857 2082 920 2134; x_wconf 86' lang='grc' dir='ltr'><strong>γε</strong></span> <span class='ocrx_word' id='word_1_274' title='bbox 953 2063 1117 2118; x_wconf 86' lang='grc' dir='ltr'>καλὸν</span> <span class='ocrx_word' id='word_1_275' title='bbox 1157 2062 1475 2134; x_wconf 82' lang='grc' dir='ltr'>ἀμφοτέρας</span> <span class='ocrx_word' id='word_1_276' title='bbox 1517 2060 1838 2131; x_wconf 87' lang='grc' dir='ltr'>παραθεῖναι</span> 
     </span>
    </p>
   </div>
   <div class='ocr_carea' id='block_1_38' title="bbox 256 2151 1840 2233">
    <p class='ocr_par' dir='ltr' id='par_1_38' title="bbox 256 2151 1840 2233">
     <span class='ocr_line' id='line_1_38' title="bbox 256 2151 1840 2233; baseline -0.009 -16"><span class='ocrx_word' id='word_1_277' title='bbox 256 2167 372 2227; x_wconf 80' lang='grc' dir='ltr'>τοῖς</span> <span class='ocrx_word' id='word_1_278' title='bbox 398 2164 462 2216; x_wconf 89' lang='grc' dir='ltr'><strong>ἐκ</strong></span> <span class='ocrx_word' id='word_1_279' title='bbox 489 2159 810 2233; x_wconf 80' lang='grc' dir='ltr'>περιτομῆς,</span> <span class='ocrx_word' id='word_1_280' title='bbox 840 2156 996 2225; x_wconf 83' lang='grc' dir='ltr'>λόγον</span> <span class='ocrx_word' id='word_1_281' title='bbox 1028 2173 1089 2208; x_wconf 87' lang='grc' dir='ltr'><strong>τε</strong></span> <span class='ocrx_word' id='word_1_282' title='bbox 1120 2155 1317 2218; x_wconf 74' lang='grc' dir='ltr'>αὐτοὺς</span> <span class='ocrx_word' id='word_1_283' title='bbox 1347 2154 1647 2224; x_wconf 81' lang='grc' dir='ltr'>ἀπαιτῆσαι</span> <span class='ocrx_word' id='word_1_284' title='bbox 1671 2191 1686 2216; x_wconf 92' lang='grc'><strong>,</strong></span> <span class='ocrx_word' id='word_1_285' title='bbox 1721 2151 1840 2214; x_wconf 91' lang='grc' dir='ltr'><strong>πῶς</strong></span> 
     </span>
    </p>
   </div>
   <div class='ocr_carea' id='block_1_39' title="bbox 261 2241 1838 2319">
    <p class='ocr_par' dir='ltr' id='par_1_39' title="bbox 261 2241 1838 2319">
     <span class='ocr_line' id='line_1_39' title="bbox 261 2241 1838 2319; baseline -0.009 -11"><span class='ocrx_word' id='word_1_286' title='bbox 261 2255 329 2308; x_wconf 77' lang='grc' dir='ltr'>ἂν</span> <span class='ocrx_word' id='word_1_287' title='bbox 375 2251 606 2306; x_wconf 85' lang='grc' dir='ltr'>σώσαιεν</span> <span class='ocrx_word' id='word_1_288' title='bbox 651 2250 749 2312; x_wconf 75' lang='grc' dir='ltr'>τὰς</span> <span class='ocrx_word' id='word_1_289' title='bbox 794 2246 1161 2319; x_wconf 81' lang='grc' dir='ltr'>προφητείας,</span> <span class='ocrx_word' id='word_1_290' title='bbox 1209 2245 1338 2316; x_wconf 90' lang='grc' dir='ltr'>μίαν</span> <span class='ocrx_word' id='word_1_291' title='bbox 1375 2243 1556 2314; x_wconf 78' lang='grc' dir='ltr'>ἄφιξιν</span> <span class='ocrx_word' id='word_1_292' title='bbox 1601 2241 1838 2314; x_wconf 80' lang='grc' dir='ltr'>Χριστοῦ</span> 
     </span>
    </p>
   </div>
   <div class='ocr_carea' id='block_1_40' title="bbox 260 2333 1841 2415">
    <p class='ocr_par' dir='ltr' id='par_1_40' title="bbox 260 2333 1841 2415">
     <span class='ocr_line' id='line_1_40' title="bbox 260 2333 1841 2415; baseline -0.007 -17"><span class='ocrx_word' id='word_1_293' title='bbox 260 2342 667 2415; x_wconf 86' lang='grc' dir='ltr'>προσδοκῶντες</span> <span class='ocrx_word' id='word_1_294' title='bbox 686 2357 698 2371; x_wconf 89' lang='grc'><strong>·</strong></span> <span class='ocrx_word' id='word_1_295' title='bbox 746 2341 868 2392; x_wconf 77' lang='grc' dir='ltr'>ἐπεὶ</span> <span class='ocrx_word' id='word_1_296' title='bbox 884 2338 992 2414; x_wconf 72' lang='grc' dir='ltr'>γᾴρ</span> <span class='ocrx_word' id='word_1_297' title='bbox 1023 2337 1288 2408; x_wconf 78' lang='grc' dir='ltr'>ἑκατέραν</span> <span class='ocrx_word' id='word_1_298' title='bbox 1303 2336 1410 2390; x_wconf 91' lang='grc' dir='ltr'><strong>τῶν</strong></span> <span class='ocrx_word' id='word_1_299' title='bbox 1434 2333 1841 2406; x_wconf 87' lang='grc' dir='ltr'>παρατεθεισῶν</span> 
     </span>
    </p>
   </div>
   <div class='ocr_carea' id='block_1_41' title="bbox 260 2424 1838 2510">
    <p class='ocr_par' dir='ltr' id='par_1_41' title="bbox 260 2424 1838 2510">
     <span class='ocr_line' id='line_1_41' title="bbox 260 2424 1838 2510; baseline -0.011 -17"><span class='ocrx_word' id='word_1_300' title='bbox 260 2435 606 2510; x_wconf 54' lang='lat' dir='ltr'><strong>ngam-cst.ch</strong></span> <span class='ocrx_word' id='word_1_301' title='bbox 630 2433 724 2487; x_wconf 73' lang='grc' dir='ltr'><strong>καὶ</strong></span> <span class='ocrx_word' id='word_1_302' title='bbox 763 2432 921 2486; x_wconf 74' lang='grc' dir='ltr'>αὐτοὶ</span> <span class='ocrx_word' id='word_1_303' title='bbox 941 2430 1033 2485; x_wconf 77' lang='grc' dir='ltr'>τὸν</span> <span class='ocrx_word' id='word_1_304' title='bbox 1054 2429 1286 2501; x_wconf 82' lang='grc' dir='ltr'>Χριστὸν</span> <span class='ocrx_word' id='word_1_305' title='bbox 1308 2430 1437 2500; x_wconf 83' lang='grc' dir='ltr'>όρᾷν</span> <span class='ocrx_word' id='word_1_306' title='bbox 1465 2424 1838 2498; x_wconf 80' lang='grc' dir='ltr'>ὁμολογοῦσιν,</span> 
     </span>
    </p>
   </div>
   <div class='ocr_carea' id='block_1_42' title="bbox 259 2517 1838 2600">
    <p class='ocr_par' dir='ltr' id='par_1_42' title="bbox 259 2517 1838 2600">
     <span class='ocr_line' id='line_1_42' title="bbox 259 2517 1838 2600; baseline -0.008 -19"><span class='ocrx_word' id='word_1_307' title='bbox 259 2529 379 2600; x_wconf 85' lang='grc' dir='ltr'><strong>ῶρα</strong></span> <span class='ocrx_word' id='word_1_308' title='bbox 415 2527 625 2596; x_wconf 85' lang='grc' dir='ltr'>λέγειν,</span> <span class='ocrx_word' id='word_1_309' title='bbox 660 2525 755 2578; x_wconf 73' lang='grc' dir='ltr'>καὶ</span> <span class='ocrx_word' id='word_1_310' title='bbox 797 2521 1217 2592; x_wconf 86' lang='grc' dir='ltr'>πυνθανομένοις</span> <span class='ocrx_word' id='word_1_311' title='bbox 1250 2522 1382 2590; x_wconf 79' lang='grc' dir='ltr'>ἡμῖν</span> <span class='ocrx_word' id='word_1_312' title='bbox 1423 2517 1838 2589; x_wconf 87' lang='grc' dir='ltr'>ἀποκρίνασθαι,</span> 
     </span>
    </p>
   </div>
   <div class='ocr_carea' id='block_1_43' title="bbox 260 2609 1842 2686">
    <p class='ocr_par' dir='ltr' id='par_1_43' title="bbox 260 2609 1842 2686">
     <span class='ocr_line' id='line_1_43' title="bbox 260 2609 1842 2686; baseline -0.008 -14"><span class='ocrx_word' id='word_1_313' title='bbox 260 2619 379 2682; x_wconf 89' lang='grc' dir='ltr'><strong>πῶς</strong></span> <span class='ocrx_word' id='word_1_314' title='bbox 419 2613 528 2672; x_wconf 79' lang='grc' dir='ltr'>οἷόν</span> <span class='ocrx_word' id='word_1_315' title='bbox 559 2634 618 2670; x_wconf 91' lang='grc' dir='ltr'><strong>τε</strong></span> <span class='ocrx_word' id='word_1_316' title='bbox 651 2617 741 2686; x_wconf 83' lang='grc' dir='ltr'>ὑφ’</span> <span class='ocrx_word' id='word_1_317' title='bbox 774 2616 868 2668; x_wconf 71' lang='grc' dir='ltr'><strong>ἕνα</strong></span> <span class='ocrx_word' id='word_1_318' title='bbox 903 2614 994 2668; x_wconf 73' lang='grc' dir='ltr'><strong>καὶ</strong></span> <span class='ocrx_word' id='word_1_319' title='bbox 1025 2613 1114 2667; x_wconf 85' lang='grc' dir='ltr'><strong>τὸν</strong></span> <span class='ocrx_word' id='word_1_320' title='bbox 1164 2612 1326 2665; x_wconf 78' lang='grc' dir='ltr'>αὑτὸν</span> <span class='ocrx_word' id='word_1_321' title='bbox 1355 2611 1544 2682; x_wconf 79' lang='grc' dir='ltr'>καιρὸν</span> <span class='ocrx_word' id='word_1_322' title='bbox 1563 2650 1578 2675; x_wconf 94' lang='grc'><strong>,</strong></span> <span class='ocrx_word' id='word_1_323' title='bbox 1613 2609 1706 2663; x_wconf 77' lang='grc' dir='ltr'>καὶ</span> <span class='ocrx_word' id='word_1_324' title='bbox 1738 2609 1842 2661; x_wconf 84' lang='grc' dir='ltr'><strong>ὑπὸ</strong></span> 
     </span>
    </p>
   </div>
   <div class='ocr_carea' id='block_1_44' title="bbox 263 2699 1845 2782">
    <p class='ocr_par' dir='ltr' id='par_1_44' title="bbox 263 2699 1845 2782">
     <span class='ocr_line' id='line_1_44' title="bbox 263 2699 1845 2782; baseline -0.008 -17"><span class='ocrx_word' id='word_1_325' title='bbox 263 2712 393 2782; x_wconf 80' lang='grc' dir='ltr'>μίαν</span> <span class='ocrx_word' id='word_1_326' title='bbox 427 2707 639 2778; x_wconf 75' lang='grc' dir='ltr'>ἄφιξιν,</span> <span class='ocrx_word' id='word_1_327' title='bbox 673 2707 766 2761; x_wconf 73' lang='grc' dir='ltr'><strong>ἐπὶ</strong></span> <span class='ocrx_word' id='word_1_328' title='bbox 789 2705 1025 2776; x_wconf 80' lang='grc' dir='ltr'>νεφελῶν</span> <span class='ocrx_word' id='word_1_329' title='bbox 1064 2704 1296 2776; x_wconf 79' lang='grc' dir='ltr'>οὐρανοῦ</span> <span class='ocrx_word' id='word_1_330' title='bbox 1329 2701 1588 2772; x_wconf 82' lang='grc' dir='ltr'>φέρεσθαι</span> <span class='ocrx_word' id='word_1_331' title='bbox 1620 2699 1712 2753; x_wconf 83' lang='grc' dir='ltr'><strong>τὸν</strong></span> <span class='ocrx_word' id='word_1_332' title='bbox 1745 2700 1845 2754; x_wconf 79' lang='grc' dir='ltr'>αύ-</span> 
     </span>
    </p>
   </div>
   <div class='ocr_carea' id='block_1_45' title="bbox 258 2789 1828 2864">
    <p class='ocr_par' dir='ltr' id='par_1_45' title="bbox 258 2789 1828 2864">
     <span class='ocr_line' id='line_1_45' title="bbox 258 2789 1828 2864; baseline -0.006 -12"><span class='ocrx_word' id='word_1_333' title='bbox 258 2801 354 2853; x_wconf 76' lang='grc' dir='ltr'><strong>τδν</strong></span> <span class='ocrx_word' id='word_1_334' title='bbox 379 2841 394 2864; x_wconf 92' lang='grc'><strong>,</strong></span> <span class='ocrx_word' id='word_1_335' title='bbox 431 2800 525 2853; x_wconf 71' lang='grc' dir='ltr'><strong>καὶ</strong></span> <span class='ocrx_word' id='word_1_336' title='bbox 572 2799 666 2852; x_wconf 74' lang='grc' dir='ltr'><strong>ἐπὶ</strong></span> <span class='ocrx_word' id='word_1_337' title='bbox 693 2795 987 2864; x_wconf 78' lang='grc' dir='ltr'>ὑποζυγίου</span> <span class='ocrx_word' id='word_1_338' title='bbox 1042 2794 1138 2847; x_wconf 70' lang='grc' dir='ltr'><strong>κα)⁸</strong></span> <span class='ocrx_word' id='word_1_339' title='bbox 1180 2790 1360 2845; x_wconf 88' lang='grc' dir='ltr'>πώλου</span> <span class='ocrx_word' id='word_1_340' title='bbox 1407 2791 1526 2844; x_wconf 88' lang='grc' dir='ltr'>νέου</span> <span class='ocrx_word' id='word_1_341' title='bbox 1568 2789 1828 2861; x_wconf 85' lang='grc' dir='ltr'>ὀχεῖσθαι.</span> 
     </span>
    </p>
   </div>
   <div class='ocr_carea' id='block_1_46' title="bbox 275 2882 1844 2961">
    <p class='ocr_par' dir='ltr' id='par_1_46' title="bbox 275 2882 1844 2961">
     <span class='ocr_line' id='line_1_46' title="bbox 275 2882 1844 2961; baseline -0.006 -16"><span class='ocrx_word' id='word_1_342' title='bbox 275 2892 400 2944; x_wconf 77' lang='grc' dir='ltr'>Ἐπὶ</span> <span class='ocrx_word' id='word_1_343' title='bbox 455 2890 587 2943; x_wconf 80' lang='grc' dir='ltr'>πολὺ</span> <span class='ocrx_word' id='word_1_344' title='bbox 639 2889 748 2961; x_wconf 79' lang='grc' dir='ltr'><strong>γὰρ</strong></span> <span class='ocrx_word' id='word_1_345' title='bbox 793 2886 963 2941; x_wconf 76' lang='grc' dir='ltr'>ταῦτα</span> <span class='ocrx_word' id='word_1_346' title='bbox 1007 2885 1286 2955; x_wconf 82' lang='grc' dir='ltr'>διέστηκεν</span> <span class='ocrx_word' id='word_1_347' title='bbox 1334 2882 1592 2953; x_wconf 85' lang='grc' dir='ltr'>ἀλλήλων.</span> <span class='ocrx_word' id='word_1_348' title='bbox 1630 2883 1844 2954; x_wconf 86' lang='grc' dir='ltr'>Μυρίας</span> 
     </span>
    </p>
   </div>
   <div class='ocr_carea' id='block_1_47' title="bbox 267 2973 1844 3049">
    <p class='ocr_par' dir='ltr' id='par_1_47' title="bbox 267 2973 1844 3049">
     <span class='ocr_line' id='line_1_47' title="bbox 267 2973 1844 3049; baseline -0.01 -10"><span class='ocrx_word' id='word_1_349' title='bbox 267 2986 315 3039; x_wconf 71' lang='grc' dir='ltr'>δ’</span> <span class='ocrx_word' id='word_1_350' title='bbox 351 2981 446 3038; x_wconf 76' lang='grc' dir='ltr'><strong>οὖν</strong></span> <span class='ocrx_word' id='word_1_351' title='bbox 477 2982 731 3045; x_wconf 80' lang='grc' dir='ltr'>τοιαύτας</span> <span class='ocrx_word' id='word_1_352' title='bbox 763 2980 857 3035; x_wconf 65' lang='grc' dir='ltr'><strong>κα)⁵</strong></span> <span class='ocrx_word' id='word_1_353' title='bbox 887 2978 1051 3042; x_wconf 76' lang='grc' dir='ltr'>ἄλλας</span> <span class='ocrx_word' id='word_1_354' title='bbox 1085 2978 1213 3049; x_wconf 77' lang='grc' dir='ltr'>περὶ</span> <span class='ocrx_word' id='word_1_355' title='bbox 1239 2976 1331 3029; x_wconf 81' lang='grc' dir='ltr'>τοῦ</span> <span class='ocrx_word' id='word_1_356' title='bbox 1370 2973 1603 3045; x_wconf 79' lang='grc' dir='ltr'>Χριστοῦ</span> <span class='ocrx_word' id='word_1_357' title='bbox 1631 2990 1844 3046; x_wconf 77' lang='grc' dir='ltr'>προφη-</span> 
     </span>
    </p>
   </div>
   <div class='ocr_carea' id='block_1_48' title="bbox 262 3063 1843 3144">
    <p class='ocr_par' dir='ltr' id='par_1_48' title="bbox 262 3063 1843 3144">
     <span class='ocr_line' id='line_1_48' title="bbox 262 3063 1843 3144; baseline -0.009 -13"><span class='ocrx_word' id='word_1_358' title='bbox 262 3078 418 3141; x_wconf 85' lang='grc' dir='ltr'>τείας</span> <span class='ocrx_word' id='word_1_359' title='bbox 474 3073 812 3144; x_wconf 78' lang='grc' dir='ltr'>συναγαγὼν,</span> <span class='ocrx_word' id='word_1_360' title='bbox 856 3069 1121 3144; x_wconf 86' lang='grc' dir='ltr'>παραθείς</span> <span class='ocrx_word' id='word_1_361' title='bbox 1165 3086 1225 3122; x_wconf 91' lang='grc' dir='ltr'><strong>τε</strong></span> <span class='ocrx_word' id='word_1_362' title='bbox 1264 3068 1358 3122; x_wconf 80' lang='grc' dir='ltr'>καὶ</span> <span class='ocrx_word' id='word_1_363' title='bbox 1393 3065 1734 3139; x_wconf 84' lang='grc' dir='ltr'>συγκρούσας</span> <span class='ocrx_word' id='word_1_364' title='bbox 1775 3063 1843 3117; x_wconf 83' lang='grc' dir='ltr'>τὰ</span> 
     </span>
    </p>
   </div>
   <div class='ocr_carea' id='block_1_49' title="bbox 259 3158 1837 3242">
    <p class='ocr_par' dir='ltr' id='par_1_49' title="bbox 259 3158 1837 3242">
     <span class='ocr_line' id='line_1_49' title="bbox 259 3158 1837 3242; baseline -0.008 -17"><span class='ocrx_word' id='word_1_365' title='bbox 259 3172 531 3242; x_wconf 73' lang='grc' dir='ltr'>διαφόρως</span> <span class='ocrx_word' id='word_1_366' title='bbox 557 3167 948 3239; x_wconf 81' lang='grc' dir='ltr'>σημαινόμενα,</span> <span class='ocrx_word' id='word_1_367' title='bbox 979 3162 1350 3234; x_wconf 82' lang='grc' dir='ltr'>ἐναργέστατα</span> <span class='ocrx_word' id='word_1_368' title='bbox 1378 3159 1666 3230; x_wconf 77' lang='grc' dir='ltr'>καταλήψῃ</span> <span class='ocrx_word' id='word_1_369' title='bbox 1682 3158 1837 3222; x_wconf 73' lang='grc' dir='ltr'>τινας</span> 
     </span>
    </p>
   </div>
   <div class='ocr_carea' id='block_1_50' title="bbox 267 3218 1841 3335">
    <p class='ocr_par' dir='ltr' id='par_1_50' title="bbox 267 3218 1841 3335">
     <span class='ocr_line' id='line_1_50' title="bbox 267 3218 1841 3335; baseline -0.011 -18"><span class='ocrx_word' id='word_1_370' title='bbox 267 3218 384 3335; x_wconf 75' lang='grc' dir='ltr'><strong>μὲνῐ</strong></span> <span class='ocrx_word' id='word_1_371' title='bbox 411 3218 510 3333; x_wconf 56' lang='grc' dir='ltr'>ιζῆς</span> <span class='ocrx_word' id='word_1_372' title='bbox 553 3218 768 3332; x_wconf 53' lang='lat' dir='ltr'><strong>apiriam;</strong></span> <span class='ocrx_word' id='word_1_373' title='bbox 794 3218 976 3312; x_wconf 71' lang='grc' dir='ltr'><strong>⁵αύτοῦ</strong></span> <span class='ocrx_word' id='word_1_374' title='bbox 1009 3218 1308 3326; x_wconf 41' lang='grc' dir='ltr'>παιρδυσίας</span> <span class='ocrx_word' id='word_1_375' title='bbox 1355 3218 1666 3322; x_wconf 50' lang='grc' dir='ltr'>δηλώματα.</span> <span class='ocrx_word' id='word_1_376' title='bbox 1684 3265 1841 3320; x_wconf 87' lang='grc' dir='ltr'>περι-</span> 
     </span>
    </p>
   </div>
   <div class='ocr_carea' id='block_1_51' title="bbox 1944 3218 3318 3335">
    <p class='ocr_par' dir='ltr' id='par_1_51' title="bbox 1944 3243 3318 3317">
     <span class='ocr_line' id='line_1_51' title="bbox 1944 3243 3318 3317; baseline -0.004 -16"><span class='ocrx_word' id='word_1_377' title='bbox 1944 3245 2130 3317; x_wconf 88' lang='lat' dir='ltr'><strong>Longe</strong></span> <span class='ocrx_word' id='word_1_378' title='bbox 2185 3250 2329 3302; x_wconf 89' lang='lat' dir='ltr'><strong>enim</strong></span> <span class='ocrx_word' id='word_1_379' title='bbox 2377 3247 2494 3301; x_wconf 68' lang='lat' dir='ltr'><strong>haec</strong></span> <span class='ocrx_word' id='word_1_380' title='bbox 2551 3259 2583 3298; x_wconf 92' lang='lat' dir='ltr'><strong>a</strong></span> <span class='ocrx_word' id='word_1_381' title='bbox 2633 3247 2698 3301; x_wconf 61' lang='lat' dir='ltr'><strong>te</strong></span> <span class='ocrx_word' id='word_1_382' title='bbox 2757 3244 2990 3298; x_wconf 89' lang='lat' dir='ltr'><strong>invicem</strong></span> <span class='ocrx_word' id='word_1_383' title='bbox 3041 3243 3251 3297; x_wconf 88' lang='lat' dir='ltr'><strong>distant</strong></span> <span class='ocrx_word' id='word_1_384' title='bbox 3304 3260 3318 3296; x_wconf 90' lang='lat'><strong>:</strong></span> 
     </span>
    </p>
   </div>
   <div class='ocr_carea' id='block_1_52' title="bbox 269 3342 1844 3427">
    <p class='ocr_par' dir='ltr' id='par_1_52' title="bbox 269 3342 1844 3427">
     <span class='ocr_line' id='line_1_52' title="bbox 269 3342 1844 3427; baseline -0.011 -17"><span class='ocrx_word' id='word_1_385' title='bbox 269 3356 517 3427; x_wconf 89' lang='grc' dir='ltr'>εχούσας,</span> <span class='ocrx_word' id='word_1_386' title='bbox 547 3351 975 3424; x_wconf 86' lang='grc' dir='ltr'>πεπληρωμένας</span> <span class='ocrx_word' id='word_1_387' title='bbox 994 3347 1134 3403; x_wconf 82' lang='grc' dir='ltr'>κατὰ</span> <span class='ocrx_word' id='word_1_388' title='bbox 1151 3348 1248 3418; x_wconf 78' lang='grc' dir='ltr'>τὴν</span> <span class='ocrx_word' id='word_1_389' title='bbox 1273 3344 1494 3417; x_wconf 75' lang='grc' dir='ltr'>πρώτην</span> <span class='ocrx_word' id='word_1_390' title='bbox 1526 3342 1844 3411; x_wconf 80' lang='grc' dir='ltr'>ἐπιφάνειαν</span> 
     </span>
    </p>
   </div>
   <div class='ocr_carea' id='block_1_53' title="bbox 269 3432 1844 3514">
    <p class='ocr_par' dir='ltr' id='par_1_53' title="bbox 269 3432 1844 3514">
     <span class='ocr_line' id='line_1_53' title="bbox 269 3432 1844 3514; baseline -0.011 -12"><span class='ocrx_word' id='word_1_391' title='bbox 269 3448 454 3512; x_wconf 79' lang='grc' dir='ltr'>αὑτοῦ,</span> <span class='ocrx_word' id='word_1_392' title='bbox 489 3445 636 3508; x_wconf 78' lang='grc' dir='ltr'>τινας</span> <span class='ocrx_word' id='word_1_393' title='bbox 666 3445 721 3497; x_wconf 81' lang='grc' dir='ltr'>δὲ</span> <span class='ocrx_word' id='word_1_394' title='bbox 752 3446 829 3506; x_wconf 83' lang='grc' dir='ltr'><strong>εἰς</strong></span> <span class='ocrx_word' id='word_1_395' title='bbox 855 3443 953 3514; x_wconf 81' lang='grc' dir='ltr'>τὴν</span> <span class='ocrx_word' id='word_1_396' title='bbox 995 3440 1253 3510; x_wconf 87' lang='grc' dir='ltr'>δευτέραν</span> <span class='ocrx_word' id='word_1_397' title='bbox 1287 3435 1450 3491; x_wconf 77' lang='grc' dir='ltr'>αὑτοῦ</span> <span class='ocrx_word' id='word_1_398' title='bbox 1495 3436 1588 3489; x_wconf 72' lang='grc' dir='ltr'>καὶ</span> <span class='ocrx_word' id='word_1_399' title='bbox 1635 3432 1844 3498; x_wconf 72' lang='grc' dir='ltr'>ἔνδοξον</span> 
     </span>
    </p>
   </div>
   <div class='ocr_carea' id='block_1_54' title="bbox 267 3524 1838 3610">
    <p class='ocr_par' dir='ltr' id='par_1_54' title="bbox 267 3524 1838 3610">
     <span class='ocr_line' id='line_1_54' title="bbox 267 3524 1838 3610; baseline -0.013 -15"><span class='ocrx_word' id='word_1_400' title='bbox 267 3537 451 3610; x_wconf 75' lang='grc' dir='ltr'>ἄφιξιν</span> <span class='ocrx_word' id='word_1_401' title='bbox 484 3534 907 3607; x_wconf 81' lang='grc' dir='ltr'>ἀναφερομένας.</span> <span class='ocrx_word' id='word_1_402' title='bbox 972 3529 1366 3602; x_wconf 79' lang='grc' dir='ltr'>Ἐξωλόθρευσε</span> <span class='ocrx_word' id='word_1_403' title='bbox 1404 3525 1510 3598; x_wconf 83' lang='grc' dir='ltr'><strong>γὰρ</strong></span> <span class='ocrx_word' id='word_1_404' title='bbox 1535 3524 1838 3595; x_wconf 86' lang='grc' dir='ltr'>λεληθότως</span> 
     </span>
    </p>
   </div>
   <div class='ocr_carea' id='block_1_55' title="bbox 268 3612 1843 3699">
    <p class='ocr_par' dir='ltr' id='par_1_55' title="bbox 268 3612 1843 3699">
     <span class='ocr_line' id='line_1_55' title="bbox 268 3612 1843 3699; baseline -0.011 -17"><span class='ocrx_word' id='word_1_405' title='bbox 268 3628 511 3699; x_wconf 73' lang='grc' dir='ltr'>ἅρματα,</span> <span class='ocrx_word' id='word_1_406' title='bbox 551 3626 644 3679; x_wconf 78' lang='grc' dir='ltr'><strong>καὶ</strong></span> <span class='ocrx_word' id='word_1_407' title='bbox 676 3624 874 3688; x_wconf 82' lang='grc' dir='ltr'>ἵππον,</span> <span class='ocrx_word' id='word_1_408' title='bbox 915 3621 1006 3675; x_wconf 74' lang='grc' dir='ltr'><strong>καὶ</strong></span> <span class='ocrx_word' id='word_1_409' title='bbox 1035 3623 1140 3674; x_wconf 82' lang='grc' dir='ltr'><strong>πᾶν</strong></span> <span class='ocrx_word' id='word_1_410' title='bbox 1172 3619 1321 3686; x_wconf 82' lang='grc' dir='ltr'>τόξον</span> <span class='ocrx_word' id='word_1_411' title='bbox 1358 3616 1651 3688; x_wconf 80' lang='grc' dir='ltr'>πολεμικὸν</span> <span class='ocrx_word' id='word_1_412' title='bbox 1681 3617 1714 3685; x_wconf 77' lang='grc' dir='ltr'>ἡ</span> <span class='ocrx_word' id='word_1_413' title='bbox 1749 3612 1843 3666; x_wconf 78' lang='grc' dir='ltr'>τοῦ</span> 
     </span>
    </p>
   </div>
   <div class='ocr_carea' id='block_1_56' title="bbox 268 3705 1845 3790">
    <p class='ocr_par' dir='ltr' id='par_1_56' title="bbox 268 3705 1845 3790">
     <span class='ocr_line' id='line_1_56' title="bbox 268 3705 1845 3790; baseline -0.01 -17"><span class='ocrx_word' id='word_1_414' title='bbox 268 3720 520 3790; x_wconf 82' lang='grc' dir='ltr'>Σωτῆρος</span> <span class='ocrx_word' id='word_1_415' title='bbox 560 3715 714 3787; x_wconf 82' lang='grc' dir='ltr'>ἡμῶν</span> <span class='ocrx_word' id='word_1_416' title='bbox 766 3715 942 3777; x_wconf 74' lang='grc' dir='ltr'>ἔνθεος</span> <span class='ocrx_word' id='word_1_417' title='bbox 993 3710 1249 3784; x_wconf 88' lang='grc' dir='ltr'>δύναμις,</span> <span class='ocrx_word' id='word_1_418' title='bbox 1301 3707 1441 3764; x_wconf 85' lang='grc' dir='ltr'>κατὰ</span> <span class='ocrx_word' id='word_1_419' title='bbox 1485 3709 1582 3779; x_wconf 81' lang='grc' dir='ltr'>τὴν</span> <span class='ocrx_word' id='word_1_420' title='bbox 1621 3705 1845 3778; x_wconf 83' lang='grc' dir='ltr'>πρώτην</span> 
     </span>
    </p>
   </div>
   <div class='ocr_carea' id='block_1_57' title="bbox 268 3800 1846 3881">
    <p class='ocr_par' dir='ltr' id='par_1_57' title="bbox 268 3800 1846 3881">
     <span class='ocr_line' id='line_1_57' title="bbox 268 3800 1846 3881; baseline -0.01 -17"><span class='ocrx_word' id='word_1_421' title='bbox 268 3811 436 3864; x_wconf 73' lang='grc' dir='ltr'>αὐτοῦ</span> <span class='ocrx_word' id='word_1_422' title='bbox 490 3807 822 3881; x_wconf 80' lang='grc' dir='ltr'>παρουσίαν,</span> <span class='ocrx_word' id='word_1_423' title='bbox 869 3809 934 3859; x_wconf 89' lang='grc' dir='ltr'><strong>ἐκ</strong></span> <span class='ocrx_word' id='word_1_424' title='bbox 983 3805 1081 3876; x_wconf 77' lang='grc' dir='ltr'>τῆς</span> <span class='ocrx_word' id='word_1_425' title='bbox 1132 3800 1589 3873; x_wconf 89' lang='grc' dir='ltr'>σωματικωτέρας</span> <span class='ocrx_word' id='word_1_426' title='bbox 1649 3800 1846 3868; x_wconf 80' lang='grc' dir='ltr'>Ἰερου-</span> 
     </span>
    </p>
   </div>
   <div class='ocr_carea' id='block_1_58' title="bbox 271 3887 1846 3973">
    <p class='ocr_par' dir='ltr' id='par_1_58' title="bbox 271 3887 1846 3973">
     <span class='ocr_line' id='line_1_58' title="bbox 271 3887 1846 3973; baseline -0.01 -17"><span class='ocrx_word' id='word_1_427' title='bbox 271 3902 487 3973; x_wconf 84' lang='grc' dir='ltr'>σαλὴμ,</span> <span class='ocrx_word' id='word_1_428' title='bbox 527 3901 619 3954; x_wconf 72' lang='grc' dir='ltr'><strong>καὶ</strong></span> <span class='ocrx_word' id='word_1_429' title='bbox 655 3897 752 3952; x_wconf 76' lang='grc' dir='ltr'><strong>τοῦ</strong></span> <span class='ocrx_word' id='word_1_430' title='bbox 798 3895 1130 3967; x_wconf 86' lang='grc' dir='ltr'>καλουμένου</span> <span class='ocrx_word' id='word_1_431' title='bbox 1186 3891 1424 3963; x_wconf 79' lang='grc' dir='ltr'>Ἐφραῖμ</span> <span class='ocrx_word' id='word_1_432' title='bbox 1465 3891 1593 3944; x_wconf 77' lang='grc' dir='ltr'>λαοῦ</span> <span class='ocrx_word' id='word_1_433' title='bbox 1619 3907 1632 3920; x_wconf 90' lang='grc'><strong>·</strong></span> <span class='ocrx_word' id='word_1_434' title='bbox 1667 3889 1747 3942; x_wconf 82' lang='grc' dir='ltr'><strong>διὸ</strong></span> <span class='ocrx_word' id='word_1_435' title='bbox 1786 3887 1846 3953; x_wconf 82' lang='grc' dir='ltr'>ἐξ</span> 
     </span>
    </p>
   </div>
   <div class='ocr_carea' id='block_1_59' title="bbox 270 3977 1844 4061">
    <p class='ocr_par' dir='ltr' id='par_1_59' title="bbox 270 3977 1844 4061">
     <span class='ocr_line' id='line_1_59' title="bbox 270 3977 1844 4061; baseline -0.01 -14"><span class='ocrx_word' id='word_1_436' title='bbox 270 3994 480 4047; x_wconf 83' lang='grc' dir='ltr'>ἐκείνου</span> <span class='ocrx_word' id='word_1_437' title='bbox 514 3993 606 4046; x_wconf 81' lang='grc' dir='ltr'>καὶ</span> <span class='ocrx_word' id='word_1_438' title='bbox 636 3992 715 4054; x_wconf 85' lang='grc' dir='ltr'><strong>είς</strong></span> <span class='ocrx_word' id='word_1_439' title='bbox 741 3987 900 4061; x_wconf 78' lang='grc' dir='ltr'>δεῦρο</span> <span class='ocrx_word' id='word_1_440' title='bbox 922 3988 1020 4040; x_wconf 83' lang='grc' dir='ltr'><strong>οὐκ</strong></span> <span class='ocrx_word' id='word_1_441' title='bbox 1050 3985 1127 4038; x_wconf 82' lang='grc' dir='ltr'><strong>έτι</strong></span> <span class='ocrx_word' id='word_1_442' title='bbox 1154 3984 1382 4054; x_wconf 87' lang='grc' dir='ltr'>συνέστη</span> <span class='ocrx_word' id='word_1_443' title='bbox 1409 3982 1585 4035; x_wconf 78' lang='grc' dir='ltr'>αὐτῶν</span> <span class='ocrx_word' id='word_1_444' title='bbox 1605 3981 1665 4033; x_wconf 82' lang='grc' dir='ltr'><strong>τὸ</strong></span> <span class='ocrx_word' id='word_1_445' title='bbox 1693 3977 1844 4050; x_wconf 84' lang='grc' dir='ltr'>βασί-</span> 
     </span>
    </p>
   </div>
   <div class='ocr_carea' id='block_1_60' title="bbox 269 4072 1843 4154">
    <p class='ocr_par' dir='ltr' id='par_1_60' title="bbox 269 4072 1843 4154">
     <span class='ocr_line' id='line_1_60' title="bbox 269 4072 1843 4154; baseline -0.01 -15"><span class='ocrx_word' id='word_1_446' title='bbox 269 4087 434 4148; x_wconf 85' lang='grc' dir='ltr'>λειον,</span> <span class='ocrx_word' id='word_1_447' title='bbox 459 4083 578 4137; x_wconf 79' lang='grc' dir='ltr'>οὐδὲ</span> <span class='ocrx_word' id='word_1_448' title='bbox 597 4085 631 4154; x_wconf 82' lang='grc' dir='ltr'><strong>ἡ</strong></span> <span class='ocrx_word' id='word_1_449' title='bbox 654 4081 819 4135; x_wconf 84' lang='grc' dir='ltr'>πάλαι</span> <span class='ocrx_word' id='word_1_450' title='bbox 842 4081 900 4132; x_wconf 85' lang='grc' dir='ltr'><strong>ἐν</strong></span> <span class='ocrx_word' id='word_1_451' title='bbox 932 4076 1187 4148; x_wconf 84' lang='grc' dir='ltr'>πολέμοις</span> <span class='ocrx_word' id='word_1_452' title='bbox 1226 4074 1489 4144; x_wconf 80' lang='grc' dir='ltr'>ἰσχύσασα</span> <span class='ocrx_word' id='word_1_453' title='bbox 1525 4072 1843 4143; x_wconf 87' lang='grc' dir='ltr'>παρασκευή</span> 
     </span>
    </p>
   </div>
   <div class='ocr_carea' id='block_1_61' title="bbox 270 4162 1846 4241">
    <p class='ocr_par' dir='ltr' id='par_1_61' title="bbox 270 4162 1846 4241">
     <span class='ocr_line' id='line_1_61' title="bbox 270 4162 1846 4241; baseline -0.012 -8"><span class='ocrx_word' id='word_1_454' title='bbox 270 4197 332 4233; x_wconf 91' lang='grc' dir='ltr'><strong>τε</strong></span> <span class='ocrx_word' id='word_1_455' title='bbox 360 4176 537 4231; x_wconf 79' lang='grc' dir='ltr'>αὐτῶν</span> <span class='ocrx_word' id='word_1_456' title='bbox 571 4175 665 4228; x_wconf 74' lang='grc' dir='ltr'><strong>καὶ</strong></span> <span class='ocrx_word' id='word_1_457' title='bbox 691 4172 940 4241; x_wconf 83' lang='grc' dir='ltr'>ὁπλιτικὴ</span> <span class='ocrx_word' id='word_1_458' title='bbox 966 4169 1209 4239; x_wconf 86' lang='grc' dir='ltr'>δύναμις.</span> <span class='ocrx_word' id='word_1_459' title='bbox 1242 4165 1438 4228; x_wconf 85' lang='grc' dir='ltr'>Καλῶς</span> <span class='ocrx_word' id='word_1_460' title='bbox 1460 4165 1517 4218; x_wconf 83' lang='grc' dir='ltr'>δὲ</span> <span class='ocrx_word' id='word_1_461' title='bbox 1549 4167 1606 4217; x_wconf 88' lang='grc' dir='ltr'><strong>ἐν</strong></span> <span class='ocrx_word' id='word_1_462' title='bbox 1636 4162 1846 4226; x_wconf 87' lang='grc' dir='ltr'>τούτοις</span> 
     </span>
    </p>
   </div>
   <div class='ocr_carea' id='block_1_62' title="bbox 271 4254 1844 4330">
    <p class='ocr_par' dir='ltr' id='par_1_62' title="bbox 271 4254 1844 4330">
     <span class='ocr_line' id='line_1_62' title="bbox 271 4254 1844 4330; baseline -0.013 -5"><span class='ocrx_word' id='word_1_463' title='bbox 271 4272 363 4325; x_wconf 71' lang='grc' dir='ltr'>τὸν</span> <span class='ocrx_word' id='word_1_464' title='bbox 399 4271 572 4323; x_wconf 78' lang='grc' dir='ltr'>πάντα</span> <span class='ocrx_word' id='word_1_465' title='bbox 602 4267 710 4319; x_wconf 91' lang='grc' dir='ltr'><strong>τῶν</strong></span> <span class='ocrx_word' id='word_1_466' title='bbox 760 4263 1023 4317; x_wconf 86' lang='grc' dir='ltr'>Ἰουδαίων</span> <span class='ocrx_word' id='word_1_467' title='bbox 1063 4259 1190 4312; x_wconf 76' lang='grc' dir='ltr'>λαδν</span> <span class='ocrx_word' id='word_1_468' title='bbox 1237 4256 1476 4330; x_wconf 75' lang='grc' dir='ltr'>Ἐφραῒμ</span> <span class='ocrx_word' id='word_1_469' title='bbox 1515 4254 1802 4326; x_wconf 83' lang='grc' dir='ltr'>ὠνόμασεν</span> <span class='ocrx_word' id='word_1_470' title='bbox 1827 4292 1844 4317; x_wconf 94' lang='grc'><strong>,</strong></span> 
     </span>
    </p>
   </div>
   <div class='ocr_carea' id='block_1_63' title="bbox 273 4347 1847 4431">
    <p class='ocr_par' dir='ltr' id='par_1_63' title="bbox 273 4347 1847 4431">
     <span class='ocr_line' id='line_1_63' title="bbox 273 4347 1847 4431; baseline -0.013 -14"><span class='ocrx_word' id='word_1_471' title='bbox 273 4363 387 4418; x_wconf 82' lang='grc' dir='ltr'>ἀλλ’</span> <span class='ocrx_word' id='word_1_472' title='bbox 412 4361 533 4431; x_wconf 83' lang='grc' dir='ltr'><strong>ούχί</strong></span> <span class='ocrx_word' id='word_1_473' title='bbox 569 4357 799 4430; x_wconf 80' lang='grc' dir='ltr'>Ἰσραὴλ,</span> <span class='ocrx_word' id='word_1_474' title='bbox 830 4355 950 4408; x_wconf 82' lang='grc' dir='ltr'>οὐδὲ</span> <span class='ocrx_word' id='word_1_475' title='bbox 983 4351 1180 4406; x_wconf 86' lang='grc' dir='ltr'>Ἰούδαν</span> <span class='ocrx_word' id='word_1_476' title='bbox 1202 4392 1216 4413; x_wconf 86' lang='grc'><strong>,</strong></span> <span class='ocrx_word' id='word_1_477' title='bbox 1251 4350 1337 4403; x_wconf 81' lang='grc' dir='ltr'><strong>ἵνα</strong></span> <span class='ocrx_word' id='word_1_478' title='bbox 1377 4347 1450 4420; x_wconf 81' lang='grc' dir='ltr'>μὴ</span> <span class='ocrx_word' id='word_1_479' title='bbox 1502 4347 1601 4410; x_wconf 75' lang='grc' dir='ltr'>τὰς</span> <span class='ocrx_word' id='word_1_480' title='bbox 1657 4362 1847 4416; x_wconf 91' lang='grc' dir='ltr'>σεμνο-</span> 
     </span>
    </p>
   </div>
   <div class='ocr_carea' id='block_1_64' title="bbox 273 4436 1846 4526">
    <p class='ocr_par' dir='ltr' id='par_1_64' title="bbox 273 4436 1846 4526">
     <span class='ocr_line' id='line_1_64' title="bbox 273 4436 1846 4526; baseline -0.012 -20"><span class='ocrx_word' id='word_1_481' title='bbox 273 4455 436 4526; x_wconf 79' lang='grc' dir='ltr'>τέρας</span> <span class='ocrx_word' id='word_1_482' title='bbox 467 4450 737 4505; x_wconf 80' lang='grc' dir='ltr'>διαϐάλλοι</span> <span class='ocrx_word' id='word_1_483' title='bbox 771 4444 1156 4520; x_wconf 83' lang='grc' dir='ltr'>προσηγορίας.</span> <span class='ocrx_word' id='word_1_484' title='bbox 1192 4441 1385 4512; x_wconf 83' lang='grc' dir='ltr'>Εὖροις</span> <span class='ocrx_word' id='word_1_485' title='bbox 1423 4439 1466 4491; x_wconf 80' lang='grc' dir='ltr'>δ’</span> <span class='ocrx_word' id='word_1_486' title='bbox 1509 4437 1574 4491; x_wconf 85' lang='grc' dir='ltr'><strong>ἂν</strong></span> <span class='ocrx_word' id='word_1_487' title='bbox 1610 4436 1703 4490; x_wconf 78' lang='grc' dir='ltr'><strong>καὶ</strong></span> <span class='ocrx_word' id='word_1_488' title='bbox 1728 4439 1846 4498; x_wconf 87' lang='grc' dir='ltr'>ταῖς</span> 
     </span>
    </p>
   </div>
   <div class='ocr_carea' id='block_1_65' title="bbox 274 4526 1846 4613">
    <p class='ocr_par' dir='ltr' id='par_1_65' title="bbox 274 4526 1846 4613">
     <span class='ocr_line' id='line_1_65' title="bbox 274 4526 1846 4613; baseline -0.011 -16"><span class='ocrx_word' id='word_1_489' title='bbox 274 4543 460 4606; x_wconf 83' lang='grc' dir='ltr'>ἄλλαις</span> <span class='ocrx_word' id='word_1_490' title='bbox 508 4540 863 4613; x_wconf 74' lang='grc' dir='ltr'>προφητείαις</span> <span class='ocrx_word' id='word_1_491' title='bbox 915 4536 975 4589; x_wconf 78' lang='grc' dir='ltr'><strong>τὸ</strong></span> <span class='ocrx_word' id='word_1_492' title='bbox 1031 4535 1138 4590; x_wconf 81' lang='grc' dir='ltr'><strong>πᾶν</strong></span> <span class='ocrx_word' id='word_1_493' title='bbox 1199 4532 1349 4595; x_wconf 72' lang='grc' dir='ltr'>ἔθνος</span> <span class='ocrx_word' id='word_1_494' title='bbox 1419 4527 1659 4600; x_wconf 79' lang='grc' dir='ltr'>Ἐφραῒμ</span> <span class='ocrx_word' id='word_1_495' title='bbox 1711 4526 1846 4597; x_wconf 80' lang='grc' dir='ltr'>μετὰ</span> 
     </span>
    </p>
   </div>
   <div class='ocr_carea' id='block_1_66' title="bbox 276 4621 1842 4705">
    <p class='ocr_par' dir='ltr' id='par_1_66' title="bbox 276 4621 1842 4705">
     <span class='ocr_line' id='line_1_66' title="bbox 276 4621 1842 4705; baseline -0.011 -17"><span class='ocrx_word' id='word_1_496' title='bbox 276 4635 476 4705; x_wconf 84' lang='grc' dir='ltr'>πολλῆς</span> <span class='ocrx_word' id='word_1_497' title='bbox 535 4631 786 4701; x_wconf 76' lang='grc' dir='ltr'>διαϐολῆς</span> <span class='ocrx_word' id='word_1_498' title='bbox 855 4629 948 4682; x_wconf 73' lang='grc' dir='ltr'>καὶ</span> <span class='ocrx_word' id='word_1_499' title='bbox 1021 4624 1352 4696; x_wconf 85' lang='grc' dir='ltr'>κατηγορίας</span> <span class='ocrx_word' id='word_1_500' title='bbox 1419 4621 1842 4691; x_wconf 82' lang='grc' dir='ltr'>ὠνομασμένον,</span> 
     </span>
    </p>
   </div>
   <div class='ocr_carea' id='block_1_67' title="bbox 275 4710 1843 4796">
    <p class='ocr_par' dir='ltr' id='par_1_67' title="bbox 275 4710 1843 4796">
     <span class='ocr_line' id='line_1_67' title="bbox 275 4710 1843 4796; baseline -0.011 -17"><span class='ocrx_word' id='word_1_501' title='bbox 275 4725 464 4796; x_wconf 86' lang='grc' dir='ltr'>ῶσπερ</span> <span class='ocrx_word' id='word_1_502' title='bbox 512 4723 607 4778; x_wconf 75' lang='grc' dir='ltr'><strong>καὶ</strong></span> <span class='ocrx_word' id='word_1_503' title='bbox 663 4721 778 4776; x_wconf 79' lang='grc' dir='ltr'>νῦν.</span> <span class='ocrx_word' id='word_1_504' title='bbox 829 4718 980 4774; x_wconf 87' lang='grc' dir='ltr'>Μετὰ</span> <span class='ocrx_word' id='word_1_505' title='bbox 1024 4717 1152 4786; x_wconf 81' lang='grc' dir='ltr'>γοῦν</span> <span class='ocrx_word' id='word_1_506' title='bbox 1201 4715 1300 4786; x_wconf 83' lang='grc' dir='ltr'>τὴν</span> <span class='ocrx_word' id='word_1_507' title='bbox 1363 4713 1469 4767; x_wconf 80' lang='grc' dir='ltr'>ἀπὸ</span> <span class='ocrx_word' id='word_1_508' title='bbox 1530 4710 1843 4772; x_wconf 76' lang='grc' dir='ltr'>Βαόυλῶνος</span> 
     </span>
    </p>
   </div>
   <div class='ocr_carea' id='block_1_68' title="bbox 277 4798 1843 4885">
    <p class='ocr_par' dir='ltr' id='par_1_68' title="bbox 277 4798 1843 4885">
     <span class='ocr_line' id='line_1_68' title="bbox 277 4798 1843 4885; baseline -0.012 -15"><span class='ocrx_word' id='word_1_509' title='bbox 277 4816 554 4878; x_wconf 81' lang='grc' dir='ltr'>ἐπάνοδον,</span> <span class='ocrx_word' id='word_1_510' title='bbox 586 4812 775 4885; x_wconf 88' lang='grc' dir='ltr'>μηκέθ’</span> <span class='ocrx_word' id='word_1_511' title='bbox 801 4810 1020 4881; x_wconf 85' lang='grc' dir='ltr'>ὁμοίως,</span> <span class='ocrx_word' id='word_1_512' title='bbox 1042 4807 1116 4869; x_wconf 84' lang='grc' dir='ltr'><strong>ῶς</strong></span> <span class='ocrx_word' id='word_1_513' title='bbox 1144 4805 1204 4858; x_wconf 86' lang='grc' dir='ltr'><strong>τὸ</strong></span> <span class='ocrx_word' id='word_1_514' title='bbox 1237 4805 1383 4876; x_wconf 68' lang='grc' dir='ltr'>πρὶν,</span> <span class='ocrx_word' id='word_1_515' title='bbox 1405 4802 1730 4876; x_wconf 77' lang='grc' dir='ltr'>διῃρημένου</span> <span class='ocrx_word' id='word_1_516' title='bbox 1751 4798 1843 4852; x_wconf 79' lang='grc' dir='ltr'>τοῦ</span> 
     </span>
    </p>
   </div>
   <div class='ocr_carea' id='block_1_69' title="bbox 277 4889 1842 4976">
    <p class='ocr_par' dir='ltr' id='par_1_69' title="bbox 277 4889 1842 4976">
     <span class='ocr_line' id='line_1_69' title="bbox 277 4889 1842 4976; baseline -0.013 -14"><span class='ocrx_word' id='word_1_517' title='bbox 277 4909 438 4973; x_wconf 80' lang='grc' dir='ltr'>λαοῦ,</span> <span class='ocrx_word' id='word_1_518' title='bbox 468 4908 618 4970; x_wconf 86' lang='grc' dir='ltr'>τίνας</span> <span class='ocrx_word' id='word_1_519' title='bbox 650 4901 717 4976; x_wconf 83' lang='grc' dir='ltr'>ἦν</span> <span class='ocrx_word' id='word_1_520' title='bbox 744 4902 890 4965; x_wconf 78' lang='grc' dir='ltr'>εἰκὸς</span> <span class='ocrx_word' id='word_1_521' title='bbox 932 4897 1220 4969; x_wconf 76' lang='grc' dir='ltr'>δηλοῦσθαι</span> <span class='ocrx_word' id='word_1_522' title='bbox 1259 4896 1348 4949; x_wconf 77' lang='grc' dir='ltr'>διὰ</span> <span class='ocrx_word' id='word_1_523' title='bbox 1386 4895 1480 4947; x_wconf 81' lang='grc' dir='ltr'>τοῦ</span> <span class='ocrx_word' id='word_1_524' title='bbox 1537 4890 1776 4962; x_wconf 58' lang='grc' dir='ltr'>Ἐφραίμ</span> <span class='ocrx_word' id='word_1_525' title='bbox 1807 4889 1842 4960; x_wconf 85' lang='grc' dir='ltr'>ἢ</span> 
     </span>
    </p>
   </div>
   <div class='ocr_carea' id='block_1_70' title="bbox 278 4978 1844 5065">
    <p class='ocr_par' dir='ltr' id='par_1_70' title="bbox 278 4978 1844 5065">
     <span class='ocr_line' id='line_1_70' title="bbox 278 4978 1844 5065; baseline -0.014 -10"><span class='ocrx_word' id='word_1_526' title='bbox 278 5002 473 5063; x_wconf 79' lang='grc' dir='ltr'>αὐτοὺς</span> <span class='ocrx_word' id='word_1_527' title='bbox 496 4998 620 5060; x_wconf 74' lang='grc' dir='ltr'>τοὺς</span> <span class='ocrx_word' id='word_1_528' title='bbox 651 4995 749 5065; x_wconf 80' lang='grc' dir='ltr'>τὴν</span> <span class='ocrx_word' id='word_1_529' title='bbox 784 4989 1134 5063; x_wconf 83' lang='grc' dir='ltr'>Ἰερουσαλὴμ</span> <span class='ocrx_word' id='word_1_530' title='bbox 1159 4985 1474 5050; x_wconf 79' lang='grc' dir='ltr'>οίκοῦντας;</span> <span class='ocrx_word' id='word_1_531' title='bbox 1510 4978 1584 5037; x_wconf 80' lang='grc' dir='ltr'>ὧν</span> <span class='ocrx_word' id='word_1_532' title='bbox 1621 4983 1716 5054; x_wconf 82' lang='grc' dir='ltr'><strong>τὴν</strong></span> <span class='ocrx_word' id='word_1_533' title='bbox 1743 4999 1844 5034; x_wconf 90' lang='grc' dir='ltr'>πο-</span> 
     </span>
    </p>
   </div>
   <div class='ocr_carea' id='block_1_71' title="bbox 279 5075 1845 5163">
    <p class='ocr_par' dir='ltr' id='par_1_71' title="bbox 279 5075 1845 5163">
     <span class='ocr_line' id='line_1_71' title="bbox 279 5075 1845 5163; baseline -0.014 -17"><span class='ocrx_word' id='word_1_534' title='bbox 279 5092 507 5163; x_wconf 84' lang='grc' dir='ltr'>λεμικὴν</span> <span class='ocrx_word' id='word_1_535' title='bbox 538 5091 632 5143; x_wconf 53' lang='grc' dir='ltr'><strong>καί⁵</strong></span> <span class='ocrx_word' id='word_1_536' title='bbox 659 5085 936 5156; x_wconf 79' lang='grc' dir='ltr'>ὁπλιτικὴν</span> <span class='ocrx_word' id='word_1_537' title='bbox 964 5082 1188 5152; x_wconf 89' lang='grc' dir='ltr'>δύναμιν</span> <span class='ocrx_word' id='word_1_538' title='bbox 1214 5119 1228 5141; x_wconf 88' lang='grc'><strong>,</strong></span> <span class='ocrx_word' id='word_1_539' title='bbox 1264 5078 1423 5149; x_wconf 88' lang='grc' dir='ltr'>μέχρι</span> <span class='ocrx_word' id='word_1_540' title='bbox 1455 5075 1564 5129; x_wconf 90' lang='grc' dir='ltr'><strong>τῶν</strong></span> <span class='ocrx_word' id='word_1_541' title='bbox 1609 5075 1845 5143; x_wconf 79' lang='grc' dir='ltr'>Ῥωμαῖ-</span> 
     </span>
    </p>
   </div>
   <div class='ocr_carea' id='block_1_72' title="bbox 280 5166 1844 5258">
    <p class='ocr_par' dir='ltr' id='par_1_72' title="bbox 280 5166 1844 5258">
     <span class='ocr_line' id='line_1_72' title="bbox 280 5166 1844 5258; baseline -0.015 -18"><span class='ocrx_word' id='word_1_542' title='bbox 280 5186 390 5239; x_wconf 86' lang='grc' dir='ltr'><strong>κῶν</strong></span> <span class='ocrx_word' id='word_1_543' title='bbox 421 5185 626 5258; x_wconf 85' lang='grc' dir='ltr'>χρόνων</span> <span class='ocrx_word' id='word_1_544' title='bbox 655 5178 1037 5252; x_wconf 86' lang='grc' dir='ltr'>διαρκέσασαν,</span> <span class='ocrx_word' id='word_1_545' title='bbox 1067 5176 1099 5244; x_wconf 79' lang='grc' dir='ltr'><strong>ἡ</strong></span> <span class='ocrx_word' id='word_1_546' title='bbox 1124 5172 1217 5226; x_wconf 82' lang='grc' dir='ltr'>τοῦ</span> <span class='ocrx_word' id='word_1_547' title='bbox 1248 5171 1494 5241; x_wconf 79' lang='grc' dir='ltr'>Σωτῆρος</span> <span class='ocrx_word' id='word_1_548' title='bbox 1519 5166 1675 5238; x_wconf 82' lang='grc' dir='ltr'>ήμῶν</span> <span class='ocrx_word' id='word_1_549' title='bbox 1702 5182 1844 5236; x_wconf 89' lang='grc' dir='ltr'>παρ-</span> 
     </span>
    </p>
   </div>
   <div class='ocr_carea' id='block_1_73' title="bbox 282 5257 1848 5346">
    <p class='ocr_par' dir='ltr' id='par_1_73' title="bbox 282 5257 1848 5346">
     <span class='ocr_line' id='line_1_73' title="bbox 282 5257 1848 5346; baseline -0.017 -13"><span class='ocrx_word' id='word_1_550' title='bbox 282 5279 440 5333; x_wconf 81' lang='grc' dir='ltr'>ουσία</span> <span class='ocrx_word' id='word_1_551' title='bbox 466 5276 630 5346; x_wconf 85' lang='grc' dir='ltr'>ἐνθέῳ</span> <span class='ocrx_word' id='word_1_552' title='bbox 659 5274 752 5327; x_wconf 74' lang='grc' dir='ltr'><strong>καὶ</strong></span> <span class='ocrx_word' id='word_1_553' title='bbox 779 5270 1074 5342; x_wconf 73' lang='grc' dir='ltr'>ἀπορρήτῳ</span> <span class='ocrx_word' id='word_1_554' title='bbox 1095 5265 1318 5334; x_wconf 79' lang='grc' dir='ltr'>δυνάμει</span> <span class='ocrx_word' id='word_1_555' title='bbox 1344 5261 1612 5323; x_wconf 84' lang='grc' dir='ltr'>καθεῖλεν,</span> <span class='ocrx_word' id='word_1_556' title='bbox 1646 5257 1848 5328; x_wconf 88' lang='grc' dir='ltr'>ὁμοίως</span> 
     </span>
    </p>
   </div>
   <div class='ocr_carea' id='block_1_74' title="bbox 282 5347 1848 5441">
    <p class='ocr_par' dir='ltr' id='par_1_74' title="bbox 282 5347 1848 5441">
     <span class='ocr_line' id='line_1_74' title="bbox 282 5347 1848 5441; baseline -0.015 -19"><span class='ocrx_word' id='word_1_557' title='bbox 282 5372 349 5441; x_wconf 79' lang='grc' dir='ltr'>τῇ</span> <span class='ocrx_word' id='word_1_558' title='bbox 389 5364 711 5439; x_wconf 75' lang='grc' dir='ltr'>προφητεία.</span> <span class='ocrx_word' id='word_1_559' title='bbox 756 5362 940 5416; x_wconf 74' lang='grc' dir='ltr'>Ταῦτα</span> <span class='ocrx_word' id='word_1_560' title='bbox 977 5358 1034 5413; x_wconf 81' lang='grc' dir='ltr'>δὲ</span> <span class='ocrx_word' id='word_1_561' title='bbox 1072 5356 1168 5429; x_wconf 80' lang='grc' dir='ltr'>τὴν</span> <span class='ocrx_word' id='word_1_562' title='bbox 1210 5355 1270 5420; x_wconf 82' lang='grc' dir='ltr'><strong>ἐξ</strong></span> <span class='ocrx_word' id='word_1_563' title='bbox 1303 5353 1471 5407; x_wconf 87' lang='grc' dir='ltr'>ἐθνῶν</span> <span class='ocrx_word' id='word_1_564' title='bbox 1527 5347 1848 5418; x_wconf 84' lang='grc' dir='ltr'>Ἐκκλησίαν</span> 
     </span>
    </p>
   </div>
   <div class='ocr_carea' id='block_1_75' title="bbox 285 5438 1849 5528">
    <p class='ocr_par' dir='ltr' id='par_1_75' title="bbox 285 5438 1849 5528">
     <span class='ocr_line' id='line_1_75' title="bbox 285 5438 1849 5528; baseline -0.015 -15"><span class='ocrx_word' id='word_1_565' title='bbox 285 5438 685 5528; x_wconf 68' lang='grc' dir='ltr'>εύαγγελίζεται</span> <span class='ocrx_word' id='word_1_566' title='bbox 714 5457 742 5508; x_wconf 85' lang='grc' dir='ltr'>ὁ</span> <span class='ocrx_word' id='word_1_567' title='bbox 773 5453 926 5521; x_wconf 85' lang='grc' dir='ltr'>λόγος</span> <span class='ocrx_word' id='word_1_568' title='bbox 945 5491 958 5516; x_wconf 92' lang='grc'><strong>,</strong></span> <span class='ocrx_word' id='word_1_569' title='bbox 991 5450 1088 5520; x_wconf 78' lang='grc' dir='ltr'><strong>οὐχ</strong></span> <span class='ocrx_word' id='word_1_570' title='bbox 1117 5446 1299 5509; x_wconf 88' lang='grc' dir='ltr'>ἁπλῶς</span> <span class='ocrx_word' id='word_1_571' title='bbox 1327 5445 1557 5515; x_wconf 83' lang='grc' dir='ltr'>χαίρειν,</span> <span class='ocrx_word' id='word_1_572' title='bbox 1595 5439 1727 5494; x_wconf 83' lang='grc' dir='ltr'>ἀλλὰ</span> <span class='ocrx_word' id='word_1_573' title='bbox 1756 5438 1849 5528; x_wconf 47' lang='grc' dir='ltr'><strong>καί</strong></span> 
     </span>
    </p>
   </div>
   <div class='ocr_carea' id='block_1_76' title="bbox 287 5526 1850 5622">
    <p class='ocr_par' dir='ltr' id='par_1_76' title="bbox 287 5526 1850 5622">
     <span class='ocr_line' id='line_1_76' title="bbox 287 5526 1850 5622; baseline -0.017 -17"><span class='ocrx_word' id='word_1_574' title='bbox 287 5526 488 5622; x_wconf 80' lang='grc' dir='ltr'>σφόδρα</span> <span class='ocrx_word' id='word_1_575' title='bbox 529 5547 738 5619; x_wconf 88' lang='grc' dir='ltr'>χαίρειν</span> <span class='ocrx_word' id='word_1_576' title='bbox 785 5545 918 5614; x_wconf 78' lang='grc' dir='ltr'>αὐτῇ</span> <span class='ocrx_word' id='word_1_577' title='bbox 950 5537 1445 5612; x_wconf 85' lang='grc' dir='ltr'>παρακελευόμενος</span> <span class='ocrx_word' id='word_1_578' title='bbox 1481 5531 1710 5622; x_wconf 11' lang='grc' dir='ltr'>διαντὴν</span> <span class='ocrx_word' id='word_1_579' title='bbox 1758 5526 1850 5580; x_wconf 80' lang='grc' dir='ltr'>τοῦ</span> 
     </span>
    </p>
   </div>
   <div class='ocr_carea' id='block_1_77' title="bbox 286 5620 1854 5708">
    <p class='ocr_par' dir='ltr' id='par_1_77' title="bbox 286 5620 1854 5708">
     <span class='ocr_line' id='line_1_77' title="bbox 286 5620 1854 5708; baseline -0.015 -13"><span class='ocrx_word' id='word_1_580' title='bbox 286 5620 433 5694; x_wconf 36' lang='grc' dir='ltr'><strong>Θεοῦ-</strong></span> <span class='ocrx_word' id='word_1_581' title='bbox 456 5639 628 5708; x_wconf 79' lang='grc' dir='ltr'>Λόγου</span> <span class='ocrx_word' id='word_1_582' title='bbox 670 5638 745 5699; x_wconf 85' lang='grc' dir='ltr'><strong>είς</strong></span> <span class='ocrx_word' id='word_1_583' title='bbox 786 5633 954 5704; x_wconf 74' lang='grc' dir='ltr'>αὐτὴν</span> <span class='ocrx_word' id='word_1_584' title='bbox 991 5629 1309 5703; x_wconf 81' lang='grc' dir='ltr'>παρουσίαν,</span> <span class='ocrx_word' id='word_1_585' title='bbox 1340 5625 1406 5696; x_wconf 72' lang='grc' dir='ltr'>ἣν</span> <span class='ocrx_word' id='word_1_586' title='bbox 1450 5625 1544 5678; x_wconf 74' lang='grc' dir='ltr'><strong>καὶ</strong></span> <span class='ocrx_word' id='word_1_587' title='bbox 1581 5620 1854 5690; x_wconf 83' lang='grc' dir='ltr'>θυγατέρα</span> 
     </span>
    </p>
   </div>
   <div class='ocr_carea' id='block_1_78' title="bbox 360 5819 838 5885">
    <p class='ocr_par' dir='ltr' id='par_1_78' title="bbox 360 5819 838 5885">
     <span class='ocr_line' id='line_1_78' title="bbox 360 5819 838 5885; baseline -0.019 -3"><span class='ocrx_word' id='word_1_588' title='bbox 360 5826 382 5857; x_wconf 82' lang='grc'>⁸</span> <span class='ocrx_word' id='word_1_589' title='bbox 407 5827 537 5880; x_wconf 85' lang='lat' dir='ltr'><strong>Dan.</strong></span> <span class='ocrx_word' id='word_1_590' title='bbox 559 5837 654 5885; x_wconf 87' lang='lat' dir='ltr'><strong>vtt,</strong></span> <span class='ocrx_word' id='word_1_591' title='bbox 685 5819 838 5874; x_wconf 74' lang='lat' dir='ltr'><strong>9-H.</strong></span> 
     </span>
    </p>
   </div>
   <div class='ocr_carea' id='block_1_79' title="bbox 1941 1961 3504 2032">
    <p class='ocr_par' dir='ltr' id='par_1_79' title="bbox 1941 1961 3504 2032">
     <span class='ocr_line' id='line_1_79' title="bbox 1941 1961 3504 2032; baseline 0.002 -17"><span class='ocrx_word' id='word_1_592' title='bbox 1941 1962 2170 2016; x_wconf 90' lang='lat' dir='ltr'><strong>alterum</strong></span> <span class='ocrx_word' id='word_1_593' title='bbox 2200 1962 2352 2015; x_wconf 91' lang='lat' dir='ltr'><strong>illum</strong></span> <span class='ocrx_word' id='word_1_594' title='bbox 2382 1969 2436 2016; x_wconf 90' lang='lat' dir='ltr'><strong>et</strong></span> <span class='ocrx_word' id='word_1_595' title='bbox 2476 1961 2784 2016; x_wconf 88' lang='lat' dir='ltr'><strong>divinitatis</strong></span> <span class='ocrx_word' id='word_1_596' title='bbox 2823 1961 3056 2030; x_wconf 87' lang='lat' dir='ltr'><strong>amplius</strong></span> <span class='ocrx_word' id='word_1_597' title='bbox 3086 1978 3196 2032; x_wconf 73' lang='lat' dir='ltr'><strong>prae</strong></span> <span class='ocrx_word' id='word_1_598' title='bbox 3233 1979 3291 2018; x_wconf 90' lang='lat' dir='ltr'><strong>se</strong></span> <span class='ocrx_word' id='word_1_599' title='bbox 3321 1962 3504 2018; x_wconf 83' lang='lat' dir='ltr'><strong>feren-</strong></span> 
     </span>
    </p>
   </div>
   <div class='ocr_carea' id='block_1_80' title="bbox 1939 2053 3506 2123">
    <p class='ocr_par' dir='ltr' id='par_1_80' title="bbox 1939 2053 3506 2123">
     <span class='ocr_line' id='line_1_80' title="bbox 1939 2053 3506 2123; baseline -0.001 -14"><span class='ocrx_word' id='word_1_600' title='bbox 1939 2064 2070 2118; x_wconf 85' lang='lat' dir='ltr'><strong>tem,</strong></span> <span class='ocrx_word' id='word_1_601' title='bbox 2097 2053 2542 2110; x_wconf 83' lang='lat' dir='ltr'><strong>manifestissime</strong></span> <span class='ocrx_word' id='word_1_602' title='bbox 2584 2053 2898 2108; x_wconf 90' lang='lat' dir='ltr'><strong>indicantur</strong></span> <span class='ocrx_word' id='word_1_603' title='bbox 2927 2069 3024 2123; x_wconf 87' lang='lat' dir='ltr'><strong>per</strong></span> <span class='ocrx_word' id='word_1_604' title='bbox 3055 2054 3200 2107; x_wconf 90' lang='lat' dir='ltr'><strong>illam</strong></span> <span class='ocrx_word' id='word_1_605' title='bbox 3253 2055 3309 2109; x_wconf 92' lang='lat' dir='ltr'><strong>in</strong></span> <span class='ocrx_word' id='word_1_606' title='bbox 3340 2055 3506 2110; x_wconf 89' lang='lat' dir='ltr'><strong>nubi-</strong></span> 
     </span>
    </p>
   </div>
   <div class='ocr_carea' id='block_1_81' title="bbox 1939 2128 3506 2216">
    <p class='ocr_par' dir='ltr' id='par_1_81' title="bbox 1939 2128 3506 2216">
     <span class='ocr_line' id='line_1_81' title="bbox 1939 2128 3506 2216; baseline 0.002 -16"><span class='ocrx_word' id='word_1_607' title='bbox 1939 2145 2042 2200; x_wconf 89' lang='lat' dir='ltr'><strong>bus</strong></span> <span class='ocrx_word' id='word_1_608' title='bbox 2069 2146 2191 2199; x_wconf 73' lang='lat' dir='ltr'><strong>cceli</strong></span> <span class='ocrx_word' id='word_1_609' title='bbox 2235 2128 2685 2212; x_wconf 86' lang='lat' dir='ltr'><strong>advectationem,</strong></span> <span class='ocrx_word' id='word_1_610' title='bbox 2732 2160 2937 2216; x_wconf 82' lang='lat' dir='ltr'><strong>perque</strong></span> <span class='ocrx_word' id='word_1_611' title='bbox 2969 2146 3100 2200; x_wconf 91' lang='lat' dir='ltr'><strong>illud</strong></span> <span class='ocrx_word' id='word_1_612' title='bbox 3152 2155 3414 2201; x_wconf 61' lang='lat' dir='ltr'><strong>mternum</strong></span> <span class='ocrx_word' id='word_1_613' title='bbox 3447 2148 3506 2203; x_wconf 90' lang='lat' dir='ltr'><strong>in</strong></span> 
     </span>
    </p>
   </div>
   <div class='ocr_carea' id='block_1_82' title="bbox 1941 2237 3510 2308">
    <p class='ocr_par' dir='ltr' id='par_1_82' title="bbox 1941 2237 3510 2308">
     <span class='ocr_line' id='line_1_82' title="bbox 1941 2237 3510 2308; baseline 0.001 -16"><span class='ocrx_word' id='word_1_614' title='bbox 1941 2237 2195 2292; x_wconf 91' lang='lat' dir='ltr'><strong>omnibus</strong></span> <span class='ocrx_word' id='word_1_615' title='bbox 2234 2238 2486 2306; x_wconf 87' lang='lat' dir='ltr'><strong>gentibus</strong></span> <span class='ocrx_word' id='word_1_616' title='bbox 2533 2252 2758 2308; x_wconf 85' lang='lat' dir='ltr'><strong>regnum</strong></span> <span class='ocrx_word' id='word_1_617' title='bbox 2793 2257 2806 2291; x_wconf 88' lang='lat'><strong>:</strong></span> <span class='ocrx_word' id='word_1_618' title='bbox 2837 2253 2938 2292; x_wconf 88' lang='lat' dir='ltr'><strong>nec</strong></span> <span class='ocrx_word' id='word_1_619' title='bbox 2969 2253 3101 2292; x_wconf 89' lang='lat' dir='ltr'><strong>sane</strong></span> <span class='ocrx_word' id='word_1_620' title='bbox 3145 2239 3214 2292; x_wconf 88' lang='lat' dir='ltr'><strong>ah</strong></span> <span class='ocrx_word' id='word_1_621' title='bbox 3243 2254 3301 2293; x_wconf 90' lang='lat' dir='ltr'><strong>re</strong></span> <span class='ocrx_word' id='word_1_622' title='bbox 3344 2239 3510 2295; x_wconf 82' lang='lat' dir='ltr'><strong>fuerit</strong></span> 
     </span>
    </p>
   </div>
   <div class='ocr_carea' id='block_1_83' title="bbox 1943 2328 3508 2400">
    <p class='ocr_par' dir='ltr' id='par_1_83' title="bbox 1943 2328 3508 2400">
     <span class='ocr_line' id='line_1_83' title="bbox 1943 2328 3508 2400; baseline 0.001 -16"><span class='ocrx_word' id='word_1_623' title='bbox 1943 2339 2238 2398; x_wconf 89' lang='lat' dir='ltr'><strong>utrumque</strong></span> <span class='ocrx_word' id='word_1_624' title='bbox 2269 2328 2472 2385; x_wconf 67' lang='lat' dir='ltr'><strong>Iudaeis</strong></span> <span class='ocrx_word' id='word_1_625' title='bbox 2511 2344 2835 2400; x_wconf 86' lang='lat' dir='ltr'><strong>proponere,</strong></span> <span class='ocrx_word' id='word_1_626' title='bbox 2871 2331 3246 2400; x_wconf 85' lang='lat' dir='ltr'><strong>rationemque</strong></span> <span class='ocrx_word' id='word_1_627' title='bbox 3282 2331 3351 2385; x_wconf 86' lang='lat' dir='ltr'><strong>ab</strong></span> <span class='ocrx_word' id='word_1_628' title='bbox 3397 2332 3508 2388; x_wconf 89' lang='lat' dir='ltr'><strong>illis</strong></span> 
     </span>
    </p>
   </div>
   <div class='ocr_carea' id='block_1_84' title="bbox 1941 2421 3506 2494">
    <p class='ocr_par' dir='ltr' id='par_1_84' title="bbox 1941 2421 3506 2494">
     <span class='ocr_line' id='line_1_84' title="bbox 1941 2421 3506 2494; baseline 0.001 -18"><span class='ocrx_word' id='word_1_629' title='bbox 1941 2423 2240 2494; x_wconf 77' lang='lat' dir='ltr'><strong>postulare,</strong></span> <span class='ocrx_word' id='word_1_630' title='bbox 2273 2437 2508 2492; x_wconf 88' lang='lat' dir='ltr'><strong>quonam</strong></span> <span class='ocrx_word' id='word_1_631' title='bbox 2543 2429 2724 2491; x_wconf 87' lang='lat' dir='ltr'><strong>pacto,</strong></span> <span class='ocrx_word' id='word_1_632' title='bbox 2739 2421 2783 2476; x_wconf 88' lang='lat' dir='ltr'><strong>si</strong></span> <span class='ocrx_word' id='word_1_633' title='bbox 2813 2437 2980 2475; x_wconf 91' lang='lat' dir='ltr'><strong>unum</strong></span> <span class='ocrx_word' id='word_1_634' title='bbox 3012 2421 3276 2476; x_wconf 76' lang='lat' dir='ltr'><strong>duntaxat</strong></span> <span class='ocrx_word' id='word_1_635' title='bbox 3298 2421 3506 2477; x_wconf 87' lang='lat' dir='ltr'><strong>Christi</strong></span> 
     </span>
    </p>
   </div>
   <div class='ocr_carea' id='block_1_85' title="bbox 1942 2513 3510 2584">
    <p class='ocr_par' dir='ltr' id='par_1_85' title="bbox 1942 2513 3510 2584">
     <span class='ocr_line' id='line_1_85' title="bbox 1942 2513 3510 2584; baseline -0.003 -14"><span class='ocrx_word' id='word_1_636' title='bbox 1942 2516 2232 2571; x_wconf 85' lang='lat' dir='ltr'><strong>adventum</strong></span> <span class='ocrx_word' id='word_1_637' title='bbox 2262 2522 2598 2584; x_wconf 84' lang='lat' dir='ltr'><strong>exspectant,</strong></span> <span class='ocrx_word' id='word_1_638' title='bbox 2654 2513 2964 2583; x_wconf 89' lang='lat' dir='ltr'><strong>prophetias</strong></span> <span class='ocrx_word' id='word_1_639' title='bbox 3015 2528 3145 2568; x_wconf 89' lang='lat' dir='ltr'><strong>suas</strong></span> <span class='ocrx_word' id='word_1_640' title='bbox 3189 2513 3292 2568; x_wconf 89' lang='lat' dir='ltr'><strong>sibi</strong></span> <span class='ocrx_word' id='word_1_641' title='bbox 3340 2514 3510 2568; x_wconf 86' lang='lat' dir='ltr'><strong>velint</strong></span> 
     </span>
    </p>
   </div>
   <div class='ocr_carea' id='block_1_86' title="bbox 1942 2608 3510 2675">
    <p class='ocr_par' dir='ltr' id='par_1_86' title="bbox 1942 2608 3510 2675">
     <span class='ocr_line' id='line_1_86' title="bbox 1942 2608 3510 2675; baseline -0.002 -14"><span class='ocrx_word' id='word_1_642' title='bbox 1942 2614 2196 2661; x_wconf 84' lang='lat' dir='ltr'><strong>constare</strong></span> <span class='ocrx_word' id='word_1_643' title='bbox 2223 2624 2235 2659; x_wconf 74' lang='grc' dir='ltr'><strong>Ζ</strong></span> <span class='ocrx_word' id='word_1_644' title='bbox 2272 2620 2401 2659; x_wconf 89' lang='lat' dir='ltr'><strong>nam</strong></span> <span class='ocrx_word' id='word_1_645' title='bbox 2425 2619 2549 2658; x_wconf 87' lang='lat' dir='ltr'><strong>cum</strong></span> <span class='ocrx_word' id='word_1_646' title='bbox 2575 2613 2862 2674; x_wconf 89' lang='lat' dir='ltr'><strong>utramque</strong></span> <span class='ocrx_word' id='word_1_647' title='bbox 2896 2619 3107 2666; x_wconf 89' lang='lat' dir='ltr'><strong>earum,</strong></span> <span class='ocrx_word' id='word_1_648' title='bbox 3141 2620 3262 2675; x_wconf 62' lang='lat' dir='ltr'><strong>QII$</strong></span> <span class='ocrx_word' id='word_1_649' title='bbox 3289 2608 3510 2675; x_wconf 69' lang='grc' dir='ltr'><strong>θη)οεί-</strong></span> 
     </span>
    </p>
   </div>
   <div class='ocr_carea' id='block_1_87' title="bbox 1942 2694 3510 2765">
    <p class='ocr_par' dir='ltr' id='par_1_87' title="bbox 1942 2694 3510 2765">
     <span class='ocr_line' id='line_1_87' title="bbox 1942 2694 3510 2765; baseline -0.001 -14"><span class='ocrx_word' id='word_1_650' title='bbox 1942 2705 2010 2751; x_wconf 52' lang='lat' dir='ltr'><strong>tae.</strong></span> <span class='ocrx_word' id='word_1_651' title='bbox 2035 2704 2183 2759; x_wconf 90' lang='lat' dir='ltr'><strong>sunt,</strong></span> <span class='ocrx_word' id='word_1_652' title='bbox 2209 2695 2278 2750; x_wconf 85' lang='lat' dir='ltr'><strong>ad</strong></span> <span class='ocrx_word' id='word_1_653' title='bbox 2307 2694 2586 2750; x_wconf 86' lang='lat' dir='ltr'><strong>Christum</strong></span> <span class='ocrx_word' id='word_1_654' title='bbox 2612 2695 2885 2764; x_wconf 88' lang='lat' dir='ltr'><strong>pertinere</strong></span> <span class='ocrx_word' id='word_1_655' title='bbox 2930 2694 3031 2764; x_wconf 92' lang='lat' dir='ltr'><strong>ipsi</strong></span> <span class='ocrx_word' id='word_1_656' title='bbox 3062 2711 3276 2765; x_wconf 80' lang='lat' dir='ltr'><strong>quoque</strong></span> <span class='ocrx_word' id='word_1_657' title='bbox 3303 2696 3510 2750; x_wconf 82' lang='lat' dir='ltr'><strong>fatean-</strong></span> 
     </span>
    </p>
   </div>
   <div class='ocr_carea' id='block_1_88' title="bbox 1944 2783 3508 2855">
    <p class='ocr_par' dir='ltr' id='par_1_88' title="bbox 1944 2783 3508 2855">
     <span class='ocr_line' id='line_1_88' title="bbox 1944 2783 3508 2855; baseline 0 -15"><span class='ocrx_word' id='word_1_658' title='bbox 1944 2794 2054 2850; x_wconf 93' lang='lat' dir='ltr'><strong>tur,</strong></span> <span class='ocrx_word' id='word_1_659' title='bbox 2109 2786 2294 2840; x_wconf 88' lang='lat' dir='ltr'><strong>dicant</strong></span> <span class='ocrx_word' id='word_1_660' title='bbox 2341 2800 2550 2855; x_wconf 86' lang='lat' dir='ltr'><strong>quaeso,</strong></span> <span class='ocrx_word' id='word_1_661' title='bbox 2600 2790 2655 2838; x_wconf 91' lang='lat' dir='ltr'><strong>et</strong></span> <span class='ocrx_word' id='word_1_662' title='bbox 2700 2783 3161 2854; x_wconf 86' lang='lat' dir='ltr'><strong>interrogantibus</strong></span> <span class='ocrx_word' id='word_1_663' title='bbox 3217 2785 3377 2840; x_wconf 88' lang='lat' dir='ltr'><strong>nobis</strong></span> <span class='ocrx_word' id='word_1_664' title='bbox 3423 2800 3508 2840; x_wconf 86' lang='lat' dir='ltr'><strong>re-</strong></span> 
     </span>
    </p>
   </div>
   <div class='ocr_carea' id='block_1_89' title="bbox 1945 2878 3510 2951">
    <p class='ocr_par' dir='ltr' id='par_1_89' title="bbox 1945 2878 3510 2951">
     <span class='ocr_line' id='line_1_89' title="bbox 1945 2878 3510 2951; baseline -0.001 -15"><span class='ocrx_word' id='word_1_665' title='bbox 1945 2878 2286 2950; x_wconf 89' lang='lat' dir='ltr'><strong>spondeant,</strong></span> <span class='ocrx_word' id='word_1_666' title='bbox 2351 2880 2445 2950; x_wconf 90' lang='lat' dir='ltr'><strong>qui</strong></span> <span class='ocrx_word' id='word_1_667' title='bbox 2513 2881 2630 2935; x_wconf 88' lang='lat' dir='ltr'><strong>lieri</strong></span> <span class='ocrx_word' id='word_1_668' title='bbox 2684 2880 2856 2951; x_wconf 88' lang='lat' dir='ltr'><strong>possit</strong></span> <span class='ocrx_word' id='word_1_669' title='bbox 2924 2887 2984 2932; x_wconf 96' lang='lat' dir='ltr'><strong>ut</strong></span> <span class='ocrx_word' id='word_1_670' title='bbox 3037 2894 3148 2934; x_wconf 91' lang='lat' dir='ltr'><strong>uno</strong></span> <span class='ocrx_word' id='word_1_671' title='bbox 3207 2879 3510 2948; x_wconf 87' lang='lat' dir='ltr'><strong>eodemque</strong></span> 
     </span>
    </p>
   </div>
   <div class='ocr_carea' id='block_1_90' title="bbox 1945 2969 3508 3042">
    <p class='ocr_par' dir='ltr' id='par_1_90' title="bbox 1945 2969 3508 3042">
     <span class='ocr_line' id='line_1_90' title="bbox 1945 2969 3508 3042; baseline -0.001 -18"><span class='ocrx_word' id='word_1_672' title='bbox 1945 2977 2235 3042; x_wconf 90' lang='lat' dir='ltr'><strong>tempore,</strong></span> <span class='ocrx_word' id='word_1_673' title='bbox 2306 2971 2410 3026; x_wconf 91' lang='lat' dir='ltr'><strong>sub</strong></span> <span class='ocrx_word' id='word_1_674' title='bbox 2490 2986 2657 3024; x_wconf 87' lang='lat' dir='ltr'><strong>unum</strong></span> <span class='ocrx_word' id='word_1_675' title='bbox 2731 2970 3089 3040; x_wconf 86' lang='lat' dir='ltr'><strong>eumdemque</strong></span> <span class='ocrx_word' id='word_1_676' title='bbox 3163 2969 3508 3035; x_wconf 85' lang='lat' dir='ltr'><strong>adventum,</strong></span> 
     </span>
    </p>
   </div>
   <div class='ocr_carea' id='block_1_91' title="bbox 1946 3060 3512 3130">
    <p class='ocr_par' dir='ltr' id='par_1_91' title="bbox 1946 3060 3512 3130">
     <span class='ocr_line' id='line_1_91' title="bbox 1946 3060 3512 3130; baseline -0.003 -13"><span class='ocrx_word' id='word_1_677' title='bbox 1946 3061 2091 3117; x_wconf 86' lang='lat' dir='ltr'><strong>idem</strong></span> <span class='ocrx_word' id='word_1_678' title='bbox 2141 3069 2196 3118; x_wconf 91' lang='lat' dir='ltr'><strong>et</strong></span> <span class='ocrx_word' id='word_1_679' title='bbox 2247 3061 2305 3116; x_wconf 91' lang='lat' dir='ltr'><strong>in</strong></span> <span class='ocrx_word' id='word_1_680' title='bbox 2357 3061 2598 3118; x_wconf 84' lang='lat' dir='ltr'><strong>nubibus</strong></span> <span class='ocrx_word' id='word_1_681' title='bbox 2661 3061 2787 3116; x_wconf 65' lang='lat' dir='ltr'><strong>caeli</strong></span> <span class='ocrx_word' id='word_1_682' title='bbox 2847 3060 3094 3124; x_wconf 77' lang='lat' dir='ltr'><strong>feratur,</strong></span> <span class='ocrx_word' id='word_1_683' title='bbox 3158 3067 3214 3115; x_wconf 89' lang='lat' dir='ltr'><strong>et</strong></span> <span class='ocrx_word' id='word_1_684' title='bbox 3259 3060 3512 3130; x_wconf 88' lang='lat' dir='ltr'><strong>jumento</strong></span> 
     </span>
    </p>
   </div>
   <div class='ocr_carea' id='block_1_92' title="bbox 1937 3150 3508 3227">
    <p class='ocr_par' dir='ltr' id='par_1_92' title="bbox 1937 3150 3508 3227">
     <span class='ocr_line' id='line_1_92' title="bbox 1937 3150 3508 3227; baseline -0.002 -16"><span class='ocrx_word' id='word_1_685' title='bbox 1937 3156 2205 3227; x_wconf 89' lang='lat' dir='ltr'><strong>.pulloque</strong></span> <span class='ocrx_word' id='word_1_686' title='bbox 2282 3155 2626 3210; x_wconf 88' lang='lat' dir='ltr'><strong>adolescente</strong></span> <span class='ocrx_word' id='word_1_687' title='bbox 2692 3153 2939 3208; x_wconf 88' lang='lat' dir='ltr'><strong>insidens</strong></span> <span class='ocrx_word' id='word_1_688' title='bbox 3015 3152 3267 3207; x_wconf 88' lang='lat' dir='ltr'><strong>vehatur.</strong></span> <span class='ocrx_word' id='word_1_689' title='bbox 3345 3150 3508 3222; x_wconf 66' lang='grc'><strong>457</strong></span> 
     </span>
    </p>
   </div>
   <div class='ocr_carea' id='block_1_93' title="bbox 3373 3257 3511 3312">
    <p class='ocr_par' dir='ltr' id='par_1_93' title="bbox 3373 3257 3511 3312">
     <span class='ocr_line' id='line_1_93' title="bbox 3373 3257 3511 3312; baseline -0.014 -16"><span class='ocrx_word' id='word_1_690' title='bbox 3373 3257 3511 3312; x_wconf 90' lang='lat' dir='ltr'><strong>qua-</strong></span> 
     </span>
    </p>
   </div>
   <div class='ocr_carea' id='block_1_94' title="bbox 1941 3334 3512 3411">
    <p class='ocr_par' dir='ltr' id='par_1_94' title="bbox 1941 3334 3512 3411">
     <span class='ocr_line' id='line_1_94' title="bbox 1941 3334 3512 3411; baseline -0.004 -18"><span class='ocrx_word' id='word_1_691' title='bbox 1941 3347 2164 3411; x_wconf 76' lang='lat' dir='ltr'><strong>pnpter</strong></span> <span class='ocrx_word' id='word_1_692' title='bbox 2196 3338 2243 3394; x_wconf 90' lang='lat' dir='ltr'><strong>si</strong></span> <span class='ocrx_word' id='word_1_693' title='bbox 2267 3346 2324 3392; x_wconf 93' lang='lat' dir='ltr'><strong>tu</strong></span> <span class='ocrx_word' id='word_1_694' title='bbox 2357 3352 2576 3408; x_wconf 87' lang='lat' dir='ltr'><strong>quoque</strong></span> <span class='ocrx_word' id='word_1_695' title='bbox 2606 3335 3028 3391; x_wconf 87' lang='lat' dir='ltr'><strong>innumerabiles</strong></span> <span class='ocrx_word' id='word_1_696' title='bbox 3066 3335 3201 3390; x_wconf 87' lang='lat' dir='ltr'><strong>alias</strong></span> <span class='ocrx_word' id='word_1_697' title='bbox 3247 3334 3332 3389; x_wconf 84' lang='lat' dir='ltr'><strong>his</strong></span> <span class='ocrx_word' id='word_1_698' title='bbox 3354 3334 3512 3390; x_wconf 83' lang='lat' dir='ltr'><strong>simi-</strong></span> 
     </span>
    </p>
   </div>
   <div class='ocr_carea' id='block_1_95' title="bbox 1943 3423 3508 3498">
    <p class='ocr_par' dir='ltr' id='par_1_95' title="bbox 1943 3423 3508 3498">
     <span class='ocr_line' id='line_1_95' title="bbox 1943 3423 3508 3498; baseline -0.005 -12"><span class='ocrx_word' id='word_1_699' title='bbox 1943 3431 2022 3487; x_wconf 91' lang='lat' dir='ltr'><strong>les</strong></span> <span class='ocrx_word' id='word_1_700' title='bbox 2053 3431 2120 3486; x_wconf 89' lang='lat' dir='ltr'><strong>de</strong></span> <span class='ocrx_word' id='word_1_701' title='bbox 2154 3428 2372 3487; x_wconf 87' lang='lat' dir='ltr'><strong>Christo</strong></span> <span class='ocrx_word' id='word_1_702' title='bbox 2412 3427 2726 3498; x_wconf 89' lang='lat' dir='ltr'><strong>prophetias</strong></span> <span class='ocrx_word' id='word_1_703' title='bbox 2769 3426 3053 3496; x_wconf 88' lang='lat' dir='ltr'><strong>collegeris</strong></span> <span class='ocrx_word' id='word_1_704' title='bbox 3087 3431 3140 3479; x_wconf 89' lang='lat' dir='ltr'><strong>et</strong></span> <span class='ocrx_word' id='word_1_705' title='bbox 3181 3423 3508 3488; x_wconf 84' lang='lat' dir='ltr'><strong>contuleris,</strong></span> 
     </span>
    </p>
   </div>
   <div class='ocr_carea' id='block_1_96' title="bbox 1942 3513 3508 3590">
    <p class='ocr_par' dir='ltr' id='par_1_96' title="bbox 1942 3513 3508 3590">
     <span class='ocr_line' id='line_1_96' title="bbox 1942 3513 3508 3590; baseline -0.007 -13"><span class='ocrx_word' id='word_1_706' title='bbox 1942 3530 1996 3578; x_wconf 91' lang='lat' dir='ltr'><strong>et</strong></span> <span class='ocrx_word' id='word_1_707' title='bbox 2045 3536 2235 3576; x_wconf 86' lang='lat' dir='ltr'><strong>earum</strong></span> <span class='ocrx_word' id='word_1_708' title='bbox 2290 3517 2594 3590; x_wconf 80' lang='lat' dir='ltr'><strong>signiﬁcata</strong></span> <span class='ocrx_word' id='word_1_709' title='bbox 2640 3517 2857 3571; x_wconf 84' lang='lat' dir='ltr'><strong>diversa</strong></span> <span class='ocrx_word' id='word_1_710' title='bbox 2917 3514 3081 3570; x_wconf 88' lang='lat' dir='ltr'><strong>simul</strong></span> <span class='ocrx_word' id='word_1_711' title='bbox 3138 3513 3508 3573; x_wconf 87' lang='lat' dir='ltr'><strong>contenderis.</strong></span> 
     </span>
    </p>
   </div>
   <div class='ocr_carea' id='block_1_97' title="bbox 1943 3605 3512 3682">
    <p class='ocr_par' dir='ltr' id='par_1_97' title="bbox 1943 3605 3512 3682">
     <span class='ocr_line' id='line_1_97' title="bbox 1943 3605 3512 3682; baseline -0.006 -15"><span class='ocrx_word' id='word_1_712' title='bbox 1943 3613 2079 3668; x_wconf 90' lang='lat' dir='ltr'><strong>alias</strong></span> <span class='ocrx_word' id='word_1_713' title='bbox 2103 3611 2322 3682; x_wconf 89' lang='lat' dir='ltr'><strong>quidem</strong></span> <span class='ocrx_word' id='word_1_714' title='bbox 2345 3625 2532 3666; x_wconf 90' lang='lat' dir='ltr'><strong>earum</strong></span> <span class='ocrx_word' id='word_1_715' title='bbox 2564 3608 2806 3662; x_wconf 86' lang='lat' dir='ltr'><strong>invenies</strong></span> <span class='ocrx_word' id='word_1_716' title='bbox 2840 3607 2998 3676; x_wconf 89' lang='lat' dir='ltr'><strong>primi</strong></span> <span class='ocrx_word' id='word_1_717' title='bbox 3051 3605 3200 3660; x_wconf 86' lang='lat' dir='ltr'><strong>illius</strong></span> <span class='ocrx_word' id='word_1_718' title='bbox 3245 3605 3512 3660; x_wconf 89' lang='lat' dir='ltr'><strong>adventus</strong></span> 
     </span>
    </p>
   </div>
   <div class='ocr_carea' id='block_1_98' title="bbox 1945 3693 3512 3771">
    <p class='ocr_par' dir='ltr' id='par_1_98' title="bbox 1945 3693 3512 3771">
     <span class='ocr_line' id='line_1_98' title="bbox 1945 3693 3512 3771; baseline -0.008 -13"><span class='ocrx_word' id='word_1_719' title='bbox 1945 3704 2202 3759; x_wconf 83' lang='lat' dir='ltr'><strong>vaticinia</strong></span> <span class='ocrx_word' id='word_1_720' title='bbox 2252 3699 2734 3771; x_wconf 87' lang='lat' dir='ltr'><strong>comprehendere,</strong></span> <span class='ocrx_word' id='word_1_721' title='bbox 2763 3713 2883 3767; x_wconf 68' lang='lat' dir='ltr'><strong>quae</strong></span> <span class='ocrx_word' id='word_1_722' title='bbox 2933 3698 3099 3750; x_wconf 90' lang='lat' dir='ltr'><strong>etiam</strong></span> <span class='ocrx_word' id='word_1_723' title='bbox 3124 3695 3227 3750; x_wconf 89' lang='lat' dir='ltr'><strong>sub</strong></span> <span class='ocrx_word' id='word_1_724' title='bbox 3261 3693 3512 3748; x_wconf 90' lang='lat' dir='ltr'><strong>eumdem</strong></span> 
     </span>
    </p>
   </div>
   <div class='ocr_carea' id='block_1_99' title="bbox 1941 3784 3511 3867">
    <p class='ocr_par' dir='ltr' id='par_1_99' title="bbox 1941 3784 3511 3867">
     <span class='ocr_line' id='line_1_99' title="bbox 1941 3784 3511 3867; baseline -0.01 -16"><span class='ocrx_word' id='word_1_725' title='bbox 1941 3797 2175 3867; x_wconf 89' lang='lat' dir='ltr'><strong>primum</strong></span> <span class='ocrx_word' id='word_1_726' title='bbox 2238 3794 2508 3863; x_wconf 91' lang='lat' dir='ltr'><strong>completa</strong></span> <span class='ocrx_word' id='word_1_727' title='bbox 2559 3797 2708 3852; x_wconf 89' lang='lat' dir='ltr'><strong>sunt,</strong></span> <span class='ocrx_word' id='word_1_728' title='bbox 2752 3789 2888 3843; x_wconf 90' lang='lat' dir='ltr'><strong>alias</strong></span> <span class='ocrx_word' id='word_1_729' title='bbox 2916 3802 3046 3841; x_wconf 87' lang='lat' dir='ltr'><strong>vero</strong></span> <span class='ocrx_word' id='word_1_730' title='bbox 3099 3785 3166 3840; x_wconf 90' lang='lat' dir='ltr'><strong>ad</strong></span> <span class='ocrx_word' id='word_1_731' title='bbox 3211 3784 3511 3841; x_wconf 89' lang='lat' dir='ltr'><strong>secundum</strong></span> 
     </span>
    </p>
   </div>
   <div class='ocr_carea' id='block_1_100' title="bbox 1942 3876 3513 3954">
    <p class='ocr_par' dir='ltr' id='par_1_100' title="bbox 1942 3876 3513 3954">
     <span class='ocr_line' id='line_1_100' title="bbox 1942 3876 3513 3954; baseline -0.009 -12"><span class='ocrx_word' id='word_1_732' title='bbox 1942 3886 2301 3954; x_wconf 89' lang='lat' dir='ltr'><strong>eumdemque</strong></span> <span class='ocrx_word' id='word_1_733' title='bbox 2317 3882 2612 3954; x_wconf 89' lang='lat' dir='ltr'><strong>gloriosum</strong></span> <span class='ocrx_word' id='word_1_734' title='bbox 2649 3877 2839 3934; x_wconf 80' lang='lat' dir='ltr'><strong>referri</strong></span> <span class='ocrx_word' id='word_1_735' title='bbox 2894 3886 3170 3948; x_wconf 80' lang='lat' dir='ltr'><strong>Oportere.</strong></span> <span class='ocrx_word' id='word_1_736' title='bbox 3220 3876 3284 3930; x_wconf 85' lang='lat' dir='ltr'><strong>Et</strong></span> <span class='ocrx_word' id='word_1_737' title='bbox 3315 3889 3513 3930; x_wconf 92' lang='lat' dir='ltr'><strong>currus</strong></span> 
     </span>
    </p>
   </div>
   <div class='ocr_carea' id='block_1_101' title="bbox 1943 3966 3513 4047">
    <p class='ocr_par' dir='ltr' id='par_1_101' title="bbox 1943 3966 3513 4047">
     <span class='ocr_line' id='line_1_101' title="bbox 1943 3966 3513 4047; baseline -0.008 -14"><span class='ocrx_word' id='word_1_738' title='bbox 1943 3978 2088 4033; x_wconf 89' lang='lat' dir='ltr'><strong>enim</strong></span> <span class='ocrx_word' id='word_1_739' title='bbox 2111 3985 2164 4033; x_wconf 91' lang='lat' dir='ltr'><strong>et</strong></span> <span class='ocrx_word' id='word_1_740' title='bbox 2190 3991 2389 4047; x_wconf 92' lang='lat' dir='ltr'><strong>equum</strong></span> <span class='ocrx_word' id='word_1_741' title='bbox 2413 3985 2465 4029; x_wconf 90' lang='lat' dir='ltr'><strong>et</strong></span> <span class='ocrx_word' id='word_1_742' title='bbox 2490 3986 2704 4027; x_wconf 90' lang='lat' dir='ltr'><strong>omnem</strong></span> <span class='ocrx_word' id='word_1_743' title='bbox 2722 3985 2909 4024; x_wconf 88' lang='lat' dir='ltr'><strong>arcum</strong></span> <span class='ocrx_word' id='word_1_744' title='bbox 2927 3970 3176 4024; x_wconf 90' lang='lat' dir='ltr'><strong>bellicum</strong></span> <span class='ocrx_word' id='word_1_745' title='bbox 3213 3966 3513 4021; x_wconf 85' lang='lat' dir='ltr'><strong>Salvatoris</strong></span> 
     </span>
    </p>
   </div>
   <div class='ocr_carea' id='block_1_102' title="bbox 1943 4057 3515 4133">
    <p class='ocr_par' dir='ltr' id='par_1_102' title="bbox 1943 4057 3515 4133">
     <span class='ocr_line' id='line_1_102' title="bbox 1943 4057 3515 4133; baseline -0.009 -9"><span class='ocrx_word' id='word_1_746' title='bbox 1943 4069 2120 4124; x_wconf 74' lang='lat' dir='ltr'><strong>nostri</strong></span> <span class='ocrx_word' id='word_1_747' title='bbox 2147 4068 2331 4122; x_wconf 91' lang='lat' dir='ltr'><strong>divina</strong></span> <span class='ocrx_word' id='word_1_748' title='bbox 2383 4067 2561 4121; x_wconf 91' lang='lat' dir='ltr'><strong>virtus</strong></span> <span class='ocrx_word' id='word_1_749' title='bbox 2616 4066 2673 4119; x_wconf 92' lang='lat' dir='ltr'><strong>in</strong></span> <span class='ocrx_word' id='word_1_750' title='bbox 2721 4063 2904 4133; x_wconf 90' lang='lat' dir='ltr'><strong>priore</strong></span> <span class='ocrx_word' id='word_1_751' title='bbox 2933 4060 3105 4129; x_wconf 87' lang='lat' dir='ltr'><strong>ipsius</strong></span> <span class='ocrx_word' id='word_1_752' title='bbox 3160 4060 3417 4121; x_wconf 89' lang='lat' dir='ltr'><strong>adventu,</strong></span> <span class='ocrx_word' id='word_1_753' title='bbox 3445 4057 3515 4111; x_wconf 86' lang='lat' dir='ltr'><strong>de</strong></span> 
     </span>
    </p>
   </div>
   <div class='ocr_carea' id='block_1_103' title="bbox 1946 4147 3509 4229">
    <p class='ocr_par' dir='ltr' id='par_1_103' title="bbox 1946 4147 3509 4229">
     <span class='ocr_line' id='line_1_103' title="bbox 1946 4147 3509 4229; baseline -0.01 -15"><span class='ocrx_word' id='word_1_754' title='bbox 1946 4161 2038 4215; x_wconf 91' lang='lat' dir='ltr'><strong>illa</strong></span> <span class='ocrx_word' id='word_1_755' title='bbox 2071 4160 2138 4214; x_wconf 89' lang='lat' dir='ltr'><strong>ad</strong></span> <span class='ocrx_word' id='word_1_756' title='bbox 2159 4174 2359 4229; x_wconf 87' lang='lat' dir='ltr'><strong>corpus</strong></span> <span class='ocrx_word' id='word_1_757' title='bbox 2407 4158 2768 4225; x_wconf 87' lang='lat' dir='ltr'><strong>umbramque</strong></span> <span class='ocrx_word' id='word_1_758' title='bbox 2825 4151 3130 4223; x_wconf 87' lang='lat' dir='ltr'><strong>pertinente</strong></span> <span class='ocrx_word' id='word_1_759' title='bbox 3173 4147 3509 4209; x_wconf 82' lang='lat' dir='ltr'><strong>Jerusalem,</strong></span> 
     </span>
    </p>
   </div>
   <div class='ocr_carea' id='block_1_104' title="bbox 1944 4237 3514 4322">
    <p class='ocr_par' dir='ltr' id='par_1_104' title="bbox 1944 4237 3514 4322">
     <span class='ocr_line' id='line_1_104' title="bbox 1944 4237 3514 4322; baseline -0.011 -15"><span class='ocrx_word' id='word_1_760' title='bbox 1944 4252 2120 4322; x_wconf 89' lang='lat' dir='ltr'><strong>deque</strong></span> <span class='ocrx_word' id='word_1_761' title='bbox 2147 4265 2213 4306; x_wconf 92' lang='lat' dir='ltr'><strong>eo</strong></span> <span class='ocrx_word' id='word_1_762' title='bbox 2241 4251 2334 4321; x_wconf 90' lang='lat' dir='ltr'><strong>qui</strong></span> <span class='ocrx_word' id='word_1_763' title='bbox 2355 4247 2582 4318; x_wconf 85' lang='lat' dir='ltr'><strong>Ephrem</strong></span> <span class='ocrx_word' id='word_1_764' title='bbox 2602 4252 2827 4301; x_wconf 87' lang='lat' dir='ltr'><strong>vocatur</strong></span> <span class='ocrx_word' id='word_1_765' title='bbox 2854 4241 3074 4313; x_wconf 89' lang='lat' dir='ltr'><strong>populo,</strong></span> <span class='ocrx_word' id='word_1_766' title='bbox 3099 4241 3326 4293; x_wconf 90' lang='lat' dir='ltr'><strong>latenter</strong></span> <span class='ocrx_word' id='word_1_767' title='bbox 3352 4237 3514 4306; x_wconf 86' lang='lat' dir='ltr'><strong>ejecit</strong></span> 
     </span>
    </p>
   </div>
   <div class='ocr_carea' id='block_1_105' title="bbox 1945 4325 3515 4412">
    <p class='ocr_par' dir='ltr' id='par_1_105' title="bbox 1945 4325 3515 4412">
     <span class='ocr_line' id='line_1_105' title="bbox 1945 4325 3515 4412; baseline -0.013 -15"><span class='ocrx_word' id='word_1_768' title='bbox 1945 4357 2009 4396; x_wconf 87' lang='lat' dir='ltr'><strong>ac</strong></span> <span class='ocrx_word' id='word_1_769' title='bbox 2035 4340 2268 4412; x_wconf 90' lang='lat' dir='ltr'><strong>perdidit</strong></span> <span class='ocrx_word' id='word_1_770' title='bbox 2293 4358 2306 4394; x_wconf 87' lang='lat'><strong>:</strong></span> <span class='ocrx_word' id='word_1_771' title='bbox 2332 4353 2499 4409; x_wconf 90' lang='lat' dir='ltr'><strong>quare</strong></span> <span class='ocrx_word' id='word_1_772' title='bbox 2523 4352 2589 4391; x_wconf 80' lang='lat' dir='ltr'><strong>ex</strong></span> <span class='ocrx_word' id='word_1_773' title='bbox 2614 4335 2706 4389; x_wconf 90' lang='lat' dir='ltr'><strong>illo</strong></span> <span class='ocrx_word' id='word_1_774' title='bbox 2737 4334 2804 4388; x_wconf 90' lang='lat' dir='ltr'><strong>ad</strong></span> <span class='ocrx_word' id='word_1_775' title='bbox 2840 4333 2986 4386; x_wconf 91' lang='lat' dir='ltr'><strong>hunc</strong></span> <span class='ocrx_word' id='word_1_776' title='bbox 3017 4345 3189 4400; x_wconf 82' lang='lat' dir='ltr'><strong>usque</strong></span> <span class='ocrx_word' id='word_1_777' title='bbox 3210 4325 3353 4380; x_wconf 88' lang='lat' dir='ltr'><strong>diem</strong></span> <span class='ocrx_word' id='word_1_778' title='bbox 3382 4341 3515 4379; x_wconf 82' lang='lat' dir='ltr'><strong>nus-</strong></span> 
     </span>
    </p>
   </div>
   <div class='ocr_carea' id='block_1_106' title="bbox 1945 4425 3516 4506">
    <p class='ocr_par' dir='ltr' id='par_1_106' title="bbox 1945 4425 3516 4506">
     <span class='ocr_line' id='line_1_106' title="bbox 1945 4425 3516 4506; baseline -0.012 -16"><span class='ocrx_word' id='word_1_779' title='bbox 1945 4450 2105 4506; x_wconf 91' lang='lat' dir='ltr'><strong>quam</strong></span> <span class='ocrx_word' id='word_1_780' title='bbox 2129 4433 2360 4502; x_wconf 85' lang='lat' dir='ltr'><strong>amplius</strong></span> <span class='ocrx_word' id='word_1_781' title='bbox 2387 4431 2602 4484; x_wconf 90' lang='lat' dir='ltr'><strong>illorum</strong></span> <span class='ocrx_word' id='word_1_782' title='bbox 2628 4427 2773 4498; x_wconf 84' lang='lat' dir='ltr'><strong>regia</strong></span> <span class='ocrx_word' id='word_1_783' title='bbox 2800 4425 3035 4495; x_wconf 84' lang='lat' dir='ltr'><strong>dignitas</strong></span> <span class='ocrx_word' id='word_1_784' title='bbox 3071 4426 3303 4484; x_wconf 86' lang='lat' dir='ltr'><strong>constat,</strong></span> <span class='ocrx_word' id='word_1_785' title='bbox 3339 4430 3516 4490; x_wconf 69' lang='lat' dir='ltr'><strong>neque</strong></span> 
     </span>
    </p>
   </div>
   <div class='ocr_carea' id='block_1_107' title="bbox 1946 4511 3516 4592">
    <p class='ocr_par' dir='ltr' id='par_1_107' title="bbox 1946 4511 3516 4592">
     <span class='ocr_line' id='line_1_107' title="bbox 1946 4511 3516 4592; baseline -0.016 -10"><span class='ocrx_word' id='word_1_786' title='bbox 1946 4524 2267 4582; x_wconf 84' lang='lat' dir='ltr'><strong>earumdem</strong></span> <span class='ocrx_word' id='word_1_787' title='bbox 2297 4522 2389 4592; x_wconf 90' lang='lat' dir='ltr'><strong>qui</strong></span> <span class='ocrx_word' id='word_1_788' title='bbox 2417 4521 2546 4576; x_wconf 90' lang='lat' dir='ltr'><strong>olim</strong></span> <span class='ocrx_word' id='word_1_789' title='bbox 2604 4518 2818 4572; x_wconf 87' lang='lat' dir='ltr'><strong>valebat</strong></span> <span class='ocrx_word' id='word_1_790' title='bbox 2845 4515 2898 4567; x_wconf 91' lang='lat' dir='ltr'><strong>in</strong></span> <span class='ocrx_word' id='word_1_791' title='bbox 2930 4512 3109 4576; x_wconf 89' lang='lat' dir='ltr'><strong>hellis,</strong></span> <span class='ocrx_word' id='word_1_792' title='bbox 3145 4514 3438 4578; x_wconf 88' lang='lat' dir='ltr'><strong>apparatus</strong></span> <span class='ocrx_word' id='word_1_793' title='bbox 3460 4511 3516 4559; x_wconf 88' lang='lat' dir='ltr'><strong>et</strong></span> 
     </span>
    </p>
   </div>
   <div class='ocr_carea' id='block_1_108' title="bbox 1949 4597 3515 4680">
    <p class='ocr_par' dir='ltr' id='par_1_108' title="bbox 1949 4597 3515 4680">
     <span class='ocr_line' id='line_1_108' title="bbox 1949 4597 3515 4680; baseline -0.016 -7"><span class='ocrx_word' id='word_1_794' title='bbox 1949 4620 2006 4673; x_wconf 90' lang='lat' dir='ltr'><strong>in</strong></span> <span class='ocrx_word' id='word_1_795' title='bbox 2037 4615 2204 4670; x_wconf 88' lang='lat' dir='ltr'><strong>armis</strong></span> <span class='ocrx_word' id='word_1_796' title='bbox 2223 4616 2418 4669; x_wconf 91' lang='lat' dir='ltr'><strong>virtus.</strong></span> <span class='ocrx_word' id='word_1_797' title='bbox 2461 4610 2746 4680; x_wconf 88' lang='lat' dir='ltr'><strong>Sapienter</strong></span> <span class='ocrx_word' id='word_1_798' title='bbox 2759 4623 2888 4662; x_wconf 90' lang='lat' dir='ltr'><strong>vero</strong></span> <span class='ocrx_word' id='word_1_799' title='bbox 2911 4605 2964 4658; x_wconf 89' lang='lat' dir='ltr'><strong>in</strong></span> <span class='ocrx_word' id='word_1_800' title='bbox 2980 4604 3066 4657; x_wconf 88' lang='lat' dir='ltr'><strong>his</strong></span> <span class='ocrx_word' id='word_1_801' title='bbox 3083 4616 3298 4655; x_wconf 88' lang='lat' dir='ltr'><strong>omnem</strong></span> <span class='ocrx_word' id='word_1_802' title='bbox 3327 4597 3515 4652; x_wconf 66' lang='lat' dir='ltr'><strong>Iudai-</strong></span> 
     </span>
    </p>
   </div>
   <div class='ocr_carea' id='block_1_109' title="bbox 1949 4687 3512 4776">
    <p class='ocr_par' dir='ltr' id='par_1_109' title="bbox 1949 4687 3512 4776">
     <span class='ocr_line' id='line_1_109' title="bbox 1949 4687 3512 4776; baseline -0.015 -13"><span class='ocrx_word' id='word_1_803' title='bbox 1949 4724 2072 4763; x_wconf 90' lang='lat' dir='ltr'><strong>cum</strong></span> <span class='ocrx_word' id='word_1_804' title='bbox 2109 4706 2366 4776; x_wconf 89' lang='lat' dir='ltr'><strong>populum</strong></span> <span class='ocrx_word' id='word_1_805' title='bbox 2386 4701 2620 4773; x_wconf 86' lang='lat' dir='ltr'><strong>Ephrem</strong></span> <span class='ocrx_word' id='word_1_806' title='bbox 2647 4697 2970 4758; x_wconf 84' lang='lat' dir='ltr'><strong>nominavit,</strong></span> <span class='ocrx_word' id='word_1_807' title='bbox 2996 4709 3104 4748; x_wconf 89' lang='lat' dir='ltr'><strong>non</strong></span> <span class='ocrx_word' id='word_1_808' title='bbox 3124 4701 3301 4746; x_wconf 90' lang='lat' dir='ltr'><strong>autem</strong></span> <span class='ocrx_word' id='word_1_809' title='bbox 3322 4687 3512 4752; x_wconf 87' lang='lat' dir='ltr'><strong>Israel,</strong></span> 
     </span>
    </p>
   </div>
   <div class='ocr_carea' id='block_1_110' title="bbox 1951 4783 3516 4868">
    <p class='ocr_par' dir='ltr' id='par_1_110' title="bbox 1951 4783 3516 4868">
     <span class='ocr_line' id='line_1_110' title="bbox 1951 4783 3516 4868; baseline -0.012 -15"><span class='ocrx_word' id='word_1_810' title='bbox 1951 4814 2124 4868; x_wconf 88' lang='lat' dir='ltr'><strong>neque</strong></span> <span class='ocrx_word' id='word_1_811' title='bbox 2175 4795 2337 4857; x_wconf 80' lang='lat' dir='ltr'><strong>Juda,</strong></span> <span class='ocrx_word' id='word_1_812' title='bbox 2373 4809 2439 4848; x_wconf 91' lang='lat' dir='ltr'><strong>ne</strong></span> <span class='ocrx_word' id='word_1_813' title='bbox 2467 4792 2816 4848; x_wconf 86' lang='lat' dir='ltr'><strong>veneratione</strong></span> <span class='ocrx_word' id='word_1_814' title='bbox 2855 4788 3129 4859; x_wconf 88' lang='lat' dir='ltr'><strong>digniores</strong></span> <span class='ocrx_word' id='word_1_815' title='bbox 3155 4783 3516 4838; x_wconf 87' lang='lat' dir='ltr'><strong>calumnietur</strong></span> 
     </span>
    </p>
   </div>
   <div class='ocr_carea' id='block_1_111' title="bbox 1949 4878 3508 4960">
    <p class='ocr_par' dir='ltr' id='par_1_111' title="bbox 1949 4878 3508 4960">
     <span class='ocr_line' id='line_1_111' title="bbox 1949 4878 3508 4960; baseline -0.011 -17"><span class='ocrx_word' id='word_1_816' title='bbox 1949 4888 2361 4960; x_wconf 85' lang='lat' dir='ltr'><strong>appellationes.</strong></span> <span class='ocrx_word' id='word_1_817' title='bbox 2398 4884 2648 4938; x_wconf 88' lang='lat' dir='ltr'><strong>Invenies</strong></span> <span class='ocrx_word' id='word_1_818' title='bbox 2687 4888 2868 4935; x_wconf 91' lang='lat' dir='ltr'><strong>autem</strong></span> <span class='ocrx_word' id='word_1_819' title='bbox 2900 4881 2954 4934; x_wconf 91' lang='lat' dir='ltr'><strong>in</strong></span> <span class='ocrx_word' id='word_1_820' title='bbox 2978 4878 3101 4931; x_wconf 91' lang='lat' dir='ltr'><strong>aliis</strong></span> <span class='ocrx_word' id='word_1_821' title='bbox 3133 4889 3348 4946; x_wconf 76' lang='lat' dir='ltr'><strong>quoque</strong></span> <span class='ocrx_word' id='word_1_822' title='bbox 3381 4888 3508 4941; x_wconf 85' lang='lat' dir='ltr'><strong>pro—</strong></span> 
     </span>
    </p>
   </div>
   <div class='ocr_carea' id='block_1_112' title="bbox 1950 4964 3513 5051">
    <p class='ocr_par' dir='ltr' id='par_1_112' title="bbox 1950 4964 3513 5051">
     <span class='ocr_line' id='line_1_112' title="bbox 1950 4964 3513 5051; baseline -0.013 -17"><span class='ocrx_word' id='word_1_823' title='bbox 1950 4979 2151 5051; x_wconf 91' lang='lat' dir='ltr'><strong>phetiis</strong></span> <span class='ocrx_word' id='word_1_824' title='bbox 2199 4985 2366 5031; x_wconf 89' lang='lat' dir='ltr'><strong>totam</strong></span> <span class='ocrx_word' id='word_1_825' title='bbox 2393 4984 2604 5046; x_wconf 83' lang='lat' dir='ltr'><strong>gentem</strong></span> <span class='ocrx_word' id='word_1_826' title='bbox 2634 4973 2866 5043; x_wconf 83' lang='lat' dir='ltr'><strong>Ephrem</strong></span> <span class='ocrx_word' id='word_1_827' title='bbox 2895 4984 3020 5024; x_wconf 91' lang='lat' dir='ltr'><strong>cum</strong></span> <span class='ocrx_word' id='word_1_828' title='bbox 3054 4967 3222 5022; x_wconf 88' lang='lat' dir='ltr'><strong>multa</strong></span> <span class='ocrx_word' id='word_1_829' title='bbox 3245 4964 3513 5018; x_wconf 86' lang='lat' dir='ltr'><strong>calumnia</strong></span> 
     </span>
    </p>
   </div>
   <div class='ocr_carea' id='block_1_113' title="bbox 1951 5051 3512 5126">
    <p class='ocr_par' dir='ltr' id='par_1_113' title="bbox 1951 5051 3512 5126">
     <span class='ocr_line' id='line_1_113' title="bbox 1951 5051 3512 5126; baseline -0.016 -1"><span class='ocrx_word' id='word_1_830' title='bbox 1951 5079 2006 5125; x_wconf 89' lang='lat' dir='ltr'><strong>et</strong></span> <span class='ocrx_word' id='word_1_831' title='bbox 2030 5067 2378 5123; x_wconf 88' lang='lat' dir='ltr'><strong>accusatione</strong></span> <span class='ocrx_word' id='word_1_832' title='bbox 2431 5063 2723 5125; x_wconf 90' lang='lat' dir='ltr'><strong>nominari,</strong></span> <span class='ocrx_word' id='word_1_833' title='bbox 2765 5061 2907 5115; x_wconf 90' lang='lat' dir='ltr'><strong>sicut</strong></span> <span class='ocrx_word' id='word_1_834' title='bbox 2966 5057 3055 5111; x_wconf 90' lang='lat' dir='ltr'><strong>hic</strong></span> <span class='ocrx_word' id='word_1_835' title='bbox 3093 5069 3328 5126; x_wconf 90' lang='lat' dir='ltr'><strong>quoque.</strong></span> <span class='ocrx_word' id='word_1_836' title='bbox 3377 5051 3512 5106; x_wconf 87' lang='lat' dir='ltr'><strong>Cu.n</strong></span> 
     </span>
    </p>
   </div>
   <div class='ocr_carea' id='block_1_114' title="bbox 1952 5141 3516 5230">
    <p class='ocr_par' dir='ltr' id='par_1_114' title="bbox 1952 5141 3516 5230">
     <span class='ocr_line' id='line_1_114' title="bbox 1952 5141 3516 5230; baseline -0.014 -16"><span class='ocrx_word' id='word_1_837' title='bbox 1952 5161 2116 5230; x_wconf 86' lang='lat' dir='ltr'><strong>igitur</strong></span> <span class='ocrx_word' id='word_1_838' title='bbox 2143 5166 2265 5228; x_wconf 85' lang='lat' dir='ltr'><strong>post</strong></span> <span class='ocrx_word' id='word_1_839' title='bbox 2297 5157 2532 5211; x_wconf 90' lang='lat' dir='ltr'><strong>reditum</strong></span> <span class='ocrx_word' id='word_1_840' title='bbox 2579 5153 2646 5208; x_wconf 91' lang='lat' dir='ltr'><strong>de</strong></span> <span class='ocrx_word' id='word_1_841' title='bbox 2692 5151 2967 5222; x_wconf 84' lang='lat' dir='ltr'><strong>Babylone</strong></span> <span class='ocrx_word' id='word_1_842' title='bbox 3024 5163 3135 5202; x_wconf 87' lang='lat' dir='ltr'><strong>non</strong></span> <span class='ocrx_word' id='word_1_843' title='bbox 3168 5143 3398 5214; x_wconf 88' lang='lat' dir='ltr'><strong>amplius</strong></span> <span class='ocrx_word' id='word_1_844' title='bbox 3431 5141 3516 5195; x_wconf 89' lang='lat' dir='ltr'><strong>iti-</strong></span> 
     </span>
    </p>
   </div>
   <div class='ocr_carea' id='block_1_115' title="bbox 1955 5236 3517 5319">
    <p class='ocr_par' dir='ltr' id='par_1_115' title="bbox 1955 5236 3517 5319">
     <span class='ocr_line' id='line_1_115' title="bbox 1955 5236 3517 5319; baseline -0.013 -13"><span class='ocrx_word' id='word_1_845' title='bbox 1955 5253 2075 5308; x_wconf 86' lang='lat' dir='ltr'><strong>dem</strong></span> <span class='ocrx_word' id='word_1_846' title='bbox 2103 5258 2163 5305; x_wconf 90' lang='lat' dir='ltr'><strong>ut</strong></span> <span class='ocrx_word' id='word_1_847' title='bbox 2187 5249 2340 5319; x_wconf 89' lang='lat' dir='ltr'><strong>prius</strong></span> <span class='ocrx_word' id='word_1_848' title='bbox 2371 5248 2425 5301; x_wconf 91' lang='lat' dir='ltr'><strong>in</strong></span> <span class='ocrx_word' id='word_1_849' title='bbox 2457 5246 2636 5300; x_wconf 92' lang='lat' dir='ltr'><strong>tribus</strong></span> <span class='ocrx_word' id='word_1_850' title='bbox 2660 5243 2870 5299; x_wconf 88' lang='lat' dir='ltr'><strong>divisus</strong></span> <span class='ocrx_word' id='word_1_851' title='bbox 2895 5250 3044 5296; x_wconf 90' lang='lat' dir='ltr'><strong>esset</strong></span> <span class='ocrx_word' id='word_1_852' title='bbox 3089 5236 3345 5308; x_wconf 87' lang='lat' dir='ltr'><strong>populus,</strong></span> <span class='ocrx_word' id='word_1_853' title='bbox 3377 5247 3517 5302; x_wconf 92' lang='lat' dir='ltr'><strong>quos</strong></span> 
     </span>
    </p>
   </div>
   <div class='ocr_carea' id='block_1_116' title="bbox 1956 5323 3512 5412">
    <p class='ocr_par' dir='ltr' id='par_1_116' title="bbox 1956 5323 3512 5412">
     <span class='ocr_line' id='line_1_116' title="bbox 1956 5323 3512 5412; baseline -0.015 -14"><span class='ocrx_word' id='word_1_854' title='bbox 1956 5344 2174 5399; x_wconf 88' lang='lat' dir='ltr'><strong>tandem</strong></span> <span class='ocrx_word' id='word_1_855' title='bbox 2209 5357 2304 5412; x_wconf 91' lang='lat' dir='ltr'><strong>per</strong></span> <span class='ocrx_word' id='word_1_856' title='bbox 2332 5340 2566 5410; x_wconf 86' lang='lat' dir='ltr'><strong>Ephrem</strong></span> <span class='ocrx_word' id='word_1_857' title='bbox 2597 5336 2790 5392; x_wconf 90' lang='lat' dir='ltr'><strong>merito</strong></span> <span class='ocrx_word' id='word_1_858' title='bbox 2835 5331 3132 5405; x_wconf 84' lang='lat' dir='ltr'><strong>signiﬁcari</strong></span> <span class='ocrx_word' id='word_1_859' title='bbox 3161 5323 3512 5385; x_wconf 75' lang='lat' dir='ltr'><strong>intellexeris,</strong></span> 
     </span>
    </p>
   </div>
   <div class='ocr_carea' id='block_1_117' title="bbox 1955 5418 3515 5504">
    <p class='ocr_par' dir='ltr' id='par_1_117' title="bbox 1955 5418 3515 5504">
     <span class='ocr_line' id='line_1_117' title="bbox 1955 5418 3515 5504; baseline -0.015 -15"><span class='ocrx_word' id='word_1_860' title='bbox 1955 5436 2060 5490; x_wconf 90' lang='lat' dir='ltr'><strong>nisi</strong></span> <span class='ocrx_word' id='word_1_861' title='bbox 2089 5451 2183 5491; x_wconf 90' lang='lat' dir='ltr'><strong>eos</strong></span> <span class='ocrx_word' id='word_1_862' title='bbox 2231 5433 2323 5504; x_wconf 85' lang='lat' dir='ltr'><strong>qui</strong></span> <span class='ocrx_word' id='word_1_863' title='bbox 2371 5434 2543 5502; x_wconf 89' lang='lat' dir='ltr'><strong>ipsam</strong></span> <span class='ocrx_word' id='word_1_864' title='bbox 2575 5428 2874 5485; x_wconf 86' lang='lat' dir='ltr'><strong>Jerusalem</strong></span> <span class='ocrx_word' id='word_1_865' title='bbox 2907 5418 3256 5478; x_wconf 85' lang='lat' dir='ltr'><strong>habitarent?</strong></span> <span class='ocrx_word' id='word_1_866' title='bbox 3283 5428 3515 5486; x_wconf 89' lang='lat' dir='ltr'><strong>quorum</strong></span> 
     </span>
    </p>
   </div>
   <div class='ocr_carea' id='block_1_118' title="bbox 1956 5515 3517 5592">
    <p class='ocr_par' dir='ltr' id='par_1_118' title="bbox 1956 5515 3517 5592">
     <span class='ocr_line' id='line_1_118' title="bbox 1956 5515 3517 5592; baseline -0.016 -10"><span class='ocrx_word' id='word_1_867' title='bbox 1956 5528 2013 5582; x_wconf 89' lang='lat' dir='ltr'><strong>in</strong></span> <span class='ocrx_word' id='word_1_868' title='bbox 2045 5526 2204 5581; x_wconf 90' lang='lat' dir='ltr'><strong>bellis</strong></span> <span class='ocrx_word' id='word_1_869' title='bbox 2233 5534 2286 5579; x_wconf 88' lang='lat' dir='ltr'><strong>et</strong></span> <span class='ocrx_word' id='word_1_870' title='bbox 2308 5525 2364 5580; x_wconf 89' lang='lat' dir='ltr'><strong>in</strong></span> <span class='ocrx_word' id='word_1_871' title='bbox 2399 5523 2566 5578; x_wconf 89' lang='lat' dir='ltr'><strong>armis</strong></span> <span class='ocrx_word' id='word_1_872' title='bbox 2595 5518 2863 5592; x_wconf 85' lang='lat' dir='ltr'><strong>egregiam</strong></span> <span class='ocrx_word' id='word_1_873' title='bbox 2892 5515 3163 5578; x_wconf 85' lang='lat' dir='ltr'><strong>virtutem,</strong></span> <span class='ocrx_word' id='word_1_874' title='bbox 3198 5524 3320 5580; x_wconf 69' lang='lat' dir='ltr'><strong>quae</strong></span> <span class='ocrx_word' id='word_1_875' title='bbox 3343 5519 3517 5574; x_wconf 85' lang='lat' dir='ltr'><strong>usque</strong></span> 
     </span>
    </p>
   </div>
   <div class='ocr_carea' id='block_1_119' title="bbox 1960 5591 3517 5680">
    <p class='ocr_par' dir='ltr' id='par_1_119' title="bbox 1960 5591 3517 5680">
     <span class='ocr_line' id='line_1_119' title="bbox 1960 5591 3517 5680; baseline -0.014 -9"><span class='ocrx_word' id='word_1_876' title='bbox 1960 5616 2027 5671; x_wconf 88' lang='lat' dir='ltr'><strong>ad</strong></span> <span class='ocrx_word' id='word_1_877' title='bbox 2059 5613 2305 5670; x_wconf 78' lang='lat' dir='ltr'><strong>Romana</strong></span> <span class='ocrx_word' id='word_1_878' title='bbox 2335 5619 2579 5680; x_wconf 89' lang='lat' dir='ltr'><strong>tempora</strong></span> <span class='ocrx_word' id='word_1_879' title='bbox 2629 5609 2817 5679; x_wconf 86' lang='lat' dir='ltr'><strong>vigens</strong></span> <span class='ocrx_word' id='word_1_880' title='bbox 2853 5603 2974 5670; x_wconf 82' lang='lat' dir='ltr'><strong>fuit,</strong></span> <span class='ocrx_word' id='word_1_881' title='bbox 3013 5599 3312 5658; x_wconf 88' lang='lat' dir='ltr'><strong>Salvatoris</strong></span> <span class='ocrx_word' id='word_1_882' title='bbox 3341 5591 3517 5651; x_wconf 81' lang='lat' dir='ltr'><strong>nostri</strong></span> 
     </span>
    </p>
   </div>
  </div>
