4110 6410
605 331 704 387 7H

1273 325 1542 384 EUSEBII
1578 322 2059 383 CESARIENSIS
2094 323 2245 380 OPP.
2283 319 2466 376 PARS
2502 316 2567 375 ll.
2597 348 2667 362 -—
2705 315 3203 375 APOLOGETICA.
3737 319 3828 373 72‘:

605 445 892 506 adventus,
918 443 1062 498 sicut
1092 442 1146 496 in
1180 441 1465 512 prophetia
1494 439 1702 494 dictum
1740 439 1936 502 fuerat,
1989 438 2173 492 divina

2286 435 2376 506 τῆς
2403 434 2728 506 ἐπουρανίου
2762 433 2899 488 Σιὼν
2921 475 2936 500 ,
2965 433 2999 504 ἢ
3030 434 3126 487 καὶ
3154 432 3258 502 τῆς
3299 430 3568 504 προτέρας
3613 448 3828 501 συναγω-

605 545 658 590 et
688 534 944 589 ineffabili
972 535 1173 588 virtute
1216 532 1432 587 delevit.
1493 530 1728 586 Proinde
1776 531 2061 585 collectam
2108 529 2175 583 de

2273 525 2379 594 γῆς
2408 525 2693 588 ἀποκαλεῖ,
2723 524 2812 578 διά
2839 523 2898 577 τὸ
2929 524 3140 586 πάντας
3173 524 3323 594 ἡμᾶς
3350 523 3478 586 τοὺς
3505 521 3566 587 ἐξ
3585 521 3740 576 ἐθνῶν
3762 527 3828 586 εἰς

607 623 860 693 gentibus
896 623 1192 678 Ecclesiam
1219 623 1503 676 oraculum
1523 618 1829 690 evangelice
1862 617 2083 672 instruit
2111 629 2177 670 ac

2286 617 2367 670 τὸν
2429 617 2660 687 Χριστὸν
2702 615 2797 669 τοῦ
2863 614 2998 669 Θεοῦ
3056 615 3486 679 πεπιστευκότας
3546 617 3828 688 γεννήματα

608 725 813 780 monet,
845 731 956 770 non
1002 723 1062 768 ut
1095 715 1418 785 simpliciter
1472 713 1724 782 gaudeat,
1773 712 1868 766 sed
1901 720 1960 764 ut
2017 709 2179 762 vehe-

610 814 822 860 menter
852 805 1103 876 gaudeat,
1136 806 1335 875 quippe
1357 803 1500 872 quod
1526 802 1671 855 illam
1696 801 1763 854 ad
1786 799 1839 854 id
1872 797 2179 852 faciendum

610 899 932 952 exhortetur
963 906 1183 968 propter
1227 896 1319 951 Dei
1356 895 1520 950 Verbi
1551 892 1618 947 ad
1649 893 1822 964 ipsam
1865 891 2178 954 adventum,

610 1007 773 1060 quam
813 996 944 1045 item
996 990 1239 1045 caelestis
1293 988 1444 1052 Sion,
1512 989 1795 1043 autetiam
1823 985 2022 1055 prioris
2050 999 2184 1038 con-

2278 704 2418 762 εἶναι
2461 711 2560 761 καὶ
2594 709 2759 761 τέκνα
2789 706 3025 780 Χριστοῦ
3064 708 3159 761 καὶ
3187 707 3295 761 τῶν
3335 706 3640 760 ἀποστόλων
3667 709 3830 772 αὑτοῦ,

2279 793 2368 852 οἷα
2395 800 2459 850 ἐκ
2493 796 2698 870 μητρὸς
2732 796 2834 867 τῆς
2867 797 2976 849 τῶν
3017 796 3290 850 Ἰουδαίων
3329 794 3644 864 συναγωγῆς
3666 794 3833 866 προελ-

2281 889 2492 950 θόντας.
2534 890 2643 944 Καὶ
2687 889 2748 942 τὸ
2791 886 2917 960 ἑξῆς
2951 889 3008 942 δὲ
3047 888 3350 960 ἐπληροῦτο
3383 887 3475 940 ἐπὶ
3507 889 3572 958 τῇ
3612 884 3700 939 τοῦ
3735 888 3834 940 Σω-

2281 981 2446 1054 τῆρος
2476 981 2633 1052 ήμῶν
2657 981 2950 1054 παρουσίᾳ.
2983 982 3184 1054 Εἰρήνη
3209 979 3339 1048 γοῦν
3367 977 3428 1044 ἐξ
3455 979 3622 1032 ἐθνῶν
3642 979 3836 1047 γέγονεν

612 1083 945 1153 gregationis
973 1080 1138 1134 ﬁliam
1169 1091 1347 1143 vocat,
1380 1088 1659 1150 propterea
1687 1077 1832 1148 quod
1863 1091 1963 1132 nos
1993 1091 2186 1133 omnes

613 1173 794 1243 quiex
829 1172 1080 1242 gentibus
1114 1169 1343 1241 profecti
1389 1173 1440 1224 in
1478 1167 1758 1224 Christum
1810 1166 1904 1222 Dei
1954 1168 2188 1222 credidi-

2283 1071 2394 1127 ἀπὸ
2413 1072 2520 1127 τῶν
2548 1073 2756 1142 χρόνων
2785 1073 2885 1144 τῆς
2913 1073 3149 1142 ἀφίξεως
3174 1071 3362 1136 αὑτοῦ,
3390 1073 3478 1126 οἶα
3501 1070 3834 1124 οὐδεπώποτε·

2284 1167 2386 1220 ούκ
2415 1167 2494 1219 ἔτι
2515 1165 2646 1234 γοῦν
2678 1165 2862 1229 πόλεις
2884 1166 3122 1229 πόλεσιν,
3143 1165 3218 1229 ὡς
3249 1163 3310 1218 τὸ
3340 1163 3490 1236 πρὶν,
3521 1163 3834 1234 πολεμοῦσιν,

615 1277 762 1324 mus,
781 1262 983 1317 Christi
1013 1262 1495 1330 apostolorumque
1527 1260 1646 1329 ejus
1675 1260 1854 1329 proles
1885 1265 1940 1312 et
1972 1257 2066 1311 filii
2096 1273 2190 1312 su—

2287 1257 2408 1310 οὐδὲ
2443 1256 2569 1328 ἔθνη
2611 1257 2785 1311 ἔθνεσι
2821 1257 3236 1328 συρῤάσσουσιν,
3265 1256 3397 1321 οὐδ’,
3431 1255 3506 1318 ὡς
3535 1254 3594 1306 τὸ
3616 1252 3834 1318 παλαιὸν,

616 1367 764 1417 mus,
815 1358 999 1419 utpote
1031 1346 1124 1419 qui
1159 1350 1226 1404 de
1258 1349 1568 1404 Judaeorum
1611 1347 2036 1418 congregatione
2071 1357 2191 1400 tana

2287 1347 2320 1399 ὁ
2362 1347 2472 1400 τῶν
2517 1346 2818 1419 ἀνθρώπων
2867 1346 2979 1416 βίος
3015 1347 3404 1408 ἀκαταπατεῖ,
3443 1343 3549 1396 οὐδ’
3600 1342 3838 1412 Ἀθηναῖοι

619 1458 782 1512 quam
842 1442 910 1496 de
961 1449 1136 1495 matre
1189 1441 1295 1493 orti
1335 1439 1507 1495 simus
1536 1457 1549 1492 :
1583 1453 1706 1492 nam
1741 1439 1905 1492 etiam
1932 1438 2075 1508 quod
2104 1453 2192 1492 se-

2295 1439 2396 1509 μέν
2424 1437 2871 1508 Λακεδαιμονίοις
2921 1433 3441 1507 ἐπιστρατεύονται,
3481 1432 3638 1503 Σύροι
3663 1433 3714 1485 δὲ
3737 1431 3840 1485 Φοί-

615 1534 822 1602 quitur,
846 1534 900 1586 in
935 1531 1233 1586 Salvatoris
1255 1532 1429 1586 nostri
1459 1531 1694 1585 adventu
1714 1529 2043 1599 completum
2070 1545 2192 1585 esse

2289 1529 2452 1596 νιξιν,
2501 1529 2740 1600 Ἀράϐιοι
2767 1528 2822 1580 δὲ
2853 1526 3266 1590 Παλαιστίνοις,
3299 1525 3396 1578 καὶ
3436 1522 3712 1592 Αἰγύπτιοι
3746 1525 3840 1586 rei;

617 1630 851 1678 constat.
911 1622 1047 1688 Quis
1099 1623 1244 1676 enim
1297 1622 1515 1692 ignorat
1560 1621 1832 1690 ejusmodi
1883 1636 2069 1691 pacem
2129 1636 2192 1674 ex

2295 1618 2709 1692 πλησιοχώροις.
2757 1621 2997 1672 Ἤνωται
3042 1618 3099 1672 δὲ
3142 1617 3202 1683 ἐξ
3242 1617 3451 1671 ἐκείνου
3499 1618 3593 1671 σὺν
3630 1616 3737 1688 Θεῷ
3784 1617 3840 1671 τὰ

618 1714 870 1785 gentibus
901 1721 1024 1783 post
1046 1710 1313 1767 adventus
1346 1713 1751 1782 illiustempora
1775 1713 2076 1775 exstitisse,
2097 1727 2192 1766 cu-

2299 1709 2506 1774 πάντα,
2556 1712 2650 1764 καὶ
2705 1709 2916 1782 άληθῶς
2977 1709 3180 1780 πλῆθος
3231 1711 3454 1781 εἰρήνης
3491 1709 3550 1775 ἐξ
3602 1708 3752 1761 ἒθνῶν
3792 1709 3840 1774 ἐξ

612 1804 856 1873 jusmodi
919 1819 1198 1873 nunquam
1247 1811 1407 1858 antea
1456 1803 1686 1858 fuisset?
1734 1819 1912 1873 neque
1959 1804 2102 1859 enim
2134 1811 2192 1857 ut

2294 1799 2502 1856 ἐκείνου
2531 1803 2619 1855 καὶ
2651 1805 2732 1866 εἰς
2751 1778 2910 1874 δεῦρο
2930 1778 3174 1870 γέγονεν,
3210 1778 3520 1864 ἀκολούθως
3557 1803 3619 1872 τῇ
3656 1816 3839 1873 προφη-

618 1895 796 1965 prius,
830 1896 910 1950 sic
939 1912 1085 1950 nunc
1103 1896 1358 1949 civitates
1384 1911 1414 1949 a
1445 1895 1758 1951 civitatibus
1789 1903 2191 1966 Oppugnantur,

2293 1893 2434 1965 τείᾳ.
2457 1895 2629 1951 Μόνος
2659 1895 2717 1949 δὲ
2761 1894 2986 1966 Ἰησοῦς,
3013 1895 3109 1949 καὶ
3131 1896 3160 1948 6
3179 1894 3245 1946 δι’
3271 1894 3439 1948 αὑτοῦ
3461 1893 3740 1966 κηρυχθεὶς
3757 1893 3840 1962 τῆς

619 2000 797 2054 neque
821 1992 1009 2053 gentes
1044 1999 1168 2039 cum
1192 1984 1449 2054 gentibus
1474 1985 1832 2048 colliduntur,
1866 2000 2042 2054 neque
2066 2000 2192 2041 vero

2293 1984 2654 2056 εύαγγελικῆς
2675 1986 3023 2051 διδασκαλίας
3049 1986 3205 2054 λόγος
3239 1983 3401 2059 ἧρξεν
3422 1986 3530 2040 ἀπὸ
3557 1990 3651 2059 τῆς
3672 1986 3842 2040 θαλάσ-

620 2085 681 2133 ut
713 2077 911 2146 priscis
951 2076 1290 2145 temporibus
1315 2114 1332 2140 ,
1388 2077 1468 2130 sic
1497 2078 1705 2132 nostris
1752 2078 1862 2131 vita
1913 2077 2192 2131 hominum

2297 2092 2396 2144 σης
2419 2075 2523 2140 ἕως
2549 2075 2847 2149 θαλάσσης,
2880 2079 2988 2132 ἀπὸ
3010 2079 3107 2150 τῆς
3132 2079 3206 2131 ἔω
3241 2079 3321 2141 εἰς
3348 2079 3441 2132 τὸν
3479 2079 3840 2151 καταδυόμενον

621 2170 862 2239 inquieta
898 2169 1278 2238 iustabilisque
1295 2177 1398 2232 est,
1433 2167 1602 2240 5.58
1651 2169 1854 2240 quippe
1873 2184 1999 2224 cum
2021 2185 2197 2240 neque

619 2262 978 2318 Athenienses
1011 2270 1198 2315 contra
1227 2259 1670 2317 Lacedaemonios
1721 2263 1986 2326 ferantur,
2020 2280 2196 2333 neque

623 2352 745 2425 Syri
776 2353 1038 2408 adversus
1068 2351 1380 2415 Piimnicas,
1408 2368 1586 2422 neque
1614 2353 1824 2408 Arabes
1874 2357 1929 2408 in
1953 2352 2192 2409 Palaesti-

621 2458 744 2502 nos.
772 2458 949 2512 neque
995 2443 1124 2497 item
1175 2439 1417 2513 Egyptii
1449 2443 1714 2498 adversus
1749 2444 2011 2499 ﬁnitimos
2053 2446 2198 2498 mili-

623 2538 754 2590 tiam
784 2543 1098 2591 exerceant.
1149 2533 1255 2590 Sed
1305 2549 1369 2589 ex
1406 2535 1500 2588 illo
1535 2536 1591 2589 in
1648 2534 1795 2589 hunc
1830 2551 2006 2606 usque
2027 2536 2192 2599 diem,

623 2627 735 2683 Deo
760 2626 994 2693 favente,
1022 2626 1078 2680 in
1109 2641 1278 2680 unum
1311 2625 1494 2679 omnia
1517 2625 1752 2691 coivere,
1779 2632 1833 2680 et
1856 2641 2063 2691 revera,
2082 2627 2195 2682 sic-

627 2725 692 2772 ut
746 2717 802 2771 in
842 2717 1124 2786 pr0plietia
1159 2715 1368 2770 dictum
1423 2713 1620 2781 fuerat,
1677 2714 2010 2770 abundantia
2044 2717 2197 2784 pac's

625 2825 694 2865 ex
717 2809 970 2878 gentibus
998 2808 1216 2877 prodiit,
1274 2813 1330 2862 et
1378 2823 1522 2861 unus
1547 2805 1728 2872 Jesus,
1763 2814 1818 2862 et
1851 2807 1920 2860 ab
1950 2806 2070 2873 ipso
2099 2804 2192 2860 de—

2297 2813 2392 2867 τοῦ
2441 2812 2557 2866 υἰοῦ
2605 2814 2697 2866 τοῦ
2741 2812 3040 2884 βασιλέως,
3085 2815 3282 2887 δηλαδὴ
3321 2814 3418 2868 τοῦ
3454 2816 3518 2868 ἐκ
3569 2815 3841 2887 σπέρματος

626 2904 936 2957 nuntiatum
979 2902 1308 2972 evangelicae
1339 2902 1604 2956 doctrina:
1635 2899 1884 2966 verbum,
1921 2899 2192 2968 principa-

2300 2904 2612 2976 Σολομῶνος
2675 2905 3176 2978 προελευσομένουι,
3240 2907 3586 2978 λεγομένοις,
3643 2907 3756 2979 περί
3790 2896 3838 2957 οὗ

621 3003 762 3058 tum,
826 3008 857 3047 a
904 2992 1042 3046 mari
1094 3007 1266 3061 usque
1313 2991 1380 3046 ad
1431 3007 1602 3054 mare,
1639 2990 1742 3045 hoc
1773 2997 1858 3044 est
1881 2989 1950 3044 ab
1987 2989 2192 3045 oriente

2299 2997 2462 3068 φησὶν
2508 2999 2536 3050 ὁ
2578 2995 2827 3067 ψαλμός⁸
2867 3016 2887 3048 ‹
2916 2998 3026 3050 Καὶ
3068 2995 3492 3066 κατακυριεύσει
3535 2998 3636 3054 ἀπὸ
3675 2995 3840 3050 θαλάσ-

623 3085 738 3140 sole
755 3099 927 3153 usque
953 3081 1020 3135 ad
1044 3083 1406 3148 occidentem,
1431 3093 1484 3136 et
1505 3097 1534 3134 a
1568 3081 1885 3136 ﬂuminibus
1916 3079 1984 3135 ad
2002 3095 2192 3150 expor-

2302 3107 2401 3161 σης
2447 3089 2553 3152 ἕως
2609 3088 2910 3159 θαλάσσης,
2951 3089 3045 3141 καὶ
3080 3088 3186 3142 άπὸ
3245 3090 3506 3162 ποταμῶν
3560 3090 3660 3154 ἕως
3700 3087 3841 3158 περάι

623 3169 897 3224 rectiones
921 3177 1099 3230 terrae,
1127 3167 1270 3221 sicut
1289 3182 1353 3221 ea
1387 3166 1848 3236 significaverant,
1883 3181 2005 3236 qua:
2053 3166 2192 3236 apud

2301 3197 2410 3233 των
2447 3179 2548 3250 τῆς
2591 3179 2965 3252 οἰκουμένης.»
2999 3181 3258 3251 Σημαίνει
3290 3182 3346 3235 δὲ
3379 3184 3474 3236 καὶ
3513 3184 3608 3254 τὴν
3648 3177 3843 3236 ἐνταῦθα

624 3265 939 3331 prophetam
959 3259 1214 3328 prasdicta
1240 3267 1390 3322 sunt,
1413 3258 1643 3327 accepit;
1690 3274 1811 3328 qua:
1841 3273 1974 3312 sane
2003 3257 2192 3328 Aquila

2303 3269 2636 3342 δηλουμένην
2659 3273 2880 3344 εἰρήνην
2906 3275 2934 3327 ὁ
2956 3272 3116 3336 αὐτὸς
3139 3272 3356 3345 ψαλμὸς
3380 3274 3606 3344 φάσκων
3631 3292 3643 3306 ’
3670 3292 3690 3325 ‹
3719 3273 3843 3325 Ἀναο

626 3365 842 3422 quoque
871 3350 925 3403 in
950 3351 1094 3403 hunc
1143 3348 1361 3403 modum
1389 3349 1776 3418 interpretatus
1801 3356 1888 3402 est
1915 3363 1927 3398 :
1969 3365 1989 3399 ι
2023 3351 2087 3400 ιιι
2118 3349 2192 3401 lo-

2303 3361 2448 3415 τελεί
2471 3365 2528 3416 ἐν
2559 3366 2680 3427 ταῖς
2707 3365 2945 3435 ἡμέραις
2978 3364 3142 3418 αὐτοῦ
3169 3365 3484 3438 δικαιοσύνη
3513 3406 3528 3431 ,
3557 3367 3645 3420 καί
3676 3364 3842 3436 πλῆθος

2305 3455 2544 3526 εἰρήνης.
2577 3474 2594 3506 i
2639 3457 2751 3509 Καὶ
2789 3449 3016 3519 Ἡσαΐας
3044 3456 3102 3508 δὲ
3145 3457 3354 3521 τούτοις
3389 3458 3664 3532 συντρέχει
3702 3457 3758 3511 δι’
3783 3448 3842 3509 ὧν

2305 2167 2476 2236 ἥλιον,
2513 2169 2607 2221 καὶ
2652 2169 2761 2222 άπὸ
2806 2169 3066 2240 ποταμῶν
3091 2172 3169 2232 εἰς
3191 2170 3288 2235 τὰς
3318 2171 3600 2236 διεκϐολὰς
3620 2173 3710 2243 τῆς
3735 2171 3838 2242 γῆς,

2295 2257 2600 2323 ἀκολούθως
2621 2263 2734 2324 τοῖς
2756 2262 2813 2313 ἐν
2830 2260 2908 2332 τῷ
2932 2264 3184 2334 προφήτῃ
3209 2263 3673 2335 προλελεγμένοις.
3693 2264 3840 2331 "Amp

2295 2351 2389 2403 καὶ
2417 2353 2445 2404 ὁ
2485 2350 2713 2416 Ἀκύλας
2739 2345 2839 2406 ὧδέ
2862 2370 2979 2416 πως
3001 2355 3341 2426 ήρμήνευσεν
3370 2355 3564 2409 εἰπών’
3604 2375 3620 2406 ι
3647 2354 3746 2408 Καὶ
3760 2353 3839 2405 λα-

2296 2439 2447 2513 λήσει
2478 2443 2696 2514 εἰρήνην
2727 2445 2785 2497 ἐν
2827 2446 2938 2508 τοῖς
2978 2444 3187 2509 ἔθνεσι,
3241 2447 3335 2499 καὶ
3370 2447 3404 2516 ἡ
3455 2447 3667 2514 ἐξουσία
3703 2443 3839 2498 αὐτοῦ

2300 2531 2408 2584 ἀπὸ
2465 2532 2742 2606 θαλάσσης
2800 2535 2906 2598 ἕως
2954 2535 3262 2607 θαλάσσης,
3311 2538 3405 2590 καὶ
3457 2538 3564 2591 άπὸ
3616 2536 3838 2608 ποταμῶν

2297 2623 2401 2688 ἕως
2425 2627 2672 2696 περάτων
2707 2628 2808 2698 τῆς
2840 2629 2963 2701 γῆς.
3002 2647 3022 2680 ι
3046 2628 3231 2682 Ταῦτα
3260 2629 3317 2684 δὲ
3338 2631 3454 2695 τοῖς
3479 2634 3537 2685 ἐν
3564 2630 3638 2702 τῷ
3673 2627 3839 2700 ψαλμῷ

2300 2719 2586 2792 σύγκρινον
2623 2721 2703 2793 τῷ
2746 2720 3206 2794 ἐπιγεγραμμένῳ
3265 2726 3346 2788 εἰς
3405 2724 3687 2796 Σολομῶνα
3737 2724 3841 2794 περί

631 3451 830 3512 quetur
865 3456 1052 3511 pacein
1072 3441 1128 3495 in
1161 3441 1437 3510 gentibus,
1469 3447 1522 3494 et
1551 3448 1795 3510 potestas
1831 3440 1951 3510 ejus
1995 3455 2028 3493 a
2060 3440 2199 3493 mari

627 3550 804 3602 usque
825 3533 891 3587 ad
913 3548 1081 3597 mare,
1101 3541 1154 3586 et
1171 3550 1201 3585 a
1222 3531 1536 3586 ﬂuminibus
1558 3547 1732 3601 usque
1747 3531 1815 3584 ad
1830 3533 1965 3586 ﬁnes
1985 3540 2160 3587 terrae.
2175 3551 2193 3583 ι

629 3623 712 3679 Τιι
737 3639 862 3679 vero
880 3624 991 3677 hch
1007 3635 1322 3693 comparato
1350 3638 1472 3676 cum
1503 3623 1610 3677 illis
1632 3637 1753 3688 qua:
1773 3622 1825 3675 in
1846 3623 2057 3691 psalmo
2077 3638 2202 3677 con-

629 3718 891 3780 tinentur,
910 3716 1000 3785 qui
1020 3716 1316 3785 inscriptus
1336 3727 1418 3768 est
1432 3715 1484 3768 in
1511 3708 2002 3784 Salomouem,quaé
2014 3715 2203 3769 videli-

629 3821 716 3865 cet
743 3810 810 3864 de
834 3809 944 3864 filio
981 3808 1124 3878 regis
1143 3822 1206 3862 ex
1238 3807 1445 3863 semine
1493 3807 1804 3869 Salomonis
1846 3805 2085 3860 oriundo
2116 3805 2201 3860 di-

631 3897 934 3964 cuntur;de
960 3913 1068 3968 quo
1085 3896 1133 3951 is
1152 3897 1393 3966 psalmus
1417 3895 1490 3949 ita
1518 3894 1758 3965 loquitur
1786 3912 1800 3948 :
1835 3913 1854 3946 ι
1876 3893 1941 3949 Et
1952 3893 2210 3949 domina--

635 3993 780 4047 bitur
803 4006 834 4045 a
869 3991 1006 4045 mari
1038 4005 1210 4059 usque
1241 3989 1306 4043 ad
1335 4004 1502 4056 mare,
1540 3997 1594 4044 et
1621 4003 1652 4042 a
1681 3987 1997 4044 fluminibus
2028 4005 2202 4060 usque

634 4085 700 4139 ad
721 4084 853 4139 lines
882 4084 1030 4139 orbis
1055 4081 1271 4138 terrm'.
1307 4101 1324 4132 ι
1349 4080 1518 4136 Porro
1538 4082 1679 4137 idem
1705 4083 1792 4136 hic
1812 4082 2056 4151 psalmus
2078 4098 2192 4136 eam

2311 4100 2539 4153 συνιδεῖν
2563 4139 2576 4161 ,
2611 4099 2687 4162 ὡς
2717 4097 2826 4152 ἀπὸ
2863 4098 2971 4153 τῶν
3005 4100 3315 4169 Αὐγούστου
3355 4105 3565 4175 χρόνων
3587 4143 3602 4167 ,
3658 4101 3843 4171 καὶτῆς

641 4184 768 4237 item
799 4197 921 4251 qua:
943 4181 1032 4236 liic
1049 4179 1407 4250 signiﬁcatur,
1433 4190 1639 4244 paceni,
1659 4173 1740 4228 sic
1762 4171 1998 4225 futuram
2023 4169 2192 4222 deseri

2309 4190 2430 4244 κατ’
2464 4190 2625 4244 αὐτὸν
2653 4189 3036 4263 ἐπιλαμψάσης
3067 4191 3160 4246 τοῦ
3201 4169 3454 4265 Σωτῆρος
3492 4195 3647 4267 ήμῶν
3686 4169 3843 4260 ἐπιφα·

640 4274 718 4328 bit
750 4293 763 4327 :
797 4293 816 4325 ι
845 4272 1064 4328 Orietur
1094 4274 1146 4326 in
1169 4271 1362 4326 diebus
1389 4269 1509 4338 ejus
1547 4266 1760 4336 justitia
1791 4271 1845 4320 et
1886 4261 2192 4316 abundanti:

2309 4283 2458 4346 νείας
2477 4322 2491 4346 ,
2523 4282 2623 4351 τῆς
2658 4281 2940 4352 Ῥωμαίων
2989 4261 3284 4356 μοναρχίας
3315 4261 3772 4360 ἐ-πικρατησάσης,
3798 4279 3842 4336 αἰ

639 4364 788 4424 Dacis
814 4363 856 4416 ⁸.
898 4383 917 4415 ι
948 4362 1117 4418 Isaias
1164 4374 1385 4428 quoque
1431 4374 1555 4413 cum
1606 4357 1690 4411 his
1736 4353 1870 4423 ipsis
1905 4350 2192 4406 concordat

2311 4373 2477 4426 πάλαι
2507 4372 2613 4425 τῶν
2639 4350 2806 4426 ἐθνῶν
2837 4350 3492 4447 διελύθησαν-διαστάσεις
3524 4350 3615 4434 καὶ
3645 4350 3842 4446 πολυαρ-

638 4466 762 4505 cum
797 4449 873 4503 ait
903 4463 917 4500 :
957 4467 975 4499 ‹
999 4447 1066 4501 Ει
1093 4446 1404 4501 conﬂabunt
1429 4445 1640 4516 gladios
1683 4461 1815 4502 suos
1845 4446 1901 4499 in
1925 4461 2192 4510 vomeres1

2314 4464 2456 4536 χίαι,
2514 4461 2607 4516 καὶΙ
2647 4460 2798 4518 τόνδε
2847 4463 2908 4530 ἐξ
2951 4445 3158 4520 ἐκείνου
3201 4469 3402 4538 τρόπον
3451 4470 3632 4536 τέλους
3681 4468 3844 4541 ήρξατο

637 4553 694 4596 et
721 4543 994 4596 lanceolas
1024 4554 1152 4595 suas
1208 4539 1263 4592 in
1293 4537 1483 4593 falces.
1513 4536 1578 4590 Et
1612 4553 1722 4592 non
1753 4545 1935 4593 sumet
1971 4539 2192 4608 amplius

2312 4553 2598 4624 τυγχάνειν
2629 4554 2698 4607 τά
2738 4555 2839 4625 τῆς
2889 4536 3374 4631 προφητευομένης
3421 4565 3657 4633 εἰρήνης.
3701 4536 3843 4611 ⁷Ἃλλὰ

637 4649 773 4706 gens
804 4633 858 4686 in
887 4639 1100 4703 gentem
1130 4629 1392 4702 gladium,
1416 4635 1470 4684 et
1502 4644 1613 4683 non
1660 4628 1876 4684 discent
1917 4629 2057 4682 ultra
2095 4628 2192 4684 bel-

2314 4642 2410 4697 νῦν
2462 4642 2561 4714 μὲν
2602 4642 2738 4707 τέως
2781 4644 3012 4717 ήρξατο,
3061 4628 3214 4700 ἔσται.
3249 4628 3440 4702 8361's
3472 4628 3842 4720 πληρέσταταή

641 4729 752 4782 lum
777 4741 965 4797 gerere
995 4727 1038 4776 '.
1074 4742 1092 4775 ι
1130 4723 1400 4778 Οωιοτιιιη
1465 4721 1744 4776 Michmam
1802 4737 2019 4792 quoque
2055 4723 2192 4776 inve«

2316 4733 2622 4805 προφητεία
2651 4735 3186 4806 συμπερασθήσεται,
3219 4737 3356 4791 ἐπὰν
3393 4739 3454 4794 τὸ
3487 4739 3741 4811 πλήρωμα
3760 4733 3843 4786 τῶν

641 4821 760 4876 nies
791 4818 983 4875 iisdem
1027 4825 1394 4873 consentanea
1437 4817 1729 4882 dicentem,
1792 4817 2029 4888 itemque
2071 4818 2192 4872 alio:

2317 4822 2489 4877 ἐθνῶν
2519 4821 2735 4896 εἰσέλθῃ
2760 4823 2978 4896 τὺίπρὸς
3000 4826 3093 4880 τοῦ
3132 4827 3276 4901 ἱεροῦ
3315 4829 3632 4883 Ἀποστόλου
3657 4825 3840 4897 δεδηλω-

641 4925 709 4963 ex
775 4909 1052 4980 prophetis
1084 4910 1306 4964 multos.
1365 4907 1422 4963 Si
1458 4924 1584 4964 vero
1617 4909 1924 4980 diligenter,
1965 4919 2025 4965 ut
2072 4910 2208 4967 alias
2321 4914 2500 4986 μένον.

641 5003 778 5068 dixi,
805 5015 1045 5074 tempora
1092 5004 1491 5068 observaveris,
1532 5005 1690 5059 facile
1749 5005 1947 5060 intueri
1976 5009 2201 5076 poteris,
2243 5010 2706 5079 quemadmodum
2765 5013 2836 5068 ab
2903 5013 3136 5085 Augusti
3192 5016 3553 5086 temporibus,
3599 5023 3651 5072 et
3687 5031 3714 5069 a
3749 5009 3844 5066 Sal-

646 5096 850 5152 vatoris
879 5097 1052 5152 nostri
1071 5097 1328 5155 adventu.
1357 5096 1450 5166 qui
1479 5112 1576 5167 per
1604 5113 1668 5151 ea
1726 5104 1974 5167 tempora
2036 5099 2286 5166 emicuit,
2328 5117 2452 5156 cum
2509 5103 2578 5159 ad
2629 5120 2797 5160 unum
2848 5105 3126 5160 redactum
3187 5105 3556 5163 Romanorum
3599 5103 3843 5177 imperium

647 5184 827 5237 omnia
847 5185 1182 5241 “obtinuisset
1207 5225 1222 5249 .
1288 5193 1500 5241 veteres
1539 5186 1783 5256 gentium
1855 5185 2200 5254 differentiae,
2231 5197 2286 5246 et
2324 5193 2660 5263 multiplices
2711 5195 3052 5264 principatus
3099 5196 3288 5250 aboliti
3321 5207 3470 5263 sunt,
3503 5208 3660 5268 atque
3691 5209 3750 5249 ex
3773 5189 3846 5244 illo

646 5274 702 5330 in
722 5275 867 5330 hunc
891 5278 1133 5344 modum,
1196 5293 1316 5350 qua:
1348 5279 1415 5333 ad
1461 5296 1646 5349 pacem
1687 5281 2047 5351 pertinerent,
2117 5300 2280 5356 quam
2321 5287 2600 5358 prepheta:
2627 5289 3015 5360 praxlixerant,
3049 5305 3114 5345 ea
3166 5288 3326 5347 ﬁnem
3363 5308 3524 5349 suum
3573 5290 3846 5358 contingere

648 5368 930 5436 ceperint.
955 5368 1221 5426 Caeterum
1280 5373 1543 5429 hactenus
1591 5373 1814 5443 quidem
1879 5374 2068 5445 coepit,
2147 5382 2358 5448 tempus
2425 5387 2607 5433 autem
2675 5381 2875 5442 veniet,
2909 5397 3033 5436 cum
3065 5385 3384 5454 plenissime
3403 5383 3678 5458 prophetia
3727 5391 3846 5434 σθω·

649 5460 904 5534 plebitur,
936 5463 1026 5516 ubi
1059 5465 1299 5533 gentium
1348 5466 1628 5535 plenitudo
1657 5467 1904 5537 ingressa
1933 5467 2067 5523 illud
2095 5467 2282 5535 fuerit,
2316 5471 2461 5539 quod
2488 5487 2519 5525 a
2551 5481 2744 5530 sancto
2766 5473 3028 5544 Apostolo
3060 5475 3267 5534 dictum
3301 5484 3386 5533 est
3412 5479 3475 5534 θ’.

2307 3561 2438 3616 φησι
2465 3565 2477 3575 ·
2525 3565 2544 3597 ι
2584 3547 2692 3600 Καὶ
2735 3546 3066 3616 συγκόψουσι
3115 3549 3387 3620 μαχαίρας
3417 3550 3596 3604 αὐτῶν
3638 3551 3710 3612 εἰς
3742 3548 3844 3619 ἄρο-

2305 3650 2441 3706 τρα,
2476 3639 2570 3690 καὶ
2607 3637 2706 3701 τὰς
2758 3636 2980 3701 ζισύνας
3031 3639 3210 3692 αὐτῶν
3256 3641 3335 3704 εἰς
3381 3641 3640 3712 δρέπανα.
3676 3641 3771 3696 Καὶ
3795 3635 3841 3692 οδ

2306 3731 2530 3800 λήψεται
2578 3730 2658 3784 ἔτι
2705 3730 2854 3793 ἐθνος
2899 3732 2986 3784 ἐπ’
3035 3730 3185 3796 ἔθνος
3237 3733 3544 3807 μάχαιραν,
3579 3735 3669 3789 καὶ
3701 3734 3753 3787 ού
3784 3732 3840 3802 μή

2311 3822 2552 3894 μάθωσιν
2583 3823 2660 3875 ἔτι
2698 3823 2973 3894 πολεμεῖν.
3010 3843 3027 3876 ι
3067 3824 3259 3896 Εὖροις
3312 3826 3354 3879 δ’
3394 3826 3463 3881 ἂν
3511 3829 3602 3882 καὶ
3645 3823 3842 3897 Μιχαίαν

2307 3912 2515 3978 τούτοις
2542 3915 2832 3986 συνᾴδοντα
2854 3955 2869 3979 ,
2905 3916 3000 3968 καὶ
3030 3916 3224 3982 ἄλλους
3262 3918 3484 3984 πλείους
3525 3919 3630 3974 τῶν
3671 3934 3843 3991 προφη-

2306 4007 2440 4062 τῶν.
2488 4006 2816 4079 Ἐπιστήσας
2840 4005 2896 4059 δὲ
2923 4049 2938 4071 ,
2970 4008 3047 4071 ὡς
3070 4008 3205 4080 ἔφην
3231 4049 3245 4072 ,
3275 4012 3388 4074 τοῖς
3421 4013 3647 4083 χρόνοις,
3675 4011 3843 4080 δυνήσῃ

721 5722 740 5754 ’⁸
779 5721 923 5778 Psal.
966 5739 1127 5790 tui,
1163 5723 1216 5780 8.
1292 5727 1312 5759 '
1350 5725 1479 5782 ibid.
1521 5726 1568 5782 Ἰ.
1644 5728 1665 5760 ⁸
1705 5729 1812 5785 lsa.
1847 5745 1906 5795 ιι,
1957 5730 2008 5786 ι.
2083 5729 2126 5762 "
2166 5729 2192 5783 l“

2289 5745 2327 5785 ι.
2362 5745 2417 5785 ιι
2440 5769 2455 5798 ,
2485 5731 2574 5788 25.
