4106 6420
1231 269 1258 300 1

252 351 359 406 713

1158 341 1815 402 DEMONSTBATIONIS
1851 343 2312 405 EVANGELICAE
2346 346 2476 402 LIB.
2514 348 2604 405 1X.

3422 354 3527 410 ’πμ

263 456 409 515 Ἀπὸ
469 456 576 511 τοῦ
611 456 863 531 ψαλμοῦ
876 453 1002 531 ριξ.
1032 485 1101 496 --
1127 457 1266 531 Περὶ
1309 457 1408 522 Ὧς
1442 455 1599 510 ἀννὰ
1629 453 1709 521 τῷ
1735 455 1843 521 υιῷ

1948 454 2115 528 459
2155 458 2198 511 Α
2256 459 2463 526 psalmo
2502 475 2670 517 cxvn.
2695 491 2766 501 —
2810 461 2888 518 De
2927 464 3329 531 acclamatione,
3377 466 3526 524 llos-

693 527 872 581 Δαϐίδ
889 567 904 591 ,
933 527 1406 598 ἐπιφωνήματος.

330 663 351 695 ι
387 642 550 698 Λίθον
590 643 650 696 ὃν
689 641 1098 713 ἀπεδοκίμασαν
1130 645 1178 697 οἱ
1211 640 1617 714 οἰκοδομοῦντες
1645 682 1660 706 ,
1694 636 1848 707 οὗτος

252 735 487 808 ἐγενήθη
528 737 606 798 εἰς
650 735 890 805 κεφαλὴν
933 736 1156 804 γωνίας.
1197 733 1358 807 Παρὰ
1389 734 1599 809 Κυρίου
1633 735 1847 804 ἐγένετο

253 828 394 898 αὕτη
415 868 430 890 ,
455 828 550 881 καὶ
577 827 690 880 ἐστι
723 827 1008 897 θαυμαστὴ
1042 830 1099 880 ἐν
1129 827 1429 898 ὀφθαλμοῖς
1463 826 1642 900 ἡμῶν.
1697 826 1846 899 Αὕτη

253 923 287 992 η
312 920 497 992 ἡμέρα
535 923 601 992 ἣν
631 921 887 991 ἐποίησεν
915 922 944 972 6
977 920 1184 992 Κύριος
1203 961 1218 985 ,
1255 919 1712 990 ἁγαλλιασὼμεθα
1754 920 1849 973 καὶ

253 1011 654 1083 εὐφρανθῶμεν
709 1013 766 1065 ἐν
826 1013 988 1084 αὐτῇ.
1035 1008 1107 1065 Ὦ
1158 1013 1369 1085 Κύριε,
1432 1013 1604 1066 σῶσον
1659 1011 1761 1084 δὴ,
1802 1006 1848 1066 ὧ

254 1104 467 1174 Κύριε,
513 1104 772 1162 εὐόδωσον
815 1104 899 1174 δή.
947 1104 1325 1176 Εὐλογημένος
1375 1106 1404 1158 6
1450 1105 1744 1177 ἐρχόμενος
1789 1104 1848 1156 ἐν

254 1197 482 1267 ὀνόματι
526 1198 750 1268 Κυρίου.
789 1197 921 1261 Θεὸς
959 1198 1162 1270 Κύριος
1204 1197 1298 1251 καὶ¹
1335 1198 1604 1267 ἐπέφανεν
1630 1198 1782 1269 ἡμῖν.
1822 1215 1841 1248 ο

257 1289 364 1342 Τοῦ
393 1290 648 1361 Σωτῆρος
685 1289 842 1361 ἡμῶν
886 1290 1061 1361 Ἰησοῦ
1090 1290 1326 1363 Χριστοῦ
1360 1291 1690 1354 εἰσελθόντος
1718 1290 1847 1343 ποτὲ

257 1387 340 1449 εἰς
388 1387 459 1440 τα
524 1387 886 1460 Ἰεροσόλυμα,
922 1389 1010 1442 ὅτε
1050 1389 1191 1444 κατὰ
1214 1388 1310 1461 τὴν
1344 1389 1452 1460 πρὸ
1482 1390 1689 1461 ταύτης
1715 1407 1847 1462 προ-

259 1479 492 1547 φητείαν
530 1481 817 1553 ὀχούμενος
855 1483 960 1554 ὄνῳ
997 1482 1095 1553 τὴν
1127 1484 1183 1535 ἐν
1219 1482 1296 1554 τῷ
1327 1484 1573 1555 Ζαχαρία
1601 1483 1845 1556 πρόρρη-

259 1585 346 1623 σιν
391 1573 651 1645 ἐπλήρου,
689 1574 829 1628 κατὰ
855 1574 948 1628 τὸν
989 1573 1131 1629 θεῖον
1167 1574 1588 1648 εὐαγγελιστὴν,
1623 1577 1672 1629 οἱ
1699 1576 1846 1646 ὄχλοι

257 1667 598 1735 προάγοντες
626 1668 788 1720 αὐτὸν
813 1668 904 1721 καὶ
927 1666 1348 1732 ἀκολουθοῦντες
1378 1669 1730 1740 ἐπευφήμουν
1760 1668 1848 1721 λέ-

257 1776 489 1829 γοντες·
535 1778 553 1810 ι
607 1759 692 1822 Ὠς
739 1759 872 1813 ἁννὰ
903 1758 982 1830 τῷ
1019 1759 1120 1830 υίῷ
1161 1760 1342 1812 Δαϐίδ.
1393 1761 1769 1831 Εὐλογημένος
1817 1764 1846 1814 6

256 1818 557 1922 ἐρχόμενος
588 1849 645 1900 ἐν
671 1818 895 1923 δνόματι
928 1818 1154 1920 Κυρίου,
1197 1848 1272 1910 ὼς
1315 1848 1450 1902 ἀννὰ
1488 1818 1556 1900 ἐν.
1577 1818 1690 1910 τοῖς
1717 1818 1842 1916 ὐιξί-
1879 1818 1920 1876 Β

260 1958 430 2005 στοις.
472 1942 597 1994 Ὅτε
627 1941 719 1994 καὶ
744 1941 1073 2005 εἰσελθόντος
1099 1941 1264 1995 αὐτοῦ
1293 1944 1372 2006 είς
1395 1941 1463 1994 τὰ
1500 1941 1842 2013 Ἱεροσόλυμα

258 2031 482 2101 ἐσείσθη
515 2033 660 2084 πᾶσα
685 2033 716 2101 ἡ
749 2031 900 2095 πόλις
928 2031 1194 2100 λεγόντων
1214 2050 1226 2062 ·
1256 2033 1352 2095 Τίς
1379 2034 1526 2085 ἐστιν
1562 2025 1748 2096 0610;;
1781 2035 1842 2085 Oi

257 2123 316 2176 δὲ
357 2123 501 2192 ὄχλοι
541 2122 723 2190 ἔλεγον
747 2139 758 2150 ·
796 2115 963 2183 Οὗτός
992 2123 1138 2173 ἐστιν
1163 2123 1192 2173 6
1221 2126 1503 2192 προφήτης
1550 2120 1780 2190 Ἰησοῦς,
1816 2123 1844 2174 6

259 2213 372 2266 ἀπὸ
399 2211 648 2283 Ναζαρὲθ
695 2212 792 2281 τῆς
834 2211 1142 2275 Γαλιλαίας.
1179 2232 1196 2264 ι
1258 2213 1411 2266 Ἐπεὶ
1443 2215 1623 2266 τοίνυν
1656 2216 1720 2266 ἐκ
1750 2212 1841 2266 τοῦ

260 2305 623 2377 προκειμένου
674 2302 890 2374 ψαλμοῦ
927 2305 1176 2376 εἴρηται,
1224 2305 1324 2369 τὸ,
1371 2306 1457 2368 Ὠς
1505 2306 1658 2370 ἀννὰ,
1705 2307 1843 2376 ὅπερ

260 2396 594 2467 ἐρμηνευθέν
613 2396 788 2468 δηλοῖ,
825 2395 1003 2449 Σῶσον
1032 2396 1125 2468 δὴ,
1147 2397 1208 2449 τὸ
1231 2397 1289 2449 δὲ
1331 2396 1634 2468 Ἐῢραῖκὸν,
1688 2399 1844 2451 Ἀννὰ

271 2486 502 2540 ’Δδωναῖ
525 2488 600 2548 ὡς
629 2485 786 2550 ἀννὰ,
818 2486 1081 2557 περιέχει.
1125 2485 1284 2539 Ἀλλὰ
1309 2488 1401 2540 καὶ
1423 2485 1485 2539 τὸ
1503 2529 1518 2553 ,
1556 2506 1574 2538 ι
1607 2488 1844 2558 Εὐλογη-

264 2578 425 2648 μένος
465 2581 494 2632 ό
524 2578 814 2650 ἐρχόμενος
859 2580 916 2631 ἐν
950 2579 1173 2649 ὀνόματι
1224 2579 1464 2651 Κυρίου,
1495 2599 1512 2631 ι
1547 2579 1844 2651 ἐπειδήπερ

262 2673 359 2725 καὶ
387 2671 521 2725 αὐτὸ
546 2671 653 2724 ἀπὸ
688 2670 782 2724 τοῦ
807 2670 972 2724 αὐτοῦ
997 2670 1214 2742 ψαλμοῦ
1247 2671 1601 2744 μετείληπται
1625 2714 1639 2738 ,
1669 2673 1842 2728 ταῦτα

258 2765 320 2818 δὲ
367 2763 554 2832 σαφῶς
593 2763 686 2815 ἐπὶ
729 2763 823 2815 τὸν
871 2763 1105 2834 Χριστὸν
1150 2763 1246 2816 τοῦ
1290 2763 1423 2817 Θεοῦ
1467 2766 1841 2836 ἁνενήνεκταιο

263 2854 491 2917 εἰκότως
540 2855 618 2917 είς
670 2854 830 2906 αὐτὸν
887 2855 982 2906 καὶ
1023 2855 1092 2908 τὰ
1138 2854 1300 2908 λοιπὰ
1343 2837 1441 2925 cii;
1488 2858 1842 2928 προρρήσεως

262 2946 648 3018 ἐξειλήφαμεν.
679 2941 846 3011 Οὗτος
866 2946 973 3020 γὰρ
1007 2946 1083 3000 ὣν
1116 2947 1372 3018 τυγχάνει
1404 2947 1783 3019 εὐλογημένος,
1814 2953 1843 3003 6

263 3038 360 3090 καὶ
405 3035 472 3089 δι’
502 3036 688 3108 ἐτέρου
715 3039 994 3110 προφήτου
1029 3039 1416 3110 ὠνομασμένος
1454 3041 1482 3092 ό
1528 3040 1840 3111 ἐρχόμενος,

261 3128 358 3182 τοῦ
389 3130 684 3200 φήιεταντος⁸
735 3149 753 3181 ι
787 3131 906 3182 Ἔτι
950 3131 1173 3201 μικρὸν,
1204 3133 1297 3184 καὶ
1320 3134 1348 3185 6
1378 3132 1668 3203 ἐρχόμενος
1701 3134 1840 3205 ἥξει,

262 3224 358 3276 καὶ
395 3221 455 3276 οὐ
493 3222 566 3293 μὴ
611 3223 866 3293 χρονίσῃ,
924 3243 942 3275 ι
985 3223 1042 3287 ὃς
1087 3225 1180 3278 καὶ
1226 3223 1481 3295 ἐλήλυθεν
1516 3227 1574 3278 ἐν
1622 3227 1848 3298 ὀνόματι

261 3315 473 3388 Κυρίου
502 3312 595 3368 τοῦ
621 3315 779 3378 Θεοῦ,
812 3317 906 3369 καὶ
938 3315 1152 3386 Πατρὸς
1176 3315 1392 3370 ἐαυτοῦ.
1415 3318 1587 3381 Αὐτὸς
1607 3319 1652 3372 6‘
1675 3320 1740 3372 ἂν
1766 3321 1848 3390 εἴη

262 3407 362 3460 καὶ
404 3425 422 3457 ι
460 3405 592 3469 Θεὸς
619 3405 821 3477 Κύριος
855 3409 883 3460 6
925 3408 1207 3476 ἐπιφανεὶς
1238 3409 1389 3478 ἡμῖν.
1432 3428 1450 3460 ι
1498 3411 1583 3463 Ἐν
1624 3411 1848 3480 ὀνόματι

260 3499 398 3568 γοῦν
435 3498 530 3553 τοῦ
569 3499 780 3570 Πατρὸς
822 3499 985 3552 αὐτοῦ
1021 3501 1272 3570 ὁμολογεί
1314 3501 1631 3572 ἐληλυθέναι
1675 3504 1849 3572 λέγων

262 3593 405 3664 πρὸς
453 3591 582 3656 τοὺς
630 3593 912 3656 Ἰουδαίους
939 3610 954 3624 ο
999 3612 1017 3645 ι
1064 3593 1203 3662 Ἐγὼ
1241 3595 1474 3667 ἐλήλυθα
1515 3598 1573 3649 ἐν
1617 3595 1693 3666 τῷ
1739 3597 1851 3650 6V6-

266 3701 401 3755 ματι
443 3682 538 3736 τοῦ
587 3683 797 3754 Πατρός
835 3700 935 3752 μου
960 3724 975 3747 ,
1009 3685 1103 3737 καὶ
1128 3685 1188 3737 οὐ
1208 3684 1516 3756 λαμϐάνετέ
1547 3703 1610 3753 με
1635 3703 1648 3715 ·
1691 3685 1849 3750 ἄλλος

261 3775 362 3829 ἐὰν
385 3774 512 3846 ἔλθῃ
553 3778 610 3828 ἐν
633 3773 712 3844 τῷ
735 3775 957 3845 ὀνόματι
990 3774 1068 3845 τῷ
1110 3776 1255 3846 ἰδίῳ,
1283 3777 1490 3831 ἐκεῖνον
1527 3776 1779 3847 λήψεσθε.
1824 3797 1842 3828 ι

261 3867 439 3930 Δύτδς
463 3869 526 3938 δὴ
550 3864 641 3921 οὖν
675 3870 704 3921 6
728 3868 1013 3936 ἐπιφανεὶς
1045 3870 1176 3938 ἡμῖν
1202 3867 1334 3931 Θεὸς
1365 3868 1568 3940 Κύριος
1588 3909 1602 3931 ,
1634 3871 1663 3921 6
1693 3869 1842 3922 εὐλο-

263 3962 529 4032 γημένος,
557 3962 586 4013 6
611 3959 782 4014 ἐλθὼν
809 3963 865 4014 ἐν
889 3962 1112 4030 ὀνόματι
1135 3961 1364 4031 Κυρίου,
1394 3961 1557 4024 αὐτὸς
1581 3958 1648 4033 ἦν
1687 3963 1780 4014 καὶ
1819 3964 1846 4014 6

263 4053 410 4117 λίθος
437 4093 453 4116 ,
489 4052 547 4106 ὃν
589 4053 998 4124 ἀπεδοκίμασαν
1037 4055 1085 4106 0i
1126 4052 1292 4106 πάλαι
1334 4053 1596 4125 πρότερον
1644 4055 1734 4107 τὸν
1782 4055 1847 4106 ἐκ

265 4144 570 4217 περιτομῆς
595 4143 722 4198 λαὸν
743 4145 830 4198 διὰ
854 4144 953 4214 τῆς
978 4145 1278 4214 Μωσαῖκῆς
1309 4143 1664 4209 διδασκαλίας
1695 4147 1844 4199 οἰκο-

262 4237 579 4310 δομοῦντες,
613 4236 671 4300 ὃς
701 4238 793 4290 καί
815 4235 1270 4306 ἀποδοκιμασθεὶς
1297 4237 1387 4290 ὑπ’
1413 4237 1622 4302 αὐτῶν,
1648 4241 1726 4302 είς
1757 4256 1848 4291 κε-

264 4329 442 4401 φαλὴν
472 4329 665 4401 ἐτέρας
689 4329 890 4397 γωνίας
914 4328 1014 4398 τῆς
1039 4328 1095 4392 ἐξ
1122 4326 1287 4381 ἐθνῶν
1331 4328 1654 4400 Ἐκκλησίας
1717 4347 1846 4383 κατ-

263 4425 421 4496 έστη,
447 4424 514 4495 ἢν
545 4423 620 4486 ὡς
650 4423 724 4493 μὴ
760 4425 877 4488 τοῖς
911 4423 1076 4476 πᾶσιν
1101 4422 1408 4492 ὁρωμένην,
1442 4423 1622 4493 μόνοις
1653 4423 1709 4477 δὲ
1733 4427 1846 4489 τοῖς

2479 547 2622 586 anna
2657 532 2771 602 ﬁlio
2803 531 2997 590 David.

2024 659 2044 693 ι
2079 640 2338 714 Lapidem
2368 659 2530 714 quem
2563 647 2996 716 reprobaverunt
3024 647 3358 708 aediﬁcantes
3378 692 3394 717 ,
3441 653 3530 708 hic

1948 735 2128 791 factus
2141 744 2223 792 est
2243 735 2295 789 in
2315 745 2474 807 caput
2496 739 2700 808 anguli.
2721 739 2762 792 A
2781 737 3012 795 Domino
3033 741 3235 797 factum
3257 751 3342 798 est
3360 746 3526 810 istud,

1949 835 2003 882 et
2031 835 2114 883 est
2146 827 2397 881 mirabile
2444 829 2496 882 in
2527 829 2703 885 ocuiis
2738 831 2960 886 nostris.
3017 831 3142 888 [iac
3195 836 3312 890 dies
3363 853 3527 906 quam

1950 918 2078 974 fecit
2110 918 2394 982 Dominus,
2427 921 2764 976 exsultemus
2790 930 2845 975 et
2880 923 3124 978 laetemur
3155 924 3210 980 in
3233 941 3313 980 ea.
3349 925 3393 980 Ο
3426 925 3532 982 Do.

1948 1012 2096 1066 mine
2131 1052 2145 1073 ,
2203 1013 2412 1067 salvum
2449 1013 2534 1067 fac
2574 1013 2688 1082 jam
2725 1030 2906 1082 nunc;
2943 1031 2976 1068 ο
3014 1015 3274 1081 Domine,
3306 1020 3372 1072 da
3406 1035 3529 1089 pro-

1948 1101 2148 1158 fectum
2179 1104 2292 1172 jam
2339 1121 2504 1160 nunc.
2538 1104 2864 1161 Benedictus
2907 1109 2999 1178 qui
3031 1111 3178 1163 venit
3208 1111 3261 1163 in
3308 1112 3528 1164 nomine

1948 1193 2163 1250 Domini
2197 1216 2209 1251 :
2249 1195 2669 1268 [Benetliximus
2709 1199 2866 1255 vobis
2901 1200 2969 1254 de
3021 1200 3184 1255 domo
3213 1200 3428 1256 Domini
3465 1200 3525 1275 :]

1948 1285 2094 1344 Deus
2126 1287 2474 1352 Dominus,et
2519 1289 2699 1343 illuxit
2743 1289 2901 1346 nobis
2954 1291 3014 1344 ¹⁰.
3060 1311 3079 1344 ι
3120 1291 3400 1348 Salvatore
3429 1307 3529 1346 no.

1949 1389 2064 1436 stro
2100 1380 2228 1437 Jesu
2251 1381 2470 1437 Christo
2502 1383 2753 1453 ingresso
2781 1384 3052 1453 quondam
3088 1385 3142 1439 in
3171 1386 3360 1440 urbem
3389 1385 3518 1440 Hie-

1947 1472 2241 1543 rosolyma,
2271 1489 2380 1543 quo
2412 1481 2674 1543 tempore,
2709 1474 2849 1528 sicut
2880 1475 3185 1545 prophetia,
3210 1492 3373 1546 quam
3407 1492 3529 1548 pro-

1948 1565 2092 1620 xime
2121 1577 2247 1621 ante
2279 1568 2418 1620 hanc
2457 1566 2845 1636 exposuimus,
2878 1570 3151 1634 continet,
3201 1569 3329 1623 dum
3359 1570 3526 1626 asello

1947 1656 2192 1713 insidens
2225 1657 2471 1722 vehitur,
2507 1658 2664 1712 ﬁdem
2699 1659 2826 1713 huic
2870 1659 2951 1714 rei
3004 1659 3240 1715 faciente
3294 1675 3526 1732 evange-

1948 1747 2070 1802 lista
2094 1787 2108 1810 ,
2168 1749 2485 1803 vaticinium
2537 1751 2681 1820 quod
2717 1761 2800 1806 est
2837 1751 2978 1821 apud
3030 1750 3350 1806 Zachariam
3382 1737 3528 1808 com-

1951 1840 2136 1910 plevit,
2170 1841 2344 1896 turba:
2377 1857 2498 1912 quae
2535 1843 2798 1912 praeibam
2841 1851 2896 1897 et
2953 1859 3074 1912 qua:
3123 1845 3524 1914 sequebantur,

1952 1932 2326 1986 acclamabant
2365 1933 2789 1989 benedicentes:
2828 1953 2846 1984 ‹
2880 1933 3132 1989 liosauna
3180 1934 3291 1988 ﬁlio
3330 1933 3522 1991 David.

1950 2023 2274 2080 Benedictus
2307 2026 2400 2096 qui
2431 2028 2580 2079 venit
2631 2026 2685 2079 in
2734 2028 2954 2081 nomine
2999 2024 3234 2092 Domini,
3279 2025 3523 2081 hosanna

1952 2117 2005 2172 in
2051 2118 2354 2174 altissimis.
2405 2117 2525 2184 Quo
2575 2117 2738 2172 etiam
2796 2124 3041 2188 tempore
3085 2131 3209 2172 cum
3262 2118 3526 2172 intrasset

1953 2206 2406 2278 Hierosolymam,
2437 2218 2707 2262 commota
2759 2217 2843 2264 est
2900 2211 3156 2264 universa
3196 2210 3410 2275 civitas,
3439 2209 3525 2264 di-

1949 2314 2081 2354 cens
2114 2318 2126 2353 :
2169 2299 2303 2364 Quis
2330 2307 2414 2354 est
2445 2299 2568 2357 hic?
2605 2300 2801 2356 Turbae
2849 2309 3028 2354 autem
3071 2301 3324 2356 dicebant
3359 2320 3374 2356 :
3425 2300 3526 2357 Hic

1949 2399 2032 2447 est
2061 2393 2322 2464 propheta
2371 2392 2532 2449 Jcsus
2563 2411 2594 2448 a
2635 2394 2902 2450 Nazarcth
2938 2393 3172 2450 Galilaaa:
3202 2397 3266 2449 “.
3307 2414 3327 2446 ι
3378 2395 3525 2461 Quo-

1950 2485 2094 2540 niam
2135 2485 2301 2556 igitur
2332 2502 2398 2541 ex
2447 2488 2694 2557 proximo
2726 2488 2936 2558 psalmo
2964 2487 3169 2542 dictum
3204 2497 3289 2543 cst
3350 2488 3480 2544 illud
3506 2529 3521 2552 ,

1950 2579 2219 2641 hosanna,
2253 2578 2399 2649 quod
2439 2581 2483 2635 si
2519 2581 2916 2650 interpreteris,
2960 2581 3252 2652 signiﬁcat,
3313 2584 3523 2637 salvum

1951 2670 2036 2725 fac
2064 2670 2176 2738 jam
2225 2685 2402 2734 nunc,
2439 2680 2493 2725 et
2524 2669 2824 2726 Heb‘raicus
2853 2679 3164 2738 contextus,
3200 2673 3354 2726 Anna
3379 2673 3524 2729 Ado-

1949 2764 2036 2817 nai
2070 2763 2336 2828 hosanna,
2386 2764 2581 2827 habet,
2645 2777 2857 2818 necnon
2915 2762 3093 2817 illud:
3144 2783 3163 2815 ι
3197 2763 3523 2821 Benedictus

1948 2859 2041 2928 qui
2065 2858 2212 2913 venit
2244 2857 2298 2911 in
2346 2857 2566 2910 nomine
2595 2855 2846 2920 Domini,
2897 2876 2914 2907 ι
2977 2858 3153 2926 ipsum
3195 2872 3413 2928 quoque
3455 2859 3524 2911 ab

1949 2949 2138 3004 eodem
2176 2950 2385 3020 psalmo
2413 2957 2498 3004 est
2530 2959 2836 3018 acceptum,
2871 2957 2925 3003 et
2962 2949 3076 3002 hare
3110 2949 3227 3018 ipsa
3263 2949 3422 3020 plane
3455 2951 3521 3003 ad

1948 3042 2226 3098 Christum
2289 3042 2456 3097 Deum
2512 3040 2702 3096 referri
2738 3048 2990 3096 constat:
3029 3042 3225 3095 merito
3266 3041 3332 3096 ad
3377 3058 3523 3096 eunt-

1949 3133 2070 3188 dem
2105 3134 2310 3205 reliqua
2343 3147 2560 3204 quoque
2598 3132 2842 3201 ejusdem
2890 3132 3134 3186 vaticinii
3178 3133 3279 3189 hoc
3311 3135 3364 3188 in
3403 3135 3524 3190 loco

1953 3227 2260 3282 retulimus.
2291 3225 2390 3280 Hic
2416 3226 2561 3280 enim
2599 3232 2682 3280 est
2734 3224 2824 3280 ille
2883 3224 3238 3287 benedictus.
3303 3227 3397 3298 qui
3454 3229 3524 3282 ab

1952 3317 2059 3371 alio
2087 3318 2348 3386 propheta
2370 3315 2596 3369 veniens
2623 3320 2707 3369 est
2754 3313 3068 3368 nominatus
3093 3352 3109 3378 ,
3157 3315 3250 3369 ubi
3284 3316 3366 3370 sic
3401 3316 3477 3370 ait
3506 3336 3520 3372 :

1957 3427 1977 3461 (
2017 3407 2210 3462 Adhuc
2263 3407 2535 3460 modicum
2563 3444 2578 3470 ,
2623 3412 2678 3458 et
2718 3404 2941 3459 veniens
2975 3405 3156 3460 veniet
3186 3416 3238 3461 et
3264 3421 3374 3461 non
3410 3417 3524 3462 utr.

1951 3499 2102 3555 dabit
2127 3501 2190 3564 ",
2227 3519 2246 3551 ι
2283 3499 2376 3569 qui
2410 3499 2538 3554 item
2570 3498 2717 3553 venit
2769 3499 2821 3552 in
2866 3499 3087 3554 nomine
3124 3497 3218 3554 Dei
3259 3508 3314 3555 et
3341 3499 3522 3558 Patris

1952 3593 2058 3647 sui.
2095 3593 2239 3647 Idem
2276 3606 2405 3647 vero
2462 3589 2624 3645 fuerit
2667 3590 2830 3644 etiam
2867 3608 2886 3640 ‹
2945 3588 3092 3646 Deus
3129 3590 3393 3649 Dominus
3427 3596 3520 3665 qui

1951 3686 2129 3740 illuxit
2160 3685 2338 3740 nobis.
2379 3702 2396 3735 ι
2438 3682 2624 3752 itaque
2667 3682 2722 3737 in
2778 3684 2998 3738 nomine
3024 3682 3203 3739 Patris
3232 3686 3316 3741 sui
3347 3685 3523 3742 conﬁ-

1950 3784 2095 3832 tetur
2123 3791 2181 3832 se
2213 3775 2430 3831 venisse
2467 3775 2535 3830 ad
2559 3774 2800 3840 Judatos,
2831 3775 3020 3830 dicens
3054 3795 3066 3829 :
3108 3793 3127 3826 ι
3166 3775 3279 3848 Ego
3310 3779 3431 3833 veni
3465 3779 3521 3834 in

1949 3869 2167 3922 nomine
2205 3866 2384 3922 Patris
2407 3868 2533 3930 mei,
2563 3875 2616 3922 et
2649 3883 2758 3922 non
2778 3867 3026 3936 accipitis
3051 3882 3153 3922 me.
3206 3869 3362 3924 Alius
3392 3884 3519 3925 cum

1947 3961 2155 4016 venerit
2187 3961 2240 4013 in
2277 3960 2498 4014 nomine
2541 3959 2763 4029 proprio
2789 4000 2803 4023 ,
2863 3960 3013 4014 illum
3067 3961 3351 4031 accipietis
3388 3963 3453 4014 ".
3496 3983 3516 4014 ι

1950 4053 2050 4107 Hic
2081 4054 2198 4123 ipse
2221 4055 2408 4124 igitur,
2436 4053 2529 4123 qui
2563 4053 2741 4108 illuxit
2770 4053 2929 4109 nobis
2955 4052 3098 4110 Deus
3125 4054 3390 4115 Dominus
3428 4059 3524 4114 be-

1947 4145 2218 4210 nedictus,
2248 4145 2341 4215 qui
2381 4146 2530 4200 venit
2578 4146 2633 4199 in
2674 4146 2893 4200 nomine
2939 4144 3194 4212 Domini,
3248 4149 3387 4219 lapis
3429 4151 3522 4206 ille

1947 4235 2072 4303 fuit,
2098 4251 2258 4306 quem
2288 4237 2736 4307 reprobaverunt,
2759 4237 2848 4306 qui
2873 4237 3144 4306 quondam
3169 4245 3330 4294 antea
3353 4255 3522 4310 popu—

1947 4329 2059 4384 lum
2093 4329 2515 4384 circumcisione
2541 4328 2847 4398 signatum,
2895 4327 3061 4401 560
3093 4344 3188 4399 per
3225 4329 3520 4387 Mosaicam

1947 4421 2250 4477 doctrinam
2276 4420 2619 4476 aediﬁcabant
2651 4441 2664 4476 :
2693 4421 2786 4492 qui
2810 4422 2935 4476 item
2971 4423 3040 4476 ab
3063 4421 3173 4478 illis
3195 4425 3520 4494 reprobatus

266 4517 624 4588 προερητικοῖς
681 4514 1011 4584 ὀφθαλμοῖς,
1060 4513 1376 4584 θαυμαστὴν
1418 4511 1558 4568 εἶναί
1608 4533 1770 4587 φησιν
1815 4518 1844 4570 6

1948 4512 2003 4566 in
2033 4511 2209 4581 capite
2239 4511 2465 4567 alterius
2495 4512 2704 4582 anguli,
2735 4512 2977 4567 collecta:
3015 4513 3203 4584 utique
3245 4515 3312 4570 de
3339 4517 3518 4585 genti-

264 4605 423 4675 λόγος
449 4606 672 4676 φάσκων
699 4621 714 4635 ο
769 4625 786 4655 ι
819 4605 929 4658 Καὶ
967 4605 1079 4658 ἔστι
1126 4605 1412 4676 θαυμαστὴ
1454 4607 1511 4660 ἐν
1544 4607 1839 4678 ὀφθαλμοῖς

264 4699 444 4772 ἡμῶν.
492 4719 510 4750 ›
544 4697 652 4770 Τὴν
676 4697 733 4751 δὲ
771 4697 1090 4765 ἐπιφάνειαν
1115 4699 1275 4751 αὐτοῦ
1310 4699 1469 4753 πάλιν
1493 4699 1704 4771 ἡμέραν
1725 4699 1842 4752 ὀνο-

272 4791 453 4864 μάζει,
486 4793 551 4860 ἦν
577 4791 829 4862 ἐποίησεν
859 4792 887 4842 ό
913 4789 1134 4861 Κύριος,
1163 4790 1286 4842 ἐπεὶ
1319 4791 1412 4843 καὶ
1443 4790 1556 4860 φῶς
1582 4787 1650 4862 ἦν
1682 4791 1840 4855 αὐτὸς

269 4883 329 4938 τὸ
356 4881 626 4953 ἀληθινὸν,
667 4881 762 4934 καὶ
806 4880 954 4951 ἥλιος
997 4880 1338 4951 δικαιοσύνης
1363 4921 1378 4945 ,
1419 4880 1510 4934 καὶ
1533 4881 1717 4953 ἡμέρα
1747 4878 1839 4933 τοῦ

269 4976 403 5029 Θεοῦ
425 5016 440 5037 ,
468 4977 525 5028 ἐν
611 4975 818 5043 γένοιτο
847 4973 943 5026 καὶ⁹
967 4974 1114 5044 ἡμᾶς
1143 4974 1315 5026 είπεῖν
1346 4990 1359 5003 ·
1397 4991 1414 5024 ι
1431 4972 1578 5044 Αὐτη
1603 4973 1840 5044 ήήμὲρα

269 5069 335 5140 ἣν
362 5069 612 5138 ἐποίησεν
646 5069 674 5119 6
711 5065 912 5137 Κύριος
933 5105 946 5128 ,
984 5063 1437 5134 ἀγαλλιασώμεθα
1478 5065 1572 5118 καὶ
1605 5065 1839 5135 εὐφραν-

271 5161 454 5231 θῶμεν
471 5162 527 5212 ἐν
544 5161 702 5229 αὐτῇ.
717 5177 734 5209 ι
759 5158 868 5211 Καὶ
885 5156 1088 5211 τούτων
1105 5157 1162 5210 δέ
1183 5156 1370 5210 τοῦτον
1391 5173 1657 5227 συντετμη
1666 5157 1839 5227 μένων

269 5251 361 5306 τὸν
401 5249 862 5323 τρόπον,·καιρὺς
909 5249 1004 5303 καὶ
1053 5250 1145 5302 ἐπὶ
1184 5248 1281 5314 τὰς
1320 5251 1448 5322 περὶ
1491 5249 1584 5303 τοῦ
1634 5249 1840 5313 πάθους

270 5343 434 5400 αὐτοῦ
468 5341 766 5416 μεταϐῆναι
793 5342 1144 5413 προφητείας.

1945 4605 2050 4661 bus
2074 4604 2349 4671 Ecclesiae,
2375 4613 2458 4661 est
2480 4606 2834 4672 constitutus,
2857 4622 3020 4676 quam
3040 4623 3172 4662 sane
3183 4607 3511 4676 Ecclesiam,

1946 4709 2056 4750 non
2090 4702 2146 4750 ut
2167 4711 2284 4750 eam
2313 4712 2433 4766 qua:
2459 4697 2528 4751 ab
2556 4697 2811 4750 omnibus
2834 4736 2848 4760 ,
2901 4698 2995 4753 sed
3025 4706 3085 4752 ut
3137 4715 3256 4754 eam
3287 4716 3407 4770 quae
3449 4701 3520 4758 ab

1947 4789 2073 4843 unis
2111 4789 2442 4858 propheticis
2463 4791 2639 4846 oculis
2661 4799 2938 4855 cernatur,
2963 4790 3335 4846 admirabilem
3371 4809 3517 4857 esse.

1947 4880 2023 4935 ait
2055 4881 2465 4944 oraculum,ubi
2493 4883 2572 4936 sic.
2597 4882 2671 4934 ait
2701 4899 2715 4935 :
2757 4900 2775 4931 ‹
2804 4881 2868 4935 Et
2888 4891 2971 4936 est
2993 4883 3306 4938 mirabilein
3344 4885 3520 4940 oculis

1945 4973 2170 5029 nostris.
2195 4992 2214 5024 ι
2250 4973 2552 5029 Adventum
2583 4989 2713 5028 vero
2741 4974 2860 5043 ejus
2882 5013 2896 5036 ,
2927 4989 3121 5030 rursus
3165 4974 3308 5030 diem
3342 4977 3519 5030 nomi-

1944 5073 2081 5131 nat,
2145 5080 2306 5136 quam
2361 5065 2488 5120 fecit
2547 5065 2849 5132 Dominus,
2909 5065 3347 5137 quandoquidem
3401 5068 3518 5138 ipse

1946 5158 2107 5213 etiam
2137 5158 2229 5211 lux
2257 5156 2358 5211 l'uit
2389 5172 2535 5225 vera,
2567 5166 2622 5212 et
2649 5158 2730 5213 sol
2770 5158 3021 5227 iustitiae,
3065 5168 3120 5212 et
3145 5159 3262 5214 dies
3296 5158 3430 5224 Dei,
3462 5161 3516 5214 in

1945 5267 2052 5321 qua
2081 5251 2288 5305 utinam
2319 5251 2473 5306 nobis
2495 5265 2712 5320 quoque
2735 5249 2919 5304 dicere
2951 5250 3112 5305 liceat
3137 5270 3151 5306 :
3191 5269 3210 5301 ι
3245 5249 3370 5305 Haec
3399 5249 3517 5305 dies

1945 5357 2109 5412 quam
2165 5341 2292 5397 fecit
2340 5341 2603 5397 Dominus
2640 5381 2657 5408 ,
2703 5342 3040 5398 exsultemus
3086 5350 3140 5398 ct
3182 5343 3428 5398 laetemur
3458 5343 3516 5399 in

271 5459 354 5500 ea.
393 5463 412 5495 ι
446 5442 710 5498 Caeterum
759 5455 882 5495 cum
927 5439 1043 5495 haec
1080 5457 1110 5494 a
1139 5441 1298 5497 nobis
1334 5442 1388 5497 in
1422 5441 1570 5497 hunc
1615 5441 1838 5496 modum
1875 5439 2112 5495 breviter
2139 5440 2536 5512 comprehensa
2597 5439 2728 5506 sint,
2774 5446 2993 5511 tempus
3037 5439 3151 5511 jam
3196 5439 3359 5498 fuerit
3383 5479 3403 5509 ,
3445 5436 3516 5496 ad

273 5548 507 5606 easqua:
537 5535 604 5589 dc
645 5532 899 5602 passione
934 5531 1080 5588 illius
1138 5534 1454 5605 loquuntur,
1486 5534 1828 5606 prophetias,
1869 5533 2124 5590 transire.

346 5718 390 5750 "
430 5715 574 5770 Psal.
611 5731 754 5772 cxvtt
779 5760 795 5782 ,
827 5716 1022 5770 Ξὶ-Ξϐ.
1102 5715 1141 5745 ¹¹
1181 5713 1373 5769 Matth.
1408 5727 1528 5776 XXI,
1559 5711 1714 5768 9-H.
1794 5711 1836 5744 ¹²

1948 5711 2081 5768 ibac.
2123 5729 2191 5777 ιι,
2228 5713 2262 5768 '5
2360 5712 2404 5744 ¹³
2441 5709 2602 5768 Joan.
2633 5728 2701 5778 v,
2735 5709 2825 5766 43.

546 5923 814 5983 Ρηιιοι.
850 5919 965 5986 Gn.
1017 5916 1219 5981 XXI].
