4110 6410
583 352 702 408 ιττε

1219 345 2030 403 ἘΠΞΕΒΙΙὌΛΕΞᾹΒΙΕΝΒΙΞ
2064 347 2175 403 0P!

2278 346 2440 401 ἈΚΒ
2473 346 2538 402 ll.
2580 375 2638 388 -
2687 343 3186 402 APOLOGETICA.

3736 349 3833 404 716

1658 534 2760 894 iam

1766 957 1993 1044 ΤΟΥ
2078 952 2677 1044 ΠΑΜΦΙΛΟΥ
2845 1092 2848 1094 γ

1045 1150 2227 1286 ΕΥΑΓΓΕΛΙΚΗΣ
2308 1145 3404 1286 ΑΠΟΔΕΙΞΕΩΣ

1688 1392 2128 1477 ΒΙΒΛΙΟΝ
2200 1386 2754 1478 ΔΕΚΑΤΟΝ.

1336 1751 2098 1910 EUSEBII
2189 1749 3109 1909 PAMPHILI

891 2044 2391 2178 DEMONSTRATIONIS
2490 2039 3539 2175 EVANGELICZE

1729 2323 2087 2410 LIBER
2161 2318 2721 2410 DECIMUS.

719 2673 763 2740 l
825 2668 1017 2740 11439
1043 2665 1353 2740 -1,N_SU_1"_T
1406 2666 1520 2740 ,“Y
1545 2665 2168 2740 --υξῖσὲΜοηζιέιὶζῖρ

2278 2669 2457 2722 ΤΑΔΕ
2503 2669 2828 2722 ΕΝΕΣΤΙΝ

602 2673 763 2797 ﬁ],
825 2673 996 2726 HAEC
1060 2673 1353 2722 INSUNT
1431 2673 1519 2722 IN
1589 2673 1876 2754 DECIM‘O
1949 2673 2168 2722 ιιιιίΗο

741 2735 1182 2794 νΑΝθΕιιοΑΞ
1235 2736 1334 2790 DE
1392 2737 1824 2794 SALVATORE.
1881 2737 2170 2794 NOSTRO

681 2806 1427 2866 DEMONSTRATIONIS.

606 2921 683 2975 De
709 2920 744 2974 J
750 2920 855 2974 uda
889 2921 1176 2990 proditore,
1205 2931 1254 2974 et
1277 2906 1618 2988 {uturalcum
1646 2936 1704 2974 eo
1739 2919 1987 2990 adversus
2017 2917 2174 2973 Chri-

678 3003 818 3115 stum
849 2993 1264 3072 conspiratione,
1294 3006 1357 3044 ea:
1387 2993 1679 3046 subnotatis
1707 2991 1898 3043 divina:
1936 2989 2175 3058 Scriptu-

678 3079 752 3115 ra:
803 3077 928 3115 occs.

678 3079 752 3116 ΠΒ
780 3077 928 3115 ιοειε.

679 3177 730 3231 Ι.
771 3177 813 3231 Α
845 3175 1049 3246 psalmo
1079 3191 1168 3228 ιι..

659 3247 730 3302 ’2.
767 3246 811 3300 Α
851 3247 1054 3314 psalmo
1079 3261 1192 3300 Liv.

768 3318 809 3371 A
851 3316 1235 3383 psalmo-cvm.

773 3388 815 3440 Α
852 3385 1136 3440 Zacharia.

764 3457 810 3510 A
847 3455 1098 3510 Jeremia.

803 3550 847 3603 is
895 3564 1011 3618 qua:
1039 3548 1134 3602 sub
1170 3547 1314 3602 illius
1343 3545 1606 3616 passionis
1638 3555 1837 3615 tempus
1877 3561 2100 3600 evenere.

767 3703 844 3756 Ab
877 3702 1060 3756 Amos.

773 3775 816 3826 Α
849 3771 892 3824 Ζ
897 3771 1135 3825 acharia.

677 3844 729 3898 8.
770 3843 815 3896 Α
847 3842 1051 3910 psalmo
1086 3857 1198 3896 xxx.

1185 3953 1604 4011 PROOEMIUM.

679 4049 805 4117 Post
836 4050 1082 4120 exposita
1113 4050 1332 4106 oracula
1361 4051 1429 4108 de
1481 4051 1628 4105 illius
1687 4048 1778 4104 Dei
1828 4049 1896 4103 ad
1928 4048 2172 4105 homines

607 4155 856 4205 accessu,
916 4139 1008 4209 qui
1056 4147 1215 4195 antea
1254 4141 1611 4195 nuntiabatur
1661 4148 1947 4202 venturus,
1981 4139 2174 4194 invitat

603 4236 714 4304 jam
751 4248 897 4288 nunc
931 4244 1144 4304 tempus
1175 4249 1296 4298 nos,
1352 4241 1411 4288 ut
1450 4233 1518 4288 de
1563 4233 1632 4288 iis
1665 4232 2022 4296 disseramus,
2055 4246 2176 4302 quae

608 4325 1002 4383 consideranda
1063 4332 1191 4380 sunt
1242 4324 1297 4378 in
1343 4323 1591 4393 ejusdem
1653 4321 1719 4377 de
1777 4322 1884 4376 vita
1939 4321 2175 4375 humana

607 4417 875 4482 discessu,
909 4415 1300 4484 videamusque
1355 4415 1662 4486 diligenter,
1718 4428 1837 4483 qua:
1891 4428 2084 4469 rursus
2112 4427 2176 4468 ea

609 4506 808 4571 forent,
861 4522 979 4577 qua:
1011 4506 1089 4560 illi
1133 4506 1202 4560 ab
1256 4505 1411 4559 initio
1467 4517 1520 4559 et
1552 4519 1582 4557 a
1615 4503 1947 4574 propheticis
2003 4518 2177 4574 usque

607 4599 942 4670 temporibus
978 4605 1237 4653 eventura
1265 4596 1426 4668 462
1460 4606 1803 4660 canerentur,
1843 4611 1906 4650 ac
1942 4597 2175 4667 primum

605 4704 671 4746 ea
701 4697 956 4760 putamus
998 4704 1121 4744 esse
1147 4689 1450 4750 tractanda,
1487 4702 1606 4757 quae
1636 4685 1702 4739 ad
1727 4687 1848 4740 illos
1882 4686 2173 4756 pertinent,

608 4781 702 4852 qui
726 4781 802 4835 illi
836 4789 1064 4836 mortem
1090 4793 1154 4834 ac
1181 4778 1383 4832 caedem
1409 4777 1700 4833 machinati
1721 4786 1868 4842 sunt,
1900 4792 2020 4848 quae
2046 4791 2178 4831 sane

610 4892 719 4932 non
759 4888 973 4944 parvam
999 4888 1182 4927 rerum
1214 4873 1316 4928 hoc
1345 4872 1467 4926 loco
1490 4871 1893 4942 propositarum
1932 4870 2034 4925 sibi
2061 4870 2178 4925 vin-

605 4968 792 5026 dicant
823 4973 1026 5036 partem
1063 4985 1076 5020 :
1110 4964 1204 5020 sed
1234 4971 1521 5034 antequam
1553 4964 1620 5018 ad
1654 4963 1708 5018 id
1743 4964 2056 5030 veniamus,
2112 4978 2176 5019 ea

609 5060 767 5116 nobis
802 5059 1030 5114 ﬁrmiter
1047 5057 1287 5112 tenenda
1315 5064 1480 5124 sunt,
1519 5072 1638 5126 quae
1684 5056 2002 5126 plerumque
2039 5055 2178 5109 dixi—

607 5165 730 5204 mus
777 5149 844 5203 de
872 5147 1298 5217 diSpcnsatione,
1345 5161 1466 5216 qua:
1520 5161 1712 5200 omnes
1746 5145 1892 5200 illius
1937 5145 2178 5200 rationes

609 5240 891 5308 complexa
922 5250 1028 5302 est,
1061 5239 1115 5293 in
1141 5254 1248 5309 qua
1279 5237 1412 5293 illud
1444 5237 1782 5294 considerari
1832 5237 1990 5303 solet,
2032 5236 2178 5308 quod

663 3319 728 3372 .3.

674 3391 734 3442 ι.

675 3459 728 3513 5.

678 3550 752 3603 De

675 3703 730 3756 6.

675 3775 730 3828 7.

3140 2664 3327 2718 ΔΕΚΑ
3338 2666 3421 2736 rp
3460 2667 3764 2724 zrrrm
3772 2673 3851 2724 M-

2343 2740 2526 2792 ΜΑΤΙ
2576 2741 2714 2793 ΤΗΣ
2783 2733 2967 2792 ΠΕΡΙ
3025 2733 3173 2791 ΤΟΥ
3233 2733 3570 2790 ΣΩΤΗΡΟΣ
3641 2742 3854 2795 ΗΜΩΝ

2347 2811 2393 2862 Ε
2407 2809 2878 2862 ΥΑΓΓΕΛΙΚΗΣ
2915 2805 3396 2863 ΑΠΟΔΕΙΞΕΩΣ.

2273 2921 2414 2989 Περὶ
2450 2920 2554 2975 τοῦ
2600 2919 2785 2974 Ἰούδα
2808 2919 2916 2974 τοῦ
2950 2917 3244 2988 προδότου
3263 2960 3278 2983 ,
3313 2920 3409 2973 καὶ
3449 2920 3560 2988 τῆς
3592 2922 3717 2976 σὺν
3745 2924 3854 2977 ai)-

2342 2991 2424 3070 τῷ
2452 2991 2734 3070 κατὰ-τοῦ
2774 2991 3030 3060 Χριστοῦ
3067 2989 3479 3070 γενησομένης
3506 2991 3852 3060 συσκευῆς,

2343 3061 2410 3114 ἐκ
2439 3061 2559 3114 τῶν
2589 3059 3205 3130 ὐποσεσημειωμένων
3241 3059 3516 3129 Γραφῶν.

2275 3181 2342 3226 α’.
2396 3173 2529 3228 Ἀπὸ
2569 3174 2674 3228 τοῦ
2702 3173 2949 3243 ψαλμοῦ
2977 3181 3058 3243 μ’.

2279 3245 2341 3314 β’.
2395 3244 2529 3314 Ἀπὸ
2563 3244 2669 3298 τοῦ
2701 3244 2943 3312 ψαλμοῦ
2977 3243 3084 3296 νδν.

2275 3312 2344 3381 γ’.
2392 3312 2534 3367 Ἀπὸ
2563 3314 2668 3367 τοῦ
2701 3314 2946 3382 ψαλμοῦ
2965 3319 3080 3381 ρη’.

2275 3383 2335 3436 δ’.
2389 3383 2531 3437 Ἀπὸ
2563 3383 2670 3438 τοῦ
2698 3386 3014 3453 Ζαχαρίου.

2275 3460 2335 3504 ε’.
2390 3453 2532 3506 Ἀπὸ
2562 3453 2669 3506 τοῦ
2710 3454 2998 3522 Ἱερεμίου.

2276 3544 2412 3612 Περὶ
2457 3543 2578 3597 τῶν
2619 3545 2766 3614 ἀμφὶ
2813 3543 2920 3598 τὸν
2979 3548 3186 3614 καιρὸν
3227 3545 3330 3600 τοῦ
3384 3547 3619 3615 πάθους
3667 3549 3858 3604 αὐτοῦ

2344 3615 2818 3683 συμϐεϐηκότων.

2277 3703 2350 3770 ς’.
2383 3705 2524 3759 Ἀπὸ
2554 3706 2659 3759 τοῦ
2693 3707 2897 3775 Ἀμώς.

2277 3776 2340 3840 ζ’.
2387 3775 2528 3828 Ἀπὸ
2554 3777 2658 3830 τοῦ
2683 3779 3000 3845 Ζαχαρίου.

2272 3851 2343 3915 η’.
2381 3846 2523 3899 Ἀπὸ
2552 3845 2656 3899 τοῦ
2682 3846 2925 3916 ψαλμοῦ
2958 3846 3068 3900 κα’.

2853 3960 3253 4015 ΠΡΟΟΙΜΙΟΝ.

2345 4051 2500 4106 Μετὰ
2531 4050 2630 4115 τὰς
2660 4052 3054 4125 ἀποδεδομένας
3099 4057 3429 4127 προρρήσεις
3471 4058 3600 4130 περὶ
3632 4057 3737 4129 τῆς
3776 4059 3856 4122 είς

2275 4139 2595 4212 ἀνθρώπους
2622 4141 2858 4212 ἀφίξεως
2882 4143 2976 4196 τοῦ
3003 4145 3511 4216 προκηρυττομένου
3535 4147 3673 4200 Θεοῦ
3702 4147 3859 4201 καλεῖ

2274 4232 2338 4304 δὴ
2373 4232 2562 4303 καιρὸς
2592 4234 2685 4286 καὶ
2710 4233 2780 4287 τὰ
2812 4236 2940 4306 περὶ
2961 4235 3057 4305 τὴν
3085 4235 3401 4308 ἀπαλλαγὴν
3431 4235 3525 4289 τοῦ
3555 4236 3614 4302 ἐξ
3639 4237 3856 4310 ἀνθρώ-

2277 4339 2393 4376 πων
2417 4321 2580 4376 αὐτοῦ
2612 4323 2726 4392 βίου
2751 4323 3054 4390 διεξελθεῖν,
3080 4326 3307 4379 συνιδεῖν
3334 4343 3390 4380 τε
3417 4323 3574 4391 αὖθις
3597 4323 3685 4382 οἷα
3711 4347 3856 4402 συμ-

2278 4412 2537 4484 ϐήσεσθαι
2592 4414 2720 4483 περὶ
2765 4413 2944 4466 αὐτῶν
2988 4412 3192 4468 ἄνωθεν
3236 4415 3300 4468 ἐκ
3352 4414 3462 4467 τῶν
3496 4417 3857 4486 προφητικῶν

2277 4505 2588 4570 ἐθεσπίςετο
2619 4505 2845 4575 χρόνων.
2893 4505 3091 4576 Πρῶτοι
3129 4506 3184 4558 δὲ
3212 4506 3552 4580 διελεύσομαι
3595 4507 3666 4562 τὰ
3723 4504 3859 4577 περὶ

2277 4598 2384 4649 τῶν
2407 4598 2498 4648 τὸν
2525 4595 2752 4649 θάνατον
2781 4597 2930 4667 αὐτῷ
2955 4598 3548 4669 συσκευωρησαμένων,
3587 4599 3759 4671 μέρος
3796 4601 3856 4654 οὐ

2281 4688 2474 4760 μικρὸν
2502 4687 2834 4758 τυγχάνοντα
2856 4691 2955 4758 τῆς
2987 4689 3350 4761 προκειμένης
3375 4692 3708 4762 προτάσεως.
3744 4690 3863 4761 Πρὸ

2275 4779 2331 4833 δέ
2353 4797 2415 4848 γε
2440 4778 2532 4831 τοῦ
2559 4779 2716 4848 λόγον
2739 4779 2807 4832 τὰ
2839 4779 3094 4844 πολλάκις
3127 4782 3256 4851 ἡμῖν
3299 4781 3564 4852 εἰρημένα
3592 4783 3719 4853 περὶ
3757 4782 3862 4852 τῆς

2279 4873 2397 4926 κατ’
2424 4872 2586 4926 αὐτὸν
2612 4873 2924 4944 οἰκονομίας
2952 4874 3236 4945 τηρητέον,
3266 4875 3347 4926 ὅτι
3375 4873 3440 4946 δὴ
3480 4873 3550 4927 τὰ
3581 4875 3677 4945 μὲν
3710 4874 3862 4929 κατὰ

2277 4964 2376 5035 τὴν
2423 4963 2648 5034 θεότητα
2693 4963 2891 5028 αὑτοῦ,
2926 4963 2993 5018 τὰ
3022 4965 3074 5017 δὲ
3111 4965 3251 5019 κατὰ
3295 4964 3393 5036 τὴν
3439 4966 3858 5039 ὲνανθρὼπησιν

2279 5057 2588 5108 ἐπινοεῖται.
2611 5055 2693 5126 Ili}
2717 5057 2814 5126 μὲν
2845 5055 2954 5127 γὰρ
2979 5055 3253 5124 εἰσάγεται
3279 5055 3449 5124 Λόγος
3477 5056 3552 5109 ὢν
3579 5055 3738 5120 Θεοῦ,
3762 5057 3862 5111 καὶ

2279 5147 2414 5200 Θεοῦ
2431 5146 2679 5217 δύναμις,
2695 5148 2789 5200 καὶ
2804 5148 2937 5201 Θεοῦ
2963 5147 3152 5216 σοφίαο
3187 5147 3428 5219 μεγάλης
3454 5165 3512 5200 τε
3536 5147 3734 5220 βουλῆς
3758 5149 3861 5218 ἄγ-

2281 5237 2452 5306 γελος,
2479 5236 2651 5307 μέγας
2684 5254 2743 5290 τε
2769 5239 2861 5291 καὶ⁹
2880 5237 3097 5301 αἰώνιος
3129 5239 3438 5310 ἀρχιερεὺς,
3455 5228 3596 5310 ὑπὲρ
3617 5239 3722 5308 τῆς
3745 5240 3862 5293 τῶν

610 5330 716 5382 alia
745 5339 873 5384 sunt
906 5347 1026 5398 qua:
1049 5331 1117 5385 ad
1146 5331 1388 5400 ejusdem
1418 5330 1780 5393 divinitatem,
1818 5329 1923 5383 alia
1957 5345 2077 5400 qua:
2109 5330 2175 5384 ad

2282 5328 2552 5399 γεννητῶν
2585 5329 2837 5382 ἁπάντων
2857 5328 3162 5392 οῦσιὼσεὼς
3182 5347 3243 5382 τε
3271 5330 3364 5383 καὶ
3394 5331 3670 5401 σωτηρίας
3696 5331 3860 5402 [spcu—

610 5427 944 5489 assumptam
985 5421 1374 5478 humanitatem
1406 5422 1698 5492 pertinent.
1730 5422 1881 5476 Alias
1911 5422 2057 5476 enim
2092 5421 2178 5474 in-

608 5509 733 5564 duci
765 5511 901 5565 solet
926 5519 1183 5580 tanquam
1213 5520 1266 5567 et
1303 5512 1399 5568 Dei
1423 5511 1684 5578 Verbum,
1719 5521 1773 5568 et
1796 5512 1888 5567 Dei
1915 5513 2178 5579 virtus,et

611 5603 706 5657 Dei
757 5604 1215 5672 sapientiazitem
1269 5606 1449 5675 magni
1496 5605 1712 5660 consilii
1762 5604 2021 5674 Angelus,
2063 5620 2179 5658 ma-

609 5707 856 5762 gnusque
883 5701 937 5748 et
959 5705 1194 5748 aeternus
1220 5692 1492 5756 Pontifex,
1522 5696 1614 5764 qui
1641 5705 1697 5748 ut
1716 5696 1896 5749 omnia
1920 5709 2175 5764 quaecun-

596 5800 714 5868 _que
737 5785 912 5856 genita
953 5793 1076 5841 sunt
1105 5793 1158 5841 et
1210 5786 1318 5841 sint
1346 5785 1395 5840 id
1429 5787 1574 5856 quod
1606 5793 1753 5851 sunt,
1783 5795 1837 5842 et
1866 5786 1918 5840 in
1949 5802 2012 5841 eo
2041 5803 2172 5841 con-

2286 5418 2464 5488 μένος,
2491 5419 2583 5471 καὶ
2628 5418 2930 5490 ίλεούμενος
2967 5421 3058 5472 τὸν
3091 5421 3338 5491 Πατέρα·
3375 5421 3449 5490 πὴ
3502 5419 3558 5472 δὲ
3585 5422 3612 5472 ὁ
3659 5420 3864 5489 Ἀμνὺς

2281 5511 2375 5566 τοῦ
2405 5511 2562 5577 Θεοῦ,
2604 5514 2633 5565 ό
2665 5511 2833 5582 αἴρων
2877 5512 2978 5582 τὴν
3030 5513 3298 5583 ἁμαρτίαν
3346 5510 3441 5563 τοῦ
3468 5511 3704 5582 κόσμου,
3764 5512 3863 5565 καὶ

2284 5605 2549 5676 πρόϐατον
2583 5605 2675 5656 ἐπὶ
2705 5604 2918 5674 σφαγὴν
2946 5603 3226 5674 ἀγόμενον.
3273 5603 3441 5655 Τοῦτο
3475 5602 3531 5655 δὲ
3556 5598 3623 5673 ἦν
3660 5602 3721 5654 τὸ
3758 5605 3866 5657 ἀνι

2285 5695 2547 5767 Ορώπειον
2583 5699 2811 5766 σκῆνος,
2862 5695 2889 5748 ὂ
2929 5694 3085 5766 δίκην
3132 5695 3301 5766 ἀμνοῦ
3346 5696 3439 5748 καὶ
3481 5692 3760 5767 προϐάτου
3795 5696 3866 5749 ἐκ

2279 5791 2374 5858 τῆς
2407 5788 2681 5859 ἡμετέρας
2713 5787 2931 5860 ἀγέλης,
2965 5784 3052 5843 οἷά
3079 5804 3162 5852 τις
3198 5787 3508 5860 ἀρχιερεὺς,
3543 5786 3866 5852 ἀναλαϐὼν,
