4106 6420
254 344 363 401 711

1166 342 1820 402 DESIONSTRATIOMS
1860 344 2314 404 EVANGELICE
2351 350 2482 409 ΠΒ.
2519 350 2588 407 Χ.

3416 359 3523 416 718

252 458 357 515 καὶ
383 458 488 531 τὴν
524 458 782 532 ἀπαρχὴν
816 456 910 512 τοῦ
943 458 1052 513 τῶν
1097 458 1401 532 ἀνθρώπων
1424 462 1615 531 γένους
1660 463 1841 516 καλλι-

1945 473 2251 531 serventur,
2308 465 2437 520 dum
2494 482 2650 523 sacro
2713 484 2939 526 munere
2997 469 3260 542 fungitur,
3308 483 3518 543 patrem

255 553 634 625 ερησάμενος,
670 553 1049 625 προσηγάγετο
1089 552 1170 625 τῷ
1197 554 1394 627 Πατρὶ,
1436 554 1506 608 δι’
1539 548 1600 608 οὗ
1644 555 1738 609 καὶ
1776 559 1842 628 τῇ

251 643 371 698 τῶν
386 642 700 716 ’ἀνθρώπων
740 643 985 717 ὡμίλησε
1018 644 1199 715 φύσει,
1231 646 1332 700 οὐκ
1366 646 1541 711 ἄλλως
1568 646 1844 722 δυναμένῃ

252 736 436 805 Λόγου
462 735 602 790 Θεοῦ
628 736 1029 808 καὶδυνάμεως
1047 738 1339 810 ἀσωμάτου
1364 740 1459 793 καὶ
1487 741 1681 811 νοερᾶς
1708 740 1845 810 ἐπη-

256 828 374 899 κόῳ
402 828 681 897 γενέσθαι,
714 828 836 882 οὐδέ
865 847 919 884 τι
972 828 1155 902 μεῖζον
1194 831 1413 904 σαρκῶν
1455 834 1550 886 καὶ
1577 832 1844 903 σωμάτων

254 918 326 973 δι’
352 916 651 989 ὀφθαλμῶν
691 919 895 991 σαρκὸς
923 920 1231 991 ἐπινοῆσαι.
1262 922 1403 975 Ὅσα
1444 921 1626 975 τοίνυν
1657 922 1750 974 ἐπὶ
1785 922 1846 976 τὸ

254 1010 643 1081 ταπεινότερον
664 1009 865 1077 δόξειεν
893 1011 951 1066 ἐν
974 1014 1088 1077 τοίς
1114 1014 1496 1085 προκειμένοις
1521 1016 1651 1088 περὶ
1680 1014 1844 1070 αὐτοῦ

255 1100 534 1170 λέγεσθαι,
551 1101 722 1158 ταῦτα
741 1103 832 1158 τὸν
860 1104 1054 1175 ’Ᾱμνὸν
1077 1107 1209 1178 όρᾷν
1233 1105 1328 1159 τοῦ
1343 1106 1607 1172 Θεοῦ,τὸν
1625 1108 1847 1180 αἴροντα

234 1192 355 1274 ,τὴν
385 1196 665 1266 ἁμαρτίαν
687 1195 781 1249 τοῦ
817 1196 1045 1267 κόσμου,
1080 1199 1174 1252 καὶ⁹
1212 1198 1274 1252 τὸ
1310 1201 1508 1270 σκῆνος
1545 1201 1607 1255 τὸ
1635 1202 1847 1273 ἀνθρώ-

250 1301 417 1338 πειον
474 1285 768 1341 ὑποϐάλλει
814 1291 979 1344 νοεῖν.
1040 1291 1236 1361 ’Δμνὸς
1270 1292 1369 1363 μὲν
1398 1292 1509 1366 γάρ
1554 1289 1625 1366 ἧν
1676 1295 1847 1368 αἴρων

252 1374 356 1446 τὴν
379 1377 659 1449 ἁμαρτίαν
682 1379 776 1434 τοῦ
809 1380 1036 1452 κόσμου,
1054 1382 1196 1437 κατὰ
1215 1383 1307 1437 τὸν
1334 1384 1642 1459 Βαπτιστὴν
1670 1388 1850 1442 Ἰωάν-

253 1484 357 1539 νην
394 1468 483 1522 τὸν
530 1469 787 1540 λέγοντα·
834 1492 855 1524 ι
891 1474 987 1527 uae
1013 1476 1043 1528 6
1081 1475 1276 1546 Ἀμνὸς
1309 1476 1403 1530 τοῦ
1433 1477 1590 1543 Θεοῦ,
1624 1481 1652 1533 6
1679 1479 1848 1553 αἴρων

254 1559 357 1632 τὴν
391 1562 666 1634 ἁμαρτίαν
718 1563 813 1618 τοῦ
845 1565 1049 1638 κόσμου
1070 1584 1084 1598 ·
1119 1586 1138 1619 3
1175 1569 1347 1639 ἀμνὸς
1374 1569 1431 1623 δὲ
1463 1566 1532 1642 ἦν
1556 1572 1651 1625 καὶ
1693 1575 1722 1626 ό
1758 1574 1851 1627 ἐπὶ

257 1654 478 1725 σφαγὴν
505 1655 788 1726 ἀγόμενος,
822 1658 962 1711 κατά
992 1658 1057 1712 τὸ
1100 1660 1250 1731 παρὰ
1290 1661 1369 1734 τῷ
1426 1662 1623 1735 Ἡσαΐᾳ
1670 1664 1849 1733 λόγιον

1945 568 2107 609 suum
2135 564 2345 611 exorat.
2384 557 2537 614 Alias
2570 566 2750 614 autem
2779 567 3037 632 tanquam
3081 571 3136 618 et
3178 564 3368 635 Agnus
3400 566 3520 632 Dei.

1944 645 2040 716 qui
2094 648 2245 701 tollat
2273 657 2494 718 peccata
2549 653 2760 715 mundi,
2792 662 2846 707 et
2876 656 2991 710 ovis
3025 671 3146 726 quae
3194 659 3261 712 ad
3318 661 3520 717 caedem

1944 736 2198 795 ducatur.
2243 738 2358 796 [loc
2388 750 2568 797 autem
2604 741 2707 797 fuit
2740 743 2919 814 ipsum
2960 746 3258 803 humanum
3293 767 3518 823 corpus.

1946 830 2093 900 quod
2142 832 2233 888 ille
2267 833 2442 888 instar
2493 834 2618 903 agni
2665 843 2828 905 atque
2857 837 2996 902 ovis,
3034 854 3157 893 cum
3207 841 3275 896 de
3330 853 3520 899 nostro

1946 938 2108 994 grege
2143 925 2310 979 veluti
2339 923 2590 982 Pontifex
2643 927 3067 999 assumpsisset,
3124 933 3380 1001 primitiis
3414 937 3519 990 hu-

1947 1016 2095 1070 mani
2146 1018 2364 1087 generis
2412 1016 2591 1074 fauste
2637 1019 2980 1092 feliciterque
3033 1027 3312 1094 operatus,
3370 1026 3521 1086 Patri

1948 1121 2148 1163 munus
2183 1110 2386 1175 attulit,
2418 1126 2517 1180 per
2547 1110 2691 1181 quod
2720 1112 2883 1167 etiam
2907 1127 3030 1167 cum
3059 1113 3296 1171 humana
3323 1128 3521 1175 natura

1946 1200 2333 1255 commercium
2384 1201 2590 1269 habuit,
2625 1218 2747 1274 quae
2778 1204 2981 1274 alioqui
3017 1221 3194 1275 neque
3249 1207 3343 1263 Dei
3384 1209 3522 1266 Ver-

1947 1291 2099 1356 bum,
2130 1309 2307 1363 neque
2355 1295 2464 1349 vim
2502 1296 2877 1366 incorpoream
2938 1305 3100 1369 aique
3133 1301 3518 1372 intelligentem

1946 1386 2207 1441 exaudire
2234 1394 2327 1441 aut
2368 1388 2645 1457 percipere
2678 1389 2964 1458 potuisset,
3018 1406 3195 1460 neque
3222 1393 3520 1464 quidquam

1948 1494 2112 1549 supra
2139 1494 2359 1535 carnem
2412 1487 2507 1534 aut
2536 1495 2736 1550 corpus
2782 1496 2879 1551 per
2910 1484 3100 1539 oculos
3130 1485 3379 1555 corporis
3439 1486 3520 1540 in-

1949 1571 2110 1626 tueri.
2141 1571 2492 1642 Quaecunque
2541 1573 2706 1642 igitur
2756 1573 2824 1629 de
2876 1575 2969 1631 illo
3021 1576 3076 1630 in
3114 1578 3196 1632 his
3225 1594 3346 1648 quae
3374 1594 3519 1633 nunc

1946 1671 2271 1729 tractamus,
2316 1664 2579 1721 humilius
2615 1664 2989 1738 abjectiusque
3026 1668 3135 1722 dici
3168 1669 3517 1735 videbuntur,

256 1745 498 1814 φάσκον·
545 1768 564 1800 ι
606 1750 693 1814 Ὡς
718 1749 989 1822 πρόϐατον
1038 1752 1132 1805 ἐπὶ
1176 1753 1389 1825 σφαγὴν
1417 1754 1557 1826 ἤχθη
1580 1795 1595 1820 ,
1637 1756 1730 1809 καὶ
1771 1755 1841 1820 ὡς

1949 1770 2013 1817 ea
2045 1764 2293 1826 spectare
2312 1756 2520 1826 Agnum
2553 1752 2668 1818 Dei,
2702 1757 2793 1825 qui
2817 1736 2955 1811 tollit
2988 1767 3269 1828 peccatum
3305 1759 3515 1822 mundi.
3592 1736 3605 1761 ⁸

253 1837 431 1909 ἀμνὸς
464 1840 712 1894 ἐναντίον
757 1817 853 1895 τοῦ
902 1843 1182 1915 κείροντος
1509 1817 1706 1918 ι’ΪΙερὶ
1747 1817 1841 1901 τοῦ

1947 1817 2256 1916 corpusque
2309 1817 2439 1898 illud
2492 1817 2813 1911 humanum,
2856 1817 3172 1905 mem-inisse
3223 1817 3516 1919 oportebit.

253 1928 423 1982 αὑτοῦ
450 1928 507 1982 δὲ
536 1929 611 1993 ὡς
646 1931 773 2003 περὶ
813 1931 986 2003 ἀμνοῦ
1020 1932 1238 2004 ἐλέγετο
1276 1935 1370 1988 καὶ
1397 1934 1480 2000 τὸ,
1516 1954 1535 1988 ι
1576 1936 1707 1990 Ἀπὸ
1736 1938 1845 1992 τῶν

252 2019 542 2093 ἁμαρτιῶν
570 2021 662 2075 τοῦ
685 2022 816 2076 λαοῦ
843 2040 945 2094 μου
968 2024 1109 2097 ἢχθη
1133 2028 1215 2090 είς
1246 2026 1474 2083 θάνατον
1494 2044 1507 2057 ·
1544 2047 1565 2080 3
1597 2029 1704 2084 ἔδει
1737 2029 1848 2102 γὰρ

250 2110 349 2165 τὸν
392 2112 591 2183 Ἀμνὸν
617 2114 711 2168 τοῦ
743 2113 880 2169 Θεοῦ
905 2116 998 2170 τὸν
1026 2117 1132 2171 ὑπὸ
1155 2116 1249 2171 τοῦ
1279 2119 1516 2189 μεγάλου
1546 2121 1846 2193 ἀρχιερέως

250 2204 632 2277 ἀναληφθέντα
661 2209 802 2279 ὑπὲρ
822 2209 931 2263 τῶν
969 2209 1171 2265 λοιπῶν
1208 2212 1485 2281 συγγενῶν
1511 2213 1720 2284 ἀμνῶν,
1750 2214 1844 2268 καὶ

253 2298 397 2371 ὑπὲρ
422 2300 604 2371 πάσης
634 2304 735 2373 τῆς
764 2300 1113 2376 ἀνθρωπίνης
1138 2304 1339 2376 ἀγέλης
1381 2304 1569 2360 Θυσίαν
1612 2306 1690 2378 τῷ
1718 2306 1839 2378 Θεῷ

253 2390 653 2462 προσαχθῆναι.
698 2412 718 2444 ι
776 2393 993 2467 Ἐπειδὴ
1049 2394 1161 2465 γάρ
1216 2396 1284 2449 δι’
1344 2396 1634 2470 ἀνθρώπου
1674 2400 1703 2452 6
1745 2399 1843 2453 θά-

252 2499 414 2546 νατος
447 2484 542 2536 καὶ
575 2484 640 2537 δι’
680 2484 965 2558 ἀνθρώπου
994 2490 1027 2559 ἡ
1056 2487 1348 2552 ἀνάστασις
1387 2490 1421 2559 ή
1455 2490 1520 2543 ὲκ
1562 2490 1788 2563 νεκρῶν,
1816 2510 1836 2544 3

255 2575 424 2646 φησιν
449 2576 478 2629 6
522 2574 839 2640 ’Δπόστολος
858 2593 872 2606 ’
910 2578 1003 2631 καὶ
1032 2596 1051 2629 ι
1074 2576 1265 2650 ὥσπερ
1295 2577 1362 2632 δι’
1386 2579 1505 2644 ἑνὸς
1543 2580 1844 2653 παραπτώ-

256 2682 433 2737 ματος
466 2668 547 2731 είς
595 2666 801 2731 πάντας
835 2667 1154 2740 ἀνθρώπους
1198 2671 1277 2732 είς
1307 2659 1657 2743 κατάκριμα,
1702 2671 1844 2726 οὕτω

252 2758 349 2813 καὶ
375 2758 444 2812 δι’
478 2759 598 2823 ἑνὸς
629 2758 996 2831 δικαιώματος
1032 2764 1114 2825 είς
1148 2762 1356 2826 πάντας
1398 2760 1721 2833 ἀνθρώπους
1761 2766 1842 2829 εἰς

252 2850 538 2906 δικαίωσιν
568 2851 743 2924 ζωῆς
782 2872 802 2905 3
839 2852 992 2907 ἔνθεν
1021 2856 1116 2908 καὶ
1148 2855 1313 2918 αὐτὸς
1351 2855 1479 2920 τοὺς
1517 2856 1614 2926 μὲν
1647 2856 1841 2911 ἑαυτοῦ

252 2943 510 3015 μαθητάς
537 2942 680 3015 ζωὴν
717 2945 814 2999 καὶ
841 2946 958 3016 φῶς
999 2948 1093 3001 καὶ
1124 2945 1401 3018 ’ἀλήθειαν
1442 2947 1634 3002 ἑαυτὸν
1677 2943 1838 3012 εἶναι,

250 3038 350 3091 καὶ
380 3037 482 3101 τάς
530 3036 722 3102 λοιπάς
769 3038 1012 3103 ἐπινοίας
1055 3039 1157 3110 τῆς
1206 3040 1328 3095 κατ’
1355 3040 1518 3095 αὐτὸν
1564 3039 1841 3111 θεολογίας

252 3128 530 3196 ἐπαίδευε,
552 3132 664 3194 τοῖς
683 3130 740 3183 δὲ
764 3132 1030 3204 ἀμυήτοις
1054 3131 1164 3185 τῶν
1189 3134 1309 3185 κατ’
1330 3132 1492 3187 αὐτὸν
1515 3135 1838 3205 ἀπορρήτων

248 3219 437 3290 ελεγεο
476 3241 495 3273 ι
516 3223 581 3276 Τί
616 3241 683 3294 με
712 3225 925 3295 ζητεῖτε
956 3226 1277 3279 ἀποκτεῖναι
1308 3225 1615 3298 ἄνθρωπον,
1644 3226 1704 3289 δς
1737 3225 1837 3297 τὴν

250 3313 515 3384 ἀλήθειαν
536 3316 665 3386 ὑμῖν
690 3315 993 3388 λελάληκα;
1014 3336 1033 3368 3
1064 3317 1275 3391 ’Ὠσπερ
1307 3313 1401 3371 οὖν
1433 3316 1503 3371 τὰ
1528 3318 1628 3389 τῆς
1657 3318 1837 3372 θεολο-

251 3407 380 3479 γίας
422 3407 686 3480 ἰδιώματα
728 3412 787 3463 ὲν
833 3414 945 3473 τοῖς
993 3409 1301 3482 ἔμπροσθεν
1342 3409 1697 3475 ἀποδέδοται,
1746 3411 1839 3465 τὸν

252 3499 441 3570 ὅμοιον
481 3500 545 3572 δὴ
587 3500 790 3575 τρόπον
840 3501 1119 3556 κάνταῦθα
1155 3501 1251 3555 τοῦ
1303 3500 1477 3573 ἀμνοῦ
1526 3501 1596 3555 τὰ
1625 3501 1838 3573 ἀνθρω-

255 3592 478 3663 ποπαθῆ
513 3595 961 3666 παραστήσεται,
989 3594 1098 3649 τῶν
1146 3594 1254 3667 πρὸ
1290 3592 1386 3648 τοῦ
1420 3592 1627 3658 πάθους
1667 3593 1834 3648 αὑτοῦ

256 3685 443 3755 μέσων
476 3685 665 3751 ὄντων,
701 3686 837 3758 ὁμοῦ
872 3704 931 3741 τε
966 3686 1155 3759 ἄμφω,
1189 3686 1260 3741 τά
1287 3704 1349 3740 τε
1388 3685 1531 3741 κατά
1578 3684 1673 3739 τὸν
1704 3685 1836 3739 Θεὸν

254 3778 350 3831 καὶ
393 3778 465 3832 τὰ
514 3780 654 3834 κατά
697 3780 790 3834 τὸν
835 3779 1121 3852 ἄνθρωπον
1161 3779 1326 3834 αὐτοῦ
1383 3780 1835 3853 περιειληφότων.

254 3869 475 3925 Τούτων
521 3873 807 3945 χρησίμως
852 3877 983 3945 ἡμῖν
1027 3874 1522 3948 προτετηρημένων
1544 3914 1560 3939 ,
1595 3875 1697 3945 ήδη
1746 3876 1838 3929 καὶ

252 3964 363 4019 τῶν
394 3965 590 4035 λογίων
631 3966 811 4022 αὐτῶν
843 3966 1201 4039 ἐφαψὼμεθα,
1232 3968 1360 4039 περὶ
1389 3968 1490 4039 τῆς
1533 3966 1701 4021 ’ἰούδα
1742 3966 1837 4021 τοῦ

1947 1935 2136 2006 Agnus
2159 1936 2250 1990 ille
2276 1935 2494 2013 quidem
2523 1934 2645 2001 fuit,
2678 1937 2875 1992 tollens
2904 1945 3189 2007 peccatum
3221 1940 3432 2013 mundi,
3458 1945 3521 1995 ut

1944 2025 2186 2097 Baptista
2212 2024 2454 2081 Joannes
2474 2007 2747 2083 odiccbat:
2784 2047 2802 2079 ι
2860 2027 3022 2094 Ecce,
3072 2029 3270 2099 inquit,
3328 2007 3518 2101 Agnus

1945 2118 2064 2185 Dei,
2091 2121 2185 2190 qui
2209 2120 2352 2175 tollit
2382 2127 2668 2189 peccatum
2697 2120 2886 2175 mundi
2920 2122 2984 2189 ¹⁶;
3018 2140 3036 2172 3
3059 2137 3235 2191 agnus
3260 2122 3409 2187 item,
3443 2123 3514 2178 ad

1944 2213 2145 2268 cadem
2197 2212 2416 2277 ductus,
2451 2218 2512 2271 ut
2547 2223 2631 2267 est
2666 2212 2721 2268 in
2765 2213 2917 2269 Isaiae
2957 2215 3233 2284 propheta:
3269 2218 3514 2284 oraculo,

1943 2306 2089 2376 quod
2143 2305 2217 2359 ita
2257 2305 2332 2359 ait
2367 2324 2380 2359 :
2423 2324 2441 2355 ι
2481 2303 2767 2376 Tanquam
2797 2306 2916 2361 ovis
2956 2306 3023 2360 ad
3066 2308 3266 2364 caedem
3317 2309 3516 2365 ductus

1943 2402 2050 2455 est.
2107 2401 2163 2449 et
2211 2402 2470 2465 tanquam
2522 2410 2696 2466 agnus
2754 2410 2937 2451 coram
3008 2396 3268 2453 tondente
3320 2399 3517 2452 obmu-

1943 2488 2050 2541 tuit
2082 2487 2146 2542 ’⁵.
2181 2505 2200 2538 3
2241 2485 2316 2542 De
2342 2485 2532 2541 eodem
2570 2502 2701 2542 vero
2756 2494 3017 2557 tanquam
3065 2488 3134 2544 de
3187 2504 3329 2560 agno
3349 2492 3515 2545 etiam

1916 2574 2074 2632 'illud
2106 2578 2310 2633 dictum
2338 2586 2418 2633 est
2460 2597 2473 2633 :
2512 2596 2531 2630 ι
2567 2576 2644 2632 Ex
2675 2580 2916 2648 peccatis
2963 2579 3150 2649 populi
3184 2582 3287 2635 mei
3313 2581 3515 2636 ductus

1942 2678 2027 2726 est
2054 2670 2122 2725 ad
2151 2678 2380 2725 mortem
2412 2670 2456 2702 ⁸⁸
2492 2687 2506 2723 :
2546 2689 2566 2722 3
2598 2669 2884 2740 Oportebat
2939 2670 3084 2725 enim
3132 2671 3343 2741 Agnum
3394 2671 3511 2732 Dei.

1943 2766 2036 2836 qui
2065 2780 2097 2818 a
2130 2764 2367 2819 maximo
2391 2762 2654 2819 Pentiiice
2688 2770 3004 2832 assumptus
3038 2762 3237 2828 fuerat,
3289 2778 3388 2833 pro
3427 2780 3514 2821 rc-

1943 2859 2106 2928 liquis
2132 2856 2379 2928 cognatis
2408 2858 2586 2928 agnis,
2617 2864 2672 2912 et
2704 2871 2803 2927 pro
2832 2856 2982 2910 omni
3042 2856 3279 2909 humano
3328 2872 3511 2927 grege.

1943 2950 2054 3007 Deo
2081 2951 2359 3006 victimam
2413 2950 2616 3006 aﬂ'erri.
2677 2950 2809 3004 Nam
2849 2969 2866 3001 ι
2908 2951 3165 3020 quoniam
3205 2965 3300 3019 per
3340 2950 3515 3005 homi-

1943 3059 2067 3099 nem
2098 3058 2269 3108 mors,
2320 3058 2417 3114 per
2444 3042 2720 3097 hominem
2751 3042 2914 3096 etiam
2949 3042 3281 3096 resurrectio
3307 3055 3337 3094 a
3367 3058 3514 3098 mor-

1944 3138 2051 3193 tuis
2079 3138 2140 3202 ",
2187 3157 2206 3189 3
2236 3136 2413 3206 inquit
2444 3134 2758 3204 Apostolus,
2786 3142 2840 3188 et
2866 3151 2885 3183 ι
2926 3134 3067 3187 sicut
3100 3148 3196 3202 per
3234 3134 3397 3188 unius
3418 3136 3513 3189 de-

1939 3230 2124 3283 lictum
2175 3229 2229 3282 in
2259 3241 2449 3283 omnes
2480 3226 2726 3280 homines
2759 3225 2814 3279 in
2842 3225 3345 3279 condemnationem
3365 3265 3382 3288 ,
3433 3226 3514 3280 sic

1939 3336 2034 3390 per
2059 3320 2221 3374 unius
2248 3318 2540 3388 justitiam,
2575 3316 2630 3370 in
2659 3330 2850 3370 omnes
2885 3314 3135 3370 homines
3159 3315 3219 3370 in
3238 3315 3514 3386 'justiiicao

1937 3412 2140 3467 tionem
2169 3411 2295 3465 vitae
2328 3411 2394 3474 ⁸⁸,
2451 3429 2471 3463 3
2504 3425 2572 3463 ex
2605 3408 2709 3463 hoc
2738 3408 2854 3479 ipse
2883 3422 3101 3477 quoque
3127 3408 3245 3463 suis
3291 3408 3511 3479 quidem

1940 3501 2226 3571 discipulis
2252 3517 2311 3556 se
2334 3507 2389 3555 et
2413 3500 2604 3565 vitam,
2628 3507 2683 3555 et
2712 3499 2912 3563 lucem,
2949 3507 3002 3554 et
3046 3500 3328 3555 veritatem
3367 3514 3509 3560 esse.

1937 3602 1992 3651 et
2023 3595 2231 3665 reliqua
2264 3593 2426 3666 463
2474 3594 2657 3649 omnia
2709 3606 2830 3662 qua:
2879 3606 2943 3646 ex
2992 3591 3264 3663 theologia
3299 3591 3367 3647 de
3418 3594 3513 3647 illo

1937 3687 2378 3751 considerantur,
2408 3684 2753 3741 ostendebat.
2784 3682 2867 3739 Ad
2897 3683 3159 3752 profanos
3191 3693 3368 3739 autem
3389 3726 3404 3749 ,
3459 3693 3513 3737 (ιι

1937 3794 2263 3835 arcanorum
2316 3778 2491 3849 ipsius
2546 3788 2798 3848 expertes
2856 3778 3115 3834 dicebat:
3151 3795 3171 3828 ι
3233 3776 3373 3843 Quid
3427 3791 3514 3831 me

1940 3872 2183 3943 quaeritis
2211 3870 2517 3925 interﬁcere
2545 3870 2820 3925 hominem
2840 3911 2854 3935 ,
2888 3870 2980 3940 qui
3037 3868 3318 3923 veritatem
3356 3868 3512 3923 vobis

1943 3967 2160 4022 locutus
2191 3982 2310 4022 sum
2334 3966 2410 4019 "1
2446 3986 2466 4019 3
2486 3964 2953 4032 Quemadmodum
2977 3964 3143 4033 igitur
3166 3978 3287 4033 quae
3310 3962 3515 4018 theolo-

254 4058 539 4132 προδότου,
561 4061 653 4114 καὶ
683 4059 792 4113 τῶν
827 4061 924 4114 σὺν
955 4057 1103 4130 αὐτῷ
1134 4058 1275 4113 κατά
1292 4058 1389 4112 τοῦ
1417 4058 1656 4130 Χριστοῦ
1688 4074 1841 4127 γενο-

1943 4060 2045 4132 giae
2072 4061 2141 4113 de
2169 4058 2262 4113 illo
2290 4058 2508 4128 propria
2537 4065 2704 4124 sunt,
2750 4058 2803 4111 in
2854 4056 3133 4127 prioribus
3185 4054 3341 4109 libris
3385 4062 3515 4110 sunt

256 4150 431 4223 μένης
463 4152 751 4224 ωσκευῆς,
786 4150 914 4225 περί
944 4169 1004 4206 τε
1047 4152 1157 4207 τῶν
1189 4152 1333 4223 ἀμφὶ
1372 4151 1469 4206 τὸν
1514 4151 1706 4222 καιρὸν
1740 4150 1835 4205 τοῦ

1942 4149 2213 4220 exposita,
2233 4149 2309 4202 ita
2340 4148 2394 4201 in
2426 4148 2530 4202 hoc
2557 4162 2679 4217 quae
2708 4147 2775 4202 ad
2806 4147 2930 4217 agni
2970 4145 3238 4199 humanas
3267 4143 3513 4199 aﬂ'ectio-

254 4242 460 4309 πάθους
491 4245 655 4299 αὑτοῦ
691 4245 1135 4318 συμδεσηκότων.

1942 4257 2063 4308 nes,
2087 4241 2472 4313 patibilemque
2505 4248 2755 4293 naturam
2785 4238 3077 4309 pertinent,
3097 4236 3513 4292 tractabuntur:

254 4354 379 4410 quae
418 4341 583 4395 medii
612 4340 898 4411 cujusdam
930 4342 1105 4396 instar
1141 4340 1324 4405 fuere,
1352 4338 1421 4394 ad
1464 4353 1528 4396 ea
1574 4353 1695 4409 qua:
1745 4336 2055 4408 passionem
2109 4334 2259 4389 illius
2306 4341 2741 4396 antecesserunt,
2791 4339 2846 4387 et
2920 4339 3150 4400 utraque
3191 4328 3355 4385 simul
3398 4340 3513 4384 tum

254 4447 321 4488 ea
347 4448 472 4504 qua:
514 4432 583 4487 ad
622 4428 789 4488 Deum
825 4432 1131 4503 pertinent,
1161 4438 1280 4486 tum
1315 4444 1379 4485 ea
1407 4444 1531 4501 quae
1574 4430 1641 4485 ad
1681 4428 1982 4493 hominem,
2036 4425 2131 4496 qui
2177 4425 2268 4480 ille
2315 4432 2454 4491 erat,
2491 4427 2774 4495 complexa
2812 4430 2963 4478 sunt.
3000 4418 3297 4491 Postquam
3350 4421 3518 4493 igitur

254 4527 373 4584 haec
399 4528 612 4584 anobis
639 4542 749 4583 non
804 4527 1071 4583 inutiliter
1115 4524 1431 4593 observata;
1483 4530 1806 4592 retentaque
1845 4527 1996 4584 sunt,
2051 4519 2165 4590 jam
2199 4525 2313 4572 tum
2363 4517 2481 4587 ipsa
2538 4518 2703 4572 etiam
2753 4515 2977 4570 oracula
3021 4513 3245 4585 aggredi
3299 4522 3514 4584 tempus

253 4635 379 4678 esse
403 4621 635 4685 videtur,
668 4634 791 4690 quae
811 4628 865 4674 et
892 4619 1085 4675 Judam
1111 4619 1470 4690 proditorem,
1499 4631 1735 4687 cumque
1765 4630 1832 4671 eo
1870 4614 2111 4669 futuram
2144 4614 2408 4668 adversus
2440 4610 2720 4667 Christum
2749 4608 3233 4681 conspirationem,
3285 4615 3341 4663 et
3394 4622 3515 4678 qua:

256 4714 337 4770 illi
365 4716 470 4771 sub
491 4715 668 4785 ipsum
704 4714 976 4785 passionis
1004 4726 1216 4785 tempus
1244 4722 1503 4769 eventura
1530 4720 1717 4777 erant,
1753 4709 2157 4783 signiﬁcabant.

270 4830 421 4904 'Azd
447 4829 714 4904 ψαλμοῦ
725 4837 805 4901 μ’.
841 4863 913 4873 -
948 4828 1091 4904 ῌερζ
1146 4828 1341 4904 Ἰούδα
1369 4827 1835 4904 τοῦ-προδότου,

1942 4824 1981 4879 Α
2013 4826 2336 4904 ρδαίιηοιξ-ι..
2369 4854 2437 4863 --
2470 4820 2549 4904 ρε
2576 4820 3047 4904 Ιιιάαηριςοάίιογε,
3075 4826 3125 4873 et
3167 4820 3234 4904 iis
3258 4819 3349 4889 qui
3392 4834 3512 4873 cum

327 4902 429 4957 καὶ
454 4892 593 4956 ’τῶντ
650 4892 772 4956 ab}
823 4902 981 4967 αὐτῷ
1025 4892 1151 4968 τὴν
1204 4899 1355 4954 κατὰ
1404 4899 1513 4954 τοῦ
1558 4892 1836 4968 Σωτῆρος

2011 4892 2071 4950 eo
2127 4895 2352 4950 insidias
2411 4894 2663 4949 adversus
2720 4892 3059 4949 Salvatorem
3116 4900 3356 4945 nostrum
3387 4904 3517 4943 con-

326 4969 497 5044 ᾐμῶν
515 4972 847 5041 ἐπιϐουλὴν
868 4970 1446 5040 συσκευασαμένων.

2014 4976 2277 5022 struxere.

331 5109 355 5143 ι
378 5089 666 5164 Μακάριος
700 5089 731 5141 6
758 5085 953 5142 συνιὼν
988 5087 1082 5140 ἐπὶ
1131 5085 1346 5157 πτωχὸν
1379 5084 1475 5138 καὶ
1516 5084 1746 5155 πένητα,
1778 5083 1836 5136 ὲν

2017 5099 2038 5133 ι
2060 5080 2261 5136 Beatus
2281 5079 2372 5150 qui
2399 5078 2652 5150 intelligit
2671 5091 2835 5146 super
2860 5082 3172 5164 egennm‘et
3201 5086 3513 5145 pauperem,

247 5181 442 5257 ἡμέρᾳ
464 5162 677 5254 πονηρᾷ
709 5180 930 5253 ῥύσεται
956 5178 1120 5233 αὐτὸν
1149 5179 1179 5232 6
1210 5176 1435 5250 Κύριος.
1484 5174 1687 5248 Κύριος
1717 5174 1834 5227 δια-

1944 5173 2003 5227 in
2044 5172 2133 5228 die
2153 5170 2296 5226 mala
2329 5170 2583 5226 liberabit
2612 5184 2737 5225 eum
2769 5165 3049 5222 Dominus.
3090 5162 3356 5219 Dominus
3383 5176 3520 5218 con-

330 5254 491 5343 λάξαι
509 5271 690 5340 αὐτὸν,
711 5275 807 5329 καὶ
829 5271 990 5346 ζήσαι
1017 5272 1197 5334 αὑτὸν,
1223 5271 1319 5326 καὶ
1351 5268 1653 5342 μακαρίσαι
1674 5266 1838 5322 αὑτὸν

1946 5271 2125 5320 servet
2150 5278 2297 5326 eum,
2329 5269 2385 5317 et
2410 5261 2644 5317 viviﬂcet
2666 5274 2791 5316 eum
2814 5298 2829 5323 ,
2864 5268 2920 5314 et
2944 5259 3164 5312 beatum
3195 5254 3361 5311 faciat
3386 5270 3513 5311 eum

249 5370 308 5420 ὲν
342 5370 410 5439 τῇ
430 5369 524 5439 γῇ,
559 5366 654 5421 καὶ
695 5365 771 5438 μὴ
802 5364 1031 5438 παραδῷ
1072 5363 1235 5418 αὑτὸν
1266 5364 1350 5426 εἰς
1390 5364 1581 5433 χεῖρας
1623 5358 1836 5432 ἐχθρῶν

258 5460 443 5515 αὑτοῦ.
480 5460 681 5532 Κύριος
713 5457 967 5531 βοηθήσει
992 5456 1140 5527 αὐτῷ
1173 5455 1264 5510 ἐπὶ
1302 5453 1491 5526 κλίνης
1519 5451 1711 5524 ὀδύνης
1742 5451 1837 5503 αύ-

256 5552 373 5617 ⁴τοῦ,
398 5552 525 5624 ὃλην
549 5552 648 5623 τὴν
676 5551 863 5624 κοίτην
894 5547 1059 5603 αὐτοῦ
1092 5547 1356 5622 ἔστρεψας
1377 5548 1435 5600 ὲν
1456 5545 1521 5617 τῇ
1557 5540 1839 5617 ἀρρωστίᾳ

258 5647 440 5703 αὐτοῦ.
484 5645 627 5715 Ἐγὼ
664 5641 827 5700 εἶπα·
874 5642 1049 5714 Κύριε
1071 5681 1086 5706 ,
1140 5640 1363 5712 ἐλέησόν
1394 5655 1462 5711 με
1486 5680 1501 5706 ,
1539 5635 1689 5690 ίασαι
1736 5635 1838 5704 τὴν

329 5759 373 5790 ⁸⁵
408 5757 568 5833 Joan.
604 5776 648 5827 ι,
690 5758 778 5815 ἳθ.
906 5759 949 5790 ⁸³
988 5756 1093 5813 lsa.
1145 5772 1274 5822 LIII,
1309 5756 1361 5823 7,
1502 5755 1546 5788 ¹⁶
1587 5751 1720 5809 ibid.
1756 5751 1808 5807 8.

259 5841 354 5886 Vin
376 5873 391 5900 ,
430 5831 519 5887 40.

906 5759 949 5790 ⁸³
988 5756 1093 5813 lsa.
1145 5772 1274 5822 Lm,
1309 5756 1361 5823 7,

1944 5358 2002 5414 in
2031 5365 2199 5423 terra,
2226 5365 2282 5412 et
2303 5371 2415 5411 non
2457 5353 2636 5409 tradat
2664 5367 2791 5409 eum
2821 5352 2877 5405 in
2924 5365 3120 5405 manus
3165 5349 3512 5404 inimicorum

1944 5450 2085 5521 ejus.
2121 5449 2386 5503 Dominus
2415 5461 2572 5519 opem
2609 5446 2747 5500 feret
2770 5443 2849 5497 illi
2880 5457 3047 5512 super
3076 5442 3275 5495 lectum
3310 5440 3516 5495 doloris

1945 5545 2087 5614 ejus,
2113 5541 2430 5597 universum
2470 5547 2703 5596 stratum
2727 5537 2846 5606 ejus
2859 5535 3090 5591 versasti
3120 5534 3176 5589 in
3208 5532 3517 5588 inﬁrmitate

1944 5635 2085 5705 ejus.
2110 5632 2225 5704 Ego
2239 5631 2351 5688 dixi
2380 5650 2393 5687 :
2424 5630 2672 5694 Domine,
2694 5630 2956 5683 miserere
2983 5627 3111 5691 mei,
3129 5641 3260 5681 sana
3274 5624 3512 5679 animam

1950 5751 2183 5807 "lCor.
2224 5767 2328 5819 xv,
2387 5749 2477 5804 21.
2629 5748 2671 5779 ¹⁸
2711 5745 2871 5801 Rom.
2906 5763 2972 5810 v,
3021 5744 3108 5799 l8.
3256 5743 3298 5772 ¹⁹
3358 5739 3512 5797 Joan.
