4106 6420
607 322 714 378 719
1283 317 1556 375 EUSEBII
1593 314 2079 373 CJESARlENSIS
2116 315 2267 373 OPP.
2314 315 2497 372 PARS
2533 318 2598 372 ll.
2639 347 2711 360 —-
2746 315 3283 374 APOLOGETICA.
3824 317 3913 373 720

607 435 948 506 meam,quia
975 433 1197 504 peccavi
1226 432 1358 499 libi;
1392 432 1599 487 inimici
1637 433 1745 487 mei
1771 431 2030 487 dixerunt
2059 433 2199 486 mala

2308 433 2480 506 ψυχήν
2511 451 2648 506 μου,
2685 435 2766 487 δτι
2797 434 3047 506 ἥμαρτόν
3098 450 3217 487 σοι·
3279 431 3350 484 οε
3387 427 3586 500 ἐχθροί
3633 437 3731 499 μου
3776 425 3917 489 εἶπεν

605 529 745 586 mihi
772 528 1026 598 :quando
1049 525 1332 592 morietur,
1363 536 1416 582 et
1452 527 1650 597 peribit
1681 520 1880 581 nomen
1925 527 2046 596 ejus
2077 527 2100 580 ?
2132 527 2197 581 Et

2308 525 2448 581 κακά
2477 545 2568 598 μοι
2586 543 2598 557 ο
2645 528 2776 580 ποτε
2811 527 3178 581 ἀποθανεῖται
3216 523 3326 579 καὶ
3357 521 3661 577 ἀπολεῖται
3689 523 3750 577 τὺ
3769 524 3920 598 ὄνομα

607 623 656 680 si
679 618 1403 693 ingrediehaturIIIvideret,
1428 635 1568 673 vana
1597 619 2034 690 loquebaturcor
2050 620 2193 689 ejus,

2308 619 2504 685 ιύτοῦ;
2548 619 2660 673 Καὶ
2692 621 2741 673 εί
2773 619 3165 692 εἰσεπορεύετο
3187 617 3298 672 τοῦ
3339 616 3483 670 ἰδεῖν
3507 656 3524 681 ,
3559 615 3736 688 μάτην
3764 617 3919 678 ἐλάλει

586 714 962 785 congregavit
986 710 1333 782 iniquitatem
1367 712 1495 777 sibi,
1529 713 1912 782 egrediebatur
1941 711 2110 773 foras,
2143 721 2198 767 et

2308 714 2332 783 ἢ
2364 713 2559 785 καρδία
2593 711 2781 776 αὑτοῦ,
2817 715 3128 786 συνήγαγεν
3165 710 3432 782 ἀνομίαν
3467 710 3676 782 ἐαυτῷ.
3721 713 3918 778 Ἑξεπο-

608 807 935 880 loquebatur
965 804 1022 859 in
1048 804 1335 875 idipsum‘i,
1391 803 1682 860 adversum
1713 820 1799 858 me
1831 805 2197 860 susurrabant

2308 807 2490 877 ρεύετο
2524 806 2650 872 ἔξω,
2691 806 2788 860 καὶ
2818 807 2993 862 ἐλάλει
3017 809 3121 861 ἐπὶ
3153 805 3226 860 τὸ
3253 803 3424 860 αὑτό.
3470 803 3615 857 Κατ’
3657 801 3789 876 ἐμοῦ
3818 807 3918 878 ἐψι-

609 916 802 957 omnes
855 899 1065 954 inimici
1100 898 1228 962 mei,
1268 896 1563 952 adversum
1595 911 1682 953 me
1704 897 2021 967 cogitabant
2053 898 2197 951 Inala

611 994 767 1057 mihi,
795 993 1023 1049 verbum
1053 991 1304 1062 iniquum
1329 989 2048 1046 constitueruntadversum
2086 1007 2195 1055 me,

612 1086 862 1159 nunquid
895 1085 990 1156 qui
1021 1084 1245 1152 dormit,
1268 1099 1380 1139 non
1411 1082 1637 1153 adjiciet
1667 1089 1727 1136 ut
1760 1091 2013 1152 resurgat
2048 1083 2071 1136 ?
2123 1090 2200 1137 et-

612 1183 759 1240 enim
793 1182 958 1237 homo
1009 1179 1164 1252 pacis
1186 1194 1322 1234 mea:
1347 1218 1364 1244 ,
1397 1179 1454 1234 in
1487 1192 1599 1249 quo
1616 1177 1855 1248 speravi,
1887 1177 1980 1248 qui
2003 1177 2201 1233 edebat

2299 898 2518 972 θύριξον
2554 904 2756 965 πάντες
2789 902 2839 954 oi
2873 901 3057 973 ἐχθροί
3093 917 3234 974 μου,
3289 899 3426 952 κατ’
3460 897 3604 970 ἐμοῦ
3639 898 3918 968 ἐλογίζοντο

2299 993 2446 1048 κακά
2459 1012 2569 1065 μοι.
2591 995 2682 1068 Μὴ
2698 997 2726 1048 6
2743 993 3085 1065 κοιμώμενος
3098 993 3233 1064 οὐχὶ⁷
3250 990 3583 1065 προσθήσει
3595 990 3693 1044 τοῦ
3710 993 3923 1067 ἀναστῆ-

2298 1105 2388 1141 ναι
2409 1087 2532 1151 neat
2545 1086 2991 1159 γὰρόἄνθρωπος
3021 1087 3122 1158 τῆς
3142 1087 3400 1158 είρήνης
3427 1101 3563 1156 μου,
3590 1085 3678 1154 ἐφ’
3697 1084 3757 1138 6v
3780 1085 3921 1157 ηλικι-

2303 1183 2436 1244 σα,ὁ
2461 1179 2653 1233 ἐσθίων
2677 1180 2876 1251 ἄρτους
2903 1196 3026 1252 μου,
3053 1178 3426 1251 ἐμεγάλυνεν
3447 1177 3542 1230 ἐπ’
3579 1177 3683 1248 ἐμὲ
3721 1195 3920 1251 πτερνιο

595 1291 788 1346 ‘panes
821 1288 994 1340 meos,
1030 1271 1405 1343 magnil‘Ieavit
1449 1286 1616 1342 super
1663 1285 1752 1327 me
1808 1271 2204 1342 supplantatio-

2308 1271 2460 1343 σμόν.
2479 1273 2550 1325 Σὺ
2566 1273 2644 1336 δὲ,
2660 1273 2857 1345 Κύριε,
2879 1273 3096 1344 ἐλέησόν
3117 1291 3212 1345 με,
3251 1271 3362 1326 καὶ
3394 1270 3720 1342 ἀνάστησάν
3738 1290 3823 1343 με,
3841 1277 3920 1331 καὶ

616 1387 764 1428 nem.
797 1368 878 1424 Tu
909 1376 1117 1434 autem,
1135 1367 1388 1433 Domine,
1415 1366 1676 1421 miserere
1701 1365 1904 1430 mei,et
1926 1365 2200 1420 resuscita

2308 1364 2666 1419 ἀνταποδώσω
2689 1366 2890 1431 αὐτοῖς.
2929 1367 3018 1420 Ἐν
3043 1366 3228 1437 τούτῳ
3264 1364 3481 1434 ἔγνων,
3521 1365 3609 1418 ὅτι
3643 1364 3921 1439 τεθέ).ηκάς

616 1478 726 1527 me,
756 1470 810 1518 et
839 1461 1137 1518 retribuam
1173 1461 1254 1515 eis
1279 1477 1294 1526 ;
1325 1458 1382 1514 in
1414 1458 1518 1513 hoc
1540 1457 1774 1529 cognovi
1810 1457 1956 1528 quod
1979 1458 2201 1513 voluisti

2308 1476 2394 1529 με,
2427 1460 2509 1512 ὅτι
2541 1459 2602 1512 οὐ
2635 1459 2707 1532 μὴ
2731 1461 2966 1532 ἐπιχαρῇ
3002 1460 3030 1512 6
3062 1459 3266 1532 ἐχθρός
3303 1477 3418 1531 μου
3459 1459 3554 1512 ἐπ’
3586 1459 3733 1530 ἐμοί.
3773 1461 3919 1532 Ἐμοῦ

618 1572 728 1619 me,
753 1556 1012 1627 quoniam
1040 1551 1206 1627 ἡϐῶ,
1222 1567 1332 1608 non
1354 1552 1614 1623 gaudebit
1637 1552 1898 1608 inimicus
1925 1567 2081 1608 meus
2114 1567 2203 1607 su-

2308 1552 2358 1604 Βὲ
2402 1551 2491 1605 διὰ
2527 1552 2629 1624 τὴν
2665 1552 2900 1607 ἀκακίαν
2937 1551 3239 1606 ἀντελάϐου
3263 1594 3280 1618 ,
3322 1553 3429 1606 καὶ
3488 1552 3831 1616 ἐϐεϐαίωσάς
3862 1572 3918 1624 με

619 1664 716 1718 per
733 1663 839 1710 me,
865 1662 952 1701 me
966 1656 1145 1701 autem
1167 1650 1390 1714 propter
1410 1643 1782 1699 innocentiam
1811 1641 2126 1712 suscepisti,
2147 1647 2203 1696 et

2308 1643 2533 1697 ἐνώπιόν
2560 1661 2652 1697 σου
2683 1647 2763 1708 εἰς
2795 1645 2888 1698 τὸν
2927 1645 3121 1701 αίῶνα.
3155 1667 3172 1698 ι
3213 1645 3462 1716 Ἑπειδή
3514 1660 3670 1708 τινες
3717 1645 3918 1719 ὑπειλή-

530 1725 545 1750 ’
600 1738 962 1794 -conﬁrmasti
1006 1753 1092 1792 me
1123 1736 1178 1790 in
1212 1743 1511 1804 conspectu
1569 1742 1663 1789 tuo
1689 1734 1744 1788 in
1768 1743 2033 1789 aeternum
2066 1735 2132 1786 ὀ.
2177 1752 2196 1784 ι

620 1829 893 1897 Quoniam
925 1828 1173 1884 nonnulli
1195 1828 1456 1897 suspicati
1473 1834 1602 1881 sunt
1618 1827 1817 1882 librum
1835 1828 2200 1892 Psalmorum,

620 1923 859 1994 hymnos
881 1928 1091 1976 tantum
1128 1925 1182 1975 in
1208 1919 1378 1974 Deum
1397 1928 1452 1973 ct
1480 1919 1726 1973 carmina
1744 1920 2048 1991 theologica
2066 1935 2202 1976 con-

621 2018 820 2079 tinere,
853 2015 1118 2086 praesagia
1148 2029 1280 2069 vero
1309 2023 1402 2068 aut
1429 2013 1496 2068 de
1529 2011 1693 2068 rebus
1734 2011 1933 2067 futuris
1968 2014 2205 2083 prophe-

621 2107 732 2162 tias
759 2122 868 2161 non
893 2108 1045 2171 item,
1074 2105 1308 2177 primum
1336 2105 1469 2159 illud
1497 2104 2205 2175 eritobservandum,qIIod

625 2196 1053 2252 innumerabilia
1101 2201 1260 2258 sunt,
1297 2207 1420 2262 quae
1463 2192 1516 2245 in
1553 2192 1661 2246 illis
1695 2192 1874 2246 futura
1907 2202 2203 2256 caIIuIIIIIr,

623 2305 747 2366 quae
771 2289 993 2360 quidem
1043 2290 1265 2359 longum
1299 2293 1444 2341 esset
1478 2285 1533 2338 in
1583 2286 1875 2355 praesentia
1924 2285 2203 2354 colligere,

626 2381 723 2438 sed
736 2384 871 2438 satis
897 2381 1065 2436 fuerit
1085 2381 1153 2436 ad
1175 2379 1404 2448 hujusce
1421 2377 1688 2448 prepositi
1704 2376 2203 2441 conlirmationem,

625 2475 842 2532 duobus
873 2490 1022 2530 nunc
1073 2475 1152 2528 uti
1187 2473 1438 2544 psalmis,
1465 2471 1560 2541 qui
1615 2470 1719 2540 ipsi
1753 2469 1972 2539 quidem
2021 2469 2208 2541 Asaph

626 2567 878 2637 inscripti
911 2573 1060 2630 sunt,
1091 2563 1221 2619 dicti
1270 2578 1400 2618 vero
1439 2562 1614 2632 ipsius
1650 2558 1819 2613 David
1843 2559 2204 2630 temporibus.

627 2661 784 2715 Tunc
806 2659 951 2714 enim
984 2671 1111 2711 cum
1142 2655 1324 2725 Asaph
1363 2669 1506 2709 unus
1523 2659 1670 2708 esset
1695 2666 1760 2704 ex
1804 2650 1872 2706 iis
1900 2648 2035 2703 viris
2082 2663 2209 2704 san-

627 2747 732 2808 ctis
753 2751 845 2821 qui
868 2749 1108 2819 psalmos
1137 2747 1428 2810 canebant,
1457 2755 1520 2801 IIt
1573 2746 1838 2815 scriptum
1860 2751 1944 2798 est
1981 2742 2037 2796 in
2068 2729 2210 2796 libro

625 2844 723 2916 qui
757 2841 1201 2910 Paralipomenon
1236 2839 1579 2903 inscribitur,
1619 2838 1861 2910 psalmos
1889 2836 1984 2906 qui
2020 2835 2095 2889 illi
2124 2843 2210 2887 at-

628 2936 970 2998 tribuuntur,
1007 2932 1196 2987 divino
1226 2931 1440 2986 alllatus
1484 2931 1689 3001 Spiritu
1721 2927 2043 2986 enuntiavit.
2069 2925 2210 2993 Quid

631 3030 796 3101 igitur
825 3025 1207 3098 hujuscemodi
1235 3024 1431 3094 psalmi
1457 3023 1744 3078 continent
1773 3023 1796 3076 ?
1827 3021 2088 3076 nimirum
2122 3033 2211 3073 va-

627 3122 841 3187 ticinia,
901 3120 1103 3191 quibus
1146 3117 1461 3172 Judaeorum
1511 3116 1674 3186 regia:
1703 3115 1944 3171 civitatis
1973 3112 2208 3167 vastatio

629 3213 963 3286 praedicitur,
992 3225 1114 3281 quae
1149 3209 1384 3264 vastatio
1403 3205 1607 3262 Iudaeis
1639 3205 1838 3260 accidit
1863 3219 2007 3258 anno
2037 3201 2206 3257 circi-

630 3317 714 3363 ter
739 3302 1180 3376 quingentesimo
1217 3309 1342 3370 post
1372 3297 1645 3369 ejusmodi
1690 3296 2032 3352 vaticinium.
2065 3294 2209 3365 Ergo

629 3398 876 3469 psalmus
895 3397 1330 3466 septuagesimus
1351 3391 1569 3454 tertius,
1588 3390 1682 3459 qui
1697 3389 2012 3443 intellectus
2025 3385 2210 3456 Asapb

621 3487 976 3550 inscribitur,
1006 3485 1081 3540 ita
1114 3485 1276 3539 habet
1306 3502 1319 3538 :
1345 3481 1448 3537 «Ut
1471 3479 1628 3552 quid,
1661 3479 1828 3544 Deus,
1868 3478 2121 3550 repulisti
2152 3477 2208 3531 in

615 3577 845 3633 linem?
899 3576 1071 3631 iratus
1111 3581 1196 3630 est
1228 3572 1382 3628 furor
1437 3581 1568 3626 tuus
1619 3584 1783 3639 super
1833 3583 1963 3625 oves
1993 3581 2210 3638 pascuae

630 3669 778 3725 tum?
810 3682 1020 3723 memor
1035 3675 1156 3722 esto
1186 3662 1633 3736 congregationis
1659 3669 1794 3723 tuae,
1828 3674 1992 3730 quam
2026 3673 2211 3728 posse-

629 3760 762 3817 disti
794 3760 864 3816 ab
920 3759 1099 3826 initio,
1152 3757 1433 3813 redemisti
1463 3756 1672 3827 virgam
1703 3751 2038 3809 hareditatis
2071 3760 2206 3814 tuae,

630 3865 792 3910 mons
835 3851 969 3908 Sion
997 3853 1108 3919 hic,
1129 3852 1184 3906 in
1216 3867 1328 3922 quo
1357 3849 1618 3905 habitasti
1650 3848 1704 3904 in
1733 3861 1820 3912 eo,
1859 3846 1979 3900 leva
2010 3859 2208 3900 manus

628 3956 755 4002 tuas
789 3947 845 4002 in
867 3945 1153 4016 superbias
1180 3958 1372 4000 eorum
1403 3942 1459 3996 in
1489 3941 1674 4008 ﬁnem,
1701 3946 1906 4010 quanta
1935 3937 2209 4007 maligna-

630 4047 722 4094 tus
751 4045 834 4094 est
867 4037 1123 4093 inimicus
1155 4036 1211 4091 in
1243 4033 1449 4092 sanctis
1514 4033 1625 4088 tuis
1647 4071 1664 4096 ,
1703 4041 1758 4087 et
1806 4030 2028 4102 gloriati
2079 4034 2208 4084 sunt

630 4130 726 4200 qui
750 4129 986 4184 oderunt
1017 4137 1068 4182 te
1098 4128 1156 4182 in
1182 4125 1361 4181 medio
1386 4121 1748 4181 solemnitatis
1765 4129 1891 4182 tuae,
1908 4127 2209 4191 posuerunt

631 4224 785 4294 signa
818 4236 918 4278 sua
945 4223 1101 4293 signa
1135 4241 1148 4276 :
1174 4231 1229 4275 et
1251 4235 1360 4274 non
1388 4227 1763 4290 cognoverunt
1797 4216 1943 4272 sicut
1975 4216 2031 4270 in
2057 4214 2206 4269 exitu

630 4317 886 4385 desuper,
913 4315 1068 4384 quasi
1099 4313 1156 4368 in
1178 4313 1314 4368 silva
1338 4312 1614 4382 lignorum
1667 4308 1957 4366 securibus
1984 4306 2208 4362 excide-

629 4413 762 4460 runt
779 4406 978 4476 januas
1003 4405 1124 4474 ejus
1171 4404 1226 4457 in
1255 4403 1512 4471 idipsum,
1540 4401 1596 4455 in
1624 4400 1808 4458 securi
1841 4406 1895 4454 et
1924 4404 2077 4453 vecte
2105 4396 2202 4452 de-

625 4497 882 4566 iecerunt
907 4511 1050 4559 eam,
1101 4493 1466 4550 incenderunt
1485 4491 1594 4563 igni
1617 4490 1994 4546 sanctuariunI
2025 4498 2204 4552 tuum,

2306 1754 2440 1807 φασι
2470 1737 2568 1808 τὴν
2601 1736 2784 1808 βίϐλον
2804 1736 2912 1791 τῶν
2942 1739 3190 1810 Ψαλμῶν
3208 1739 3441 1810 ὕμνους
3481 1737 3652 1808 μόνον
3672 1739 3754 1800 είς
3782 1737 3916 1802 Θεὸν,

2309 1830 2401 1883 καὶ
2433 1829 2577 1900 ᾠδὰς
2611 1829 2924 1899 θεολογικὰς
2955 1832 3258 1904 περιέχειν,
3288 1831 3359 1885 οὐ
3395 1831 3517 1902 μὴν
3554 1830 3652 1884 καὶ
3692 1831 3917 1903 προγνώ-

2309 1939 2440 1986 σεις,
2477 1921 2596 1974 οὐδὲ
2633 1921 2934 1993 μελλόντων
2970 1922 3340 1994 προφητείας,
3364 1921 3541 1975 τοῦτο
3574 1920 3793 1993 πρῶτον
3815 1923 3917 1973 ἐπι-

2305 2015 2604 2088 τηρητέον,
2655 2015 2731 2078 ὼς
2781 2015 2950 2087 μυρία
2998 2016 3323 2080 θεσπίζεται
3358 2014 3434 2069 δι’
3483 2013 3712 2078 αὐτῶν,
3754 2013 3789 2068 ά
3837 2016 3915 2068 καὶ

2312 2108 2520 2178 μακρὸν
2555 2106 2620 2160 ἂν
2653 2107 2738 2177 εἴη
2776 2109 3103 2175 συναγαγεῖν
3149 2107 3242 2160 ἐπὶ
3275 2105 3384 2160 τοῦ
3439 2105 3741 2172 παρόντος,
3775 2106 3916 2176 ἀρκεῖ

2306 2199 2362 2252 δὲ
2395 2199 2704 2271 χρήσασθαι
2735 2201 2813 2263 εἰς
2848 2199 3157 2270 μαρτυρίαν
3186 2199 3284 2252 τοῦ
3320 2199 3498 2267 λόγου
3533 2197 3632 2250 δύο
3663 2197 3913 2269 ψαλμοῖς⁶

2309 2292 2806 2364 ἐπιγεγραμμένως
2855 2291 2912 2345 δὲ
2965 2291 3107 2346 κατὰ
3161 2292 3257 2346 τοῦ
3313 2292 3499 2346 Δαϐὶδ
3557 2291 3802 2362 χρόνους.
3850 2291 3912 2343 T6

2307 2383 2607 2455 τηνικαῦτα
2639 2383 2746 2454 γὰρ
2778 2377 2860 2446 εἷς
2893 2382 3001 2436 τῶν
3041 2383 3388 2456 ἱεροψαλτῶν
3425 2385 3456 2437 6
3503 2383 3684 2452 Ἀσάφ
3722 2382 3908 2452 τυγχά-

2307 2489 2434 2536 νων,
2471 2471 2546 2537 ὼς
2579 2473 2636 2525 ἐν
2668 2475 2734 2544 τῇ
2772 2471 2938 2543 βίϐλῳ
2978 2473 3200 2545 φέρεται
3234 2473 3350 2528 τῶν
3386 2473 3906 2546 Παραλειπομένων,

2307 2565 2436 2628 τοὺς
2483 2565 2998 2636 ἐπιγεγραμμένους
3047 2564 3211 2618 αὑτὸν
3256 2565 3532 2636 ψαλμοὺς
3581 2562 3716 2633 θείῳ
3758 2562 3908 2615 Πνεύ-

2313 2674 2441 2726 ματι
2469 2655 2880 2728 προσεφώνησε.
2898 2657 2962 2709 Τί
2992 2656 3056 2728 δὴ
3081 2636 3173 2710 οὖν
3197 2656 3573 2728 περιέχουσιν
3603 2657 3652 2708 οί
3683 2653 3873 2725 ψαλμοί
3889 2671 3901 2718 ;

2310 2749 2644 2820 προρρήσεις
2701 2749 2800 2819 τῆς
2833 2748 3150 2820 πολιορκίας
3195 2749 3297 2819 τῆς
3364 2747 3674 2819 βασιλικῆς
3717 2745 3904 2810 πόλεως

2308 2840 2403 2892 τοῦ
2441 2839 2712 2894 Ἰουδαίων
2764 2839 2971 2904 ἔθνους,
3001 2842 3124 2912 ἥτις
3155 2840 3388 2910 γέγονεν
3433 2839 3614 2909 ἐγγύς
3647 2854 3748 2890 που
3790 2849 3900 2890 πεν-

2309 2935 2579 2998 τακοσίοις
2627 2933 2771 2988 ἔτεσι
2799 2934 2938 3006 μετὰ
2970 2934 3068 3006 τὴν
3103 2934 3438 3007 πρόρρησιν.
3480 2933 3654 3003 Λέγει
3693 2933 3738 2986 6’
3768 2927 3851 2986 οὖν
3874 2933 3899 2984 6

2311 3024 2710 3096 ἐϐδομηκοστὸς
2764 3026 2946 3097 τρίτος
2992 3027 3490 3100 ἐπιγεγραμμένος
3537 3027 3802 3088 συνέσεως
3828 3024 3894 3095 τῷ

2331 3118 2524 3187 Ἀσάφ,
2547 3137 2564 3169 ι
2597 3119 2711 3171 Ἵνα
2741 3119 2792 3171 τί
2817 3117 3044 3184 ἀπώσω,
3061 3121 3090 3172 6
3115 3119 3267 3184 Θεὸς,
3304 3123 3388 3184 εἰς
3407 3121 3572 3184 τέλος
3589 3137 3604 3185 ;
3623 3117 3855 3191 ὠργίσθη
3871 3119 3896 3168 6

2237 3261 2278 3316 C
2315 3204 2484 3276 θυμός
2533 3223 2627 3259 σου
2672 3207 2764 3259 ἐπὶ
2809 3208 3056 3279 πρόϐατα
3105 3208 3279 3281 νομῆς
3327 3227 3466 3276 σου;
3509 3209 3778 3281 μνήσθητι
3805 3207 3893 3275 τῆς

2313 3300 2637 3370 συναγωγῆς
2686 3317 2814 3366 σου,
2857 3296 2926 3374 ἦς
2957 3303 3170 3374 ἐκτήσω
3199 3304 3296 3358 ἀπ’
3348 3304 3568 3376 ἀρχῆς,
3621 3297 3891 3374 ἐλυτρὼσω

2315 3393 2508 3465 ῥάϐδον
2570 3393 2933 3466 κληρονομίας
2967 3413 3080 3449 σου.
3120 3397 3283 3468 Ὄρος
3323 3397 3471 3452 Σιὼν
3504 3393 3745 3458 τοῦτο,’ὃ
3774 3409 3889 3446 κατ-

2311 3486 2626 3556 εσκήνωσας
2668 3487 2725 3538 ἐν
2757 3485 2926 3558 αὐτῷ,
2955 3487 3157 3558 ἐπαρον
3199 3487 3299 3553 τὰς
3326 3490 3525 3562 χεῖράς
3562 3505 3660 3541 σου
3689 3485 3776 3538 ἐπὶ
3802 3485 3888 3545 τὰς

2312 3579 2687 3650 ὑπερηφανίας
2717 3579 2899 3633 αὐτῶν
2929 3581 3010 3644 είς
3052 3580 3224 3644 τέλος.
3255 3581 3396 3637 Ὅσα
3442 3578 3839 3652 ἐπονηρεύσατο
3861 3575 3886 3627 6

2311 3669 2504 3740 ἐχθρὸς
2558 3671 2616 3723 ἐν
2666 3674 2777 3736 τοῖς
2835 3672 3010 3740 ἁγίοις
3062 3690 3177 3738 σου,
3232 3674 3326 3727 καὶ
3361 3675 3803 3745 ἐνεκαυχήσαντο
3841 3668 3885 3719 oi

2314 3762 2599 3832 μισοῦντές
2630 3780 2689 3816 σε
2736 3765 2794 3817 ἐν
2855 3764 3006 3835 μέσῳ
3043 3765 3146 3835 τῆς
3175 3766 3374 3838 ἑορτῆς
3431 3783 3554 3830 σου,
3609 3765 3786 3818 ἔθεντο
3829 3757 3885 3811 τὰ

2312 3857 2513 3925 σημεῖα
2551 3855 2730 3909 αὐτῶν
2757 3859 2957 3927 σημεῖα
2978 3871 2995 3888 °
3033 3858 3126 3911 καὶ
3173 3858 3273 3911 οὐκ
3305 3857 3557 3926 ἔγνωσαν
3589 3857 3666 3919 ὠς
3697 3855 3771 3916 είς
3797 3852 3883 3921 τὴν

2311 3944 2486 4010 ἔξοδον
2541 3947 2819 4019 ὑπεράνω.
2865 3947 2954 4011 Ὧς
3001 3949 3059 4000 ἐν
3088 3948 3279 4020 δρυμῷ
3311 3948 3518 4015 ξύλων,
3567 3947 3774 4014 ἀξίναις
3810 3942 3883 4006 ἐξ·

2311 4036 2514 4106 έκοψαν
2545 4037 2644 4101 τὰς
2670 4037 2841 4110 θύρας
2872 4039 3044 4109 αὐτῆς
3077 4040 3170 4092 ἐπὶ
3202 4041 3264 4094 τὸ
3295 4040 3447 4103 αὐτὸ,
3473 4043 3535 4094 ἐν
3561 4039 3772 4092 πελέκει
3795 4033 3878 4087 καὶ

2308 4130 2648 4203 λαξευτηρίῳ
2679 4131 3021 4203 κατέρραξαν
3055 4131 3244 4203 αύτήν.
3284 4131 3650 4204 Ἐνεπύρισαν
3679 4131 3736 4181 ἐν
3762 4123 3878 4196 πυρὶ

2306 4224 2368 4277 τὸ
2403 4225 2755 4296 ἁγιαστήριόν
2784 4241 2898 4289 σου,
2932 4226 3012 4288 είς
3037 4225 3135 4296 τὴν
3165 4225 3266 4296 γῆν
3301 4225 3653 4296 ἐϐεϐήλωσαν
3670 4222 3730 4274 τὸ
3757 4218 3873 4287 σκή-

2308 4334 2467 4387 νωμα
2499 4316 2594 4370 τοῦ
2619 4316 2881 4387 ὀνόματός
2913 4333 3027 4370 σου.
3060 4336 3078 4369 ι
3104 4316 3291 4372 Ταῦτα
3314 4318 3414 4389 μὲν
3439 4320 3470 4372 6
3496 4310 3875 4386 ἐϐδομηκοστὸς

2307 4411 2490 4483 τρίτος
2517 4409 2728 4481 ψαλμός
2748 4426 2761 4440 ·
2809 4410 2903 4464 καὶ
2949 4413 2977 4464 6
3008 4410 3404 4482 ἐϐδομηκοστὸς
3432 4411 3490 4464 δὲ
3550 4410 3758 4478 ὄγδοος,
3786 4399 3868 4455 τοῦ

2321 4503 2494 4573 Ἀσάφ
2541 4503 2635 4557 καὶ
2678 4501 2843 4566 αὐτὸς
2885 4503 3200 4574 τυγχάνων,
3253 4503 3379 4557 τάδε
3426 4504 3705 4576 περιέχειο
3758 4517 3777 4551 ι
3819 4499 3870 4549 ’0

630 4591 687 4643 in
721 4596 866 4644 terra
894 4587 1207 4658 polluerunt
1229 4585 1644 4642 tabernaculum
1679 4582 1920 4638 nominis
1956 4580 2036 4635 tui
2065 4582 2132 4634 ἰ.
2179 4600 2197 4632 ι

2308 4592 2478 4657 Θεὸς,
2531 4592 2851 4663 είσήλθοσαν
2883 4591 3008 4665 ἔθνη
3064 4597 3145 4658 είς
3189 4595 3288 4668 τὴν
3347 4596 3709 4668 κληρονομίαν
3763 4607 3864 4650 σου.

631 4679 757 4736 llaec
775 4680 995 4752 quidem
1045 4677 1482 4749 septuagesimus
1529 4676 1723 4731 tertius
1768 4676 2036 4747 psalmus.
2105 4673 2203 4729 Se-

626 4773 1002 4844 ptuagesimus
1014 4777 1196 4826 autem
1210 4779 1460 4836 octavus,
1476 4769 1569 4839 qui
1585 4769 1702 4840 ipse
1731 4781 1950 4838 quoque
1962 4774 2046 4822 est
2062 4765 2203 4821 Asa-

627 4864 864 4937 pbi,ha2c
888 4863 1134 4919 continet
1161 4881 1206 4918 ει
1233 4861 1396 4926 Deus,
1425 4858 1961 4930 veneruntgentesin
1977 4857 2205 4912 haeredi-

626 4967 792 5011 tatem
812 4963 980 5020 tuam,
995 4955 1308 5024 polluerunt
1324 4954 1579 5024 templum
1597 4961 1850 5008 sanctum
1867 4959 2206 5020 tuum,posu—

625 5047 1101 5104 eruntJerusalem
1127 5047 1288 5118 quasi
1323 5061 1610 5117 pomorum
1645 5045 1974 5108 custodiam,
2001 5059 2204 5114 posue-

628 5149 760 5196 rIInt
804 5141 1099 5198 morticina
1130 5155 1414 5197 servorum
1440 5149 1659 5194 tuorum
1686 5153 1844 5194 escas
1885 5137 2204 5192 volatilibus

628 5234 777 5298 caeli,
800 5249 995 5289 carnes
1008 5242 1322 5289 sanctorum
1339 5241 1556 5288 tuorum
1582 5231 1775 5288 bestiis
1792 5237 1953 5285 terrae
1983 5232 2048 5282 ".
2081 5250 2099 5282 ι
2125 5228 2204 5282 Ex

631 5326 716 5380 his
739 5341 803 5381 ea
823 5341 944 5395 qua:
956 5328 1106 5396 prius
1128 5327 1358 5382 recitata
1388 5333 1535 5389 sunt,
1559 5325 1682 5380 dico
1698 5333 1876 5380 autem
1892 5339 1976 5387 ea,
1999 5340 2120 5393 qua:
2137 5324 2206 5376 de

631 5421 1034 5489 septuagesimo
1048 5419 1866 5490 psalmoaccepimus,przedicta
1888 5417 2206 5473 suntadbnc

631 5516 893 5578 regnante
910 5509 1399 5580 David,antequam
1423 5511 1684 5579 templum
1709 5527 1738 5564 a
1764 5509 2058 5563 Salomone
2080 5524 2204 5562 con—

629 5608 899 5656 structum
924 5601 1268 5674 esset.&65
1289 5603 1394 5658 Sed
1418 5619 1576 5659 suum
1601 5603 1759 5657 ﬁnem
1776 5603 2076 5672 contigere,
2095 5618 2202 5656 non

700 5783 746 5815 ’°
779 5781 926 5840 Psal.
962 5799 1030 5838 ιι.
1054 5823 1067 5848 ,
1096 5784 1257 5840 2-15.

2310 4684 2539 4757 ἐμίαναν
2570 4684 2663 4738 τὸν
2692 4684 2819 4738 ναὸν
2841 4685 2934 4739 τὸν
2966 4677 3120 4754 ἆγιόν
3150 4705 3263 4741 σου.
3290 4687 3512 4743 Ἔθεντο
3543 4680 3867 4761 Ἰερουσαλὴμ

2311 4777 2386 4840 ὡς
2411 4775 2875 4849 ὀπωροφυλάκιον,
2906 4777 3089 4833 ἔθεντο
3120 4778 3189 4833 τὰ
3221 4779 3523 4852 θνησιμαῖα
3547 4781 3653 4836 τῶν
3685 4777 3863 4833 δούλων

2314 4885 2406 4922 σου
2441 4869 2702 4941 βρώματα
2745 4873 2858 4934 τοῖς
2891 4874 3153 4936 πετεινοῖς
3181 4871 3274 4925 τοῦ
3316 4873 3547 4945 ούρανοῦ
3567 4916 3580 4941 ,
3621 4873 3714 4936 τὰς
3746 4869 3860 4940 σάρ-

2314 4977 2415 5024 κας
2445 4960 2554 5015 τῶν
2583 4961 2744 5016 ὁσίων
2776 4980 2870 5016 σου
2891 4966 3004 5026 τοῖς
3023 4963 3230 5036 θηρίοις
3259 4966 3358 5036 τῆς
3384 4966 3508 5037 γῆς.
3539 4986 3556 5019 ι
3587 4963 3790 5019 Τούτων
3811 4957 3858 5010 δὲ

2309 5052 2377 5106 τὰ
2423 5052 2520 5122 μὲν
2564 5054 2776 5125 πρῶτα,
2806 5055 2950 5125 λέγω
2979 5055 3035 5108 δὲ
3067 5055 3135 5110 τὰ
3183 5056 3291 5109 ἀπὸ
3342 5059 3436 5111 τοῦ
3485 5048 3855 5128 ἑϐδομηκοστυῦ

2310 5143 2492 5219 τρίτου
2521 5143 2770 5215 ψαλμοῦ,
2809 5147 2990 5218 εἴρητο
3031 5145 3403 5216 βασιλεύοντος
3435 5147 3515 5201 ἔτι
3557 5146 3648 5201 τοῦ
3693 5138 3854 5199 Δαϐὶδ,

2311 5236 2418 5307 πρὸ
2456 5235 2550 5290 τοῦ
2587 5236 2675 5290 τὸν
2708 5237 2836 5290 ναὸν
2864 5238 2967 5289 ὑπὸ
3007 5236 3315 5308 Σολομῶνος
3338 5233 3850 5302 κατασκευασθῆναιο

2311 5327 2496 5392 τέλους
2527 5329 2583 5381 δὲ
2614 5328 2799 5398 ἔτυχεν
2848 5329 2948 5382 οὐκ
2989 5328 3176 5383 ἄλλοτε
3211 5329 3243 5400 ἢ
3275 5329 3492 5403 πρῶτον
3525 5331 3620 5401 μὲν
3649 5325 3734 5381 ἐπὶ
3766 5318 3854 5393 τῆς

2312 5418 2664 5472 Βαϐυλωνίων
2717 5419 3050 5490 πολιορκίας,
3095 5420 3344 5492 δεύτερον
3381 5421 3437 5475 δὲ
3477 5423 3569 5474 ἐπί
3619 5417 3705 5473 τοῦ
3739 5415 3852 5467 Ῥωτ

2315 5509 2511 5580 μαῖκοῦ
2554 5511 2686 5579 πρὸς
2727 5511 3012 5575 Ἰουδαίους
3066 5513 3334 5584 πολέμου⁹
3381 5515 3585 5567 ἕκαστα
3619 5510 3720 5582 γὰρ
3758 5501 3853 5557 τῶν

2310 5603 2614 5673 εἰρημένων
2657 5602 2958 5674 ἐπληροῦτο
2994 5604 3085 5657 ἐπί
3134 5623 3193 5660 τε
3238 5606 3336 5677 τῆς
3387 5605 3607 5678 πρώτης
3633 5603 3717 5658 καὶ
3748 5597 3861 5652 δευο,

1331 5788 1373 5816 ²¹
1417 5784 1560 5840 Psal.
1593 5799 1799 5844 LXXIII,
1836 5783 1950 5838 l-‘i.
2029 5786 2071 5814 "
2112 5781 2255 5836 Psal.
2295 5798 2536 5848 I.xxVIII,
2578 5781 2708 5846 1,2.
