4106 6420
647 413 752 468 ἨΞ

1306 412 1575 470 Ευεεθιι
1615 415 2099 473 (ΖΕδΑΙὶΞΕΝδῙδ
2130 415 2283 472 OPP.
2320 416 2502 472 PARS
2533 416 2597 472 ll.
2637 448 2707 458 —
2744 416 3271 474 APOLOGETICA.

3836 414 3929 478 7η

645 550 809 593 neum
837 549 998 590 suum
1019 534 1086 586 “.
1120 552 1139 587 ι
1176 532 1388 590 Etenim
1418 550 1579 607 quam
1606 534 1826 591 tandem
1857 537 2018 591 aliam
2047 537 2102 592 in
2137 536 2215 593 his

2329 536 2421 607 ρόν
2465 554 2556 608 με,
2592 538 2741 591 ἴασαι
2786 536 2887 609 τὴν
2916 538 3098 610 ψυχήν
3140 552 3283 609 μου,
3322 532 3428 588 καὶ
3465 535 3518 587 ει
3569 531 3812 607 ἦμαρτόν
3836 554 3929 607 σοι,

646 625 990 697 Seripturam
1024 626 1349 696 completam
1378 642 1502 683 esse
1531 627 1768 692 dicebat,
1803 628 1911 683 nisi
1941 643 2062 682 eam
2095 644 2215 699 quae

2318 631 2367 682 ot
2396 628 2579 701 ἐχθροί
2608 645 2710 699 μου
2735 628 2921 698 ελεγον
2952 629 3083 702 περὶ
3112 626 3270 699 ἐμοῦ
3307 624 3498 679 κακά·
3519 624 3661 679 Πότε
3685 626 3927 706 ἀποθάνῃ,

643 718 701 772 in
731 715 837 772 hoc
862 716 1076 787 psalmo
1109 715 1362 789 habetur,
1395 717 1492 788 qui
1538 732 1685 773 nunc
1718 718 1773 772 in
1807 719 2063 775 manibus
2109 730 2215 786 est,

641 810 700 866 in
736 824 847 881 quo
878 810 1095 880 quidem
1124 809 1333 879 psalmo
1362 809 1495 865 illud
1532 809 1740 866 dictum
1774 819 1858 867 est
1889 827 1904 864 :
1949 830 1968 863 ι
2002 811 2216 867 Etenim

643 895 811 955 homo
837 897 989 965 pacis
1019 904 1153 952 me'ae
1185 897 1239 950 in
1266 911 1377 967 quo
1409 898 1643 968 speravi,
1680 900 1773 969 qui
1815 901 2010 955 edebat
2048 917 2217 971 panes

642 1004 822 1054 meos,
852 989 1218 1061 magniﬁcavit
1248 1006 1414 1061 super
1453 1008 1541 1048 me
1573 995 2074 1066 supplantationem
2089 996 2155 1047 ".
2191 1014 2211 1048 ι

641 1081 807 1138 Initio
836 1098 967 1155 ergo
1011 1086 1092 1139 sic
1133 1085 1211 1139 ait
1241 1105 1255 1141 :
1292 1105 1311 1139 ι
1346 1086 1457 1158 Ego
1490 1087 1624 1152 dixi,
1663 1089 1911 1153 Domine,
1956 1092 2219 1148 miserere

641 1177 770 1240 mei.
807 1192 942 1232 sana
964 1178 1204 1232 animam
1239 1194 1436 1244 meam,
1463 1183 1590 1251 quia
1618 1184 1839 1254 peccavi
1870 1182 1967 1237 tibi
1981 1184 2025 1215 ⁸⁸
2060 1204 2074 1239 :
2109 1205 2130 1237 ι
2161 1195 2218 1242 et

641 1286 739 1339 per
777 1277 951 1326 totum
985 1271 1276 1341 psalmum,
1322 1288 1386 1329 ea
1420 1290 1542 1345 quae
1575 1277 1790 1344 planius
1823 1277 1876 1332 in
1922 1277 2071 1332 hunc
2097 1293 2219 1333 mo-

639 1363 770 1415 dum
810 1360 1181 1433 Symmachus
1221 1364 1431 1419 edidite
1472 1384 1492 1416 ι
1548 1366 1631 1422 Me
1676 1367 1928 1431 dicente,
1964 1368 2213 1436 Domine,

640 1453 906 1509 miserere
957 1455 1085 1520 mei,
1123 1469 1257 1510 sana
1281 1457 1518 1512 animam
1551 1474 1769 1526 meam;
1808 1470 1863 1516 et
1894 1463 1940 1517 si
1993 1465 2217 1533 peccavi

640 1545 761 1608 tibi,
798 1545 1007 1600 inimici
1062 1546 1168 1601 mei
1223 1547 1477 1602 dixerunt
1533 1549 1601 1606 de
1651 1566 1738 1606 me
1788 1557 1951 1620 mala,
1997 1555 2217 1623 quando

640 1636 927 1704 morietur,
959 1646 1012 1693 et
1039 1639 1240 1708 peribit
1265 1655 1465 1699 nomen
1488 1640 1642 1710 ejus?
1662 1652 1717 1696 et
1745 1658 1869 1698 cum
1904 1645 2218 1717 ingredere-

641 1742 750 1796 tur,
782 1746 920 1786 vana
954 1732 1277 1803 loquebatur
1313 1748 1410 1788 cor
1440 1735 1581 1804 ejus,
1608 1739 1970 1809 congregabat
2008 1740 2221 1809 injusti-

641 1825 772 1877 tiam
821 1824 946 1879 sibi.
992 1823 1129 1879 Cum
1182 1825 1536 1895 egrederetur
1585 1829 1753 1896 foras,
1792 1831 2211 1901 obloquebatur,

640 1931 753 1971 uno
782 1918 969 1972 animo
1003 1919 1369 1973 susurrabant
1395 1927 1585 1974 contra
1627 1938 1713 1977 me
1742 1938 1932 1978 omnes
1958 1926 2052 1994 qui
2084 1927 2213 1982 ode-

638 2015 765 2063 rant
795 2024 903 2071 me,
927 2009 995 2064 de
1026 2026 1112 2066 me
1140 2011 1456 2081 cogitabant
1490 2014 1630 2067 mala
1664 2014 1818 2080 mihi,
1851 2017 2078 2070 verbum
2110 2018 2217 2073 ini-

638 2114 809 2171 quttm
840 2099 1071 2156 ell‘usum
1103 2111 1223 2157 erat
1270 2103 1412 2158 inter
1437 2104 1607 2173 ipsos,
1644 2112 1699 2159 et
1736 2106 1830 2175 qui
1865 2107 2065 2161 cecidit
2104 2124 2214 2164 non

640 2195 877 2265 amplius
912 2203 1120 2267 surget,
1168 2197 1261 2252 sed
1310 2207 1364 2252 et
1406 2198 1570 2253 homo
1598 2200 1690 2269 qui
1738 2214 1927 2270 pacem
1980 2201 2215 2258 habebat

639 2302 876 2355 mecum,
907 2290 997 2345 cui
1038 2290 1401 2357 conlidebam,
1431 2292 1724 2347 comedens
1776 2309 1988 2348 mecum
2016 2310 2214 2365 panem

637 2394 844 2446 meum,
880 2383 1265 2453 magniﬁcatus
1301 2391 1387 2439 est
1426 2394 1617 2439 contra
1652 2400 1736 2441 me
1766 2395 2212 2457 consequenter;

638 2477 699 2523 tu
730 2477 934 2536 autem,
972 2471 1221 2539 Domine,
1240 2474 1499 2531 miserere
1527 2477 1655 2541 mei,
1686 2485 1739 2531 et
1767 2480 1975 2533 suscita
2009 2495 2115 2540 me,
2157 2488 2217 2533 ut

637 2562 941 2618 retribuam
973 2564 1055 2619 eis
1086 2583 1102 2621 :
1131 2574 1354 2636 propter
1384 2566 1489 2621 hoc
1512 2582 1841 2637 cognoscam
1870 2571 2016 2640 quod
2042 2572 2214 2636 voles,

636 2658 687 2712 si
716 2672 827 2712 non
856 2658 1456 2727 obloqueturinimicus
1483 2676 1657 2726 meus,
1677 2677 1762 2717 me
1785 2672 1965 2718 autem
1992 2673 2218 2735 propter

636 2749 1045 2818 simplicitatem
1078 2752 1393 2821 suscepisti,
1424 2762 1479 2806 et
1521 2754 1825 2810 constitues
1864 2770 1951 2809 me
1996 2756 2049 2809 in
2083 2771 2218 2810 eon-

637 2850 830 2911 spectu
858 2848 956 2897 tuo
979 2843 1033 2897 in
1065 2851 1354 2899 aeternum.
1393 2864 1412 2896 ι
1443 2845 1579 2900 Cum
1618 2846 1705 2902 his
1742 2862 1870 2902 vero
1896 2863 2019 2918 quae
2051 2846 2217 2919 Sym-

635 2933 868 2988 machus
900 2932 1072 2990 edidit
1096 2934 1436 2989 concordant
1466 2936 1630 2990 etiam
1680 2950 1745 2990 ea
1771 2952 1895 3005 qua:
1920 2936 1988 2990 ab
2018 2936 2217 3006 Aquila

636 3025 784 3080 edita
815 3034 964 3090 sunt,
992 3041 1267 3097 sensuque
1288 3026 1430 3082 idem
1453 3028 1657 3081 valent.
1683 3026 1928 3081 Primum
1956 3028 2124 3099 igitur
2149 3028 2217 3084 de

636 3133 704 3172 eo
751 3120 896 3188 quod
939 3134 1006 3174 ex
1054 3133 1287 3187 persona
1344 3116 1649 3175 Salvatoris
1709 3122 1885 3176 nostri
1939 3123 2215 3178 enuntiari

2318 721 2412 775 καὶ
2437 719 2719 775 ἀπολεῖται
2749 720 2810 775 τὸ
2834 719 3004 793 ὄνομα
3022 719 3204 775 αὐτοῦ
3228 736 3245 786 ;
3281 717 3708 790 Εἰσερχόμενος
3736 724 3930 778 ἑπισκέο

2315 813 2548 883 ψασθαι,
2604 813 2806 884 μάταια
2857 813 3035 868 ἐλάλει
3081 816 3118 887 ἠ
3176 810 3402 883 καρδία
3460 809 3670 875 αὐτοῦ,
3707 811 3930 885 ἥθροιζεν

2318 904 2533 958 ἀδικίαν
2568 906 2756 976 ἑαυτῇ.
2786 905 3178 977 Ἑξερχόμενος
3206 902 3271 957 δὲ
3300 901 3417 968 ἔξω
3448 903 3764 958 κατελὰλει.
3789 908 3929 977 Ὀμο-

2318 998 2556 1070 θυμαδὸν
2605 998 2919 1068 ἐψιθύριζον
2949 1000 3070 1053 κατ’
3109 998 3264 1070 ἐμοῦ
3317 997 3545 1061 πάντες
3587 1000 3639 1051 οἱ
3673 999 3931 1069 μισοῦντές

2321 1106 2411 1161 με,
2446 1090 2575 1160 περὶ
2603 1089 2739 1161 ἐμοῦ
2764 1089 3074 1153 ἐννοοῦντες
3099 1090 3264 1143 κακά
3279 1104 3407 1160 μοι.
3435 1088 3621 1157 Λόγος
3640 1090 3932 1161 παράνομος

2318 1184 2581 1253 ἐκκέχυτο
2617 1183 2764 1238 ἔνδον
2806 1185 3004 1248 αὐτῶν,
3036 1186 3129 1239 καὶ
3168 1183 3380 1238 πεσὼν
3412 1184 3612 1237 οὐκέτι
3657 1186 3932 1257 ἀγαπήσε-

2315 1292 2439 1329 ται·
2483 1276 2620 1330 ἀλλὰ
2671 1276 2766 1330 καὶ
2802 1277 3107 1350 ἄνθρωπος,
3141 1277 3211 1340 ὃς
3255 1276 3533 1349 εἰρηνευέ
3585 1294 3699 1349 μοι,
3736 1272 3781 1347 ᾧ
3817 1279 3930 1333 ἐπες

2318 1367 2546 1430 ποίθειν,
2579 1368 2871 1423 συνεσθίων
2915 1387 3004 1441 μοι
3050 1371 3222 1441 ἄρτον
3274 1370 3447 1441 ὲμὸν,
3495 1370 3928 1444 κατεμεγαλύνθη

2321 1476 2441 1529 μου.
2478 1459 2826 1525 Ἀκολούθως,
2853 1462 2916 1515 σὺ
2938 1461 3017 1524 δὲ,
3044 1462 3248 1534 Κύριε,
3266 1458 3564 1531 οἴκτειρόν
3600 1478 3692 1531 με,
3721 1460 3810 1515 καὶ
3851 1464 3930 1516 ἁν-

2318 1548 2531 1621 έγειρόν
2568 1567 2655 1620 με,
2688 1549 2775 1603 ἵνα
2812 1550 3178 1605 ἀνταποδώσω
3212 1551 3445 1613 αὐτοῖς.
3485 1550 3593 1602 Διὰ
3621 1549 3782 1603 τοῦτο
3804 1550 3929 1619 γνὼσ

2320 1643 2609 1713 σομαι,ὂτι
2642 1642 2910 1714 θελήσεις,
2945 1642 3041 1697 ὲὰν
3101 1644 3175 1717 μὴ
3231 1641 3622 1715 καταλαλήσῃ
3671 1645 3701 1697 ό
3757 1643 3928 1715 ἐχθρός

2321 1751 2443 1805 μου.
2489 1734 2652 1805 Ἐμοῢ
2674 1735 2730 1789 δὲ
2752 1735 2840 1789 διὰ
2866 1734 2963 1806 τὴν
2988 1734 3277 1806 ἁπλότητα
3313 1735 3623 1804 ἀντέσχον,
3655 1735 3749 1788 καὶ
3772 1752 3928 1807 παρα-

2320 1826 2535 1897 στήσεις
2570 1842 2640 1897 με
2685 1825 2996 1897 ἔμπροσθέν
3026 1843 3120 1880 σου
3167 1827 3240 1880 δι’
3271 1826 3510 1888 αἰῶνος.
3548 1846 3568 1878 ι
3620 1826 3927 1898 ’ἰσοδυναμεί

2316 1916 2374 1969 δὲ
2420 1920 2536 1981 τοῖς
2570 1916 2663 1970 τοῦ
2696 1917 2993 1989 Συμμὰχου
3027 1919 3120 1973 καὶ
3160 1919 3232 1972 τὰ
3279 1917 3556 1971 Ἀκόλου.
3595 1917 3819 1990 Πρῶτον
3844 1914 3924 1971 οὖν

2317 2008 2447 2079 περ)⁵
2494 2006 2588 2060 τοῦ
2641 2007 2818 2061 δοκεῖν
2850 2009 3217 2080 ἁπεμφαίνειν
3256 2011 3332 2063 ἐκ
3364 2006 3682 2079 προσώπου
3713 2008 3803 2062 τοῦ
3826 2009 3924 2063 Σω-

2315 2100 2478 2172 τῆρος
2508 2098 2665 2171 ἡμῶν
2694 2100 2755 2153 τὸ
2776 2101 3084 2172 εἰρημένον,
3101 2103 3184 2165 τὸ,
3211 2122 3230 2153 ι
3258 2103 3461 2155 "Iaca:
3485 2101 3592 2172 τὴν
3612 2102 3790 2172 ψυχήν
3813 2118 3920 2172 μου,

2314 2192 2396 2246 ὃτι
2445 2191 2691 2264 ἥμαρτόν
2732 2208 2835 2258 σοι,
2872 2212 2890 2243 ι
2924 2195 3189 2266 τηρήσεις
3216 2194 3285 2247 τὸ
3319 2192 3490 2267 παρὰ
3533 2193 3617 2263 τῷ
3661 2194 3921 2264 Συμμὰχῳ

2320 2283 2394 2354 μὴ
2437 2283 2610 2347 οὕτως
2656 2282 2797 2354 ἔχον,
2828 2283 2984 2349 ἁλλὰ,
3022 2304 3040 2337 ι
3085 2286 3265 2339 Ἴασαι
3300 2286 3415 2356 τὴν
3455 2285 3649 2356 ψυχήν
3686 2302 3805 2356 μου,
3839 2287 3920 2338 καὶ

2316 2379 2365 2429 εί
2389 2377 2634 2449 ἤμαρτόν
2668 2394 2769 2451 σοι.
2810 2396 2830 2429 ι
2865 2379 2975 2431 Kal
3017 2377 3163 2432 οὕτω
3197 2380 3256 2433 δὲ
3292 2378 3472 2432 τοῦτό
3522 2394 3713 2449 φησιν,
3754 2379 3918 2450 ἐπειδή

2315 2471 2414 2535 τὰς
2464 2472 2741 2543 ἡμετέρας
2780 2476 3075 2526 κοινοποιεῖ
3127 2475 3208 2537 είς
3254 2474 3469 2527 ἑαυτὸν
3515 2472 3808 2544 ἁμαρτίας.
3839 2472 3916 2525 Διὸ

2316 2563 2598 2617 λέλεκται·
2630 2583 2648 2615 ι
2678 2564 2786 2619 Kal
2807 2564 3011 2637 Κύριος
3043 2565 3373 2637 παρέδωκεν
3405 2565 3581 2619 αὑτὸν
3615 2567 3736 2628 ταῖς
3761 2565 3916 2636 ἁμαρ-

2314 2655 2457 2719 τίαις
2497 2654 2654 2727 ἡμῶν
2678 2673 2691 2686 ο
2721 2675 2740 2707 ι
2778 2656 2891 2720 καὶ,
2923 2676 2942 2707 ι
2982 2656 3152 2720 Αὐτὸς
3179 2657 3483 2729 ἁμαρτίας
3515 2655 3680 2727 ἡμῶν
3706 2655 3867 2727 φέρει.
3890 2674 3907 2706 ι

2316 2745 2513 2814 Γέγονε
2546 2746 2676 2816 γοῦν
2699 2748 2839 2820 ὑπὲρ
2863 2748 3018 2819 ήμῶν
3054 2748 3270 2820 κατάρα
3297 2752 3329 2802 ό
3370 2748 3581 2819 Ἀμνὸς
3610 2746 3707 2801 τοῦ
3729 2745 3910 2818 Θεοῦ,ό

2317 2838 2487 2909 αἴρων
2531 2838 2629 2910 τὴν
2676 2840 2947 2911 ἁμαρτίαν
2989 2839 3086 2893 τοῦ
3133 2841 3343 2911 κόσμου
3368 2857 3384 2871 ·
3420 2841 3485 2894 δν
3515 2842 3611 2894 καὶ
3638 2839 3713 2911 μὴ
3734 2841 3905 2907 γνόντα

2319 2932 2592 3003 ἁμαρτίαν
2644 2935 2673 2986 ό
2729 2932 2862 2996 Θεὸς
2907 2934 3049 3005 ὑπὲρ
3090 2934 3247 3006 ἡμῶν
3295 2933 3595 3007 ἁμαρτίαν
3649 2934 3904 3003 ἐποίησεν,

2318 3025 2606 3096 ἁντίψυχον
2645 3026 2786 3097 ὑπὲρ
2833 3027 3051 3079 πάντων
3084 3026 3240 3098 ἡμῶν
3273 3029 3597 3100 προέμενος
3633 3027 3806 3089 αὐτὸν,
3831 3027 3903 3079 ἵνα

2317 3120 2477 3191 ἡμεῖς
2505 3118 2792 3191 γενώμεθα
2816 3119 3129 3191 δικαιοσύνη
3163 3119 3301 3173 Θεοῦ
3325 3124 3389 3174 ἐν
3423 3119 3602 3190 αὐτῷ.
3642 3119 3777 3172 Ἀλλ’
3799 3118 3905 3171 ἐπεὶ

636 3210 908 3274 videatur,
942 3209 1079 3264 illud
1112 3210 1257 3279 quod
1313 3209 1520 3265 dictum
1565 3222 1688 3267 est:
1727 3230 1745 3262 ι
1786 3210 1930 3268 Sana
1975 3214 2212 3268 animam

2318 3212 2409 3265 καὶ
2445 3214 2503 3265 ὲν
2532 3211 2834 3283 ὁμοιώματι
2893 3212 3094 3285 σαρκὸς
3143 3213 3428 3285 ἁμαρτίας
3456 3213 3756 3284 γενόμενος
3790 3227 3901 3265 κατ-

637 3316 836 3365 meam,
870 3302 997 3372 quia
1028 3303 1244 3371 peccavi
1280 3301 1400 3367 tibi,
1434 3321 1453 3354 ι
1486 3302 1796 3371 observato,
1838 3321 2025 3375 quaeso
2055 3317 2127 3372 te,
2157 3315 2217 3361 ut

636 3393 781 3449 idem
811 3394 952 3464 apud
1001 3393 1387 3466 Symmachum
1434 3410 1544 3450 non
1577 3395 1768 3451 eodem
1816 3398 1979 3453 modo
2028 3415 2087 3454 se
2120 3400 2217 3453 ha-

635 3484 783 3549 beat,
817 3485 912 3541 sed
945 3486 1026 3541 sic
1054 3504 1068 3539 :
1101 3484 1246 3540 Sana
1289 3487 1528 3540 animam
1574 3503 1773 3553 meam,
1806 3496 1861 3543 et
1898 3491 1944 3545 si
1992 3492 2217 3559 peccavi

635 3577 759 3632 tibi.
790 3597 811 3630 ι
846 3575 940 3631 Sic
967 3585 1149 3633 autem
1173 3578 1278 3633 hoc
1307 3578 1397 3633 ille
1416 3580 1511 3645 ait,
1540 3589 1826 3650 propterea
1854 3581 2001 3652 quod
2028 3590 2216 3639 nostra

635 3685 826 3725 secum
882 3670 1002 3740 ipse
1046 3680 1268 3741 peccata
1315 3671 1767 3727 communicavit.
1808 3672 1888 3728 Ex
1937 3691 2049 3745 quo
2080 3675 2216 3730 illud

633 3759 844 3816 dictum
888 3770 1017 3817 est:
1057 3781 1075 3813 ι
1107 3761 1173 3816 Ει
1217 3761 1481 3819 Dominus
1530 3765 1757 3819 tradidit
1802 3781 1927 3821 eum
1977 3769 2217 3836 peccatis

635 3852 866 3918 nostris,
895 3860 971 3916 et,
1007 3852 1127 3923 ipse
1174 3862 1396 3923 peccata
1422 3862 1608 3910 nostra
1643 3854 1822 3911 fert”.
1863 3876 1882 3908 ι
1920 3856 2082 3930 467
2113 3857 2218 3912 Fa-

634 3954 761 3998 ctus
791 3951 878 3999 est
911 3943 1080 4015 igitur
1109 3960 1207 4016 pro
1232 3945 1395 4001 nobis
1422 3949 1730 4004 exsecratio
1760 3949 1852 4004 ille
1878 3949 2067 4019 Agnus
2098 3949 2213 4016 Dei,

634 4036 729 4107 qui
774 4036 919 4091 tollit
951 4045 1235 4107 peccatum
1270 4038 1481 4103 mundi,
1524 4055 1687 4109 quem
1722 4055 1832 4095 non
1877 4056 2219 4112 cognoscen-

634 4131 745 4181 tem
774 4134 1079 4195 peccatum,
1111 4126 1257 4184 Deus
1283 4143 1382 4198 pro
1406 4130 1566 4184 nobis
1595 4140 1879 4199 peccatum
1913 4132 2061 4196 fecit,
2085 4132 2214 4186 dum

635 4219 790 4272 illum
825 4220 1059 4289 pretium
1091 4222 1391 4275 animatum
1424 4236 1488 4276 ac
1519 4223 1700 4276 vivum
1731 4240 1831 4293 pro
1860 4225 2068 4279 nostris
2097 4239 2216 4277 om-

635 4307 788 4362 nium
820 4308 1022 4363 animis
1072 4310 1260 4375 tradit,
1292 4318 1352 4365 ut
1397 4328 1499 4368 nos
1529 4312 1831 4369 etiiciamur
1872 4314 2091 4383 justitia
2118 4313 2214 4368 Dei

633 4398 693 4454 in
725 4399 866 4469 ipso.
899 4398 1007 4455 Sed
1035 4402 1257 4472 quando
1283 4404 1447 4457 etiam
1498 4404 1553 4458 in
1584 4405 1998 4461 similitudinem
2029 4407 2216 4463 carnis

633 4494 847 4564 peccati
897 4491 1099 4560 factus,
1157 4494 1542 4550 condemnavit
1587 4507 1870 4568 peceatum
1922 4499 1979 4552 in
2024 4512 2211 4561 carne,

2324 3301 2506 3373 έκρινε
2535 3302 2632 3374 τὴν
2654 3303 2925 3374 ἁμαρτίαν
2942 3304 3000 3355 ἐν
3021 3305 3087 3374 τῇ
3113 3304 3297 3376 σαρκὶ,
3320 3304 3571 3367 εἰκότως
3592 3302 3900 3374 προφέρεται

2323 3399 2392 3451 τὰ
2424 3398 2735 3469 ἐκκείμενα.
2763 3399 2884 3451 Ὅτι
2922 3397 2981 3451 δὲ
3013 3397 3112 3462 τὰς
3152 3399 3438 3472 ἡμετέρας
3470 3398 3751 3471 ἁμαρτίας
3779 3394 3898 3461 £50:-

2323 3487 2659 3559 κειούμενος,
2693 3488 2783 3542 διὰ
2838 3489 2939 3561 τὴν
2983 3489 3121 3561 πρὸς
3164 3492 3311 3561 ἡμᾶς
3336 3490 3574 3563 ἀγάπην
3602 3491 3696 3543 καὶ
3734 3487 3896 3557 φιλαν-

2324 3579 2592 3652 θρωπίαν,
2622 3580 2796 3635 ταῦτά
2824 3598 3007 3651 φησιν,
3047 3580 3174 3651 ἑξῆς
3199 3582 3569 3645 ὑποκαταϐὰς
3590 3584 3650 3635 ὲν
3677 3578 3815 3650 αὐτῷ
3831 3577 3894 3648 τῷ

2322 3673 2520 3745 ψαλμῷ
2545 3672 2813 3744 ἐπιφέρει,
2847 3671 3050 3741 λέγων·
3089 3691 3108 3724 ι
3150 3673 3314 3744 Ἐμοῦ
3339 3674 3402 3728 δὲ
3427 3674 3521 3729 διά
3550 3673 3651 3745 τὴν
3682 3671 3893 3726 ἀκακίαν

2322 3766 2647 3821 ἁντελὰὗουο
2684 3785 2703 3817 ι
2741 3765 2928 3835 σαφῶς
2955 3765 3017 3819 τὸ
3050 3767 3422 3837 ἁπειρόκακον
3455 3766 3556 3821 τοῦ
3595 3763 3784 3835 Ἀμνοῦ
3810 3760 3889 3815 τοῦ

2322 3855 2458 3909 Θεοῦ
2483 3855 2769 3928 παριστὰς.
2795 3854 2919 3916 Πῶς
2944 3855 3002 3908 δὲ
3032 3857 3132 3919 τὰς
3159 3857 3441 3929 ἡμετέρας
3462 3856 3735 3928 ἁμαρτίας
3764 3851 3887 3917 ἐξοι-

2322 3946 2598 4011 κειοῦται;
2635 3946 2728 3999 καὶ
2757 3944 2875 4008 πῶς
2908 3945 3093 4017 φέρειν
3114 3944 3329 4015 λέγεται
3357 3947 3463 4011 τὰς
3485 3945 3715 4017 ἀνομίας
3729 3940 3886 4013 ἡμῶν,

2321 4040 2355 4111 ἢ
2391 4038 2510 4091 καθ’
2544 4038 2573 4091 δ
2604 4037 2761 4109 σῶμα
2776 4036 2940 4091 αὑτοῦ
2964 4033 3101 4091 εἶναι
3128 4037 3430 4110 λεγόμεθα;
3461 4038 3608 4093 κατὰ
3625 4038 3716 4092 τὸν
3747 4031 3885 4087 ’Λπό-

2324 4131 2509 4185 στολον
2538 4132 2787 4202 φήσαντα
2805 4147 2820 4162 ⁸
2845 4149 2863 4181 ι
2886 4129 3076 4201 Ὑμεῖς
3107 4130 3164 4185 δέ
3196 4133 3318 4185 ὲστε
3348 4133 3513 4205 σῶμα
3537 4122 3885 4204 Χριστοῦ,καὶ

2325 4222 2459 4293 μέλη
2487 4223 2553 4275 ὲκ
2580 4221 2811 4293 μέρους·
2851 4220 2944 4273 καὶ⁵
2980 4219 3101 4273 καθ’
3140 4220 3169 4273 δ
3203 4220 3512 4293 πάσχοντος
3544 4222 3663 4285 ἑνὸς
3690 4217 3878 4291 μέλους.

2324 4314 2632 4384 συμπάσχει
2668 4312 2845 4367 πάντα
2867 4311 2935 4366 τὰ
2963 4311 3119 4384 μέλη,
3152 4333 3170 4365 ι
3191 4313 3332 4367 οὕτω
3351 4316 3462 4369 τῶν
3486 4313 3696 4369 πολλῶν
3728 4307 3882 4382 μελῶν

2322 4406 2638 4478 πασχόντων
2660 4407 2755 4460 καὶ
2783 4406 3228 4478 ἁμαρτανόντων,
3253 4410 3349 4462 καὶ
3389 4410 3558 4473 αὐτὸς
3595 4406 3731 4462 κατὰ
3771 4402 3878 4463 τοὺς

2320 4499 2419 4569 τῆς
2473 4497 2815 4570 συμπαθείας
2856 4497 3068 4566 λόγους,
3102 4498 3420 4574 (ἐπειδήπερ
3462 4500 3738 4570 εὐδόκησε,
3762 4490 3876 4547 Θεοῦ

634 4585 832 4641 merito
878 4585 1235 4655 proferuntur
1287 4603 1351 4643 ea
1407 4604 1529 4657 quae
1571 4590 1686 4659 jam
1736 4592 1982 4661 exposita
2057 4598 2208 4646 sunt.

2318 4590 2487 4657 Λόγος
2515 4586 2611 4651 ὢν,
2646 4587 2859 4658 μορφὴν
2885 4586 3071 4641 δούλου
3090 4588 3296 4654 λαϐεῖν,
3330 4593 3423 4644 καὶ
3455 4592 3539 4663 τῷ
3575 4586 3732 4659 κοινῷ
3767 4583 3875 4637 πάνυ

632 4676 792 4745 Quod
831 4686 1017 4734 autem
1057 4687 1285 4749 peccata
1330 4688 1544 4746 nostra,
1597 4696 1698 4736 sua
1744 4682 1950 4737 faciens
1994 4689 2217 4753 propter

630 4770 959 4826 cltaritatem
990 4787 1121 4843 erga
1148 4787 1248 4827 nos
1294 4788 1358 4827 ac
1388 4772 1821 4829 benevolentiam
1847 4812 1863 4837 .
1900 4775 2016 4829 haec
2045 4774 2213 4838 dicat,

2310 4694 2418 4732 των
2461 4675 2618 4749 ἡμῶν
2672 4676 2991 4748 σκηνώματι
3038 4677 3435 4748 συναφθῆναιο)
3470 4682 3599 4744 τοὺς
3643 4676 3745 4731 τῶν
3785 4688 3873 4725 παι

2315 4770 2554 4841 σχόντων
2585 4768 2761 4840 μελῶν
2793 4769 2990 4835 πόνους
3035 4771 3116 4833 είς
3162 4771 3352 4823 ἑαυτὸν
3388 4770 3768 4843 ἀναλαμϐάνει,
3795 4762 3870 4817 καὶ

631 4865 893 4937 deinceps
921 4868 1170 4923 oratione
1200 4884 1528 4938 progressus
1555 4869 1612 4923 in
1646 4869 1836 4924 eodem
1887 4869 2099 4940 psalmo
2124 4868 2215 4923 de-

2318 4862 2413 4928 τὰς
2445 4861 2716 4934 ἡμετέρας
2749 4862 2937 4925 νόσους
2968 4861 3322 4927 ίδιοποιεϊται,
3350 4864 3445 4916 καὶ
3489 4865 3702 4917 πάντων
3735 4852 3869 4928 ἡμῶν

630 4966 931 5025 monstrat,
956 4960 1146 5015 dicens
1174 4979 1188 5014 :
1223 4979 1241 5011 ι
1274 4958 1357 5015 Me
1384 4967 1567 5016 autem
1595 4969 1818 5031 propter
1847 4961 2217 5019 innocentiam

629 5053 925 5124 suscepisti
945 5053 1012 5107 ⁸⁸.
1067 5071 1086 5105 ι
1137 5052 1351 5119 Quibus
1394 5053 1578 5109 verbis
1624 5053 1944 5123 planissime
1992 5055 2207 5125 Agnum

627 5142 749 5210 Dei,
786 5143 968 5199 omnis
1016 5144 1145 5198 mali
1191 5151 1470 5214 expertem
1503 5152 1558 5199 et
1607 5145 1905 5200 innocuum
1949 5149 2208 5205 ostendit.

634 5236 745 5293 Sed
772 5252 883 5309 quo
913 5239 1133 5316 tandem
1172 5236 1335 5293 modo
1371 5238 1463 5294 ille
1502 5245 1725 5308 peccata
1753 5246 1946 5293 nostra
1992 5256 2092 5295 sua
2137 5241 2216 5296 fe-

630 5332 731 5396 cit,
766 5337 822 5386 et
858 5346 971 5402 quo
1017 5331 1148 5386 item
1200 5329 1366 5385 modo
1430 5330 1748 5401 iniquitates
1793 5339 2015 5387 nostras
2059 5332 2219 5387 tulit?

630 5438 765 5480 nunt
795 5438 864 5478 ex
886 5438 954 5477 eo
983 5422 1132 5494 quod
1156 5437 1360 5494 corpus
1381 5422 1532 5477 illius
1562 5436 1664 5476 nos
1688 5437 1812 5477 esse
1836 5422 1968 5478 dicti
1998 5439 2211 5488 sumus,

631 5522 695 5571 ut
716 5516 794 5569 ait
832 5514 1127 5585 Apostolus
1152 5533 1165 5567 :
1211 5530 1230 5563 ι
1259 5511 1369 5568 Vos
1399 5522 1581 5567 autem
1616 5513 1752 5567 estis
1782 5526 1987 5583 corpus
2007 5512 2214 5568 Christi

631 5613 691 5663 et
721 5606 967 5662 membra
1007 5620 1073 5659 cx
1128 5611 1304 5673 parte,
1353 5612 1408 5659 et
1448 5619 1513 5658 ex
1563 5618 1629 5658 eo
1674 5603 1822 5674 quod
1867 5603 1998 5658 dum
2043 5620 2213 5658 unum

634 5694 947 5752 membrum
989 5694 1216 5765 patitur,
1271 5694 1431 5749 simul
1464 5698 1649 5749 omnia
1698 5710 1824 5749 cum
1855 5709 1920 5749 eo
1968 5694 2214 5749 membra

2318 4954 2617 5028 ὑπεραλγεί
2656 4954 2750 5008 καὶ
2793 4955 3110 5026 ὑπερπονεῖ,
3143 4952 3286 5008 κατὰ
3308 4955 3436 5020 τοὺς
3462 4958 3563 5029 τῆς
3601 4949 3871 5025 φιλανθρω-

2316 5049 2447 5113 πίας
2473 5047 2690 5119 νόμους.
2723 5046 2798 5100 Οὐ
2825 5045 2982 5117 μόνον
3003 5045 3059 5099 δὲ
3086 5045 3258 5099 ταῦτα
3280 5047 3492 5117 πράξας
3523 5051 3553 5102 ό
3588 5042 3768 5116 Ἀμνδς
3786 5034 3865 5090 τοῦ

2317 5140 2475 5205 Θεοῦ,
2512 5138 2648 5194 ἀλλὰ
2689 5139 2782 5194 καὶ
2818 5139 2957 5208 ὑπὲρ
2988 5136 3145 5209 ἡμῶν
3184 5138 3470 5202 κολασθεὶς
3501 5139 3596 5194 καὶ
3627 5129 3869 5206 τιμωρίαν

2319 5230 2592 5303 ὑποσχὼν,
2631 5232 2697 5303 ἢν
2735 5229 2893 5291 αὐτὸς
2928 5228 3026 5299 μὲν
3059 5228 3159 5281 οὐκ
3189 5228 3439 5299 ὠφειλεν,
3471 5229 3584 5282 ἁλλ’
3611 5226 3759 5299 ἡμεῖς
3784 5214 3863 5272 τοῦ

2317 5325 2554 5397 πλήθους
2585 5322 2770 5377 ἕνεκεν
2807 5320 2916 5374 τῶν
2963 5320 3533 5393 πεπλημμελημένων,
3569 5322 3691 5393 ἡμῖν
3719 5313 3868 5372 αἴτιος

2316 5417 2418 5487 τῆς
2459 5417 2566 5470 τῶν
2612 5414 3025 5486 ἁμαρτημάτων
3075 5415 3322 5482 ἀφέσεως
3365 5417 3619 5487 κατέστη,
3654 5413 3741 5468 ἅτε
3785 5404 3863 5460 τὸν

2318 5509 2460 5580 ὑπὲρ
2496 5506 2651 5578 ἡμῶν
2689 5505 3082 5578 ἀναδεξάμενος
3110 5506 3360 5571 θάνατον,
3397 5508 3663 5580 μάστιγάς
3691 5519 3746 5557 τε
3783 5495 3865 5552 καὶ

2323 5598 2528 5671 ὖὸρεις,
2562 5597 2657 5653 καὶ
2697 5598 2921 5668 ἁτιμίας
2971 5598 3102 5668 ἡμῖν
3133 5598 3560 5672 ὲποφειλομένας
3606 5601 3680 5663 εἰς
3722 5589 3860 5648 αὐτὸν

2326 5694 2598 5763 μεταθεὶς,
2638 5693 2733 5747 καὶ
2770 5692 2870 5764 τὴν
2924 5693 3055 5762 ἡμῖν
3097 5696 3607 5767 προστετιμημένην
3648 5688 3862 5757 κατάραν

708 5879 753 5912 ³⁸
790 5877 949 5935 Joan.
986 5895 1115 5945 xm,
1154 5882 1237 5934 18.
1316 5882 1358 5916 ’τ
1400 5878 1546 5935 Psal.
1578 5895 1682 5947 XL,
1720 5879 1804 5935 10.
1860 5881 1931 5961 ,³³³
1977 5879 2113 5941 ibid.
2150 5877 2199 5935 ὅ.

2318 5886 2321 5903 ⁵
2364 5876 2466 5935 lsa.
2509 5893 2639 5945 Lm,
2675 5875 2790 5934 4-6.
2870 5878 2913 5915 '°
2954 5876 3099 5935 Psal.
3134 5892 3237 5941 ιι..
3274 5878 3361 5933 l3.
