4106 6420
346 370 480 427 725

1277 366 1928 426 DEMONSTBATIONIS
1965 365 2426 424 EVANGELIC‘E
2463 365 2591 422 LIB.
2632 364 2701 424 Χ.

3514 358 3619 417 ππ

347 489 456 560 ἔφ’
483 489 673 545 ἐαυτὸν
717 487 968 552 ἑλκύσας,
999 487 1288 558 γενόμενος
1319 485 1462 556 ὑπὲρ
1501 484 1659 557 ήμῶν
1692 483 1906 556 κατάρα
1925 502 1936 517 ·

2045 481 2405 555 patiuntur“,
2435 500 2456 534 ι
2487 481 2562 536 ita
2589 480 2874 542 nimirum,
2898 477 3088 533 multis
3108 476 3252 532 enim
3285 476 3616 548 patientibus

350 581 467 634 καὶ
520 579 576 632 τί
608 578 717 651 γὰρ
757 578 903 643 ἀλλο,
936 579 970 649 ἢ
1018 576 1341 648 ἀντίψυχον;
1391 575 1474 630 διό
1514 593 1680 648 φησιν
1727 575 1786 641 ἐξ
1819 578 1952 647 ήμε-

347 671 528 744 τέρου
584 668 875 741 προσώπου
925 669 988 722 τὸ
1035 669 1240 737 λόγιον·
1285 686 1306 719 ι
1355 666 1446 738 Τῷ
1504 667 1730 738 μώλωπι
1785 665 1948 721 αὐτοῦ

355 763 531 832 ἡμεῖς
609 761 871 833 ἰάθημεν·
959 761 1054 814 καὶ
1121 759 1324 832 Κύριος
1394 759 1710 830 παρέδωκεν
1788 758 1950 812 αὐτὸν

351 857 490 918 ταῖς
532 854 826 926 ἁμαρτίαις
887 853 1063 925 ήμῶν.
1107 871 1126 904 ι
1167 854 1328 906 Ὥστε
1370 853 1595 917 εἰκότως
1645 851 1779 905 ἐνῶν
1823 853 1950 904 ἐαυ-

351 943 462 998 τὸν
511 944 664 1014 ἡμῖν,
716 945 864 1015 ἡμᾶς
910 959 970 996 τε
1031 940 1213 1012 αὐτῷ,
1260 942 1353 996 καὶ
1395 941 1466 996 τὰ
1511 941 1753 1013 ἡμέτερα
1803 940 1947 1012 πάθη

361 1034 792 1108 ιδιοποιούμενός
833 1015 1024 1106 φησιν·
1056 1053 1075 1086 ι
1124 1031 1266 1101 Ἐγὼ
1306 1030 1455 1088 εἶπα*
1491 1033 1683 1106 Κύριε,
1731 1031 1950 1103 ἐλέησόν

363 1144 460 1198 με,
486 1126 636 1181 ῖασαι
671 1127 772 1200 τὴν
791 1128 966 1198 ψυχήν
1001 1128 1219 1198 μου,ὃτι
1246 1125 1490 1198 ἥμαρτόν
1513 1142 1612 1179 σοι.
1643 1143 1662 1175 ι
1685 1124 1951 1196 Ὀρῶντας

358 1216 424 1269 δὲ
440 1218 665 1280 εἰκότως
709 1218 835 1281 τοὺς
870 1215 1317 1279 ἐπιϐουλεύοντας
1341 1216 1402 1268 οὐ
1438 1213 1596 1286 μόνον
1628 1213 1950 1287 ἀνθρώπους

356 1305 504 1359 ἀλλά
525 1307 620 1360 καὶ
635 1306 897 1378 ἁοράτους
918 1306 1173 1376 δυνάμεις
1200 1305 1297 1376 τὴν
1323 1304 1768 1377 ὑπερϐάλλουσαν
1795 1304 1949 1376 ἰσχὺν

358 1397 532 1450 αὐτοῦ
561 1397 664 1468 τῆς
710 1397 861 1462 θείας
893 1397 1263 1470 προσηγορίας
1303 1395 1397 1450 καὶ
1441 1395 1536 1449 τοῦ
1572 1395 1853 1466 ὀνόματος,
1881 1394 1947 1448 δι’

358 1480 426 1541 οὗ
450 1489 648 1562 μικρὸν
665 1488 891 1561 ὕστερον
915 1488 1256 1562 Χριστιανῶν
1285 1489 1382 1558 τὴν
1407 1489 1584 1541 πᾶσαν
1609 1488 1947 1559 κατέπλησεν

359 1585 712 1657 οἰκουμένην,
748 1585 961 1638 σϐέσειν
1000 1583 1167 1655 αὐτὴν
1189 1579 1340 1655 οἶμαι
1376 1583 1752 1655 ὑπειληφέναι,
1793 1584 1841 1635 εἰ
1877 1581 1947 1634 τὰ

358 1675 504 1747 πρὸς
551 1677 781 1730 θάνατον
833 1675 1275 1729 ἐπιϐουλεύσαιεν
1325 1677 1492 1747 αὐτῷ.
1534 1675 1705 1729 Τοῦτο
1747 1675 1810 1747 δὴ
1851 1671 1945 1728 οὖν

362 1768 498 1822 αὐτὸ
524 1768 788 1838 διελέγχει
830 1767 1088 1837 φάσκων⁹
1129 1786 1148 1819 ι
1179 1771 1242 1822 Oi
1273 1768 1455 1840 ἐχθροί
1487 1786 1587 1840 μου
1613 1765 1772 1823 εἶπαν
1797 1770 1945 1823 κακά

2049 582 2104 631 et
2135 573 2491 646 peccantibus
2521 570 2803 636 membris,
2840 571 2957 642 ipse
2997 585 3214 642 quoque
3241 571 3453 626 ratione
3481 586 3619 627 con-

2049 665 2338 722 sentientis
2419 662 2526 718 sibi
2588 661 2822 717 invicem
2876 669 3086 717 naturae
3138 661 3614 733 (quandoquidem

2049 773 2172 813 eum
2207 756 2300 812 Dei
2329 755 2568 811 Verbum
2599 761 2767 818 esset,
2799 755 2848 808 ei
2881 753 3178 824 placuit,et
3215 753 3446 810 formam
3471 755 3612 812 servi

2049 848 2320 918 accipere,
2350 855 2404 902 et
2435 847 2712 902 communi
2739 843 2982 900 omnium
3009 853 3199 901 nostro
3221 846 3503 901 domicilio
3531 860 3617 901 eo-

2048 939 2248 1011 pulari)
2278 938 2600 1010 patientium
2631 941 3001 993 membrorum
3023 937 3241 993 labores
3273 937 3330 992 in
3369 938 3613 1009 seipsum

2046 1030 2368 1100 assumpsit,
2406 1037 2460 1084 et
2488 1037 2712 1085 nostras
2745 1027 3073 1084 valetudinis
3093 1028 3457 1093 inﬁrmitates,
3484 1042 3614 1084 suas

2046 1121 2199 1188 fecit,
2232 1129 2287 1177 et
2310 1137 2376 1177 ex
2408 1123 2619 1194 legibus
2649 1121 3009 1176 humanitatis
3038 1136 3137 1191 pro
3175 1120 3428 1175 omnibus
3456 1120 3616 1174 nobis

2046 1224 2100 1270 et
2129 1214 2344 1269 dolores
2374 1219 2428 1268 et
2456 1213 2670 1268 labores
2701 1213 2977 1268 sustinuit.
3010 1212 3277 1268 Caeterum
3312 1226 3421 1265 non
3452 1210 3615 1265 modo

2046 1308 2210 1362 rebus
2241 1306 2329 1362 liis
2351 1306 2523 1377 gestis
2553 1303 2646 1360 Dei
2676 1305 2885 1376 Agnus,
2918 1320 3105 1362 verum
3133 1303 3295 1360 etiam
3327 1317 3427 1374 pro
3456 1301 3613 1355 nobis

2045 1407 2317 1454 tormenta
2373 1413 2593 1468 passus,
2639 1399 3015 1470 supplicioque
3059 1396 3308 1463 affectus,
3337 1409 3446 1466 quo
3498 1394 3615 1464 ipse

2045 1491 2264 1562 quidem
2294 1492 2494 1564 dignus
2534 1494 2759 1549 minime
2798 1499 2936 1556 erat,
2978 1491 3073 1546 sed
3111 1505 3213 1546 nos
3250 1488 3356 1559 ipsi
3390 1495 3615 1558 propter

2045 1582 2450 1638 multitudinem
2491 1593 2865 1655 peccatorum,
2893 1591 2953 1638 ut
2982 1589 3204 1653 peccata
3229 1579 3388 1638 nobis
3426 1577 3615 1632 dimit-

2055 1682 2322 1739 terentur,
2355 1684 2548 1730 auctor
2581 1675 2794 1735 exstitit
2822 1694 2835 1729 :
2875 1681 3061 1744 utpote
3112 1672 3203 1743 qui
3233 1685 3332 1741 pro
3364 1668 3522 1724 nobis
3559 1676 3614 1722 et

2044 1771 2272 1820 mortem
2298 1765 2545 1830 subierit,
2579 1775 2630 1821 et
2657 1765 2905 1830 verbera,
2935 1772 2988 1820 et
3010 1763 3232 1834 probra,
3261 1769 3314 1816 et
3335 1767 3613 1816 contume-

367 1877 488 1931 μοι·
543 1860 681 1914 Πότε
721 1859 1072 1914 ἀποθανεῖται
1116 1862 1210 1914 καὶ
1240 1860 1516 1913 ἀπολεῖται
1545 1860 1606 1913 τὸ
1645 1859 1815 1931 ὄνομα
1847 1861 1936 1915 αύ-

2043 1855 2166 1920 lias,
2198 1855 2399 1926 quibus
2430 1871 2532 1909 nos
2560 1855 2712 1926 digni
2736 1871 2977 1918 eramus,
3011 1857 3066 1908 in
3097 1853 3336 1924 seipsum
3371 1858 3613 1907 transtu-

359 1951 490 2018 τοῦ;
527 1970 548 2004 ι
592 1951 743 2006 Ἐπεὶ
771 1951 829 2005 δέ
866 1949 1390 2024 καθυποκρινόμενοι
1417 1949 1725 2021 προσῄεσαν
1750 1951 1943 2022 πειρά-

361 2043 546 2106 ζοντες
587 2045 736 2106 ὅπως
780 2041 940 2096 αὐτὸν
966 2041 1398 2110 παγιδεύσωσιν,
1431 2041 1506 2104 ώς
1535 2043 1568 2112 ἡ
1603 2041 1721 2094 θεία
1753 2040 1942 2113 Γραφὴ

361 2133 856 2205 μαρτυρεῖ,άλλοτε
888 2132 1051 2196 ἄλλας
1077 2133 1273 2195 αὐτοὺς
1301 2133 1602 2202 προφάσεις
1633 2133 1726 2187 καὶ
1773 2150 1942 2204 κατη-

356 2227 550 2297 γορίας
587 2228 708 2281 κατ’
742 2226 906 2280 αὑτοῦ
936 2225 1361 2290 συσκευάζεσθαι
1399 2225 1708 2300 ίστοροῦσα,
1732 2227 1942 2283 τούτων

352 2317 520 2373 ἓνεκα
536 2317 798 2386 ἐπιλέγειο
829 2337 847 2369 ι
877 2319 987 2371 Καὶ
1009 2321 1057 2372 εἰ
1083 2318 1458 2390 εἰσεπορεύετο
1477 2317 1572 2371 τοῦ
1591 2319 1739 2382 ἰδεῖν,
1765 2319 1942 2393 μάτην

352 2408 537 2464 ἐλάλει
585 2411 619 2480 ή
660 2409 862 2482 καρδία
903 2409 1089 2473 αὐτοῦ,
1127 2413 1429 2483 συνήγαγεν
1466 2411 1696 2483 ἀνομίαν
1741 2411 1938 2484 ἐαυτῷ.

366 2501 752 2576 Ἐξεπορεύετο
777 2501 880 2568 ἔξω
906 2504 999 2556 καὶ
1027 2503 1206 2557 ἐλάλει
1244 2504 1338 2558 ἐπὶ
1365 2504 1425 2558 τὺ
1445 2505 1577 2558 αὐτὸ
1597 2504 1888 2576 κατ’ἐμοῦ.
1915 2525 1934 2558 ι

365 2594 525 2666 Ἑξῆς
552 2595 608 2648 δὲ
635 2595 846 2658 τούτοις
877 2595 977 2666 ήδη
1006 2594 1191 2664 σαφῶς
1214 2596 1467 2667 ἐμφαίνει
1492 2598 1587 2652 καὶ
1614 2597 1774 2652 αὐτὸν
1801 2601 1941 2652 ἐκεῖ-

350 2699 447 2740 νον
497 2683 588 2736 τὸν
640 2682 1060 2738 δυσσεϐέστατον
1098 2685 1398 2758 προδότηνο
1438 2686 1626 2758 ἐπειδὴ
1661 2688 1939 2742 συνέϐαινε

354 2773 478 2844 μεθ’
515 2772 582 2837 ἃς
612 2775 876 2845 πεποίητο
922 2774 1196 2847 συνθήκας
1251 2779 1366 2841 τοῖς
1404 2777 1631 2849 ἄρχουσι
1661 2777 1770 2831 τῶν
1807 2779 1938 2832 Ἰου-

348 2861 517 2920 δαίων
561 2867 822 2938 περὶτῆς
872 2865 964 2921 τοῦ
1009 2866 1327 2922 διδασκάλου
1381 2871 1688 2942 προδοσίας,
1748 2871 1938 2942 μηκέτ’

347 2953 597 3030 ἁπαντᾷν
623 2957 783 3013 αὑτὸν
812 2957 1057 3029 συνήθως
1077 2961 1169 3013 ἐπὶ
1193 2961 1288 3032 τὴν
1303 2960 1412 3014 τῶν
1429 2959 1586 3014 θείων
1604 2962 1940 3033 μαθημάτων

351 3047 718 3117 διδασκαλίαν,
771 3051 894 3122 μηδ’
925 3052 1001 3117 ώς
1030 3051 1183 3124 παρά
1222 3052 1541 3106 διδάσκαλον
1565 3039 1773 3124 φοιτᾷν,
1814 3046 1938 3125 μηδ’

351 3140 553 3210 ὁμοίως
594 3145 708 3205 τοῖς
755 3143 962 3214 ἑτέροις
1007 3143 1376 3216 παραϐάλλειν
1421 3146 1489 3216 τῇ
1543 3143 1636 3198 τοῦ
1685 3145 1936 3216 Σωτῆρος
1961 3187 2003 3245 c

351 3233 630 3312 διατριϐῇ,
661 3234 774 3288 ἀλλ’
799 3236 893 3289 ἐπὶ
924 3236 1004 3308 τῷ
1027 3236 1382 3292 κατοπτεύειν
1409 3237 1504 3291 καὶ
1533 3237 1784 3310 θηρεύειν
1809 3256 1932 3294 και-

355 3325 468 3397 ρὸν,
497 3327 586 3380 ὅτε
617 3327 724 3382 δέοι
753 3328 1035 3383 ἐπιθέσθαι
1056 3329 1224 3400 αὐτῷ.
1257 3328 1428 3382 Τοῦτο
1460 3330 1506 3384 δ’
1523 3324 1615 3384 οὖν
1643 3331 1736 3384 καὶ
1768 3348 1935 3404 κατη-

352 3421 595 3492 γορεῖται
655 3419 908 3491 πράττων
963 3421 1066 3474 ὑπὸ
1111 3421 1220 3475 τῶν
1302 3420 1463 3493 ἱερῶν
1515 3422 1930 3491 εὐαγγελιστῶν,

351 3503 428 3564 ὧν
457 3511 486 3564 6
523 3511 621 3582 μὲν
664 3512 942 3576 Ματθαῖὸς
976 3531 1108 3585 φησι
1131 3530 1145 3545 ο
1187 3533 1206 3565 ι
1232 3515 1365 3568 Τότε
1397 3513 1682 3585 πορευθεὶς
1714 3507 1795 3579 εἷς
1825 3514 1933 3568 τῶν

349 3601 578 3666 δώδεκα,
611 3604 640 3656 ὁ
671 3603 960 3675 λεγόμενος
1005 3605 1202 3669 Ἰούδας
1240 3604 1618 3677 Ἰσκαριώτης,
1646 3606 1784 3678 πρὸς
1805 3608 1932 3672 τοὺς

349 3695 646 3766 ἀρχιερεῖς,
687 3691 838 3749 εἶπεν
865 3697 1077 3760 αὐτοῖς·
1117 3697 1182 3749 Τί
1213 3695 1397 3750 θέλετέ
1439 3714 1528 3767 μοι
1557 3696 1760 3763 δοῦναι,
1779 3697 1933 3767 κάγὼ

350 3787 482 3857 ὑμῖν
535 3786 838 3858 παραδώσω
883 3788 1085 3853 αὐτόν;
1132 3791 1192 3843 Οἱ
1242 3790 1299 3843 δέ
1340 3789 1575 3861 ἔστησαν
1627 3790 1775 3862 αὐτῷ
1817 3810 1933 3864 τρι-

349 3879 553 3933 άκοντα
587 3879 842 3951 ἀργύρια.
865 3881 976 3935 Καὶ
1001 3881 1110 3935 ἀπὸ
1137 3881 1260 3935 τότε
1293 3881 1474 3955 ἐζήτει
1503 3883 1808 3956 εὐκαιρίαν,
1844 3876 1936 3940 ἵναῖ

348 3971 512 4025 αὑτὸν
540 3971 765 4044 παραδῷ
789 3973 997 4037 αὐτοῖς’
1032 3992 1050 4025 ι
1073 3975 1101 4026 6
1125 3973 1180 4026 δὲ
1199 3975 1424 4045 Μάρκος
1447 3991 1461 4006 ο
1487 3993 1506 4026 ι
1533 3976 1644 4030 Kal.
1680 3975 1874 4041 Ἰούδας
1901 3979 1930 4032 6

361 4063 714 4136 Ἰσκαριώτης
756 4059 837 4128 εἷς
886 4065 992 4118 τῶν
1041 4065 1246 4119 δώδεκα
1291 4065 1500 4136 ἀπῆλθε
1527 4068 1662 4138 πρὸς
1687 4070 1813 4132 τοὺς
1833 4070 1932 4140 ἀρ-

347 4160 550 4229 χιερεῖς
581 4159 668 4211 ἵνα
712 4158 874 4212 αὑτὸν
922 4159 1146 4231 παραδῷ
1187 4160 1388 4224 αὐτοῖς.
1423 4162 1486 4213 Of.
1519 4161 1575 4214 δέ
1601 4162 1930 4229 ἀκούσαντες

346 4249 643 4321 ἐχάρησαν,
675 4252 771 4304 καὶ
820 4251 1213 4322 ἐπηγγείλαντο
1251 4251 1400 4322 αὐτῷ
1431 4253 1692 4325 ἀργύριον
1721 4254 1924 4309 δοῦναι.

347 4339 456 4392 Καὶ
481 4339 660 4409 ἐζήτει
684 4340 801 4404 πῶς
823 4341 984 4396 αὐτὸν
1016 4343 1288 4414 εὐκαίρως
1318 4343 1541 4416 παραδῷ
1563 4363 1576 4375 ·
1610 4365 1628 4396 ι
1656 4347 1684 4399 6
1709 4347 1765 4400 δέ
1788 4348 1927 4400 Λου-

347 4431 450 4493 κᾶς
475 4430 673 4502 γράφει
709 4431 882 4502 λέγων
902 4451 915 4463 ·
952 4452 971 4485 ι
1001 4435 1231 4506 Εἰσῆλθε
1264 4435 1320 4490 δέ
1350 4438 1379 4488 6
1409 4438 1650 4504 Σατανᾶς
1676 4441 1755 4504 εἰς
1801 4439 1929 4493 Ἰού-

2042 1946 2184 2010 ierit,
2213 1957 2266 2002 et
2295 1948 2598 2002 exsecratio
2629 1963 2728 2018 pro
2758 1947 2916 2002 nobis
2950 1946 3146 2010 factus,
3181 1946 3611 2000 exsecrationem

2043 2053 2163 2109 quae
2192 2037 2352 2093 nobis
2381 2039 2706 2107 debebatur,
2750 2039 2818 2094 ad
2862 2038 3103 2111 seipsum
3131 2037 3438 2093 attraxerit.
3467 2034 3611 2102 Quid

2042 2131 2190 2186 enim
2219 2133 2367 2188 aliud
2399 2132 2510 2198 ille,
2546 2147 2708 2203 quam
2742 2147 2844 2202 pro
2879 2132 3075 2187 animis
3106 2130 3312 2186 nostris
3335 2129 3612 2200 pretium?

2041 2224 2231 2295 Itaque
2273 2241 2340 2281 ex
2373 2239 2606 2296 persona
2646 2232 2835 2282 nostra
2873 2226 3155 2281 oraculum
3196 2224 3314 2279 ait:
3361 2243 3381 2276 ι
3416 2222 3612 2278 Livore

2039 2317 2162 2388 ejus
2193 2332 2294 2374 nos
2335 2320 2514 2375 sanati
2553 2332 2744 2374 sumus
2775 2336 2790 2373 :
2823 2324 2878 2373 et
2913 2316 3177 2373 Dominus
3220 2315 3448 2372 tradidit
3484 2329 3610 2371 eum

2042 2410 2283 2481 peccatis
2322 2411 2529 2467 nostris
2545 2410 2612 2467 ³¹.
2643 2429 2661 2464 ι
2688 2409 2925 2466 Proinde
2962 2405 3156 2466 m’erito
3198 2409 3328 2464 dum
3365 2407 3611 2478 seipsum

2040 2503 2200 2559 nobis
2221 2501 2525 2575 conjungit,
2554 2513 2607 2560 et
2630 2519 2732 2559 nos
2753 2518 2818 2557 ac
2847 2503 2978 2559 vitia
3007 2510 3197 2558 nostra
3227 2501 3332 2558 sibi
3366 2500 3609 2565 asciseit,

2041 2597 2118 2650 ita
2146 2597 2224 2650 ait
2261 2613 2277 2650 :
2320 2614 2340 2648 ι
2374 2596 2487 2667 Ego
2519 2596 2656 2661 dixi,
2701 2596 2952 2660 Domine,
2994 2595 3259 2652 miserere
3296 2593 3424 2660 mei,
3474 2606 3612 2649 sana

2040 2688 2279 2742 animam
2327 2703 2528 2753 meam,
2562 2689 2690 2759 quia
2733 2689 2958 2760 peccavi
3007 2689 3107 2744 tibi
3145 2707 3159 2744 :
3202 2706 3222 2739 ι
3254 2686 3612 2755 videntesque

2040 2779 2169 2834 item
2194 2780 2390 2836 merito
2413 2795 2523 2835 non
2557 2782 2734 2836 solum
2769 2781 3119 2837 insidiatores
3143 2779 3414 2843 homines,
3445 2777 3612 2850 588

2041 2869 2136 2925 sed
2174 2871 2338 2926 etiam
2378 2872 2747 2929 insidiatrices
2805 2873 3112 2929 invisibiles
3141 2877 3462 2942 potestates,
3498 2870 3611 2924 vim

2039 2961 2362 3017 immensam
2407 2963 2554 3019 illius
2597 2963 2796 3019 divina:
2842 2964 3226 3034 appellationis
3257 2971 3310 3016 et
3343 2960 3610 3024 nominis,

2039 3066 2148 3122 quo
2193 3051 2340 3109 haud
2391 3054 2467 3109 ita
2505 3056 2680 3110 multo
2727 3063 2851 3125 post
2888 3064 3063 3112 totum
3110 3056 3296 3112 orbem
3341 3064 3611 3110 terrarum

2038 3142 2373 3203 Christianis
2417 3148 2690 3218 implevit,
2737 3148 2888 3202 illam
2937 3163 2996 3205 se
3047 3162 3211 3218 posse
3262 3146 3611 3217 exstinguere

2037 3243 2399 3306 putaverunt,
2461 3239 2509 3295 si
2555 3248 2788 3295 mortem
2841 3239 2919 3294 illi
2973 3239 3442 3296 machinarentur.
3495 3235 3612 3292 Hoc

2036 3328 2217 3397 ipsum
2251 3329 2418 3399 igitur
2466 3330 2556 3386 his
2601 3331 2782 3388 verbis
2813 3330 3094 3403 redarguit
3126 3347 3139 3383 :
3182 3348 3202 3382 ι
3241 3329 3453 3385 Inimici
3503 3329 3616 3384 mei

2033 3418 2293 3474 dixerunt
2324 3421 2467 3475 mala
2521 3422 2678 3488 mihi,
2721 3423 2943 3494 quando
2997 3423 3265 3477 morietur
3312 3429 3368 3477 et
3412 3419 3613 3492 peribit

2036 3525 2236 3565 nomen
2265 3511 2387 3582 ejus
2409 3512 2498 3566 ιιι
2529 3533 2546 3566 ι
2585 3513 2854 3581 Quoniam
2905 3521 3089 3570 autem
3123 3513 3395 3568 simulatis
3429 3511 3610 3568 verbis

2035 3600 2720 3669 aecedebant,.tentanles
2765 3613 2826 3661 ut
2867 3605 3048 3677 ipsum
3091 3612 3348 3676 caperent
3392 3603 3452 3659 in
3494 3619 3611 3659 ser.-

2034 3706 2218 3758 mone,
2250 3701 2310 3747 ut
2338 3693 2570 3765 legimus
2613 3697 2756 3766 apud
2799 3697 3040 3752 divinam
3091 3696 3452 3767 Scripturam,
3489 3711 3612 3766 qua:

2034 3780 2158 3836 illos
2188 3791 2380 3838 contra
2413 3784 2566 3840 illum
2600 3786 2738 3842 alias
2765 3786 2890 3842 aliis
2914 3795 2969 3842 et
2998 3786 3382 3843 occasionibus
3409 3792 3463 3842 et
3501 3787 3613 3840 eri-.-

2034 3873 2276 3929 minibus
2329 3883 2550 3932 utentes
2583 3877 2813 3945 inducit,
2869 3877 3075 3934 idcirco
3118 3878 3254 3934 illud
3305 3877 3553 3949 adjungit
3590 3894 3610 3929 :

2037 3980 2058 4014 ι
2089 3963 2156 4020 Ει
2181 3965 2591 4037 ingrediebatur
2624 3982 2684 4024 ut
2732 3970 2962 4037 videret,
2990 3987 3129 4026 vana
3160 3971 3486 4043 loquebatur
3513 3986 3611 4027 cor

2031 4056 2173 4125 ejus,
2222 4061 2576 4130 congregavit
2635 4062 2982 4132 iniquitatem
3033 4063 3172 4127 sibi,
3226 4064 3609 4135 egrediebatur

2036 4146 2186 4202 foras
2212 4156 2267 4204 et
2288 4150 2612 4221 loquebatur
2643 4153 2698 4207 in
2729 4153 2966 4222 idipsum
2996 4163 3184 4209 contra
3207 4154 3410 4211 me”.i
3445 4154 3609 4212 llisce

2029 4254 2161 4295 vero
2188 4243 2354 4299 rebus
2383 4245 2672 4314 expositis,
2714 4244 2991 4316 deinceps.
3024 4246 3203 4316 ipsum
3238 4246 3392 4301 illum
3433 4247 3610 4302 scele-

2031 4330 2335 4387 stissimum
2368 4333 2706 4404 proditorem
2759 4335 2937 4392 verbis
2974 4337 3182 4392 indicat
3212 4352 3226 4389 :
3261 4337 3609 4409 quandoqui-

2030 4423 2153 4479 dem
2202 4425 2339 4482 illud
2373 4429 2576 4494 evenit,
2627 4438 2688 4484 ut
2717 4441 3008 4499 postquam
3041 4430 3108 4486 de
3141 4429 3424 4501 prodendo
3463 4445 3610 4502 praem

345 4521 440 4575 δαν
461 4522 552 4575 τὸν
580 4524 1003 4597 ἐπικαλούμενον
1042 4527 1411 4600 Ἰσκαριώτην,
1433 4529 1562 4583 ὄντα
1593 4532 1658 4584 ἐκ
1684 4531 1778 4584 τοῦ
1806 4533 1926 4605 ἀρι-

2037 4527 2250 4586 eeptore
2288 4534 2414 4576 eum
2454 4521 2798 4594 principibus
2835 4521 3149 4577 Judaeorum
3195 4531 3389 4593 pactus
3437 4533 3606 4587 esset,

345 4615 484 4687 θμοῦ
509 4616 618 4670 τῶν
639 4617 865 4673 δώδεκα.
903 4621 1012 4673 Kal.
1039 4619 1285 4674 ἀπελθὼν
1325 4621 1654 4694 συνελάλησε
1677 4626 1788 4686 τοῖς
1829 4627 1929 4697 ἀρ-

344 4707 588 4780 χιερεῦσι
623 4712 717 4764 κα).
744 4710 1152 4781 γραμματεῦσι,
1192 4713 1288 4765 καὶ
1322 4714 1435 4776 τοῖς
1479 4717 1802 4784 στρατηγοῖς
1830 4713 1923 4766 τοῦ

346 4798 515 4870 ἱεροῦ,
543 4799 630 4852 ἵνα
668 4800 829 4854 αὑτὸν
867 4801 1092 4872 παραδῷ
1126 4801 1329 4864 αὐτοῖς.
1372 4803 1482 4855 Καὶ
1507 4803 1804 4874 ἐχάρησαν,
1831 4805 1926 4857 καὶ

347 4891 628 4944 συνέθεντο
672 4891 820 4962 αὐτῷ
864 4891 1125 4964 ἀργύριον
1157 4891 1356 4946 δοῦναι.
1382 4893 1491 4945 Kal.
1521 4894 1700 4967 ἐζήτει
1737 4897 1924 4949 εὐκαι-

346 4983 467 5054 ρίαν
490 4982 583 5036 τοῦ
611 4982 942 5054 παραδοῦναι
970 4983 1131 5036 αὑτὸν
1151 4983 1333 5047 αὐτοῖς
1353 4983 1484 5056 ἄτερ
1502 4985 1680 5056 ὄχλου.
1701 5006 1719 5039 ι
1741 4987 1927 5040 Ταῦτα

342 5074 406 5146 δὴ
439 5070 531 5129 οὖν
564 5074 701 5128 αὐτὰ
732 5074 1065 5139 θεσπίζουσα
1103 5077 1136 5146 ή
1192 5074 1331 5146 μετὰ
1377 5081 1566 5149 χεῖρας
1615 5078 1918 5151 πρόρρησις

342 5163 612 5233 ἐπιλέγει·
636 5166 774 5218 «Καὶ
793 5168 840 5218 εἰ
868 5166 1346 5238 εἰσεπορεύετοτοῦ
1368 5169 1514 5235 ἰδεῖν,
1543 5173 1718 5242 μάτην
1738 5172 1917 5225 ἐλάλει

340 5257 378 5328 ἡ
394 5256 586 5328 καρδία
602 5258 788 5324 αὐτοῦ,
808 5261 1112 5331 συνήγαγεν
1141 5261 1368 5332 ἀνομίαν
1389 5262 1587 5335 ἐαυτῷ.
1606 5264 1919 5335 Ἐξεπορεύ-

341 5364 434 5402 ετο
454 5349 578 5416 ἔξω,
602 5350 695 5405 καὶ
715 5351 891 5405 ἐλάλει
922 5353 1015 5406 ἐπὶ
1037 5352 1097 5406 τὸ
1117 5353 1266 5408 αὑτό.
1287 5355 1420 5408 Κατ’
1447 5354 1582 5426 ἐμοῦ
1605 5356 1916 5426 ἐψιθύριζον

341 5441 542 5507 πάντες
557 5443 606 5497 οἱ
622 5443 805 5517 ἐχθροί
831 5462 950 5516 μου.
978 5463 996 5497 ι
1018 5446 1074 5500 '0
1090 5445 1220 5516 γοῦν
1240 5447 1310 5500 Σύ
1320 5450 1922 5521 μμαχος,‹Εξσερχόμε-

332 5547 452 5597 ⁵νοις,
483 5553 503 5586 ι
536 5534 720 5605 φησὶν,
751 5555 768 5588 ι
787 5537 1172 5607 ἐπισκοπῆσαι,
1222 5539 1424 5609 μάταια
1466 5539 1645 5594 ἐλάλει
1673 5543 1920 5613 ήκαρδία

340 5625 528 5692 αὐτοῦ,
554 5627 806 5699 ἥθροιζεν
824 5629 1040 5685 ἀδικίαν
1070 5632 1258 5704 ἐαυτῇ.
1303 5631 1689 5703 Ἐξερχόμενος
1714 5635 1771 5688 δέ
1807 5634 1910 5702 ἔξω

2029 4628 2138 4668 non
2167 4614 2403 4684 amplius
2445 4624 2497 4668 ut
2534 4615 2746 4670 solebat
2793 4613 2860 4669 ad
2896 4614 3081 4670 divina
3126 4625 3394 4686 prmeepta
3426 4614 3608 4684 perdi-

2029 4707 2234 4762 scenda
2278 4708 2616 4772 conveniret,
2662 4723 2842 4778 neque
2881 4722 3011 4763 vero
3056 4715 3319 4778 tanquam
3362 4707 3429 4762 ad
3467 4721 3610 4776 pra:-

2027 4809 2301 4870 ceptorem
2340 4802 2646 4868 accederet,
2678 4810 2774 4857 aut
2803 4803 3035 4856 aliorum
3069 4817 3219 4856 more
3251 4800 3610 4872 praeceptoris

2031 4894 2428 4950 consuetudine
2465 4902 2736 4958 uteretur,
2785 4895 2880 4950 sed
2913 4904 3131 4966 tempus
3181 4894 3448 4949 duntaxat
3490 4892 3609 4947 Cir—-

2029 4987 2400 5057 cumspiceret-
2429 4997 2593 5060 atque
2641 4990 2980 5055 observaret;
3031 5003 3141 5058 quo
3195 4986 3399 5041 adoriri
3451 4986 3607 5042 illum

2026 5089 2234 5149 posset.
2255 5079 2492 5136 Proinde
2518 5083 2670 5137 illum
2698 5082 2804 5136 ista
2833 5083 3144 5136 molientem
3179 5094 3243 5134 ac
3271 5085 3601 5150 patrantem,

2026 5173 2203 5227 sancti
2234 5174 2581 5245 evangelista:
2597 5175 3005 5229 criminantur;
3039 5187 3273 5242 quorum
3307 5185 3451 5226 unus
3475 5168 3608 5223 Mat.

2025 5266 2202 5321 thaius
2236 5266 2312 5320 ita
2353 5267 2428 5320 ait
2460 5286 2472 5320 :
2508 5286 2525 5317 ‹
2558 5266 2714 5321 Τιιιιο
2762 5266 2954 5321 abiens
2991 5280 3135 5320 unus
3181 5280 3249 5319 ex
3291 5260 3609 5324 duodecim,

2025 5359 2120 5430 qui
2156 5359 2443 5414 dicebatur
2474 5358 2646 5414 Judas
2687 5359 2975 5414 lscariotes
3003 5358 3076 5412 ad
3112 5356 3389 5428 principes
3417 5369 3602 5410 sacer-

2025 5450 2238 5516 dotum,
2272 5452 2347 5506 ait
2378 5452 2522 5506 illis:
2555 5450 2699 5518 Quid
2723 5450 2888 5505 vultis
2918 5449 3052 5504 mihi
3081 5448 3232 5515 dare,
3262 5455 3316 5504 et
3346 5461 3446 5519 ego
3475 5460 3601 5501 eum

2026 5546 2183 5603 vobis
2210 5545 2464 5600 tradam?
2494 5545 2572 5601 illi
2623 5553 2804 5601 autem
2847 5544 3254 5601 constituerunt
3280 5541 3330 5597 ei
3374 5539 3608 5612 triginta

2028 5647 2335 5709 argenteos.
2369 5637 2436 5692 Et
2464 5654 2530 5695 ex
2559 5639 2652 5692 illo
2716 5637 2991 5707 quarebat
3026 5634 3509 5708 opportunitatem,
3539 5636 3602 5687 ut

362 5767 366 5774 '
412 5807 456 5840 ’τ
496 5807 513 5862 1
545 5806 672 5864 Cor.
706 5821 806 5878 xu,
836 5807 926 5877 26,
953 5807 1045 5870 27.
1121 5810 1306 5890 "_Isa.
1345 5827 1462 5889 Litt,
1499 5813 1613 5872 4-6;
1694 5816 1738 5849 ³³
1778 5815 1925 5876 Psal.

2037 5856 2055 5884 ,.
2085 5817 2136 5874 6.
2216 5818 2261 5851 δε
2298 5818 2428 5876 ibid.
2467 5820 2518 5889 7,
2552 5821 2605 5880 8.

2179 5908 2263 5922 Μ
