4106 6420
584 355 701 415 727

1263 359 1540 420 EUSEBII
1574 362 2057 422 CESARIENSIS
2092 364 2247 423 OPP.

2284 365 2470 425 rans
2504 367 2572 425 ιι.
2592 348 2680 413 ’.-
2715 368 3235 430 ΑΡοιοαετισΑ.
3800 368 3897 425 τες

587 474 770 547 ipsum
807 474 892 533 eis
933 475 1267 533 traderet".
1319 499 1338 532 ι
1373 478 1591 538 Marcus
1633 488 1817 538 autem
1856 481 1939 539 sic
1982 498 1999 537 :
2045 499 2066 535 ι
2100 480 2142 538 Ε

2269 484 2572 542 κατελάλει.
2623 486 2994 561 ὀμοθυμαδὸν
3039 488 3206 560 tutos
3218 483 3389 560 ριζον
3431 484 3569 538 κατ’
3602 482 3740 555 ἐμοῦ
3768 486 3899 542 πάν-

583 568 759 627 Judas
794 565 1089 627 lscariotes
1125 587 1270 629 unus
1297 588 1366 629 ex
1392 573 1704 640 duodecim,
1739 574 1887 631 abiit.
1909 573 1977 630 ad
2014 576 2166 647 prin-

584 661 740 731 cipes
764 659 1114 718 sacerdotum
1145 670 1207 719 ut
1247 679 1373 723 eum
1417 666 1527 723 illis
1567 665 1825 724 traderet.
1858 664 1940 722 llli
1982 672 2163 722 autem

585 753 875 808 audientes
902 754 1076 825 gavisi
1111 763 1261 811 sunt.
1292 754 1360 810 Et
1392 759 1764 828 promiserunt
1789 773 1850 814 se
1877 766 2161 831 argentum

579 844 635 900 ei
662 844 891 901 daturos
920 863 935 899 :
971 853 1027 903 et
1052 849 1331 918 quaerebat
1358 852 1636 922 quomodo
1667 854 1819 909 illum
1858 863 2162 925 opportune

581 936 903 995 traderet”.
945 937 1181 1013 rLucas
1211 955 1339 997 vero
1385 942 1444 997 in
1486 943 1635 999 hunc
1664 944 1888 1000 modum
1924 944 2155 1001 scribit:

584 1026 872 1083 «Intravit
911 1036 1096 1087 autem
1152 1031 1388 1089 Satanas
1436 1038 1492 1089 in
1539 1032 1737 1089 Judam
1790 1035 1885 1106 qui
1932 1043 2160 1091 vocatur

578 1116 897 1185 lscariotes,
933 1138 1103 1177 unum
1134 1125 1204 1181 de
1240 1125 1554 1182 duodecim.
1596 1125 1660 1180 Et
1688 1127 1823 1182 abiit
1854 1135 1908 1184 et
1940 1129 2157 1184 locutus

576 1221 664 1269 est
683 1230 806 1270 cum
838 1216 1184 1288 principibus
1213 1221 1562 1276 sacerdotum
1596 1229 1650 1277 et
1698 1222 1894 1277 scribis
1922 1230 1977 1278 et
2001 1223 2158 1279 duci-

575 1304 681 1360 bus
715 1307 924 1378 templi,
956 1315 1017 1362 ut
1062 1325 1190 1365 eum
1223 1312 1335 1368 illis
1378 1313 1641 1367 traderet.
1676 1311 1743 1368 Et
1787 1314 1961 1385 gavisi
2004 1322 2152 1380 sunt,

575 1403 631 1451 et
666 1398 810 1467 pacti
848 1409 979 1455 sunt
1009 1411 1298 1472 argentum
1338 1404 1417 1460 illi
1446 1405 1619 1462 dare:
1649 1414 1707 1463 et
1745 1408 2025 1477 quaerebat
2057 1422 2156 1477 op-

572 1492 987 1558 portunitatem,
1015 1503 1072 1549 ut
1102 1495 1343 1551 traderet
1377 1498 1530 1552 illum
1561 1502 1683 1555 sine
1710 1500 1971 1556 turbis".
2006 1519 2024 1553 ι
2050 1499 2155 1554 Ea-

572 1580 697 1634 dem
729 1582 897 1650 igitur
927 1584 1071 1649 haec,
1105 1587 1422 1642 vaticinium
1457 1591 1605 1660 quod
1635 1605 1784 1646 nunc
1811 1591 1866 1646 in
1898 1591 2154 1647 manibus

570 1680 676 1737 est,
700 1688 927 1740 canens,
947 1677 1019 1731 ita
1044 1677 1150 1732 ait:
1172 1679 1269 1734 «Et
1285 1681 1689 1753 ingrediebatur
1705 1692 1764 1739 ut
1780 1682 2151 1751 videret,vana

572 1766 901 1837 loquebatur
933 1785 1029 1824 cor
1067 1772 1210 1841 ejus,
1239 1778 1593 1847 congregavit
1633 1777 1978 1848 iniquitatem
2022 1778 2147 1834 sibi.

568 1858 736 1932 569
752 1860 1142 1933 Egrediebatur
1155 1865 1322 1930 foras,
1351 1876 1403 1923 et
1422 1870 1747 1940 loquebatur
1774 1871 1829 1924 in
1849 1869 2109 1940 idipsum.
2124 1889 2144 1922 ι

566 1951 773 2008 Contra
805 1971 891 2010 me
935 1959 1304 2014 susurrabant
1338 1975 1532 2017 omnes
1568 1962 1777 2017 inimici
1827 1962 1954 2017 mei.
1992 1960 2151 2034 Sym-

566 2046 800 2103 machus
830 2057 1010 2105 autem
1046 2067 1061 2104 :
1098 2071 1116 2103 ‹
1148 2050 1484 2123 Ingrediens,
1516 2053 1719 2125 inquit,
1742 2062 1801 2108 ut
1826 2055 2145 2126 inspiceret,

566 2152 709 2193 vana
739 2139 1070 2211 loquebatur
1097 2156 1196 2197 cor
1223 2143 1367 2213 ejus,
1405 2146 1776 2216 congregabat
1816 2145 2147 2216 injustitiam

566 2233 695 2288 sibi.
751 2233 1053 2304 Egrediens
1105 2246 1289 2292 autem
1346 2238 1498 2295 foras
1543 2240 1964 2312 obloquebatur.
2026 2239 2148 2297 Uno

566 2325 751 2381 animo
792 2329 1161 2385 susurrabant
1216 2338 1409 2385 contra
1457 2347 1545 2389 me
1572 2347 1769 2389 omnes
1791 2334 1886 2405 qui
1913 2335 2148 2391 oderunt

562 2433 670 2474 me.
710 2437 731 2472 ο
784 2418 948 2478 Solus
977 2422 1144 2493 igitur
1177 2430 1440 2494 tanquam
1482 2424 1771 2483 familiaris
1797 2436 1855 2483 et
1902 2427 2148 2500 discipu-

561 2508 651 2564 lus
680 2509 987 2582 ingressus,
1018 2513 1504 2585 circumspiciebat
1530 2523 1586 2571 et
1624 2518 1944 2589 explorabat
1972 2521 2142 2587 intus,

562 2601 798 2658 insidias
852 2604 921 2665 in,
951 2605 1118 2659 corde
1165 2622 1266 2661 suo
1302 2607 1609 2664 occultans.
1636 2608 1908 2680 Egressus
1938 2617 2141 2679 autem,

560 2705 686 2745 cum
717 2691 972 2761 pluribus
1001 2708 1111 2748 uno
1134 2695 1323 2749 animo
1349 2696 1481 2751 etin
1514 2696 1659 2753 idem
1681 2698 2143 2769 obloquebantur,

558 2781 690 2838 dum
717 2780 1059 2840 Salvatorem
1108 2786 1348 2842 inimicis
1382 2788 1657 2853 tradebat,
1688 2797 1746 2845 et
1782 2790 2018 2847 latenter
2047 2807 2143 2863 pa-

556 2875 873 2932 ciscebatur
900 2892 1025 2932 cum
1061 2880 1401 2950 principibus
1421 2878 1737 2936 Iudaeorum
1767 2896 1895 2937 cum
1925 2885 1994 2938 de
2019 2884 2141 2940 aliis

557 2965 746 3032 rebus,
772 2974 889 3022 tum
921 2985 1053 3024 vero
1090 2970 1253 3025 etiam
1296 2971 1365 3026 de
1407 2972 1640 3043 pecunia
1669 2988 1777 3045 qua
1808 2990 1868 3030 se
1901 2974 2139 3030 traditu-

556 3075 682 3116 rum
714 3059 867 3116 illum
912 3062 1282 3132 promittebat,
1316 3072 1371 3118 et
1420 3064 1488 3119 de
1522 3080 1630 3135 qua
1683 3081 1793 3120 una
1821 3082 1946 3121 cum
2001 3066 2138 3138 ipsis

554 3148 668 3206 illis
693 3151 1035 3207 susurrabat.
1054 3151 1131 3207 Ex
1157 3167 1266 3223 quo
1293 3154 1394 3209 ait:
1419 3173 1438 3205 ι
1463 3152 1860 3226 Egrediebatur
1888 3157 2059 3225 foras,
2084 3167 2139 3216 et
2163 3187 2206 3244 ο

558 3244 887 3315 loquebatur
915 3245 971 3299 in
1025 3245 1285 3315 idipsum.
1338 3245 1620 3305 Adversus
1651 3265 1739 3305 me
1772 3251 2138 3307 susurrabant

555 3352 750 3392 omnes
785 3337 993 3392 inimici
1021 3338 1149 3393 mei.
1180 3337 1488 3394 Adversum
1515 3354 1604 3395 me
1643 3341 1960 3412 cOgitabant
1994 3344 2137 3399 mala

554 3430 711 3484 mihi.
757 3427 996 3485 Verbum
1059 3429 1308 3500 iniquum
1379 3432 1789 3489 constituerunt
1843 3435 2135 3492 adversum

554 3521 734 3577 me".
778 3540 798 3573 ι
830 3520 1062 3577 Videtur
1119 3531 1303 3579 autem
1362 3525 1670 3596 pactionem
1729 3525 1799 3582 de
1839 3528 2132 3598 argenteis,

554 3613 783 3668 verbum
816 3613 1089 3685 iniquum,
1114 3615 1435 3686 prophetice
1479 3618 1769 3674 nominare
1801 3636 1815 3673 :
1851 3628 1948 3674 aut
1969 3620 2135 3680 etiam

554 3707 630 3761 ita
661 3706 818 3767 dicit,
850 3717 1140 3777 propterea
1172 3709 1320 3779 quod
1352 3709 1560 3765 nefaria
1587 3716 1641 3766 et
1662 3710 1851 3782 iniqua
1872 3711 2135 3769 adversus

553 3798 709 3852 illum
752 3799 1090 3867 cogitabant,
1117 3807 1303 3869 utpote
1350 3801 1446 3871 qui
1487 3800 1641 3856 illum
1675 3802 2135 3875 exstinguendum

554 3898 609 3944 et
646 3897 768 3957 post
799 3905 990 3945 necem
1034 3890 1386 3957 abolendum,
1420 3909 1598 3964 neque
1629 3893 1864 3965 amplius
1888 3895 2029 3952 inter
2052 3895 2133 3952 vi-

554 3993 654 4034 vos
690 3980 1079 4051 requirendum
1125 3982 1549 4039 arbitrarentur.
1582 3982 1715 4040 Tale
1753 3992 1838 4040 est
1886 3986 2031 4045 enim
2064 3986 2132 4041 il-

551 4069 647 4125 lud
685 4091 699 4127 :
736 4091 756 4125 ε
790 4071 1050 4145 Nunquid
1078 4076 1171 4146 qui
1199 4075 1425 4145 dormit,
1456 4093 1565 4133 non
1612 4078 1831 4148 adjiciet
1859 4086 1919 4133 ut
1949 4095 2134 4136 resur-

550 4171 645 4237 gat
682 4165 767 4220 "‘i
798 4184 818 4219 ι
868 4167 1015 4238 quod
1063 4167 1298 4224 lucidius
1349 4171 1577 4241 protulit
1638 4170 2002 4243 Symmachus
2047 4172 2134 4230 his

549 4256 783 4314 verbis:
839 4275 859 4310 ι
910 4256 976 4311 Ει
1021 4259 1113 4328 qui
1164 4259 1366 4315 cecidit
1423 4275 1534 4315 non
1590 4261 1735 4315 ultra
1797 4272 2066 4335 resurget.
2107 4284 2126 4317 ι

548 4348 747 4420 Aquila
780 4364 927 4413 vero,
991 4370 1007 4401 ι
1046 4349 1247 4421 thui,
1280 4352 1481 4422 inquit,
1514 4352 1822 4419 dormierit,
1857 4369 1963 4410 non
1995 4355 2136 4425 adji—

479 4468 496 4499 ι,
548 4440 659 4495 ciet
688 4446 749 4494 ut
779 4449 1034 4512 resurgat
1058 4441 1146 4497 u‘:
1192 4463 1209 4495 ι
1241 4453 1296 4499 et
1324 4445 1440 4521 huic
1483 4444 1705 4517 quidem
1755 4445 1936 4503 adhuc
1983 4463 2135 4503 com-

2265 595 2360 642 τες
2389 579 2440 637 οἱ
2469 578 2752 651 μισοῦντές
2786 597 2875 652 με.
2913 600 2935 632 ι
2970 580 3147 646 Μόνος
3196 579 3315 652 μὲν
3347 571 3456 630 οὖν
3489 574 3576 638 ὡς
3611 573 3682 627 ἂν
3702 573 3896 648 γνώρι-

2269 686 2371 741 μος
2388 671 2483 724 καὶ
2507 670 2756 744 μαθητὴς
2770 672 2921 744 παρὰ
2938 673 3276 727 διδάσκαλον
3292 666 3527 731 εἰσιὼν,
3545 667 3896 739 περιεσκόπει

2264 764 2359 818 καὶ
2410 764 2837 836 κατεμάνθανεν,
2901 765 3047 820 ἔνδον
3092 767 3190 821 ἐπὶ
3246 765 3367 835 τῆς
3411 758 3628 815 ἐαυτοῦ
3678 759 3897 831 καρδίας

2262 857 2520 930 κρύπτων
2575 858 2673 930 τὴν
2731 858 3041 932 ἐπιϐουλήν.
3072 858 3276 925 Ἐξιὼν
3313 856 3380 911 δὲ
3403 896 3421 921 ,
3466 852 3620 925 μετά
3642 853 3896 911 πλειόνων

2260 949 2601 1021 ὁμοθυμαδὸν
2632 952 2723 1005 καὶ
2756 952 2850 1006 ἐπὶ
2868 952 2930 1006 τὸ
2966 952 3097 1006 αὐτὸ
3130 948 3484 1012 κατελάλει,
3531 947 3657 1010 τοῖς
3689 945 3896 1017 ἐχθροῖς

2258 1042 2544 1115 προδιδοὺς
2598 1045 2692 1098 τὸν
2742 1045 2989 1116 Σωτῆρα,
3030 1047 3123 1098 καὶ
3154 1040 3640 1111 συνταττόμενος
3662 1041 3775 1103 τοῖς
3791 1038 3893 1093 τῶν

2272 1137 2540 1192 Ἰουδαίων
2585 1136 2810 1209 ἄρχουσι
2836 1136 3135 1208 λεληθότως
3180 1134 3331 1207 περὶ
3385 1132 3637 1203 ἑτέρων,
3679 1130 3743 1183 ού
3793 1129 3893 1201 μὴν

2258 1227 2396 1283 ἀλλά
2434 1230 2528 1282 καὶ
2578 1229 2705 1299 περὶ
2750 1227 2858 1282 τῶν
2902 1229 3223 1301 χρημάτων,
3266 1227 3370 1296 ἐφ’
3408 1219 3507 1288 οἷς
3543 1220 3893 1295 παραδώσειν

2257 1319 2419 1373 αὐτὸν
2450 1320 2780 1390 ὑπισχνεῖτο,
2825 1321 2955 1392 περὶ
2993 1314 3067 1373 ὧν
3108 1324 3229 1392 μετ’
3268 1317 3480 1373 αὐτῶν
3520 1316 3761 1370 ἐκείνων
3780 1315 3893 1385 ἐψι-

2256 1408 2461 1482 θύριζε.
2495 1411 2586 1463 Διό
2628 1427 2825 1481 φησιν·
2867 1431 2886 1463 ι
2942 1411 3349 1484 Ἐξεπορεύετο
3403 1408 3550 1475 ἔξω,
3586 1409 3689 1461 καὶ
3716 1406 3889 1461 ἐλάλει

2256 1500 2348 1551 ἐπὶ
2376 1498 2436 1552 τὸ
2471 1499 2623 1553 αὑτό.
2658 1501 2793 1553 Κατ’
2821 1500 2956 1571 ἐμοῦ
2997 1500 3323 1574 ἐψιθύριζον
3361 1499 3593 1561 πάντες
3620 1500 3673 1552 oi
3708 1497 3887 1569 ἐχθροί

2258 1607 2380 1661 μου,
2403 1592 2521 1645 κατ’
2547 1591 2680 1662 ἐμοῦ
2739 1591 3040 1661 ἐλογίζοντο
3075 1595 3222 1647 κακά
3253 1609 3383 1665 μοι.
3423 1592 3619 1660 Λόγον
3654 1591 3888 1662 παράνο-

2258 1698 2356 1751 μον
2395 1682 2683 1736 κατέθεντο
2722 1684 2840 1736 κατ’
2870 1682 3030 1753 ἐμοῦ.
3076 1703 3094 1733 ι
3138 1684 3334 1736 Ἔοικε
3368 1682 3435 1734 δὲ
3472 1679 3584 1752 τὴν
3609 1680 3884 1750 συνταγὴν

2252 1772 2351 1843 τὴν
2408 1773 2536 1845 περὶ
2587 1774 2694 1828 τῶν
2744 1775 3020 1847 ἀργυρίων
3068 1774 3225 1843 λόγον
3263 1774 3629 1846 παράνομον
3664 1772 3758 1826 διὰ
3788 1774 3883 1843 τῆς

2182 1834 2226 1890 Β
2254 1834 2590 1934 προφητείας
2608 1834 2927 1934 ὀνομάζειν·
2949 1865 2981 1936 ἢ
3004 1864 3097 1917 καὶ
3118 1834 3199 1917 ὅτι
3232 1834 3426 1935 ἀσεϐῆ
3453 1834 3560 1917 καὶ

2251 1958 2372 2010 κατ’
2431 1954 2597 2010 αὐτοῦ
2634 1957 2953 2023 διενοοῦντο,
2995 1960 3069 2025 ὡς
3108 1958 3176 2013 ἂν
3239 1958 3730 2030 σϐεσθησομένου
3790 1959 3881 2013 καὶ

2248 2044 2753 2118 διαφθαρησομένου
2786 2049 2923 2120 μετά
2956 2051 3048 2105 τὸν
3082 2052 3341 2116 θάνατον,
3369 2052 3480 2105 καὶ
3511 2050 3729 2123 μηκέτι
3769 2049 3874 2117 ζῶ-

2251 2155 2338 2194 σιν
2382 2139 2899 2213 ὲξετασθησομένου.
2941 2143 3196 2198 Τοιοῦτον
3252 2145 3374 2217 γάρ
3419 2145 3555 2198 ἐστι
3600 2143 3687 2208 τὸ,
3720 2162 3739 2195 ι
3786 2144 3875 2215 Μὴ

2247 2234 2277 2286 ό
2305 2231 2644 2303 κοιμώμενος
2671 2233 2791 2305 οὐχὶ
2823 2234 3121 2306 προσθήσει
3147 2236 3241 2290 τοῦ
3265 2237 3598 2306 ἀναστῆναι
3626 2252 3641 2300 ;
3679 2255 3700 2288 ι
3738 2236 3870 2308 ὅπερ

2247 2324 2567 2396 λευκότερον
2609 2327 2638 2380 ὀ
2678 2324 2974 2398 Σύμμαχος
3003 2326 3263 2399 ἐξέφηνεν
3291 2328 3486 2383 εἰπών
3511 2344 3527 2358 ο
3576 2346 3596 2379 ι
3641 2329 3755 2381 Καὶ
3785 2343 3869 2380 πε-

2249 2414 2358 2471 σὼν
2379 2416 2555 2470 οὐκέτ’
2586 2419 3018 2492 ἀναστήσεταιςι
3050 2421 3078 2472 ό
3104 2419 3161 2473 δὲ
3199 2421 3448 2486 Ἀκύλας
3480 2421 3686 2490 φησιν,
3728 2419 3860 2472 (Καὶ

2245 2508 2306 2572 ὃς
2331 2508 2399 2563 ἂν
2423 2508 2684 2583 κοιμηθῇ,
2718 2509 2779 2564 οὐ
2820 2510 3120 2584 προσθήσει
3155 2513 3250 2567 τοῦ
3296 2511 3668 2583 ἀναστῆναις
3710 2530 3730 2562 ι
3756 2511 3861 2565 Καὶ

2245 2599 2420 2655 ταῦτα
2450 2599 2531 2654 ἔτι
2565 2600 2760 2666 κοινῶς
2789 2602 2916 2673 περὶ
2945 2602 3162 2657 πάντων
3194 2603 3425 2676 εἴρηται
3455 2603 3577 2657 τῶν
3599 2601 3744 2656 κατά
3772 2598 3859 2654 τὸν

2245 2692 2437 2764 καιρὸν
2497 2691 2594 2749 τοῦ
2642 2693 2847 2759 πάθους
2886 2694 3426 2750 ἐπιϐεϐουλευκότων
3475 2694 3676 2765 αύτῷ·
3715 2694 3855 2757 ἰδίως

2241 2782 2304 2837 δὲ
2359 2782 2520 2837 πάλιν
2560 2785 2690 2857 περὶ
2720 2784 2815 2839 τοῦ
2865 2785 3142 2857 προδότου,
3167 2787 3245 2851 ὼς
3286 2787 3356 2842 ἂν
3391 2786 3537 2858 περὶ
3574 2783 3852 2857 μαθητευ-

2243 2873 2427 2939 θέντος
2458 2875 2627 2947 αὐτῷ,
2662 2875 2787 2947 ἑξῆς
2831 2877 3081 2949 ἐπιφέρει
3106 2878 3305 2948 λέγων·
3347 2898 3367 2931 ι
3407 2877 3533 2932 Καὶ
3555 2878 3672 2952 γάρ
3707 2880 3736 2931 ὁ
3762 2878 3848 2931 ἄν-

2241 2964 2459 3037 θρωπος
2482 3040 2487 3042 »
2514 2968 2617 3039 τῆς
2672 2969 2895 3041 εἰρήνης
2934 2987 3056 3042 μου,
3093 2970 3179 3039 ἐφ’
3206 2970 3265 3024 ὃν
3298 2971 3543 3042 ἤλπισα,
3594 2972 3624 3022 ό
3656 2967 3846 3022 ἐσθίων

2238 3057 2439 3129 ἄρτους
2472 3040 2597 3131 μου,
2629 3040 2963 3133 ἐμεγάλυνεν
3006 3062 3094 3115 ἐπ’
3126 3062 3228 3133 ἐμὲ
3261 3040 3614 3134 πτερνισμὸν
3638 3077 3651 3088 ·
3686 3081 3703 3111 ι
3731 3061 3839 3113 ἀνθ’

2240 3146 2302 3205 οὗ
2334 3153 2496 3207 πάλιν
2527 3154 2556 3207 ό
2586 3153 2900 3227 Σύμμαχος,
2930 3173 2949 3207 ι
2974 3156 3083 3209 Καὶ
3108 3155 3415 3229 ἄνθρωπος,
3448 3176 3468 3207 ι
3494 3156 3693 3226 φησὶν,
3733 3173 3750 3203 ε
3783 3154 3841 3214 ὃς

2238 3244 2490 3316 είρήνευέ
2543 3263 2654 3317 μοι,
2805 3245 3136 3312 ἐπεποίθειν,
3198 3248 3505 3302 συνεσθῐων
3553 3265 3647 3319 μοι
3681 3248 3837 3318 ἄρτον

2236 3332 2391 3403 ἐμὸν,
2424 3335 2879 3408 κατεμεγαλύνθη
2916 3354 3039 3408 μου.
3080 3357 3103 3389 ι
3156 3340 3448 3410 Χείριστος
3472 3338 3592 3410 γὰρ
3625 3336 3839 3407 άληθῶς

2235 3426 2491 3480 ἁπάντων
2536 3428 2632 3481 καὶ
2688 3429 3083 3500 ἐναργέστατος
3112 3433 3141 3483 ό
3171 3430 3309 3501 μετά
3329 3431 3526 3503 κοινὴν
3559 3427 3833 3502 τράπεζαν

2235 3517 2332 3573 καὶ
2358 3516 2456 3590 τὴν
2491 3519 2550 3572 ἐν
2608 3517 2785 3589 λόγοις
2824 3519 2919 3574 τοῦ
2974 3521 3297 3576 διδασκάλου
3349 3523 3574 3593 τροφὴν
3633 3520 3727 3573 ἐπὶ
3768 3519 3832 3571 τὰ

2234 3609 2403 3681 χείρω
2458 3610 2689 3682 τραπεὶς
2714 3652 2730 3678 ,
2781 3611 2875 3666 καὶ
2929 3616 3043 3678 τοῖς
3093 3613 3358 3677 ἐναντίοις
3390 3613 3493 3667 τὸν
3538 3612 3830 3682 εὐεργέτην

2232 3702 2727 3775 ἀνταμειψάμενος.
2771 3704 2912 3758 Ἀλλ’
2945 3705 3240 3777 ἐπειδήπερ
3281 3703 3736 3765 ἐπιϐουλεύοντες
3780 3701 3828 3754 ei

2233 3792 2422 3866 ἐχθροὶ
2446 3795 2632 3865 ἔλεγον
2655 3812 2670 3827 θ
2702 3814 2721 3848 ι
2748 3797 2887 3850 Πότε
2914 3796 3290 3859 ἀποθανεῖται,
3330 3797 3422 3852 καὶ
3445 3797 3741 3851 ἀπολεῖται
3768 3790 3825 3845 τὸ

2233 3885 2407 3958 ὄνομα
2430 3888 2594 3942 αὐτοῦ
2619 3905 2666 3955 ;›
2708 3888 2876 3960 ᾤοντό
2904 3906 2964 3943 τε
2988 3888 3322 3961 κοιμηθέντα
3346 3890 3547 3962 μηκέτ’
3585 3886 3819 3955 ἀναστή-

2235 3981 2450 4048 σεσθαι,
2494 3980 2687 4035 τούτου
2749 3982 2910 4055 χάριν
2963 3980 3124 4045 αὐτὸς
3165 3982 3194 4033 ό
3236 3981 3424 4053 Σωτὴρ
3471 3982 3573 4035 καὶ⁵
3623 3978 3820 4049 Κύριος

2233 4073 2393 4144 ἡμῶν
2423 4073 2684 4127 τάναντία
2729 4072 2941 4136 τούτοις
2988 4072 3302 4144 εὐχόμενος.
3337 4074 3431 4127 καὶ
3450 4075 3556 4145 τῆς
3584 4068 3815 4126 ἀναστά-

2234 4181 2372 4230 σεως
2429 4165 2723 4230 ἀκωλύτως
2784 4167 2970 4237 τυχεῖν
3024 4164 3192 4231 ἀξιῶν
3229 4165 3320 4219 τὸν
3361 4165 3611 4238 Πατέρα,
3655 4161 3783 4233 φησί
3794 4175 3811 4191 ο

2239 4277 2259 4311 ι
2289 4260 2362 4314 Σὺ
2394 4260 2471 4324 δὲ,
2505 4258 2699 4333 Κύριε,
2731 4257 2953 4327 ἐλέησόν
2983 4275 3071 4329 με,
3118 4259 3213 4312 καὶ
3264 4258 3570 4328 ἀνάστησόν
3603 4272 3691 4328 με,
3721 4250 3810 4307 καὶ

2232 4350 2599 4406 ἀνταποδώσω
2623 4351 2826 4414 αὐτοῖς.
2867 4350 2955 4403 Ἐν
2985 4349 3159 4421 τούτῳ
3182 4348 3371 4417 ἔγνων,
3401 4348 3483 4402 ὅτι
3518 4342 3810 4415 τεθέληκάς

2238 4460 2327 4514 με,
2357 4444 2523 4498 ὅτιού
2562 4441 2636 4514 μὴ
2672 4436 2907 4513 ἐπιχαρῇ
2939 4443 2969 4495 ό
3013 4440 3207 4513 ἐχθρός
3231 4458 3334 4512 μου
3371 4441 3458 4493 ἐπ’
3491 4439 3640 4512 ἐμοί.
3666 4457 3684 4491 ι
3705 4435 3803 4490 Καὶ

500 4528 513 4561 ³
548 4533 793 4587 muniter
832 4530 902 4588 de
954 4533 1229 4590 universis
1286 4537 1432 4592 dicta
1465 4546 1617 4601 sunt,
1671 4538 1766 4609 qui
1815 4539 1920 4596 sub
1952 4539 2128 4610 ipsum

2243 4532 2501 4605 πρόδηλόν
2537 4549 2603 4602 γε
2639 4532 2761 4587 τίνα
2808 4533 3008 4605 τρόπον
3037 4532 3177 4604 μετά
3206 4533 3305 4605 τὴν
3336 4535 3400 4588 ὲκ
3428 4533 3640 4606 νεκρῶν
3682 4528 3805 4585 ἀνάο

547 4626 830 4695 passionis
870 4634 1090 4697 tempus
1118 4627 1349 4685 insidias
1381 4630 1459 4684 illi
1493 4629 1761 4686 fecerunt.
1793 4631 2127 4690 Atseorsum

549 4718 618 4773 de
640 4719 939 4789 proditore,
996 4729 1254 4791 tanquam
1284 4721 1351 4777 de
1382 4737 1449 4778 eo
1469 4739 1629 4792 quem
1655 4723 1770 4794 ipse
1796 4736 1856 4780 ut
1888 4725 2131 4795 discipu-

548 4811 661 4865 lum
696 4811 1047 4877 instituisset,
1085 4814 1345 4885 deinceps
1397 4813 1667 4886 adjungit,
1694 4815 1885 4873 dicens
1920 4833 1934 4869 :
1980 4836 2000 4870 ι
2036 4816 2130 4872 Ει-

547 4905 696 4960 enim
722 4904 885 4960 homo
921 4907 1074 4976 pacis
1109 4921 1261 4972 meae,
1294 4906 1352 4961 in
1405 4923 1515 4978 quo
1544 4908 1780 4978 speravi,
1812 4909 1902 4979 qui
1933 4909 2129 4964 edebat

547 5011 719 5066 panes
752 5013 926 5065 meos,
957 4999 1326 5070 magniﬁcavit
1372 5014 1539 5069 super
1582 5014 1668 5055 me
1722 5001 2125 5072 supplantatio-

551 5106 676 5146 nem
710 5093 776 5148 “.
808 5114 828 5147 ι
862 5092 971 5149 Pro
1004 5109 1113 5163 quo
1144 5110 1361 5150 rursum
1386 5091 1746 5167 Symmachus
1782 5086 1917 5151 :cEt
1940 5097 2123 5161 homo,

546 5181 749 5251 inquit,
772 5184 866 5254 qui
900 5199 1086 5255 pacem
1117 5185 1348 5241 habebat
1375 5201 1610 5252 mecum,
1645 5188 1735 5242 cui
1762 5188 2127 5253 conﬁdebam,

545 5271 843 5331 comedens
888 5288 1103 5331 mecum
1134 5291 1328 5347 panem
1378 5292 1582 5346 meum,
1616 5278 1997 5349 magniﬁcatus
2042 5287 2132 5335 est

546 5373 739 5419 contra
799 5381 906 5421 me.
944 5385 965 5418 ι
1030 5365 1314 5424 Pessimus
1355 5370 1504 5425 enim
1558 5386 1749 5426 revera
1796 5370 2040 5426 omnium
2074 5380 2130 5428 et

547 5455 1034 5525 sceleratissimus,
1063 5460 1158 5530 qui
1188 5470 1313 5531 post
1369 5476 1718 5519 communem
1772 5478 2038 5528 mensam,
2073 5472 2128 5520 et

543 5557 670 5620 post
718 5550 828 5607 cibi
878 5552 1022 5610 inter
1054 5554 1221 5611 verba
1258 5556 1612 5627 praeceptoris
1664 5556 2120 5627 assumptionern,

2230 4641 2416 4677 στασιν
2440 4623 2625 4691 αὐτοῦ,
2656 4624 2995 4696 παραχρῆμα
3046 4626 3142 4677 καὶ
3172 4627 3273 4679 οὐκ
3305 4627 3385 4689 είς
3419 4625 3640 4700 μακρὰν
3678 4636 3802 4694 μετα

2235 4718 2367 4788 ἦλθε
2416 4721 2541 4782 τοὺς
2590 4716 3115 4781 ἐπιϐεϐουλευκότας
3162 4717 3375 4790 αύτῷὴ
3428 4715 3798 4777 ἁνταπόδοσις,

2228 4812 2375 4875 ὅπως
2408 4828 2467 4864 τε
2495 4813 2524 4865 ὁ
2554 4809 2746 4882 ἐχθρὸς
2771 4808 2961 4875 αὐτοῦ,
2993 4808 3141 4881 ζωῆς
3172 4811 3549 4881 τυγχάνοντος,
3581 4810 3797 4868 θάνατος

2228 4902 2596 4978 κατῃσχύνθη,
2619 4902 2760 4957 ὥστε
2782 4903 2906 4968 τοὺς
2934 4902 3359 4969 ἐπονειδίζοντας
3395 4904 3568 4958 εἰπεῖν
3587 4920 3601 4934 -
3636 4922 3656 4953 ι
3694 4897 3796 4953 Ποῦ

2232 5014 2348 5063 σου,
2372 4996 2590 5060 θάνατε,
2616 4995 2678 5050 τὸ
2696 4995 2952 5069 κέντρονς
2980 4995 3084 5049 ποῦ
3114 5012 3229 5061 σου,
3258 4995 3474 5060 θάνατε,
3502 4996 3564 5049 τὸ
3588 4999 3788 5057 νῖκοςςι

2244 5089 2512 5161 Ἐντυχὼν
2543 5088 2601 5143 δέ
2626 5107 2711 5153 τις
2738 5094 2858 5154 ταῖς
2884 5090 3023 5161 μετά
3050 5088 3146 5161 τὴν
3177 5087 3472 5143 ἀνάστασιν
3504 5088 3598 5142 τοῦ
3620 5084 3793 5155 Σωτῆο

2236 5200 2325 5252 ρος
2349 5183 2508 5256 ἡμῶν
2544 5184 2803 5255 ἱστορίαις
2830 5183 2907 5256 τῷ
2953 5184 3197 5254 Ἰωσήπῳ
3225 5182 3569 5253 γραφείσαις,
3603 5180 3791 5234 εἴσεται

2233 5278 2333 5343 τὰς
2364 5277 2726 5350 μετελθούσας
2757 5277 2818 5331 τὸ
2849 5276 3115 5331 Ἰουδαίων
3157 5274 3307 5339 ἔθνος
3340 5277 3433 5329 καὶ
3471 5276 3598 5339 τοὺς
3615 5273 3792 5343 ἄρχονο

2233 5386 2333 5434 τας
2364 5367 2543 5423 αὐτῶν
2576 5367 2878 5440 συμφορὰς,
2921 5363 3010 5431 αἷς
3048 5366 3274 5430 είκότως
3332 5364 3788 5437 περιπεπτώκασι,

2231 5462 2301 5517 τὰ
2323 5463 2577 5535 ἐπίχειρα
2596 5455 2671 5516 ὧν
2708 5463 2789 5524 είς
2844 5459 3005 5514 αὑτὸν
3050 5458 3282 5531 ἔδρασαν
3310 5459 3786 5531 ἀπολαμϐάνοντες·

2232 5557 2340 5610 Καὶ
2362 5556 2531 5610 ταῦτα
2568 5554 2667 5627 μὲν
2694 5554 2774 5616 εἰς
2808 5552 3049 5616 ἐκείνους
3092 5552 3393 5625 ἐπληροῦτο
3423 5555 3619 5619 πάντα,
3658 5544 3792 5605 κατὰ

618 5728 897 5828 ἐ’..ἓιίωὲἓέο
932 5748 1093 5798 ’ωηο
1135 5732 1216 5789 “-
1297 5734 1341 5767 ”
1382 5731 1547 5790 Mm
1585 5750 1697 5802 ιιν,
1738 5735 1945 5805 ιο,1ι.
2022 5736 2065 5791 ³1
2105 5733 2142 5791 ι

2278 5751 2420 5800 xxii,
2452 5735 2504 5801 3,
2528 5736 2579 5791 6.
2688 5734 2730 5766 ³⁸
2771 5730 2913 5790 Psal.
2952 5749 3042 5800 λι,
3080 5734 3128 5801 7,
3156 5734 3206 5790 8.
3252 5734 3292 5767 ³ο
3334 5734 3467 5794 ibid.
3499 5734 3552 5791 9.
3588 5734 3631 5768 “
3666 5725 3784 5789 ibid.

547 5797 594 5832 “
632 5800 767 5859 ibid.
792 5804 889 5875 ιο.
