4110 6410
239 384 342 439 7‘29

1180 384 1841 443 DEMONSTRATIONIS
1879 385 2342 446 EVANGELICIE
2382 388 2513 445 LIB.
2553 390 2618 445 Χ.

3404 390 3509 448 730

240 503 338 572 τὴν
371 500 680 572 πρόρρησιν
702 515 716 532 ο
775 499 870 554 τοῦ
903 500 958 554 δὲ
997 501 1246 574 Σωτῆρος
1275 503 1433 574 ἡμῶν
1459 505 1492 575 ἡ
1523 506 1588 578 ἐκ
1619 504 1830 576 νεκρῶν

1944 522 1992 563 se
2016 507 2085 561 ad
2110 507 2381 562 deteriora
2409 509 2703 575 convertit,
2725 515 2780 562 et
2809 507 3108 562 contrariis
3136 507 3301 560 rebus
3321 523 3446 562 eum
3478 523 3514 565 τι

239 595 542 656 ἀνάστασις
598 591 818 656 διέδειξε
872 597 986 658 τοῖς
1014 595 1199 658 πᾶσιν,
1231 597 1380 660 ὅπως
1409 597 1467 648 ἐν
1499 595 1651 667 αὐτῷ
1682 597 1830 650 εὐδό-

240 704 414 758 κησεν
466 687 496 739 ὁ
547 686 770 756 Πατὴρ,
833 685 892 750 ὃς
939 687 1046 740 ’καὶ
1111 687 1274 752 αὐτὸς
1321 688 1565 742 διδάσκει
1617 687 1826 758 λέγων’

245 802 265 832 ι
315 778 570 851 Ἐλέησόν
603 796 692 850 με,
728 778 823 831 καὶ
865 778 1173 851 ἀνάστησόν
1211 798 1298 852 με,
1335 781 1431 834 καὶ
1466 781 1832 838 ἀνταποδώσω

239 875 451 932 αὐτοῖς.
486 873 574 925 Ἐν
610 870 788 942 τούτῳ
831 870 1024 940 ἔγνων,
1069 874 1154 926 ὅτι
1201 874 1500 946 τεθέληκάς
1533 892 1622 946 με,
1656 877 1737 928 ὅτι
1769 877 1831 929 οὑ

243 966 322 1036 μὴ
356 967 590 1037 ἐπιχαρῇ
616 966 645 1018 ὁ
667 963 861 1035 ἐχθρός
897 982 996 1035 μου
1029 966 1115 1018 ἐπ’
1145 968 1287 1037 ἐμοί.
1329 987 1348 1019 ι
1393 969 1615 1032 Τούτοις
1654 969 1834 1022 ἐπιλέ-

238 1075 370 1127 γει-
412 1079 430 1108 ι
472 1057 636 1129 Ἐμοῦ
689 1056 747 1110 δὲ
794 1057 884 1110 διὰ
910 1057 1008 1129 τὴν
1049 1060 1283 1114 ἀκακίαν
1322 1061 1640 1115 ἀντελάὁου.
1678 1079 1696 1112 ι
1723 1061 1834 1114 Καὶ

237 1153 402 1224 τήρει
426 1167 490 1219 γε
514 1151 638 1203 τίνα
668 1150 867 1222 τρόπον
899 1151 1048 1222 αὐτῷ
1073 1151 1152 1222 τῷ
1181 1151 1298 1222 Θεῷ
1326 1152 1422 1205 καὶ
1461 1153 1636 1224 Πατρὶ
1666 1151 1832 1206 αὑτοῦ

237 1243 342 1315 τὴν
396 1242 562 1314 εὐχὴν
619 1242 995 1314 ἀναπέμπων,
1055 1245 1148 1296 ἐπὶ
1212 1244 1450 1318 τοσαύτῃ
1519 1245 1831 1317 τεθάρρηκε

239 1337 555 1409 παρρησίᾳ,
581 1335 656 1400 ὡς
684 1337 924 1392 ἀκακίαν
945 1337 1122 1408 ἐαυτῷ
1151 1343 1468 1411 μαρτυρεῖν,
1489 1339 1667 1393 καίτοι
1697 1340 1835 1392 ἀνω-

241 1426 394 1497 τέρω
417 1429 626 1497 φήσας·
665 1447 683 1478 ι
727 1428 907 1482 Ἰασαι
943 1429 1042 1500 τὴν
1090 1427 1267 1501 ψυχήν
1300 1447 1424 1500 μου,
1458 1431 1542 1483 ὅτι
1583 1430 1834 1502 ἦμαρτόν

245 1535 352 1572 σοι.
393 1538 410 1568 ι
461 1518 621 1572 una:
649 1519 712 1572 τὸ
748 1519 867 1590 μὲν,
902 1539 920 1570 ι
950 1520 1197 1591 ἤμαρτόν
1233 1538 1337 1585 σοι,
1385 1541 1402 1572 ι
1429 1522 1620 1585 ὁποίας
1655 1521 1834 1593 ἔχεται

242 1609 488 1674 διανοίας
541 1611 1027 1684 προδιειλήφαμεν.
1066 1615 1173 1666 Καὶ
1203 1616 1232 1666 ὁ
1261 1615 1553 1685 Σύμμαχος
1585 1614 1641 1667 δέ
1674 1615 1837 1682 σαφέ-

245 1719 442 1777 στερον
473 1705 815 1777 παρέστησεν
855 1705 1025 1760 εἰπών
1045 1723 1057 1736 ·
1088 1725 1106 1757 ι
1141 1708 1321 1760 Ἰασαι
1357 1707 1460 1777 τὴν
1497 1706 1677 1777 ψυχήν
1709 1723 1832 1777 μου,

245 1798 344 1849 καί
408 1799 458 1850 εί
503 1798 750 1869 ἥμαρτον
812 1814 930 1851 σοι·
975 1818 992 1849 ι
1026 1798 1055 1851 ὅ
1083 1800 1177 1853 καὶ
1209 1799 1339 1852 αὐτὸ
1380 1799 1574 1868 λέγοιτ’
1607 1798 1672 1852 ἂν
1707 1800 1834 1869 περὶ

242 1889 358 1942 τῶν
392 1890 678 1962 ἡμετέρων
703 1892 1135 1964 ἁμαρτημάτων,
1158 1893 1301 1964 ἅπερ
1326 1893 1354 1944 ὁ
1381 1892 1568 1964 Σωτὴρ
1597 1893 1692 1945 καὶ
1725 1891 1836 1945 Κύ-
1869 1878 1908 1932 Β

247 2000 366 2054 ριος
405 1983 561 2054 ἡμῶν
588 1987 666 2048 είς
723 1986 916 2039 ἑαυτὸν
952 1985 1254 2052 ἀνεδέξατο.
1305 1986 1378 2038 Τὸ
1407 1985 1489 2049 δὲ,
1524 2006 1542 2037 ι
1594 1986 1757 2058 Ἐμοῠ
1783 1987 1840 2040 δὲ

242 2074 336 2128 διὰ
354 2077 460 2146 τὴν
495 2077 730 2131 ἀκακίαν
756 2077 1071 2140 ἀντελάὄου,
1097 2096 1114 2128 ι
1137 2078 1234 2150 τὴν
1249 2077 1312 2130 δι’
1347 2077 1466 2131 ὂλου
1491 2078 1840 2151 καθαρότητα

241 2166 351 2236 τῆς
385 2167 552 2221 αὑτοῦ
583 2168 798 2238 φύσεως
845 2169 1163 2242 παρίστησι,
1203 2169 1271 2221 δι’
1315 2169 1380 2240 ἣν
1406 2171 1499 2223 καὶ
1524 2170 1584 2223 τὸ
1629 2171 1840 2243 ἑδραῖον

241 2262 341 2314 καὶ
369 2261 628 2316 ἄσειστον
664 2264 763 2334 τῆς
789 2263 955 2332 ζωῆς,
979 2264 1071 2316 καὶ
1102 2263 1202 2332 τῆς
1241 2263 1378 2334 μετὰ
1418 2263 1516 2335 τὴν
1550 2264 1844 2317 ἀνάστασιν

241 2351 415 2406 αὑτοῦ
447 2353 722 2425 σωτηρίας
767 2354 1031 2409 διδάσκων
1065 2356 1304 2424 ἐπιλέγει
1328 2373 1340 2384 ’
1375 2375 1394 2406 ι
1433 2356 1543 2409 Καὶ
1585 2355 1841 2409 ἐϐεϐαίω-

245 2447 352 2510 σάς
384 2465 451 2517 με
479 2445 710 2501 ἐνώπιόν
741 2465 834 2501 σου
881 2450 959 2512 είς
997 2449 1088 2501 τὸν
1109 2448 1312 2502 αίῶναο
1348 2468 1368 2499 ι
1390 2448 1445 2520 ἢ,
1479 2468 1497 2500 ι
1526 2449 1636 2502 Καὶ
1668 2467 1842 2521 παρα-

245 2541 470 2609 στήσεις
529 2558 595 2612 με
654 2539 960 2613 ἔμπροσθέν
1020 2558 1112 2594 σου
1159 2540 1227 2586 δι’
1283 2543 1493 2605 αἰῶνος,
1526 2560 1544 2592 ι
1579 2541 1722 2596 κατὰ
1747 2542 1839 2595 τὸν

243 2632 570 2703 Σύμμαχον.

1929 614 2044 669 quo
2061 600 2382 670 juvabatur,
2423 607 2479 656 et
2505 600 2773 657 beneficia
2803 599 3079 669 capiebat,
3112 599 3510 657 remuneravit.

1928 694 2000 749 At
2061 708 2194 750 vero
2246 693 2506 766 quoniam
2561 692 2772 748 inimici
2845 692 3168 748 insidiantes
3233 691 3511 760 dicebant,

1936 808 1956 842 ‹
1980 789 2201 860 quando
2233 789 2520 851 morietur,
2545 794 2598 842 et
2625 785 2826 856 peribit
2852 800 3054 840 nomen
3077 785 3198 855 ejus
3223 784 3247 839 ?
3282 804 3301 838 ι
3327 792 3382 841 et
3411 800 3514 856 pu-

1930 882 2121 936 tabant
2157 889 2336 937 morte
2379 881 2617 951 sopitum
2670 894 2781 933 non
2843 878 3080 948 amplius
3110 887 3513 944 surrecturum,

1932 972 2141 1027 idcirco
2165 973 2282 1043 ipse
2316 970 2570 1025 Salvator
2598 987 2662 1026 ac
2701 968 2964 1025 Dominus
2999 968 3164 1042 470
3208 977 3400 1026 noster
3426 969 3517 1026 his

1933 1066 2162 1121 adversa
2193 1072 2470 1134 precatur,
2500 1072 2554 1118 et
2573 1062 2862 1118 reditionis
2891 1061 2958 1116 ad
2991 1063 3159 1116 vitam
3188 1063 3309 1118 sine
3335 1063 3517 1133 impe-

1933 1160 2177 1214 dimento
2219 1173 2278 1211 se
2308 1166 2612 1227 compotem
2648 1156 2763 1211 ﬁeri
2797 1154 3015 1210 Patrem
3052 1171 3212 1210 suum
3259 1164 3400 1219 orat,
3431 1155 3520 1211 di-

1933 1266 2103 1305 cens:
2139 1269 2157 1301 ι
2193 1249 2274 1304 Τυ
2299 1258 2500 1312 autem,
2534 1249 2779 1312 Domine,
2817 1249 3077 1304 miserere
3121 1248 3249 1312 mei,
3287 1257 3341 1304 et
3391 1261 3518 1304 sus-

1933 1343 2043 1397 cita
2068 1358 2174 1405 me,
2210 1350 2262 1397 et
2287 1343 2584 1396 retribuam
2621 1343 2722 1397 eis.
2755 1341 2813 1396 In
2847 1343 2951 1399 hoc
2982 1342 3214 1413 cognovi
3240 1340 3385 1411 quod
3424 1355 3518 1395 vo-

1935 1435 2086 1488 luisti
2124 1450 2228 1496 me,
2259 1435 2404 1504 quod
2439 1450 2546 1488 non
2580 1434 2841 1505 gaudebit
2866 1435 3124 1490 inimicus
3163 1449 3321 1489 meus
3351 1447 3521 1503 super

1935 1543 2022 1582 me
2045 1528 2111 1583 “.
2154 1548 2172 1579 ι
2216 1526 2280 1580 Et
2309 1543 2442 1582 sane
2473 1527 2618 1581 haud
2656 1528 2954 1584 obscurum
2985 1535 3093 1592 est,
3127 1543 3286 1598 quem
3315 1527 3370 1581 in
3401 1541 3520 1581 mo-

1935 1622 2065 1676 dum
2099 1629 2388 1692 postquam
2417 1637 2446 1675 a
2477 1623 2708 1677 mortuis
2739 1622 2922 1684 rediit,
2950 1623 3228 1693 evestigio
3250 1637 3424 1692 neque
3445 1621 3521 1674 ita

1935 1715 2109 1767 multo
2134 1721 2276 1784 post,
2296 1729 2391 1769 eos
2425 1713 2517 1784 qui
2542 1714 2618 1768 illi
2669 1714 2902 1769 insidias
2934 1722 3252 1770 struxerant
3282 1713 3524 1770 retribu-

1937 1808 2016 1862 tio
2047 1807 2159 1861 ulta
2199 1807 2291 1873 sit,
2325 1816 2494 1878 utque
2547 1822 2631 1871 ea,
2659 1822 2780 1877 qum
2817 1807 2938 1862 vita:
2983 1807 3104 1876 ejus
3139 1807 3360 1860 inimica
3403 1810 3522 1861 erat

1938 1914 2110 1962 mors,
2161 1899 2233 1953 sit
2283 1900 2491 1969 pudore
2536 1899 2790 1965 confusa,
2845 1899 2982 1953 adeo
3045 1898 3135 1952 illa
3185 1898 3405 1970 quidem
3462 1905 3524 1952 ut

1940 1993 2099 2066 quasi
2133 1992 2393 2062 probrum
2425 1993 2474 2048 ei
2523 1993 2850 2062 objicientes
2881 1992 3128 2047 dicerent
3165 2010 3178 2046 :
3221 2011 3238 2042 ι
3280 1990 3384 2046 Ubi
3415 1999 3519 2056 est,

1940 2099 2112 2148 mors,
2147 2085 2403 2140 stimulus
2423 2085 2585 2140 tuus?
2607 2086 2698 2140 ubi
2722 2093 2828 2148 est,
2849 2101 3018 2149 mors,
3039 2084 3271 2138 victoria
3299 2092 3389 2136 tua
3410 2081 3517 2135 "ii

1941 2178 2230 2243 Caeterum,
2264 2177 2311 2233 si
2340 2178 2465 2247 quis
2512 2177 2774 2232 historias
2823 2186 3071 2248 tempora
3126 2183 3249 2248 post
3299 2174 3523 2230 reditio-

1944 2288 2066 2326 nem
2107 2271 2176 2326 ad
2207 2272 2375 2326 vitam
2409 2271 2712 2327 Salvatoris
2747 2272 2924 2326 nostri
2972 2271 3309 2340 complexas,
3340 2283 3461 2337 qua:
3493 2281 3525 2318 a

1942 2361 2182 2433 Josepho
2221 2364 2547 2433 conscriptae
2591 2364 2724 2427 sint,
2771 2363 3056 2422 evolverit.
3119 2360 3277 2415 facile
3322 2356 3527 2412 videbit

1944 2468 2191 2523 quaenam
2217 2454 2561 2508 calamitates
2604 2451 2888 2507 Judaicam
2923 2459 3139 2523 gentem
3187 2458 3351 2518 atque
3403 2445 3526 2514 ejus

1943 2547 2218 2617 principes
2249 2547 2587 2611 invaserint,
2620 2555 2782 2616 atque
2812 2546 3124 2608 alllixerint,
3156 2545 3210 2598 in
3242 2558 3381 2612 quas
3412 2554 3530 2593 ine—

1943 2639 2051 2693 rito
2091 2638 2168 2692 illi
2208 2639 2544 2703 inciderunt,
2573 2647 2630 2692 ut
2677 2637 2902 2692 sceleris
2931 2637 3076 2706 quod
3132 2636 3188 2689 in
3244 2635 3398 2688 illum
3431 2648 3528 2702 pa-

241 2731 533 2778 traverant
565 2724 787 2794 prmmia
836 2722 998 2794 digna
1044 2724 1353 2794 reciperent
1382 2734 1479 2780 :‘et
1513 2723 1630 2780 haec
1674 2727 1895 2796 quidem
1936 2729 2117 2783 omnia
2169 2729 2433 2783 adversus
2465 2728 2586 2784 illos
2636 2729 2908 2798 completa
2961 2738 3106 2790 sunt,
3160 2733 3218 2779 ut
3244 2724 3528 2779 oraculum

242 2818 598 2890 przrﬁixerat.
649 2817 948 2874 Salvatoris
993 2827 1173 2874 autem
1215 2820 1392 2875 nostri
1445 2819 1512 2874 de
1554 2829 1728 2874 morte
1766 2819 1831 2873 ad
1869 2820 2035 2873 vitam
2085 2820 2281 2873 reditio
2341 2821 2498 2890 plane
2532 2821 2789 2875 omnibus
2821 2820 3238 2880 demonstravit,
3260 2826 3527 2888 quantum

244 2912 357 2967 sibi
390 2911 554 2968 Pater
588 2910 644 2966 in
693 2911 787 2966 illo
830 2912 1119 2982 placuerit,
1154 2927 1317 2982 quam
1365 2912 1584 2983 quidem
1633 2927 1748 2966 rem
1799 2911 1915 2980 ipse
1952 2911 2212 2973 ostendit,
2249 2911 2440 2967 dicens
2468 2931 2481 2965 :
2520 2930 2537 2961 ‹
2571 2910 2832 2966 Miserere
2863 2911 2992 2972 mei,
3023 2917 3076 2964 et
3104 2911 3311 2964 suscita
3335 2924 3443 2969 me,
3473 2916 3528 2962 et

243 3006 556 3060 retribuam
613 3005 714 3062 eis.
763 3004 824 3060 In
870 3006 975 3061 hoc
1019 3007 1252 3078 cognovi
1294 3007 1439 3078 quod
1503 3006 1723 3061 voluisti
1772 3021 1879 3068 me,
1942 3005 2087 3075 quod
2143 3021 2252 3058 non
2307 3005 2560 3076 gaudebit
2626 3005 2882 3060 inimicus
2941 3019 3095 3058 meus
3140 3016 3304 3070 super
3359 3015 3462 3054 me.
3503 3019 3522 3052 ι

244 3097 461 3153 Deinde
493 3097 784 3170 adjungit:
825 3116 844 3150 ι
889 3096 972 3152 Me
1001 3106 1180 3154 autem
1209 3109 1433 3169 propter
1461 3099 1832 3154 innocentiam
1875 3100 2189 3169 suscepisti.
2219 3120 2236 3152 ι
2273 3099 2507 3154 Attende
2550 3105 2731 3152 autem
2769 3111 3008 3166 quonam
3065 3105 3224 3165 pacto
3256 3095 3360 3164 ipsi
3417 3092 3528 3149 Deo

241 3202 304 3249 et
343 3192 495 3247 Patri
545 3208 646 3248 suo
704 3192 1044 3268 supplicans,
1088 3201 1239 3247 tanta
1291 3201 1478 3249 utatur
1529 3195 1781 3249 libertate
1831 3195 2108 3264 loquendi,
2161 3204 2221 3250 ut
2275 3195 2379 3250 sibi
2426 3193 2533 3264 ipsi
2579 3193 2906 3246 innocentia:
2954 3191 3325 3245 testimonium
3375 3189 3530 3244 exhi-

245 3284 404 3345 beat,
451 3281 670 3338 tametsi
721 3283 974 3353 superius
1027 3283 1169 3338 dixit
1200 3303 1254 3338 ει
1283 3283 1425 3338 Sana
1478 3285 1714 3338 animam
1753 3301 1950 3352 meam,
1990 3286 2119 3357 quia
2152 3286 2371 3356 peccavi
2407 3286 2526 3340 tibi.
2562 3303 2580 3337 ι
2622 3282 2728 3338 Sed
2779 3281 2912 3337 illud
2961 3281 3202 3352 quidem,
3232 3299 3250 3332 ι
3309 3285 3528 3352 peccavi

245 3377 376 3439 tibi,
416 3380 460 3443 »ζ
489 3390 600 3444 quo
625 3391 791 3431 sensu
836 3376 907 3430 sit
955 3375 1369 3446 accipiendum,"
1397 3387 1557 3434 antea
1615 3379 1835 3448 planum
1877 3377 2128 3444 fecimus,
2161 3378 2306 3447 quod
2371 3375 2732 3450 Symmachus
2775 3376 3019 3446 apertius
3068 3375 3341 3444 exposuit,
3403 3391 3528 3430 cum

247 3469 395 3528 dixit
433 3486 448 3522 :
486 3486 506 3520 ι
537 3467 681 3522 Sana
726 3468 963 3524 animam
998 3485 1202 3534 meam,
1233 3471 1340 3526 etsi
1370 3472 1590 3540 peccavi
1635 3471 1734 3524 tibi
1767 3489 1780 3524 :
1821 3489 1839 3522 ι
1879 3471 2025 3540 quod
2059 3487 2190 3526 sane
2216 3472 2394 3541 ipsum
2431 3471 2592 3526 etiam
2629 3470 2696 3526 de
2749 3471 2988 3540 peccatis
3030 3471 3236 3525 nostris
3265 3469 3372 3524 dici
3431 3484 3529 3538 po-

247 3569 386 3625 test,
423 3573 546 3628 quae
578 3555 830 3612 Salvator
879 3575 944 3614 ac
992 3559 1256 3617 Dominus
1290 3570 1474 3616 noster
1519 3561 1573 3615 in
1622 3561 1858 3629 seipsuin
1900 3563 2161 3632 suscepit.
2213 3561 2348 3616 Illud
2383 3572 2564 3617 autem
2608 3582 2620 3617 :
2659 3581 2675 3613 ι
2715 3562 2797 3616 Me
2853 3571 3032 3618 autem
3080 3569 3294 3632 propter
3350 3562 3509 3614 inno-

247 3656 494 3708 centiam
559 3649 874 3718 suscepisti,
933 3670 952 3702 ι
1011 3651 1306 3720 puritatem
1365 3659 1576 3707 naturae
1629 3651 1824 3721 ipsius,
1879 3667 2040 3721 quam
2097 3659 2264 3705 totam
2315 3651 2649 3722 possidebat,
2689 3650 3046 3713 demonstrat,
3079 3665 3146 3703 ex
3177 3665 3281 3718 qua
3311 3649 3518 3718 purita-

253 3752 312 3798 te
386 3742 562 3795 vitam
630 3756 851 3812 quoque
894 3749 948 3798 et
990 3744 1219 3800 salutem
1261 3744 1511 3800 stabilem
1567 3753 1730 3814 atque
1769 3745 2152 3802 inconcussam
2219 3753 2341 3818 post
2391 3746 2624 3801 reditum
2681 3745 2854 3816 ipsius
2901 3743 2970 3797 ad
3023 3745 3185 3796 vitam
3253 3756 3530 3812 exponens

253 3835 511 3905 adjungit
544 3852 558 3888 :
594 3851 612 3884 ‹
659 3831 724 3886 Et
756 3833 1094 3890 conﬁrmasti
1129 3851 1214 3891 me
1245 3835 1300 3890 in
1333 3846 1632 3906 conspectu
1668 3847 1760 3892 tuo
1788 3838 1842 3891 in
1881 3845 2166 3904 aeternum,
2202 3859 2220 3891 ι
2287 3847 2382 3894 aut
2430 3839 2588 3894 aliter
2623 3857 2638 3894 :
2681 3855 2699 3888 ι
2736 3835 2803 3890 Et
2835 3835 3139 3892 constitues
3172 3851 3258 3890 me
3302 3843 3429 3890 ante
3462 3843 3518 3889 te

251 3933 314 3991 in
341 3945 630 3998 κιαι-ηοω,
662 3954 682 3988 ι
719 3942 780 3988 ιιι
807 3934 1200 4003 interpretatus
1231 3938 1316 3986 est
1349 3928 1735 4001 Symmachus.

268 4052 409 4108 Ἀπὸ
436 4050 544 4105 τοῦ
570 4047 814 4118 ψαλμοῦ
842 4046 947 4118 νδν.
979 4077 1050 4088 -
1070 4046 1191 4118 Ἔτι
1209 4046 1354 4118 περὶ
1380 4043 1503 4118 τοῦΔ
1515 4043 1721 4103 Ἰούδα,
1744 4043 1838 4118 καὶ

1945 4041 2104 4113 E71
2130 4041 2170 4093 Α
2200 4038 2407 4118 psalmo
2438 4055 2545 4094 Liv.
2577 4037 2815 4118 —:-_Item
2861 4037 2925 4092 de
2966 4035 3113 4118 Iuda
3143 4047 3198 4118 et
3239 4039 3303 4092 de
3344 4039 3414 4118 iis
3439 4041 3532 4110 qui

329 4105 452 4177 τῶν
473 4105 596 4175 σὺντ
619 4105 780 4184 αὐτῷ
805 4117 920 4186 τὴν
948 4116 1098 4171 κατὰ
1129 4115 1234 4170 τοῦ
1253 4105 1506 4184 Χξριστοῦ
1528 4113 1844 4181 συσκευὴν

1967 4105 2138 4165 "cuiu
2178 4105 2237 4164 eo
2299 4108 2548 4163 adversus
2601 4105 2872 4163 Christum
2930 4108 3351 4178 conjuralionem
3387 4105 3527 4180 [cce-

330 4189 776 4260 πεποιημένων.
2020 4192 2162 4236 runt.

337 4326 356 4358 ‹
408 4304 716 4369 Ἐνώτισαι,
740 4306 767 4357 ὁ
791 4303 943 4368 Θεὸς,
973 4302 1072 4373 τὴν
1117 4301 1422 4374 προσευχήν
1457 4316 1581 4370 μου,
1630 4298 1725 4352 καὶ
1775 4295 1849 4368 μὴ

257 4396 529 4468 ὑπερίδῃς
587 4394 685 4466 τὴν
737 4394 918 4466 δέησίν
958 4410 1082 4464 μου.
1142 4392 1386 4464 Πρόσχες
1424 4407 1534 4462 μοι,
1588 4391 1682 4444 καὶ
1740 4391 1852 4442 εἰσ-

2028 4318 2046 4350 (
2088 4297 2329 4353 Auribus
2363 4295 2604 4367 percipe,
2635 4293 2803 4357 Deus,
2829 4293 3132 4348 orationem
3156 4307 3355 4357 meam,
3387 4305 3533 4348 etne

1951 4389 2267 4460 despexeris
2295 4386 2734 4458 deprecationem
2782 4399 2980 4440 meam.
3027 4383 3232 4440 Praesta
3263 4392 3528 4440 attentum

258 4489 504 4545 άκουσόν
566 4505 688 4559 μου.
719 4484 1026 4558 Ἐλυπήθην
1070 4488 1127 4538 ἐν
1162 4487 1227 4555 τῇ
1286 4482 1568 4555 ἀδολεσχίᾳ
1611 4499 1730 4552 μου,
1759 4481 1852 4534 καὶ

259 4581 575 4654 ἐταράχθην
637 4579 745 4633 ἀπὸ
803 4578 985 4648 φωνῆς
1037 4576 1253 4649 ἐχθροῦ,
1317 4576 1411 4630 καὶ
1462 4576 1570 4630 ἀπὸ
1623 4574 1851 4644 θλίψεως

258 4672 625 4746 ἀμαρτωλοῖν
669 4672 752 4726 ὅτι
801 4671 1078 4735 ἐξέκλιναν
1111 4671 1196 4722 ἐπ’
1230 4668 1331 4740 ἐμὲ
1380 4667 1630 4740 ἀνομίαν,
1668 4666 1762 4720 καὶ
1795 4667 1852 4718 ἐν

259 4769 405 4838 ὀργῇ
461 4764 741 4818 ἐνεκότουν
798 4780 908 4834 μοι.
975 4761 1040 4814 Ἡ
1093 4759 1290 4834 καρδία
1333 4777 1433 4832 μου
1477 4757 1752 4830 ἐταράχθη
1795 4758 1854 4810 ὲν

260 4860 416 4931 ἐμοὶ,
471 4858 565 4910 καὶ
621 4854 792 4910 δειλία
846 4853 1076 4908 θανάτου
1125 4851 1390 4906 ἐπέπεσεν
1425 4853 1512 4904 ἐπ’
1544 4849 1663 4922 ἐμέ.
1686 4849 1854 4912 Φόϐος

263 4953 364 5007 καὶ
397 4949 600 5021 τρόμος
630 4944 794 5019 ἦλθεν
817 4946 904 4998 ἐπ’
937 4944 1060 5015 ἐμὲ,
1091 4944 1186 4997 καὶ
1212 4941 1450 5010 ὲκάλυψέ
1492 4958 1558 5013 με
1593 4941 1802 5004 σκότος,
1831 4959 1848 4990 ι

262 5045 365 5098 καὶ
393 5041 463 5095 τὰ
499 5040 657 5110 ἑξῆς·
699 5033 780 5103 οἷς
815 5037 1091 5107 ἐπιλέγειο
1128 5054 1148 5086 ι
1193 5032 1624 5098 Καταπόντισον,
1660 5031 1853 5103 Κύριε,

264 5141 363 5194 καὶ
388 5135 672 5191 καταδίελε
695 5134 794 5198 τὰς
822 5131 1073 5202 γλώσσας
1105 5129 1280 5184 αὐτῶν
1300 5145 1314 5160 ·
1346 5129 1428 5182 ὅτι
1457 5121 1595 5180 εἶδον
1627 5125 1856 5196 ἀνομίαν

264 5231 368 5282 καὶ
411 5225 720 5294 ἀντιλογίαν
755 5224 812 5277 ἐν
839 5227 906 5294 τῇ
931 5222 1102 5276 πόλει.
1145 5220 1386 5290 Ἡμέρας
1423 5218 1515 5272 καλ⁹
1543 5215 1732 5278 νυκτὸς
1757 5234 1855 5269 κυ-

267 5320 477 5374 κλώσει
529 5316 698 5388 αὐτὴν
745 5315 838 5368 ἐπὶ
867 5313 936 5368 τά
964 5314 1121 5385 τείχη
1161 5312 1348 5382 αὐτῆς,
1387 5311 1481 5365 καὶ
1528 5308 1726 5380 ἀνομία
1764 5307 1858 5360 καὶ

267 5413 447 5475 κόπος
479 5410 536 5463 ἐν
561 5409 714 5480 μέσῳ
741 5407 928 5479 αὐτῆς,
948 5407 1042 5461 καὶ
1086 5405 1299 5459 ἀδικίαο
1341 5405 1437 5457 καὶ
1479 5404 1580 5456 οὐκ
1611 5400 1856 5466 ἐξέλιπεν

269 5507 340 5559 ἐκ
369 5503 484 5558 τῶν
525 5499 796 5556 πλατευῶν
850 5499 1019 5570 αὐτῆς
1057 5496 1215 5560 τόκος
1269 5496 1364 5551 καὶ
1399 5495 1567 5558 δόλος.
1614 5495 1757 5560 Ὅτι,
1809 5494 1857 5546 εί

268 5595 474 5669 ἤχθρὸς
518 5591 763 5650 ὠνείδισέ
805 5609 896 5664 με,
942 5591 1224 5661 ὑπήνεγκα
1273 5588 1360 5643 ἄν.
1407 5589 1472 5642 Εἰ
1509 5587 1538 5640 ὁ
1575 5585 1748 5657 μισῶν
1789 5602 1856 5656 με

271 5691 368 5745 ἐπ’
401 5687 503 5760 ἐμὲ
533 5683 1138 5758 ἐμεγώορρημόνησεν,
1178 5680 1416 5753 ἐκρύδην
1450 5679 1516 5734 ἂν
1549 5679 1634 5732 ἐπ’
1668 5675 1831 5735 αὐτοῦ

1951 4490 2005 4537 te
2028 4481 2183 4545 mihi,
2219 4488 2273 4535 et
2316 4479 2515 4534 exaudi
2565 4493 2672 4533 me.
2708 4477 3082 4533 Contristatus
3117 4494 3237 4533 sum
3273 4477 3327 4531 in
3361 4493 3532 4547 nuga-

1953 4575 2098 4628 tione
2136 4587 2277 4640 mea,
2308 4580 2361 4628 et
2382 4571 2742 4626 conturbatus
2773 4586 2893 4626 sum
2929 4585 2958 4624 a
2991 4586 3120 4625 voce
3159 4570 3388 4634 inimici,
3409 4580 3460 4624 et
3499 4584 3531 4622 a

1953 4665 2303 4720 tribulatione
2331 4666 2671 4735 peccatoris:
2721 4667 2980 4736 quoniam
3037 4665 3447 4719 declinaverunt
3475 4664 3531 4717 in

1954 4771 2038 4810 me
2068 4755 2432 4825 iniquitatem,
2457 4762 2510 4809 et
2556 4756 2610 4809 in
2645 4755 2727 4808 ira
2777 4755 2993 4810 molesti
3041 4764 3198 4809 erant
3231 4754 3384 4808 mihi.
3422 4755 3534 4807 Cor

1955 4864 2134 4902 meum
2156 4848 2538 4902 conturbatum
2566 4855 2647 4902 est
2674 4848 2727 4902 in
2755 4863 2858 4910 me,
2882 4855 2936 4901 et
2967 4846 3200 4902 formido
3227 4845 3420 4900 mortis
3441 4859 3532 4899 ce-

1955 4940 2087 4993 cidit
2120 4954 2284 5009 super
2314 4954 2418 4994 me.
2450 4937 2635 4993 Timor
2661 4947 2713 4994 et
2738 4947 2940 4994 tremor
2956 4946 3224 4993 venerunt
3246 4953 3408 5007 super
3425 4953 3530 5003 me,

1955 5038 2008 5084 et
2036 5037 2396 5084 contexeruut
2437 5045 2523 5085 me
2555 5031 2792 5086 tenebra:
2816 5030 2885 5094 ⁸⁸,
2915 5050 2933 5080 ι
2966 5041 3019 5084 et
3060 5045 3180 5099 quae.
3203 5038 3528 5099 sequuntur,

1957 5123 2156 5193 quibus
2193 5122 2472 5193 adjungit:
2514 5141 2532 5172 ι
2583 5121 2888 5191 Ρνίεοὶρίιει,
2945 5120 3191 5185 Domine,
3252 5129 3303 5174 et
3353 5119 3542 5175 divide

1957 5214 2170 5283 linguas
2195 5228 2382 5267 eorum
2415 5229 2427 5263 :
2451 5213 2707 5282 quoniam
2724 5212 2832 5266 vidi
2865 5211 3204 5280 iniquitatem
3232 5219 3285 5264 et
3313 5218 3535 5263 contra-

1959 5305 2254 5360 dictionem
2290 5305 2345 5359 in
2364 5305 2602 5359 civitate.
2625 5303 2718 5358 Die
2747 5319 2810 5358 ac
2834 5312 2996 5358 nocte
3023 5303 3383 5357 circumdabit
3410 5318 3542 5359 eam.

1961 5414 2125 5468 super
2152 5414 2340 5453 muros
2368 5397 2508 5466 ejus,
2539 5406 2592 5452 et
2646 5396 2906 5466 iniquitas
2957 5403 3011 5450 et
3065 5396 3218 5450 labor
3268 5397 3321 5450 in
3355 5395 3538 5451 medio

1963 5493 2082 5564 ejus
2106 5499 2161 5548 et
2199 5490 2466 5560 injustitia
2502 5508 2515 5545 :
2551 5497 2605 5545 et
2635 5504 2746 5544 non
2797 5488 2998 5544 defecit
3047 5487 3114 5544 de
3166 5488 3359 5559 plateis
3413 5487 3538 5559 ejus

1963 5600 2133 5640 usura
2161 5592 2215 5640 et
2233 5584 2413 5640 dolus.
2443 5581 2710 5650 Quoniam
2742 5581 2790 5637 si
2824 5580 3080 5636 inimicus
3113 5580 3315 5651 probro
3339 5594 3426 5634 me
3455 5577 3532 5634 af-

1963 5675 2202 5740 fecisset,
2237 5672 2622 5732 sustinuissent
2659 5671 2867 5746 utique.
2929 5670 2996 5728 Et
3045 5672 3093 5729 si
3143 5671 3190 5728 is
3224 5669 3317 5741 qui
3343 5668 3532 5727 oderat

353 5869 403 5904 δ·
441 5866 585 5925 Psal.
610 5881 713 5945 In,
755 5863 837 5933 Η,
873 5862 960 5921 52.
1037 5862 1080 5896 “
1118 5859 1139 5916 Ι
1173 5861 1300 5920 Cor.
1334 5875 1440 5932 xv,
1474 5858 1563 5918 55.
1641 5857 1685 5894 “
1721 5855 1866 5917 Psal.
1901 5870 2013 5926 Liv,
2058 5852 2175 5908 2-6.
