4106 6420
604 381 705 438 731

1202 379 1472 435 EUSEBI!
1507 377 1983 435 CAESARlENSlS
2021 377 2174 436 OPP.
2214 377 2394 434 PARS
2433 377 2498 434 ll.
2536 408 2607 419 —
2644 375 3144 436 APOLOGETICA.

3751 371 3875 428 73!

602 507 713 555 me,
746 504 912 560 super
939 505 1026 545 me
1051 503 1246 560 magna
1274 490 1490 546 lo‘cutus
1522 489 1732 554 fuisset,
1763 491 2172 548 abscondissem

2286 491 2348 542 Σὺ
2399 489 2476 554 δὲ,
2527 490 2778 561 ἄνθρωπε
2831 490 3070 561 ίσόψυχε,
3109 487 3331 561 ἡγεμών
3375 505 3476 559 μου
3522 491 3618 543 καὶ
3638 488 3878 558 γνωστι

602 597 691 638 me
713 579 946 637 forsitan
997 581 1065 636 ab
1089 597 1173 637 eo.
1207 581 1289 635 Tu
1317 597 1447 638 vero
1473 582 1636 637 homo
1657 583 1952 647 unanimis,
1976 590 2031 638 et
2061 581 2174 637 dux

602 685 780 734 meus,
811 679 866 725 et
891 677 1054 726 notus
1087 686 1279 727 meus:
1314 672 1407 741 qui
1439 675 1495 726 in
1517 671 1658 728 idem
1686 671 1875 728 dulces
1897 685 2176 742 compara-

600 761 701 816 bas
753 760 886 814 mihi
932 760 1106 816 cibos.
1163 761 1221 814 In
1255 760 1417 816 domo
1460 759 1557 816 Dei
1601 761 2000 818 ambulavimus
2046 776 2172 816 eum

599 866 876 906 consensu
904 852 972 907 λ’.
1013 871 1031 904 ι
1070 852 1145 906 Ex
1174 852 1261 908 bis
1303 853 1467 922 igitur
1517 852 1649 906 illud
1684 870 1700 908 :
1736 869 1757 904 ι
1805 850 1862 906 Si
1918 853 2174 908 inimicus

596 941 804 1006 probro
825 956 911 994 me
942 940 1231 1008 affecisset,
1262 941 1645 996 sustinuissem
1676 941 1883 1011 utique.
1925 941 1992 994 Et
2038 944 2084 998 si
2124 943 2172 999 is

601 1030 694 1100 qui
721 1031 914 1084 oderat
949 1046 1052 1094 me,
1096 1047 1261 1100 super
1306 1046 1392 1086 me
1449 1047 1644 1101 magna
1698 1032 1914 1087 locutus
1955 1032 2169 1099 fuisset,

601 1121 1010 1178 abscondissem
1074 1139 1159 1177 tne
1192 1122 1420 1177 forsitan
1475 1125 1543 1178 ab
1589 1139 1673 1178 eo.
1739 1122 1819 1179 Tu
1850 1141 1977 1180 vero
2010 1126 2174 1181 homo

601 1215 900 1277 unanimis,
923 1224 977 1268 et
997 1214 1106 1268 dux
1137 1230 1310 1278 meus,
1345 1225 1398 1270 et
1428 1227 1592 1271 notus
1622 1232 1796 1280 meus,
1818 1218 1909 1287 qui
1945 1218 2000 1271 iu
2031 1218 2171 1272 idem

604 1304 794 1360 dulces
828 1307 1186 1375 comparabas
1228 1308 1358 1360 mibi
1399 1307 1575 1370 cibos,
1618 1326 1636 1358 ι
1695 1309 1871 1364 simile
1911 1319 1995 1364 est
2044 1310 2118 1363 illi
2155 1330 2168 1366 :

608 1414 628 1448 ι
675 1397 886 1450 Etenim
931 1397 1094 1450 homo
1145 1398 1296 1467 pacis
1353 1415 1506 1461 mete,
1552 1401 1604 1452 in
1648 1415 1756 1470 quo
1811 1402 2046 1470 speravi,
2079 1402 2172 1472 qui

602 1487 797 1542 edebat
826 1505 993 1558 panes
1017 1505 1187 1552 meos,
1223 1491 1586 1560 magnificavit
1607 1507 1771 1562 super
1795 1509 1879 1547 me
1911 1494 2172 1564 supplan-

603 1578 864 1631 tationem
896 1578 941 1608 ’⁸⁸
975 1599 986 1632 ;
1022 1599 1039 1630 ι
1078 1579 1220 1648 quod
1256 1596 1376 1633 eum
1403 1582 1468 1635 de
1499 1580 1637 1636 Juda
1671 1583 1743 1637 sit
1773 1583 2170 1652 accipiendum,

604 1669 660 1722 in
687 1670 956 1738 superiori
1002 1671 1284 1740 prephetia
1311 1672 1548 1740 positum
1581 1681 1685 1728 est.
1718 1672 1786 1727 Ut
1817 1689 1945 1744 ergo
1978 1675 2031 1728 in
2079 1675 2174 1728 illo

604 1759 906 1824 dicebatur,
933 1761 1097 1816 homo
1131 1763 1281 1831 pacis
1316 1765 1608 1834 aliquando
1638 1765 1807 1821 fuisse
1827 1807 1842 1831 ,
1875 1767 1966 1836 qui
1997 1783 2172 1836 quon-

2281 598 2405 650 μου,
2438 580 2496 644 ὂς
2519 582 2610 635 ἐπὶ
2631 580 2692 634 τὸ
2719 582 2849 634 αὐτὸ
2898 581 3200 650 ἐγλύκανάς
3226 596 3315 650 μοι
3351 579 3644 650 ἐδέσματα,
3683 582 3748 634 ἐν
3783 578 3879 647 τῷ

2275 672 2410 741 οἴκῳ
2461 671 2553 725 τοῦ
2587 672 2720 726 Θεοῦ
2769 671 3140 743 ἐπορεύθημεν
3181 671 3239 723 ἐν
3269 672 3508 741 ὁμονοία.
3545 689 3564 723 ι
3603 670 3700 735 Τδ,
3732 688 3760 721 ς
3802 669 3876 723 El

2277 760 2466 832 ἐχθρὸς
2490 760 2729 814 ὠνείδισέ
2764 777 2852 831 με,
2877 761 3158 832 ὑπήνεγκα
3188 759 3279 825 ἂν,
3318 777 3337 810 ι
3366 759 3459 812 καὶ
3485 778 3504 810 ι
3533 759 3597 812 Et
3618 762 3648 813 6
3677 757 3880 830 μισῶν

2282 871 2348 924 με
2373 855 2461 906 ἐπ’
2497 853 2596 924 ἐμέ
2643 851 3243 924 ἐμεγαλορῤημόνησεν,
3275 851 3514 922 ἐκρύϐην
3535 851 3600 905 ἂν
3635 853 3723 903 ἐπ’
3757 853 3877 905 αῠο

2276 946 2391 1001 τοῦ.
2418 947 2490 1000 Σὺ
2521 947 2599 1008 δὲ,
2630 945 2881 1017 ἄνθρωπε
2927 944 3170 1014 ἰσόψυχε,
3208 942 3432 1014 ἡγεμών
3462 961 3562 1014 μου
3591 944 3690 996 καὶ
3720 960 3883 1012 γνω-

2280 1037 2373 1091 στέ
2407 1055 2530 1109 μου,
2561 1037 2621 1101 ὃς
2663 1037 2756 1091 ἐπὶ
2798 1037 2859 1091 τὸ
2884 1037 3014 1090 αὐτὸ
3043 1037 3347 1104 ἐγλύκανάς
3383 1052 3472 1105 μοι
3501 1035 3815 1104 ἐδέσματα,
3851 1054 3874 1084 ι

2276 1129 2458 1200 ὅμοιόν
2519 1131 2636 1182 ἐστι
2669 1128 2769 1200 τῷ,
2808 1147 2827 1179 ι
2865 1129 2973 1182 Καὶ
2995 1127 3102 1198 γὰρ
3127 1129 3155 1181 6
3187 1125 3472 1198 ἄνθρωπος
3501 1126 3602 1195 τῆς
3627 1126 3880 1197 εἰρήνης

2282 1237 2404 1290 μου,
2439 1221 2522 1288 ἐφ’
2551 1219 2610 1272 ὃν
2633 1219 2856 1289 ήλπισα,
2873 1221 2900 1272 6
2927 1218 3119 1271 ἐσθίων
3142 1216 3338 1288 ἄρτους
3369 1233 3492 1285 μου,
3519 1216 3878 1286 ἐμεγάλυνεν

2279 1313 2362 1364 ἐπ’
2392 1313 2490 1382 ἐμὲ
2542 1311 2901 1382 πτερνισμόν·
2940 1330 2958 1361 ι
2988 1308 3115 1380 περὶ
3153 1307 3248 1362 τοῦ
3314 1307 3480 1360 Ἰούδα
3540 1308 3598 1360 ἐν
3633 1309 3700 1376 τῇ
3753 1303 3878 1375 πρὸ

2278 1405 2478 1474 ταύτης
2532 1403 2834 1474 προφητείᾳ
2892 1403 3147 1472 κειμένῳ.
3181 1401 3388 1471 Ὥσπερ
3417 1395 3510 1453 οὖν
3552 1401 3611 1452 ἐν
3658 1398 3879 1466 ἐκείνῳ

2279 1496 2552 1549 ἐδείκνυτο
2596 1495 2879 1566 ἄνθρωπος
2917 1495 3138 1564 εἰρήνης
3173 1493 3303 1546 ποτέ
3352 1490 3612 1560 γεγονὼς,
3653 1491 3748 1544 ὅτε
3783 1488 3879 1559 τῷ

2279 1588 2492 1658 Σωτῆρι
2519 1585 2903 1658 ἐμαθητεύετο,
2935 1581 3015 1649 εἷς
3051 1586 3145 1638 καὶ
3176 1584 3335 1648 αὐτὸς
3366 1583 3460 1637 τοῦ
3479 1583 3586 1636 τῶν
3621 1581 3875 1636 ἀποστόο

2278 1675 2384 1729 λων
2428 1674 2660 1747 ἀριθμοῦ
2716 1675 3058 1746 χρηματίσας
3079 1691 3092 1704 θ
3119 1673 3260 1728 οὕτω
3289 1674 3385 1728 καὶ
3419 1675 3477 1726 ἐν
3517 1673 3596 1743 τῷ
3629 1688 3874 1744 προκειο

2284 1767 2428 1838 μένῳ
2458 1765 2706 1836 ἰσόψυχος
2729 1765 2823 1818 καὶ
2837 1763 3062 1835 ἡγεμὼν
3092 1765 3184 1817 καὶ
3206 1763 3444 1832 γνωστὸς
3478 1762 3627 1832 αύτῷ
3680 1776 3869 1832 προσ-ν

605 1851 728 1905 dam
754 1867 784 1904 a
820 1850 1098 1908 Salvatore
1124 1855 1528 1920 instituebatur,
1560 1872 1684 1911 cum
1715 1857 1832 1928 ipse
1863 1873 2078 1928 quoque
2106 1874 2172 1912 ex

2286 1857 2613 1928 ιγορεύεται.
2633 1860 2742 1912 Καὶ
2759 1857 2916 1912 πάλιν
2934 1857 3009 1919 ὡς
3026 1857 3081 1908 ἐν
3098 1855 3290 1926 ἐκείνῳ
3307 1873 3374 1909 πε
3385 1855 3436 1927 pi.
3451 1853 3613 1908 αὐτοῦ
3633 1853 3835 1924 εἴρητο
3854 1870 3871 1883 ·

606 1959 835 1998 numero
863 1947 1233 2014 apostolorum
1267 1964 1407 2004 unus
1446 1957 1611 2012 esset,
1636 1950 1715 2004 sic
1761 1950 1918 2004 etiam
1949 1950 2001 2002 in
2035 1965 2174 2019 prte-

607 2036 770 2100 scuti,
799 2045 854 2091 et
904 2039 1197 2103 unanimis,
1248 2049 1302 2096 et
1359 2041 1488 2103 dux,
1525 2047 1578 2096 et
1635 2049 1797 2096 notus
1845 2041 2022 2097 dictus
2069 2049 2175 2099 est.

605 2126 738 2182 ltem
773 2129 1228 2198 quemadmodum
1261 2132 1315 2186 in
1356 2133 1449 2186 illo
1481 2132 1548 2187 de
1576 2131 1766 2187 eodem
1811 2133 2013 2187 dictum
2046 2143 2130 2188 est
2161 2153 2174 2188 :

612 2239 633 2272 ε
671 2220 769 2286 Qui
803 2222 996 2276 edebat
1048 2240 1218 2294 panes
1259 2240 1429 2287 meos,
1465 2225 1830 2294 magniticavit
1878 2241 2042 2295 super
2094 2241 2180 2280 me

607 2316 1140 2385 supplantationem,
1208 2335 1228 2367 ›
1282 2317 1352 2369 ita
1403 2317 1564 2370 etiam
1624 2329 1770 2370 nunc
1820 2332 1887 2370 ex
1946 2331 2179 2386 persona

607 2407 783 2477 ipsius
818 2407 1021 2461 dicitur
1054 2407 1185 2462 illud
1220 2426 1233 2462 :
1272 2427 1290 2460 ι
1325 2407 1429 2474 Qui
1469 2409 1522 2461 in
1554 2407 1695 2461 idem
1729 2407 1915 2462 dulces
1959 2422 2182 2477 compa-

607 2499 773 2554 rubas
806 2500 937 2553 mihi
972 2500 1146 2555 cibos.
1171 2519 1190 2551 ι
1219 2499 1430 2554 Etenim
1457 2515 1523 2554 ex
1550 2499 1616 2553 iis
1639 2499 1752 2569 ipse
1781 2515 1998 2569 quoque
2040 2515 2179 2555 unus

604 2601 747 2657 erat,
779 2595 870 2663 qui
899 2591 967 2646 ad
996 2607 1277 2655 arcanam,
1311 2607 1419 2661 qua
1439 2608 1562 2646 cum
1602 2593 1718 2647 suis
1749 2592 2032 2662 discipulis
2061 2601 2181 2646 ute-

607 2684 793 2746 batur,
849 2682 1150 2741 Salvatoris
1198 2685 1372 2739 nostri
1423 2684 1876 2738 consuetudinem
1923 2685 2180 2754 spiritua-

609 2775 825 2845 lemque
863 2775 1047 2830 cibum
1097 2777 1364 2847 assumpti
1427 2775 1684 2830 fuerant:
1735 2774 1896 2846 472
1935 2791 2060 2829 nam
2113 2777 2179 2830 ad

608 2865 894 2936 profanam
925 2867 1326 2922 multitudinem
1357 2875 1410 2920 et
1433 2865 1498 2918 ad
1530 2865 1718 2920 turbas
1751 2880 1874 2918 cum
1903 2866 2066 2920 verba
2097 2866 2179 2920 fa-

609 2965 779 3022 ceret,
802 2960 1080 3029 parabolis
1101 2961 1372 3014 utebatur.
1403 2959 1547 3012 Solis
1575 2974 1705 3012 vero
1727 2959 1843 3013 suis
1874 2957 2177 3028 discipulis,

611 3051 668 3104 ἱιι
693 3065 922 3120 quorum
952 3051 1197 3106 ordinem
1249 3052 1411 3105 etiam
1447 3049 1616 3104 Judas
1661 3051 1936 3104 admissus
1983 3049 2179 3114 fuerat,

611 3143 853 3212 apertius
874 3143 1058 3196 omnia
1085 3140 1516 3196 demonstrabat.
1558 3141 1634 3195 Ex
1665 3157 1774 3211 quo
1803 3141 1935 3195 illttd
1974 3141 2178 3196 dictum

611 3243 733 3290 est:
773 3253 791 3285 ι
825 3232 925 3299 Qui
958 3233 1150 3287 edebat
1180 3248 1350 3301 panes
1387 3248 1570 3294 meos,
1599 3233 1968 3304 magnificavit
2020 3250 2184 3305 super

611 3339 699 3378 me
747 3324 1278 3394 supplantationem;
1325 3341 1342 3374 ι
1381 3329 1435 3377 et
1485 3323 1667 3379 illud:
1717 3341 1736 3374 ι
1801 3324 1894 3394 qui
1943 3326 1998 3380 in
2043 3325 2186 3381 idem

612 3414 799 3469 dulces
831 3413 1186 3483 comparabas
1217 3414 1346 3466 mihi
1381 3414 1554 3477 cibos.
1617 3437 1637 3471 ι
1693 3416 1840 3486 quod
1891 3429 2023 3469 sane
2073 3418 2188 3471 evi-

614 3505 836 3560 dentius
877 3503 1149 3574 expressit
1186 3503 1382 3572 Aquila
1421 3505 1642 3574 quidem
1673 3521 1754 3560 sne
1789 3517 1804 3559 τ
1835 3523 1853 3556 ι
1891 3504 1996 3571 Qui
2024 3503 2185 3564 simul

613 3595 775 3650 dulce
811 3595 1263 3665 comparabamus
1297 3609 1582 3649 arcanum.
1624 3614 1643 3646 ι
1679 3593 2040 3665 Symmachus
2090 3608 2187 3647 au-

614 3697 722 3741 tem
749 3685 829 3741 sic
864 3705 876 3740 :
912 3704 930 3736 ι
969 3685 1071 3751 Qui
1099 3685 1244 3739 inter
1275 3701 1376 3740 nos
1405 3687 1944 3740 communieabamus
1971 3685 2186 3740 dulcem

617 3778 886 3832 sermonis
915 3775 1388 3831 consuetudinem.
1432 3796 1450 3828 ι
1485 3776 1592 3830 Pro
1614 3777 1707 3830 illo
1731 3791 1897 3831 vero:
1931 3795 1948 3828 ι
1985 3776 2066 3830 Tu
2096 3793 2189 3830 au-

616 3877 726 3921 tem
770 3869 931 3920 homo
967 3867 1264 3929 unanimis,
1292 3866 1402 3921 dux
1434 3883 1609 3930 meus,
1645 3875 1698 3922 et
1729 3875 1892 3921 notus
1946 3883 2122 3932 meus,
2162 3887 2180 3920 ι

620 3958 980 4031 Symmachus
1014 3959 1087 4011 ita
1137 3960 1407 4013 convertit
1440 3979 1454 4013 :
1495 3979 1512 4010 ι
1556 3958 1636 4012 Tu
1671 3968 1850 4013 autem
1883 3959 2045 4014 homo
2071 3976 2188 4013 mo-

618 4053 695 4106 ris
727 4050 968 4120 ejusdem
1001 4066 1234 4112 mecum,
1258 4059 1310 4104 et
1330 4049 1438 4104 dux
1474 4065 1648 4113 meus,
1679 4059 1733 4104 et
1759 4059 1922 4104 notus
1950 4067 2136 4106 meus:
2163 4069 2180 4102 ι

620 4157 742 4196 nam
770 4159 893 4196 cum
932 4143 998 4196 ad
1047 4151 1253 4196 tantam
1292 4142 1610 4213 dignitatem
1658 4152 1976 4214 assumptus
2018 4151 2184 4208 esset,

617 4242 673 4290 et
699 4235 768 4288 ob
794 4235 845 4287 id
882 4235 1022 4288 inter
1053 4235 1258 4304 primos
1289 4234 1588 4288 Salvatoris
1616 4235 1822 4291 amicos
1848 4245 2184 4299 censeretur,

618 4327 814 4380 merito
850 4327 916 4381 de
949 4341 1013 4380 eo
1054 4329 1134 4381 sic
1165 4327 1240 4380 ait
1277 4344 1290 4380 :
1327 4344 1346 4378 ι
1377 4324 1433 4380 Si
1470 4327 1726 4382 inimicus
1760 4327 1960 4396 probro
1994 4343 2080 4382 me
2109 4325 2192 4380 af-

619 4416 863 4481 fecisset,
893 4417 1280 4472 sustinuissem
1327 4419 1534 4488 utique,
1574 4436 1591 4468 »
1627 4427 1680 4472 et
1713 4434 1834 4488 qure
1862 4428 2186 4488 sequuntur.

2285 1968 2301 2000 ι
2328 1949 2382 2001 '0
2413 1948 2606 2000 ἐσθίων
2641 1949 2837 2017 ἄρτους
2865 1965 2988 2019 μου,
3019 1947 3346 2018 ἐμεγάλυνεν
3378 1947 3463 2000 ἐπ’
3497 1945 3597 2015 ἐμὲ
3633 1961 3873 2016 πτερνι-

2279 2041 2414 2111 σμόν
2439 2059 2485 2093 ο»
2523 2041 2615 2094 τὸν
2649 2041 2810 2094 αὑτὸν
2865 2040 3062 2113 τρόπον
3095 2041 3186 2093 καὶ
3229 2039 3324 2094 ἐπὶ
3351 2037 3444 2091 τοῦ
3481 2037 3754 2108 παρόντος
3786 2038 3876 2098 είς

2279 2131 2441 2185 αὑτοῦ
2493 2133 2778 2202 πρόσωπον
2797 2130 3010 2199 λέγεται
3035 2130 3116 2195 τὸ,
3158 2148 3177 2182 ι
3208 2131 3303 2192 ’ος
3338 2130 3432 2183 ἐπὶ
3454 2129 3514 2182 τὸ
3545 2129 3677 2182 αὐτὸ
3697 2128 3876 2196 ἐγλύ-

2280 2223 2446 2287 κανάς
2484 2241 2570 2293 μοι
2596 2223 2882 2293 ἐδέσματα.
2915 2240 2933 2273 ι
2961 2222 3072 2274 Καὶ
3117 2219 3225 2293 γάρ
3267 2220 3375 2274 τῶν
3415 2219 3875 2291 καταξιουμένων

2279 2312 2372 2364 καὶ
2396 2311 2554 2374 αὐτὸς
2587 2304 2666 2373 εἷς
2707 2305 2774 2381 ἦν
2827 2311 2926 2381 τῆς
2958 2311 3267 2382 ἀπορρήτου
3291 2310 3428 2381 πρὸς
3453 2312 3580 2375 τοὺς
3609 2309 3874 2382 μαθητὰς

2279 2402 2372 2455 τοῦ
2399 2403 2644 2473 Σωτῆρος
2675 2405 2708 2473 ὴ
2719 2401 2832 2471 μῶν
2854 2402 3069 2472 ὁμιλίας
3110 2418 3171 2455 τε
3208 2403 3302 2455 καὶ
3331 2403 3709 2472 πνευματικῆς
3736 2418 3875 2474 τρο-

2282 2491 2424 2561 φῆςο
2451 2493 2563 2553 τοῖς
2599 2492 2696 2561 μὲν
2719 2490 2827 2561 γὰρ
2864 2491 2968 2556 ἐξω
2999 2491 3228 2560 πλήθεσι
3279 2493 3374 2546 καὶ
3416 2496 3528 2555 τοῖς
3576 2491 3760 2562 ὄχλοις
3809 2494 3874 2547 ἐν

2281 2583 2613 2654 παραϐολαῖς
2647 2583 2844 2649 ἐλάλει,
2887 2583 3068 2654 μόνοις
3109 2584 3165 2637 δέ
3197 2587 3310 2648 τοῖς
3343 2583 3535 2637 ἐαυτοῦ
3567 2584 3870 2656 μαθηταῖς,

2280 2677 2336 2728 ἐν
2387 2670 2469 2737 οἷς
2531 2677 2622 2728 καὶ
2665 2675 2694 2727 6
2747 2675 2944 2739 Ἰούδας
2987 2674 3306 2746 ἐξητάζετο,
3373 2675 3596 2729 ἐπέλυεν
3621 2676 3869 2732 ἅπαντα.

2280 2766 2370 2818 Διὸ
2423 2765 2703 2820 λέλεκται’
2741 2785 2761 2818 ι
2808 2767 2864 2820 ὐ
2880 2766 3079 2846 ἐσθίων
3134 2766 3329 2837 ἄρτους
3379 2785 3478 2838 μου
3525 2767 3871 2838 ἐμεγάλυνεν

2282 2856 2366 2910 ἐπ’
2395 2856 2494 2926 ἐμὲ
2541 2855 2891 2927 πτερνισμὸν,
2931 2874 2948 2906 ι
2983 2856 3098 2918 καὶ,
3132 2873 3150 2906 ι
3193 2855 3288 2918 Ὃς
3325 2853 3417 2906 ἐπὶ
3442 2853 3503 2906 τὸ
3539 2854 3672 2906 αὐτὸ
3706 2853 3872 2922 ἐγλύ-

2281 2942 2449 3004 κανάς
2479 2959 2566 3012 μοι
2601 2941 2897 3012 ἐδέσματα*
2941 2961 2958 2994 ι
3005 2942 3149 3014 ἅπερ
3193 2942 3521 3014 σαφέστερον
3547 2941 3817 3012 ἐξέφηνεν
3841 2943 3870 2995 6

2285 3033 2381 3103 μὲν
2421 3033 2648 3096 Ἀκύλας
2698 3032 2898 3086 εἰπών·
2937 3053 2956 3084 ι
3002 3035 3066 3086 Οἳ
3115 3032 3249 3104 ὁμοῦ
3285 3033 3659 3103 ἐγλυκάναμεν
3691 3033 3872 3102 ἀπόρ-

2285 3127 2478 3196 ρητον⁹
2525 3143 2543 3176 ›
2575 3128 2602 3178 6
2638 3124 2694 3176 δέ
2731 3124 3058 3196 Σύμμαχος·
3101 3144 3118 3176 ι
3154 3125 3359 3188 Οῖτινες
3381 3124 3875 3195 ἐκοινολογούμεθα

2285 3215 2538 3284 γλυκεῖαν
2583 3213 2818 3286 ὁμιλίαν.
2863 3235 2881 3267 ι
2929 3217 3074 3269 Ἀντί
3116 3215 3173 3269 δέ
3194 3215 3308 3279 τοῦ,
3338 3235 3356 3267 ι
3397 3217 3467 3268 Συ
3499 3217 3577 3280 δέ,
3608 3216 3874 3287 ἄνθρωπε

2290 3305 2529 3376 ἰσόψυχε,
2566 3307 2787 3377 ἡγεμών
2820 3323 2940 3378 μου,
2977 3306 3071 3360 καὶ
3121 3305 3327 3375 γνωστέ
3356 3323 3478 3377 μου,
3511 3325 3528 3358 ι
3565 3307 3594 3359 6
3635 3306 3877 3375 Σύμμα-

2286 3397 2379 3466 χός
2411 3413 2542 3468 φησι
2566 3414 2578 3426 ·
2621 3416 2638 3448 ι
2679 3398 2749 3449 Σὺ
2776 3397 2854 3460 δὲ,
2884 3396 3136 3468 ἄνθρωπε
3164 3395 3430 3468 όμότροπέ
3467 3415 3577 3468 μοι,
3609 3397 3706 3449 καὶ
3737 3399 3875 3467 ἠγε-

2291 3486 2404 3558 μών
2453 3506 2576 3558 μου,
2625 3489 2716 3541 καὶ⁸
2769 3489 2978 3556 γνωστέ
3015 3504 3149 3558 μου·
3193 3488 3560 3559 »ἐπειδήπερ
3593 3491 3876 3540 τοσούτων

2287 3578 2586 3649 ἠξιωμένος
2643 3579 2794 3647 φίλος
2841 3581 2898 3631 ἐν
2949 3581 3062 3641 τοῖς
3099 3576 3332 3648 μάλιστα
3363 3573 3429 3649 ἦν
3459 3577 3555 3630 τοῦ
3589 3578 3871 3648 Σωτῆρος,

2286 3669 2509 3731 εἰκότως
2540 3670 2671 3740 φησί
2707 3669 2832 3740 περὶ
2874 3667 3037 3722 αὐτοῦ
3061 3667 3143 3730 τὺ,
3189 3685 3207 3718 ι
3244 3667 3384 3728 Ὅτι,
3410 3667 3458 3719 εί
3493 3666 3685 3737 ἐχθρὸς
3711 3666 3878 3718 ὠνεί-

2286 3759 2399 3813 δισέ
2435 3778 2522 3830 με,
2553 3762 2834 3831 ὑπήνεγκα
2860 3760 2923 3812 ἄν
2949 3775 2962 3787 °
3005 3777 3023 3810 ι
3060 3759 3153 3810 καὶ
3179 3757 3247 3810 τά
3273 3756 3417 3826 ἐξῆς.
3451 3755 3632 3809 Ταῦτα
3657 3755 3713 3808 δέ
3741 3756 3874 3828 περὶ

2285 3851 2380 3904 τοῦ
2427 3852 2596 3905 Ἰούδα
2650 3851 2934 3916 θεσπίσας,
2971 3851 3278 3914 ἀκολούθως
3306 3849 3402 3920 τὴν
3429 3851 3492 3901 ἐκ
3514 3847 3607 3900 τοῦ
3633 3847 3870 3900 θανάτου

2290 3944 2560 4015 σωτηρίαν
2583 3945 2674 3996 καὶ
2720 3942 3002 4014 ἀποφυγὴν
3036 3942 3227 3996 ἐαυτοῦ
3273 3941 3618 4014 προδιδάσκει
3652 3939 3867 4007 λέγων’

2293 4057 2312 4089 ‹
2368 4036 2504 4104 Ἐγὼ
2540 4037 2674 4106 πρὸς
2697 4037 2786 4088 τὸν
2813 4036 2942 4088 Θεὸν
2969 4035 3264 4106 ἐκέκραξα,
3292 4035 3387 4088 καὶ
3418 4035 3446 4087 6
3469 4033 3669 4102 Κύριος
3694 4031 3870 4085 ἔσωσέ

2293 4145 2378 4201 με.
2425 4128 2694 4196 Ἑσπέρας
2728 4130 2821 4180 καὶ
2864 4126 3008 4198 πρωῒ
3035 4128 3128 4181 καὶ
3161 4125 3506 4198 μεσημϐρίας
3531 4125 3873 4195 διηγήσομαι

2290 4223 2382 4275 καὶ
2436 4220 2751 4289 ἀπαγγελῶ,
2804 4220 2896 4272 καὶ
2947 4219 3324 4272 είσακούσεται
3375 4219 3472 4289 τῆς
3528 4216 3712 4286 φωνῆς
3742 4233 3868 4286 μου.

2289 4313 2634 4385 Λυτρώσεται
2662 4315 2718 4366 ἐν
2753 4314 2941 4384 εἰρήνῃ
2973 4311 3070 4382 τὴν
3106 4311 3283 4383 ψυχήν
3311 4329 3412 4382 μου
3435 4327 3448 4340 ο
3475 4329 3493 4362 ι
3525 4309 3600 4372 ὡς
3637 4310 3694 4361 ἐν
3734 4310 3870 4379 εὐχῇ

2289 4405 2378 4457 τὸν
2414 4405 2518 4474 πρὸ
2549 4403 2640 4455 τοῦ
2677 4403 2905 4456 θανάτου
2952 4401 3142 4472 καιρὸν
3181 4400 3455 4472 σημαίνει,
3481 4399 3601 4452 καθ’
3625 4398 3682 4451 δν
3717 4399 3810 4451 καὶ
3842 4400 3872 4450 6

619 4506 723 4566 Ubi
757 4517 936 4564 autem
977 4509 1090 4564 haec
1125 4510 1191 4564 de
1240 4508 1379 4562 Juda
1429 4510 1647 4574 cecinit,
1677 4509 1872 4564 ordine
1928 4510 2181 4579 deinceps

2303 4497 2501 4559 Ἰούδας
2536 4496 2604 4548 τὰ
2627 4495 2726 4564 τῆς
2750 4496 2868 4547 κατ’
2901 4493 3064 4546 αὑτοῦ
3103 4493 3388 4564 προδοσίας
3417 4494 3869 4546 συνεσκευάσατο.

620 4601 998 4656 liberationem
1038 4615 1067 4653 a
1127 4609 1300 4656 morte
1357 4600 1777 4670 evasiouemque
1830 4615 1984 4654 suam
2038 4607 2186 4654 tanto

622 4701 748 4748 ante
776 4692 978 4746 iudicat
1021 4693 1127 4746 illis
1157 4693 1338 4747 verbis
1367 4710 1378 4746 :
1403 4710 1421 4743 ‹
1463 4691 1574 4762 Ego
1617 4691 1685 4745 ad
1734 4688 1904 4745 Deum
1933 4690 2186 4755 clamavi,

621 4795 676 4841 et
698 4783 960 4839 Dominus
986 4784 1214 4838 salvavit
1246 4799 1350 4838 me.
1378 4783 1618 4854 VeSpere
1635 4789 1688 4837 et
1713 4797 1871 4836 mane
1891 4791 1944 4836 et
1965 4781 2192 4837 meridie

624 4879 860 4932 narrabo
893 4885 947 4933 et
975 4877 1334 4940 annuntiabo,
1360 4883 1414 4931 et
1447 4875 1700 4930 exaudiet
1738 4889 1926 4929 vocem
1986 4888 2188 4938 meam,

626 4971 854 5025 redimet
886 4970 938 5024 in
962 4985 1094 5040 pace
1117 4971 1351 5024 animam
1375 4983 1550 5023 meam
1568 4967 1634 5021 ".
1667 4987 1686 5019 ι
1724 4966 1815 5021 Sic
1842 4975 2099 5036 tanquam
2135 4966 2190 5020 in

627 5076 786 5132 prece
815 5069 1026 5130 tempus
1055 5059 1196 5129 quod
1259 5066 1488 5114 mortem
1543 5058 1858 5122 antecessit,
1900 5057 2190 5127 signiﬁcat,

546 5179 553 5190 ι
628 5167 736 5220 quo
769 5150 985 5220 quidem
1017 5158 1260 5219 tempore
1277 5147 1446 5204 Iudas
1485 5164 1702 5218 quoque
1730 5147 1797 5201 ad
1827 5147 2191 5216 proditionem

631 5243 1047 5310 comparabatur
1070 5249 1260 5295 contra
1287 5241 1459 5296 illttm.
1491 5239 1647 5294 Tunc
1679 5241 1823 5294 enim
1853 5239 2102 5292 Salvator
2129 5252 2193 5291 ac

633 5330 895 5387 Dominus
924 5337 1129 5396 noster,
1166 5331 1332 5385 veluti
1387 5331 1457 5384 ob
1488 5331 1784 5401 perniciem
1826 5338 1989 5398 atque
2023 5329 2194 5382 inter-

2294 4587 2425 4640 Τότε
2449 4584 2540 4639 οὖν
2569 4587 2597 4638 6
2625 4585 2814 4657 Σωτὴρ
2868 4585 2960 4637 καὶ
2997 4583 3200 4655 Κύριος
3229 4583 3404 4654 ἡμῶν,
3429 4582 3503 4645 ὡς
3540 4583 3632 4634 ἐπὶ
3665 4582 3873 4652 ὀλέθρῳ

2294 4679 2388 4732 καὶ
2411 4677 2635 4748 ἀπολείᾳ
2661 4676 2754 4729 τοῦ
2777 4676 3051 4746 γνωρίμου
3095 4673 3394 4744 δυσφορῶν,
3427 4672 3521 4724 καὶ
3561 4672 3638 4724 ἔτι
3670 4671 3872 4741 μᾶλλον

2297 4771 2388 4822 ἐπὶ
2419 4772 2485 4840 τῇ
2509 4768 2603 4822 τοῦ
2650 4768 2849 4830 παντὸς
2889 4765 3156 4819 Ἰουδαίων
3181 4765 3364 4827 ἔθνους
3386 4763 3646 4833 ἀποϐολῇ,
3681 4762 3874 4836 ὥσπερ

2297 4861 2391 4914 ἐπὶ
2461 4860 2756 4933 μεμηνόσιν
2808 4857 3047 4921 οἰκείοις,
3076 4858 3169 4910 καὶ
3205 4856 3278 4919 ὡς
3312 4857 3404 4909 ἐπὶ
3434 4855 3708 4924 φιλτάτοις
3731 4871 3872 4924 συμ-

2298 4953 2542 5023 πάσχων,
2566 4954 2743 5005 πᾶσαν
2763 4951 2859 5021 τὴν
2888 4950 3022 5022 πρὸς
3045 4951 3240 5012 αὐτοὺς
3255 4949 3469 5018 ὁμιλίαν
3495 4948 3585 5000 καὶ
3614 4947 3874 5000 διδασκα-

2298 5044 2439 5109 λίαν,
2462 5044 2548 5097 διά
2603 5042 2664 5096 τὸ
2710 5043 2874 5113 μηδὲν
2913 5041 3104 5104 αὐτοὺς
3152 5039 3512 5110 ὠφεληκέναι,
3558 5038 3874 5108 ἀδολεσχίαν

2301 5136 2591 5201 ἀποκαλεῖ,
2621 5136 2844 5206 φάσκων
2865 5151 2878 5164 °
2903 5153 2920 5185 ι
2944 5131 3247 5202 Ἐλυπήθην
3271 5132 3328 5182 ἐν
3349 5134 3415 5200 τῇ
3438 5129 3719 5200 ἀδολεσχία
3740 5147 3867 5199 μου,

2307 5230 2402 5282 καὶ
2453 5227 2760 5300 ἐταράχθην
2784 5226 2892 5279 ἀπὸ
2935 5223 3116 5294 φωνῆς
3145 5222 3360 5293 ἐχθροῦ,
3392 5223 3484 5273 καὶ
3507 5221 3614 5274 ἀπὸ
3635 5220 3872 5289 θλίψεως

2295 5318 2620 5391 ἀμαρτωλοῦ
2640 5336 2652 5348 ⁸
2682 5321 2764 5371 ὅτι
2783 5318 3109 5380 ἐξέκλιναν,›
3129 5315 3314 5384 φησὶν,
3345 5333 3362 5363 ‹
3391 5313 3476 5365 ἐπ’
3516 5313 3615 5382 ἐμὲ
3639 5312 3872 5382 ἀνομίαν

635 5423 770 5477 itum
800 5424 884 5478 sui
918 5422 1202 5478 familiaris
1253 5422 1446 5477 dolens
1494 5437 1861 5490 mmrensque,
1908 5435 1970 5473 ac
2019 5421 2181 5473 multi

2301 5413 2395 5465 καὶ
2424 5415 2480 5465 ἐν
2514 5411 2648 5483 ὀργῇ
2677 5410 2958 5462 ἐνεκότουν
2997 5424 3085 5478 μοι
3109 5423 3124 5437 ο
3161 5425 3180 5457 ι
3208 5405 3349 5476 ειπερ
3393 5403 3615 5458 δύναται
3647 5404 3745 5474 μὲν
3776 5405 3872 5457 καὶ

634 5515 799 5568 etiam
836 5515 1010 5584 magis
1035 5516 1104 5569 ob
1123 5515 1290 5570 totius
1319 5512 1558 5570 Iudaica:
1599 5514 1776 5584 gentis
1813 5511 2196 5582 perditionem,

636 5611 895 5675 tanquam
926 5604 995 5659 ob
1015 5619 1145 5660 suos
1162 5602 1230 5658 ad
1257 5603 1528 5659 insaniam
1560 5601 1832 5668 redactos,
1853 5608 1908 5656 et
1938 5608 2196 5669 tanquam

2301 5503 2394 5555 ἐπὶ
2438 5503 2564 5566 τοὺς
2616 5503 2878 5574 ἄρχοντας
2912 5498 3018 5552 τῶν
3051 5499 3115 5552 ἐκ
3148 5499 3448 5570 περιτομῆς
3479 5495 3872 5568 ἀναφέρεσθαι,

2304 5595 2429 5658 τοὺς
2456 5593 2738 5665 ἐχθρωδῶς
2771 5594 2862 5647 καὶ
2908 5589 3359 5653 ἐπιϐουλευτικῶς
3384 5589 3681 5660 ἐνεδρεύειν
3706 5588 3874 5641 αὐτὸν

729 5776 774 5808 δ’
811 5775 951 5834 Psal.
979 5790 1084 5843 Liv,
1111 5775 1288 5833 1045.
1335 5780 1410 5855 3'
1448 5777 1593 5835 Psal.
1628 5793 1729 5850 ιχ,
1763 5777 1851 5834 10.
1928 5778 1970 5818 ⁸⁷
2008 5775 2152 5834 Psal.
2188 5791 2296 5846 ων,
2340 5774 2522 5832 1749.
