4110 6410
365 327 479 386 τ’οὸ
1257 336 1909 399 DEMONSTRATiONIS
1944 344 2402 401 ΕνΑΝςεωωε
2442 345 2569 400 LIB.
2610 342 2680 401 Χ.
3511 355 3610 410 τοι

369 445 747 518 πειρωμένους
765 462 780 476 ·
815 446 1031 500 δύναται
1051 447 1108 502 δὲ
1124 449 1366 522 καὶπερὶ
1388 450 1671 523 δυνάμεων
1701 454 1937 525 ἀοράτων

2046 456 2118 510 ob
2152 456 2258 512 sibi
2300 456 2658 511 charissimos
2706 458 3083 514 misericordia
3137 469 3462 529 commotus,
3486 480 3609 520 om-

367 538 572 605 ιξωθεν
583 539 748 593 αὑτὸν
770 539 1280 612 προσπολεμουσῶν,
1303 545 1396 597 καὶ
1426 544 1524 617 τὴν
1547 545 1614 599 δι’
1641 545 1942 617 ἀνθρώπων

369 632 721 703 κατασκευὴν
776 622 1110 704 ὲνεργουσῶν
1158 633 1450 703 λέγεσθαι*
1492 635 1529 690 ἃ
1573 638 1667 691 καὶ
1699 638 1941 711 συνᾴδειν

371 739 467 792 μοι
499 723 648 777 δοκεῖ
663 726 785 788 -τοῖς
816 724 874 777 ἐν
920 723 998 795 τῷ
1030 725 1344 797 Εὐαγγελίῳ
1374 727 1465 780 ὑπ’
1497 729 1661 782 αύτοῦ
1682 728 1940 800 λελεγμέ-

365 834 485 881 νοις
516 814 660 871 κατὰ
678 814 771 870 τὸν
797 815 891 870 τοῦ
925 816 1130 881 πάθους
1152 819 1365 890 καιρὸν,
1389 819 1478 873 ὅτε
1503 818 1650 889 λέγει
1672 824 1784 884 τοῖς
1812 823 1941 876 ἑαυ-

364 907 467 964 τοῦ
537 907 807 981 μαθηταῖς
834 925 849 939 ’
911 927 931 960 ι
985 909 1287 982 Περίλυπός
1336 912 1483 965 ἐστιν
1545 914 1577 984 ἡ
1649 912 1792 984 ψυχή
1842 930 1940 984 μου

362 1003 479 1067 ἕως
536 1001 786 1055 θανάτου.
832 1002 1068 1056 Μείνατε
1126 996 1228 1056 ὦδε
1254 1044 1268 1067 ,
1319 1005 1412 1057 καὶ
1454 1008 1772 1076 γρηγορεῖτε
1824 1005 1941 1075 μετ’

366 1093 508 1163 ἐμοῦ
532 1108 547 1124 ο
580 1111 599 1144 ι
637 1092 732 1146 καὶ
760 1092 920 1146 πάλιν
939 1109 954 1125 ο
983 1112 1001 1144 ι
1043 1093 1154 1147 Νῦν
1178 1094 1375 1167 ἡψυχὴ
1410 1113 1509 1168 μου
1539 1098 1884 1169 τετάρακται.
1916 1117 1936 1149 ι

368 1180 579 1251 Ὅμοια
609 1181 739 1252 γοῦν
775 1180 982 1246 τούτοις
1011 1183 1128 1238 ἐστὶ
1155 1185 1249 1237 καὶ
1275 1184 1343 1238 τὰ
1372 1186 1428 1239 ἐν
1452 1184 1527 1255 τῷ
1558 1185 1774 1257 ψαλμῷ,
1810 1189 1866 1239 ἐν
1897 1179 1942 1254 ᾧ

363 1269 653 1325 λέλεκται·
706 1291 725 1323 ι
770 1272 834 1326 Ἠ
871 1272 1068 1344 καρδία
1104 1292 1206 1344 μου
1255 1275 1530 1347 ἐταράχθη
1578 1278 1635 1329 ὲν
1660 1278 1802 1348 ἐμοὶ,
1848 1279 1942 1333 καὶ

358 1362 544 1418 δειλία
576 1363 805 1418 Θανάτου
836 1365 1102 1419 ἐπέπεσεν
1130 1367 1216 1420 ἐπ’
1248 1367 1368 1439 ἐμέ.
1411 1367 1577 1432 Φόϐος
1619 1370 1714 1424 καὶ
1743 1371 1943 1442 τρόμος

360 1453 533 1529 ἦλθεν
557 1457 642 1510 ἐπ’
678 1458 798 1528 ἐμὲ,
831 1458 926 1511 καὶ
953 1458 1189 1529 ἐκάλυψε
1227 1477 1292 1531 με
1316 1461 1503 1524 σκότος
1526 1478 1539 1493 ο
1581 1480 1600 1513 ι
1637 1462 1702 1516 δι’
1734 1456 1809 1517 ὧν
1834 1466 1942 1521 τῶν

361 1550 760 1621 ἀντικειμένων
788 1550 1069 1623 δυνάμεων
1090 1552 1189 1616 τὰς
1216 1553 1337 1607 καθ’
1362 1554 1526 1607 αὑτοῦ
1556 1554 1731 1626 ὁρμὰς
1755 1556 1943 1628 σημαί-

362 1658 472 1695 νει.
533 1640 620 1705 Ὠς
669 1641 798 1710 γοῦν
848 1644 906 1697 ὲν
951 1647 1072 1707 ταῖς
1126 1645 1484 1716 προψητείαις
1530 1645 1838 1717 ὠνόμασταί
1887 1665 1941 1702 τι

361 1732 587 1803 πνεῦμα
632 1734 910 1805 πορνείας,
962 1734 1105 1789 κατά
1153 1735 1234 1794 τὸ.
1295 1754 1313 1785 ι
1354 1735 1631 1807 Πνεύματι
1687 1739 1941 1811 πορνείας

2041 564 2167 605 nem
2211 563 2319 620 qua
2351 564 2478 604 cum
2513 548 2621 605 illis
2651 549 2905 604 utebatur
2929 586 2939 598 .
2962 554 3233 610 sermonis
3260 557 3612 612 consuetudi-

2041 656 2165 697 nem
2193 655 2258 696 ac
2286 640 2618 705 doctrinam,
2650 655 2716 695 eo
2762 642 2908 710 quod
2944 642 3052 698 illis
3105 644 3240 699 nihil
3288 646 3606 716 profuisset,

2043 734 2394 804 nugationem
2441 732 2700 803 appellat,
2746 733 2980 790 dicens:
3017 754 3035 786 ι
3091 735 3460 796 Contristatus
3484 755 3606 797 sum

2043 826 2098 880 in
2132 825 2429 897 nugatione
2470 840 2611 890 mea,
2642 834 2696 881 et
2724 827 3086 881 conturbatus
3129 844 3249 883 sum
3284 844 3315 883 a
3348 846 3480 887 voce
3503 833 3611 887 ini-

2044 916 2196 981 mici,
2219 924 2273 972 et
2301 932 2331 970 a
2363 917 2713 972 tribulatione
2742 922 3045 987 peccatoris
3081 935 3095 972 ι
3132 922 3388 990 quoniam
3436 922 3609 979 decli«

2043 1019 2335 1075 naverunt,
2358 1008 2557 1081 inquit,
2597 1010 2653 1064 in
2688 1026 2774 1064 me
2808 1010 3239 1081 iniquitatem.et
3274 1014 3325 1067 iu
3358 1015 3436 1069 ira
3486 1031 3606 1069 rno-

2044 1097 2168 1153 lesti
2190 1107 2348 1153 erant
2387 1099 2519 1152 mihi
2553 1119 2566 1154 :
2609 1118 2627 1151 ι
2674 1116 2797 1171 quae
2836 1102 3055 1171 quidem
3089 1111 3319 1172 possunt
3346 1106 3508 1159 etiam
3538 1107 3606 1161 ad

2042 1188 2315 1259 principes
2342 1188 2652 1245 Iudaeorum
2687 1192 2901 1255 referri,
2931 1194 3021 1263 qui
3053 1194 3275 1249 inimico
3300 1196 3609 1253 insidianti-

2043 1296 2149 1351 que
2169 1282 2350 1336 animo
2378 1283 2776 1339 circumvenire
2801 1285 2950 1338 illum
2976 1288 3336 1343 conabantur.
3373 1288 3608 1344 Possunt

2042 1375 2204 1427 etiam
2239 1371 2308 1428 de
2355 1376 2719 1443 potestatibus
2752 1376 3150 1443 invisibilibus,
3180 1397 3300 1448 quze
3338 1383 3608 1437 extrinse-

2042 1480 2140 1518 cus
2194 1463 2345 1518 illum
2398 1465 2806 1534 oppugnabant,
2848 1481 2910 1520 ac
2936 1482 3031 1536 per
3060 1467 3309 1524 homines
3357 1471 3483 1525 talia
3528 1472 3606 1527 ilii

2042 1554 2520 1620 machinabantur,
2552 1555 2803 1625 intelligi.
2853 1554 3087 1612 Proinde
3118 1560 3305 1613 eadem
3361 1562 3492 1615 mihi
3532 1562 3607 1615 νίν

2041 1644 2242 1699 dentur
2271 1644 2609 1701 concordare
2641 1662 2765 1701 cum
2807 1648 2874 1703 iis
2909 1665 3029 1718 quae
3055 1651 3122 1702 ab
3151 1653 3267 1720 ipso
3322 1651 3375 1705 in
3430 1650 3607 1707 Evan-

2040 1737 2181 1805 gelio
2223 1737 2370 1790 dicta
2415 1743 2542 1793 sunt
2582 1737 2685 1792 sub
2714 1738 2889 1807 ipsum
2930 1741 3203 1808 passionis
3249 1753 3480 1812 tempus,
3514 1743 3603 1800 ubi

359 1822 767 1895 ἐπλανήθησαν,
811 1845 830 1877 ι
856 1826 950 1880 καὶ
996 1827 1122 1881 ἄλλο
1156 1825 1367 1898 πνεῦμα
1399 1827 1718 1900 πλανήσεως
1770 1833 1828 1883 ὲν
1872 1835 1937 1903 τῇ

2042 1826 2117 1877 ait
2172 1826 2239 1880 ad
2282 1842 2413 1882 suos
2463 1826 2764 1899 discipulos
2798 1848 2814 1884 :
2854 1849 2872 1882 ι
2910 1828 3109 1887 Tristis
3139 1841 3223 1886 est
3262 1834 3440 1887 anima
3485 1850 3604 1890 mea

358 1917 558 1989 ἐρήμῳ
580 1934 594 1948 ·
646 1917 737 1971 τὸν
782 1918 946 1972 αὑτὸν
991 1920 1193 1991 τρόπον
1226 1921 1319 1974 καὶ
1348 1920 1562 1992 πνεῦμα
1591 1921 1820 1977 θανάτου
1854 1926 1939 1995 εἰη

358 2008 433 2063 ἂν
456 2009 654 2074 δειλίας
677 2011 977 2081 ποιητικὸν,
999 2012 1075 2075 ὼς
1098 2012 1191 2065 καλ⁸
1214 2011 1429 2083 πνεῦμα
1461 2013 1641 2083 ἰσχύος
1668 2015 1763 2069 καὶ
1785 2015 1941 2070 δυνά-

355 2119 514 2173 μεως
543 2103 636 2157 καὶ
663 2103 913 2175 ἀνδρείας
938 2103 1038 2173 τῆς
1064 2103 1206 2158 κατὰ
1224 2105 1357 2159 Θεὸν
1389 2107 1755 2176 ἐνεργητικόν.
1787 2106 1940 2161 Οὕτω

354 2193 409 2246 δ’
441 2192 508 2247 ἂν
550 2193 765 2267 λεχθείη
801 2194 1016 2265 πνεῦμα
1061 2195 1225 2264 φόϐου
1271 2198 1364 2251 καὶ
1395 2198 1619 2269 τρόμου,
1653 2200 1746 2252 καὶ
1778 2198 1938 2253 πάλιν

355 2278 552 2351 ἕτερον
585 2281 734 2352 παρὰ
766 2281 937 2335 ταῦτα
969 2282 1182 2354 πνεῦμα
1212 2284 1376 2354 φύϐου
1410 2288 1503 2341 καὶ¹
1537 2282 1868 2359 συγχύσεως,
1902 2290 1938 2344 ἆ

356 2372 462 2424 καὶ
491 2372 696 2443 σχεδὸν,
731 2375 925 2438 εἰπεῖν,
960 2374 1127 2429 ἅπασι
1176 2377 1272 2447 μὲν
1305 2380 1417 2442 τοῖς
1444 2378 1502 2430 ἐν
1530 2380 1815 2452 μαρτυρίῳ
1846 2380 1937 2434 τὸν

359 2465 509 2536 ὑπὲρ
570 2464 853 2530 εὐσεϐείας
919 2465 1147 2521 θάνατον
1214 2468 1626 2541 ἀναδεχομένοις
1694 2473 1938 2544 ὲφορμᾷν

357 2556 547 2618 εἷωθε,
586 2555 719 2610 πολὺ
753 2556 915 2612 πλέον
958 2558 1014 2611 δὲ
1046 2560 1139 2613 καὶ
1178 2559 1376 2630 μᾶλλον
1422 2562 1746 2617 ἐπιτέθειται
1792 2563 1937 2634 αὐτῷ

355 2648 457 2702 τὸν
485 2648 625 2721 ὑπὲρ
668 2649 920 2704 ἁπάντων
957 2648 1185 2703 θάνατον
1217 2651 1585 2722 ὑπομείναντι.
1633 2654 1777 2725 Πλὴν
1821 2654 1936 2708 ἀλλ’

356 2738 477 2792 εἴτε
505 2739 720 2812 πνεῦμα
742 2739 943 2804 δειλίας
970 2740 1064 2793 καὶ
1096 2740 1344 2803 θανάτου,
1373 2742 1484 2795 εἴτε
1516 2742 1678 2812 φόϐου
1703 2746 1796 2798 καὶ
1821 2745 1939 2817 τρό-

361 2848 496 2904 μου,
530 2833 563 2902 ἦ
603 2831 657 2885 εἴ
699 2849 785 2896 τις
820 2832 984 2903 ἑτέρα
1021 2831 1239 2904 τοιαύτη
1292 2831 1518 2903 δύναμις
1559 2834 1935 2888 ἑπιπέπτωκεν

358 2922 534 2994 αὐτῷ,
561 2922 676 2977 ἀλλ’
699 2922 815 2978 οὔτι
845 2941 910 2993 γε
936 2923 1267 2997 κατέρραξεν
1295 2925 1454 2978 αὐτόν
1479 2942 1493 2956 ·
1522 2927 1663 2990 ἐπεὶ,
1696 2921 1783 2979 οἷα
1813 2944 1938 2996 γεν-

357 3020 514 3080 ναῖος
546 3016 803 3087 ἀθλητὴς,
831 3016 927 3088 τὴν
963 3017 1061 3088 μὲν
1102 3015 1302 3071 δειλίαν
1334 3016 1428 3071 τοῦ
1462 3017 1713 3083 θανάτου,
1746 3036 1937 3073 πεποι-

358 3107 521 3179 θήσει
566 3107 729 3179 ξωῆς,
766 3107 950 3179 (αὐτὸς
987 3108 1097 3181 γὰρ
1137 3112 1170 3181 ἡ
1202 3110 1359 3182 ζωὴ,)
1393 3110 1606 3183 μακράν
1637 3111 1934 3184 ἀπέρριψεν
1961 3152 2007 3214 C

355 3198 811 3269 ἀποσεισάμενος.
856 3197 1127 3263 Ὡσαύτως
1171 3198 1230 3252 δὲ
1277 3201 1370 3253 καὶ
1414 3201 1474 3253 τὸ
1514 3200 1736 3255 ἐπελθὸν
1787 3200 1935 3273 αὐτῷ

355 3291 580 3362 πνεῦμα
606 3289 770 3359 φόϐου
800 3290 833 3363 ἢ
868 3292 1069 3364 τρόμου
1095 3292 1373 3363 ποιητικὸν
1400 3284 1669 3363 πνεύματι
1700 3293 1935 3365 θάρσους

355 3384 456 3436 καὶ
495 3380 779 3452 δυνάμεως
828 3381 922 3434 καὶ
953 3381 1133 3452 ἰσχύος
1165 3382 1500 3455 πορρωτάτω
1526 3383 1889 3454 ἀπηκόντισεν
1914 3400 1929 3414 ο

355 3474 506 3541 ἐπεὶ,
541 3473 685 3529 κατά
707 3474 801 3528 τδν
846 3475 1092 3539 Ἡσαΐαν,
1135 3494 1153 3527 ι
1191 3474 1599 3530 ὲπανεπαύσατο
1641 3476 1730 3528 ἐπ’
1772 3476 1933 3530 αὐτὸν

358 3565 503 3637 μετά
537 3564 645 3621 τῶν
688 3565 861 3620 ἄλλων
895 3566 1218 3638 πνευμάτων
1250 3568 1343 3620 καὶ
1371 3566 1585 3639 πνεῦμα
1617 3566 1809 3639 βουλῆς
1841 3569 1935 3621 καὶ

361 3656 564 3729 ἰσχύος.
603 3677 622 3710 ι
671 3656 833 3714 Οὕτω
877 3660 969 3712 κα)⁸
1001 3659 1062 3712 τὸ
1094 3657 1310 3730 πνεῦμα
1353 3658 1446 3712 τοῦ
1491 3660 1713 3724 σκότους
1748 3663 1813 3732 τῇ
1839 3659 1932 3713 τοῦ

357 3742 497 3803 ἰδίου
526 3750 703 3819 φωτὸς
724 3750 1072 3805 ’ἀπεσκέδασε
1118 3750 1375 3822 δυνάμει’
1411 3752 1530 3804 ἐπεὶ
1564 3771 1584 3803 ι
1633 3751 1694 3804 τὸ
1729 3751 1844 3822 φῶς
1876 3753 1933 3804 ὲν

353 3844 425 3913 τῇ
463 3842 653 3914 σκοτίᾳ.
689 3842 820 3896 αὐτὸ
851 3844 910 3895 οὐ
938 3843 1251 3899 κατέλαϐεν.
1286 3862 1305 3895 ι
1339 3842 1534 3916 Εὒροις
1563 3845 1607 3899 δ’
1636 3845 1702 3898 ἂν
1728 3843 1799 3898 τὰ
1825 3862 1932 3898 πα-

358 3935 640 4007 ραπλήσια
672 3935 881 3999 τούτοις
909 3938 1002 3990 καὶ
1039 3938 1097 3990 ὲν
1134 3936 1366 4007 εἰκοσιῷ
1399 3936 1598 4008 πρώτῳ
1626 3936 1845 4008 ψαλμῷ,
1876 3939 1934 3991 ὲν

352 4031 436 4102 τῷ
471 4029 631 4085 πάλιν
656 4029 721 4083 ὲκ
748 4029 843 4083 τοῦ
876 4029 1038 4085 αὐτοῦ
1069 4029 1314 4084 λέλεκται
1344 4027 1631 4100 προσώπου
1654 4046 1667 4059 ν
1724 4047 1743 4080 ι
1774 4030 1937 4102 Περι-

355 4120 679 4177 εκύκλωσάν
704 4138 770 4193 με
797 4121 984 4192 μόσχοι
1009 4119 1210 4186 πολλοὶ,
1235 4119 1426 4192 ταῦροι
1452 4121 1631 4184 πίονες
1651 4121 1934 4193 περιέσχον

358 4232 452 4286 με.
486 4213 742 4281 Ἤνοιξαν
780 4214 866 4267 ἐπ’
899 4214 999 4284 ἐμὲ
1049 4214 1110 4267 τὸ
1146 4213 1320 4284 στόμα
1365 4213 1562 4276 αὐτῶν,
1610 4215 1685 4277 ὼς
1728 4213 1864 4267 λέων
1905 4215 1935 4267 ό

354 4304 624 4379 ἁρπάζων
659 4305 750 4358 καὶ
786 4304 1121 4377 ὠρυόμενος⁸
1162 4323 1184 4356 ι
1232 4304 1326 4356 καὶ
1361 4303 1548 4357 πάλιν’
1585 4322 1603 4353 ι
1644 4303 1764 4357 Ὅτι
1804 4302 1933 4358 ἐκύ-

356 4396 575 4450 κλωσάν
621 4413 687 4467 με
721 4395 881 4459 κύνες
924 4394 1126 4461 πολλοὶ,
1165 4396 1451 4467 συναγωγὴ
1488 4396 1934 4467 πονηρευομένων

2042 1931 2212 1985 usque
2238 1917 2305 1971 ad
2338 1926 2820 1982 murtem,manele
2845 1920 2933 1975 hic
2954 1929 3007 1974 et
3022 1922 3240 1991 vigilate
3266 1939 3475 1978 mecum
3499 1924 3601 1981 ⁸⁸.»

2041 2000 2105 2053 Ει
2134 2016 2326 2057 rursus
2360 2021 2373 2056 :
2410 2020 2429 2053 ι
2469 2000 2624 2056 Nunc
2649 2003 2831 2056 anima
2865 2020 2981 2057 mea
3015 2008 3339 2061 conturbata
3362 2017 3446 2063 est
3472 2008 3538 2064 ".
3576 2027 3601 2064 ι

2038 2090 2200 2163 473
2225 2091 2436 2147 Similia
2470 2108 2707 2162 namque
2734 2093 2817 2149 bis
2847 2104 2975 2149 sunt
3002 2098 3187 2161 etiam,
3213 2114 3333 2168 quae
3362 2102 3605 2170 psalmus

2040 2185 2128 2240 hic
2161 2186 2425 2248 continet,
2476 2186 2569 2241 ubi
2608 2187 2688 2241 sic
2737 2188 2853 2242 ait:
2908 2206 2925 2239 t
2955 2186 3063 2241 Cor
3090 2205 3266 2243 meum
3310 2192 3606 2247 conturba-

2039 2283 2156 2330 tum
2187 2276 2346 2331 estin
2370 2293 2477 2340 me,
2505 2286 2560 2332 et
2583 2276 2818 2333 formido
2843 2279 3036 2334 mortis
3066 2281 3263 2335 cecidit
3293 2298 3458 2351 super
3493 2299 3601 2357 me,

2036 2377 2091 2423 et
2132 2374 2497 2423 contexerunt
2528 2385 2613 2424 me
2666 2372 2941 2427 tenebrae:
2975 2392 2993 2424 ι
3026 2374 3226 2444 quibus
3258 2374 3440 2430 verbis
3471 2390 3605 2429 con.-

2038 2458 2323 2513 trariarum
2341 2467 2672 2530 potestatum
2692 2470 2922 2519 conatus
2937 2463 3223 2519 adversum
3239 2480 3296 2520 se
3310 2464 3599 2535 significat.
3686 2476 3694 2484 '

2037 2548 2506 2616 Quemadmodum
2544 2553 2688 2606 enim
2718 2554 2770 2607 in
2800 2556 3097 2625 prophetiis
3137 2557 3456 2611 nominatur
3482 2557 3605 2627 qui-

2037 2640 2160 2696 dem
2201 2643 2429 2713 spiritus
2475 2644 2878 2711 fornicationis,
2934 2655 2990 2701 ut
3024 2656 3106 2703 est
3154 2649 3322 2704 illud:
3354 2668 3372 2700 ι
3404 2651 3601 2720 spiritu

2036 2732 2416 2791 fornicationis
2447 2736 2854 2802 aberraverunt,
2883 2738 2928 2771 '°
2957 2758 2974 2790 ι
3011 2748 3064 2794 et
3084 2740 3224 2796 alius
3256 2742 3485 2811 spiritus
3509 2757 3603 2797 er-

2034 2826 2179 2881 roris
2209 2825 2265 2879 in
2295 2826 2534 2891 deserto,
2581 2828 2656 2882 ita
2682 2828 2842 2883 etiam
2893 2830 3116 2899 spiritus
3159 2831 3321 2884 fuerit
3353 2830 3603 2888 formidi-

2036 2935 2159 2975 nem
2190 2924 2382 2975 mortis
2413 2921 2650 2977 elliciens
2684 2942 2699 2977 :
2733 2937 2865 2976 sane
2895 2931 2954 2976 ut
2984 2924 3147 2977 etiam
3180 2924 3405 2993 spiritus
3435 2925 3600 2981 robo-

2036 3013 2133 3079 ris,
2193 3020 2246 3068 et
2297 3015 2582 3085 potentiae,
2629 3022 2684 3069 et
2735 3015 3071 3071 fortitudinis
3119 3016 3271 3086 ejus,
3325 3034 3445 3087 quae
3490 3017 3607 3074 Deo

2038 3108 2213 3163 aliena
2259 3124 2373 3164 non
2425 3116 2532 3177 est,
2574 3117 2785 3165 auctor.
2834 3109 3012 3176 Quare
3057 3110 3138 3165 sic
3182 3111 3344 3166 etiam
3390 3112 3605 3167 dicetur

2037 3200 2262 3270 spiritus
2290 3201 2504 3256 timoris
2543 3216 2605 3255 ac
2633 3203 2907 3262 tremoris,
2941 3211 2995 3258 et
3024 3218 3217 3259 rursus
3244 3204 3384 3260 alius
3408 3212 3604 3274 praeter

2036 3290 2158 3356 hos,
2203 3290 2432 3360 spiritus
2486 3291 2701 3346 timoris
2736 3300 2789 3347 et
2836 3292 3199 3356 confusionis,
3240 3294 3334 3363 qui
3380 3295 3600 3364 quidem

2036 3397 2206 3452 paene,
2226 3390 2286 3436 ut
2317 3384 2389 3438 ita
2418 3382 2671 3448 dixerim,
2708 3399 2898 3440 omnes
2933 3396 3160 3440 mortem
3187 3403 3286 3456 pro
3314 3404 3439 3442 vera
3473 3388 3607 3443 reli-

2034 3474 2193 3544 gione
2236 3474 2540 3531 testimonii
2582 3476 2760 3546 gratia
2808 3477 3125 3544 subeuntes,
3173 3478 3431 3535 invadere
3468 3495 3604 3535 con-

2035 3577 2348 3629 sueverunt,
2373 3580 2438 3620 ac
2453 3566 2625 3621 multo
2644 3565 2808 3621 etiam
2832 3567 3005 3637 magis
3029 3566 3293 3637 longeque
3319 3570 3603 3624 vehemen-

2035 3656 2141 3712 tius
2168 3656 2318 3712 illum
2349 3657 2590 3728 aggressi
2625 3665 2774 3721 sunt,
2807 3658 2898 3727 qui
2930 3672 3032 3727 pro
3060 3658 3317 3713 omnibus
3370 3669 3600 3714 mortem

2015 3749 2339 3804 sustinuit:
2370 3758 2743 3806 verumtamen
2785 3750 2899 3805 sive
2937 3750 3165 3820 spiritus
3206 3750 3512 3807 formidinis
3546 3759 3600 3807 et

2034 3841 2248 3908 mortis,
2280 3841 2394 3897 sive
2421 3841 2635 3897 timoris
2665 3849 2719 3896 et
2745 3842 3019 3905 tremoris,
3048 3843 3162 3897 sive
3195 3844 3301 3896 alia
3332 3844 3597 3914 quapiam

2034 3931 2281 4000 ejusdem
2304 3933 2521 4004 generis
2550 3942 2793 4004 potestas
2820 3933 2972 3987 illum
3000 3933 3190 3988 adorta
3223 3944 3324 4000 est,
3354 3950 3416 3989 ea
3448 3935 3599 3988 illum

2035 4040 2147 4079 non
2176 4023 2468 4095 confregit,
2506 4034 2797 4095 pr0pterea
2823 4025 2968 4095 quod
3009 4034 3266 4095 tanquam
3301 4041 3600 4095 generosus

2035 4122 2294 4180 certator,
2337 4114 2683 4170 formidinem
2727 4116 2945 4185 quidem
2991 4116 3184 4169 mortis
3210 4157 3226 4180 ,
3271 4115 3600 4170 conﬁdentia

2034 4205 2160 4260 vitae
2197 4203 2336 4276 (ipse
2374 4205 2520 4259 enim
2571 4203 2725 4274 vita),
2767 4205 2957 4273 procul
2984 4205 3327 4259 deturbatam
3376 4204 3597 4271 abjecit.

2034 4298 2212 4353 Alium
2253 4304 2435 4352 autem
2484 4295 2579 4366 qui
2626 4295 2802 4365 ipsum
2846 4295 2972 4349 item
3023 4294 3299 4349 invaserat
3346 4294 3598 4364 spiritum

2036 4389 2250 4445 timoris
2271 4398 2325 4445 et
2345 4388 2601 4444 tremoris
2628 4387 2968 4452 eiiicieutem,
2998 4386 3195 4458 Spiritu
3234 4385 3598 4453 confidentiae,

357 4488 647 4560 περιέσχον
683 4503 780 4559 με·
824 4506 844 4539 ι
878 4488 974 4541 καὶ
1015 4482 1168 4550 αὖθις
1194 4505 1207 4519 ·
1244 4507 1263 4538 ι
1298 4487 1491 4541 Ῥῦσαι
1520 4487 1628 4541 άπὸ
1662 4486 1933 4560 ῥομφαίας

2037 4491 2091 4539 et
2119 4483 2393 4556 potentiae,
2423 4490 2479 4537 et
2514 4483 2749 4549 roboris,
2784 4483 3102 4554 longissime
3133 4497 3162 4534 a
3201 4498 3261 4538 se
3295 4480 3601 4551 praecipita-

355 4582 459 4653 τὴν
507 4579 683 4651 ψυχήν
727 4598 850 4652 μου,
895 4581 989 4634 καὶ
1022 4582 1085 4633 ὲκ
1116 4581 1297 4652 χειρὸς
1343 4580 1502 4644 κυνὸς
1533 4579 1630 4652 τὴν
1672 4579 1934 4651 μονογενῆ

361 4691 485 4746 μου.
517 4672 696 4727 Σῶσόν
729 4690 795 4744 με
826 4674 891 4726 ὲκ
932 4674 1195 4744 στόματος
1222 4674 1455 4737 λέοντος,
1483 4674 1576 4727 καὶ
1618 4672 1725 4727 ἀπὸ
1769 4672 1935 4744 κερά-

357 4782 467 4820 των
504 4763 889 4837 μονοκερώτων
916 4765 1014 4834 τὴν
1043 4765 1368 4819 ταπείνωσιν
1397 4782 1518 4836 μου.
1555 4785 1573 4816 ι
1605 4763 1801 4834 Σαφῶς
1826 4764 1936 4835 γὰρ

358 4859 418 4910 ὲν
442 4856 655 4921 τούτοις
683 4857 941 4928 δυνάμεις
972 4857 1234 4929 πονηρὰς,
1265 4856 1519 4929 ταύρους,
1554 4858 1646 4910 καὶ
1678 4857 1928 4928 μόσχους,

359 4949 457 5003 καὶ
499 4948 735 5014 λέοντας,
766 4950 859 5003 καὶ
890 4949 1076 5013 κύνας,
1102 4950 1195 5002 καὶ
1239 4949 1612 5020 μονοκέρωτας
1648 4949 1929 5013 ἀποκαλεῖ,

359 5040 418 5095 αἶ
454 5040 742 5112 περιέσχον
777 5041 874 5111 μὲν
898 5042 1057 5094 αὐτὸν
1088 5041 1183 5094 καὶ
1207 5038 1650 5113 περιεκύκλωσαν
1683 5038 1821 5092 κατά
1842 5039 1933 5092 τὸν

357 5133 456 5187 τοῦ
497 5132 698 5197 πάθους
739 5133 903 5186 αὑτοῦ
938 5132 1147 5205 καιρὸν,
1180 5132 1240 5185 οὐ
1282 5131 1387 5202 μὴν
1430 5131 1523 5184 καὶ
1559 5128 1851 5201 ἐνεργῆσαί
1883 5146 1934 5182 τι

361 5225 485 5279 κατ’
513 5223 677 5277 αὐτοῦ
706 5223 1036 5294 δεδύνηνται.
1064 5225 1170 5276 Καὶ
1198 5221 1370 5277 ταῦτα
1402 5221 1521 5292 μὲν,
1555 5222 1603 5274 εἰ
1634 5222 1729 5275 καὶ
1759 5219 1929 5274 ταῦτα

359 5316 455 5369 τοῦ
501 5314 713 5387 ψαλμοῦ
765 5314 835 5368 τὰ
875 5314 1015 5386 μέρη
1057 5314 1149 5367 ἐπὶ
1189 5312 1280 5366 τὸν
1331 5312 1559 5382 Σωτῆρα
1606 5311 1699 5364 καὶ
1727 5310 1930 5381 Κύριον

361 5405 520 5479 ἡμῶν
545 5405 797 5475 ἀνάγοιτο
820 5422 834 5436 ο
862 5407 912 5458 εἰ
938 5405 994 5459 δὲ
1031 5405 1105 5479 μὴ
1142 5404 1228 5457 ἐπ’
1259 5403 1441 5467 αὐτὸν,
1475 5401 1589 5455 ἀλλ’
1624 5401 1707 5470 ἐφ’
1746 5400 1931 5472 ἓτερον

361 5496 687 5568 πρόσωπον,
735 5495 1049 5566 ἐπιστήσεις
1092 5495 1189 5548 καί⁵
1240 5492 1400 5555 αὐτὸς
1442 5491 1518 5554 ὡς
1564 5489 1631 5545 ἂν
1682 5488 1932 5561 ὲξομαλι-

364 5584 562 5639 σθέντα
586 5583 658 5637 τὰ
680 5582 820 5638 κατὰ
854 5583 946 5637 τὸν
976 5583 1155 5637 τόπον.
1202 5581 1349 5652 Πλὴν
1374 5578 1510 5634 ἀλλὰ
1548 5579 1802 5652 καὶπερὶ
1832 5580 1931 5651 τῆς

2036 4575 2115 4630 vit
2154 4594 2169 4630 :
2202 4573 2667 4646 quandoquidem,
2718 4584 2775 4629 ut
2818 4583 2903 4630 est
2949 4574 3090 4644 apud
3132 4574 3349 4638 Isaiam,
3392 4572 3600 4643 quievit

2038 4682 2203 4738 super
2240 4682 2364 4722 eum
2402 4683 2511 4721 una
2534 4682 2660 4722 cum
2692 4667 2816 4722 aliis
2842 4667 3150 4737 spiritibus,
3174 4666 3335 4721 etiam
3367 4664 3599 4736 spiritus

2039 4760 2256 4816 consilii
2303 4768 2358 4816 et
2392 4760 2753 4821 fortitudinis.
2788 4759 2880 4816 Sic
2926 4776 3090 4832 porro
3135 4761 3298 4815 etiam
3342 4759 3597 4829 spiritum

2036 4854 2385 4908 tenebrarum
2407 4853 2612 4923 pr0prii
2642 4853 2862 4907 luminis
2894 4852 2948 4907 vi
2977 4852 3282 4921 dissipavit,
3314 4860 3598 4921 propterea

2037 4944 2181 5015 quod
2216 4963 2235 4996 ι
2273 4945 2365 4999 lux
2392 4945 2448 4999 in
2480 4944 2718 5000 tenebris
2752 4945 2914 5008 lucet,
2944 4952 3000 4999 et
3049 4945 3284 4998 tenebrae
3327 4957 3445 4996 eam
3487 4957 3597 4996 non

2037 5035 2649 5105 comprehenderunt“.
2683 5055 2702 5088 ι
2738 5036 3027 5098 Caeterum,
3069 5035 3155 5090 bis
3194 5034 3391 5090 similia
3431 5033 3595 5089 etiam

2039 5127 2094 5181 in
2123 5125 2384 5197 vigesimo
2423 5128 2597 5197 primo
2633 5126 2842 5194 psalmo
2876 5125 3118 5179 invenire
3148 5125 3372 5194 poteris,
3403 5124 3459 5178 in
3487 5139 3596 5194 quo

2034 5232 2103 5272 ex
2131 5215 2375 5286 ejusdem
2406 5231 2639 5287 persona
2666 5232 2859 5273 rursus
2883 5215 3015 5270 illud
3045 5216 3250 5271 dictum
3278 5224 3362 5273 est
3388 5236 3401 5272 :
3432 5236 3449 5268 ι
3473 5216 3595 5272 Cir-

2035 5307 2432 5364 cumdederunt
2472 5325 2558 5363 me
2583 5309 2740 5362 vituli
2771 5309 2926 5363 multi
2958 5327 2971 5363 :
2998 5309 3138 5363 tauri
3189 5309 3415 5381 pingues
3442 5310 3596 5367 obse-

2034 5397 2233 5453 derunt
2258 5414 2364 5453 me.
2388 5398 2735 5468 Aperuerunt
2763 5414 2927 5469 super
2954 5416 3039 5454 me
3063 5416 3126 5457 os
3151 5415 3309 5455 suum
3341 5400 3484 5457 sicut
3508 5402 3593 5457 leo

2036 5489 2256 5561 rapiens
2284 5496 2338 5544 et
2370 5490 2592 5559 rugiens
2612 5491 2679 5544 δ’.
2717 5511 2736 5544 ι
2781 5489 2849 5543 Et
2878 5506 3072 5547 rursus
3098 5510 3112 5546 :
3144 5510 3164 5543 ι
3196 5491 3463 5559 Quoniam
3485 5492 3593 5547 cir-

2034 5580 2428 5637 cumdederunt
2458 5596 2543 5636 me
2572 5596 2736 5637 canes
2766 5581 2918 5636 multi
2941 5584 3259 5639 :concilium
3290 5585 3592 5655 malignan-

434 5766 479 5799 ⁵⁸
516 5761 707 5820 llatth.
744 5780 903 5831 xxvi,
941 5764 1029 5821 58.
1110 5765 1150 5798 δ’
1186 5761 1343 5823 Joan.
1374 5780 1485 5833 xu,
1516 5765 1605 5821 27.
1684 5766 1729 5800 ὀ
1771 5765 1897 5824 Ose.
1931 5782 1937 5821 1

2051 5764 2133 5821 12.
2209 5766 2251 5797 ⁵⁸
2290 5761 2446 5820 Joan.
2482 5780 2535 5833 ι,
2569 5764 2618 5820 5.
2699 5767 2740 5798 "
2779 5763 2923 5822 Psal.
2962 5782 3079 5833 ττι,
3116 5766 3201 5838 f5,
3233 5765 3317 5822 Η.

3874 6294 4059 6344 Δ
