4106 6420
548 374 658 432 735
1207 367 1479 425 EESEBll
1515 367 1998 424 CESARIENSIS
2033 366 2186 424 OPP.
2228 365 2411 421 PARS
2451 364 2515 419 ll.
2560 394 2630 405 -—
2667 357 3170 418 APOLOGETICA.
3741 349 3864 406 736

543 491 683 547 tium
716 488 934 545 obsedit
965 503 1054 544 me
1075 488 1141 543 ⁸³.
1178 507 1196 541 ι
1229 487 1296 542 Et
1320 504 1513 544 rursus
1540 506 1553 542 :
1594 506 1613 540 ι
1645 487 1791 543 Erue
1821 503 1849 541 a
1895 487 2098 544 framea

2232 487 2340 541 τῶν
2382 483 2652 538 Ἰουδαίων
2681 480 3084 553 μητροπόλεως,
3113 476 3286 547 αὐτῆς
3317 475 3382 547 δὴ
3409 475 3509 545 τῆς
3539 476 3872 546 Ἰερουσα-

543 579 713 645 Deus,
760 579 1000 635 animam
1035 595 1233 646 meam,
1281 587 1336 636 et
1379 579 1447 635 de
1496 594 1661 634 manu
1703 580 1856 635 canis
1900 579 2109 634 unicam

2225 577 2357 650 λὴμ,
2387 575 2693 638 ἀκολούθως
2721 575 2856 644 μετὰ
2878 573 2974 644 τὴν
3003 571 3143 626 κατὰ
3170 570 3279 624 τῶν
3310 567 3865 622 ἐπιϐουλευσάντων

543 685 745 727 meam.
783 669 946 725 Salva
976 685 1063 725 me
1092 687 1158 726 ex
1199 686 1293 727 ore
1328 671 1524 733 leonis,
1547 677 1602 725 et
1631 684 1661 723 a
1691 669 1956 725 cornibus
1990 669 2109 724 uni-

2225 669 2375 741 αὐτῷ
2427 668 2729 740 πρόρρησιν
2778 665 3017 734 ἐπιλέγει
3069 663 3230 734 ἑξῆς·
3290 681 3308 713 ι
3359 657 3515 716 Εἶδον
3577 657 3861 728 ἀνομίαν

542 764 796 819 cornium
855 763 1219 820 humilitatem
1271 780 1449 820 meam
1479 764 1546 819 “.
1581 784 1599 817 ι
1654 764 1824 819 Plane
1868 764 2011 818 enim
2062 761 2109 818 in

2225 764 2321 818 καὶ
2367 761 2676 830 ἀντιλογίαν
2716 763 2772 814 ἐν
2805 762 2868 830 τῇ
2904 758 3053 810 πόλει
3078 774 3091 787 ·
3137 776 3154 808 ι
3197 755 3292 810 καὶ
3322 754 3393 808 τὰ
3422 754 3644 816 τούτοις
3698 749 3861 804 ἀκό-

541 855 630 911 his
679 855 948 927 malignas
993 863 1314 926 potestates,
1358 864 1665 922 taurorum,
1715 864 1770 912 et
1798 855 2109 919 vitulorum,

2221 855 2404 918 λουθα,
2431 855 2466 909 ἃ
2491 854 2584 908 καὶ
2609 851 2800 916 ὁποίας
2826 852 3004 921 ἔχεται
3039 849 3275 911 διανοίας
3301 847 3361 901 οὐ
3388 847 3485 899 νῦν
3513 845 3706 917 σχολὴ
3762 840 3858 896 δι-

540 955 598 1002 et
636 947 878 1014 leonum,
935 953 990 1003 et
1037 963 1256 1013 canum,
1306 955 1361 1004 et
1405 949 1754 1003 unicornium
1800 947 2117 1002 nominibus
2218 948 2489 1021 ηγεῖσθαι.

541 1041 803 1112 appellat,
850 1057 972 1112 quae
1009 1042 1228 1113 quidem
1285 1043 1437 1097 illum
1481 1043 1584 1099 sub
1618 1045 1796 1114 ipsum
1849 1043 2126 1114 passionis
2163 1052 2380 1114 tempus
2420 1041 2755 1098 obsederunt
2795 1054 2860 1094 ac
2916 1035 3426 1099 circumdederunt,
3475 1031 3658 1106 4³14
3723 1043 3860 1085 non

538 1139 725 1188 tamen
768 1135 932 1189 etiam
988 1136 1191 1206 aliquid
1260 1135 1470 1192 edicere
1535 1147 1728 1193 contra
1793 1139 1945 1193 illttm
1997 1146 2314 1210 potuerunt.
2375 1137 2443 1193 Et
2497 1137 2614 1193 haec
2679 1135 2897 1207 quidem
2949 1132 3108 1187 talem
3156 1130 3395 1185 habeant
3431 1129 3756 1187 rationem.
3804 1125 3862 1180 Si

539 1224 704 1279 modo
734 1227 898 1280 etiam
931 1227 1012 1282 hae
1060 1228 1253 1298 psalmi
1290 1239 1493 1299 partes,
1546 1232 1614 1286 ad
1671 1231 2006 1288 Salvatorem
2049 1232 2449 1304 Dominamque
2509 1238 2762 1287 nostrum
2820 1227 3160 1283 referantur.
3209 1222 3366 1290 Quod
3397 1222 3443 1277 si
3490 1237 3604 1276 non
3658 1217 3745 1272 ad
3782 1217 3864 1270 il-

539 1316 674 1381 lum,
693 1318 787 1372 sed
841 1320 907 1373 ad
957 1321 1115 1374 aliam
1165 1337 1474 1390 personam,
1518 1324 1633 1394 ipse
1674 1339 1890 1394 quoque
1939 1325 2226 1396 diligenter
2275 1324 2544 1389 attendes,
2604 1329 2665 1377 ut
2702 1336 2766 1376 ea
2801 1335 2922 1390 quae
2957 1317 3026 1373 ad
3083 1317 3260 1387 ipsum
3296 1315 3443 1368 hunc
3469 1313 3663 1367 locum
3705 1323 3859 1379 pcr-

540 1409 739 1474 tinent,
787 1413 890 1466 sibi
937 1413 1169 1468 invicem
1209 1425 1423 1484 aequata
1481 1417 1874 1486 respondeant.
1937 1416 2325 1472 Verumtamen
2384 1417 2452 1473 de
2496 1416 2614 1488 ipsa
2655 1414 2821 1469 etiam
2878 1409 3193 1465 Judaeorum
3242 1408 3484 1470 civitate,
3530 1403 3602 1458 de
3680 1401 3856 1471 ipsa:

541 1503 786 1573 inquam,
832 1504 1159 1572 Jerusalem,
1211 1507 1402 1563 ordine
1447 1508 1705 1580 deinceps
1752 1517 1875 1581 post
1913 1509 2234 1565 vaticinium
2300 1509 2367 1564 de
2418 1508 2488 1564 iis
2555 1505 2649 1576 qui
2720 1503 2950 1560 insidias
2995 1503 3074 1557 illi
3141 1499 3396 1564 fecerint,
3456 1495 3734 1567 adjungit
3790 1491 3855 1546 in

541 1598 690 1654 hunc
733 1601 951 1655 modum
982 1621 1037 1656 ε(
1069 1600 1191 1656 Vidi
1225 1603 1568 1673 iniquitatem
1612 1613 1666 1660 et
1715 1605 2204 1661 contradictionem
2243 1603 2301 1659 in
2350 1603 2608 1660 civitate:
2639 1621 2657 1652 ι
2685 1607 2739 1656 et
2783 1613 2906 1670 quae
2961 1604 3286 1668 sequuntur,
3334 1608 3456 1665 qua:
3491 1606 3612 1663 quo,
3642 1602 3852 1646 sensu

542 1694 654 1748 sint
688 1696 1028 1765 accipienda,
1065 1713 1175 1752 non
1210 1707 1294 1753 est
1329 1715 1472 1754 nunc
1505 1701 1763 1755 narrandi
1791 1708 2026 1771 tempus.

541 1814 586 1867 Α
619 1814 824 1892 psa_!mo
850 1829 1001 1892 cvnt.
1032 1846 1100 1855 —-
1127 1816 1258 1892 Ῐιεηι
1293 1818 1356 1871 de
1382 1816 1548 1892 Iuda,
1589 1828 1638 1872 et
1691 1819 1755 1892 d_e
1799 1819 2019 1892 suﬁ'ecto
2064 1819 2109 1872 in

2231 1816 2385 1892 Ἀπὸ.
2415 1812 2536 1892 τοῦ.
2555 1810 2801 1892 ψαλμοῦ
2836 1816 2952 1892 ρην.
2970 1835 3042 1848 —-—
3074 1808 3193 1892 Ἔτι
3237 1803 3369 1892 περὶ
3428 1803 3534 1857 τοῦ
3592 1800 3846 1892 Zeti-6a,

705 1884 877 1938 ¹⁰⁶²¹η⁸
907 1886 1020 1954 εἰπε
1052 1887 1313 1958 “Postulo,
1357 1889 1403 1942 et
1435 1888 1497 1943 de
1528 1871 2008 1959 sehze'tud'at'éé."

2295 1885 2392 1938 καὶ
2433 1881 2540 1936 τοῦ
2563 1871 2665 1948 ἐἰς
2681 1871 2816 1959 ’τὴξ⁴
2836 1871 3044 1959 χώραν
3085 1875 3270 1959 αὐεοῦ
3283 1871 3846 1959 “ἀητειςαχθέντος

2294 1943 2663 2016 ἀποστόλου,
2711 1943 2810 2004 καὶ
2844 1943 2980 2017 kiehl
3014 1946 3121 2000 τοῦ
3161 1943 3455 2000 Ἰουδαίων
3491 1944 3753 2008 ἔθνους.

619 2081 637 2114 ι
667 2059 830 2127 Deus,
875 2061 1088 2115 laudem
1125 2077 1302 2116 meam
1333 2078 1400 2117 ne
1438 2062 1696 2127 tacueris,
1737 2063 1863 2134 quia
1885 2079 1949 2119 os
1987 2080 2109 2135 pec-

2295 2089 2313 2122 ε
2348 2070 2407 2122 Ὀ
2437 2066 2587 2130 Θεὸς,
2611 2065 2709 2135 τὴν
2741 2062 2944 2118 αῖνεσίν
2982 2079 3080 2133 μου
3119 2058 3192 2130 μὴ
3225 2059 3699 2129 παρασιωπήσῃςς
3739 2057 3836 2113 δτι

540 2153 745 2207 catoris
784 2161 838 2208 et
865 2168 928 2208 os
969 2153 1146 2206 dolosi
1183 2168 1348 2224 super
1377 2169 1462 2207 tne
1505 2162 1752 2221 apertum
1790 2161 1894 2210 est.
1921 2153 2109 2212 Loculi

2222 2160 2394 2231 στόμα
2425 2155 2747 2229 ἀμαρτωλοῦ
2776 2155 2869 2207 καὶ
2901 2153 3073 2224 στόμα
3097 2151 3268 2204 δολίου
3302 2151 3386 2202 ἐπ’
3423 2149 3522 2219 ἐμέ
3549 2147 3830 2219 ἠνοίχθη.

541 2251 671 2298 sunt
721 2243 1010 2298 adversum
1051 2259 1136 2298 me
1181 2243 1366 2315 lingua
1409 2243 1620 2308 dolosa,
1669 2254 1721 2299 et
1768 2246 2109 2301 sermonibus

2231 2249 2532 2320 Ἐλὰλησαν
2578 2249 2699 2301 κατ’
2731 2244 2864 2318 ἐμοῦ
2909 2242 3126 2314 γλώσσῃ
3157 2240 3327 2312 δολία,
3363 2240 3457 2294 καὶ
3487 2240 3677 2309 λόγοις
3719 2237 3830 2311 μί-

540 2333 654 2387 odii
700 2333 1183 2388 circumdederunt
1234 2349 1320 2400 me
1348 2373 1364 2398 ,
1428 2341 1481 2388 et
1523 2345 1974 2404 oppugnaverunt
2025 2352 2109 2392 me

2221 2359 2344 2406 σους
2397 2338 2714 2394 ἐκύκλωσαν
2764 2354 2850 2407 με,
2897 2335 2993 2389 καὶ
3043 2333 3388 2405 ἐπολέμησάν
3445 2348 3510 2403 με
3562 2330 3822 2403 δωρεάν.

540 2428 731 2496 gratis.
763 2424 869 2478 Pro
903 2440 967 2479 eo
999 2431 1056 2477 ut
1087 2440 1171 2478 me
1199 2424 1509 2494 diligerent,
1545 2424 1908 2479 detrahebant
1937 2426 2067 2480 mihi
2093 2445 2107 2494 ;

2232 2434 2378 2486 Ἀντὶ
2407 2431 2501 2486 τοῦ
2532 2432 2751 2501 ἀγαπᾷν
2784 2447 2877 2498 με,
2912 2427 3242 2481 ἐνδιέϐαλλόν
3276 2443 3370 2497 με·
3402 2424 3510 2493 ἐγὼ
3541 2425 3599 2478 δέ
3631 2441 3825 2496 προσ-

538 2531 641 2587 cgo
688 2523 869 2570 autem
910 2515 1154 2569 orabam.
1211 2513 1276 2567 Et
1325 2523 1625 2583 posuerunt
1676 2515 1966 2572 adversum
2026 2532 2109 2572 me

2215 2523 2481 2594 ηυχόμην.
2519 2524 2630 2576 Καὶ
2671 2521 2851 2575 ἔθεντο
2890 2519 3010 2574 κατ’
3041 2517 3175 2589 ἐμοῦ
3214 2517 3361 2572 κακά
3403 2516 3524 2570 ἀντὶ
3550 2516 3815 2584 ἀγαθῶν,

538 2607 679 2660 mala
714 2621 812 2675 pro
835 2604 1015 2666 bonis,
1053 2612 1106 2657 et
1139 2603 1323 2657 odium
1359 2619 1458 2673 pro
1483 2604 1773 2660 dilectione
1797 2621 1937 2660 mea.
1968 2607 2109 2660 Con-

2217 2616 2310 2667 κα“ι
2342 2617 2494 2684 μῖσος
2523 2613 2645 2666 ἀντὶ
2679 2612 2778 2682 τῆς
2809 2608 3135 2681 ἀγαπήσεως
3163 2625 3284 2678 μου.
3313 2605 3676 2675 Κατάστησον
3714 2605 3820 2658 ἐπ’

540 2699 709 2752 stitue
756 2711 921 2767 super
969 2712 1091 2750 eum
1136 2703 1497 2765 peccatorem,
1549 2704 1603 2751 et
1647 2697 1898 2753 diabolus
1939 2706 2043 2754 stet
2079 2715 2109 2752 a

539 2789 750 2843 dextris
795 2789 935 2857 ejus.
968 2786 1104 2841 Dum
1150 2787 1450 2857 iudicatur,
1492 2795 1650 2842 exeat
1686 2789 2108 2854 condemnatus,

539 2889 594 2935 et
626 2881 805 2936 oratio
858 2881 978 2948 ejus
1023 2879 1114 2933 ﬁat
1161 2879 1218 2933 in
1265 2887 1570 2948 peccatum.
1620 2879 1778 2934 Fiant
1823 2881 1942 2936 dies
1989 2882 2109 2951 ejus

544 2974 724 3042 pauci,
757 2979 811 3028 et
838 2974 1210 3044 episcopatum
1241 2972 1359 3042 ejus
1389 2973 1623 3042 accipiat
1649 2973 1784 3028 alter
1805 2974 1872 3029 ⁸⁸.
1905 2994 1924 3026 ι
1953 2973 2109 3040 Quod

539 3069 703 3122 etiam
755 3066 868 3120 htec
913 3065 982 3119 ad
1033 3064 1365 3135 proditorem
1395 3061 1589 3117 Judam
1641 3065 1750 3118 sint
1800 3064 2105 3130 referenda,

2217 2707 2379 2760 αὑτὸν
2409 2705 2750 2777 ἁμαρτωλὸν,
2780 2704 2874 2757 καὶ
2901 2701 3144 2765 διάϐολος
3174 2701 3352 2771 στήτω
3380 2701 3442 2752 ἐκ
3467 2698 3662 2766 δεξιῶν
3697 2700 3812 2752 αὖ·

2214 2797 2333 2851 τοῦ.
2373 2798 2458 2850 Ἐν
2486 2796 2563 2868 τῷ
2595 2794 2873 2867 κρίνεσθαι
2906 2795 3064 2848 αὑτὸν
3092 2791 3294 2857 ἐξέλθοι
3326 2789 3811 2861 καταδεδικασμέ-

2215 2907 2324 2954 νος,
2355 2889 2506 2960 καὶὴ
2540 2887 2812 2959 προσευχὴ
2855 2885 3017 2940 αὐτοῦ
3052 2884 3336 2956 γενηθήτω
3368 2884 3448 2946 εἰς
3491 2882 3808 2954 ἁμαρτίαν.

2214 2980 2599 3052 Γενηθήτωσαν
2633 2981 2689 3035 αἱ
2724 2981 2925 3052 ἡμέραι
2975 2977 3139 3032 αὐτοῦ
3173 2977 3370 3046 ὀλίγαι,
3413 2978 3506 3030 καὶ
3537 2977 3638 3048 τὴν
3675 2976 3809 3031 ἐπι-

2218 3073 2421 3144 σκοπὴν
2450 3072 2613 3128 αύτοῦ
2646 3073 2854 3126 λαϐέτω
2885 3072 3090 3143 ἕτερος.
3128 3090 3146 3122 ι
3179 3071 3287 3123 Καὶ
3308 3069 3406 3140 τῆς
3432 3069 3540 3122 τῶν
3573 3086 3810 3140 προκει-

540 3159 773 3213 idoneus
803 3173 935 3212 sane
965 3165 1084 3210 esto
1111 3155 1267 3211 testis
1295 3155 1577 3224 apostolus
1609 3154 1825 3222 Petrus,
1863 3157 1956 3227 qui
1989 3165 2109 3227 post

2217 3165 2392 3234 μένων
2423 3165 2517 3217 ἐπί
2547 3165 2636 3218 τὸν
2683 3164 2944 3237 προδότην
2985 3163 3181 3217 Ἰούδαν
3213 3159 3490 3234 ἀναφορᾶς
3529 3160 3810 3231 ἐχέγγυος

544 3250 847 3304 Salvatoris
894 3248 1070 3302 nostri
1118 3262 1427 3310 ascensum,
1473 3246 1679 3301 coactis
1739 3247 1793 3300 in
1830 3263 1996 3302 unum
2030 3248 2109 3302 lo-

541 3359 666 3396 cum
697 3341 961 3410 apostolis
984 3340 1260 3403 omnibns,
1285 3340 1515 3408 aliisque
1551 3339 1970 3408 quamplurimis
1998 3339 2111 3393 ira--

541 3433 739 3500 tribus,
773 3433 829 3486 in
872 3431 1064 3487 mediis
1103 3432 1208 3486 illis
1243 3431 1393 3485 stetit
1443 3438 1606 3500 atque
1650 3432 1724 3484 ait
1756 3450 1768 3484 :
1801 3449 1818 3480 ι
1857 3429 1966 3485 Viri
2000 3431 2112 3485 fra»

541 3537 678 3590 tres,
711 3525 952 3594 oportuit
981 3524 1190 3593 impleri
1227 3521 1564 3592 Scripturam
1587 3522 1750 3586 hanc,
1781 3538 1946 3592 quam
1971 3539 2111 3592 pra:-

542 3619 680 3672 dixit
723 3616 960 3686 Spiritus
1008 3627 1231 3671 sanctus
1272 3631 1369 3685 per
1398 3630 1460 3670 os
1509 3613 1680 3668 David
1722 3615 1789 3669 de
1819 3614 1979 3679 Juda,
2016 3617 2109 3686 qui

547 3710 646 3764 fuit
675 3710 786 3765 dux
821 3724 1008 3764 eorum
1034 3708 1126 3777 qui
1170 3705 1700 3776 comprehenderunt
1725 3703 1948 3771 Jesutn;
1983 3707 2110 3776 quia

542 3810 864 3857 numeratus
906 3807 1023 3854 erat
1054 3797 1366 3863 nobiscum,
1407 3806 1462 3853 et
1500 3799 1729 3853 sortitus
1758 3806 1876 3854 erat
1908 3807 2109 3853 sortem

542 3893 838 3950 ministerii
887 3893 1074 3962 hujus.
1123 3890 1223 3945 llic
1276 3891 1442 3961 igitur
1501 3890 1742 3960 possedit
1804 3905 1994 3961 agrum
2044 3891 2112 3945 de

542 3985 794 4042 mercede
839 3983 1123 4054 injustitias
1151 3998 1264 4038 sua:
1290 4001 1302 4036 :
1326 3992 1380 4037 et
1409 3997 1711 4051 suspensus
1739 3983 1952 4052 crepuit
2000 3997 2112 4037 me-

542 4077 688 4141 dius,
738 4084 789 4130 et
828 4074 998 4130 ell'usa
1051 4081 1178 4130 sunt
1223 4075 1406 4129 omnia
1454 4075 1667 4129 viscera
1696 4073 1834 4142 ejus.
1862 4071 2113 4144 475Ει

541 4177 730 4224 notum
785 4167 986 4221 factum
1042 4173 1124 4221 est
1179 4166 1435 4220 omnibus
1478 4165 1851 4220 habitantibus
1891 4164 2114 4219 Jerusa«

541 4259 688 4314 lem:
721 4259 794 4313 ita
847 4267 905 4313 ttt
956 4259 1319 4329 appellaretur
1362 4272 1491 4328 ager
1537 4256 1628 4312 ille
1674 4256 1858 4326 lingua
1898 4270 2109 4322 eorum,

540 4351 932 4415 Akeldamacb,
964 4350 1068 4404 hoc
1097 4359 1201 4412 est,
1231 4351 1372 4420 Ager
1390 4349 1685 4418 sanguinis.
1721 4347 2000 4419 Scriptum
2030 4353 2113 4402 est

541 4443 685 4499 enim
717 4442 771 4496 in
802 4442 943 4497 libro
973 4440 1351 4495 Psalmorum:
1384 4459 1402 4491 ι
1431 4439 1554 4495 Fiat
1590 4439 1949 4495 commoratio
1991 4438 2112 4508 ejus

2215 3255 2423 3326 μάρτυς
2451 3257 2479 3307 ὁ
2521 3256 2814 3320 ἀπόστολος
2846 3255 3069 3328 Πέτρος,
3107 3253 3245 3326 μετά
3278 3252 3373 3325 τὴν
3413 3251 3506 3305 τοῦ
3541 3250 3808 3321 Σωτῆρος

2211 3349 2367 3419 ήμῶν
2400 3348 2662 3418 ἀνάληψιν
2712 3348 3062 3420 συνηγμένων
3099 3346 3206 3402 τῶν
3239 3345 3548 3401 ἀποστόλων
3574 3343 3806 3397 πάντων

2214 3440 2310 3492 σὺν
2356 3440 2448 3491 καὶ
2491 3439 2671 3505 ἄλλοις
2719 3440 2956 3493 πλείοσιν
2997 3439 3265 3509 ἀδελφοῖς,
3322 3436 3484 3509 μέσος
3532 3434 3803 3498 ἀναστὰς,

2211 3531 2305 3583 καὶ
2336 3530 2504 3584 ταῦτα
2538 3533 2711 3602 φήσας
2734 3549 2748 3562 ι
2791 3551 2809 3583 ι
2844 3532 3068 3603 ’Ἄνδρες
3102 3531 3339 3601 ἀδελφοὶ,
3370 3530 3474 3583 ἔδει
3505 3526 3804 3600 πληρωθῆ-

2211 3640 2297 3676 ναι
2331 3623 2426 3694 τὴν
2460 3625 2498 3676 Γ
2505 3625 2698 3695 ραφὴν,
2731 3625 2796 3696 ἦν
2829 3627 3054 3697 προεῖπε
3079 3622 3140 3675 τὸ
3170 3621 3393 3692 Πνεῦμα
3423 3621 3484 3673 τὸ
3516 3621 3675 3689 ἅγιον
3706 3617 3806 3672 διὰ

2215 3714 2478 3785 στόματος
2527 3715 2690 3767 Δαϐὶδ
2732 3717 2859 3786 περὶ
2898 3714 3066 3768 Ἰούδα
3108 3713 3201 3767 τοῦ
3249 3714 3536 3784 γενομένου
3595 3710 3800 3782 ὁδηγοῦ

2213 3807 2323 3868 τοῖς
2360 3805 2706 3858 συλλαϐοῦσιν
2750 3805 2954 3878 Ἰησοῦν
2987 3806 3068 3859 ὅτι
3107 3804 3588 3875 κατηριθμημένος
3623 3799 3691 3874 ἦν
3736 3806 3801 3857 ἐν

2211 3897 2370 3966 ἡμῖν,
2407 3896 2499 3950 καὶ
2533 3895 2689 3966 ἔλαχε
2718 3897 2811 3950 τὸν
2861 3896 3061 3968 κλῆρον
3093 3897 3193 3967 τῆς
3239 3895 3514 3958 διακονίας
3563 3895 3796 3966 ταύτης.

2213 3980 2380 4051 Οὗτος
2414 3988 2511 4058 μὲν
2538 3984 2631 4041 οὖν
2660 3989 2924 4060 ἐκτήσατο
2961 3988 3159 4059 χωρίον
3205 3989 3270 4041 ἐκ
3307 3985 3500 4058 μισθοῦ
3534 3987 3633 4057 τῆς
3673 3986 3796 4039 ἀδι-

2212 4079 2335 4142 κίας
2365 4078 2552 4145 αὑτοῦ,
2601 4081 2696 4133 καὶ
2736 4079 2946 4152 πρηνὴς
2990 4079 3279 4149 γενόμενος
3323 4077 3554 4148 ἐλάκησε
3605 4077 3800 4147 μέσος,

2214 4171 2306 4222 καὶ
2329 4169 2554 4242 ἐξεχύθη
2590 4172 2766 4226 πάντα
2789 4171 2857 4224 τὰ
2887 4170 3172 4241 σπλάγχνα
3198 4169 3381 4223 αὐτοῦ.
3412 4170 3521 4222 Καὶ
3550 4169 3798 4238 γνωστὸν

2215 4263 2432 4330 ἐγένετο
2483 4265 2616 4316 πᾶσι
2661 4266 2774 4325 τοῖς
2817 4262 3158 4316 κατοικοῦσιν
3213 4259 3601 4332 Ἰερουσαλὴμ,
3648 4258 3794 4312 ὥστε

2213 4353 2478 4424 κληθῆναι
2509 4354 2570 4408 τὸ
2599 4354 2798 4427 χωρίον
2841 4355 3016 4406 ἐκεῖνο
3042 4356 3110 4425 τῇ
3157 4353 3264 4425 ἰδίᾳ
3294 4352 3558 4422 διαλέκτῳ
3609 4351 3794 4404 αὐτῶν

2227 4444 2586 4515 Ἀκελδαμάχ,
2616 4446 2643 4497 ὃ
2672 4446 2787 4498 ἐστι
2819 4445 3031 4515 Χωρίον
3064 4445 3312 4516 αἵματος.
3347 4444 3658 4515 Γέγραπται
3680 4443 3794 4513 γὰρ

541 4535 779 4597 deserta,
811 4543 866 4591 et
912 4551 1022 4589 non
1055 4535 1125 4590 sit
1150 4533 1247 4604 qui
1282 4533 1489 4589 habitet
1520 4534 1575 4587 in
1604 4547 1690 4598 ea,
1731 4542 1786 4589 et
1823 4532 2109 4602 episcopa-

2213 4535 2270 4587 ἐν
2294 4534 2460 4607 βίϐλῳ
2487 4535 2751 4607 Ψαλμῶν·
2792 4555 2810 4588 ι
2835 4535 3120 4608 Γενηθήτω
3151 4538 3186 4608 ή
3215 4535 3439 4599 ἔπαυλις
3468 4533 3634 4589 αὐτοῦ
3657 4535 3790 4607 ἔρη-

543 4637 655 4683 tum
690 4629 812 4698 ejus
848 4627 1081 4696 accipiat
1114 4627 1252 4681 alter
1274 4626 1342 4681 ”.
1375 4644 1394 4678 ι
1429 4615 1628 4680 Petrus
1656 4640 1786 4681 vero
1822 4640 1950 4680 cum
1981 4624 2107 4680 talia

541 4722 791 4787 dixisset,
846 4720 1078 4791 subjecit
1134 4719 1188 4773 in
1246 4719 1424 4772 locum
1476 4716 1629 4772 Iuda:
1691 4719 1855 4772 alium
1903 4715 2109 4772 assumi

541 4823 825 4886 oportere,
875 4827 984 4882 quo
1043 4809 1328 4866 duodecim
1393 4809 1763 4879 apostolorum
1806 4823 2105 4873 numerus,

540 4905 634 4976 qui
675 4903 981 4958 diminutas
1028 4901 1223 4966 fuerat,
1273 4903 1658 4971 compleretur,
1712 4907 1769 4953 ut
1821 4899 2109 4970 prophetia

543 5013 700 5052 suum
733 4997 892 5052 ﬁnem
926 4996 1286 5067 contingeret.
1339 4995 1458 5060 Quo
1504 4993 1667 5048 etiam
1698 5000 1943 5063 tempore
1983 5008 2109 5048 cum

543 5109 664 5150 sors
686 5093 834 5163 jacta
861 5097 1026 5153 esset,
1056 5105 1118 5144 ea
1147 5088 1342 5142 cecidit
1367 5101 1532 5156 super
1571 5084 1872 5150 Matthiam,
1896 5093 1950 5140 et
1972 5099 2108 5140 con-

543 5194 862 5240 numeratus
889 5190 972 5238 est
1005 5198 1126 5238 cum
1163 5179 1451 5235 duodecim
1483 5178 1767 5250 apostolis.
1811 5175 1946 5232 Cum
1991 5178 2106 5234 haec

546 5276 711 5347 igitur
753 5275 806 5329 in
844 5275 991 5330 hunc
1041 5273 1259 5328 modum
1309 5279 1528 5343 peracta
1574 5271 1704 5334 sint,
1752 5270 2001 5341 sequitur
2045 5278 2106 5324 ut

546 5381 838 5438 personam
873 5381 994 5436 quae
1023 5365 1077 5418 in
1122 5365 1225 5419 hoc
1261 5363 1474 5434 psalmo
1513 5362 1778 5433 loquitur,
1814 5375 1924 5416 non
1945 5361 2109 5415 aliam

545 5467 669 5506 esse
698 5452 1047 5515 arbitremur,
1074 5467 1238 5523 quam
1269 5450 1569 5506 Salvatoris
1604 5450 1802 5514 nostri,
1835 5449 1930 5520 qui
1969 5451 2113 5505 assi-

547 5551 764 5614 gnatam
805 5543 908 5598 sibi
937 5559 966 5598 a
992 5543 1154 5600 Patre
1198 5544 1302 5600 sub
1347 5545 1522 5614 ipsum
1571 5543 1848 5614 passionis
1894 5549 2110 5614 tempus

547 5637 871 5703 orationem,
907 5636 1124 5708 publica
1171 5646 1323 5692 tanto
1355 5643 1482 5692 ante
1533 5651 1630 5706 per
1679 5635 1943 5708 Spiritum
1984 5649 2113 5692 san-

2217 4644 2334 4698 μος,
2365 4627 2457 4680 καὶ
2493 4624 2568 4697 μὴ
2602 4625 2740 4678 ἔστω
2766 4627 2795 4679 ό
2819 4625 3087 4679 κατοικῶν
3119 4628 3174 4680 ἐν
3217 4626 3377 4697 αὐτῇ,
3413 4626 3507 4679 καὶ
3538 4626 3636 4696 τὴν
3669 4629 3794 4678 ἐπι·

2214 4716 2420 4789 σκοπὴν
2444 4715 2610 4770 αὑτοῦ
2643 4715 2852 4770 λαϐέτω
2879 4717 3082 4788 ἕτερος.
3119 4736 3138 4769 ι
3166 4717 3352 4771 Ταῦτα
3377 4716 3505 4786 γοῦν
3529 4718 3556 4769 ὁ
3585 4717 3793 4788 Πέτρος

2213 4807 2380 4860 εἰπὼν
2412 4807 2723 4862 ὑποτίθεται
2763 4808 2947 4881 ἕτερον
2979 4810 3099 4863 ἀντὶ
3130 4808 3224 4863 τοῦ
3263 4808 3432 4862 Ἰούδα
3470 4808 3579 4861 δεῖν
3607 4825 3792 4879 παρα-

2213 4900 2395 4954 λαϐεῖν
2424 4901 2504 4964 εἰς
2534 4901 2624 4954 τὸν
2653 4900 2906 4955 λείποντα
2936 4901 3045 4956 τῶν
3076 4900 3280 4955 δώδεκα
3333 4901 3646 4955 ἀποστόλων
3667 4901 3791 4971 ἀρι-

2213 4990 2368 5063 θμὸν,
2402 4993 2548 5055 ὅπως
2580 4992 2836 5065 πληρωθῇ
2870 4993 2932 5047 τὸ
2963 4993 3061 5064 τῆς
3083 4993 3436 5064 προφητείας.
3469 4993 3618 5056 Ὅτε,
3649 4992 3790 5063 κλή-

2213 5101 2306 5156 ρου
2355 5084 2666 5156 γενομένου,
2704 5085 2896 5139 ἔπεσεν
2927 5087 2955 5138 ὁ
2992 5085 3192 5157 κλῆρος
3234 5085 3327 5138 ἐπὶ
3369 5084 3638 5147 Ματθίαν,
3691 5084 3790 5138 καὶ

2214 5177 2692 5250 συγκατεψηφίσθη
2729 5178 2867 5248 μετά
2893 5176 2999 5231 τῶν
3042 5177 3247 5231 δώδεκα
3278 5177 3610 5231 ἀποστόλων.
3648 5177 3788 5229 Τού-

2210 5285 2318 5321 των
2338 5268 2509 5332 οὕτως
2533 5268 2976 5333 ἐκτελεσθέντων,
3006 5269 3312 5333 ἀκολούθως
3341 5269 3406 5322 ἂν
3429 5268 3512 5342 εἴη
3547 5269 3607 5322 τὸ
3629 5267 3788 5336 λέγον

2208 5363 2268 5414 ἐν
2310 5359 2388 5430 τῷ
2439 5359 2636 5431 ψαλμῷ
2687 5361 2974 5431 πρόσωπον
3013 5361 3111 5432 οὐχ
3163 5361 3347 5432 ἕτερον
3386 5359 3480 5413 τοῦ
3531 5359 3788 5430 Σωτῆρος

2209 5452 2388 5524 ἡμῶν,
2422 5453 2480 5517 ὃς
2511 5451 2588 5523 τῷ
2628 5453 2801 5526 Πατρὶ
2830 5453 2926 5525 τὴν
2957 5453 3406 5524 ἀναπεμφθεῖσαν
3439 5450 3586 5522 αὐτῷ
3633 5450 3791 5522 παρά

2209 5545 2301 5598 τὸν
2324 5543 2418 5597 τοῦ
2449 5543 2651 5608 πάθους
2678 5544 2866 5617 καιρὸν
2898 5545 3063 5616 εὐχὴν
3085 5545 3181 5617 τῆς
3206 5544 3293 5599 διὰ
3322 5543 3412 5598 τοῦ
3432 5543 3588 5612 ἁγίου
3614 5541 3784 5594 Πνεύ-

2217 5657 2384 5710 ματος
2429 5639 2750 5710 ἀναγραφῆς
2795 5636 3080 5710 προλαϐὼν
3129 5635 3448 5707 κατηξίωσε,
3489 5634 3548 5688 τὸ
3591 5633 3791 5706 μέλλον

622 5819 666 5854 ³³
713 5817 852 5875 Psal.
888 5834 998 5884 xm,
1043 5816 1124 5872 l7.
1204 5818 1248 5849 ”
1287 5815 1417 5873 ibid.
1450 5814 1651 5882 2l,22.
1730 5817 1772 5849 ⁸⁸
1813 5815 1956 5872 Psal.
1993 5831 2154 5878 cvm,
2190 5814 2305 5870 2-8.
2382 5815 2426 5846 ³⁸
2466 5813 2584 5870 Act.
2624 5831 2671 5881 I,
2711 5813 2896 5871 16—20.
