4106 6420
281 359 393 416 73⁸1

1169 361 1824 420 DEMONSTRATIONIS
1865 362 2325 419 EVANGELICIE
2367 361 2585 420 LIB.X.

3433 360 3540 420 738

282 473 416 548 περὶ
447 473 612 529 αὐτοῦ
647 473 1022 547 συμϐήσεσθαι
1054 475 1336 543 θεσπίσας.
1372 477 1538 550 Φησὶν
1570 474 1699 533 οὖν·
1738 498 1756 531 ι
1807 480 1852 533 'C

1965 489 2112 534 ctum
2147 479 2519 550 descriptione
2560 479 2838 550 dignatus,
2872 479 3019 550 quod
3067 479 3172 536 sibi
3209 495 3310 535 usu
3354 488 3544 538 ventu-

279 570 439 634 Θεὸς,
478 570 578 641 τὴν
610 569 815 624 αῐνεσίν
853 587 953 642 μου
993 569 1066 642 μὴ
1095 572 1552 643 παρασιωπήσῃς,
1581 591 1600 622 ι
1635 570 1734 643 τὴν
1766 571 1857 625 ὐπ’

279 661 449 718 αὐτοῦ
495 661 884 734 παραδοθεῖσαν
927 666 1040 728 τοῖς
1080 663 1244 717 αὐτοῦ
1298 663 1566 736 μαθηταῖς
1608 663 1860 719 διδασκα-

278 756 424 821 λίαν,
457 756 553 811 καὶ
575 756 676 826 τῆς
705 755 900 826 καινῆς
926 756 1202 830 Διαθήκης
1231 758 1330 829 τὴν
1369 757 1573 812 αἴνεσιν
1605 775 1858 831 παρακα-

276 846 392 902 λῶν
447 849 522 920 μὴ
576 849 1060 920 κατασιγασθῆναι,
1121 849 1255 904 ἀλλά
1310 851 1404 904 καὶ
1456 852 1535 914 είς
1583 851 1676 904 τὸν
1733 851 1860 922 ἐξῆς

279 938 496 995 ἅπαντα
528 941 697 994 αἰῶνα
730 931 1066 1014 παραμεῖναι
1089 941 1166 1014 τῷ
1199 943 1316 1015 βίῳ.
1357 963 1375 994 ι
1400 943 1582 1014 Στόμα
1602 942 1658 996 δὲ
1685 944 1860 1017 ἀμαρ-

275 1033 451 1087 τωλοῦ
488 1034 580 1086 καὶ
613 1034 786 1105 στόμα
815 1034 984 1090 δολίου
1024 1055 1043 1088 ι
1069 1036 1274 1108 κυρίως
1323 1035 1390 1090 ἂν
1422 1035 1634 1106 λεχθείη
1667 1036 1726 1089 τὸ
1763 1035 1856 1090 τοῦ

290 1125 480 1190 Ἰούδα,
515 1126 574 1189 ὃς
617 1126 902 1199 πορευθεὶς
933 1129 1069 1200 πρὸς
1113 1129 1239 1192 τοὺς
1270 1129 1543 1202 ἀρχιερεῖς
1571 1125 1724 1182 εἶπεν
1762 1131 1858 1182 αὐ-

274 1221 389 1283 τοῖς
412 1237 426 1250 ο
466 1239 485 1272 ι
520 1220 585 1273 Τί
617 1220 797 1275 θέλετέ
826 1239 916 1292 μοι
944 1222 1146 1286 δοῦναι,
1181 1219 1338 1290 κάγὼ
1377 1223 1504 1292 ὑμῖν
1549 1220 1856 1294 παραδώσω

275 1312 440 1366 αὐτόν
465 1329 480 1375 ς
507 1314 568 1366 Οἱ
597 1314 653 1367 δὲ
677 1313 908 1386 ἔστησαν
933 1313 1081 1386 αὐτῷ
1107 1315 1399 1388 τριάκοντα
1426 1314 1717 1386 στατῆρας.
1746 1315 1856 1369 Καὶ

275 1403 385 1456 ἀπὸ
416 1404 537 1457 τότε
565 1403 744 1477 ἐζήτει
774 1406 1079 1480 εὐκαιρίαν,
1107 1409 1191 1460 ἵνα
1219 1407 1380 1461 αὐτὸν
1407 1406 1686 1478 παραδῷ.»
1732 1407 1852 1460 Τοι-

274 1490 418 1550 αὐτα
440 1495 571 1566 γοῦν
599 1499 720 1551 κατ’
764 1497 927 1551 αὐτοῦ
975 1499 1317 1570 συνθέμενος,
1352 1492 1432 1562 εἷς
1469 1495 1536 1569 ἦν
1576 1497 1685 1553 τῶν
1720 1498 1856 1569 μετὰ

273 1585 449 1640 ταῦτα
482 1589 575 1642 σὺν
609 1587 754 1660 σύτῷ
785 1590 1156 1661 ἀνακειμένων
1185 1593 1241 1644 ἐν
1262 1591 1338 1663 τῷ
1364 1591 1460 1645 τοῦ
1490 1591 1683 1664 Πάσχα
1717 1609 1855 1662 συμ-

276 1681 478 1749 ποσίῳ,
509 1681 594 1732 ὅτε
630 1682 724 1734 καὶ
753 1682 914 1746 αὐτὸς
948 1684 976 1736 6
1019 1682 1208 1754 Σωτὴρ
1239 1683 1394 1753 ἡμῶν
1431 1683 1675 1737 ἀνέκειτο
1717 1682 1853 1753 μετά

273 1771 383 1825 τῶν
437 1771 662 1836 δώδεκα,
714 1773 998 1828 ἐσθιόντων
1046 1793 1104 1828 τε
1157 1774 1334 1829 αὐτῶν
1377 1772 1561 1829 εἶπεν·
1620 1796 1638 1827 ε
1683 1776 1852 1849 Ἀμὴν

1967 587 2086 626 rum
2109 581 2248 636 erat,
2271 573 2490 628 cecinit.
2521 572 2611 626 Ait
2631 573 2807 642 igitur
2832 593 2846 628 :
2878 593 2896 624 ‹
2929 573 3099 636 Deus.
3124 573 3338 629 laudem
3363 589 3543 630 meam

1966 678 2034 718 ne
2077 663 2353 718 tacueris:
2390 681 2408 713 ι
2443 663 2535 717 ubi
2571 664 2826 718 videlicet
2871 664 3176 719 doctrinam
3229 680 3394 735 quam
3425 667 3544 735 ipso

1967 751 2084 807 suis
2111 751 2396 822 discipulis
2431 751 2619 816 tradit,
2660 764 2714 806 et
2763 752 2978 808 laudem
3021 755 3147 808 novi
3177 753 3540 820 Testamenti,

1965 863 2076 902 non
2119 862 2243 902 esse
2275 847 2625 916 premendam
2677 846 2896 901 silentio
2943 846 3288 914 exhortatur,
3348 846 3442 902 sed
3485 847 3542 902 in

1965 954 2127 995 omne
2170 939 2414 993 futurum
2461 954 2637 993 tevum
2683 938 2751 991 ad
2790 938 2913 992 vitae
2959 936 3210 992 humanae
3245 939 3539 994 utilitatem

1965 1046 2303 1104 permanere.
2343 1050 2360 1082 ι
2381 1029 2455 1085 Os
2485 1041 2665 1086 autem
2690 1031 3020 1101 peccatoris,
3041 1039 3094 1086 et
3116 1046 3179 1086 os
3197 1031 3394 1097 dolosi,
3418 1050 3440 1085 ι
3477 1046 3542 1087 os

1966 1125 2138 1195 ipsius
2176 1122 2331 1179 Iudae
2389 1124 2610 1194 pr0prie
2660 1123 3023 1178 nominaverit
3071 1124 3384 1194 quispiam,
3447 1125 3540 1194 qui

1965 1231 2088 1270 cum
2136 1216 2361 1271 abiisset
2395 1216 2461 1270 ad
2499 1216 2776 1286 principes
2827 1215 3197 1282 sacerdotum,
3245 1217 3328 1271 eis
3357 1217 3538 1271 dixit:

1969 1328 1988 1360 ε
2025 1310 2165 1376 Quid
2188 1310 2352 1365 vultis
2382 1309 2516 1364 mihi
2549 1309 2702 1373 dare,
2733 1315 2788 1363 et
2819 1324 2920 1378 ego
2951 1325 3075 1362 eum
3103 1309 3256 1365 vobis
3289 1309 3499 1364 tradam
3521 1308 3547 1362 Ἰ

1963 1403 2031 1457 At
2064 1404 2141 1457 illi
2170 1404 2582 1458 constituerunt
2609 1403 2660 1457 ei
2694 1403 2918 1473 triginta
2954 1410 3206 1456 stateres.
3239 1401 3304 1455 Et
3341 1418 3408 1457 ex
3449 1401 3545 1455 illo

1962 1497 2239 1567 quaerebat
2293 1498 2663 1561 occasionem,
2703 1506 2762 1549 ut
2805 1495 2959 1548 illum
3003 1495 3088 1549 eis
3134 1495 3390 1565 proderet
3417 1494 3486 1549 ⁸⁷.
3517 1512 3540 1546 ι

1961 1586 2097 1642 Cum
2149 1602 2282 1656 ergo
2328 1587 2456 1641 talia
2499 1594 2694 1640 contra
2730 1586 2880 1639 illum
2916 1587 3140 1641 molitus
3184 1597 3350 1647 esset,
3397 1601 3543 1640 unus

1961 1688 2151 1748 postea
2195 1679 2296 1733 fuit
2328 1693 2393 1733 ex
2443 1678 2512 1734 iis
2560 1678 2812 1747 quicum
2859 1677 2954 1730 illo
3001 1677 3055 1730 in
3089 1677 3337 1747 paschali
3382 1692 3541 1732 cceua

1962 1766 2360 1830 accubuerunt,
2387 1783 2498 1838 quo
2532 1776 2776 1837 tempore
2809 1767 2925 1837 ipse
2955 1783 3172 1837 quoque
3197 1766 3450 1822 Salvator
3477 1782 3543 1821 ac

273 1863 424 1935 ἀμὴν
455 1864 595 1933 λέγω
625 1867 770 1936 ὑμῖν,
819 1868 898 1921 ὅτι
933 1864 1014 1930 εἷς
1058 1867 1115 1934 ἐξ
1167 1868 1321 1939 ὑμῶν
1353 1867 1664 1941 παραδώσει
1701 1887 1788 1940 με.
1831 1889 1848 1920 ι

1960 1856 2224 1912 Dominus
2254 1867 2438 1912 noster
2471 1859 2829 1912 accumbebat
2871 1873 2976 1911 una
3009 1874 3132 1912 cum
3170 1858 3306 1928 ipsis
3334 1859 3542 1915 duode-

272 1956 386 2008 Καὶ
419 1955 744 2026 λυπούμενοι
775 1958 977 2029 σφόδρα
1023 1958 1256 2029 ἤρξαντο
1286 1957 1464 2026 λέγειν
1497 1958 1726 2021 ἕκαστος
1754 1959 1854 2012 αὐ-

270 2045 383 2098 τῶν
407 2063 422 2076 ·
463 2065 480 2097 ί
514 2048 656 2119 Μήτι
688 2047 798 2116 ἐγώ
830 2051 964 2120 εἰμι,
995 2049 1197 2120 Κύριε;
1243 2069 1260 2100 ι
1300 2050 1356 2101 ἐν
1389 2044 1468 2113 οἷς
1498 2045 1567 2120 ἦν
1597 2050 1691 2103 καὶ
1726 2049 1857 2102 Ἰού-

270 2136 393 2202 δας,
429 2139 507 2202 ὅς,
536 2140 596 2193 τὸ
628 2140 832 2212 πλῆρες
864 2142 1065 2206 παντὸς
1097 2141 1246 2195 δόλου
1280 2142 1372 2195 καὶ
1396 2142 1676 2214 εἰρωνείας
1711 2142 1856 2196 ἀνοί-

273 2230 373 2295 ξας
427 2230 620 2301 στόμα,
673 2232 988 2304 ἀποκριθεὶς
1052 2229 1232 2287 εἶπεν·
1306 2253 1322 2284 ι
1363 2235 1508 2306 Μήτι
1571 2233 1682 2304 ἐγώ
1715 2238 1850 2306 εἰμι,

284 2320 511 2388 Ῥαϐϐί;
557 2342 573 2374 ι
607 2322 787 2376 Δόλιον
817 2324 1010 2394 στόμα,
1045 2323 1113 2377 δι’
1140 2317 1200 2377 οὐ
1232 2324 1294 2377 τὸ
1337 2327 1562 2396 σημεῖον
1596 2327 1706 2388 τοῖς
1734 2328 1855 2379 ἐπι-

273 2411 486 2477 ϐούλοις
515 2413 606 2467 τοῦ
639 2415 888 2486 Σωτῆρος
917 2419 949 2487 ή
960 2416 1074 2485 μῶν
1103 2415 1310 2487 ἐδήλου,
1340 2416 1512 2484 λέγων
1535 2431 1550 2447 ο
1587 2434 1606 2467 ι
1641 2416 1736 2469 Ὃν
1758 2415 1856 2470 ἐὰν

273 2501 506 2573 φιλήσω,
544 2502 706 2567 αὐτός
747 2504 898 2556 ἐστι·
935 2506 1244 2576 κρατήσατε
1280 2504 1441 2559 αὐτόν
1468 2523 1481 2536 ·
1519 2525 1539 2558 ι
1576 2506 1604 2560 6
1645 2507 1738 2560 καὶ
1778 2507 1855 2559 εἰ-

273 2593 412 2657 πὼν,
445 2594 590 2667 ἔργῳ
628 2595 719 2649 τὸν
758 2595 906 2650 δόλον
931 2596 1270 2670 ἀπεπλήρου,
1304 2599 1390 2651 ὅτε
1433 2597 1744 2670 προσελθὼν
1776 2599 1854 2671 τῷ

286 2686 485 2757 Ἰησοῦ,
538 2683 688 2741 εἶπεν
729 2687 908 2759 αὐτῷ’
953 2708 970 2740 ι
1016 2690 1208 2760 Χαῖρε,
1250 2691 1469 2744 Ῥαϐϐί·
1505 2693 1597 2746 καὶ
1632 2694 1854 2762 κατεφί-

273 2777 437 2847 λησεν
485 2780 665 2833 αὐτόν.
708 2782 765 2834 Ὀ
795 2781 851 2835 δὲ
895 2782 1101 2852 ’ῐησοῦς
1144 2778 1295 2836 εἶπεν
1326 2782 1507 2854 αὐτῷ·
1549 2803 1567 2836 ι
1617 2785 1851 2857 Ἑταῖρε,

275 2870 360 2938 ἐφ’
388 2863 432 2937 ᾧ
467 2873 663 2942 πάρεις
703 2892 719 2924 ι
774 2874 866 2926 καὶ
911 2874 1069 2928 πάλιν
1095 2891 1108 2904 ·
1166 2894 1182 2925 ι
1227 2873 1416 2938 Ἰούδα,
1467 2875 1730 2948 φιλήματι
1763 2877 1854 2932 τὸν

279 2963 404 3016 Υἱὸν
432 2963 525 3017 τοῦ
555 2965 839 3037 ἀνθρώπου
869 2968 1178 3040 παραδίδως
1203 2985 1248 3033 ;›
1267 2971 1482 3023 Τούτων
1509 2971 1551 3023 δ’
1574 2967 1665 3025 οὖν
1693 2971 1853 3024 ἕνεκα

277 3055 562 3126 προλαϐὼν
605 3058 693 3112 διὰ
737 3059 830 3113 τοῦ
877 3061 1092 3132 ψαλμοῦ
1140 3079 1341 3132 φησιν’
1408 3081 1426 3114 ‹
1497 3064 1616 3117 Ὅτι
1680 3065 1854 3135 στόμα

277 3149 598 3221 ἀμαρτωλού
626 3152 717 3204 καὶ
765 3153 936 3224 στόμα
968 3154 1139 3208 δολίου
1168 3156 1254 3208 ἐπ’
1285 3156 1384 3226 ἐμὲ
1413 3155 1656 3229 ἠνοίχθη.
1703 3157 1854 3210 Ἐλά-

1957 1951 2085 2014 cim,
2126 1951 2219 2020 qui
2271 1951 2436 2005 etiam
2481 1949 2897 2005 comedentibus
2941 1951 3050 2004 illis
3093 1951 3273 2004 dixit:
3313 1969 3330 2002 ι
3363 1949 3541 2005 Amen

1957 2056 2114 2097 amen
2173 2042 2296 2098 dico
2348 2042 2548 2106 vobis,
2601 2042 2744 2113 quod
2801 2058 2943 2097 unus
2995 2050 3239 2097 vestrum
3288 2058 3376 2098 me
3437 2051 3545 2096 tra-

1955 2134 2066 2190 det.
2103 2157 2121 2189 »
2158 2135 2225 2190 Et
2254 2138 2383 2191 dum
2426 2135 2582 2191 valde
2634 2137 3060 2200 contristantur,
3095 2144 3384 2207 coeperunt
3423 2137 3542 2191 sin-

1957 2228 2067 2298 guli
2111 2227 2294 2283 dicere
2336 2248 2355 2280 ι
2384 2248 2396 2283 :
2423 2228 2680 2299 Nunquid
2723 2244 2825 2298 ego
2861 2245 3014 2292 sum,
3057 2227 3390 2284 Domine"?
3421 2249 3438 2281 ι
3481 2229 3541 2284 in

1955 2321 2158 2391 quibus
2199 2329 2320 2378 erat
2361 2323 2524 2376 etiam
2553 2320 2748 2388 Judas,
2785 2321 2879 2391 qui
2930 2337 3055 2374 cum
3093 2323 3273 2376 omnis
3318 2321 3430 2376 doli
3476 2338 3542 2378 ac

1956 2411 2322 2466 simulationis
2385 2411 2604 2482 plenum
2653 2425 2715 2466 os
2765 2412 3070 2482 aperuisset
3118 2412 3433 2481 respondit,
3476 2427 3542 2467 ac

1956 2502 2142 2558 dixit:
2188 2520 2206 2555 ι
2236 2501 2494 2574 Nunquid
2539 2519 2641 2574 ego
2702 2517 2857 2566 sum,
2910 2500 3186 2556 Rabbi”?
3215 2522 3234 2555 ι
3279 2502 3539 2559 Dolosum

1955 2609 2084 2663 ergo
2103 2608 2187 2658 os,
2213 2608 2322 2664 quo
2345 2593 2761 2649 insidiatoribus
2790 2591 3093 2647 Salvatoris
3117 2594 3292 2648 nostri
3321 2594 3537 2664 signum

1954 2687 2266 2757 proposuit,
2305 2687 2496 2742 dicens
2524 2705 2536 2741 :
2570 2705 2588 2738 ι
2625 2687 3022 2757 Quemcunque
3042 2688 3326 2744 osculatus
3357 2688 3535 2753 fuero,

1958 2779 2075 2850 ipse
2103 2789 2208 2844 est,
2243 2789 2421 2835 tenete
2449 2796 2572 2835 eum
2601 2782 2666 2835 ⁶⁰.
2703 2800 2720 2832 ι
2757 2779 2914 2846 Quod
2942 2797 3067 2835 cum
3091 2781 3322 2836 dixisset
3345 2782 3534 2847 verbo,

1957 2886 2016 2926 re
2069 2886 2288 2941 quoque
2338 2873 2454 2941 ipsa
2503 2871 2689 2926 dolum
2739 2873 3070 2946 complevit,
3126 2889 3237 2944 quo
3283 2873 3540 2931 videlicet

1957 2975 2201 3038 tempore
2269 2983 2392 3022 cum
2450 2969 2518 3022 ad
2576 2968 2763 3024 Jesum
2822 2973 3174 3035 accessisset,
3229 2971 3367 3026 dixit
3429 2972 3536 3028 ei:

1963 3059 2175 3122 «Salve,
2201 3057 2374 3114 Rabbi
2399 3079 2414 3115 :
2443 3071 2496 3116 et
2523 3062 2806 3118 osculatus
2831 3072 2915 3118 est
2937 3079 3062 3119 eum
3084 3065 3150 3119 “.
3176 3083 3195 3117 ι
3219 3063 3382 3122 Jesus
3408 3082 3543 3122 vero

1960 3150 2026 3205 ad
2077 3152 2230 3206 illum
2276 3151 2416 3206 dixit
2446 3171 2459 3208 :
2489 3170 2508 3204 ι
2541 3151 2770 3218 Amice,
2827 3154 2895 3209 ad
2940 3155 3073 3224 quid
3125 3157 3409 3212 venisti?»
3471 3157 3540 3214 Et

273 3239 446 3311 λησαν
486 3244 605 3294 κατ’
653 3243 789 3313 ἐμοῦ
841 3222 1062 3318 γλώσσῃ
1107 3245 1277 3317 δολία,
1309 3222 1404 3300 καὶ
1438 3222 1636 3315 λόγοις,
1663 3247 1852 3318 μίσους

1959 3259 2152 3299 rursus
2183 3265 2194 3299 :
2229 3264 2246 3296 ‹
2282 3243 2444 3308 Juda,
2485 3248 2680 3300 osculo
2711 3246 2883 3301 ﬁlium
2920 3248 3160 3305 hominis
3196 3250 3373 3307 tradis
3399 3253 3482 3306 "?
3511 3271 3534 3306 ι

271 3331 590 3387 ἐκύκλωσαν
620 3351 686 3405 με
713 3334 936 3406 δωρεάν.
977 3355 999 3388 ι
1040 3338 1205 3392 Ἔνθα
1253 3339 1392 3410 μετά
1422 3340 1516 3394 τοῦ
1561 3341 1726 3396 Ἰούδα
1759 3347 1854 3397 καὶ

271 3423 381 3479 τῶν
413 3424 613 3478 λοιπῶν
636 3425 745 3480 τῶν
778 3427 1273 3484 ἐπιϐουλευσάντων
1305 3431 1455 3503 αὐτῷ
1501 3436 1850 3505 μνημονεύει.

270 3516 436 3586 Λέγει
463 3518 508 3571 δ’
539 3514 632 3572 οὖν
675 3518 736 3573 τὸ
777 3521 1131 3590 Εὐαγγέλιον,
1178 3524 1254 3587 ὼς
1299 3525 1428 3597 ἄρα,
1460 3525 1554 3578 τοῦ
1604 3527 1854 3598 Σωτῆρος

271 3610 429 3681 ήμῶν
461 3609 542 3664 ἔτι
589 3613 701 3675 τοῖς
741 3612 934 3667 ἐαυτοῦ
985 3613 1256 3686 μαθηταῖς
1297 3616 1604 3684 λαλοῦντος,
1652 3638 1670 3670 ι
1721 3620 1851 3673 Ἰδοὺ

285 3701 487 3767 Ἰούδας
519 3699 600 3767 εἷς
639 3703 745 3758 τῶν
784 3703 988 3760 δώδεκα
1035 3702 1189 3778 ἦλθε,
1224 3711 1318 3761 καὶ
1353 3710 1470 3780 μετ’
1505 3709 1668 3764 αὐτοῦ
1698 3710 1854 3781 ὄχλος

275 3794 442 3859 πολὺς
471 3797 608 3866 μετά
639 3797 921 3870 μαχαιρῶν
946 3799 1040 3853 καὶ
1059 3799 1251 3866 ξύλων,
1284 3801 1392 3856 ἀπὸ
1421 3801 1528 3856 τῶν
1555 3803 1851 3876 ἀρχιερέων

276 3889 370 3941 καὶ
407 3888 790 3961 πρεσϐυτέρων
821 3889 913 3944 τοῦ
945 3891 1075 3946 λαοῦ
1097 3909 1111 3924 ο
1159 3910 1177 3945 ι
1230 3887 1312 3957 οἷς
1355 3895 1446 3948 καὶ
1479 3889 1633 3949 εἶπεν
1673 3898 1702 3949 6
1737 3895 1849 3949 Κύ-

279 3998 428 4052 ριοςο
464 4001 484 4034 ι
537 3981 624 4046 Ὠς
665 3983 758 4036 ἐπὶ
801 3983 1002 4058 λῃστὴν
1047 3983 1321 4056 ἐξήλθετε,
1375 3984 1512 4056 μετά
1568 3987 1850 4059 μαχαιρῶν

277 4078 372 4130 καὶ
413 4076 583 4141 ξύλων
628 4077 913 4133 συλλαϐεῖν
958 4096 1055 4151 με;
1101 4078 1224 4133 καθ’
1271 4081 1484 4153 ἡμέραν
1528 4082 1663 4154 πρὸς
1707 4085 1851 4155 ὑμᾶς

274 4165 614 4238 ἐκαθεζόμην
646 4169 702 4221 ἐν
747 4168 824 4240 τῷ
859 4168 988 4241 ἱερῷ
1025 4169 1308 4236 διδάσκων,
1341 4173 1435 4224 καὶ
1479 4173 1577 4226 οὐκ
1615 4175 1850 4246 ἐκρατή-

278 4255 407 4309 σατέ
435 4273 521 4326 με.
559 4257 728 4311 Τοῦτο
752 4257 809 4312 δέ
848 4258 965 4312 ὅλον
993 4259 1235 4329 γέγονεν,
1267 4262 1353 4315 ἵνα
1395 4261 1752 4335 πληρωθῶσιν
1791 4264 1848 4318 αί

276 4346 490 4417 Γραφαὶ
547 4348 654 4401 τῶν
713 4349 1027 4420 προφητῶν.
1065 4370 1084 4402 ι
1148 4352 1268 4405 Ἔτι
1321 4352 1377 4406 δέ
1441 4369 1602 4424 φησιν
1659 4355 1717 4408 ἐν
1770 4355 1848 4427 τῷ

545 4459 563 4492 ι
612 4441 754 4495 Ἀντὶ
799 4441 892 4496 τοῦ
946 4443 1164 4515 ἀγαπᾷν
1215 4462 1302 4516 με,
1348 4445 1683 4500 ἐνδιέϐαλλόν
1739 4466 1804 4519 με
1828 4463 1842 4479 ⁸

1954 3336 2118 3408 476
2140 3335 2342 3404 Harum
2392 3351 2523 3406 ergo
2587 3353 2772 3392 rerum
2843 3353 3010 3394 causa
3076 3348 3232 3397 tanto
3292 3352 3419 3399 ante
3480 3343 3538 3399 in

1957 3431 2169 3500 psalmo
2198 3429 2275 3483 ait
2308 3448 2322 3484 :
2356 3448 2374 3482 ι
2404 3427 2674 3496 Quoniam
2725 3446 2788 3487 os
2830 3434 3137 3502 peccatoris
3165 3443 3220 3490 et
3257 3451 3321 3491 os
3359 3435 3537 3490 dolosi

1955 3537 2120 3593 super
2161 3536 2248 3577 me
2275 3530 2525 3592 apertum
2564 3531 2669 3579 est.
2699 3521 2895 3579 Locuti
2927 3533 3060 3580 sunt
3089 3535 3283 3582 contra
3323 3543 3410 3582 me
3432 3528 3539 3582 lin-

1954 3629 2057 3685 gua
2081 3613 2272 3669 dolosa
2299 3620 2354 3669 et
2384 3615 2740 3671 sermonibus
2768 3615 2881 3671 odii
2907 3615 3391 3674 circumdederunt
3426 3635 3534 3682 me.

1951 3716 2004 3762 et
2031 3715 2488 3778 oppugnaverunt
2515 3724 2604 3764 me
2636 3708 2809 3780 gratis
2839 3729 2852 3764 :
2889 3729 2909 3763 ι
2944 3711 3037 3766 ubi
3073 3726 3199 3766 cum
3245 3712 3366 3782 ipso
3391 3711 3537 3771 Iuda

1952 3798 2118 3852 etiam
2165 3799 2507 3869 reliquorum
2554 3799 2826 3868 meminit,
2859 3801 2953 3872 qui
2984 3802 3090 3872 ipsi
3123 3803 3354 3861 insidias
3387 3804 3536 3860 fece-

1952 3898 2102 3944 runt.
2125 3888 2315 3963 itaque
2345 3892 2527 3962 ipsum
2552 3890 2909 3963 Evangelium
2941 3901 3150 3960 narrat,
3175 3896 3538 3966 quemadmo-

1951 3980 2081 4035 dum
2112 3979 2396 4038 Salvatore
2424 3977 2616 4038 nostro
2651 3999 2783 4040 suos
2814 3984 2994 4040 adhuc
3024 3987 3338 4058 alloquente
3363 3989 3535 4046 disci-

1952 4073 2132 4142 pulos,
2169 4074 2259 4129 ille
2303 4076 2552 4130 venerit:
2587 4093 2607 4126 ι
2638 4073 2803 4139 Ecce,
2849 4076 3050 4146 inquit,
3082 4076 3254 4134 Judas
3291 4095 3436 4138 unus
3465 4082 3539 4139 de

1951 4159 2241 4214 duodecim
2270 4161 2443 4223 venit,
2479 4167 2534 4215 et
2575 4175 2703 4216 cum
2744 4175 2810 4215 eo
2857 4163 3018 4216 turba
3052 4165 3224 4218 multa
3265 4181 3388 4221 cum
3425 4168 3534 4239 gla-

1950 4251 2056 4306 diis
2085 4258 2138 4305 et
2169 4250 2352 4321 lignis,
2388 4267 2418 4308 a
2455 4251 2799 4323 principibus
2835 4254 3184 4311 sacerdotum
3209 4267 3262 4313 et
3299 4261 3534 4316 seniori-

1948 4345 2052 4400 bus
2105 4347 2288 4415 populi
2329 4347 2394 4402 ⁸³.
2437 4365 2458 4400 ι
2531 4345 2742 4412 Quibus
2801 4349 2966 4403 etiam
3020 4349 3286 4408 Dominus
3343 4352 3528 4410 dixit:

1954 4457 1973 4491 ι
2011 4437 2294 4510 Tanquam
2326 4440 2392 4495 ad
2421 4442 2688 4496 latronem
2719 4442 2969 4498 exivistis
3001 4460 3127 4499 eum
3155 4446 3354 4516 gladiis
3375 4455 3430 4503 et
3461 4447 3531 4501 li-

276 4529 386 4598 ἐγὼ
412 4530 468 4585 δὲ
503 4534 952 4607 προσηυχόμηνοι
992 4536 1122 4590 αὐτὸ
1167 4536 1352 4601 τέλους
1388 4538 1700 4610 ἐτύγχανεν,
1733 4541 1842 4604 ὅτε,

1956 4530 2072 4600 gnis
2114 4533 2578 4602 comprehendere
2619 4534 2743 4588 me?
2770 4534 3016 4604 quotidie
3051 4537 3192 4606 apud
3240 4552 3339 4592 vos
3371 4537 3530 4592 sede-

276 4622 369 4677 τοῦ
401 4624 651 4695 Σωτῆρος
684 4627 838 4697 ἡμῶν
871 4629 928 4680 ἐν
955 4627 1030 4699 τῷ
1063 4628 1380 4701 καλουμένῳ
1403 4628 1728 4703 Γεθσημανῇ
1751 4651 1852 4703 χω-

277 4714 376 4784 ρίῳ
409 4714 544 4784 μετά
569 4714 676 4768 τῶν
709 4717 897 4770 ἕνδεκα
931 4718 1244 4772 ἀποστόλων
1278 4723 1736 4794 προσευχομένου,
1768 4743 1852 4795 μι-

277 4807 405 4878 κρόν
443 4824 503 4860 τε
556 4808 1009 4881 ἀναχωρήσαντος
1053 4812 1252 4876 αὐτῶν,
1303 4813 1398 4866 καὶ
1447 4817 1850 4885 προσπεσόντος

274 4897 351 4969 τῷ
379 4901 573 4972 Πατρὶ,
602 4902 848 4974 δεύτερόν
880 4921 939 4956 τε
974 4903 1273 4975 εὐξαμένου
1302 4907 1395 4960 καί
1419 4908 1619 4979 τρίτον,
1651 4911 1680 4962 6
1720 4911 1851 4964 Ἰού-

275 4991 370 5056 δας
399 4995 494 5047 σὺν
521 4997 634 5058 τοῖς
660 4994 884 5066 ἄρχουσι
909 4995 1016 5048 τῶν
1056 4995 1319 5050 Ἰουδαίων
1340 4998 1407 5052 τά
1433 5001 1533 5070 τῆς
1558 5001 1849 5073 ἐπιϐουλῆς

276 5083 422 5154 αὐτῷ
455 5087 746 5157 κατήρτυε,
795 5087 1043 5155 συνάγων
1075 5088 1172 5140 καὶ⁵
1221 5088 1494 5160 προξενῶν
1540 5093 1600 5142 τὸ
1647 5091 1848 5163 πλῆθος

276 5174 384 5229 τῶν
415 5177 550 5245 μετὰ
582 5177 863 5250 μαχαιρῶν
888 5179 980 5232 καὶ
998 5178 1166 5245 ξύλων
1191 5180 1471 5234 συλλαϐεῖν
1498 5181 1659 5235 αὐτὸν
1689 5199 1852 5255 παρε-

276 5269 678 5339 σκευασμένων.
723 5270 886 5324 Κακά
916 5271 973 5324 δὲ
1009 5274 1088 5336 εἰς
1133 5273 1296 5326 αὐτὸν
1342 5272 1525 5327 ἔθεντο
1561 5274 1682 5328 ἀντὶ
1714 5275 1851 5342 ἀγα-

275 5357 401 5423 θῶν,
443 5359 537 5412 καὶ
569 5364 723 5431 μῖσος
759 5363 879 5417 ἀντὶ
910 5363 1011 5433 τῆς
1041 5366 1374 5436 ἀγαπήσεως
1406 5365 1593 5431 αὐτοῦ,
1628 5368 1715 5421 ὅτε
1759 5385 1850 5421 πο·

272 5447 414 5520 νηρὰ
451 5449 766 5505 διετέθειντο
791 5451 882 5506 τὸν
921 5454 1148 5526 Σωτῆρα
1181 5456 1274 5508 καὶ
1302 5456 1594 5528 εὐεργέτην
1633 5458 1727 5511 καὶ
1758 5457 1840 5510 δι-

271 5539 558 5606 δάσκαλον,
597 5545 793 5616 μυρίας
823 5546 955 5609 ὅσας
989 5547 1161 5611 ίάσεις
1189 5549 1282 5602 καὶ
1321 5547 1636 5620 θεραπείας,
1667 5550 1840 5618 λόγων

347 5728 412 5799 '1
431 5728 620 5783 Matth.
658 5747 820 5792 xxw,
861 5731 946 5795 14,
990 5730 1073 5785 is.
1152 5731 1197 5762 ⁸⁸
1237 5731 1370 5784 ibid.
1402 5730 1607 5799 2|,2'2.
1687 5733 1732 5765 ⁸³
1774 5733 1843 5786 ibi

1956 5730 2035 5785 25.
2115 5729 2158 5762 ⁸⁸
2203 5727 2334 5784 ibid.
2369 5727 2458 5784 48.
2538 5729 2578 5760 ⁶¹
2622 5727 2754 5786 ibid.
2788 5728 2875 5784 49.

277 5793 336 5873 ⁸⁸,
365 5797 551 5855 Matth.
590 5815 750 5869 xxvx,
787 5801 877 5858 47.
934 5793 1000 5836 ’⁸³
1037 5800 1170 5858 ibid.
1203 5802 1291 5874 55,
1316 5801 1404 5858 56.

1950 4619 2074 4676 bam
2106 4621 2160 4674 in
2207 4621 2410 4691 templo
2452 4621 2678 4684 docens,
2723 4629 2778 4679 et
2815 4639 2925 4680 non
2968 4626 3225 4681 tenuistis
3270 4643 3378 4683 me.
3413 4626 3530 4682 Hoc

1945 4721 2126 4768 autem
2163 4720 2336 4767 totum
2379 4712 2582 4770 factum
2631 4723 2738 4780 est,
2771 4723 2833 4770 ut
2863 4717 3198 4788 impleantur
3230 4716 3533 4790 Scriptura:

1947 4807 2338 4878 prophetarum
2356 4807 2422 4863 “.
2453 4825 2472 4859 ι
2498 4806 2766 4865 Prteterea
2789 4826 2919 4866 vero
2936 4811 3084 4882 quod
3111 4812 3187 4866 ait
3205 4813 3257 4866 in
3276 4814 3524 4883 psalmo:

1953 4920 1971 4953 ι
2002 4901 2110 4956 Pro
2156 4917 2222 4957 eo
2259 4910 2318 4957 ut
2351 4918 2438 4958 me
2467 4903 2778 4974 diligerent,
2821 4906 3179 4962 detrahebant
3229 4908 3385 4970 mihi,
3425 4925 3534 4980 ego

1948 5001 2128 5048 autem
2172 4995 2438 5050 orabam:
2476 5015 2496 5048 ι
2532 4995 2714 5066 ipsum
2747 5013 2966 5068 quoque
2997 5006 3127 5052 tunc
3173 5013 3334 5053 suum
3367 4999 3525 5055 ﬁnem

1947 5085 2195 5156 contigit,
2229 5101 2354 5141 cum
2398 5086 2684 5145 Salvatore
2726 5097 2918 5145 nostro
2948 5091 3002 5144 in
3036 5091 3157 5146 loco
3197 5092 3290 5161 qui
3321 5092 3527 5148 dicitur

1947 5174 2300 5234 Getbsemani
2336 5195 2458 5234 cum
2492 5180 2746 5235 undecim
2778 5182 3044 5251 apostolis
3077 5193 3292 5244 orante,
3329 5186 3526 5254 paulu-

1948 5269 2172 5340 lumque
2207 5270 2278 5326 ab
2323 5270 2432 5326 illis
2479 5271 2728 5340 digresso
2776 5278 2837 5324 ut
2892 5273 3262 5342 procumbens
3306 5272 3527 5331 Patrem

1949 5369 2288 5431 precaretur,
2317 5363 2624 5431 iterumque
2661 5369 2716 5414 et
2747 5361 2908 5415 tertio
2957 5362 3321 5432 supplicante,
3351 5363 3531 5423 Judas

1950 5469 2074 5510 cum
2101 5454 2445 5525 principibus
2473 5451 2786 5507 Iudaeorum
2831 5453 3066 5508 insidias
3095 5454 3173 5508 illi
3202 5457 3529 5520 maturavit.

1948 5547 2076 5602 dum
2111 5549 2256 5618 cogit
2293 5547 2409 5618 ipse
2435 5554 2490 5601 et
2519 5546 2780 5602 conducit
2805 5548 2996 5617 copias
3021 5561 3143 5618 quae
3175 5562 3300 5604 cum
3321 5549 3526 5620 gladiis
3553 5603 3557 5608 .

2989 5731 3032 5763 ⁶¹
3071 5729 3204 5788 Luc.
3240 5747 3352 5786 χχιι
3375 5770 3391 5798 ,
3421 5730 3516 5790 48.
