4100 6474
509 336 613 398 789

1148 334 1417 393 EUSEBII
1456 330 1940 391 CIESARIENSIS
1980 329 2130 385 OPP.
2173 325 2355 382 PARS
2382 325 2447 382 ll.
2489 358 2556 367 —-
2599 325 3099 384 APOLOGE'HCA.

3695 321 3827 378 710

416 439 424 446 ’
503 466 562 514 et
618 457 878 520 fustibus,
935 459 998 508 ut
1053 451 1208 507 illum
1267 449 1820 522 comprehenderent,
1886 455 2091 517 parate

2196 460 2253 497 τε
2284 442 2649 508 διδασκαλίας,
2692 444 2784 497 καὶ
2818 444 3079 507 παντοίας
3110 441 3377 513 ὠφελείας
3407 443 3594 508 αὐτοῖς
3652 456 3831 511 παρ’

501 557 681 610 ειεηι.
726 546 883 602 Tunc
934 553 1116 601 autem
1164 544 1307 599 mala
1342 543 1609 598 adversus
1650 543 1833 613 ipsum
1885 554 2087 610 posue-

502 650 635 699 runt
659 655 759 712 pro
786 639 971 703 bonis,
1003 644 1058 693 et
1081 637 1267 693 odium
1298 651 1399 707 pro
1420 634 1717 691 dilectione
1739 633 1937 704 ipsius,
1964 647 2088 686 cum

500 732 665 789 malis
697 729 1002 785 affecerunt
1031 729 1211 799 ipsum
1241 725 1581 781 Salvatorem
1613 733 1667 781 et
1696 725 1833 779 bene
1860 724 1928 779 de
1955 723 2090 793 ipsis

502 826 787 889 meritum,
823 832 878 880 et
918 822 1266 893 magistrum,
1310 822 1402 890 qui
1452 816 1881 874 innumerabiles
1924 830 2088 872 sana-

502 917 686 971 tiones
724 923 779 969 et
832 913 1099 974 medelas,
1148 923 1579 978 sermonumque
1629 906 1980 969 documenta,
2037 913 2092 960 et

502 1009 685 1063 omnis
723 1006 943 1069 seueris
990 1005 1253 1059 utilitates
1287 1003 1422 1073 ipsis
1442 1002 1771 1072 praestiterat
1797 1019 1810 1054 :
1839 1014 1979 1069 quas
2018 999 2090 1053 ob

503 1112 596 1153 res
628 1113 754 1154 cum
786 1098 929 1151 mala
961 1111 1060 1167 pro
1081 1096 1242 1151 bouis
1276 1095 1542 1150 adversus
1570 1094 1747 1163 ipsum
1779 1094 2084 1163 posuerint,

503 1197 559 1245 et
599 1191 787 1260 odium
827 1204 929 1259 pro
976 1188 1274 1242 dilectione
1313 1186 1506 1256 ipsius,
1557 1186 1753 1240 merito
1787 1184 2035 1254 adjungit
2069 1202 2083 1237 :

510 1297 530 1330 ι
567 1277 852 1336 Constitue
886 1294 1053 1350 super
1074 1294 1199 1333 eum
1228 1284 1596 1348 peccatorem,
1627 1285 1681 1331 et
1705 1277 1960 1331 diabolus
1983 1284 2090 1331 stet

504 1374 777 1428 adextris
826 1373 967 1443 ejus.
1017 1371 1152 1426 Dum
1186 1372 1498 1441 judicatur,
1555 1371 2091 1434 exeatcondemna-

504 1474 616 1529 tus,
658 1474 713 1520 et
757 1466 935 1519 oratio
994 1465 1115 1534 ejus
1157 1464 1251 1518 ﬁat
1304 1464 1358 1518 in
1411 1474 1720 1534 peccatum.
1766 1462 1926 1518 Fiant
1969 1463 2088 1517 dies

502 1558 626 1628 ejus
662 1562 843 1629 pauci,
890 1567 944 1613 et
993 1560 1367 1629 episcopatum
1420 1557 1541 1624 ejus
1581 1556 1815 1625 accipiat
1866 1557 2023 1610 alter.
2064 1574 2081 1606 ι

505 1653 637 1717 Quae
677 1651 895 1721 quidem
936 1650 1053 1721 ipsa
1096 1666 1258 1720 quem
1308 1650 1513 1705 exitum
1560 1651 1755 1704 sortita
1789 1650 1920 1713 sint,
1959 1663 2089 1701 san-

504 1752 629 1797 ctus
679 1743 961 1812 apostolus
1008 1741 1204 1796 Petrus
1252 1743 1417 1813 paulo
1470 1751 1596 1795 ante
1637 1740 1920 1801 indicavit,
1960 1740 2087 1793 dum

507 1809 849 1903 Scripturam
869 1833 1010 1887 hanc
1028 1832 1093 1886 ad
1116 1809 1295 1903 ipsum
1322 1832 1655 1903 proditorem
1685 1832 2084 1887 accommodat.
2120 1809 2163 1864 Β

502 1924 573 1980 Et
601 1940 731 1980 sane
777 1927 876 1980 tibi
914 1925 1014 1995 ipsi
1069 1925 1285 1978 interim
1319 1925 1447 1979 licet
1491 1926 1712 1992 intueri,
1758 1942 1885 1980 num
1923 1942 2088 1996 super

503 2013 791 2070 Judaicam
828 2025 1043 2086 gentem
1090 2017 1425 2072 constitutus
1469 2017 1542 2072 sit
1588 2016 1845 2087 princeps
1880 2032 1943 2070 ac
1976 2016 2086 2069 dux

502 2117 796 2179 peccatur,
870 2108 959 2163 cui
1021 2108 1274 2164 videlicet
1330 2118 1454 2179 post
1537 2112 1747 2166 scelera
1821 2110 2088 2165 adversus

508 2201 844 2258 Salvatorem
899 2208 1146 2257 nostrum
1188 2203 1555 2259 audacissime
1615 2203 1932 2267 commissa,
1976 2213 2090 2257 tra-

505 2293 603 2348 diti
658 2300 826 2357 sunt,
881 2293 1102 2347 interim
1152 2308 1252 2362 pro
1304 2294 1552 2364 antiquis
1591 2302 1647 2348 et
1690 2294 1937 2365 ipsorum
1985 2293 2087 2347 do-

505 2385 751 2441 mesticis
824 2384 1045 2454 Deoque
1117 2385 1311 2439 amicis
1385 2385 1767 2455 principibus,
1841 2386 2087 2441 externis

503 2477 669 2550 477
698 2485 755 2533 et
785 2478 1081 2532 simulacra
1124 2476 1437 2531 colentibus
1478 2477 1687 2533 servire
1725 2478 1923 2532 coacti.
1971 2478 2089 2532 Cae-

506 2577 686 2623 terum
730 2569 855 2640 quis
898 2568 1117 2623 tandem
1165 2582 1276 2623 non
1323 2569 1681 2639 Obstupescat
1735 2570 1909 2639 ipsius
1956 2585 2091 2640 pra:-

502 2664 767 2719 dictionis
813 2663 1113 2719 eventum?
1162 2679 1287 2717 nam
1339 2678 1463 2718 cum
1512 2665 1801 2718 oraculum
1848 2663 2084 2729 dixerit,

511 2776 531 2809 ι
560 2756 721 2811 Fiant
743 2757 860 2811 dies
885 2757 1005 2827 ejus
1033 2754 1190 2826 pauci
1208 2796 1224 2818 ,
1259 2777 1275 2808 ι
1300 2763 1518 2811 constat
1542 2757 1702 2827 plane
1732 2772 1895 2827 quam
1923 2757 2087 2812 breve

506 2858 630 2921 post
658 2857 897 2904 structas
928 2849 1194 2903 adversus
1228 2846 1569 2905 Salvatoretn
1595 2857 1845 2904 nostrum
1879 2849 1955 2904 ab
1979 2850 2086 2905 illis

506 2940 768 3005 insidias,
818 2954 982 2994 omne
1032 2940 1199 2994 fuerit
1249 2946 1497 3008 tempus,
1549 2954 1659 3009 quo
1709 2954 1933 2994 manere
1980 2939 2087 2994 visi

506 3043 657 3090 sunt.
699 3032 833 3089 Post
874 3032 1024 3104 quod
1066 3041 1284 3102 tempus
1323 3033 1683 3087 novissimam
1721 3037 2085 3086 vastationem

505 3136 924 3195 «tremumque
957 3126 1247 3180 interitum
1277 3125 1427 3194 passi
1471 3132 1602 3178 sunt
1624 3162 1640 3187 ,
1672 3137 1737 3177 ex
1770 3138 1880 3192 quo
1919 3122 2085 3176 etiam

506 3220 887 3290 episcopatum
937 3233 1129 3273 eorum
1178 3218 1391 3286 accepit
1435 3216 1594 3282 alter,
1644 3214 1901 3269 conditus
1949 3215 2091 3269 vidc-

507 3315 638 3371 licet
670 3328 768 3384 per
794 3312 1075 3369 Christum
1112 3327 1287 3366 novus
1324 3298 1579 3380 populus.
1610 3307 1785 3363 Porro
1814 3309 1978 3363 etiam
2012 3322 2094 3362 re-

508 3408 657 3478 liqua
678 3406 841 3476 hujus
862 3407 1061 3476 psalmi
1085 3406 1268 3460 omnia
1297 3419 1393 3474 per
1419 3404 1616 3458 horum
1642 3403 1888 3472 ipsorum
1916 3416 2097 3456 exera-

508 3501 630 3572 plar
663 3501 933 3571 intelliges
965 3520 979 3555 :
1013 3515 1134 3570 qua
1183 3516 1313 3554 vero
1360 3509 1689 3567 sequuntur,
1720 3507 1774 3551 et
1819 3496 1976 3566 quasi
2026 3495 2095 3550 de

505 3593 840 3665 quibusdam
889 3591 1046 3647 Judae
1091 3592 1218 3645 liliis
1260 3590 1369 3645 dici
1400 3589 1681 3653 videntur,
1713 3589 1825 3643 illis
1859 3587 2044 3641 verbis
2074 3603 2087 3639 :

514 3683 604 3761 (Ε
611 3687 724 3739 iant
770 3683 865 3738 ﬁlii
912 3684 1035 3753 ejus
1081 3682 1319 3752 orphani
1349 3680 1416 3743 “,
1447 3698 1467 3730 ι
1496 3688 1551 3734 et
1581 3690 1942 3748 quaecumque
1987 3678 2096 3730 alia

509 3779 598 3834 bis
634 3777 835 3833 similia
869 3784 1030 3840 sunt,
1068 3773 1381 3829 referentur
1416 3771 1596 3843 primo
1627 3769 1848 3841 quidem
1881 3771 2004 3823 loco
2037 3768 2094 3822 in

508 3871 691 3943 ipsum
722 3867 921 3924 ludam
945 3911 960 3935 ,
995 3876 1118 3939 post
1151 3868 1304 3921 illum
1335 3880 1466 3921 vero
1495 3864 1663 3920 etiam
1697 3865 1754 3919 in
1783 3877 1977 3918 omnes
2017 3862 2096 3915 illi

511 3963 726 4020 similes
771 3964 1015 4016 salutare
1065 3961 1293 4015 verbum
1343 3958 1668 4029 prodentes.
1711 3954 1919 4011 Eadem
1959 3969 2093 4009 vero

511 4060 731 4112 ratione
769 4056 1046 4127 intelliges
1088 4069 1319 4109 uxorem
1351 4067 1571 4124 quoque
1601 4051 1723 4120 ejus
1744 4089 1759 4113 ,
1789 4057 1844 4103 et
1874 4057 2098 4119 peccata

512 4150 721 4224 patris,
752 4157 807 4205 et
851 4148 969 4218 ejus
1000 4162 1123 4218 qua:
1168 4146 1343 4217 ipsius
1377 4152 1563 4207 mater
1591 4143 1816 4207 dicitur,
1857 4139 2100 4195 Iudaicae

512 4242 696 4314 gentis
727 4240 987 4295 videlicet
1015 4236 1485 4309 congregationis.
1530 4234 1606 4291 De
1645 4234 1747 4288 bac
1776 4234 1921 4287 enim
1957 4231 2100 4286 arbi-

513 4344 634 4391 tror
660 4335 772 4390 dici
807 4333 943 4388 illud
970 4351 983 4387 :
1023 4351 1041 4382 ι
1074 4331 1141 4385 Ει
1174 4335 1461 4401 peccatum
1493 4328 1690 4383 matris
1719 4328 1840 4396 ejus
1872 4341 1981 4380 non
2010 4325 2101 4379 de-

513 4430 695 4484 leatur
721 4427 789 4481 “.
822 4445 842 4478 ι
869 4423 1265 4479 Verumtamen
1310 4423 1456 4478 sicut
1499 4421 1555 4475 in
1599 4434 1663 4474 ea
1692 4433 1815 4490 quae
1851 4417 2100 4487 proxime

2118 3181 2160 3238 C

2190 536 2527 607 εσχημένον’
2560 536 2677 590 ἀνθ’
2728 530 2825 600 ὧν,
2856 537 3155 608 ἐπειδήπερ
3198 535 3347 589 κακὰ
3392 536 3514 589 ἀντὶ
3553 533 3829 604 «Tace»

2190 625 2374 679 ἔθεντο
2419 628 2539 680 κατ’
2578 625 2768 690 αὑτοῦ,
2813 627 2905 680 καὶ
2948 629 3104 698 μῖσος
3148 627 3269 679 ἀντὶ
3314 627 3415 697 τῆς
3448 628 3828 695 ἀγαπήσεως

2190 719 2377 783 αὐτοῦ,
2424 721 2650 784 εἰκότως
2697 719 2968 789 ἐπιλέγει·
3021 740 3041 770 ι
3092 721 3451 791 Κατάστησον
3491 721 3576 773 ἐπ’
3624 716 3828 771 αὑτὸν

2190 813 2531 886 ἁμαρτωλὸν,
2560 815 2654 868 καὶ
2686 813 2930 877 διάϐολος
2964 814 3148 884 στήτω
3170 814 3235 867 ἐκ
3261 813 3452 880 δεξιῶν
3475 811 3685 866 αὐτοῦ.
3721 810 3831 863 Ἐν

2189 906 2268 978 τῷ
2320 906 2602 979 κρίνεσθαι
2644 907 2804 961 αὑτὸν
2838 906 3045 974 ἐξέλθοι
3087 905 3656 977 καταδεδικασμένος,
3714 902 3831 956 καὶ

2190 1002 2224 1072 η
2274 1000 2549 1072 προσευχὴ
2599 999 2764 1053 αὐτοῦ
2807 999 3090 1072 γενηθήτω
3139 1000 3219 1063 εἰς
3262 1000 3560 1070 ἁμαρτίαν.
3613 999 3666 1051 Γ
3668 1012 3821 1065 ενηο

2190 1090 2441 1162 θήτωσαν
2482 1094 2539 1146 ai.
2591 1093 2793 1164 ἡμέραι
2840 1091 3003 1145 αὑτοῦ
3044 1091 3241 1160 ὀλίγαι,
3286 1093 3382 1145 καὶ
3412 1092 3511 1164 τὴν
3552 1094 3828 1144 ἐπισκο-

2192 1186 2298 1257 πὴν
2329 1185 2494 1241 αὐτοῦ
2531 1186 2744 1239 λαϐέτω
2772 1186 2991 1257 ἕτερος·
3030 1206 3049 1237 ι
3096 1184 3132 1238 ἃ
3176 1185 3269 1239 καὶ
3306 1185 3446 1238 αὐτὰ
3477 1186 3694 1239 ὁποίαν
3728 1182 3825 1236 εἶ·-

2189 1281 2330 1353 ληφε
2366 1281 2465 1354 τὴν
2513 1280 2808 1343 ἐκδασιν,ὀ
2844 1281 2986 1351 laps;
3028 1280 3326 1342 ἀπόστολος
3376 1278 3588 1349 Πέτρος
3654 1293 3831 1348 προσ

2189 1370 2368 1426 λαϐὼν
2415 1371 2767 1442 διεσάφησεν,
2807 1374 2893 1424 ἐπ’
2940 1372 3101 1427 αὑτὸν
3150 1371 3414 1442 προδότην
3457 1371 3826 1445 ἐφαρμόσας

2189 1462 2287 1534 τὴν
2338 1464 2581 1535 Γραφήν.
2617 1463 2726 1516 Καί
2776 1481 2855 1516 σοι
2893 1464 2949 1516 δὲ
2988 1461 3135 1533 αὐτῷ
3167 1465 3401 1534 πάρεστι
3444 1465 3725 1535 συνορᾷν,
3760 1462 3825 1515 εί

2193 1556 2269 1628 μὴ
2300 1557 2630 1610 καθέσταται
2678 1558 2771 1609 ἐπὶ
2820 1556 2880 1609 τὸ
2932 1556 3203 1610 Ἰουδαίων
3251 1556 3404 1619 ἔθνος
3451 1556 3645 1627 ἄρχων
3706 1555 3822 1608 καὶ

2191 1650 2495 1723 ἡγούμενος
2523 1650 2868 1722 ἁμαρτωλὸς,
2891 1642 2936 1718 ᾧ
2964 1650 3100 1721 μετὰ
3124 1649 3192 1704 τὰ
3218 1648 3559 1719 τολμηθέντα
3595 1648 3822 1711 αὐτοῖς

2192 1742 2334 1798 κατὰ
2385 1741 2480 1796 τοῦ
2541 1743 2793 1815 Σωτῆρος
2838 1743 2996 1815 ἡμῶν
3044 1743 3442 1815 παρεδόθησαν,
3490 1742 3618 1796 ἀντὶ
3683 1739 3823 1794 τῶν

2194 1835 2366 1889 πάλαι
2409 1834 2625 1888 οἰκείων
2682 1837 2778 1888 καὶ
2825 1835 3088 1905 θεοφιλῶν
3138 1836 3416 1910 ἀρχόντων
3462 1833 3822 1906 ἀλλοφύλοις

2195 1932 2290 1986 καὶ
2325 1926 2738 2002 εἰδωλολάτραις
2779 1929 3050 1983 δουλεύειν
3101 1929 3642 2001 κατηναγκασμένοι.
3700 1925 3819 1991 Τίς

2193 2023 2238 2077 δ’
2261 2025 2362 2077 οὐκ
2384 2022 2450 2077 ἂν
2467 2021 2767 2094 θαυμάσειε
2789 2024 3146 2094 προρρήσεως
3172 2021 3234 2075 τό
3263 2020 3615 2091 ἀποτέλεσμα
3639 2037 3657 2085 ;
3693 2020 3820 2089 φή·-

2196 2132 2389 2178 σαντος
2428 2113 2538 2185 γὰρ
2573 2114 2667 2167 τοῦ
2709 2114 2867 2184 λόγου
2892 2133 2905 2146 ι
2958 2133 2977 2165 ι
3020 2113 3417 2185 Τενηθήτωσαν
3464 2115 3523 2167 αἱ
3578 2112 3815 2185 ἡμέραι

2195 2207 2358 2263 αὐτοῦ
2393 2208 2601 2277 ὀλίγαι,
2637 2227 2655 2260 ι
2695 2209 2864 2276 σαφὲς
2898 2207 3048 2270 ὅπως
3086 2206 3341 2285 βραχὺςό
3376 2208 3485 2271 πᾶς
3513 2206 3817 2275 διεγένετο

2199 2300 2336 2371 μετὰ
2354 2300 2451 2373 τὴν
2475 2300 2568 2353 τοῦ
2589 2300 2740 2370 Σωτῆ
2750 2316 2841 2371 ρος
2865 2301 2897 2370 ἡ
2905 2300 3023 2371 μῶν
3046 2298 3338 2369 ἐπιϐουλὴν
3364 2298 3544 2352 αὐτῶν
3567 2298 3807 2370 χρόνος,

2196 2393 2317 2447 καθ’
2349 2392 2407 2446 ὃν
2442 2392 2627 2457 ἔδοξαν
2670 2392 2944 2463 διαμένειν
2967 2409 2983 2424 ο
3017 2390 3134 2463 μεθ’
3164 2391 3226 2446 ὃν
3254 2391 3353 2463 τὴν
3395 2391 3639 2462 ὑστάτην
3694 2390 3812 2444 ὐπ-

2195 2486 2415 2556 έμειναν
2464 2485 2779 2557 πολιορκίαν
2816 2485 2910 2538 καὶ
2931 2484 3030 2557 τὴν
3061 2484 3301 2556 παντελῆ
3327 2484 3678 2556 καθαίρεσιν,
3706 2482 3811 2553 ἐφ’

2194 2571 2228 2648 ᾖ
2284 2578 2378 2632 καὶ
2426 2577 2526 2649 τὴν
2572 2577 2874 2649 ἐπισκοπὴν
2915 2576 3096 2631 αὐτῶν
3138 2576 3328 2632 ἐλαϐεν
3378 2577 3583 2649 ἔτερος,
3616 2577 3649 2629 ὀ
3703 2574 3810 2630 διὰ

2195 2669 2431 2741 Χριστοῦ
2465 2670 2874 2743 συγκροτηθείς.
2916 2670 3027 2723 Kal
3064 2669 3133 2723 τά
3160 2669 3321 2723 λοιπὰ
3348 2670 3405 2724 δὲ
3440 2669 3535 2724 τοῦ
3566 2666 3805 2740 ψαλμοῦ

2195 2762 2378 2826 αὐτοῖς
2413 2761 2623 2827 τούτοις
2663 2762 3015 2834 καταλλήλως
3055 2762 3303 2833 νοήσειςο
3336 2761 3407 2815 τὰ
3433 2761 3493 2815 δὲ
3521 2760 3656 2831 ἐξῆς
3676 2804 3693 2828 ,
3717 2761 3806 2825 ὠς

2196 2854 2322 2925 περί
2349 2870 2510 2907 τινων
2542 2853 2671 2907 υἱῶν
2701 2852 2795 2907 τοῦ
2837 2852 3005 2906 Ἰούδα
3032 2852 3316 2923 λεγόμενα,
3348 2853 3407 2906 ἐν
3433 2851 3540 2922 τῷ,
3569 2872 3586 2902 ι
3613 2852 3805 2923 Γενηο

2198 2943 2450 3015 θήτωσαν
2483 2946 2531 2998 οἱ
2574 2946 2680 2998 υἱοὶ
2710 2945 2877 2998 αὐτοῦ
2920 2944 3178 3016 ὀρφανοὶ,
3219 2963 3239 2995 ι
3275 2944 3370 2997 καὶ
3397 2943 3464 2996 τὰ
3494 2943 3801 3015 παραπλήκ-

2198 3049 2287 3085 σια
2308 3074 2322 3099 ,
2362 3033 2603 3101 άνάγοιτ’
2636 3034 2702 3087 ἂν
2750 3035 2842 3087 καὶ
2883 3034 2970 3087 ἐπ’
3009 3034 3171 3087 αὐτὸν
3225 3033 3321 3105 μὲν
3357 3035 3800 3106 προηγουμένως

2194 3123 2285 3178 τὸν
2336 3124 2556 3192 Ἰούδαν,
2618 3126 2734 3197 μετ’
2778 3128 2986 3179 ἐκεῖνον
3038 3125 3097 3179 δὲ
3141 3127 3234 3180 καὶ
3273 3126 3367 3178 ἐπὶ
3414 3128 3625 3189 πάντας
3664 3128 3801 3189 τοὺς

2193 3218 2412 3290 ὁμοίους
2480 3219 2630 3290 αὐτῷ
2695 3219 2786 3272 τὸν
2864 3221 3130 3292 σωτήριον
3192 3218 3348 3287 λόγον
3413 3218 3796 3291 προδιδόντας.

2192 3312 2559 3385 Καταλλήλως
2596 3312 2653 3365 δέ
2700 3312 2918 3383 νοήσεις
2955 3313 3049 3366 καὶ
3075 3311 3176 3383 τὴν
3206 3313 3442 3381 γυναῖκα
3471 3310 3661 3377 αὐτοῦ,
3691 3312 3801 3364 καὶ

2191 3404 2290 3469 τὰς
2312 3406 2583 3477 ἁμαρτίας
2610 3404 2717 3458 τῶν
2748 3404 2999 3475 πατέρων
3018 3403 3205 3468 αὐτοῦ,
3235 3406 3331 3458 καὶ
3358 3405 3460 3477 τῆς
3487 3404 3799 3476 λεγομένης

2196 3497 2398 3570 μητρὸς
2428 3496 2594 3550 αὑτοῦ
2619 3539 2634 3565 ,
2666 3497 2766 3567 τῆς
2793 3497 2887 3550 τοῦ
2931 3496 3194 3551 Ἰουδαίων
3223 3497 3407 3561 ἔθνους
3438 3497 3793 3568 συναγωγῆς.

2194 3591 2329 3663 Περὶ
2358 3589 2529 3660 αὐτῆς
2558 3589 2668 3661 γὰρ
2695 3588 2937 3661 ἠγοῦμαι
2966 3588 3218 3659 λέγεσθαι
3246 3590 3329 3653 τὸ,
3356 3609 3374 3641 ι
3402 3590 3515 3643 Kal.
3543 3592 3577 3662 ή
3602 3591 3795 3661 ἁμαρ⁸

2193 3682 2286 3735 τία
2315 3680 2415 3751 τῆς
2437 3680 2644 3753 μητρὸς
2669 3680 2835 3734 αὐτοῦ
2869 3681 2944 3753 μὴ
2973 3681 3333 3755 ἐξαλειφθείη.
3366 3701 3385 3733 ι
3420 3682 3567 3756 Πλὴν
3596 3681 3795 3752 ὥσπερ

2195 3776 2252 3827 ἐν
2280 3776 2345 3844 τῇ
2382 3773 2488 3845 πρὸ
2513 3772 2718 3845 ταύτης
2751 3774 3059 3845 προφητείᾳ
3087 3774 3304 3845 πτωχὸς
3334 3775 3429 3829 καὶ
3457 3776 3630 3847 πένης
3649 3775 3790 3828 ὠνο-

2200 3862 2400 3936 μάζετο
2445 3865 2476 3917 ὀ
2521 3863 2713 3935 Σωτὴρ
2759 3864 2853 3917 καὶ
2894 3863 3098 3936 Κύριος
3143 3864 3330 3935 ἡμῶν,
3380 3864 3635 3937 καθάπερ
3682 3866 3796 3918 άπ-

2198 3953 2480 4025 εδείξαμεν
2508 3954 2567 4006 ἐν
2595 3953 2707 4025 τῷ,
2745 3973 2764 4006 ι
2800 3954 3087 4027 Μακάριος
3120 3957 3149 4009 ὀ
3196 3953 3394 4009 συνιὼν
3438 3956 3531 4009 ἐπὶ
3571 3955 3793 4027 πτωχὸν

2198 4045 2294 4099 καὶ
2332 4044 2560 4116 πένητα⁸
2602 4063 2621 4095 ι
2653 4044 2746 4096 τὸν
2775 4045 2937 4097 αὐτὸν
2975 4044 3177 4114 τρόπον
3207 4046 3301 4100 καὶ
3344 4046 3404 4098 ἐν
3438 4044 3519 4116 τῷ
3552 4046 3791 4118 παρόντι

2198 4136 2398 4207 ψαλμῷ
2438 4136 2650 4199 τούτοις
2689 4135 3046 4207 ἐπικέκληται
3092 4142 3204 4201 τοῖς
3233 4138 3483 4209 ὀνόμασι.
3507 4138 3643 4191 Τάδε
3678 4138 3790 4211 γὰρ

2200 4231 2293 4284 καὶ
2327 4230 2451 4283 τάδε
2469 4229 2757 4303 γενηθήτω
2772 4232 2849 4302 τῷ
2879 4232 3069 4292 Ἰούδα,
3087 4232 3183 4284 καὶ
3208 4236 3320 4295 τοῖς
3347 4233 3415 4285 τὰ
3439 4233 3600 4303 ὃμοια
3636 4233 3791 4302 αὐτῷ

2200 4326 2497 4400 ἐζηλωκόσι
2539 4326 2629 4381 διὰ
2662 4327 2731 4380 τὰ
2758 4326 3136 4398 τετολμημένα
3160 4326 3309 4396 αὐτῷ
3330 4368 3343 4393 ,
3376 4327 3528 4399 φησί.
3559 4328 3693 4381 Τίνα
3731 4327 3796 4382 δὲ

2201 4419 2396 4486 ταῦτα,
2427 4420 2676 4490 ἐπιφέρει
2705 4418 2893 4488 λέγων’
2934 4437 2954 4469 ι
3004 4419 3144 4473 Ἀνθ’
3172 4412 3245 4471 ὧν
3273 4421 3374 4472 οὐκ
3414 4420 3661 4491 ἐμνήσθη
3690 4419 3788 4474 τοῦ

517 4518 816 4575 antecessit
862 4516 1186 4588 prophetia,
1240 4528 1447 4583 egenus
1496 4520 1551 4565 et
1596 4525 1805 4581 pauper
1854 4508 2094 4562 nomina-

2205 4512 2430 4582 ποιῆσαι
2462 4512 2605 4575 ἕλεος
2625 4554 2639 4577 ,
2668 4513 2761 4565 καὶ
2788 4511 3111 4576 κατεδίωξεν
3139 4512 3423 4585 ἄνθρωπον
3456 4513 3665 4586 πένητα
3693 4517 3792 4570 καὶ

517 4610 682 4666 batur
730 4607 986 4663 Salvator
1030 4620 1095 4660 ac
1138 4604 1404 4659 Dominus
1438 4609 1643 4665 noster,
1677 4601 1842 4655 veluti
1880 4600 2102 4654 demon-

518 4702 819 4759 stravimus
842 4700 898 4754 in
922 4699 1018 4753 illo
1051 4716 1064 4752 :
1095 4715 1114 4748 ι
1140 4696 1341 4751 Beatus
1369 4695 1463 4765 qui
1500 4694 1755 4764 intelligit
1786 4707 1955 4763 super
1982 4706 2101 4762 ege-

502 4807 650 4852 ‘num
678 4802 732 4850 et
762 4805 1060 4866 pauperem
1078 4790 1119 4822 ⁸⁷
1143 4806 1156 4842 :
1186 4809 1203 4841 ο
1226 4790 1299 4842 ita
1324 4789 1490 4843 etiam
1518 4787 1573 4841 in
1603 4787 1859 4856 praesenti
1891 4785 2101 4857 psalmo

518 4891 714 4946 iisdem
744 4894 975 4941 vocatur
1005 4882 1341 4938 nominibus.
1389 4879 1550 4935 Fiant
1590 4880 1737 4933 enim
1779 4879 1871 4933 illa
1911 4886 1967 4933 et
2008 4878 2100 4931 illa

520 4982 628 5053 ipsi
653 4979 839 5044 Iudae,
864 4977 1041 5046 iisque
1066 4973 1160 5045 qui
1192 4973 1272 5027 illi
1302 4970 1506 5028 similia
1528 4969 1771 5024 aemulati
1800 4969 1946 5034 sint,
1978 4983 2101 5038 pro—

522 5084 643 5147 pter
672 5074 763 5128 illa
795 5086 918 5143 qua:
949 5081 1036 5125 est
1068 5081 1269 5131 ausus,
1306 5064 1508 5136 inquit.
1541 5063 1801 5130 Quanam
1834 5076 1965 5117 vero
1996 5064 2101 5115 ista

523 5169 668 5231 sint,
700 5163 984 5236 adjungit,
1022 5161 1215 5217 dicens
1246 5179 1260 5214 :
1300 5176 1318 5209 ι
1352 5156 1460 5213 Pro
1489 5172 1556 5212 eo
1586 5155 1733 5227 quod
1762 5171 1873 5210 non
1904 5163 1990 5210 est
2022 5170 2104 5210 re-

523 5259 790 5316 cordatus
831 5257 1014 5312 tacere
1063 5253 1503 5309 misericordiam
1528 5290 1544 5317 ,
1580 5260 1633 5305 et
1667 5255 1992 5320 persecutus
2022 5255 2108 5304 est

524 5351 803 5409 hominem
859 5363 1157 5421 pauperem
1212 5358 1269 5402 et.
1306 5360 1573 5418 egenum,
1622 5351 1676 5398 et
1715 5349 2105 5412 compunctum

525 5443 723 5509 corde,
749 5450 809 5497 ut
830 5453 1004 5497 morte
1031 5440 1287 5496 alliceret.
1319 5438 1387 5494 Et
1418 5438 1610 5494 dilexit
1638 5434 2103 5499 exsecrationem,

525 5543 581 5592 et
614 5534 798 5589 veniet
836 5533 910 5588 ei.
960 5533 1028 5587 Et
1070 5532 1250 5587 noluit
1300 5530 1770 5596 benedictionem,
1806 5535 1861 5583 et
1909 5526 2101 5596 procul

527 5627 871 5685 amovebitur
914 5625 985 5681 ab
1023 5640 1088 5681 eo
1123 5626 1190 5681 “.
1220 5644 1239 5677 ι
1264 5624 1398 5682 Post
1446 5639 1572 5696 qum
1620 5622 1788 5679 verba
1840 5620 2102 5692 deinceps

2203 4605 2417 4676 πτωχὸν
2465 4606 2560 4659 καὶ
2597 4606 3066 4675 κατανενυγμένον
3093 4609 3160 4679 τῇ
3193 4607 3388 4679 καρδίᾳ
3415 4607 3510 4661 τοῦ
3542 4608 3794 4665 θανατῶ-

2204 4716 2315 4753 σαι.
2361 4700 2471 4753 Kal.
2498 4699 2753 4769 ἠγάπησε
2783 4699 3027 4771 κατάραν
3046 4743 3060 4766 ,
3080 4701 3175 4754 καὶ
3203 4700 3321 4772 ἥξει
3353 4701 3535 4771 αὐτῷ’
3567 4703 3661 4756 καὶ
3687 4703 3794 4757 οὐκ

2204 4791 2465 4862 ὴθέλησεν
2494 4791 2773 4860 εὐλογίαν,
2811 4794 2906 4846 καὶ
2938 4792 3377 4865 μακρυνθήσεται
3422 4795 3517 4848 ἀπ’
3545 4794 3735 4849 αὑτοῦ.
3762 4814 3786 4848 ι

2206 4878 2300 4947 Οἷς
2329 4881 2455 4949 ἑξῆς
2484 4881 2853 4948 ἐπικαταϐάς,
2877 4878 3031 4946 αὖθις
3060 4883 3267 4955 πένητα
3295 4886 3388 4939 καὶ
3420 4887 3634 4957 πτωχὸν
3661 4889 3792 4941 ἐαυ-

2204 4975 2295 5029 τὸν
2325 4975 2580 5046 ὀνομάζει
2607 4975 2807 5043 λέγων’
2846 4995 2864 5027 ι
2907 4975 3018 5029 Καὶ
3040 4977 3133 5042 σὺ,
3164 4976 3359 5049 Κύριε,
3383 4967 3582 5051 Κύριε,
3626 4979 3791 5048 ποίης

2209 5083 2300 5120 σον
2352 5070 2469 5138 μετ’
2499 5065 2633 5138 ἐμοῦ
2684 5067 2829 5131 ἕλεος
2870 5067 3055 5120 ἕνεκεν
3090 5066 3183 5120 τοῦ
3235 5069 3495 5139 ὀνόματός
3538 5087 3630 5123 σου
3653 5110 3667 5133 ,
3706 5071 3793 5124 ὅτι

2207 5159 2445 5229 χρηστὸν
2489 5157 2552 5210 τὸ
2585 5157 2733 5221 ἐλεὸς
2778 5174 2892 5210 σου.
2938 5155 3126 5210 Ἦῦσαί
3177 5175 3265 5228 με,
3315 5160 3395 5213 ὅτι
3437 5161 3653 5232 πτωχὸς
3698 5162 3793 5216 καὶ

2207 5248 2376 5320 πένης
2402 5250 2520 5320 εἰμὶ
2546 5248 2676 5318 ἐγώ,
2719 5270 2738 5299 ι
2772 5243 2866 5312 Ui;
2895 5246 3012 5319 μεθ’
3041 5247 3204 5321 ἕτερα
3228 5249 3500 5319 ἐπιλέγει·
3540 5270 3559 5302 ι
3594 5251 3675 5305 Τά
3698 5253 3794 5321 γό-

2206 5343 2343 5396 νατά
2388 5358 2489 5412 μου
2533 5339 2835 5413 ἠσθένησαν
2874 5341 2982 5394 ἀπὸ
3007 5341 3264 5411 νηστείας
3283 5385 3298 5408 ,
3332 5344 3427 5396 καὶ
3455 5344 3488 5415 η
3520 5344 3657 5417 σάρξ
3686 5361 3793 5415 μευ

2206 5432 2473 5505 ἠλλοιώθη
2519 5433 2588 5486 δι’
2623 5432 2799 5486 ἔλαιον
2837 5449 2850 5462 ’
2882 5435 2974 5487 καὶ⁵
3011 5431 3122 5502 ἐγὼ
3165 5434 3428 5507 ἐγενήθην
3459 5435 3659 5500 ὁνειδος
3689 5438 3791 5491 αὐ·

2206 5527 2338 5587 τοῖς.
2374 5523 2602 5578 Είδοσάν
2650 5540 2751 5593 με,
2781 5523 2876 5577 καὶ
2916 5523 3215 5578 ἐσάλευσαν
3255 5525 3499 5597 κεφαλὰς
3524 5525 3725 5580 αὑτῶν.
3764 5544 3788 5579 ι

2215 5621 2283 5672 Ἃ
2314 5618 2407 5671 καὶ
2440 5617 2578 5672 αὑτά
2606 5616 2792 5679 τέλους
2822 5616 3115 5687 ἐτύγχανεν
3144 5618 3233 5671 ὅτε
3271 5638 3289 5672 ι
3326 5620 3374 5671 οἱ
3405 5618 3791 5694 παραπορευό-

519 5830 526 5840 ’
597 5805 832 5887 f'jsal.
864 5821 1029 5873 cmi,
1062 5807 1116 5875 9..
1197 5808 1242 5841 “
1283 5806 1417 5863 ibid.
1453 5807 1541 5862 14.
1621 5807 1663 5839 θ’
1706 5800 1853 5881 Psal.
1899 5820 1987 5871 XL,
2019 5803 2074 5859 2.
2152 5802 2196 5835 ⁶⁹
2230 5800 2379 5857 Psal.
2413 5815 2577 5867 cvm,
2616 5797 2793 5855 16-18.
