  <div class='ocr_page' id='page_1' title='image "/cluster/home/n/w/nwhite01/storage/ocr_20150623/22/hvd.32044073501140/378.png"; bbox 0 0 4100 6474; ppageno 0'>
   <div class='ocr_carea' id='block_1_1' title="bbox 231 337 352 396">
    <p class='ocr_par' dir='ltr' id='par_1_1' title="bbox 231 337 352 396">
     <span class='ocr_line' id='line_1_1' title="bbox 231 337 352 396; baseline 0 -1"><span class='ocrx_word' id='word_1_1' title='bbox 231 337 352 396; x_wconf 68' lang='grc' dir='ltr'>7ιί</span> 
     </span>
    </p>
   </div>
   <div class='ocr_carea' id='block_1_2' title="bbox 1203 331 2651 393">
    <p class='ocr_par' dir='ltr' id='par_1_2' title="bbox 1203 331 2651 393">
     <span class='ocr_line' id='line_1_2' title="bbox 1203 331 2651 393; baseline -0.003 -2"><span class='ocrx_word' id='word_1_2' title='bbox 1203 334 1862 393; x_wconf 75' lang='lat' dir='ltr'><strong>DEMONSTRATIONIS</strong></span> <span class='ocrx_word' id='word_1_3' title='bbox 1901 332 2364 388; x_wconf 65' lang='lat' dir='ltr'><strong>EVANGELICIE</strong></span> <span class='ocrx_word' id='word_1_4' title='bbox 2406 331 2532 387; x_wconf 84' lang='lat' dir='ltr'><strong>LIB.</strong></span> <span class='ocrx_word' id='word_1_5' title='bbox 2583 332 2651 386; x_wconf 71' lang='grc' dir='ltr'><strong>Χ.</strong></span> 
     </span>
    </p>
   </div>
   <div class='ocr_carea' id='block_1_3' title="bbox 3403 336 3508 390">
    <p class='ocr_par' dir='ltr' id='par_1_3' title="bbox 3403 336 3508 390">
     <span class='ocr_line' id='line_1_3' title="bbox 3403 336 3508 390; baseline 0 0"><span class='ocrx_word' id='word_1_6' title='bbox 3403 336 3508 390; x_wconf 66' lang='grc' dir='ltr'><strong>’τις</strong></span> 
     </span>
    </p>
   </div>
   <div class='ocr_carea' id='block_1_4' title="bbox 231 454 1826 530">
    <p class='ocr_par' dir='ltr' id='par_1_4' title="bbox 231 456 1826 530">
     <span class='ocr_line' id='line_1_4' title="bbox 231 456 1826 530; baseline -0.002 -18"><span class='ocrx_word' id='word_1_7' title='bbox 231 475 403 529; x_wconf 74' lang='grc' dir='ltr'>μενοι</span> <span class='ocrx_word' id='word_1_8' title='bbox 445 457 824 530; x_wconf 71' lang='grc' dir='ltr'>ἐϐλασφήμουν</span> <span class='ocrx_word' id='word_1_9' title='bbox 870 457 1030 512; x_wconf 76' lang='grc' dir='ltr'>αὐτὸν</span> <span class='ocrx_word' id='word_1_10' title='bbox 1057 499 1072 523; x_wconf 92' lang='grc'><strong>,</strong></span> <span class='ocrx_word' id='word_1_11' title='bbox 1126 457 1400 522; x_wconf 75' lang='grc' dir='ltr'><strong>κινοῦντες</strong></span> <span class='ocrx_word' id='word_1_12' title='bbox 1448 457 1547 521; x_wconf 82' lang='grc' dir='ltr'>τὰς</span> <span class='ocrx_word' id='word_1_13' title='bbox 1590 456 1826 525; x_wconf 75' lang='grc' dir='ltr'>κεφαλάς</span> 
     </span>
    </p>
   </div>
   <div class='ocr_carea' id='block_1_5' title="bbox 1928 454 3505 530">
    <p class='ocr_par' dir='ltr' id='par_1_5' title="bbox 1933 454 3505 523">
     <span class='ocr_line' id='line_1_5' title="bbox 1933 454 3505 523; baseline 0.001 -15"><span class='ocrx_word' id='word_1_14' title='bbox 1933 454 2179 508; x_wconf 89' lang='lat' dir='ltr'><strong>oratione</strong></span> <span class='ocrx_word' id='word_1_15' title='bbox 2226 467 2586 522; x_wconf 84' lang='lat' dir='ltr'><strong>progressus,</strong></span> <span class='ocrx_word' id='word_1_16' title='bbox 2633 467 2826 507; x_wconf 85' lang='lat' dir='ltr'><strong>rursus</strong></span> <span class='ocrx_word' id='word_1_17' title='bbox 2860 465 3153 522; x_wconf 84' lang='lat' dir='ltr'><strong>pauperem</strong></span> <span class='ocrx_word' id='word_1_18' title='bbox 3194 459 3356 522; x_wconf 84' lang='lat' dir='ltr'><strong>atque</strong></span> <span class='ocrx_word' id='word_1_19' title='bbox 3385 467 3505 523; x_wconf 62' lang='lat' dir='ltr'><strong>ego</strong></span> 
     </span>
    </p>
   </div>
   <div class='ocr_carea' id='block_1_6' title="bbox 227 547 1826 619">
    <p class='ocr_par' dir='ltr' id='par_1_6' title="bbox 227 547 1826 619">
     <span class='ocr_line' id='line_1_6' title="bbox 227 547 1826 619; baseline -0.002 -15"><span class='ocrx_word' id='word_1_20' title='bbox 227 551 450 616; x_wconf 72' lang='grc' dir='ltr'>αὐτῶν,</span> <span class='ocrx_word' id='word_1_21' title='bbox 475 552 570 605; x_wconf 76' lang='grc' dir='ltr'><strong>καί⁵</strong></span> <span class='ocrx_word' id='word_1_22' title='bbox 595 550 842 619; x_wconf 87' lang='grc' dir='ltr'>λέγοντες</span> <span class='ocrx_word' id='word_1_23' title='bbox 859 567 906 603; x_wconf 75' lang='grc' dir='ltr'><strong>ἰ</strong></span> <span class='ocrx_word' id='word_1_24' title='bbox 929 549 1156 614; x_wconf 82' lang='grc' dir='ltr'>Ἀλλους</span> <span class='ocrx_word' id='word_1_25' title='bbox 1187 549 1408 614; x_wconf 75' lang='grc' dir='ltr'>ἔσωσεν,</span> <span class='ocrx_word' id='word_1_26' title='bbox 1435 549 1626 602; x_wconf 75' lang='grc' dir='ltr'>ἑαυτὸν</span> <span class='ocrx_word' id='word_1_27' title='bbox 1645 549 1706 602; x_wconf 85' lang='grc' dir='ltr'><strong>ού</strong></span> <span class='ocrx_word' id='word_1_28' title='bbox 1734 547 1826 600; x_wconf 88' lang='grc' dir='ltr'>δύ-</span> 
     </span>
    </p>
   </div>
   <div class='ocr_carea' id='block_1_7' title="bbox 225 640 1825 712">
    <p class='ocr_par' dir='ltr' id='par_1_7' title="bbox 225 640 1825 712">
     <span class='ocr_line' id='line_1_7' title="bbox 225 640 1825 712; baseline -0.003 -16"><span class='ocrx_word' id='word_1_29' title='bbox 225 659 406 696; x_wconf 79' lang='grc' dir='ltr'>ναται</span> <span class='ocrx_word' id='word_1_30' title='bbox 440 641 631 695; x_wconf 91' lang='grc' dir='ltr'>σῶσαι..</span> <span class='ocrx_word' id='word_1_31' title='bbox 668 660 686 692; x_wconf 77' lang='grc' dir='ltr'><strong>ι</strong></span> <span class='ocrx_word' id='word_1_32' title='bbox 735 642 885 694; x_wconf 83' lang='grc' dir='ltr'>Ἐπεὶ</span> <span class='ocrx_word' id='word_1_33' title='bbox 907 641 964 694; x_wconf 85' lang='grc' dir='ltr'>δὲ</span> <span class='ocrx_word' id='word_1_34' title='bbox 1006 641 1170 694; x_wconf 87' lang='grc' dir='ltr'>εἰσέτι</span> <span class='ocrx_word' id='word_1_35' title='bbox 1200 640 1295 693; x_wconf 88' lang='grc' dir='ltr'><strong>νῦν</strong></span> <span class='ocrx_word' id='word_1_36' title='bbox 1323 641 1371 693; x_wconf 87' lang='grc' dir='ltr'><strong>οί</strong></span> <span class='ocrx_word' id='word_1_37' title='bbox 1405 641 1470 693; x_wconf 83' lang='grc' dir='ltr'>ὲκ</span> <span class='ocrx_word' id='word_1_38' title='bbox 1503 641 1825 712; x_wconf 84' lang='grc' dir='ltr'><strong>περιτομῆς,</strong></span> 
     </span>
    </p>
   </div>
   <div class='ocr_carea' id='block_1_8' title="bbox 221 731 1824 807">
    <p class='ocr_par' dir='ltr' id='par_1_8' title="bbox 221 731 1824 807">
     <span class='ocr_line' id='line_1_8' title="bbox 221 731 1824 807; baseline -0.002 -19"><span class='ocrx_word' id='word_1_39' title='bbox 221 734 342 806; x_wconf 73' lang='grc' dir='ltr'><strong>τὴν</strong></span> <span class='ocrx_word' id='word_1_40' title='bbox 365 735 475 788; x_wconf 88' lang='grc' dir='ltr'><strong>τῶν</strong></span> <span class='ocrx_word' id='word_1_41' title='bbox 502 735 750 807; x_wconf 82' lang='grc' dir='ltr'><strong>πατέρων</strong></span> <span class='ocrx_word' id='word_1_42' title='bbox 776 734 954 788; x_wconf 80' lang='grc' dir='ltr'>αὐτῶν</span> <span class='ocrx_word' id='word_1_43' title='bbox 979 735 1059 797; x_wconf 87' lang='grc' dir='ltr'><strong>εἰς</strong></span> <span class='ocrx_word' id='word_1_44' title='bbox 1089 735 1314 796; x_wconf 78' lang='grc' dir='ltr'>ἑαυτοὺς</span> <span class='ocrx_word' id='word_1_45' title='bbox 1345 733 1482 805; x_wconf 79' lang='grc' dir='ltr'>ἀρὰν</span> <span class='ocrx_word' id='word_1_46' title='bbox 1504 731 1824 804; x_wconf 79' lang='grc' dir='ltr'>ἐπισπώμε-</span> 
     </span>
    </p>
   </div>
   <div class='ocr_carea' id='block_1_9' title="bbox 223 824 1827 897">
    <p class='ocr_par' dir='ltr' id='par_1_9' title="bbox 223 824 1827 897">
     <span class='ocr_line' id='line_1_9' title="bbox 223 824 1827 897; baseline -0.001 -17"><span class='ocrx_word' id='word_1_47' title='bbox 223 843 355 890; x_wconf 84' lang='grc' dir='ltr'>νοι,</span> <span class='ocrx_word' id='word_1_48' title='bbox 395 827 734 897; x_wconf 81' lang='grc' dir='ltr'><strong>βλασφήμοις</strong></span> <span class='ocrx_word' id='word_1_49' title='bbox 775 826 868 881; x_wconf 72' lang='grc' dir='ltr'><strong>καὶ</strong></span> <span class='ocrx_word' id='word_1_50' title='bbox 900 825 1119 879; x_wconf 81' lang='grc' dir='ltr'>ἁσεόέσι</span> <span class='ocrx_word' id='word_1_51' title='bbox 1157 827 1363 897; x_wconf 82' lang='grc' dir='ltr'>ῥήμασι</span> <span class='ocrx_word' id='word_1_52' title='bbox 1407 824 1827 896; x_wconf 79' lang='grc' dir='ltr'>ἀναθεματίζειν</span> 
     </span>
    </p>
   </div>
   <div class='ocr_carea' id='block_1_10' title="bbox 220 915 1825 990">
    <p class='ocr_par' dir='ltr' id='par_1_10' title="bbox 220 915 1825 990">
     <span class='ocr_line' id='line_1_10' title="bbox 220 915 1825 990; baseline -0.001 -19"><span class='ocrx_word' id='word_1_53' title='bbox 220 917 334 971; x_wconf 73' lang='grc' dir='ltr'><strong>τὸν</strong></span> <span class='ocrx_word' id='word_1_54' title='bbox 355 917 587 989; x_wconf 77' lang='grc' dir='ltr'>Σωτῆρα</span> <span class='ocrx_word' id='word_1_55' title='bbox 613 918 707 970; x_wconf 78' lang='grc' dir='ltr'><strong>καὶ</strong></span> <span class='ocrx_word' id='word_1_56' title='bbox 735 917 937 990; x_wconf 80' lang='grc' dir='ltr'>Κύριον</span> <span class='ocrx_word' id='word_1_57' title='bbox 968 915 1142 987; x_wconf 75' lang='grc' dir='ltr'>ἡμῶν,</span> <span class='ocrx_word' id='word_1_58' title='bbox 1169 918 1263 970; x_wconf 78' lang='grc' dir='ltr'><strong>καὶ</strong></span> <span class='ocrx_word' id='word_1_59' title='bbox 1285 917 1411 980; x_wconf 79' lang='grc' dir='ltr'>τοὺς</span> <span class='ocrx_word' id='word_1_60' title='bbox 1437 918 1518 980; x_wconf 90' lang='grc' dir='ltr'><strong>εἰς</strong></span> <span class='ocrx_word' id='word_1_61' title='bbox 1546 917 1706 971; x_wconf 78' lang='grc' dir='ltr'>αὑτὸν</span> <span class='ocrx_word' id='word_1_62' title='bbox 1727 935 1825 970; x_wconf 86' lang='grc' dir='ltr'>πε-</span> 
     </span>
    </p>
   </div>
   <div class='ocr_carea' id='block_1_11' title="bbox 221 1008 1826 1082">
    <p class='ocr_par' dir='ltr' id='par_1_11' title="bbox 221 1008 1826 1082">
     <span class='ocr_line' id='line_1_11' title="bbox 221 1008 1826 1082; baseline 0.001 -20"><span class='ocrx_word' id='word_1_63' title='bbox 221 1011 605 1074; x_wconf 55' lang='lat' dir='ltr'><strong>extenuatam;</strong></span> <span class='ocrx_word' id='word_1_64' title='bbox 650 1011 895 1073; x_wconf 73' lang='grc' dir='ltr'>ἅπαντας</span> <span class='ocrx_word' id='word_1_65' title='bbox 942 1008 1200 1074; x_wconf 86' lang='grc' dir='ltr'>εἰώθασι,</span> <span class='ocrx_word' id='word_1_66' title='bbox 1247 1009 1436 1062; x_wconf 85' lang='grc' dir='ltr'>τούτου</span> <span class='ocrx_word' id='word_1_67' title='bbox 1493 1009 1652 1082; x_wconf 82' lang='grc' dir='ltr'>χάριν</span> <span class='ocrx_word' id='word_1_68' title='bbox 1701 1011 1826 1081; x_wconf 86' lang='grc' dir='ltr'>ὲξῆς</span> 
     </span>
    </p>
   </div>
   <div class='ocr_carea' id='block_1_12' title="bbox 224 1101 1820 1173">
    <p class='ocr_par' dir='ltr' id='par_1_12' title="bbox 224 1101 1820 1173">
     <span class='ocr_line' id='line_1_12' title="bbox 224 1101 1820 1173; baseline 0.001 -19"><span class='ocrx_word' id='word_1_69' title='bbox 224 1102 517 1170; x_wconf 68' lang='grc' dir='ltr'>ἐπιλέγειο</span> <span class='ocrx_word' id='word_1_70' title='bbox 561 1121 579 1153; x_wconf 79' lang='grc' dir='ltr'><strong>ι</strong></span> <span class='ocrx_word' id='word_1_71' title='bbox 617 1101 1029 1173; x_wconf 83' lang='grc' dir='ltr'>Καταράσονται</span> <span class='ocrx_word' id='word_1_72' title='bbox 1053 1102 1240 1165; x_wconf 72' lang='grc' dir='ltr'>αὐτοὶ,</span> <span class='ocrx_word' id='word_1_73' title='bbox 1267 1101 1361 1154; x_wconf 73' lang='lat' dir='ltr'><strong>xal</strong></span> <span class='ocrx_word' id='word_1_74' title='bbox 1388 1102 1452 1154; x_wconf 78' lang='grc' dir='ltr'><strong>σὺ</strong></span> <span class='ocrx_word' id='word_1_75' title='bbox 1489 1101 1820 1173; x_wconf 82' lang='grc' dir='ltr'>εύλογήσεις.</span> 
     </span>
    </p>
   </div>
   <div class='ocr_carea' id='block_1_13' title="bbox 224 1193 1822 1266">
    <p class='ocr_par' dir='ltr' id='par_1_13' title="bbox 224 1193 1822 1266">
     <span class='ocr_line' id='line_1_13' title="bbox 224 1193 1822 1266; baseline 0.001 -19"><span class='ocrx_word' id='word_1_76' title='bbox 224 1197 304 1247; x_wconf 85' lang='grc' dir='ltr'>Οἱ</span> <span class='ocrx_word' id='word_1_77' title='bbox 332 1194 753 1266; x_wconf 78' lang='grc' dir='ltr'>ὲπανιστάμενοί</span> <span class='ocrx_word' id='word_1_78' title='bbox 778 1212 866 1265; x_wconf 87' lang='grc' dir='ltr'><strong>μοι</strong></span> <span class='ocrx_word' id='word_1_79' title='bbox 895 1195 1355 1266; x_wconf 63' lang='grc' dir='ltr'>αἱσχυνθήτωσανο</span> <span class='ocrx_word' id='word_1_80' title='bbox 1383 1197 1411 1247; x_wconf 88' lang='grc' dir='ltr'>ὁ</span> <span class='ocrx_word' id='word_1_81' title='bbox 1439 1194 1496 1248; x_wconf 85' lang='grc' dir='ltr'>δὲ</span> <span class='ocrx_word' id='word_1_82' title='bbox 1523 1193 1704 1258; x_wconf 85' lang='grc' dir='ltr'>δοῦλός</span> <span class='ocrx_word' id='word_1_83' title='bbox 1729 1213 1822 1248; x_wconf 89' lang='grc' dir='ltr'><strong>σου</strong></span> 
     </span>
    </p>
   </div>
   <div class='ocr_carea' id='block_1_14' title="bbox 223 1286 1822 1359">
    <p class='ocr_par' dir='ltr' id='par_1_14' title="bbox 223 1286 1822 1359">
     <span class='ocr_line' id='line_1_14' title="bbox 223 1286 1822 1359; baseline 0.001 -20"><span class='ocrx_word' id='word_1_84' title='bbox 223 1287 690 1359; x_wconf 68' lang='grc' dir='ltr'>εὐφρανθήσεται.</span> <span class='ocrx_word' id='word_1_85' title='bbox 743 1287 1184 1341; x_wconf 86' lang='grc' dir='ltr'>Ἑνδυσάσθωσαν</span> <span class='ocrx_word' id='word_1_86' title='bbox 1210 1289 1260 1340; x_wconf 85' lang='grc' dir='ltr'>οἱ</span> <span class='ocrx_word' id='word_1_87' title='bbox 1290 1286 1724 1352; x_wconf 80' lang='grc' dir='ltr'>ἐνδιαϐάλλοντές</span> <span class='ocrx_word' id='word_1_88' title='bbox 1756 1305 1822 1358; x_wconf 86' lang='grc' dir='ltr'><strong>με</strong></span> 
     </span>
    </p>
   </div>
   <div class='ocr_carea' id='block_1_15' title="bbox 222 1378 1822 1452">
    <p class='ocr_par' dir='ltr' id='par_1_15' title="bbox 222 1378 1822 1452">
     <span class='ocr_line' id='line_1_15' title="bbox 222 1378 1822 1452; baseline 0.003 -22"><span class='ocrx_word' id='word_1_89' title='bbox 222 1380 508 1452; x_wconf 65' lang='grc' dir='ltr'>δντροπὴν</span> <span class='ocrx_word' id='word_1_90' title='bbox 529 1421 544 1445; x_wconf 94' lang='grc'><strong>,</strong></span> <span class='ocrx_word' id='word_1_91' title='bbox 570 1381 664 1433; x_wconf 73' lang='grc' dir='ltr'><strong>καὶ</strong></span> <span class='ocrx_word' id='word_1_92' title='bbox 686 1379 1161 1452; x_wconf 79' lang='grc' dir='ltr'>περιϐαλέσθωσαν</span> <span class='ocrx_word' id='word_1_93' title='bbox 1194 1379 1270 1443; x_wconf 82' lang='grc' dir='ltr'>ὡς</span> <span class='ocrx_word' id='word_1_94' title='bbox 1298 1378 1539 1433; x_wconf 77' lang='grc' dir='ltr'>διπλοΐδα</span> <span class='ocrx_word' id='word_1_95' title='bbox 1561 1381 1822 1452; x_wconf 77' lang='grc' dir='ltr'>αἰσχύνην</span> 
     </span>
    </p>
   </div>
   <div class='ocr_carea' id='block_1_16' title="bbox 225 1466 1822 1548">
    <p class='ocr_par' dir='ltr' id='par_1_16' title="bbox 225 1466 1822 1548">
     <span class='ocr_line' id='line_1_16' title="bbox 225 1466 1822 1548; baseline -0.002 -24"><span class='ocrx_word' id='word_1_96' title='bbox 225 1469 441 1524; x_wconf 70' lang='grc' dir='ltr'>αὐτῶν.</span> <span class='ocrx_word' id='word_1_97' title='bbox 492 1469 630 1540; x_wconf 86' lang='grc' dir='ltr'>Ἐγὼ</span> <span class='ocrx_word' id='word_1_98' title='bbox 656 1469 713 1524; x_wconf 82' lang='grc' dir='ltr'><strong>δὲ</strong></span> <span class='ocrx_word' id='word_1_99' title='bbox 737 1469 1197 1548; x_wconf 74' lang='grc' dir='ltr'>ὲξομρλογήσομαι</span> <span class='ocrx_word' id='word_1_100' title='bbox 1225 1466 1303 1538; x_wconf 84' lang='grc' dir='ltr'>τῷ</span> <span class='ocrx_word' id='word_1_101' title='bbox 1327 1468 1514 1539; x_wconf 84' lang='grc' dir='ltr'>Κυρίῳ</span> <span class='ocrx_word' id='word_1_102' title='bbox 1542 1469 1744 1540; x_wconf 80' lang='grc' dir='ltr'>σφόδρα</span> <span class='ocrx_word' id='word_1_103' title='bbox 1765 1471 1822 1522; x_wconf 79' lang='grc' dir='ltr'><strong>ἐν</strong></span> 
     </span>
    </p>
   </div>
   <div class='ocr_carea' id='block_1_17' title="bbox 221 1559 1816 1634">
    <p class='ocr_par' dir='ltr' id='par_1_17' title="bbox 221 1559 1816 1634">
     <span class='ocr_line' id='line_1_17' title="bbox 221 1559 1816 1634; baseline -0.001 -18"><span class='ocrx_word' id='word_1_104' title='bbox 221 1563 316 1634; x_wconf 82' lang='grc' dir='ltr'>τῷ</span> <span class='ocrx_word' id='word_1_105' title='bbox 341 1563 570 1634; x_wconf 86' lang='grc' dir='ltr'>στόματί</span> <span class='ocrx_word' id='word_1_106' title='bbox 609 1579 731 1634; x_wconf 86' lang='grc' dir='ltr'>μου,</span> <span class='ocrx_word' id='word_1_107' title='bbox 763 1562 856 1615; x_wconf 76' lang='grc' dir='ltr'><strong>καὶ</strong></span> <span class='ocrx_word' id='word_1_108' title='bbox 875 1562 934 1615; x_wconf 83' lang='grc' dir='ltr'>ὲν</span> <span class='ocrx_word' id='word_1_109' title='bbox 967 1561 1117 1632; x_wconf 83' lang='grc' dir='ltr'><strong>μέσῳ</strong></span> <span class='ocrx_word' id='word_1_110' title='bbox 1154 1559 1363 1613; x_wconf 84' lang='grc' dir='ltr'>πολλῶν</span> <span class='ocrx_word' id='word_1_111' title='bbox 1395 1561 1593 1614; x_wconf 78' lang='grc' dir='ltr'>αἰνέσω</span> <span class='ocrx_word' id='word_1_112' title='bbox 1617 1562 1776 1616; x_wconf 80' lang='grc' dir='ltr'>αὐτόν</span> <span class='ocrx_word' id='word_1_113' title='bbox 1805 1581 1816 1592; x_wconf 95' lang='grc'><strong>·</strong></span> 
     </span>
    </p>
   </div>
   <div class='ocr_carea' id='block_1_18' title="bbox 225 1651 1820 1726">
    <p class='ocr_par' dir='ltr' id='par_1_18' title="bbox 225 1651 1820 1726">
     <span class='ocr_line' id='line_1_18' title="bbox 225 1651 1820 1726; baseline -0.003 -18"><span class='ocrx_word' id='word_1_114' title='bbox 225 1657 319 1708; x_wconf 84' lang='grc' dir='ltr'>ὃτι</span> <span class='ocrx_word' id='word_1_115' title='bbox 357 1655 610 1726; x_wconf 81' lang='grc' dir='ltr'>παρέστη</span> <span class='ocrx_word' id='word_1_116' title='bbox 658 1655 722 1707; x_wconf 79' lang='grc' dir='ltr'>ἐκ</span> <span class='ocrx_word' id='word_1_117' title='bbox 767 1652 956 1719; x_wconf 83' lang='grc' dir='ltr'>δεξιῶν</span> <span class='ocrx_word' id='word_1_118' title='bbox 996 1651 1243 1723; x_wconf 82' lang='grc' dir='ltr'>πένητος,</span> <span class='ocrx_word' id='word_1_119' title='bbox 1273 1651 1366 1705; x_wconf 81' lang='grc' dir='ltr'><strong>τοῦ</strong></span> <span class='ocrx_word' id='word_1_120' title='bbox 1407 1651 1575 1705; x_wconf 87' lang='grc' dir='ltr'>σῶσαι</span> <span class='ocrx_word' id='word_1_121' title='bbox 1608 1653 1672 1706; x_wconf 86' lang='grc' dir='ltr'>ὲκ</span> <span class='ocrx_word' id='word_1_122' title='bbox 1715 1654 1820 1706; x_wconf 82' lang='grc' dir='ltr'><strong>τῶν</strong></span> 
     </span>
    </p>
   </div>
   <div class='ocr_carea' id='block_1_19' title="bbox 227 1742 1820 1817">
    <p class='ocr_par' dir='ltr' id='par_1_19' title="bbox 227 1742 1820 1817">
     <span class='ocr_line' id='line_1_19' title="bbox 227 1742 1820 1817; baseline -0.003 -14"><span class='ocrx_word' id='word_1_123' title='bbox 227 1748 684 1802; x_wconf 79' lang='grc' dir='ltr'>καταδιωκόντων</span> <span class='ocrx_word' id='word_1_124' title='bbox 723 1745 821 1817; x_wconf 84' lang='grc' dir='ltr'><strong>τὴν</strong></span> <span class='ocrx_word' id='word_1_125' title='bbox 862 1746 1041 1817; x_wconf 82' lang='grc' dir='ltr'>ψυχήν</span> <span class='ocrx_word' id='word_1_126' title='bbox 1087 1742 1210 1816; x_wconf 79' lang='grc' dir='ltr'>μου.</span> <span class='ocrx_word' id='word_1_127' title='bbox 1251 1764 1269 1796; x_wconf 78' lang='grc' dir='ltr'><strong>ι</strong></span> <span class='ocrx_word' id='word_1_128' title='bbox 1305 1745 1414 1797; x_wconf 89' lang='lat' dir='ltr'><strong>Kal</strong></span> <span class='ocrx_word' id='word_1_129' title='bbox 1461 1745 1723 1817; x_wconf 83' lang='grc' dir='ltr'>πρόδηλόν</span> <span class='ocrx_word' id='word_1_130' title='bbox 1758 1764 1820 1815; x_wconf 82' lang='grc' dir='ltr'><strong>γε</strong></span> 
     </span>
    </p>
   </div>
   <div class='ocr_carea' id='block_1_20' title="bbox 226 1836 1828 1908">
    <p class='ocr_par' dir='ltr' id='par_1_20' title="bbox 226 1836 1828 1908">
     <span class='ocr_line' id='line_1_20' title="bbox 226 1836 1828 1908; baseline -0.002 -14"><span class='ocrx_word' id='word_1_131' title='bbox 226 1842 458 1904; x_wconf 81' lang='grc' dir='ltr'>ὁπόσοις</span> <span class='ocrx_word' id='word_1_132' title='bbox 478 1839 649 1893; x_wconf 89' lang='grc' dir='ltr'>εἰσέτι</span> <span class='ocrx_word' id='word_1_133' title='bbox 684 1840 779 1893; x_wconf 75' lang='grc' dir='ltr'>καὶ</span> <span class='ocrx_word' id='word_1_134' title='bbox 799 1839 892 1893; x_wconf 91' lang='grc' dir='ltr'><strong>νῦν</strong></span> <span class='ocrx_word' id='word_1_135' title='bbox 915 1839 966 1891; x_wconf 83' lang='grc' dir='ltr'>οἱ</span> <span class='ocrx_word' id='word_1_136' title='bbox 990 1837 1091 1901; x_wconf 85' lang='grc' dir='ltr'>τὰς</span> <span class='ocrx_word' id='word_1_137' title='bbox 1123 1839 1242 1892; x_wconf 82' lang='grc' dir='ltr'>κατ’</span> <span class='ocrx_word' id='word_1_138' title='bbox 1271 1836 1434 1890; x_wconf 81' lang='grc' dir='ltr'>αὑτοῦ</span> <span class='ocrx_word' id='word_1_139' title='bbox 1458 1837 1597 1908; x_wconf 86' lang='grc' dir='ltr'>ἀρὰς</span> <span class='ocrx_word' id='word_1_140' title='bbox 1625 1840 1680 1890; x_wconf 81' lang='grc' dir='ltr'>ὲν</span> <span class='ocrx_word' id='word_1_141' title='bbox 1710 1843 1828 1901; x_wconf 85' lang='grc' dir='ltr'>ταῖς</span> 
     </span>
    </p>
   </div>
   <div class='ocr_carea' id='block_1_21' title="bbox 228 1929 1823 2002">
    <p class='ocr_par' dir='ltr' id='par_1_21' title="bbox 228 1929 1823 2002">
     <span class='ocr_line' id='line_1_21' title="bbox 228 1929 1823 2002; baseline -0.003 -15"><span class='ocrx_word' id='word_1_142' title='bbox 228 1932 454 1987; x_wconf 74' lang='grc' dir='ltr'>ἑαυτῶν</span> <span class='ocrx_word' id='word_1_143' title='bbox 512 1935 850 2002; x_wconf 82' lang='grc' dir='ltr'>συναγωγαῖς</span> <span class='ocrx_word' id='word_1_144' title='bbox 899 1930 1212 2002; x_wconf 83' lang='grc' dir='ltr'>ποιούμενοι</span> <span class='ocrx_word' id='word_1_145' title='bbox 1261 1929 1549 1984; x_wconf 84' lang='grc' dir='ltr'>παλαίουσι</span> <span class='ocrx_word' id='word_1_146' title='bbox 1601 1934 1789 1993; x_wconf 83' lang='grc' dir='ltr'>κακοῖς</span> <span class='ocrx_word' id='word_1_147' title='bbox 1810 1971 1823 1992; x_wconf 91' lang='grc'><strong>,</strong></span> 
     </span>
    </p>
   </div>
   <div class='ocr_carea' id='block_1_22' title="bbox 226 2021 1825 2103">
    <p class='ocr_par' dir='ltr' id='par_1_22' title="bbox 226 2021 1825 2103">
     <span class='ocr_line' id='line_1_22' title="bbox 226 2021 1825 2103; baseline -0.001 -25"><span class='ocrx_word' id='word_1_148' title='bbox 226 2025 347 2103; x_wconf 80' lang='grc' dir='ltr'>ἀπὸ</span> <span class='ocrx_word' id='word_1_149' title='bbox 375 2023 486 2078; x_wconf 89' lang='grc' dir='ltr'><strong>τῶν</strong></span> <span class='ocrx_word' id='word_1_150' title='bbox 513 2024 690 2079; x_wconf 83' lang='grc' dir='ltr'>αὐτῶν</span> <span class='ocrx_word' id='word_1_151' title='bbox 722 2025 931 2097; x_wconf 83' lang='grc' dir='ltr'>χρόνων</span> <span class='ocrx_word' id='word_1_152' title='bbox 969 2023 1090 2096; x_wconf 82' lang='grc' dir='ltr'>μηδ’</span> <span class='ocrx_word' id='word_1_153' title='bbox 1117 2023 1256 2086; x_wconf 83' lang='grc' dir='ltr'>ὅλως</span> <span class='ocrx_word' id='word_1_154' title='bbox 1280 2023 1576 2076; x_wconf 80' lang='grc' dir='ltr'>ἀνανεῦσαι</span> <span class='ocrx_word' id='word_1_155' title='bbox 1607 2021 1825 2093; x_wconf 84' lang='grc' dir='ltr'>δεδυνη-</span> 
     </span>
    </p>
   </div>
   <div class='ocr_carea' id='block_1_23' title="bbox 233 2109 1824 2186">
    <p class='ocr_par' dir='ltr' id='par_1_23' title="bbox 233 2109 1824 2186">
     <span class='ocr_line' id='line_1_23' title="bbox 233 2109 1824 2186; baseline -0.002 -17"><span class='ocrx_word' id='word_1_156' title='bbox 233 2115 416 2186; x_wconf 86' lang='grc' dir='ltr'>μένοι,</span> <span class='ocrx_word' id='word_1_157' title='bbox 441 2116 588 2178; x_wconf 82' lang='grc' dir='ltr'>ὅπως</span> <span class='ocrx_word' id='word_1_158' title='bbox 612 2132 673 2168; x_wconf 84' lang='grc' dir='ltr'><strong>τε</strong></span> <span class='ocrx_word' id='word_1_159' title='bbox 686 2114 852 2178; x_wconf 77' lang='grc' dir='ltr'>αὐτὸς</span> <span class='ocrx_word' id='word_1_160' title='bbox 881 2109 1028 2168; x_wconf 76' lang='grc' dir='ltr'>αἶνον</span> <span class='ocrx_word' id='word_1_161' title='bbox 1049 2111 1128 2182; x_wconf 85' lang='grc' dir='ltr'>τῷ</span> <span class='ocrx_word' id='word_1_162' title='bbox 1155 2113 1330 2183; x_wconf 78' lang='grc' dir='ltr'>Πατρὶ</span> <span class='ocrx_word' id='word_1_163' title='bbox 1361 2113 1417 2165; x_wconf 83' lang='grc' dir='ltr'>ὲν</span> <span class='ocrx_word' id='word_1_164' title='bbox 1447 2113 1596 2183; x_wconf 85' lang='grc' dir='ltr'>μέσῳ</span> <span class='ocrx_word' id='word_1_165' title='bbox 1618 2113 1824 2166; x_wconf 81' lang='grc' dir='ltr'>πολλῶν</span> 
     </span>
    </p>
   </div>
   <div class='ocr_carea' id='block_1_24' title="bbox 227 2201 1826 2276">
    <p class='ocr_par' dir='ltr' id='par_1_24' title="bbox 227 2201 1826 2276">
     <span class='ocr_line' id='line_1_24' title="bbox 227 2201 1826 2276; baseline -0.003 -17"><span class='ocrx_word' id='word_1_166' title='bbox 227 2205 412 2259; x_wconf 68' lang='grc' dir='ltr'>ῐθνῶν</span> <span class='ocrx_word' id='word_1_167' title='bbox 443 2205 535 2258; x_wconf 80' lang='grc' dir='ltr'><strong>τὸν</strong></span> <span class='ocrx_word' id='word_1_168' title='bbox 575 2203 664 2258; x_wconf 85' lang='grc' dir='ltr'>διὰ</span> <span class='ocrx_word' id='word_1_169' title='bbox 701 2205 800 2276; x_wconf 88' lang='grc' dir='ltr'><strong>τῆς</strong></span> <span class='ocrx_word' id='word_1_170' title='bbox 846 2203 1041 2274; x_wconf 85' lang='grc' dir='ltr'>καινῆς</span> <span class='ocrx_word' id='word_1_171' title='bbox 1090 2201 1364 2274; x_wconf 85' lang='grc' dir='ltr'>Διαθήκης</span> <span class='ocrx_word' id='word_1_172' title='bbox 1405 2201 1570 2255; x_wconf 82' lang='grc' dir='ltr'>αὑτοῦ</span> <span class='ocrx_word' id='word_1_173' title='bbox 1623 2219 1826 2272; x_wconf 80' lang='grc' dir='ltr'>καταρ-</span> 
     </span>
    </p>
   </div>
   <div class='ocr_carea' id='block_1_25' title="bbox 226 2291 1826 2366">
    <p class='ocr_par' dir='ltr' id='par_1_25' title="bbox 226 2291 1826 2366">
     <span class='ocr_line' id='line_1_25' title="bbox 226 2291 1826 2366; baseline -0.004 -16"><span class='ocrx_word' id='word_1_174' title='bbox 226 2295 466 2363; x_wconf 79' lang='grc' dir='ltr'>τίζεται,</span> <span class='ocrx_word' id='word_1_175' title='bbox 499 2298 755 2366; x_wconf 83' lang='grc' dir='ltr'>συνεργὸν</span> <span class='ocrx_word' id='word_1_176' title='bbox 784 2295 876 2349; x_wconf 80' lang='grc' dir='ltr'><strong>τὸν</strong></span> <span class='ocrx_word' id='word_1_177' title='bbox 907 2293 1146 2364; x_wconf 87' lang='grc' dir='ltr'>Πατέρα,</span> <span class='ocrx_word' id='word_1_178' title='bbox 1179 2292 1273 2345; x_wconf 79' lang='grc' dir='ltr'><strong>καὶ</strong></span> <span class='ocrx_word' id='word_1_179' title='bbox 1303 2293 1402 2361; x_wconf 87' lang='grc' dir='ltr'><strong>τῆς</strong></span> <span class='ocrx_word' id='word_1_180' title='bbox 1434 2291 1627 2346; x_wconf 81' lang='grc' dir='ltr'>ἑαυτοῦ</span> <span class='ocrx_word' id='word_1_181' title='bbox 1651 2292 1826 2358; x_wconf 77' lang='grc' dir='ltr'>δεξιᾶς</span> 
     </span>
    </p>
   </div>
   <div class='ocr_carea' id='block_1_26' title="bbox 230 2382 1823 2463">
    <p class='ocr_par' dir='ltr' id='par_1_26' title="bbox 230 2382 1823 2463">
     <span class='ocr_line' id='line_1_26' title="bbox 230 2382 1823 2463; baseline -0.007 -19"><span class='ocrx_word' id='word_1_182' title='bbox 230 2389 510 2463; x_wconf 71' lang='grc' dir='ltr'>πάρεδρον</span> <span class='ocrx_word' id='word_1_183' title='bbox 544 2386 909 2459; x_wconf 86' lang='grc' dir='ltr'>κεκτημένος⁶</span> <span class='ocrx_word' id='word_1_184' title='bbox 943 2385 1023 2439; x_wconf 88' lang='grc' dir='ltr'><strong>διό</strong></span> <span class='ocrx_word' id='word_1_185' title='bbox 1046 2400 1208 2455; x_wconf 81' lang='grc' dir='ltr'>φησιν</span> <span class='ocrx_word' id='word_1_186' title='bbox 1228 2399 1241 2412; x_wconf 86' lang='grc'><strong>·</strong></span> <span class='ocrx_word' id='word_1_187' title='bbox 1267 2401 1286 2434; x_wconf 81' lang='grc' dir='ltr'><strong>ι</strong></span> <span class='ocrx_word' id='word_1_188' title='bbox 1324 2382 1410 2436; x_wconf 85' lang='grc' dir='ltr'>Ἐν</span> <span class='ocrx_word' id='word_1_189' title='bbox 1437 2383 1587 2454; x_wconf 82' lang='grc' dir='ltr'>μέσῳ</span> <span class='ocrx_word' id='word_1_190' title='bbox 1615 2382 1823 2435; x_wconf 90' lang='grc' dir='ltr'>πολλῶν</span> 
     </span>
    </p>
   </div>
   <div class='ocr_carea' id='block_1_27' title="bbox 231 2465 1824 2548">
    <p class='ocr_par' dir='ltr' id='par_1_27' title="bbox 231 2465 1824 2548">
     <span class='ocr_line' id='line_1_27' title="bbox 231 2465 1824 2548; baseline -0.004 -15"><span class='ocrx_word' id='word_1_191' title='bbox 231 2465 442 2535; x_wconf 72' lang='grc' dir='ltr'>αἰνέσω</span> <span class='ocrx_word' id='word_1_192' title='bbox 469 2479 662 2544; x_wconf 78' lang='grc' dir='ltr'>αὐτὸν,</span> <span class='ocrx_word' id='word_1_193' title='bbox 698 2480 781 2532; x_wconf 86' lang='grc' dir='ltr'>ὃτι.</span> <span class='ocrx_word' id='word_1_194' title='bbox 815 2478 1064 2548; x_wconf 83' lang='grc' dir='ltr'>παρέστη</span> <span class='ocrx_word' id='word_1_195' title='bbox 1089 2478 1154 2529; x_wconf 80' lang='grc' dir='ltr'><strong>ἐκ</strong></span> <span class='ocrx_word' id='word_1_196' title='bbox 1175 2474 1364 2540; x_wconf 82' lang='grc' dir='ltr'>δεξιῶν</span> <span class='ocrx_word' id='word_1_197' title='bbox 1393 2475 1638 2546; x_wconf 84' lang='grc' dir='ltr'>πένητος.</span> <span class='ocrx_word' id='word_1_198' title='bbox 1667 2493 1684 2526; x_wconf 77' lang='grc' dir='ltr'><strong>ι</strong></span> <span class='ocrx_word' id='word_1_199' title='bbox 1715 2473 1824 2528; x_wconf 90' lang='lat' dir='ltr'><strong>Kal</strong></span> 
     </span>
    </p>
   </div>
   <div class='ocr_carea' id='block_1_28' title="bbox 120 2566 1825 2643">
    <p class='ocr_par' dir='ltr' id='par_1_28' title="bbox 120 2566 1825 2643">
     <span class='ocr_line' id='line_1_28' title="bbox 120 2566 1825 2643; baseline -0.004 -17"><span class='ocrx_word' id='word_1_200' title='bbox 120 2635 132 2643; x_wconf 38' lang='grc' dir='ltr'><strong><em>ο</em></strong></span> <span class='ocrx_word' id='word_1_201' title='bbox 229 2573 333 2643; x_wconf 75' lang='grc' dir='ltr'>τὴν</span> <span class='ocrx_word' id='word_1_202' title='bbox 370 2571 512 2643; x_wconf 77' lang='grc' dir='ltr'>μετὰ</span> <span class='ocrx_word' id='word_1_203' title='bbox 551 2571 642 2625; x_wconf 82' lang='grc' dir='ltr'><strong>τὸν</strong></span> <span class='ocrx_word' id='word_1_204' title='bbox 685 2570 912 2624; x_wconf 83' lang='grc' dir='ltr'>θάνατον</span> <span class='ocrx_word' id='word_1_205' title='bbox 944 2568 1108 2622; x_wconf 83' lang='grc' dir='ltr'>αὑτοῦ</span> <span class='ocrx_word' id='word_1_206' title='bbox 1144 2567 1413 2639; x_wconf 81' lang='grc' dir='ltr'>σωτηρίαν</span> <span class='ocrx_word' id='word_1_207' title='bbox 1443 2566 1703 2622; x_wconf 84' lang='grc' dir='ltr'>διδάσκει.</span> <span class='ocrx_word' id='word_1_208' title='bbox 1739 2568 1825 2620; x_wconf 83' lang='grc' dir='ltr'>λέ-</span> 
     </span>
    </p>
   </div>
   <div class='ocr_carea' id='block_1_29' title="bbox 230 2659 1824 2731">
    <p class='ocr_par' dir='ltr' id='par_1_29' title="bbox 230 2659 1824 2731">
     <span class='ocr_line' id='line_1_29' title="bbox 230 2659 1824 2731; baseline -0.003 -15"><span class='ocrx_word' id='word_1_209' title='bbox 230 2681 349 2731; x_wconf 85' lang='grc' dir='ltr'><strong>γων</strong></span> <span class='ocrx_word' id='word_1_210' title='bbox 369 2679 387 2693; x_wconf 73' lang='grc' dir='ltr'><strong><em>ο</em></strong></span> <span class='ocrx_word' id='word_1_211' title='bbox 431 2682 449 2715; x_wconf 83' lang='grc' dir='ltr'><strong>ι</strong></span> <span class='ocrx_word' id='word_1_212' title='bbox 481 2661 587 2716; x_wconf 89' lang='grc' dir='ltr'><strong>Τοῦ</strong></span> <span class='ocrx_word' id='word_1_213' title='bbox 625 2661 793 2714; x_wconf 88' lang='grc' dir='ltr'>σῶσαι</span> <span class='ocrx_word' id='word_1_214' title='bbox 826 2663 890 2713; x_wconf 80' lang='grc' dir='ltr'>ὲκ</span> <span class='ocrx_word' id='word_1_215' title='bbox 920 2659 1030 2713; x_wconf 90' lang='grc' dir='ltr'><strong>τῶν</strong></span> <span class='ocrx_word' id='word_1_216' title='bbox 1063 2660 1504 2714; x_wconf 82' lang='grc' dir='ltr'>καταδιωκόντων</span> <span class='ocrx_word' id='word_1_217' title='bbox 1530 2663 1626 2731; x_wconf 83' lang='grc' dir='ltr'>τὴν</span> <span class='ocrx_word' id='word_1_218' title='bbox 1647 2659 1824 2730; x_wconf 78' lang='grc' dir='ltr'>ψυχήν</span> 
     </span>
    </p>
   </div>
   <div class='ocr_carea' id='block_1_30' title="bbox 237 2751 1822 2826">
    <p class='ocr_par' dir='ltr' id='par_1_30' title="bbox 237 2751 1822 2826">
     <span class='ocr_line' id='line_1_30' title="bbox 237 2751 1822 2826; baseline -0.004 -18"><span class='ocrx_word' id='word_1_219' title='bbox 237 2773 371 2826; x_wconf 88' lang='grc' dir='ltr'>μου.</span> <span class='ocrx_word' id='word_1_220' title='bbox 413 2773 434 2807; x_wconf 75' lang='grc' dir='ltr'><strong>ι</strong></span> <span class='ocrx_word' id='word_1_221' title='bbox 486 2753 770 2826; x_wconf 83' lang='grc' dir='ltr'>Ἀνωτέρω</span> <span class='ocrx_word' id='word_1_222' title='bbox 809 2752 939 2822; x_wconf 90' lang='grc' dir='ltr'>γοῦν</span> <span class='ocrx_word' id='word_1_223' title='bbox 970 2753 1147 2823; x_wconf 78' lang='grc' dir='ltr'>φήσας</span> <span class='ocrx_word' id='word_1_224' title='bbox 1177 2751 1268 2804; x_wconf 80' lang='grc' dir='ltr'>τόο</span> <span class='ocrx_word' id='word_1_225' title='bbox 1301 2771 1318 2802; x_wconf 83' lang='grc' dir='ltr'><strong>ι</strong></span> <span class='ocrx_word' id='word_1_226' title='bbox 1362 2751 1697 2814; x_wconf 83' lang='grc' dir='ltr'>Κατεδίωξεν</span> <span class='ocrx_word' id='word_1_227' title='bbox 1727 2752 1822 2803; x_wconf 83' lang='grc' dir='ltr'><strong>ἄν-</strong></span> 
     </span>
    </p>
   </div>
   <div class='ocr_carea' id='block_1_31' title="bbox 234 2841 1820 2916">
    <p class='ocr_par' dir='ltr' id='par_1_31' title="bbox 234 2841 1820 2916">
     <span class='ocr_line' id='line_1_31' title="bbox 234 2841 1820 2916; baseline -0.003 -18"><span class='ocrx_word' id='word_1_228' title='bbox 234 2845 459 2916; x_wconf 82' lang='grc' dir='ltr'>θρωπον</span> <span class='ocrx_word' id='word_1_229' title='bbox 499 2846 704 2916; x_wconf 84' lang='grc' dir='ltr'>πένητα</span> <span class='ocrx_word' id='word_1_230' title='bbox 730 2845 822 2897; x_wconf 75' lang='grc' dir='ltr'><strong>καὶ</strong></span> <span class='ocrx_word' id='word_1_231' title='bbox 855 2846 1067 2914; x_wconf 76' lang='grc' dir='ltr'>πτωχὸν</span> <span class='ocrx_word' id='word_1_232' title='bbox 1088 2883 1102 2905; x_wconf 92' lang='grc'><strong>,</strong></span> <span class='ocrx_word' id='word_1_233' title='bbox 1138 2845 1232 2897; x_wconf 72' lang='grc' dir='ltr'><strong>καὶ</strong></span> <span class='ocrx_word' id='word_1_234' title='bbox 1262 2841 1724 2912; x_wconf 82' lang='grc' dir='ltr'>κατανενυγμένον</span> <span class='ocrx_word' id='word_1_235' title='bbox 1756 2845 1820 2912; x_wconf 83' lang='grc' dir='ltr'>τῇ</span> 
     </span>
    </p>
   </div>
   <div class='ocr_carea' id='block_1_32' title="bbox 233 2933 1822 3009">
    <p class='ocr_par' dir='ltr' id='par_1_32' title="bbox 233 2933 1822 3009">
     <span class='ocr_line' id='line_1_32' title="bbox 233 2933 1822 3009; baseline -0.004 -17"><span class='ocrx_word' id='word_1_236' title='bbox 233 2936 440 3009; x_wconf 68' lang='grc' dir='ltr'>καρδίᾳ</span> <span class='ocrx_word' id='word_1_237' title='bbox 464 2936 559 2990; x_wconf 91' lang='grc' dir='ltr'><strong>τοῦ</strong></span> <span class='ocrx_word' id='word_1_238' title='bbox 595 2935 939 2998; x_wconf 88' lang='grc' dir='ltr'>θανατῶσαι,</span> <span class='ocrx_word' id='word_1_239' title='bbox 981 2954 998 2986; x_wconf 80' lang='grc' dir='ltr'><strong>ι</strong></span> <span class='ocrx_word' id='word_1_240' title='bbox 1029 2936 1122 2988; x_wconf 70' lang='grc' dir='ltr'>καὶ</span> <span class='ocrx_word' id='word_1_241' title='bbox 1148 2935 1333 3003; x_wconf 68' lang='grc' dir='ltr'>σαφῶς</span> <span class='ocrx_word' id='word_1_242' title='bbox 1355 2933 1598 3003; x_wconf 86' lang='grc' dir='ltr'>δηλώσας</span> <span class='ocrx_word' id='word_1_243' title='bbox 1630 2933 1822 2986; x_wconf 78' lang='grc' dir='ltr'>ἑαυτοῦ</span> 
     </span>
    </p>
   </div>
   <div class='ocr_carea' id='block_1_33' title="bbox 232 3026 1824 3103">
    <p class='ocr_par' dir='ltr' id='par_1_33' title="bbox 232 3026 1824 3103">
     <span class='ocr_line' id='line_1_33' title="bbox 232 3026 1824 3103; baseline -0.004 -19"><span class='ocrx_word' id='word_1_244' title='bbox 232 3033 329 3086; x_wconf 84' lang='grc' dir='ltr'><strong>τὸν</strong></span> <span class='ocrx_word' id='word_1_245' title='bbox 349 3032 580 3086; x_wconf 81' lang='grc' dir='ltr'>θάνατον</span> <span class='ocrx_word' id='word_1_246' title='bbox 604 3031 958 3103; x_wconf 76' lang='grc' dir='ltr'>περιγράφων</span> <span class='ocrx_word' id='word_1_247' title='bbox 978 3031 1076 3101; x_wconf 77' lang='grc' dir='ltr'>τὴν</span> <span class='ocrx_word' id='word_1_248' title='bbox 1100 3029 1433 3102; x_wconf 75' lang='grc' dir='ltr'>προφητείαν</span> <span class='ocrx_word' id='word_1_249' title='bbox 1454 3027 1550 3098; x_wconf 83' lang='grc' dir='ltr'><strong>τὴν</strong></span> <span class='ocrx_word' id='word_1_250' title='bbox 1575 3026 1710 3096; x_wconf 89' lang='grc' dir='ltr'>μετὰ</span> <span class='ocrx_word' id='word_1_251' title='bbox 1731 3027 1824 3080; x_wconf 83' lang='grc' dir='ltr'><strong>τὸν</strong></span> 
     </span>
    </p>
   </div>
   <div class='ocr_carea' id='block_1_34' title="bbox 235 3119 1825 3195">
    <p class='ocr_par' dir='ltr' id='par_1_34' title="bbox 235 3119 1825 3195">
     <span class='ocr_line' id='line_1_34' title="bbox 235 3119 1825 3195; baseline -0.003 -18"><span class='ocrx_word' id='word_1_252' title='bbox 235 3125 469 3180; x_wconf 75' lang='grc' dir='ltr'>θάνατον</span> <span class='ocrx_word' id='word_1_253' title='bbox 499 3123 660 3178; x_wconf 84' lang='grc' dir='ltr'>αὑτοῦ</span> <span class='ocrx_word' id='word_1_254' title='bbox 690 3123 958 3195; x_wconf 84' lang='grc' dir='ltr'>σωτηρίαν</span> <span class='ocrx_word' id='word_1_255' title='bbox 986 3121 1204 3194; x_wconf 62' lang='grc' dir='ltr'><strong>⁴ᾐνίξατο</strong></span> <span class='ocrx_word' id='word_1_256' title='bbox 1232 3120 1421 3175; x_wconf 80' lang='grc' dir='ltr'>εἰπών’</span> <span class='ocrx_word' id='word_1_257' title='bbox 1449 3139 1466 3170; x_wconf 81' lang='grc' dir='ltr'><strong>ι</strong></span> <span class='ocrx_word' id='word_1_258' title='bbox 1496 3119 1614 3172; x_wconf 88' lang='grc' dir='ltr'>’Ότι</span> <span class='ocrx_word' id='word_1_259' title='bbox 1658 3120 1825 3190; x_wconf 81' lang='grc' dir='ltr'>παρέ-</span> 
     </span>
    </p>
   </div>
   <div class='ocr_carea' id='block_1_35' title="bbox 1934 544 3507 616">
    <p class='ocr_par' dir='ltr' id='par_1_35' title="bbox 1934 544 3507 616">
     <span class='ocr_line' id='line_1_35' title="bbox 1934 544 3507 616; baseline -0.001 -14"><span class='ocrx_word' id='word_1_260' title='bbox 1934 562 2068 602; x_wconf 90' lang='lat' dir='ltr'><strong>num</strong></span> <span class='ocrx_word' id='word_1_261' title='bbox 2104 546 2346 616; x_wconf 90' lang='lat' dir='ltr'><strong>seipsum</strong></span> <span class='ocrx_word' id='word_1_262' title='bbox 2377 545 2658 607; x_wconf 89' lang='lat' dir='ltr'><strong>nominat,</strong></span> <span class='ocrx_word' id='word_1_263' title='bbox 2689 545 2879 601; x_wconf 89' lang='lat' dir='ltr'><strong>dicens</strong></span> <span class='ocrx_word' id='word_1_264' title='bbox 2909 565 2920 600; x_wconf 92' lang='lat'>:</span> <span class='ocrx_word' id='word_1_265' title='bbox 2952 565 2971 598; x_wconf 78' lang='grc' dir='ltr'><strong>ι</strong></span> <span class='ocrx_word' id='word_1_266' title='bbox 3000 545 3066 600; x_wconf 86' lang='lat' dir='ltr'><strong>Et</strong></span> <span class='ocrx_word' id='word_1_267' title='bbox 3107 553 3164 602; x_wconf 91' lang='lat' dir='ltr'><strong>tu</strong></span> <span class='ocrx_word' id='word_1_268' title='bbox 3187 588 3202 613; x_wconf 92' lang='lat'><strong>,</strong></span> <span class='ocrx_word' id='word_1_269' title='bbox 3239 544 3466 601; x_wconf 86' lang='lat' dir='ltr'><strong>Domine</strong></span> <span class='ocrx_word' id='word_1_270' title='bbox 3488 585 3507 612; x_wconf 92' lang='lat'><strong>,</strong></span> 
     </span>
    </p>
   </div>
   <div class='ocr_carea' id='block_1_36' title="bbox 1933 638 3505 710">
    <p class='ocr_par' dir='ltr' id='par_1_36' title="bbox 1933 638 3505 710">
     <span class='ocr_line' id='line_1_36' title="bbox 1933 638 3505 710; baseline -0.001 -17"><span class='ocrx_word' id='word_1_271' title='bbox 1933 639 2163 694; x_wconf 89' lang='lat' dir='ltr'><strong>Domine</strong></span> <span class='ocrx_word' id='word_1_272' title='bbox 2185 681 2199 704; x_wconf 91' lang='lat'><strong>,</strong></span> <span class='ocrx_word' id='word_1_273' title='bbox 2234 638 2318 693; x_wconf 80' lang='lat' dir='ltr'><strong>fac</strong></span> <span class='ocrx_word' id='word_1_274' title='bbox 2348 655 2560 694; x_wconf 92' lang='lat' dir='ltr'><strong>mecum</strong></span> <span class='ocrx_word' id='word_1_275' title='bbox 2592 639 3026 695; x_wconf 89' lang='lat' dir='ltr'><strong>misericordiam</strong></span> <span class='ocrx_word' id='word_1_276' title='bbox 3057 649 3278 710; x_wconf 84' lang='lat' dir='ltr'><strong>propter</strong></span> <span class='ocrx_word' id='word_1_277' title='bbox 3307 654 3505 693; x_wconf 87' lang='lat' dir='ltr'><strong>nomen</strong></span> 
     </span>
    </p>
   </div>
   <div class='ocr_carea' id='block_1_37' title="bbox 1933 730 3506 802">
    <p class='ocr_par' dir='ltr' id='par_1_37' title="bbox 1933 730 3506 802">
     <span class='ocr_line' id='line_1_37' title="bbox 1933 730 3506 802; baseline -0.001 -16"><span class='ocrx_word' id='word_1_278' title='bbox 1933 741 2116 795; x_wconf 87' lang='lat' dir='ltr'><strong>tuum,</strong></span> <span class='ocrx_word' id='word_1_279' title='bbox 2152 730 2282 802; x_wconf 90' lang='lat' dir='ltr'><strong>quia</strong></span> <span class='ocrx_word' id='word_1_280' title='bbox 2313 731 2549 802; x_wconf 83' lang='lat' dir='ltr'><strong>benigna</strong></span> <span class='ocrx_word' id='word_1_281' title='bbox 2591 739 2676 788; x_wconf 92' lang='lat' dir='ltr'><strong>est</strong></span> <span class='ocrx_word' id='word_1_282' title='bbox 2710 731 3090 787; x_wconf 83' lang='lat' dir='ltr'><strong>misericordia</strong></span> <span class='ocrx_word' id='word_1_283' title='bbox 3139 742 3235 786; x_wconf 89' lang='lat' dir='ltr'><strong>tua</strong></span> <span class='ocrx_word' id='word_1_284' title='bbox 3307 730 3506 787; x_wconf 85' lang='lat' dir='ltr'><strong>Libera</strong></span> 
     </span>
    </p>
   </div>
   <div class='ocr_carea' id='block_1_38' title="bbox 1932 821 3506 894">
    <p class='ocr_par' dir='ltr' id='par_1_38' title="bbox 1932 821 3506 894">
     <span class='ocr_line' id='line_1_38' title="bbox 1932 821 3506 894; baseline 0.001 -18"><span class='ocrx_word' id='word_1_285' title='bbox 1932 836 2052 886; x_wconf 89' lang='lat' dir='ltr'><strong>me,</strong></span> <span class='ocrx_word' id='word_1_286' title='bbox 2097 821 2228 890; x_wconf 85' lang='lat' dir='ltr'><strong>quia</strong></span> <span class='ocrx_word' id='word_1_287' title='bbox 2270 837 2476 891; x_wconf 85' lang='lat' dir='ltr'><strong>egenus</strong></span> <span class='ocrx_word' id='word_1_288' title='bbox 2525 833 2580 877; x_wconf 91' lang='lat' dir='ltr'><strong>et</strong></span> <span class='ocrx_word' id='word_1_289' title='bbox 2622 838 2828 893; x_wconf 86' lang='lat' dir='ltr'><strong>pauper</strong></span> <span class='ocrx_word' id='word_1_290' title='bbox 2861 839 2982 878; x_wconf 90' lang='lat' dir='ltr'><strong>sum</strong></span> <span class='ocrx_word' id='word_1_291' title='bbox 3011 839 3112 894; x_wconf 88' lang='lat' dir='ltr'><strong>ego</strong></span> <span class='ocrx_word' id='word_1_292' title='bbox 3143 824 3209 878; x_wconf 81' lang='lat'><strong>“.</strong></span> <span class='ocrx_word' id='word_1_293' title='bbox 3243 843 3262 876; x_wconf 73' lang='grc' dir='ltr'><strong>ι</strong></span> <span class='ocrx_word' id='word_1_294' title='bbox 3288 823 3506 890; x_wconf 87' lang='lat' dir='ltr'><strong>Quibus</strong></span> 
     </span>
    </p>
   </div>
   <div class='ocr_carea' id='block_1_39' title="bbox 1932 913 3505 985">
    <p class='ocr_par' dir='ltr' id='par_1_39' title="bbox 1932 913 3505 985">
     <span class='ocr_line' id='line_1_39' title="bbox 1932 913 3505 985; baseline 0.002 -17"><span class='ocrx_word' id='word_1_295' title='bbox 1932 922 2058 984; x_wconf 90' lang='lat' dir='ltr'><strong>post</strong></span> <span class='ocrx_word' id='word_1_296' title='bbox 2089 914 2195 968; x_wconf 88' lang='lat' dir='ltr'><strong>alia</strong></span> <span class='ocrx_word' id='word_1_297' title='bbox 2224 913 2474 985; x_wconf 86' lang='lat' dir='ltr'><strong>adjungit</strong></span> <span class='ocrx_word' id='word_1_298' title='bbox 2506 935 2518 969; x_wconf 76' lang='grc' dir='ltr'>ε</span> <span class='ocrx_word' id='word_1_299' title='bbox 2549 934 2567 966; x_wconf 82' lang='grc' dir='ltr'><strong>ι</strong></span> <span class='ocrx_word' id='word_1_300' title='bbox 2595 914 2784 970; x_wconf 88' lang='lat' dir='ltr'><strong>Genua</strong></span> <span class='ocrx_word' id='word_1_301' title='bbox 2820 929 2939 972; x_wconf 90' lang='lat' dir='ltr'><strong>mea</strong></span> <span class='ocrx_word' id='word_1_302' title='bbox 2983 916 3253 971; x_wconf 88' lang='lat' dir='ltr'><strong>inﬁrmata</strong></span> <span class='ocrx_word' id='word_1_303' title='bbox 3303 923 3432 972; x_wconf 87' lang='lat' dir='ltr'><strong>sunt</strong></span> <span class='ocrx_word' id='word_1_304' title='bbox 3473 934 3505 971; x_wconf 90' lang='lat' dir='ltr'><strong>a</strong></span> 
     </span>
    </p>
   </div>
   <div class='ocr_carea' id='block_1_40' title="bbox 1927 1007 3500 1080">
    <p class='ocr_par' dir='ltr' id='par_1_40' title="bbox 1927 1007 3500 1080">
     <span class='ocr_line' id='line_1_40' title="bbox 1927 1007 3500 1080; baseline 0.002 -18"><span class='ocrx_word' id='word_1_305' title='bbox 1927 1007 2172 1078; x_wconf 83' lang='lat' dir='ltr'><strong>jejunio,</strong></span> <span class='ocrx_word' id='word_1_306' title='bbox 2207 1015 2260 1063; x_wconf 89' lang='lat' dir='ltr'><strong>et</strong></span> <span class='ocrx_word' id='word_1_307' title='bbox 2290 1024 2419 1063; x_wconf 91' lang='lat' dir='ltr'><strong>caro</strong></span> <span class='ocrx_word' id='word_1_308' title='bbox 2449 1025 2567 1064; x_wconf 85' lang='lat' dir='ltr'><strong>mea</strong></span> <span class='ocrx_word' id='word_1_309' title='bbox 2599 1010 2882 1064; x_wconf 91' lang='lat' dir='ltr'><strong>immutata</strong></span> <span class='ocrx_word' id='word_1_310' title='bbox 2913 1019 2998 1065; x_wconf 91' lang='lat' dir='ltr'><strong>est</strong></span> <span class='ocrx_word' id='word_1_311' title='bbox 3029 1018 3250 1080; x_wconf 86' lang='lat' dir='ltr'><strong>propter</strong></span> <span class='ocrx_word' id='word_1_312' title='bbox 3276 1012 3455 1065; x_wconf 89' lang='lat' dir='ltr'><strong>oleum</strong></span> <span class='ocrx_word' id='word_1_313' title='bbox 3485 1028 3500 1066; x_wconf 88' lang='lat'><strong>:</strong></span> 
     </span>
    </p>
   </div>
   <div class='ocr_carea' id='block_1_41' title="bbox 1930 1099 3502 1172">
    <p class='ocr_par' dir='ltr' id='par_1_41' title="bbox 1930 1099 3502 1172">
     <span class='ocr_line' id='line_1_41' title="bbox 1930 1099 3502 1172; baseline 0.002 -18"><span class='ocrx_word' id='word_1_314' title='bbox 1930 1107 1984 1154; x_wconf 92' lang='lat' dir='ltr'><strong>et</strong></span> <span class='ocrx_word' id='word_1_315' title='bbox 2014 1115 2115 1170; x_wconf 85' lang='lat' dir='ltr'><strong>ego</strong></span> <span class='ocrx_word' id='word_1_316' title='bbox 2147 1099 2324 1156; x_wconf 83' lang='lat' dir='ltr'><strong>factus</strong></span> <span class='ocrx_word' id='word_1_317' title='bbox 2357 1116 2476 1156; x_wconf 92' lang='lat' dir='ltr'><strong>sum</strong></span> <span class='ocrx_word' id='word_1_318' title='bbox 2529 1102 2884 1172; x_wconf 86' lang='lat' dir='ltr'><strong>opprobrium</strong></span> <span class='ocrx_word' id='word_1_319' title='bbox 2935 1103 3064 1157; x_wconf 89' lang='lat' dir='ltr'><strong>illis.</strong></span> <span class='ocrx_word' id='word_1_320' title='bbox 3101 1102 3366 1157; x_wconf 84' lang='lat' dir='ltr'><strong>Viderunt</strong></span> <span class='ocrx_word' id='word_1_321' title='bbox 3416 1119 3502 1157; x_wconf 88' lang='lat' dir='ltr'><strong>me</strong></span> 
     </span>
    </p>
   </div>
   <div class='ocr_carea' id='block_1_42' title="bbox 1929 1195 3504 1266">
    <p class='ocr_par' dir='ltr' id='par_1_42' title="bbox 1929 1195 3504 1266">
     <span class='ocr_line' id='line_1_42' title="bbox 1929 1195 3504 1266; baseline 0.002 -18"><span class='ocrx_word' id='word_1_322' title='bbox 1929 1201 1984 1248; x_wconf 94' lang='lat' dir='ltr'><strong>et</strong></span> <span class='ocrx_word' id='word_1_323' title='bbox 2019 1202 2310 1248; x_wconf 87' lang='lat' dir='ltr'><strong>moverunt</strong></span> <span class='ocrx_word' id='word_1_324' title='bbox 2345 1195 2523 1264; x_wconf 87' lang='lat' dir='ltr'><strong>capita</strong></span> <span class='ocrx_word' id='word_1_325' title='bbox 2555 1210 2654 1250; x_wconf 90' lang='lat' dir='ltr'><strong>sua</strong></span> <span class='ocrx_word' id='word_1_326' title='bbox 2683 1197 2766 1250; x_wconf 74' lang='grc' dir='ltr'><strong>τοι</strong></span> <span class='ocrx_word' id='word_1_327' title='bbox 2800 1215 2818 1246; x_wconf 75' lang='grc' dir='ltr'><strong>ι</strong></span> <span class='ocrx_word' id='word_1_328' title='bbox 2847 1211 2968 1266; x_wconf 69' lang='lat' dir='ltr'><strong>qua:</strong></span> <span class='ocrx_word' id='word_1_329' title='bbox 2996 1211 3128 1250; x_wconf 84' lang='lat' dir='ltr'><strong>sane</strong></span> <span class='ocrx_word' id='word_1_330' title='bbox 3159 1197 3274 1266; x_wconf 87' lang='lat' dir='ltr'><strong>ipsa</strong></span> <span class='ocrx_word' id='word_1_331' title='bbox 3308 1197 3504 1252; x_wconf 84' lang='lat' dir='ltr'><strong>nihilo-</strong></span> 
     </span>
    </p>
   </div>
   <div class='ocr_carea' id='block_1_43' title="bbox 1929 1285 3502 1357">
    <p class='ocr_par' dir='ltr' id='par_1_43' title="bbox 1929 1285 3502 1357">
     <span class='ocr_line' id='line_1_43' title="bbox 1929 1285 3502 1357; baseline 0.003 -19"><span class='ocrx_word' id='word_1_332' title='bbox 1929 1285 2113 1341; x_wconf 88' lang='lat' dir='ltr'><strong>minus</strong></span> <span class='ocrx_word' id='word_1_333' title='bbox 2159 1303 2319 1342; x_wconf 91' lang='lat' dir='ltr'><strong>suum</strong></span> <span class='ocrx_word' id='word_1_334' title='bbox 2369 1287 2530 1341; x_wconf 91' lang='lat' dir='ltr'><strong>ﬁnem</strong></span> <span class='ocrx_word' id='word_1_335' title='bbox 2575 1300 2873 1342; x_wconf 86' lang='lat' dir='ltr'><strong>consecuta</strong></span> <span class='ocrx_word' id='word_1_336' title='bbox 2907 1296 3070 1350; x_wconf 90' lang='lat' dir='ltr'><strong>sunt,</strong></span> <span class='ocrx_word' id='word_1_337' title='bbox 3103 1304 3214 1357; x_wconf 87' lang='lat' dir='ltr'><strong>quo</strong></span> <span class='ocrx_word' id='word_1_338' title='bbox 3256 1297 3502 1357; x_wconf 89' lang='lat' dir='ltr'><strong>tempore</strong></span> 
     </span>
    </p>
   </div>
   <div class='ocr_carea' id='block_1_44' title="bbox 1928 1378 3501 1448">
    <p class='ocr_par' dir='ltr' id='par_1_44' title="bbox 1928 1378 3501 1448">
     <span class='ocr_line' id='line_1_44' title="bbox 1928 1378 3501 1448; baseline 0.002 -17"><span class='ocrx_word' id='word_1_339' title='bbox 1928 1378 2021 1448; x_wconf 90' lang='lat' dir='ltr'><strong>qui</strong></span> <span class='ocrx_word' id='word_1_340' title='bbox 2053 1380 2440 1448; x_wconf 67' lang='lat' dir='ltr'><strong>prazteribant,</strong></span> <span class='ocrx_word' id='word_1_341' title='bbox 2481 1380 2884 1434; x_wconf 85' lang='lat' dir='ltr'><strong>maledicebant</strong></span> <span class='ocrx_word' id='word_1_342' title='bbox 2920 1383 2969 1438; x_wconf 87' lang='lat' dir='ltr'><strong>ei</strong></span> <span class='ocrx_word' id='word_1_343' title='bbox 3006 1390 3288 1435; x_wconf 87' lang='lat' dir='ltr'><strong>moventes</strong></span> <span class='ocrx_word' id='word_1_344' title='bbox 3319 1382 3501 1448; x_wconf 85' lang='lat' dir='ltr'><strong>capita</strong></span> 
     </span>
    </p>
   </div>
   <div class='ocr_carea' id='block_1_45' title="bbox 1929 1472 3500 1544">
    <p class='ocr_par' dir='ltr' id='par_1_45' title="bbox 1929 1472 3500 1544">
     <span class='ocr_line' id='line_1_45' title="bbox 1929 1472 3500 1544; baseline 0.001 -16"><span class='ocrx_word' id='word_1_345' title='bbox 1929 1488 2029 1528; x_wconf 88' lang='lat' dir='ltr'><strong>sua</strong></span> <span class='ocrx_word' id='word_1_346' title='bbox 2068 1481 2123 1528; x_wconf 92' lang='lat' dir='ltr'><strong>et</strong></span> <span class='ocrx_word' id='word_1_347' title='bbox 2157 1472 2404 1528; x_wconf 89' lang='lat' dir='ltr'><strong>dicentes</strong></span> <span class='ocrx_word' id='word_1_348' title='bbox 2431 1492 2444 1526; x_wconf 76' lang='grc' dir='ltr'>ε</span> <span class='ocrx_word' id='word_1_349' title='bbox 2473 1491 2492 1523; x_wconf 80' lang='grc' dir='ltr'><strong>ι</strong></span> <span class='ocrx_word' id='word_1_350' title='bbox 2522 1474 2675 1528; x_wconf 87' lang='lat' dir='ltr'><strong>Alios</strong></span> <span class='ocrx_word' id='word_1_351' title='bbox 2705 1475 2888 1530; x_wconf 90' lang='lat' dir='ltr'><strong>salvos</strong></span> <span class='ocrx_word' id='word_1_352' title='bbox 2917 1475 3081 1539; x_wconf 85' lang='lat' dir='ltr'><strong>fecit,</strong></span> <span class='ocrx_word' id='word_1_353' title='bbox 3114 1477 3353 1544; x_wconf 88' lang='lat' dir='ltr'><strong>seipsum</strong></span> <span class='ocrx_word' id='word_1_354' title='bbox 3389 1491 3500 1529; x_wconf 90' lang='lat' dir='ltr'><strong>non</strong></span> 
     </span>
    </p>
   </div>
   <div class='ocr_carea' id='block_1_46' title="bbox 1929 1565 3502 1634">
    <p class='ocr_par' dir='ltr' id='par_1_46' title="bbox 1929 1565 3502 1634">
     <span class='ocr_line' id='line_1_46' title="bbox 1929 1565 3502 1634; baseline 0.002 -15"><span class='ocrx_word' id='word_1_355' title='bbox 1929 1573 2107 1634; x_wconf 91' lang='lat' dir='ltr'><strong>potest</strong></span> <span class='ocrx_word' id='word_1_356' title='bbox 2136 1567 2347 1621; x_wconf 87' lang='lat' dir='ltr'><strong>salvum</strong></span> <span class='ocrx_word' id='word_1_357' title='bbox 2377 1565 2556 1621; x_wconf 77' lang='lat' dir='ltr'><strong>facere</strong></span> <span class='ocrx_word' id='word_1_358' title='bbox 2578 1568 2644 1622; x_wconf 73' lang='grc' dir='ltr'><strong>τί.</strong></span> <span class='ocrx_word' id='word_1_359' title='bbox 2673 1566 2978 1633; x_wconf 74' lang='grc' dir='ltr'>»Ωυοιιίειιη</span> <span class='ocrx_word' id='word_1_360' title='bbox 3008 1583 3135 1622; x_wconf 80' lang='lat' dir='ltr'><strong>vero</strong></span> <span class='ocrx_word' id='word_1_361' title='bbox 3159 1569 3320 1622; x_wconf 89' lang='lat' dir='ltr'><strong>etiam</strong></span> <span class='ocrx_word' id='word_1_362' title='bbox 3353 1582 3502 1622; x_wconf 91' lang='lat' dir='ltr'><strong>nunc</strong></span> 
     </span>
    </p>
   </div>
   <div class='ocr_carea' id='block_1_47' title="bbox 1925 1655 3504 1730">
    <p class='ocr_par' dir='ltr' id='par_1_47' title="bbox 1925 1655 3504 1730">
     <span class='ocr_line' id='line_1_47' title="bbox 1925 1655 3504 1730; baseline 0.002 -20"><span class='ocrx_word' id='word_1_363' title='bbox 1925 1655 2098 1711; x_wconf 69' lang='lat' dir='ltr'><strong>Judaei</strong></span> <span class='ocrx_word' id='word_1_364' title='bbox 2135 1666 2351 1726; x_wconf 90' lang='lat' dir='ltr'><strong>patrum</strong></span> <span class='ocrx_word' id='word_1_365' title='bbox 2384 1672 2612 1712; x_wconf 91' lang='lat' dir='ltr'><strong>suorum</strong></span> <span class='ocrx_word' id='word_1_366' title='bbox 2650 1658 2706 1711; x_wconf 93' lang='lat' dir='ltr'><strong>in</strong></span> <span class='ocrx_word' id='word_1_367' title='bbox 2738 1658 2950 1728; x_wconf 90' lang='lat' dir='ltr'><strong>seipsos</strong></span> <span class='ocrx_word' id='word_1_368' title='bbox 2975 1658 3144 1730; x_wconf 68' lang='grc'><strong>478</strong></span> <span class='ocrx_word' id='word_1_369' title='bbox 3175 1659 3504 1713; x_wconf 86' lang='lat' dir='ltr'><strong>exsecratio-</strong></span> 
     </span>
    </p>
   </div>
   <div class='ocr_carea' id='block_1_48' title="bbox 1927 1747 3501 1804">
    <p class='ocr_par' dir='ltr' id='par_1_48' title="bbox 1927 1747 3501 1804">
     <span class='ocr_line' id='line_1_48' title="bbox 1927 1747 3501 1804; baseline 0.003 -4"><span class='ocrx_word' id='word_1_370' title='bbox 1927 1763 2050 1803; x_wconf 90' lang='lat' dir='ltr'><strong>nem</strong></span> <span class='ocrx_word' id='word_1_371' title='bbox 2090 1747 2434 1804; x_wconf 85' lang='lat' dir='ltr'><strong>attrahentes</strong></span> <span class='ocrx_word' id='word_1_372' title='bbox 2475 1749 2911 1804; x_wconf 85' lang='lat' dir='ltr'><strong>exsecrabilibus</strong></span> <span class='ocrx_word' id='word_1_373' title='bbox 2953 1756 3008 1804; x_wconf 90' lang='lat' dir='ltr'><strong>et</strong></span> <span class='ocrx_word' id='word_1_374' title='bbox 3054 1751 3280 1804; x_wconf 81' lang='lat' dir='ltr'><strong>nefariis</strong></span> <span class='ocrx_word' id='word_1_375' title='bbox 3318 1749 3501 1804; x_wconf 82' lang='lat' dir='ltr'><strong>verbis</strong></span> 
     </span>
    </p>
   </div>
   <div class='ocr_carea' id='block_1_49' title="bbox 1863 1839 3502 1905">
    <p class='ocr_par' dir='ltr' id='par_1_49' title="bbox 1863 1839 3502 1905">
     <span class='ocr_line' id='line_1_49' title="bbox 1863 1839 3502 1905; baseline -0.001 -10"><span class='ocrx_word' id='word_1_376' title='bbox 1863 1850 1902 1902; x_wconf 75' lang='grc' dir='ltr'><strong>Β</strong></span> <span class='ocrx_word' id='word_1_377' title='bbox 1930 1839 2190 1896; x_wconf 88' lang='lat' dir='ltr'><strong>detestari</strong></span> <span class='ocrx_word' id='word_1_378' title='bbox 2235 1840 2574 1895; x_wconf 88' lang='lat' dir='ltr'><strong>Salvatorem</strong></span> <span class='ocrx_word' id='word_1_379' title='bbox 2618 1855 2682 1894; x_wconf 91' lang='lat' dir='ltr'><strong>ac</strong></span> <span class='ocrx_word' id='word_1_380' title='bbox 2725 1839 3014 1894; x_wconf 91' lang='lat' dir='ltr'><strong>Dominum</strong></span> <span class='ocrx_word' id='word_1_381' title='bbox 3061 1849 3348 1905; x_wconf 83' lang='lat' dir='ltr'><strong>nostrum,</strong></span> <span class='ocrx_word' id='word_1_382' title='bbox 3389 1856 3502 1894; x_wconf 88' lang='lat' dir='ltr'><strong>om-</strong></span> 
     </span>
    </p>
   </div>
   <div class='ocr_carea' id='block_1_50' title="bbox 1929 1932 3502 2002">
    <p class='ocr_par' dir='ltr' id='par_1_50' title="bbox 1929 1932 3502 2002">
     <span class='ocr_line' id='line_1_50' title="bbox 1929 1932 3502 2002; baseline 0.001 -16"><span class='ocrx_word' id='word_1_383' title='bbox 1929 1948 2138 2002; x_wconf 89' lang='lat' dir='ltr'><strong>nesque</strong></span> <span class='ocrx_word' id='word_1_384' title='bbox 2165 1933 2480 2002; x_wconf 90' lang='lat' dir='ltr'><strong>quicunque</strong></span> <span class='ocrx_word' id='word_1_385' title='bbox 2522 1933 2578 1987; x_wconf 90' lang='lat' dir='ltr'><strong>in</strong></span> <span class='ocrx_word' id='word_1_386' title='bbox 2609 1932 2772 1988; x_wconf 89' lang='lat' dir='ltr'><strong>ﬁdem</strong></span> <span class='ocrx_word' id='word_1_387' title='bbox 2817 1933 2938 2001; x_wconf 88' lang='lat' dir='ltr'><strong>ejus</strong></span> <span class='ocrx_word' id='word_1_388' title='bbox 2979 1934 3332 1997; x_wconf 85' lang='lat' dir='ltr'><strong>transierint,</strong></span> <span class='ocrx_word' id='word_1_389' title='bbox 3375 1947 3502 1988; x_wconf 82' lang='lat' dir='ltr'><strong>con-</strong></span> 
     </span>
    </p>
   </div>
   <div class='ocr_carea' id='block_1_51' title="bbox 1928 2023 3500 2096">
    <p class='ocr_par' dir='ltr' id='par_1_51' title="bbox 1928 2023 3500 2096">
     <span class='ocr_line' id='line_1_51' title="bbox 1928 2023 3500 2096; baseline -0.001 -17"><span class='ocrx_word' id='word_1_390' title='bbox 1928 2039 2156 2080; x_wconf 86' lang='lat' dir='ltr'><strong>suevere</strong></span> <span class='ocrx_word' id='word_1_391' title='bbox 2177 2067 2191 2092; x_wconf 90' lang='lat'><strong>,</strong></span> <span class='ocrx_word' id='word_1_392' title='bbox 2231 2024 2442 2079; x_wconf 91' lang='lat' dir='ltr'><strong>idcirco</strong></span> <span class='ocrx_word' id='word_1_393' title='bbox 2482 2025 2741 2096; x_wconf 90' lang='lat' dir='ltr'><strong>deinceps</strong></span> <span class='ocrx_word' id='word_1_394' title='bbox 2789 2024 3039 2095; x_wconf 88' lang='lat' dir='ltr'><strong>adjungit</strong></span> <span class='ocrx_word' id='word_1_395' title='bbox 3073 2044 3086 2079; x_wconf 93' lang='lat'>:</span> <span class='ocrx_word' id='word_1_396' title='bbox 3121 2043 3140 2077; x_wconf 82' lang='grc' dir='ltr'><strong>ι</strong></span> <span class='ocrx_word' id='word_1_397' title='bbox 3172 2023 3500 2080; x_wconf 85' lang='lat' dir='ltr'><strong>Maledicent</strong></span> 
     </span>
    </p>
   </div>
   <div class='ocr_carea' id='block_1_52' title="bbox 1928 2114 3500 2186">
    <p class='ocr_par' dir='ltr' id='par_1_52' title="bbox 1928 2114 3500 2186">
     <span class='ocr_line' id='line_1_52' title="bbox 1928 2114 3500 2186; baseline 0.001 -18"><span class='ocrx_word' id='word_1_398' title='bbox 1928 2115 2036 2180; x_wconf 89' lang='lat' dir='ltr'><strong>illi,</strong></span> <span class='ocrx_word' id='word_1_399' title='bbox 2064 2122 2118 2172; x_wconf 85' lang='lat' dir='ltr'><strong>et</strong></span> <span class='ocrx_word' id='word_1_400' title='bbox 2145 2122 2206 2170; x_wconf 86' lang='lat' dir='ltr'><strong>tu</strong></span> <span class='ocrx_word' id='word_1_401' title='bbox 2231 2115 2544 2172; x_wconf 87' lang='lat' dir='ltr'><strong>benedices.</strong></span> <span class='ocrx_word' id='word_1_402' title='bbox 2579 2115 2686 2182; x_wconf 86' lang='lat' dir='ltr'><strong>Qui</strong></span> <span class='ocrx_word' id='word_1_403' title='bbox 2716 2117 3007 2186; x_wconf 78' lang='lat' dir='ltr'><strong>insurgunt</strong></span> <span class='ocrx_word' id='word_1_404' title='bbox 3035 2116 3089 2169; x_wconf 90' lang='lat' dir='ltr'><strong>in</strong></span> <span class='ocrx_word' id='word_1_405' title='bbox 3122 2130 3242 2180; x_wconf 90' lang='lat' dir='ltr'><strong>me,</strong></span> <span class='ocrx_word' id='word_1_406' title='bbox 3273 2114 3500 2170; x_wconf 69' lang='lat' dir='ltr'><strong>confun-</strong></span> 
     </span>
    </p>
   </div>
   <div class='ocr_carea' id='block_1_53' title="bbox 1927 2204 3499 2264">
    <p class='ocr_par' dir='ltr' id='par_1_53' title="bbox 1927 2204 3499 2264">
     <span class='ocr_line' id='line_1_53' title="bbox 1927 2204 3499 2264; baseline 0 -4"><span class='ocrx_word' id='word_1_407' title='bbox 1927 2204 2165 2261; x_wconf 88' lang='lat' dir='ltr'><strong>dantur:</strong></span> <span class='ocrx_word' id='word_1_408' title='bbox 2216 2223 2410 2264; x_wconf 89' lang='lat' dir='ltr'><strong>servus</strong></span> <span class='ocrx_word' id='word_1_409' title='bbox 2457 2215 2638 2262; x_wconf 85' lang='lat' dir='ltr'><strong>autem</strong></span> <span class='ocrx_word' id='word_1_410' title='bbox 2681 2214 2814 2263; x_wconf 84' lang='lat' dir='ltr'><strong>tuus</strong></span> <span class='ocrx_word' id='word_1_411' title='bbox 2855 2207 3145 2262; x_wconf 69' lang='lat' dir='ltr'><strong>laetabitur.</strong></span> <span class='ocrx_word' id='word_1_412' title='bbox 3197 2206 3499 2261; x_wconf 86' lang='lat' dir='ltr'><strong>Induantur</strong></span> 
     </span>
    </p>
   </div>
   <div class='ocr_carea' id='block_1_54' title="bbox 1925 2298 3500 2370">
    <p class='ocr_par' dir='ltr' id='par_1_54' title="bbox 1925 2298 3500 2370">
     <span class='ocr_line' id='line_1_54' title="bbox 1925 2298 3500 2370; baseline -0.003 -16"><span class='ocrx_word' id='word_1_413' title='bbox 1925 2299 2017 2370; x_wconf 91' lang='lat' dir='ltr'><strong>qui</strong></span> <span class='ocrx_word' id='word_1_414' title='bbox 2064 2298 2359 2354; x_wconf 87' lang='lat' dir='ltr'><strong>detrahunt</strong></span> <span class='ocrx_word' id='word_1_415' title='bbox 2391 2299 2560 2364; x_wconf 91' lang='lat' dir='ltr'><strong>mihi,</strong></span> <span class='ocrx_word' id='word_1_416' title='bbox 2607 2299 2852 2369; x_wconf 88' lang='lat' dir='ltr'><strong>pudore,</strong></span> <span class='ocrx_word' id='word_1_417' title='bbox 2899 2307 2953 2353; x_wconf 91' lang='lat' dir='ltr'><strong>et</strong></span> <span class='ocrx_word' id='word_1_418' title='bbox 2983 2299 3302 2368; x_wconf 73' lang='lat' dir='ltr'><strong>aperiantur</strong></span> <span class='ocrx_word' id='word_1_419' title='bbox 3357 2298 3500 2353; x_wconf 88' lang='lat' dir='ltr'><strong>sicut</strong></span> 
     </span>
    </p>
   </div>
   <div class='ocr_carea' id='block_1_55' title="bbox 1925 2389 3499 2462">
    <p class='ocr_par' dir='ltr' id='par_1_55' title="bbox 1925 2389 3499 2462">
     <span class='ocr_line' id='line_1_55' title="bbox 1925 2389 3499 2462; baseline -0.004 -15"><span class='ocrx_word' id='word_1_420' title='bbox 1925 2392 2204 2462; x_wconf 90' lang='lat' dir='ltr'><strong>diploide,</strong></span> <span class='ocrx_word' id='word_1_421' title='bbox 2256 2391 2582 2448; x_wconf 78' lang='lat' dir='ltr'><strong>confusione</strong></span> <span class='ocrx_word' id='word_1_422' title='bbox 2632 2406 2753 2448; x_wconf 89' lang='lat' dir='ltr'><strong>sua.</strong></span> <span class='ocrx_word' id='word_1_423' title='bbox 2800 2390 2914 2462; x_wconf 82' lang='lat' dir='ltr'><strong>Ego</strong></span> <span class='ocrx_word' id='word_1_424' title='bbox 2962 2399 3144 2446; x_wconf 90' lang='lat' dir='ltr'><strong>autem</strong></span> <span class='ocrx_word' id='word_1_425' title='bbox 3196 2389 3499 2445; x_wconf 91' lang='lat' dir='ltr'><strong>conﬁtebor</strong></span> 
     </span>
    </p>
   </div>
   <div class='ocr_carea' id='block_1_56' title="bbox 1929 2481 3499 2540">
    <p class='ocr_par' dir='ltr' id='par_1_56' title="bbox 1929 2481 3499 2540">
     <span class='ocr_line' id='line_1_56' title="bbox 1929 2481 3499 2540; baseline -0.003 -4"><span class='ocrx_word' id='word_1_426' title='bbox 1929 2483 2156 2538; x_wconf 91' lang='lat' dir='ltr'><strong>Domino</strong></span> <span class='ocrx_word' id='word_1_427' title='bbox 2179 2485 2235 2538; x_wconf 90' lang='lat' dir='ltr'><strong>in</strong></span> <span class='ocrx_word' id='word_1_428' title='bbox 2258 2499 2356 2540; x_wconf 91' lang='lat' dir='ltr'><strong>ore</strong></span> <span class='ocrx_word' id='word_1_429' title='bbox 2384 2499 2504 2539; x_wconf 90' lang='lat' dir='ltr'><strong>meo</strong></span> <span class='ocrx_word' id='word_1_430' title='bbox 2533 2503 2546 2539; x_wconf 90' lang='lat'><strong>:</strong></span> <span class='ocrx_word' id='word_1_431' title='bbox 2571 2491 2625 2540; x_wconf 90' lang='lat' dir='ltr'><strong>et</strong></span> <span class='ocrx_word' id='word_1_432' title='bbox 2654 2485 2708 2538; x_wconf 92' lang='lat' dir='ltr'><strong>in</strong></span> <span class='ocrx_word' id='word_1_433' title='bbox 2739 2483 2918 2538; x_wconf 91' lang='lat' dir='ltr'><strong>medio</strong></span> <span class='ocrx_word' id='word_1_434' title='bbox 2944 2484 3240 2537; x_wconf 90' lang='lat' dir='ltr'><strong>multorum</strong></span> <span class='ocrx_word' id='word_1_435' title='bbox 3265 2481 3499 2536; x_wconf 84' lang='lat' dir='ltr'><strong>laudabo</strong></span> 
     </span>
    </p>
   </div>
   <div class='ocr_carea' id='block_1_57' title="bbox 1925 2573 3499 2646">
    <p class='ocr_par' dir='ltr' id='par_1_57' title="bbox 1925 2573 3499 2646">
     <span class='ocr_line' id='line_1_57' title="bbox 1925 2573 3499 2646; baseline -0.002 -15"><span class='ocrx_word' id='word_1_436' title='bbox 1925 2589 2070 2631; x_wconf 84' lang='lat' dir='ltr'><strong>eum.</strong></span> <span class='ocrx_word' id='word_1_437' title='bbox 2127 2574 2396 2642; x_wconf 76' lang='lat' dir='ltr'><strong>Quoniam</strong></span> <span class='ocrx_word' id='word_1_438' title='bbox 2443 2575 2622 2632; x_wconf 87' lang='lat' dir='ltr'><strong>astitit</strong></span> <span class='ocrx_word' id='word_1_439' title='bbox 2662 2590 2690 2630; x_wconf 86' lang='lat' dir='ltr'><strong>a</strong></span> <span class='ocrx_word' id='word_1_440' title='bbox 2721 2574 2930 2632; x_wconf 80' lang='lat' dir='ltr'><strong>dextris</strong></span> <span class='ocrx_word' id='word_1_441' title='bbox 2955 2573 3249 2646; x_wconf 79' lang='lat' dir='ltr'><strong>pauperis,</strong></span> <span class='ocrx_word' id='word_1_442' title='bbox 3288 2580 3352 2629; x_wconf 84' lang='lat' dir='ltr'><strong>ut</strong></span> <span class='ocrx_word' id='word_1_443' title='bbox 3389 2573 3499 2629; x_wconf 87' lang='lat' dir='ltr'><strong>sal-</strong></span> 
     </span>
    </p>
   </div>
   <div class='ocr_carea' id='block_1_58' title="bbox 1924 2666 3494 2739">
    <p class='ocr_par' dir='ltr' id='par_1_58' title="bbox 1924 2666 3494 2739">
     <span class='ocr_line' id='line_1_58' title="bbox 1924 2666 3494 2739; baseline -0.002 -17"><span class='ocrx_word' id='word_1_444' title='bbox 1924 2683 2046 2722; x_wconf 91' lang='lat' dir='ltr'><strong>vam</strong></span> <span class='ocrx_word' id='word_1_445' title='bbox 2092 2666 2297 2723; x_wconf 80' lang='lat' dir='ltr'><strong>faceret</strong></span> <span class='ocrx_word' id='word_1_446' title='bbox 2329 2684 2359 2722; x_wconf 90' lang='lat' dir='ltr'><strong>a</strong></span> <span class='ocrx_word' id='word_1_447' title='bbox 2392 2669 2848 2739; x_wconf 88' lang='lat' dir='ltr'><strong>persequentibus</strong></span> <span class='ocrx_word' id='word_1_448' title='bbox 2891 2669 3130 2721; x_wconf 88' lang='lat' dir='ltr'><strong>animam</strong></span> <span class='ocrx_word' id='word_1_449' title='bbox 3177 2682 3354 2722; x_wconf 86' lang='lat' dir='ltr'><strong>meam</strong></span> <span class='ocrx_word' id='word_1_450' title='bbox 3377 2667 3442 2724; x_wconf 83' lang='lat'><strong>&quot;.</strong></span> <span class='ocrx_word' id='word_1_451' title='bbox 3473 2686 3494 2719; x_wconf 74' lang='grc' dir='ltr'><strong>ι</strong></span> 
     </span>
    </p>
   </div>
   <div class='ocr_carea' id='block_1_59' title="bbox 1924 2758 3501 2831">
    <p class='ocr_par' dir='ltr' id='par_1_59' title="bbox 1924 2758 3501 2831">
     <span class='ocr_line' id='line_1_59' title="bbox 1924 2758 3501 2831; baseline -0.001 -19"><span class='ocrx_word' id='word_1_452' title='bbox 1924 2759 1991 2813; x_wconf 85' lang='grc' dir='ltr'>Ει</span> <span class='ocrx_word' id='word_1_453' title='bbox 2019 2775 2152 2815; x_wconf 88' lang='lat' dir='ltr'><strong>sane</strong></span> <span class='ocrx_word' id='word_1_454' title='bbox 2177 2767 2395 2816; x_wconf 87' lang='lat' dir='ltr'><strong>constat</strong></span> <span class='ocrx_word' id='word_1_455' title='bbox 2421 2776 2584 2831; x_wconf 88' lang='lat' dir='ltr'><strong>quam</strong></span> <span class='ocrx_word' id='word_1_456' title='bbox 2618 2761 2808 2815; x_wconf 90' lang='lat' dir='ltr'><strong>multis</strong></span> <span class='ocrx_word' id='word_1_457' title='bbox 2837 2759 3002 2815; x_wconf 89' lang='lat' dir='ltr'><strong>etiam</strong></span> <span class='ocrx_word' id='word_1_458' title='bbox 3031 2774 3178 2814; x_wconf 89' lang='lat' dir='ltr'><strong>nunc</strong></span> <span class='ocrx_word' id='word_1_459' title='bbox 3208 2759 3374 2813; x_wconf 88' lang='lat' dir='ltr'><strong>rebus</strong></span> <span class='ocrx_word' id='word_1_460' title='bbox 3403 2758 3501 2812; x_wconf 83' lang='lat' dir='ltr'><strong>ad-</strong></span> 
     </span>
    </p>
   </div>
   <div class='ocr_carea' id='block_1_60' title="bbox 1924 2849 3499 2922">
    <p class='ocr_par' dir='ltr' id='par_1_60' title="bbox 1924 2849 3499 2922">
     <span class='ocr_line' id='line_1_60' title="bbox 1924 2849 3499 2922; baseline -0.002 -16"><span class='ocrx_word' id='word_1_461' title='bbox 1924 2852 2100 2906; x_wconf 82' lang='lat' dir='ltr'><strong>versis</strong></span> <span class='ocrx_word' id='word_1_462' title='bbox 2143 2851 2526 2908; x_wconf 84' lang='lat' dir='ltr'><strong>conﬁictentur</strong></span> <span class='ocrx_word' id='word_1_463' title='bbox 2573 2851 2887 2922; x_wconf 90' lang='lat' dir='ltr'><strong>quicunque</strong></span> <span class='ocrx_word' id='word_1_464' title='bbox 2943 2851 3352 2906; x_wconf 86' lang='lat' dir='ltr'><strong>exsecrationes</strong></span> <span class='ocrx_word' id='word_1_465' title='bbox 3403 2849 3499 2903; x_wconf 88' lang='lat' dir='ltr'><strong>ad-</strong></span> 
     </span>
    </p>
   </div>
   <div class='ocr_carea' id='block_1_61' title="bbox 1923 2941 3502 3012">
    <p class='ocr_par' dir='ltr' id='par_1_61' title="bbox 1923 2941 3502 3012">
     <span class='ocr_line' id='line_1_61' title="bbox 1923 2941 3502 3012; baseline 0.001 -17"><span class='ocrx_word' id='word_1_466' title='bbox 1923 2959 2114 2998; x_wconf 90' lang='lat' dir='ltr'><strong>versus</strong></span> <span class='ocrx_word' id='word_1_467' title='bbox 2146 2944 2297 2997; x_wconf 91' lang='lat' dir='ltr'><strong>illum</strong></span> <span class='ocrx_word' id='word_1_468' title='bbox 2332 2944 2387 2998; x_wconf 90' lang='lat' dir='ltr'><strong>in</strong></span> <span class='ocrx_word' id='word_1_469' title='bbox 2439 2945 2554 3000; x_wconf 84' lang='lat' dir='ltr'><strong>suis</strong></span> <span class='ocrx_word' id='word_1_470' title='bbox 2611 2943 2969 2999; x_wconf 88' lang='lat' dir='ltr'><strong>conventibus</strong></span> <span class='ocrx_word' id='word_1_471' title='bbox 3013 2943 3256 3012; x_wconf 88' lang='lat' dir='ltr'><strong>jactant&#39;,</strong></span> <span class='ocrx_word' id='word_1_472' title='bbox 3302 2941 3502 3011; x_wconf 86' lang='lat' dir='ltr'><strong>quippe</strong></span> 
     </span>
    </p>
   </div>
   <div class='ocr_carea' id='block_1_62' title="bbox 1923 3033 3500 3107">
    <p class='ocr_par' dir='ltr' id='par_1_62' title="bbox 1923 3033 3500 3107">
     <span class='ocr_line' id='line_1_62' title="bbox 1923 3033 3500 3107; baseline -0.001 -22"><span class='ocrx_word' id='word_1_473' title='bbox 1923 3033 2015 3102; x_wconf 92' lang='lat' dir='ltr'><strong>qui</strong></span> <span class='ocrx_word' id='word_1_474' title='bbox 2046 3034 2114 3087; x_wconf 90' lang='lat' dir='ltr'><strong>ab</strong></span> <span class='ocrx_word' id='word_1_475' title='bbox 2140 3035 2332 3089; x_wconf 86' lang='lat' dir='ltr'><strong>iisdem</strong></span> <span class='ocrx_word' id='word_1_476' title='bbox 2367 3037 2706 3107; x_wconf 87' lang='lat' dir='ltr'><strong>temporibus</strong></span> <span class='ocrx_word' id='word_1_477' title='bbox 2735 3052 2802 3090; x_wconf 90' lang='lat' dir='ltr'><strong>ne</strong></span> <span class='ocrx_word' id='word_1_478' title='bbox 2834 3035 3107 3105; x_wconf 86' lang='lat' dir='ltr'><strong>respirare</strong></span> <span class='ocrx_word' id='word_1_479' title='bbox 3133 3033 3374 3103; x_wconf 88' lang='lat' dir='ltr'><strong>quidem,</strong></span> <span class='ocrx_word' id='word_1_480' title='bbox 3404 3041 3500 3085; x_wconf 89' lang='lat' dir='ltr'><strong>aut</strong></span> 
     </span>
    </p>
   </div>
   <div class='ocr_carea' id='block_1_63' title="bbox 1926 3120 3502 3196">
    <p class='ocr_par' dir='ltr' id='par_1_63' title="bbox 1926 3120 3502 3196">
     <span class='ocr_line' id='line_1_63' title="bbox 1926 3120 3502 3196; baseline -0.002 -19"><span class='ocrx_word' id='word_1_481' title='bbox 1926 3124 2203 3193; x_wconf 90' lang='lat' dir='ltr'><strong>suspicere</strong></span> <span class='ocrx_word' id='word_1_482' title='bbox 2236 3141 2476 3196; x_wconf 89' lang='lat' dir='ltr'><strong>unquam</strong></span> <span class='ocrx_word' id='word_1_483' title='bbox 2523 3126 2819 3196; x_wconf 90' lang='lat' dir='ltr'><strong>potuerint,</strong></span> <span class='ocrx_word' id='word_1_484' title='bbox 2853 3139 3125 3195; x_wconf 89' lang='lat' dir='ltr'><strong>quamque</strong></span> <span class='ocrx_word' id='word_1_485' title='bbox 3166 3123 3252 3176; x_wconf 89' lang='lat' dir='ltr'><strong>ille</strong></span> <span class='ocrx_word' id='word_1_486' title='bbox 3273 3120 3502 3179; x_wconf 80' lang='lat' dir='ltr'><strong>feliciter</strong></span> 
     </span>
    </p>
   </div>
   <div class='ocr_carea' id='block_1_64' title="bbox 236 3195 1826 3289">
    <p class='ocr_par' dir='ltr' id='par_1_64' title="bbox 236 3210 1820 3289">
     <span class='ocr_line' id='line_1_64' title="bbox 236 3210 1820 3289; baseline -0.006 -18"><span class='ocrx_word' id='word_1_487' title='bbox 236 3232 340 3289; x_wconf 77' lang='grc' dir='ltr'><strong>ατη</strong></span> <span class='ocrx_word' id='word_1_488' title='bbox 375 3219 442 3270; x_wconf 81' lang='grc' dir='ltr'>ὲκ</span> <span class='ocrx_word' id='word_1_489' title='bbox 481 3217 668 3284; x_wconf 78' lang='grc' dir='ltr'>δεξιῶν</span> <span class='ocrx_word' id='word_1_490' title='bbox 700 3216 951 3289; x_wconf 86' lang='grc' dir='ltr'>πένητος,</span> <span class='ocrx_word' id='word_1_491' title='bbox 980 3213 1074 3268; x_wconf 88' lang='grc' dir='ltr'><strong>τοῦ</strong></span> <span class='ocrx_word' id='word_1_492' title='bbox 1111 3213 1282 3267; x_wconf 88' lang='grc' dir='ltr'>σῶσαι</span> <span class='ocrx_word' id='word_1_493' title='bbox 1320 3214 1386 3266; x_wconf 80' lang='grc' dir='ltr'>ἐκ</span> <span class='ocrx_word' id='word_1_494' title='bbox 1422 3210 1530 3264; x_wconf 90' lang='grc' dir='ltr'><strong>τῶν</strong></span> <span class='ocrx_word' id='word_1_495' title='bbox 1562 3210 1820 3264; x_wconf 87' lang='grc' dir='ltr'>καταδιω-</span> 
     </span>
    </p>
   </div>
   <div class='ocr_carea' id='block_1_65' title="bbox 1928 3195 3504 3289">
    <p class='ocr_par' dir='ltr' id='par_1_65' title="bbox 1928 3213 3504 3289">
     <span class='ocr_line' id='line_1_65' title="bbox 1928 3213 3504 3289; baseline -0.002 -19"><span class='ocrx_word' id='word_1_496' title='bbox 1928 3217 1974 3270; x_wconf 90' lang='lat' dir='ltr'><strong>in</strong></span> <span class='ocrx_word' id='word_1_497' title='bbox 2007 3217 2185 3272; x_wconf 90' lang='lat' dir='ltr'><strong>medio</strong></span> <span class='ocrx_word' id='word_1_498' title='bbox 2218 3221 2510 3273; x_wconf 89' lang='lat' dir='ltr'><strong>multarum</strong></span> <span class='ocrx_word' id='word_1_499' title='bbox 2559 3219 2799 3289; x_wconf 86' lang='lat' dir='ltr'><strong>gentium</strong></span> <span class='ocrx_word' id='word_1_500' title='bbox 2848 3233 2942 3287; x_wconf 92' lang='lat' dir='ltr'><strong>per</strong></span> <span class='ocrx_word' id='word_1_501' title='bbox 2991 3233 3149 3272; x_wconf 89' lang='lat' dir='ltr'><strong>suum</strong></span> <span class='ocrx_word' id='word_1_502' title='bbox 3191 3215 3362 3285; x_wconf 89' lang='lat' dir='ltr'><strong>ipsius</strong></span> <span class='ocrx_word' id='word_1_503' title='bbox 3393 3213 3504 3268; x_wconf 79' lang='grc' dir='ltr'><strong>Νο-</strong></span> 
     </span>
    </p>
   </div>
   <div class='ocr_carea' id='block_1_66' title="bbox 234 3310 992 3382">
    <p class='ocr_par' dir='ltr' id='par_1_66' title="bbox 234 3310 992 3382">
     <span class='ocr_line' id='line_1_66' title="bbox 234 3310 992 3382; baseline -0.005 -17"><span class='ocrx_word' id='word_1_504' title='bbox 234 3311 444 3365; x_wconf 66' lang='grc' dir='ltr'>κόντων</span> <span class='ocrx_word' id='word_1_505' title='bbox 471 3311 569 3382; x_wconf 75' lang='grc' dir='ltr'>τὴν</span> <span class='ocrx_word' id='word_1_506' title='bbox 599 3310 774 3382; x_wconf 80' lang='grc' dir='ltr'>ψυχήν</span> <span class='ocrx_word' id='word_1_507' title='bbox 809 3327 929 3380; x_wconf 86' lang='grc' dir='ltr'>μου.</span> <span class='ocrx_word' id='word_1_508' title='bbox 972 3327 992 3360; x_wconf 74' lang='grc' dir='ltr'><strong>ι</strong></span> 
     </span>
    </p>
   </div>
   <div class='ocr_carea' id='block_1_67' title="bbox 1929 3305 3501 3376">
    <p class='ocr_par' dir='ltr' id='par_1_67' title="bbox 1929 3305 3501 3376">
     <span class='ocr_line' id='line_1_67' title="bbox 1929 3305 3501 3376; baseline 0 -18"><span class='ocrx_word' id='word_1_509' title='bbox 1929 3321 2054 3360; x_wconf 84' lang='lat' dir='ltr'><strong>vum</strong></span> <span class='ocrx_word' id='word_1_510' title='bbox 2090 3306 2494 3364; x_wconf 81' lang='lat' dir='ltr'><strong>Testamentum</strong></span> <span class='ocrx_word' id='word_1_511' title='bbox 2519 3323 2619 3362; x_wconf 92' lang='lat' dir='ltr'><strong>suo</strong></span> <span class='ocrx_word' id='word_1_512' title='bbox 2650 3307 2798 3362; x_wconf 89' lang='lat' dir='ltr'><strong>Patri</strong></span> <span class='ocrx_word' id='word_1_513' title='bbox 2829 3307 3039 3362; x_wconf 86' lang='lat' dir='ltr'><strong>Iaudem</strong></span> <span class='ocrx_word' id='word_1_514' title='bbox 3085 3307 3349 3376; x_wconf 87' lang='lat' dir='ltr'><strong>perﬁciat,</strong></span> <span class='ocrx_word' id='word_1_515' title='bbox 3372 3305 3501 3359; x_wconf 87' lang='lat' dir='ltr'><strong>dum</strong></span> 
     </span>
    </p>
   </div>
   <div class='ocr_carea' id='block_1_68' title="bbox 232 3396 3503 3474">
    <p class='ocr_par' dir='ltr' id='par_1_68' title="bbox 232 3396 3503 3474">
     <span class='ocr_line' id='line_1_68' title="bbox 232 3396 3503 3474; baseline -0.004 -13"><span class='ocrx_word' id='word_1_516' title='bbox 232 3407 491 3461; x_wconf 84' lang='lat' dir='ltr'><strong>eumdem</strong></span> <span class='ocrx_word' id='word_1_517' title='bbox 552 3405 765 3461; x_wconf 85' lang='lat' dir='ltr'><strong>Patrem</strong></span> <span class='ocrx_word' id='word_1_518' title='bbox 810 3405 1113 3474; x_wconf 89' lang='lat' dir='ltr'><strong>adjutorem</strong></span> <span class='ocrx_word' id='word_1_519' title='bbox 1171 3408 1226 3456; x_wconf 90' lang='lat' dir='ltr'><strong>et</strong></span> <span class='ocrx_word' id='word_1_520' title='bbox 1278 3415 1391 3456; x_wconf 71' lang='lat' dir='ltr'><strong>sua:</strong></span> <span class='ocrx_word' id='word_1_521' title='bbox 1432 3398 1640 3454; x_wconf 67' lang='lat' dir='ltr'><strong>dextra:</strong></span> <span class='ocrx_word' id='word_1_522' title='bbox 1677 3412 2012 3454; x_wconf 81' lang='lat' dir='ltr'><strong>assessorem</strong></span> <span class='ocrx_word' id='word_1_523' title='bbox 2067 3403 2296 3467; x_wconf 86' lang='lat' dir='ltr'><strong>obtinet,</strong></span> <span class='ocrx_word' id='word_1_524' title='bbox 2353 3418 2488 3472; x_wconf 91' lang='lat' dir='ltr'><strong>quas</strong></span> <span class='ocrx_word' id='word_1_525' title='bbox 2540 3403 2610 3457; x_wconf 91' lang='lat' dir='ltr'><strong>ob</strong></span> <span class='ocrx_word' id='word_1_526' title='bbox 2655 3418 2742 3458; x_wconf 89' lang='lat' dir='ltr'><strong>res</strong></span> <span class='ocrx_word' id='word_1_527' title='bbox 2793 3402 2866 3455; x_wconf 89' lang='lat' dir='ltr'><strong>ita</strong></span> <span class='ocrx_word' id='word_1_528' title='bbox 2897 3402 3212 3471; x_wconf 72' lang='lat' dir='ltr'><strong>loquiturzr</strong></span> <span class='ocrx_word' id='word_1_529' title='bbox 3243 3400 3299 3454; x_wconf 90' lang='lat' dir='ltr'><strong>In</strong></span> <span class='ocrx_word' id='word_1_530' title='bbox 3323 3396 3503 3453; x_wconf 91' lang='lat' dir='ltr'><strong>medio</strong></span> 
     </span>
    </p>
   </div>
   <div class='ocr_carea' id='block_1_69' title="bbox 235 3488 3500 3564">
    <p class='ocr_par' dir='ltr' id='par_1_69' title="bbox 235 3488 3500 3564">
     <span class='ocr_line' id='line_1_69' title="bbox 235 3488 3500 3564; baseline -0.005 -11"><span class='ocrx_word' id='word_1_531' title='bbox 235 3499 534 3554; x_wconf 86' lang='lat' dir='ltr'><strong>multorum</strong></span> <span class='ocrx_word' id='word_1_532' title='bbox 576 3497 808 3552; x_wconf 86' lang='lat' dir='ltr'><strong>laudabo</strong></span> <span class='ocrx_word' id='word_1_533' title='bbox 850 3510 998 3559; x_wconf 92' lang='lat' dir='ltr'><strong>eum,</strong></span> <span class='ocrx_word' id='word_1_534' title='bbox 1027 3493 1155 3564; x_wconf 82' lang='lat' dir='ltr'><strong>quia</strong></span> <span class='ocrx_word' id='word_1_535' title='bbox 1199 3491 1372 3546; x_wconf 87' lang='lat' dir='ltr'><strong>astitit</strong></span> <span class='ocrx_word' id='word_1_536' title='bbox 1401 3504 1432 3544; x_wconf 91' lang='lat' dir='ltr'><strong>a</strong></span> <span class='ocrx_word' id='word_1_537' title='bbox 1475 3488 1686 3544; x_wconf 80' lang='lat' dir='ltr'><strong>dextris</strong></span> <span class='ocrx_word' id='word_1_538' title='bbox 1745 3491 2022 3558; x_wconf 89' lang='lat' dir='ltr'><strong>pauperis.</strong></span> <span class='ocrx_word' id='word_1_539' title='bbox 2062 3509 2081 3543; x_wconf 77' lang='grc' dir='ltr'><strong>ι</strong></span> <span class='ocrx_word' id='word_1_540' title='bbox 2125 3493 2365 3546; x_wconf 87' lang='lat' dir='ltr'><strong>Salutem</strong></span> <span class='ocrx_word' id='word_1_541' title='bbox 2408 3504 2666 3564; x_wconf 64' lang='lat' dir='ltr'><strong>praeterea</strong></span> <span class='ocrx_word' id='word_1_542' title='bbox 2704 3508 2824 3562; x_wconf 63' lang='lat' dir='ltr'><strong>qua:</strong></span> <span class='ocrx_word' id='word_1_543' title='bbox 2873 3491 3046 3561; x_wconf 90' lang='lat' dir='ltr'><strong>ipsius</strong></span> <span class='ocrx_word' id='word_1_544' title='bbox 3111 3495 3341 3542; x_wconf 88' lang='lat' dir='ltr'><strong>mortem</strong></span> <span class='ocrx_word' id='word_1_545' title='bbox 3411 3498 3500 3539; x_wconf 86' lang='lat' dir='ltr'><strong>se-</strong></span> 
     </span>
    </p>
   </div>
   <div class='ocr_carea' id='block_1_70' title="bbox 217 3581 3500 3657">
    <p class='ocr_par' dir='ltr' id='par_1_70' title="bbox 217 3581 3500 3657">
     <span class='ocr_line' id='line_1_70' title="bbox 217 3581 3500 3657; baseline -0.004 -12"><span class='ocrx_word' id='word_1_546' title='bbox 217 3599 368 3646; x_wconf 74' lang='lat' dir='ltr'><strong>cuta</strong></span> <span class='ocrx_word' id='word_1_547' title='bbox 433 3600 540 3656; x_wconf 92' lang='lat' dir='ltr'><strong>est,</strong></span> <span class='ocrx_word' id='word_1_548' title='bbox 595 3591 752 3645; x_wconf 91' lang='lat' dir='ltr'><strong>docet</strong></span> <span class='ocrx_word' id='word_1_549' title='bbox 797 3589 883 3644; x_wconf 90' lang='lat' dir='ltr'><strong>his</strong></span> <span class='ocrx_word' id='word_1_550' title='bbox 927 3587 1146 3642; x_wconf 89' lang='lat' dir='ltr'><strong>verbis:</strong></span> <span class='ocrx_word' id='word_1_551' title='bbox 1197 3602 1216 3635; x_wconf 82' lang='grc' dir='ltr'><strong>ι</strong></span> <span class='ocrx_word' id='word_1_552' title='bbox 1254 3581 1321 3638; x_wconf 89' lang='lat' dir='ltr'><strong>Ut</strong></span> <span class='ocrx_word' id='word_1_553' title='bbox 1367 3583 1574 3638; x_wconf 88' lang='lat' dir='ltr'><strong>salvam</strong></span> <span class='ocrx_word' id='word_1_554' title='bbox 1628 3583 1834 3638; x_wconf 80' lang='lat' dir='ltr'><strong>faceret</strong></span> <span class='ocrx_word' id='word_1_555' title='bbox 1867 3599 1896 3637; x_wconf 92' lang='lat' dir='ltr'><strong>a</strong></span> <span class='ocrx_word' id='word_1_556' title='bbox 1935 3588 2389 3657; x_wconf 89' lang='lat' dir='ltr'><strong>persequentibus</strong></span> <span class='ocrx_word' id='word_1_557' title='bbox 2423 3587 2656 3640; x_wconf 89' lang='lat' dir='ltr'><strong>animam</strong></span> <span class='ocrx_word' id='word_1_558' title='bbox 2689 3601 2887 3642; x_wconf 88' lang='lat' dir='ltr'><strong>meam.</strong></span> <span class='ocrx_word' id='word_1_559' title='bbox 2928 3603 2946 3635; x_wconf 83' lang='grc'><strong><em>›</em></strong></span> <span class='ocrx_word' id='word_1_560' title='bbox 2983 3583 3158 3652; x_wconf 90' lang='lat' dir='ltr'><strong>Supra</strong></span> <span class='ocrx_word' id='word_1_561' title='bbox 3199 3581 3345 3636; x_wconf 92' lang='lat' dir='ltr'><strong>enim</strong></span> <span class='ocrx_word' id='word_1_562' title='bbox 3375 3594 3500 3634; x_wconf 92' lang='lat' dir='ltr'><strong>cum</strong></span> 
     </span>
    </p>
   </div>
   <div class='ocr_carea' id='block_1_71' title="bbox 235 3675 3506 3755">
    <p class='ocr_par' dir='ltr' id='par_1_71' title="bbox 235 3675 3506 3755">
     <span class='ocr_line' id='line_1_71' title="bbox 235 3675 3506 3755; baseline -0.002 -19"><span class='ocrx_word' id='word_1_563' title='bbox 235 3683 374 3736; x_wconf 86' lang='lat' dir='ltr'><strong>illud</strong></span> <span class='ocrx_word' id='word_1_564' title='bbox 398 3683 639 3738; x_wconf 82' lang='lat' dir='ltr'><strong>dixerit:</strong></span> <span class='ocrx_word' id='word_1_565' title='bbox 679 3701 697 3734; x_wconf 81' lang='grc' dir='ltr'><strong>ι</strong></span> <span class='ocrx_word' id='word_1_566' title='bbox 735 3681 1061 3738; x_wconf 88' lang='lat' dir='ltr'><strong>Persecutus</strong></span> <span class='ocrx_word' id='word_1_567' title='bbox 1097 3686 1182 3734; x_wconf 89' lang='lat' dir='ltr'><strong>est</strong></span> <span class='ocrx_word' id='word_1_568' title='bbox 1213 3677 1487 3734; x_wconf 84' lang='lat' dir='ltr'><strong>hominem</strong></span> <span class='ocrx_word' id='word_1_569' title='bbox 1516 3693 1811 3751; x_wconf 89' lang='lat' dir='ltr'><strong>pauperem</strong></span> <span class='ocrx_word' id='word_1_570' title='bbox 1849 3692 1904 3738; x_wconf 92' lang='lat' dir='ltr'><strong>et</strong></span> <span class='ocrx_word' id='word_1_571' title='bbox 1935 3700 2185 3755; x_wconf 88' lang='lat' dir='ltr'><strong>egenum,</strong></span> <span class='ocrx_word' id='word_1_572' title='bbox 2219 3692 2273 3738; x_wconf 90' lang='lat' dir='ltr'><strong>et</strong></span> <span class='ocrx_word' id='word_1_573' title='bbox 2305 3691 2691 3753; x_wconf 87' lang='lat' dir='ltr'><strong>compunctum</strong></span> <span class='ocrx_word' id='word_1_574' title='bbox 2733 3681 2943 3744; x_wconf 58' lang='lat' dir='ltr'><strong>&#39;corde.</strong></span> <span class='ocrx_word' id='word_1_575' title='bbox 3000 3689 3060 3735; x_wconf 93' lang='lat' dir='ltr'><strong>ut</strong></span> <span class='ocrx_word' id='word_1_576' title='bbox 3107 3687 3278 3734; x_wconf 89' lang='lat' dir='ltr'><strong>morte</strong></span> <span class='ocrx_word' id='word_1_577' title='bbox 3325 3675 3506 3731; x_wconf 79' lang='lat' dir='ltr'><strong>aﬁice—</strong></span> 
     </span>
    </p>
   </div>
   <div class='ocr_carea' id='block_1_72' title="bbox 235 3769 3502 3846">
    <p class='ocr_par' dir='ltr' id='par_1_72' title="bbox 235 3769 3502 3846">
     <span class='ocr_line' id='line_1_72' title="bbox 235 3769 3502 3846; baseline -0.002 -18"><span class='ocrx_word' id='word_1_578' title='bbox 235 3785 342 3839; x_wconf 78' lang='lat' dir='ltr'><strong>ret,</strong></span> <span class='ocrx_word' id='word_1_579' title='bbox 374 3794 395 3828; x_wconf 83' lang='grc'>›</span> <span class='ocrx_word' id='word_1_580' title='bbox 455 3775 722 3844; x_wconf 90' lang='lat' dir='ltr'><strong>planeque</strong></span> <span class='ocrx_word' id='word_1_581' title='bbox 776 3788 931 3828; x_wconf 91' lang='lat' dir='ltr'><strong>suam</strong></span> <span class='ocrx_word' id='word_1_582' title='bbox 979 3778 1210 3826; x_wconf 90' lang='lat' dir='ltr'><strong>mortem</strong></span> <span class='ocrx_word' id='word_1_583' title='bbox 1267 3769 1632 3836; x_wconf 90' lang='lat' dir='ltr'><strong>indicaverit,</strong></span> <span class='ocrx_word' id='word_1_584' title='bbox 1689 3773 1817 3828; x_wconf 87' lang='lat' dir='ltr'><strong>dum</strong></span> <span class='ocrx_word' id='word_1_585' title='bbox 1852 3777 2192 3846; x_wconf 89' lang='lat' dir='ltr'><strong>prophetiam</strong></span> <span class='ocrx_word' id='word_1_586' title='bbox 2241 3775 2648 3830; x_wconf 87' lang='lat' dir='ltr'><strong>circumscribit</strong></span> <span class='ocrx_word' id='word_1_587' title='bbox 2687 3793 2702 3829; x_wconf 90' lang='lat'>:</span> <span class='ocrx_word' id='word_1_588' title='bbox 2745 3781 2862 3828; x_wconf 88' lang='lat' dir='ltr'><strong>tum</strong></span> <span class='ocrx_word' id='word_1_589' title='bbox 2909 3787 3039 3828; x_wconf 86' lang='lat' dir='ltr'><strong>vero</strong></span> <span class='ocrx_word' id='word_1_590' title='bbox 3103 3772 3334 3826; x_wconf 87' lang='lat' dir='ltr'><strong>salutem</strong></span> <span class='ocrx_word' id='word_1_591' title='bbox 3381 3785 3502 3840; x_wconf 67' lang='lat' dir='ltr'><strong>quae</strong></span> 
     </span>
    </p>
   </div>
   <div class='ocr_carea' id='block_1_73' title="bbox 240 3861 3503 3937">
    <p class='ocr_par' dir='ltr' id='par_1_73' title="bbox 240 3861 3503 3937">
     <span class='ocr_line' id='line_1_73' title="bbox 240 3861 3503 3937; baseline -0.002 -17"><span class='ocrx_word' id='word_1_592' title='bbox 240 3875 474 3921; x_wconf 67' lang='lat' dir='ltr'><strong>mortem</strong></span> <span class='ocrx_word' id='word_1_593' title='bbox 525 3866 696 3935; x_wconf 88' lang='lat' dir='ltr'><strong>ipsius</strong></span> <span class='ocrx_word' id='word_1_594' title='bbox 734 3873 922 3921; x_wconf 87' lang='lat' dir='ltr'><strong>secuta</strong></span> <span class='ocrx_word' id='word_1_595' title='bbox 975 3871 1095 3929; x_wconf 89' lang='lat' dir='ltr'><strong>est,</strong></span> <span class='ocrx_word' id='word_1_596' title='bbox 1146 3861 1515 3934; x_wconf 85' lang='lat' dir='ltr'><strong>signiﬁcavit,</strong></span> <span class='ocrx_word' id='word_1_597' title='bbox 1577 3863 1768 3921; x_wconf 91' lang='lat' dir='ltr'><strong>dicens</strong></span> <span class='ocrx_word' id='word_1_598' title='bbox 1804 3885 1818 3921; x_wconf 90' lang='lat'><strong>:</strong></span> <span class='ocrx_word' id='word_1_599' title='bbox 1864 3885 1882 3919; x_wconf 84' lang='grc' dir='ltr'><strong>ι</strong></span> <span class='ocrx_word' id='word_1_600' title='bbox 1918 3867 2188 3934; x_wconf 81' lang='lat' dir='ltr'><strong>Quoniam</strong></span> <span class='ocrx_word' id='word_1_601' title='bbox 2220 3870 2394 3923; x_wconf 86' lang='lat' dir='ltr'><strong>astitit</strong></span> <span class='ocrx_word' id='word_1_602' title='bbox 2429 3884 2459 3922; x_wconf 91' lang='lat' dir='ltr'><strong>a</strong></span> <span class='ocrx_word' id='word_1_603' title='bbox 2489 3868 2698 3923; x_wconf 76' lang='lat' dir='ltr'><strong>dextris</strong></span> <span class='ocrx_word' id='word_1_604' title='bbox 2737 3865 3016 3937; x_wconf 89' lang='lat' dir='ltr'><strong>pauperis,</strong></span> <span class='ocrx_word' id='word_1_605' title='bbox 3059 3871 3120 3918; x_wconf 89' lang='lat' dir='ltr'><strong>ut</strong></span> <span class='ocrx_word' id='word_1_606' title='bbox 3183 3862 3389 3918; x_wconf 89' lang='lat' dir='ltr'><strong>salvam</strong></span> <span class='ocrx_word' id='word_1_607' title='bbox 3422 3861 3503 3915; x_wconf 78' lang='lat' dir='ltr'><strong>fa-</strong></span> 
     </span>
    </p>
   </div>
   <div class='ocr_carea' id='block_1_74' title="bbox 243 3959 1478 4030">
    <p class='ocr_par' dir='ltr' id='par_1_74' title="bbox 243 3959 1478 4030">
     <span class='ocr_line' id='line_1_74' title="bbox 243 3959 1478 4030; baseline -0.006 -13"><span class='ocrx_word' id='word_1_608' title='bbox 243 3967 393 4017; x_wconf 75' lang='lat' dir='ltr'><strong>cere:</strong></span> <span class='ocrx_word' id='word_1_609' title='bbox 422 3975 452 4014; x_wconf 90' lang='lat' dir='ltr'><strong>a</strong></span> <span class='ocrx_word' id='word_1_610' title='bbox 485 3959 938 4030; x_wconf 83' lang='lat' dir='ltr'><strong>persequentibus</strong></span> <span class='ocrx_word' id='word_1_611' title='bbox 963 3959 1198 4012; x_wconf 89' lang='lat' dir='ltr'><strong>animam</strong></span> <span class='ocrx_word' id='word_1_612' title='bbox 1227 3972 1426 4012; x_wconf 88' lang='lat' dir='ltr'><strong>meam.</strong></span> <span class='ocrx_word' id='word_1_613' title='bbox 1458 3975 1478 4008; x_wconf 74' lang='grc' dir='ltr'><strong>ι</strong></span> 
     </span>
    </p>
   </div>
   <div class='ocr_carea' id='block_1_75' title="bbox 256 4069 1822 4143">
    <p class='ocr_par' dir='ltr' id='par_1_75' title="bbox 256 4069 1822 4143">
     <span class='ocr_line' id='line_1_75' title="bbox 256 4069 1822 4143; baseline -0.006 -11"><span class='ocrx_word' id='word_1_614' title='bbox 256 4075 400 4133; x_wconf 73' lang='grc' dir='ltr'><strong>Ἇπὸ</strong></span> <span class='ocrx_word' id='word_1_615' title='bbox 418 4075 526 4130; x_wconf 84' lang='grc' dir='ltr'><strong>τοῦ</strong></span> <span class='ocrx_word' id='word_1_616' title='bbox 541 4073 928 4143; x_wconf 56' lang='grc' dir='ltr'>Ζαχαρίοιίμρ</span> <span class='ocrx_word' id='word_1_617' title='bbox 943 4073 1066 4143; x_wconf 79' lang='grc' dir='ltr'>Ἔτι</span> <span class='ocrx_word' id='word_1_618' title='bbox 1092 4070 1224 4140; x_wconf 79' lang='grc' dir='ltr'>περὶ</span> <span class='ocrx_word' id='word_1_619' title='bbox 1245 4071 1351 4124; x_wconf 84' lang='grc' dir='ltr'><strong>τοῦ</strong></span> <span class='ocrx_word' id='word_1_620' title='bbox 1368 4069 1553 4143; x_wconf 67' lang='grc' dir='ltr'>Ἰούδᾳ</span> <span class='ocrx_word' id='word_1_621' title='bbox 1577 4071 1675 4124; x_wconf 77' lang='grc' dir='ltr'>καὶ</span> <span class='ocrx_word' id='word_1_622' title='bbox 1703 4070 1822 4143; x_wconf 56' lang='grc' dir='ltr'><strong>τῶν⁵</strong></span> 
     </span>
    </p>
   </div>
   <div class='ocr_carea' id='block_1_76' title="bbox 311 4137 1818 4217">
    <p class='ocr_par' dir='ltr' id='par_1_76' title="bbox 311 4137 1818 4217">
     <span class='ocr_line' id='line_1_76' title="bbox 311 4137 1818 4217; baseline -0.003 -18"><span class='ocrx_word' id='word_1_623' title='bbox 311 4137 1066 4217; x_wconf 29' lang='grc' dir='ltr'><strong>ἀργῖφίῳνῇὖθίῶνὲτόν-</strong></span> <span class='ocrx_word' id='word_1_624' title='bbox 1091 4137 1309 4217; x_wconf 54' lang='grc' dir='ltr'>Κύριον)</span> <span class='ocrx_word' id='word_1_625' title='bbox 1343 4139 1646 4217; x_wconf 57' lang='grc' dir='ltr'>,προῦδωκε</span> <span class='ocrx_word' id='word_1_626' title='bbox 1665 4179 1680 4203; x_wconf 96' lang='grc'><strong>,</strong></span> <span class='ocrx_word' id='word_1_627' title='bbox 1720 4141 1818 4217; x_wconf 63' lang='grc' dir='ltr'>καὶ</span> 
     </span>
    </p>
   </div>
   <div class='ocr_carea' id='block_1_77' title="bbox 316 4209 1820 4286">
    <p class='ocr_par' dir='ltr' id='par_1_77' title="bbox 316 4209 1820 4286">
     <span class='ocr_line' id='line_1_77' title="bbox 316 4209 1820 4286; baseline -0.005 -15"><span class='ocrx_word' id='word_1_628' title='bbox 316 4209 600 4286; x_wconf 60' lang='grc' dir='ltr'><strong>άερἴτῆς</strong></span> <span class='ocrx_word' id='word_1_629' title='bbox 643 4211 951 4286; x_wconf 78' lang='grc' dir='ltr'>ἀποϐολῆς</span> <span class='ocrx_word' id='word_1_630' title='bbox 997 4210 1114 4286; x_wconf 64' lang='grc' dir='ltr'>τῶν</span> <span class='ocrx_word' id='word_1_631' title='bbox 1159 4211 1319 4279; x_wconf 75' lang='grc' dir='ltr'>παρὰ</span> <span class='ocrx_word' id='word_1_632' title='bbox 1375 4209 1677 4276; x_wconf 83' lang='grc' dir='ltr'>Ἰουδαίοις</span> <span class='ocrx_word' id='word_1_633' title='bbox 1726 4211 1820 4278; x_wconf 82' lang='lat' dir='ltr'><strong>dp-</strong></span> 
     </span>
    </p>
   </div>
   <div class='ocr_carea' id='block_1_78' title="bbox 309 4281 1154 4358">
    <p class='ocr_par' dir='ltr' id='par_1_78' title="bbox 309 4281 1154 4358">
     <span class='ocr_line' id='line_1_78' title="bbox 309 4281 1154 4358; baseline -0.008 -16"><span class='ocrx_word' id='word_1_634' title='bbox 309 4281 559 4358; x_wconf 56' lang='grc' dir='ltr'>χόὶ-τωκ</span> <span class='ocrx_word' id='word_1_635' title='bbox 572 4301 634 4338; x_wconf 87' lang='grc' dir='ltr'><strong>τε</strong></span> <span class='ocrx_word' id='word_1_636' title='bbox 665 4284 764 4336; x_wconf 83' lang='grc' dir='ltr'><strong>καί</strong></span> <span class='ocrx_word' id='word_1_637' title='bbox 789 4281 1154 4352; x_wconf 78' lang='grc' dir='ltr'><strong>ἀρχομένων.</strong></span> 
     </span>
    </p>
   </div>
   <div class='ocr_carea' id='block_1_79' title="bbox 322 4393 1822 4466">
    <p class='ocr_par' dir='ltr' id='par_1_79' title="bbox 322 4393 1822 4466">
     <span class='ocr_line' id='line_1_79' title="bbox 322 4393 1822 4466; baseline -0.005 -14"><span class='ocrx_word' id='word_1_638' title='bbox 322 4417 340 4451; x_wconf 75' lang='grc' dir='ltr'><strong>ι</strong></span> <span class='ocrx_word' id='word_1_639' title='bbox 370 4397 482 4452; x_wconf 98' lang='lat' dir='ltr'><strong>Kal</strong></span> <span class='ocrx_word' id='word_1_640' title='bbox 527 4395 766 4466; x_wconf 73' lang='grc' dir='ltr'>ληψομαι</span> <span class='ocrx_word' id='word_1_641' title='bbox 811 4393 1033 4466; x_wconf 75' lang='grc' dir='ltr'>ἐμαυτῷ</span> <span class='ocrx_word' id='word_1_642' title='bbox 1091 4394 1184 4447; x_wconf 86' lang='grc' dir='ltr'><strong>δυο</strong></span> <span class='ocrx_word' id='word_1_643' title='bbox 1227 4394 1490 4466; x_wconf 76' lang='grc' dir='ltr'>ῥάϐδους,</span> <span class='ocrx_word' id='word_1_644' title='bbox 1543 4393 1642 4464; x_wconf 86' lang='grc' dir='ltr'>τὴν</span> <span class='ocrx_word' id='word_1_645' title='bbox 1696 4393 1822 4464; x_wconf 89' lang='grc' dir='ltr'>μίαν</span> 
     </span>
    </p>
   </div>
   <div class='ocr_carea' id='block_1_80' title="bbox 241 4496 1820 4569">
    <p class='ocr_par' dir='ltr' id='par_1_80' title="bbox 241 4496 1820 4569">
     <span class='ocr_line' id='line_1_80' title="bbox 241 4496 1820 4569; baseline -0.004 -13"><span class='ocrx_word' id='word_1_646' title='bbox 241 4500 484 4556; x_wconf 68' lang='grc' dir='ltr'>ὶκάλεσα</span> <span class='ocrx_word' id='word_1_647' title='bbox 508 4499 730 4562; x_wconf 82' lang='grc' dir='ltr'>κάλλος,</span> <span class='ocrx_word' id='word_1_648' title='bbox 767 4499 860 4550; x_wconf 74' lang='grc' dir='ltr'>καὶ</span> <span class='ocrx_word' id='word_1_649' title='bbox 891 4498 989 4569; x_wconf 79' lang='grc' dir='ltr'>τὴν</span> <span class='ocrx_word' id='word_1_650' title='bbox 1023 4496 1213 4569; x_wconf 80' lang='grc' dir='ltr'>ἑτέραν</span> <span class='ocrx_word' id='word_1_651' title='bbox 1236 4497 1472 4550; x_wconf 79' lang='grc' dir='ltr'>ἐκάλεσα</span> <span class='ocrx_word' id='word_1_652' title='bbox 1503 4496 1820 4568; x_wconf 88' lang='grc' dir='ltr'>σχοίνισμα,</span> 
     </span>
    </p>
   </div>
   <div class='ocr_carea' id='block_1_81' title="bbox 245 4591 1904 4672">
    <p class='ocr_par' dir='ltr' id='par_1_81' title="bbox 245 4591 1904 4672">
     <span class='ocr_line' id='line_1_81' title="bbox 245 4591 1904 4672; baseline -0.008 -15"><span class='ocrx_word' id='word_1_653' title='bbox 245 4603 343 4657; x_wconf 74' lang='grc' dir='ltr'><strong>καὶ</strong></span> <span class='ocrx_word' id='word_1_654' title='bbox 374 4598 621 4672; x_wconf 86' lang='grc' dir='ltr'>ποιμανῶ</span> <span class='ocrx_word' id='word_1_655' title='bbox 652 4597 720 4652; x_wconf 76' lang='grc' dir='ltr'><strong>τά</strong></span> <span class='ocrx_word' id='word_1_656' title='bbox 753 4595 1000 4670; x_wconf 73' lang='grc' dir='ltr'>πρόϐατά</span> <span class='ocrx_word' id='word_1_657' title='bbox 1029 4613 1150 4666; x_wconf 92' lang='grc' dir='ltr'>μου,</span> <span class='ocrx_word' id='word_1_658' title='bbox 1185 4595 1278 4648; x_wconf 76' lang='grc' dir='ltr'><strong>καὶ</strong></span> <span class='ocrx_word' id='word_1_659' title='bbox 1306 4591 1486 4664; x_wconf 83' lang='grc' dir='ltr'>ἐξαρῶ</span> <span class='ocrx_word' id='word_1_660' title='bbox 1520 4593 1645 4656; x_wconf 85' lang='grc' dir='ltr'>τοὺς</span> <span class='ocrx_word' id='word_1_661' title='bbox 1677 4594 1826 4663; x_wconf 85' lang='grc' dir='ltr'>τρεῖς</span> <span class='ocrx_word' id='word_1_662' title='bbox 1858 4595 1904 4654; x_wconf 81' lang='grc' dir='ltr'><strong>υ</strong></span> 
     </span>
    </p>
   </div>
   <div class='ocr_carea' id='block_1_82' title="bbox 248 4685 1823 4766">
    <p class='ocr_par' dir='ltr' id='par_1_82' title="bbox 248 4685 1823 4766">
     <span class='ocr_line' id='line_1_82' title="bbox 248 4685 1823 4766; baseline -0.008 -18"><span class='ocrx_word' id='word_1_663' title='bbox 248 4693 511 4766; x_wconf 71' lang='grc' dir='ltr'>ποιμένας</span> <span class='ocrx_word' id='word_1_664' title='bbox 536 4692 592 4745; x_wconf 82' lang='grc' dir='ltr'>ὲν</span> <span class='ocrx_word' id='word_1_665' title='bbox 630 4689 758 4761; x_wconf 72' lang='grc' dir='ltr'>μηνὶ</span> <span class='ocrx_word' id='word_1_666' title='bbox 791 4689 903 4751; x_wconf 67' lang='grc' dir='ltr'>ἐνὶ,</span> <span class='ocrx_word' id='word_1_667' title='bbox 936 4687 1030 4740; x_wconf 73' lang='grc' dir='ltr'><strong>καὶ</strong></span> <span class='ocrx_word' id='word_1_668' title='bbox 1063 4685 1457 4757; x_wconf 80' lang='grc' dir='ltr'>βαρυνθήσεται</span> <span class='ocrx_word' id='word_1_669' title='bbox 1480 4687 1513 4756; x_wconf 80' lang='grc' dir='ltr'>ἡ</span> <span class='ocrx_word' id='word_1_670' title='bbox 1539 4685 1683 4755; x_wconf 81' lang='grc' dir='ltr'><strong>ψυχή</strong></span> <span class='ocrx_word' id='word_1_671' title='bbox 1721 4699 1823 4752; x_wconf 86' lang='grc' dir='ltr'><strong>μου</strong></span> 
     </span>
    </p>
   </div>
   <div class='ocr_carea' id='block_1_83' title="bbox 241 4775 1824 4850">
    <p class='ocr_par' dir='ltr' id='par_1_83' title="bbox 241 4775 1824 4850">
     <span class='ocr_line' id='line_1_83' title="bbox 241 4775 1824 4850; baseline -0.007 -11"><span class='ocrx_word' id='word_1_672' title='bbox 241 4788 335 4839; x_wconf 58' lang='grc' dir='ltr'><strong>ἔπ’</strong></span> <span class='ocrx_word' id='word_1_673' title='bbox 368 4782 584 4847; x_wconf 82' lang='grc' dir='ltr'>αὐτούς.</span> <span class='ocrx_word' id='word_1_674' title='bbox 617 4783 727 4835; x_wconf 87' lang='lat' dir='ltr'><strong>Kal</strong></span> <span class='ocrx_word' id='word_1_675' title='bbox 748 4780 856 4850; x_wconf 74' lang='grc' dir='ltr'><strong>γὰρ</strong></span> <span class='ocrx_word' id='word_1_676' title='bbox 893 4778 951 4830; x_wconf 88' lang='grc' dir='ltr'>αἰ·</span> <span class='ocrx_word' id='word_1_677' title='bbox 983 4777 1147 4848; x_wconf 77' lang='grc' dir='ltr'>ψυχαὶ</span> <span class='ocrx_word' id='word_1_678' title='bbox 1181 4777 1358 4830; x_wconf 81' lang='grc' dir='ltr'>αὐτῶν</span> <span class='ocrx_word' id='word_1_679' title='bbox 1391 4775 1700 4847; x_wconf 79' lang='grc' dir='ltr'>ὲπωρύοντο</span> <span class='ocrx_word' id='word_1_680' title='bbox 1737 4776 1824 4828; x_wconf 87' lang='grc' dir='ltr'><strong>ὲπ⁹</strong></span> 
     </span>
    </p>
   </div>
   <div class='ocr_carea' id='block_1_84' title="bbox 249 4874 1827 4956">
    <p class='ocr_par' dir='ltr' id='par_1_84' title="bbox 249 4874 1827 4956">
     <span class='ocr_line' id='line_1_84' title="bbox 249 4874 1827 4956; baseline -0.009 -16"><span class='ocrx_word' id='word_1_681' title='bbox 249 4887 384 4956; x_wconf 75' lang='grc' dir='ltr'>ἐμὲ,</span> <span class='ocrx_word' id='word_1_682' title='bbox 418 4885 513 4938; x_wconf 68' lang='grc' dir='ltr'><strong>καί⁵</strong></span> <span class='ocrx_word' id='word_1_683' title='bbox 553 4877 715 4936; x_wconf 77' lang='grc' dir='ltr'>εἶπα·</span> <span class='ocrx_word' id='word_1_684' title='bbox 762 4881 836 4934; x_wconf 85' lang='grc' dir='ltr'><strong>Οὐ</strong></span> <span class='ocrx_word' id='word_1_685' title='bbox 879 4877 1128 4949; x_wconf 90' lang='grc' dir='ltr'>ποιμανῶ</span> <span class='ocrx_word' id='word_1_686' title='bbox 1165 4878 1340 4948; x_wconf 81' lang='grc' dir='ltr'>ὑμᾶς·</span> <span class='ocrx_word' id='word_1_687' title='bbox 1385 4881 1445 4930; x_wconf 84' lang='grc' dir='ltr'><strong>τὸ</strong></span> <span class='ocrx_word' id='word_1_688' title='bbox 1487 4874 1827 4946; x_wconf 85' lang='grc' dir='ltr'>ἀποθνῆσκον</span> 
     </span>
    </p>
   </div>
   <div class='ocr_carea' id='block_1_85' title="bbox 252 4975 1829 5056">
    <p class='ocr_par' dir='ltr' id='par_1_85' title="bbox 252 4975 1829 5056">
     <span class='ocr_line' id='line_1_85' title="bbox 252 4975 1829 5056; baseline -0.008 -16"><span class='ocrx_word' id='word_1_689' title='bbox 252 4985 662 5056; x_wconf 82' lang='grc' dir='ltr'>ἀποθνησκέτω,</span> <span class='ocrx_word' id='word_1_690' title='bbox 693 4981 786 5035; x_wconf 74' lang='grc' dir='ltr'><strong>καὶ</strong></span> <span class='ocrx_word' id='word_1_691' title='bbox 807 4979 867 5032; x_wconf 86' lang='grc' dir='ltr'>τὸ</span> <span class='ocrx_word' id='word_1_692' title='bbox 905 4978 1155 5032; x_wconf 75' lang='grc' dir='ltr'>ἐκλεῖπον</span> <span class='ocrx_word' id='word_1_693' title='bbox 1180 4976 1498 5040; x_wconf 81' lang='grc' dir='ltr'>ὲκλειπέτω,</span> <span class='ocrx_word' id='word_1_694' title='bbox 1530 4977 1623 5030; x_wconf 71' lang='grc' dir='ltr'><strong>καὶ</strong></span> <span class='ocrx_word' id='word_1_695' title='bbox 1641 4975 1708 5029; x_wconf 83' lang='grc' dir='ltr'><strong>τὰ</strong></span> <span class='ocrx_word' id='word_1_696' title='bbox 1729 4993 1829 5029; x_wconf 89' lang='grc' dir='ltr'>κα-</span> 
     </span>
    </p>
   </div>
   <div class='ocr_carea' id='block_1_86' title="bbox 253 5067 1827 5140">
    <p class='ocr_par' dir='ltr' id='par_1_86' title="bbox 253 5067 1827 5140">
     <span class='ocr_line' id='line_1_86' title="bbox 253 5067 1827 5140; baseline -0.01 -6"><span class='ocrx_word' id='word_1_697' title='bbox 253 5080 487 5134; x_wconf 75' lang='grc' dir='ltr'>τάλοιπα</span> <span class='ocrx_word' id='word_1_698' title='bbox 517 5074 862 5135; x_wconf 83' lang='grc' dir='ltr'>ὲσθιέτωσαν,</span> <span class='ocrx_word' id='word_1_699' title='bbox 885 5071 1114 5134; x_wconf 65' lang='grc' dir='ltr'>ἕκαστος</span> <span class='ocrx_word' id='word_1_700' title='bbox 1135 5068 1234 5131; x_wconf 77' lang='grc' dir='ltr'>τὰς</span> <span class='ocrx_word' id='word_1_701' title='bbox 1257 5067 1464 5140; x_wconf 84' lang='grc' dir='ltr'>σάρκας</span> <span class='ocrx_word' id='word_1_702' title='bbox 1482 5067 1575 5120; x_wconf 91' lang='grc' dir='ltr'><strong>τοῦ</strong></span> <span class='ocrx_word' id='word_1_703' title='bbox 1601 5067 1827 5139; x_wconf 87' lang='grc' dir='ltr'>πλησίον</span> 
     </span>
    </p>
   </div>
   <div class='ocr_carea' id='block_1_87' title="bbox 257 5165 1832 5244">
    <p class='ocr_par' dir='ltr' id='par_1_87' title="bbox 257 5165 1832 5244">
     <span class='ocr_line' id='line_1_87' title="bbox 257 5165 1832 5244; baseline -0.01 -13"><span class='ocrx_word' id='word_1_704' title='bbox 257 5175 442 5231; x_wconf 77' lang='grc' dir='ltr'>αὑτοῦ.</span> <span class='ocrx_word' id='word_1_705' title='bbox 477 5175 588 5228; x_wconf 88' lang='lat' dir='ltr'><strong>Kal</strong></span> <span class='ocrx_word' id='word_1_706' title='bbox 614 5173 850 5244; x_wconf 81' lang='grc' dir='ltr'>λήψομαι</span> <span class='ocrx_word' id='word_1_707' title='bbox 864 5170 963 5241; x_wconf 84' lang='grc' dir='ltr'>τὴν</span> <span class='ocrx_word' id='word_1_708' title='bbox 991 5167 1182 5240; x_wconf 78' lang='grc' dir='ltr'>ῥάϐδον</span> <span class='ocrx_word' id='word_1_709' title='bbox 1210 5165 1307 5237; x_wconf 81' lang='grc' dir='ltr'><strong>τὴν</strong></span> <span class='ocrx_word' id='word_1_710' title='bbox 1337 5166 1524 5237; x_wconf 77' lang='grc' dir='ltr'>καλὴν,</span> <span class='ocrx_word' id='word_1_711' title='bbox 1543 5166 1635 5219; x_wconf 75' lang='grc' dir='ltr'>καὶ</span> <span class='ocrx_word' id='word_1_712' title='bbox 1659 5165 1832 5237; x_wconf 79' lang='grc' dir='ltr'>ἀπορ-</span> 
     </span>
    </p>
   </div>
   <div class='ocr_carea' id='block_1_88' title="bbox 259 5268 1832 5352">
    <p class='ocr_par' dir='ltr' id='par_1_88' title="bbox 259 5268 1832 5352">
     <span class='ocr_line' id='line_1_88' title="bbox 259 5268 1832 5352; baseline -0.009 -18"><span class='ocrx_word' id='word_1_713' title='bbox 259 5279 398 5352; x_wconf 75' lang='grc' dir='ltr'>ριψω</span> <span class='ocrx_word' id='word_1_714' title='bbox 430 5277 600 5348; x_wconf 82' lang='grc' dir='ltr'>αὐτὴν</span> <span class='ocrx_word' id='word_1_715' title='bbox 643 5273 738 5329; x_wconf 89' lang='grc' dir='ltr'><strong>τοῦ</strong></span> <span class='ocrx_word' id='word_1_716' title='bbox 770 5271 1116 5326; x_wconf 85' lang='grc' dir='ltr'>διασκεδάσαι</span> <span class='ocrx_word' id='word_1_717' title='bbox 1149 5269 1245 5341; x_wconf 84' lang='grc' dir='ltr'>τὴν</span> <span class='ocrx_word' id='word_1_718' title='bbox 1287 5269 1558 5340; x_wconf 83' lang='grc' dir='ltr'>Διαθήκην</span> <span class='ocrx_word' id='word_1_719' title='bbox 1598 5286 1731 5340; x_wconf 84' lang='grc' dir='ltr'>μου,</span> <span class='ocrx_word' id='word_1_720' title='bbox 1763 5268 1832 5339; x_wconf 78' lang='grc' dir='ltr'>ἣν</span> 
     </span>
    </p>
   </div>
   <div class='ocr_carea' id='block_1_89' title="bbox 255 5370 1833 5452">
    <p class='ocr_par' dir='ltr' id='par_1_89' title="bbox 255 5370 1833 5452">
     <span class='ocr_line' id='line_1_89' title="bbox 255 5370 1833 5452; baseline -0.008 -17"><span class='ocrx_word' id='word_1_721' title='bbox 255 5380 510 5452; x_wconf 80' lang='grc' dir='ltr'>διεθέμην</span> <span class='ocrx_word' id='word_1_722' title='bbox 543 5377 677 5451; x_wconf 76' lang='grc' dir='ltr'>πρὸς</span> <span class='ocrx_word' id='word_1_723' title='bbox 705 5375 910 5437; x_wconf 87' lang='grc' dir='ltr'>πάντας</span> <span class='ocrx_word' id='word_1_724' title='bbox 937 5375 1064 5436; x_wconf 80' lang='grc' dir='ltr'>τοὺς</span> <span class='ocrx_word' id='word_1_725' title='bbox 1094 5371 1274 5433; x_wconf 89' lang='grc' dir='ltr'>λαούς.</span> <span class='ocrx_word' id='word_1_726' title='bbox 1309 5371 1416 5424; x_wconf 88' lang='lat' dir='ltr'><strong>Kal</strong></span> <span class='ocrx_word' id='word_1_727' title='bbox 1447 5370 1833 5441; x_wconf 75' lang='grc' dir='ltr'>διασκεδασθή-</span> 
     </span>
    </p>
   </div>
   <div class='ocr_carea' id='block_1_90' title="bbox 261 5471 1834 5552">
    <p class='ocr_par' dir='ltr' id='par_1_90' title="bbox 261 5471 1834 5552">
     <span class='ocr_line' id='line_1_90' title="bbox 261 5471 1834 5552; baseline -0.01 -13"><span class='ocrx_word' id='word_1_728' title='bbox 261 5499 413 5539; x_wconf 85' lang='grc' dir='ltr'>σεται</span> <span class='ocrx_word' id='word_1_729' title='bbox 453 5483 510 5534; x_wconf 82' lang='grc' dir='ltr'><strong>ὲν</strong></span> <span class='ocrx_word' id='word_1_730' title='bbox 543 5483 608 5552; x_wconf 77' lang='grc' dir='ltr'>τῇ</span> <span class='ocrx_word' id='word_1_731' title='bbox 643 5479 824 5552; x_wconf 79' lang='grc' dir='ltr'>ἡμέρᾳ</span> <span class='ocrx_word' id='word_1_732' title='bbox 868 5476 1068 5547; x_wconf 79' lang='grc' dir='ltr'>ἐκείνῃ,</span> <span class='ocrx_word' id='word_1_733' title='bbox 1104 5475 1195 5527; x_wconf 74' lang='grc' dir='ltr'><strong>καὶ</strong></span> <span class='ocrx_word' id='word_1_734' title='bbox 1228 5471 1524 5543; x_wconf 84' lang='grc' dir='ltr'>γνώσονται</span> <span class='ocrx_word' id='word_1_735' title='bbox 1563 5474 1611 5526; x_wconf 89' lang='grc' dir='ltr'><strong>οἰ</strong></span> <span class='ocrx_word' id='word_1_736' title='bbox 1653 5474 1834 5524; x_wconf 86' lang='grc' dir='ltr'>Χανα-</span> 
     </span>
    </p>
   </div>
   <div class='ocr_carea' id='block_1_91' title="bbox 259 5565 1835 5644">
    <p class='ocr_par' dir='ltr' id='par_1_91' title="bbox 259 5565 1835 5644">
     <span class='ocr_line' id='line_1_91' title="bbox 259 5565 1835 5644; baseline -0.01 -13"><span class='ocrx_word' id='word_1_737' title='bbox 259 5580 398 5631; x_wconf 86' lang='grc' dir='ltr'>ναῖοι</span> <span class='ocrx_word' id='word_1_738' title='bbox 445 5575 512 5629; x_wconf 75' lang='grc' dir='ltr'>τὰ</span> <span class='ocrx_word' id='word_1_739' title='bbox 563 5573 806 5644; x_wconf 81' lang='grc' dir='ltr'>πρόϐατα</span> <span class='ocrx_word' id='word_1_740' title='bbox 847 5568 915 5622; x_wconf 87' lang='grc' dir='ltr'>τὰ</span> <span class='ocrx_word' id='word_1_741' title='bbox 963 5565 1342 5637; x_wconf 81' lang='grc' dir='ltr'>φυλασσόμενά</span> <span class='ocrx_word' id='word_1_742' title='bbox 1394 5583 1501 5636; x_wconf 89' lang='grc' dir='ltr'>μοι,</span> <span class='ocrx_word' id='word_1_743' title='bbox 1541 5566 1622 5617; x_wconf 83' lang='grc' dir='ltr'>ὅτι</span> <span class='ocrx_word' id='word_1_744' title='bbox 1661 5565 1835 5632; x_wconf 90' lang='grc' dir='ltr'>Λόγος</span> 
     </span>
    </p>
   </div>
   <div class='ocr_carea' id='block_1_92' title="bbox 261 5661 1833 5748">
    <p class='ocr_par' dir='ltr' id='par_1_92' title="bbox 261 5661 1833 5748">
     <span class='ocr_line' id='line_1_92' title="bbox 261 5661 1833 5748; baseline -0.011 -16"><span class='ocrx_word' id='word_1_745' title='bbox 261 5675 467 5748; x_wconf 76' lang='grc' dir='ltr'>Κυρίου</span> <span class='ocrx_word' id='word_1_746' title='bbox 497 5672 630 5728; x_wconf 78' lang='grc' dir='ltr'>ἐστί.</span> <span class='ocrx_word' id='word_1_747' title='bbox 654 5671 764 5726; x_wconf 90' lang='lat' dir='ltr'><strong>Kal</strong></span> <span class='ocrx_word' id='word_1_748' title='bbox 794 5669 904 5742; x_wconf 86' lang='grc' dir='ltr'>ὲρῶ</span> <span class='ocrx_word' id='word_1_749' title='bbox 930 5667 1064 5740; x_wconf 82' lang='grc' dir='ltr'>πρὸς</span> <span class='ocrx_word' id='word_1_750' title='bbox 1083 5666 1276 5727; x_wconf 82' lang='grc' dir='ltr'>αὐτούς</span> <span class='ocrx_word' id='word_1_751' title='bbox 1295 5681 1307 5694; x_wconf 89' lang='grc'><strong>·</strong></span> <span class='ocrx_word' id='word_1_752' title='bbox 1331 5665 1394 5718; x_wconf 87' lang='grc' dir='ltr'>Εἰ</span> <span class='ocrx_word' id='word_1_753' title='bbox 1415 5661 1576 5717; x_wconf 79' lang='grc' dir='ltr'>καλὸν</span> <span class='ocrx_word' id='word_1_754' title='bbox 1598 5661 1833 5722; x_wconf 75' lang='grc' dir='ltr'>ἐνώπιον</span> 
     </span>
    </p>
   </div>
   <div class='ocr_carea' id='block_1_93' title="bbox 1924 4040 3501 4109">
    <p class='ocr_par' dir='ltr' id='par_1_93' title="bbox 1924 4040 3501 4109">
     <span class='ocr_line' id='line_1_93' title="bbox 1924 4040 3501 4109; baseline -0.003 -11"><span class='ocrx_word' id='word_1_755' title='bbox 1924 4043 1970 4098; x_wconf 82' lang='grc' dir='ltr'><em>Α</em></span> <span class='ocrx_word' id='word_1_756' title='bbox 2001 4042 2287 4097; x_wconf 80' lang='lat' dir='ltr'><strong>Zacharia.</strong></span> <span class='ocrx_word' id='word_1_757' title='bbox 2318 4073 2389 4084; x_wconf 89' lang='lat'><strong><em>—</em></strong></span> <span class='ocrx_word' id='word_1_758' title='bbox 2421 4043 2552 4097; x_wconf 80' lang='lat' dir='ltr'><strong>Item</strong></span> <span class='ocrx_word' id='word_1_759' title='bbox 2606 4042 2671 4097; x_wconf 84' lang='lat' dir='ltr'><strong>de</strong></span> <span class='ocrx_word' id='word_1_760' title='bbox 2701 4040 2847 4094; x_wconf 85' lang='lat' dir='ltr'><strong>Juda</strong></span> <span class='ocrx_word' id='word_1_761' title='bbox 2900 4048 2950 4093; x_wconf 78' lang='lat' dir='ltr'><strong>et</strong></span> <span class='ocrx_word' id='word_1_762' title='bbox 3002 4041 3289 4109; x_wconf 17' lang='lat' dir='ltr'><strong>argenteis;</strong></span> <span class='ocrx_word' id='word_1_763' title='bbox 3313 4041 3501 4109; x_wconf 76' lang='lat' dir='ltr'><strong>quibus</strong></span> 
     </span>
    </p>
   </div>
   <div class='ocr_carea' id='block_1_94' title="bbox 1997 4107 3496 4182">
    <p class='ocr_par' dir='ltr' id='par_1_94' title="bbox 1997 4107 3496 4182">
     <span class='ocr_line' id='line_1_94' title="bbox 1997 4107 3496 4182; baseline -0.003 -14"><span class='ocrx_word' id='word_1_764' title='bbox 1997 4115 2284 4168; x_wconf 82' lang='lat' dir='ltr'><strong>Dominum</strong></span> <span class='ocrx_word' id='word_1_765' title='bbox 2311 4114 2566 4181; x_wconf 79' lang='lat' dir='ltr'><strong>prodidit,</strong></span> <span class='ocrx_word' id='word_1_766' title='bbox 2594 4121 2758 4182; x_wconf 82' lang='lat' dir='ltr'><strong>deque</strong></span> <span class='ocrx_word' id='word_1_767' title='bbox 2785 4110 3059 4179; x_wconf 76' lang='lat' dir='ltr'><strong>rejectione</strong></span> <span class='ocrx_word' id='word_1_768' title='bbox 3085 4111 3224 4178; x_wconf 83' lang='lat' dir='ltr'><strong>apud</strong></span> <span class='ocrx_word' id='word_1_769' title='bbox 3255 4107 3496 4182; x_wconf 42' lang='lat' dir='ltr'><strong>Iudaeos.</strong></span> 
     </span>
    </p>
   </div>
   <div class='ocr_carea' id='block_1_95' title="bbox 1997 4181 3500 4255">
    <p class='ocr_par' dir='ltr' id='par_1_95' title="bbox 1997 4181 3500 4255">
     <span class='ocr_line' id='line_1_95' title="bbox 1997 4181 3500 4255; baseline -0.004 -18"><span class='ocrx_word' id='word_1_770' title='bbox 1997 4194 2106 4238; x_wconf 81' lang='lat' dir='ltr'><strong>tam</strong></span> <span class='ocrx_word' id='word_1_771' title='bbox 2136 4200 2316 4238; x_wconf 85' lang='lat' dir='ltr'><strong>eorum</strong></span> <span class='ocrx_word' id='word_1_772' title='bbox 2354 4185 2443 4255; x_wconf 76' lang='lat' dir='ltr'><strong>qui</strong></span> <span class='ocrx_word' id='word_1_773' title='bbox 2501 4181 2851 4253; x_wconf 77' lang='lat' dir='ltr'><strong>imperabant,</strong></span> <span class='ocrx_word' id='word_1_774' title='bbox 2915 4193 3072 4250; x_wconf 84' lang='lat' dir='ltr'><strong>quam</strong></span> <span class='ocrx_word' id='word_1_775' title='bbox 3104 4195 3283 4232; x_wconf 83' lang='lat' dir='ltr'><strong>eorum</strong></span> <span class='ocrx_word' id='word_1_776' title='bbox 3313 4181 3500 4250; x_wconf 77' lang='lat' dir='ltr'><strong>quibus</strong></span> 
     </span>
    </p>
   </div>
   <div class='ocr_carea' id='block_1_96' title="bbox 1995 4255 2374 4320">
    <p class='ocr_par' dir='ltr' id='par_1_96' title="bbox 1995 4255 2374 4320">
     <span class='ocr_line' id='line_1_96' title="bbox 1995 4255 2374 4320; baseline -0.008 -11"><span class='ocrx_word' id='word_1_777' title='bbox 1995 4255 2374 4320; x_wconf 79' lang='lat' dir='ltr'><strong>imperabatur.</strong></span> 
     </span>
    </p>
   </div>
   <div class='ocr_carea' id='block_1_97' title="bbox 2006 4362 3502 4438">
    <p class='ocr_par' dir='ltr' id='par_1_97' title="bbox 2006 4362 3502 4438">
     <span class='ocr_line' id='line_1_97' title="bbox 2006 4362 3502 4438; baseline -0.003 -18"><span class='ocrx_word' id='word_1_778' title='bbox 2006 4388 2023 4420; x_wconf 80' lang='grc' dir='ltr'><strong>ι</strong></span> <span class='ocrx_word' id='word_1_779' title='bbox 2062 4367 2127 4422; x_wconf 84' lang='lat' dir='ltr'><strong>Et</strong></span> <span class='ocrx_word' id='word_1_780' title='bbox 2154 4367 2365 4438; x_wconf 90' lang='lat' dir='ltr'><strong>capiam</strong></span> <span class='ocrx_word' id='word_1_781' title='bbox 2394 4364 2528 4419; x_wconf 89' lang='lat' dir='ltr'><strong>mihi</strong></span> <span class='ocrx_word' id='word_1_782' title='bbox 2555 4363 2695 4419; x_wconf 89' lang='lat' dir='ltr'><strong>duas</strong></span> <span class='ocrx_word' id='word_1_783' title='bbox 2722 4363 2924 4433; x_wconf 78' lang='lat' dir='ltr'><strong>virgas,</strong></span> <span class='ocrx_word' id='word_1_784' title='bbox 2959 4378 3126 4417; x_wconf 91' lang='lat' dir='ltr'><strong>unam</strong></span> <span class='ocrx_word' id='word_1_785' title='bbox 3151 4362 3342 4416; x_wconf 88' lang='lat' dir='ltr'><strong>vocavi</strong></span> <span class='ocrx_word' id='word_1_786' title='bbox 3379 4363 3502 4431; x_wconf 90' lang='lat' dir='ltr'><strong>pul-</strong></span> 
     </span>
    </p>
   </div>
   <div class='ocr_carea' id='block_1_98' title="bbox 1929 4452 3504 4524">
    <p class='ocr_par' dir='ltr' id='par_1_98' title="bbox 1929 4452 3504 4524">
     <span class='ocr_line' id='line_1_98' title="bbox 1929 4452 3504 4524; baseline -0.004 -10"><span class='ocrx_word' id='word_1_787' title='bbox 1929 4461 2338 4524; x_wconf 88' lang='lat' dir='ltr'><strong>chritudinem,</strong></span> <span class='ocrx_word' id='word_1_788' title='bbox 2395 4464 2449 4513; x_wconf 89' lang='lat' dir='ltr'><strong>et</strong></span> <span class='ocrx_word' id='word_1_789' title='bbox 2510 4457 2736 4511; x_wconf 90' lang='lat' dir='ltr'><strong>alteram</strong></span> <span class='ocrx_word' id='word_1_790' title='bbox 2794 4455 2984 4509; x_wconf 88' lang='lat' dir='ltr'><strong>vocavi</strong></span> <span class='ocrx_word' id='word_1_791' title='bbox 3052 4452 3388 4520; x_wconf 75' lang='lat' dir='ltr'><strong>funiculum,</strong></span> <span class='ocrx_word' id='word_1_792' title='bbox 3449 4465 3504 4509; x_wconf 88' lang='lat' dir='ltr'><strong>et</strong></span> 
     </span>
    </p>
   </div>
   <div class='ocr_carea' id='block_1_99' title="bbox 1931 4545 3501 4624">
    <p class='ocr_par' dir='ltr' id='par_1_99' title="bbox 1931 4545 3501 4624">
     <span class='ocr_line' id='line_1_99' title="bbox 1931 4545 3501 4624; baseline -0.006 -17"><span class='ocrx_word' id='word_1_793' title='bbox 1931 4567 2152 4624; x_wconf 90' lang='lat' dir='ltr'><strong>pascam</strong></span> <span class='ocrx_word' id='word_1_794' title='bbox 2205 4566 2334 4605; x_wconf 89' lang='lat' dir='ltr'><strong>oves</strong></span> <span class='ocrx_word' id='word_1_795' title='bbox 2385 4562 2569 4613; x_wconf 90' lang='lat' dir='ltr'><strong>meas,</strong></span> <span class='ocrx_word' id='word_1_796' title='bbox 2626 4555 2679 4601; x_wconf 91' lang='lat' dir='ltr'><strong>et</strong></span> <span class='ocrx_word' id='word_1_797' title='bbox 2733 4545 2978 4602; x_wconf 83' lang='lat' dir='ltr'><strong>auferam</strong></span> <span class='ocrx_word' id='word_1_798' title='bbox 3030 4553 3142 4601; x_wconf 89' lang='lat' dir='ltr'><strong>tres</strong></span> <span class='ocrx_word' id='word_1_799' title='bbox 3173 4547 3501 4616; x_wconf 88' lang='lat' dir='ltr'><strong>pastoresin</strong></span> 
     </span>
    </p>
   </div>
   <div class='ocr_carea' id='block_1_100' title="bbox 1929 4638 3502 4710">
    <p class='ocr_par' dir='ltr' id='par_1_100' title="bbox 1929 4638 3502 4710">
     <span class='ocr_line' id='line_1_100' title="bbox 1929 4638 3502 4710; baseline -0.006 -11"><span class='ocrx_word' id='word_1_800' title='bbox 1929 4659 2117 4699; x_wconf 90' lang='lat' dir='ltr'><strong>mense</strong></span> <span class='ocrx_word' id='word_1_801' title='bbox 2148 4657 2290 4707; x_wconf 91' lang='lat' dir='ltr'><strong>uno,</strong></span> <span class='ocrx_word' id='word_1_802' title='bbox 2329 4639 2400 4696; x_wconf 73' lang='lat' dir='ltr'><strong>et&#39;</strong></span> <span class='ocrx_word' id='word_1_803' title='bbox 2427 4638 2741 4710; x_wconf 79' lang='lat' dir='ltr'><strong>gravabitur</strong></span> <span class='ocrx_word' id='word_1_804' title='bbox 2779 4639 2960 4692; x_wconf 90' lang='lat' dir='ltr'><strong>anima</strong></span> <span class='ocrx_word' id='word_1_805' title='bbox 3004 4653 3124 4692; x_wconf 82' lang='lat' dir='ltr'><strong>mea</strong></span> <span class='ocrx_word' id='word_1_806' title='bbox 3171 4652 3337 4708; x_wconf 89' lang='lat' dir='ltr'><strong>super</strong></span> <span class='ocrx_word' id='word_1_807' title='bbox 3387 4652 3502 4693; x_wconf 83' lang='lat' dir='ltr'><strong>eos.</strong></span> 
     </span>
    </p>
   </div>
   <div class='ocr_carea' id='block_1_101' title="bbox 1929 4730 3506 4808">
    <p class='ocr_par' dir='ltr' id='par_1_101' title="bbox 1929 4730 3506 4808">
     <span class='ocr_line' id='line_1_101' title="bbox 1929 4730 3506 4808; baseline -0.003 -19"><span class='ocrx_word' id='word_1_808' title='bbox 1929 4736 2095 4808; x_wconf 68' lang='grc'><strong>479</strong></span> <span class='ocrx_word' id='word_1_809' title='bbox 2121 4733 2333 4790; x_wconf 89' lang='lat' dir='ltr'><strong>Etenim</strong></span> <span class='ocrx_word' id='word_1_810' title='bbox 2369 4732 2562 4786; x_wconf 74' lang='lat' dir='ltr'><strong>anima:</strong></span> <span class='ocrx_word' id='word_1_811' title='bbox 2585 4746 2775 4786; x_wconf 90' lang='lat' dir='ltr'><strong>eorum</strong></span> <span class='ocrx_word' id='word_1_812' title='bbox 2809 4730 3092 4800; x_wconf 85' lang='lat' dir='ltr'><strong>rugierunt</strong></span> <span class='ocrx_word' id='word_1_813' title='bbox 3117 4744 3282 4799; x_wconf 83' lang='lat' dir='ltr'><strong>super</strong></span> <span class='ocrx_word' id='word_1_814' title='bbox 3303 4745 3388 4784; x_wconf 91' lang='lat' dir='ltr'><strong>me</strong></span> <span class='ocrx_word' id='word_1_815' title='bbox 3406 4768 3422 4792; x_wconf 88' lang='lat'><strong>,</strong></span> <span class='ocrx_word' id='word_1_816' title='bbox 3449 4739 3506 4784; x_wconf 85' lang='lat' dir='ltr'><strong>et</strong></span> 
     </span>
    </p>
   </div>
   <div class='ocr_carea' id='block_1_102' title="bbox 1933 4823 3507 4898">
    <p class='ocr_par' dir='ltr' id='par_1_102' title="bbox 1933 4823 3507 4898">
     <span class='ocr_line' id='line_1_102' title="bbox 1933 4823 3507 4898; baseline -0.005 -14"><span class='ocrx_word' id='word_1_817' title='bbox 1933 4830 2067 4892; x_wconf 83' lang='lat' dir='ltr'><strong>dixi,</strong></span> <span class='ocrx_word' id='word_1_818' title='bbox 2099 4827 2216 4882; x_wconf 85' lang='lat' dir='ltr'><strong>Non</strong></span> <span class='ocrx_word' id='word_1_819' title='bbox 2246 4841 2464 4898; x_wconf 88' lang='lat' dir='ltr'><strong>pascam</strong></span> <span class='ocrx_word' id='word_1_820' title='bbox 2488 4841 2622 4891; x_wconf 87' lang='lat' dir='ltr'><strong>vos;</strong></span> <span class='ocrx_word' id='word_1_821' title='bbox 2656 4823 2802 4895; x_wconf 87' lang='lat' dir='ltr'><strong>quod</strong></span> <span class='ocrx_word' id='word_1_822' title='bbox 2822 4824 3088 4885; x_wconf 86' lang='lat' dir='ltr'><strong>.moritur,</strong></span> <span class='ocrx_word' id='word_1_823' title='bbox 3117 4823 3412 4883; x_wconf 88' lang='lat' dir='ltr'><strong>moriatur,</strong></span> <span class='ocrx_word' id='word_1_824' title='bbox 3451 4830 3507 4876; x_wconf 89' lang='lat' dir='ltr'><strong>et</strong></span> 
     </span>
    </p>
   </div>
   <div class='ocr_carea' id='block_1_103' title="bbox 1932 4913 3504 4993">
    <p class='ocr_par' dir='ltr' id='par_1_103' title="bbox 1932 4913 3504 4993">
     <span class='ocr_line' id='line_1_103' title="bbox 1932 4913 3504 4993; baseline -0.005 -17"><span class='ocrx_word' id='word_1_825' title='bbox 1932 4921 2078 4993; x_wconf 89' lang='lat' dir='ltr'><strong>quod</strong></span> <span class='ocrx_word' id='word_1_826' title='bbox 2099 4919 2299 4984; x_wconf 85' lang='lat' dir='ltr'><strong>deﬁcit,</strong></span> <span class='ocrx_word' id='word_1_827' title='bbox 2326 4918 2543 4973; x_wconf 90' lang='lat' dir='ltr'><strong>deﬁciat</strong></span> <span class='ocrx_word' id='word_1_828' title='bbox 2571 4937 2582 4973; x_wconf 95' lang='lat'>:</span> <span class='ocrx_word' id='word_1_829' title='bbox 2615 4924 2669 4972; x_wconf 87' lang='lat' dir='ltr'><strong>et</strong></span> <span class='ocrx_word' id='word_1_830' title='bbox 2691 4931 2811 4987; x_wconf 75' lang='lat' dir='ltr'><strong>qua:</strong></span> <span class='ocrx_word' id='word_1_831' title='bbox 2834 4915 3043 4984; x_wconf 86' lang='lat' dir='ltr'><strong>reliqua</strong></span> <span class='ocrx_word' id='word_1_832' title='bbox 3074 4923 3202 4969; x_wconf 90' lang='lat' dir='ltr'><strong>sunt</strong></span> <span class='ocrx_word' id='word_1_833' title='bbox 3222 4913 3504 4973; x_wconf 87' lang='lat' dir='ltr'><strong>devorent.</strong></span> 
     </span>
    </p>
   </div>
   <div class='ocr_carea' id='block_1_104' title="bbox 1935 5006 3506 5084">
    <p class='ocr_par' dir='ltr' id='par_1_104' title="bbox 1935 5006 3506 5084">
     <span class='ocr_line' id='line_1_104' title="bbox 1935 5006 3506 5084; baseline -0.006 -15"><span class='ocrx_word' id='word_1_834' title='bbox 1935 5013 2311 5084; x_wconf 89' lang='lat' dir='ltr'><strong>unusquisque</strong></span> <span class='ocrx_word' id='word_1_835' title='bbox 2333 5026 2526 5066; x_wconf 88' lang='lat' dir='ltr'><strong>carnes</strong></span> <span class='ocrx_word' id='word_1_836' title='bbox 2557 5009 2789 5081; x_wconf 85' lang='lat' dir='ltr'><strong>proximi</strong></span> <span class='ocrx_word' id='word_1_837' title='bbox 2832 5007 2938 5072; x_wconf 89' lang='lat' dir='ltr'><strong>sui,</strong></span> <span class='ocrx_word' id='word_1_838' title='bbox 2970 5015 3024 5062; x_wconf 91' lang='lat' dir='ltr'><strong>et</strong></span> <span class='ocrx_word' id='word_1_839' title='bbox 3055 5006 3265 5075; x_wconf 90' lang='lat' dir='ltr'><strong>capiam</strong></span> <span class='ocrx_word' id='word_1_840' title='bbox 3298 5006 3506 5076; x_wconf 88' lang='lat' dir='ltr'><strong>virgam</strong></span> 
     </span>
    </p>
   </div>
   <div class='ocr_carea' id='block_1_105' title="bbox 1936 5095 3508 5176">
    <p class='ocr_par' dir='ltr' id='par_1_105' title="bbox 1936 5095 3508 5176">
     <span class='ocr_line' id='line_1_105' title="bbox 1936 5095 3508 5176; baseline -0.008 -17"><span class='ocrx_word' id='word_1_841' title='bbox 1936 5105 2242 5176; x_wconf 87' lang='lat' dir='ltr'><strong>pulchram,</strong></span> <span class='ocrx_word' id='word_1_842' title='bbox 2270 5110 2324 5158; x_wconf 90' lang='lat' dir='ltr'><strong>et</strong></span> <span class='ocrx_word' id='word_1_843' title='bbox 2352 5102 2607 5172; x_wconf 87' lang='lat' dir='ltr'><strong>abjiciam</strong></span> <span class='ocrx_word' id='word_1_844' title='bbox 2639 5115 2782 5162; x_wconf 89' lang='lat' dir='ltr'><strong>eam,</strong></span> <span class='ocrx_word' id='word_1_845' title='bbox 2813 5099 2881 5153; x_wconf 91' lang='lat' dir='ltr'><strong>ad</strong></span> <span class='ocrx_word' id='word_1_846' title='bbox 2903 5095 3281 5166; x_wconf 89' lang='lat' dir='ltr'><strong>dissipandum</strong></span> <span class='ocrx_word' id='word_1_847' title='bbox 3313 5095 3508 5150; x_wconf 83' lang='lat' dir='ltr'><strong>Testa-</strong></span> 
     </span>
    </p>
   </div>
   <div class='ocr_carea' id='block_1_106' title="bbox 1937 5187 3505 5264">
    <p class='ocr_par' dir='ltr' id='par_1_106' title="bbox 1937 5187 3505 5264">
     <span class='ocr_line' id='line_1_106' title="bbox 1937 5187 3505 5264; baseline -0.004 -12"><span class='ocrx_word' id='word_1_848' title='bbox 1937 5205 2180 5253; x_wconf 89' lang='lat' dir='ltr'><strong>mentum</strong></span> <span class='ocrx_word' id='word_1_849' title='bbox 2212 5211 2392 5250; x_wconf 86' lang='lat' dir='ltr'><strong>meum</strong></span> <span class='ocrx_word' id='word_1_850' title='bbox 2415 5234 2430 5258; x_wconf 88' lang='lat'><strong>,</strong></span> <span class='ocrx_word' id='word_1_851' title='bbox 2479 5193 2622 5264; x_wconf 91' lang='lat' dir='ltr'><strong>quod</strong></span> <span class='ocrx_word' id='word_1_852' title='bbox 2651 5192 2894 5260; x_wconf 91' lang='lat' dir='ltr'><strong>disposui</strong></span> <span class='ocrx_word' id='word_1_853' title='bbox 2929 5190 2994 5244; x_wconf 89' lang='lat' dir='ltr'><strong>ad</strong></span> <span class='ocrx_word' id='word_1_854' title='bbox 3021 5205 3211 5245; x_wconf 90' lang='lat' dir='ltr'><strong>omnes</strong></span> <span class='ocrx_word' id='word_1_855' title='bbox 3243 5187 3470 5260; x_wconf 81' lang='lat' dir='ltr'><strong>populos</strong></span> <span class='ocrx_word' id='word_1_856' title='bbox 3491 5227 3505 5246; x_wconf 87' lang='lat'><strong>.</strong></span> 
     </span>
    </p>
   </div>
   <div class='ocr_carea' id='block_1_107' title="bbox 1939 5280 3510 5359">
    <p class='ocr_par' dir='ltr' id='par_1_107' title="bbox 1939 5280 3510 5359">
     <span class='ocr_line' id='line_1_107' title="bbox 1939 5280 3510 5359; baseline -0.008 -14"><span class='ocrx_word' id='word_1_857' title='bbox 1939 5296 1992 5345; x_wconf 89' lang='lat' dir='ltr'><strong>et</strong></span> <span class='ocrx_word' id='word_1_858' title='bbox 2025 5289 2382 5359; x_wconf 87' lang='lat' dir='ltr'><strong>dissipabitur</strong></span> <span class='ocrx_word' id='word_1_859' title='bbox 2412 5287 2466 5341; x_wconf 90' lang='lat' dir='ltr'><strong>in</strong></span> <span class='ocrx_word' id='word_1_860' title='bbox 2501 5287 2588 5340; x_wconf 92' lang='lat' dir='ltr'><strong>die</strong></span> <span class='ocrx_word' id='word_1_861' title='bbox 2616 5285 2738 5346; x_wconf 89' lang='lat' dir='ltr'><strong>illa,</strong></span> <span class='ocrx_word' id='word_1_862' title='bbox 2784 5291 2839 5338; x_wconf 89' lang='lat' dir='ltr'><strong>et</strong></span> <span class='ocrx_word' id='word_1_863' title='bbox 2865 5292 3194 5353; x_wconf 83' lang='lat' dir='ltr'><strong>cognoscent</strong></span> <span class='ocrx_word' id='word_1_864' title='bbox 3215 5280 3510 5336; x_wconf 74' lang='lat' dir='ltr'><strong>Chananzei</strong></span> 
     </span>
    </p>
   </div>
   <div class='ocr_carea' id='block_1_108' title="bbox 1941 5374 3509 5454">
    <p class='ocr_par' dir='ltr' id='par_1_108' title="bbox 1941 5374 3509 5454">
     <span class='ocr_line' id='line_1_108' title="bbox 1941 5374 3509 5454; baseline -0.006 -18"><span class='ocrx_word' id='word_1_865' title='bbox 1941 5399 2070 5439; x_wconf 85' lang='lat' dir='ltr'><strong>oves</strong></span> <span class='ocrx_word' id='word_1_866' title='bbox 2095 5398 2214 5454; x_wconf 76' lang='lat' dir='ltr'><strong>qua:</strong></span> <span class='ocrx_word' id='word_1_867' title='bbox 2237 5380 2622 5436; x_wconf 90' lang='lat' dir='ltr'><strong>custodiuntur</strong></span> <span class='ocrx_word' id='word_1_868' title='bbox 2654 5378 2819 5440; x_wconf 88' lang='lat' dir='ltr'><strong>mihi,</strong></span> <span class='ocrx_word' id='word_1_869' title='bbox 2852 5377 2994 5447; x_wconf 90' lang='lat' dir='ltr'><strong>quod</strong></span> <span class='ocrx_word' id='word_1_870' title='bbox 3028 5375 3265 5432; x_wconf 85' lang='lat' dir='ltr'><strong>Verbum</strong></span> <span class='ocrx_word' id='word_1_871' title='bbox 3298 5374 3509 5429; x_wconf 88' lang='lat' dir='ltr'><strong>Domini</strong></span> 
     </span>
    </p>
   </div>
   <div class='ocr_carea' id='block_1_109' title="bbox 1941 5469 3510 5538">
    <p class='ocr_par' dir='ltr' id='par_1_109' title="bbox 1941 5469 3510 5538">
     <span class='ocr_line' id='line_1_109' title="bbox 1941 5469 3510 5538; baseline -0.007 -8"><span class='ocrx_word' id='word_1_872' title='bbox 1941 5482 2046 5538; x_wconf 91' lang='lat' dir='ltr'><strong>est,</strong></span> <span class='ocrx_word' id='word_1_873' title='bbox 2077 5481 2131 5530; x_wconf 90' lang='lat' dir='ltr'><strong>et</strong></span> <span class='ocrx_word' id='word_1_874' title='bbox 2159 5473 2336 5528; x_wconf 88' lang='lat' dir='ltr'><strong>dicam</strong></span> <span class='ocrx_word' id='word_1_875' title='bbox 2373 5471 2439 5525; x_wconf 91' lang='lat' dir='ltr'><strong>ad</strong></span> <span class='ocrx_word' id='word_1_876' title='bbox 2461 5487 2556 5526; x_wconf 91' lang='lat' dir='ltr'><strong>eos</strong></span> <span class='ocrx_word' id='word_1_877' title='bbox 2585 5490 2597 5525; x_wconf 92' lang='lat'>:</span> <span class='ocrx_word' id='word_1_878' title='bbox 2635 5469 2690 5524; x_wconf 92' lang='lat' dir='ltr'><strong>Si</strong></span> <span class='ocrx_word' id='word_1_879' title='bbox 2715 5471 3003 5524; x_wconf 89' lang='lat' dir='ltr'><strong>honestum</strong></span> <span class='ocrx_word' id='word_1_880' title='bbox 3024 5470 3176 5524; x_wconf 91' lang='lat' dir='ltr'><strong>estin</strong></span> <span class='ocrx_word' id='word_1_881' title='bbox 3211 5474 3510 5536; x_wconf 88' lang='lat' dir='ltr'><strong>conspectu</strong></span> 
     </span>
    </p>
   </div>
   <div class='ocr_carea' id='block_1_110' title="bbox 1941 5563 3512 5632">
    <p class='ocr_par' dir='ltr' id='par_1_110' title="bbox 1941 5563 3512 5632">
     <span class='ocr_line' id='line_1_110' title="bbox 1941 5563 3512 5632; baseline -0.006 -10"><span class='ocrx_word' id='word_1_882' title='bbox 1941 5578 2142 5632; x_wconf 85' lang='lat' dir='ltr'><strong>vestro,</strong></span> <span class='ocrx_word' id='word_1_883' title='bbox 2178 5569 2300 5623; x_wconf 89' lang='lat' dir='ltr'><strong>date</strong></span> <span class='ocrx_word' id='word_1_884' title='bbox 2324 5565 2628 5621; x_wconf 80' lang='lat' dir='ltr'><strong>mercedem</strong></span> <span class='ocrx_word' id='word_1_885' title='bbox 2653 5580 2828 5620; x_wconf 90' lang='lat' dir='ltr'><strong>meam</strong></span> <span class='ocrx_word' id='word_1_886' title='bbox 2852 5603 2867 5626; x_wconf 94' lang='lat'><strong>,</strong></span> <span class='ocrx_word' id='word_1_887' title='bbox 2899 5572 2992 5617; x_wconf 89' lang='lat' dir='ltr'><strong>aut</strong></span> <span class='ocrx_word' id='word_1_888' title='bbox 3033 5563 3267 5625; x_wconf 89' lang='lat' dir='ltr'><strong>renuite,</strong></span> <span class='ocrx_word' id='word_1_889' title='bbox 3302 5567 3355 5616; x_wconf 91' lang='lat' dir='ltr'><strong>et</strong></span> <span class='ocrx_word' id='word_1_890' title='bbox 3379 5576 3512 5616; x_wconf 80' lang='lat' dir='ltr'><strong>con-</strong></span> 
     </span>
    </p>
   </div>
   <div class='ocr_carea' id='block_1_111' title="bbox 1941 5651 3512 5722">
    <p class='ocr_par' dir='ltr' id='par_1_111' title="bbox 1941 5651 3512 5722">
     <span class='ocr_line' id='line_1_111' title="bbox 1941 5651 3512 5722; baseline -0.01 -7"><span class='ocrx_word' id='word_1_891' title='bbox 1941 5659 2232 5715; x_wconf 85' lang='lat' dir='ltr'><strong>stituerunt</strong></span> <span class='ocrx_word' id='word_1_892' title='bbox 2263 5654 2569 5710; x_wconf 89' lang='lat' dir='ltr'><strong>mercedem</strong></span> <span class='ocrx_word' id='word_1_893' title='bbox 2612 5667 2807 5720; x_wconf 88' lang='lat' dir='ltr'><strong>meam,</strong></span> <span class='ocrx_word' id='word_1_894' title='bbox 2834 5651 3052 5722; x_wconf 87' lang='lat' dir='ltr'><strong>triginta</strong></span> <span class='ocrx_word' id='word_1_895' title='bbox 3089 5656 3413 5719; x_wconf 59' lang='lat' dir='ltr'><strong>argenteos,</strong></span> <span class='ocrx_word' id='word_1_896' title='bbox 3456 5652 3512 5700; x_wconf 84' lang='lat' dir='ltr'><strong>et</strong></span> 
     </span>
    </p>
   </div>
   <div class='ocr_carea' id='block_1_112' title="bbox 336 5807 1826 5895">
    <p class='ocr_par' dir='ltr' id='par_1_112' title="bbox 336 5817 1826 5895">
     <span class='ocr_line' id='line_1_112' title="bbox 336 5817 1826 5895; baseline -0.007 -10"><span class='ocrx_word' id='word_1_897' title='bbox 336 5833 380 5865; x_wconf 77' lang='lat'>&quot;</span> <span class='ocrx_word' id='word_1_898' title='bbox 415 5830 592 5885; x_wconf 76' lang='lat' dir='ltr'><strong>Palu).</strong></span> <span class='ocrx_word' id='word_1_899' title='bbox 624 5842 777 5893; x_wconf 84' lang='lat' dir='ltr'><strong>cvm,</strong></span> <span class='ocrx_word' id='word_1_900' title='bbox 815 5825 908 5895; x_wconf 75' lang='grc'><strong>21,</strong></span> <span class='ocrx_word' id='word_1_901' title='bbox 940 5824 1028 5882; x_wconf 70' lang='grc'><strong>22.</strong></span> <span class='ocrx_word' id='word_1_902' title='bbox 1104 5826 1149 5858; x_wconf 74' lang='grc'><strong>’⁸</strong></span> <span class='ocrx_word' id='word_1_903' title='bbox 1191 5822 1320 5879; x_wconf 83' lang='lat' dir='ltr'><strong>ibid.</strong></span> <span class='ocrx_word' id='word_1_904' title='bbox 1355 5821 1442 5886; x_wconf 69' lang='grc'><strong>24,</strong></span> <span class='ocrx_word' id='word_1_905' title='bbox 1477 5821 1566 5877; x_wconf 71' lang='lat'><strong>9.5.</strong></span> <span class='ocrx_word' id='word_1_906' title='bbox 1644 5822 1684 5854; x_wconf 85' lang='lat'><strong>&quot;</strong></span> <span class='ocrx_word' id='word_1_907' title='bbox 1731 5817 1826 5876; x_wconf 77' lang='lat' dir='ltr'><strong>Ma‘</strong></span> 
     </span>
    </p>
   </div>
   <div class='ocr_carea' id='block_1_113' title="bbox 1928 5807 3126 5895">
    <p class='ocr_par' dir='ltr' id='par_1_113' title="bbox 1963 5807 3126 5883">
     <span class='ocr_line' id='line_1_113' title="bbox 1963 5807 3126 5883; baseline -0.009 -11"><span class='ocrx_word' id='word_1_908' title='bbox 1963 5834 2140 5883; x_wconf 76' lang='lat' dir='ltr'><strong>xxvii,</strong></span> <span class='ocrx_word' id='word_1_909' title='bbox 2179 5818 2265 5882; x_wconf 74' lang='grc' dir='ltr'>Μ,</span> <span class='ocrx_word' id='word_1_910' title='bbox 2309 5817 2396 5871; x_wconf 67' lang='grc' dir='ltr'><strong>Διὶ.</strong></span> <span class='ocrx_word' id='word_1_911' title='bbox 2474 5817 2518 5848; x_wconf 73' lang='grc' dir='ltr'><strong>τ’</strong></span> <span class='ocrx_word' id='word_1_912' title='bbox 2561 5813 2703 5868; x_wconf 84' lang='lat' dir='ltr'><strong>Psal.</strong></span> <span class='ocrx_word' id='word_1_913' title='bbox 2736 5826 2900 5876; x_wconf 84' lang='lat' dir='ltr'><strong>cvul,</strong></span> <span class='ocrx_word' id='word_1_914' title='bbox 2935 5807 3126 5863; x_wconf 72' lang='lat' dir='ltr'><strong>‘28-3l.</strong></span> 
     </span>
    </p>
   </div>
  </div>
