4110 6410
618 344 724 403 745

615 464 757 524 dixit
790 461 1058 518 Dominus
1089 458 1157 514 ad
1189 471 1298 523 me,
1329 453 1553 512 Dimitte
1591 469 1686 511 eos
1716 456 1773 510 in
1800 454 2080 510 fornacem
2102 493 2117 518 ,
2149 462 2205 509 et
2231 487 2279 546 Α

617 565 806 631 specta
826 569 957 610 num
980 551 1340 624 approbatum
1384 549 1476 613 sit,
1516 547 1974 620 quemadmodum
2004 548 2204 618 proba-

615 660 708 709 tus
739 664 860 707 sum
895 661 994 719 pro
1022 646 1132 703 illis
1160 685 1175 709 ,
1222 651 1276 700 et
1310 642 1496 713 accepi
1528 641 1757 712 triginta
1790 650 2080 712 argenteos
2104 680 2118 703 .
2152 648 2206 696 et

616 744 823 819 projeci
853 757 948 798 eos
986 741 1042 796 in
1077 740 1241 795 domo
1274 735 1489 793 Domini
1517 735 1574 790 in
1622 733 1925 798 fornacem,
1949 740 2004 789 et
2029 732 2204 803 abieci

618 841 824 909 virgam
857 836 1104 897 alteram,
1147 846 1271 902 quae
1318 830 1521 886 dicitur
1556 827 1866 892 funiculus,
1919 825 1987 880 ad
2040 825 2205 881 dissi-

618 932 859 1003 pandum
885 928 1296 984 Testamentum
1359 923 1503 978 inter
1551 920 1747 977 Judam
1787 928 1843 976 et
1884 919 2054 975 Israel
2078 919 2144 972 τ’.
2178 937 2198 972 ι

619 1025 747 1080 Haec
777 1023 943 1093 igitur
974 1035 1133 1077 suum
1191 1018 1352 1073 finem
1399 1020 1696 1071 consecuta
1733 1021 1881 1075 sunt,
1919 1025 2030 1082 quo
2060 1018 2200 1066 tem-

620 1131 774 1187 pore,
799 1122 859 1169 ut
894 1120 978 1168 cst
1006 1109 1149 1182 apud
1180 1107 1383 1162 Lucam
1405 1146 1420 1171 ,
1480 1124 1499 1158 ι
1537 1103 1728 1160 abiens
1762 1101 1931 1158 Judas
1986 1102 2202 1158 locutus

618 1220 705 1265 est
743 1222 866 1264 cum
900 1202 1238 1276 principibus
1286 1198 1631 1256 sacerdotum
1667 1205 1722 1251 et
1754 1195 1976 1257 scribis.
2008 1202 2063 1250 et
2095 1193 2201 1249 du-

620 1300 776 1355 cibus
801 1295 1008 1367 templi,
1034 1291 1310 1364 quomodo
1343 1290 1495 1343 illum
1525 1290 1606 1343 eis
1634 1285 1908 1351 traderet;
1946 1294 2000 1341 et
2030 1284 2201 1356 gavisi

620 1397 770 1449 sunt,
806 1396 860 1442 et
895 1383 1039 1455 pacti
1074 1388 1203 1437 sunt
1233 1387 1520 1451 argentum
1555 1376 1634 1431 illi
1661 1377 1795 1432 dare
1822 1376 1890 1431 ".
1925 1396 1944 1429 ι
1974 1373 2045 1430 Ut
2069 1390 2203 1430 vero

619 1479 764 1551 apud
795 1477 1033 1531 Marcum
1065 1474 1325 1545 legimus,
1377 1486 1502 1526 cum
1551 1468 1687 1524 abiit
1729 1486 1749 1519 ι
1808 1467 1873 1522 ad
1923 1466 2202 1539 principes

621 1566 968 1626 sacerdotum
994 1604 1010 1630 ,
1060 1571 1120 1617 ut
1161 1562 1314 1616 illum
1370 1558 1659 1630 proderet;
1716 1554 1796 1610 illi
1827 1564 2007 1612 autem
2033 1557 2201 1627 gavisi

619 1668 783 1723 sunt,
824 1666 880 1715 et
910 1654 1283 1728 promiserunt
1334 1651 1384 1706 ei
1434 1665 1494 1707 se
1555 1656 1839 1720 argentum
1888 1647 2135 1705 daturos.
2176 1667 2196 1701 ι

619 1752 824 1808 Verum
872 1748 1015 1822 apud
1084 1747 1186 1802 hos
1239 1744 1461 1816 quidem
1519 1749 1805 1815 argentum
1878 1739 2204 1810 simpliciter

1276 334 1547 395 EUSEBII
1586 332 2069 392 CESARIENSIS
2106 331 2257 389 OPP.
2301 333 2486 391 PARS
2524 333 2590 389 ll.
2633 365 2702 374 —
2740 325 3244 388 APOLOGETICA.
3741 313 3820 368 ἴίί

2307 455 2462 527 ὑμῶν
2493 457 2645 518 ἐστι,
2676 453 2797 508 δότε
2827 452 2920 506 τὸν
2955 448 3146 522 μισθόν
3179 463 3301 519 μου,
3335 443 3370 516 ἢ
3402 442 3701 498 ἀπείπασθε.
3737 443 3829 498 Καὶ

2307 546 2541 618 ἔστησαν
2581 544 2672 599 τὸν
2721 542 2912 616 μισθόν
2963 558 3063 613 μου
3110 538 3403 612 τριάκοντα
3434 533 3702 606 ἀργυροῦς.
3737 533 3831 588 Καὶ

2305 636 2425 695 εἶπε
2468 637 2671 711 Κύριος
2717 637 2854 709 πρὸς
2904 636 3001 708 μέο
3038 633 3219 697 Κάθες
3251 631 3445 694 αὐτοὺς
3480 631 3555 693 εἰς
3581 627 3635 682 τδ
3662 644 3831 701 χωνευ-

2302 732 2509 805 τήριον.
2575 730 2683 784 Καὶ
2731 728 2928 798 σκέψαι
2968 726 3018 778 εἰ
3063 723 3283 794 δόκιμόν
3338 724 3514 786 ἐστιν,
3560 721 3616 778 ὃν
3665 721 3832 791 τρόπον

2303 823 2665 897 ἐδοκιμάσθην
2722 822 2865 893 ὑπὲρ
2918 819 3119 875 αύτῶνζ
3164 816 3274 872 Kal
3326 813 3512 868 ἔλαϐον
3557 815 3673 877 τοὺς
3712 813 3835 885 τριά-

2302 934 2467 973 κοντα
2498 915 2774 988 ἀργυροῦς
2794 954 2810 979 ,
2844 915 2940 969 καὶ
2977 910 3226 966 ἐνέϐαλον
3253 908 3451 971 αὐτοὺς
3493 908 3567 970 είς
3594 904 3676 958 τὸν
3710 898 3834 960 οῐιιον

2301 1008 2509 1080 Κυρίου
2539 1009 2621 1073 είς
2652 1006 2714 1061 τὸ
2742 1006 3121 1077 χωνευτήριον,
3157 1001 3252 1055 καὶ
3271 996 3549 1072 ἀπέρριψαι
3567 995 3656 1067 τὴν
3674 994 3834 1067 ῥάϐδον

2301 1102 2399 1177 τὴν
2428 1102 2688 1174 δευτέραν
2718 1101 2778 1155 τὸ
2803 1100 3109 1171 σχοίνισμα,
3142 1094 3239 1149 τοῦ
3265 1089 3604 1147 διασκεδάσαι
3629 1087 3715 1159 τὴν
3735 1090 3836 1140 Amp

2303 1198 2475 1270 θήκην
2508 1195 2611 1250 ἀνά
2646 1194 2807 1268 μέσον
2822 1192 2991 1247 ’ἰούδα
3023 1190 3119 1247 καὶ
3145 1187 3249 1243 ἀνά
3285 1186 3447 1258 μέσον
3473 1182 3720 1255 Ἰσραήλ.»
3746 1180 3836 1235 Kal

2301 1285 2473 1341 ταῦτα
2498 1285 2685 1347 τέλους
2717 1281 3134 1353 ἐτύγχανενβτε
3157 1320 3172 1343 ,
3194 1276 3338 1332 κατὰ
3378 1275 3477 1346 μέν
3505 1272 3592 1325 τὸν
3625 1272 3833 1334 Λουκᾶν,

2309 1377 2593 1434 «ἀπελθὼν
2633 1379 2663 1432 6
2712 1376 2913 1440 Ἰούδας
2950 1371 3227 1429 συνελάλει
3279 1372 3391 1432 τοῖς
3439 1363 3729 1439 ἀρχιερεῦσι
3762 1362 3837 1415 καὶ

2304 1471 2627 1543 στρατηγοῖς
2658 1467 2752 1523 τοῦ
2804 1464 2973 1538 ἱεροῦ,
3016 1465 3166 1526 ὅπως
3198 1459 3360 1526 αὑτὸν
3405 1454 3625 1529 παραδῷ
3651 1455 3833 1516 αὐτοῖς’

2303 1563 2397 1616 καὶ
2425 1561 2720 1634 ἐχάρησαν,
2759 1561 2852 1616 καί
2874 1556 3157 1613 συνέθεντο
3183 1553 3334 1625 αὐτῷ
3366 1550 3599 1625 ἀργύρια
3623 1544 3796 1601 δοῦναι.
3816 1564 3835 1597 ι

2301 1654 2461 1711 Κατά
2486 1655 2542 1709 δὲ
2562 1656 2653 1709 τὸν
2681 1653 2926 1726 Μάρκον,
2941 1649 3176 1723 ὁπηνίκα
3204 1646 3442 1719 ιάπῆλθε
3472 1643 3602 1715 πρὸς
3628 1642 3740 1703 τοὺς
3759 1640 3838 1711 ἁρ-

2303 1751 2523 1821 χιερείς,
2545 1747 2632 1801 ἵνα
2663 1743 2888 1818 παραδῷ
2917 1743 3099 1798 αὐτόν.
3122 1742 3187 1797 Οἱ
3206 1740 3263 1807 δέ
3283 1739 3577 1811 ἐχάρησαν,
3603 1737 3689 1788 καὶ
3704 1734 3839 1798 ἐαγ-

619 1821 962 1902 nominatum
1012 1847 1119 1897 est.
1153 1837 1308 1910 Apud
1349 1836 1660 1891 Maltbaeum
1692 1841 1872 1890 autem
1940 1847 2204 1889 numerus

2307 1838 2557 1908 γείλαντο
2599 1837 2747 1909 αὐτῷ
2790 1834 3028 1908 ἀργύρια
3080 1832 3286 1887 δοῦναι.
3333 1849 3352 1883 ι
3393 1827 3529 1881 Ἀλλ’
3572 1827 3627 1879 ἐν
3668 1821 3840 1881 τούτοις

619 1953 841 2010 quoque
868 1934 1165 1996 indicatur,
1199 1931 1292 2002 qui
1326 1944 1459 1986 sane
1487 1927 1558 1984 ab
1587 1944 1652 1985 eo
1687 1941 1847 1999 quem
1880 1926 2067 1998 posuit
2094 1924 2200 1979 Za-

620 2031 839 2088 charias
863 2028 1090 2083 minime
1122 2026 1417 2094 discrepat.
1468 2020 1610 2076 Dicit
1659 2021 1825 2092 igitur
1870 2018 2198 2074 Matthams:

626 2145 647 2178 ι
680 2124 835 2180 Tunc
866 2123 1055 2178 abiens
1084 2135 1229 2175 unus
1262 2117 1330 2173 de
1349 2115 1659 2176 duodecim,
1683 2114 1776 2183 qui
1802 2112 2005 2167 dicitur
2035 2109 2204 2166 Iudas

620 2219 932 2279 lscariotes,
953 2215 1018 2269 ad
1048 2214 1325 2284 principes
1349 2206 1724 2272 sacerdotum,
1742 2206 1881 2260 dixit
1910 2206 1991 2261 eis
2016 2223 2030 2260 :
2061 2203 2203 2271 Quid

621 2314 787 2369 vultis
820 2309 951 2364 mihi
978 2306 1130 2369 dare,
1160 2313 1214 2360 et
1243 2319 1343 2373 ego
1366 2316 1492 2356 eum
1516 2299 1675 2354 vobis
1704 2296 1964 2352 tradam?
1989 2296 2067 2351 illi
2099 2312 2203 2351 au-

619 2415 729 2461 tem
758 2402 1165 2458 constituerunt
1205 2396 1253 2451 ei
1284 2394 1509 2465 triginta
1539 2399 1775 2446 stateres
1804 2390 1873 2446 ⁷³.
1906 2408 1925 2442 ι
1954 2388 2207 2446 Censen-

620 2506 780 2552 tanea
803 2495 967 2566 igitur
995 2492 1107 2546 haec
1136 2497 1263 2546 sunt
1301 2488 1348 2542 ei
1381 2484 1525 2557 quod
1570 2484 1625 2538 in
1658 2483 1946 2554 prophetia
1997 2482 2203 2537 dictum

619 2596 704 2646 est
726 2604 755 2641 a
792 2585 1061 2641 Domino:
1100 2601 1119 2633 ι
1155 2579 1221 2635 Ει
1247 2578 1653 2634 constituerunt
1683 2574 1990 2631 mercedem
2023 2589 2200 2629 meam

622 2680 848 2751 triginta
898 2684 1212 2747 argenteos.
1264 2690 1283 2723 ι
1350 2669 1457 2725 Pro
1509 2683 1617 2739 quo
1672 2667 2033 2739 Symmachus
2083 2666 2206 2735 qui-

620 2773 743 2829 dem
796 2770 909 2825 ait:
951 2785 970 2821 ι
1025 2765 1093 2821 Et
1146 2762 1623 2836 apprehenderunt
1674 2759 1979 2817 mercedem
2030 2772 2203 2812 meam

619 2865 841 2936 triginta
889 2868 1198 2932 argenteos.
1233 2876 1252 2910 ι
1308 2855 1505 2927 Aquila
1537 2868 1706 2909 vero:
1748 2870 1769 2905 ι
1809 2850 1876 2905 Ει
1906 2850 2204 2907 constitue-

618 2966 751 3014 runt
797 2952 1103 3012 mercedem
1138 2964 1313 3006 meam
1338 2947 1566 3018 triginta
1604 2951 1913 3016 argenteos,
1949 2961 1968 2994 ι
2004 2941 2205 3012 quibus

614 3050 755 3106 illud
789 3046 1147 3118 adjungitur:
1199 3060 1219 3094 ι
1257 3041 1322 3096 Ει
1352 3039 1491 3093 dixit
1536 3036 1802 3091 Dominus
1835 3034 1903 3089 ad
1951 3049 2079 3089 me:
2113 3031 2208 3086 Di-

618 3142 776 3199 mitte
802 3155 899 3196 eos
926 3140 982 3193 in
1014 3136 1313 3198 fornacem,
1343 3139 1398 3187 et
1443 3129 1569 3185 vide
1598 3143 1728 3183 num
1765 3127 2057 3197 probatum
2091 3126 2199 3191 sit,

2311 1930 2406 2001 μὲν
2433 1929 2618 1994 ἁπλῶς
2649 1929 2710 1983 τὸ
2731 1928 2990 2001 ἀργύριον
3015 1925 3349 1997 ὠνόμασταυ
3376 1919 3531 1994 παρὰ
3555 1919 3608 1973 δὲ
3631 1915 3702 1988 τῷ
3725 1916 3841 1970 Ματ-

2307 2021 2445 2092 θαίῳ
2477 2016 2872 2092 μνημονεύεται
2914 2017 3008 2072 καὶ
3048 2019 3077 2071 ὁ
3122 2014 3376 2089 ἀριθμὸς,
3413 2012 3642 2084 συνᾴδων
3671 2010 3728 2079 τῇ
3756 2004 3842 2059 ἀπὺ

2304 2113 2399 2167 τοῦ
2427 2112 2696 2185 Ζαχαρίου
2731 2109 3053 2183 παραθέσει.
3084 2109 3247 2176 Λέγει
3284 2106 3330 2161 δ’
3372 2100 3467 2160 οὖν
3506 2106 3534 2158 6
3571 2100 3837 2162 Ματθαῖος·

2313 2229 2330 2259 ι
2350 2207 2482 2260 Τότε
2512 2204 2796 2277 πορευθεὶς
2816 2198 2897 2267 εἷς
2923 2200 3032 2255 τῶν
3062 2199 3291 2265 δώδεκα,
3315 2201 3344 2253 6
3365 2198 3652 2270 λεγόμενος
3680 2191 3841 2253 Ἰούδας

2319 2297 2689 2370 Ἰσκαριώτης,
2725 2295 2861 2369 πρὸς
2890 2296 3018 2359 τοὺς
3044 2295 3353 2367 ἀρχιερεῖς,
3389 2288 3540 2347 εἶπεν
3571 2291 3762 2353 αὐτοῖς’
3790 2286 3841 2339 Τί

2309 2390 2489 2445 θέλετέ
2514 2407 2602 2461 μοι
2635 2387 2859 2452 δοῦναι,
2894 2385 3052 2456 κάγὼ
3087 2386 3216 2458 ὑμῖν
3250 2383 3558 2458 παραδώσω
3587 2381 3766 2444 αὐτόν;
3790 2379 3841 2433 Οί

2306 2484 2363 2539 δέ
2410 2482 2643 2555 ἔστησαν
2685 2480 2833 2552 αύτῷ
2877 2479 3171 2552 τριάκοντα
3220 2478 3517 2549 στατῆρας.
3558 2494 3576 2528 ι
3612 2472 3843 2544 Σύμφωνα

2307 2573 2397 2631 οὖν
2411 2576 2584 2631 ταῦτά
2606 2578 2721 2630 ἐστι
2741 2573 2837 2647 τῷ,
2868 2574 3008 2627 «Καὶ
3026 2571 3259 2643 ἔστησαν
3282 2570 3375 2624 τὸν
3399 2568 3586 2642 μισθόν
3608 2584 3699 2640 μου
3717 2563 3842 2638 τριά-

2307 2686 2472 2723 κοντα
2504 2667 2815 2742 ἀργυροῦς,
2850 2686 2868 2719 ι
2908 2668 2966 2719 ἐν
2995 2668 3062 2738 τῇ
3115 2663 3428 2738 προφητείᾳ
3468 2660 3727 2736 εἰρημένῳ
3762 2654 3845 2712 ὑπὸ

2305 2761 2399 2816 τοῦ
2432 2761 2661 2833 Κυρίου.
2697 2758 2837 2813 Ἀνθ’
2865 2753 2925 2813 οὗ
2957 2759 2987 2811 6
3014 2758 3111 2830 μέν
3138 2756 3436 2829 Σύμμαχος
3457 2755 3669 2827 ἐποίησε
3689 2769 3701 2783 ο
3723 2770 3741 2802 ι
3758 2747 3845 2803 Καὶ

2308 2854 2640 2925 ἐστάθμισαν
2672 2852 2763 2907 τὸν
2800 2850 2990 2923 μισθόν
3014 2868 3114 2923 μου
3147 2849 3446 2923 τριάκοντα
3470 2845 3758 2920 ἀργυροῦς
3792 2840 3844 2893 i6

2305 2948 2363 3002 δὲ
2405 2945 2665 3010 Ἀκύλας·
2717 2963 2736 2997 ι
2790 2944 2898 2998 Καὶ
2940 2944 3182 3015 ἔστησαν
3222 2943 3314 2996 τὸν
3355 2942 3547 3014 μισθόν
3594 2956 3686 3011 μου
3723 2932 3845 3009 τριά-

2309 3054 2470 3093 κοντα
2493 3034 2768 3109 ἀργυροῦς
2788 3051 2802 3066 ·
2824 3053 2843 3086 ι
2875 3028 2958 3098 οἷς
2990 3032 3323 3102 ἐπιλέγεται⁸
3371 3051 3391 3084 ι
3414 3032 3524 3086 Καὶ
3542 3026 3659 3086 εἷπε
3678 3028 3846 3099 Κύριος

2309 3128 2446 3202 πρὸς
2475 3128 2542 3199 μέ
2565 3143 2579 3157 ο
2613 3125 2795 3189 Κάθες
2817 3125 3015 3188 αὐτοὺς
3048 3123 3129 3187 είς
3148 3122 3209 3176 τὸ
3232 3121 3616 3193 χωνευτήριον,
3644 3116 3726 3171 καὶ
3748 3111 3846 3168 σκέ-

612 3196 1081 3307 ⁴ίμιειῐιοὼῐιοᾱιιηι
1131 3196 1395 3299 probatus
1440 3237 1562 3278 sum
1593 3236 1693 3293 pro
1727 3196 1854 3275 illis.
1889 3238 1909 3272 ι
1948 3217 2057 3274 Pro
2096 3234 2204 3290 quo

2308 3196 2404 3291 ψαι
2437 3196 2486 3273 εί
2508 3218 2915 3307 δόκιμόνῄέστιν,
2941 3214 3001 3269 ὃν
3029 3213 3229 3287 τρόπον
3251 3212 3617 3286 ἐδοκιμάσθην
3636 3209 3759 3280 ὑπὲρ
3778 3204 3846 3259 αὖ·

618 3343 816 3385 rursus
843 3325 1040 3397 Aquila
1086 3319 1307 3393 quidem
1349 3317 1431 3373 sic
1463 3316 1540 3370 ait
1570 3333 1582 3370 :
1620 3333 1638 3367 ‹
1677 3312 1743 3368 Ει
1776 3313 1915 3368 dixit
1940 3310 2203 3368 Dominus

616 3421 690 3477 ad
723 3436 847 3476 me:
882 3416 1105 3472 Dimitte
1132 3428 1228 3469 eos
1261 3413 1318 3466 in
1350 3409 1652 3481 fornacem,
1679 3406 1887 3477 projice
1919 3421 2015 3461 eos
2042 3406 2111 3461 ad
2142 3405 2205 3459 li-

620 3514 836 3586 gulum,
862 3510 1192 3564 immensum
1223 3502 1458 3575 pretium
1490 3514 1600 3571 quo
1621 3500 1924 3554 aestimatus
1957 3511 2078 3551 sum
2105 3511 2204 3566 pro

618 3582 751 3670 illis,
777 3622 796 3656 ›
825 3599 990 3673 480
1012 3604 1065 3654 et
1090 3610 1223 3654 sane
1249 3592 1469 3648 attende
1499 3603 1738 3661 quonam
1769 3594 1928 3657 pacto
1953 3585 2069 3655 ipse
2096 3582 2204 3638 Do-

619 3699 807 3756 minus
837 3694 1072 3768 pretium
1103 3704 1263 3748 suum
1293 3684 1584 3741 confitetur
1636 3680 1865 3752 triginta
1912 3685 2204 3749 argenteos

621 3793 813 3858 datum
840 3796 985 3845 esse.
1037 3783 1272 3840 Videtur
1300 3786 1481 3835 autem
1514 3776 1635 3848 ipsa
1663 3773 1956 3830 verborum
1981 3770 2205 3842 excogi-

621 3884 760 3941 tatio
786 3882 950 3937 talem
978 3892 1091 3950 pra:
1118 3890 1179 3932 se
1213 3872 1357 3930 ferre
1387 3885 1610 3927 sensum
1639 3887 1653 3924 :
1686 3867 1799 3941 Ego
1836 3866 2055 3939 quidem
2092 3865 2204 3921 Do-

621 3977 809 4032 minus
838 3987 868 4026 a
901 3974 1081 4043 primo
1108 3967 1379 4036 incipiens
1412 3963 1502 4020 die
1544 3976 1827 4035 nunquam
1882 3961 2019 4017 desii
2071 3975 2204 4015 meae

623 4064 978 4138 benignitatis
994 4060 1197 4117 indicia
1220 4056 1375 4114 vobis
1388 4054 1594 4113 Iudaeis
1616 4050 2207 4125 impendere,innume-

588 4170 593 4173 ‘
622 4159 1001 4227 rabilibusque
1032 4167 1132 4210 vos
1159 4149 1443 4207 beneﬁciis
1466 4147 1701 4211 adicere,
1735 4161 1848 4200 non
1869 4146 2046 4201 solum
2073 4144 2202 4199 dum

624 4251 695 4308 ad
722 4265 821 4306 vos
850 4248 919 4303 ab
959 4245 1116 4302 initio
1146 4242 1443 4313 prophetas
1489 4238 1649 4293 mitto
1671 4277 1687 4302 ,
1732 4237 1826 4293 sed
1871 4237 2035 4292 etiam
2071 4234 2200 4290 dum

623 4359 714 4400 me
739 4343 922 4414 ipsum
941 4336 1100 4394 vobis
1134 4340 1456 4405 praesentem
1486 4330 1720 4387 exhibeo
1739 4368 1755 4394 ,
1798 4336 1909 4383 tum
1942 4328 1996 4382 in
2027 4325 2204 4380 moni-

622 4438 698 4492 tis
729 4449 795 4489 ac
819 4429 1185 4493 documentis,
1216 4423 1684 4492 rationalibusque
1720 4420 2005 4491 praeceptis
2024 4460 2039 4485 ,
2088 4426 2205 4471 tum

621 4530 684 4586 in
708 4525 884 4597 signis
907 4532 965 4579 et
984 4519 1253 4593 portentis
1285 4525 1341 4573 et
1386 4516 1509 4573 aliis
1552 4513 1942 4569 miraculorum
1989 4511 2206 4583 generi-

623 4621 753 4688 bus,
801 4628 916 4674 tum
970 4616 1135 4671 etiam
1168 4612 1223 4666 in
1274 4607 1654 4666 saltationibus
1709 4608 1773 4663 et
1815 4605 2071 4672 medelis;
2105 4619 2205 4659 vos

618 4723 758 4779 ergo
779 4706 874 4775 qui
900 4709 1053 4758 tanta
1074 4699 1432 4757 beneficentia
1459 4696 1611 4768 digni
1653 4695 1828 4752 habiti
1853 4693 1990 4751 estis
2010 4733 2026 4761 ,
2082 4693 2207 4750 date

626 4797 938 4856 mercedem
964 4810 1163 4857 meam,
1196 4800 1291 4848 aut
1315 4791 1559 4849 re‘nuite:
1606 4789 1688 4845 sic
1715 4787 1935 4859 quidem
1965 4786 2036 4842 ab
2061 4786 2202 4851 illis,

624 4902 689 4951 ut
717 4909 816 4966 par
842 4899 946 4956 est,
970 4889 1182 4945 fructus
1211 4886 1450 4959 pietatis,
1478 4892 1534 4941 et
1566 4882 1769 4941 indicia
1800 4881 1927 4938 ﬁdei
1958 4894 2091 4952 erga
2117 4895 2206 4936 se-

623 4989 807 5061 ipsum
838 4982 1148 5058 postulans.
1193 4982 1264 5037 At
1287 4980 1366 5035 illi
1404 4977 1572 5051 (utin
1627 4991 1692 5033 ea
1744 4989 1906 5046 quam
1955 4975 2204 5045 proxime

622 5092 756 5138 ante
785 5082 927 5136 hanc
957 5077 1243 5151 posuimus
1293 5071 1611 5146 prophetia,
1645 5069 1850 5126 dictum
1879 5068 2009 5136 est),
2049 5084 2068 5118 ε
2104 5081 2205 5136 pro

622 5191 695 5232 eo
720 5184 777 5230 ut
799 5188 890 5230 me
919 5172 1227 5242 diligerent.
1254 5164 1617 5222 detrahebant
1642 5161 1797 5226 mihi,
1827 5167 1882 5216 et
1901 5166 2205 5232 posuerunt

624 5269 923 5322 adversum
953 5280 1040 5321 me
1071 5262 1213 5318 mala
1245 5273 1345 5332 pro
1373 5258 1532 5314 bonis
1553 5298 1568 5323 ,
1606 5262 1662 5312 et
1701 5252 1885 5309 odium
1934 5265 2035 5322 pro
2061 5250 2215 5323 dile-_

627 5359 816 5414 ctione
843 5369 965 5413 mea
996 5357 1078 5422 ης
1117 5373 1137 5408 ι
1174 5361 1372 5409 etcum
1402 5348 1629 5421 triginta
1667 5351 1955 5416 argenteos
1996 5339 2202 5398 consti-

628 5450 861 5513 tuerint,
886 5457 1149 5520 tanquam
1177 5460 1301 5502 eum
1326 5444 1421 5515 qui
1438 5441 1579 5497 tanti
1599 5437 1947 5505 venderetur,
1964 5434 2203 5491 estima-

633 5548 852 5599 verunt.
878 5539 987 5596 Sed
1018 5539 1279 5611 quoniam
1311 5533 1746 5604 uniuscujusque
1780 5545 1921 5602 opus
1949 5527 2112 5599 quale
2130 5526 2203 5582 sit

638 5636 780 5708 ignis
805 5633 1277 5706 probabit,merito
1292 5614 1527 5702 imperat
1546 5634 1606 5681 ut
1621 5625 1914 5681 mittantur
1936 5623 1992 5677 in
2016 5618 2203 5676 forna-

2309 3313 2469 3368 τῶν.»
2512 3312 2653 3367 Ἀνθ’
2681 3304 2743 3366 οὗ
2761 3311 2923 3366 πάλιν
2951 3311 2980 3365 6
3016 3309 3112 3381 μὲν
3146 3307 3378 3372 ’Δκύλας
3409 3306 3579 3379 φησί·
3611 3301 3739 3357 «Καὶ
3753 3295 3846 3354 εἷπε

2310 3407 2539 3481 Κύριοςσ
2558 3405 2741 3477 Ῥίψον
2770 3404 2910 3459 αὐτὰ
2949 3402 3086 3477 πρὸς
3116 3400 3206 3455 τὸν
3241 3398 3508 3470 πλάστην.
3554 3387 3849 3466 ’Υπερμεγέ-

2311 3500 2412 3572 θης
2442 3502 2474 3563 ἡ
2498 3497 2653 3570 τιμὴ,
2681 3497 2748 3569 ἣν
2781 3494 3044 3568 ἐτιμήθην
3075 3491 3219 3565 ὺπέρ
3242 3490 3445 3546 αὐτῶν.
3478 3509 3497 3542 ι
3517 3487 3626 3543 Καὶ
3652 3484 3849 3559 πρόσχες

2309 3593 2429 3647 τίνα
2460 3593 2659 3664 τρόπον
2700 3589 2862 3653 αὐτὸς
2894 3590 2924 3642 6
2946 3587 3150 3659 Κύριος
3179 3584 3348 3657 τιμὴν
3402 3580 3599 3637 ἐαυτοῦ
3636 3573 3849 3649 ὁμολογεῖ

2310 3685 2435 3748 τοὺς
2467 3682 2757 3755 τριάκοντα
2787 3677 3063 3753 ἀργυροῦς
3103 3675 3367 3731 δεδόσθαι.
3400 3675 3585 3728 Ἔοικε
3628 3671 3683 3725 δὲ
3715 3665 3848 3739 ἡτῆς

2308 3777 2507 3843 λέξεως
2549 3774 2755 3829 διάνοια
2785 3771 3025 3827 τοιοῦτόν
3055 3786 3177 3825 τινα
3213 3767 3502 3840 ἐμφαίνειν
3546 3764 3697 3821 νοῦν·
3737 3755 3846 3827 Ἐγὼ

2314 3869 2413 3941 μὲν
2463 3869 2491 3921 6
2534 3866 2769 3938 Κύριος,
2806 3868 2872 3919 ἐκ
2915 3861 3139 3936 πρώτης
3182 3859 3493 3933 ἀρξάμενος
3536 3855 3762 3929 ἡμέρας,
3799 3846 3847 3902 οὗ

2308 3961 2543 4016 διέλιπον
2575 3959 2673 4029 τῆς
2700 3954 2937 4029 ἐμαυτοῦ
2970 3953 3335 4027 χρηστότητος
3359 3952 3491 4023 ὑμῖν
3511 3952 3623 4013 τοῖς
3649 3948 3709 4001 ἐκ
3732 3957 3849 4013 περι-

2309 4052 2481 4124 τομῆς
2506 4051 2775 4122 δείγματα
2804 4047 3079 4121 παρέχων,
3114 4044 3208 4099 καὶ
3229 4044 3401 4116 μυρία
3432 4044 3537 4098 ὅσα
3564 4040 3700 4112 ὑμᾶς

2309 4122 2503 4213 γετῶν,
2526 4143 2588 4196 ού
2612 4141 2769 4212 μόνον
2790 4139 2858 4194 τὰ
2883 4138 2969 4193 διὰ
2999 4136 3110 4191 τῶν
3128 4134 3392 4191 ἀνέκαθεν
3421 4122 3847 4207 προφητῶν,ἀλλὰ

2309 4232 2404 4287 καὶ
2434 4232 2504 4286 τὰ
2536 4229 2624 4284 διὰ
2652 4230 2752 4302 τῆς
2784 4227 3021 4300 ἐμαυτοῦ
3051 4226 3383 4299 παρουσίας,
3417 4224 3477 4279 έν
3513 4240 3574 4278 τε
3605 4223 3716 4285 ταῖς
3744 4230 3849 4283 προ-

2308 4326 2627 4399 τρεπτικαῖς
2681 4320 3052 4384 διδασκαλίαις
3107 4318 3202 4373 καὶ
3251 4319 3365 4380 τοῖς
3432 4315 3667 4385 λογικοῖς
3715 4305 3849 4381 paeli-

2313 4394 2476 4488 μασιν
2496 4455 2511 4480 ,
2540 4415 2596 4468 έν
2626 4431 2686 4467 τε
2717 4415 2832 4476 τοῖς
2864 4409 3107 4484 σημείοις
3135 4409 3228 4463 καὶ
3261 4408 3456 4483 τέρασι
3477 4450 3492 4475 ,
3530 4406 3620 4463 καὶ
3644 4405 3748 4465 ταῖς
3778 4394 3850 4452 ἀλ-

2311 4507 2431 4571 λαις
2453 4502 2938 4577 ιπαραδοξοποιίαις
2956 4540 2971 4565 ,
3005 4503 3125 4564 ταῖς
3155 4517 3215 4553 τε
3258 4499 3433 4553 ίάσεσι
3458 4499 3553 4553 καὶ¹
3580 4497 3696 4558 ταῖς
3723 4493 3849 4561 θερσ-

2308 4600 2522 4661 πείαις·
2556 4598 2713 4668 ὑμεῖς
2739 4594 2798 4648 δὲ
2831 4596 2880 4647 οἱ
2923 4592 3023 4665 τῆς
3055 4591 3325 4664 τοσαύτης
3357 4589 3678 4663 εὐεργεσίας
3715 4580 3851 4655 ἠξιω-

2310 4692 2459 4762 μένοι
2490 4690 2607 4744 δότε
2641 4690 2733 4742 τὸν
2764 4686 2950 4759 μισθόν
2987 4703 3088 4758 μου
3111 4726 3125 4751 ,
3159 4685 3191 4756 ἢ
3221 4678 3534 4738 ἀπείπασθε
3553 4699 3569 4714 ·
3592 4677 3747 4736 αίτῶν
3769 4672 3849 4726 αὖ·

2305 4781 2430 4844 τοὺς
2448 4820 2462 4844 ,
2486 4777 2562 4842 ὡς
2588 4776 2735 4842 εἰκὸς
2753 4816 2766 4842 ,
2799 4777 3040 4848 καρποὺς
3072 4771 3354 4837 εὐσεϐείας
3378 4814 3392 4837 ,
3423 4773 3520 4827 καὶ
3556 4771 3744 4840 δεῖγμα
3772 4762 3851 4833 τῆς

2305 4873 2386 4935 είς
2421 4870 2583 4925 αὐτὸν
2614 4868 2871 4932 πίστεως.
2907 4868 2970 4921 οί
2992 4867 3078 4931 δὲ,
3115 4864 3292 4938 (κατά
3322 4864 3384 4918 τὸ
3411 4864 3699 4937 εἰρημένον
3722 4860 3774 4912 ἐν
3794 4854 3847 4922 τῇ

2309 4963 2414 5035 πρὸ
2444 4962 2646 5035 ταύτης
2673 4960 3018 5033 παραθέσει,)
3051 4978 3069 5010 ι
3109 4959 3229 5012 ἀντὶ
3255 4956 3349 5010 τοῦ
3383 4958 3608 5027 ἀγαπᾷν
3638 4971 3701 5027 με
3740 4946 3851 5003 ἐνδι-

2309 5056 2529 5111 έδαλλόν
2557 5072 2645 5127 με,
2677 5054 2770 5109 καὶ
2797 5053 2978 5107 ἔθεντο
3005 5053 3124 5106 κατ’
3154 5050 3286 5122 ἐμοῦ
3318 5048 3467 5104 κοικά
3494 5048 3615 5103 ἀντὶ
3640 5039 3848 5114 ἀγαθῶν.

2308 5150 2402 5206 καὶ
2426 5151 2579 5222 μῖσος
2593 5148 2713 5203 ἀντὶ
2729 5148 2826 5219 τῆς
2852 5142 3185 5217 ἀγαπήσεως
3209 5160 3365 5214 pou,»
3391 5142 3688 5213 τριάκοντα
3706 5137 3850 5207 ἀργυ-

2310 5242 2437 5318 ροῦς
2474 5243 2787 5313 στήσαντες,
2818 5238 3007 5309 ὥσπερ
3042 5235 3296 5290 τοσούτου
3327 5234 3492 5289 αὐτὸν
3538 5228 3852 5299 πωλούμενον

2307 5335 2651 5407 ἐτιμήσαντο.
2710 5331 2847 5385 Ἀλλ’
2900 5330 3022 5384 ἐπεὶ
3073 5328 3133 5382 τὸ
3200 5328 3428 5383 ἑκάστου
3486 5327 3647 5400 ἔργον
3696 5320 3852 5376 ὁποῖόν

2308 5430 2425 5483 ἐστι
2446 5428 2507 5481 τὸ
2535 5425 2643 5499 πῦρ
2661 5423 2793 5480 αὐτὸ
2816 5423 3123 5493 δοκιμάσει,
3149 5421 3373 5486 εἰκότως
3410 5411 3856 5494 προστάττεικαθ-

2307 5521 2432 5591 ἦναι
2484 5519 2678 5577 αὐτοὺς
2724 5517 2803 5578 είς
2840 5513 2903 5567 τὸ
2931 5512 3289 5583 χωνευτήριον
3311 5551 3326 5577 ,
3376 5507 3647 5578 ἐπιλέγων
3669 5521 3682 5536 ·
3718 5521 3735 5556 t
3772 5501 3853 5591 ’(ξγ

2308 5586 2508 5686 τρόπον
2539 5607 2897 5679 ἐδοκιμάσθην
2935 5605 3077 5676 ὑπὲρ
3117 5604 3318 5658 αὐτῶν.
3361 5624 3379 5655 ι
3417 5586 3852 5672 Χωνευτὴριονδδ

702 5812 755 5847 τ’
786 5811 1019 5872 Zachar.
1049 5822 1130 5885 ιι,
1161 5810 1212 5879 7,
1242 5809 1328 5867 M.
1400 5805 1447 5839 ⁷⁸
1484 5803 1620 5863 Luc.
1655 5818 1806 5870 χιιι,
1840 5799 1897 5868 ι,
1927 5799 1981 5855 5.
2055 5797 2101 5829 "
2139 5791 2204 5850 M:

2316 5833 2330 5847 .
2370 5804 2522 5857 xxvr,
2557 5786 2644 5852 14,
2674 5785 2762 5842 15.
2838 5784 2889 5883 ’ξ
2923 5781 3070 5840 Psal.
3102 5797 3266 5850 cvm,
3299 5781 3354 5851 4,
3391 5778 3447 5839 5.
