4100 6474
228 341 350 399 715

1174 340 1830 400 DEMONSTRATIONIS
1860 338 2316 396 EVANGELICAE
2350 339 2476 396 UB.
2509 341 2580 398 Χ.

3414 339 3519 396 746

226 458 494 514 ἐνταῦθα
534 459 674 515 ἔοικε
705 463 794 516 τδν
823 457 968 515 οἷκον
1008 459 1213 531 Κυρίου
1242 459 1548 528 ὀνομάζειν.
1578 458 1840 520 Εἰπόντος

1946 472 2082 519 cem,
2121 455 2250 510 illud
2303 454 2605 526 adjungens
2637 473 2651 510 :
2699 474 2716 507 ι
2753 452 3222 523 Quemadmodum
3257 456 3520 526 probatus

228 545 387 615 γοῦν
427 551 518 604 τοῦ
552 552 779 624 Κυρίου,
813 551 954 606 κατὰ
985 552 1109 614 τοὺς
1143 551 1572 624 Ἐὂδομήκονταο
1599 569 1616 601 ι
1653 549 1836 610 Κάθες

229 641 456 706 αὐτοὺς
491 645 570 706 είς
589 644 650 696 τὸ
676 644 1035 714 χωνευτήριον
1057 686 1072 710 ,
1110 662 1128 695 ι
1159 643 1408 714 ἐπιφέρει
1431 659 1443 672 ·
1471 661 1488 694 ι
1513 641 1622 696 Καὶ
1651 641 1837 695 ἐνέϐα-

227 732 339 790 λον
386 739 583 802 αὐτοὺς
630 741 708 802 είς
755 738 844 791 τὸν
887 734 1032 792 οἶκον
1080 736 1307 808 Κυρίου,
1349 738 1430 800 είς
1475 735 1536 789 τὸ
1570 737 1840 806 χωνευτή-

233 845 395 900 ριον.
430 848 448 880 ι
475 829 628 882 Κατά
647 831 701 882 δὲ
723 831 814 882 τὸν
849 829 1077 883 Ἀκύλαν
1099 847 1112 859 ο
1149 849 1165 880 ι
1197 829 1456 891 Εἰπόντος
1484 827 1576 882 τοῦ
1609 827 1833 899 Κυρίου·

245 918 456 988 Ῥίψον
507 919 658 983 αὐτὸ,
687 940 703 972 ι
733 920 890 992 δῆλον
939 922 982 974 δ’
1023 922 1105 974 ὅτι
1135 920 1196 973 τὸ
1236 917 1528 992 ἀργύριον,
1564 918 1701 991 πρὸς
1747 919 1839 972 τὸν

237 1008 528 1080 πλάστην,
557 1012 826 1082 ἐπιφέρειο
863 1014 1001 1066 «Καὶ
1028 1011 1226 1085 ερριψα
1249 1013 1306 1065 ὲν
1321 1013 1454 1082 οἴκῳ
1469 1012 1674 1084 Κυρίου
1701 1008 1838 1082 πρὸς

233 1099 340 1153 τὸν
363 1102 640 1172 πλάστην.
667 1122 686 1154 ι
714 1103 872 1157 Κατὰ
893 1103 948 1156 δὲ
971 1104 1061 1156 τὸν
1089 1103 1382 1175 Σύμμαχον
1402 1119 1414 1132 ·
1441 1103 1729 1166 «Εἰπόντος
1743 1103 1838 1155 τοῦ

233 1193 488 1264 Κυρίου·
527 1193 708 1265 Ῥίψον
733 1197 863 1249 αὐτὸ
909 1199 988 1260 εἰς
1024 1197 1083 1250 τὸ
1111 1198 1495 1268 χωνευτήριον,
1536 1216 1554 1249 ι
1589 1194 1838 1269 ἐπιφέρει

234 1283 436 1354 λέγων
457 1304 469 1317 ·
505 1307 523 1338 ι
560 1289 670 1341 Καὶ
699 1288 897 1360 ἔρριψα
930 1285 1061 1342 αὐτὸ
1092 1291 1170 1352 εἰς
1202 1289 1292 1341 τὸν
1325 1285 1471 1342 οἷκον
1501 1289 1728 1360 Κυρίου,
1760 1291 1839 1352 είς

235 1379 306 1432 τὸ
335 1381 732 1452 χωνευτήριον.
770 1399 789 1431 ι
838 1383 1062 1453 Μήποτε
1095 1382 1151 1434 δὲ
1175 1381 1269 1434 καὶ
1306 1376 1463 1435 τοῦτο
1499 1382 1838 1454 ἐπληροῦτο,

234 1470 334 1523 ὅτε
359 1491 381 1522 ι
408 1471 631 1534 Ἰούδας,
645 1485 663 1522 i
682 1472 1046 1544 όπαραδιδοὺς
1063 1473 1153 1526 τὸν
1173 1472 1395 1543 Κύριον,
1421 1492 1439 1524 ‹
1454 1473 1594 1537 ἰδὼν,
1610 1475 1691 1527 ὅτι
1710 1491 1840 1527 κατ-

237 1561 452 1633 εκρίθη
478 1603 493 1626 ,
546 1561 941 1634 μεταμεληθεὶς
983 1564 1293 1636 ἀπέστρεψε
1333 1567 1392 1618 τὸ
1437 1564 1696 1636 ἀργύριον
1729 1568 1841 1628 τοῖς

237 1652 576 1726 ἀρχιερεῦσι
611 1653 704 1707 καὶ
738 1641 1126 1728 πρεσὸυτέροις
1147 1697 1162 1721 ,
1192 1657 1365 1725 λέγων
1385 1673 1398 1686 ⁸
1432 1658 1715 1729 ’Ἥμαρτον
1738 1673 1844 1710 πα-

242 1731 460 1816 ραδούς
509 1741 648 1817 αἷμα
685 1747 881 1802 ἀθῶον.
931 1749 995 1800 Οἱ
1043 1748 1100 1801 δὲ
1149 1742 1309 1802 εἶπαν
1360 1748 1544 1819 αὐτῷ’
1607 1745 1671 1802 Τί
1706 1748 1843 1820 πρὸς

1943 559 2063 599 sum
2095 559 2196 615 pro
2233 545 2363 600 illis.
2409 564 2428 596 ι
2491 544 2788 601 Fornacem
2845 561 2972 601 vero
3026 547 3128 600 hoc
3176 547 3298 602 loco
3345 547 3518 618 ipsam

1940 637 2162 691 domum
2199 637 2411 692 Domini
2443 639 2728 694 nominare
2757 639 2998 696 videtur.
3027 637 3162 693 Nam
3185 655 3308 694 cum
3337 640 3520 695 Domi-

1941 744 2047 784 nus
2072 729 2306 795 dixerit,
2348 736 2408 784 ut
2447 737 2532 785 est
2579 730 2722 800 apud
2766 729 2902 784 LXX
2929 771 2943 794 ,
2977 749 2996 782 ι
3036 730 3256 788 Dimitte
3314 747 3412 788 eos
3461 733 3516 787 in
3594 737 3608 752 ⁸

1939 819 2239 884 fornacem,
2282 840 2300 872 ι
2329 829 2444 875 tum
2481 820 2768 892 adjnngit:
2805 839 2822 872 ‹
2864 820 2928 875 Ει
2957 822 3163 892 projeci
3206 839 3302 878 eos
3330 823 3385 878 in
3421 824 3521 879 do-

1940 929 2029 968 mo
2055 913 2266 968 Domini
2296 915 2352 969 in
2381 914 2679 970 fornacem.
2717 934 2736 967 ι
2768 913 2836 969 Ut
2871 931 2998 970 vero
3036 924 3118 970 est
3161 917 3302 986 apud
3349 918 3522 988 Aqui-

1939 1005 2069 1068 lam,
2105 1013 2124 1056 ι
2158 1021 2280 1059 cum
2317 1005 2582 1062 Dominus
2612 1007 2810 1060 dixerit
2842 1026 2854 1060 :
2905 1005 3118 1077 Projice
3159 1007 3293 1062 illud
3337 1008 3516 1079 ipsum

1939 1099 2193 1153 videlicet
2245 1106 2530 1167 argentum
2580 1097 2646 1152 ad
2707 1097 2949 1170 ﬁgulum,
2987 1119 3004 1151 ι
3048 1109 3163 1153 tum
3221 1099 3514 1172 adjungit:

1946 1209 1964 1241 ι
2008 1190 2072 1243 Ει
2107 1190 2309 1260 projeci
2358 1190 2488 1246 illud
2527 1192 2580 1245 in
2627 1192 2790 1246 domo
2835 1190 3048 1246 Domini
3089 1192 3156 1246 ad
3206 1192 3451 1264 ﬁgulum.
3493 1213 3514 1246 ι

1940 1284 2010 1336 At
2042 1299 2192 1348 vero,
2229 1299 2294 1338 ex
2325 1283 2640 1355 Symmachi
2666 1285 2923 1350 editione,
2944 1303 2963 1336 ι
2995 1299 3119 1339 cum
3143 1284 3405 1341 Dominus
3434 1286 3522 1341 di-

1944 1379 2118 1440 xerit,
2183 1377 2390 1447 projice
2439 1376 2571 1430 illud
2603 1377 2657 1430 in
2711 1377 3009 1442 fornacem,
3049 1396 3068 1430 ι
3104 1379 3216 1432 tum
3275 1379 3522 1451 adjungit

1940 1468 2104 1522 verba
2143 1468 2273 1522 illa:
2316 1487 2334 1518 ι
2365 1466 2428 1519 Et
2463 1466 2668 1535 projeci
2703 1466 2834 1520 illud
2893 1467 2949 1521 in
3004 1466 3168 1522 domo
3198 1467 3412 1524 Domini
3462 1471 3520 1525 in

1944 1558 2244 1614 fornacem.
2279 1578 2297 1609 ι
2331 1556 2468 1611 Num
2504 1558 2672 1627 igitur
2702 1557 2804 1613 hoc
2834 1557 2967 1612 tunc
3011 1557 3243 1613 forsitan
3275 1563 3521 1631 comple-

1943 1662 2055 1705 tum
2077 1660 2182 1715 est,
2211 1667 2333 1706 cum
2369 1669 2386 1701 ι
2419 1650 2618 1704 Judasi
2655 1651 2746 1719 qui
2775 1650 3062 1706 Dominum
3088 1652 3346 1721 prodidit,
3381 1670 3400 1704 ι
3440 1655 3522 1709 vi-

1943 1745 2080 1799 dens
2122 1743 2264 1814 quod
2295 1743 2694 1798 cendemnatus
2725 1755 2892 1804 esset.
2928 1743 3249 1813 paenitentia
3279 1743 3478 1799 ductus
3501 1786 3515 1807 ,

237 1839 440 1908 ήμᾶς;
470 1839 534 1892 σὺ
564 1838 708 1908 ὄψει.
730 1838 1016 1911 Καὶρίψας
1030 1838 1099 1893 τὰ
1121 1840 1358 1912 ἀργύρια
1383 1843 1462 1904 εἰς
1483 1840 1574 1894 τὸν
1585 1841 1730 1904 ναὸν,
1756 1842 1836 1894 ἀν-

1946 1837 2128 1890 retulit
2156 1843 2440 1906 argentum
2471 1835 2811 1905 principibus
2859 1835 3204 1890 sacerdotum
3247 1844 3301 1890 et
3340 1836 3521 1891 senio-

243 1929 514 2002 εχώρησε
535 1947 548 1960 ·
580 1934 676 1984 καὶ
711 1930 960 1985 ἀπελθὼν
993 1932 1291 2004 ἀπήγξατο.
1325 1934 1387 1986 Oi
1436 1932 1492 1986 δὲ
1521 1928 1798 2005 ἀρχιερεῖς
1823 1975 1837 2000 ,

238 2017 518 2082 λαϐόντες
579 2020 646 2073 τὰ
701 2021 982 2093 ἀργύρια,
1053 2017 1241 2075 εἶπαν*
1307 2024 1422 2076 Οὐκ
1473 2023 1591 2077 ἔστι
1658 2023 1842 2095 βαλεῖν

239 2110 398 2164 αὐτὰ
447 2111 528 2175 είς
565 2112 654 2164 τὸν
696 2112 966 2184 κορϐανᾶν
989 2153 1003 2176 ,
1034 2113 1157 2166 ἐπεὶ
1191 2113 1323 2184 τιμὴ
1357 2112 1592 2184 αἵματός
1634 2116 1834 2169 ἐστιν.»

240 2203 592 2275 Συμὸούλιον
645 2205 701 2258 δὲ
750 2205 1038 2270 λαὸόντες,
1087 2206 1363 2279 ἠγόρασαν
1421 2206 1481 2272 ἐξ
1524 2209 1701 2261 αὐτῶν
1750 2209 1840 2263 τὴν

241 2295 428 2367 ἀγρὸν
500 2296 594 2349 τοῦ
666 2298 954 2370 κεραμέως
1035 2301 1116 2363 είς
1201 2299 1378 2370 ταφὴν
1452 2303 1563 2363 τοῖς
1647 2299 1836 2365 ξένοις;

242 2388 345 2441 Διὸ
389 2388 593 2459 ἐκλήθη
626 2389 656 2439 ό
681 2386 848 2462 ἀγρὸς
889 2392 1096 2454 ἐκεῖνος
1127 2390 1295 2461 ἀγρὸς
1326 2391 1574 2462 αἵματος,
1599 2391 1703 2455 ἓως
1743 2393 1842 2462 τῆς

245 2481 503 2552 σήμερον
534 2480 767 2552 ἡμέρας.
800 2481 934 2534 Τότε
975 2481 1270 2554 ἐπληρώθη
1302 2483 1364 2534 τὸ
1399 2481 1561 2554 ῥηθὲν
1603 2482 1690 2534 διὰ
1742 2483 1840 2534 Ἱε-

245 2570 454 2642 ρεμίου
468 2570 561 2623 τοῦ
595 2574 870 2644 προφήτου
887 2571 1154 2641 λέγοντοςο
1203 2573 1313 2624 Καὶ
1337 2572 1525 2624 ἔλαϐον
1570 2571 1636 2625 τὰ
1687 2572 1844 2641 τριά-

245 2681 426 2719 κοντα
459 2664 718 2736 ἀργύρια,
747 2666 845 2736 τὴν
887 2667 1053 2736 τιμὴν
1081 2665 1176 2718 τοῦ
1216 2665 1600 2735 τετιμημένου,
1635 2663 1694 2716 ὃν
1735 2665 1843 2716 ὲτι-

251 2758 505 2827 μήσαντο
539 2755 646 2808 ἀπὸ
675 2756 803 2808 υίῶν
845 2755 1081 2827 Ἰσραήλ.
1121 2754 1229 2808 Καὶ
1256 2753 1459 2807 ἔδωκαν
1490 2755 1629 2808 αὐτὰ
1649 2757 1727 2818 είς
1750 2753 1842 2808 τὸν

247 2849 430 2919 ἀγρὸν
463 2845 556 2900 τοῦ
612 2846 928 2919 κεραμέως,
967 2845 1111 2898 καθὰ
1145 2845 1398 2911 συνέταξε
1432 2864 1519 2916 μοι
1551 2846 1771 2918 Κύριος.
1816 2866 1835 2900 ι

253 2941 436 2994 Ἔνθα
467 2939 563 2994 καὶ
608 2939 936 3012 ἐπιστήσεις,
967 2939 1089 2992 ἐπεὶ
1127 2939 1200 3011 μὴ
1230 2938 1402 2992 ταῦτα
1428 2937 1652 3010 φέρεται
1685 2941 1841 3012 ὲν⁴τῇ

249 3033 349 3086 τοῦ
395 3032 658 3104 Ἱερεμίου
693 3033 1017 3104 προφητείᾳ,
1039 3032 1151 3084 εἴτε
1180 3031 1286 3103 χρὴ
1312 3032 1556 3084 ὑπονοεῖν
1581 3034 1846 3104 περιῃρῆ-

253 3126 384 3182 σθαι
436 3126 578 3180 αὐτὰ
620 3126 678 3194 ἐξ
725 3127 893 3197 αὐτῆς
944 3126 1084 3179 κατά
1134 3139 1253 3178 τινα
1288 3123 1655 3197 ῥᾳδιουργίαν,
1686 3126 1718 3197 ἢ
1750 3126 1845 3180 καὶ

1944 1929 2118 1991 ribus,
2147 1927 2371 1982 dicens:
2411 1921 2636 1981 Peccavi
2665 1927 2886 1980 tradens
2913 1927 3230 1996 sanguinem
3259 1927 3520 1984 innocen-

1941 2027 2069 2072 tem.
2128 2017 2196 2071 At
2249 2018 2322 2070 illi
2384 2018 2642 2071 dixerunt
2698 2017 2788 2071 ei:
2833 2017 2976 2082 Quid
3013 2016 3080 2070 ad
3136 2017 3278 2072 nos?
3327 2029 3384 2073 tu
3432 2021 3520 2074 vi-

1941 2113 2110 2174 deris.
2140 2120 2193 2168 et
2237 2111 2498 2182 proiectis
2535 2109 2808 2180 argenteis
2869 2109 2924 2162 in
2975 2111 3197 2179 templo.
3242 2112 3517 2169 recessit:

1942 2213 1995 2260 et
2027 2207 2216 2262 abiens
2266 2207 2459 2275 laqueo
2512 2220 2570 2259 se
2631 2205 2935 2274 suspendit.
2995 2202 3278 2275 Principes
3335 2215 3520 2263 autem

1943 2299 2291 2353 sacerdotum
2315 2297 2559 2369 acceptis
2595 2299 2870 2370 argenteis
2903 2299 3159 2355 dixerunt
3186 2320 3199 2355 :
3241 2300 3360 2356 Non
3391 2303 3523 2358 licet

1942 2407 2038 2447 eos
2095 2391 2312 2446 mittere
2371 2391 2424 2445 in
2483 2392 2828 2455 corbanam,
2897 2393 3022 2461 quia
3087 2393 3320 2463 pretium
3389 2409 3519 2451 san-

1943 2484 2124 2554 guinis
2187 2492 2291 2538 est.
2350 2483 2598 2538 Consilio
2666 2492 2846 2537 autem
2909 2484 3090 2549 inito,
3151 2491 3403 2540 emerunt
3455 2501 3522 2540 ex

1946 2576 2051 2629 illis
2119 2590 2307 2644 agrum
2370 2575 2514 2645 figuli
2575 2575 2630 2628 in
2685 2577 3019 2644 sepulturam
3084 2577 3517 2647 peregrinorum.

1943 2663 2103 2735 481
2139 2664 2484 2735 Quapropter
2515 2672 2739 2719 vocatus
2778 2674 2862 2719 est
2904 2681 3034 2736 ager
3079 2666 3190 2729 ille,
3225 2683 3355 2738 ager
3389 2685 3521 2724 san-

1943 2756 2144 2827 guinis,
2179 2773 2351 2828 usque
2379 2756 2446 2810 ad
2488 2766 2808 2827 praesentem
2845 2757 3009 2811 diem.
3053 2753 3208 2812 Tunc
3240 2761 3522 2831 impletum

1944 2855 2028 2904 est
2062 2850 2206 2919 quod
2239 2851 2446 2904 dictum
2485 2859 2568 2906 est
2601 2865 2695 2919 per
2743 2847 3036 2905 Jeremiam
3066 2853 3384 2922 prophetam
3439 2855 3525 2912 di-

1945 2950 2158 2996 centem
2194 2959 2205 2995 :
2239 2941 2304 2996 Et
2335 2950 2664 3014 acceperunt
2704 2944 2926 3014 triginta
2970 2954 3258 3014 argenteos
3285 2949 3521 3016 pretium

1947 3032 2256 3103 appretiati,
2310 3049 2472 3106 quem
2526 3035 2970 3104 appretiaverunt
3012 3051 3041 3089 a
3088 3036 3213 3092 filiis
3245 3037 3432 3102 Israel,
3467 3047 3523 3094 et

1946 3123 2214 3178 dederunt
2245 3139 2341 3179 eos
2374 3124 2431 3179 in
2463 3138 2654 3195 agrum
2687 3125 2859 3196 ﬁguli,
2893 3128 3039 3182 sicut
3075 3129 3358 3183 constituit
3387 3130 3521 3184 mihi

254 3219 488 3289 σφάλμα
531 3210 800 3290 γραφικδν
849 3216 1170 3286 γεγονέναι,
1223 3216 1327 3269 τῶν
1371 3216 1735 3289 ἀμελέστερον
1777 3218 1842 3272 τὰ

1951 3213 2213 3271 Dominus
2238 3217 2304 3271 "".
2347 3235 2368 3291 ε
2402 3212 2504 3270 Ubi
2531 3216 2818 3288 diligenter
2849 3219 3244 3283 considerabis,
3269 3221 3522 3278 cumhazc

251 3310 368 3364 τῶν
402 3309 560 3382 ίερῶν
583 3309 926 3378 Εὑαγγελίων
957 3309 1266 3380 ἀντίγραφα
1297 3309 1679 3379 πεποιημένων
1717 3327 1846 3379 σφα-

252 3400 444 3466 λέντος
477 3403 640 3466 τινὸς,
676 3403 770 3455 real
811 3403 931 3456 ἀντὶ
983 3403 1080 3474 μὲν
1126 3401 1220 3455 τοῦ
1268 3401 1534 3473 Ζαχαρίου
1580 3401 1846 3473 Ἰερεμίαν

253 3494 584 3560 τεθεικότος,
618 3495 694 3559 ὡς
734 3495 852 3550 δέον
905 3494 1081 3558 οὕτως
1131 3493 1582 3566 ἀναγεγράφθαι·
1634 3513 1653 3545 ‹
1713 3494 1845 3549 Τότε

253 3587 556 3659 ἐπληρώθη
588 3587 650 3640 τὸ
686 3588 849 3659 ῥηθὲν
892 3587 982 3640 διὰ
1024 3588 1296 3659 Ζαχαρίου
1337 3585 1432 3640 τοῦ
1463 3587 1741 3659 προφήτου
1767 3603 1780 3616 ·
1823 3606 1842 3640 ι

254 3679 384 3734 ἀντὶ
423 3679 480 3732 δὲ
517 3679 634 3744 τοῦ,
675 3699 692 3730 ι
747 3679 1028 3734 Ἐνέὸαλον
1074 3680 1274 3743 αὐτοὺς
1305 3680 1386 3742 είς
1429 3677 1520 3732 τὸν
1551 3674 1699 3732 οἷκον
1733 3679 1849 3732 Κυ-

260 3773 406 3845 ρίου,
428 3775 508 3838 είς
537 3774 598 3826 τὸ
622 3774 1002 3845 χωνευτήριον,
1032 3791 1050 3824 ι
1080 3773 1432 3844 ἐσφαλμένως
1463 3772 1842 3845 πεποιηκότος

265 3883 286 3901 ο
323 3865 437 3919 Καὶ
468 3865 675 3918 ἔδωκαν
711 3865 850 3918 αὐτὰ
877 3868 956 3928 εἰς
980 3866 1070 3918 τὸν
1115 3865 1282 3938 ἀγρὸν
1329 3866 1424 3920 τοῦ
1457 3867 1766 3938 κεραμέως.
1823 3886 1842 3918 ›

260 3951 462 4028 Σαφῶς
483 3957 591 4029 γὰρ
623 3958 708 4012 διὰ
745 3958 842 4028 μὲν
875 3958 973 4029 τῆς
1007 3959 1340 4030 προφητείας
1373 3962 1454 4023 είς
1481 3957 1572 4012 τὸν
1603 3960 1696 4012 τοῦ
1731 3962 1846 4014 Κυ-

264 4053 384 4125 ρίου
417 4051 542 4104 ναὺν
575 4049 832 4121 ὲρῤίφθαι
865 4049 1082 4118 λέγεται
1117 4035 1177 4102 τὸ
1207 4048 1492 4122 ἀργύριον,
1528 4051 1624 4103 καὶ
1649 4051 1719 4104 δι’
1753 4051 1848 4104 αὐ-

261 4144 359 4198 τοῦ
392 4142 451 4196 δὲ
476 4143 568 4195 τοῦ
601 4141 931 4211 Εὑαγγελίου
958 4143 1039 4205 εἰς
1070 4141 1160 4194 τὸν
1190 4142 1333 4194 ναόν.
1364 4160 1382 4193 ι
1425 4141 1613 4212 Ῥίψας
1642 4141 1793 4210 γοῦν,
1823 4158 1841 4193 ι

263 4238 450 4307 φησιν,
475 4255 494 4286 ι
527 4236 725 4300 Ἰούδας
745 4234 813 4288 τὰ
834 4235 1074 4307 ἀργύρια
1091 4235 1171 4296 είς
1193 4234 1283 4287 τὸν
1305 4233 1452 4299 ναὸν,
1474 4232 1807 4306 ἀνεχώρησε.
1823 4252 1840 4286 ι

264 4330 378 4383 Καὶ
422 4329 568 4391 είκός
599 4345 660 4398 γε
699 4328 757 4395 ἐξ
785 4329 1007 4381 ἐκείνων
1036 4326 1144 4380 τῶν
1175 4326 1456 4401 ἀργυρίων
1490 4326 1715 4398 βέϐηλον
1753 4343 1846 4394 γει

265 4423 480 4491 γονέναι
507 4421 599 4474 τὸν
630 4421 775 4485 ναὸν,
812 4422 906 4475 καὶ
933 4420 1326 4493 πεπληρῶσθαι
1353 4421 1435 4485 τὸ,
1469 4439 1487 4472 ι
1530 4419 1660 4473 Ἰδοὺ
1693 4419 1848 4488 ἀφίε-

265 4499 358 4568 ται
388 4515 515 4586 ὑμῖν
549 4515 576 4566 ό
597 4509 740 4577 οἶκος
769 4513 922 4584 ὑμῶν
954 4512 1176 4585 ἔρημος.
1221 4533 1239 4564 ›
1275 4513 1383 4567 Καὶ
1415 4513 1517 4584 ὅρα
1551 4529 1612 4581 γε
1639 4514 1846 4583 μήποτε

1948 3324 2056 3361 non
2089 3308 2392 3362 habeantur
2421 3309 2563 3378 apud
2587 3307 2876 3364 Jeremiam
2908 3311 3249 3382 prephctam,
3282 3328 3409 3366 num
3433 3327 3527 3368 ar-

1950 3399 2144 3454 bitrari
2173 3408 2424 3469 oporteat
2449 3415 2513 3454 ea
2571 3415 2667 3470 per
2709 3401 2999 3470 quamdam
3032 3403 3294 3457 malitiam
3330 3418 3397 3460 ex
3429 3405 3523 3460 illo

1948 3490 2164 3545 sublata
2191 3501 2335 3552 eSs'e.
2382 3505 2450 3545 an
2487 3506 2618 3546 vero
2667 3492 2878 3547 librarii
2911 3502 3153 3549 erratum
3205 3495 3394 3562 fuisse,
3427 3499 3522 3569 qui

1950 3582 2310 3654 negligentius
2360 3591 2676 3638 sanctorum
2731 3582 3148 3656 Evangeliorum
3191 3590 3524 3660 exemplaria

1949 3672 2268 3736 confecerit,
2304 3680 2358 3728 et
2389 3687 2456 3728 ex
2492 3674 2821 3744 negligentia
2854 3675 2909 3729 in
2956 3689 3198 3732 errorem
3242 3677 3520 3744 inciderit,

1948 3773 2003 3820 et
2043 3779 2144 3836 pro
2185 3763 2451 3820 Zacharia
2488 3765 2734 3835 posuerit
2763 3765 3055 3822 Jeremiam
3093 3778 3108 3823 ι
3143 3776 3350 3838 utpote,
3396 3785 3522 3825 cum

1950 3857 2025 3911 ita
2054 3857 2262 3928 scripto
2295 3873 2432 3927 opus
2457 3857 2637 3923 fuerit,
2666 3876 2684 3910 ι
2715 3866 2848 3913 tunc
2876 3860 3206 3930 completum
3240 3869 3343 3924 est,
3375 3863 3523 3933 quod

1949 3951 2156 4008 dictum
2191 3961 2276 4008 est
2309 3969 2404 4023 per
2430 3951 2751 4008 Zachariam
2769 3954 3148 4025 prophetam.»
3181 3951 3288 4012 Pr‘o
3315 3973 3380 4012 eo
3426 3973 3525 4013 au-

1948 4053 2058 4101 tem
2091 4045 2238 4116 quod
2270 4059 2554 4116 perperam
2581 4061 2906 4102 conversum
2936 4054 3019 4103 est
3051 4066 3064 4102 :
3106 4067 3125 4099 ι
3163 4047 3228 4102 Et
3255 4051 3525 4107 miserunt

1948 4153 2044 4194 eos
2074 4138 2129 4192 in
2163 4137 2325 4192 domo
2365 4138 2580 4192 Domini
2614 4139 2669 4192 in
2704 4137 3004 4206 fornacem,
3047 4159 3066 4191 ›
3099 4140 3307 4196 dictum
3339 4151 3423 4198 est
3453 4144 3525 4200 ilo

1949 4229 2043 4284 lud
2077 4248 2092 4286 :
2129 4248 2148 4282 ι
2181 4229 2246 4284 Ει
2274 4229 2399 4286 dedi
2432 4244 2526 4285 eos
2557 4231 2612 4284 in
2651 4245 2840 4300 agrum
2899 4231 3067 4302 ﬁguli.
3109 4251 3126 4282 3
3176 4231 3344 4289 Plane
3375 4236 3524 4292 enim

1949 4323 2005 4377 in
2063 4322 2183 4392 ipsa
2243 4321 2524 4392 prophetia
2581 4323 2636 4376 in
2689 4322 2890 4391 templo
2949 4321 3161 4377 Domini
3218 4325 3524 4396 projectum

1951 4413 2123 4470 fuisse
2153 4421 2436 4484 argentum
2472 4413 2693 4477 dicitur,
2728 4420 2784 4468 et
2826 4414 2892 4467 ab
2922 4411 3212 4484 Evangelio
3241 4417 3427 4472 itidem
3462 4419 3520 4476 in

1950 4509 2154 4579 templo
2188 4521 2202 4562 :
2241 4525 2260 4558 ι
2303 4505 2572 4575 Projectis
2599 4505 2767 4570 enim,
2803 4505 3002 4576 inquit,
3042 4505 3210 4563 Judas
3249 4512 3524 4580 argenteis

268 4607 628 4679 χωνευτήριον
675 4607 706 4658 ὁ
755 4601 902 4669 οἶκος
954 4605 1162 4678 Κυρίου
1219 4604 1311 4658 διὰ
1357 4605 1514 4658 τοῦτο
1563 4603 1842 4675 κέγληται,

1951 4603 2008 4655 in
2040 4599 2268 4670 templo,
2306 4598 2557 4653 recessit.
2608 4618 2626 4649 ι
2665 4597 2732 4651 Ει
2783 4613 2915 4652 sane
2958 4614 3174 4668 acquum
3205 4605 3379 4656 estex
3415 4602 3525 4658 illis

268 4699 499 4770 ἐπείπερ
537 4699 612 4763 ὡς
657 4700 713 4751 ὲν
759 4700 978 4770 χωνείᾳ,
1017 4697 1482 4770 μεταπλάττεσθαι
1531 4696 1630 4761 τὰς
1670 4695 1847 4766 ψυχὰς

269 4794 334 4846 ὲκ
357 4791 457 4862 τῆς
488 4791 596 4846 τῶν
639 4791 796 4844 θείων
830 4793 1002 4862 λόγων
1037 4779 1334 4863 πυρώσεως
1374 4793 1430 4844 ὲν
1463 4790 1541 4860 τῷ
1577 4790 1670 4844 τοῦ
1709 4789 1844 4844 Θεοῦ

269 4885 402 4956 οἴκῳ
447 4885 756 4958 συμϐαίνειδ
791 4885 824 4956 ἢ
866 4885 1040 4948 ἄλλως
1073 4884 1435 4954 ἀπελέγχεται
1469 4885 1541 4955 μὴ
1575 4882 1842 4955 καθαρὰς,

271 4979 347 5042 ὡς
378 4980 434 5031 ὲν
466 4977 810 5049 χωνευτηρίιε)
857 4976 1204 5050 πυρουμένας
1251 4976 1347 5029 καὶ
1388 4974 1840 5046 δοκιμαζομὲνας.

275 5070 451 5141 Ὅπερ
497 5071 525 5122 ό
569 5070 818 5134 Ἀκύλας,
853 5089 871 5122 ι
913 5069 1174 5143 Ἕρριψα,
1221 5087 1239 5119 ι
1271 5070 1468 5140 φήσας,
1501 5087 1519 5120 ι
1573 5066 1634 5121 τὸ
1668 5067 1847 5139 ἀργύ-

276 5179 388 5236 ριον
414 5164 472 5216 ἐν
500 5163 577 5234 τῷ
600 5162 734 5233 οἴκῳ
761 5163 964 5234 Κυρίου
999 5161 1135 5234 πρὸς
1175 5159 1262 5215 τὸν
1304 5161 1569 5233 πλάστην,
1603 5181 1621 5213 ι
1659 5158 1845 5230 σαφῶς

270 5255 529 5321 διδάσκει,
556 5254 631 5320 ὡς
662 5255 755 5309 τοῦ
774 5257 945 5324 Λόγου
980 5254 1072 5309 τοῦ
1092 5254 1234 5308 θείου
1265 5254 1420 5325 δίκην
1451 5253 1688 5308 πλάστου
1712 5269 1846 5306 κατ-

271 5349 546 5412 οικοῦντος
582 5351 663 5414 εἰς
698 5350 790 5402 τὸν
832 5345 980 5403 οἷκον
1017 5347 1246 5420 Κυρίου,
1278 5349 1372 5402 καί
1397 5345 1722 5410 πλάττοντος
1750 5345 1845 5399 καὶ

273 5440 620 5505 ἀνανεοῦντος
659 5441 756 5505 τὰς
805 5440 914 5494 τῶν
948 5440 1280 5512 προσιόντων
1321 5439 1516 5511 ψυχάς.
1552 5437 1698 5510 Πλὴν
1731 5437 1843 5490 ἀλλ’

274 5529 504 5603 ιπείπερ
532 5533 567 5602 ή
604 5531 736 5603 τιμὴ
766 5530 860 5584 τοῦ
903 5530 1266 5603 τετιμημένου
1311 5531 1390 5594 είς
1436 5531 1642 5584 ἐκεῖνον
1683 5545 1847 5601 μετα-

274 5617 530 5693 ϐληθεῖσα
554 5620 644 5674 τὸν
672 5619 818 5675 οἷκον
852 5620 1074 5692 βέϐηλον
1096 5618 1257 5676 αὐτὸν
1277 5621 1668 5693 κατεστήσατο,
1704 5621 1847 5675 εικό-

273 5726 379 5773 τως
426 5711 585 5774 εὐθὺς
633 5709 872 5778 ἐπιλέγει
901 5726 914 5738 ·
962 5728 980 5762 ι
1039 5711 1146 5763 Καὶ
1194 5710 1472 5782 ἀπέρριψα
1517 5711 1616 5784 τήν
1651 5709 1846 5782 pacm

346 5825 390 5856 '7
431 5824 621 5878 Matth.
656 5839 806 5879 xxv"
830 5865 845 5888 ,
879 5825 1035 5880 5-40.
1111 5825 1157 5856 "
1195 5823 1388 5880 Matth.
1425 5839 1560 5880 xxnt
1585 5866 1599 5892 ,
1637 5825 1732 5883 58.

433 5921 684 5991 Parnm,
752 5921 866 5982 Gn.
905 5919 1100 5984 XXII.

1955 4694 2230 4764 argenteis
2264 4691 2525 4762 templum
2580 4689 2750 4744 fuisse
2801 4687 3171 4758 profanatum,
3202 4698 3256 4745 et
3286 4694 3526 4762 comple-

1953 4794 2070 4841 tum
2117 4784 2287 4839 fuisse
2314 4783 2445 4837 illud
2487 4800 2499 4836 :
2540 4800 2560 4834 ι
2601 4779 2742 4834 Ecce
2773 4781 3101 4849 relinquitur
3131 4779 3285 4834 vobis
3331 4780 3526 4835 domus

1955 4887 2134 4935 vestra
2171 4879 2389 4933 deserta
2417 4876 2485 4930 ⁷⁸.
2523 4893 2541 4927 ι
2577 4875 2749 4928 Porro
2796 4879 2976 4928 autem
3023 4871 3185 4925 etiam
3235 4870 3366 4926 illud
3397 4885 3526 4926 con-

1954 4973 2242 5043 templare,
2292 4986 2420 5025 num
2481 4967 2672 5022 fornax
2720 4965 2868 5019 dicta
2929 4965 3001 5018 sit
3047 4963 3243 5018 domus
3288 4961 3523 5024 Domini.

1955 5074 2241 5136 propterea
2267 5062 2412 5134 quod
2444 5062 2497 5115 in
2522 5059 2722 5131 templo
2746 5057 2840 5112 Dei
2877 5056 3033 5126 quasi
3067 5055 3120 5109 in
3149 5053 3370 5109 fornace
3397 5070 3526 5108 con-

1954 5157 2185 5224 flatoris,
2209 5155 2422 5210 animos
2455 5168 2523 5208 ex
2555 5152 2864 5206 divinorum
2895 5162 3209 5203 sermonum
3241 5147 3424 5201 calore
3443 5156 3524 5200 at-

1954 5264 2060 5322 que
2110 5249 2237 5320 igne
2273 5244 2661 5302 transformari
2692 5242 2983 5313 contingit,
3039 5245 3134 5294 aut
3181 5240 3381 5311 alioqui
3415 5255 3525 5295 non

1953 5359 2120 5416 puros
2143 5343 2272 5398 dum
2307 5350 2568 5411 tanquam
2620 5337 2674 5392 in
2737 5336 2962 5390 fornace
2995 5335 3120 5405 igne
3147 5334 3522 5405 explorantur,

1952 5436 2227 5508 redargui.
2260 5433 2470 5489 idcirco
2498 5430 2692 5501 Aquila
2740 5429 2869 5483 dum
2912 5427 2986 5481 ita
3043 5424 3311 5481 convertit
3346 5442 3360 5479 :
3402 5443 3421 5477 ι
3460 5424 3525 5478 Et

1952 5530 2188 5602 projecit
2221 5535 2508 5597 argentum
2546 5523 2600 5577 in
2641 5520 2804 5575 domo
2835 5517 3052 5572 Domini
3100 5517 3166 5571 ad
3197 5516 3420 5588 ﬁgulum
3448 5556 3462 5580 ,
3502 5535 3519 5566 ι

1953 5621 2116 5691 plane
2159 5631 2263 5672 nos
2295 5616 2454 5670 docet
2505 5607 2961 5684 quemadmodum
3008 5607 3251 5662 divinum
3285 5603 3525 5661 Verbum

1954 5709 2131 5762 instar
2166 5703 2313 5773 ﬁguli
2352 5701 2558 5757 habitet
2587 5702 2642 5756 in
2671 5699 2834 5754 domo
2866 5697 3101 5760 Domini,
3132 5707 3184 5753 et
3214 5711 3403 5751 eorum
3432 5693 3528 5766 qui

3164 5910 3242 5968 ‘25
