4054 6408
539 306 648 367 σιτ

1177 302 1452 360 EUSEBII
1492 302 1976 377 CESARIENSIS
2003 304 2157 363 OPP.
2200 307 2381 364 PARS
2409 308 2476 364 ll.
2522 339 2591 350 —-—
2629 308 3136 366 APOLOGETICA.

3677 307 3782 367 ’168

542 429 673 483 illuc
706 426 978 493 accedunt
999 422 1214 480 animas
1243 423 1502 479 informet
1527 440 1591 479 ac
1620 432 1864 482 renovet.
1890 424 2117 482 Verum-

2223 429 2322 501 τὴν
2376 428 2634 501 δευτέραν
2688 430 2750 483 τὸ
2796 429 3100 501 σχοίνισμα,
3148 427 3242 483 τοῦ
3291 427 3644 483 διασκεδάσαι
3695 431 3786 505 την

540 530 722 576 tamen
754 533 880 573 cum
915 517 1153 589 pretium
1188 517 1475 587 appretiati
1508 517 1562 570 in
1594 518 1687 572 illa
1731 518 1895 575 domo
1935 518 2118 589 proje-

540 622 711 675 Ctum,
739 625 859 665 eam
892 610 1065 681 ipsam
1103 609 1390 679 profanam
1421 609 1745 672 reddiderit,
1779 611 1972 664 merito
2004 617 2118 665 sta-

476 732 481 735 Α
540 702 638 759 tim
675 700 927 771 adjungit
966 719 979 755 :
1014 720 1034 751 ι
1073 699 1138 753 Et
1166 701 1342 772 abjeci
1373 702 1584 773 virgam
1608 703 1858 765 alteram,
1895 717 2018 771 quae
2041 702 2120 756 di-

539 793 687 849 citur
718 793 1019 856 funiculus,
1044 793 1115 847 ad
1136 792 1516 863 dissipandum
1549 801 1934 850 testamentum
1975 796 2120 851 inter

539 884 737 941 ludam
769 894 823 941 et
852 884 1042 941 Israel.
1082 905 1101 935 ι
1156 885 1232 939 Ex
1274 886 1369 940 illo
1416 887 1563 942 enim
1599 887 1689 941 illa
1724 887 1902 957 gentis
1932 888 2119 942 mulli-

542 979 677 1034 tudo
707 978 921 1047 abjecla
954 986 1039 1034 est
1060 978 1250 1048 procul
1272 978 1340 1031 ab
1373 980 1600 1049 antiqua
1635 978 1730 1034 Dei
1770 981 1963 1042 tutela,
1996 997 2119 1051 quae

542 1070 701 1143 prius
724 1068 848 1123 illos
876 1069 1258 1123 conservabat.
1282 1068 1526 1123 Alteram
1555 1078 1736 1125 autem
1760 1070 1964 1141 virgam
1988 1080 2119 1140 puto

544 1179 645 1234 pro
678 1163 935 1217 universa
968 1162 1130 1216 simul
1157 1160 1385 1217 Judaica
1413 1169 1573 1233 gente
1603 1162 1710 1216 hoc
1752 1163 1808 1216 in
1854 1163 1974 1217 loco
2023 1178 2120 1218 ac-

544 1256 653 1327 eipi
689 1262 960 1326 oportere.
986 1254 1105 1320 Qua
1139 1254 1206 1309 de
1238 1270 1406 1309 causa
1438 1254 1586 1309 illam
1618 1255 1782 1310 etiam
1816 1254 2118 1310 funiculum

528 1357 727 1414 .vocat,
748 1348 966 1404 dicens:
987 1348 1151 1420 482
1173 1366 1189 1398 ι
1226 1346 1399 1402 Unam
1425 1349 1614 1403 vocavi
1632 1348 2115 1419 pulchritudinem,

543 1454 598 1499 et
632 1443 861 1499 alteram
894 1442 1085 1497 vocavi
1121 1441 1506 1498 funiculum...
1545 1440 1684 1497 Tum
1709 1441 1778 1498 de
1805 1443 1977 1498 altera
2004 1443 2118 1497 evi-

544 1535 738 1590 denter
768 1534 1017 1605 adjungit
1057 1533 1190 1588 illud
1218 1552 1234 1588 ;
1267 1552 1286 1584 ι
1332 1532 1398 1586 Et
1426 1533 1604 1603 abjeei
1631 1534 1839 1605 virgam
1867 1535 2116 1596 alteram,

544 1642 666 1697 quae
694 1627 896 1693 dicitur
912 1627 1212 1689 funiculus,
1240 1626 1308 1680 ad
1331 1626 1709 1695 dissipandum
1728 1635 2117 1682 testamentum

545 1718 692 1773 inter
724 1715 922 1772 ludam
948 1726 1002 1773 et
1042 1716 1240 1773 Israel:
1272 1736 1290 1769 ι
1324 1718 1594 1788 siquidem
1635 1717 1693 1771 hi
1736 1728 1895 1773 erant
1938 1726 1994 1773 et
2034 1718 2121 1771 fu-

2222 519 2497 591 Διαθήκην
2528 518 2633 573 ἀνά
2658 519 2821 590 μέσον
2864 519 3031 573 Ἰούδα
3057 520 3152 572 καὶ
3176 518 3279 571 ἀνά
3306 519 3468 589 μέσον
3504 519 3733 591 Ἰσραήλ.
3760 539 3783 574 ι

2237 608 2328 673 Ἐξ
2359 609 2568 662 ἐκείνου
2597 609 2706 679 γάρ
2746 625 2829 661 τοι
2860 608 2920 661 τὸ
2952 606 3154 679 πλῆθος
3183 606 3277 660 τοῦ
3306 606 3494 670 ἔθνους
3522 609 3788 681 ἀπερῥίφη

2222 700 2324 770 τῆς
2356 700 2523 754 πάλαι
2552 700 2814 772 πρότερον
2847 696 3129 769 ἐφορὼσης
3161 698 3356 760 αὐτοὺς
3382 697 3685 767 ἐπισκοπῆς
3702 699 3791 751 τοῦ

2224 792 2378 846 Θεοῦ.
2411 792 2679 862 Δευτέραν
2722 790 2779 843 δὲ
2824 788 3014 859 ῥάϐδον
3066 787 3304 859 ἡγοῦμαι
3347 787 3409 840 τὸ
3453 788 3562 839 πᾶν
3593 784 3792 857 ἀθρόως

2237 882 2500 938 Ἰουδαίων
2529 881 2680 945 ἔθνος
2700 880 2933 934 ἐνταῦθα
2961 878 3271 952 δηλοῦσθαι.
3308 876 3481 931 Καλεῖ
3510 876 3554 930 δ’
3580 872 3673 931 οὖν
3701 876 3795 930 αὺ-

2223 977 2322 1048 τὴν
2358 975 2664 1046 σχοίνισμα,
2697 972 2891 1042 λέγων·
2927 991 2946 1023 ι
2988 972 3098 1042 Τὴν
3134 970 3259 1041 μίαν
3306 968 3541 1022 ἐκάλεσα
3587 967 3798 1033 κάλλος,

2224 1069 2317 1121 καὶ
2356 1068 2453 1138 τὴν
2486 1065 2742 1137 δευτέραν
2784 1064 3016 1118 ἐκάλεσα
3058 1063 3364 1133 σχοίνισμα.
3406 1080 3425 1112 ι
3464 1062 3577 1114 Καὶ
3622 1060 3800 1129 σαφῶς

2224 1158 2465 1227 ἐπιλέγει
2492 1158 2618 1228 περὶ
2648 1156 2748 1227 τῆς
2778 1154 3034 1227 δευτέρας
3062 1154 3284 1222 φάσκων
3306 1169 3318 1181 ο
3345 1171 3363 1202 ι
3391 1153 3502 1205 Καὶ
3527 1150 3802 1223 ἀπέῥριψα

2223 1250 2322 1321 τὴν
2353 1248 2545 1319 ῥάϐδον
2577 1248 2676 1316 τὴν
2717 1245 2975 1317 δευτέραν
3005 1245 3066 1298 τὸ
3104 1243 3425 1316 σχοίνισμα,
3448 1241 3542 1296 τοῦ
3589 1242 3801 1296 διασκε-

2224 1340 2381 1395 δάσαι
2412 1342 2511 1411 τὴν
2541 1338 2815 1411 Διαθήκην
2847 1335 2950 1391 ἁνά
2984 1335 3146 1407 μέσον
3189 1335 3358 1390 Ἰούδα
3384 1334 3479 1388 καὶ
3504 1333 3612 1387 ἀνά
3644 1333 3802 1404 μέσον

2238 1431 2474 1505 Ἰσραήλ.
2512 1451 2530 1482 ι
2569 1423 2732 1484 Οὗτοι
2766 1428 2875 1501 γὰρ
2904 1424 3044 1499 ἦσαν
3063 1428 3125 1480 τὸ
3161 1428 3449 1498 σχοίνισμα
3491 1426 3588 1479 καὶ
3638 1429 3673 1497 ἡ
3709 1426 3802 1496 ῥά-

2227 1524 2348 1589 ϐδος
2372 1527 2405 1597 ἡ
2430 1525 2679 1596 δευτέρα.
2737 1522 2801 1574 Ἦ
2843 1521 2901 1574 δὲ
2922 1520 3176 1592 ,προτέρα
3207 1520 3399 1584 κάλλος
3439 1518 3803 1590 ὠνομασμένη

2225 1618 2332 1671 οὐδ’
2375 1617 2506 1686 άλλη
2554 1617 2762 1683 γένοιτο
2808 1612 2907 1683 τῆς
2963 1611 3313 1683 Ἰερουσαλὴμ
3343 1612 3533 1682 αὐτῆς,
3570 1611 3667 1663 xui.
3713 1609 3805 1682 τῆς

2226 1710 2367 1764 κατά
2399 1710 2600 1763 Μωσέα
2642 1707 2916 1778 λατρείας,
2954 1708 3166 1778 ἁπάσης
3200 1723 3259 1759 τε
3292 1707 3390 1777 τῆς
3428 1704 3667 1768 παλαιᾶς
3695 1706 3806 1761 Δια·

543 1811 765 1865 niculus
793 1818 849 1866 et
880 1811 1028 1880 virga
1062 1811 1252 1865 altera.
1298 1809 1457 1864 Prior
1500 1819 1680 1866 autem
1720 1826 1842 1880 qum
1871 1810 2114 1879 pulchri.

2224 1804 2428 1874 θήκης”
2459 1801 2553 1854 καὶ
2586 1800 2741 1854 τοῦτο
2767 1802 2825 1854 δὲ
2868 1799 3125 1880 ἐξμαύτῆς
3167 1799 3498 1870 παρίσταται
3538 1799 3640 1870 τῆς
3677 1814 3806 1870 προ-

544 1902 683 1957 tudo
715 1902 998 1957 nominata
1025 1908 1131 1964 est,
1157 1917 1265 1955 non
1292 1903 1398 1955 alia
1432 1901 1597 1957 fuerit
1618 1917 1782 1972 quam
1815 1902 1931 1971 ipsa
1957 1900 2120 1955 Jeru-

544 1993 741 2056 salem,
770 1990 1131 2061 adoratioque
1159 1989 1422 2055 Mosaica,
1456 1992 1745 2061 omnisque
1772 1991 1952 2061 prisca
1988 2006 2123 2045 con-

545 2082 784 2145 stitutio,
826 2095 947 2150 quae
993 2088 1148 2134 vetus
1195 2080 1396 2135 dicitur
1445 2087 1856 2145 testamentum,
1912 2081 2123 2150 hocque

544 2174 727 2244 ipsum
758 2173 841 2227 vel
860 2189 925 2227 ex
960 2174 1078 2243 ipsa
1112 2172 1399 2243 prophetia
1430 2173 1590 2243 plane
1621 2174 1955 2236 constiterit.
1990 2173 2122 2227 dum

544 2264 624 2318 ait
659 2282 672 2318 :
714 2283 732 2316 ι
772 2263 839 2317 Ει
873 2264 1086 2334 capiam
1110 2263 1320 2332 virgam
1350 2278 1526 2318 meam
1560 2263 1867 2333 pulchram,
1897 2272 1951 2319 et
1984 2264 2125 2334 abji-

543 2354 686 2411 ciam
717 2370 836 2410 eam
872 2355 937 2408 ad
971 2352 1355 2424 dissipandum
1390 2362 1780 2409 testamentum
1836 2370 2039 2409 meum.
2097 2374 2117 2406 ι

544 2442 712 2502 Vides
735 2454 794 2501 ut
826 2452 1213 2501 testamentum
1244 2444 1463 2515 quidem
1491 2459 1675 2511 suum,
1726 2443 1935 2515 virgam
1978 2443 2124 2514 prio-

544 2551 661 2591 rem
692 2550 817 2592 esse
844 2535 1080 2602 dixerit;
1114 2534 1345 2588 alteram
1370 2548 1503 2588 vero
1534 2532 1763 2603 virgam,
1791 2531 2120 2596 funiculum,

544 2636 600 2683 et
630 2635 810 2683 tamen
840 2644 898 2682 se
934 2635 1225 2696 utramque
1255 2624 1601 2694 abjecturum
1630 2624 1894 2687 minatur,
1929 2637 2125 2693 quam-

544 2721 631 2776 vis
686 2721 838 2792 prius
883 2718 1081 2774 dixerit
1129 2737 1143 2774 :
1195 2736 1214 2770 ι
1260 2716 1328 2772 Et
1379 2716 1594 2788 capiam
1649 2715 1782 2770 mihi
1834 2715 1938 2785 ipsi
1982 2713 2122 2769 duas

545 2811 750 2882 virgas,
784 2826 948 2865 unam
982 2811 1170 2865 vocavi
1198 2808 1685 2881 pulchritudinem,
1705 2816 1757 2862 et
1779 2807 2006 2861 alteram
2030 2820 2123 2860 vo-

542 2905 664 2961 cavi
703 2904 1005 2959 funiculum
1042 2924 1055 2960 :
1094 2924 1111 2956 »
1148 2921 1247 2973 pro
1275 2918 1385 2975 quo
1413 2902 1608 2974 Aquila
1632 2901 1850 2972 quidem
1875 2899 1955 2953 sic
1987 2915 2122 2952 con~

547 2995 709 3048 vertit
744 3014 758 3048 :
794 3012 813 3045 ‹
846 2991 1027 3048 Unam
1062 2993 1253 3048 vocavi
1279 2993 1557 3053 decorem.
1590 3001 1643 3044 et
1674 2990 1902 3042 alteram
1928 2986 2120 3041 vocavi

545 3084 873 3140 funiculum.
926 3101 945 3135 ι
984 3081 1347 3155 Symmachus
1379 3089 1560 3135 autem
1596 3098 1609 3134 :
1659 3097 1677 3130 ι
1720 3077 1870 3131 lianc
1895 3076 2116 3147 quidem

544 3176 736 3233 vocavi
760 3175 1037 3239 decorem,
1069 3176 1216 3229 illam
1248 3183 1430 3228 autem
1479 3172 1669 3227 vocavi
1724 3167 2049 3223 funiculum.
2092 3188 2110 3220 ι

545 3267 659 3323 lloc
715 3267 882 3337 igitur
925 3265 1199 3319 universa:
1243 3263 1424 3333 gentis
1471 3258 1899 3334 pulchritudinis
1954 3257 2120 3312 deco-

545 3358 729 3427 risque
766 3357 1008 3419 nomine,
1042 3352 1283 3407 divinam
1310 3353 1505 3423 legem,
1534 3357 1586 3405 et
1617 3350 1763 3422 quod
1791 3350 1844 3403 in
1876 3365 1938 3403 ea
1986 3364 2119 3402 con-

543 3450 747 3504 tinetur
772 3454 1182 3510 testamentum,
1208 3445 1405 3499 merito
1425 3443 1687 3513 appellat.
1720 3440 2118 3496 Venerabilitas

543 3542 687 3596 enim
720 3540 811 3593 illa
836 3538 988 3592 urbis
1011 3535 1415 3603 Jerusalem,et
1444 3549 1565 3606 quae
1597 3535 1651 3589 in
1686 3550 1749 3589 ea
1800 3534 1866 3587 ad
1915 3548 2117 3587 munus

543 3636 859 3709 pontificum
890 3633 1348 3701 sacerdotnmquc
1395 3630 1763 3700 pertinebant.
1793 3635 1907 3681 tum
1950 3628 2114 3681 etiam

540 3728 724 3782 omnia
756 3740 1094 3795 quaecunque
1121 3724 1251 3777 olim
1284 3722 1429 3794 apud
1465 3723 1587 3777 illos
1620 3722 1850 3792 populos
1881 3737 1945 3776 ex
1968 3720 2115 3774 divi-

542 3819 630 3874 nis
665 3815 897 3887 legibus,
929 3824 983 3870 et
1010 3831 1075 3868 ex
1108 3813 1277 3868 veteri
1302 3818 1628 3867 testamento
1663 3809 1729 3863 de
1761 3823 1911 3863 more
1963 3808 2115 3879 prius

542 3907 1089 3968 administrabantur,
1122 3904 1323 3959 decens
1346 3901 1568 3973 quidam
1594 3907 1821 3955 ornatus
1847 3900 1913 3954 iis
1934 3906 2111 3964 erant,

538 4002 632 4073 qui
665 4000 867 4053 talibus
889 3999 1051 4054 rebus
1083 4003 1430 4053 Ornarentur.
1456 3993 1759 4048 Funiculus
1790 4001 1969 4046 autem
1996 3993 2114 4062 ipsa

538 4092 716 4164 gentis
741 4088 1032 4143 multitudo
1057 4088 1198 4157 apud
1236 4088 1411 4156 ipsum
1436 4101 1655 4156 quoque
1689 4083 1891 4139 Mosen]
1920 4093 2113 4140 vocata

537 4191 643 4245 est,
674 4181 728 4234 in
766 4178 874 4233 illis
914 4179 1096 4234 verbis
1126 4198 1138 4232 :
1192 4196 1209 4230 ι
1249 4176 1411 4231 Facta
1442 4184 1525 4231 est
1557 4176 1735 4245 portio
1768 4175 1979 4230 Domini
2015 4192 2115 4247 po.

537 4275 700 4347 putus
721 4271 841 4341 ejus
861 4269 1052 4335 Jacob,
1081 4270 1358 4325 funiculus
1382 4269 1701 4325 hereditatis
1731 4269 1851 4339 ejus
1879 4269 2060 4326 Israel.
2088 4290 2107 4322 ι

536 4369 607 4421 At
625 4381 752 4423 vero
771 4366 1000 4434 hujusce
1018 4364 1307 4434 utriusque
1325 4364 1488 4433 virga:
1513 4362 1889 4426 mutationem,
1917 4378 2113 4434 magno

538 4458 745 4528 impetu
778 4456 1017 4512 futuram
1055 4454 1121 4509 iis
1153 4452 1513 4523 temporibus,
1553 4452 1620 4505 de
1674 4453 1872 4522 quibus
1902 4451 2110 4506 dictum
2143 4488 2188 4545 υ

535 4560 643 4614 est,
675 4549 921 4603 divinat:
957 4554 1167 4619 utpote,
1213 4561 1337 4599 cum
1383 4553 1437 4599 et
1481 4555 1658 4609 vetus,
1694 4545 1837 4616 quod
1876 4548 2027 4617 prius
2054 4547 2110 4603 in

535 4656 601 4696 ea
622 4650 760 4707 erat,
785 4648 1194 4699 testamentum,
1224 4644 1277 4691 et
1309 4637 1661 4709 pulchritudo
1687 4653 1809 4708 qua:
1841 4639 1894 4692 in
1924 4639 2114 4693 eadem

534 4732 664 4787 olim
688 4731 1039 4794 cernebatur,
1074 4728 1305 4784 delenda
1336 4729 1499 4782 fuerit
1523 4735 1577 4783 et
1605 4729 1671 4783 ad
1707 4730 1938 4784 nihilum
1970 4729 2118 4784 redi-

539 4825 740 4896 genda,
794 4822 1029 4879 simulac
1070 4821 1245 4893 pretio
1291 4821 1437 4876 illius
1484 4823 1797 4884 testimato,
1870 4822 1963 4892 qui
2017 4823 2117 4875 tri-

533 4919 685 4988 ginta
716 4915 991 4987 argenteis
1040 4914 1345 4969 mstimatus
1379 4921 1481 4976 est,
1539 4914 1617 4966 illi
1672 4929 1769 4982 pro
1817 4930 1915 4968 sua
1958 4915 2109 4982 ipso-

537 5022 656 5063 rum
708 5006 986 5076 impietate
1046 5003 1252 5058 merilae
1317 5004 1630 5073 ignominiae
1690 5004 1914 5059 obnoxii
1982 5006 2107 5060 facti

536 5105 692 5159 sunt;
722 5096 858 5152 dicit
894 5095 1059 5168 igitur
1094 5114 1107 5150 :
1144 5114 1161 5145 ι
1205 5094 1267 5148 Et
1296 5096 1508 5165 capiam
1540 5097 1748 5166 virgam
1784 5112 1956 5151 meam
1988 5099 2110 5167 pul-

2225 1891 2451 1962 φητείας
2494 1892 2779 1962 φησάσηςσ
2821 1909 2839 1941 ι
2893 1875 3003 1943 Καὶ
3043 1888 3283 1959 λήψομαι
3330 1890 3429 1960 τὴν
3477 1889 3675 1961 ῥάϐδον
3711 1906 3808 1961 μου

2222 1984 2322 2056 τὴν
2364 1982 2555 2055 καλὴν,
2601 1983 2696 2037 καὶ
2743 1981 3033 2054 ἀπορῥίψω
3081 1981 3271 2053 αὐτὴν,
3309 1983 3403 2035 τοῦ
3454 1982 3809 2036 διασκεδάσαι

2222 2075 2321 2147 τὴν
2358 2076 2630 2147 Διαθήκην
2678 2092 2799 2146 μου.
2840 2094 2859 2124 ι
2910 2075 3071 2147 Ὁρᾷς
3114 2075 3191 2138 ὼς
3235 2074 3335 2145 τὴν
3385 2074 3485 2146 μὲν
3529 2075 3808 2147 Διαθήκην

2225 2168 2419 2221 ἑαυτοῦ
2460 2169 2559 2239 τὴν
2604 2167 2798 2239 ῥάϐδον
2847 2166 3048 2239 ἔφησεν
3095 2162 3234 2219 εἶναι
3283 2168 3383 2239 τὴν
3430 2166 3686 2239 πρώτην,
3717 2170 3810 2239 τὴν

2222 2261 2482 2331 δευτέραν
2517 2261 2574 2314 δέ
2625 2259 2817 2331 ῥάϐδον
2852 2260 2914 2311 τὸ
2961 2260 3270 2330 σχοίνισμα,
3317 2259 3457 2331 πλὴν
3488 2261 3811 2332 ἀμφοτέρας

2223 2353 2322 2418 τὰς
2350 2352 2576 2423 ῥάϐδους
2604 2350 2926 2425 ἀπορῥίψειν
2950 2351 3185 2416 ἀπειλεῖ,
3208 2351 3485 2425 προειπὼν
3521 2353 3804 2425 πρότερον·

2230 2463 2250 2498 ι
2292 2445 2400 2498 Καὶ
2432 2443 2669 2515 λήψομαι
2715 2440 2936 2513 ἐμαυτῷ
2966 2442 3059 2495 δύο
3091 2441 3346 2513 ῥάϐδους·
3383 2442 3481 2515 τὴν
3516 2444 3651 2514 μίαν
3675 2444 3805 2499 ἐκά-

2223 2535 2355 2589 λεσα
2386 2534 2601 2599 κάλλος,
2627 2534 2722 2587 καὶ
2750 2534 2849 2605 τὴν
2877 2532 3134 2606 δευτέραν
3163 2535 3399 2590 ἐκάλεσα
3427 2536 3756 2607 σχοίνισμα·
3785 2555 3803 2586 ι

2224 2626 2340 2681 ἀνθ’
2386 2619 2459 2679 ὧν
2508 2626 2538 2678 ὁ
2584 2624 2682 2697 μὲν
2726 2624 2957 2687 Ἀκύλας
3005 2626 3172 2697 φησί·
3215 2646 3233 2677 ι
3265 2628 3375 2699 Τὴν
3411 2627 3537 2698 μίαν
3572 2628 3810 2682 ἐκάλεσα

2223 2715 2578 2788 εὐπρέπειαν,
2610 2713 2703 2767 καὶ
2733 2714 2832 2785 τὴν
2865 2714 3057 2787 ἑτέραν
3089 2716 3323 2770 ἐκάλεσα
3370 2717 3696 2789 σχοίνισμα·
3733 2738 3751 2771 ι
3779 2720 3809 2773 ὁ

2221 2808 2277 2862 δὲ
2324 2807 2648 2879 Σύμμαχος’
2697 2828 2714 2859 ι
2764 2808 2874 2880 Τὴν
2911 2809 3008 2879 μὲν
3040 2807 3273 2862 ἐκάλεσα
3318 2809 3684 2881 εὐπρέπειαν,
3716 2812 3809 2884 τὴν

2220 2900 2277 2954 δὲ
2313 2900 2440 2971 μίαν
2479 2900 2711 2953 ἐκάλεσα
2746 2901 3053 2971 σχοίνισμα.
3095 2922 3113 2952 ι
3161 2901 3331 2955 Τοῦτο
3360 2902 3459 2974 μὲν
3483 2899 3580 2956 οὖν
3609 2906 3809 2970 παντὸς

2221 2991 2406 3056 ἔθνους
2448 2991 2643 3056 κάλλος
2692 2992 2785 3044 καὶ
2827 2992 3181 3064 εὐπρέπειαν,
3214 2993 3305 3046 τὸν
3339 2992 3481 3046 θεῖον
3511 2994 3686 3066 νόμον
3721 2995 3809 3049 καὶ

2221 3084 2317 3156 τὴν
2346 3085 2403 3136 ἐν
2438 3084 2586 3155 αὐτῷ
2620 3083 3014 3156 περιεχομένην
3041 3084 3314 3157 Διαθήκην
3344 3085 3632 3157 ὠνόμασεν
3664 3087 3810 3141 εικό-

2219 3192 2346 3239 τως.
2385 3176 2467 3228 Τά
2495 3193 2554 3228 τε
2593 3174 2702 3248 γὰρ
2736 3174 2908 3247 σεμνὰ
2937 3177 3034 3248 τῆς
3074 3177 3443 3248 Ἰερουσαλὴμν
3480 3178 3579 3231 καὶ
3609 3179 3685 3234 τὰ
3715 3179 3809 3250 τῆς

2220 3268 2613 3338 ἀρχιερατικῆς
2673 3266 3030 3340 λειτουργίας,
3089 3269 3183 3321 καὶ
3234 3269 3410 3322 πάντα
3472 3269 3576 3322 ὃσα
3643 3272 3808 3326 πάλαι

2222 3356 2485 3427 πρότερον
2527 3357 2585 3410 ἐν
2634 3357 2817 3420 αὐτοῖς
2864 3358 3003 3411 κατὰ
3045 3360 3169 3420 τοὺς
3224 3358 3400 3422 θείους
3444 3360 3672 3431 νόμους,
3719 3365 3809 3417 καὶ

2220 3446 2361 3500 κατὰ
2415 3449 2514 3518 τὴν
2563 3448 2799 3502 παλαιάν
2857 3449 3131 3521 Διαθήκην
3175 3451 3553 3519 ἐπολιτεύετο,
3605 3455 3808 3527 κόσμος

2219 3538 2501 3609 εὐπρεπὴς
2549 3539 2759 3610 ὑπῆρχε
2813 3544 2925 3604 τοῖς
2976 3542 3080 3593 ὑπὸ
3126 3543 3331 3596 τούτων
3386 3546 3805 3615 κοσμουμένοις.

2218 3630 2514 3700 Σχοίνισμα
2540 3630 2595 3682 δὲ
2625 3631 2685 3682 τὸ
2716 3630 2919 3701 πλῆθος
2952 3632 3045 3684 τοῦ
3072 3632 3256 3697 ἔθνους
3290 3634 3386 3687 καὶ
3420 3635 3574 3706 παρὰ
3619 3639 3808 3690 Μωσετ

2218 3720 2481 3790 κέκληται
2532 3720 2783 3789 λέγοντι’
2825 3743 2842 3774 ι
2905 3723 3163 3795 Ἐγενήθη
3218 3726 3375 3797 μερὶς
3423 3727 3633 3798 Κυρίου
3688 3728 3809 3792 λαὸς

2218 3813 2382 3867 αὑτοῦ
2410 3812 2624 3878 Ἰακὼϐ,
2642 3815 2928 3886 σχοίνισμα
2950 3816 3314 3888 κληρονομίας
3326 3818 3490 3872 αὑτοῦ
3516 3821 3759 3893 Ἰσραήλ.
3784 3840 3801 3870 ι

2229 3906 2391 3960 Ἀλλά
2423 3906 2530 3978 γὰρ
2560 3906 2667 3960 τῶν
2699 3907 2792 3960 δύο
2822 3907 3025 3961 τούτων
3070 3907 3280 3978 ῥάϐδων
3313 3908 3527 3981 ἀθρόως
3579 3912 3807 3983 μεταϐο-

2216 3998 2311 4071 λὴν
2334 3999 2656 4071 γενήσεσθαι
2683 4000 2824 4053 κατὰ
2844 4000 2969 4063 τοὺς
2988 4000 3348 4071 δηλουμένους
3372 4002 3602 4073 χρόνους
3624 4004 3807 4057 θεσπί-

2217 4091 2319 4156 ζει,
2361 4091 2437 4154 ὡς
2469 4092 2692 4163 καὶτῆς
2724 4091 2890 4145 πάλαι
2932 4094 2989 4144 έν
3033 4092 3172 4163 αύτῇ
3225 4092 3461 4158 παλαιᾶς
3503 4096 3803 4167 Διαθήκης,

2216 4185 2310 4239 καὶ
2338 4183 2429 4237 τοῦ
2456 4182 2621 4236 πάλαι
2647 4185 2703 4235 ἐν
2737 4183 2873 4254 αὐτῇ
2903 4182 3131 4245 κάλλους
3154 4184 3692 4256 ἀφανισθησομένου,
3713 4187 3803 4240 τού

2214 4293 2273 4331 τε
2310 4276 2687 4348 σχοινίσματος
2718 4274 2811 4328 καὶ
2843 4274 2936 4327 τοῦ
2973 4274 3172 4339 παντὸς
3204 4274 3389 4340 ἔθνους
3421 4276 3809 4350 διασκεδασθηο

2218 4366 2466 4436 σομένου,
2497 4365 2652 4427 ἐπάν,
2677 4363 2773 4435 τὴν
2807 4364 2970 4435 τιμὴν
2999 4363 3091 4417 τοῦ
3120 4366 3480 4437 τετιμημένου
3508 4370 3806 4438 τριάκοντα

2217 4455 2493 4527 ἀργυρίων
2538 4455 2939 4527 τιμησάμενοι,
2990 4455 3089 4526 τῆς
3141 4456 3289 4524 σφῶν
3338 4457 3662 4524 δυσσεϐείας
3710 4461 3805 4531 τὴν

2215 4550 2596 4619 προσήκουσαν
2630 4547 2849 4618 ἀτιμίαν
2878 4546 3185 4617 ὑπόσχοιεν.
3211 4547 3370 4617 Λέγει
3394 4549 3436 4603 δ’
3464 4547 3559 4604 οὖν
3580 4568 3595 4582 ο
3636 4571 3657 4604 ι
3699 4553 3807 4606 Καὶ

2215 4638 2453 4708 λήψομαι
2481 4638 2580 4709 τὴν
2621 4638 2812 4709 ῥάϐδον
2849 4656 2949 4711 μου
2983 4642 3082 4710 τὴν
3127 4638 3317 4710 καλὴν,
3366 4641 3459 4694 καὶ
3508 4642 3806 4716 ἁπορῥίψω

2215 4730 2407 4802 αὐτὴν,
2454 4729 2548 4783 τοῦ
2596 4730 2944 4784 διασκεδάσαι
2990 4731 3089 4802 τὴν
3141 4731 3417 4805 Διαθήκην
3453 4751 3589 4805 μου·
3635 4755 3658 4788 ι
3713 4739 3808 4791 καὶ

2217 4821 2376 4875 πάλιν
2396 4838 2409 4850 °
2449 4841 2467 4873 ι
2509 4823 2618 4876 Καὶ
2652 4822 2932 4896 ἀπέῥριψα
2963 4824 3059 4895 τὴν
3092 4823 3289 4895 ῥάϐδον
3316 4826 3416 4895 τὴν
3447 4825 3715 4899 δευτέραν
3744 4829 3805 4883 τὸ

2218 4914 2525 4985 σχοίνισμα.
2573 4936 2588 4964 ν
2630 4915 2753 4969 Ἐπὶ
2782 4916 2988 4979 τούτοις
3020 4916 3157 4969 ἐπὰν
3189 4918 3220 4987 ἡ
3253 4920 3560 4988 προφητεία
3593 4923 3804 4992 φάσκεν

2221 5023 2240 5056 ι
2276 5005 2383 5058 Καὶ
2416 5004 2595 5077 ἐξαρῶ
2628 5007 2753 5071 τοὺς
2786 5010 2933 5078 τρεῖς
2966 5006 3229 5077 ποιμένας
3255 5008 3312 5059 ὲν
3357 5008 3488 5079 μηνὶ
3510 5010 3617 5072 ἑνὶ,
3664 5030 3685 5061 ι
3722 5027 3808 5064 νο-

2218 5094 2359 5168 μίζω
2391 5097 2517 5170 τρία
2549 5098 2805 5170 τάγματα
2838 5097 3167 5171 αίνίττεσθαι
3198 5097 3306 5151 τῶν
3339 5098 3506 5154 πάλαι
3537 5087 3637 5155 τοῦ
3673 5100 3806 5155 λαοῦ

534 5185 749 5254 chram,
781 5196 835 5243 et
860 5187 1117 5257 abjiciam
1140 5203 1258 5243 eam
1293 5188 1360 5242 ad
1395 5188 1775 5258 dissipandnm
1810 5198 2106 5243 testamen-

2221 5186 2308 5239 τοῦ
2344 5185 2479 5240 Θεοῦ
2508 5185 2884 5253 προεστώτων,
2918 5185 3203 5258 βασιλέων,
3232 5187 3325 5241 xul.
3351 5189 3683 5261 ἀρχιερέων,
3712 5190 3809 5246 καὶ

534 5290 652 5337 tum
681 5296 885 5336 meum.
916 5301 934 5333 ι
959 5281 1236 5338 Etrursus
1260 5301 1271 5337 :
1300 5300 1317 5332 ι
1341 5280 1409 5335 Ει
1430 5281 1603 5350 abjeci
1628 5281 1833 5351 virgam
1852 5281 2104 5348 alteram,

535 5387 659 5445 qua
674 5369 880 5425 dicitur
902 5370 1199 5430 funiculus.
1225 5392 1243 5424 ›
1263 5373 1343 5427 Ad
1364 5374 1499 5435 hac,
1523 5388 1644 5426 cum
1662 5373 1715 5425 in
1735 5372 2014 5442 prephetia
2034 5373 2111 5428 di-

536 5472 696 5517 catur
714 5459 876 5517 illud:
901 5480 919 5513 ι
944 5460 1007 5517 Et
1023 5464 1266 5518 auferam
1281 5474 1390 5518 tres
1407 5471 1656 5534 pastores
1674 5462 1726 5514 in
1743 5477 1927 5516 mense
1943 5476 2069 5526 uno,
2086 5482 2102 5512 ι

534 5554 699 5630 483
727 5553 964 5621 arbitror
1012 5556 1091 5609 sic
1138 5565 1252 5611 tres
1288 5561 1507 5612 ordines
1552 5570 1743 5609 eorum
1789 5552 2110 5625 significari,

536 5647 631 5717 qui
661 5645 790 5700 olim
823 5645 1024 5714 populo
1067 5643 1157 5700 Dei
1208 5657 1470 5717 praeerant
1541 5662 1752 5714 regum,
1790 5645 2108 5717 pontificum

534 5750 590 5800 et
617 5735 1043 5809 prophetarum;
1076 5740 1336 5808 quoniam
1373 5741 1439 5793 ab
1475 5736 1563 5795 his
1598 5741 1793 5798 trilnts.
1824 5739 1979 5810 quasi
2013 5740 2109 5809 pa-

2216 5278 2512 5353 προφητῶν
2534 5298 2547 5311 ·
2578 5281 2698 5335 ἐπεὶ
2723 5281 2817 5334 καὶ
2843 5279 2931 5334 διὰ
2958 5278 3066 5334 τῶν
3094 5279 3264 5354 τριῶν
3292 5280 3497 5335 τούτων
3525 5283 3809 5354 ποιμένων

2216 5372 2397 5427 πάντα
2441 5370 2512 5425 τά
2560 5372 2700 5426 κατὰ
2736 5372 2863 5436 τοὺς
2913 5371 3082 5426 πάλαι
3135 5372 3400 5445 πρότερον
3446 5372 3805 5445 ᾠκονομεῖτο.

2228 5463 2367 5517 Ἀλλ’
2400 5463 2585 5535 ἐπειδὴ
2617 5463 2946 5535 διαστροφὴν
2992 5463 3083 5516 καὶ
3116 5464 3164 5516 οί
3214 5467 3363 5535 τρεῖς
3408 5460 3555 5519 οὗτοι
3599 5465 3808 5519 πεπόν-

2216 5556 2340 5609 θασι
2367 5555 2641 5626 ποιμένες,
2677 5554 2798 5609 καθ’
2826 5555 2920 5608 ἕνα
2960 5558 3147 5627 καιρὸν
3176 5557 3267 5609 τὸν
3299 5556 3393 5610 ἐπὶ
3419 5555 3513 5608 τοῦ
3546 5556 3810 5627 Σωτῆρος

2218 5648 2372 5720 ἡμῶν
2407 5648 2464 5720 (ὃ
2484 5665 2542 5702 τε
2575 5648 2683 5722 γὰρ
2711 5646 2963 5719 βασιλεὺς
3025 5649 3358 5720 παρανόμως
3387 5649 3567 5703 αὐτῶν
3592 5651 3807 5720 ἠγεῖτο,

2215 5739 2511 5810 ἀλλόφυλός
2552 5757 2633 5805 τις
2665 5738 2739 5793 ὢν
2786 5741 2876 5794 καὶ
2923 5741 3022 5795 οὐκ
3061 5743 3256 5804 οἰκεῖος
3288 5742 3378 5794 τοῦ
3427 5741 3637 5802 ἔθνους·
3685 5743 3716 5795 ὅ
3744 5758 3808 5794 τι
