4054 6408
216 1474 229 1485 .
306 1438 620 1509 ἐκολοϐώθη
645 1439 677 1509 ἡ
702 1436 847 1509 ψυχή
890 1452 989 1505 μου
1014 1436 1073 1487 ὲν
1100 1436 1282 1498 αὐτοῖς
1305 1451 1319 1465 ·

325 300 427 358 749

1242 304 1901 365 DEMONSTRATIONlS
1928 305 2390 364 EVANGELICE
2421 304 2551 365 LIB.
2591 307 2661 366 Χ.

3472 298 3587 368 750'

323 421 635 493 ἀρχιερεὺς.
684 422 792 477 ὑπὸ
837 421 1118 493 Ῥωμαίων
1167 423 1612 494 παραγενόμενος
1663 423 1756 477 ἐπὶ
1802 422 1887 495 rip

2009 421 2275 486 storibus.
2312 426 2499 481 omnia
2528 439 2652 496 qua:
2682 424 2751 480 ad
2786 424 2911 483 illos
2933 433 3147 483 veteres
3170 426 3301 482 olim
3337 429 3576 499 pertine-

322 515 684 586 λειτουργίαν,
717 516 778 568 ού
809 514 949 568 κατά
991 514 1090 586 τὴν
1118 513 1213 567 τοῦ
1256 515 1449 584 γένους
1486 516 1736 588 διαδοχὴν
1781 515 1902 569 οὐδὲ

320 606 463 663 κατὰ
480 607 610 670 τοὺς
637 607 894 677 ὲννόμους
933 605 1167 676 θεσμοὺς
1192 606 1287 658 ἐπὶ
1317 606 1416 677 τὴν
1453 607 1620 678 τιμὴν
1655 605 1860 680 παρῄει
1883 623 1900 638 ·

325 699 356 751 δ
379 716 441 752 τε
468 701 756 771 προφήτης
784 698 977 770 μέχρις
1021 698 1289 762 Ἰωάννου,
1323 698 1690 769 παυσάμενος,
1717 698 1901 751 οὐκέτι

314 795 377 847 ὲν
415 793 599 855 αὐτοῖς
627 794 869 864 ἐνήργει,
894 791 1015 844 ἀντὶ
1047 791 1102 843 δὲ
1123 790 1311 844 τούτου
1342 789 1793 861 ψευδοπροφήτης
1816 808 1902 855 τις

316 884 523 956 ἀσεϐὴς
554 885 648 938 καὶ
680 882 896 936 πλανῶν
924 883 1013 936 τὸν
1047 882 1235 948 λαὸν),
1271 882 1494 945 εἰκότως
1536 881 1605 936 τὰ
1640 882 1767 952 τρία
1800 899 1899 953 χα-

320 979 581 1047 ρίσματα,
616 975 786 1029 πάλαι
829 974 1091 1047 πρότερον
1143 975 1284 1047 ὑπὲρ
1333 974 1509 1027 πάντα
1555 975 1759 1044 κόσμον
1809 975 1899 1027 εὐ-

315 1070 503 1143 πρεπῆ
547 1068 609 1121 τὸ
654 1069 763 1121 πᾶν
809 1067 961 1129 ἔθνος
1006 1067 1333 1138 κοσμοῦντα,
1381 1069 1758 1147 περιαιρήσειν
1808 1067 1897 1135 ὑφ’

312 1163 407 1216 ἕνα
455 1161 644 1233 καιρὸν
688 1161 902 1214 ἀπειλεί
943 1159 1113 1227 λέγων
1134 1176 1147 1188 ’
1182 1176 1199 1208 ι
1248 1159 1359 1212 Kal
1388 1158 1565 1232 ἑξαρῶ
1589 1160 1715 1221 τοὺς
1749 1161 1899 1230 τρεῖς

313 1254 582 1325 ποιμένας
608 1256 666 1307 ὲν
702 1254 830 1326 μηνὶ
863 1254 963 1316 ἑνὶ,
992 1253 1086 1305 καὶ
1115 1250 1508 1324 βαρυνθήσεται
1542 1253 1575 1323 ή
1606 1251 1748 1321 ᾁυχή
1793 1268 1894 1321 μου

311 1347 406 1402 ἐπ’
459 1345 688 1408 αὐτούς’
732 1365 751 1396 ι
787 1344 901 1398 ἀνθ’
935 1339 1050 1398 οὖό
1098 1344 1195 1416 μὲν
1244 1342 1474 1406 Ἀκύλας
1521 1343 1681 1413 φησί·
1725 1362 1741 1393 ι
1785 1343 1894 1404 Kal

1365 1454 1383 1484 ι
1410 1436 1438 1486 ό
1465 1434 1522 1488 δὲ
1553 1435 1849 1505 Σύμμαχος
1872 1450 1885 1463 ·

313 1549 338 1582 ι
377 1531 489 1584 Kal
521 1528 911 1599 ώλιγοψύχησα
969 1528 1027 1580 ὲν
1073 1528 1291 1592 αὐτοῖς’
1328 1547 1348 1580 ι
1400 1530 1428 1581 ὁ
1460 1529 1516 1582 δὲ
1564 1527 1886 1581 Θεοδοτίωνο

313 1642 336 1672 c
370 1621 484 1674 Kal
516 1618 921 1691 ώλιγοψύχησεν
961 1620 995 1690 ἡ
1031 1617 1175 1692 ψυχή
1208 1637 1309 1691 μου
1348 1620 1434 1674 ἐπ’
1463 1619 1679 1683 αὐτούς.
1722 1640 1739 1671 ι
1779 1621 1889 1673 Kal

300 1715 370 1768 τὸ
422 1714 592 1767 αἴτιόν
634 1730 695 1781 γε
747 1714 846 1785 τῆς
893 1712 1241 1783 ὀλιγοψυχίας
1286 1712 1549 1777 διδάσκει,
1597 1710 1881 1778 ἐπιλέγων·

307 1824 331 1856 ο
375 1806 485 1859 Καὶ
528 1806 637 1877 γὰρ
668 1806 725 1858 αἱ
768 1805 938 1876 ψυχαὶ
979 1804 1159 1859 αὐτῶν
1201 1802 1511 1876 ὲπωρύοντο
1546 1804 1631 1855 ἐπ’
1684 1803 1780 1874 ἐμέ
1806 1820 1820 1833 ·
1866 1822 1885 1853 ι

299 1896 426 1949 ἀνθ’
462 1891 522 1950 οὗ
552 1896 711 1950 πάλιν
751 1899 780 1950 ὁ
825 1897 1089 1961 Ἀκύλας*
1132 1916 1150 1948 ι
1183 1894 1292 1950 Καί
1335 1913 1399 1965 γε
1443 1898 1475 1967 ἡ
1518 1894 1665 1966 ψυχὴ
1712 1895 1891 1948 αὐτῶν

299 1990 613 2061 ὲπὲρκασεν
663 1991 720 2042 έν
765 1988 919 2061 ἐμοί·
983 2009 1001 2040 ι
1056 1991 1086 2043 ὁ
1134 1988 1191 2042 δὲ
1237 1987 1562 2059 Σύμμαχος·
1621 2006 1640 2038 ι
1694 1988 1806 2041 Kal
1856 1989 1890 2058 ἡ

297 2081 454 2152 ψυχὴ
501 2079 680 2135 αὐτῶν
727 2082 977 2153 ῆκμασεν
1033 2082 1090 2134 ὲν
1139 2080 1282 2153 ὲμοί.
1351 2099 1370 2133 ι
1415 2080 1642 2151 Ὅμοιον
1688 2079 1745 2133 δὲ
1788 2078 1888 2151 τῷ,

304 2194 331 2225 α
371 2175 484 2228 Kal
524 2174 634 2246 γὰρ
683 2174 741 2227 αἱ
779 2174 949 2245 ψυχαὶ
995 2173 1173 2229 αὐτῶν
1215 2172 1522 2246 ὲπωρύοντο
1567 2173 1653 2226 ἐπ’
1702 2172 1821 2243 ἐμὲ,
1866 2192 1885 2224 ι

300 2264 461 2337 παρὰ
489 2268 603 2329 τοῖς
617 2264 1016 2338 Ἐϐδομήκοντα
1047 2264 1341 2338 εἰρημένῳ,
1376 2264 1602 2337 φέρεται
1638 2263 1790 2336 παρά
1811 2263 1891 2335 τῷ

313 2356 559 2428 Ἱερεμίᾳ
607 2357 673 2410 ὲκ
728 2356 1022 2429 προσώπου
1077 2354 1173 2409 τοῦ
1216 2356 1421 2428 Κυρίου
1485 2356 1736 2425 κείμενον
1795 2356 1885 2409 τό·

298 2464 331 2498 4
374 2446 841 2515 Ἐγκαταλέλοιπα
860 2447 948 2501 τὸν
966 2442 1113 2501 οἶκόν
1141 2465 1263 2518 μου,
1295 2447 1481 2520 ἀφῆκα
1502 2445 1603 2518 τὴν
1629 2447 1889 2520 κληρονο-

300 2537 438 2609 μίαν
494 2556 616 2609 μου,
663 2537 839 2592 ἔδωκα
882 2539 982 2610 τὴν
1033 2538 1395 2610 ἠγαπημένην
1443 2538 1622 2610 ψυχήν
1677 2556 1776 2609 μου
1810 2540 1890 2604 είς

297 2632 496 2702 χεῖρας
540 2630 746 2702 ἐχθρῶν
791 2631 993 2702 αὐτῆς·
1039 2630 1269 2703 ἐγενήθη
1320 2631 1353 2701 ἡ
1402 2630 1735 2703 κληρονομία
1786 2650 1887 2703 μου

298 2724 430 2792 ἐμοὶ
459 2723 536 2786 ώς
569 2723 706 2776 λέων
735 2725 793 2776 ὲν
824 2723 1033 2794 δρυμῷ,
1069 2723 1266 2777 ἔδωκεν
1300 2724 1386 2776 ἐπ’
1430 2724 1530 2794 ἐμὲ
1571 2724 1672 2795 τὴν
1704 2724 1888 2796 φωνὴν

298 2812 497 2882 αὐτῆς.
524 2812 613 2883 Μὴ
633 2812 892 2884 σπήλαιον
919 2813 1109 2884 ὑαίνης
1131 2814 1164 2884 ἡ
1194 2813 1527 2885 κληρονομία
1556 2831 1655 2885 μου
1682 2814 1834 2884 ὲμοίς
1863 2834 1882 2866 ι

297 2905 544 2968 Εἰκότως
584 2901 683 2957 οὖν
718 2904 807 2958 διὰ
847 2905 1020 2959 ταῦτα
1048 2905 1174 2977 ἑξῆς
1203 2905 1453 2978 ἐπιφέρει
1476 2906 1679 2976 λέγων·
1721 2925 1738 2957 ι
1780 2907 1889 2961 Kal

296 2990 471 3048 εἶς-ια’
503 2996 578 3049 Ού
628 2994 878 3066 ποιμανῶ
924 2995 1101 3067 ὑμᾶς’
1155 2994 1213 3048 τὸ
1264 2995 1606 3066 ἀποθνῆσκον
1652 2997 1888 3068 ἀποθνη-

297 3089 505 3151 σκέτω,
539 3088 635 3140 καὶ
657 3087 718 3139 τὸ
746 3086 995 3141 ἐκλεῖπον
1018 3086 1335 3152 ὲκλειπέτω,
1363 3086 1550 3141 καὶτὰ
1581 3087 1885 3142 κατάλοιπα
1912 3120 1955 3178 C

295 3179 654 3246 ἐσθιέτωσαν,
696 3180 925 3245 ἕκαστος
969 3180 1067 3243 τὰς
1112 3180 1322 3253 σάρκας
1358 3180 1453 3234 τοῦ
1497 3180 1722 3253 πλησίον
1760 3182 1886 3234 ἑαυ-

294 3275 393 3325 τοῦ
416 3288 433 3301 ⁸
471 3291 492 3323 ι
548 3272 665 3343 μεθ’
696 3271 732 3325 ἃ
773 3271 1015 3341 ἐπιλέγει
1037 3289 1052 3303 ο
1088 3292 1106 3324 ι
1151 3273 1261 3327 Kal
1302 3270 1539 3344 λήψομαι
1566 3271 1664 3342 τὴν
1692 3270 1884 3342 ῥάϐδον

300 3382 406 3437 μου
423 3364 523 3436 τὴν
539 3363 731 3436 καλὴν,
744 3366 839 3417 καὶ
857 3363 1145 3436 ἀπορρίψω
1165 3365 1351 3436 αὐτῆψ
1366 3384 1385 3416 ι
1412 3363 1528 3418 ἀνθ’
1552 3359 1613 3418 οὗ
1630 3364 1880 3427 Ἀκύλας,

304 3476 326 3506 ε
347 3458 459 3511 Καὶ
482 3457 690 3521 ἔλαϐον,
721 3476 739 3508 ι
769 3456 920 3529 φησὶ,
957 3456 1079 3528 «τὴν
1105 3456 1296 3528 ῥάϐδον
1325 3473 1449 3528 μου,
1470 3455 1566 3527 τὴν
1590 3455 1884 3527 εὐπρέπει-

295 3565 389 3612 αν,
426 3550 522 3602 καὶ
546 3548 848 3620 περιέκο·;ια
881 3547 1105 3618 αὑτὴν,›
1148 3547 1349 3619 δηλαδὴ
1380 3546 1480 3618 τὴν
1516 3546 1659 3600 κατὰ
1680 3547 1886 3600 Μωσέα

296 3639 579 3712 λατρείαν.
608 3636 816 3690 Οὐκοῦν
840 3638 872 3706 ἡ
898 3637 993 3706 μὲν
1017 3634 1208 3706 πρώτη
1231 3633 1425 3706 ῥάϐδος
1447 3636 1480 3705 ἡ
1505 3634 1562 3687 ὲν
1578 3635 1772 3706 ἀρχαῖς
1788 3634 1883 3687 τοῦ

294 3732 461 3803 λόγου
512 3730 721 3803 πρώτη,
773 3728 1229 3802 συντριϐήσεσθαι
1272 3729 1368 3781 xal
1406 3726 1882 3799 ἀπορριφήσεσθαι

294 3824 539 3894 λέγεται.
561 3825 685 3877 Ὅτε
718 3823 775 3876 δὲ
802 3824 836 3894 ἡ
853 3822 987 3893 τιμὴ
1011 3820 1101 3875 τοῦ
1127 3820 1514 3892 τετιμημένου,
1534 3821 1629 3874 καὶ
1656 3818 1717 3872 τὸ
1743 3821 1884 3891 ὑπὲρ

294 3912 463 3967 αὐτοῦ
479 3911 559 3982 τῷ
583 3911 812 3984 προδότῃ
836 3910 986 3964 δοθὲν
1015 3910 1273 3983 ἀργύριον
1297 3908 1498 3980 ἐϐλήθη
1523 3910 1602 3971 είς
1626 3908 1716 3961 τὸν
1737 3904 1883 3961 οἷκον

295 4004 531 4076 Κυρίου,
558 4004 635 4066 ώς
665 4004 746 4067 είς
780 4002 1158 4073 χωνευτήριον,
1179 4000 1299 4053 τότε
1324 4000 1388 4072 δὴ
1416 4000 1509 4053 καὶ
1544 3997 1614 4051 τὰ
1634 4000 1762 4071 περὶ
1784 3999 1885 4069 τῆς

292 4091 555 4162 δευτέρας
577 4088 795 4161 ῥάϐδου,
811 4089 907 4142 τοῦ
929 4089 1130 4152 παντὸς
1145 4088 1327 4153 ἔθνους
1341 4089 1563 4160 δηλαδὴ,
1578 4088 1884 4152 ἀκολούθως

294 4178 382 4235 οἷα
405 4183 654 4235 πείσεται
677 4181 1075 4253 προφητεύεται
1096 4183 1151 4235 ὲν
1171 4181 1268 4253 τῷ,
1304 4202 1321 4233 ι
1354 4182 1463 4235 Kal
1485 4180 1763 4253 ἀπέρριψα
1783 4181 1882 4252 τὴν

2004 513 2158 578 bant,
2206 516 2677 585 gubernabantur.
2716 516 2820 571 Sed
2847 518 3068 588 quando
3108 526 3224 575 tres
3258 519 3347 575 isti
3390 530 3578 590 pasto-

2004 619 2094 659 res
2130 620 2241 660 uno
2269 613 2514 677 tempore
2544 608 2962 664 conversionem
3010 611 3160 680 passi
3187 619 3336 676 sunt,
3384 608 3579 667 Salva-

2003 702 2123 752 tore
2156 698 2342 768 utique
2384 708 2573 755 nostro
2608 699 2932 755 adveniente
2967 700 3116 772 (nam
3155 712 3209 759 et
3236 720 3339 759 rex
3376 716 3580 775 praeter

2001 787 2150 859 leges
2195 797 2438 856 creatus,
2479 805 2589 845 non
2643 791 2712 845 ab
2748 791 2990 861 ipsorum
3044 809 3243 865 genere
3284 794 3574 863 oriundus,

2002 876 2099 931 sed
2158 886 2423 934 externus
2477 879 2611 949 ipsis
2661 887 2795 934 tunc
2831 892 3093 950 praeerat;
3151 890 3205 938 et
3255 884 3501 955 pontifex
3542 898 3577 940 τι

2000 967 2264 1024 Romanis
2302 971 2369 1024 ad
2407 986 2619 1026 sacram
2654 970 2990 1028 functionem
3017 982 3327 1043 provectus,
3363 991 3474 1031 non
3503 991 3575 1032 ex

2000 1061 2353 1117 successione
2404 1063 2643 1131 generis,
2680 1079 2859 1135 neque
2893 1064 3193 1119 secundum
3231 1067 3379 1138 leges
3412 1078 3577 1139 atque

2000 1150 2275 1215 instituta,
2325 1151 2593 1208 honorem
2634 1154 2789 1208 illum
2841 1155 3153 1221 obtinebat;
3203 1171 3305 1212 nec
3337 1160 3575 1229 prophe-

2000 1252 2075 1306 ta,
2133 1243 2225 1312 qui
2261 1258 2434 1314 usque
2483 1245 2550 1298 ad
2596 1243 2863 1299 Joannem
2918 1248 3266 1317 perveniens,
3311 1248 3571 1319 desierat,

1997 1335 2233 1404 amplius
2265 1334 2407 1405 apud
2453 1350 2549 1391 eos
2592 1337 2943 1407 operabatur,
2982 1346 3075 1395 sed
3110 1338 3233 1395 loco
3267 1340 3387 1411 ejus
3416 1356 3582 1397 men.

1997 1426 2104 1480 dax
2152 1428 2373 1497 quidam
2404 1429 2667 1500 propheta
2699 1436 2753 1484 et
2786 1429 2985 1500 impius
3028 1432 3290 1504 populum
3332 1434 3573 1506 decipie-

1997 1517 2138 1589 bat),
2168 1521 2366 1575 merito
2406 1521 2513 1576 tria
2570 1521 2661 1575 illa
2711 1523 2874 1588 dona,
2918 1540 3039 1595 qua:
3090 1526 3368 1596 quondam
3402 1543 3572 1599 supra

1995 1625 2157 1668 onme
2186 1623 2568 1670 ornamentum
2592 1630 2655 1670 ac
2684 1618 2850 1673 decus
2876 1626 3042 1674 totam
3072 1620 3219 1674 illam
3237 1631 3449 1682 gentem
3474 1637 3574 1677 or-

1995 1704 2219 1769 nabant,
2266 1706 2611 1762 sublaturum
2661 1724 2720 1763 se
2764 1724 2871 1763 uno
2904 1717 3147 1772 tempore
3182 1712 3442 1783 minatur,
3484 1712 3573 1768 di-

1996 1810 2165 1851 cens:
2222 1796 2319 1850 «Et
2373 1798 2618 1854 auferam
2661 1810 2772 1856 tres
2803 1811 3052 1871 pastores
3104 1802 3162 1856 in
3209 1818 3399 1860 mense
3432 1820 3567 1872 uno,

1995 1890 2050 1938 et
2080 1886 2396 1955 gravabitur
2411 1889 2591 1943 anima
2605 1905 2724 1944 mea
2744 1906 2909 1961 snper
2931 1906 3025 1946 cos
3044 1909 3092 1958 ;ι
3117 1907 3217 1962 pro
3234 1909 3344 1964 quo
3371 1893 3570 1964 Aquila

1994 1983 2213 2046 quidem
2236 1978 2316 2032 Sic
2335 1979 2445 2035 ait:
2476 1999 2495 2031 ι
2524 1980 2590 2036 Et
2614 1983 2861 2036 mutilata
2888 1990 2972 2038 est
2996 1984 3179 2038 anima
3210 2000 3329 2040 mea
3347 1986 3401 2041 in
3426 1989 3564 2054 eisp

1996 2065 2358 2138 Symmachus
2402 2082 2619 2127 autem:
2680 2072 2776 2126 «Et
2806 2075 3147 2130 exanimatus
3177 2092 3299 2133 sum
3332 2077 3385 2131 in
3413 2081 3563 2147 eisp

1993 2157 2336 2216 Theodotion
2372 2173 2552 2219 autem
2579 2183 2591 2218 :
2623 2183 2641 2216 ι
2670 2164 2734 2218 Εῑ
2764 2166 3077 2219 exanimata
3112 2176 3197 2223 est
3226 2169 3410 2223 anima
3447 2186 3569 2226 mea

1992 2268 2158 2323 super
2172 2269 2289 2310 eos.
2331 2274 2349 2306 ι
2381 2256 2447 2311 Et
2475 2271 2698 2313 causam
2729 2260 3150 2316 exanimationis
3169 2263 3567 2319 ostenditiniis

1991 2358 2114 2412 qua:
2144 2345 2431 2417 adjungit:
2487 2347 2733 2404 «Etenim
2784 2352 2981 2406 anima:
3036 2368 3228 2408 eorum
3281 2354 3569 2424 rugierunt

1993 2451 2159 2507 super
2189 2453 2332 2505 me,»
2373 2454 2472 2510 pro
2502 2455 2611 2510 quo
2638 2457 2834 2497 rursus
2880 2444 3076 2512 Aquila
3108 2446 3213 2501 hoc
3238 2446 3402 2501 modo
3432 2463 3569 2504 con-
3625 2481 3627 2483 ι

1990 2530 2185 2585 vertit:
2219 2550 2238 2582 ‹
2265 2531 2480 2587 Etenim
2513 2534 2696 2589 anima
2725 2551 2914 2589 eorum
2946 2537 3284 2593 immaturuit
3327 2540 3380 2594 in
3405 2557 3491 2597 me
3512 2559 3562 2608 ,ι

1994 2622 2356 2696 Symmachus
2387 2639 2604 2683 autem:
2656 2647 2675 2681 ι
2700 2628 2765 2683 Et
2795 2630 2975 2684 anima
3012 2647 3202 2686 eorum
3243 2634 3470 2690 invaluit
3509 2636 3567 2692 in

1990 2732 2097 2773 me.
2135 2737 2154 2769 ι
2178 2716 2259 2773 illi
2287 2734 2418 2775 vero
2439 2719 2584 2790 quod
2609 2721 2749 2791 apud
2771 2720 2913 2775 LXX
2941 2722 3147 2777 dictum
3166 2731 3282 2779 est:
3323 2724 3565 2782 «Etenim

1990 2810 2187 2867 animae
2229 2821 2419 2868 earum
2478 2814 2764 2884 rugierunt
2793 2830 2959 2885 super
3006 2830 3148 2879 me,»
3189 2817 3367 2873 simile
3410 2820 3570 2889 quid-

1990 2901 2116 2956 dam
2144 2901 2318 2958 fertur
2338 2904 2501 2959 etiam
2534 2904 2676 2975 apud
2698 2904 3011 2971 Jeremiam,
3048 2908 3193 2976 quod
3234 2924 3298 2963 ex
3327 2925 3566 2979 persona

1991 2990 2206 3048 Domini
2251 2993 2529 3064 profertur
2576 2995 2664 3051 his
2718 2998 2933 3052 verbis:
2981 2997 3290 3069 «Dereliqui
3340 3000 3563 3056 domum

1992 3099 2191 3148 meam,
2242 3085 2426 3141 dimisi
2456 3085 2830 3141 hereditatem
2883 3102 3081 3152 meam,
3120 3089 3249 3144 dedi
3309 3090 3564 3147 dilectam

1989 3176 2224 3230 animam
2255 3191 2432 3232 meam
2484 3176 2540 3230 in
2576 3192 2772 3232 manus
2823 3178 3171 3233 inimicorum
3223 3180 3364 3250 ejus,
3421 3183 3565 3238 facta

1986 3274 2071 3321 est
2104 3266 2396 3322 haereditas
2423 3282 2542 3323 mea
2574 3268 2705 3321 mihi
2735 3281 2793 3322 ut
2818 3270 2901 3324 leo
2928 3271 2983 3325 in
3017 3272 3175 3335 silva,
3213 3271 3363 3326 dedit
3396 3289 3563 3344 super

1987 3373 2074 3413 me
2108 3374 2296 3414 vocem
2327 3375 2507 3427 suam,
2540 3360 2790 3431 nunquid
2843 3364 3102 3433 spelunca
3142 3365 3344 3434 hyaenae
3389 3367 3559 3421 barre-

1986 3450 2130 3507 ditas
2164 3466 2283 3505 mea
2315 3452 2548 3506 mihi"?
2585 3472 2605 3505 ι
2636 3452 2734 3507 has
2769 3452 2937 3522 igitur
2958 3454 3030 3508 ob
3064 3469 3151 3509 res
3176 3458 3372 3511 merito
3406 3458 3564 3512 dein-

1986 3557 2116 3613 ceps
2161 3542 2441 3614 adjungit:
2483 3562 2502 3594 ι
2534 3542 2601 3597 Et
2644 3543 2778 3605 dixi,
2811 3543 2929 3599 Non
2975 3561 3194 3616 pascam
3230 3564 3364 3614 vos;
3413 3550 3560 3619 quod

1985 3637 2238 3699 moritur,
2283 3636 2569 3703 moriatur,
2596 3643 2652 3691 et
2680 3635 2827 3706 quod
2854 3636 3059 3702 deficit,
3093 3638 3332 3705 deficiat,
3365 3650 3418 3695 et
3438 3656 3561 3713 qua:

1987 3726 2195 3797 reliqua
2231 3734 2360 3782 sunt
2383 3727 2666 3794 devorent,
2698 3729 3078 3799 unusquisque
3099 3745 3292 3787 carnes
3321 3734 3559 3803 proximi

1987 3819 2126 3872 sui.»
2164 3818 2294 3874 Post
2325 3834 2448 3890 qua:
2473 3820 2697 3889 subjicit
2722 3839 2735 3875 :
2776 3839 2794 3871 ‹
2822 3820 2888 3874 Et
2905 3823 3116 3891 capiam
3145 3824 3354 3895 virgam
3382 3841 3558 3880 meam

1984 3909 2291 3979 pulchram,
2315 3917 2369 3963 et
2390 3910 2643 3979 abjiciam
2680 3924 2855 3965 eam.)
2896 3909 3003 3965 Pro
3039 3927 3149 3981 quo
3175 3911 3403 3982 Aquila:
3460 3913 3558 3970 «Et

1985 4004 2196 4073 accepi,
2231 4002 2428 4069 inquit,
2487 4002 2695 4069 virgam
2751 4018 2949 4069 meam,
2983 4002 3258 4070 decorem,
3291 4014 3347 4060 et
3377 4006 3557 4063 excidi

1986 4093 2156 4160 illam,
2192 4114 2213 4145 ο
2252 4093 2541 4148 Ilosaicam
2604 4093 2856 4149 videlicet
2930 4094 3325 4152 adorationem.
3413 4096 3558 4170 Ergo

1984 4186 2160 4256 prima
2194 4184 2413 4255 quidem
2466 4185 2620 4256 virga
2653 4184 2813 4241 initio
2859 4187 3150 4252 sermonis,
3194 4189 3375 4259 prima
3424 4191 3557 4245 item

296 4275 497 4344 ῥάϐδον
524 4275 622 4345 τὴν
643 4274 901 4346 δευτέραν
919 4274 980 4328 τὸ
998 4273 1397 4346 σχοίνισμα,τοῦ
1414 4274 1763 4328 διασκεδάσαι
1783 4273 1881 4345 τὴν

1989 4292 2105 4347 quae
2154 4276 2438 4346 frangatur
2491 4285 2547 4332 et
2597 4276 3066 4346 abjiciatur,.fore
3107 4281 3330 4336 dicitur.
3383 4280 3555 4358 884,

294 4365 577 4436 Διαθήκην
597 4365 700 4419 ἀνὰ
715 4366 876 4436 μέσον
893 4366 1061 4420 Ἰούδα
1074 4368 1167 4420 καὶ
1189 4365 1291 4420 ἀνὰ
1320 4366 1483 4439 μέσον
1504 4366 1739 4438 Ἰσραήλ·
1757 4366 1879 4419 ικαὶ

1989 4368 2121 4425 Cum
2153 4379 2335 4426 autem
2368 4371 2605 4441 pretium
2638 4371 2779 4440 ejus,
2833 4372 2927 4442 qui
2978 4373 3281 4430 aestimatus
3331 4383 3437 4440 est,
3500 4384 3556 4429 et

297 4458 601 4527 ἐπειδήπερ
622 4456 893 4529 ἀποϐολὴν
909 4457 1130 4512 ἐκείνων
1150 4458 1333 4528 σαφῶς
1350 4459 1438 4513 διὰ
1453 4458 1658 4513 τούτων
1681 4457 1878 4527 όλόγος

1989 4476 2087 4533 pro
2135 4477 2202 4517 eo
2255 4469 2543 4532 argentum
2586 4462 2854 4533 proditori
2906 4471 3211 4534 erogatum,
3248 4465 3553 4535 projectum

294 4548 593 4621 ἐμήνυσεν,
622 4549 844 4612 eum;
876 4548 1001 4620 ἑξῆς
1038 4550 1212 4603 οὐκέτ’
1247 4550 1444 4614 αὐτοὺς
1477 4548 1873 4620 ὲπιγνώσεσθαι

294 4640 398 4712 τὴν
427 4640 539 4694 τῶν
573 4642 1060 4713 προρητευομένων
1097 4642 1319 4712 δύναμιν
1362 4660 1545 4713 φησιν,
1577 4642 1712 4697 ἀλλὰ
1748 4644 1875 4706 τοὺς

296 4733 658 4798 Χαναναίους,
680 4733 877 4801 λέγων’
913 4750 930 4783 ι
962 4733 1070 4786 Kal
1096 4732 1391 4801 γνώσονται
1420 4736 1469 4790 οί
1495 4735 1782 4791 Χαναναῖοι
1805 4733 1878 4789 τὰ

299 4825 548 4896 πρόϐατα
594 4824 665 4878 τὰ
708 4824 1089 4895 φυλασσόμενά
1136 4843 1247 4897 μοι,
1283 4826 1418 4881 διότι
1465 4826 1619 4896 λόγος
1667 4827 1873 4900 Κυρίου

298 4917 437 4971 ἐστί.
481 4937 499 4969 ι
539 4919 695 4980 Τίνες
725 4917 768 4969 δ’
803 4917 869 4972 ἂν
901 4913 1010 4972 εἷεν
1038 4920 1088 4973 οἱ
1114 4920 1406 4975 Χαναναῖοι
1434 4919 1547 4972 ἀλλ’
1575 4919 1607 4991 ἢ
1639 4921 1799 4991 ἡμεῖς
1824 4920 1875 4972 οἰ

298 5011 430 5081 πρὶν
455 5008 762 5079 ἀλλόφυλοι,
780 5012 883 5064 ’καὶ
903 5010 961 5078 ἐξ
984 5012 1238 5068 ἁπάντων
1258 5013 1366 5066 τῶν
1394 5012 1560 5069 πάλαι
1584 5010 1760 5066 ἀθέων
1784 5012 1880 5066 καὶ

298 5100 515 5155 ἀσεϐῶν
542 5101 709 5156 ἐθνῶν
741 5103 987 5174 πρόϐατα
1016 5104 1093 5175 τῷ
1123 5103 1342 5176 Χριστῷ
1369 5104 1799 5177 πεφυλαγμένοις
1827 5106 1876 5160 οἶ

296 5193 395 5247 καὶ
418 5192 512 5247 διὰ
533 5197 634 5266 τῆς
664 5194 829 5250 αὐτοῦ
857 5196 1079 5267 χάριτος
1110 5195 1579 5267 μεταϐεϐλήμεθα,
1602 5198 1699 5251 καὶ
1746 5214 1875 5250 συν-

297 5285 452 5350 έντες
500 5287 570 5341 τὰ
604 5287 1023 5359 τεθεσπισμένα,
1051 5287 1252 5357 γνῶσιν
1276 5286 1451 5360 ἀληθῆ
1474 5288 1569 5342 τοῦ
1598 5288 1756 5358 λόγου
1778 5288 1873 5343 τοῦ

298 5377 508 5448 Κυρίου
550 5378 869 5450 εἰλήφαμεν,
899 5381 1180 5452 Ἔγνωμέν
1219 5397 1279 5434 τε
1314 5381 1473 5452 ἡμεῖς
1499 5381 1547 5433 οἱ
1580 5382 1874 5436 Χαναναῖοι

296 5468 394 5524 καὶ
427 5471 635 5540 συνῆκα
642 5488 739 5542 μεν
782 5471 851 5527 τὰ
879 5472 1207 5543 δηλούμενα·
1237 5473 1336 5528 οὐκ
1382 5472 1624 5544 ἔγνωσαν
1654 5472 1712 5527 δὲ
1752 5474 1873 5529 οὐδὲ

297 5561 542 5632 συνῆκαν
580 5564 627 5615 οῖ
656 5563 747 5617 τὸν
785 5565 999 5638 Ἰσραὴλ
1032 5566 1320 5638 αὐχοῦντες
1352 5567 1447 5621 καὶ
1477 5567 1569 5621 ἐπὶ
1599 5565 1677 5639 τῷ
1705 5568 1873 5641 σπέρ-

1980 4561 2064 4609 est
2094 4554 2152 4608 in
2209 4553 2433 4609 domum
2469 4552 2686 4609 Domini
2716 4562 2976 4625 tanquam
3009 4555 3066 4608 in
3096 4553 3395 4620 fornacem,
3432 4564 3552 4612 tum

1981 4659 2113 4700 vero
2165 4645 2330 4700 etiam
2389 4661 2452 4701 ea
2508 4661 2631 4715 quae
2686 4646 2753 4699 ad
2788 4648 3015 4701 alteram
3050 4646 3277 4717 virgam,
3312 4648 3415 4703 hoc
3444 4656 3551 4714 est,

1982 4753 2105 4810 quae
2153 4737 2222 4791 ad
2254 4738 2569 4793 universam
2601 4746 2816 4808 gentem
2868 4738 3166 4807 pertinent,
3212 4737 3343 4808 quid
3373 4738 3553 4794 latura

1984 4831 2097 4886 sint
2128 4829 2277 4897 mali,
2309 4828 2627 4900 prophetice
2659 4827 2970 4882 declaratur
2996 4827 3051 4881 in
3076 4828 3183 4881 illis
3208 4828 3419 4883 verbis:
3446 4849 3464 4882 ι
3486 4828 3553 4885 Et

1985 4924 2160 4994 abjeci
2195 4925 2403 4994 virgam
2428 4924 2677 4982 alteram,
2714 4921 3019 4977 funiculum
3066 4920 3135 4974 ad
3170 4921 3553 4994 dissipandum

1979 5023 2367 5071 testamentum
2397 5015 2539 5071 inter
2570 5011 2768 5068 Judam
2801 5023 2855 5068 et
2904 5012 3073 5070 Israel
3096 5033 3110 5068 :
3137 5033 3156 5067 ι
3206 5023 3260 5068 et
3291 5012 3547 5083 quoniam

1982 5108 2203 5162 illorum
2233 5106 2589 5176 rejectionem
2623 5105 2710 5159 his
2740 5103 2929 5161 verbis
2961 5105 3120 5173 plane
3153 5104 3435 5159 oraculum
3464 5102 3551 5157 in-

1980 5196 2206 5259 dicavit,
2267 5196 2464 5251 merito
2512 5193 2770 5264 deinceps
2816 5208 2926 5247 non
2984 5194 3218 5264 amplius
3270 5193 3392 5247 illos
3436 5193 3549 5248 vim

1980 5289 2393 5361 prephetiarum
2449 5286 2828 5341 intellecturos
2892 5283 3147 5351 allirmat,
3204 5287 3299 5342 sed
3332 5285 3549 5341 Chana-

1982 5398 2153 5447 ηεροδ,
2184 5383 2267 5438 sic
2300 5382 2526 5436 dicens:
2564 5377 2662 5433 «Et
2688 5386 3026 5448 cognoscent
3069 5378 3386 5444 Chananaai,
3419 5392 3549 5436 oves

1978 5491 2102 5549 qua:
2132 5473 2527 5530 custodiuntur
2562 5471 2719 5531 mihi.
2747 5471 2894 5540 quod
2925 5471 3151 5526 verbum
3171 5470 3383 5526 Domini
3402 5480 3545 5527 est.)

1975 5569 2269 5632 Caeterum,
2311 5566 2405 5636 qui
2456 5564 2674 5620 tandem
2727 5562 2820 5618 alii
2865 5560 3070 5618 fuerint
3127 5562 3181 5618 bi
3226 5562 3544 5625 Chanana-i,

1974 5675 2138 5735 quam
2164 5674 2267 5715 nos
2290 5658 2437 5731 ipsi?
2463 5658 2554 5729 qui
2586 5657 2743 5730 prius
2775 5659 2937 5716 alieni
2976 5673 3219 5727 eramus,
3260 5668 3312 5714 et
3354 5657 3446 5729 qui
3478 5669 3546 5712 ex
