4100 6474
554 324 651 384 7S!

1171 352 1175 357 ·
1221 329 1493 388 EUSEBII
1530 332 2016 396 CIESARIENSIS
2053 337 2203 400 OPP.
2244 341 2430 400 PARS
2466 347 2530 403 ll.
2571 380 2642 391 —-
2672 350 3174 413 APOLOGETICA.

3680 360 3844 419 '75!

548 444 824 502 univerle
854 445 983 501 olim
1006 446 1253 518 profanis
1279 458 1442 523 atque
1488 454 1671 526 impiis
1691 459 1969 527 gentibus,
2003 476 2137 517 oves
2181 461 2403 520 Clu-isto
2437 470 2694 526 custoditi
2719 474 2947 530 smnus?
2989 477 3083 546 qui
3130 478 3296 534 etiam
3333 480 3609 538 beneflcio
3683 482 3839 541 illius

545 553 738 595 sumus
766 540 1058 605 immutati,
1088 548 1144 599 et
1173 542 1292 614 ipsa
1321 547 1579 601 vaticinia
1607 551 1996 620 prophetarum
2092 554 2475 627 intelligentes,
2513 562 2878 632 cognitionem
2938 540 3122 624 veram
3185 572 3338 627 verbi
3398 571 3632 630 Domini
3675 592 3839 633 acco-

544 632 749 704 pimus.
792 631 959 688 Iidem
1006 650 1108 691 nos
1153 638 1247 708 qui
1287 654 1480 697 sumus
1507 640 1823 713 Chananzei,
1878 649 2136 704 novimus
2173 656 2335 720 atque
2367 654 2735 711 intelleximus
2758 673 2823 713 ea
2858 675 2981 730 qua:
3003 662 3281 719 dicuntur.
3348 664 3471 722 Non
3537 674 3841 723 noverunt

544 732 728 780 autem
766 742 943 797 neque
992 726 1401 802 intellexerunt,
1468 737 1563 807 qui
1594 739 1821 794 nomine
1878 738 2049 796 Israel
2116 744 2444 815 gloriantur,
2486 758 2536 803 et
2593 751 2685 822 qui
2745 726 2931 809 semen
2976 756 3209 815 Abrahae
3231 759 3446 831 jactare
3509 778 3841 820 consueve-

541 828 690 875 runt.

739 934 781 986 Α
811 934 1065 990 Ieremia.
1092 967 1160 979 -—
1184 937 1319 994 Item
1345 940 1410 996 de
1435 940 1582 1000 Iuda
1612 945 1946 1001 nominatim.

616 1068 635 1100 ι
664 1048 959 1106 Peccatum
992 1050 1130 1106 Juda
1157 1054 1420 1125 scriptum
1444 1064 1529 1113 est
1554 1060 1694 1131 stylo
1724 1059 1901 1118 ferreo
1930 1063 1983 1118 in
2015 1081 2119 1119 un-

536 1157 639 1212 gue
668 1143 1038 1211 adamantino,
1073 1153 1360 1201 exaratum
1384 1163 1549 1219 super
1564 1151 1907 1209 latitudinem
1932 1156 2115 1219 cordis

533 1234 673 1302 ejus,
714 1244 768 1289 et
819 1234 873 1288 in
927 1235 1189 1291 cornibus
1250 1237 1506 1297 altarium
1579 1253 1909 1299 vestrorum.
1975 1244 2113 1300 Cum

532 1312 805 1399 recordati
860 1325 1063 1382 fuerint
1120 1326 1218 1382 ﬁlii
1272 1345 1462 1385 eorum
1508 1347 1730 1388 ararum
1797 1351 2021 1392 suarum
2059 1348 2113 1394 et

533 1420 784 1485 lucorum
814 1433 1041 1473 suorum
1082 1421 1135 1474 in
1168 1420 1318 1492 ligno
1358 1423 1530 1479 denso
1554 1432 1609 1480 et
1642 1426 1700 1481 in
1745 1429 1978 1486 collibus
2015 1448 2112 1487 ex-

529 1512 714 1573 celsis,
751 1511 923 1566 robur
980 1522 1137 1567 tuum
1192 1523 1246 1569 et
1289 1530 1483 1572 omnes
1534 1517 1826 1577 thesauros
1871 1529 1997 1578 tuos
2052 1525 2109 1580 in

528 1603 886 1675 direptionem
918 1603 1083 1670 dabo,
1122 1615 1176 1663 et
1207 1608 1423 1663 excelsa
1448 1617 1541 1664 tua
1571 1611 1626 1665 in
1659 1624 1884 1682 peccato
1916 1615 1970 1670 in
1990 1632 2109 1671 om-

537 1694 708 1749 nibus
734 1693 936 1751 ﬁnibus
969 1700 1101 1761 tuis,
1129 1704 1184 1753 et
1212 1698 1517 1768 privaberis
1549 1709 1603 1757 et
1633 1703 2012 1762 li'umiliaberis
2040 1709 2107 1763 ab

524 1782 863 1852 haereditate,
898 1801 1061 1857 quam
1108 1786 1232 1843 dedi
1298 1789 1419 1855 tibi,
1461 1798 1518 1845 et
1571 1794 1902 1850 transferam
1954 1809 2006 1852 te
2037 1798 2105 1852 ad

524 1876 782 1933 inimicos
821 1885 946 1934 tuos
981 1878 1037 1932 in
1065 1887 1266 1934 terram
1297 1897 1462 1952 quam
1493 1899 1604 1939 non
1630 1887 1773 1941 nosti
1799 1904 1817 1954 ;
1845 1890 2104 1958 quoniam

523 1969 670 2039 imis
702 1985 970 2026 accensus
1003 1978 1088 2025 est
1120 1970 1177 2026 in
1207 1972 1394 2030 furore
1424 1990 1564 2042 meo,
1605 1993 1782 2049 usque
1832 1979 1887 2039 in
1923 1997 2100 2037 saecu-

521 2058 635 2115 lum
662 2061 873 2117 ardebit
892 2063 991 2116 ⁸ο.»
1019 2061 1258 2120 Tametsi
1303 2066 1417 2123 haec
1448 2084 1557 2124 non
1589 2070 1730 2141 apud
1754 2070 1928 2139 LXX,
1958 2083 2101 2130 atta-

518 2170 643 2210 men
681 2156 737 2211 in
768 2155 1039 2214 Hebraico
1083 2161 1230 2214 nacti
1262 2169 1428 2232 atque
1458 2161 1513 2217 in
1556 2165 1896 2235 reliquorum
1931 2169 2101 2223 inter-

517 2253 735 2316 pretum
784 2248 1143 2317 editionibus,
1191 2250 1321 2306 item
1362 2252 1417 2306 in
1459 2254 1916 2324 exquisitioribus
1956 2275 2096 2331 quo-

518 2350 624 2404 que
658 2336 907 2406 ipsorum
961 2336 1106 2392 LXX
1148 2342 1560 2411 exemplaribus
1589 2359 1714 2399 cum
1747 2348 2094 2417 appositione

516 2429 879 2498 stellularum,
917 2430 1083 2503 485
1116 2433 1432 2490 necessario
1459 2451 1524 2491 ea
1554 2438 1930 2508 apposuimus,
1975 2452 2124 2503 tan-.

514 2536 678 2591 quam
711 2538 775 2577 ea
807 2539 928 2593 qua:
951 2525 1276 2579 nominatim
1308 2527 1488 2598 ipsum
1533 2529 1871 2599 proditorem
1895 2531 2093 2590 Judam

514 2610 839 2681 signiﬁcent,
885 2622 941 2667 et
972 2622 1258 2685 peccatum
1305 2619 1452 2688 quod
1483 2620 1553 2674 ab
1596 2621 1690 2676 illo
1727 2624 2090 2681 commissum

510 2709 616 2765 est,
684 2701 802 2758 ﬁeri
853 2720 960 2760 non
1015 2721 1177 2776 posse
1220 2717 1281 2763 ut
1325 2725 1563 2781 unquam
1616 2714 1919 2770 aboleatur.
1976 2716 2089 2774 Hoc

507 2795 655 2872 enim
702 2796 838 2851 mihi
881 2797 1097 2854 videtur
1164 2801 1476 2871 signiﬁcare
1531 2805 1700 2862 illud:
1747 2826 1765 2859 ι
1796 2807 2086 2867 Peccatum

506 2881 645 2939 Iuda
680 2887 943 2958 scriptum
976 2897 1061 2945 est
1109 2893 1249 2963 stylo
1279 2891 1458 2950 ferreo
1501 2895 1556 2950 in
1601 2914 1781 2968 ungue
1824 2900 2088 2957 adaman-

507 2976 682 3031 tino.»
727 2976 993 3034 Poterunt
1026 2980 1157 3036 item
1184 2980 1378 3038 referri
1426 2984 1493 3039 ad
1538 2986 1849 3042 universam
1895 2987 2085 3044 Judai—

504 3084 626 3124 cam
674 3081 913 3143 gentem,
963 3074 1167 3145 quibus
1230 3075 1491 3148 deinceps
1537 3079 1659 3150 ipso
1709 3081 1903 3138 ordine
1960 3093 2085 3154 post

504 3162 748 3232 ipsorum
795 3166 977 3221 scelus
1028 3166 1344 3234 indelebile,
1399 3180 1727 3238 extremam,
1765 3191 1888 3245 qua:
1929 3176 2081 3246 ipsos

501 3257 759 3327 punitura
789 3265 894 3325 est,
924 3259 1222 3328 perniciem
1254 3263 1663 3328 interrninatnr,
1707 3281 1828 3335 qua:
1858 3283 1966 3322 non
1995 3278 2080 3323 est

499 3364 647 3404 nunc
680 3350 959 3419 sigillatim
1015 3351 1082 3405 ad
1123 3352 1351 3417 verbum
1393 3352 1788 3425 interpretandi
1838 3366 2074 3428 tempus.

501 3440 604 3496 Sed
638 3443 858 3512 quando
888 3451 999 3497 tam
1036 3445 1209 3500 multa
1238 3445 1508 3503 hactenus
1537 3447 1606 3504 de
1639 3464 1725 3517 eo,
1756 3450 1852 3522 qui
1885 3448 2076 3506 Salva-

496 3541 668 3589 torem
705 3548 767 3588 ac
797 3533 1085 3591 Dominum
1115 3545 1365 3592 nostrum
1400 3547 1519 3594 erat
1550 3541 1889 3611 proditurus,
1922 3542 2076 3597 aliis-

497 3640 603 3696 que
649 3626 744 3696 qui
800 3625 879 3681 illi
926 3627 1160 3685 insidias
1188 3628 1389 3685 facturi
1418 3640 1599 3697 erant,
1633 3631 1899 3691 divinitus
1926 3650 2068 3706 pra:-

495 3718 642 3771 dicta
693 3720 1083 3789 exposuimus:
1138 3731 1359 3793 tempus
1402 3723 1515 3794 jam
1568 3723 1736 3780 fuerit
1790 3743 1914 3798 quae
1962 3728 2070 3784 sub

493 3810 669 3878 ipsam
727 3810 974 3879 ejusdem
1023 3814 1341 3884 passionem
1393 3823 1658 3872 eventura
1719 3818 1960 3886 fuerunt,
2012 3832 2073 3876 ut

493 3903 623 3959 item
673 3902 945 3960 divinitus
975 3922 1071 3977 per
1110 3908 1406 3978 prophetas
1447 3910 1771 3969 denuntiata
1814 3916 1944 3983 sint,
1982 3920 2068 3973 in-

491 3996 651 4051 tueri.

488 4110 566 4162 Ab
596 4111 777 4187 Amos.
809 4140 879 4151 --
911 4110 987 4187 De
1014 4113 1142 4167 solis
1168 4112 1392 4187 defectu,
1421 4118 1511 4187 qui
1533 4116 1588 4171 in
1618 4118 1734 4187 ipsa
1766 4118 2067 4179 Saluatoris

556 4182 725 4263 nostri
754 4184 1030 4263 .paasiane
1072 4182 1303 4253 accidit,
1356 4197 1407 4240 et
1433 4182 1520 4242 'de
1552 4182 1789 4247 extremo
1818 4190 2067 4250 Judaiea:

553 4262 722 4322 genus
747 4262 982 4307 interitu.

558 4447 576 4480 ι
612 4427 768 4484 Jurat
799 4428 1063 4487 Dominus
1109 4433 1164 4487 in
1222 4434 1536 4504 superbiam
1574 4433 1766 4503 Jacob,
1820 4440 1866 4496 si
1923 4442 2068 4496 obli-r

480 4520 720 4576 viscetur
751 4522 803 4576 in
840 4522 1126 4579 victoriam
1170 4528 1356 4580 omnia
1388 4543 1553 4599 opera
1580 4538 1783 4595 vestra,
1814 4538 1869 4586 ct
1897 4548 2063 4603 super

477 4614 566 4670 bis
594 4631 703 4670 non
732 4615 1043 4671 turbabitur
1070 4624 1250 4682 terra,
1288 4627 1341 4674 et
1381 4621 1587 4692 lugebit
1624 4625 1804 4679 omnis
1835 4625 1927 4695 qui
1961 4626 2059 4682 ha-

478 4706 613 4761 bitat
637 4707 692 4762 in
722 4723 807 4776 ea,
836 4716 891 4764 et
923 4708 1183 4765 ascendet
1210 4713 1370 4781 quasi
1396 4712 1597 4770 [invius
1626 4716 2053 4781 consummatio,

474 4805 529 4852 et
557 4797 852 4855 descendet
897 4801 1057 4871 quasi
1116 4798 1317 4858 ﬂuvius
1350 4802 1596 4875 Egypti,
1641 4812 1696 4860 et
1746 4805 1849 4860 erit
1879 4806 1935 4860 in
1967 4807 2056 4863 die

475 4888 590 4955 illa,
620 4889 757 4947 dicit
783 4890 1072 4959 Dominus,
1106 4893 1320 4951 occidet
1350 4896 1432 4950 sol
1466 4896 1524 4950 in
1549 4897 1794 4961 meridie,
1815 4905 1869 4953 et
1900 4898 2055 4954 obte-

2148 959 2195 1014 Α
2234 952 2369 1007 Ἀπὸ
2387 954 2493 1009 τοῦ
2510 955 3003 1035 Ἱερεμίου.έ-Ἕτι
3016 962 3151 1030 περὶ
3165 963 3270 1018 τοῦ
3287 965 3475 1020 Ἰούδα
3489 969 3836 1040 ὀνομαστί.

2307 1085 2324 1117 ι
2363 1067 2419 1120 Ἀ
2429 1070 2632 1140 μαρτία
2674 1070 2843 1126 Ἰούδα
2864 1074 3189 1148 γέγραπται·
3205 1078 3264 1131 ἐν
3287 1082 3535 1153 γραφείῳ
3581 1083 3835 1157 σιδηρῷ,

2218 1159 2275 1211 ἐν
2295 1158 2447 1230 ὄνυχι
2471 1160 2835 1236 ἀδαμαντίνῳ,
2863 1166 3313 1244 ἐγκεκολαμμένη
3334 1172 3427 1226 ἐπὶ
3451 1173 3548 1228 τοῦ
3578 1176 3835 1248 στήθους

2214 1248 2315 1319 τῆς
2347 1250 2573 1322 καρδίας
2606 1253 2791 1319 αὑτοῦ,
2824 1258 2917 1310 καὶ
2964 1262 3075 1323 τοῖς
3122 1261 3314 1335 κέρασι
3361 1265 3472 1318 τῶν
3509 1266 3835 1343 θυσιαστη-

2216 1340 2347 1411 ρίων
2381 1342 2557 1413 ἡμῶν.
2598 1340 2790 1400 Ἦνίκα
2833 1348 3254 1422 ἀναμνησθῶσιν
3292 1356 3344 1407 οί
3388 1358 3494 1411 υἱοὶ
3528 1360 3731 1413 αὐτῶν
3756 1340 3829 1417 τά

2214 1433 2578 1509 θυσιαστήρια
2623 1439 2823 1507 αὐτῶν,
2853 1443 2947 1495 καὶ
2988 1442 3060 1497 τὰ
3095 1445 3232 1518 ἄλση
3280 1448 3459 1503 αὐτῶν
3497 1453 3594 1505 ἐπὶ
3653 1452 3827 1518 ξύλου

2209 1527 2399 1592 δασέος
2421 1569 2437 1594 ,
2485 1531 2578 1584 καὶ
2617 1531 2711 1586 ἐπὶ
2759 1533 2962 1604 βουνῶν
3010 1536 3320 1611 μετεώρων,
3353 1541 3505 1613 ἰσχύν
3558 1562 3666 1599 σου
3724 1547 3825 1602 καὶ

2210 1621 2419 1687 πάντας
2444 1626 2571 1689 τοὺς
2613 1623 2921 1699 θησαυρούς
2944 1644 3038 1681 σου
3070 1633 3152 1694 εἰς
3185 1635 3463 1705 προνομὴν
3490 1635 3687 1701 δώσω,
3722 1641 3826 1693 καὶ

2206 1713 2275 1767 τὰ
2297 1714 2480 1787 ὑψηλά
2501 1733 2593 1769 σου
2622 1719 2681 1771 ἐν
2706 1719 2950 1792 ἁμαρτίᾳ
2974 1723 3032 1774 ἐν
3058 1724 3193 1776 πᾶσι
3217 1729 3325 1789 τοῖς
3347 1726 3516 1798 ὁρίοις
3542 1745 3671 1783 σου.
3703 1731 3822 1786 Καὶ

2206 1809 2576 1884 ἀφαιρεθήσῃ,
2604 1812 2698 1865 καὶ
2729 1814 3110 1888 ταπεινωθήσῃ
3138 1816 3246 1870 ἀπὸ
3276 1818 3378 1888 τῆς
3402 1819 3818 1891 κληρονομίας,

2203 1897 2273 1975 ἦς
2303 1902 2480 1957 ἔδωκά
2509 1919 2613 1970 σοι,
2651 1906 2745 1958 καὶ
2773 1905 3019 1960 ἀναϐιϐῶ
3043 1925 3102 1961 σε
3134 1911 3192 1962 ἐν
3215 1913 3328 1974 τοῖς
3365 1912 3583 1984 ἐχθροῖς
3613 1932 3720 1969 σου
3753 1917 3818 1971 ἐν

2201 1999 2270 2068 τῇ
2319 2000 2412 2069 γῇ,
2446 1999 2514 2072 ῆν
2557 1999 2656 2052 οὐκ
2697 1998 2901 2069 ἔγνως·
2944 2001 3029 2055 ὃτι
3070 2001 3182 2072 πῦρ
3224 2005 3560 2060 ἐκκέκαυται
3611 2010 3681 2062 ἐν
3732 2009 3819 2083 τῷ

2202 2090 2360 2163 θυμῷ
2390 2110 2514 2164 μου,
2538 2092 2644 2154 ἕως
2665 2093 2859 2158 αἰῶνος
2886 2094 3240 2167 καυθήσεται.
3277 2118 3295 2149 ι
3329 2100 3393 2153 Εἰ
3419 2102 3513 2154 καὶ
3540 2103 3617 2175 μὴ
3650 2103 3816 2177 παρά

2199 2186 2313 2250 τοῖς
2341 2186 2758 2258 Ἑϐδομήκοντα,
2787 2187 2903 2241 ἀλλ’
2918 2183 3011 2242 οῦν
3036 2190 3092 2244 ἐν
3116 2189 3193 2262 τῷ
3217 2190 3489 2265 Ἐϐραῖκῶ
3504 2194 3692 2249 ταῦτα
3708 2196 3777 2249 εὑ
3806 2230 3816 2239 -

2201 2279 2404 2349 ρόντες,
2423 2279 2517 2333 καὶ
2538 2282 2595 2334 ἐν
2616 2282 2736 2344 ταῖς
2751 2279 2859 2333 τῶν
2875 2280 3078 2336 λοιπῶν
3109 2284 3463 2356 ὲρμηνευτῶν
3485 2286 3808 2354 ἐκδόσεσιν,

2204 2371 2287 2425 ἔτι
2327 2373 2434 2446 μὴν
2471 2372 2610 2445 μετά
2654 2373 3007 2447 παραθέσεως
3052 2376 3393 2447 ἀστερίσκων
3432 2380 3527 2432 καὶ
3569 2381 3635 2433 ἐν
3683 2384 3810 2445 τοῖς

2202 2464 2454 2537 ἀκριϐέσι
2487 2465 2596 2521 τῶν
2638 2466 2789 2538 παρά
2823 2469 2937 2531 τοῖς
2981 2466 3382 2540 Ἐϐδομήκοντα
3408 2471 3801 2544 ἀντιγράφοις,

2200 2559 2513 2629 ἀναγκαίως
2549 2559 2689 2614 αὑτά
2735 2558 3106 2633 παρεθέμεθα,
3135 2561 3230 2615 ἅτε
3268 2564 3362 2617 καὶ
3388 2563 3656 2634 ὀνομαστὶ
3702 2566 3801 2620 τὸν

2200 2653 2466 2726 προδότην
2535 2650 2702 2707 Ἰούδα
2754 2652 3036 2725 δηλοῦντα,
3090 2655 3185 2708 καὶ
3235 2654 3334 2727 τὴν
3383 2659 3799 2731 πεπραγμένην

2196 2745 2343 2818 αὐτῷ
2368 2746 2643 2819 ἁμαρτίαν
2669 2745 3052 2811 ἁνεξάλειπτον
3075 2742 3215 2803 εἶναι
3239 2748 3578 2804 διδάσκοντα.
3607 2751 3795 2805 Τοῦτο

2195 2839 2304 2912 γάρ
2346 2839 2678 2894 αἰνίττεσθαί
2728 2856 2816 2911 μοι
2856 2839 3006 2892 δοκεί
3051 2838 3131 2904 τὸ,
3190 2859 3209 2892 ι
3281 2842 3549 2913 Ἀμαρτία
3606 2843 3793 2899 Ἰούδα

2193 2932 2566 3005 ἐγγέγραπται
2614 2933 2671 2985 ἐν
2718 2932 2967 3005 γραφείῳ
3011 2932 3233 3006 σιδηρῷ,
3270 2937 3327 2988 ἐν
3353 2934 3504 3007 ὄνυχι
3535 2937 3788 3009 ἀδαμαν-

2189 3030 2341 3096 τίνῳ.
2382 3044 2402 3077 ι
2440 3024 2539 3097 Εἴη
2571 3024 2616 3078 δ’
2650 3024 2717 3079 ἂν
2761 3026 2855 3080 καὶ
2901 3026 2995 3079 ἐπὶ
3040 3027 3150 3079 πᾶν
3185 3026 3248 3079 τὸ
3306 3028 3577 3083 Ἰουδαίων
3620 3030 3795 3097 ἔθνος

2189 3117 2593 3190 ἀναφερόμενα,
2620 3111 2702 3181 οἷς
2732 3117 2858 3188 ἐξῆς
2898 3119 2993 3172 καὶ
3019 3118 3328 3184 ἀκολούθως
3356 3121 3492 3191 μετά
3517 3122 3620 3194 τὴν
3647 3124 3783 3177 ἀνε-

2190 3208 2472 3274 ξάλειπτον
2521 3210 2701 3264 αὐτῶν
2746 3210 3000 3264 ἀσέϐειαν
3047 3212 3138 3266 τὸν
3193 3212 3521 3284 μετελθόντα
3569 3216 3781 3280 αὐτοὺς

2186 3302 2413 3373 ἔσχατον
2461 3302 2682 3375 ὄλεθρον
2731 3305 2980 3359 ἀπειλεῖο
3035 3305 3178 3376 ἅπερ
3228 3307 3369 3361 κατὰ
3414 3308 3556 3375 λέξιν
3590 3312 3776 3383 ἑρμη-

2186 3396 2359 3451 νεύειν
2392 3396 2455 3449 οὐ
2483 3396 2580 3450 τοῦ
2623 3397 2892 3469 παρόντος
2914 3398 3174 3469 τυγχάνει
3208 3399 3423 3472 καιροῦ.
3471 3402 3630 3458 Ἀλλά
3659 3405 3781 3478 γὰρ

2182 3487 2451 3542 τοσούτων
2478 3489 2604 3560 περὶ
2635 3487 2729 3542 τοῦ
2759 3487 3055 3560 προδώσειν
3087 3490 3369 3562 μέλλοντος
3407 3492 3499 3548 τὸν
3532 3494 3777 3570 Σωτῆρα

2182 3580 2279 3634 καὶ
2308 3579 2512 3653 Κύριον
2541 3580 2717 3652 ἡμῶν,
2765 3580 2874 3634 τῶν
2922 3598 2982 3635 τε
3016 3582 3191 3647 ἄλλως
3232 3584 3769 3644 ἐπιϐεϐουλευκότων

2098 3684 2140 3742 c
2176 3672 2326 3745 αὑτῷ
2353 3672 2950 3745 προαναφωνηθέντων,
2991 3675 3182 3747 καιρὸς
3226 3676 3353 3730 ίδεῖν
3387 3680 3482 3732 καὶ
3508 3680 3578 3734 τὰ
3616 3682 3766 3753 ἀμφὶ

2173 3766 2236 3819 τὸ
2292 3764 2466 3829 πάθος
2522 3765 2691 3820 αὑτοῦ
2755 3765 3018 3837 μέλλοντα
3075 3768 3455 3840 συμϐήσεσθαι-
3501 3772 3763 3839 θεσπιζά-

2176 3873 2332 3928 μενα.

2182 4128 2326 4209 Ἀπρ
2343 4129 2448 4210 τοῦ
2464 4128 2757 4210 ’Ἀιίὼςππ
2767 4132 2907 4200 Περὶ
2924 4131 3041 4210 τῆς
3054 4133 3384 4210 amictu-ch
3407 4139 3519 4210 τοῦ
3546 4141 3753 4210 ἡλίου,

2239 4197 2353 4283 τῆς
2382 4200 2481 4254 ἐπὶ
2516 4197 2596 4283 τῷ
2631 4200 2806 4283 πάθει
2845 4197 2965 4283 rei!
2985 4197 3272 4283 ’Σωτῆροζ
3507 4197 3753 4283 γεγενῆί

2232 4268 2459 4348 ξένης,
2490 4271 2601 4348 καί
2620 4272 2763 4348 Δ,περὶ
2808 4274 2916 4327 τοῦ
2956 4268 3294 4343 παντελοῦς
3332 4268 3593 4348 Βλέθρὸιὶ
3638 4268 3754 4341 τόδ

2249 4341 2546 4395 Ἰουδαίων
2570 4343 2805 4410 ἔθνους.

2241 4451 2261 4485 ι
2307 4432 2526 4504 Ὀμνύει
2570 4434 2778 4506 Κύριος
2820 4434 2963 4489 κατά
3006 4437 3386 4510 ὑπερηφανίας
3432 4435 3655 4511 Ἰακὼϐ,
3696 4447 3748 4500 ει

2158 4522 2584 4597 ὲπιλησθήσεται
2627 4529 2708 4590 είς
2751 4530 2900 4592 νῖκος
2927 4530 3104 4584 πάντα
3136 4531 3205 4585 τὰ
3244 4531 3379 4604 ἔργα
3422 4534 3606 4607 ὑμῶν,
3649 4541 3746 4593 καὶ

2159 4615 2253 4669 ἐπὶ
2283 4615 2492 4681 τούτοις
2525 4617 2586 4670 οὐ
2608 4617 3011 4691 ταραχθήσεται
3042 4622 3075 4692 ἡ
3108 4621 3203 4692 γῆ,
3230 4624 3324 4676 καὶ
3349 4625 3607 4698 πενθήσει
3632 4632 3744 4694 πᾶς

2158 4710 2188 4762 ό
2216 4709 2486 4763 κατοικῶν
2519 4713 2578 4765 ἐν
2622 4712 2783 4784 αὐτῇ,
2815 4714 2907 4767 καὶ
2946 4713 3278 4787 ἀναϐήσεται
3307 4718 3387 4783 ὡς
3425 4721 3667 4792 ποταμὸς
3706 4725 3742 4796 ὴ

2158 4800 2455 4867 συντέλεια,
2500 4802 2594 4857 καὶ
2632 4804 3002 4877 καταϐήσεται
3032 4806 3109 4872 ὡς
3149 4810 3395 4882 ποταμὸς
3434 4812 3739 4883 Δίγύπτου.

2154 4894 2266 4948 Καὶ
2300 4893 2452 4948 ἔσται
2492 4897 2552 4949 ἐν
2582 4895 2766 4970 ἐκείνῃ
2790 4901 2857 4970 τῇ
2887 4901 3102 4972 ἡμέρᾳ,
3133 4901 3278 4972 λέγει
3325 4904 3549 4979 Κύριος,
3579 4908 3739 4964 δύσε-

468 4984 794 5041 nebrabitur
821 5001 989 5058 super
1020 4996 1220 5043 terram
1252 4987 1308 5042 in
1338 4990 1427 5044 die
1454 4989 1545 5044 lux
1570 5030 1586 5054 ,
1646 4997 1701 5045 et
1737 4998 2052 5046 convertam

2188 5003 2245 5041 αι
2274 4988 2305 5039 ό
2328 4986 2478 5058 ἥλιος
2512 4989 2881 5062 μεσημϐρίας,
2914 4992 3007 5045 καὶ
3036 4994 3359 5049 συσκοτάσει
3388 4998 3482 5051 ἐπὶ
3509 4999 3612 5071 τῆς
3634 5001 3739 5073 γῆς

470 5076 739 5131 solemnia
771 5087 953 5133 vestra
989 5078 1043 5132 in
1074 5076 1301 5146 luctum,
1336 5089 1389 5133 et
1412 5079 1595 5134 omnia
1623 5081 1837 5134 cantica
1868 5087 2051 5135 vestra

2186 5095 2214 5132 ν
2240 5049 2422 5152 ἡμέρᾳ
2449 5049 2526 5134 τὸ.
2707 5049 2817 5137 Kc).
2841 5049 3201 5156 μεταστρέψω
3233 5086 3334 5151 τὰς
3354 5049 3739 5163 ἑορτὰς-’ῦμᾶ

469 5150 888 5235 ἱιιισιῐιοηιυιιι,
922 5181 977 5227 et
1025 5171 1280 5227 inducam
1328 5186 1495 5242 super
1539 5187 1757 5228 omnem
1803 5172 2048 5228 lumbum

465 5273 714 5326 Saccnm,
752 5273 805 5319 et
845 5279 1009 5334 super
1039 5280 1203 5321 omne
1237 5272 1401 5336 caput
1430 5265 1723 5331 calvitiem,
1758 5274 1813 5321 et
1849 5281 2047 5336 ponam

2154 5173 2236 5234 είς
2265 5170 2480 5240 πένθος,
2522 5174 2618 5227 καὶ
2650 5173 2831 5240 πάσας
2869 5176 2970 5241 τάς
3003 5178 3148 5249 ᾠδὰς
3191 5179 3345 5251 ὑμῶν
3391 5184 3470 5247 είς
3499 5182 3733 5257 θρῆνονο

2156 5263 2255 5318 καὶ
2269 5264 2510 5319 ἀναϐιϐῶ
2543 5266 2636 5319 ἐπὶ
2664 5268 2844 5321 πᾶσαν
2872 5269 3041 5338 ὀσφὺν
3069 5270 3290 5339 σάκκον,
3315 5273 3410 5328 καὶ
3435 5275 3527 5329 ἐπὶ
3553 5277 3734 5333 πᾶσαν

464 5368 591 5410 eum
622 5361 883 5425 tanquam
906 5357 1113 5412 luctum
1151 5356 1362 5423 dilecti,
1400 5365 1455 5414 et
1482 5359 1575 5430 qui
1603 5372 1727 5413 cum
1758 5372 1825 5414 eo
1847 5358 2050 5414 fuerint

2183 5353 2393 5427 ,εφαλὴν
2453 5353 2835 5428 φαλάκρωμασ
2888 5360 2984 5412 κα).
3028 5359 3263 5433 θήσομαι
3316 5365 3479 5419 αὑτὸν
3540 5366 3734 5444 ὥσπερ

466 5454 727 5518 tanquam
761 5448 903 5502 diem
936 5449 1180 5506 doloris:
1206 5464 1333 5506 ecce
1356 5450 1474 5507 dies
1511 5450 1757 5518 veniunt,
1787 5449 1918 5505 dicit
1941 5448 2049 5507 Do-

464 5538 703 5628 minus“
723 5548 779 5593 et
816 5538 1026 5594 mittam
1083 5540 1280 5598 famem
1320 5546 1377 5597 in
1429 5551 1668 5609 terram,
1700 5557 1811 5598 non
1847 5541 2044 5599 famem

461 5631 641 5703 panis,
673 5645 848 5703 neque
886 5632 1035 5686 sitim
1067 5647 1238 5705 aquae,
1269 5634 1367 5690 sed
1398 5634 1596 5693 famem
1631 5634 1888 5693 audiendi
1923 5650 2048 5693 ver-

529 5812 574 5842 “
613 5809 723 5867 Jer.
759 5824 867 5864 xvu
893 5850 906 5875 ,
944 5810 1050 5865 l4.

2150 5449 2345 5513 πένθος
2380 5447 2667 5520 ἀγαπητοῦ
2685 5490 2700 5513 ,
2735 5450 2986 5517 καὶτοὺς
3031 5456 3151 5524 μετ’
3178 5455 3355 5510 αὑτοῦ
3389 5457 3466 5523 ὡς
3516 5461 3732 5535 ἡμέραν

2145 5540 2359 5613 ὀδύνης.
2419 5541 2549 5595 Ἰδοὺ
2588 5540 2790 5613 ἡμέραι
2834 5541 3118 5615 ἔρχονται,
3154 5547 3301 5618 λέγει
3343 5550 3583 5623 Κύριος,
3631 5553 3729 5612 καὶ

2146 5631 2492 5701 ἐξαποστελῶ
2514 5633 2672 5708 λιμὸν
2697 5636 2790 5689 ἐπὶ
2815 5634 2915 5709 τὴν
2952 5638 3076 5712 γῆν,
3114 5640 3175 5692 οὐ
3204 5639 3361 5712 λιμὸν
3391 5643 3579 5716 ἄρτου,
3603 5644 3727 5703 οὐδὲ
