4054 6408
293 372 387 428 755

1146 376 1805 437 DEMONSTRATIONI‘S
1852 379 2315 440 EVANGELICE
2355 377 2486 435 LIB.
2530 378 2599 435 Χ.

3418 358 3523 439 ττι

293 486 435 579 δίψαν
465 483 670 579 ῦδατος,
702 486 836 543 ἀλλά
865 490 1020 564 λιμὸν
1045 492 1141 547 τοῦ
1164 493 1398 549 ἀκοῦσαι
1428 495 1587 566 λόγον
1616 496 1843 571 Κυρίου.

1949 500 2079 553 bum
2100 494 2345 579 Domini,
2361 502 2415 552 et
2441 495 2928 552 commovebuntur
2953 511 3107 567 aquae
3136 511 3168 551 a
3190 495 3326 551 mari
3350 504 3524 566 usque

293 577 389 632 Kal
414 575 825 648 σαλευθήσονται
865 580 1033 638 ὕδατα
1064 583 1172 638 ἀπὺ
1204 584 1481 659 Θαλάσσης
1512 587 1617 653 ἕως
1648 586 1847 642 θαλάσ-

294 686 399 740 σης,
427 667 515 722 καὶ
552 668 662 723 ἀπὸ
709 669 882 744 βορρᾶ
926 674 1031 739 ἕως
1075 676 1350 732 ἀνατολῶν
1383 679 1846 753 περιδραμοῦνται

292 759 553 831 ζητοῦντες
574 761 665 816 τὸν
686 763 845 834 λόγον
863 767 1086 840 Κυρίου,
1114 770 1208 826 καὶ
1236 772 1298 825 οὐ
1328 772 1402 844 μὴ
1434 771 1653 847 εὕρωσι.
1687 794 1705 826 ι
1736 774 1847 847 Τὴν

291 854 418 907 κατά
444 851 533 906 τοῦ
566 854 821 927 Σωτῆρος
850 859 1005 930 ἡμῶν
1032 860 1190 935 ὓϐριν
1217 863 1309 918 καὶ
1347 865 1722 937 ὑπερηφανίαν
1751 866 1847 921 καὶ

287 945 654 1012 ἐπανάστασιν,
703 950 771 1021 ἢν
797 952 1173 1027 ἐπανέστησαν
1194 957 1343 1029 αὐτῷ
1360 958 1411 1012 oi
1431 960 1496 1013 ἐκ
1521 959 1843 1031 περιτομῆς,

289 1036 595 1102 θεσπίζουσα
623 1043 656 1112 ἡ
688 1043 940 1114 παροῦσα
971 1048 1277 1118 προφητεία
1298 1092 1312 1115 ,
1343 1050 1572 1121 ὀμνύναι
1614 1052 1707 1105 τὴν
1735 1052 1847 1106 Κύ-

288 1131 390 1203 ριόν
412 1149 538 1203 φησι
565 1134 686 1189 καθ’
709 1135 1086 1210 ὑπερηφανίας
1111 1140 1322 1208 Ἰακὼϐ,
1352 1142 1429 1207 ὡς
1456 1144 1518 1198 ού
1538 1144 1613 1217 μὴ
1638 1145 1848 1216 γένοιτο

284 1222 407 1296 λήθη
436 1223 541 1278 τῶν
575 1225 697 1280 κατ’
725 1228 893 1282 αὐτοῦ
932 1231 1354 1304 τετολμημένων
1389 1234 1607 1302 αὐτοῖς,
1640 1236 1734 1291 καὶ
1764 1238 1845 1292 ὅτι

283 1316 493 1381 πένθους
541 1317 668 1385 ἄξια
705 1319 950 1376 πείσεται
991 1325 1023 1395 ἡ
1085 1324 1154 1397 γῆ
1190 1324 1371 1379 αὐτῶν
1417 1326 1557 1398 μετά
1599 1328 1693 1382 καὶ
1735 1328 1846 1383 τῶν

279 1410 584 1482 οίκητόρων,
616 1414 709 1466 καὶ
738 1415 821 1468 ὃτι
850 1415 1027 1471 οὐκέθ’
1056 1417 1131 1482 ῶς
1162 1419 1223 1473 τὸ
1252 1420 1380 1490 πρὶν
1407 1422 1486 1484 είς
1515 1419 1688 1493 βραχὺ
1720 1439 1847 1476 παι-

279 1501 538 1568 δευθέντες
571 1499 727 1571 αὖθις
751 1507 1384 1582 ἀποκαταπαθὴσονται,
1414 1511 1529 1566 ἀλλ’
1561 1517 1642 1578 είς
1659 1515 1846 1568 συντέ-

277 1595 410 1651 λειαν
451 1598 518 1652 τά
570 1600 689 1654 κατ’
733 1602 932 1666 αὐτοὺς
967 1602 1108 1673 ἥξει.
1157 1623 1175 1656 ι
1218 1604 1570 1676 Ἀναϐἡσεται
1625 1606 1789 1676 γοῦν,
1818 1625 1838 1660 r

277 1692 443 1761 φησὶν,
473 1709 494 1743 ι
514 1693 594 1757 ὡς
622 1694 867 1764 ποταμὸς
893 1696 926 1767 ἡ
957 1695 1238 1750 συντέλεια
1270 1696 1507 1761 αύτῶν,ι
1540 1698 1642 1771 τὴν
1687 1697 1847 1753 ἐπελ-

274 1781 456 1837 θοῦσαν
484 1784 673 1849 αὐτοῖς
702 1785 807 1839 οὐδ’
840 1785 1028 1841 ἄλλοτε
1054 1787 1087 1859 ἡ
1121 1786 1262 1842 κατά
1289 1788 1392 1861 τὴν
1431 1788 1717 1860 Ῥωμαίων
1748 1788 1845 1859 βα-

274 1874 462 1929 σιλείαν
484 1877 679 1949 ὀργὴν,
710 1878 952 1950 ποταμὸν
977 1879 1383 1953 ἀναϐησόμενον
1407 1883 1495 1935 ἐπ’
1524 1882 1742 1948 αὐτοὺς,
1767 1882 1843 1948 ὡς

271 1968 323 2019 ὲν
351 1966 467 2037 ὓψει
497 1969 565 2022 τὸ
604 1970 733 2043 πρὶν
780 1971 972 2035 ὄντας,
1018 1973 1405 2045 αἰνιττόμενος.
1439 1974 1549 2028 Καὶ
1588 1974 1653 2047 δὴ
1702 1974 1843 2047 μετὰ

270 2057 358 2131 τὴν
384 2059 716 2133 δηλωθεῖσαν
744 2066 864 2118 κατ’
891 2063 1072 2118 αὐτῶν
1101 2068 1166 2119 ἐκ
1188 2066 1282 2120 τοῦ
1299 2066 1436 2121 Θεοῦ
1467 2067 1655 2141 ὀργὴν,
1684 2066 1844 2132 αὖθις

267 2150 329 2215 τὰ
373 2154 488 2206 κατ’
514 2153 723 2218 αὐτοὺς
762 2155 1085 2228 πράγματα,
1118 2175 1138 2209 ι
1175 2157 1251 2221 ὡς
1290 2158 1556 2230 ποταμὸς,
1595 2177 1614 2210 ι
1655 2160 1839 2229 φησὶν,

272 2260 292 2295 ι
320 2242 596 2312 Δίγύπτου
626 2245 1023 2317 καταϐήσεταιθ
1052 2267 1071 2299 ι
1099 2248 1164 2302 δι’
1209 2243 1285 2304 ὧν
1328 2244 1481 2321 οἶμαι
1529 2249 1839 2321 δηλοῦσθαι,

264 2332 338 2386 ὃτι
376 2333 441 2388 τὰ
477 2334 655 2390 πάλαι
700 2338 953 2409 μετέωρα
989 2339 1083 2393 καὶ
1120 2340 1271 2417 παρά
1312 2340 1431 2413 Θεῷ
1478 2342 1838 2414 τετιμημένα,

265 2426 351 2481 καὶ
377 2426 571 2502 ῶσπερ
598 2431 656 2484 ἐν
686 2430 811 2502 ὕψει
842 2433 1073 2505 κείμενα
1103 2435 1551 2508 πλεονεκτήματα
1576 2437 1672 2493 τοῦ
1709 2439 1839 2492 Ἰου-

263 2519 414 2574 δαίων
441 2521 654 2588 ἔθνους,
683 2524 845 2594 ὅμοια
871 2528 982 2590 τοῖς
1006 2529 1251 2598 ρευστοῖς
1277 2529 1372 2582 καὶ
1403 2528 1563 2601 δίκην
1592 2529 1840 2602 ποταμοῦ

263 2614 664 2685 παρατρέχουσι
690 2614 797 2669 τῶν
842 2616 1086 2671 ἀπίστων
1117 2618 1287 2673 ἐθνῶν
1331 2621 1621 2693 πράγμασι
1670 2639 1841 2675 καταε

264 2705 530 2775 στήσεται,
554 2707 658 2777 ἀφ’
678 2706 845 2778 ὕψους
868 2725 929 2762 τε
954 2710 1036 2773 είς
1056 2709 1313 2764 ταπεινὸν
1345 2714 1837 2786 περιτραπήσεται.

262 2789 365 2848 Εἶθ’
399 2796 523 2869 ἑξῆς
555 2798 776 2863 τούτοις
813 2799 953 2854 αύτά
984 2800 1047 2872 δὴ
1078 2799 1148 2855 τὰ
1183 2803 1328 2873 ἀμφὶ
1372 2803 1463 2858 τὸν
1506 2806 1697 2877 καιρὸν
1746 2807 1841 2862 τοῦ

262 2891 515 2962 σωτηρίου
548 2891 767 2957 ’πάθους
800 2893 1182 2964 συμϐεϐηκότα
1206 2894 1404 2967 δηλῶν·
1433 2913 1452 2947 ι
1484 2896 1570 2950 Ἐν
1598 2898 1835 2970 ἐκείνη,ι

261 2981 401 3050 φησὶ,
430 2985 537 3055 ιτῇ
580 2984 788 3057 ἡμέρᾳ,
821 2984 972 3055 λέγει
993 2985 1457 3059 Κύριος,δύσεται
1493 2991 1523 3043 ὁ
1551 2989 1699 3061 ἥλιος
1741 3006 1841 3062 με·

259 3071 543 3144 σημϐρίας,
583 3075 678 3131 καὶ
711 3079 1035 3133 συσκοτάσει
1067 3078 1161 3132 ἐπὶ
1190 3080 1289 3151 τῆς
1320 3080 1422 3153 γῆς
1459 3082 1517 3137 ἐν
1554 3084 1741 3156 ἡμέρᾳ⁸
1779 3083 1841 3137 τὸ

1947 589 2013 645 ad
2046 604 2214 651 mare.
2246 598 2301 646 et
2331 589 2401 644 ab
2428 587 2684 660 aquilone
2709 604 2883 660 usque
2920 589 2987 646 ad
3018 590 3285 645 orientem
3324 589 3523 644 circui-

1946 682 2084 739 bunt
2131 690 2438 753 quaerentes
2497 681 2722 737 verbum
2776 680 3025 747 Domini,
3078 692 3131 738 et
3195 697 3307 736 non
3366 678 3527 739 inve-

1946 774 2101 828 nient
2132 773 2201 829 ⁸¹.
2244 792 2263 826 ι
2297 771 2695 828 Contumeliam
2737 782 2793 827 et
2835 773 3146 844 superbiam
3188 779 3244 828 et
3283 772 3527 827 insolen-

1947 864 2080 922 tiam
2112 866 2378 921 adversus
2410 864 2749 920 Salvatorem
2782 871 3056 929 nostrum,
3090 880 3253 935 quam
3284 867 3340 918 in
3370 863 3526 918 illum

1946 958 2257 1014 excitarunt
2294 956 2488 1022 Judmi,
2514 957 2631 1013 haec
2670 957 2955 1028 prophetia
2987 956 3312 1027 priedicens,
3337 956 3527 1025 iurare

1947 1048 2237 1105 Dominum
2267 1049 2346 1104 ait
2397 1060 2588 1105 contra
2637 1049 2949 1121 superbiam
3000 1047 3189 1115 Jacob,
3222 1049 3389 1122 486
3414 1065 3526 1105 non

1945 1138 2185 1195 futuram
2207 1154 2330 1195 esse
2356 1138 2684 1196 oblivionem
2709 1155 2897 1196 eorum
2920 1179 2936 1205 ,
2972 1154 3093 1211 quae
3120 1146 3312 1196 contra
3346 1142 3526 1210 ipsum

1946 1232 2065 1288 ausi
2089 1232 2220 1297 sint,
2254 1230 2526 1304 dignaque
2558 1232 2709 1289 luctu
2741 1233 2885 1291 mala
2913 1248 3199 1306 passuram
3232 1250 3355 1291 esse
3377 1234 3527 1305 ipso-

1946 1337 2069 1377 rum
2119 1329 2342 1388 terram,
2392 1337 2501 1377 una
2529 1337 2655 1377 cum
2686 1322 3119 1389 habitatoribus,
3173 1339 3351 1394 neque
3383 1325 3527 1401 ultra

1946 1415 2089 1471 sicut
2141 1414 2316 1485 prius,
2354 1414 2449 1469 ubi
2509 1415 2747 1471 breviter
2775 1415 3053 1472 emendati
3116 1414 3342 1478 fuerint,
3403 1431 3527 1472 esse

1946 1507 2142 1563 iterum
2177 1506 2568 1573 restituendos,
2600 1506 2696 1564 sed
2722 1507 2780 1562 in
2816 1506 3367 1571 consummationem,
3406 1523 3528 1578 quae

1944 1598 2012 1653 ad
2045 1597 2196 1668 ipsos
2225 1604 2496 1668 spectant,
2528 1613 2652 1655 esse
2683 1607 2933 1655 ventura.
2958 1618 2978 1651 ι
3015 1596 3299 1670 Siquidem
3334 1613 3529 1655 ascen-

1944 1686 2054 1753 det,
2088 1688 2285 1759 inquit,
2322 1696 2382 1745 ut
2409 1689 2609 1745 ﬂuvius
2639 1691 3042 1747 consummatio
3070 1692 3312 1763 ipsorum
3347 1710 3360 1745 :
3397 1710 3418 1743 ι
3444 1692 3528 1747 sic

1946 1779 2135 1851 utique
2176 1782 2314 1837 iram
2364 1799 2487 1855 quae
2543 1784 2668 1840 illos
2720 1799 2831 1840 non
2879 1783 3016 1839 alias
3057 1799 3223 1855 quam
3264 1782 3527 1840 Romanis

1943 1875 2303 1946 regnantibus
2372 1876 2680 1942 invaserit,
2735 1891 2835 1947 per
2890 1875 3115 1931 ﬂuvium
3166 1891 3524 1932 ascensurum

1944 1981 2111 2037 super
2142 1982 2260 2033 eos,
2294 1967 2463 2023 veluti
2493 1967 2589 2040 qui
2620 1967 2776 2039 prius
2809 1967 2866 2023 in
2899 1966 3122 2025 sublimi
3153 1978 3522 2034 versarentur,

1944 2059 2284 2133 signiﬁcans.
2314 2058 2582 2131 Deinceps
2639 2068 2764 2132 post
2813 2060 2977 2126 hanc,
3032 2060 3101 2116 de
3152 2075 3261 2131 qua
3316 2060 3525 2116 dictum

1943 2162 2048 2220 est,
2078 2160 2273 2208 contra
2307 2153 2432 2210 illos
2477 2154 2780 2211 immissam
2823 2169 2854 2207 a
2885 2152 2994 2209 Deo
3032 2154 3191 2221 iram,
3227 2169 3423 2210 rursus
3452 2153 3526 2209 ad

1946 2245 2068 2302 illos
2098 2246 2404 2317 spectantia
2448 2247 2684 2316 negotia,
2718 2246 3069 2317 persequitur
3098 2264 3111 2301 :
3143 2263 3162 2297 ι
3203 2244 3275 2301 Ut
3302 2245 3523 2312 ﬂuvius,

1945 2336 2145 2407 inquit,
2183 2336 2410 2409 Egypti
2469 2336 2783 2392 descendet.
2826 2355 2845 2389 ι
2884 2335 3096 2402 Quibus
3122 2335 3305 2391 verbis
3357 2335 3527 2406 signi-

1943 2429 2094 2483 ﬁcari
2132 2429 2389 2495 arbitror,
2437 2445 2559 2500 qua:
2615 2430 2745 2484 olim
2796 2428 3050 2484 sublimia
3084 2437 3138 2482 et
3165 2427 3307 2499 apud
3357 2427 3525 2484 Deum

1941 2522 2277 2579 venerabilia
2309 2521 2533 2589 fuerint,
2557 2529 2613 2578 et
2643 2537 2766 2593 quae
2806 2523 2965 2592 quasi
2993 2521 3048 2576 in
3078 2520 3298 2576 sublimi
3334 2520 3527 2589 posita

1941 2613 2184 2675 Iudaica;
2220 2614 2400 2685 gentis
2457 2615 2825 2686 prazlationes,
2856 2629 2921 2669 ea
2956 2613 3156 2669 similia
3187 2619 3242 2668 et
3281 2610 3524 2675 ﬂuentis.

1942 2715 1998 2763 et
2052 2706 2220 2762 rebus
2269 2706 2552 2762 nationum
2607 2705 2713 2762 ﬁde
2770 2706 3112 2771 carentium,
3165 2705 3315 2760 tluvii
3352 2706 3533 2766 instar,

1942 2798 2276 2865 labentibus,
2309 2814 2432 2855 esse
2479 2798 2884 2864 constituenda,
2918 2813 2984 2854 ac
3026 2798 3094 2854 de
3136 2797 3443 2854 sublimiori
3469 2799 3524 2855 in

1945 2891 2178 2949 inferius
2225 2907 2348 2947 esse
2378 2891 2792 2963 praecipitanda.
2818 2890 3025 2947 Deinde
3077 2899 3200 2962 post
3255 2890 3369 2946 lucc
3407 2891 3543 2961 ipsa.

1943 2999 2065 3055 quae
2114 2984 2263 3038 dicta
2293 2992 2459 3049 sunt,
2511 2984 2632 3054 ipso
2686 2984 2879 3040 ordine
2911 2999 2976 3039 ea
3027 2999 3151 3054 quae
3193 2983 3295 3039 sub
3346 2984 3529 3054 ipsum

1946 3077 2207 3134 salutaris
2268 3078 2544 3148 passionis
2579 3086 2794 3148 tempus
2846 3078 3160 3143 evenerint,
3223 3080 3475 3148 aperiens
3505 3094 3527 3135 :

260 3164 392 3232 φῶς⁶
426 3187 444 3220 ι
478 3168 514 3223 ἃ
547 3171 651 3224 καὶ
690 3171 892 3241 ἐναργῆ
923 3172 1022 3243 τὴν
1058 3171 1282 3227 ἔκϐασιν
1326 3173 1570 3245 εἴληφεν,
1615 3164 1705 3229 ὅτε
1746 3177 1839 3230 τοῦ

1950 3185 1968 3217 ι
2010 3165 2067 3221 ln
2102 3167 2215 3233 illo,
2250 3167 2449 3239 inquit,
2479 3168 2592 3236 die,
2620 3168 2755 3223 dicit
2792 3166 3077 3236 Dominus,
3102 3168 3319 3225 occidet
3358 3172 3440 3225 sol
3469 3168 3528 3225 in

261 3254 501 3332 Σωτῆρος
534 3262 700 3341 ἡμῶν
734 3261 1076 3333 ὑψωθέντος,
1121 3263 1264 3318 κατά
1296 3265 1388 3319 τὸν
1425 3266 1836 3340 εύαγγελιστὴν,

266 3366 285 3400 ι
304 3349 407 3403 ἀπὸ
436 3351 606 3424 ἕκτης
631 3351 784 3423 ὥρας
812 3352 1004 3418 σκότος
1024 3354 1240 3424 ἐγένετο
1271 3355 1362 3408 ἐπὶ
1389 3356 1569 3413 πᾶσαν
1598 3357 1698 3430 τὴν
1737 3358 1840 3429 γῆν

257 3440 355 3506 ἕως
378 3442 528 3517 ῶρας
557 3444 826 3516 ἐννάτης·
877 3446 1003 3518 περὶ
1029 3445 1087 3500 δὲ
1124 3448 1221 3518 τὴν
1263 3447 1491 3520 ἐννάτην
1551 3446 1699 3520 ὥραν
1748 3449 1840 3502 ἀν-

259 3533 477 3606 εϐόησεν
527 3539 558 3591 6
634 3536 844 3605 Ἰησοῦς
890 3540 1040 3608 φωνῇ
1095 3538 1307 3612 μεγάλῃ
1328 3580 1344 3603 ,
1407 3539 1582 3612 λέγων
1600 3558 1619 3581 ’λ
1656 3540 1838 3605 Ἠλεὶ,

270 3627 426 3693 Ἠλεὶ,
445 3629 650 3703 λαμμᾶ
666 3629 1016 3702 σαϐαχθανί.»
1043 3630 1260 3686 Τούτων
1287 3633 1347 3687 δὲ
1383 3633 1574 3689 τοῦτον
1588 3635 1830 3689 ἐπιτελε-

257 3719 488 3776 σθέντων
507 3722 604 3776 τὸν
622 3722 847 3793 τρόπον,
872 3719 1001 3793 ἑξῆς
1032 3722 1288 3793 ἐπιλέγει·
1319 3726 1459 3779 «Καὶ
1482 3727 1843 3798 μεταστρέῲω

254 3806 347 3872 τὰς
372 3810 571 3883 ἑορτὰς
612 3810 773 3883 ὑμῶν
821 3814 900 3877 είς
932 3812 1155 3877 πένθος,
1194 3815 1287 3868 καὶ
1332 3815 1511 3879 πάσας
1552 3817 1651 3882 τὰς
1699 3816 1843 3889 ᾠδὰς

254 3898 400 3970 ὑμῶν
450 3904 534 3967 είς
591 3902 831 3975 θρῆνον·
878 3904 975 3957 καὶ
1022 3903 1267 3958 ἀναϐιϐῶ
1294 3905 1388 3959 ἐπὶ
1441 3908 1625 3971 πᾶσαν,
1666 3910 1843 3980 ὀσφὺν

254 3990 471 4061 σάκκον,
510 3996 610 4049 καὶ
645 3994 739 4047 ἐπὶ
791 3996 972 4049 πᾶσαν
1023 3995 1263 4068 κεφαλὴν
1314 3997 1692 4072 φαλάκρωμαο
1749 4003 1845 4057 καὶ

252 4079 483 4153 θήσομαι
514 4084 687 4138 αὑτὸν
706 4124 722 4146 ,
766 4082 956 4156 ῶσπερ
1003 4084 1201 4149 πένθος
1228 4087 1514 4160 ἀγαπητοῦ
1538 4129 1552 4151 ,
1587 4091 1681 4144 καὶ
1717 4093 1845 4156 τοὺς

253 4177 365 4251 μετ’
398 4175 595 4238 αὐτοῦ,
630 4176 709 4240 ῶς
738 4177 956 4248 ἡμέραν
996 4176 1206 4250 ὀδύνης.
1244 4178 1374 4234 Ἰδοὺ
1418 4180 1622 4254 ἡμέραι
1657 4181 1845 4254 ἔρχον-

247 4282 354 4330 ται,
372 4267 521 4337 λέγει
544 4268 777 4341 Κύριος,
810 4270 904 4323 καὶ
924 4268 1273 4334 ἐξαποστελῶ
1293 4270 1449 4343 λιμὸν
1482 4273 1575 4327 ἐπὶ
1604 4274 1703 4347 τὴν
1718 4275 1842 4346 γῆν,

250 4357 306 4410 οὐ
344 4359 504 4432 λιμὸν
544 4359 740 4432 ἄρτου,
788 4360 909 4415 οὐδὲ
942 4360 1100 4429 δίψαν
1136 4360 1344 4427 ὓδατος,
1379 4361 1513 4417 ἀλλά
1546 4362 1702 4435 λιμὸν
1749 4363 1844 4418 τοῦ

245 4446 474 4502 ἀκοῦσαι
495 4450 665 4521 λόγον
692 4450 918 4522 Κυρίου,
945 4468 963 4502 ι
986 4450 1167 4505 καὶτὰ
1182 4450 1326 4525 ἑξῆς⁹
1349 4453 1493 4526 ἅπερ
1509 4452 1742 4518 ἅπαντα,
1761 4453 1848 4509 διὰ

1944 3257 2195 3322 meridie,
2248 3265 2303 3313 et
2363 3257 2814 3314 obtenebrabitur
2853 3276 3020 3331 super
3063 3268 3265 3316 terram
3327 3260 3383 3315 in
3438 3260 3546 3316 die.

1943 3352 2057 3414 lux.
2095 3370 2115 3404 ι
2146 3367 2269 3423 qua:
2323 3366 2457 3408 sane
2504 3352 2806 3409 evidentem
2858 3353 3066 3410 exitum
3125 3354 3319 3411 sortita
3376 3360 3528 3420 sunt,

1945 3451 2077 3498 tunc
2102 3458 2227 3499 cum
2264 3442 2551 3500 Salvatore
2584 3444 2640 3500 in
2673 3446 2842 3505 altum
2872 3447 3112 3513 sublato,
3143 3455 3205 3502 ut
3254 3454 3340 3502 est
3384 3445 3540 3517 apud,

1943 3538 2335 3609 evangelistam
2356 3581 2372 3606 ,
2402 3556 2422 3591 ι
2462 3539 2508 3592 Α
2537 3547 2701 3596 sexta.
2745 3540 2881 3596 hora
2912 3540 3151 3597 tenebraa
3202 3539 3360 3596 factae
3399 3547 3537 3600 sunt

1945 3645 2109 3701 super
2143 3631 2456 3689 universam
2508 3639 2710 3691 terram
2748 3648 2923 3703 usque
2955 3633 3026 3693 ad
3058 3632 3248 3689 horam
3303 3646 3534 3698 nonam;

1944 3731 1997 3777 et
2018 3725 2165 3779 circa
2194 3723 2386 3779 horam
2421 3740 2623 3785 nonam
2642 3725 3151 3783 exclamavitlesus
3180 3741 3315 3782 voce
3334 3740 3532 3795 magna

1945 3815 2134 3871 dicens
2162 3835 2175 3869 :
2209 3815 2314 3881 Eli,
2344 3814 2448 3882 Eli,
2480 3817 2682 3871 lamma
2710 3818 3074 3877 sabacbtbani
3096 3819 3164 3872 ⁸⁸.
3185 3837 3205 3870 ι
3244 3817 3377 3885 Quae
3405 3833 3531 3872 cum

1946 3909 2003 3962 in
2045 3907 2191 3964 hunc
2224 3906 2448 3963 modum
2484 3924 2645 3965 suum
2688 3909 2850 3971 tinem
2885 3910 3239 3983 contigerint,
3272 3910 3533 3981 deinceps

1947 3997 2196 4070 adjungit
2253 4016 2270 4053 :
2326 4017 2353 4052 «ι
2415 3998 2483 4053 Et
2538 4009 2851 4056 convertam
2916 4001 3181 4057 solemnia
3236 4009 3421 4057 vestra
3474 4004 3532 4056 in

1947 4091 2178 4152 luctum,
2222 4101 2278 4147 et
2329 4092 2515 4146 omnia
2564 4093 2779 4148 cantica
2809 4101 2990 4149 vestra
3023 4093 3082 4148 in
3120 4094 3442 4157 lamentum,
3477 4103 3533 4148 et

1947 4181 2210 4238 inducam
2260 4197 2428 4253 super
2463 4197 2681 4240 omnem
2718 4183 2963 4239 lumbum
3000 4199 3246 4249 saccum,
3280 4190 3337 4239 et
3368 4199 3534 4255 super

1949 4286 2112 4327 omne
2145 4280 2312 4347 caput
2341 4273 2637 4339 calvitiem,
2674 4282 2728 4331 et
2758 4290 2955 4345 ponam
2986 4291 3110 4331 eum
3139 4276 3286 4332 sicut
3325 4276 3533 4333 luctum

1950 4364 2167 4429 dilecti,
2191 4372 2246 4420 et
2278 4380 2373 4423 eos
2400 4364 2494 4437 qui
2528 4380 2657 4421 cum
2690 4365 2809 4437 ipso
2842 4364 3083 4431 fuerint,
3116 4374 3176 4420 ut
3204 4365 3347 4425 diem
3379 4365 3551 4422 dolo!

1952 4457 2061 4518 ris.
2103 4454 2243 4511 Ecce
2273 4455 2393 4513 dies
2432 4456 2693 4524 veniunt,
2736 4456 2871 4513 dicit
2900 4456 3187 4523 Dominus,
3219 4466 3276 4515 et
3319 4458 3551 4523 mittam

246 4541 340 4613 τὴν
356 4542 748 4617 ὑπερηφανίαν
775 4542 956 4597 αὐτῶν
980 4543 1078 4615 τὴν
1093 4544 1231 4598 κατὰ
1252 4544 1604 4618 τοῦΧριστοῦ
1626 4563 1843 4620 γεγενη-

1948 4546 2147 4602 famem
2178 4562 2345 4618 super
2374 4556 2727 4615 terram,non
2758 4548 2956 4604 famem
2984 4552 3162 4620 panis,
3184 4564 3361 4620 neque
3388 4547 3551 4603 sitim.

247 4634 413 4714 μένην
434 4634 668 4690 ἔσεσθαι
691 4634 1155 4707 προφητευθέντα,
1169 4636 1373 4710 ἐναργῆ
1389 4637 1721 4711 τὴνέκϐασιν
1745 4639 1846 4710 τῆς

245 4728 615 4801 προρρήσεως
666 4728 989 4795 ἀπεδείξατο
1022 4728 1163 4800 μετὰ
1190 4729 1290 4803 τὴν
1317 4731 1458 4785 κατὰ
1511 4732 1607 4786 τοῦ
1658 4733 1843 4805 Σωτῆ-

248 4835 336 4888 po;
372 4820 536 4893 ἡμῶν
568 4819 867 4891 ἐπιϐουλὴν
897 4819 1189 4873 αὐτῶν.ού
1213 4821 1480 4894 πρότερον
1532 4822 1683 4892 γοῦν,
1730 4822 1844 4876 ἀλλ’

247 4910 302 4976 ἐξ
334 4910 554 4966 ἐκείνου
598 4912 694 4967 καὶ
718 4912 799 4975 εἰς
841 4910 1002 4983 δεῦρο
1033 4911 1395 4984 μετέστρεψεν
1428 4913 1609 4978 αὐτῶν
1652 4916 1680 4968 ό
1711 4913 1844 4979 Θεὸς

242 5007 338 5070 τὰς
365 5006 572 5080 ἐορτάς
593 5008 678 5070 είς
710 5005 926 5071 πένθος,
956 5006 1050 5061 καὶ
1080 5004 1182 5069 τὰς
1209 5005 1354 5077 ᾠδὰς
1385 5009 1465 5072 εἰς
1497 5006 1713 5080 θρῆνον,
1743 5010 1844 5080 τῆς

246 5098 583 5171 περιϐοήτου
633 5098 1015 5171 μητροπόλεως
1061 5099 1443 5171 ἀποστερήσας
1498 5100 1715 5164 αὐτοὺς,
1751 5101 1847 5154 καὶ

242 5190 301 5244 τὸ
325 5194 382 5244 ἐν
410 5192 556 5264 αὐτῇ
598 5191 796 5263 σεμνὸν
823 5192 1091 5263 ἀγίασμα,
1128 5190 1268 5245 κατὰ
1295 5191 1394 5261 τὴν
1437 5192 1530 5243 ἐπὶ
1558 5191 1717 5244 Τίτου
1753 5192 1846 5245 καὶ

244 5281 674 5338 Οὐεσπασιανοῦ
731 5284 1014 5355 Ῥωμαίων
1084 5284 1499 5357 αὐτοκρατόρων
1550 5284 1847 5355 ἡγεμονίαν

243 5375 513 5440 καθελὼν,
544 5375 630 5438 ὼς
664 5376 799 5448 μηδὲ
836 5376 1089 5440 ἐλθόντας
1130 5375 1391 5430 δύνασθαι
1420 5376 1508 5428 ἐπ’
1540 5376 1708 5447 αὐτῆς
1748 5375 1849 5439 τὰς

245 5466 507 5538 ἐννόμους
553 5467 758 5540 ἑορτὰς
804 5471 897 5522 καὶ¹
958 5469 1294 5540 πανηγύρεις
1344 5466 1630 5521 ἐπιτελεῖν.
1662 5468 1727 5521 Τί
1770 5467 1852 5521 δεῖ

241 5556 441 5625 λέγειν,
469 5563 552 5623 ὡς
583 5560 616 5612 ὁ
651 5560 806 5632 λιμὸς
834 5560 928 5613 τοῦ
955 5560 1184 5614 ἀκοῦσαι
1212 5558 1368 5629 λόγον
1400 5559 1609 5632 Κυρίου
1642 5559 1849 5623 πάντας

241 5652 442 5718 αὐτοὺς
478 5652 778 5725 μετῆλθεν,
815 5654 928 5708 ἀνθ’
964 5646 1037 5706 ὧν
1076 5652 1342 5724 ἐξήλασαν
1377 5651 1586 5705 ἑαυτῶν
1613 5651 1704 5704 τὸν
1755 5653 1847 5706 τοῦ

311 5833 352 5866 ⁸⁸
395 5835 575 5899 Amos
612 5849 709 5888 VIII
737 5874 750 5897 ,
788 5832 937 5887 7-12.
1021 5835 1063 5866 "
1104 5830 1292 5887 Matth.
1338 5848 1523 5901 xxvii,
1559 5831 1749 5899 45,£6.

1954 4653 2128 4709 aqua,
2163 4640 2259 4696 sed
2292 4638 2487 4697 famem
2523 4640 2778 4696 audiendi
2833 4641 3064 4697 verbum
3121 4640 3375 4706 Domini,
3429 4660 3448 4692 ι
3480 4647 3541 4696 et

1952 4746 2075 4801 quae
2096 4738 2405 4802 sequuntur
2435 4752 2447 4788 :
2486 4748 2606 4803 qua'
2634 4733 2854 4804 quidem
2884 4733 3068 4789 omnia
3097 4741 3321 4806 propter
3344 4748 3538 4804 super-

1952 4824 2101 4879 biam
2153 4825 2420 4896 ipsorum,
2469 4843 2576 4898 qua
2619 4827 2884 4884 adversus
2921 4825 3199 4883 Christum
3252 4828 3338 4882 usi
3383 4834 3538 4894 sunt,

1952 4917 2217 4973 divinitus
2244 4918 2524 4989 praedicta,
2556 4919 2860 4977 evidentem
2883 4918 3090 4974 oraculi
3112 4918 3326 4979 exitum
3350 4925 3539 4974 osten-

1953 5009 2172 5073 derunt,
2192 5018 2313 5080 post
2348 5009 2592 5081 ipsorum
2620 5010 2884 5070 adversus
2917 5008 3256 5067 Salvatorem
3286 5017 3538 5066 nostrum

1954 5102 2205 5157 insidias.
2242 5101 2362 5157 Non
2409 5118 2541 5174 ergo
2585 5111 2713 5159 ante
2751 5103 2884 5159 illud
2938 5110 3185 5174 tempus,
3218 5103 3314 5160 sed
3345 5118 3413 5158 ex
3443 5103 3539 5158 illo

1955 5201 2203 5263 tempore
2233 5194 2289 5250 in
2347 5192 2494 5247 hunc
2527 5207 2703 5262 usque
2735 5191 2881 5251 diem
2925 5194 3192 5254 tolemnia
3226 5193 3444 5248 illorum
3480 5193 3538 5247 in

1952 5286 2160 5338 luctum
2192 5285 2463 5343 convertit
2511 5284 2675 5347 Deus,
2707 5292 2765 5342 et
2809 5285 3023 5340 cantica
3066 5284 3122 5340 in
3178 5286 3476 5341 lamentum
3516 5304 3532 5341 :

1953 5375 2157 5446 quippe
2186 5377 2280 5451 qui
2336 5376 2459 5431 illos
2488 5374 2846 5431 celeberrima
2888 5376 3111 5432 civitate
3138 5376 3454 5449 privaverit,
3484 5384 3539 5432 et

1955 5466 2266 5525 venerabile
2316 5467 2450 5522 illud
2499 5468 2875 5525 sanctuarium
2933 5468 3079 5538 quod
3134 5469 3188 5525 in
3243 5469 3336 5524 illa
3394 5476 3536 5533 erat,

1951 5558 2118 5632 487
2144 5559 2269 5615 Tito
2298 5576 2363 5615 ac
2388 5558 2734 5632 Vespasiano
2762 5560 2907 5632 apud
2939 5560 3221 5618 Romanos
3263 5566 3537 5634 imperan-

1954 5654 2127 5721 tibus,
2160 5654 2441 5724 cverterit,
2474 5670 2649 5728 usque
2680 5655 2816 5711 adeo
2849 5667 2908 5713 ut
2934 5672 3044 5713 non
3085 5656 3325 5726 amplius
3353 5654 3538 5711 venire
