4054 6408
551 340 657 397 755

1227 334 1500 393 EUSEBll
1539 333 2021 393 CESARIENSIS
2061 332 2216 391 OPP.
2257 332 2442 389 PARS
2481 331 2545 389 ll.
2585 363 2655 374 -—
2689 329 3193 389 APOLOGETICA.

3670 329 3759 388 756

546 467 604 517 et
641 459 920 516 celebrare
963 458 1020 513 in
1062 472 1127 513 ea
1154 457 1393 528 legitima
1440 456 1730 520 solemnia,
1761 462 1814 510 et
1858 454 2126 520 legitimos

2231 450 2368 507 Θεοῦ
2416 451 2610 521 Λόγον,
2644 451 2985 524 ὁμοθυμαδὸν
3042 451 3206 505 αὑτὸν
3265 448 3639 522 ἀρνησάμενοι,
3684 451 3761 506 καὶ

546 559 852 608 conventus
884 550 1118 621 possint.
1149 548 1440 609 Caeterum.
1472 548 1604 621 quid
1637 563 1777 619 opus
1807 556 1892 603 est
1921 547 2129 613 dicere,

2237 542 2644 616 ἀπαρνηθέντες
2677 543 2769 597 ὑπ’
2796 542 2960 598 αὐτοῦ
2979 560 2997 611 ;

544 642 1009 713 quemadmodum
1065 640 1240 697 fames
1283 640 1543 696 audiendi
1579 640 1805 696 verbum
1838 637 2078 701 Domini,
2115 650 2311 690 omnes
2342 635 2468 691 illos
2501 636 2806 693 invaserit?
2830 648 3122 709 propterea
3150 636 3295 709 quod
3330 636 3509 707 procul
3537 651 3566 692 a
3597 638 3766 709 seipsis

545 732 643 791 Dei
676 732 915 789 Verbum
958 734 1258 803 exegerint,
1290 748 1413 787 cum
1464 734 1597 789 illud
1632 749 1742 789 uno
1777 733 1965 788 animo
2002 736 2358 799 negaverunt,
2388 740 2440 785 et
2471 729 2541 786 ab
2567 731 2759 786 eodem
2783 733 2965 801 negati
2995 739 3147 787 sunt.

546 870 589 926 A
625 870 918 930 Zacharia.
951 901 1022 914 -—
1051 870 1187 925 Item
1210 871 1278 926 de
1302 873 1432 926 solis
1453 871 1685 941 defectu,
1718 883 1766 927 et
1798 872 1864 926 de
1899 881 2128 941 tempore

1035 942 1296 997 salutaris
1336 942 1640 999 Passionis.

621 1166 641 1199 c
680 1145 748 1201 Et
796 1145 1052 1202 adveniet
1108 1144 1373 1201 Dominus
1424 1144 1570 1201 Deus
1621 1159 1798 1211 meus,
1844 1151 1900 1200 et
1937 1159 2129 1200 omnes

545 1242 722 1298 sancti
751 1255 877 1295 cum
908 1254 1012 1306 eo;
1050 1239 1107 1295 in
1135 1240 1224 1295 die
1270 1240 1363 1294 illa
1386 1256 1499 1295 non
1544 1239 1650 1295 erit
1673 1240 1790 1303 lux,
1828 1246 1884 1295 et
1925 1237 2123 1310 frigus,

541 1340 600 1390 et
629 1332 751 1404 gelu
795 1331 907 1388 erit
930 1332 987 1386 in
1027 1347 1139 1386 uno
1166 1332 1275 1397 die,
1311 1340 1367 1387 et
1389 1333 1510 1388 dies
1539 1332 1632 1387 ille
1660 1339 1829 1387 notus
1869 1328 2125 1397 Domino,

538 1431 601 1481 et
628 1437 807 1494 neque
834 1422 972 1485 dies,
1009 1437 1190 1493 neque
1219 1437 1351 1487 nox,
1383 1423 1453 1479 ad
1477 1438 1761 1494 vesperam
1793 1423 1898 1479 erit
1928 1423 2042 1490 lux,
2072 1429 2127 1477 et

542 1516 604 1572 in
627 1516 717 1571 die
741 1515 835 1570 illa
864 1516 1181 1586 egredietur
1216 1531 1357 1587 aqua
1419 1516 1543 1572 viva
1564 1515 1633 1572 de
1659 1514 1994 1581 Jerusalem,
2036 1513 2126 1569 di-

542 1608 779 1663 midium
803 1608 926 1677 ejus
955 1607 1012 1661 in
1045 1623 1197 1663 mare
1223 1607 1486 1679 primum,
1512 1616 1565 1665 et
1602 1608 1889 1663 dimidium
1920 1607 2042 1678 ejus
2069 1607 2130 1662 in

542 1713 698 1753 mare
743 1707 1075 1764 extremum,
1112 1699 1168 1753 in
1205 1708 1399 1755 aestate
1420 1709 1475 1756 et
1520 1701 1576 1754 in
1620 1715 1751 1755 vere
1788 1700 1892 1754 erit
1940 1700 2039 1764 sic,
2074 1705 2131 1754 et

2250 869 2407 944 ’Am5_
2436 870 2899 944 τοῦᾼΖαχαρίου.
2924 902 2996 944 -τ-
3025 874 3154 927 Ἕτι
3195 874 3325 943 πηοί
3349 872 3456 943 τῆς
3481 875 3768 944 ἐκλείψεως

2304 938 2415 994 τοῦ
2460 938 2811 1022 ήξῖίουξκὶιὶ
2863 942 2971 998 τοῦ
3000 944 3151 999 κατὰ
3184 938 3574 1015 τὸοωῑέῆριον
3608 938 3770 1012 auidae

2310 1028 2543 1080 καιρου.

2313 1147 2333 1181 ι
2362 1127 2475 1182 Καὶ
2521 1131 2791 1203 παρέσται
2831 1131 3033 1204 Κύριος
3063 1134 3093 1187 ό
3141 1132 3277 1197 Θεός
3309 1150 3433 1206 μου,
3472 1135 3562 1188 καὶ
3601 1134 3772 1200 πάντες

2234 1221 2285 1273 οἱ
2319 1220 2466 1290 ἆγιοι
2499 1222 2617 1292 μετ’
2655 1222 2841 1278 αὐτοῦ.
2878 1224 2966 1277 Ἐν
2995 1224 3181 1298 ἐκείνῃ
3210 1228 3278 1297 τῇ
3308 1226 3489 1297 ἡμέρᾳ
3513 1225 3606 1279 οὐκ
3644 1226 3772 1281 ἔσται

2235 1313 2372 1381 φῶς,
2398 1315 2492 1368 καὶ
2516 1314 2687 1385 ψῦχος
2713 1317 2805 1370 καὶ
2844 1317 3018 1386 πάγος
3050 1316 3200 1371 ἐσται
3232 1317 3360 1389 μίαν
3396 1318 3614 1389 ἡμέραν.
3630 1319 3773 1388 Ka‘t'l)

2231 1408 2416 1480 ἡμέρα
2443 1409 2628 1482 ἐκείνη
2660 1410 2875 1482 γνωστὴ
2902 1410 2980 1480 τῷ
3001 1411 3211 1483 Κυρίῳ,
3246 1411 3340 1465 καὶ
3368 1412 3464 1482 οὐχ
3497 1410 3679 1483 ἡμέρα,
3698 1411 3775 1465 καὶ

2233 1503 2295 1555 οὐ
2322 1502 2437 1569 νὺξ,
2471 1503 2534 1558 τὸ
2554 1505 2690 1576 πρὸς
2717 1507 2957 1577 ἑσπέραν
2982 1504 3132 1560 ἔσται
3162 1504 3297 1575 φῶς.
3316 1506 3428 1560 Kal
3452 1506 3507 1557 ἐν
3531 1508 3596 1576 τῇ
3620 1505 3775 1576 ἡμέρᾳ

2236 1597 2421 1672 ἐκείνῃ
2439 1595 2780 1661 ἐξελεύσεται
2805 1600 2947 1672 ὕδωρ
2966 1600 3074 1665 ζῶν
3093 1599 3153 1665 ἐξ
3179 1600 3546 1672 Ἰερουσαλὴμ,
3561 1600 3618 1653 τὸ
3633 1600 3775 1671 ἥμισυ

2237 1695 2402 1749 αὐτοῦ
2438 1698 2518 1760 εἰς
2559 1696 2659 1769 τὴν
2692 1695 2965 1750 θάλασσαν
2995 1695 3096 1768 τὴν
3141 1692 3386 1766 πρώτην,
3421 1694 3512 1747 καὶ
3551 1694 3607 1746 τὸ
3632 1694 3777 1763 ἥμισυ

542 1791 649 1847 erit
679 1789 945 1845 Dominus
974 1789 1030 1844 in
1059 1806 1243 1862 regem
1272 1808 1435 1862 super
1466 1796 1778 1849 universam
1800 1800 2038 1858 terram;
2062 1792 2126 1861 in

2236 1790 2402 1844 αὐτοῦ
2435 1792 2517 1854 εἰς
2548 1791 2650 1863 τὴν
2682 1789 2960 1844 θάλασσαν
3001 1789 3101 1861 τὴν
3128 1788 3380 1859 ἐσχάτην.
3420 1787 3505 1841 Ἐν
3538 1786 3672 1858 θέρει
3701 1785 3777 1838 καὶ

543 1884 635 1940 die
668 1885 760 1938 illa
793 1885 898 1940 erit
950 1882 1221 1940 Dominus
1251 1901 1416 1947 unus,
1448 1894 1503 1941 et
1545 1901 1745 1941 nomen
1784 1886 1905 1956 ejus
1935 1902 2129 1952 unum,

543 1976 796 2032 ambiens
845 1992 1064 2032 omnem
1109 1985 1314 2032 terram
1360 1987 1415 2033 et
1461 1979 1897 2036 solitudinem“.
1952 2000 1970 2033 ι
2003 1979 2133 2038 Haec

541 2083 763 2138 quoque
788 2068 843 2122 in
875 2068 1112 2124 adventu
1136 2068 1440 2125 Salvatoris
1467 2070 1647 2125 nostri
1663 2071 1933 2142 completa
1958 2083 2087 2129 sunt
2113 2093 2126 2129 :

541 2176 670 2218 cum
704 2161 945 2226 advenit,
978 2163 1096 2217 sive
1138 2179 1262 2218 cum
1311 2164 1429 2219 suis
1478 2166 1654 2220 sacris
1695 2166 1982 2236 apostolis,
2016 2168 2133 2224 sive

542 2270 669 2309 cum
712 2255 831 2311 suis
875 2256 1105 2319 sanctis,
1131 2256 1334 2311 divinis
1365 2257 1619 2312 videlicet
1665 2258 1994 2328 quibusdam
2028 2275 2131 2331 po-

541 2346 837 2401 testatibus
866 2354 921 2401 et
952 2347 1297 2418 incorporeis
1325 2347 1633 2418 Spiritibus,
1678 2365 1892 2406 necnon
1923 2351 2131 2423 angelis

538 2444 598 2492 et
631 2438 903 2494 ministris
952 2440 1091 2507 suis,
1125 2439 1192 2495 de
1221 2441 1425 2511 quibus
1479 2440 1686 2498 dictum
1731 2451 1816 2500 est
1849 2444 1906 2499 in
1956 2445 2131 2501 sacris

540 2528 879 2603 Evangeliis,
900 2535 1046 2605 quod
1070 2533 1258 2603 utique
1283 2533 1351 2588 ad
1377 2534 1530 2589 illum
1558 2536 1895 2592 accesserint
1929 2537 2128 2609 angeli,

540 2634 597 2682 et
633 2627 712 2680 illi
744 2627 1201 2683 ministraverint.
1233 2627 1408 2683 Porro
1440 2639 1622 2684 autem
1659 2630 1747 2685 die
1777 2631 1873 2685 illo
1907 2630 2011 2702 (sic
2032 2645 2133 2685 au-

541 2727 654 2774 tem
679 2735 851 2775 sacra:
879 2721 1077 2777 littera:
1129 2731 1537 2777 consueverunt
1587 2738 1752 2778 omne
1792 2730 2009 2794 tempus
2031 2738 2130 2778 vo-

542 2824 692 2873 care,
726 2826 837 2879 quo
864 2811 955 2866 ille
990 2812 1134 2867 inter
1158 2812 1408 2868 homines
1441 2822 1692 2868 versatus
1723 2813 1829 2886 est)
1866 2829 1975 2868 una
2004 2829 2129 2869 cum

541 2901 667 2957 aliis
709 2903 1160 2972 praedictionibus
1214 2905 1379 2959 etiam
1437 2906 1583 2976 quod
1637 2922 1785 2961 nunc
1840 2914 2127 2973 tractatur,

540 2995 826 3050 oraculum
848 2997 1179 3068 completum
1210 3008 1318 3065 est,
1344 3015 1470 3054 cum
1497 3001 1686 3071 utique
1710 3001 1815 3056 sub
1838 3001 1986 3058 illius
2004 3017 2133 3073 pas-

540 3087 716 3145 sionis
756 3096 971 3161 tempus
1003 3091 1075 3146 ab
1123 3091 1258 3146 hora
1305 3099 1461 3147 sexta
1512 3093 1752 3149 tenebrae
1795 3091 1952 3148 facta:
2001 3103 2131 3151 sunt

539 3194 710 3251 super
738 3184 1051 3239 universam
1084 3191 1287 3239 terram
1335 3201 1512 3257 usque
1564 3186 1631 3241 ad
1666 3186 1858 3241 horam
1902 3201 2125 3242 nonam.
2157 3169 2199 3225 (οἶ

540 3270 622 3329 Ex
677 3290 789 3343 quo
840 3275 922 3330 sic
955 3276 1033 3330 ait
1092 3277 1380 3348 prophetia
1416 3298 1429 3333 :
1464 3297 1482 3329 ι
1519 3276 1578 3332 1η
1611 3277 1701 3334 die
1747 3279 1838 3333 illa
1870 3293 1978 3333 non
2023 3281 2129 3335 erit

537 3365 654 3419 lux.
695 3385 713 3417 ι
747 3364 813 3420 Et
844 3382 1081 3424 rursus:
1114 3387 1134 3420 ‹
1174 3368 1242 3423 Et
1286 3385 1464 3441 neque
1492 3372 1631 3435 dies,
1664 3387 1844 3442 neque
1896 3388 2026 3436 nox,
2059 3374 2127 3428 ad

535 3468 825 3522 vesperam
853 3456 959 3511 erit
990 3457 1105 3524 lux,
1143 3478 1162 3511 ›
1198 3459 1401 3529 quibus
1444 3461 1630 3516 verbis
1664 3463 1955 3532 perspicue
1987 3463 2128 3517 indi-

537 3547 657 3601 cari
681 3557 816 3618 puto
838 3549 986 3605 illius
1016 3553 1281 3621 temporis
1330 3553 1727 3616 conditionem,
1768 3570 1894 3608 cum
1936 3553 2129 3610 Salva-

538 3648 659 3694 tore
704 3648 895 3693 nostro
937 3641 1103 3697 altius
1149 3642 1366 3697 sublato
1397 3644 1452 3698 in
1496 3644 1616 3715 ipsa
1645 3645 1753 3701 diei
1788 3646 1928 3713 luce,
1957 3645 2127 3719 488

535 3743 648 3784 nos
700 3730 773 3785 ab
817 3730 952 3786 hora
997 3743 1149 3788 sexta
1191 3734 1266 3799 id,
1301 3736 1447 3805 quod
1503 3738 1713 3791 circum
1771 3748 1974 3793 terram
2015 3747 2121 3803 est,

534 3822 775 3877 obtinuit
795 3839 972 3896 usque
1000 3825 1068 3880 ad
1097 3827 1286 3882 horam
1318 3844 1542 3885 nonam.
1575 3828 1707 3885 Post
1734 3845 1898 3901 quam
1929 3847 2124 3888 rursus

2234 1885 2291 1936 ὲν
2319 1882 2441 1955 ἔαρι
2475 1882 2626 1937 ἔσται
2655 1882 2849 1946 οὕτως.
2884 1883 2993 1937 Kal
3026 1882 3177 1936 ἔσται
3231 1881 3437 1953 Κύριος
3476 1883 3554 1944 εἰς
3586 1878 3779 1950 βασιλέα

2232 1978 2326 2030 ἐπὶ
2354 1978 2537 2031 πᾶσαν
2572 1977 2675 2049 τὴν
2700 1977 2824 2048 γῆν.
2867 1978 2958 2031 Ἐν
2989 1979 3056 2048 τῇ
3095 1976 3279 2048 ἡμέρᾳ
3310 1975 3494 2048 ἐκείνῃ
3524 1972 3779 2027 ἔσται·Κύ-

2235 2088 2349 2142 ριος
2372 2064 2473 2136 εἷς,
2508 2072 2601 2125 καὶ
2626 2071 2688 2124 τὸ
2719 2070 2891 2142 ὄνομα
2919 2070 3083 2124 αὑτοῦ
3127 2068 3207 2133 ἓν,
3237 2068 3472 2124 κυκλοῦν
3508 2069 3674 2123 πᾶσαν
3697 2068 3778 2138 τὴν

2232 2166 2336 2237 γῆν
2369 2166 2464 2218 καὶ
2481 2166 2581 2237 τὴν
2608 2164 2837 2236 ἔρημον.
2865 2184 2884 2216 ›
2922 2164 3034 2218 Καὶ
3058 2162 3230 2217 ταῦτα
3257 2163 3351 2216 ἐπὶ
3378 2163 3476 2234 τῆς
3516 2160 3780 2233 παρουσίας

2231 2257 2325 2313 τοῦ
2379 2259 2632 2330 Σωτῆρος
2663 2258 2820 2329 ἡμῶν
2882 2257 3212 2333 ἐπληροῦτο,
3262 2259 3326 2329 ἢν
3378 2258 3656 2328 ἐποιήσατο
3682 2255 3780 2325 ἦτοι

2236 2351 2374 2423 μετὰ
2404 2351 2513 2405 τῶν
2566 2350 2725 2423 ἱερῶν
2759 2350 3072 2405 ἀποστόλων
3118 2350 3283 2405 αὐτοῦ
3318 2351 3414 2404 καὶ
3450 2348 3719 2422 μαθητῶν,
3749 2347 3776 2419 ἢ

2235 2444 2373 2516 μετὰ
2402 2444 2510 2498 τῶν
2544 2444 2714 2513 ἁγίων
2741 2444 2907 2498 αὑτοῦ
2927 2485 2942 2510 ,
2994 2443 3154 2498 θείων
3194 2445 3358 2499 τινῶν
3403 2444 3670 2515 δυνάμεων
3703 2442 3780 2496 καὶ

2231 2539 2538 2609 ἀσωμάτων
2568 2537 2894 2608 πνευμάτων
2917 2576 2931 2601 ,
2975 2537 3220 2606 ἀγγέλων
3247 2553 3305 2590 τε
3355 2535 3453 2590 καὶ
3487 2531 3780 2605 λειτουργῶν

2230 2630 2419 2695 αὐτοῦ,
2449 2630 2579 2703 περὶ
2622 2624 2697 2683 ὧν
2742 2629 2953 2701 εἴρηται
2988 2631 3046 2685 ὲν
3090 2632 3203 2694 τοῖς
3235 2630 3403 2701 ἱεροῖς
3444 2625 3778 2698 Εὐαγγελίοις,

2229 2725 2313 2778 ὃτι
2339 2743 2356 2774 ι
2384 2722 2688 2796 προσῆλθον
2712 2721 2861 2794 αὐτῷ
2890 2721 3133 2792 ἄγγελοι,
3172 2722 3269 2776 καὶ
3290 2721 3569 2794 διηκόνουν
3594 2716 3737 2788 αὐτῷ.
3760 2734 3776 2767 ι

2231 2814 2389 2869 Κατὰ
2413 2814 2469 2867 δὲ
2494 2815 2594 2887 τὴν
2621 2815 2836 2887 ἡμέραν
2867 2813 3081 2885 ἐκείνην
3110 2813 3290 2885 (οὕτω
3314 2812 3373 2867 δὲ
3422 2813 3572 2883 φίλον
3598 2813 3781 2865 ἀποκα-

2230 2907 2343 2960 λεῖν
2367 2910 2434 2979 τῇ
2460 2908 2582 2979 ἱερᾷ
2607 2907 2794 2980 Γραφῇ
2825 2904 3003 2959 πάντα
3036 2906 3129 2960 τὸν
3156 2906 3351 2979 χρόνον
3382 2907 3481 2978 τῆς
3514 2908 3570 2959 ὲν
3603 2899 3781 2973 ἀνθρώ-

2232 3017 2353 3064 ποις
2384 2999 2548 3053 αὐτοῦ
2576 3000 2856 3072 διατριϐῆς
2885 3002 2902 3069 )
2952 3000 3258 3073 ἐπληροῦτο
3298 3002 3440 3072 μετὰ
3501 2998 3604 3052 τῶν
3634 2995 3781 3052 ἄλλων

2233 3092 2593 3165 προρρήσεων
2624 3093 2718 3147 καὶ
2745 3092 2815 3145 τὰ
2842 3094 2899 3146 ἐν
2930 3092 3088 3163 χερσὶ
3116 3091 3543 3169 τεθεσπισμένα,
3581 3085 3782 3157 ὁπηνίκα

2233 3184 2386 3258 παρὰ
2408 3185 2498 3238 τὸν
2513 3184 2607 3239 τοῦ
2640 3185 2844 3250 πάθους
2875 3186 3039 3241 αὐτοῦ
3074 3186 3289 3259 καιρὸν,
3331 3185 3443 3240 ἀπὸ
3476 3184 3622 3257 ὥρας
3645 3182 3783 3248 ἕκτης

2233 3279 2424 3343 σκότος
2445 3278 2664 3349 ἐγένετο
2687 3279 2781 3333 ἐπὶ
2804 3284 2984 3333 πᾶσαν
3003 3278 3103 3350 τὴν
3131 3281 3233 3350 γῆν
3258 3279 3367 3343 ἕως
3392 3277 3540 3349 ὥρας
3569 3275 3779 3344 ἐννάτης.

2231 3368 2323 3421 Διό
2355 3384 2519 3440 φησιν
2555 3370 2589 3440 ἡ
2625 3369 2963 3441 προφητεία·
2992 3389 3010 3421 ι
3044 3370 3133 3423 Ἐν
3164 3371 3228 3439 τῇ
3273 3367 3461 3440 ἡμέρᾳ
3495 3365 3667 3436 ἐκείνῃ
3701 3362 3783 3414 οὐκ

2230 3460 2383 3515 ἔσται
2420 3462 2567 3531 φῶς·
2592 3479 2613 3513 ι
2653 3463 2746 3515 καὶ
2788 3461 2948 3516 πάλιν
2973 3446 3043 3514 ί(
3085 3461 3196 3515 Kal
3227 3462 3327 3531 οὐχ
3374 3460 3576 3532 ἡμέρα,
3615 3457 3699 3512 καὶ
3734 3453 3782 3507 οὗ

2229 3552 2346 3619 νὺξ,
2371 3553 2433 3607 τὸ
2462 3553 2597 3625 πρὸς
2630 3554 2867 3627 έσπέραν
2901 3553 3051 3608 ἔσται
3087 3553 3202 3623 φῶς
3221 3570 3234 3584 ·
3265 3573 3284 3605 ι
3318 3552 3387 3607 δι’
3420 3547 3498 3607 ὧν
3524 3548 3783 3605 λευκότατα

2229 3645 2469 3719 ἡγοῦμαι
2505 3650 2604 3719 τὴν
2634 3647 2731 3701 τοῦ
2763 3647 2957 3719 καιροῦ
3007 3647 3345 3703 κατάστασιν
3364 3687 3380 3711 ,
3412 3649 3472 3700 ὲν
3497 3638 3542 3714 ᾧ
3578 3643 3666 3698 τοῦ
3695 3642 3785 3695 Σων

2228 3742 2392 3811 τῆρος
2414 3738 2812 3810 άνυψωθέντος,
2836 3739 2931 3794 καὶ
2953 3740 3163 3811 ἡμέρας
3193 3738 3382 3810 οὔσης,
3405 3738 3503 3806 νὺξ
3532 3737 3636 3792 ἀπὸ
3661 3734 3786 3805 ὧρας

2226 3834 2393 3905 ἕκτης
2416 3834 2481 3888 τὸ
2502 3833 2755 3907 περιέχον
2786 3833 3011 3904 συνέσχε
3036 3832 3312 3905 μέχριτῆς
3336 3832 3586 3903 ὲννάτης,
3612 3824 3785 3903 μεθ’ἣν

533 3914 916 3974 desinentibus
950 3919 1212 3986 tenebris,
1245 3921 1364 3977 dies
1390 3934 1443 3978 et
1475 3924 1564 3978 lux
1600 3916 1818 3980 reversa
1841 3934 1926 3980 est
1959 3945 1972 3981 :
2002 3935 2126 3996 post

531 4024 665 4082 quas
690 4026 887 4067 rursus
924 4022 1189 4068 consueta
1239 4030 1348 4070 nox
1397 4025 1584 4071 secuta
1635 4024 1740 4073 est.
1779 4017 1911 4084 Quae
1939 4019 2121 4073 omnia

533 4115 719 4156 sermo
755 4103 1112 4172 propheticus
1155 4106 1357 4172 innuit,
1408 4108 1502 4162 ubi
1545 4109 1665 4164 ait:
1700 4127 1719 4160 ι
1756 4108 1822 4163 Ει
1871 4111 1990 4166 dies
2032 4111 2124 4166 ille

531 4200 699 4262 notus
726 4193 981 4261 Domino,
1011 4204 1066 4253 et
1091 4213 1275 4269 neque
1304 4199 1447 4264 dies,
1473 4216 1652 4272 neque
1684 4216 1812 4269 nox,
1846 4202 1914 4256 ad
1938 4218 2124 4274 vespe-

2226 3923 2383 3991 αὖθις
2411 3926 2506 3980 τοῦ
2528 3927 2755 3991 σκότους
2782 3925 3168 3989 διαλείποντος,
3184 3924 3368 3996 ἡμέρα
3396 3924 3492 3979 καὶ
3514 3921 3625 3993 φῶς
3642 3917 3786 3989 ἐγίνε-

2225 4036 2306 4084 το,
2330 4019 2450 4091 μεθ’
2475 4019 2511 4074 ἃ
2538 4019 2700 4075 πάλιν
2732 4018 2981 4089 συνήθως
3007 4021 3040 4091 ή
3071 4018 3169 4083 νὺξ
3194 4014 3786 4090 κατελάμϐανενίᾋπρ

2223 4112 2252 4164 ὁ
2268 4112 2369 4183 τῆς
2395 4111 2730 4185 προφητείας
2750 4111 2907 4178 λόγος
2933 4111 3177 4181 ᾐνίττετο
3192 4110 3444 4179 φάσκων·
3466 4127 3484 4159 t
3510 4106 3614 4161 Kal
3628 4101 3785 4176 ἡμέρα

2226 4206 2407 4277 ἐκείνη
2436 4204 2653 4277 γνωστὴ
2680 4204 2758 4276 τῷ
2779 4204 2988 4275 Κυρίῳ,
3012 4203 3107 4256 καὶ
3140 4204 3238 4272 οὐχ
3264 4201 3469 4273 ἡμέρα,
3495 4198 3588 4254 καὶ
3606 4197 3662 4252 οὐ
3688 4188 3782 4256 νὺξ,

530 4299 651 4339 ram
677 4287 785 4341 erit
825 4286 939 4350 lux,
972 4307 991 4339 ι
1030 4289 1148 4345 dies
1182 4290 1404 4361 quidem
1455 4293 1549 4349 ille
1581 4309 1693 4348 non
1724 4301 1861 4359 erat,
1897 4303 2122 4365 propter

530 4376 867 4434 meridianas
920 4381 1197 4449 tenebras,
1252 4384 1349 4439 sed
1402 4400 1507 4441 nec
1553 4386 1683 4441 item
1714 4402 1845 4451 nox,
1898 4397 2120 4458 propter

529 4468 711 4539 ipsius
724 4471 832 4527 diei
853 4488 1164 4540 recursum,
1189 4491 1353 4546 quem
1381 4476 1645 4533 indicavit
1671 4478 1989 4550 significans
2021 4496 2118 4552 per

2223 4300 2286 4351 τὸ
2314 4298 2451 4371 πρὸς
2475 4298 2716 4369 ἑσπέραν
2745 4296 2899 4350 ἔσται
2934 4294 3103 4364 φῶς.)
3130 4295 3242 4364 Οὐχ
3268 4293 3455 4364 ἡμέρα
3486 4292 3584 4363 μὲν
3609 4287 3705 4357 γὰρ
3729 4279 3783 4352 ἦν

2227 4389 2319 4442 διὰ
2352 4391 2414 4443 τὸ
2461 4388 2832 4462 μεσημϐρινὸν
2868 4386 3085 4450 σκότος·
3130 4386 3224 4439 καὶ
3278 4385 3442 4438 πάλιν
3473 4383 3534 4436 οὐ
3583 4378 3673 4445 νὺξ
3714 4371 3785 4428 διὰ

2224 4483 2324 4556 τὴν
2352 4481 2858 4537 ἐπικαταλαϐοῦσαν
2882 4481 3115 4553 ἡμέραν,
3149 4480 3216 4552 ἢν
3246 4476 3590 4551 παρέστησεν
3619 4473 3784 4535 Erum.-

528 4559 624 4616 illa
659 4564 844 4629 verba,
878 4583 898 4615 ι
937 4565 1010 4619 αδ
1050 4583 1338 4638 vesperam
1385 4570 1492 4624 erit
1533 4570 1646 4625 lux.
1692 4591 1711 4623 ι
1762 4571 1897 4639 Quis
1935 4583 2119 4630 autem

2228 4577 2538 4649 μηνάμενος
2580 4575 2669 4630 διὰ
2701 4576 2793 4630 τοῦ
2833 4575 3036 4645 φάναι,
3066 4594 3084 4625 ι
3112 4573 3172 4627 τὸ
3206 4573 3343 4644 πρὸς
3387 4569 3627 4643 ἑσπέραν
3655 4564 3783 4619 ἔσται

526 4667 639 4708 non
661 4653 967 4711 admiretur
994 4658 1157 4713 etiam
1182 4659 1426 4715 hiberna:
1468 4662 1618 4716 horae
1647 4668 2125 4723 commemoratio-

2228 4669 2362 4741 φῶς.
2394 4689 2413 4721 ι
2450 4669 2547 4732 Τίς
2575 4668 2618 4722 δ’
2653 4669 2755 4722 οὐκ
2788 4667 2855 4723 ἂν
2891 4667 3193 4740 θαυμάσειε
3224 4665 3328 4735 τῆς
3356 4662 3632 4735 χειμαδίου
3660 4657 3787 4728 ὧρας

527 4744 880 4815 nem?quam
918 4747 1091 4818 ipsam
1134 4749 1322 4805 itidem
1356 4752 1622 4808 divinavit
1646 4756 1956 4823 oraculum,
1993 4773 2120 4813 cum

528 4831 649 4887 ait:
683 4853 704 4888 t
747 4835 811 4892 Et
855 4837 1033 4909 frigus
1066 4847 1119 4895 et
1167 4842 1291 4912 gelu
1323 4845 1450 4898 erit.
1483 4864 1501 4896 ι
1542 4844 1701 4912 Quod
1746 4849 1874 4904 item
1937 4850 2120 4921 ipsum

526 4923 810 4999 Evangelii
869 4933 1245 5013 testimonium
1298 4940 1681 5003 commendat,
1739 4956 1864 4995 cum
1921 4940 2119 5000 Petrus

527 5017 658 5075 dum
683 5020 868 5079 Iesum
899 5027 1170 5098 sequitur,
1195 5044 1432 5085 accenso
1468 5033 1592 5103 igne
1626 5033 1680 5087 in
1712 5036 1852 5091 atrio
1873 5035 2114 5107 Caiphae,

532 5124 640 5167 una
690 5128 816 5169 cum
864 5117 991 5174 aliis
1050 5106 1413 5176 calefacichat
1461 5138 1541 5179 se.
1590 5124 1828 5182 Proinde
1876 5106 2119 5187 Joannes

526 5200 754 5274 frigoris
796 5222 1018 5280 quoque
1065 5214 1398 5268 mentionem
1447 5218 1797 5286 apertissime
1842 5220 1996 5287 facit,
2035 5222 2121 5278 di-

526 5308 701 5387 cens:
735 5316 756 5349 ι
787 5298 1023 5357 Stabant
1051 5304 1198 5360 servi
1240 5313 1294 5360 et
1326 5308 1568 5363 ministri
1606 5310 1675 5364 ad
1723 5327 1953 5378 prunas,
1989 5319 2120 5387 quia

525 5384 701 5459 frigus
738 5398 876 5457 erat,
919 5404 972 5449 ct
1014 5395 1411 5453 calefaciebant
1446 5400 1588 5456 se”.
1631 5422 1648 5454 ι
1683 5400 1753 5455 Ει
1782 5403 1852 5459 ad
1889 5384 2116 5463 verbum

525 5481 745 5552 quidem
780 5482 1094 5553 huiusmodi
1126 5490 1288 5546 linem
1317 5493 1691 5564 contigerunt,
1719 5511 1839 5567 quae
1866 5500 1946 5554 sic
1976 5517 2120 5571 prer-

524 5573 671 5629 dicta
700 5580 833 5630 sunt
862 5591 876 5628 :
914 5576 984 5632 ad
1012 5595 1238 5637 sensum
1272 5598 1424 5649 vero,
1453 5600 1579 5640 cum
1629 5584 1835 5644 Iudaeis
1870 5591 2115 5648 salutare

597 5752 648 5786 ⁸³
685 5752 920 5812 Zachar.
960 5772 1071 5824 ιη’,
1108 5756 1269 5815 5-10.
1349 5758 1576 5819 "Jcan.
1615 5782 1781 5832 mn,
1821 5768 1909 5825 i8.

2222 4763 2323 4835 τὴν
2356 4765 2575 4835 μνήμην
2601 4779 2615 4829 ;
2644 4763 2712 4834 ἣν
2758 4764 2853 4817 καὶ
2900 4761 3070 4834 αὐτὴν
3119 4759 3409 4814 ἐθέσπισεν
3450 4760 3480 4813 ὁ
3522 4754 3671 4824 λόγος
3701 4748 3786 4819 φή-

2224 4871 2356 4919 σας·
2394 4872 2412 4905 t
2436 4855 2547 4908 Kal
2573 4851 2745 4925 ψῦχος
2790 4854 2886 4907 καὶ
2934 4852 3109 4921 πάγος
3133 4849 3286 4904 ἔσται
3306 4866 3318 4879 ·
3351 4868 3369 4902 ι
3399 4848 3430 4901 ὃ
3463 4848 3559 4901 καὶ
3606 4841 3724 4899 αὐτὸ
3756 4836 3786 4908 ἧ

2223 4948 2318 5001 τοῦ
2365 4947 2698 5018 Εὑαγγελίου
2746 4947 3019 5018 μαρτυρία
3080 4946 3434 5016 συνίστησιν,
3491 4938 3715 5012 ὁπηνίκα
3762 4932 3786 4985 ὁ

2218 5040 2424 5112 Πέτρος
2466 5038 2777 5093 ἀκολουθῶν
2821 5037 2900 5110 τῷ
2957 5036 3168 5108 Ἰησοῦ,
3202 5034 3590 5109 περιαψάντων
3631 5024 3784 5099 πυρὰν

2219 5133 2278 5185 έν
2312 5132 2377 5204 τῇ
2412 5131 2551 5203 αὐλῇ
2582 5130 2678 5185 τοῦ
2727 5130 2971 5201 Καῖάφα,
3021 5128 3159 5203 μετὰ
3193 5129 3303 5183 τῶν
3340 5128 3519 5184 ἄλλων
3557 5117 3786 5196 ἐθερμαί-

2220 5244 2360 5283 νετο.
2401 5226 2459 5281 Ὀ
2505 5223 2637 5296 γοῦν
2698 5225 2953 5296 Ἰωάννης
3002 5225 3265 5296 ἄντικρυς
3316 5220 3410 5276 καὶ
3462 5218 3558 5274 τοῦ
3606 5216 3787 5290 ψύχους

2221 5321 2628 5393 ἐμνημόνευσεν
2667 5316 2839 5374 εἰπών
2858 5335 2873 5350 ·
2908 5337 2927 5370 t
2953 5318 3316 5389 Είστήκεισαν
3344 5315 3394 5368 οἱ
3434 5313 3613 5368 δοῦλοι
3644 5304 3788 5364 xalol

2224 5412 2498 5485 ὑπηρέται
2556 5411 2857 5485 ἀνθρακιὰν
2918 5408 3313 5481 πεποιηκότες,
3359 5408 3442 5460 ὅτι
3492 5405 3659 5477 ψῦχος
3696 5394 3786 5472 ἦν.

2224 5506 2318 5561 καὶ
2347 5502 2750 5578 ἐθερμαίνοντο.
2780 5522 2799 5554 ι
2826 5502 2938 5557 Καὶ
2990 5501 3129 5577 πρὸς
3173 5500 3269 5573 μὲν
3308 5500 3407 5573 τὴν
3442 5498 3587 5564 λέξιν
3630 5488 3788 5548 τοιού-

2222 5615 2317 5652 του
2351 5596 2541 5661 τέλους
2590 5596 2855 5668 ἐτύγχανε
2893 5596 2962 5651 τά
3021 5592 3475 5669 προηγορευμένα
3496 5610 3510 5623 ·
3574 5589 3702 5661 πρὸς
3739 5582 3789 5637 δὲ
