4100 6474
262 406 394 467 ‘m
1234 348 1897 455 osuoxsrmhoms
1936 345 2402 439 suaesuae;
2442 377 2573 434 LIB.
2615 376 2661 432 x
3466 370 3570 428 753

265 525 541 581 διάνοιαν
564 525 645 588 τὸ,
673 525 780 577 πᾶν
818 522 1088 577 Ἰουδαίων
1110 519 1282 583 ἔθνος,
1313 516 1404 571 τοῦ
1426 515 1692 587 σωτηρίου
1721 506 1888 579 φωτὸς

2002 508 2184 562 lumen
2211 503 2506 563 illuxisset,
2545 500 2759 571 ipsique
2796 497 2980 569 potius
3009 496 3262 551 tenebras
3292 509 3455 564 quam
3480 496 3570 548 lu-

269 617 489 683 αΰτοῖς
518 616 947 688 ἐπιλάμψαντος,
984 615 1161 669 αὐτῶν
1201 631 1260 667 τε
1295 611 1498 685 μᾶλλον
1525 609 1588 663 τὸ
1621 608 1808 670 σκότος
1850 606 1884 677 ἢ

269 709 347 766 τὺ
404 710 530 780 φῶς
575 709 865 781 ἑλομένων,
908 708 1054 761 τοῦθ’
1088 709 1225 777 ὅπερ
1260 707 1352 760 καὶ
1381 705 1585 759 εἴλοντο
1624 699 1888 773 μετῆλθεν

272 802 521 868 αὐτοὺς,
552 802 1004 874 ἀναχωρήσαντος
1034 800 1130 870 μὲν
1187 795 1502 857 αὐτῶνῖτοῦ
1543 793 1739 864 φωτὸς,
1770 791 1887 845 δια·-

271 892 576 967 λασούσης
604 894 662 948 δὲ
692 894 891 957 αὐτοὺς
921 890 1114 955 νυκτὸς
1156 888 1458 961 ἁφεγγοῦς,
1512 885 1888 957 σκπισθείσης

273 987 483 1043 αὐτῶν
510 988 616 1059 τῆς
640 986 879 1050 διανοίας
897 1025 910 1047 ,
942 986 1078 1057 πρὸς
1117 984 1180 1038 τὸ
1211 983 1284 1055 μὴ
1317 980 1607 1051 διαυγάσαι
1650 980 1742 1034 τὸν
1771 997 1886 1049 φω-

271 1083 494 1155 τισμὸν
522 1083 616 1138 τοῦ
643 1082 973 1153 Εὐαγγελίου
998 1083 1055 1135 ἐν
1081 1083 1202 1143 ταῖς
1222 1077 1471 1151 καρδίαις
1496 1074 1695 1129 αὐτῶν.
1726 1072 1888 1126 Ἀλλά

275 1173 386 1226 καὶ
423 1172 699 1244 ψυγείσης
723 1174 823 1243 τῆς
852 1173 991 1244 πρὸς
1024 1171 1116 1224 τὸν
1149 1170 1282 1223 Θεὸν
1325 1168 1547 1238 ἀγάπης
1591 1164 1791 1228 αὐτῶν,
1817 1162 1887 1217 τά

276 1265 550 1337 σύμϐολα
576 1266 781 1319 τούτων
813 1266 1035 1328 εἰκότως
1068 1263 1319 1325 ἐτελεῖτο,
1349 1258 1652 1332 ὲπληροῦτό
1672 1275 1727 1311 τε
1757 1254 1885 1327 ἑξῆς

273 1358 356 1411 τὰ
382 1358 494 1429 τῆς
524 1358 902 1429 προρρήσεως,
932 1355 1075 1410 κατὰ
1108 1355 1206 1427 τὴν
1239 1354 1446 1407 τοιάνδε
1482 1353 1582 1424 τῆς
1616 1351 1884 1422 σωτηρίου

276 1452 625 1521 ἐπιφανείας
679 1451 892 1523 ἡμέραν
951 1448 1143 1512 ὓδατος
1198 1447 1396 1513 ζῶντος
1456 1444 1762 1513 ἐξελθόντος
1828 1441 1888 1507 ἐξ

290 1544 697 1617 Ἰερουσαλὴμ,
744 1545 823 1608 εἰς
875 1544 1050 1599 πάντα
1099 1542 1169 1596 τὰ
1220 1542 1346 1612 ἔθνη
1398 1539 1751 1614 προελθόντος
1791 1535 1885 1591 τοῦ

272 1636 525 1708 γονίμου
557 1638 652 1691 καὶ
692 1637 923 1703 ζωτικοῦ
974 1637 1073 1709 τῆς
1114 1634 1474 1705 εύαγγελικῆς
1518 1631 1884 1695 διδασκαλίας,

276 1726 608 1800 ἀρξαμένου
646 1729 743 1800 μὲν
774 1728 884 1788 ἀπὸ
932 1730 1031 1800 τῆς
1087 1726 1349 1789 Ἰουδαίας
1383 1726 1477 1780 καὶ
1520 1723 1581 1787 ἐξ
1610 1723 1781 1794 αὐτῆς
1820 1739 1886 1792 γε

275 1822 392 1893 τῆς
429 1824 823 1897 Ἰερουσαλὴμ,
853 1822 1186 1886 διαδοθέντος
1221 1822 1277 1876 δὲ
1328 1824 1406 1885 εἰς
1437 1822 1616 1875 πᾶσαν
1647 1820 1745 1893 τὴν
1780 1819 1885 1891 γῆν
1916 1854 1960 1911 Β

277 1915 385 1969 καὶ
412 1917 499 1981 εἰς
524 1915 702 1970 πάντα
725 1915 793 1969 τά
824 1916 921 1987 τῆς
964 1914 1288 1985 οἰκουμένης
1322 1914 1552 1985 πέρατα.
1584 1912 1788 1965 Τούτου
1827 1912 1885 1965 δὲ

276 2004 385 2060 τοῦ
443 2007 637 2071 ὓδατος
690 2008 784 2061 καί
828 2006 993 2071 αὐτὸς
1022 2008 1050 2060 0
1093 2005 1284 2077 Σωτὴρ
1336 2007 1431 2059 καὶ
1478 2004 1684 2076 Κύριος
1729 2004 1887 2076 ἡμῶν

283 2099 632 2171 μνημονεύει
650 2098 823 2169 λέγων
845 2099 981 2171 πρὸς
1012 2098 1111 2170 τὴν
1126 2100 1453 2171 Σαμαρεῖτιν
1474 2116 1487 2129 ’
1510 2120 1524 2142 σ
1553 2099 1615 2150 Εἰ
1639 2097 1785 2173 ᾕδεις
1803 2096 1887 2160 τίς

278 2187 448 2243 ἔστιν
479 2192 507 2244 ὁ
536 2189 702 2246 αἰτῶν
730 2206 789 2242 σε
818 2192 982 2253 πιεῖν,
1005 2189 1068 2242 σὺ
1100 2187 1166 2242 ἂν
1194 2188 1405 2260 ᾔτησας
1428 2187 1612 2248 αὐτὸν,
1641 2187 1734 2239 καὶ
1755 2185 1885 2238 ἔδω-

280 2296 386 2333 κεν
430 2280 497 2334 ἄν
524 2297 604 2334 σοι
635 2279 778 2352 ὓδωρ
804 2277 931 2344 ζῶν.
955 2299 973 2329 ι
1002 2281 1141 2351 Ὅση
1168 2280 1225 2333 δὲ
1266 2282 1380 2342 τοῖς
1420 2276 1887 2349 ἀπογευσαμένοις

278 2369 384 2424 τοῦ
436 2370 637 2437 ζῶντος
664 2374 759 2427 καὶ
786 2371 1005 2441 λογικοῦ
1050 2374 1289 2444 νάματος
1329 2370 1572 2444 ὑπῆρξεν
1612 2369 1882 2439 ὠφέλεια,

280 2465 631 2538 παρίστησιν
661 2467 807 2539 ἑξῆς,
828 2467 1115 2531 διδάσκων,
1132 2469 1207 2532 ὡς
1231 2470 1278 2521 οἱ
1309 2468 1524 2531 πιόντες
1548 2465 1735 2530 αὑτοῦ,
1758 2467 1887 2529 τοὺς

282 2561 472 2619 ⁸πάλαι
506 2562 734 2627 πολλοὺς
776 2561 1197 2634 βασιλεύσαντας
1225 2561 1403 2615 αὐτῶν
1426 2561 1687 2632 δαίμονας
1717 2577 1885 2630 πονη-

285 2656 433 2731 ροὺς
481 2655 930 2728 άπαρνησάμενοι
957 2695 977 2719 ,
1005 2656 1103 2709 τὸν.
1147 2655 1242 2709 ἕνα
1279 2654 1482 2721 Κύριον
1525 2655 1619 2708 καί¹
1665 2651 1886 2724 βασιλέα

284 2749 453 2819 σφῶν
482 2748 659 2802 αὐτῶν
681 2748 1093 2820 ὁμολογήσουσι,
1124 2750 1220 2802 καὶ
1246 2748 1321 2812 ὡς
1343 2750 1370 2802 0
1397 2748 1602 2819 Κύριος
1633 2747 1661 2800 0
1704 2746 1886 2817 μόνοις

279 2837 349 2891 τὸ
390 2838 521 2909 πρὶν
551 2837 824 2915 Ἑϐραίοις
854 2837 1282 2911 γνωριζόμενος,
1308 2839 1598 2907 γενήσεται
1635 2834 1887 2906 βασιλεὺς

284 2931 523 2988 πάντων
554 2930 665 2985 τῶν
700 2933 780 2997 εἰς
821 2930 982 2985 αύτδν
1031 2930 1090 2996 ἐξ
1123 2931 1342 3002 ἁπάσης
1380 2931 1480 3002 τῆς
1516 2930 1618 3001 γῆς
1664 2946 1885 2982 πιστευ-

285 3022 513 3077 σάντων
559 3021 763 3077 ἐθνῶν·
810 3024 907 3078 καὶ
952 3022 1015 3076 τὸ
1064 3023 1234 3094 ὄνομα
1263 3022 1427 3075 αὐτοῦ
1475 3021 1532 3075 ἓν
1569 3021 1757 3086 ἔσται,
1790 3039 1887 3075 κυ-

284 3112 465 3171 κλοῧν
494 3115 676 3183 πᾶσαν
722 3113 823 3185 τὴν
863 3114 967 3186 γῆν
998 3115 1092 3170 καὶ
1119 3114 1219 3186 τὴν
1258 3113 1486 3185 ἔρημον.
1512 3114 1578 3167 Ὃ
1622 3114 1717 3168 καὶ
1752 3112 1885 3168 αὐτὸ

1964 613 2117 655 'men
2178 596 2415 667 amplexi
2462 600 2668 657 essent,
2704 594 2808 647 hoc
2852 590 3000 661 quod
3044 590 3113 645 ab
3161 589 3297 659 ipsis
3337 587 3571 643 electum

1991 700 2447 760 assumptumque
2483 696 2589 751 est,
2624 687 2940 742 universam
2996 684 3241 755 ipsorum
3293 682 3570 738 nationem

1990 783 2211 838 invasit.
2253 780 2391 836 Cum
2423 780 2569 836 enim
2600 778 2706 849 ipsi
2745 777 3107 833 recessissent
3134 792 3163 830 a
3202 776 3341 839 luce,
3374 780 3430 829 et
3472 789 3572 833 eos

1991 877 2228 932 obscura
2267 889 2376 929 nox
2409 878 2757 943 occupasset,
2798 870 3110 926 obscuratis
3137 869 3379 940 ipsorum
3420 884 3575 926 men-

1989 968 2163 1032 tibus,
2195 982 2261 1023 eo
2288 965 2435 1038 quod
2486 961 2813 1019 illuminatio
2854 962 3165 1030 evangelica
3205 959 3390 1016 radios
3436 975 3573 1020 suos

1991 1062 2046 1117 in
2079 1060 2247 1117 corda
2278 1061 2523 1130 ipsorum
2560 1073 2671 1112 non
2714 1055 3053 1117 immitteret,
3083 1053 3383 1124 quinetiam
3409 1050 3572 1112 refri-

1989 1164 2175 1228 gerata
2206 1156 2449 1226 ipsorum
2482 1168 2611 1224 erga
2635 1151 2803 1209 Deum
2848 1149 3136 1211 cbaritate,
3167 1148 3355 1202 talium
3383 1162 3572 1203 rerum

1991 1248 2149 1317 signa
2183 1246 2382 1301 merito
2416 1258 2679 1314 expressa
2710 1247 2860 1309 sunt,
2884 1250 2940 1295 et
2970 1240 3025 1294 in
3058 1239 3151 1293 tali
3180 1235 3440 1294 salutaris
3471 1236 3570 1293 ad-

1989 1350 2187 1396 ventus
2213 1340 2301 1394 die
2333 1338 2604 1408 completa
2633 1343 2761 1390 sunt
2786 1350 2872 1399 ea,
2899 1349 3021 1404 qua:
3051 1332 3117 1387 ad
3156 1332 3260 1387 hoc
3283 1330 3569 1385 oraculum

1989 1432 2288 1503 pertinent,
2321 1430 2451 1484 dum
2479 1443 2621 1499 aqua
2665 1428 2854 1483 vivens
2877 1426 3113 1495 erumpit
3136 1440 3205 1480 ex
3239 1421 3567 1490 Jerusalem,

1988 1533 2044 1581 et
2072 1526 2129 1579 in
2172 1539 2364 1579 omnes
2403 1530 2595 1594 gentes
2641 1518 2988 1590 progreditur
3036 1516 3307 1572 fecundus
3353 1524 3409 1571 et
3446 1514 3571 1570 vita)

1990 1623 2311 1688 apportator
2350 1612 2681 1684 evangelicae
2733 1609 2999 1665 doctrina:
3045 1623 3227 1663 sermo
3261 1625 3273 1660 :
3306 1605 3399 1678 qui
3443 1621 3569 1660 cum

1989 1708 2271 1781 profectus
2302 1707 2373 1763 sit
2396 1706 2464 1762 de
2490 1704 2676 1761 Iudaea
2705 1712 2758 1759 et
2790 1702 2858 1758 de
2888 1702 3005 1773 ipsa
3034 1700 3358 1765 Jerusalem,
3395 1700 3572 1756 disse-

1990 1804 2233 1858 minatus
2278 1810 2469 1872 postea
2512 1806 2598 1855 est
2626 1799 2682 1852 in
2713 1811 2930 1852 omnem
2970 1805 3171 1851 terram
3206 1803 3261 1848 et
3289 1795 3344 1848 in
3377 1807 3571 1848 onmes

1989 1898 2141 1953 orbis
2164 1905 2437 1951 terrarum
2470 1893 2628 1948 lines.
2662 1889 2837 1960 Hujus
2866 1904 2997 1944 vero
3026 1903 3181 1957 aqua:
3209 1888 3326 1957 ipse
3351 1902 3571 1956 quoque

1992 1990 2243 2045 Salvator
2264 2002 2326 2043 ac
2360 1986 2623 2041 Dominus
2649 1992 2837 2039 noster
2865 1981 3133 2044 meminit,
3164 1981 3293 2036 dum
3329 1978 3573 2049 loquitur

1989 2100 2114 2138 cum
2159 2083 2386 2136 muliere
2418 2077 2800 2134 Samaritana:
2833 2095 2851 2127 ‹
2880 2073 2937 2129 Si
2984 2074 3183 2139 scires,
3215 2073 3413 2143 inquit,
3445 2071 3572 2141 quis

1988 2185 2074 2233 est
2114 2175 2207 2247 qui
2240 2173 2373 2244 petit
2401 2188 2432 2226 a
2472 2182 2526 2226 te
2566 2171 2775 2235 bibere,
2822 2177 2879 2223 tu
2912 2167 3146 2239 petisses
3175 2166 3243 2220 ab
3271 2180 3359 2229 eo,
3388 2172 3443 2219 et
3471 2164 3571 2219 de-

1987 2269 2159 2325 disset
2188 2267 2284 2323 tibi
2314 2281 2513 2337 aquam
2542 2264 2718 2319 vivam
2737 2262 2805 2318 9'.
2840 2281 2858 2313 ›
2896 2261 3110 2327 Quanta
3143 2265 3323 2313 autem
3352 2257 3419 2311 ad
3449 2271 3569 2323 eos,

1986 2364 2080 2435 qui
2109 2362 2291 2418 vivam
2347 2357 2787 2429 rationalemque
2824 2369 3020 2425 aquam
3052 2351 3417 2424 gustaverint,
3445 2366 3575 2405 ven-

1986 2468 2110 2513 tura
2165 2456 2237 2511 sit
2292 2454 2520 2517 utilitas,
2580 2452 2827 2507 declarat
2877 2447 3171 2517 deinceps,
3225 2444 3354 2500 dum
3411 2443 3574 2500 docet

1987 2548 2447 2623 quemadmodum
2479 2547 2572 2618 qui
2596 2561 2718 2602 eam
2747 2557 2945 2615 aquam
2988 2540 3252 2603 biberint,
3284 2547 3339 2595 et
3368 2537 3573 2592 multos

1987 2642 2132 2705 illos,
2157 2640 2253 2711 qui
2284 2646 2444 2694 antea
2494 2635 2633 2707 ipsis
2664 2632 3027 2706 imperabant,
3057 2629 3330 2701 malignos
3369 2628 3576 2683 daemo-

1987 2747 2088 2787 nas
2105 2727 2516 2801 abuegaverint,
2542 2727 2579 2782 ii
2609 2740 2778 2781 unum
2809 2723 2896 2779 sui
2927 2723 3173 2795 ipsorum
3203 2727 3257 2777 et
3279 2718 3577 2776 Dominum-

1986 2832 2040 2879 et
2075 2839 2257 2895 regem
2290 2820 2720 2883 conﬁtebuntur,
2755 2816 2883 2871 item
2913 2813 3059 2884 quod
3085 2813 3134 2869 is
3166 2811 3453 2877 Dominus,
3476 2811 3572 2882 qui

1987 2917 2057 2972 ab
2086 2919 2212 2971 unis
2254 2912 2499 2969 Hebraeis
2530 2919 2693 2966 antea
2737 2907 3088 2972 noscebatur,
3131 2904 3301 2978 489
3343 2920 3440 2960 rex
3479 2903 3573 2959 lict

1985 3007 2230 3089 omnium
2268 3020 2458 3062 earum
2497 3002 2804 3067 nationum,
2838 3014 2961 3072 qua:
3003 3015 3073 3055 ex
3113 2999 3379 3053 universa
3419 3002 3573 3052 terra

1988 3106 2044 3162 in
2068 3105 2245 3176 ipsius
2267 3101 2427 3159 ﬁdem
2459 3100 2747 3166 venerint;
2772 3106 2827 3153 et
2857 3109 3055 3151 nomen
3085 3092 3207 3163 ejus
3238 3106 3410 3148 unum
3441 3089 3569 3154 erit.

285 3207 380 3271 τίς
410 3206 516 3260 οὐκ
547 3182 615 3260 ἂν
642 3182 790 3277 ὁρῶν
831 3182 1186 3278 ἐκπλαγείηξ
1205 3182 1312 3260 ἀπδ
1341 3182 1472 3275 γοῦν
1504 3208 1602 3278 τῆς
1643 3204 1881 3278 Χριστοῦ

1989 3199 2237 3255 ambiens
2287 3195 2607 3252 universam
2656 3200 2861 3247 terram
2892 3199 2950 3245 et
2996 3185 3372 3247 solitudinem,
3420 3182 3570 3254 quod

288 3299 696 3372 προσηγορίας,
744 3300 903 3364 αὐτὸς
935 3300 991 3357 δὲ
1028 3295 1096 3371 ἦν
1142 3302 1170 3354 0
1213 3300 1445 3372 Χριστὸς
1482 3302 1511 3353 0
1549 3299 1773 3371 Κύριος,
1822 3303 1886 3355 τὸ

288 3391 408 3445 τῶν
451 3392 792 3465 Χριστιανῶν
828 3393 1021 3464 ὄνομα,
1045 3393 1223 3448 πάντα
1278 3395 1442 3448 τόπον
1481 3395 1574 3448 καὶ
1613 3395 1764 3449 πόλιν
1794 3397 1887 3450 καί

291 3482 506 3559 χώραν,
540 3486 635 3539 καὶ
678 3484 820 3540 αὐτά
866 3502 930 3555 γε
978 3484 1047 3539 τὰ
1092 3488 1151 3540 ὲν
1196 3490 1317 3551 ταῖς
1351 3488 1579 3560 ἐρήμοις
1619 3487 1714 3542 καὶ
1767 3490 1886 3552 ταῖς

292 3576 581 3648 Ξσχατιαίς
611 3577 710 3648 τῆς
739 3577 843 3649 γῆς
876 3576 1128 3631 οἰκοῦντα
1151 3576 1279 3648 ἔθνη
1316 3577 1750 3650 περιεκύκλωσε,
1775 3581 1886 3643 τοῖς

292 3668 400 3741 τῆς
430 3669 766 3745 προφητείας
792 3669 1100 3736 ἀκολούθως
1126 3670 1511 3745 θεσπίσμασιν.

311 3997 457 4074 Ἀπό
479 3997 732 4074 ψαλμοῦ
764 4005 877 4053 ια’.
896 4032 965 4074 g—
992 4000 1136 4070 Περί
1162 4001 1281 4057 τῶν
1307 4004 1459 4059 κατὰ
1486 4003 1554 4059 σύ
1592 4005 1891 4074 σωτήριον

370 4067 1137 4152 αςάιθοςυἐξατελεῖς-θὶιξντξιυὶρΖ
1155 4076 1260 4142 Εἰς
1292 4073 1357 4128 τὸ
1387 4075 1563 4142 τέλος
1598 4067 1890 4145 ὑπὲρτῆς

376 4139 759 4210 ἀντιλήψεως
784 4140 896 4211 τῆς
922 4141 1194 4213 ἑωθινῆς.

382 4312 403 4343 ι
422 4292 481 4346 ’0
511 4291 664 4358 Θεὸς,
691 4294 720 4346 0
746 4293 879 4359 Θεός
916 4311 1039 4366 μου,
1097 4295 1333 4369 πρόσχες
1359 4315 1473 4370 μου
1496 4298 1585 4353 ἴνα
1611 4298 1665 4352 τί
1692 4301 1890 4369 ἐγκατ-

301 4382 488 4447 έλιπές
520 4402 619 4457 με;
669 4386 886 4460 μακρὰν
916 4387 1025 4441 ἀπὸ
1056 4388 1156 4459 τῆς
1186 4392 1459 4464 σωτηρίας
1493 4390 1594 4464 μου
1645 4395 1694 4446 οἰ
1745 4393 1891 4464 λόγοι

299 4475 413 4529 τῶν
461 4480 923 4552 παραπτωμάτων
971 4484 1169 4554 μου.⁹υ
1210 4483 1343 4549 Θεός
1388 4502 1510 4557 μου,
1552 4485 1891 4560 κεκράξομαι

298 4569 518 4642 ἡμέρας
547 4572 685 4645 πρὸς
710 4573 791 4636 σὲ,
823 4574 918 4629 καὶ
947 4576 1050 4630 οὐκ
1080 4576 1406 4651 εἰσακούσῃ’
1446 4580 1540 4633 καί
1564 4581 1776 4647 νυκτὸς,
1792 4584 1890 4651 καὶ

299 4663 406 4718 οὐκ
449 4665 530 4729 εἰς
575 4644 761 4720 ἄνοιαν
808 4668 954 4739 ἐμοί.
992 4670 1062 4723 Σὺ
1115 4670 1173 4724 δὲ
1218 4672 1276 4725 ὲν
1323 4644 1503 4742 άγίοις
1535 4644 1832 4742 κατοικεῖς,
1860 4676 1890 4729 0

301 4752 525 4821 ἔπαινος
575 4757 669 4811 τοῦ
711 4758 943 4832 Ἰσραήλ.
972 4760 1095 4814 Ἐπὶ
1149 4763 1232 4817 σοὶ
1276 4762 1508 4834 ἤλπισαν
1551 4767 1601 4818 οἱ
1651 4766 1890 4840 πατέρες

303 4847 482 4919 ἡμῶν,
516 4848 769 4921 ἣλπισαν,
810 4851 905 4905 καὶ
948 4852 1165 4925 ὲρῤύσω
1209 4855 1423 4919 αὐτούς.
1466 4857 1609 4928 Πρὸς
1658 4859 1719 4912 σὲ
1765 4858 1891 4913 ἐκέ-

305 4936 532 5011 κραξαν,
564 4941 660 4994 καὶ
685 4942 967 5014 ἐσώθησαν
986 4961 1000 4974 ·
1034 4945 1128 4997 ἐπὶ
1163 4946 1245 4999 σοί⁸
1270 4947 1526 5018 ἤλπισαν,
1553 4950 1648 5004 καὶ
1672 4951 1733 5003 οὐ
1764 4969 1894 5005 κατ-

304 5031 674 5104 ῃσχύνθησαν.
692 5033 834 5106 Ἐγὼ
863 5035 923 5090 δέ
966 5038 1081 5108 εἰμι
1117 5036 1352 5110 σκώληξ,
1380 5042 1474 5095 καὶ
1522 5043 1625 5098 οὐκ
1681 5044 1892 5118 ἀνθρω-

306 5144 426 5192 mg,
461 5128 660 5194 ὄνειδος
689 5130 1011 5203 ἀνθρώπων,
1041 5133 1136 5188 καὶ
1189 5134 1522 5209 ὲξουδένημα
1565 5139 1719 5196 λαοῦ.
1749 5142 1891 5196 Πάν-

301 5235 395 5284 τες
432 5221 482 5273 οἱ
526 5221 855 5295 θεωροῦντές
911 5242 979 5295 με
1024 5224 1465 5301 ὲξεμυκτήρισάν
1497 5249 1585 5302 με,
1620 5232 1891 5305 ἐλάλησαν

304 5310 365 5365 ἰν
406 5312 661 5383 χείλεσιν,
710 5314 970 5386 ἐκίνησαν
1021 5317 1296 5390 κεφαλήνο
1332 5320 1596 5376 Ἥλπισεν
1642 5324 1736 5377 ἐπὶ
1773 5325 1892 5379 Κύ-

306 5419 442 5475 ριον.
479 5405 732 5476 ῥυσάσθω
755 5406 938 5472 αὐτὸν,
968 5410 1197 5466 σωσάτω
1223 5412 1406 5480 αὐτὸν,
1430 5414 1511 5469 ὅτι
1535 5414 1677 5471 θέλει
1703 5419 1887 5476 αὐτόν.

307 5496 429 5551 Ὅτι
463 5498 526 5551 σὺ
559 5493 613 5550 εί
655 5500 685 5551 0
729 5500 1017 5566 έκσπάσας
1046 5520 1113 5574 με
1158 5505 1223 5557 ἐκ
1250 5507 1490 5579 γαστρὸς
1530 5508 1564 5579 ἡ
1596 5508 1751 5574 ἐλπίς
1785 5527 1886 5582 μου

300 5586 410 5641 ἀπὺ
444 5590 663 5660 μαστῶν
692 5592 791 5664 τῆς
822 5594 1027 5666 μητρός
1062 5612 1183 5666 μου.
1204 5597 1327 5653 Ἐπὶ
1369 5598 1430 5652 σὲ
1475 5601 1778 5676 ἐπερρίφην
1824 5606 1889 5659 ὲκ

306 5681 542 5753 μήτρας,
573 5683 682 5737 ἀπὸ
725 5685 960 5757 γαστρὸς
997 5688 1203 5762 μητρός
1235 5707 1338 5761 μου
1384 5691 1517 5756 Θεός
1553 5711 1656 5768 μου
1702 5692 1753 5750 εἴ
1803 5696 1889 5752 σύ.

373 5859 421 5893 ⁸⁸
445 5857 613 5916 'Joan.
650 5877 702 5917 tv
723 5903 738 5928 ,
772 5863 858 5920 10.

1988 3292 2209 3364 quidem
2250 3292 2430 3361 ipsum
2458 3288 2551 3343 ubi
2596 3286 2721 3357 quis
2768 3281 2987 3347 viderit,
3016 3279 3107 3351 qui
3157 3276 3272 3335 ﬁeri
3309 3276 3485 3347 possit
3512 3283 3574 3329 ut

1989 3402 2100 3441 non
2131 3381 2467 3439 admiretur?
2492 3378 2693 3436 etenim
2721 3391 2750 3430 a
2781 3373 2989 3431 Christi
3011 3369 3299 3434 vocabulo,
3318 3367 3578 3426 Christus

1988 3490 2153 3545 porro
2178 3474 2295 3545 ipse
2339 3469 2605 3526 Dominus
2643 3473 2749 3529 est,
2773 3463 3215 3520 Christianorum
3244 3472 3440 3513 nomen
3477 3455 3577 3512 d0-

1988 3569 2214 3623 ductum
2276 3579 2493 3620 omnem
2544 3564 2723 3618 locum
2767 3568 2822 3617 et
2874 3560 3150 3614 civitatem
3195 3563 3250 3610 et
3291 3552 3575 3625 regionem

1989 3663 2247 3732 ipsasque
2281 3663 2337 3715 in
2378 3659 2610 3715 desertis
2642 3656 2865 3725 orisque
2904 3651 3168 3709 extremis
3216 3658 3376 3705 terrae
3417 3647 3575 3703 habic

1990 3762 2172 3810 tantes
2198 3753 2451 3811 nationes
2492 3748 2767 3814 circuivit,
2800 3746 2960 3802 tidem
2996 3759 3062 3801 eo
3092 3742 3259 3798 modo
3288 3742 3500 3796 faciens
3520 3746 3576 3795 et

1991 3845 2348 3904 consentiens
2376 3843 2613 3915 hujusce
2644 3840 2945 3913 pr0pbetiae
2970 3836 3252 3894 vaticinia.

1992 4008 2036 4060 Α
2077 4009 2283 4077 psalmo
2309 4018 2424 4058 ut.
2448 4032 2518 4077 :—
2535 4001 2611 4077 De
2634 4002 2702 4055 iis
2724 4015 2841 4070 qua:
2858 4000 2909 4052 in
2929 3994 3299 4077 ipsa_'sa!utari
3324 3991 3575 4077 passione

2099 4078 2240 4148 facta
2269 4082 2411 4132 sunt.
2440 4072 2506 4128 In
2532 4074 2692 4142 ﬁnem
2712 4065 2808 4141 pro
2830 4065 3160 4137 susceptione
3183 4065 3477 4119 matutina.

2071 4321 2091 4354 ι
2122 4299 2290 4367 Deus,
2320 4298 2467 4357 Deus
2499 4314 2678 4366 meus,
2704 4295 2916 4368 respice
2943 4294 3000 4349 in
3027 4309 3151 4361 me;
3180 4307 3353 4363 quare
3369 4306 3454 4349 me
3482 4290 3577 4347 de-

1994 4394 2319 4467 reliquisti?
2365 4394 2527 4464 longe
2563 4406 2595 4446 a
2642 4390 2820 4446 salute
2866 4402 2987 4442 mea
3040 4386 3204 4441 verba
3252 4384 3578 4441 delictorum

1996 4502 2269 4544 meorum.
2302 4484 2449 4540 Deus
2497 4497 2675 4548 meus,
2715 4478 2964 4536 clamabo
2999 4493 3096 4550 per
3136 4476 3278 4533 diem
3321 4476 3390 4531 ad
3421 4484 3493 4539 te,
3527 4482 3582 4531 et

1922 4549 1972 4609 θ
1998 4595 2111 4635 non
2141 4577 2436 4644 exaudies;
2469 4584 2524 4631 et
2560 4590 2659 4647 per
2688 4582 2927 4636 noctem,
2965 4579 3023 4625 et.
3058 4584 3168 4628 non
3214 4569 3281 4627 ad
3316 4567 3583 4638 insipien-

1998 4675 2132 4729 tiam
2164 4672 2317 4728 mihi.
2346 4669 2427 4725 Tu
2459 4676 2640 4725 autem
2674 4668 2729 4722 in
2754 4666 2961 4723 sanctis
2982 4663 3223 4728 habitas,
3245 4664 3368 4719 laus
3392 4660 3581 4718 Israel.

1998 4765 2058 4821 ln
2087 4774 2139 4821 te
2166 4771 2528 4836 speraverunt
2558 4770 2744 4832 patres
2786 4759 2986 4824 nostri,
3018 4763 3398 4828 speraverunt,
3431 4761 3486 4809 et
3520 4752 3582 4807 li-

2000 4858 2205 4913 berasti
2239 4872 2357 4912 eos.
2386 4853 2466 4908 Ad
2497 4860 2552 4909 te
2577 4853 2977 4914 clamaverunt.
3007 4857 3061 4905 et
3100 4848 3237 4903 salvi
3275 4846 3401 4903 facti
3432 4852 3582 4901 sunt.

2000 4949 2059 5005 In
2090 4956 2145 5004 te
2173 4954 2558 5019 speraverunt,
2586 4952 2642 5001 et
2672 4960 2783 4999 non
2812 4950 2943 4998 sunt
2972 4938 3210 4996 confusi.
3234 4937 3357 5008 Ego
3400 4945 3582 4991 autem

2002 5058 2125 5099 sum
2150 5040 2356 5097 vermis
2384 5048 2439 5097 et
2468 5054 2580 5095 non
2607 5038 2804 5104 homo;
2828 5033 3184 5107 opprobrium
3216 5032 3499 5086 hominum
3530 5036 3584 5086 et

2001 5134 2242 5204 abjectio
2284 5131 2482 5203 plebis.
2529 5129 2734 5186 Omnes
2774 5128 3023 5184 videntes
3062 5142 3170 5188 me,
3205 5124 3584 5181 subsannave-

1997 5234 2126 5282 runt
2147 5242 2257 5293 me,
2280 5225 2447 5280 locuti
2476 5230 2617 5281 sunt.
2633 5223 2813 5289 labiis,
2833 5227 3205 5281 etmoverunt
3231 5225 3415 5288 caput.
3447 5214 3584 5289 Spe.-

1994 5304 2139 5377 ravit
2166 5319 2221 5374 in
2245 5317 2527 5375 Domino:
2559 5316 2758 5386 eripiat
2788 5329 2937 5380 eum,
2969 5313 3179 5369 salvum
3238 5309 3404 5366 faciat
3432 5324 3580 5369 eum.

1998 5415 2256 5487 quoniam
2287 5414 2404 5469 vult
2442 5426 2590 5475 eum,
2630 5409 2889 5481 quoniam
2930 5415 2986 5463 tu
3034 5423 3115 5471 es,
3141 5406 3243 5477 ,qui
3293 5403 3593 5461 extraxisti.

1997 5525 2089 5566 me
2110 5508 2180 5565 de
2219 5516 2449 5574 ventre;
2479 5520 2607 5576 spes
2634 5517 2753 5559 mea
2793 5502 2862 5557 ab
2902 5500 3166 5557 uberibus
3195 5498 3389 5555 matris
3425 5509 3580 5553 mea.

1996 5601 2056 5659 lu
2081 5610 2138 5659 te
2167 5600 2449 5673 proiectus
2480 5613 2601 5654 sum
2620 5612 2685 5652 ex
2709 5601 2885 5649 utero.
2910 5591 2987 5648 De
3015 5600 3207 5647 ventre
3228 5589 3422 5649 matris
3449 5599 3584 5647 mea

1992 5698 2141 5755 Deus
2164 5710 2323 5753 meus
2347 5708 2407 5751 es
2435 5702 2519 5759 tu,
2545 5706 2614 5747 ne
2636 5686 2965 5745 discesseris
2990 5700 3020 5739 a
3053 5700 3159 5750 me,
3184 5682 3443 5754 quoniam
3475 5680 3583 5738 tiri-
