4054 6408
1211 361 1481 421 EUSEBll
1520 363 2006 422 casamnsrs
2054 364 2205 423 ore.
2247 342 2430 427 ι»Αὼ
2471 367 2535 426 n.
2577 399 2647 411 —
2682 367 3186 430 APOLOGETICA.

3681 376 3785 435 760

536 470 750 535 bulatio
774 477 1023 547 proxima
1049 484 1157 548 est,
1187 481 1449 550 quoniam
1495 495 1603 537 non
1633 489 1717 538 est
1745 484 1841 554 qui
1868 483 2102 555 adjuvet.

2214 486 2305 558 Μὴ
2353 487 2596 557 ἀποστῇς
2649 487 2745 545 ἀπ’
2774 486 2933 556 ἐμοῦ,
2977 488 3059 541 ὅτι
3111 486 3288 553 θλίψις
3337 488 3525 558 ἐγγὺς,
3559 489 3641 543 δτι
3688 491 3787 546 οὐκ

534 568 1030 626 Circumdederunt
1065 587 1154 626 me
1179 571 1337 626 vituli
1368 574 1561 641 multi;
1589 576 1732 641 tauri
1763 576 1992 646 pingues
2019 576 2113 632 ob-

533 659 801 718 mderunt
824 675 934 716 me.
964 660 1312 733 Aperuerunt
1338 677 1505 733 super
1533 678 1620 718 me
1643 678 1707 719 os
1730 680 1913 731 suum,
1939 672 1999 717 ut
2024 664 2110 720 leo

534 753 757 822 rapiens
791 759 845 808 et
871 754 1116 823 rugiens.
1150 751 1304 810 Sicut
1333 768 1475 829 aqua
1508 754 1715 817 effusus
1741 771 1886 819 sum,
1926 763 1981 811 et
2024 755 2112 811 di-

532 860 728 916 spersa
758 854 889 902 sunt
920 846 1104 927 omnia
1129 862 1256 914 ossa
1290 862 1430 915 mea.
1461 847 1686 915 Factum
1708 856 1903 907 estcor
1929 863 2111 904 meum

533 943 798 1008 tanquam
844 954 970 994 cera
1018 939 1351 1010 liquescens,
1383 942 1440 995 in
1492 939 1673 997 medio
1724 939 1932 1007 ventris
1981 939 2107 997 mei.

532 1029 695 1089 Aruit
731 1039 990 1101 tanquam
1020 1039 1160 1099 testa
1186 1032 1363 1088 virtus
1392 1046 1532 1087 mea.
1560 1030 1627 1085 Et
1657 1029 1840 1102 lingua
1864 1045 1982 1086 mea
2015 1029 2113 1097 ad-

533 1123 693 1179 haesit
720 1124 927 1194 gutturi
952 1139 1094 1188 meo,
1126 1132 1181 1179 et
1211 1125 1267 1180 in
1303 1124 1583 1195 pulverem
1615 1125 1807 1179 mortis
1836 1121 2109 1178 deduxisti

533 1230 621 1269 me
665 1229 679 1266 :
724 1213 889 1286 5.90
939 1215 1200 1285 quoniam
1267 1213 1753 1269 circumdederunt
1803 1228 1889 1267 me
1940 1227 2110 1269 canes

534 1307 712 1362 multi.
745 1308 1111 1380 Congregatio
1146 1308 1561 1378 malignantium
1596 1305 1811 1361 obsedit
1852 1322 1964 1362 me.
2002 1303 2110 1360 Fo-

531 1401 733 1455 derunt
754 1416 951 1457 manus
972 1416 1123 1456 meas
1143 1408 1197 1456 et
1220 1400 1385 1471 pedes
1407 1414 1560 1455 meos
1587 1414 1599 1450 :
1622 1397 2111 1454 dinumeraverunt

531 1492 716 1548 omnia
749 1506 877 1559 ossa
905 1507 1045 1548 mea.
1077 1490 1186 1563 Ipsi
1233 1507 1363 1547 vero
1391 1490 1901 1553 consideraverunt,
1941 1496 1996 1546 et
2020 1491 2107 1545 in-

532 1590 837 1654 spexerunt
868 1598 954 1637 me
984 1598 997 1634 :
1031 1581 1339 1648 diviserunt
1370 1581 1696 1644 vestimenta
1728 1595 1847 1635 mea
1890 1579 2016 1645 sibi,
2052 1587 2109 1637 et

531 1690 700 1744 super
726 1681 931 1730 vestem
967 1689 1141 1729 meam
1191 1675 1463 1746 miserunt
1513 1684 1735 1729 sortem.
1772 1672 1854 1732 Tu
1898 1682 2103 1741 autem,

530 1762 782 1829 Domine,
820 1778 889 1820 ne.
924 1764 1118 1838 procul
1159 1777 1415 1835 amoveas
1452 1760 1720 1837 auxilium
1769 1777 1971 1832 meum.
2020 1760 2106 1816 Ad

531 1854 937 1927 susceptionem
991 1870 1169 1909 meam
1204 1855 1435 1924 respice.
1472 1852 1635 1922 Eripe
1680 1868 1711 1925 a
1746 1852 1952 1910 framea
1983 1854 2105 1908 ani-

528 1960 675 2018 mam
706 1960 903 2012 meam,
936 1952 1072 2021 etes
1103 1961 1266 2002 manu
1291 1946 1445 2001 canis
1473 1944 1690 2000 unicam
1714 1960 1909 2002 meam.
1944 1944 2104 2003 Salva

528 2052 616 2113 tne
644 2052 706 2100 ex
741 2052 837 2093 ore
866 2037 1062 2107 leonis,
1096 2044 1151 2092 et
1184 2053 1214 2092 a
1249 2038 1512 2109 cornibus
1545 2036 1895 2110 unieornium
1924 2036 2105 2101 humi:

529 2129 738 2207 litatem
795 2145 992 2186 meam.
1049 2128 1297 2185 Narrabo
1362 2145 1563 2191 nomen
1625 2137 1782 2203 tuum
1837 2127 2104 2196 fratribus

528 2220 686 2293 meis.
717 2219 776 2275 ln
828 2219 1008 2276 medio
1059 2220 1319 2277 Ecclesiae
1369 2221 1606 2293 laudabo
1649 2230 1723 2277 te.
1766 2219 1870 2288 Qui
1901 2220 2105 2293 timetis

526 2311 840 2380 Dominum,
870 2310 1092 2368 laudate
1119 2327 1265 2387 eum.
1302 2311 1476 2368 Omne
1506 2327 1694 2369 semen
1730 2310 1902 2369 Jacob
1932 2311 2103 2384 glori-

526 2401 682 2479 ticate
709 2419 858 2467 eum.
892 2402 1141 2459 Timeant
1171 2420 1296 2459 eum
1331 2418 1495 2459 omne
1523 2419 1709 2462 semen
1735 2404 1943 2469 lsrael;
1976 2418 2105 2474 quo-

526 2496 675 2570 niam
711 2511 823 2551 non
855 2497 1082 2566 sprevit,
1110 2511 1287 2567 neque
1317 2497 1547 2559 moleste
1584 2497 1709 2559 tulit
1758 2495 2103 2567 deprecatio:

527 2602 650 2659 nem
683 2587 963 2660 pauperis,
996 2602 1173 2657 neque
1194 2587 1391 2642 avertit
1441 2586 1636 2643 faciem
1669 2602 1823 2643 suam
1852 2604 1882 2643 a
1913 2602 2019 2651 me,
2049 2593 2103 2643 et

527 2695 653 2753 cum
709 2679 1002 2736 clamarem
1051 2678 1121 2736 ad
1150 2694 1298 2744 eum,
1338 2679 1619 2756 exaudivit
1667 2695 1771 2735 me.
1804 2678 1848 2735 A
1883 2686 1935 2735 te
1984 2679 2101 2734 laus

527 2787 645 2827 mea
676 2772 727 2826 in
766 2770 1009 2827 Ecclesia
1051 2787 1268 2845 magna.
1300 2770 1437 2827 Vota
1461 2786 1580 2827 mea
1618 2770 1845 2844 reddam
1887 2771 1940 2824 in
1970 2786 2102 2824 conv

526 2873 718 2936 spectu
748 2864 1057 2931 timentium
1087 2880 1235 2920 eum.
1278 2862 1580 2933 Comedent
1610 2878 1897 2935 pauperes,
1930 2871 1984 2917 et
2014 2878 2103 2917 sa-

526 2956 881 3020 turabuntur,
909 2965 963 3029 et
995 2953 1299 3009 laudabunt
1336 2943 1647 3019 Dominum,
1680 2954 1773 3024 qui
1813 2954 2100 3017 requirunt

525 3066 650 3113 eum
679 3065 693 3101 :
722 3049 909 3123 vivent
935 3047 1101 3114 corda
1125 3061 1313 3102 eorum
1364 3046 1421 3100 in
1462 3046 1722 3100 saeculum
1758 3045 1962 3119 saeculi.
1992 3043 2096 3113 Re:

525 3122 891 3199 miniscentur
933 3149 988 3209 et
1022 3146 1415 3195 convertentur
1459 3138 1526 3192 ad
1569 3137 1857 3192 Dominum
1906 3154 2099 3193 omnes

527 3234 664 3289 lines
696 3216 875 3298 terrai,
916 3240 973 3288 et
1022 3231 1331 3309 adorabunt
1367 3231 1423 3284 in
1474 3239 1774 3299 conspectu
1803 3230 1924 3300 ejus
1975 3230 2099 3284 uni-

2216 577 2365 632 ἐστιν
2407 581 2437 633 ό
2488 577 2720 650 βοηθῶν.
2760 578 3213 651 Περιεκύκλωσάν
3247 597 3314 651 με
3343 580 3539 652 μόσχοι
3580 580 3785 647 πολλοὶ,

2211 669 2402 742 ταῦροι
2431 670 2611 734 πίονες
2638 670 2927 742 περιέσχον
2957 654 3309 744 μετἭνοιξαν
3337 672 3425 725 ἐπ’
3451 672 3554 744 ἐμὲ
3583 672 3646 727 τὸ
3669 673 3790 727 στό-

2215 778 2293 834 μα
2329 761 2529 827 αὐτῶν,
2557 762 2633 826 ὡς
2677 762 2813 816 λέων
2860 761 3122 834 ἀρπάξων
3165 763 3261 818 καὶ
3299 763 3792 836 ὠρυόμενος.”ασεὶ

2212 853 2357 925 ὕδωρ
2379 853 2661 926 ἐξεχύθην,
2684 855 2779 909 καὶ
2798 854 3185 927 διεσκορπίσθη
3213 854 3388 911 πάντα
3414 856 3483 911 τὰ
3506 858 3644 912 ὀστᾶ
3666 875 3790 929 μου.

2222 945 2483 1018 Ἐγενήθη
2516 948 2548 1018 ἠ
2576 946 2773 1018 καρδία
2802 965 2904 1018 μου
2933 946 3064 1000 ὡσεὶ
3083 946 3253 1018 κηρὸς
3278 946 3581 1019 τηκόμενος
3605 950 3663 1002 ὲν
3694 950 3791 1019 μὲ-

2211 1052 2289 1106 σῳ
2315 1036 2414 1106 τῆς
2446 1036 2653 1111 κοιλίας
2683 1054 2805 1109 μου,
2825 1020 3124 1108 Ἐξηράνθη
3153 1035 3229 1099 ὡς
3259 1034 3526 1108 ὄστρακον
3572 1038 3608 1108 ἡ
3640 1036 3795 1108 ἰσχύς

2213 1144 2338 1197 μου,
2367 1129 2461 1182 καὶ
2487 1129 2520 1199 ἡ
2549 1127 2772 1197 γλῶσσά
2799 1145 2899 1199 μου
2931 1126 3253 1203 κεκόλληται
3279 1127 3357 1199 τῷ
3391 1127 3630 1199 λάρυγγί
3668 1145 3793 1200 μου.

2210 1220 2304 1274 καὶ
2341 1220 2421 1283 εἰς
2450 1217 2579 1290 χοῦν
2617 1219 2849 1274 Θανάτου
2876 1218 3187 1291 κατήγαγες
3218 1236 3285 1290 με
3309 1236 3322 1249 ·
3365 1222 3447 1274 ὅτι
3473 1220 3797 1275 ἐκύκλωσαν

2212 1328 2279 1383 με
2330 1310 2492 1375 κύνες
2541 1311 2749 1378 πολλοὶ,
2777 1311 3067 1383 συναγωγὴ
3114 1313 3567 1385 πονηρευομένων
3634 1330 3796 1384 περι-

2208 1405 2365 1475 έσχον
2398 1403 2730 1475 με.Ὠρυξαν
2759 1404 2946 1476 χεῖράς
2981 1421 3080 1475 μου
3109 1407 3203 1458 καὶ
3232 1405 3399 1480 πόδας
3451 1422 3579 1476 μου,
3607 1404 3795 1475 ἐξηρί-

2210 1494 2427 1566 θμησαν
2448 1496 2627 1550 πάντα
2654 1495 2723 1551 τὰ
2749 1498 2883 1563 όστᾷ
2919 1513 3040 1567 μου.
3059 1497 3218 1550 Αύτοὶ
3246 1497 3304 1549 δὲ
3334 1496 3675 1568 κατενόησαν
3701 1497 3799 1550 καὶ

2208 1587 2420 1641 ὲπεῖδόν
2450 1605 2519 1659 με
2538 1604 2551 1617 ο
2586 1588 2963 1660 διεμερίσαντο
2992 1586 3060 1655 τὰ
3087 1589 3279 1659 ἱμάτιὰ
3304 1607 3404 1661 μου
3427 1590 3669 1651 ἑαυτοῖς,
3702 1590 3798 1644 καὶ

2160 1696 2161 1699 ‘
2209 1680 2302 1733 ἐπὶ
2327 1678 2417 1732 τὸν
2442 1678 2731 1750 ἱματισμόν
2762 1697 2863 1750 μου
2894 1679 3083 1735 ἔϐαλον
3107 1681 3327 1752 κλῆρον.
3356 1682 3429 1734 Σὺ
3467 1681 3549 1746 δὲ,
3596 1681 3794 1753 Κύριε.

2211 1771 2286 1843 μὴ
2322 1771 2605 1845 μακρύνῃς
2648 1770 2747 1843 τὴν
2793 1770 3043 1843 βοήθειάν
3078 1791 3204 1845 μου,
3237 1776 3317 1838 εἰς
3361 1774 3462 1849 τὴν
3504 1774 3797 1847 ἀντίληψὶν

2210 1881 2312 1937 μου
2356 1864 2819 1937 πρόσχες.Ῥῦσαι
2866 1866 2975 1920 ἀπὸ
3000 1866 3293 1939 Ιρομφαίας
3333 1867 3433 1940 τὴν
3458 1867 3640 1940 ψυχήν
3670 1886 3794 1938 μου,

2210 1959 2305 2025 καὶ
2345 1957 2411 2012 ἐκ
2455 1957 2635 2029 χειρὸς
2667 1958 2826 2022 κυνὸς
2853 1959 2953 2031 τὴν
2984 1960 3244 2032 μονογενῆ
3274 1977 3397 2032 μου.
3423 1959 3607 2012 Σῶσόν
3641 1976 3712 2031 με
3734 1962 3800 2013 ὲκ

2212 2048 2475 2121 στόματος
2496 2049 2726 2114 λέοντος,
2755 2050 2849 2104 καλ⁸
2882 2051 2991 2105 ἀπὸ
3010 2051 3251 2123 κεράτων
3284 2053 3679 2125 μονοκερώτων
3699 2052 3800 2125 τὴν

2211 2140 2534 2205 ταπείνωσιν
2569 2159 2690 2213 μου.
2724 2142 3067 2214 Διηγήσομαι
3093 2143 3156 2197 τὸ
3183 2143 3354 2215 ὄνομα
3384 2162 3477 2198 σου
3510 2148 3627 2209 τοῖς
3652 2145 3802 2199 ἀδελ-

2213 2236 2332 2303 φοῖς
2366 2250 2489 2304 μου,
2516 2236 2574 2287 ὲν
2602 2234 2752 2306 μέσῳ
2789 2234 3113 2307 Ἐκκλησίας
3149 2236 3375 2307 ὑμνήσω
3396 2254 3479 2290 σε.
3510 2237 3577 2291 Ol
3607 2236 3800 2307 φοϐού-

2215 2340 2366 2395 μενοι
2390 2324 2482 2377 τὸν
2510 2324 2733 2395 Κύριον,
2767 2324 3017 2397 αἰνέσατε
3044 2324 3204 2379 αὐτόν
3224 2341 3238 2356 '
3284 2326 3428 2380 ᾶπαν
3470 2325 3532 2379 τὺ
3572 2325 3799 2398 σπέρμα

2224 2414 2436 2479 Ἰακὼϐ,
2476 2415 2733 2483 δοξάσατε
2778 2416 2958 2470 αὐτόν.
2999 2416 3394 2488 Φοϐηθήτωσαν
3432 2417 3601 2471 αὑτὸν
3650 2418 3799 2472 ἅπαν

2210 2509 2271 2562 τὸ
2301 2509 2522 2581 σπέρμα
2562 2507 2805 2580 Ἰσραήλ·
2835 2509 2916 2564 ὅτι
2942 2509 3041 2562 οὐκ
3067 2508 3417 2581 ὲξουδένωσεν
3455 2508 3578 2563 οὐδὲ
3626 2527 3799 2584 προσ-

2209 2597 2409 2671 ώχθισε
2447 2601 2512 2670 τῇ
2544 2598 2725 2670 δεήσει
2773 2597 2863 2651 τοῦ
2915 2599 3167 2670 πτωχοῦ,
3215 2599 3335 2673 οὐδὲ
3378 2599 3700 2672 ἀπέστρεψε
3736 2602 3799 2656 ea

2210 2690 2498 2763 πρόσωπον
2525 2688 2691 2744 αὑτοῦ
2731 2690 2825 2744 ἀπ’
2857 2690 3011 2762 ἐμοῦ,
3045 2692 3138 2744 καὶ
3165 2692 3222 2744 ἐν
3249 2690 3327 2764 τῷ
3356 2690 3697 2763 κεκραγέναι
3730 2709 3798 2762 με

2209 2782 2345 2854 πρὸς
2374 2783 2553 2847 αύτὺν,
2583 2781 2868 2855 εἰσήκουσέ
2905 2799 3027 2853 μου.
3060 2782 3217 2855 Παρά
3242 2782 3333 2835 σοῦ
3361 2784 3390 2836 ό
3418 2782 3645 2847 ἔπαινός
3693 2799 3797 2854 μου

2209 2876 2265 2927 ἐν
2314 2874 2609 2947 Ἐκκλησία
2645 2875 2889 2949 μεγάλῃ·
2922 2874 3021 2939 τὰς
3053 2875 3217 2946 εύχάς
3265 2892 3364 2946 μου
3407 2873 3680 2928 ἀποδώσω
3708 2877 3799 2928 ὲν-

2206 2966 2376 3021 ώπιον
2405 2966 2512 3021 τῶν
2537 2966 2700 3038 φοὸου
2709 2968 2885 3038 μένων
2919 2967 3099 3022 αὐτόν.
3126 2968 3391 3035 Φάγονται
3422 2966 3678 3035 πένητες,
3700 2967 3799 3021 καὶ

2206 3058 2702 3131 ὲμπλησθήσονται,
2736 3062 2827 3115 καὶ
2870 3061 3141 3116 αἰνέσουσι
3185 3059 3389 3132 Κύριον
3417 3061 3465 3115 οἰ
3492 3059 3797 3127 ὲκζητοῦν-

2206 3171 2296 3218 τες
2324 3154 2514 3208 αὐτόν’
2543 3152 2800 3226 ζήσονται
2830 3156 2886 3209 αἱ
2918 3153 3138 3223 καρδίαι
3168 3153 3346 3207 αὐτῶν
3384 3152 3465 3216 εἰς
3495 3151 3674 3207 αἰῶνα
3696 3150 3796 3205 τοῦ

2206 3246 2418 3309 αἰῶνος.
2483 3246 2903 3316 Μνησθήσονται
2955 3246 3047 3299 καὶ
3107 3245 3606 3316 ὲπιστραφήσονται
3656 3242 3796 3315 πρὸς

525 3341 698 3395 versae
732 3325 952 3379 familia:
994 3326 1275 3395 gentium;
1309 3321 1569 3392 quoniam
1624 3317 1842 3374 Domini
1887 3328 1971 3383 est
2013 3335 2099 3376 re-

2206 3335 2408 3409 Κύριον
2434 3336 2612 3391 πάντα
2637 3336 2707 3389 τὰ
2735 3336 2951 3408 πέρατα
2976 3334 3078 3407 τῆς
3100 3336 3227 3406 γῆς,
3258 3335 3353 3388 καὶ
3381 3337 3794 3407 προσκυνήσας

525 3432 715 3489 gnum,
755 3424 810 3471 et
837 3416 956 3489 ipse
998 3414 1314 3476 dominatur
1342 3412 1635 3485 gentibus;
1669 3411 2026 3483 comederunt
2048 3419 2102 3467 et

2207 3445 2288 3481 σιν
2321 3427 2548 3483 ἐνώπιον
2582 3427 2744 3481 αὐτοῦ
2778 3430 2946 3482 πᾶσαι
2987 3429 3042 3481 αἱ
3077 3427 3309 3499 πατριαὶ
3331 3425 3437 3480 τῶν
3470 3425 3647 3481 ἐθνῶν
3667 3443 3683 3458 ⁸
3713 3427 3794 3483 ὅτι

526 3509 896 3568 adoraverunt
940 3520 1134 3571 omnes
1187 3505 1419 3589 pingues
1463 3509 1645 3569 terra),
1694 3501 1752 3556 in
1803 3510 2100 3573 conspectu
2200 3519 2296 3574 τοῦ
2346 3520 2552 3591 κυρίου
2608 3522 2642 3591 ἡ
2692 3501 2954 3590 βασιλεία,
3016 3519 3111 3573 καὶ
3166 3517 3327 3582 cum);
3378 3518 3632 3582 δεσπόςει
3686 3518 3793 3572 τῶν

526 3600 650 3668 ejus
712 3597 1070 3669 prolabentur
1123 3582 1338 3662 omnes,
1380 3596 1474 3666 qui
1513 3593 1856 3651 descendunt
1903 3595 1959 3649 in
1993 3604 2104 3650 ter-

528 3706 667 3755 ram,
699 3674 754 3745 et
778 3691 962 3746 anima
1009 3706 1128 3744 mea
1160 3690 1239 3761 illi
1272 3689 1426 3753 vivit,
1466 3695 1522 3743 et
1561 3703 1748 3744 semen
1782 3703 1960 3743 meum
1986 3703 2104 3742 ser-

524 3783 636 3838 vict
675 3782 745 3859 ei,
781 3782 1201 3856 annuntiabitur
1247 3780 1479 3853 Domino
1518 3780 1798 3855 generatio
1849 3786 2098 3843 ventura,

524 3884 581 3930 et
606 3876 1013 3932 annuntiabunt
1041 3874 1312 3946 justitiam
1335 3875 1460 3951 ejus
1484 3874 1686 3946 populo
1703 3872 1796 3944 qui
1819 3880 2100 3941 nascetur,

523 3980 689 4039 quem
721 3964 850 4021 fecit
879 3965 1256 4023 Dominus“.r
1290 3965 1430 4041 illud
1461 3965 1683 4037 quidem
1719 3963 1922 4030 «Deus,
1958 3961 2101 4018 Deus

526 4072 702 4125 meus,
731 4058 944 4129 respice
972 4060 1028 4112 in
1058 4074 1166 4126 me,
1204 4074 1376 4129 quare
1401 4057 1739 4131 dereliquisti
1768 4056 1892 4123 me?
1911 4076 1930 4109 ι
1956 4054 2102 4127 quod

524 4148 683 4225 initio
714 4150 910 4220 psalmi
930 4149 1136 4205 dictum
1168 4161 1275 4216 est,
1310 4165 1342 4204 a
1375 4149 1657 4208 Salvatore
1689 4158 1900 4213 nostro,
1937 4156 1996 4202 ut
2018 4154 2103 4202 est

523 4242 667 4313 apud
689 4241 1028 4307 Mattbaaum,
1060 4243 1183 4315 ipso
1205 4243 1480 4315 passionis
1504 4251 1746 4315 tempore
1760 4240 1967 4295 dictum
1991 4247 2097 4303 est,

523 4334 580 4388 in
632 4334 779 4389 hunc
819 4332 1080 4389 modum:
1121 4352 1142 4385 ‹
1174 4335 1218 4386 A
1261 4341 1416 4393 sexta
1465 4340 1646 4388 autem
1689 4332 1824 4387 hora
1865 4330 2102 4394 tenebrae

523 4424 689 4499 factae
714 4432 845 4481 sunt
877 4441 1044 4497 super
1092 4426 1405 4484 universam
1451 4433 1653 4480 terram
1695 4437 1869 4495 usque
1901 4424 1969 4479 ad
2001 4422 2102 4478 ho-

522 4532 641 4572 ram
670 4532 898 4591 npnam,
931 4525 986 4572 et
1016 4517 1152 4572 liora
1180 4532 1324 4574 nona
1351 4516 1605 4572 clamavit
1634 4514 1796 4587 Jesus
1835 4531 1967 4572 voce
1992 4531 2103 4573 ma-

521 4624 626 4681 gna
652 4628 667 4667 :
693 4608 892 4673 Eloim,
943 4606 1141 4671 Eloim,
1193 4611 1390 4681 lamma
1431 4607 1818 4673 sabachthani,
1857 4606 2003 4676 quod
2031 4623 2099 4684 ex‘

2203 3610 2643 3680 ὲθνῶν.Ἔφαγον
2684 3612 2780 3665 καὶ
2812 3611 3226 3683 προσεκύνησαν
3272 3610 3473 3674 πάντες
3518 3612 3571 3663 οἱ
3609 3611 3794 3674 πίονες

2202 3702 2298 3773 τῆς
2322 3702 2444 3775 γῆς,
2473 3700 2704 3777 ἐνώπιον
2730 3700 2895 3767 αὑτοῦ
2929 3699 3371 3777 προσπεσοῦνται
3393 3701 3598 3763 πάντες
3623 3702 3675 3753 οἱ
3700 3717 3796 3753 κα·

2203 3787 2550 3856 ταϐαἰνοντες
2580 3793 2660 3857 εἰς
2696 3792 2795 3865 τὴν
2824 3791 2947 3863 γῆν.
2979 3792 3090 3845 Καὶ
3117 3792 3150 3862 ή
3174 3790 3317 3862 ψυχή
3369 3807 3471 3859 μου
3521 3790 3680 3860 αὐτῷ
3702 3790 3790 3862 ζῇ.

2203 3885 2296 3941 καὶ
2329 3884 2391 3937 τὸ
2431 3884 2652 3956 σπέρμα
2689 3902 2791 3956 μου
2835 3882 3110 3949 δουλεύσει
3143 3882 3311 3954 αὐτῷ.
3331 3882 3794 3955 Ἀναγγελήσεται

2201 3975 2278 4047 τῷ
2313 3976 2504 4050 Κυρίῳ
2550 3977 2711 4047 γενεά
2743 3978 2776 4047 ἡ
2812 3976 3105 4048 ἐρχομένη,
3149 3974 3244 4035 καὶ
3282 3972 3650 4042 ἀναγγελοῦσι
3693 3976 3792 4045 τὴν

2201 4068 2549 4140 δικαιοσύνην
2571 4067 2736 4122 αὑτοῦ
2769 4067 2882 4138 λαῷ
2913 4066 2992 4139 τῷ
3013 4064 3414 4136 τεχθησομένῳ,
3442 4064 3503 4117 ὃν
3533 4064 3794 4137 εποίησεν

2200 4161 2230 4213 ό
2263 4160 2483 4233 Κύριος.
2517 4180 2535 4213 ι
2570 4159 2663 4221 Τὸ,
2697 4177 2716 4209 ι
2739 4160 2796 4213 Ὀ
2841 4158 2973 4222 Θεός
3007 4174 3129 4230 μου,
3161 4155 3397 4229 πρόσχες
3452 4171 3544 4225 μοι
3572 4173 3587 4185 ·
3620 4156 3713 4208 ἵνα
3740 4153 3794 4208 τί

2202 4250 2557 4320 ἐγκατέλιπές
2598 4267 2694 4321 με;
2725 4270 2743 4301 ι
2771 4252 2829 4304 ὲν
2855 4250 3053 4321 ἀρχαῖς
3084 4248 3178 4302 τοῦ
3209 4245 3420 4318 ψαλμοῦ
3471 4247 3789 4316 λεγόμενον,

2202 4343 2343 4413 κατά
2375 4342 2466 4403 τὸν
2494 4340 2768 4417 Ματθαῖον
2796 4340 2901 4392 ὑπὸ
2934 4339 3026 4393 τοῦ
3055 4337 3306 4408 Σωτῆρος
3332 4335 3492 4408 ἡμῶν
3519 4338 3676 4409 παρά
3700 4336 3793 4390 τὸν

2201 4434 2296 4509 τοῦ
2330 4434 2550 4503 ηπάθους
2602 4433 2796 4510 καιρὸν.
2837 4430 3008 4495 οὓτως
3050 4429 3295 4502 εἴρηταιο
3342 4428 3695 4510 «Γενομένης
3733 4429 3791 4482 δὲ

2202 4506 2352 4600 ὧρας
2395 4526 2582 4597 ἕκτης,
2613 4505 2800 4588 σκότος
2848 4523 3064 4593 ἐγένετο
3219 4520 3348 4591 ὃλην
3393 4517 3492 4590 τὴν
3512 4507 3645 4588 γῆν,
3685 4519 3792 4583 ἕως

2203 4617 2352 4689 ὥρας
2382 4602 2609 4688 ὲννάτης
2629 4633 2642 4647 ’
2672 4617 2766 4692 καὶ
2806 4617 2872 4687 τῇ
2920 4601 3113 4685 ἐννάτῃ
3159 4609 3279 4684 ὥρᾳ
3318 4609 3542 4680 ἐϐόησεν
3583 4608 3795 4679 Ἰησοῦς

521 4700 975 4776 interpretatione
998 4707 1116 4756 est:
1139 4698 1307 4768 Deus,
1338 4680 1482 4757 Deus
1523 4715 1699 4766 meus,
1730 4714 1902 4771 quare
1942 4680 2099 4759 dere;

2206 4680 2353 4783 φωνῇ
2392 4680 2634 4784 μεγάλῇ-
2676 4680 3421 4785 ἛλωεῐμρΕλωεὶμίλαμμᾶ
3451 4701 3754 4772 σαϐαχθανὶ
3772 4742 3789 4764 ,

522 4791 731 4863 liquisti
763 4791 940 4847 me"?
975 4812 993 4845 ι
1033 4801 1257 4862 accepta
1287 4807 1420 4859 vero.
1459 4800 1588 4848 sunt
1628 4789 1893 4846 Hebraica
1932 4791 2102 4867 verba

519 4901 585 4940 ex
620 4899 707 4949 ea,
744 4899 866 4955 qua:
895 4899 1041 4944 nunc
1070 4891 1156 4940 est
1194 4883 1249 4938 in
1280 4884 1533 4948 manibus
1577 4883 1884 4955 prophetia.
1917 4880 2100 4954 Siqui-

521 4974 645 5032 dem
688 4977 774 5032 vel
820 4975 1012 5033 iisdem
1064 4977 1292 5048 syllabis
1336 4976 1473 5032 illud
1524 4977 1706 5048 ipsum
1743 4991 1756 5026 :
1805 4991 1824 5027 ‹
1863 4973 1947 5029 Eli
1992 4974 2097 5038 Eli,

518 5067 718 5121 lamma
740 5066 1121 5139 sabachtbani,
1148 5088 1166 5120 ι
1197 5068 1354 5123 ἰηίιίο
1373 5067 1567 5138 psalmi
1590 5067 1925 5131 continetur;
1952 5065 2096 5136 quod

517 5159 715 5229 Aquila
753 5160 809 5221 in
846 5160 994 5215 hunc
1034 5159 1256 5214 modum
1305 5160 1699 5238 interpretatus
1747 5166 1832 5214 est
1862 5176 1875 5212 :
1910 5176 1928 5210 ι
1961 5157 2097 5214 For-

517 5251 592 5305 tis
647 5267 822 5317 meus,
873 5253 1032 5310 fortis
1092 5268 1288 5319 meus,
1338 5268 1510 5324 quare
1555 5251 1902 5324 dereliquisti
1956 5251 2097 5306 me?

516 5340 679 5415 491
721 5343 892 5403 Porro
917 5345 1063 5415 quod
1096 5346 1211 5422 haec
1240 5344 1484 5401 eamdem
1531 5360 1656 5399 eum
1694 5343 1783 5407 iis,
1818 5359 1938 5414 quae
1965 5358 2095 5414 pas-

521 5434 693 5487 sionis
744 5441 988 5504 tempore
1039 5452 1069 5489 a
1133 5433 1414 5496 Salvatore
1468 5443 1658 5490 nostro
1722 5434 1868 5508 dicta
1925 5442 2091 5499 sunt,

518 5522 757 5580 habeant
787 5524 919 5590 vim,
954 5542 1116 5582 nemo
1155 5528 1344 5603 utique
1391 5527 1688 5598 negaverit.
1720 5523 1962 5597 Tempus
1994 5525 2097 5597 igi-

520 5625 613 5673 tur
634 5618 749 5688 jam
784 5635 931 5674 nunc
960 5621 1123 5677 fuerit
1165 5624 1436 5694 psalmum
1491 5623 1669 5694 ipsum
1713 5623 1921 5694 absque
1956 5638 2091 5679 con-

521 5712 787 5767 traversia
811 5710 879 5765 ad
911 5712 1077 5766 alium
1110 5714 1318 5769 nullum
1349 5712 1762 5784 referre,-quam
1794 5713 1862 5768 ad
1894 5714 2046 5769 illum
2076 5734 2090 5771 :

591 5803 637 5836 "
675 5802 817 5862 Psal.
855 5821 981 5873 xxi,
1012 5804 1163 5859 εοδε.
1243 5805 1287 5836 ⁸⁷
1331 5805 1521 5863 Matth.
1554 5821 1703 5859 xxvn
1727 5845 1742 5871 .
1816 5805 2002 5871 45.40-

2198 4805 2227 4860 ὅ
2255 4805 2371 4855 ἐστι
2412 4800 2951 4873 μεθερμηνευόμενον
2971 4816 2984 4828 ·
3024 4799 3080 4851 'O
3106 4797 3256 4861 Θεὸς,
3279 4790 3313 4849 δ’
3332 4794 3463 4857 Θεὸς
3486 4811 3611 4864 μου,
3629 4794 3719 4847 ἵνα
3736 4794 3791 4845 τί

2201 4892 2556 4965 ἐγκατέλιπές
2583 4909 2685 4963 με;
2726 4911 2746 4963 ι
2777 4890 3032 4968 εἴληπται
3073 4889 3129 4943 δὲ
3156 4891 3190 4959 ὴ
3218 4886 3480 4963 Ἐὅραῖκὴ
3509 4884 3657 4949 λέξις
3683 4884 3790 4938 ἀπὸ

2200 4986 2298 5056 τῆς
2328 4986 2385 5037 ὲν
2414 4984 2571 5056 χερσὶ
2597 4982 2951 5055 προφητείας.
2982 4980 3179 5044 Ᾱῦταῖς
3206 4978 3335 5048 γοῦν
3369 4976 3665 5040 συλλαϐαῖς
3704 4976 3787 5039 τὸ,

2206 5095 2224 5127 ί
2249 5074 2417 5139 Ἠλεὶ,
2436 5073 2603 5136 Ἠλεὶ,
2628 5073 2820 5144 λαμμᾶ
2845 5069 3162 5141 σαϐαχθανὶ,
3189 5090 3206 5121 ι
3239 5071 3271 5141 ἡ
3294 5067 3387 5121 τοῦ
3411 5064 3631 5137 ψαλμοῦ
3664 5081 3789 5119 κατ’

2202 5170 2345 5242 αρχὴ
2378 5168 2643 5241 περιέχει,
2661 5168 2797 5237 ὅπερ
2814 5168 2843 5219 ὀ
2871 5165 3102 5228 Ἀκύλας
3121 5162 3309 5221 τοῦτον
3356 5161 3674 5233 ἡρμήνευσε
3696 5156 3789 5210 τὸν

2200 5262 2428 5333 τρόποντ
2458 5250 2477 5311 ἦ
2501 5260 2710 5332 ’ἰσχυρὲ
2734 5276 2858 5330 μου,
2888 5257 3073 5329 ἰσχυρέ
3101 5273 3223 5327 μου,
3248 5256 3335 5308 ἴνα
3355 5253 3407 5305 τί
3428 5249 3789 5321 ἐγκατέλιπές

2203 5370 2307 5425 με;
2342 5373 2361 5404 ι
2395 5352 2581 5408 Ταῦτα
2598 5343 2661 5405 δὲ’
2680 5352 2761 5404 ὄτι
2790 5353 2901 5413 τοῖς
2930 5339 3035 5402 ὗπὺ
3060 5346 3155 5401 τοῦ
3187 5345 3439 5416 Σωτῆρος
3467 5341 3624 5414 ἡμῶν
3644 5339 3790 5395 κατὰ

2199 5447 2291 5499 τὸν
2303 5444 2611 5513 τοῦπάὃους
2627 5461 2720 5499 και
2728 5442 2816 5512 ρὸν
2832 5445 2951 5515 εἰρη
2962 5441 3139 5513 μένοις
3159 5436 3603 5507 ἰσοδυναμεῖ,πᾶς
3616 5435 3789 5487 ὁστισο

2202 5537 2295 5593 οὖν
2328 5520 2669 5608 ὁμολογήσαι
2705 5534 2936 5605 ἄν.Ὢρα
2964 5529 3252 5603 τοιγαροῦν
3278 5525 3668 5599 ἀναμφιλόγως
3697 5521 3791 5575 τὶν

2200 5629 2413 5700 ψαλμὸν
2438 5628 2546 5683 οὐδ’
2578 5629 2664 5699 ἐφ’
2687 5627 2871 5699 ἕτερον
2898 5625 2932 5697 ἢ
2960 5624 3054 5677 ἐπὶ
3086 5623 3244 5695 μόνον
3273 5619 3434 5674 αὐτὸν
3468 5616 3789 5686 ἀναφέρειν,

2214 5719 2398 5791 ἐπειδὴ
2408 5720 2563 5792 ξαύτῷ
2584 5720 2728 5790 μόνῳ
2745 5718 2837 5771 κατ⁹
2856 5715 3120 5788 οὐδετέρῳ
3144 5712 3368 5786 ἁρμόζει
3392 5711 3461 5765 τὰ
3481 5704 3811 5784 ἐμπεριεχό-
