4054 6408
266 382 364 439 751

1211 358 1869 447 neuoxsraal‘loms
1900 382 2362 442 sumemus
2402 382 2529 440 LIB.
2563 383 2632 439 x.

3409 373 3518 437 769

267 505 726 577 μινα.Ἀντικρυς
735 507 863 572 γοῦν
873 510 961 562 ἐπ’
971 508 1120 581 αὐτῷ
1130 509 1533 581 πεπληρωμένα
1548 509 1618 563 τά
1630 525 1690 563 τε
1704 508 1827 563 ἄλλα

1940 505 2379 577 quandoquidem
2432 504 2507 559 illi
2553 504 2647 559 uni
2696 510 2752 559 et
2788 501 2921 558 nulli
2950 507 3212 572 praeterea
3252 498 3366 565 alii,
3396 515 3519 572 qua

261 597 769 662 ἁποδιίκνυται,και
796 600 858 672 δὴ
884 602 945 653 τὸ
973 601 1178 672 φάσκον
1197 603 1255 655 ὲν
1275 602 1475 673 ψαλμῷ
1492 618 1507 634 ·
1543 619 1562 654 ι
1590 601 1841 674 Διεμερί-

264 706 424 742 σαντο
447 688 518 743 τὰ
548 692 741 762 ἱμάτιά
783 710 884 764 μου
918 696 1150 761 ἑαυτοῖς,
1191 697 1288 751 καὶ
1315 697 1407 750 ἐπὶ
1434 697 1524 751 τὸν
1549 698 1840 769 ίματισμόν

262 795 365 846 μου
418 778 611 835 ἔϐαλον
663 783 881 855 κλῆρον.
918 805 936 836 ι
969 787 1080 840 Kal.
1119 787 1220 858 τὴν
1270 788 1617 860 κατάπαρσιν
1640 788 1700 841 δὲ
1731 788 1840 842 τῶν

257 865 423 934 ἥλων,
455 867 567 922 τῶν
592 871 733 926 κατὰ
754 870 866 925 τῶν
892 874 1091 946 χειρῶν
1122 877 1215 930 καὶ
1237 877 1412 931 ποδῶν
1440 878 1533 931 ἐπὶ
1557 877 1652 931 τοῦ
1680 895 1841 932 σταυ-

259 959 356 1031 ροῦ
373 961 834 1033 προσηλωθὼτων
849 966 1015 1038 αὐτῷ,
1033 967 1326 1041 διαρρήδην
1348 968 1623 1040 ἐμφαίνει,
1641 969 1836 1040 λέγων’

262 1051 535 1125 ιὨρυξαν
581 1057 769 1126 χεῖράς
821 1075 921 1130 μου
966 1061 1060 1114 καὶ
1109 1061 1278 1125 πόδας
1318 1079 1438 1133 μου,
1466 1060 1838 1134 ἐξηρίθμησαν

255 1146 436 1198 πάντα
462 1145 532 1200 τὰ
564 1148 700 1201 ὀστᾶ
729 1166 852 1219 μου.
885 1170 905 1201 ι
930 1151 1041 1204 Καὶ
1063 1150 1131 1208 τὰ
1150 1151 1313 1206 λοιπὰ
1336 1153 1393 1207 δὲ
1418 1153 1563 1224 μόνῳ
1583 1153 1650 1207 ἂν
1671 1155 1839 1227 ἐφαρ-

257 1237 421 1307 μόσαι
466 1237 636 1310 αὐτῷ,
680 1240 753 1305 ὡς
801 1241 1004 1314 προῖὼν
1049 1244 1077 1297 6
1124 1243 1279 1312 λόγος
1317 1246 1766 1319 παραστήσειεἫ
1809 1248 1838 1301 6

257 1328 578 1401 βουλόμενος
602 1332 685 1402 ἐφ’
704 1334 890 1406 ἕτερον
920 1334 1240 1405 μεταλαϐεῖν
1265 1339 1571 1411 πρόσωπον,
1596 1340 1712 1414 ήτοι
1740 1340 1840 1413 βα-

253 1419 470 1486 σιλέως,
502 1421 536 1493 ἢ
566 1425 865 1496 προφήτου,
897 1426 929 1496 ῆ
961 1428 1055 1480 καί
1093 1446 1238 1493 τινος
1279 1430 1389 1507 τῶν
1429 1429 1648 1487 πώποτε
1684 1434 1838 1507 παρὰ

262 1508 539 1574 Ἰουδαίοις
570 1511 852 1583 θεοφιλῶν,
884 1515 1163 1582 δεικνύτω,
1198 1521 1248 1573 εἰ
1290 1514 1401 1584 οἷός
1432 1537 1490 1574 τε
1518 1521 1625 1593 εἴη,
1665 1523 1837 1595 ἐφαρ-

254 1597 443 1669 μόζειν
472 1601 543 1655 τὰ
572 1602 1057 1677 ἀναγεγραμμένα.
1074 1608 1191 1662 Τίνι
1213 1608 1320 1681 γὰρ
1337 1609 1446 1665 τῶν
1473 1610 1690 1666 πώποτε
1710 1630 1836 1680 κυο-

250 1692 603 1763 φορουμένων
649 1695 743 1749 ὲπὶ
783 1697 1036 1753 τοσοῦτον
1078 1700 1260 1773 παρῆν
1308 1701 1511 1774 ἀρετῆς
1540 1704 1638 1758 καὶ
1668 1704 1833 1759 δυνά-

251 1800 420 1855 μεως,
450 1784 593 1840 ὥστε
635 1787 939 1844 καθεστῶτι
979 1791 1242 1865 λογισμῷ,
1275 1794 1371 1849 καί⁵
1407 1795 1697 1868 ἀσυγχύτῳ
1728 1797 1831 1868 ψυ-

1942 599 2000 653 in
2032 613 2098 652 eo
2118 597 2493 659 continentur,
2526 596 2881 651 conveniunt.
2912 591 3241 649 Planissime
3267 592 3434 664 igitur
3458 594 3518 650 in

1938 692 2034 751 illo
2059 706 2182 745 cum
2231 692 2337 745 alia
2390 691 2659 761 completa
2693 704 2819 746 esse
2870 697 3108 753 constat,
3155 702 3277 758 qua:
3325 688 3380 741 in
3413 686 3519 744 hoc

1940 784 2154 855 psalmo
2182 784 2457 854 leguntur,
2497 789 2613 836 tum
2664 797 2796 837 vero
2827 781 2991 836 etiam
3050 779 3187 836 illud
3243 778 3389 850 quod
3440 780 3516 833 ita

1940 875 2015 942 ait
2049 894 2061 929 :
2091 894 2110 927 ι
2155 873 2467 931 Diviserunt
2514 873 2837 928 vestimenta
2890 886 3012 926 mea
3068 870 3194 938 sibi,
3248 877 3303 926 et
3353 884 3519 940 super

1939 980 2143 1022 vestem
2187 981 2360 1021 meam
2415 967 2682 1021 miserunt
2741 972 2968 1019 sortem.
3044 981 3063 1015 ι
3113 961 3515 1032 Trajectionem

1937 1074 2068 1114 vero
2100 1058 2379 1112 clavorum
2413 1056 2508 1128 qui
2560 1057 2706 1112 illius
2753 1055 3009 1110 manibus
3066 1069 3130 1109 ac
3179 1053 3409 1123 pedibus
3459 1051 3515 1105 in

1939 1167 2103 1207 cruce
2143 1148 2284 1204 afﬁxi
2341 1157 2490 1211 sunt,
2525 1147 2936 1204 evidentissime
2969 1146 3195 1211 indicat,
3229 1145 3357 1200 dum
3387 1145 3464 1199 ait
3495 1162 3511 1200 :

1943 1260 1962 1293 ι
2004 1241 2288 1307 Foderunt
2330 1255 2528 1296 manus
2557 1254 2707 1296 meas
2743 1246 2797 1295 et
2828 1236 2995 1310 pedes
3038 1252 3213 1299 meos,
3265 1234 3516 1290 dinume-

1937 1342 2196 1397 raverunt
2225 1333 2409 1389 omnia
2455 1347 2582 1392 ossa
2615 1347 2757 1388 mea.
2791 1349 2811 1383 ι
2841 1330 2933 1385 Sic
2975 1329 3142 1385 etiam
3170 1327 3378 1398 reliqua
3420 1325 3515 1381 uni

1937 1428 2014 1483 illi
2052 1441 2153 1482 nec
2179 1426 2272 1481 alii
2308 1425 2544 1497 cuipiam
2577 1431 2835 1495 praterea
2864 1420 3214 1485 convenient,
3251 1416 3516 1490 quemad-

1935 1519 2155 1577 modum
2187 1532 2475 1590 progressa
2514 1516 2729 1587 longius
2770 1515 2943 1570 oratio
2968 1512 3385 1575 demonstrabit,
3421 1517 3516 1565 aut

1934 1618 2081 1667 certe
2116 1608 2299 1679 quivis
2327 1624 2429 1666 suo
2460 1607 2751 1671 arbitratu,
2776 1604 3028 1676 quamvis
3068 1604 3229 1660 aliam
3269 1601 3513 1675 proferat

1933 1714 2223 1770 personam
2258 1706 2353 1763 aut
2415 1700 2580 1770 regis,
2630 1703 2725 1751 aut
2761 1695 3072 1767 prophetae,
3123 1701 3220 1750 aut
3274 1694 3512 1765 alicujus

1933 1806 2146 1858 eorum,
2167 1790 2261 1863 qui
2293 1790 2568 1862 quondam
2598 1787 2743 1862 apud
2774 1786 2993 1845 Judazos
3025 1786 3119 1843 Dei
3151 1787 3314 1843 amici
3343 1795 3399 1844 et
3429 1787 3513 1843 fa—

246 1881 341 1950 χῇ,
390 1879 637 1951 νηφαλίῳ
670 1898 729 1935 τε
782 1886 1086 1956 φρονήματι
1118 1885 1252 1941 Θεοῦ
1281 1887 1482 1957 γνῶσιν
1519 1889 1827 1957 ἀναλαϐεῖν,

1934 1884 2180 1941 miliares
2208 1883 2545 1949 exstiterint,
2572 1881 2935 1953 ostendatque
2973 1880 3020 1938 si
3061 1880 3258 1952 possit,
3286 1896 3350 1937 ea
3388 1896 3511 1952 qua:

245 1970 344 2024 κα).
369 1972 552 2027 πᾶσαν
581 1974 674 2028 ἐπὶ
699 1976 792 2031 τὸν
818 1976 950 2032 θεὸν
970 1979 1268 2051 ἀναρτῆσαι
1291 1980 1457 2035 αὐτοῦ
1483 1982 1582 2055 τὴν
1605 1984 1827 2051 ἐλπίδας

242 2061 378 2117 ὥστ’
412 2062 478 2117 ἂν
506 2067 715 2121 εἰπεῖν’
753 2070 905 2125 «Ὅτι
942 2072 1006 2125 σὺ
1038 2068 1087 2126 εἶ
1117 2075 1145 2127 6
1177 2073 1461 2139 ὲκσπάσας
1528 2093 1594 2147 με
1640 2078 1702 2130 ὲκ
1740 2093 1832 2145 γα-

243 2156 413 2229 στρὸς
445 2159 650 2232 μητρός
684 2179 808 2232 μου,
907 2164 1061 2230 ἐλπίς
1088 2183 1188 2236 μου
1221 2166 1331 2221 ἀπὸ
1362 2167 1583 2239 μαστῶν
1605 2168 1705 2239 τῆς
1735 2186 1835 2242 μη-

240 2246 372 2317 τρός
406 2264 531 2318 μου.
566 2250 691 2303 Ἐπὶ
743 2251 802 2305 σὲ
849 2253 1151 2326 ὲπερῤἱφην
1181 2256 1245 2307 ὲκ
1275 2257 1506 2329 μήτρας,
1536 2259 1601 2310 ἐκ
1623 2258 1832 2323 κοιλίας

242 2339 456 2410 μητρός
502 2358 603 2413 μου
650 2343 782 2408 Θεὸς
827 2362 929 2416 μου
973 2343 1025 2400 εἶ
1065 2347 1149 2400 σύ.
1182 2367 1201 2400 ο
1237 2348 1333 2412 Τίς
1359 2348 1416 2402 δὲ
1440 2349 1681 2413 τοιοῦτος
1710 2349 1829 2422 Θεῷ

241 2429 650 2502 μεμελημένος,
679 2433 879 2498 ὄνειδος
924 2436 1225 2509 ἀνθρώπων
1256 2438 1449 2508 γέγονε
1489 2441 1584 2495 καὶ
1616 2440 1829 2506 ἐξουθέ-

238 2537 395 2591 νημα
424 2522 584 2588 λαοῦ;
615 2525 719 2578 ὑπὸ
765 2526 924 2579 τίνων
968 2527 1025 2581 δὲ
1070 2529 1163 2583 καὶ
1204 2531 1460 2585 ποδαπῶν
1491 2532 1704 2604 μόσχων
1731 2533 1828 2587 καὶ

238 2613 463 2686 ταύρων
489 2617 595 2688 χρὴ
620 2621 759 2671 νοεῖν
788 2618 879 2672 τὸν
912 2620 1111 2674 τοιόνδε
1135 2622 1541 2689 κεκυκλῶσθαι;
1571 2626 1623 2679 τί
1651 2626 1708 2678 δὲ
1733 2643 1827 2679 πα-

238 2702 351 2757 θὼν
384 2705 415 2757 6
449 2705 774 2780 δηλούμενος
802 2711 935 2775 ὡσεὶ
974 2710 1115 2785 ὕδωρ
1150 2713 1410 2786 ἐξεχύθη;
1448 2716 1543 2768 καὶ
1604 2716 1721 2780 πῶς
1749 2716 1828 2771 δι-

236 2797 581 2871 εσκορπίσθη
609 2800 772 2853 αὑτοῦ
807 2801 874 2855 τὰ
905 2802 1071 2869 ὀστᾶ;
1102 2804 1215 2870 πῶς
1245 2805 1302 2859 δὲ
1330 2807 1412 2869 είς
1438 2805 1565 2877 χοῦν
1595 2806 1825 2862 θανάτου

236 2887 515 2959 κατήχθη,
546 2892 641 2945 καὶ
672 2894 964 2965 καταχθεὶς
984 2898 1064 2960 εἰς
1087 2896 1215 2968 χοῦν
1237 2896 1491 2959 θανάτου,
1514 2897 1581 2952 τὰ
1602 2898 1826 2954 τοιαῦτα

234 2980 395 3035 λαλεί
425 2982 527 3046 ἔτι,
566 2986 660 3039 καὶ
687 2987 751 3058 ζῇ
782 2989 876 3041 καὶ⁹
897 2987 1222 3057 φθέγγεται;
1256 2988 1400 3052 τίνες
1432 2989 1488 3043 δὲ
1517 2991 1566 3043 οἱ
1593 2991 1753 3056 κύνες
1775 2992 1824 3045 οἱ

232 3072 627 3140 κυκλώσαντες
675 3078 857 3142 αὑτὸν,
890 3080 1064 3151 ἕτεροι
1124 3080 1278 3145 ὄντες
1323 3081 1475 3154 παρὰ
1517 3083 1645 3148 τοὺς
1690 3100 1825 3155 προ-

230 3167 666 3239 ωνομασμένους
692 3170 925 3243 ταύρους
942 3174 1033 3226 καὶ
1066 3174 1297 3246 μόσχους
1316 3192 1331 3240 ;
1351 3174 1481 3228 ποία
1506 3175 1560 3229 δὲ
1581 3192 1823 3245 συναγω-

231 3257 304 3332 γὴ
356 3261 814 3331 πονηρευομένων
855 3263 954 3328 τὰς
990 3269 1177 3337 χεῖρας
1221 3268 1282 3320 οὐ
1326 3267 1504 3337 μόνον,
1546 3268 1684 3322 ἀλλὰ
1731 3269 1824 3323 καὶ

227 3349 362 3414 τοὺς
399 3350 568 3415 πόδας
612 3351 708 3406 τοῦ
740 3354 1056 3423 τηλικούτου
1100 3357 1334 3431 ὤρυξαν,
1365 3359 1733 3424 ἀποδύσαντές
1763 3378 1824 3415 τε

227 3440 423 3504 αὑτὸν,
454 3441 525 3494 τὰ
580 3442 681 3514 μέν
722 3461 845 3499 τινα
884 3446 1139 3502 διείλοντο
1166 3449 1330 3503 αὐτοῦ
1360 3450 1467 3503 τῶν
1491 3450 1822 3523 ἐνδυμάτων,

227 3522 392 3585 τὰδὲ
427 3532 522 3585 καὶ
560 3532 748 3605 κλήρῳ
780 3533 1282 3606 λαχόντεςέ).αϐον;
1309 3542 1392 3605 τίς
1418 3541 1474 3593 δὲ
1507 3543 1540 3614 ή
1583 3522 1825 3614 ῥομφαία

225 3629 321 3681 καὶ
370 3630 404 3682 6
448 3627 615 3691 κύων,
649 3630 743 3685 καὶ
773 3630 800 3682 6
826 3629 994 3696 λέων;
1024 3633 1167 3697 τίνες
1196 3635 1252 3688 δὲ
1280 3637 1329 3689 οί
1363 3637 1644 3708 λεγόμενοι
1676 3654 1827 3708 μονο-

222 3718 499 3790 χὲρωτες,
540 3718 633 3772 τὸν
681 3719 1009 3791 δηλούμενον
1043 3725 1418 3796 περιέχοντεςς
1451 3728 1569 3791 πῶς
1598 3728 1655 3781 δὲ
1686 3728 1825 3799 μετὰ

222 3810 327 3882 τὴν
357 3811 504 3882 πρὸς
528 3811 814 3878 τοσούτους
845 3814 1045 3885 πάλην,
1072 3818 1208 3887 μετὰ
1238 3819 1298 3872 τὸ
1332 3822 1411 3883 εἰς
1437 3819 1566 3892 χοῦν
1590 3821 1822 3877 θανάτου

222 3902 597 3974 καταχθῆναι,
631 3905 1026 3974 ἐπαγγέλλεται
1055 3908 1116 3961 τὸ
1141 3908 1311 3980 ὄνομα
1351 3908 1469 3971 τοῦ
1507 3911 1721 3983 Πατρδς
1747 3910 1825 3973 διέ

221 3994 511 4065 ηγεῖσθαι,
527 3996 589 4048 ού
616 3997 950 4061 πᾶσιν,ἀλλά
976 3999 1157 4071 μόνοις
1179 4003 1290 4065 τοῖς
1318 4000 1510 4056 ἑαυτοῦ
1539 4002 1820 4073 ἀδελφοϊς;

217 4087 372 4152 τίνες
401 4103 463 4140 τε
489 4089 540 4141 οἱ
567 4087 805 4158 ἀδελφοὶ,
839 4090 924 4154 τίς
953 4108 1012 4145 τε
1045 4094 1077 4165 ή
1119 4093 1433 4165 Ἐκκλησία,
1463 4097 1590 4169 περὶ
1616 4091 1684 4168 ἧς
1716 4114 1821 4167 φη-

220 4196 309 4233 σιν
360 4181 395 4234 6
444 4178 515 4232 τὰ
566 4180 790 4235 τοιαῦτα
839 4182 1065 4249 παθὼν,
1123 4203 1142 4234 ι
1178 4185 1268 4238 Ἐν
1315 4187 1465 4258 μέσῳ
1500 4186 1823 4258 Ἐκκλησίας

217 4271 463 4342 ὑμνήσω
512 4289 595 4336 σε,
647 4291 667 4323 ι
720 4267 801 4336 οἷς
845 4275 941 4331 καὶ
991 4275 1251 4345 ἐπιλέγει,
1281 4276 1357 4339 ὡς
1398 4277 1505 4350 ἄρα
1543 4281 1642 4351 οὐχ
1676 4278 1734 4332 ἓν
1761 4279 1822 4333 τὸ

230 4363 520 4417 Ἰουδαίων
553 4361 727 4427 ἔθνος,
764 4382 783 4415 ι
814 4368 993 4421 πάντα
1015 4366 1071 4419 δὲ
1102 4366 1171 4420 τὰ
1205 4367 1416 4440 πέρατα
1442 4370 1541 4441 τῆς
1562 4371 1664 4443 γῆς
1696 4388 1821 4427 συν-

213 4456 605 4528 αισθήσονται,
637 4457 731 4509 καὶ
759 4458 1255 4531 ὲπιστραφήσονται
1294 4463 1428 4533 πρὸς
1476 4463 1699 4536 Κύριον,
1726 4466 1821 4521 καὶ⁴

213 4547 703 4618 προσκυνήσουσιν
729 4545 960 4600 ἐνώπιον
988 4548 1153 4601 αὐτοῦ
1184 4552 1351 4605 πᾶσαι
1380 4551 1433 4605 al
1459 4552 1687 4623 πατριαὶ
1709 4552 1819 4606 τῶν

1933 1975 2010 2030 ita
2038 1974 2317 2045 descripta
2362 1982 2521 2039 sunt,
2557 1974 2687 2030 huic
2716 1972 3030 2035 convenire.
3086 1972 3192 2033 Sed
3240 1974 3384 2029 enim
3418 1972 3511 2027 cui

1933 2081 2174 2137 unquam
2222 2081 2435 2131 eorum,
2463 2082 2603 2138 quos
2660 2066 2714 2121 in
2768 2075 2923 2121 utero
2968 2072 3142 2121 mater
3192 2064 3507 2136 gestaverit,

1932 2168 2142 2215 tantum
2202 2150 2456 2225 virtutis,
2527 2165 2851 2229 tantumque
2911 2157 3109 2215 virium
3174 2156 3394 2212 adluit?
3448 2165 3510 2212 ut

1931 2255 2204 2309 constanti
2255 2252 2601 2325 cogitatione,
2661 2251 2951 2321 animoque
2982 2248 3400 2321 imperturbata,
3454 2258 3510 2305 et

1931 2351 2109 2399 mente
2144 2344 2326 2399 sobria
2355 2352 2409 2399 et
2442 2350 2647 2407 erecta,
2698 2341 2792 2398 Dei
2818 2342 3182 2414 cognitionem
3213 2343 3504 2413 acceperit,

1928 2444 1982 2492 et
2014 2450 2231 2491 omnem
2279 2450 2436 2491 suam
2468 2449 2619 2503 spem
2650 2435 2705 2491 in
2735 2434 2848 2490 Deo
2890 2435 3272 2501 collocaverit,
3332 2449 3508 2505 usque

1928 2524 2064 2580 adeo
2093 2532 2153 2579 ut
2198 2527 2436 2597 potuerit
2461 2527 2647 2583 dicere
2680 2547 2693 2583 :
2724 2546 2744 2579 ι
2785 2525 3053 2593 Quoniam
3085 2534 3142 2581 tu
3176 2542 3237 2583 es
3263 2527 3356 2598 qui
3411 2543 3507 2582 ex-

1928 2615 2142 2671 traxisti
2194 2630 2280 2671 me
2326 2613 2394 2671 de
2439 2623 2632 2672 ventre
2681 2618 2876 2672 matris
2926 2632 3078 2678 meae.
3120 2631 3246 2689 spes
3278 2631 3396 2671 mea
3436 2616 3507 2672 ab

1927 2706 2189 2763 uberibus
2217 2708 2410 2763 matris
2436 2723 2592 2773 meae,
2622 2709 2677 2763 in
2707 2715 2760 2764 te
2787 2708 3064 2779 projectus
3092 2724 3212 2771 sum
3237 2724 3304 2763 ex
3326 2716 3502 2773 utero,

1926 2800 1994 2855 de
2021 2808 2213 2855 ventre
2254 2800 2449 2855 matris
2483 2815 2617 2861 mea:
2674 2800 2818 2856 Deus
2870 2816 3024 2857 meus
3070 2817 3131 2857 es
3176 2809 3254 2856 tu.
3312 2820 3330 2854 ι
3368 2801 3511 2868 Quis

1927 2906 2093 2961 porro
2121 2906 2363 2962 unquam
2387 2892 2478 2948 ubi
2512 2893 2631 2962 ipse
2669 2900 2832 2948 tantae
2857 2907 3003 2948 cura
3030 2891 3140 2948 Deo
3168 2892 3353 2957 fuerit,
3382 2901 3507 2964 post

1926 2996 1989 3037 ea
2030 2982 2383 3054 opprobrium
2415 2982 2699 3038 hominum
2728 2991 2783 3038 et
2823 2983 3056 3053 abjeetio
3088 2984 3273 3055 populi
3326 2984 3506 3041 factus

1926 3072 2049 3128 est?
2070 3088 2099 3126 a
2125 3072 2326 3144 quibus
2362 3083 2543 3129 autem
2592 3080 2648 3128 et
2679 3074 2990 3144 cujusmodi
3015 3076 3225 3139 vitulis,
3262 3085 3354 3131 aut
3382 3087 3508 3132 tau-

1926 3170 2003 3223 ris
2032 3168 2444 3240 intelligendum
2474 3174 2559 3225 est
2606 3169 2752 3224 hunc
2781 3168 2954 3226 fuisse
2984 3169 3424 3237 circumdatum?
3450 3180 3506 3227 et

1925 3262 2057 3332 quid
2081 3262 2296 3318 tandem
2328 3263 2457 3318 huic
2483 3263 2587 3334 ipsi
2616 3264 2837 3329 accidit,
2856 3273 2915 3319 ut
2936 3246 3094 3335 quasi
3128 3280 3266 3337 aqua
3297 3265 3505 3323 eﬂ‘usus

1926 3355 2116 3411 sit?et
2161 3356 2437 3427 quomodo
2466 3356 2716 3426 ejusdem
2774 3372 2902 3412 ossa
2955 3356 3204 3429 diSpersa
3254 3360 3421 3417 sunt?
3448 3366 3505 3415 ct

1924 3461 2031 3515 qua
2063 3446 2276 3502 ratione
2326 3446 2381 3500 in
2424 3447 2701 3517 pulverem
2738 3447 2952 3504 mortis-
2978 3447 3249 3505 deductus
3300 3451 3424 3506 est?
3448 3457 3505 3505 et

1924 3539 2155 3594 simulac
2211 3539 2266 3593 in
2302 3541 2464 3595 talem
2502 3540 2781 3610 pulverem
2806 3548 2893 3597 est
2916 3541 3204 3607 deductus,
3243 3542 3421 3597 adhuc
3447 3550 3504 3598 et

1924 3631 2055 3685 talia
2103 3632 2368 3703 loquitur,
2410 3639 2465 3688 et
2510 3633 2666 3696 vivit,
2695 3641 2749 3689 et
2780 3634 3021 3690 vocalem
3056 3650 3116 3691 se
3162 3636 3421 3706 praestat?
3449 3642 3505 3690 et

1923 3723 2147 3792 quinam
2199 3723 2292 3778 alii
2344 3739 2511 3780 canes
2556 3724 2711 3782 illum
2762 3724 3247 3781 circumdederunt
3295 3734 3497 3798 preter

1923 3827 2041 3881 eos,
2072 3829 2212 3886 quos
2259 3814 2397 3871 dixit
2442 3823 2497 3871 et
2547 3823 2737 3873 tauros
2785 3824 2842 3871 et
2881 3817 3120 3873 vitulos?
3176 3817 3322 3887 quod
3370 3833 3501 3874 vero

1924 3905 2217 3960 consilium
2274 3905 2691 3977 malignantium
2740 3922 2852 3963 non
2908 3908 3087 3963 solum
3146 3923 3341 3965 manus
3404 3911 3500 3965 sed

1922 3995 2087 4065 etiam
2121 3996 2287 4067 pedes
2314 3996 2547 4066 hujusce
2596 3995 2664 4051 de
2696 4010 2808 4067 quo
2840 4012 3021 4052 sermo
3048 4004 3155 4061 est,
3208 3996 3502 4056 foderunt?

1926 4088 2021 4158 qui
2056 4089 2220 4144 etiam
2274 4097 2565 4161 postquam
2618 4089 2871 4145 eumdem
2927 4098 3231 4157 exuerunt,
3290 4101 3499 4162 partem

1924 4178 2145 4249 quidem
2195 4180 2644 4237 vestimentorum
2713 4180 2885 4250 ipsius
2948 4179 3224 4248 divisere,
3285 4191 3499 4253 partem

1921 4284 2051 4335 vero
2079 4268 2244 4338 jactis
2289 4270 2532 4331 sortibus
2563 4269 2956 4342 arripuerunt?
2985 4280 3040 4327 et
3085 4288 3332 4341 quaenam
3387 4274 3500 4329 fra-

1922 4376 2042 4416 mea
2084 4361 2215 4416 illa?
2243 4362 2369 4432 quis
2405 4363 2601 4419 canis?
2640 4362 2766 4434 quis
2804 4362 2931 4420 leo?
2962 4363 3056 4435 qui
3112 4365 3238 4420 item
3271 4365 3348 4421 illi
3402 4367 3499 4438 qui

1922 4451 2179 4507 dicuntur
2209 4453 2504 4511 unicornes
2532 4469 2678 4519 eum,
2718 4454 2787 4511 de
2827 4470 2940 4527 quo
2993 4465 3309 4539 sermo.est,
3342 4459 3497 4515 obsi-

1923 4543 2157 4599 dentes?
2184 4542 2348 4625 492
2380 4551 2435 4601 et
2463 4560 2571 4616 qua
2603 4545 2799 4601 ﬁducia
2827 4556 2951 4620 post
2986 4554 3194 4602 tantam
3217 4556 3407 4605 contra
3440 4548 3497 4605 id

210 4614 435 4701 ἑθνῶνς
469 4614 626 4693 »Καὶ
657 4634 721 4687 σὺ
745 4634 821 4699 δὲ,
860 4636 1008 4706 παρὰ
1039 4636 1220 4708 σαυτῷ
1249 4638 1546 4709 βασανίσας
1572 4614 1818 4714 ’ἑκάστην

1927 4650 2095 4711 genus
2145 4614 2369 4702 luctam',
2426 4651 2491 4692 ac
2534 4649 2823 4711 postquam
2879 4637 2935 4693 in
2986 4639 3260 4710 pulverem
3301 4640 3496 4696 mortis

209 4724 368 4791 λέξιν
422 4722 522 4790 τοῦ
572 4722 809 4795 ψαλμοῦ,
841 4724 939 4779 θέα
984 4728 1032 4779 εί
1079 4726 1301 4783 δυνατὸν
1333 4731 1425 4784 ἐπὶ
1454 4730 1543 4785 τὸν
1590 4733 1821 4804 τυχόντα

208 4817 530 4889 ἀναφέρειν
558 4815 628 4868 τὰ
652 4814 1031 4888 θεσπιζόμενα.
1051 4817 1189 4871 Ἀλλ’
1215 4820 1316 4872 ούκ
1352 4822 1418 4874 ἂν
1443 4821 1623 4893 εὕροις
1649 4823 1820 4896 ἑτέρῳ

209 4927 296 4982 τῳ
322 4908 704 4982 ἐφαρμόττειν
735 4910 872 4963 αὐτὰ
903 4910 936 4982 ἢ
975 4911 1121 4983 μόνῳ
1145 4913 1355 4984 Σωτῆρι
1390 4916 1567 4985 ήμῶν,
1596 4915 1654 4981 δς
1682 4918 1819 4972 πάν-
1844 4922 1848 4927 ’

208 5021 327 5059 των
371 5002 705 5066 πιστότατος
744 5002 810 5056 ἂν
841 5002 925 5074 εἴη
959 5004 1053 5063 καὶ
1092 5003 1477 5077 ἀληθέστατος,
1511 5009 1591 5071 εἰς
1622 5009 1843 5063 ἑαυτοῦ⁴

206 5096 524 5169 πρόσωπον
556 5093 863 5165 ἀνειληφὼς
889 5095 987 5167 τὴν
1011 5096 1119 5149 ἀπὸ
1143 5096 1238 5150 τοῦ
1269 5096 1486 5168 ψαλμοῦ
1514 5098 1715 5171 φωνὴν,
1738 5100 1815 5167 ὼς

207 5189 626 5261 ἐμαρτύρησαν
654 5188 705 5241 οἱ
732 5187 1113 5256 εύαγγελισταί
1131 5205 1145 5218 ·
1174 5190 1203 5242 6
1234 5190 1333 5260 μὲν
1354 5189 1628 5253 Ματθαῑος
1651 5190 1718 5244 δι’
1738 5183 1815 5243 ὧν

203 5280 583 5356 παρεθέμεθα
616 5281 782 5334 αὐτοῦ
815 5280 1044 5347 λέξεων*
1074 5283 1104 5335 6
1134 5282 1193 5337 δὲ
1234 5284 1460 5354 Μάρκος
1510 5283 1576 5336 δι’
1598 5276 1672 5336 ὧν
1721 5284 1816 5338 καὶ

204 5374 386 5437 αὐτὸς
415 5366 525 5430 ὦδὲ
558 5389 675 5436 πως
703 5374 907 5444 ἱστορεῖ
936 5372 1108 5441 λέγων
1128 5390 1141 5404 ·
1176 5392 1195 5425 ι
1227 5374 1534 5445 Γενομένης
1573 5375 1632 5428 δὲ
1669 5374 1816 5446 ὧρας

202 5468 412 5537 ἕκτης,
440 5465 631 5528 σκότος
663 5466 881 5533 ἐγένετο
905 5468 988 5533 ἐφ’
1009 5466 1135 5538 ὅλης
1161 5468 1260 5538 τῆς
1285 5468 1411 5538 γῆς,
1428 5467 1532 5532 ἕως
1563 5467 1710 5539 ὥρας
1738 5468 1818 5521 ὲν-

200 5561 410 5631 νάτης.
455 5559 567 5612 Καὶ
601 5560 668 5629 τῇ
704 5557 897 5629 ὲννάτῃ
950 5557 1068 5629 ὥρα
1115 5558 1340 5629 ἐϐόησεν
1389 5561 1418 5612 6
1453 5558 1661 5631 Ἰησοῦς
1704 5575 1817 5629 φω-

198 5656 269 5724 νῇ
313 5648 567 5723 μεγάλῃ,
599 5647 805 5719 λέγων’
844 5650 1410 5725 Ἠλεὶ,Ἦλεὶ,λαμμᾶ
1440 5651 1763 5723 σαϐαχθανὶ,
1787 5654 1815 5708 ὅ

198 5745 329 5799 ἐστι
374 5739 927 5815 μεθερμηνευόμενον
946 5758 962 5775 ο
1012 5742 1069 5795 '0
1101 5743 1252 5809 Θεὸς,
1282 5747 1311 5798 6
1342 5742 1474 5819 Θεός
1505 5762 1631 5816 μου,
1655 5747 1735 5811 είς
1761 5746 1814 5800 τί

207 5833 597 5911 ξγκατέλιπές
627 5850 727 5908 ut;
755 5835 864 5889 Καί
906 5850 1050 5899 τινες
1091 5835 1198 5893 τῶν
1230 5837 1574 5893 ἀκουσάντων
1597 5836 1778 5910 ἔλεγον
1796 5856 1809 5870 ’

1918 4724 2188 4783 deductus
2217 4735 2324 4792 est,
2359 4728 2649 4799 pollicetur
2681 4746 2740 4788 se
2765 4746 2965 4786 nomen
3013 4730 3186 4801 patris
3238 4730 3322 4787 sui
3365 4747 3495 4787 nar-

1916 4825 2166 4875 raturum
2204 4834 2318 4875 non
2351 4820 2634 4885 omnibus,
2660 4821 2757 4876 sed
2794 4821 2927 4876 solis
2958 4825 3073 4878 suis
3105 4820 3413 4876 fratribus?
3441 4829 3496 4876 et

1916 4910 2012 4981 qui
2066 4911 2284 4966 tandem
2343 4912 2400 4967 bi
2450 4910 2702 4968 fratres?
2746 4928 2995 4982 quaenam
3063 4929 3190 4968 vero
3249 4911 3495 4969 Ecclesia

1922 5001 2057 5066 haec,
2090 5003 2157 5057 de
2181 5018 2288 5073 qua
2314 5002 2361 5060 is
2396 5004 2488 5074 qui
2523 5005 2649 5057 talia
2677 5004 2920 5074 pertulit,
2952 5003 3025 5057 ita
3062 5004 3342 5075 loquitur?
3370 5024 3387 5057 ι
3434 5005 3496 5061 ln

1921 5094 2101 5148 medio
2130 5092 2384 5149 Ecclesiae
2443 5093 2677 5150 laudabo
2715 5103 2798 5160 te;
2860 5112 2880 5146 ι
2912 5094 3113 5163 quibus
3163 5095 3327 5150 etiam
3359 5095 3493 5175 illud

1922 5185 2172 5257 adjungit
2200 5205 2212 5240 :
2245 5187 2392 5257 quod
2432 5188 2621 5257 utique
2650 5203 2759 5241 non
2792 5200 2896 5240 una
2923 5184 3152 5242 Judaica
3195 5202 3361 5258 gens,
3399 5187 3493 5244 sed

1928 5299 1945 5331 ι
1981 5294 2173 5335 omnes
2203 5267 2338 5335 lines
2366 5289 2527 5335 terrae
2570 5279 2989 5334 reminiscentur
3016 5287 3070 5334 et
3107 5286 3497 5336 convertentur

1924 5371 1993 5431 ad
2024 5372 2338 5438 Dominum,
2367 5378 2421 5430 et
2472 5370 2779 5426 adorabunt
2811 5370 2865 5425 in
2896 5379 3195 5442 conspectu
3226 5371 3347 5442 ejus
3376 5385 3496 5426 om-

1922 5482 2020 5522 nes
2064 5464 2284 5521 familiae
2334 5464 2597 5536 gentium.
2639 5463 2955 5520 iCazterum
3016 5471 3075 5519 tu
3124 5480 3344 5536 quoque
3397 5464 3495 5535 ubi

1921 5567 2093 5630 perte
2126 5558 2306 5629 ipsum
2338 5556 2553 5627 singula
2602 5556 2845 5626 ejusdem
2875 5557 3071 5628 psalmi
3120 5557 3286 5613 verba
3306 5558 3496 5629 explo-

1922 5651 2152 5714 raveris,
2178 5650 2338 5705 facile
2384 5648 2658 5720 intelliges
2691 5657 2873 5704 utrum
2893 5664 2955 5705 ea
2978 5665 3102 5721 quae
3134 5649 3191 5704 in
3215 5649 3334 5722 ipso
3357 5665 3491 5705 con-

1923 5744 2168 5798 tinentur
2216 5741 2284 5796 ad
2319 5742 2594 5812 vulgarem
2642 5742 2955 5813 quempiam
2985 5741 3179 5802 referri
3225 5743 3438 5815 possint
3469 5760 3486 5798 :

1922 5835 2067 5906 quod
2104 5850 2227 5918 cum
2264 5834 2482 5906 feceris,
2507 5845 2655 5893 certe
2699 5851 2809 5893 non
2861 5835 3107 5894 invenies
3138 5840 3226 5893 cui
3269 5833 3489 5895 tandem
