4100 6474
565 323 674 381 765

1269 322 1541 383 EUSEBII
1577 326 2060 385 CESARIENSIS
2099 325 2252 387 OPP.
2294 320 2477 386 PARS
2503 329 2569 385 11.
2607 361 2677 373 -
2703 328 3202 389 APOLOGETICA.

3735 329 3848 385 76‘

564 441 659 498 illa
688 441 1039 512 conveniant,
1060 450 1258 515 prater
1288 460 1456 499 unum
1495 445 1831 502 Salvatorem
1860 454 2131 512 nostrum,

2249 447 2433 502 Ἠλίαν
2476 451 2662 519 φωνεῖ.
2697 468 2716 501 ι
2751 451 2885 524 Φέρε
2908 450 2972 522 δὴ
2995 446 3090 505 οὖν
3121 450 3330 514 τούτοις
3361 448 3693 514 ἀκολούθως
3718 449 3847 505 ῐδω-

563 539 659 609 qui
711 538 954 595 omnium
995 545 1051 593 et
1091 537 1404 596 ﬁdelissime
1453 546 1508 596 et
1565 541 1849 596 verissime
1906 540 2137 610 hujusce

563 628 760 701 psalmi
788 645 951 685 voces
980 631 1036 684 in
1075 646 1230 686 suam
1261 646 1550 702 personam
1583 633 1909 702 assumpsit,
1947 648 2138 702 quem-

563 719 855 776 admodum
914 723 1262 792 evangelistae
1313 722 1587 779 testiﬁcati
1642 731 1788 780 sunt.
1852 724 2134 784 Matthaeus

561 810 783 882 quidem
811 813 920 868 illis
949 813 1130 868 verbis
1179 828 1301 883 qua:
1343 821 1504 870 antea
1559 816 1870 871 retulimus.
1919 816 2134 874 Marcus

563 910 745 958 autem
798 901 866 959 iis
919 903 1119 974 quibus
1166 904 1331 958 etiam
1376 904 1486 971 ille,
1518 913 1706 977 utpote
1736 908 1829 978 qui
1883 910 1937 962 in
1986 909 2134 964 hunc

561 994 784 1049 modum
807 1002 991 1051 narret
1018 1013 1033 1050 :
1062 1014 1081 1047 ι
1118 993 1185 1049 Et
1207 994 1347 1051 facta
1369 997 1503 1052 hora
1538 1007 1691 1054 sexta
1721 1000 1957 1055 tenebrae
1978 999 2134 1056 facta:

563 1093 694 1139 sunt
718 1100 883 1156 super
911 1094 1079 1141 totam
1110 1097 1312 1143 terram
1348 1104 1524 1159 usque
1576 1090 1649 1144 ad
1690 1091 1879 1145 horam
1910 1108 2130 1149 nonam.

561 1174 632 1230 Et
654 1177 791 1233 hora
817 1194 959 1234 nona
988 1179 1310 1235 exclamavit
1327 1178 1488 1236 Jesus
1512 1197 1646 1238 voce
1678 1199 1869 1253 magna
1903 1185 2129 1241 dicens:

562 1266 669 1334 Eli,
694 1267 796 1333 Eli,
822 1269 1019 1324 lamma
1054 1270 1435 1336 sabachthani,
1475 1272 1619 1341 quod
1653 1283 1737 1327 est
1772 1289 1837 1328 ex
1862 1274 2131 1345 interpre-

562 1361 771 1418 tatione
796 1380 810 1417 :
838 1361 1003 1428 Deus,
1039 1362 1182 1419 Deus
1203 1380 1379 1430 meus,
1406 1364 1472 1419 ad
1502 1366 1632 1436 quid
1649 1366 1987 1435 dereliquisti
2014 1366 2136 1421 me?

562 1451 631 1508 Et
685 1455 910 1524 quidam
958 1472 1024 1511 ex
1058 1458 1405 1514 audientibus
1461 1458 1764 1514 dicebant:
1818 1458 1991 1512 Eliam
2032 1475 2132 1514 vo-

563 1548 653 1597 cat
681 1542 748 1597 ”.
784 1562 803 1594 ι
828 1546 940 1614 Age
969 1545 1134 1614 igitur
1178 1549 1407 1617 posthac
1440 1549 1562 1619 ipso
1604 1549 1792 1603 ordine
1829 1550 2134 1615 videamus,

563 1649 670 1703 qua
697 1635 908 1691 ratione
941 1652 1006 1691 ea
1030 1653 1152 1707 quae
1177 1638 1232 1693 in
1267 1639 1372 1694 hoc
1415 1641 1628 1710 psalmo
1659 1642 2031 1709 continentur,
2065 1644 2131 1698 ad

516 1725 715 1781 'illum
765 1727 1050 1784 referenda
1105 1730 1235 1785 sint.
1296 1729 1374 1786 Ac
1420 1732 1655 1802 primum
1719 1726 2138 1806 inscriptionem

563 1815 741 1886 ipsam
760 1825 1078 1887 tractemus,
1102 1836 1223 1890 quae
1241 1822 1373 1877 talis
1395 1830 1481 1878 est
1515 1843 1527 1878 :
1566 1843 1586 1875 ι
1624 1824 1682 1879 in
1713 1824 1872 1881 linem
1904 1827 1971 1890 ⁸ο,
2003 1847 2021 1878 ι
2050 1829 2135 1883 vel
2163 1796 2208 1854 Β

559 1913 1013 1981 quemadmodum
1035 1915 1229 1984 Aquila
1263 1915 1471 1972 edidit:
1503 1936 1522 1968 ι
1566 1918 1808 1973 victoriae
1841 1919 2074 1984 auctori,
2108 1939 2127 1972 ι

560 2004 647 2061 vel
693 2006 856 2060 etiam
904 2014 964 2060 nt
1000 2004 1367 2078 Symmachus
1413 2026 1429 2063 :
1489 2027 1509 2061 ι
1571 2008 1640 2064 ad
1691 2010 1973 2066 victoriam
2032 2028 2132 2083 pro

561 2100 931 2169 susceptione.
962 2120 982 2153 ι
1018 2101 1143 2156 llaec
1170 2116 1301 2157 sane
1329 2100 1490 2157 nobis
1532 2103 1759 2158 veniunt
1788 2103 1842 2157 in
1872 2112 2129 2169 mentem,

561 2201 849 2263 propterea
897 2196 1040 2265 quod
1090 2196 1353 2251 salutaris
1405 2196 1497 2250 illa
1553 2197 1760 2268 passio,
1816 2205 1877 2251 ut
1926 2199 2132 2269 scripta

560 2284 1020 2353 evangelistarnm
1050 2285 1450 2353 demonstrant,
1480 2286 1722 2357 perlecta
1774 2295 1855 2343 est
1913 2287 2132 2345 circiter

561 2373 753 2429 horam
776 2391 1012 2443 ,nonam,
1051 2378 1210 2435 factis
1245 2379 1360 2448 jam
1406 2379 1667 2444 tenebris,
1700 2380 1768 2435 ab
1795 2382 1929 2436 hora
1979 2391 2131 2437 sexta

560 2484 737 2540 usque
793 2470 860 2525 ad
913 2469 1105 2525 horam
1159 2486 1382 2536 nonam,
1438 2485 1545 2541 qua
1593 2485 1727 2526 sane
1780 2472 1915 2527 hora
1966 2475 2131 2528 etiam

559 2576 749 2618 vocem
778 2576 1028 2634 magnam
1059 2562 1262 2628 emisit,
1290 2570 1345 2617 et
1376 2579 1439 2618 ea
1471 2580 1592 2634 quae
1616 2565 1777 2636 paulo
1818 2574 1945 2622 ante
1992 2567 2117 2621 reci-

557 2654 820 2720 tavimus,
865 2654 1110 2725 protulit,
1155 2661 1215 2708 ut
1247 2655 1405 2724 plane
1451 2656 1523 2712 sit
1555 2657 1954 2724 conﬁtendum,
1985 2659 2131 2715 illius

559 2742 873 2815 passionem
908 2743 976 2798 ad
1008 2758 1288 2814 veSperam
1316 2751 1477 2800 nocte
1496 2746 1822 2804 adventante
1853 2747 2042 2804 fuisse.
2065 2748 2134 2803 At

557 2833 773 2890 reditus
796 2831 1042 2902 ejusdem
1074 2849 1105 2887 a
1135 2834 1523 2905 mortuis,quae
1545 2834 1939 2909 l‘uitsusceptio
1958 2841 2130 2908 patris

557 2924 715 2980 illum
769 2924 1140 2995 snseipientis,
1187 2934 1242 2979 et
1287 2926 1355 2980 ad
1411 2926 1651 2996 seipsum
1704 2942 1773 2984 ex
1817 2929 2130 2999 regionibus

559 3012 755 3071 mortis
778 3014 1115 3072 adtrahentis
1135 3024 1297 3086 atque
1317 3018 1673 3085 assumentis,
1699 3020 1845 3075 circa
1875 3036 2130 3077 auroram

561 3104 685 3172 fuit,
717 3105 1179 3177 quemadmodum
1232 3122 1428 3162 rursus
1477 3109 1933 3181 evangelistarum
1976 3114 2131 3168 testi-
2157 3133 2199 3190 ρ

560 3200 749 3254 monio
776 3198 1152 3256 conﬁrmatur;
1179 3197 1460 3270 Siquidem
1491 3198 1669 3257 Lucas
1698 3201 1814 3258 haec
1836 3204 1913 3258 ait
1936 3223 1989 3258 ιι
2011 3203 2131 3260 Una

562 3299 745 3345 autem
773 3288 1131 3347 Sabbatorum
1159 3291 1318 3347 valde
1348 3292 1590 3348 diluculo
1618 3302 1886 3349 venerunt
1917 3295 1987 3352 ad
2021 3311 2134 3350 mo-

563 3390 885 3437 nomentum
935 3382 1194 3445 ferentes.
1239 3400 1361 3454 QUZB
1412 3393 1738 3454 paraverant
1780 3396 2059 3453 aromata,
2106 3406 2127 3440 ι

560 3473 727 3547 493
756 3474 1011 3530 mulieres
1035 3475 1287 3531 videlicet
1320 3484 1375 3531 et
1408 3476 1658 3532 nonnulli
1694 3493 1817 3533 cum
1839 3478 1955 3544 eis;
1991 3500 2009 3531 ι
2049 3481 2135 3535 in~

561 3575 826 3623 venerunt
852 3574 1029 3621 autem
1058 3567 1292 3637 lapidem
1324 3568 1630 3624 revolutum
1660 3586 1690 3623 a
1732 3581 2081 3626 monumento
2114 3591 2128 3628 :

561 3667 619 3713 et
645 3658 906 3729 ingressa:
938 3674 1046 3712 non
1095 3659 1420 3713 invenerunt
1449 3672 1650 3727 corpus
1681 3660 1751 3723 ’°,
1786 3679 1806 3710 ι
1847 3671 2133 3730 propterea

562 3749 711 3821 quod
736 3750 848 3818 jam
880 3756 996 3803 tum
1027 3747 1277 3804 Salvator
1305 3758 1493 3805 noster
1519 3764 1550 3803 a
1583 3756 1761 3805 morte
1791 3753 2134 3807 eratexcita-

563 3846 675 3896 tus.
730 3837 845 3894 Hoc
883 3855 1015 3895 vero
1062 3840 1241 3910 ipsum
1274 3839 1491 3896 Marcus
1528 3856 1745 3911 quoque
1770 3842 2009 3897 ostendit
2051 3844 2132 3898 sic

563 3930 756 3986 dicens
790 3948 805 3985 :
836 3948 855 3982 ι
895 3929 962 3984 Εῑ
993 3931 1151 3986 valde
1190 3946 1351 3988 mane
1378 3947 1485 3986 una
1521 3932 1882 3988 Sabbatorum
1906 3935 2134 3991 veniunt

564 4020 634 4078 ad
658 4029 1093 4085 monumentum,
1126 4031 1245 4075 orto
1267 4020 1381 4091 jam
1410 4022 1544 4089 sole,
1572 4030 1626 4077 et
1672 4022 1925 4079 dicebant
1971 4026 2039 4080 ad
2073 4041 2133 4081 se

563 4113 800 4168 invicem
833 4131 848 4167 :
878 4110 1015 4179 Quis
1037 4112 1277 4167 revolvet
1307 4112 1466 4169 nobis
1489 4113 1722 4183 lapidem
1747 4115 1815 4169 ab
1842 4116 1984 4170 ostio
2017 4130 2131 4170 mo-

561 4205 847 4262 numenti?
876 4213 995 4261 erat
1032 4206 1232 4276 quippe
1282 4220 1512 4275 magnus
1553 4207 1707 4260 valde
1740 4224 1754 4259 :
1784 4214 1837 4261 et
1885 4209 2129 4272 veniunt,

560 4305 617 4355 et
652 4297 936 4354 inveniunt
985 4313 1112 4353 eum
1164 4298 1467 4353 revolutum
1495 4297 1563 4352 νί.
1600 4317 1619 4350 ι
1657 4297 1786 4352 Erat
1811 4309 1989 4352 autem
2019 4299 2131 4367 jam

558 4400 677 4445 tum
706 4391 995 4446 excitatus.
1038 4388 1217 4445 Habes
1249 4390 1390 4460 apud
1444 4388 1706 4444 Joannem
1736 4405 1952 4459 quoque
1989 4389 2131 4444 idem

2239 556 2361 610 μεν,
2387 540 2535 603 ὃπως
2558 542 2638 601 είς
2657 540 2818 594 αὑτὸν
2839 539 3335 611 ἁνενεχθήσεταιτά
3360 540 3444 593 διὰ
3469 540 3577 595 τοῦ
3609 540 3846 611 ψαλμοῦ

2235 629 2559 701 δηλούμενα.
2591 632 2700 685 Καὶ
2727 630 2941 703 πρῶτόν
2972 649 3036 701 γε
3069 631 3409 703 διαλάϐωμεν
3433 632 3538 705 τὴν
3579 632 3846 700 φάσκου-

2238 739 2336 775 σαν
2363 722 2704 793 προγραφὴν,
2751 741 2770 774 ι
2811 725 2890 787 εἰς
2918 723 2979 776 τὸ
3002 722 3173 787 τέλος,
3212 742 3229 774 ι
3266 725 3321 794 ἢ,
3347 724 3489 778 κατά
3520 726 3631 779 τὸν
3678 722 3848 776 ’Δκύο

2235 812 2355 879 λαν,
2391 830 2410 863 ι
2438 812 2515 883 τῷ
2557 812 2836 883 νικοποιιῖ),
2870 832 2888 864 ι
2929 812 2985 884 ἢ,
3013 813 3155 868 κατά
3176 812 3269 867 τὸν
3294 813 3625 885 Σύμμαχον,
3667 832 3687 863 ι
3724 813 3851 865 ἑπι-

2235 903 2404 967 νίκιος
2449 902 2593 975 ὑπὲρ
2635 903 2735 975 τῆς
2762 903 3113 975 ἀντιλήψεως.
3144 924 3162 956 ι
3197 903 3360 958 Ταῦθ’
3383 906 3534 976 ἡμᾶς
3568 902 3852 975 ὑπεισέρ-

2234 1011 2408 1065 χεται,
2441 994 2525 1047 ὅτι
2545 994 2607 1047 τὸ
2636 993 2735 1065 μὲν
2778 995 3042 1066 σωτήριον
3066 993 3256 1059 πάθος,
3294 994 3372 1058 ὡς
3410 996 3469 1048 αί
3501 993 3705 1060 λέξεις
3733 991 3852 1046 τῶν

2235 1085 2637 1155 εὐαγγελιστῶν
2683 1086 3053 1157 παρέστησαν,
3099 1086 3323 1150 σκότους
3373 1086 3691 1157 γενομένου
3738 1084 3853 1138 ἀπὺ

2233 1178 2382 1249 ὥρας
2404 1178 2566 1249 ἕκτης
2581 1177 2685 1241 ἓως
2706 1176 2853 1248 ῶρας
2878 1176 3123 1247 ὲννάτης,
3157 1178 3300 1248 ἀμφὶ
3318 1177 3417 1249 τὴν
3439 1177 3695 1246 ἐννάτην
3721 1193 3854 1229 συν·

2234 1271 2513 1343 ετελέσθη,
2543 1271 2632 1324 ὅτε
2655 1271 2749 1324 καὶ
2777 1270 2880 1341 τὴν
2912 1271 3093 1341 φωνὴν
3118 1270 3298 1340 ἀφῆκε
3330 1269 3425 1341 τὴν
3448 1267 3743 1340 μεγάλην,
3777 1267 3851 1323 τὰ

2238 1361 2416 1433 μικρῷ
2439 1361 2671 1434 πρόσθεν
2688 1360 3032 1433 δεδηλωμένα
3049 1361 3237 1421 εἰπὼν.
3267 1361 3407 1415 ὣστε
3435 1360 3853 1432 ὁμολογεῖσθαι

2238 1452 2423 1523 σαφῶς
2454 1453 2516 1505 τὸ
2535 1451 2705 1517 πάθος
2725 1451 2889 1505 αὑτοῦ
2926 1454 3071 1523 ἀμφὶ
3090 1452 3188 1524 τὴν
3217 1453 3455 1524 ἑσπέραν
3484 1452 3704 1515 νυκτὸς
3739 1453 3848 1505 ὲπ-

2235 1543 2457 1597 ελαυνού
2465 1561 2561 1614 σης
2576 1543 2962 1612 γεγονέναι.Τά
2973 1545 3029 1598 δὲ
3041 1545 3137 1615 τῆς
3152 1545 3215 1597 ὲκ
3227 1544 3431 1615 νεκρῶν
3444 1542 3850 1606 ἀναστάσεως,

2234 1636 2354 1707 ἥτις
2383 1631 2450 1707 ἦν
2476 1634 2755 1704 ἀντίληψις
2784 1634 2878 1687 τοῦ
2905 1635 3116 1706 Πατρὸς
3141 1635 3722 1708 ἀντιλαμϐανομένου,
3751 1636 3851 1689 καὶ

2236 1729 2317 1791 είς
2338 1728 2527 1780 ἑαυτὸν
2558 1728 2622 1781 ὲκ
2652 1726 2761 1779 τῶν
2786 1726 2878 1780 τοῦ
2908 1726 3141 1781 Θανάτου
3170 1728 3383 1799 χωρίων
3402 1726 3849 1797 ἐπισπωμένου,

2236 1823 2330 1875 καὶ
2349 1821 2414 1873 λα
2423 1819 2713 1891 μὸἀνοντος
2733 1821 2913 1885 αὑτὸν,
2926 1822 3068 1891 ἀμφὶ
3086 1821 3183 1891 τὴν
3205 1820 3280 1874 ’έω
3299 1819 3542 1889 γέγονεν,
3567 1819 3656 1881 ὡς
3679 1814 3789 1872 αὖθ
3798 1834 3851 1881 ις

2235 1912 2343 1966 ἀπὸ
2370 1913 2466 1983 τῆς
2492 1912 2601 1965 τῶν
2632 1912 3029 1981 εὐαγγελιστῶν
3057 1910 3360 1983 μαρτυρίας
3389 1911 3853 1983 παρίσταται.⁸0

2234 2004 2366 2074 γοῦν
2380 2005 2592 2070 Λουκᾶς
2608 2023 2739 2078 φησι
2756 2024 2769 2037 ο
2796 2027 2814 2058 ι
2827 2007 2903 2078 Τῇ
2926 2005 2982 2059 δὲ
3002 2007 3100 2077 μιᾷ
3114 2005 3223 2059 τῶν
3237 2005 3529 2059 Σαόϐἀτων
3547 2001 3733 2076 ἦλθον
3748 2004 3852 2070 ὄρ·

2235 2095 2364 2168 θρου
2394 2096 2597 2167 βαθέως
2624 2098 2715 2151 ἐπὶ
2745 2098 2805 2151 τὸ
2842 2102 3122 2170 μνημεῖον,
3156 2098 3416 2170 φέρουσαι
3442 2099 3479 2152 ἂ
3510 2097 3847 2169 ἡτοίμασαν

2234 2186 2522 2258 ἀρώματα,
2545 2208 2563 2238 ι
2578 2188 2817 2258 δηλονότι
2841 2190 2897 2242 αἱ
2914 2191 3187 2257 γυναῖκες,
3207 2189 3300 2242 καί
3315 2206 3457 2254 τινες
3477 2189 3577 2241 σὺν
3602 2190 3842 2252 αὑταίςδ

2240 2299 2257 2330 ι
2270 2274 2328 2333 εὖ
2338 2296 2426 2349 ρον
2469 2280 2526 2332 δὲ
2550 2280 2642 2332 τὸν
2656 2278 2802 2333 λίθον
2818 2279 3313 2350 ἀποκεκυλισμένον
3333 2282 3398 2333 ἐκ
3411 2279 3505 2332 τοῦ
3520 2277 3837 2350 μνημείουο

2233 2368 2570 2423 εἰσελθοῦσαι
2607 2369 2664 2422 δὲ
2699 2371 2798 2441 οὐχ
2828 2362 2989 2443 εὗρον
3019 2371 3080 2423 τὸ
3115 2370 3295 2441 σῶμα,
3323 2390 3341 2421 ι
3373 2371 3462 2424 διὰ
3492 2371 3557 2423 τὸ
3591 2371 3702 2441 ἤδη
3740 2369 3842 2422 τὸν

2234 2461 2464 2533 Σωτῆρα
2498 2461 2653 2533 ἡμῶν
2682 2464 2747 2515 ὲκ
2793 2462 3002 2535 νεκρῶν
3034 2462 3354 2534 ἐγηγέρθαι.
3387 2462 3563 2516 Τοῦτο
3595 2463 3658 2515 δὲ
3696 2460 3841 2515 αὐτὸ

2233 2554 2367 2607 καὶὸ
2388 2554 2610 2624 Μάρκος
2621 2554 2789 2624 δηλοῖ,
2807 2554 2999 2623 λέγων’
3024 2574 3042 2605 ι
3068 2555 3177 2608 Καὶ
3196 2554 3315 2607 λίαν
3340 2554 3485 2626 πρωῒ
3502 2557 3575 2626 τῇ
3589 2556 3699 2626 μιᾷ.
3719 2553 3838 2606 τῶν

2232 2641 2524 2696 Σαὸὄάτων
2557 2642 2805 2715 ἔρχονται
2837 2644 2927 2695 ἐπὶ
2958 2643 3017 2696 τὸ
3052 2647 3315 2714 μνημεῖον
3336 2684 3351 2709 ,
3391 2644 3575 2716 Eun)
3601 2645 3835 2698 ἀνατεί-

2232 2732 2421 2797 λαντος
2443 2734 2536 2787 τοῦ
2553 2734 2732 2806 ἡλίου,
2759 2734 2853 2787 καὶ
2868 2734 3054 2803 ἔλεγον
3081 2736 3215 2807 πρὸς
3227 2735 3423 2800 ἑαυτάς
3444 2754 3456 2767 ο
3489 2737 3588 2800 Τίς
3606 2738 3834 2790 atauo-

2231 2825 2355 2899 λίσῃ
2385 2829 2518 2896 ἡμῖν
2548 2827 2638 2879 τὸν
2679 2826 2821 2881 λίθον
2869 2827 2977 2880 ἀπὸ
3019 2827 3119 2898 τῆς
3167 2826 3336 2897 θύρας
3378 2828 3473 2881 τοῦ
3507 2829 3831 2899 μνημείου;

2229 2913 2298 2989 ἦν
2336 2918 2445 2989 γὰρ
2479 2918 2653 2988 μέγας
2685 2919 2911 2990 σφόδρα.
2958 2920 3288 2994 Ἔρχονται,
3323 2922 3415 2974 καὶ
3465 2921 3831 2992 εὑρίσκουσιν

2230 3009 2393 3064 αὐτὸν
2429 3010 2944 3082 ἀποκεκυλισμένον.
2990 3031 3009 3064 ι
3044 3008 3151 3066 τΗν
3193 3013 3250 3066 δὲ
3281 3014 3385 3085 ήδη
3418 3015 3829 3086 ἐγηγερμένος.

2236 3100 2420 3171 Ἔχεις
2449 3102 2543 3155 καί
2573 3101 2723 3174 παρά
2751 3102 2828 3174 τῷ
2871 3103 3094 3177 Ἰωάννῃ
3133 3103 3230 3175 τὴν
3276 3105 3445 3175 αὐτὴν
3474 3106 3828 3178 μαρτυρίαν,

2234 3190 2443 3261 λέγοντι
2464 3210 2478 3224 ⁸
2517 3211 2536 3245 ι
2567 3194 2644 3265 Τῇ
2675 3194 2733 3247 δὲ
2764 3197 2860 3267 μιᾷ
2894 3194 3003 3248 τῶν
3034 3194 3327 3251 Σαεὸἀτων
3359 3197 3580 3269 ἔρχεται
3622 3197 3826 3269 Μαρία

2234 3288 2272 3358 ἡ
2298 3285 2627 3359 Μαγδαληνὴ
2671 3287 2813 3359 πρωῒ
2840 3290 2919 3352 είς
2950 3288 3012 3341 τὸ
3048 3291 3334 3359 μνημεῖον,
3357 3288 3437 3342 ἔτι
3465 3289 3693 3355 σκοτίας
3727 3290 3824 3344 οὕ-

2236 3393 2357 3449 σης,
2381 3377 2475 3430 καὶ
2498 3376 2685 3447 βλέπει
2711 3376 2805 3431 τὸν
2827 3378 2973 3432 λίθον
3003 3378 3241 3451 ⁴Ιγρμέπον
3266 3382 3329 3434 ὲκ
3362 3381 3454 3434 τοῦ
3487 3382 3782 3453 μνημείου.
3798 3401 3820 3434 ι

2234 3470 2343 3524 Καὶ
2370 3473 2398 3524 ὁ
2424 3470 2698 3535 Ματθαὶος
2724 3472 2813 3537 δὲ,
2866 3474 2914 3526 εί
2958 3474 3054 3525 καὶ
3090 3471 3188 3542 ὀψὲ
3240 3472 3532 3528 Σαῦὅάτιω
3567 3474 3820 3547 εἴρηκεν,

2234 3563 2346 3617 ἀλλ’
2381 3564 2627 3635 ἐπιφέρει
2660 3562 2863 3632 λέγων’
2911 3584 2929 3616 ι
2962 3564 3077 3635 Τῆς
3121 3565 3539 3637 ὲπιφωσκούσης
3570 3568 3651 3630 είς
3687 3567 3822 3638 μίαν

2234 3655 2523 3709 Σα66ἀτων
2543 3696 2555 3720 ,
2584 3651 2716 3726 ἦλθε
2756 3656 2946 3728 Μαρία
2978 3658 3023 3729 ἡ
3060 3656 3427 3729 Μαγδαληνὴ,
3456 3658 3550 3713 καὶ
3592 3660 3624 3730 ἡ
3679 3659 3818 3727 ἄλλη

2232 3748 2422 3819 Μαρία
2446 3747 2715 3819 θεωρῆσαι
2743 3747 2832 3801 τὸν
2860 3749 3053 3819 τάφον,
3085 3749 3181 3803 καὶ
3210 3749 3317 3804 ἰδοὺ
3344 3751 3566 3820 σεισμὸς
3598 3750 3820 3818 ἐγένετο

2238 3840 2428 3911 μέγας.
2457 3840 2721 3909 Ἀγγελος
2751 3840 2860 3913 γάρ
2898 3842 3103 3913 Κυρίου
3124 3882 3140 3906 ,
3173 3842 3418 3907 καταϐὰς
3450 3843 3509 3909 ἐξ
3541 3843 3778 3915 οὐρανοῦ
3797 3882 3813 3905 .

2234 3930 2544 4001 προσελθὼν
2580 3930 2879 3985 ἀπεκύλισε
2910 3933 3000 3987 τὸν
3040 3931 3186 3985 λίθον
3228 3933 3336 3986 ἀπὸ
3373 3933 3473 4004 τῆς
3513 3933 3686 4004 θύρας
3720 3933 3814 3987 τοῦ

2238 4022 2521 4094 μνημείου.
2557 4041 2576 4073 ι
2607 4021 2791 4077 Ταῦτα
2821 4023 2877 4076 δὲ
2908 4025 3219 4093 ἀναγκαίως
3248 4024 3673 4097 παρεθέμηνείς
3703 4043 3814 4079 πα-

2236 4117 2496 4188 ράστασιν
2519 4114 2620 4184 τῆς
2653 4115 2711 4168 ἐν
2734 4114 2812 4186 τῷ
2834 4114 3033 4186 ψαλμῷ
3068 4116 3552 4188 προφητευομένης
3582 4116 3812 4189 ἑωθινῆς

2233 4206 2586 4277 ἀντιλήψεως.
2623 4206 2773 4259 Ἐπεὶ
2804 4206 2912 4278 γὰρ
2949 4208 3015 4260 τὰ
3047 4209 3175 4279 περὶ
3213 4208 3307 4261 τοῦ
3341 4208 3545 4272 πάθους
3573 4208 3671 4263 τοῦ
3700 4211 3812 4264 Σω-

2232 4300 2395 4371 τῆρος
2426 4299 2584 4369 ἡμῶν
2614 4298 2904 4370 σημαίνει,
2937 4299 2997 4352 οὐ
3026 4299 3133 4371 μὴν
3162 4299 3454 4370 κατέληξεν
3482 4303 3517 4372 ἡ
3560 4304 3683 4355 κατ’
3713 4305 3810 4356 αὸο

2232 4390 2323 4444 τὸν
2353 4392 2632 4462 οἰκονομία
2658 4393 2715 4445 ἐν
2749 4391 2825 4462 τῷ
2858 4390 3040 4457 πάθει,
3064 4391 3214 4456 τέλος
3240 4392 3295 4446 δὲ
3322 4393 3417 4446 τοῦ
3451 4393 3656 4458 πάθους
3685 4397 3718 4467 ἡ
3747 4398 3808 4449 ἐκ

559 4472 934 4541 ιεειὶιιιυηίυίη
960 4486 1060 4540 hoc
1089 4484 1252 4541 modo
1282 4504 1296 4540 :
1332 4504 1350 4536 ι
1389 4483 1511 4539 Una
1550 4494 1727 4540 autem
1764 4483 2126 4539 Sabbatorum

2234 4482 2441 4554 νεκρῶν
2470 4483 2760 4546 ἀνάστασις
2785 4480 2877 4555 ἦν,
2905 4484 2997 4537 καὶ
3026 4486 3059 4554 ή
3090 4484 3373 4554 ἀντίληψις
3402 4488 3434 4557 ἡ
3470 4486 3686 4558 ἑωθινὴ,
3734 4490 3808 4540 είς

558 4576 710 4631 venit
740 4574 909 4629 Maria
926 4573 1240 4646 Magdalene
1262 4590 1420 4630 mane
1448 4574 1514 4628 ad
1543 4580 1976 4637 monumentum,
2002 4589 2126 4628 cum

561 4666 741 4721 adhuc
768 4666 1010 4721 tenebrae
1060 4674 1266 4728 essent,
1301 4672 1356 4719 et
1394 4664 1541 4719 videt
1576 4664 1808 4734 lapidem
1854 4664 2125 4719 sublatum

560 4770 593 4812 ιι
640 4765 993 4813 monumento
1022 4758 1090 4814 ".
1135 4777 1154 4810 ›
1190 4757 1476 4813 Matthaeus
1499 4773 1735 4828 quoque,
1760 4758 1975 4812 tametsi
2006 4773 2132 4813 sero

562 4849 946 4916 Sabbatorum,
964 4850 1121 4915 dixit,
1142 4859 1380 4904 attamen
1410 4850 1658 4921 adiungit
1679 4870 1691 4904 :
1716 4869 1734 4901 ι
1769 4850 1844 4904 Ea
1866 4850 2129 4921 quaaillu-

559 4945 731 5001 eescit
758 4944 815 4998 in
845 4958 1013 4998 unam
1045 4942 1433 5005 Sabbatorum,
1457 4943 1605 4996 venit
1649 4940 1816 4997 Maria
1856 4940 2131 5013 Magdale-

558 5049 650 5098 ne,
679 5041 732 5089 et
765 5032 873 5087 alia
901 5030 1072 5087 Maria
1116 5033 1301 5087 videre
1335 5032 1669 5103 sepulcrum,
1706 5039 1760 5087 et
1786 5048 1915 5087 ecce
1941 5041 2129 5087 terra:-

558 5133 741 5182 motus
776 5124 954 5180 factus
1004 5132 1089 5181 est
1130 5140 1381 5195 magnus.
1431 5123 1670 5194 Angelus
1714 5123 1857 5177 enim
1913 5122 2130 5179 Domini

557 5218 899 5276 descendens
940 5216 1009 5274 de
1039 5218 1180 5273 cmlo
1232 5217 1489 5282 accessit,
1521 5223 1576 5272 et
1619 5216 1845 5272 revolvit
1889 5216 2125 5286 lapidem

558 5314 629 5369 ab
661 5311 806 5368 ostio
837 5310 1195 5368 monumenti.
1222 5328 1242 5362 ι
1274 5308 1402 5366 Haec
1446 5308 1630 5364 addidi
1692 5310 2028 5371 necessario,
2067 5316 2127 5363 ut

557 5404 899 5462 ostenderem
943 5419 1191 5476 quaenam
1226 5404 1297 5460 sit
1335 5418 1421 5470 ea,
1451 5417 1571 5475 qua:
1600 5404 1654 5458 in
1682 5403 1893 5473 psalmo
1930 5402 2128 5474 praedi-

556 5500 702 5555 citur
730 5499 1008 5571 susceptio
1026 5497 1315 5553 matutina.
1366 5496 1503 5552 Nam
1537 5513 1661 5553 cum
1717 5497 1989 5573 signiticet
2036 5513 2122 5562 ea,

2235 4576 2407 4638 κότως
2437 4577 2464 4628 ὁ
2483 4574 2638 4644 λόγος
2668 4574 2746 4645 τῷ
2776 4575 3062 4648 παραδόξῳ
3084 4575 3225 4629 τέλει
3248 4577 3346 4646 τὴν
3369 4577 3604 4649 Γραφὴν.
3623 4578 3797 4632 ἀνατί-

2235 4665 2387 4719 θεται
2406 4707 2420 4731 ,
2442 4666 2518 4730 ὡς
2547 4668 2645 4739 τῆς
2693 4666 2999 4731 ὑποθέσεως
3030 4667 3267 4738 ἀπάσης,
3306 4669 3402 4721 καὶ
3432 4669 3544 4723 τῶν
3573 4669 3679 4742 πρὸ
3708 4669 3802 4726 τεῦ

2234 4759 2421 4823 τέλους
2471 4758 2810 4831 παθημάτων
2848 4761 2949 4833 τῆς
2992 4764 3058 4815 ὲκ
3085 4760 3295 4835 νεκρῶν
3329 4762 3677 4826 ἀναστάσεως
3709 4762 3801 4817 καὶ

2230 4852 2330 4923 τῆς
2357 4850 2692 4923 ἀντιλήψεως
2722 4854 2823 4925 τῆς
2870 4853 3098 4925 ἑωθινῆς
3124 4855 3310 4907 ἕνεκεν
3350 4854 3675 4925 γενομένων.
3707 4854 3800 4908 El-

2231 4944 2349 5009 πὼν
2377 4943 2508 5014 γοῦν
2540 4946 2568 4998 ὁ
2605 4944 2793 5018 Σωτὴρ
2819 4945 2912 4999 καὶ
2940 4944 3142 5018 Κύριος
3170 4945 3325 5017 ἡμῶν
3354 4945 3450 5009 τὸ,
3487 4964 3506 4996 ι
3551 4946 3609 4999 '0
3641 4945 3801 5009 Θεὸς,

2228 5040 2257 5092 ὁ
2287 5037 2419 5100 Sed;
2457 5055 2557 5109 μου
2578 5076 2594 5101 ,
2632 5037 2869 5108 πρόσχες
2899 5055 3019 5108 μοι,
3059 5037 3145 5091 ἴνα
3172 5038 3227 5090 τί
3259 5038 3613 5106 ἐγκατέλιπές
3643 5055 3741 5109 μες
3778 5059 3796 5089 ι

2229 5129 2323 5184 καὶ
2354 5130 2480 5200 ἑξῆς
2508 5127 2802 5198 ἐπαγαγὼν
2832 5130 2924 5195 τὸ,
2959 5148 2979 5182 ι
3021 5129 3162 5198 Ἐγὼ
3194 5129 3252 5183 δέ
3293 5132 3408 5201 είμι
3434 5129 3679 5203 σκώληξ,
3710 5133 3800 5185 καὶ

2232 5225 2334 5279 οὐκ
2371 5223 2687 5295 ἄνθρωπος,
2720 5221 2917 5286 ὄνειδος
2958 5220 3259 5293 ἀνθρώπων
3277 5261 3293 5287 ,
3342 5222 3438 5275 καὶ
3471 5221 3802 5293 ὲξουδένημα

2232 5314 2393 5369 λαοῦ’
2433 5334 2452 5366 ›
2483 5314 2579 5368 καί⁵
2620 5314 2701 5367 ἔτι
2746 5311 3001 5385 προσθεὶς
3026 5312 3124 5379 τὸ,
3173 5332 3192 5364 ι
3227 5312 3681 5384 Περιεκύκλωσάν
3731 5330 3799 5384 με

2235 5408 2424 5479 μόσχοι
2468 5405 2682 5469 πολλοὶ,
2709 5404 2901 5475 ταῦροι
2943 5403 3126 5467 πίονες
3171 5404 3458 5475 περιέσχον
3500 5421 3602 5475 με’
3635 5423 3655 5456 ι
3705 5404 3800 5458 καὶ

2232 5496 2420 5567 σαφῶς
2447 5497 2538 5550 ’ὢν
2572 5495 2799 5549 θάνατον
2827 5494 2993 5550 αὐτοῦ
3029 5497 3546 5567 προμαρτυρόμενος
3586 5495 3675 5550 διὰ
3699 5494 3760 5549 τὸ
3780 5534 3799 5563 ,

628 5613 674 5645 ⁸⁸
714 5610 882 5668 Marc.
920 5626 1022 5675 xv,
1057 5608 1243 5664 35-55.
1320 5608 1365 5640 ⁸³
1403 5606 1549 5663 Psal.
1588 5623 1719 5675 xxx,
1758 5609 1808 5662 1.
1887 5607 1933 5639 ⁹⁰
1972 5605 2108 5662 Luc.

2234 5624 2294 5672 .v,
2324 5606 2437 5662 1-5.
2507 5608 2551 5639 ⁹¹
2592 5605 2758 5664 Marc.
2795 5623 2905 5671 xw,
2936 5605 3055 5661 2-4.
3131 5607 3177 5638 ”
3213 5605 3371 5662 Joan.
3404 5624 3496 5675 xx,
3534 5608 3588 5662 1.

630 5706 705 5770 (lt
741 5705 864 5756 Ἔτι
922 5701 1080 5770 Vulg.
1111 5701 1299 5764 deest;
1335 5705 1429 5752 aut
1454 5705 1603 5753 certe
1632 5697 1917 5771 legendum
1947 5697 2091 5771 ἀρτι,
2125 5714 2133 5733 π

2241 5698 2437 5754 melius
2461 5698 2665 5764 οὐκέτι,
2703 5697 2849 5768 quod
2878 5706 2931 5755 et
2978 5697 3150 5768 magis
3200 5699 3457 5754 convenit
3510 5699 3590 5771 τῷ
3655 5702 3800 5756 λίαν

559 5768 728 5849 πρωΐ,
759 5768 1162 5847 ejusdetn,'tunt
1192 5778 1245 5829 et
1273 5778 1592 5826 caeterorum
1614 5768 1931 5841 evangelist.
1965 5768 2119 5823 lion.
