4054 6408
286 352 377 409 765
1126 347 1778 409 DEMONSTRATIONIS
1813 351 2269 411 EVANGELICIE
2295 354 2428 411 LIB.
2462 350 2540 413 Χ.

3370 349 3478 408 766

290 486 310 519 ι
334 466 416 529 Εἰς
441 461 563 534 χοῦν
594 462 825 517 θανάτου
867 465 1178 536 κατήγαγες
1218 484 1286 538 με
1309 486 1323 498 ο
1370 468 1453 521 ὅτι
1496 468 1810 525 ἐκύκλωσαν

1916 487 2037 543 qua!
2059 472 2129 528 ad
2156 472 2467 543 passionem
2509 467 2811 525 Salvatoris
2836 466 3011 525 nostri
3052 465 3345 538 pertinent,
3376 481 3480 522 nec

287 575 345 630 με
365 554 511 617 κύνες
538 553 751 617 πολλοὶ,
784 556 1073 627 συναγωγὴ
1092 562 1537 631 πονηρευομένων
1562 563 1816 635 περιέσχε

286 666 362 721 με.
384 645 602 717 Ὠρυξαν
626 647 810 718 χεῖράς
842 664 942 717 μου
967 649 1062 702 καὶ
1091 649 1261 715 πόδας
1293 669 1393 722 μου
1417 670 1430 682 ·
1463 674 1483 705 ι
1514 654 1608 707 καὶ
1638 654 1717 708 ἐτι
1749 656 1817 709 τὰ

280 739 405 812 ἀμφὶ
429 736 503 807 τῷ
532 735 692 792 πάθει
724 738 1103 809 συμϐεϐηκότα
1136 742 1282 813 αὐτῷ
1306 746 1559 816 σημήνας
1580 745 1671 801 διά
1698 746 1813 814 τοῦ,

284 851 302 885 ι
327 828 693 899 Διεμερίσαντο
733 830 803 884 τά
837 831 1030 901 ἱμάτιά
1065 851 1165 904 μου
1210 834 1441 903 ἑαυτοῖς,
1467 838 1560 891 καὶ
1596 838 1687 890 ἐπὶ
1725 838 1815 893 τὸν

279 918 545 995 ίματισμόν
576 937 678 992 μου
715 920 905 976 ἔϐαλον
939 924 1162 995 κλῆρον’
1202 945 1220 975 ι
1253 926 1423 981 ταῦτα
1454 929 1546 982 καὶ
1589 929 1655 982 τά
1694 929 1817 983 τοῦ·

274 1031 373 1077 τοις
413 1012 765 1085 παραπλήσια
809 1016 1119 1087 προειπὼν,
1163 1019 1264 1072 οὑκ
1295 1019 1387 1072 ἐπὶ
1420 1019 1626 1083 τούτοις
1652 1017 1813 1091 ἔστη,

276 1106 377 1160 ἀλλ’
394 1103 626 1173 ἐπιλέγει
649 1121 663 1135 ·
693 1123 712 1157 ι
743 1107 805 1160 οι
836 1107 1159 1179 φοϐούμενοι
1189 1111 1280 1163 τὸν
1309 1110 1533 1182 Κύριον,
1564 1111 1812 1165 αἰνέσατε

270 1196 432 1259 αὑτὸν,
451 1196 532 1249 ὃτι
557 1197 658 1250 οὐκ
683 1196 1035 1263 ὲξουδένωσεν
1050 1240 1063 1261 ,
1087 1201 1207 1254 οὐδὲ
1237 1201 1576 1273 προσώχθισε
1606 1205 1672 1273 τῇ
1695 1203 1817 1273 δεή-

275 1302 346 1339 σει
373 1284 460 1339 τοῦ
485 1283 728 1355 πτωχοῦ⁷
750 1286 870 1338 οὐδὲ
900 1288 1209 1359 ἀπέστρεψε
1232 1290 1290 1342 τὸ
1321 1291 1607 1361 πρόσωπον
1647 1288 1812 1344 αὐτοῦ

222 1414 241 1451 γ,
270 1377 352 1433 ἀπ’
377 1376 522 1447 ἐμοῦ,
578 1376 673 1430 καὶ
704 1379 762 1430 ὲν
795 1377 872 1449 τῷ
902 1381 1232 1451 κεκραγέναι
1262 1399 1327 1453 με
1356 1383 1493 1454 πρὸς
1523 1383 1683 1437 αὐτὸν
1725 1386 1817 1437 έπ-

269 1468 446 1540 ήκουσέ
482 1485 604 1539 μου.
630 1486 649 1521 ι
680 1468 805 1533 Πῶς
845 1470 889 1522 δ’
916 1469 982 1524 ἂν
1024 1471 1213 1541 ἔλεγεν
1242 1474 1624 1544 είσηκοῦσθαι,
1648 1477 1695 1528 εί
1738 1475 1813 1547 μὴ

268 1560 462 1621 πάντως
487 1559 780 1630 τετυχήκει
811 1560 919 1613 τῶν
951 1562 1124 1632 εὐχῶν
1144 1602 1158 1626 ,
1195 1564 1288 1616 καὶ
1322 1558 1396 1617 ὧν
1432 1566 1490 1617 ἐν
1533 1568 1646 1629 τοῖς
1676 1564 1812 1637 πρό-

268 1650 377 1703 σθεν
399 1649 659 1720 ὲδεδέητο,
685 1652 773 1704 ὅτε
800 1651 955 1720 ἔλεγε
986 1654 1068 1714 τὸ,
1102 1674 1119 1704 ι
1149 1656 1245 1717 Et;
1274 1654 1402 1724 χοῦν
1433 1656 1661 1709 θανάτου
1682 1675 1814 1711 κατ-

264 1738 447 1813 ήγαγές
497 1755 589 1809 με.
640 1739 827 1794 Ῥῦσαι
867 1742 976 1795 ἀπὸ
1022 1744 1292 1814 ῥομφαίας
1332 1745 1429 1817 τὴν
1462 1747 1638 1818 ψυχήν
1687 1766 1811 1819 μου,

264 1830 346 1882 καὶ
368 1831 427 1882 ὲκ
455 1831 640 1902 χειρὸς
668 1832 828 1895 κυνὸς
851 1833 948 1904 τὴν
977 1835 1237 1905 μονογενῆ
1275 1854 1413 1906 μου;
1450 1856 1468 1888 ι
1505 1837 1675 1892 ταῦτα
1707 1839 1816 1911 γάρ

262 1918 537 1991 εὐξάμενος
559 1962 575 1986 ,
614 1923 708 1976 καὶ
748 1923 962 1994 δεηθεὶς
996 1926 1062 1978 ἐκ
1101 1926 1304 1980 τούτων
1339 1929 1599 2000 ρυσθῆναί
1631 1947 1691 1983 τε
1720 1933 1816 1985 καὶ

263 2010 513 2081 σωθῆναι,
546 2012 727 2083 τυχὼν
755 2007 827 2067 ὧν
853 2013 1057 2085 ηὔξατο
1076 2056 1089 2078 ,
1115 2017 1356 2085 ἐπιλέγει
1374 2036 1388 2048 υ
1421 2038 1439 2070 ι
1470 2022 1583 2073 Οὐκ
1609 2021 1817 2087 ἐξουδέ-

260 2117 411 2154 νωσεν
444 2102 568 2156 οὐδὲ
606 2104 947 2175 προσώχθισε
973 2109 1038 2176 τῇ
1073 2105 1256 2178 δεήσει
1294 2108 1387 2162 τοῦ
1420 2110 1668 2182 πτωχοῦ,
1693 2113 1814 2166 οὐδὲ

258 2191 546 2264 ἀπέστρεψε
578 2193 640 2246 τὸ
670 2195 959 2266 πρόσωπον
1000 2196 1160 2249 αὐτοῦ
1199 2199 1294 2250 ἀπ’
1324 2198 1490 2269 ἐμοῦ,
1523 2202 1617 2254 καὶ
1652 2204 1710 2255 ὲν
1735 2201 1814 2272 τῷ

258 2284 573 2355 κεκραγέναι
615 2301 683 2355 με
734 2286 869 2357 πρὸς
902 2286 1063 2339 αὐτὸν
1108 2288 1380 2358 ἐπήκουσέ
1409 2308 1511 2349 μου
1532 2309 1545 2321 ·
1571 2311 1589 2343 ι
1627 2292 1814 2361 σαφῶς

253 2375 342 2447 τὴν
372 2376 503 2445 μετά
556 2376 783 2430 θάνατον
813 2378 1109 2432 ἀναϐίωσιν
1144 2378 1311 2433 αὐτοῦ
1340 2380 1513 2453 δηλῶν
1533 2422 1547 2445 ,
1577 2385 1696 2454 ἥτις
1724 2385 1815 2453 γέ-

263 2483 404 2535 γονεν
434 2469 581 2523 κατὰ
604 2469 701 2541 τὴν
727 2469 957 2542 ἑωθινὴν
982 2471 1282 2539 ἀντίληψιν,
1308 2472 1372 2543 ἣν
1404 2472 1531 2543 ἑξῆς
1555 2473 1758 2545 προῖὼν
1786 2478 1815 2529 ὁ

252 2558 443 2629 ψαλμδς
488 2558 858 2631 παρέστησεν,
898 2559 1098 2612 εἰπών·
1136 2579 1154 2610 ι
1185 2560 1256 2613 Σὺ
1281 2560 1357 2623 δὲ,
1388 2560 1579 2631 Κύριε,
1615 2560 1689 2632 μὴ
1712 2579 1816 2631 μα-

254 2648 439 2720 κρύνῃς
454 2649 559 2719 τὴν
587 2648 835 2720 βοήθειάν
857 2666 981 2720 μου,
1004 2651 1083 2712 είς
1106 2648 1203 2720 τὴν
1223 2648 1502 2720 ἀντίληψίν
1528 2668 1627 2721 μου
1646 2653 1814 2722 πρόσ-

250 2755 381 2808 σχες.
412 2758 432 2793 ι
454 2742 631 2796 Ποίαν
671 2742 737 2813 δὴ
784 2741 1091 2811 ἀντίληψιν,
1117 2740 1230 2794 ἀλλ’
1262 2743 1329 2813 ἢν
1356 2743 1450 2795 καὶ
1469 2744 1502 2812 ἡ
1523 2743 1812 2814 προγραφὴ

249 2830 335 2883 τοῦ
376 2831 597 2904 ψαλμοῦ
648 2832 925 2904 ᾐνίττετο;
965 2831 1124 2885 Ἀλλὰ
1155 2832 1329 2886 ταῦτα
1359 2832 1455 2903 μὲν
1502 2835 1631 2903 ἡμῖν
1664 2834 1816 2905 εἰρή-

250 2920 351 2976 σθω
374 2925 452 2988 είς
477 2924 583 2995 τὴν
602 2923 697 2977 τοῦ
716 2923 931 2995 ψαλμοῦ
955 2925 1297 2996 προγραφήν·
1318 2927 1394 2988 είς
1422 2924 1480 2977 δὲ
1499 2926 1581 2991 τὸ,
1600 2944 1618 2975 ι
1643 2925 1811 2989 Ἠλεὶ,

260 3013 667 3089 Ἠλεὶ,λαμμᾶ-
682 3014 1007 3087 σαϐαχθανὶ,
1044 3036 1064 3068 ι
1108 3016 1393 3090 εἰρημένον
1429 3016 1527 3087 μὲν
1570 3016 1674 3069 ὑπὸ
1716 3015 1810 3069 τοῦ

247 3105 479 3179 Σωτῆρος
515 3107 680 3178 ἡμῶν
722 3107 905 3170 αὐτοῖς
942 3106 1245 3180 Ἑϐραϊκοῖς
1292 3106 1520 3178 ὀνόμασι
1563 3108 1690 3177 περὶ
1721 3106 1811 3161 τὸν

246 3195 330 3248 τοῦ
371 3197 586 3261 πάθους
628 3197 845 3268 καιρὸν,
884 3198 1135 3268 κείμενον
1162 3198 1218 3251 δὲ
1252 3199 1346 3253 καὶ
1388 3199 1447 3252 ὲν
1476 3198 1551 3268 τῷ
1580 3196 1807 3269 ψαλμῷ,

242 3289 333 3359 ὅρα
355 3290 425 3362 μή
442 3308 526 3354 τις
556 3290 800 3359 ἔγκειται
825 3289 1096 3364 βαθυτέρα
1129 3290 1332 3362 θεωρία
1355 3292 1483 3362 παρ’
1519 3290 1806 3362 Ἑϐραίοις.

255 3380 474 3453 Ἐλωεὶμ
504 3382 623 3456 γὰρ
644 3385 673 3437 ὁ
691 3381 825 3446 Θεὸς
848 3381 1173 3453 ὀνομάζεται
1194 3398 1208 3412 ·
1239 3384 1332 3435 καὶ
1354 3382 1509 3436 τοῦτο
1526 3382 1614 3437 διὰ
1635 3383 1811 3454 πάσης

242 3473 417 3543 σχεδὸν
439 3474 631 3548 εὕροις
664 3474 729 3529 ἂν
749 3476 847 3547 τῆς
877 3475 1101 3546 Γραφῆς
1123 3493 1136 3505 ·
1166 3475 1290 3527 ἐπεὶ
1317 3478 1412 3529 καὶ
1440 3476 1641 3547 κυρίως
1669 3474 1811 3529 οὕτω

240 3565 381 3638 παρά
423 3571 537 3633 τοῖς
598 3567 1003 3639 Ἐϐδομήκοντα
1047 3567 1129 3621 ἔτι
1166 3567 1261 3621 καὶ
1292 3566 1387 3620 νῦν
1436 3569 1501 3638 τῇ
1545 3566 1810 3638 Ἐϐραίων

238 3657 553 3729 ὀνομάζεται
609 3662 783 3732 φωνῇ.
824 3658 1083 3731 Φέρονται
1115 3675 1178 3727 γε
1211 3659 1317 3731 μὴν
1353 3660 1483 3728 παρ’
1520 3658 1702 3721 αὐτοῖς
1721 3659 1813 3711 ἐπὶ

236 3749 330 3820 τῆς
355 3749 505 3816 θείας
533 3749 915 3822 προσηγορίας
942 3751 1038 3804 καὶ
1063 3748 1248 3821 ἕτεραί
1275 3766 1420 3812 τινες
1452 3750 1807 3819 ἐκφωνήσεις,

236 3839 510 3915 ὡσπεροῦν
539 3842 642 3895 καὶ
666 3841 727 3894 τδ
746 3880 762 3905 ,
790 3840 987 3895 Σαδδαῒ
1006 3882 1020 3906 ,
1044 3842 1138 3895 καὶ
1162 3839 1222 3894 τὸ
1261 3839 1411 3905 Ἰαὼ,
1437 3841 1530 3894 καὶ
1557 3840 1660 3893 Ἥλ
1677 3880 1691 3903 ,
1719 3839 1811 3893 καὶ

237 3932 366 3987 ἄλλα
405 3933 626 3998 τούτοις
659 3932 1039 4006 παραπλήσια.
1098 3933 1157 3986 Ὀ
1195 3931 1261 4002 δὴ
1306 3927 1398 3984 οὖν
1446 3929 1583 4000 μετά
1623 3934 1811 4002 χεῖρας

237 4023 439 4095 ψαλμδς
472 4025 586 4079 ἀπὺ
614 4021 711 4077 τοῦ
752 4022 891 4087 Ἢλ,
944 4021 1125 4087 Ἠλεὶ,
1181 4019 1354 4082 Ἠλεὶ,
1396 4017 1590 4089 λαμμᾶ
1641 4016 1809 4070 σαϐα-

236 4115 405 4185 χθανὶ,
421 4109 751 4190 περιέχει,ᾧ
765 4114 1027 4186 κέχρηται
1044 4114 1139 4167 καὶ
1156 4114 1184 4166 ὁ
1199 4111 1401 4184 Κύριος
1426 4113 1459 4181 ἡ
1469 4109 1603 4180 μῶν.
1620 4109 1680 4163 οὐ
1705 4110 1809 4181 μὴν

236 4208 337 4262 ἀπὸ
369 4210 465 4265 τοῦ
500 4209 759 4280 Ἐλωείμ.
791 4209 851 4261 ⁸0
883 4206 1013 4276 γοῦν
1063 4205 1317 4269 Ἀκύλας,
1343 4203 1602 4273 διαφοράν
1634 4201 1807 4264 εἰδὼς,

235 4299 327 4370 τῆς
354 4304 486 4373 παρ’
510 4301 790 4371 Ἑϐραίοις
813 4298 949 4353 Θεοῦ
970 4296 1339 4370 προσηγορίας
1374 4298 1437 4349 ὲκ
1459 4293 1552 4348 τοῦ
1582 4294 1812 4364 Ἐλωεὶμ

236 4392 666 4464 σημαινομένης,
692 4390 753 4443 τὸ
772 4389 866 4443 νῦν
891 4388 1215 4475 δηλούμενον
1248 4389 1305 4441 ὲν
1326 4386 1403 4458 τῷ
1434 4384 1604 4449 Ἠλεὶ,
1637 4383 1807 4448 Ἠλεὶ,

1915 565 1970 619 in
2000 565 2256 635 passione
2284 562 2508 618 desierit
2547 576 2634 624 ea,
2663 577 2783 632 quae
2824 561 2891 614 ad
2921 560 3099 630 ipsum
3125 566 3335 629 spectat
3361 557 3480 614 dis-

1914 655 2182 725 pensatio,
2227 652 2501 723 passionis
2547 666 2679 706 vero
2733 649 2857 705 finis
2883 650 3000 720 ipsa
3028 648 3193 705 fuerit
3242 663 3275 703 a
3303 657 3481 705 morte

1915 742 1983 798 ad
2015 743 2181 797 vitam
2213 742 2509 807 restitutio,
2540 748 2595 796 et
2626 741 2894 794 matutina
2942 740 3240 809 susceptio,
3283 740 3481 795 merito

1914 833 2196 889 oraculum
2218 832 2346 888 huic
2376 832 2468 887 fini
2488 831 2792 886 admirabili
2816 831 2986 899 ipsam
3016 830 3231 885 dedicat
3251 830 3481 900 scriptu-

1914 940 2056 991 ram,
2076 940 2185 979 non
2203 939 2362 980 secus
2387 938 2449 978 ac
2475 923 2521 980 si
2552 938 2713 977 omne
2737 921 3047 991 bujusmodi
3078 929 3480 993 argumentum,

1914 1028 1967 1072 et
2009 1031 2195 1071 earum
2242 1015 2589 1071 vexationum
2641 1030 2762 1085 quae
2795 1015 2955 1070 linem
2998 1014 3199 1083 ipsum,
3245 1014 3480 1068 reditum

1916 1108 2103 1177 utique
2131 1107 2199 1163 de
2229 1116 2404 1162 morte
2443 1105 2510 1160 ad
2534 1107 2700 1160 vitam
2737 1111 3174 1166 antecesserunt,
3206 1112 3259 1158 et
3291 1118 3483 1160 susce-

1914 1197 2119 1268 ptionis
2167 1197 2448 1251 matutinae
2490 1211 2677 1259 causa,
2730 1196 3013 1250 inductum
3058 1195 3150 1250 sit.
3205 1192 3308 1250 Ubi
3351 1207 3484 1266 ergo

1917 1289 2167 1342 Salvator
2203 1302 2268 1343 ac
2308 1287 2571 1343 Dominus
2624 1286 2757 1341 illud
2808 1287 2994 1341 dixit:
3052 1303 3073 1337 ι
3130 1285 3294 1349 Deus,
3340 1284 3484 1341 Deus

1915 1395 2100 1445 meus,
2145 1380 2355 1450 respice
2388 1380 2444 1434 in
2491 1394 2610 1444 me,
2649 1395 2818 1450 quare
2862 1378 3197 1449 dereliquiin
3234 1378 3388 1433 me?»
3418 1392 3485 1433 ac

1915 1470 2173 1540 deinceps
2209 1470 2342 1523 illud
2373 1469 2581 1523 addidit
2610 1488 2629 1524 :
2661 1488 2680 1521 ι
2715 1468 2827 1538 Ego
2864 1456 3040 1523 auteIn
3061 1484 3183 1524 sum
3198 1467 3402 1523 vermis
3430 1474 3488 1523 et

1914 1576 2025 1615 non
2056 1562 2239 1625 homo,
2262 1561 2615 1632 opprobrium
2638 1560 2941 1623 hominum,
2974 1568 3027 1615 et
3052 1560 3286 1629 ahjectio
3313 1573 3487 1630 papu-

1915 1650 1950 1704 li
1988 1671 2001 1704 :
2037 1670 2057 1702 ›
2095 1666 2310 1706 necnon
2347 1650 2483 1706 illud
2517 1652 2750 1733 subjecit
2779 1670 2797 1706 ι
2825 1670 2843 1702 ι
2870 1650 3367 1706 Circumdederunt
3399 1665 3488 1707 me

1915 1744 2069 1799 vituli
2100 1745 2280 1808 multi,
2311 1745 2456 1799 tauri
2480 1744 2713 1815 pingues
2740 1744 3072 1800 obsederunt
3104 1759 3209 1807 me,
3243 1762 3261 1795 ι
3296 1750 3350 1798 et
3372 1742 3489 1798 evi-

1846 1818 1888 1872 Β
1916 1832 2109 1889 denter
2140 1850 2296 1890 suam
2342 1846 2573 1891 mortem
2612 1836 2955 1892 denuntiavit
2986 1851 3053 1890 ex
3085 1836 3197 1899 illo,
3228 1854 3246 1887 ι
3275 1834 3331 1889 in
3364 1835 3487 1904 pul-

1914 1940 2096 1980 verem
2124 1927 2316 1982 mortis
2354 1927 2626 1983 deduxisti
2654 1942 2740 1982 me
2774 1927 3071 2009 :quoniam
3110 1927 3487 1983 circumdede-

1914 2026 2043 2072 runt
2086 2034 2173 2074 me
2221 2035 2391 2075 canes
2420 2020 2602 2085 multi,
2654 2021 3007 2090 congregatio
3069 2019 3486 2089 malignantinm

1915 2111 2129 2167 obsedit
2160 2128 2268 2177 me,
2301 2112 2560 2169 foderunt
2591 2127 2789 2168 manus
2814 2128 2964 2168 meas
2999 2120 3054 2167 et
3087 2111 3252 2182 pedes
3273 2126 3480 2167 meos.»

1913 2200 2180 2257 Prmterea
2213 2204 2304 2259 ubi
2354 2206 2518 2259 etiam
2554 2220 2617 2261 ea
2651 2221 2773 2275 qua:
2805 2205 2909 2260 sub
2954 2206 3126 2274 ipsam
3174 2204 3486 2272 passionem

1914 2293 2017 2349 subi
2066 2302 2388 2356 evenerunt,
2432 2294 2758 2366 significavit
2808 2296 2917 2350 illis
2953 2296 3180 2350 verbis:
3221 2312 3239 2345 ι
3278 2293 3489 2350 Divise-

1913 2392 2044 2438 runt
2082 2386 2404 2441 vestimenta
2454 2402 2572 2442 mea
2604 2387 2731 2450 sibi,
2761 2393 2815 2441 et
2861 2401 3026 2456 super
3075 2393 3278 2441 vestem
3310 2401 3488 2441 meam

1915 2475 2185 2530 miserunt
2216 2484 2439 2531 sortem.
2479 2498 2498 2529 ι
2531 2476 2679 2541 Haec,
2705 2486 2868 2546 atque
2895 2478 2979 2531 his
3005 2477 3204 2531 similia
3229 2476 3319 2530 ubi
3350 2492 3489 2546 pre-

1914 2567 2072 2633 dixit,
2115 2585 2224 2623 non
2262 2571 2414 2624 intra
2464 2570 2577 2624 hare
2623 2570 2795 2636 stetit,
2830 2568 2995 2641 494
3049 2568 3143 2622 sed
3187 2565 3485 2636 adjuuxit:

1920 2676 1939 2709 ι
1982 2658 2085 2724 Qui
2144 2659 2345 2714 timetis
2401 2658 2712 2723 Dominum,
2758 2659 2976 2713 laudate
3036 2673 3184 2719 eum,
3227 2659 3487 2728 quoniam

1915 2764 2024 2803 non
2068 2748 2316 2818 sprevit,
2359 2764 2536 2818 neque
2591 2748 2820 2803 moleste
2882 2748 3004 2800 tu‘lit
3053 2745 3487 2816 deprecationem

1915 2841 2190 2910 pauperis,
2225 2855 2399 2909 neque
2420 2840 2614 2894 avertit
2641 2837 2835 2893 faciem
2868 2852 3022 2893 suam
3070 2852 3099 2890 a
3140 2852 3244 2900 me,
3274 2845 3329 2892 et
3361 2853 3486 2893 cum

1915 2933 2208 2987 clamarem
2242 2932 2310 2984 ad
2344 2946 2494 2994 eum,
2531 2930 2811 2986 exaudivit
2841 2946 2945 2986 me.
2982 2950 3000 2983 ι
3037 2927 3155 2996 Qua
3188 2938 3368 2984 autem
3399 2945 3489 2983 ra-

1913 3024 2063 3078 tione
2089 3022 2297 3079 diceret
2342 3040 2401 3078 se
2445 3022 2799 3078 exauditam?
2828 3024 2871 3077 si
2902 3037 3010 3076 non
3044 3030 3376 3078 consecutus
3401 3038 3489 3078 es—

1915 3123 2019 3181 set,
2070 3130 2192 3186 qua:
2246 3123 2551 3187 optaverat,
2585 3129 2813 3185 quaeque
2849 3114 3102 3184 superius
3164 3113 3488 3183 deprecatus

1915 3208 2107 3265 fuerat.
2148 3223 2271 3262 cum
2301 3207 2438 3261 dixit
2466 3206 2636 3261 illud:
2677 3224 2696 3257 ι
2746 3205 2804 3259 In
2851 3206 3128 3276 pulverem
3171 3207 3364 3261 mortis
3390 3204 3486 3259 de-

1912 3298 2114 3354 duxisti
2164 3315 2272 3359 me,
2307 3298 2459 3368 eripe
2495 3312 2525 3351 a
2561 3297 2764 3352 framea
2813 3297 3048 3350 animam
3100 3311 3300 3360 meam,
3333 3307 3393 3351 et
3419 3295 3487 3351 de

1911 3406 2075 3445 manu
2109 3392 2260 3445 canis
2286 3390 2501 3444 unicam
2534 3388 2755 3445 meam?
2799 3408 2817 3441 ι
2851 3386 2975 3441 Haec
3005 3389 3149 3443 enim
3172 3403 3295 3441 eum
3328 3402 3486 3441 oras-

1912 3493 2015 3543 set,
2051 3497 2113 3536 ac
2143 3498 2201 3537 se
2231 3498 2297 3536 ex
2346 3481 2431 3536 his
2460 3480 2596 3549 eripi
2630 3490 2683 3535 et
2717 3480 2937 3535 liberari
2983 3486 3236 3549 precatus
3271 3477 3484 3545 fuisset,

1911 3582 2024 3627 tum
2057 3588 2119 3627 ea
2166 3574 2282 3644 ipsa
2337 3582 2673 3629 consecutus
2722 3587 2843 3643 quae
2883 3580 3156 3635 oraverat,
3188 3571 3433 3643 adjungit
3467 3590 3483 3627 :

1917 3680 1935 3712 ‹
1972 3661 2087 3715 Νοιι
2135 3661 2339 3729 sprevit
2391 3677 2569 3732 neque
2602 3662 2828 3717 moleste
2887 3662 3009 3716 tulit
3046 3661 3487 3732 deprecationem

1912 3752 2190 3821 pauperis,
2225 3766 2401 3822 neque
2431 3752 2626 3806 avertit
2658 3751 2852 3805 faciem
2887 3767 3041 3807 suam
3074 3768 3103 3805 a
3136 3768 3242 3815 me,
3272 3761 3324 3807 et
3359 3769 3483 3807 cum

1884 3845 2201 3909 _clamarem
2256 3845 2322 3898 ad
2354 3860 2502 3905 eum,
2544 3844 2823 3898 exaudivit
2858 3859 2943 3898 me
2978 3863 2990 3898 :
3025 3863 3045 3896 ι
3088 3845 3177 3897 ubi
3208 3845 3487 3900 evidenter

1911 3950 2069 3990 suum
2105 3934 2171 3987 de
2228 3942 2403 3989 morte
2452 3934 2521 3988 ad
2571 3935 2736 3988 vitam
2787 3934 3021 3988 reditum
3068 3934 3358 4003 significat,
3390 3936 3485 4006 qui

1911 4025 2013 4080 sub
2044 4026 2366 4079 matutinam
2400 4025 2802 4093 susceptionem
2846 4024 3078 4086 exstitit,
3122 4039 3286 4094 quam
3333 4026 3481 4094 psal-

1909 4128 2036 4166 mus
2083 4113 2339 4182 deinceps
2393 4112 2612 4183 longius
2669 4108 2992 4182 progressus
3051 4110 3345 4176 indicavit,
3391 4112 3483 4167 ubi

1910 4204 2047 4258 dixit
2088 4222 2102 4257 :
2139 4224 2158 4257 ι
2198 4203 2281 4259 Tu
2318 4214 2522 4268 autem,
2558 4203 2808 4268 Domine,
2836 4219 2905 4258 ne
2963 4219 3216 4259 amoveas
3269 4204 3484 4274 longius

1911 4297 2175 4351 auxilium
2209 4311 2415 4361 meum,
2437 4295 2506 4351 ad
2543 4295 2947 4366 susceptionem
2981 4310 3154 4349 meam
3189 4296 3418 4366 respice.
3456 4316 3477 4349 ι

1914 4387 2020 4443 Sed
2050 4402 2215 4458 quam
2249 4386 2471 4442 tandem
2522 4387 2685 4440 aliam
2742 4385 3162 4456 susceptionem,
3209 4387 3317 4442 nisi
3362 4403 3481 4443 eam

231 4484 327 4537 οὐκ
342 4484 582 4554 ἠξίωσεν
600 4483 801 4555 ὁμοίως
814 4484 927 4546 τοῖς
950 4482 1175 4545 λοιποῖς,
1204 4500 1222 4531 ι
1249 4482 1278 4534 ὀ
1298 4479 1449 4544 Θεὸς,
1471 4479 1641 4543 ὁΘεός
1657 4494 1756 4549 μου
1782 4496 1800 4528 ι

1911 4494 2071 4550 quam
2109 4478 2398 4548 inscriptio
2428 4478 2624 4549 psalmi
2658 4477 3026 4549 significavit?
3046 4477 3337 4542 Caeterum,
3369 4478 3484 4533 haec

232 4573 587 4638 μεταϐάλλων
599 4575 794 4636 είπεῖν,
811 4571 996 4638 άλλά,ι
1010 4571 1196 4644 ἰσχυρέ
1215 4589 1335 4642 μου,
1358 4569 1545 4641 ἰσχυρέ
1560 4586 1680 4640 μου.
1695 4589 1713 4620 ι
1732 4568 1803 4621 Τὸ

226 4657 272 4712 δ’
292 4665 521 4733 ἀκριϐές
561 4666 740 4719 ἐστιν·
795 4663 946 4734 ἰσχύς
990 4681 1112 4733 μου,
1151 4661 1303 4734 ἰσχύς
1330 4681 1453 4733 μου.
1482 4662 1643 4715 Ὥστε
1668 4660 1805 4715 κατά

230 4752 325 4826 τὴν
337 4754 533 4810 τούτου
551 4755 815 4820 διάνοιαν,
848 4746 937 4808 τὸν
956 4754 1127 4825 ἀμνὸν
1146 4753 1242 4807 τοῦ
1263 4752 1399 4807 Θεοῦ
1422 4754 1511 4807 τὸν
1542 4753 1807 4825 ἡμέτερον

228 4842 454 4916 Σωτῆρα
494 4847 781 4915 φάσκοντα
822 4847 885 4901 τὸ
931 4846 1109 4913 Ἠλεὶ,
1154 4845 1304 4901 Ἠλεὶ
1325 4885 1340 4911 ,
1387 4846 1522 4917 πρὸς
1561 4846 1649 4899 τὸν
1690 4846 1805 4899 Πα-

225 4935 388 5007 τέρα,
444 4939 660 5007 λέγειψ
716 4958 736 4985 ε
776 4937 983 5010 ἰσχυρέ
1016 4956 1149 5010 μου,
1195 4936 1380 5008 ίσχυρέ
1432 4954 1575 5008 μου,
1623 4937 1707 4990 ἵνα
1752 4937 1805 4989 τί

226 5025 595 5096 Ξγκατέλιπές
625 5046 726 5101 με;
761 5049 781 5083 ι
819 5032 917 5084 καὶ
939 5031 1080 5101 τάχα
1109 5030 1230 5083 ἐπεὶ
1253 5031 1607 5098 ἐγκατέλιπεν
1644 5029 1804 5083 αὐτὸν

230 5119 258 5171 6
290 5120 510 5193 ἰσχυρὸς
558 5120 746 5186 αὐτοῦ,
780 5121 968 5176 τούτου
1001 5122 1161 5194 χάριν
1209 5120 1548 5192 ἐσταυρώθη,
1584 5122 1656 5184 ὥς
1702 5139 1807 5192 φη-

227 5225 309 5262 σιν
352 5214 382 5265 ὁ
426 5212 790 5277 ’Δπόστολοςο
828 5230 846 5264 ι
888 5213 997 5267 Καὶ
1039 5212 1147 5283 γάρ
1193 5211 1509 5283 ἐσταυριῦοη
1544 5210 1604 5276 ἐξ
1650 5211 1808 5265 ἀσθε-

223 5300 387 5366 νείας,
423 5303 525 5357 καὶ
556 5303 625 5376 ζῇ
661 5306 725 5359 ὲκ
756 5305 1036 5376 δυνάμεως
1079 5305 1239 5369 Θεοῦ,
1282 5324 1301 5358 ο
1338 5305 1413 5368 ὡς
1457 5303 1531 5375 μὴ
1566 5321 1809 5374 σταυρω-

221 5387 333 5455 sit;
362 5393 454 5457 ἂν,
488 5395 541 5447 εἰ
570 5395 644 5466 μὴ
675 5397 702 5449 ὁ
731 5397 946 5468 ἰσχυρὸς
992 5395 1154 5450 αὐτοῦ
1202 5395 1578 5450 καταλελοίπει
1624 5395 1803 5449 αὐτόν.

220 5479 330 5536 Kal
360 5484 468 5556 ὅρα
500 5487 554 5538 εί
603 5488 673 5559 μὴ
705 5488 913 5559 ἔπρεπε
959 5489 1049 5542 τὸν
1080 5482 1251 5556 ἀμνὸν
1283 5488 1374 5542 τοῦ
1419 5488 1577 5549 Θεοῦ,
1609 5488 1699 5540 τὸν
1730 5487 1807 5551 ὡς

220 5574 493 5644 πρόϐατον
537 5580 635 5631 ἐπὶ
666 5579 875 5651 σφαγὴν
920 5581 1172 5652 ἀχθέντα,
1198 5581 1291 5633 καὶ
1320 5580 1396 5644 ὡς
1440 5578 1610 5649 ἀμνὸν
1657 5581 1806 5631 ἐναν-

218 5665 329 5718 τίον
353 5668 453 5721 τοῦ
478 5671 760 5743 κείροντος
778 5674 1010 5743 ἄφωνον,
1038 5673 1138 5737 τάς
1170 5673 1372 5736 οἰκείας
1402 5657 1656 5742 δυνάμεις
1678 5672 1807 5725 ἀνα-

216 5753 419 5810 τιθέναι
472 5759 556 5829 τῷ
609 5761 743 5832 Θεῷ,
779 5764 871 5816 καὶ
925 5764 1087 5835 μηδὲν
1136 5764 1263 5818 ἴδιον
1311 5763 1453 5833 ἔχειν
1492 5763 1735 5835 ἡγεῖσθαι
1769 5765 1805 5836 ἥ

1910 4570 2132 4641 quidem
2178 4570 2326 4625 dicta
2375 4570 2489 4626 sint
2514 4584 2544 4623 a
2570 4568 2731 4623 nobis
2785 4569 2837 4621 in
2874 4568 3045 4637 ipsam
3076 4567 3266 4637 psalmi
3291 4567 3484 4622 insu‘i-

1910 4663 2151 4733 ptionem
2189 4678 2205 4729 ;
2236 4661 2289 4715 in
2331 4660 2426 4715 illo
2457 4669 2661 4726 autem,
2692 4678 2710 4711 ι
2744 4658 2846 4726 Eli,
2880 4659 2981 4723 Eli,
3012 4660 3205 4714 lamina
3252 4660 3483 4714 sabaei)-

1912 4756 2089 4820 tliani,
2129 4775 2148 4807 ι
2178 4753 2325 4826 quod
2348 4769 2472 4809 cum
2500 4769 2529 4807 a
2560 4754 2845 4808 Salvatore
2874 4763 3063 4807 nostro
3101 4753 3233 4822 ipsis
3256 4751 3483 4807 Hebrai-

1912 4848 1992 4903 cis
2022 4847 2336 4901 nominibus
2363 4846 2569 4901 dictum
2602 4845 2671 4901 sit
2708 4845 2812 4900 sub
2843 4845 3021 4915 ipsum
3052 4846 3324 4914 passionis
3351 4852 3482 4898 tem-

1910 4957 2032 5012 pus,
2067 4939 2123 4993 in
2153 4938 2351 5009 psalmi
2406 4938 2564 4992 initio
2596 4937 2834 5008 positum
2865 4942 2971 5001 est,
3000 4936 3141 5000 vide,
3178 4951 3382 5006 quaso,
3413 4951 3481 4991 ne

1908 5046 2015 5102 qua
2046 5031 2175 5083 insit
2202 5028 2525 5101 profundior
2565 5028 2949 5099 contemplatio
2988 5028 3131 5097 apud
3177 5025 3475 5083 Hebraeos:

1907 5137 2030 5176 nam
2079 5120 2247 5174 Elnim
2300 5119 2443 5177 Deus
2502 5121 2866 5175 nominatur:
2908 5126 2963 5172 et
3010 5119 3114 5172 hoc
3160 5133 3256 5187 per
3308 5125 3477 5171 totam

1907 5213 2298 5282 propemodum
2338 5209 2681 5278 Scripturam
2738 5208 2983 5262 invenies
3039 5225 3054 5261 :
3109 5205 3328 5276 quando
3392 5205 3476 5261 vel

1908 5302 2122 5372 proprie
2146 5301 2225 5354 sic
2242 5300 2383 5370 apud
2408 5298 2551 5353 LXX
2574 5299 2736 5354 etiam
2760 5313 2907 5352 nunc
2932 5295 3197 5351 Hebraica
3227 5310 3359 5353 voce
3383 5311 3479 5351 ne-

1908 5395 2167 5455 minatur,
2194 5392 2335 5463 apud
2365 5392 2516 5461 ipsos
2560 5401 2739 5444 tamen
2770 5387 3025 5445 Hebraeos
3054 5388 3172 5444 alia:
3202 5389 3476 5443 nonnullae

1910 5484 2158 5539 feruntur
2190 5482 2582 5554 appellationes
2607 5481 2675 5534 ad
2699 5481 2943 5535 divinam
2978 5488 3229 5535 naturam
3258 5480 3474 5551 signifi-

1909 5578 2162 5639 candam,
2198 5584 2255 5629 ut
2292 5574 2449 5641 illud,
2488 5572 2712 5637 Saddai,
2741 5581 2799 5627 ut
2844 5573 3002 5637 illud,
3060 5571 3180 5638 Jao,
3212 5580 3271 5628 ut
3316 5572 3475 5638 illud,

1909 5669 1991 5735 El,
2026 5669 2240 5739 aliaque
2285 5668 2381 5729 his
2414 5666 2609 5722 similia
2688 5682 2816 5727 ergo
2842 5667 3084 5724 psalmus
3119 5666 3212 5734 qui
3243 5667 3479 5721 nuncin

1910 5764 2159 5820 manibus
2192 5770 2296 5827 est,
2335 5754 2464 5816 illud
2502 5781 2513 5815 :
2548 5760 2650 5828 Eli,
2683 5759 2784 5827 Eli,
2818 5772 3012 5816 Iamma
3044 5757 3427 5825 sabachthani,
3449 5774 3475 5809 ι
