4054 6408
593 333 701 413 767'

1291 353 1563 411 EUSEBII
1594 353 1706 410 CA‘S
1718 353 2081 410 SARIENSIS
2119 351 2161 407 Ο

2268 396 2270 405 .
2312 349 2494 406 PARS
2535 348 2601 406 ll.
2641 379 2711 391 —
2750 339 3257 406 APOLOGETlCA.
3712 346 3798 410 788

596 469 757 526 initio
780 466 965 537 habet,
994 482 1105 538 quo
1151 467 1316 525 etiam
1373 469 1626 524 Salvator
1671 477 1861 526 noster
1903 485 2039 527 usus
2068 475 2163 534 est,

2284 465 2441 538 μόνον
2472 466 2565 519 τὸν
2612 464 2858 538 Πατέρα⁸
2887 464 2969 519 διὸ
3012 465 3107 519 καὶ
3143 463 3358 536 ίσχυρδν
3387 463 3474 518 τὸν
3509 466 3700 540 Πατέρα
3723 471 3803 524 mi-

597 579 708 618 non
733 568 914 617 autem
946 561 1078 616 illud
1114 581 1127 616 :
1166 560 1363 618 Eloim.
1395 560 1634 617 Proinde
1664 562 1862 633 Aquila
1913 576 2041 616 cum
2078 559 2175 614 di-

594 655 914 711 versitatem
971 652 1069 709 Dei
1117 655 1525 725 appellationis,
1559 670 1680 728 quae
1714 669 1781 709 ex
1836 654 1956 724 ipso
2002 652 2173 707 Eloim

594 744 942 817 significatur
987 746 1132 815 apud
1183 745 1440 800 llebrzros
1490 746 1738 810 vidisset,
1777 745 1907 799 illud
1956 744 2025 799 de
2065 760 2174 814 quo

592 853 743 893 nunc
778 839 1010 908 agimus,
1046 838 1103 893 in
1138 839 1252 901 illo,
1285 837 1389 902 Eli,
1422 837 1526 902 Eli,
1562 854 1672 893 non
1710 839 1781 894 ita
1815 837 2174 908 quemadmo-

594 930 723 984 dum
746 928 942 997 reliqui
971 944 1097 983 cum
1131 937 1494 993 converteret,
1519 930 1914 985 enuntiandum
1944 928 2172 999 putavit,

594 1020 690 1076 sed
728 1040 740 1075 :
788 1040 807 1071 ι
845 1020 1025 1076 Fortis
1054 1036 1228 1086 meus,
1249 1020 1407 1076 fortis
1430 1037 1606 1085 meus,
1638 1036 1807 1091 quare
1834 1020 2173 1090 dereliquisti

591 1111 718 1166 me?
753 1130 773 1163 ι
813 1111 960 1182 quod
990 1110 1211 1182 quidem
1244 1112 1291 1168 si
1323 1112 1655 1182 exquisitius
1693 1112 1874 1182 eloqui
1908 1112 2168 1175 volueris,

591 1200 764 1265 dices,
798 1203 969 1255 robur
1017 1217 1220 1265 meum,
1256 1202 1424 1256 robur
1456 1218 1657 1257 meum.
1689 1200 1869 1268 Quare
1908 1217 1973 1257 ex
2006 1201 2172 1271 hujus

590 1293 1065 1366 interpretatione,
1097 1294 1287 1365 Agnus
1318 1292 1434 1359 Dei,
1477 1294 1572 1364 qui
1606 1300 1692 1350 est
1742 1300 1932 1349 noster
1976 1290 2170 1349 Salva—

589 1389 698 1444 tor,
738 1383 867 1437 dum
923 1382 1059 1437 illud
1107 1402 1121 1438 :
1176 1381 1279 1449 Eli,
1316 1381 1419 1449 Eli,
1470 1382 1604 1437 dicit
1650 1382 1718 1436 ad
1763 1380 2005 1447 Patrem,
2036 1383 2171 1438 illud

588 1474 724 1529 dicit
777 1494 789 1529 :
828 1493 847 1525 ‹
887 1473 1070 1529 Fortis
1118 1490 1297 1538 meus,
1350 1474 1511 1531 fortis
1564 1490 1740 1539 meus,
1773 1490 1943 1545 quare
1974 1475 2169 1530 dereli-

585 1565 755 1635 quisti
785 1565 915 1620 me?
950 1585 969 1617 ι
1019 1572 1074 1622 et
1114 1566 1345 1622 forsitan
1387 1564 1534 1637 quod
1588 1566 1768 1637 ipsum
1818 1566 2172 1637 dereliquerit

584 1654 751 1728 5,95
774 1655 934 1714 fortis
983 1673 1152 1725 suus,
1204 1658 1414 1713 idcirco
1462 1658 1761 1714 cruciﬁxus
1812 1667 1933 1723 est,
1984 1669 2046 1714 ut
2093 1659 2171 1713 ait

583 1748 884 1818 Apostolus
914 1766 929 1803 :
964 1768 983 1801 ι
1019 1748 1230 1805 Etenim
1272 1750 1570 1806 cruciﬁxus
1608 1758 1693 1807 est
1725 1766 1793 1806 ex
1828 1750 2167 1818 infirmitate,

2280 556 2377 611 τοῦ
2430 557 2746 622 ἀποκαλεῖν,
2799 555 2877 620 ὡς
2922 557 3015 610 καὶ
3073 557 3131 609 ἐν
3178 556 3603 628 ἑπτακαιδεκάτῳ
3639 559 3799 632 ψαλμῷ

2284 648 2437 719 ίσχὺν
2465 648 2641 720 ἐαυτῷ
2676 649 2772 703 καὶ
2801 646 3127 721 κραταίωμα
3154 647 3248 701 καὶ
3281 647 3583 720 καταφυγὴν
3604 648 3684 703 τὸν
3709 652 3799 704 Πα-

2279 742 2415 813 τέρα
2439 740 2712 813 ὀνομάζει,
2733 741 2924 811 λέγων⁹
2952 758 2974 792 ι
2996 741 3295 813 ’Δγαπήσω
3320 758 3398 805 σε,
3419 741 3651 814 Κύριε.ή
3677 743 3801 815 ἰσχύς

2284 850 2409 904 μου,
2438 831 2643 904 Κύριος
2677 832 2964 904 στερέωμά
2998 850 3120 903 μου,
3148 834 3243 887 καὶ
3278 833 3556 906 καταφυγή
3593 851 3700 904 μου,
3725 837 3801 892 διαὶ

2282 923 2482 995 ρύστης
2504 942 2627 996 μου.
2670 926 2731 980 '0
2758 927 2889 989 Θεός
2924 943 3045 997 μου,
3077 924 3267 996 βοηθός
3302 942 3422 996 μου,
3446 925 3535 979 καὶ
3565 925 3713 980 ὲλπιῶ
3733 929 3801 983 ἐπ’

2280 1017 2469 1070 αὐτόν’
2504 1018 2920 1090 ύπερασπιστής
2955 1035 3077 1090 μου,
3111 1018 3206 1071 καὶ
3234 1017 3401 1090 κέρας
3432 1017 3681 1090 σωτηρίας
3702 1036 3801 1089 μου,

2279 1110 2373 1163 καὶ
2412 1111 2759 1183 ἀντιλήπτωρ
2811 1128 2933 1182 μου.
2975 1130 2993 1162 ι
3044 1110 3443 1164 Καταλέλοιπεν
3472 1106 3560 1164 οὖν
3612 1110 3803 1167 αύτδνὸ

2282 1200 2500 1272 ίσχυρὸς
2527 1200 2715 1264 αὑτοῦ,
2764 1200 2997 1273 θελήσας
3041 1200 3204 1254 αὐτὸν
3251 1201 3413 1272 μέχρι
3460 1200 3688 1267 θανάτου,
3729 1205 3805 1256 καὶ

2279 1288 2507 1344 θανάτου
2552 1290 2783 1361 σταυροῦ
2816 1290 3116 1355 κατελθεῖν,
3146 1291 3241 1345 καὶ
3278 1291 3372 1345 τοῦ
3415 1291 3607 1363 κόσμου
3641 1292 3803 1362 παντὸς

2278 1382 2469 1455 λύτρον
2501 1382 2596 1435 καὶ
2642 1382 2933 1453 ἀντίψυχον
2968 1383 3373 1455 ἀποδειχθῆναι,
3425 1384 3516 1437 καὶ
3555 1384 3805 1456 καθάρσιον

2277 1475 2528 1542 γενέσθαι
2560 1474 2660 1546 τῆς
2687 1474 2795 1529 τῶν
2836 1477 2917 1539 είς
2947 1474 3109 1528 αὑτὸν
3153 1475 3552 1530 πιστευσάντων
3579 1477 3723 1548 ζωῆς.
3759 1477 3804 1531 '0

2277 1565 2355 1631 δὲ,
2397 1566 2592 1620 αὐτίκα
2625 1565 2769 1637 μάλα
2800 1566 3218 1637 συναισθόμενος
3262 1567 3363 1637 τῆς
3395 1566 3573 1621 ἐνθέου
3614 1569 3695 1621 καὶ
3721 1585 3805 1622 πα-

2276 1657 2472 1729 τρικῆς
2522 1656 2739 1728 βουλῆς,
2795 1657 3048 1727 διαγνούς
3096 1676 3177 1723 τε,
3221 1661 3269 1713 εί
3320 1660 3415 1713 καί
3458 1676 3541 1723 τις
3576 1659 3808 1723 ἀλλος,τά

2278 1750 2427 1805 αἴτια
2457 1750 2551 1805 τοῦ
2595 1750 3012 1822 καταλελεῖφθαι
3056 1751 3217 1806 αὐτὸν
3248 1752 3356 1806 ὑπὸ
3377 1751 3470 1806 τοῦ
3502 1752 3712 1823 Πατρδς,
3745 1751 3807 1806 ἔτι

584 1846 641 1894 et
662 1838 795 1895 vivit
812 1855 877 1895 ex
898 1841 1101 1895 virtute
1118 1839 1303 1897 Dei”:
1330 1861 1347 1893 ι
1367 1841 1460 1913 qui
1478 1841 1697 1913 quidem
1715 1859 1996 1913 nunquam
2015 1843 2163 1897 cruci

2273 1844 2408 1897 πολὺ
2438 1844 2599 1898 πλέον
2627 1845 2991 1898 ἐταπείνωσεν
3032 1844 3245 1909 ἐαυτὸν,
3280 1845 3378 1899 καὶ
3407 1843 3499 1899 τὸν
3524 1844 3654 1917 ὑπὲρ
3682 1843 3809 1916 ἡμῶν

583 1936 732 1986 esset
769 1929 983 1999 afﬁxus,
1020 1932 1125 1988 nisi
1158 1932 1317 1991 fortis
1367 1949 1501 1989 suus
1535 1933 1713 2002 ipsum
1759 1933 2166 2005 dereliquisset,

585 2019 653 2075 Et
684 2037 817 2078 sane
853 2023 1066 2094 inspice
1098 2031 1178 2091 tu,
1211 2039 1376 2095 quam
1409 2024 1549 2080 bene
1581 2025 1922 2089 convenerit,
1953 2029 2167 2096 Agnum

583 2110 704 2178 Dei,
735 2114 828 2184 qui
870 2124 929 2168 ut
957 2115 1077 2169 ovis
1105 2116 1172 2169 ad
1208 2116 1570 2171 occidendum
1624 2116 1698 2172 sit
1747 2116 1972 2180 ductus,
2021 2125 2076 2172 et
2107 2125 2170 2170 ut

582 2220 761 2275 agnus
804 2222 991 2262 coram
1035 2208 1298 2263 tondente
1343 2208 1698 2271 obmutuerit,
1753 2224 1884 2266 suas
1915 2208 2061 2264 vires
2099 2209 2169 2263 ad

582 2297 765 2369 ipsum
807 2297 976 2354 Deum
1023 2300 1251 2362 referre,
1299 2308 1353 2355 et
1375 2300 1511 2355 nihil
1550 2301 1830 2373 proprium
1877 2316 1937 2358 se
1968 2301 2170 2356 habere

582 2391 843 2445 arbitrari
874 2391 979 2447 nisi
1014 2408 1183 2446 unum
1223 2392 1462 2448 Patrem.
1494 2391 1732 2449 Proinde
1774 2392 1938 2449 etiam
1972 2392 2167 2449 fortem

579 2495 768 2545 suum,
802 2482 979 2552 ipsum
1026 2480 1244 2567 Patrem
1293 2491 1474 2548 vocat,
1524 2498 1658 2539 sane
1702 2483 2165 2555 quemadmodum

454 2578 469 2589 ‘
579 2574 668 2628 vel
702 2574 756 2628 in
789 2572 1004 2629 decimo
1045 2575 1282 2646 septimo
1315 2575 1527 2645 psalmo
1567 2575 1739 2629 robur
1771 2591 1955 2637 suum,
1990 2583 2044 2631 et
2072 2576 2167 2629 lir-

579 2674 941 2731 mamentum,
994 2672 1048 2721 et
1097 2666 1367 2737 refugium
1421 2665 1675 2720 eumdem
1720 2666 1989 2730 nominat,
2036 2666 2167 2720 dum

578 2755 754 2813 dicit:
792 2774 810 2808 ι
841 2755 1072 2826 Diligam
1118 2764 1193 2821 te,
1242 2755 1492 2820 Domine,
1532 2757 1706 2811 robur
1746 2772 1949 2812 meum.
1982 2755 2168 2811 Domi-

578 2865 687 2906 nus
716 2848 1116 2904 firmamentum
1159 2865 1341 2905 meum
1372 2858 1426 2904 et
1457 2848 1729 2920 refugium
1777 2865 1979 2912 meum,
2018 2859 2072 2904 et
2095 2849 2167 2903 li-

578 2938 801 2996 berator
843 2956 1016 2995 meus.
1061 2938 1205 2996 Deus
1236 2956 1411 3003 meus,
1461 2940 1681 3010 adjutor
1727 2956 1905 3003 meus,
1955 2949 2009 2996 et
2036 2956 2165 3010 spe-

579 3034 716 3087 rabo
746 3033 799 3086 in
830 3049 980 3089 eum.
999 3032 1288 3087 Protector
1317 3049 1473 3088 meus
1504 3042 1556 3088 et
1584 3048 1757 3087 cornu
1781 3034 1975 3089 salutis
2005 3050 2159 3099 meae,

578 3133 636 3181 et
667 3133 955 3195 susceptor
985 3140 1140 3180 meus
1165 3125 1229 3180 ⁸³.
1262 3144 1281 3176 ι
1322 3122 1621 3195 Dereliquit
1648 3139 1779 3194 ergo
1810 3125 1964 3180 illum
1999 3125 2159 3182 fortis

2273 1934 2501 1991 θάνατον
2534 1935 2701 2009 πολλῇ
2734 1940 2801 2009 τῇ
2838 1935 3120 2009 προθυμίᾳ
3170 1937 3544 2009 περιεϐάλετο,
3580 1956 3599 1989 ι
3633 1934 3809 2005 ἐγένετό

2270 2044 2331 2081 τε
2358 2030 2386 2081 ὁ
2420 2028 2681 2097 πανάγιος
2713 2030 2809 2083 καὶ
2839 2028 3132 2100 εὐλογητὸς
3154 2028 3295 2100 ὑπὲρ
3321 2028 3477 2101 ἡμῶν
3497 2027 3708 2101 κατάρα,
3735 2027 3808 2081 καὶ

2271 2119 2299 2170 ὁ
2327 2117 2399 2188 μὴ
2433 2119 2595 2185 γνοὺς
2637 2118 2910 2190 ἁμαρτίαν
2954 2119 3218 2192 ἁμαρτία,
3262 2118 3352 2173 ἵνα
3380 2122 3541 2191 ἡμεῖς
3568 2117 3808 2189 γενώμεθα

2269 2207 2577 2279 δικαιοσύνη
2609 2208 2743 2262 Θεοῦ
2766 2209 2824 2262 ὲν
2856 2209 3025 2280 αὐτῷ.
3055 2228 3075 2263 ι
3110 2209 3220 2264 Καὶ
3241 2210 3322 2263 ἔτι
3360 2210 3496 2281 πρὸς
3516 2210 3708 2273 τούτοις
3731 2207 3808 2271 τὰς

2271 2298 2544 2370 ἡμετέρας
2612 2300 2887 2372 ἁμαρτίας
2945 2300 3366 2373 ἀναμαξάμενος
3416 2301 3745 2375 ἐσταυρώθη,
3786 2300 3810 2355 δ

2270 2390 2436 2462 ἐχρῆν
2484 2392 2632 2462 ἡμᾶς
2680 2394 2806 2456 τοὺς
2856 2393 2987 2465 πρὶν
3039 2395 3259 2460 ἀσεϐεῖς
3300 2396 3514 2459 παθεῖν,
3561 2394 3808 2464 ἀντίψυχον

2268 2485 2301 2554 ὴ
2311 2481 2427 2552 μῶν
2459 2484 2554 2537 καὶ
2584 2484 2898 2555 ἀντίλυτρον
2930 2487 3315 2558 γεγενημένος,
3346 2487 3477 2542 ὥστ’
3508 2487 3571 2560 ἂν
3613 2486 3810 2555 εὐλόγως

2268 2576 2442 2628 εἰπεῖν
2472 2577 2619 2647 ἡμᾶς
2656 2576 2719 2629 τὸ
2767 2578 3133 2650 προφητικόνο
3171 2597 3191 2631 ι
3230 2578 3407 2644 Δύτδς
3452 2577 3550 2643 τὰς
3581 2576 3809 2649 ἁμαρτίας

2267 2663 2426 2734 ἡμῶν
2477 2664 2653 2735 φέρει,
2706 2666 2800 2720 καὶ
2853 2669 2980 2740 περὶ
3030 2666 3186 2739 ἡμῶν
3234 2668 3509 2729 ὁδυνᾶται.
3552 2671 3640 2723 καὶ
3680 2666 3811 2729 αὐτὸς

2268 2755 2672 2831 ἐτραυματίσθη
2708 2758 2797 2812 διά
2823 2758 2923 2822 τὰς
2956 2760 3231 2831 ἁμαρτίας
3263 2761 3447 2832 ἡμῶν,
3479 2761 3571 2816 καὶ
3605 2759 3811 2832 μεμαλά-

2266 2864 2448 2900 κισται
2472 2847 2561 2901 διά
2591 2847 2690 2913 τὰς
2722 2850 2951 2921 ἀνομίας
2982 2851 3161 2922 ἡμῶν,
3203 2852 3290 2906 ἵνα
3318 2853 3403 2924 τῷ
3431 2852 3649 2925 μώλωπι
3679 2850 3810 2905 αὑτοῦ

2265 2939 2426 3009 ἡμεῖς
2479 2940 2738 3013 ίαθῶμεν.
2778 2942 2982 3014 Κύριος
3020 2942 3130 3016 γὰρ
3187 2944 3511 3016 παρέδωκεν
3543 2945 3690 2999 αὐτὸν
3717 2945 3811 3005 ταῖς

2265 3030 2562 3103 ἁμαρτίαις
2613 3032 2788 3105 ἡμῶν.
2828 3053 2847 3086 ι
2882 3034 3082 3107 Διόπερ
3112 3036 3188 3100 ὠς
3231 3036 3564 3109 παραδοθεὶς
3604 3036 3697 3090 ὑπὸ
3733 3032 3807 3087 τοῦ

2263 3121 2498 3193 Πατρὸς,
2541 3124 2635 3178 καὶ
2696 3124 3073 3196 μαλακισθεὶς,
3124 3127 3220 3181 καὶ
3274 3126 3377 3193 τὰς
3421 3129 3644 3201 ἀνομίας
3683 3125 3809 3199 ἡμῶν

578 3237 736 3284 suus,
773 3238 895 3276 cum
926 3221 1098 3276 voluit
1129 3221 1280 3274 illum
1320 3235 1493 3291 usque
1534 3218 1602 3274 ad
1634 3228 1887 3285 mortem,
1932 3228 1987 3277 et
2014 3238 2162 3276 mor-

2268 3212 2589 3284 ἀνειληφὼς,
2629 3234 2647 3267 ι
2679 3216 2755 3281 ὡς
2785 3216 3055 3288 πρόϐατον
3078 3219 3171 3272 ἐπὶ
3216 3219 3433 3293 σφαγὴν
3466 3221 3622 3294 ἤχθη.
3653 3239 3670 3273 ι
3703 3220 3808 3273 Συν-

576 3318 687 3366 tem
721 3312 905 3367 crucis
931 3310 1284 3376 descendere,
1310 3320 1364 3367 et
1394 3327 1494 3381 pro
1523 3312 1781 3368 universo
1809 3313 2014 3370 mundo
2037 3331 2161 3387 pre-

576 3403 739 3467 tium,
774 3419 885 3473 quo
933 3404 1129 3458 anima:
1165 3403 1587 3467 redimerentur,
1634 3402 1906 3469 exhiberi,
1949 3412 2003 3460 et
2036 3396 2162 3461 vitae

576 3510 767 3549 eorum
818 3496 910 3565 qui
958 3496 1011 3549 in
1063 3496 1223 3549 fidem
1270 3496 1390 3565 ejus
1442 3496 1740 3560 vertissent,
1791 3497 2161 3567 expiationem

578 3586 719 3641 fieri.
755 3586 849 3642 Ille
884 3602 1014 3641 vero
1058 3588 1311 3658 protinus
1344 3587 1591 3641 divinum
1638 3604 1703 3643 ac
1733 3596 2020 3660 paternum
2062 3590 2160 3645 de-

574 3687 789 3735 cretum
825 3680 1136 3751 intelligens
1182 3695 1630 3752 cognoscensque
1671 3682 1718 3737 si
1758 3683 1884 3752 quis
1917 3698 2158 3753 unquam

575 3773 739 3835 alius,
773 3787 973 3827 causas
997 3782 1220 3843 propter
1246 3789 1385 3843 quas
1416 3788 1446 3827 a
1476 3771 1638 3828 Patre
1660 3782 1808 3829 esset
1840 3774 2158 3847 relinquen-

574 3863 701 3926 dus,
732 3864 905 3918 multo
949 3865 1115 3919 etiam
1164 3865 1400 3935 amplius
1456 3866 1696 3937 seipsum
1728 3866 1969 3932 demisit,
2011 3883 2175 3922 mor--

574 3968 797 4027 temque
819 3973 918 4027 pro
948 3958 1106 4013 nobis
1135 3957 1338 4029 ingenti
1360 3960 1642 4016 alacritate
1663 3960 1888 4025 subivit,
1912 3979 1931 4011 ι
1951 3959 2153 4017 factus-

573 4064 681 4118 que
712 4056 796 4103 est
831 4067 850 4100 ι
883 4048 929 4104 is
959 4049 1052 4119 qui
1080 4056 1221 4112 erat,
1254 4058 1307 4104 et
1336 4053 1721 4116 sanctissimus
1755 4062 1809 4108 et
1838 4053 2157 4111 benedictus

579 4158 599 4191 ι
631 4153 729 4210 pro
753 4139 914 4194 nobis
944 4140 1253 4196 exsecratio
1276 4142 1346 4207 ",
1390 4152 1445 4198 et
1480 4143 1574 4211 qui
1606 4153 1890 4212 peceatum
1922 4160 2031 4200 non
2065 4162 2159 4201 non

570 4229 673 4295 vit,
731 4238 1037 4300 peccatum,
1091 4239 1150 4285 ut
1205 4247 1308 4288 nos
1354 4232 1655 4288 efficiamur
1691 4234 1909 4304 justitia
1956 4235 2049 4292 Dei
2099 4237 2155 4293 in

573 4321 696 4392 ipso
715 4323 781 4375 ".
819 4341 838 4374 ι
876 4323 957 4376 Ad
988 4323 1103 4378 haec
1145 4324 1237 4379 ubi
1276 4332 1499 4395 peccata
1530 4332 1718 4382 nostra
1760 4327 2007 4390 detersit,
2039 4338 2155 4383 tum

571 4416 725 4471 cruci
759 4416 951 4473 affixus
980 4426 1085 4482 est,
1126 4418 1272 4488 quod
1308 4417 1531 4489 quidem
1568 4435 1669 4475 nos
1701 4422 1812 4491 pati
1842 4424 2152 4493 oportebat,

2267 3304 2380 3374 ᾴδει
2402 3304 2611 3370 τούτοις
2633 3309 2727 3361 καὶ
2745 3308 2820 3379 (l)
2852 3308 3172 3374 Ἀπόστολος
3193 3310 3399 3380 λέγων’
3430 3332 3449 3365 ι
3496 3314 3590 3376 ’ος
3618 3330 3676 3382 γε
3705 3311 3808 3365 ίδίοιι

2268 3397 2398 3451 Υἱού
2427 3399 2527 3453 οὐκ
2579 3400 2850 3470 ἐφείσατο,
2885 3401 3000 3456 ἀλλ’
3048 3403 3188 3476 ὑπὲρ
3226 3404 3388 3475 ήμῶν
3441 3405 3651 3459 πάντων
3693 3419 3811 3471 παρ-

2266 3490 2465 3566 έδωκεν
2496 3491 2676 3545 αὐτόν.
2715 3512 2735 3546 ι
2765 3494 2945 3547 Κινῶν
2980 3494 3037 3548 δὲ
3072 3497 3218 3565 ἡμᾶς
3247 3496 3341 3549 ἐπὶ
3381 3495 3608 3569 ζήτησιν
3635 3497 3723 3567 τῆς
3746 3494 3811 3547 al-

2265 3583 2405 3648 τίας,
2438 3583 2505 3637 δι’
2535 3585 2601 3655 ἢν
2634 3584 2796 3640 αὑτὸν
2829 3585 2857 3638 ὁ
2880 3587 3070 3658 Πατὴρ
3094 3587 3375 3653 κατέλιπε,
3408 3590 3635 3659 φάσκει·
3670 3605 3688 3639 ι
3719 3588 3811 3639 ἰνα

2264 3674 2315 3727 τί
2347 3692 2414 3745 με
2465 3675 2820 3745 ἐγκατέλιπες
2848 3694 2862 3743 ;
2908 3698 2927 3731 ι
2963 3677 3036 3732 Τὸ
3066 3678 3112 3731 δ’
3145 3679 3319 3734 αἴτιον
3349 3680 3515 3736 τοῦτο
3555 3678 3640 3754 ἦν,
3673 3682 3702 3751 ὴ
3736 3677 3809 3732 τοῦ

2266 3768 2466 3835 παντὸς
2512 3769 2814 3843 ἀνθρώπων
2846 3771 3039 3840 γένους
3087 3772 3492 3845 ἀπολύτρωσις,
3553 3775 3628 3846 τῷ
3676 3773 3810 3844 τιμίῳ

2264 3861 2456 3933 αἵματι
2511 3861 2951 3935 ἐξαγοραζομένη
2994 3864 3103 3917 ἀπὸ
3133 3865 3231 3936 τῆς
3272 3867 3406 3938 πρὶν
3450 3868 3685 3940 χαλεπῆς
3718 3867 3811 3919 δου-

2262 3954 2431 4020 λείας,
2479 3956 2546 4027 ἥν
2588 3958 2702 4020 τοῖς
2749 3956 3005 4028 ἀοράτοις
3054 3956 3367 4023 δεσπόταις,
3423 3960 3664 4032 δαίμοσιν
3703 3961 3809 4013 ἀκα·

2265 4046 2482 4119 θάρτοις
2515 4047 2610 4101 καὶ
2634 4050 2890 4120 πονηροῖς
2917 4048 3145 4120 ἄρχουσί
3178 4067 3237 4103 τε
3261 4052 3356 4104 καὶ
3388 4053 3660 4126 πνεύμασι
3684 4065 3810 4105 xera-

2262 4138 2603 4193 δεδούλωντο.
2654 4139 2765 4192 Καὶ
2819 4137 2996 4203 ἄλλως
3041 4139 3098 4193 δὲ
3149 4140 3543 4197 καταλέλοιπεν
3604 4143 3746 4197 αὐτὸν
3786 4139 3809 4191 6

2262 4230 2472 4302 Πατὴρ,
2518 4230 2610 4283 καὶ
2638 4228 2802 4284 αὐτοῦ
2833 4228 2929 4283 τοῦ
2964 4230 3201 4302 Χριστοῦ
3231 4232 3329 4304 τὴν
3367 4235 3512 4308 ὑπὲρ
3551 4232 3811 4305 ἀνθρώπιν’

2261 4321 2499 4376 διάθεσιν
2536 4321 2921 4392 ἀποδειχθῆναι
2950 4322 3203 4393 θελήσας.
3238 4324 3330 4378 Διὸ
3369 4326 3602 4397 μηδενὸς
3631 4325 3809 4395 ἔχοντος

2262 4412 2505 4478 ἐξουσίαν
2524 4412 2625 4484 τῆς
2651 4413 2816 4469 αὑτοῦ
2833 4414 3011 4487 ψυχῆς
3027 4414 3168 4469 ἑκὼν
3196 4416 3357 4481 αὐτὸς
3376 4419 3523 4491 ὑπὲρ
3550 4416 3811 4490 ἀνθρώπων

570 4517 628 4566 et
657 4524 758 4580 pro
792 4510 1127 4565 redimendis
1180 4511 1382 4567 animis
1432 4513 1641 4568 nostris
1686 4514 1803 4582 ipse
1847 4514 2023 4571 factus
2070 4522 2154 4572 est

2268 4505 2430 4576 αὐτὴν
2459 4505 2723 4571 τέθεικεν,
2761 4505 3045 4579 ὼσπεροῦν
3089 4506 3330 4569 διδάσκει
3356 4509 3568 4579 λέγων·
3612 4529 3630 4561 ι
3657 4505 3808 4567 Ούδεὶς

570 4601 834 4673 pretium,
867 4618 1041 4670 usque
1076 4602 1212 4656 adeo
1236 4610 1294 4655 ut
1322 4617 1429 4656 non
1461 4602 1736 4657 immerito
1760 4604 1890 4658 illud
1915 4606 2153 4674 praphe-

570 4693 746 4749 ticum
774 4695 1051 4765 possimus
1080 4695 1262 4749 dicere
1293 4714 1305 4748 :
1340 4713 1359 4746 ι
1388 4694 1507 4765 Ipse
1533 4704 1757 4764 peccata
1787 4703 1980 4751 nostra
2018 4697 2147 4763 fert,

571 4793 627 4841 et
654 4800 754 4856 pro
795 4787 956 4841 nobis
985 4797 1068 4841 est
1097 4788 1150 4841 in
1188 4788 1395 4842 dolore.
1430 4785 1494 4840 Et
1544 4789 1660 4856 ipse
1705 4787 2024 4845 vulneratus
2065 4800 2151 4846 est

571 4887 797 4953 propter
822 4886 1045 4949 peccata
1081 4890 1294 4943 nostra,
1329 4887 1383 4935 et
1423 4880 1666 4950 elanguit
1697 4888 1921 4951 propter
1948 4881 2155 4951 iniqui-

570 4976 714 5025 tates
746 4978 1001 5035 nostras,
1051 4980 1112 5025 ut
1165 4970 1332 5026 livore
1364 4969 1484 5039 ejus
1526 4986 1628 5026 nos
1678 4986 2022 5027 sanaremur.
2056 4972 2152 5026 Et-

2257 4594 2401 4666 αἴρει
2430 4596 2529 4667 τὴν
2551 4595 2727 4667 ψυχήν
2756 4614 2857 4667 μου
2889 4598 2982 4652 ἀπ’
3017 4598 3172 4670 ἐμοῦ.
3215 4598 3501 4665 Ἐξουσίαν
3539 4601 3644 4673 ἔχω
3671 4600 3810 4653 eam

2256 4687 2445 4759 αὐτὴν,
2503 4690 2597 4741 καὶ
2647 4690 2891 4754 ἐξουσίαν
2944 4689 3053 4761 ἔχω
3114 4690 3277 4757 πάλιν
3334 4691 3523 4745 λαϐεῖν
3585 4691 3754 4760 αὑτήν.
3789 4705 3805 4736 ι

2269 4782 2424 4853 Ἑξῆς
2452 4780 2664 4845 τούτοις
2711 4783 2877 4853 φησί·
2920 4802 2938 4834 ι
2977 4783 3211 4856 Μακράν
3266 4784 3375 4837 ἀπὸ
3415 4786 3521 4855 τῆς
3575 4781 3809 4855 σωτηρίας

2258 4891 2360 4945 μου
2391 4875 2448 4927 οῖ
2468 4873 2617 4943 λόγοι
2652 4874 2760 4927 τῶν
2807 4875 3266 4947 παραπτωμάτων
3322 4894 3450 4948 μου.
3490 4898 3508 4931 ι
3554 4876 3686 4931 Ἀνθ’
3713 4867 3810 4926 οὖὸ

2258 4966 2357 5037 μὲν
2392 4965 2623 5029 Ἀκύλας
2640 4984 2653 4996 ·
2690 4985 2709 5017 ι
2738 4967 2969 5039 Μακράν
2993 4968 3101 5021 ἀπὸ
3122 4971 3221 5040 τῆς
3246 4970 3527 5042 σωτηρίας
3550 4986 3647 5042 μου
3669 4966 3812 5041 ῥήμο-

570 5061 719 5117 enim
751 5060 975 5124 tradidit
1014 5060 1166 5115 illum
1208 5061 1449 5130 peccatis
1494 5062 1701 5117 nostris
1719 5063 1785 5116 ⁸⁷.
1825 5085 1842 5114 ι
1879 5062 2152 5129 Quocirca

2268 5075 2319 5110 τα
2367 5055 2713 5129 βρυχήματός
2757 5076 2879 5130 μου,
2923 5079 2941 5111 ι
2987 5058 3271 5124 ἐξέδωκεν·
3324 5063 3352 5114 ὁ
3399 5061 3459 5114 δὲ
3505 5060 3809 5131 Σύμμαχος’

571 5158 836 5222 tanquam
876 5152 1110 5208 traditus
1162 5166 1190 5205 a
1222 5161 1375 5222 patre
1422 5162 1477 5208 et
1521 5151 1814 5223 languidus
1845 5150 2046 5214 factus.
2096 5160 2151 5208 et

2259 5168 2279 5201 ι
2333 5149 2728 5221 ’Διρεστήκασιν
2748 5152 2854 5204 ἀπὸ
2884 5152 2982 5222 τῆς
3007 5151 3277 5224 σωτηρίας
3325 5170 3428 5223 μου
3460 5154 3512 5208 oi
3550 5151 3693 5220 λύγοι
3723 5144 3810 5201 τῶν

572 5250 836 5312 tanquam
873 5244 923 5300 is
964 5247 1057 5314 (lui
1092 5252 1318 5314 peccata
1374 5251 1564 5299 nostra
1614 5244 1998 5309 assumpserit,
2039 5262 2057 5295 ι
2089 5251 2149 5298 ιιι

2268 5241 2500 5314 Βδυρμῶν
2532 5259 2662 5313 μου·
2706 5262 2724 5295 ι
2757 5245 2851 5296 καὶ
2872 5243 2990 5296 καθ’
3026 5244 3218 5316 ἐτέραν
3251 5245 3307 5299 δὲ
3338 5245 3644 5317 φερομένην
3664 5243 3815 5313 tm-

572 5334 694 5388 ovis
721 5334 787 5389 ad
813 5335 1015 5389 caedem
1047 5344 1131 5390 est
1155 5335 1355 5391 ductus
1376 5336 1443 5390 ³⁸.
1475 5356 1494 5388 ι
1532 5333 1629 5395 His
1652 5334 1954 5389 concordat
1982 5336 2150 5390 etiam

2268 5334 2402 5387 ιείαν
2426 5336 2681 5405 πέμπτην
2705 5335 2946 5406 εἴρηται·
2981 5356 2999 5386 ι
3034 5336 3265 5409 Μακρὰν
3297 5337 3408 5391 ἀπὸ
3434 5338 3539 5408 τῆς
3568 5329 3813 5407 σωτηρίας

569 5423 868 5496 Apostolus
916 5427 1049 5481 dum
1094 5428 1169 5481 ita
1219 5427 1385 5481 aitzt
1427 5426 1531 5493 Qui
1582 5426 1805 5497 proprio
1848 5425 1988 5480 Filio
2035 5442 2147 5480 non

2268 5444 2361 5495 μου
2402 5428 2452 5480 οἱ
2482 5425 2628 5494 λόγοι
2678 5427 2785 5479 τῶν
2825 5426 3062 5499 δεήσεων
3104 5446 3223 5499 μου.
3257 5447 3277 5479 ι
3312 5428 3454 5499 Ὅρα
3499 5427 3564 5499 δὴ
3608 5422 3716 5486 οὖν,
3744 5421 3814 5474 δτι

572 5517 835 5589 pepercit,
870 5518 965 5572 sed
991 5532 1092 5587 pro
1119 5518 1373 5574 omnibus
1406 5519 1567 5574 nobis
1596 5515 1819 5573 tradidit
1853 5516 2005 5572 illum
2028 5519 2096 5573 ³³.
2125 5538 2143 5568 ι

2268 5520 2377 5572 κατ’
2430 5517 2716 5589 οὐδετέραν
2758 5518 2962 5572 τούτων
3012 5520 3092 5577 τὸ.
3136 5537 3158 5570 ι
3207 5520 3313 5578 τῶν
3369 5515 3814 5592 παραπιιινμάτυν

642 5636 689 5669 ’³
723 5631 767 5687 ll
797 5634 926 5690 Cor.
963 5653 1097 5690 xm.
1130 5638 1184 5692 4.
1315 5636 1364 5669 ⁵⁵
1400 5635 1546 5693 Psal.
1586 5654 1691 5692 xm
1718 5678 1731 5703 ,
1763 5636 1877 5705 2,5.
2028 5637 2071 5668 ”
2113 5635 2163 5690 Gl

2272 5651 2363 5703 ιιι,
2404 5634 2489 5693 l5.
2638 5636 2683 5668 “
2723 5634 2764 5690 ll
2799 5634 2925 5692 Cor.
2964 5652 3015 5702 ν,
3047 5634 3143 5692 29.
3276 5636 3319 5667 "
3360 5634 3470 5690 lsa.
3507 5648 3653 5698 Lm,
3708 5626 3811 5685 ιδ.

575 5703 623 5741 ⁸⁸
661 5706 795 5761 Ibid.
836 5706 884 5761 7.
961 5706 1006 5740 "
1047 5706 1205 5762 Rom.
1243 5724 1379 5773 vm,
1415 5708 1503 5763 52.

644 5799 721 5851 (η
755 5796 1101 5856 Desideratur
1136 5802 1183 5854 ὁ.
1219 5797 1378 5856 Em.

2028 5637 2071 5668 "
2113 5635 2230 5690 Gal.
2272 5651 2369 5714 ιιι,
2404 5634 2489 5693 l5.
2638 5636 2683 5668 “
2723 5634 2764 5690 ll
2799 5634 2925 5692 Cor.
2964 5652 3015 5702 ν,
3047 5634 3143 5692 39.
