4100 6474
223 364 352 420 7G9

1181 366 1829 426 DEMONSTRATIONIS
1863 370 2325 428 EVANGELICA'J
2362 372 2490 428 LIB.
2532 374 2600 429 Χ.

3413 376 3518 433 770

230 496 379 551 μου,
430 498 458 533 ι
498 480 728 552 εἴρηται,
775 481 850 544 ὡς
897 479 1180 552 συμϐαίνει
1225 483 1354 536 ποτὲ
1393 483 1667 555 σφάλματι
1712 502 1835 556 γρα-

1948 488 2213 543 Caeterum
2246 487 2496 544 excitans
2523 502 2623 543 nos
2657 487 2724 544 ad
2758 487 3132 562 inquirendam
3163 505 3384 547 causam
3417 506 3518 547 cur

227 568 404 639 φικῷ
435 570 692 633 τοιαύτας
721 570 870 634 τινας
892 570 1188 640 ἑναλλαγὰς
1222 572 1499 644 φέρεσθαι.
1550 575 1643 628 Ἐκ
1670 575 1726 630 δὲ
1743 576 1844 646 τῆς

222 660 353 713 τῶν
388 661 660 715 πλειόνων
688 663 983 734 ἑρμηνείας
1009 664 1408 735 καταληπτέον·
1440 667 1489 719 εί
1525 667 1600 739 μὴ
1627 667 1735 739 ἄρα
1761 685 1845 734 τις

224 752 547 806 κάνταῦθα
585 752 655 806 τὰ
688 754 931 824 ἡμέτερα
962 753 1381 826 παραπτώματα
1418 756 1844 832 ἐξοικειούμενον

219 842 434 905 ταῦτα
467 845 626 899 αὑτὸν
641 846 917 918 εἰρηκέναι
942 847 1151 918 φήσειε.
1175 846 1396 912 Τούτοις
1425 849 1550 921 ἑξῆς
1579 850 1838 919 ἐπιλέγει·

231 954 257 987 ι
314 933 387 990 Ὀ
425 935 564 1000 Θεός
612 952 734 1008 μου,
780 937 1118 1009 κεκράξομαι
1168 937 1404 1011 ἡμέρας,
1442 940 1537 993 καὶ
1593 941 1692 995 οὐκ
1730 942 1842 994 είσ-

224 1026 494 1099 ακούσῃ,
533 1027 627 1080 καὶ
656 1027 867 1093 νυκτὸς,
897 1028 990 1081 καὶ
1033 1029 1133 1082 οὑκ
1164 1030 1245 1093 είς
1272 1030 1456 1084 ἄνοιαν
1486 1031 1635 1101 ἑμοί·
1675 1051 1692 1083 ι
1722 1032 1839 1085 ἀνθ’

223 1111 296 1172 οὗ
330 1117 517 1171 πάλιν
536 1119 564 1171 ὀ
590 1117 903 1189 Σύμμαχος
936 1138 955 1170 ι
979 1119 1036 1173 '0
1056 1118 1189 1183 Θεός
1219 1138 1342 1192 μου,
1384 1141 1403 1175 ι
1437 1123 1588 1193 φησὶ,
1619 1140 1637 1172 ι
1660 1123 1839 1194 βοήσω

221 1208 500 1282 ἡμέρας,
528 1212 622 1263 καὶ
649 1211 748 1263 οὐκ
771 1209 1086 1285 είσακούσῃ,
1116 1213 1211 1264 καὶ
1232 1212 1454 1277 νυκτὸς,
1480 1214 1572 1267 καὶ
1600 1214 1699 1267 οὐκ
1723 1214 1838 1268 ἔστι

226 1302 405 1373 σιγή.
445 1322 466 1355 ι
501 1301 779 1373 Θαυμάζει
826 1301 892 1374 δὴ
923 1299 1016 1357 οὖν
1053 1304 1111 1357 ὲν
1146 1304 1354 1368 τούτοις
1389 1307 1480 1359 τὸν
1512 1307 1729 1379 Πατέρα
1761 1308 1838 1372 ὡς

229 1393 323 1466 μὴ
355 1395 727 1449 είσακούοντα
749 1394 933 1461 αὑτοῦ,
953 1394 1101 1460 ξένον
1116 1413 1169 1449 τι
1187 1396 1344 1450 τοῦτο
1366 1399 1459 1451 κα)⁸
1478 1398 1628 1470 παρὰ
1640 1399 1700 1452 τὸ
1716 1398 1836 1453 σύν-

226 1485 379 1559 ηθες
432 1486 678 1559 θεωρῶν.
716 1488 772 1541 '0
804 1488 861 1542 δὲ
895 1488 1189 1557 ἐφύλαττεν
1233 1488 1380 1561 αὐτῷ
1424 1489 1523 1562 τὴν
1565 1492 1733 1564 ἀκοὴν
1757 1493 1838 1557 είς

224 1578 329 1632 τὸν
367 1577 686 1650 ἐπιτήδειον
706 1577 799 1632 τοῦ
825 1578 1237 1649 είσακουσθῆναι
1264 1579 1471 1652 καιρόν.
1504 1575 1670 1647 Οὗτος
1692 1582 1747 1635 δὲ
1768 1578 1836 1655 ἦν

223 1670 259 1722 δ
282 1668 405 1739 τῆς
450 1669 787 1741 ἀντιλήψεως
828 1672 928 1742 τῆς
957 1670 1184 1741 ἑωθινῆς
1222 1670 1316 1725 καὶ¹
1359 1672 1388 1723 ὁ
1408 1673 1507 1743 τῆς
1538 1674 1603 1727 ἑκ
1627 1675 1836 1747 νεκρῶν

225 1763 628 1830 ἀναστάσεως,
650 1762 913 1829 καθ’ὃν,εἰ
929 1763 1022 1816 καί
1034 1780 1137 1816 τινι
1153 1763 1317 1835 ἄλλῳ,
1335 1764 1430 1818 καὶ
1445 1765 1597 1838 αὐτῷ
1614 1767 1835 1833 δικαίως

1950 579 2130 650 ipsum
2171 588 2322 650 pater
2346 580 2651 636 deseruerit
2683 581 2759 636 ait
2791 602 2805 637 :
2842 601 2862 634 ι
2886 581 3067 649 Quare
3098 599 3184 639 me
3220 585 3519 654 dereliqui-

1950 672 2057 726 sti?
2083 691 2102 723 ι
2155 670 2331 726 Causa
2372 688 2539 743 porro
2572 672 2686 726 hare
2734 673 2855 738 fuit,
2889 675 3253 748 5960mnis
3293 677 3517 733 humani

1948 764 2167 833 generis
2205 763 2505 834 redemptio
2555 779 2618 819 ac
2657 765 2929 830 liberatio,
2981 784 3100 838 qua:
3139 770 3378 839 pretioso
3420 768 3516 824 illo

1948 854 2216 924 sanguine
2247 853 2387 911 facta
2440 862 2541 922 est,
2583 871 2612 910 a
2645 857 2825 926 priore
2858 859 2947 912 illa
2982 860 3306 915 intolerabili
3341 862 3518 917 servi-

1946 949 2082 1006 tute,
2110 959 2215 1013 qua
2245 945 2348 999 sub
2371 946 2546 1000 visum
2575 946 2961 1018 elfugicntibus
2994 949 3250 1013 dominis,
3283 951 3515 1021 impuris

1946 1036 2134 1106 utique
2171 1036 2508 1093 dazmonibus
2557 1046 2611 1093 et
2639 1040 2893 1109 malignis
2924 1041 3266 1111 principibus
3303 1059 3366 1096 ac
3399 1045 3514 1113 spi-

1945 1125 2143 1179 ritibus
2178 1126 2582 1194 premehaulur,
2628 1137 2681 1182 et
2716 1129 2818 1182 alia
2853 1130 2979 1183 item
3025 1132 3236 1187 ratione
3275 1133 3516 1192 deseruit

1944 1214 2098 1269 illum
2131 1214 2313 1279 Pater,
2348 1224 2408 1271 ut
2434 1217 2567 1273 illud
2594 1220 2803 1275 scilicet
2840 1222 3238 1285 ostenderetur.
3271 1225 3515 1281 affectio-

1943 1321 2067 1361 nem
2111 1323 2211 1378 pro
2249 1308 2564 1365 hominibus
2610 1311 2785 1381 ipsius
2820 1329 3038 1383 quoque
3079 1314 3283 1370 Christi
3317 1308 3509 1374 fuisse.

1944 1396 2286 1470 QuaprOpter
2339 1419 2461 1458 cum
2511 1404 2657 1459 illius
2710 1406 2905 1461 animae
2942 1408 3033 1477 jus
3090 1415 3145 1463 et
3188 1416 3514 1481 potestatem

1943 1506 2103 1547 nemo
2134 1494 2377 1559 haberet,
2408 1497 2596 1552 volens
2629 1498 2745 1567 ipse
2775 1514 2873 1568 pro
2903 1499 3214 1556 hominibus
3245 1503 3390 1557 illam
3414 1518 3515 1575 po-

1944 1585 2075 1652 suit,
2110 1586 2185 1641 ita
2226 1602 2356 1643 sane
2380 1589 2839 1658 quemadmodum
2868 1591 3023 1645 docet
3049 1593 3183 1663 ipse,
3217 1593 3347 1648 dum
3371 1595 3510 1648 ait':

1949 1694 1967 1728 ι
1996 1676 2167 1732 Nemo
2201 1678 2353 1733 tollet
2382 1681 2619 1734 animam
2663 1697 2837 1736 meam
2869 1698 2898 1736 a
2927 1700 3032 1749 me;
3064 1694 3386 1755 potestatem
3417 1687 3514 1743 ha-

1944 1770 2045 1825 beo
2074 1771 2311 1840 ponendi
2351 1786 2492 1835 eam,
2523 1780 2577 1826 et
2620 1783 2941 1843 potestatem
2986 1776 3158 1831 habeo
3191 1793 3387 1834 rursus
3418 1794 3513 1834 su-

226 1854 302 1907 ἃν
336 1853 550 1925 ἐλέχθη
570 1871 583 1884 ·
614 1872 634 1905 ι
685 1854 772 1907 Ἐν
801 1853 977 1925 καιρῷ
1001 1852 1174 1923 δεκτῷ
1203 1853 1485 1924 ἐπήκουσά
1508 1872 1622 1922 σου,
1648 1858 1743 1912 καὶ
1784 1861 1835 1912 ἑν

1945 1862 2123 1917 mendi
2163 1877 2303 1917 eam.
2334 1862 2406 1919 lis
2431 1879 2552 1933 qua:
2578 1864 2720 1919 dicta
2756 1874 2904 1931 sunt,
2936 1866 3195 1939 deinceps
3223 1869 3508 1942 adjungit:

223 1946 439 2017 ἡμέρᾳ
477 1944 750 2017 σωτηρίας
794 1944 1066 2017 ἐϐοήθησά
1101 1960 1202 1998 σοι.
1243 1942 1372 2000 Ἰδοὺ
1400 1946 1495 2000 νῦν
1539 1948 1727 2020 καιρὸς
1751 1950 1839 2003 εύ-

226 2034 609 2105 πρὸσδεκτος,
643 2035 753 2088 ἰδοὺ
803 2034 897 2088 νῦν
927 2035 1109 2107 ἡμέρα
1149 2035 1442 2106 σωτηρίας.
1477 2056 1496 2090 ι
1532 2039 1758 2108 Λέγοιτο
1790 2041 1837 2094 δ’

230 2124 304 2178 ἂν
322 2124 517 2178 ταῦτα
539 2127 630 2179 καὶ
653 2126 854 2199 ἑτέρως
880 2124 985 2179 ὑπὸ
1008 2125 1257 2198 Σωτῆρος
1283 2126 1460 2199 ήμῶν,
1490 2128 1566 2192 ὡς
1587 2129 1839 2193 είωθότος

231 2217 343 2288 μὲν
375 2219 474 2271 ἀεὶ
514 2219 609 2272 καὶ
639 2218 865 2272 πάντοτε
907 2217 1285 2273 είσακούεσθαι
1330 2221 1436 2275 ὑπὸ
1477 2221 1571 2275 τοῦ
1601 2222 1835 2295 Πατρὸς,

230 2308 337 2363 νῦν
377 2309 447 2363 δὲ
480 2310 815 2373 πιστεύοντος
849 2309 1387 2383 εἰσακουσθήσεσθαι,
1416 2311 1548 2366 ὡσεὶ
1584 2314 1839 2384 σαφέστε-

232 2417 335 2474 ρον
372 2401 566 2470 ἔλεγε·
603 2401 692 2473 Μὴ
721 2396 828 2454 οἷόν
874 2418 934 2454 τε
965 2402 1134 2466 ἐστὶν,
1165 2396 1210 2455 ὧ
1254 2402 1458 2475 Πάτερ,
1492 2405 1592 2475 ἐμὲ
1630 2406 1721 2459 τὸν
1747 2407 1837 2460 σὸν

234 2493 525 2565 μονογενῆ
582 2494 673 2547 καὶ
729 2492 1010 2563 ἀγαπητὸν
1066 2493 1228 2559 Υίὺν,
1289 2492 1363 2566 μὴ
1422 2496 1834 2561 εἰσακούεσθαι,

232 2585 466 2657 βοῶντα
497 2586 591 2640 καὶ
612 2586 919 2657 κεκραγότα
937 2585 1091 2658 ’πρδς
1114 2586 1173 2639 σὲ
1197 2585 1288 2639 τὸν
1315 2587 1555 2658 ἐμαυτοῦ,
1576 2589 1794 2660 Πατέρα
1818 2605 1834 2655 ;

231 2678 497 2734 διδάσκει
527 2678 655 2748 γοῦν
684 2679 814 2732 αὐτὸ
843 2676 1004 2732 τοῦτο
1026 2679 1084 2732 ὲν
1108 2678 1186 2749 τῷ
1215 2678 1355 2731 κατὰ
1389 2679 1641 2751 Ἰωάννην
1668 2681 1838 2751 Εὐαγ-

231 2771 420 2841 γελίῳ
466 2772 557 2824 ἐπὶ
605 2769 701 2823 τοῦ
744 2768 1021 2841 Λαζάρου,
1065 2769 1298 2841 ὁπηνίκα
1342 2770 1544 2826 εξτεών⁸
1583 2788 1604 2823 ι
1635 2773 1837 2845 Ἀρατε

231 2860 332 2915 τὸν
367 2861 522 2917 λίθον
556 2860 662 2915 ἀπὸ
691 2860 785 2914 τοῦ
826 2861 1111 2934 μνημείου,
1158 2862 1331 2934 ἐπῆρε
1361 2863 1488 2926 τοὺς
1526 2863 1837 2935 ὀφθαλμοὺς

234 2952 450 3006 ἑαυτοῦ
475 2955 554 3017 είς
577 2954 667 3006 τὸν
692 2953 938 3027 οὐρανὸν,
974 2954 1067 3007 καὶ
1096 2949 1217 3007 εἷπε
1242 2971 1255 2984 ο
1293 2954 1495 3025 Πάτερ,
1532 2956 1837 3025 εὐχαριστῶ

236 3062 351 3107 σοι,
387 3046 467 3099 ὅτι
498 3046 735 3118 ἤκουσάς
765 3064 885 3117 μου.
930 3047 1068 3115 Ἐγὼ
1094 3046 1149 3100 δὲ
1174 3045 1338 3117 ⁴ξξδειν,
1365 3047 1445 3100 ὅτι
1479 3047 1707 3101 πάντοτέ
1733 3064 1835 3118 μου

235 3138 491 3202 ἀκούεις.
535 3158 554 3190 ι
586 3138 648 3191 Ei
674 3137 854 3190 τοίνυν
875 3138 1101 3191 πάντοτε
1128 3134 1294 3191 αὐτοῦ
1324 3136 1645 3202 άκούει,οὐκ
1665 3138 1834 3209 ἀμφι-

1946 1967 1964 2000 ι
1993 1948 2177 2021 Longe
2205 1964 2235 2003 a
2258 1952 2434 2006 salute
2463 1968 2580 2006 mea
2610 1954 2773 2009 verba
2813 1956 3136 2012 delictorum
3181 1974 3448 2016 meorum.
3483 1981 3503 2015 ο

1938 2039 2043 2096 Pro
2092 2057 2200 2112 quo
2238 2044 2433 2114 Aquila
2483 2045 2701 2115 quidem
2747 2066 2759 2101 :
2809 2066 2827 2097 ι
2861 2045 3041 2120 Longe
3084 2064 3114 2103 a
3165 2052 3340 2107 salute
3390 2069 3512 2109 mea

1938 2131 2103 2187 verba
2156 2131 2405 2190 fremitus
2455 2136 2582 2202 mei,
2613 2154 2632 2187 ι
2679 2140 2951 2207 exposuit.
3010 2136 3373 2210 Symmachus
3413 2155 3511 2195 au-

1938 2229 2048 2275 tem
2081 2241 2093 2275 :
2126 2240 2144 2273 ι
2182 2221 2549 2279 Recesserunt
2594 2240 2624 2279 a
2678 2227 2855 2282 salute
2904 2241 3024 2284 mea
3072 2231 3238 2284 verba
3265 2229 3510 2287 luctuum

1939 2326 2206 2376 meorum,
2240 2332 2258 2364 ι
2291 2329 2503 2368 necnon
2550 2315 2697 2385 apud
2742 2318 3010 2387 quintam,
3048 2334 3168 2388 qua:
3197 2318 3388 2383 fertur,
3426 2319 3511 2374 in-

1938 2402 2383 2470 terpretationem
2412 2403 2616 2458 dicitur
2644 2423 2656 2459 :
2692 2422 2710 2455 ι
2735 2404 2921 2477 Longe
2945 2422 2975 2460 a
2999 2409 3174 2463 salute
3203 2423 3321 2464 mea
3341 2408 3507 2466 verba

1937 2490 2378 2563 deprecationum
2430 2510 2698 2551 mearum.
2731 2516 2750 2550 ι
2786 2495 2864 2551 lta
2914 2498 3065 2553 vides
3116 2499 3171 2552 in
3221 2499 3371 2553 nulla
3414 2498 3512 2554 ha-

1937 2598 2057 2639 ruvzn
2113 2587 2530 2642 conversionum
2574 2600 2695 2659 quae
2739 2589 3012 2657 posterius
3057 2588 3215 2644 dictae
3247 2598 3395 2656 sunt,
3442 2590 3510 2646 il-

1939 2675 2051 2740 luJ,
2108 2693 2127 2725 ι
2158 2677 2478 2732 delictorum
2523 2694 2793 2747 meorum,
2823 2699 2842 2732 ι
2896 2679 3106 2746 haberi,
3153 2681 3353 2752 quippe
3382 2696 3508 2737 cum

1937 2765 2209 2821 interdum
2240 2767 2481 2824 librariis
2524 2774 2835 2828 errantibus
2873 2771 3187 2840 hujusmodi
3218 2774 3508 2829 varietates

1938 2858 2091 2913 libris
2126 2860 2442 2931 contingere
2486 2862 2716 2920 soleant.
2763 2864 2843 2918 Ex
2881 2865 3179 2920 multorum
3210 2873 3390 2921 autem
3417 2866 3507 2922 in-

1938 2938 2326 3020 terpretatione
2353 2953 2790 3023 investigandum
2819 2960 2926 3022 est,
2954 2962 3136 3009 utrum
3163 2955 3217 3009 in
3248 2944 3333 3009 his
3353 2956 3509 3026 quis-

1936 3043 2077 3112 piam
2118 3045 2269 3097 illum
2295 3053 2481 3099 nostra
2505 3046 2702 3101 delicta
2728 3062 2826 3103 sua
2861 3046 3149 3103 facientem
3175 3048 3303 3102 talia
3329 3064 3507 3105 euuno

1937 3132 2102 3187 tiasse
2125 3133 2341 3188 dixerit.
2376 3132 2473 3190 His
2495 3135 2754 3205 deinceps
2786 3136 3033 3208 adjungit
3060 3157 3074 3192 :
3110 3155 3132 3190 ι
3163 3136 3306 3193 Deus
3328 3156 3504 3206 meus,

235 3228 486 3294 ϐάλλων,
520 3227 634 3281 ἀλλ’
667 3228 910 3300 ἀκριῆῶς
943 3226 1322 3298 ἐπιστάμενος,
1371 3228 1453 3281 δτι
1485 3229 1579 3282 καὶ
1616 3224 1710 3283 νῦν
1737 3229 1835 3282 a6-

1936 3222 2186 3277 clamabo
2208 3239 2303 3294 per
2317 3225 2483 3291 diem,
2510 3233 2565 3280 et
2594 3238 2703 3280 non
2735 3228 3015 3291 exaudies,
3047 3236 3101 3283 et
3136 3245 3233 3300 per
3264 3238 3504 3296 noctem,

236 3321 337 3375 τοῦ
390 3321 788 3385 εἰσακούσεται,
847 3320 924 3383 ὡς
967 3321 1226 3375 ἀδυνάτου
1274 3322 1426 3386 ὄντος
1456 3320 1551 3375 τοῦ
1600 3322 1674 3394 μὴ
1720 3324 1833 3375 eia-

239 3412 544 3468 ακούεςθαι
590 3413 785 3477 αὐτὸν,
821 3412 1248 3485 ἐρωτήματικῶς
1286 3429 1478 3484 φησιν’
1525 3432 1543 3464 ι
1598 3414 1655 3466 '0
1702 3412 1833 3478 Θεός

243 3521 376 3574 μου,
406 3502 744 3575 κεκράξομαι
766 3504 997 3575 ἡμέρας,
1032 3504 1124 3557 καὶ
1148 3504 1247 3556 οὐκ
1284 3503 1576 3576 είσακούσῃ
1603 3521 1621 3570 ;-
1659 3523 1677 3557 ι
1707 3506 1833 3558 ὑπο-

244 3597 546 3662 στιζὸντων
594 3596 750 3669 ἡμῶν
784 3598 842 3650 ἑν
883 3596 980 3669 τῷ,
1021 3615 1040 3648 ι
1079 3598 1180 3651 οὐκ
1223 3599 1538 3670 είσακούσῃ,
1581 3619 1600 3651 ι
1628 3600 1721 3653 καὶ
1770 3600 1833 3653 τὸ

242 3690 494 3743 ἐναντίον
523 3689 887 3743 ὑπονοούντων
917 3689 994 3761 τῷ
1028 3689 1296 3761 πύσματι.
1329 3689 1500 3745 Τοῦτο
1528 3691 1659 3760 γοῦν
1689 3691 1833 3747 διδά-

244 3796 371 3833 σκει
434 3779 626 3853 μικρὸν
659 3780 905 3853 ὕστερον,
956 3781 1161 3854 προῖὼν
1214 3782 1340 3854 ἑξῆς
1378 3784 1435 3835 ἑν
1486 3782 1564 3854 τῶ
1608 3784 1828 3856 ψαλμῷ,

242 3869 427 3940 λέγων
445 3889 458 3902 ·
481 3890 499 3923 ι
539 3873 648 3927 Οὐκ
680 3871 1032 3938 ἑξουδένωσεν
1052 3874 1174 3927 οὐδὲ
1197 3872 1536 3946 προσώχθισε
1562 3878 1628 3947 τῇ
1650 3875 1829 3947 δεήσει

241 3962 340 4017 τοῦ
401 3962 615 4034 πτωχοῦ
636 4004 649 4029 ,
696 3964 816 4017 οὐδὲ
860 3964 1168 4037 ἀπέστρεψε
1215 3966 1278 4019 τὸ
1322 3966 1611 4038 πρόσωπον
1661 3966 1828 4021 αὑτοῦ

241 4054 342 4109 ἀπ’
377 4054 537 4127 ἐμοῦ,
574 4056 667 4109 καὶ
697 4056 755 4107 ἑν
797 4055 875 4127 τῷ
904 4057 1229 4128 κεκραγέναι
1266 4074 1334 4128 με
1365 4054 1501 4130 πρδς
1535 4058 1694 4112 αὑτὸν
1720 4061 1831 4111 είσ-

244 4146 451 4217 ήκουσέ
478 4163 597 4217 μου.
613 4167 631 4198 ι
654 4146 776 4209 Πῶς
802 4143 897 4200 οὖν
921 4148 1273 4217 ἀποφατικῶς
1298 4147 1446 4217 λέγοι
1459 4148 1546 4212 ἂν,
1572 4168 1589 4199 ι
1615 4150 1671 4203 '0
1698 4149 1829 4213 Θεός

249 4254 379 4307 μου,
429 4236 765 4308 κεκράξομαι
817 4238 1048 4309 ἡμέρας,
1097 4239 1192 4292 καί⁹
1220 4239 1320 4291 οὐκ
1366 4238 1678 4311 είσακούσῃ,
1722 4259 1739 4288 ι
1779 4241 1828 4293 εί

246 4329 327 4400 μὴ
382 4326 524 4382 κατὰ
560 4328 658 4401 τὴν
711 4328 1060 4383 ἀποδοθεῖσαν
1100 4331 1228 4401 ἡμῖν
1261 4329 1525 4401 θεωρίαν;
1576 4330 1641 4401 ῆν
1670 4327 1827 4402 οἶμαι

245 4421 344 4474 καὶ
392 4419 554 4473 αὑτὸν
610 4419 975 4484 αἰνίττεσθαι,
1026 4419 1282 4487 λέγοντα’
1326 4439 1345 4471 ι
1400 4422 1459 4474 Ὀ
1520 4421 1652 4485 Θεός
1699 4438 1824 4494 μου,

245 4510 587 4585 κεκράξομαι
621 4511 852 4583 ἡμέρας,
888 4512 980 4566 καὶ
1010 4512 1111 4565 οὐκ
1142 4513 1455 4586 εἰσακούσῃ.
1485 4515 1580 4567 καὶ
1608 4513 1820 4579 νυκτὸς,
1853 4546 1898 4600 D

246 4604 347 4658 καὶ
376 4603 477 4657 οὐκ
494 4604 574 4666 εἰς
598 4603 781 4657 ἄνοιαν
815 4604 954 4674 ἐμοί.
990 4625 1009 4656 ι
1038 4606 1113 4659 Oti
1146 4604 1253 4677 γὰρ
1288 4607 1368 4670 εἰς
1393 4606 1599 4669 ἄνοιαν,
1635 4606 1819 4678 φησὶν,

248 4694 376 4767 ἐμοὶ
397 4694 612 4765 λέγεται
633 4696 715 4759 τὸ,
747 4714 765 4746 ι
801 4695 1111 4768 είσακούσῃ.
1149 4717 1168 4750 ι
1200 4694 1329 4752 Οἶδα
1349 4697 1460 4771 γὰρ
1491 4698 1652 4763 αὐτὸς
1675 4698 1823 4763 ὅπως

245 4785 406 4840 τοῦτό
448 4803 612 4857 φημι,
664 4792 1045 4859 πεπεισμένος,
1079 4790 1159 4843 ὅτι
1212 4790 1460 4858 πέφυκας
1510 4792 1607 4861 οὐχ
1643 4792 1724 4844 ὅτι
1757 4808 1822 4860 γε

250 4879 387 4950 ἐμοῦ
423 4880 579 4950 μόνον
604 4880 1087 4951 ἀντιλαμϐάνεσθαι
1109 4882 1202 4934 καὶ
1221 4881 1543 4945 εἰσακούειν,
1578 4881 1712 4935 ἀλλὰ
1731 4882 1823 4937 καὶ

250 4971 471 5025 πάντων
490 4972 598 5025 τῶν
631 4973 798 5042 ἁγίων
831 4990 945 5026 σου.
994 4973 1103 5025 Ἀεὶ
1147 4971 1256 5043 γὰρ
1289 4974 1382 5026 καὶ
1412 4972 1501 5026 διὰ
1531 4975 1731 5038 παντὸς
1764 4973 1823 5026 ἑν

250 5065 364 5126 τοῖς
396 5063 569 5132 ἁγίοις
602 5079 696 5116 σου
721 5065 1017 5127 κατοικεῖς,
1044 5064 1136 5116 καὶ
1170 5063 1234 5115 σὺ
1267 5059 1317 5115 εἷ
1340 5066 1368 5117 ὁ
1401 5063 1598 5127 παντὸς
1629 5063 1821 5135 ἀνδρὸς

251 5153 549 5223 θεοφιλοῦς,
596 5154 809 5225 Ἰσραὴλ
842 5155 1398 5227 προσαγορευομένου,
1448 5156 1697 5220 ἔπαινοςο
1732 5155 1821 5209 διὰ

254 5243 318 5298 σὲ
346 5242 454 5316 γὰρ
488 5244 647 5298 παντὶ
677 5242 756 5313 τῷ
790 5260 849 5295 σε
883 5243 1190 5314 περιέποντι
1215 5244 1313 5315 οὐχ
1343 5246 1371 5297 ὁ
1395 5242 1573 5314 τυχὼν
1598 5243 1822 5315 προσγί-

252 5353 403 5391 νεται
439 5335 678 5400 ἔπαινος,
727 5337 822 5389 καὶ
850 5338 943 5390 ἐπι
976 5339 1057 5390 σοὶ
1097 5337 1144 5390 οί
1192 5335 1428 5404 πατέρες
1473 5334 1631 5407 ⁴ήμῶν
1664 5334 1821 5407 ἤλπι-

255 5442 376 5491 σαν,
409 5429 503 5481 καὶ
551 5427 868 5490 ἐλπίσαντες
905 5428 1014 5481 τῶν
1044 5425 1460 5481 ἐπαναστάντων
1504 5427 1688 5491 αὐτοῖς
1719 5443 1820 5479 κα-

255 5519 366 5573 κῶν
397 5518 758 5594 ἑρῤύσθησαν,
793 5521 887 5575 καὶ
934 5520 1071 5591 πρὸς
1101 5520 1160 5573 σὲ
1207 5519 1526 5592 ἑκέκραξαν,
1561 5520 1655 5572 καὶ
1687 5516 1823 5571 ἑσῶ-

254 5608 446 5683 θησαν,
477 5611 571 5665 ἐπὶ
604 5610 685 5665 σοί
706 5628 765 5664 τε
797 5610 1051 5682 ήλπισαν,
1086 5612 1179 5664 καὶ
1210 5610 1270 5663 ού
1299 5608 1767 5682 κατῃσχύνθησαν.
1798 5627 1817 5661 ι

1934 3322 1991 3368 et
2032 3328 2141 3368 non
2201 3314 2269 3369 ad
2308 3316 2679 3387 insipientiam
2742 3318 2960 3387 mihi“
3012 3335 3111 3391 pro
3160 3337 3268 3392 quo
3310 3338 3509 3380 rursus

1936 3400 2300 3476 Symmachus
2333 3423 2347 3458 :
2379 3424 2399 3458 ι
2429 3404 2573 3462 Deus
2610 3422 2785 3472 meus,
2816 3407 3012 3482 inquit,
3056 3408 3302 3464 clamabo
3337 3411 3507 3466 inter-

1932 3495 2114 3561 diu,et
2156 3511 2266 3551 non
2319 3497 2602 3561 exaudies,
2649 3504 2702 3553 et
2741 3505 2932 3564 noctu,
2964 3507 3018 3554 et
3051 3514 3162 3553 non
3209 3507 3294 3556 est
3339 3501 3509 3558 silen-

1932 3588 2089 3643 tium.
2127 3607 2147 3642 ι
2185 3588 2328 3659 Ergo
2366 3588 2421 3642 in
2465 3588 2551 3644 his
2577 3587 2792 3644 Patrem
2825 3606 2982 3645 suum
3013 3599 3275 3662 tauquam
3304 3608 3364 3651 se
3393 3609 3506 3650 non

1932 3681 2313 3736 exaudientem
2352 3679 2676 3747 admiratur,
2727 3688 2935 3751 utpote,
2980 3696 3104 3737 cum
3155 3698 3356 3739 novum
3399 3684 3506 3740 hoc

1932 3783 2092 3844 atque
2120 3773 2446 3830 inusitatum
2470 3773 2746 3845 inspiciat.
2782 3771 2876 3829 llle
2903 3780 3083 3828 autem
3109 3773 3237 3829 huic
3270 3774 3506 3832 audien-v

1932 3868 2062 3922 tiam
2113 3868 2180 3923 ad
2235 3867 2492 3923 idoneum
2534 3866 2862 3923 exaudiendi
2905 3876 3122 3940 tempus
3180 3870 3506 3927 reservavit.

1931 3956 2046 4013 Hoc
2070 3972 2200 4013 vero
2227 3956 2354 4022 fuit,
2403 3958 2770 4029 susceptionis
2815 3959 3098 4015 matutinae
3131 3960 3503 4017 excitationis-

1930 4064 2037 4120 que
2061 4064 2091 4103 a
2120 4058 2295 4104 morte
2322 4050 2390 4104 ad
2423 4050 2587 4103 vitam
2626 4060 2859 4121 tempus,
2890 4066 2999 4122 quo
3029 4066 3160 4108 sane
3180 4060 3422 4121 tempore
3452 4052 3500 4108 si

1930 4142 2149 4212 quando
2200 4143 2266 4196 ad
2320 4142 2488 4195 alium
2539 4143 2872 4213 quempiam,
2925 4144 2991 4197 ad
3046 4143 3224 4212 ipsum
3283 4157 3502 4214 quoque

1932 4232 2076 4304 iuste
2114 4231 2404 4287 dicendum
2438 4232 2581 4287 fuit:
2620 4250 2639 4283 ι
2670 4230 2727 4285 In
2774 4243 3017 4302 tempore
3057 4240 3280 4301 accepto
3326 4248 3497 4288 exau—

1928 4324 2037 4378 divi
2073 4332 2146 4388 te,
2184 4332 2239 4378 et
2264 4325 2317 4378 in
2364 4324 2451 4379 die
2483 4323 2678 4379 salutis
2712 4322 2895 4393 adjuvi
2923 4331 2997 4389 te;
3028 4338 3157 4379 ecce
3184 4339 3329 4378 nunc
3360 4330 3499 4379 tem-

1928 4431 2031 4486 pus
2075 4416 2434 4485 acceptabile,
2488 4430 2618 4470 ecce
2676 4430 2825 4469 nunc
2858 4416 2975 4471 dies
3025 4415 3280 4471 salutis’.
3313 4436 3333 4469 ι
3379 4414 3497 4472 Dici

1928 4522 2057 4563 vero
2090 4515 2318 4578 possunt
2351 4507 2468 4563 haec
2501 4507 2606 4561 alia
2649 4522 2868 4578 quoque
2900 4507 3108 4562 ratione
3151 4522 3182 4561 a
3216 4504 3500 4564 Salvatore

1927 4608 2158 4664 nostro,
2204 4607 2460 4669 tanquam
2511 4599 2581 4654 ab
2611 4614 2712 4664 eo,
2758 4601 2851 4669 qui
2893 4601 3239 4656 consueverit
3281 4616 3499 4673 semper

1928 4693 2145 4764 quidem
2174 4700 2229 4747 et
2251 4693 2310 4746 in
2348 4692 2605 4749 omnibus
2639 4695 2889 4749 exaudiri
2930 4709 2960 4749 a
2992 4692 3173 4758 Patre,
3204 4710 3351 4750 nunc
3399 4710 3500 4749 au-

1929 4798 2058 4851 tem,
2095 4787 2188 4855 qui
2213 4786 2375 4841 etiam
2409 4784 2567 4839 fidem
2598 4786 2796 4842 habeat
2825 4801 2884 4843 se
2919 4801 3043 4843 esse
3072 4786 3495 4848 exaudiendum.

1928 4893 2037 4933 non
2064 4891 2224 4931 secus
2260 4889 2324 4929 ac
2358 4874 2406 4928 si
2439 4875 2657 4944 planius
2695 4874 2923 4940 diceret,
2967 4873 3214 4944 nunquid
3245 4872 3363 4928 fieri
3399 4888 3499 4943 po-

1928 4976 2053 5032 test,
2072 4983 2105 5022 ο
2120 4966 2300 5029 Pater,
2326 4974 2386 5021 ut
2402 4981 2502 5038 ego
2519 4967 2714 5022 unicus
2733 4980 2797 5021 ac
2818 4966 3051 5022 dilectus
3067 4964 3258 5030 Filius,
3277 4965 3404 5018 dum
3426 4964 3500 5018 ad

1928 5070 1983 5116 te
2002 5059 2221 5114 Patrem
2245 5074 2427 5117 meum
2450 5060 2648 5124 clamo,
2680 5058 3046 5122 et‘vociferor,
3068 5072 3178 5111 non
3200 5055 3500 5111 exaudiar?

1924 5151 2087 5224 497
2117 5151 2385 5221 siquidem
2417 5151 2521 5205 hoc
2552 5151 2727 5222 ipsum
2758 5151 2848 5207 ille
2884 5150 3023 5205 idem
3056 5148 3214 5204 docet
3244 5150 3296 5203 in
3317 5147 3499 5203 Evan-

1926 5245 2068 5315 gelio
2102 5242 2353 5304 Joannis.
2383 5243 2477 5298 ubi
2509 5242 2577 5297 de
2604 5242 2808 5297 Lazaro
2842 5257 3023 5298 sermo
3054 5249 3159 5297 est.
3202 5238 3337 5294 Nam
3367 5255 3502 5296 cum

1927 5337 2194 5392 dixisset:
2234 5356 2252 5387 ι
2293 5333 2490 5390 Tollite
2520 5335 2748 5405 lapidem
2779 5350 2809 5389 a
2840 5342 3211 5398 monumento,
3253 5350 3275 5388 ι
3303 5339 3501 5388 sustu-

1929 5429 1990 5482 lit
2023 5428 2217 5484 deinde
2253 5428 2442 5483 oculos
2468 5442 2598 5485 suos
2630 5426 2696 5482 ad
2729 5428 2925 5484 cmlum
2956 5435 3009 5483 et
3039 5426 3177 5481 dixit
3205 5443 3219 5481 :
3254 5442 3274 5479 ι
3309 5423 3495 5491 Pater,

1927 5503 2133 5590 gratias
2164 5535 2265 5591 ago
2302 5521 2419 5585 tibi,
2455 5519 2710 5589 quoniam
2748 5518 3005 5575 audivisti
3033 5534 3139 5577 me.
3172 5516 3285 5588 Ego
3312 5526 3497 5573 autem

1929 5610 2169 5667 sciebam
2202 5610 2348 5683 quod
2377 5625 2592 5681 semper
2615 5626 2702 5668 me
2743 5610 2898 5667 audis
2930 5610 2968 5669 '.
3007 5629 3029 5664 ι
3062 5608 3121 5664 Si
3154 5608 3324 5681 igitur
3352 5624 3500 5667 sem-

326 5793 345 5824 ¹
381 5790 538 5848 Joan.
568 5807 637 5857 ι,
675 5789 761 5846 18.
836 5791 857 5822 ⁹
895 5787 942 5847 li
975 5788 1098 5843 Cor.
1137 5802 1227 5854 vi,
1259 5787 1312 5842 2.
1392 5788 1411 5820 ³
1446 5784 1608 5843 Joan.
1643 5801 1739 5856 ιι,
1769 5784 1956 5842 59-41.
