4100 6474
607 290 709 347 ΤΠ

1286 288 1559 349 EUSEBII
1592 288 2077 348 CESARIENSIS
2109 291 2265 349 OPP.
2304 290 2492 347 PARS
2526 293 2677 350 lI.-
2709 291 3214 349 APOLOGETICA.

3773 292 3885 347 7ῖὶ

611 428 711 485 per
742 413 894 468 illum
945 411 1118 477 audit,
1171 425 1319 465 nunc
1365 426 1582 481 quoque
1624 426 1737 466 non
1782 411 2060 477 dubitans,
2094 412 2185 467 sed

2304 411 2521 483 Ἐπειδὴ
2546 407 2638 465 οῦν
2663 412 2860 475 πάντες
2891 413 2940 464 οἱ
2969 413 3113 480 ἆγιοι
3135 410 3336 464 τούτων
3354 408 3541 481 ἔτυχον
3565 407 3738 479 παρὰ
3768 407 3888 471 σοῦ,

611 505 775 576 plane
823 513 1161 574 compertum
1208 504 1417 559 habens
1462 519 1522 559 se
1569 517 1693 559 esse
1733 504 2085 566 audiendum,
2133 515 2188 559 et

611 607 871 666 tanquam
903 596 1018 650 lieri
1047 612 1158 649 non
1189 597 1386 666 possit,
1421 603 1481 650 ut
1511 610 1621 650 non
1653 594 1927 656 audiatur.
1980 611 2045 649 ex
2104 596 2188 649 in-

609 689 979 759 terrogatione
1015 688 1089 742 ait
1129 707 1142 743 :
1187 707 1206 741 ι
1251 686 1392 743 Deus
1422 703 1598 751 meus,
1650 688 1899 741 clamabo
1927 686 2185 750 interdiu,

611 787 667 835 et
698 794 808 833 non
851 778 1149 833 exaudies?
1196 797 1216 831 ι
1255 778 1415 833 nobis
1459 777 1709 832 videlicet
1747 777 2188 847 interrogationis

612 876 797 921 notam
819 867 1147 923 addentibus
1169 868 1233 921 ad
1262 869 1508 932 verbum,
1548 886 1567 919 ι
1608 867 1891 932 exaudies,
1925 887 1942 919 ι
1974 876 2028 923 et
2056 883 2190 922 con-

612 958 842 1013 trarium
873 959 1016 1029 ejus,
1052 959 1201 1030 quod
1224 960 1617 1031 interrogatum
1650 959 1743 1024 sit,
1770 960 2185 1030 subintelligen-

609 1051 780 1108 tibus.
827 1050 1106 1123 Siquidem
1160 1052 1265 1107 hoc
1319 1053 1498 1122 ipsum
1549 1052 1713 1122 paulo
1763 1061 1887 1123 post
1938 1069 2188 1108 sermone

613 1158 941 1215 progressus
999 1143 1242 1199 ostendit
1274 1142 1533 1213 deinceps
1584 1144 1638 1196 in
1690 1145 1902 1213 psalmo
1943 1146 2132 1201 dicens
2171 1164 2185 1202 :

619 1255 638 1288 ι
678 1236 798 1291 Non
840 1237 1047 1306 sprevit
1095 1252 1271 1304 neque
1305 1237 1587 1291 molestam
1628 1238 1816 1292 habuit
1846 1237 2187 1308 deprecatio-

614 1344 739 1385 nem
773 1331 1050 1399 pauperis,
1079 1344 1255 1398 neque
1287 1327 1483 1382 avertit
1511 1327 1705 1383 faciem
1751 1344 1906 1385 suam
1933 1343 1963 1381 a
1994 1345 2098 1394 me,
2134 1337 2189 1385 et

612 1434 739 1473 cum
769 1422 1062 1473 clamarem
1094 1421 1158 1474 ad
1192 1436 1337 1483 eum,
1390 1420 1668 1475 exaudivit
1699 1435 1804 1474 me.
1854 1439 1873 1471 ι
1906 1419 2189 1486 Quomodo

611 1509 780 1580 igitur
811 1511 1057 1579 negative
1089 1509 1216 1561 illud
1242 1509 1491 1562 dicetur“!
1526 1505 1702 1561 «Deus
1725 1523 1904 1572 meus,
1937 1508 2188 1561 clamabo

614 1600 874 1660 interdiu,
904 1608 955 1652 et
980 1614 1085 1652 non
1117 1598 1397 1657 exandies,
1457 1615 1476 1648 ι
1516 1595 1622 1650 nisi
1664 1611 1727 1650 ea
1762 1598 1972 1651 ratione
2026 1613 2186 1665 quam

613 1704 716 1745 nos
747 1691 1049 1751 attulimus,
1086 1704 1251 1757 quam
1287 1703 1419 1742 sane
1460 1687 1729 1741 rationem
1762 1688 1939 1757 ipsum
1971 1705 2188 1758 quoque

2290 502 2655 574 κεκράξαντές
2686 518 2745 556 τε
2780 504 3231 575 εἰσηκούσθησαν,
3272 503 3365 556 καὶ
3396 504 3456 554 οὐ
3495 497 3894 572 κατῃσχύνθη-

2292 613 2412 659 σαν⁹
2448 596 2598 666 πόσῳ
2627 595 2694 667 δὴ
2730 595 2888 648 πλέον
2922 596 3055 666 ἐμοῦ
3101 594 3194 648 τοῦ
3226 593 3320 647 σοῦ
3353 592 3643 665 ἀγαπητοῦ
3696 590 3891 654 παιδὸς

2292 684 2521 755 βοῶντος
2552 684 2748 756 μᾶλλον
2779 685 3033 738 ἁπάντων
3060 684 3153 737 καὶ
3176 684 3516 755 ἑτοιμότερον
3540 679 3890 751 εἰσακούσης

2288 777 2352 830 Εἰ
2385 778 2441 830 δὲ
2470 777 2566 830 καὶ
2598 774 3095 847 ἀποθαυμαστικῶς
3128 792 3288 846 φημι,
3327 792 3347 824 ι
3386 771 3894 844 Κεκράξομαι,καὶ

2288 870 2388 922 οὐκ
2410 869 2703 940 εἰσακούση
2724 870 2736 922 l
2768 888 2784 919 ι
2810 868 2923 922 ἀλλ’
2944 869 3044 920 οὐκ
3062 871 3141 931 εἰς
3172 868 3356 922 ἄνοιαν
3380 870 3409 921 6
3431 867 3586 935 λόγος
3625 880 3730 935 μοι
3760 874 3896 933 προ-

2290 958 2532 1032 φέρεται.
2583 955 2713 1013 υἴδα
2758 958 2888 1028 γοῦν
2933 960 3078 1021 ὅπως
3130 958 3227 1029 τὴν
3259 956 3425 1029 εὐχὴν
3466 954 3782 1028 προφέρω,
3820 953 3897 1022 μὴ

2289 1049 2715 1122 ἐναϐρυνόμενος
2742 1051 2874 1122 μηδὲ
2908 1052 3343 1122 ἐγκαυχώμενος,
3380 1049 3493 1102 ἀλλ’
3526 1048 3602 1112 ὡς
3633 1059 3899 1099 ταπεινο-

2290 1141 2521 1212 φρονῶν.
2572 1141 2724 1194 Ἐπεὶ
2744 1141 2851 1214 γὰρ
2886 1142 3058 1213 πρᾶός
3089 1142 3202 1213 εἰμι
3233 1141 3329 1194 καὶ
3358 1139 3613 1202 ταπεινὸς
3648 1134 3727 1208 τῇ
3765 1153 3898 1206 καρ-

2291 1233 2398 1303 δία,
2432 1233 2701 1297 ταπεινῶς
2732 1235 2821 1286 καὶ
2846 1237 2911 1304 τῇ
2946 1233 3182 1304 ἐμαυτοῦ
3217 1234 3479 1305 πραότητι
3501 1232 3735 1295 οἰκείως
3766 1224 3898 1298 περὶ

2289 1323 2527 1395 ἐμαυτοῦ
2559 1323 2790 1377 ταπεινά
2815 1324 3140 1395 φθέγγομαι.
3188 1324 3343 1377 Οῦτω
3374 1324 3438 1395 δὴ
3483 1325 3575 1379 καὶ
3615 1322 3896 1392 σκώληκα

2288 1418 2524 1489 ἐμαυτὸν
2557 1415 2809 1488 ὀνομάζω
2831 1435 2845 1447 ·
2880 1417 2934 1469 τί
2975 1416 3085 1489 γὰρ
3114 1418 3177 1470 ἂν
3209 1418 3417 1485 γένοιτο
3462 1416 3766 1488 σκώληκος
3800 1433 3898 1468 τα-

2290 1511 2601 1582 πεινότερον
2625 1527 2640 1576 ;
2668 1509 2790 1563 ὅθεν
2820 1508 2928 1562 οὐδ’
2964 1509 3249 1580 ἄνθρωπον
3281 1509 3515 1579 ἐμαυτὸν
3548 1508 3775 1578 εἴποιμ’
3806 1506 3894 1570 ἂν,

2289 1606 2367 1667 εις
2408 1602 2674 1673 τοσαύτην
2727 1602 3054 1655 ταπείνωσιν
3098 1602 3162 1653 ἐκ
3212 1599 3306 1653 τοῦ
3355 1599 3554 1653 οἰκείου
3610 1598 3897 1670 μεγέθους

2289 1694 2583 1757 κατελθὼν,
2618 1694 2758 1747 ὥστε
2793 1694 2887 1746 καὶ
2940 1691 3216 1762 σκώληκος
3266 1692 3429 1764 μηδὲν
3464 1691 3644 1744 δοκεῖν
3701 1690 3897 1758 διαςὲ-

613 1780 852 1836 arbitror
879 1778 1189 1849 signilicare
1225 1779 1352 1832 dum
1385 1778 1520 1833 dicit
1562 1798 1574 1834 :
1614 1798 1632 1830 ι
1691 1780 1834 1835 Deus
1864 1797 2037 1843 meus,
2077 1784 2185 1835 cla-

2293 1804 2424 1859 ρειν,
2451 1772 2631 1839 διὰτὸ
2676 1786 2770 1838 καὶ
2804 1784 2966 1856 μέχρι
3006 1784 3234 1837 Θανάτου
3263 1784 3358 1836 καὶ
3402 1783 3502 1853 τῆς
3546 1781 3648 1835 τοῦ
3695 1781 3896 1851 σώμα-

612 1872 776 1927 mabo
810 1871 1065 1933 interdiu,
1091 1879 1142 1923 et
1163 1886 1269 1923 non
1298 1870 1582 1933 exaudies,
1614 1878 1667 1925 et
1690 1880 1877 1934 noctu,
1907 1881 1960 1925 et
1992 1888 2097 1925 non
2122 1871 2188 1925 ad

612 1963 984 2034 insipientiam
1021 1963 1206 2016 mihi.»
1241 1962 1358 2016 Non
1390 1964 1536 2018 enim
1562 1963 1645 2017 'ad
1680 1964 2072 2034 insipientiam,
2107 1965 2190 2016 in-

613 2055 798 2124 quit,a
824 2071 907 2110 me
929 2054 1127 2108 dicitur
1152 2054 1307 2120 illud,
1334 2074 1352 2106 ι
1387 2052 1667 2111 exandies.
1695 2074 1713 2106 ι
1747 2055 1880 2107 δονί
1908 2057 2050 2108 enim
2077 2056 2191 2124 ipse

613 2161 718 2217 qua
751 2147 960 2201 ratione
992 2148 1095 2200 hoc
1117 2147 1316 2211 dicam,
1346 2147 1546 2217 quippe
1575 2147 1668 2216 qui
1698 2146 1853 2199 [idem
1886 2147 2113 2199 habeam
2138 2154 2190 2200 te

611 2245 810 2292 natura
864 2251 1195 2307 propensum
1246 2251 1368 2291 esse
1421 2237 1487 2289 ad
1542 2236 1973 2305 suscipiendum,
2026 2244 2189 2306 atque

613 2330 944 2387 audiendum
978 2346 1085 2384 non
1121 2331 1298 2385 solum
1335 2344 1440 2393 me,
1490 2328 1583 2385 sed
1628 2332 1792 2384 etiam
1834 2345 2025 2385 omnes
2062 2346 2191 2385 san-

613 2433 733 2477 ctos
765 2431 909 2477 tuos.
943 2420 1172 2491 Semper
1215 2422 1359 2476 enim
1413 2427 1467 2475 et
1514 2436 1908 2490 usquequaque
1969 2422 2025 2476 in
2078 2423 2188 2478 tuis

613 2515 821 2569 sanctis
851 2515 1087 2578 habitas,
1121 2514 1373 2583 idemque
1403 2514 1520 2583 ipse
1536 2529 1596 2568 es
1623 2514 2057 2584 uniuscujusque
2080 2515 2189 2571 Deo

612 2608 902 2665 familiaris
936 2616 1100 2677 atque
1125 2606 1289 2660 amici
1321 2605 1583 2668 hominis,
1607 2607 1699 2674 qui
1729 2604 1896 2660 Israel
1928 2609 2188 2677 appellari

611 2702 981 2765 consueverit,
1009 2700 1123 2751 laus
1157 2717 1169 2752 :
1204 2705 1425 2767 propter
1462 2704 1513 2751 te
1543 2697 1690 2750 enim
1721 2699 1786 2751 ad
1822 2712 2037 2753 omnem
2062 2716 2187 2754 eum

613 2794 705 2864 qui
762 2801 814 2847 te
861 2792 1181 2861 complexus
1231 2792 1327 2853 sit,
1383 2805 1491 2844 non
1535 2792 1776 2863 vulgaris
1821 2794 2004 2847 venire
2050 2794 2189 2848 solet

612 2884 755 2939 laus.
797 2903 814 2935 ι
852 2882 916 2936 Et
948 2884 1002 2935 in
1035 2891 1085 2936 te
1110 2890 1292 2952 patres
1320 2883 1491 2936 nostri
1525 2892 1903 2953 speraverunt,
1936 2903 1953 2935 ι
1990 2893 2187 2939 etcum

614 2984 919 3046 sperarent,
956 2975 1024 3027 ab
1049 2975 1426 3043 ingruentibus
1451 2976 1505 3028 in
1540 2976 1690 3044 ipsus
1719 2976 1875 3030 malis
1910 2993 1928 3027 ι
1972 2975 2189 3031 liberati

615 3078 764 3132 sunt,
793 3077 847 3123 et
874 3067 939 3120 ad
972 3075 1024 3122 te
1046 3069 1442 3130 clamaverunt,
1480 3075 1534 3120 et
1571 3068 1709 3122 salvi
1758 3067 1883 3121 facti
1925 3076 2074 3131 sunt,
2106 3076 2187 3120 at-

613 3178 719 3234 que
747 3163 800 3216 in
830 3170 881 3216 te
907 3168 1266 3230 speraverunt
1287 3167 1340 3212 et
1366 3157 1580 3213 confusi
1614 3174 1721 3212 non
1751 3168 1900 3214 sunt.
1940 3178 1958 3211 »
1994 3159 2049 3213 Si
2084 3159 2187 3229 igi-

610 3262 705 3310 tur
742 3269 933 3309 omnes
980 3252 1155 3307 sancti
1205 3251 1321 3304 haec
1370 3266 1400 3303 a
1435 3262 1486 3305 te
1517 3252 1965 3321 impetraverunt,
2000 3262 2052 3307 et
2076 3254 2192 3305 cla-

613 3357 827 3400 mantes
858 3344 1099 3399 exauditi
1155 3350 1304 3405 sunt,
1342 3358 1449 3396 non
1501 3353 1680 3397 autem
1712 3345 1948 3407 confusi,
1982 3357 2189 3416 quanto

613 3437 789 3506 magis
843 3451 929 3491 me
978 3445 1133 3488 tuum
1177 3434 1435 3487 dilectum
1485 3435 1652 3486 lilium
1698 3435 2023 3489 clamantem
2079 3453 2190 3506 pra:

613 3528 829 3582 cunctis
849 3527 1055 3596 absque
1092 3541 1244 3578 mora
1270 3524 1569 3580 exaudies?
1593 3525 1748 3591 Quod
1781 3529 1826 3579 si
1864 3527 2188 3583 admirantis

612 3620 917 3688 cuiuspiam
948 3618 1122 3672 instar
1160 3618 1383 3672 enuntio
1419 3619 1571 3682 illud,
1629 3638 1647 3668 ι
1685 3618 1962 3681 Ulatnabo,
1996 3628 2048 3673 et
2080 3635 2189 3673 non

613 3712 910 3769 exaudies!
951 3730 971 3762 ι
1013 3726 1123 3765 non
1157 3720 1337 3764 tamen
1372 3709 1440 3763 ad
1490 3710 1857 3780 insipientiam
1915 3711 2189 3782 profertur

611 3806 741 3861 talis
773 3820 803 3859 a
843 3820 930 3859 me
958 3804 1155 3858 oratio.
1192 3801 1327 3856 Novi
1384 3803 1529 3857 enim
1569 3804 1684 3872 ipse
1707 3818 1817 3873 quo
1845 3818 2012 3858 sensu
2040 3819 2188 3859 meas

611 3913 804 3970 preces
835 3896 1081 3960 enuntio,
1115 3911 1226 3948 non
1274 3896 1669 3964 gloriabundus
1718 3896 1969 3950 videlicet
2012 3912 2187 3967 neque

605 3986 973 4060 jactahundus
1007 4004 1019 4038 :
1052 4000 1178 4039 nam
1229 4000 1353 4037 cum
1397 3986 1499 4039 sim
1548 3993 1864 4038 mansuetus
1893 3993 2054 4055 atque
2085 3986 2187 4040 liu—

610 4080 759 4135 milis
784 4077 969 4143 corde,
1009 4077 1199 4130 humili
1244 4076 1372 4130 item
1412 4092 1561 4130 more
1588 4083 1643 4130 et
1683 4092 1815 4130 mea:
1865 4086 2186 4131 mansuetu-

610 4171 725 4226 dini
753 4154 1141 4230 consentaneo,
1181 4166 1409 4220 humilia
1435 4168 1502 4221 de
1530 4167 1740 4237 meipso
1775 4168 1987 4236 loquor.
2019 4167 2186 4238 498

608 4261 847 4319 Proinde
886 4261 1052 4314 etiam
1100 4261 1366 4328 meipsum
1402 4273 1638 4313 vet-mem
1689 4260 1938 4327 appello:
1970 4267 2023 4312 et
2052 4260 2183 4328 quid

608 4370 794 4410 verme
827 4351 1045 4408 tandem
1099 4366 1222 4405 esse
1272 4351 1444 4421 possit
1475 4350 1771 4405 humilius?
1802 4352 1882 4405 sic
1912 4365 1980 4405 ne
2008 4350 2185 4404 homi-

2290 1898 2381 1944 τος
2433 1879 2635 1949 φθάσαι
2684 1878 2908 1950 φθορᾶς.
2946 1877 3115 1930 Πόθεν
3160 1875 3269 1946 γὰρ
3318 1875 3538 1929 ἄλλοθεν
3582 1873 3892 1943 γεννηθείη

2294 1972 2508 2044 σκώληξ
2540 1973 2573 2042 ἢ
2610 1973 2717 2025 ἀπὸ
2763 1972 3028 2043 σωμάτων
3064 1969 3303 2039 φθορᾶς;
3340 1971 3419 2032 εἰς
3469 1970 3535 2039 ἦν
3585 1968 3692 2020 καὶ
3726 1967 3894 2028 αὐτὸς

2292 2062 2584 2123 κατελθὼν,
2610 2061 2835 2125 εἰκότως
2867 2060 3102 2132 ἐμαυτὸν
3128 2058 3384 2129 σκώληκα
3418 2059 3509 2110 καὶ
3539 2059 3644 2111 ούκ
3680 2055 3897 2128 ἅνθρω-

2291 2170 2390 2206 πον
2423 2151 2703 2221 γινώσκω·
2751 2153 2831 2205 διὸ
2863 2153 2956 2205 καὶ
3005 2151 3204 2220 γέγονα
3244 2167 3262 2199 ι
3304 2149 3500 2213 ὄνειδος
3546 2147 3892 2219 ἀνθρώπων,

2291 2246 2382 2298 καὶ
2416 2242 2747 2315 ἐξουδένημα
2766 2243 2916 2306 λαοῦ,
2948 2264 2965 2292 ι
3004 2244 3104 2296 οὐκ
3125 2240 3190 2295 ἂν
3205 2241 3493 2312 γενόμενος
3518 2240 3643 2294 οὐδὲ
3675 2239 3893 2303 δνειδος

2290 2336 2613 2409 ἀνθρώπων,
2660 2337 2779 2389 οὐδὲ
2833 2336 3183 2407 ὲξουδένημα,
3247 2338 3297 2389 εί
3340 2336 3414 2407 μὴ
3459 2336 3625 2407 μέχρι
3662 2334 3889 2403 σκώληο

2290 2445 2384 2491 κος
2418 2427 2676 2498 ἐφθάκειν
2730 2428 2882 2498 παρὰ
2921 2428 3012 2480 τὸν
3055 2427 3148 2481 τοῦ
3208 2428 3413 2491 πάθους
3445 2426 3660 2498 καιρόν.
3715 2427 3888 2497 Tth-

2289 2519 2467 2574 καῦτα
2497 2519 2627 2590 γοῦν
2651 2519 2981 2590 θεωροῦντές
3016 2537 3081 2590 με
3116 2520 3211 2574 ἐπὶ
3235 2519 3328 2573 τοῦ
3372 2520 3605 2592 σταυροῦ
3636 2521 3888 2590 ἀνηρτη-

2293 2614 2472 2684 μένον,
2527 2612 2982 2683 ἐξεμυκτήρισαν,
3037 2613 3131 2664 καὶ
3181 2610 3446 2681 ἐλάλησαν
3502 2612 3560 2664 ἐν
3613 2610 3884 2683 χείλεσιν,

2289 2706 2543 2777 ἐκίνησάν
2575 2722 2635 2757 τε
2668 2704 2908 2774 κεφαλὴν
2940 2703 3188 2771 λέγοντες
3212 2721 3225 2733 ·
3268 2723 3286 2755 ι
3324 2703 3589 2757 Ἦλπισεν
3622 2705 3724 2757 ἐπὶ
3771 2702 3881 2756 Κύ-

2292 2815 2427 2869 ριον,
2465 2796 2717 2869 ῥυσάσθω
2750 2796 2933 2858 αὑτὸν,
2971 2796 3199 2849 σωσάτω
3247 2795 3429 2861 αὐτὸν,
3472 2797 3552 2849 ὃτι
3586 2794 3737 2848 θέλει
3788 2795 3886 2848 αύ-

2289 2888 2400 2942 τὸν.
2437 2909 2455 2941 ι
2495 2888 2678 2943 Ταῦτα
2706 2890 2802 2959 μὲν
2829 2884 2921 2941 οὖν
2946 2889 3162 2943 ἅπαντα
3191 2888 3279 2941 διὰ
3309 2888 3403 2941 τοῦ
3431 2888 3649 2959 ψαλμοῦ
3690 2887 3882 2956 σαφῶς
3966 2924 3971 2927 -

2292 2983 2419 3055 περὶ
2444 2984 2551 3036 τῶν
2581 2982 2878 3053 μελλόντων
2900 2981 3223 3053 γενήσεσθαι
3248 2984 3476 3053 μακροῖς
3502 2980 3622 3033 ποθ’
3650 2979 3885 3050 ὕστερον

2290 3078 2502 3148 χρόνοις
2528 3074 2859 3138 ἐθεσπίζετο,
2886 3074 3073 3138 τέλους
3099 3075 3154 3127 δὲ
3185 3075 3500 3144 ἐτύγχανεν,
3524 3073 3707 3135 ὁπότε,
3739 3070 3883 3125 κατά

2290 3170 2382 3222 τὸν
2408 3169 2703 3230 Ματθαῐον,
2740 3187 2757 3218 ι
2793 3166 3209 3240 σταυρωθέντων
3230 3167 3325 3219 σὺν
3355 3166 3500 3236 αύτῴ
3526 3164 3619 3217 δύο
3635 3164 3879 3237 λῃστῶν,

2294 3260 2409 3323 ἐνὸς
2441 3261 2505 3311 ἐκ
2533 3258 2740 3324 δεξιῶν,
2778 3261 2870 3312 καὶ
2904 3258 3021 3322 ἐνὸς
3055 3257 3112 3325 ἐξ
3146 3257 3436 3328 εὐωνύμων
3470 3257 3563 3309 τοῦ
3595 3257 3877 3329 Σωτῆρος,

2290 3353 2339 3406 οἱ
2394 3352 2894 3423 παραπορευόμενοι
2949 3351 3333 3422 ἐϐλασφήμουν
3387 3350 3546 3404 αὑτὸν
3596 3349 3879 3415 κινοῦντες

2291 3443 2389 3506 τὰς
2420 3441 2659 3511 κεφαλὰς
2691 3441 2889 3500 αὐτῶν,
2921 3443 3014 3495 xei.
3045 3441 3293 3509 λέγοντες
3315 3461 3356 3493 ·‹
3383 3442 3517 3495 Ούαὶ
3540 3444 3568 3494 ὁ
3587 3441 3879 3496 καταλύων

2291 3537 2382 3589 τὸν
2418 3536 2563 3598 ναὸν,
2608 3536 2703 3589 καὶ
2747 3536 2803 3586 ἐν
2850 3537 3026 3606 τρισὶν
3066 3535 3299 3606 ἡμέραις
3346 3534 3667 3605 οἰκοδομῶν,
3697 3535 3877 3589 σῶσον

2293 3628 2543 3680 σεαυτόν’
2583 3630 2631 3681 εἱ
2678 3626 2807 3690 Υἱὸς
2840 3623 2886 3679 εἷ
2930 3626 3024 3679 τοῦ
3076 3626 3232 3689 Θεοῦ,
3289 3626 3555 3697 κατάϐηθι
3614 3627 3723 3691 ἀπὸ
3780 3625 3874 3680 τοῦ

2293 3718 2549 3791 σταυροῦ.
2596 3720 2824 3791 Ὁμοίως
2852 3720 2908 3772 δὲ
2954 3720 3048 3772 καὶ
3092 3721 3139 3772 oi
3188 3720 3463 3791 ἀρχιερεῖς
3510 3718 3874 3789 ἐμπαίζοντες

2294 3812 2432 3882 μετά
2475 3812 2581 3864 τῶν
2641 3810 3024 3883 πρεσϐυτέρων
3078 3811 3171 3864 καὶ
3223 3811 3595 3882 γραμματέων
3646 3811 3869 3879 ἔλεγον

2294 3903 2515 3967 ’Ἄλλους
2548 3903 2768 3967 ἔσωσεν,
2801 3902 2989 3955 ἑαυτὸν
3027 3902 3087 3954 ού
3123 3902 3344 3955 δύναται
3394 3903 3583 3955 σῶσαι.
3620 3903 3683 3956 ΕΞ
3715 3902 3869 3974 βασι·

2288 3996 2412 4061 λεῦς
2443 3995 2537 4049 τοῦ
2584 3995 2796 4068 Ἰσραήλ
2823 3998 2957 4057 ἐστι,
2992 3994 3283 4047 καταϐάτω
3319 3993 3413 4047 νῦν
3447 3993 3555 4047 ἀπὸ
3581 3994 3675 4048 τοῦ
3704 4012 3869 4050 σταυο

2292 4090 2407 4159 ροῦ,
2444 4090 2536 4142 καὶ
2583 4088 2942 4159 πιστεύσομεν
2996 4086 3164 4157 αὐτῷ.
3206 4088 3269 4139 Ei
3322 4086 3579 4139 πέποιθεν
3627 4087 3721 4140 ἐπὶ
3776 4088 3868 4142 τὸν

2288 4180 2439 4240 Θεὸν,
2477 4179 2730 4250 ῥυσάσθω
2761 4178 2855 4232 νῦν
2889 4178 3071 4243 αὐτὸν,
3104 4180 3152 4231 εἰ
3185 4176 3325 4231 θέλει
3357 4178 3536 4231 αὐτόν.
3573 4174 3707 4232 Εἷπε
3733 4179 3864 4252 γὰρ,

2286 4268 2387 4329 ὅτι,
2424 4268 2550 4330 Υἱὸς
2573 4267 2709 4321 Θεοῦ
2743 4270 2876 4339 εἰμι,
2893 4287 2911 4319 ι
2934 4266 3091 4321 Κατὰ
3113 4266 3170 4320 δὲ
3196 4267 3285 4320 τὸν
3301 4268 3532 4320 Λουκόἱν⁸
3569 4286 3586 4317 ι
3608 4268 3864 4340 Είστήκει

2287 4368 2315 4418 6
2345 4366 2469 4429 λαὸς
2504 4365 2741 4437 θεωρῶν,
2775 4365 2870 4418 καὶ
2907 4363 3329 4434 ἐξεμυκτήριζον
3378 4362 3540 4415 αὑτὸν
3584 4364 3632 4416 oi
3667 4364 3861 4434 ἄρχον·

609 4464 736 4505 nem
764 4446 985 4518 quidem
1017 4445 1284 4515 meipsum
1316 4444 1570 4508 dixerim,
1602 4460 1728 4499 cum
1752 4445 1941 4514 utique
1970 4444 2035 4497 ad
2062 4453 2182 4497 tan-

2289 4476 2377 4522 τες
2424 4460 2518 4511 σὺν
2563 4459 2746 4519 αὐτοῖς
2789 4454 3072 4525 λέγοντες·
3112 4454 3336 4518 Ἄλλους
3391 4455 3581 4516 ἔσωσε,
3638 4455 3863 4508 σωσάτω

609 4551 723 4596 tam
756 4539 1117 4595 humilitatem
1155 4536 1343 4590 relicta
1394 4552 1512 4590 mea
1545 4537 1921 4608 magnitudine
1950 4536 2182 4590 descen-

609 4635 808 4698 derim,
848 4639 907 4688 ut
956 4630 1122 4686 etiam
1162 4644 1344 4685 verme
1390 4629 1562 4683 nihilo
1607 4630 1953 4699 praestantior
2012 4628 2185 4682 videri

609 4729 840 4801 possim,
870 4734 1157 4797 propterea
1190 4721 1337 4793 quod
1369 4738 1543 4793 usque
1583 4724 1649 4777 ad
1677 4733 1905 4779 mortem
1932 4732 1986 4779 et
2009 4739 2186 4794 usque

610 4824 678 4880 ad
731 4823 1011 4879 interitum
1060 4821 1309 4890 corporis
1354 4822 1718 4888 pervenerim.
1782 4820 2017 4891 (Etenim
2076 4838 2184 4892 qua

608 4917 829 4974 tandem
878 4914 985 4968 alia
1039 4912 1253 4968 ratione
1299 4909 1477 4967 factus
1528 4911 1599 4967 sit
1646 4914 1871 4977 vermis,
1906 4913 2011 4968 nisi
2053 4914 2180 4985 quia

607 5025 840 5080 corpora
868 5008 1046 5063 solent
1065 5004 1405 5076 corrumpi?)
1427 5004 1508 5059 Ad
1537 5020 1698 5075 quem
1745 5022 1877 5061 sane
1900 5006 2179 5060 interitum

607 5118 734 5158 cum
780 5102 893 5171 ipse
940 5114 1159 5170 quoque
1203 5096 1605 5160 descenderim,
1666 5096 1862 5152 merito
1910 5097 2178 5167 meipsum

606 5207 848 5248 verm-cm
881 5199 935 5246 et
970 5207 1077 5247 non
1125 5191 1401 5246 hominem
1446 5203 1686 5261 agnosco
1718 5206 1732 5242 :
1778 5204 1845 5244 ex
1874 5204 1983 5259 quo
2015 5192 2181 5244 etiam

614 5304 635 5337 ι
682 5285 861 5341 factus
890 5302 1009 5342 sum
1045 5284 1400 5356 opprobrium
1436 5283 1713 5337 hominum
1749 5290 1803 5338 et
1838 5281 2070 5351 abjectio
2090 5298 2183 5353 po-

607 5378 745 5449 puli.
776 5396 797 5430 ›
829 5379 921 5448 qui
942 5377 1162 5448 quidem
1192 5391 1473 5446 nunquam
1497 5375 1549 5430 id
1574 5391 1749 5446 genus
1774 5374 1952 5429 factus
1977 5390 2177 5437 essem,

608 5470 715 5525 nisi
743 5484 918 5541 usque
948 5469 1016 5523 ad
1049 5470 1249 5524 vermis
1291 5469 1657 5524 conditionem
1694 5468 1796 5524 sub
1830 5468 2008 5538 ipsum
2055 5484 2181 5538 pas-

608 5559 783 5616 sionis
809 5568 1026 5630 tempus
1049 5576 1375 5632 progressus
1404 5576 1604 5617 essem.
1633 5558 1789 5616 Tunc
1813 5560 1977 5632 igitur
2000 5560 2181 5615 viden-

608 5667 692 5710 tes
715 5668 801 5709 me
832 5654 889 5708 in
926 5668 1091 5707 cruce
1121 5669 1468 5724 suspensum,
1512 5671 1531 5704 ι
1589 5654 2087 5715 subsannaverunt,
2122 5659 2176 5707 et

608 5745 775 5804 locuti
802 5751 933 5802 sunt
962 5743 1144 5809 labiis,
1198 5752 1251 5799 et
1298 5754 1582 5800 moverunt
1632 5752 1816 5813 caput,
1860 5742 2106 5798 dicentes
2156 5758 2169 5794 :

2290 4549 2502 4612 ἑαυτὸν,
2539 4552 2585 4603 εἰ
2630 4544 2783 4613 οὗτος
2815 4550 2961 4600 ἐστιν
2993 4550 3021 4602 ὁ
3052 4546 3282 4618 Χριστὸς
3312 4549 3340 4599 6
3372 4546 3497 4609 Υἱὸς
3528 4545 3621 4599 τοῦ
3664 4546 3800 4600 Θεοῦ
3832 4549 3861 4601 6

2290 4643 2564 4707 ἐκλεκτός.
2599 4662 2615 4693 ι
2648 4641 2803 4696 Κατὰ
2839 4642 2895 4695 δὲ
2919 4642 3010 4694 τὸν
3030 4642 3255 4712 Μάρκον
3274 4658 3287 4671 ·
3323 4659 3341 4690 ι
3372 4642 3481 4694 Καὶ
3511 4642 3559 4692 οἱ
3601 4640 3861 4712 παράγον-

2289 4754 2380 4801 τες
2411 4736 2792 4807 ἐϐλασφήμουν
2824 4735 3008 4795 αὑτὸν,
3044 4734 3317 4798 κινοῦντες
3364 4734 3461 4798 τὰς
3496 4734 3733 4803 κεφαλὰς
3767 4735 3862 4788 αύ-

2290 4829 2418 4892 τῶν,
2445 4828 2539 4882 καὶ
2559 4827 2806 4896 λέγοντες
2824 4843 2838 4857 ο
2869 4826 3004 4881 Οὐαὶ
3026 4828 3055 4879 6
3086 4824 3368 4879 καταλύων
3391 4825 3483 4879 τὸν
3514 4826 3661 4889 ναὸν,
3684 4827 3776 4880 καὶ
3803 4829 3862 4880 ἐν

2290 4922 2466 4992 τρισὶν
2498 4920 2735 4993 ἡμέραις
2785 4919 3084 4991 οἰκοδομῶν
3141 4918 3331 4972 αὐτόν·
3394 4917 3566 4971 σῶσον
3616 4919 3858 4980 σεαυτὸν,

2288 5010 2383 5065 κα)⁸
2416 5008 2682 5082 κατάϐηθι
2726 5010 2833 5063 ἀπὸ
2880 5009 2974 5062 τοῦ
3036 5007 3289 5080 σταυροῦ.
3333 5025 3352 5059 ι
3395 5008 3625 5079 Ὁμοίως
3658 5010 3751 5062 καὶ
3808 5008 3858 5061 οἱ

2287 5103 2562 5175 ἀρχιερεῖς
2592 5099 2949 5173 ἐμπαίζοντες
2987 5101 3066 5165 εἰς
3090 5099 3351 5171 ἀλλήλους
3381 5099 3519 5170 μετὰ
3546 5099 3654 5153 τῶν
3693 5117 3861 5172 γραμ-

2291 5193 2502 5264 ματέων
2535 5191 2748 5261 ελεγον·
2769 5211 2787 5242 ι
2818 5191 3044 5255 ’Ἄλλους
3076 5191 3300 5254 ἔσωσεν,
3329 5190 3518 5243 ἐαυτὸν
3550 5190 3611 5244 οὐ
3644 5190 3861 5245 δύναται

2291 5283 2483 5337 σῶσαιο
2518 5285 2547 5337 6
2579 5282 2811 5355 Χριστὸς
2841 5285 2870 5335 6
2897 5280 3148 5352 βασιλεὺς
3186 5281 3281 5335 τοῦ
3328 5280 3541 5352 Ἰσραὴλ
3572 5281 3861 5335 καταϐάτω

2288 5372 2382 5428 νῦν
2426 5375 2533 5428 ἀπὺ
2561 5374 2656 5428 τοῦ
2708 5373 2977 5446 σταυροῦ,
3023 5373 3111 5427 ἵνα
3165 5374 3362 5444 ίδωμεν
3413 5375 3505 5427 καὶ
3560 5372 3860 5426 πιστεύσω-

2292 5484 2390 5539 μεν
2440 5465 2609 5539 αὐτῷ.
2656 5487 2673 5518 ι
2713 5466 2894 5520 Ταῦτα
2962 5466 3066 5539 γὰρ
3106 5467 3159 5519 τί
3215 5465 3280 5519 ἂν
3342 5466 3588 5538 διαφέροι
3641 5464 3749 5517 τῶν
3804 5466 3860 5517 ὲν

2284 5557 2364 5629 τῷ
2412 5557 2610 5629 ψαλμῶ
2663 5558 3280 5630 προαναπεφωνημένων
3330 5560 3385 5610 ἐν
3438 5557 3535 5627 τῷ,
3564 5573 3585 5608 t
3632 5554 3774 5624 Ἐγὼ
3805 5554 3861 5608 δέ

2282 5648 2396 5717 εἰμι
2455 5646 2693 5716 σκώληξ,
2746 5648 2841 5701 καλ⁸
2903 5648 3002 5702 οὐκ
3050 5648 3352 5719 ἄνθρωπος,
3402 5646 3601 5708 ὄνειδος
3650 5643 3861 5716 ἀνθρὼ-

2283 5756 2398 5793 πων
2459 5741 2551 5794 κα³ι
2608 5740 2938 5813 ἐξουδένημα
2994 5740 3143 5794 λαοῦ.
3177 5741 3377 5801 Πάντες
3430 5741 3477 5792 οἱ
3534 5736 3857 5810 θεωροῦντις
