4054 6408
288 317 397 371 773

1173 313 1490 372 nsuonsa
1504 294 1829 373 animus
1858 314 2313 372 suaesuae
2351 315 2480 372 LIB.
2525 316 2590 374 x.

3419 316 3518 372 πι

289 455 355 510 με
377 436 808 509 ἑξεμυκτήρισάν
840 454 927 509 με,
956 436 1220 508 ιλά).ησαν
1245 442 1303 492 ὲν
1325 441 1578 510 χείλεσιν,
1602 440 1837 511 ἑκίνησαπ

1962 456 1980 489 t
2026 437 2275 507 Speravit
2326 436 2380 491 in
2431 435 2684 502 Domino,
2710 437 2904 507 eripiat
2936 452 3084 502 eum,
3117 435 3325 494 salvum
3354 435 3518 493 faciat

283 530 545 601 κεφαλήν·
586 529 848 582 Ἦλπισεν
886 531 978 582 ἐπὶ
1009 529 1230 601 Κύριον,
1268 530 1522 601 ρυσασθω
1555 529 1736 595 αὐτὸν,
1775 531 1857 583 ὅτι

283 619 427 673 θέλει
458 619 639 673 αύτόν.
682 638 701 673 ι
734 618 844 672 Καὶ
879 620 953 689 μὴ
998 618 1284 692 θαυμάσῃς
1330 620 1379 670 εί
1420 618 1592 670 ταῦτα
1625 618 1768 671 κατά
1795 619 1859 672 τὸ

282 709 455 772 πάθος
486 708 582 762 τοῦ
613 710 862 781 Σωτῆρος
901 709 1058 779 ἡμῶν
1090 710 1276 781 εἶρητό
1303 726 1364 761 τε
1389 710 1483 761 καὶ⁵
1512 709 1852 780 πεπλήρωτο,

279 802 441 856 ὁπότε
463 802 629 855 εἰσέτι
650 800 806 871 δεῦρο
822 802 970 874 παρά
997 804 1157 856 πᾶσιν
1187 800 1487 872 ἀνθρώποις
1504 804 1614 864 τοῖς
1635 796 1856 873 μηδέπω

278 891 378 963 τὴν
405 894 484 955 είς
522 892 681 945 αὐτὸν
715 892 895 944 πίστιν
942 891 1282 962 ἀνειληφόσιν
1323 891 1523 953 ὄνειδος
1556 892 1855 963 ἀνθρώπων

278 994 609 1066 νενόμισται.
650 995 715 1048 Τί
751 995 858 1066 γὰρ
899 993 962 1048 ἂν
1005 995 1212 1065 αἴσχιον
1257 995 1351 1047 καὶ
1393 994 1854 1065 παντὸςόνείδονς

277 1088 460 1156 χεῖρον
487 1085 580 1139 τοῦ
613 1086 1019 1157 σταυρωθῆναις
1060 1086 1218 1139 Ἀλλά
1256 1087 1346 1139 καὶ
1376 1084 1704 1156 ὲξουδένημα
1724 1085 1852 1139 λαοῦ

277 1180 417 1240 ἔστι,
457 1176 551 1230 τοῦ
592 1178 656 1230 ὲκ
704 1177 1034 1249 περιτομῆς,
1090 1177 1289 1241 παντὸς
1326 1177 1502 1230 αὐτῶν
1536 1178 1627 1229 τοῦ
1669 1177 1851 1241 ἔθνους

277 1268 447 1323 είσέτι
470 1268 565 1322 νῦν
605 1270 699 1322 καὶ⁵
731 1272 966 1341 σήμερον
995 1269 1271 1340 χλευάζειν
1303 1271 1396 1322 καὶ
1431 1269 1721 1335 ὲξουΟενεῖν
1761 1269 1851 1322 καὶ

275 1360 612 1415 καταπτύειν
628 1360 875 1425 εἰωθότος
894 1361 1079 1415 αὐτοῦ.
1113 1361 1270 1415 Ὅθεν
1288 1362 1381 1414 καὶ
1399 1361 1622 1423 εἰκότως
1643 1363 1670 1412 ὁ
1702 1362 1851 1415 Ἀπό-

277 1455 480 1519 στολος·
505 1475 523 1506 t
544 1454 733 1525 Ἡμεῖς
746 1456 804 1509 δὲ
821 1455 1162 1528 κηρύσσομεν
1177 1456 1405 1526 Χριστὸν
1422 1453 1846 1526 ἐσταυρωμένον,

288 1547 558 1609 Ἰουδαίοις
592 1545 691 1616 μὲν
722 1546 1033 1615 σκάνδαλον,
1062 1546 1237 1601 ἔθνεσι
1254 1547 1311 1600 δὲ
1345 1548 1573 1618 μωρίαν.
1608 1567 1626 1598 ι
1654 1547 1761 1599 Καὶ
1780 1546 1847 1601 τά

273 1638 402 1711 ἑξῆς
434 1639 492 1692 δὲ
515 1640 775 1711 είρημένα
805 1642 862 1693 ὲν
892 1637 971 1709 τῷ
996 1637 1192 1708 ψαλμῷ
1222 1637 1384 1690 είσέτι
1422 1638 1512 1690 καὶ
1541 1638 1633 1691 νῦν
1670 1637 1847 1710 εὕροις

273 1729 338 1784 ἂν
362 1730 515 1801 παρά
537 1734 646 1793 τοῖς
666 1730 876 1793 πολλοῖς
902 1729 1029 1801 περὶ
1058 1729 1148 1781 τοῦ
1177 1728 1338 1782 αὑτοῦ
1363 1728 1646 1798 λεγόμενα.
1666 1728 1846 1782 Ταῦτα

273 1821 374 1891 μὲν
408 1817 500 1874 οὖν
533 1822 659 1892 περί
688 1820 787 1891 τῆς
810 1820 1169 1890 διαλαῦούσης
1202 1820 1362 1872 αὑτὸν
1392 1819 1557 1871 εἰσέτι
1593 1819 1709 1872 τότε
1742 1838 1841 1874 πε-

272 1912 575 1983 ριστάσεως
603 1912 817 1983 ηὔχετοο
840 1912 992 1977 εἰδὼς
1014 1914 1069 1967 δὲ
1105 1912 1178 1983 μὴ
1197 1911 1413 1982 χείρονα
1432 1907 1593 1963 οὖσαν
1619 1911 1719 1980 τῆς
1748 1911 1840 1964 τοῦ

271 2005 500 2061 θανάτου
545 2008 824 2077 συμφορᾶς
857 2006 957 2076 τὴν
992 2003 1212 2076 πρώτην
1247 2002 1408 2055 αὑτοῦ
1443 2004 1520 2064 εἰς
1554 2002 1728 2073 σάρκα
1761 2003 1845 2055 ἓν-

267 2099 434 2164 δεσιν,
462 2102 557 2153 καὶ
575 2100 673 2171 τὴν
700 2101 763 2152 ὲκ
792 2098 1009 2169 θηλείας
1034 2097 1127 2150 καὶ
1159 2095 1424 2167 παρθένου
1449 2095 1677 2163 γένεσιν,
1703 2095 1842 2149 κατὰ

268 2192 460 2263 καιρὸν
491 2193 549 2244 ἐν
580 2194 692 2254 τοῖς
718 2190 843 2261 περ)⁸
871 2189 1099 2242 θανάτου
1129 2187 1236 2241 τῶν
1266 2188 1363 2258 τῆς
1388 2188 1652 2256 γενέσεως
1679 2187 1839 2240 αὑτοῦ

269 2282 598 2353 μνημονεύει
629 2281 801 2350 λόγων
835 2282 969 2352 πρὸς
1005 2280 1095 2334 τὸν
1135 2279 1381 2350 Πατέρα·
1426 2298 1444 2330 ι
1488 2280 1606 2331 Ὅτι
1643 2281 1705 2332 σὺ
1736 2275 1785 2331 εἷ
1813 2281 1841 2331 ὁ

265 2376 552 2439 ὲκσπάσας
597 2392 665 2447 με
706 2376 771 2428 ὲκ
801 2373 1055 2445 γαστρὸς,
1088 2376 1137 2444 ἡ.
1159 2372 1312 2435 ἐλπίς
1347 2388 1448 2442 μου
1486 2371 1593 2423 ἀπὸ
1622 2371 1839 2441 μαστῶν

264 2467 366 2536 τῆς
406 2466 610 2539 μητρός
649 2482 770 2536 μου.
827 2464 949 2517 Ἐπὶ
978 2464 1036 2516 σὲ
1070 2463 1370 2535 ὲπερῥίφην
1415 2462 1478 2513 ὲκ
1518 2462 1748 2533 μήτρας,
1777 2461 1839 2513 ἐκ

264 2571 470 2635 κοιλίας
501 2571 704 2643 μητρός
732 2586 831 2641 μου
865 2568 995 2632 θεός
1027 2585 1128 2639 μου
1163 2563 1213 2620 εἷ
1244 2566 1328 2619 σύ.
1368 2585 1385 2617 ι
1422 2563 1637 2619 Τούτων
1676 2565 1733 2617 δὲ
1767 2568 1841 2619 εί·-

263 2664 438 2728 κότως
458 2664 722 2733 ἀναφέρει
753 2661 849 2733 τὴν
881 2663 1101 2731 μνήμην
1130 2662 1208 2723 είς
1233 2657 1586 2728 παραμυθίαν
1610 2657 1709 2727 τῆς
1734 2656 1839 2709 τῶν

265 2756 548 2825 παρόντων
577 2752 911 2823 ἀπαλλαγῆς.
940 2751 1147 2822 ’Ὠσπερ
1170 2751 1297 2822 γὰρ,
1321 2750 1472 2820 φησι,
1489 2748 1715 2816 γέγονας
1737 2765 1836 2818 μου

266 2846 481 2918 βοηθὸς,
518 2846 675 2915 σῶμα
720 2844 1057 2915 ἀνθρώπειον
1096 2841 1474 2905 ἀναλαϐόντος,
1523 2841 1610 2893 ὅτε
1653 2839 1748 2892 καὶ
1781 2836 1840 2903 ἐξ

262 2938 437 3007 αὐτῆς
461 2937 558 3007 τῆς
584 2935 953 3006 κυοφορούσης
985 2951 1050 3004 με
1086 2932 1321 3005 γαστρὸς
1348 2933 1411 2985 σὺ
1445 2932 1604 2996 αὐτὸς
1641 2932 1669 2983 ὁ
1708 2931 1839 2995 Θεός

266 3046 367 3099 μου
394 3029 491 3081 καί¹
510 3028 697 3099 Πατήρ
727 3044 849 3097 μου,
872 3025 1057 3096 ῶσπερ
1092 3024 1247 3095 μαιού
1256 3040 1415 3094 μενος
1437 3023 1535 3093 τὴν
1558 3023 1680 3092 ἐμοὶ
1710 3038 1839 3075 κατ-

261 3120 669 3190 εσκευασμένην
690 3119 749 3183 ἐξ
774 3118 926 3186 ἁγίου
948 3116 1086 3169 Πνεύ
1094 3133 1260 3187 ματος
1281 3117 1479 3187 σάρκα,
1507 3113 1830 3180 ἐξέσπασας,
1860 3121 1903 3177 C

260 3215 358 3286 τὴν
378 3212 573 3266 ἑαυτοῦ
606 3211 831 3282 δύναμιν
860 3210 1071 3282 ὀρέξας,
1103 3210 1177 3273 ὡς
1206 3208 1272 3262 ἂν
1305 3210 1378 3280 μή
1413 3225 1496 3271 τις
1523 3208 1710 3279 ἐνέδρα
1742 3207 1832 3260 καὶ

259 3305 524 3376 ἐπιϐουλὴ
535 3302 595 3369 ἐξ
611 3304 996 3374 ἀντικειμένων
1011 3302 1287 3372 δυνάμεων
1299 3301 1392 3354 καὶ
1411 3298 1659 3371 πονηρῶν
1672 3294 1832 3351 πνευ-

262 3398 449 3465 μάτων
478 3394 940 3467 διαφθονουμένων
960 3397 1026 3464 τῇ
1051 3396 1126 3456 εἰς
1152 3392 1467 3466 ἀνθρώπους
1491 3391 1708 3463 παρόδῳ
1730 3407 1828 3461 μου

256 3489 489 3558 γένοιτοο
522 3488 644 3541 ἐπεὶ
672 3486 931 3541 καὶκατὰ
958 3489 1053 3557 τὴν
1086 3485 1306 3558 πρωτην
1334 3483 1592 3553 σύλληψιν
1626 3484 1690 3536 σὺ
1726 3483 1830 3535 πά-

257 3581 338 3635 λιν
364 3581 429 3633 τὸ
453 3580 594 3634 κατά
610 3579 847 3650 γαστρὸς
864 3578 1217 3640 έπεσκίασας,
1239 3578 1313 3640 ὡς
1335 3576 1400 3630 ἂν
1421 3576 1567 3629 λάθω
1593 3576 1717 3638 τοὺς
1743 3576 1832 3646 άρ-

254 3691 453 3745 χοντας
490 3672 586 3727 τοῦ
612 3672 807 3735 αἰῶνος
841 3671 1028 3724 τούτου
1057 3674 1090 3740 ὴ
1122 3670 1182 3735 ἐξ
1209 3670 1364 3737 ἁγίου
1393 3668 1706 3739 Πνεύματος
1730 3668 1831 3737 τῆς

252 3766 421 3834 ἀγίας
456 3764 733 3836 Παρθένου
780 3762 1055 3833 σύλληψις.
1097 3763 1270 3833 Ὅπερ
1309 3759 1449 3831 μέγα
1482 3761 1774 3831 μυστήριον
1801 3761 1830 3812 ό

256 3858 350 3923 σὸς
390 3855 725 3929 ἀρχάγγελος
770 3856 994 3925 ἐξέφηνε
1037 3852 1294 3925 Γαϐριὴλ,
1323 3855 1390 3924 τῇ
1419 3851 1607 3922 Μαρία
1638 3849 1824 3903 εἰπών’

260 3982 279 4013 ι
315 3960 544 4032 Πνεῦμα
586 3962 738 4027 ἆγιον
788 3957 1137 4012 ἐπελεύσεται
1190 3957 1284 4009 ἐπὶ
1331 3956 1411 4017 σὲ,
1459 3954 1553 4008 καὶ
1607 3953 1830 4023 δύναμις

267 4053 524 4125 Ὑψίστου
556 4051 864 4106 ἐπισκιάσει
896 4067 996 4104 σοι.
1036 4067 1055 4100 ι
1105 4046 1456 4118 Ὠσπεροῦνὴ
1494 4046 1560 4116 σὴ
1589 4045 1707 4117 eo):
1734 4042 1827 4097 τοῦ

263 4143 524 4213 Ὑψίστου
563 4144 789 4213 δύναμις
833 4138 1333 4211 συλλαμϐανόμενον
1382 4137 1479 4208 μὲν
1516 4135 1827 4200 ἐπεσκίασε,

246 4236 572 4305 τικτόμενον
600 4234 659 4287 δὲ
690 4233 991 4301 ἐξέσπασεν
1040 4231 1148 4283 ἀπὸ
1190 4229 1423 4299 γαστρὸς
1469 4225 1672 4298 μητρός
1706 4242 1826 4295 μου,

249 4329 396 4383 οὕτω
430 4327 596 4399 πολλή
632 4344 721 4398 μοι
743 4326 999 4396 τυγχάνει
1028 4323 1368 4396 παραμυθία,
1394 4324 1473 4375 ὅτι
1496 4322 1589 4374 κα¹ι
1613 4319 1706 4373 τοῦ
1736 4319 1831 4373 θα-

249 4421 418 4475 νάτου
469 4437 537 4491 με
586 4420 720 4474 πολὺ
773 4418 971 4490 μᾶλλον
1014 4417 1365 4479 ἀνασπάσεις.
1416 4414 1526 4467 Καὶ
1565 4411 1721 4465 τοῦτό
1764 4428 1828 4479 γε

1958 544 2081 583 eum
2111 528 2368 598 quoniam
2395 529 2508 582 vult
2536 544 2682 583 eum.
2714 547 2734 581 ι
2770 527 2894 584 Haec
2935 528 3099 600 igitur
3140 528 3300 597 plane
3331 528 3517 584 omnia

1957 621 2012 674 in
2045 619 2259 689 psalmo
2304 619 2372 673 de
2418 619 2485 673 iis
2515 634 2636 688 qua:
2666 627 2774 672 tam
2807 622 2966 691 longo
2995 629 3117 690 post
3158 628 3400 689 tempore
3431 618 3517 674 fu-

1955 717 2079 763 tura
2109 718 2284 771 erant,
2321 710 2577 779 praedicta
2608 718 2756 773 sunt,
2807 712 3106 781 eademque
3153 726 3312 766 suum
3353 710 3516 765 finem

1955 808 2086 856 sunt
2118 810 2433 864 consecuta,
2466 817 2576 870 quo
2607 809 2871 870 tempore,
2903 810 2961 856 ut
2992 811 3075 855 est
3101 800 3243 870 apud
3274 799 3516 856 Mattba-

1955 909 2068 956 um,
2097 894 2245 946 cruci
2275 888 2445 947 afﬁxis
2477 908 2602 946 cum
2630 908 2696 946 eo
2728 894 2941 947 duobus
2963 893 3286 956 latronibus,
3315 908 3423 947 uno
3448 890 3514 947 ad

1953 985 2221 1045 dextram,
2250 987 2420 1038 altero
2450 984 2516 1038 ad
2550 985 2852 1045 sinistram,
2876 984 2966 1053 qui
3003 985 3123 1037 illac
3148 984 3512 1053 praeteribant,

1952 1076 2095 1128 mala
2128 1077 2182 1128 in
2220 1076 2372 1128 illum
2395 1077 2758 1146 congerebant
2789 1083 3066 1130 moventes
3099 1076 3277 1145 capita
3311 1090 3429 1137 sua,
3461 1081 3516 1130 et

1952 1165 2196 1220 dicentes
2228 1183 2241 1218 :
2271 1183 2289 1215 ι
2328 1163 2466 1230 Vah,
2498 1166 2589 1234 qui
2616 1166 2852 1220 destruis
2884 1165 3139 1235 templum
3168 1174 3222 1219 ct
3248 1165 3300 1218 in
3338 1165 3516 1221 tribus

1951 1255 2145 1310 diebus
2176 1256 2434 1309 aadilicas.
2470 1254 2688 1308 Salvum
2721 1254 2804 1309 fac
2836 1256 3067 1324 teipsum
3102 1274 3115 1310 :
3144 1256 3189 1309 si
3225 1252 3263 1308 F
3268 1255 3393 1310 ilius
3419 1254 3514 1310 Dei

1950 1360 2031 1409 es,
2064 1345 2332 1401 descende
2362 1347 2428 1401 de
2456 1362 2638 1400 cruce.
2668 1346 2929 1399 Similiter
2959 1355 3012 1401 et
3035 1348 3309 1416 principes
3331 1362 3515 1402 sacer-

1950 1435 2139 1491 dolum
2174 1439 2464 1492 illudentcs
2494 1453 2617 1492 cum
2662 1439 2969 1493 senioribus
2999 1447 3052 1492 et
3098 1440 3325 1506 Scribis,
3363 1440 3513 1495 dice-

1949 1527 2080 1581 bant
2115 1546 2127 1582 :
2181 1528 2332 1582 Alios
2383 1528 2564 1582 salvos
2612 1526 2757 1593 fecit,
2790 1529 3027 1596 seipsum
3060 1543 3167 1582 non
3201 1537 3378 1598 potest
3408 1529 3514 1585 sal-

1948 1633 2075 1671 vum
2110 1618 2309 1673 facere.
2340 1617 2398 1672 Si
2436 1617 2547 1673 Rex
2583 1617 2747 1673 Israel
2772 1628 2877 1682 est,
2929 1620 3225 1674 descendat
3269 1636 3415 1675 nunc
3444 1621 3512 1677 de

1948 1724 2131 1774 cruce,
2168 1718 2221 1763 et
2258 1711 2547 1764 credemus
2566 1709 2637 1763 ei.
2676 1708 2732 1763 Si
2767 1710 3007 1764 conﬁsus
3037 1721 3121 1765 est
3150 1710 3281 1774 Deo,
3317 1713 3512 1767 liberet

1878 1781 1918 1835 Β
1945 1815 2092 1854 nunc
2145 1817 2292 1865 eum,
2343 1802 2390 1857 si
2426 1801 2539 1855 vult
2588 1816 2735 1855 eum.
2785 1800 2930 1855 Dixit
2976 1803 3119 1856 enim
3158 1822 3172 1858 :
3210 1802 3379 1860 Filius
3414 1805 3511 1861 Dei

1945 1907 2067 1946 sum
2089 1892 2131 1945 δι
2175 1911 2193 1944 ι
2230 1890 2298 1946 Ut
2325 1908 2455 1946 vero
2488 1901 2572 1947 est
2598 1893 2740 1963 apud
2770 1891 2973 1947 Lucam
3010 1913 3022 1947 :
3058 1913 3075 1944 ι
3118 1893 3306 1949 Stabat
3337 1913 3510 1968 pupu-

1944 1984 2029 2037 lus
2058 1992 2333 2053 spectans,
2376 1994 2431 2040 et
2471 1986 2885 2041 subsannabant
2912 2002 3036 2041 eum
3076 1988 3353 2058 principes
3381 2004 3506 2044 cum

1943 2076 2043 2139 eis,
2080 2075 2324 2131 dicentes
2375 2095 2388 2131 :
2435 2078 2587 2132 Alios
2640 2078 2821 2133 salvos
2870 2077 3020 2144 fecit,
3082 2079 3292 2132 salvum
3345 2078 3509 2135 faciat

1944 2167 2206 2234 seipsum,
2240 2167 2287 2221 si
2321 2167 2410 2221 hic
2440 2177 2524 2223 est
2554 2169 2807 2224 Christus
2837 2167 3009 2223 Filius
3042 2168 3134 2224 Dei
3174 2166 3379 2225 electus
3400 2172 3442 2226 ⁸.
3480 2191 3500 2224 ι

1940 2259 2009 2310 At
2040 2258 2341 2312 secundum
2377 2257 2654 2314 Marcum:
2688 2279 2705 2309 ι
2746 2259 3142 2313 Ρῐαξιειευιιιρε
3163 2259 3505 2330 blasphema~

1941 2347 2072 2402 baut
2107 2363 2252 2411 eum,
2283 2359 2561 2405 moventes
2590 2352 2769 2421 capita
2805 2367 2924 2414 sua,
2952 2359 3005 2406 et
3035 2352 3278 2406 dicentes
3312 2370 3325 2406 :
3364 2348 3500 2416 Vah,

1940 2441 2032 2509 qui
2063 2440 2302 2496 destruis
2333 2443 2592 2512 templum
2640 2450 2696 2498 et
2746 2443 2802 2497 in
2834 2444 3010 2497 tribus
3040 2443 3232 2497 diebus
3263 2443 3503 2502 azdillcas

1939 2530 2094 2586 illud.
2128 2530 2348 2585 Salvum
2393 2532 2478 2587 fac
2510 2533 2766 2603 teipsum,
2808 2541 2862 2589 et
2909 2532 3179 2589 descende
3211 2535 3278 2590 de
3317 2549 3499 2591 cruce.

1943 2617 2207 2675 Similiter
2253 2628 2308 2675 et
2360 2621 2636 2691 principes
2690 2622 3034 2677 sacerdotum
3084 2622 3373 2679 illudentcs
3416 2626 3504 2679 in.
3604 2634 3615 2639 ‘

1939 2719 2022 2766 ter
2075 2728 2133 2766 se
2174 2727 2299 2766 cum
2351 2713 2581 2777 Scribis,
2614 2713 2871 2767 dicebant
2904 2731 2919 2768 :
2952 2715 3102 2769 Alios
3131 2715 3311 2770 salvos
3352 2714 3500 2779 fecit,

1940 2806 2180 2874 seipsnm
2226 2820 2333 2859 non
2383 2811 2559 2873 potest
2606 2805 2814 2859 salvum
2852 2806 3048 2860 facere.
3084 2806 3337 2862 Christus
3387 2805 3503 2863 Rex

1937 2894 2105 2950 Israel
2135 2893 2428 2949 descendat
2452 2909 2596 2948 nunc
2618 2893 2686 2949 de
2708 2911 2891 2958 cruce,
2917 2905 2976 2949 ut
3004 2897 3284 2953 videamus
3306 2907 3360 2953 et
3382 2914 3504 2955 cre-

1940 2988 2133 3042 damus
2162 2989 2209 3041 ei
2239 2987 2282 3040 '.
2326 3005 2344 3038 ι
2382 2984 2507 3040 Haec
2538 3002 2769 3057 namque
2808 2988 2861 3041 in
2909 3004 3017 3058 quo
3063 2991 3279 3044 tandem
3329 2992 3397 3046 ab
3435 2992 3503 3047 iis

1941 3080 2217 3143 dilTerunt,
2237 3094 2355 3149 qum
2384 3079 2436 3132 in
2458 3080 2666 3147 psalmo
2694 3080 2951 3151 praedicta
2980 3090 3108 3136 sunt
3142 3082 3250 3137 illis
3286 3084 3497 3139 verbis:

1933 3169 2098 3241 499
2127 3188 2145 3221 ι
2183 3169 2293 3240 Ego
2320 3179 2498 3223 autem
2541 3186 2662 3225 sum
2696 3172 2895 3226 vermis
2923 3179 2976 3226 et
3006 3187 3115 3227 non
3160 3173 3355 3236 homo,
3405 3191 3504 3245 op-

1933 3262 2210 3331 probrium
2245 3260 2524 3315 hominum
2572 3271 2625 3315 et
2668 3261 2900 3330 abjectio
2938 3263 3141 3333 populi.
3192 3262 3393 3320 Omnes
3423 3269 3502 3321 vi-

1931 3352 2121 3406 dentes
2145 3367 2250 3414 me,
2286 3351 2759 3405 sobsannaverunt
2808 3369 2912 3418 me,
2949 3355 3114 3408 locuti
3162 3365 3288 3411 sunt
3323 3359 3499 3424 labiis,

1930 3451 1982 3496 et
1999 3451 2284 3496 moverunt
2309 3452 2470 3511 caput
2494 3459 2507 3494 :
2539 3443 2788 3513 Speravit
2813 3444 2867 3498 in
2885 3445 3130 3510 Domino,
3149 3449 3498 3517 eripialeum,

1930 3535 2137 3589 salvum
2184 3535 2346 3588 faciat
2394 3551 2539 3598 eum,
2570 3537 2828 3606 quoniam
2860 3537 2973 3591 vult
3003 3554 3149 3593 eum.
3188 3559 3208 3592 ι
3245 3540 3363 3595 Noli
3400 3558 3502 3597 au-

1930 3631 2040 3679 tem
2068 3627 2255 3680 mirari
2288 3628 2332 3681 si
2366 3628 2478 3682 haec
2508 3629 2610 3683 sub
2641 3629 2814 3698 ipsam
2847 3627 3146 3685 Salvatoris
3181 3634 3351 3687 nostri
3376 3650 3503 3703 pas-

1930 3715 2138 3770 sionem
2186 3729 2239 3771 et
2284 3716 2425 3771 dicta
2460 3726 2586 3772 sunt
2618 3725 2672 3771 et
2710 3719 2976 3788 completa
3006 3759 3020 3783 ,
3083 3722 3300 3789 quando
3339 3721 3501 3777 hodie
3548 3708 3553 3715 ’

1930 3821 2145 3875 quoque
2176 3807 2317 3876 apud
2348 3823 2536 3863 omnes
2582 3808 2863 3873 homines,
2896 3812 3208 3881 quicunque
3257 3813 3499 3867 nondum

1931 3898 1987 3950 in
2018 3898 2163 3953 illius
2192 3897 2350 3967 fidem
2380 3907 2665 3960 venerunt,
2692 3902 3045 3970 approbrium
3086 3902 3364 3957 hominum
3399 3905 3497 3957 ha-

1929 3988 2105 4043 betur.
2165 3988 2306 4055 Quid
2347 3991 2492 4045 enim
2524 3991 2740 4059 turpius
2770 3998 2823 4044 et
2870 3991 3017 4045 onmi
3067 3994 3267 4061 probro
3296 3994 3497 4058 vilius,

1928 4094 2089 4148 quam
2119 4080 2268 4133 cruci
2292 4095 2413 4135 esse
2442 4080 2700 4134 afflatum?
2731 4081 2825 4136 sed
2870 4096 3049 4135 nonne
3109 4083 3271 4136 etiam
3313 4085 3498 4153 populi

1928 4168 2136 4224 Iudaici
2178 4172 2412 4240 abjectio
2453 4172 2576 4227 est?
2616 4172 2817 4242 quippe
2846 4188 2968 4226 cum
3001 4173 3251 4227 universa
3285 4174 3372 4227 illa
3408 4191 3498 4229 na-

1931 4262 2005 4314 tio
2031 4262 2192 4314 etiam
2229 4276 2374 4315 nunc
2410 4269 2463 4317 et
2502 4264 2556 4316 in
2586 4262 2732 4317 hunc
2762 4279 2932 4333 usque
2960 4263 3124 4327 diem,
3164 4271 3217 4317 et
3245 4264 3493 4328 irridere.

1928 4358 1981 4405 et
2010 4352 2299 4421 negligere,
2330 4359 2384 4408 et
2428 4351 2693 4422 despuere
2726 4353 2874 4407 illum
2905 4353 3266 4407 consueverit.
3303 4351 3498 4408 Proin-

1928 4444 1995 4498 de
2021 4444 2312 4512 Apostolus
2346 4444 2537 4499 merito
2560 4464 2573 4498 :
2598 4463 2616 4493 ι
2641 4443 2750 4501 Nos
2790 4454 2990 4509 autem,
3013 4444 3210 4515 inquit,
3233 4445 3496 4515 praedicat-

249 4512 510 4575 ἐλπίζων,
539 4512 631 4564 ἐπὶ
658 4512 716 4564 σὲ
737 4508 971 4565 πέποιθα
990 4510 1080 4562 τὸν
1100 4507 1337 4579 ἐμαυτοῦ
1359 4507 1490 4560 Θεὸν
1511 4505 1605 4559 καὶ⁵
1626 4503 1827 4575 Κύριον

1936 4551 2054 4590 mus
2078 4535 2361 4591 Christum
2392 4536 2733 4598 crucifixum,
2761 4535 2964 4593 Iudaeis
2991 4538 3208 4607 quidem
3259 4537 3495 4592 scanda-

249 4604 350 4658 καὶ
377 4604 616 4675 Πατέρα·
656 4603 751 4656 καὶ
794 4601 1030 4655 πέποιθα
1071 4603 1133 4655 ού
1166 4599 1260 4654 νῦν
1290 4600 1503 4672 πρῶτον
1529 4597 1831 4671 ἀρξάμενος

244 4693 350 4764 τῆς
378 4694 461 4755 είς
488 4692 548 4744 σὲ
570 4691 807 4754 ἐλπίδος,
838 4690 971 4744 ἀλλά
994 4689 1086 4744 καὶ
1112 4692 1221 4753 ὅτε,
1248 4690 1357 4743 ἀπὸ
1380 4688 1598 4761 μαστῶν
1626 4688 1829 4759 μητρός

252 4801 357 4855 μου
385 4783 487 4853 τὴν
518 4782 759 4854 νηπιώδη
795 4784 1000 4856 τροφὴν
1040 4782 1456 4853 ἀναλαμϐάνων,
1505 4779 1828 4850 ὲνομτζόμην

246 4885 455 4949 ὁμοίως
482 4889 594 4950 τοῖς
616 4886 725 4940 τῶν
746 4886 1044 4958 ἀνθρώπων
1072 4886 1323 4957 βρέφεσιν
1354 4884 1548 4956 ἀτελὴς
1574 4881 1712 4938 εἶναι
1735 4883 1828 4937 καὶ

247 4977 467 5046 ἄλογοςο
499 4977 572 5050 μὴ
602 4976 677 5031 ῶν
704 4978 812 5050 γάρ
839 4978 1095 5041 τοιοῦτος,
1126 4980 1173 5030 εί
1211 4978 1305 5030 καὶ
1333 4977 1493 5048 σῶμά
1527 4994 1616 5048 μοι
1643 4978 1828 5047 ὅμοιον

245 5052 560 5141 ἀνθρώποις
594 5066 683 5142 ἦν,
706 5072 800 5124 καὶ
826 5071 922 5142 τὴν
950 5071 1198 5141 δύναμιν,
1228 5070 1346 5123 οὐδὲ
1375 5069 1473 5140 τὴν
1501 5069 1689 5122 ούσίαν
1709 5071 1822 5132 τοῖς

248 5161 466 5224 πολλοῖς
494 5160 569 5215 ὢν
599 5160 861 5232 ἐμφερὴς,
889 5162 1075 5225 ἄνετος
1098 5162 1153 5214 δὲ
1180 5161 1273 5215 καὶ
1299 5161 1580 5223 ἀπόλυτος,
1608 5153 1697 5211 οἷά
1725 5173 1818 5210 σου

242 5254 343 5309 τοῦ
360 5253 498 5307 Θεοῦ
525 5254 715 5325 ἀμνὸς,
762 5255 855 5307 καὶ
904 5254 963 5321 ἐξ
1004 5254 1215 5326 ἐκείνης
1247 5254 1345 5324 τῆς
1371 5254 1586 5325 ἡλικίας
1625 5251 1822 5313 γαλου-

243 5360 530 5432 χούμενος,
561 5360 704 5428 λέγω
726 5360 790 5430 δὴ
820 5359 927 5414 ἀπὸ
959 5360 1178 5431 μαστῶν
1207 5358 1307 5428 τῆς
1338 5358 1541 5430 μητρός
1565 5374 1688 5429 μου.
1714 5355 1825 5409 Καὶ

240 5456 402 5508 οὗταά
429 5454 589 5508 τοῦτο
623 5441 875 5525 μέγατις
899 5453 1182 5523 ἡγήσεται,
1226 5453 1273 5503 εί
1299 5450 1479 5522 μάθοι,
1512 5451 1592 5504 ὅτι
1623 5449 1716 5502 καὶ
1744 5447 1822 5501 ἔτι

242 5547 514 5619 πρότερον
548 5547 642 5600 ἐπὶ
680 5547 739 5600 σὲ
766 5547 1065 5620 ἐπερῤίφην
1104 5547 1167 5599 ἐκ
1200 5547 1432 5625 μήτρας,
1462 5545 1557 5597 καὶ¹
1584 5543 1693 5596 ἀπὸ
1719 5558 1821 5610 γα-

242 5642 411 5712 στρὸς
447 5639 651 5711 μητρός
688 5654 787 5709 μου
815 5638 946 5701 Θεός
979 5654 1077 5707 μου
1110 5633 1159 5689 εἰ
1189 5636 1273 5689 σύ.
1307 5637 1427 5688 Ἔτι
1454 5634 1562 5705 γάρ
1588 5634 1732 5687 ἔνδον
1763 5635 1820 5686 ὲν

351 5740 375 5769 ⁵
412 5736 608 5791 Matth.
646 5750 826 5799 xxv“,
862 5733 1054 5789 ιο-ιε.
1132 5734 1153 5764 ⁸
1192 5732 1316 5786 Luc.
1363 5745 1531 5797 mn,
1567 5731 1655 5784 35.

1930 4626 2064 4690 lum,
2094 4628 2346 4696 gentibus
2378 4639 2556 4683 autem
2590 4630 2876 4685 stultitiam
2899 4629 2941 4683 ⁷.
2985 4648 3004 4681 ι
3045 4627 3151 4682 Sed
3183 4643 3282 4681 nec
3312 4629 3495 4683 minus

1929 4733 1991 4773 ea
2024 4734 2144 4790 quae
2177 4729 2477 4789 sequuntur
2510 4720 2563 4774 in
2595 4721 2821 4790 psalmo,
2856 4719 3014 4775 facile
3042 4720 3200 4775 etiam
3239 4736 3383 4775 nunc
3408 4722 3493 4774 in-

1930 4810 2113 4864 venies
2142 4826 2169 4863 a
2206 4810 2481 4879 plerisque
2500 4810 2567 4865 de
2601 4811 2692 4863 illo
2712 4810 2841 4865 dici.
2875 4809 2997 4864 llaec
3043 4810 3204 4879 igitur
3231 4825 3329 4879 pro
3359 4809 3497 4864 allii-

1927 4903 2110 4956 ctione
2156 4916 2276 4972 quae
2325 4902 2475 4957 illum
2522 4902 2876 4972 apprehendit
2914 4903 3075 4956 etiam
3113 4911 3242 4955 tunc
3279 4901 3490 4955 orabat.

1927 4992 2062 5047 Cum
2093 5002 2269 5048 autem
2314 4994 2485 5048 nihilo
2511 4996 2757 5049 viliorem
2800 5008 3028 5063 primam
3078 5007 3353 5063 corporea:
3398 5008 3494 5046 ll;-

1929 5092 2061 5139 turae
2088 5084 2534 5154 assumptionem,
2575 5093 2863 5153 ortumque
2916 5083 3063 5138 illum
3097 5083 3164 5138 de
3192 5083 3390 5139 femina
3437 5094 3492 5140 et

1926 5175 2154 5246 virgine,
2188 5176 2306 5246 ipsa
2358 5176 2552 5230 mortis
2613 5174 2920 5229 calamitate
2968 5188 3089 5229 esse
3137 5173 3492 5244 intelligeret,

1927 5281 2034 5321 non
2067 5265 2411 5321 incommode
2458 5265 2511 5320 in
2546 5266 2611 5320 iis
2641 5280 2761 5335 qua:
2794 5265 2860 5318 ad
2894 5273 3121 5319 mortem
3178 5266 3449 5335 pertinent
3471 5305 3489 5330 .

1923 5361 2088 5414 etiam
2126 5372 2190 5413 ca
2210 5373 2331 5429 quat
2355 5356 2423 5411 ad
2444 5366 2621 5411 ortum
2650 5364 2901 5426 spectant
2932 5365 3356 5421 commemorat,
3409 5360 3491 5413 sic

1924 5450 1991 5504 ad
2026 5448 2237 5505 Patrem
2268 5450 2482 5504 dicens:
2526 5467 2544 5499 ι
2579 5448 2844 5513 Quoniam
2875 5456 2932 5502 tu
2966 5463 3026 5504 es
3062 5450 3154 5518 qui
3204 5448 3490 5504 extraxisti

1924 5556 2011 5596 me
2034 5542 2100 5595 de
2131 5548 2317 5595 ventre
2336 5580 2350 5606 ,
2392 5554 2515 5609 spes
2556 5554 2676 5593 mea
2705 5540 2773 5592 ab
2800 5539 3060 5596 uberibus
3091 5542 3279 5595 matris
3306 5555 3438 5596 mea:
3469 5557 3486 5595 :

1924 5636 1985 5687 In
2075 5641 2127 5687 te
2205 5632 2485 5701 proiectus
2552 5646 2672 5686 sum
2735 5646 2802 5684 ex
2868 5640 3024 5688 utero
3097 5632 3291 5690 matris
3358 5646 3489 5687 mea:

1734 5731 1754 5761 '
1795 5727 1960 5785 Marc.
2004 5746 2102 5796 xv,
2137 5727 2328 5785 εει-52.
2408 5725 2431 5761 ³
2463 5725 2480 5779 l
2514 5725 2639 5782 Cor.
2691 5747 2729 5795 ι,
2767 5724 2857 5781 25.

2930 5851 2975 5865 ιτ
