4054 6408
1153 266 1165 297 ι

536 325 649 383 ’175

1223 324 1494 383 EUSEBH
1531 326 2018 385 CESARlENSlS
2051 328 2203 387 OPP.
2247 329 2428 386 PARS
2465 330 2533 387 ll.
2573 361 2645 373 —
2675 324 3178 387 APOLOGETICA.

3704 312 3801 391 τιό

538 448 687 505 Deus
713 463 867 503 meus
899 461 961 503 es
993 454 1071 501 tu.
1106 461 1125 497 ι
1161 444 1354 502 Merito
1375 456 1557 503 autem
1590 448 1706 504 haec
1754 450 2003 505 meminit
2024 490 2038 511 .
2072 467 2104 504 u

2229 448 2307 520 τῷ
2334 450 2543 520 ταμείῳ
2583 450 2683 522 τῆς
2730 450 3103 523 κυοφορούσης
3150 468 3216 523 με
3259 451 3576 524 φερόμενος,
3618 456 3680 510 σέ
3721 456 3807 511 τὸν

540 544 781 614 seipsum
811 538 1155 601 consoletur,
1187 546 1242 593 et
1286 555 1317 593 a
1368 540 1734 611 praasentibus
1770 544 1929 597 malis
1973 558 2131 596 aver-

539 643 639 691 tat.
688 633 791 698 Qui
840 632 1011 697 enim,
1055 630 1257 702 inquit,
1302 630 1455 687 fuisti
1502 633 1637 688 milii
1690 635 1948 702 adjutor,
2001 649 2128 688 cum

538 728 841 783 humanum
872 739 1072 794 corpus
1102 738 1437 780 assumerem
1460 765 1475 788 ,
1516 740 1626 793 quo
1654 733 1898 795 tempore
1926 740 1991 779 ex
2046 724 2128 794 ip-

535 822 653 879 sius
683 818 1040 891 parturientis
1064 823 1241 879 utero,
1277 832 1385 881 me,
1420 825 1478 871 tu
1534 818 1651 888 ipse
1682 817 1824 873 Deus
1865 833 2019 872 meus
2072 825 2127 871 et

534 912 700 969 Pater
746 925 923 974 meus,
959 917 1217 979 tanquam
1261 909 1576 967 obstetricis
1624 907 1857 980 fungens
1896 908 2081 963 officio
2105 947 2122 973 ,

534 1021 635 1078 pro
665 1020 731 1061 ea
758 1019 879 1076 qua:
903 1003 1034 1058 mihi
1067 1003 1135 1058 de
1162 1001 1373 1073 Spiritu
1428 1013 1621 1058 sancto
1648 1011 1965 1072 comparata
2008 1009 2125 1057 erat

532 1111 721 1163 carne,
755 1096 1066 1159 extraxisti,
1099 1103 1191 1151 tua
1215 1106 1466 1167 porrecta
1504 1095 1708 1149 virtute
1735 1094 1804 1149 da
1834 1094 1965 1148 mihi
2007 1094 2120 1165 jam

531 1176 681 1246 nunc
715 1192 972 1255 salutem,
1008 1205 1076 1244 ne
1101 1205 1211 1260 qua
1248 1187 1401 1243 fraus
1454 1196 1547 1241 aut
1600 1188 1724 1242 ulla:
1756 1187 2002 1249 insidiae,
2052 1186 2121 1241 ab

531 1283 784 1339 adversis
835 1281 1200 1353 potestatibus
1247 1280 1608 1351 malignisque
1659 1280 1985 1350 spiritibus,
2025 1279 2121 1350 qui

529 1376 668 1431 mihi
689 1376 854 1432 etiam
885 1377 942 1430 in
972 1390 1199 1430 accessu
1229 1389 1352 1429 meo
1396 1372 1465 1427 ad
1503 1373 1755 1428 homines
1784 1373 2116 1437 inviderunt,

530 1469 686 1537 ﬂant,
717 1468 975 1540 quoniam
1016 1469 1071 1522 in
1124 1468 1301 1539 prima
1336 1468 1464 1521 item
1517 1466 1878 1536 conceptione
1912 1476 1968 1521 tu
2000 1481 2122 1520 rur-

530 1579 629 1622 sus
659 1564 807 1636 quod
833 1563 887 1618 iu
912 1572 1068 1618 utero
1095 1561 1196 1627 fni,
1228 1560 1589 1620 obumbraSti.
1618 1568 1677 1613 ut
1706 1559 1985 1630 principes
2017 1575 2120 1614 sae-

529 1656 640 1712 culi
672 1655 836 1725 hujus
860 1655 977 1726 ipsa
1000 1654 1068 1711 de
1093 1652 1301 1724 Spiritu
1344 1661 1537 1709 sancto
1571 1660 1626 1708 et
1671 1660 1863 1708 sancta
1892 1650 2117 1722 Virgine

528 1744 819 1815 conceptio
858 1743 1068 1799 lateret.
1131 1742 1287 1810 Quod
1331 1759 1464 1799 sane
1498 1742 1692 1813 ingens
1751 1742 2067 1813 mysterium
2094 1783 2108 1806 ,

527 1836 659 1891 tuus
693 1832 1054 1905 archangelus
1085 1831 1307 1890 Gabriel
1348 1832 1532 1888 Mariae
1566 1833 1847 1894 indicavit,
1882 1833 2111 1887 dicens:

532 1941 557 1980 ι
599 1922 837 1996 Spiritus
868 1932 1093 1980 sanctus
1122 1922 1471 1994 superveniet
1512 1924 1565 1976 in
1595 1932 1647 1978 te
1670 1963 1685 1987 ,
1720 1931 1775 1978 et
1800 1923 1976 1977 virtus
2026 1924 2117 1977 Al-

527 2018 726 2074 tissimi
753 2017 1103 2073 obumbrabit
1141 2016 1239 2070 tibi
1277 2017 1319 2070 3.
1361 2036 1379 2068 ι
1435 2015 1597 2086 500
1646 2013 2114 2081 Quemadmodum

527 2111 696 2183 igitur
727 2119 819 2166 tua
849 2120 1012 2174 tunc,
1049 2110 1142 2180 qui
1178 2123 1238 2165 es
1271 2108 1587 2164 Altissimus
1618 2148 1630 2169 ,
1695 2107 1868 2162 virtus
1921 2123 2005 2163 me
2060 2108 2115 2162 in

525 2202 887 2275 concipiendo
909 2202 1289 2264 obumbravit,
1322 2201 1379 2255 in
1415 2200 1679 2272 pariendo
1713 2209 1892 2255 autem
1932 2213 2115 2256 extra-

525 2298 605 2353 xit
633 2297 700 2352 de
729 2304 919 2352 ventre
950 2295 1139 2350 matris
1170 2311 1304 2349 meae
1328 2335 1342 2358 ,
1395 2294 1471 2349 ita
1517 2311 1741 2368 quoque
1797 2312 1907 2351 non
1948 2308 2115 2367 parva

525 2389 658 2445 mihi
691 2389 848 2444 adest
878 2388 1205 2452 consolatio,
1236 2388 1383 2458 quod
1419 2389 1590 2445 multo
1620 2388 1795 2462 magis
1842 2390 1910 2445 de
1940 2399 2115 2444 morte

523 2481 601 2539 sis
624 2491 993 2538 extracturus.
1046 2481 1222 2553 Atque
1261 2481 1518 2552 equidem
1581 2483 1685 2538 hoc
1736 2497 1965 2553 Sperans
2015 2484 2113 2538 tibi

524 2574 767 2631 confisus
797 2589 939 2641 sum,
971 2574 1065 2645 qui
1107 2586 1262 2628 meus
1298 2573 1440 2629 Deus
1466 2581 1517 2629 et
1550 2573 1814 2629 Dominus
1844 2586 1899 2630 et
1955 2573 2114 2630 Pater

522 2683 584 2725 es
617 2683 632 2721 :
664 2676 718 2724 et
748 2668 991 2725 confisus
1022 2684 1168 2733 sum,
1215 2683 1326 2723 non
1364 2683 1512 2723 nunc
1552 2668 1785 2740 primum
1814 2669 1868 2723 in
1904 2677 1955 2723 te
1989 2684 2114 2739 spe-

522 2775 648 2817 rare
668 2760 957 2832 incipiens.
990 2760 1085 2817 sed
1131 2768 1264 2815 tunc
1317 2775 1533 2832 quoilue
1560 2776 1686 2816 cum
1731 2762 1801 2816 ab
1849 2761 2111 2817 uberibus

521 2856 717 2911 matris
766 2869 900 2910 mem
928 2854 1233 2910 infantilem
1264 2855 1580 2910 alimoniam
1611 2854 1917 2924 accipiens,
1954 2865 2114 2926 puta-

522 2948 623 3003 bar
651 2955 713 3002 ut
745 2948 941 3019 reliqui
978 2948 1260 3003 hominum
1307 2948 1570 3013 infantes,
1605 2947 1957 3018 imperfectus
1988 2957 2113 3003 esse

521 3047 577 3094 et
604 3040 812 3110 absque
851 3056 953 3094 usu
986 3039 1237 3094 rationis.
1274 3038 1393 3093 Non
1427 3039 1571 3093 enim
1601 3046 1749 3093 eram
1781 3038 1936 3104 talis,
1984 3039 2112 3093 licet

2230 539 2362 592 Θεόν
2402 557 2503 610 μου
2534 539 2739 611 ἐώρων,
2773 541 2866 595 ατε
2897 539 3199 614 ἁσύγχυτος
3235 544 3331 597 καὶ
3367 542 3635 607 ἀθόλωτος
3661 546 3720 598 ἐν
3740 549 3807 618 τῇ

2228 632 2464 704 τοσαύτη
2493 631 2601 685 τῶν
2632 632 2852 705 σαρκῶν
2879 635 3134 707 κοινωνίᾳ¹
3164 634 3468 704 διαμείνας,
3515 634 3717 705 μᾶλλον
3753 636 3811 691 δὲ

2228 724 2518 796 ἀσώματος
2540 727 2634 779 καὶ
2652 726 2775 779 τότε
2795 724 2891 791 ῶν,
2918 729 3011 781 καὶ¹
3032 728 3247 783 πάντων
3268 728 3552 802 ἐλεύθερος
3571 731 3808 802 δεσμῶν·

2227 816 2401 883 οὕτως
2427 820 2484 874 δὲ
2522 823 2613 876 ἐπὶ
2654 824 2713 877 σὲ
2756 826 3059 899 ἐπερρίφην
3087 829 3152 882 ἐκ
3183 830 3417 901 μήτρας,
3457 829 3551 883 καὶ
3576 828 3685 881 ἀπδ
3708 844 3811 896 γα-

2227 912 2388 984 στρὸς
2416 915 2621 987 μητρὸς
2650 916 2781 981 Θεός
2816 936 2916 988 μου
2938 915 3101 997 ἦσθα,
3127 919 3203 984 ὡς
3230 919 3515 974 αἰσθέσθαι
3544 919 3648 989 τῆς
3669 918 3814 990 ἐμῆς

2223 1001 2503 1076 δυνάμεως
2527 1007 2606 1060 ἔτι
2635 1009 3079 1082 κυοφορουμένης
3105 1011 3241 1083 πρὸς
3267 1010 3369 1081 τῆς
3396 1010 3559 1080 ἁγίας
3591 1010 3811 1082 Παρθέ-

2222 1113 2338 1160 νου,
2369 1094 2461 1177 τρν
2491 1096 2623 1171 ἐμὸν
2665 1100 2968 1173 πρόδρομον
3021 1102 3295 1173 Ἰωάννην,
3337 1104 3434 1156 καὶ
3464 1103 3631 1156 αὐτὸν
3668 1104 3814 1161 κατὰ

2223 1189 2464 1271 γαστρὸςο
2484 1192 2585 1263 τῆς
2625 1192 2901 1247 Ἐλισάϐεθ
2930 1178 3382 1268 κυοφορούμενον,
3411 1196 3554 1250 ὥστε
3573 1196 3682 1250 ὑπὸ
3712 1196 3813 1267 τῆς

2220 1276 2361 1354 ἐμῆς
2381 1283 2629 1356 θεότητος
2650 1284 2937 1356 κινηθέντα
2968 1288 3256 1360 σκιρτῆσαι
3271 1290 3328 1342 ἐν
3345 1288 3688 1357 ἀγαλλιάσει,
3717 1289 3813 1343 καὶ

2221 1377 2536 1449 Πνεύματος
2575 1378 2730 1448 ἁγίου
2771 1379 3095 1453 πλησθῆναι.
3146 1379 3363 1458 Τούτων
3409 1378 3505 1436 οὖν
3550 1382 3814 1436 ἁπάντων

2218 1464 2506 1544 ἀναφέρων
2532 1471 2630 1544 τὴν
2670 1474 2910 1551 μνήμην,
2951 1476 3045 1529 καὶ
3066 1475 3155 1529 διὰ
3187 1470 3385 1538 παντὸς
3412 1474 3506 1528 τὸν
3537 1474 3673 1527 Θεόν
3706 1489 3813 1544 μου

2217 1565 2312 1617 καὶ
2341 1562 2561 1638 Πατέρα
2595 1584 2694 1637 μου
2728 1568 2835 1640 πρὸ
2862 1568 2972 1622 τῶν
3002 1568 3150 1639 ἐμῶν
3181 1566 3474 1638 ὀφθαλμῶν
3503 1566 3810 1638 τιθέμενος,

2217 1642 2440 1723 εἰκότως
2470 1660 2564 1714 καὶ
2602 1662 2746 1716 κατὰ
2781 1663 2872 1716 τὸν
2908 1661 3178 1715 ἐνεστῶτα
3220 1661 3314 1715 τοῦ
3354 1660 3704 1732 περιέχοντός
3743 1676 3812 1732 με

2219 1753 2423 1816 πάθους
2446 1752 2655 1827 καιρὸν,
2686 1756 2797 1820 ὅτε,
2829 1755 2911 1809 σοὶ
2930 1753 3008 1825 τῷ
3037 1754 3215 1826 Πατρὶ
3231 1754 3519 1825 γενόμενος
3542 1754 3810 1825 ὑπήκοος,

2223 1850 2571 1923 (αὐθαίρετος
2600 1851 2693 1905 καὶ
2721 1850 2862 1905 ἑκὼν
2885 1851 3082 1922 γέγονα
3101 1848 3336 1920 σκώληξ,
3362 1849 3457 1903 καὶ
3481 1849 3585 1902 οὐκ
3600 1846 3813 1918 ἄνθρω-

2219 1945 2338 2006 πος,
2361 1942 2561 2007 ὄνειδος
2582 1942 2884 2016 ἀνθρώπων
2901 1945 2995 1998 καὶ
3021 1942 3353 2013 ὲξὸυδένημα
3371 1939 3524 1994 λαοῦ·
3554 1960 3573 1993 ι
3594 1939 3692 1993 καὶ
3715 1937 3813 1991 νῦν

2216 2034 2306 2088 ὅτε
2344 2036 2545 2100 πάντες
2579 2038 2626 2089 οἱ
2667 2036 2999 2109 θεωροῦντές
3037 2053 3136 2107 μου
3156 2035 3217 2088 τὸ
3260 2033 3419 2106 σῶμα
3462 2031 3545 2102 τῷ
3590 2029 3811 2102 σταυρῷ

2217 2129 2489 2206 προσηλού
2498 2147 2677 2201 μενον,
2696 2129 3064 2201 ἀποτρόπαιον
3082 2126 3374 2200 ἡγούμενοι
3394 2127 3529 2198 ὁρᾷν
3550 2126 3810 2196 πρᾶγμα,

2217 2216 2652 2291 ἐξεμυκτήρισάν
2688 2236 2775 2290 με,
2822 2217 3091 2289 τοσαύτην
3119 2218 3242 2272 κατ’
3282 2215 3419 2288 ἐμοῦ
3463 2215 3668 2287 χλεύην
3713 2215 3813 2270 καὶ

2215 2309 2512 2382 διασυρμὸν
2537 2311 2910 2383 καταχέοντες,
2933 2310 3009 2375 ὡς
3026 2310 3101 2382 μὴ
3124 2291 3283 2382 μόνον
3304 2310 3361 2362 ἐν
3375 2308 3585 2379 διανοίᾳ
3608 2308 3813 2377 λογίζε-

2219 2400 2342 2454 σθαι
2374 2402 2462 2455 καὶ
2494 2401 2839 2473 ἐνθυμεῖσθαι
2874 2402 3002 2474 περὶ
3044 2399 3179 2472 ἐμοῦ
3219 2400 3289 2454 τά
3314 2399 3506 2472 ἀσεϐῆ,
3542 2399 3683 2453 ἀλλὰ
3712 2399 3812 2453 καὶ

2215 2492 2435 2563 ἀφόϐως
2457 2494 2785 2565 φθέγγεσθαι
2806 2496 2899 2547 καὶ
2920 2496 2976 2547 ἐν
2998 2493 3217 2566 φανερῷ
3232 2488 3430 2546 λαλεῖψ
3463 2512 3480 2543 ι
3504 2491 3811 2562 Ἐλάλησαν

2214 2583 2345 2654 γοῦν
2373 2586 2429 2637 ἐν
2459 2584 2709 2655 χείλεσιν,
2731 2584 2986 2654 ἐκίνησαν
3007 2581 3267 2654 κεφαλὴν,
3300 2580 3570 2649 λέγοντες·
3606 2579 3811 2633 Ἦλπι-

2217 2691 2307 2731 σεν
2342 2676 2433 2730 ἐπὶ
2461 2668 2685 2750 Κύριον,
2720 2676 2973 2749 ῥυσάσθω
3008 2672 3202 2729 αύτόν⁴
3238 2695 3255 2725 ι
3302 2675 3396 2726 καὶ
3428 2671 3525 2727 νῦν
3557 2670 3689 2741 γοῦν
3716 2672 3809 2727 ὅτε

2213 2768 2284 2823 τὰ
2317 2768 2542 2824 τοιαῦτά
2588 2786 2655 2842 με
2700 2768 3048 2840 περιέστηκε,
3090 2768 3151 2820 σὲ
3183 2766 3275 2843 τὸν
3304 2764 3527 2835 Πατέρα
3569 2779 3675 2835 μου
3713 2763 3813 2818 τὸν

2213 2858 2570 2913 ἐκσπάσαντά
2612 2875 2679 2930 με
2712 2859 2776 2910 ὲκ
2797 2856 3032 2928 γαστρὸς
3063 2855 3268 2928 μητρός
3291 2872 3415 2926 μου,
3439 2856 3526 2920 ἐφ’
3555 2853 3614 2907 ὃν
3635 2856 3810 2927 ἐπερ-

2216 2949 2381 3022 ρίφην
2406 2953 2470 3004 ἐκ
2502 2951 2733 3022 μήτρας,
2763 2950 2842 3012 είς
2869 2947 2926 3001 ὃν
2952 2947 3157 3020 ιἤλπισα
3186 2946 3293 3000 ἀπὸ
3317 2945 3561 3018 μαστῶν,
3580 2944 3674 3000 τὸν
3708 2946 3811 3001 καὶ

2213 3037 2323 3091 ἀπὸ
2377 3039 2615 3111 γαστρὸς
2675 3038 2881 3112 μητρός
2939 3055 3038 3109 μου
3073 3033 3473 3109 γνωριζόμενόν
3522 3053 3648 3107 μοι,
3705 3036 3810 3091 καὶ

521 3131 657 3187 mihi
703 3132 917 3187 caeteris
957 3130 1275 3186 hominibus
1333 3131 1511 3186 simile
1549 3137 1697 3185 esset
1728 3145 1952 3200 corpus.
2003 3131 2108 3185 Sed

2212 3131 2614 3203 γινωσκόμενον
2630 3132 2783 3199 Θεὸν,
2813 3130 3041 3185 ἱκετεύω
3059 3131 3155 3184 καὶ
3172 3128 3437 3183 ἀντιϐολῶ
3458 3128 3535 3200 μὴ
3556 3130 3809 3202 ἀποστῆ-

522 3238 702 3293 neque
728 3223 859 3279 item
887 3223 957 3287 vi,
985 3232 1165 3293 neque
1203 3221 1510 3277 substantia
1547 3223 1821 3292 plerisque
1852 3236 2001 3278 eram
2033 3221 2111 3277 si-

522 3314 693 3380 milis,
724 3329 913 3369 verum
944 3314 1127 3384 potius
1149 3312 1286 3367 liber
1310 3327 1374 3366 ac
1397 3312 1611 3368 solutus
1638 3320 1898 3382 tanquam
1932 3329 2108 3385 agnus

520 3411 673 3468 tuus,
697 3403 792 3474 qui
824 3401 966 3458 Deus
1006 3415 1086 3466 es,
1117 3416 1242 3456 cum
1274 3401 1344 3456 ab
1388 3399 1481 3455 illa
1521 3407 1693 3472 usqde
1744 3406 1905 3455 aetate
1968 3400 2109 3455 lacte

520 3492 784 3556 nutrircr,
809 3492 935 3546 dico
960 3499 1144 3546 autem
1178 3490 1249 3545 ab
1287 3489 1547 3545 uberibus
1576 3488 1771 3545 matris
1799 3498 1951 3544 meat.
1999 3488 2113 3543 Cat.

519 3590 698 3638 terum
733 3582 838 3639 hoc
863 3583 1104 3639 nondum
1132 3582 1404 3653 quispiam
1438 3596 1695 3653 magnum
1722 3580 2103 3646 arbitrabitur,

520 3678 568 3735 si
598 3677 886 3747 intelliget,
914 3676 1373 3750 quemadmodum
1422 3676 1575 3747 prius
1611 3690 1829 3747 quoque
1867 3693 1888 3726 ι
1949 3674 2006 3728 in
2051 3681 2107 3730 te

517 3768 799 3842 projectus
837 3785 959 3825 sum
985 3785 1054 3825 ex
1092 3777 1269 3832 utero,
1301 3768 1449 3824 etde
1493 3776 1684 3823 ventre
1732 3766 1923 3822 matris
1971 3781 2106 3822 meae

518 3863 665 3920 Deus
699 3880 856 3919 meus
886 3877 947 3919 es
978 3872 1057 3917 tu.
1095 3884 1113 3915 ι
1143 3861 1279 3917 Cum
1310 3864 1454 3918 enim
1489 3860 1669 3916 adhuc
1712 3859 1857 3917 intra
1905 3860 2103 3916 cellam

517 3957 785 4029 gestantis
832 3972 919 4012 me
970 3959 1025 4012 in
1080 3964 1237 4011 utero
1267 3957 1534 4020 laterem,
1587 3962 1641 4011 te
1692 3961 1875 4009 tamen
1934 3952 2101 4008 Deum

517 4062 700 4104 meum
724 4046 973 4103 videbam
1006 4057 1268 4118 tanquam
1305 4046 1353 4101 is
1376 4085 1392 4113 ,
1436 4046 1530 4117 qui
1564 4055 1618 4102 et
1671 4042 1997 4100 inconfusus
2048 4050 2104 4099 et

515 4140 948 4210 imperturbatus
1001 4140 1056 4193 in
1104 4146 1256 4193 tanta
1309 4135 1805 4192 communicatione
1850 4133 2102 4205 corporei

517 4230 704 4287 oneris
734 4230 1184 4301 permansissem,
1216 4243 1281 4282 ac
1326 4227 1509 4298 potius
1566 4226 1922 4296 incorporeus
1966 4231 2101 4278 tunc

516 4337 735 4393 quoque
762 4320 984 4387 fuerim,
1016 4330 1070 4377 et
1097 4322 1166 4375 ab
1194 4321 1449 4375 omnibus
1472 4318 1707 4373 vinculis
1743 4317 1898 4372 liber.
1926 4314 2098 4370 Porro

516 4423 699 4471 autem
724 4416 805 4470 sic
840 4432 857 4466 ι
894 4414 950 4468 in
981 4422 1034 4469 te
1068 4413 1345 4484 projectus
1369 4426 1489 4467 sum
1511 4426 1576 4466 ex
1606 4419 1760 4465 utero
1784 4450 1799 4475 ,
1863 4428 1882 4462 ι
1918 4415 1973 4464 et
2016 4408 2097 4463 sic

2210 3238 2300 3276 ναι
2345 3221 2439 3275 ἀπ’
2478 3220 2635 3293 ἐμοῦ,
2676 3221 2757 3275 ὅτι
2792 3220 2970 3292 θλίψις
2995 3220 3182 3291 ἐγγύς.
3220 3219 3421 3274 Μέλλει
3462 3219 3594 3291 γὰρ,
3638 3220 3809 3289 φησι,

2211 3315 2305 3368 καὶ
2335 3314 2458 3367 ὅσον
2486 3312 2639 3368 οὔπω
2677 3315 2932 3385 πάρεστι,
2974 3313 3069 3368 καὶ
3103 3311 3391 3384 πλησιάζει
3441 3312 3661 3383 σῦνέχον
3693 3312 3808 3385 ἤδη

2211 3409 2305 3462 καὶ
2343 3407 2685 3479 ἐπικείμενον
2743 3424 2831 3479 μοι
2878 3406 2941 3460 τὸ
2982 3406 3200 3460 πάντων
3228 3404 3456 3475 ἔσχατον
3491 3404 3593 3476 τῆς
3623 3405 3810 3476 ὑπερ-

2208 3498 2509 3570 ϐαλλούσης
2539 3516 2640 3571 μου
2669 3498 2901 3569 θλίψεως
2929 3498 3106 3568 νέφος.
3141 3495 3309 3551 Οὔπω
3338 3495 3450 3567 γὰρ
3480 3495 3592 3565 ἐγὼ
3617 3493 3811 3565 θλίψιν

2205 3591 2409 3664 ταύτην
2436 3590 2534 3664 τὴν
2559 3590 2657 3645 νῦν
2682 3589 3042 3663 περιέχουσάν
3077 3605 3145 3661 με
3178 3587 3331 3643 καλῶ
3357 3585 3481 3640 οὔτε
3508 3579 3600 3640 τδν
3633 3603 3812 3641 σταυ-

2208 3682 2322 3754 ρὸν,
2362 3679 2485 3735 οὔτε
2522 3682 2649 3746 τοὺς
2694 3681 2753 3749 ἐξ
2796 3679 3101 3753 ἀνθρώπων
3140 3679 3497 3750 ὀνειδισμοὺς,
3538 3677 3663 3732 οὔτε
3694 3679 3810 3745 τὰς

2205 3772 2420 3845 χλεύας,
2456 3772 2580 3828 οὔτε
2618 3772 2724 3843 μὴν
2755 3772 2826 3827 τὰ
2858 3772 2964 3844 πρὸ
2985 3771 3081 3827 τοῦ
3118 3770 3351 3844 σταυροῦ
3385 3769 3807 3843 συμϐεϐηκότα,

2202 3866 2303 3930 τὰς
2357 3866 2649 3937 μάστιγας,
2707 3865 2807 3930 τὰς
2862 3863 3067 3936 ὕϐρεις,
3121 3865 3216 3919 καὶ
3268 3865 3369 3919 ὅσα
3398 3863 3532 3919 ἄλλα
3565 3866 3809 3935 ἑπαροξο

2204 3951 2374 4031 νήσαν
2401 3961 2501 4022 είς
2548 3958 2648 4030 ἐμὲ
2696 3959 2746 4013 oi
2801 3958 2906 4011 υἱοὶ
2956 3957 3066 4011 τῶν
3121 3953 3460 4030 ἀνθρώπωνἐ
3502 3955 3636 4010 ἀλλὰ
3677 3941 3806 4028 γὰρ

2202 4049 2314 4122 ὁρῶ
2343 4052 2442 4122 τὴν
2484 4052 2563 4114 εἰς
2597 4049 2722 4121 ᾇδου
2758 4049 3058 4103 κατάϐασιν
3101 4047 3525 4120 πλησιάζουσαν,
3558 4049 3650 4103 καὶ
3673 4050 3805 4104 τῶν

2202 4141 2591 4212 ἀντικειμένων
2638 4140 2731 4193 καὶ
2774 4139 2986 4212 ἐχθρῶν
3017 4139 3095 4210 τῷ
3119 4139 3545 4211 Θεῷηδυνάμεων
3582 4142 3806 4197 ἐταινὰ-

2204 4250 2411 4287 στασιν.
2455 4232 2547 4286 Διό
2585 4248 2746 4304 φημι·
2778 4251 2796 4283 ι
2835 4232 2952 4285 Ὅτι
2983 4230 3161 4302 θλίψις
3187 4232 3374 4300 ἐγγὺς,
3405 4232 3487 4284 ὅτι
3518 4232 3618 4285 οὐκ
3634 4231 3803 4286 ἔστιν

2200 4325 2229 4376 ὁ
2268 4324 2501 4396 βοηθῶν.
2534 4344 2554 4377 ι
2589 4323 2713 4388 Πῶς
2745 4322 2853 4394 γάρ
2881 4323 2981 4394 οὐχ
3016 4322 3427 4394 ὑπερϐάλλουσα
3453 4320 3520 4395 ἦν
3555 4324 3649 4377 καὶ
3686 4341 3805 4394 μι-

2199 4415 2361 4485 γεστη
2390 4413 2568 4483 θλίψις
2596 4411 2736 4483 αὕτη
2767 4412 2970 4482 ἐκείνη,
2998 4411 3057 4463 ἐν
3163 4411 3263 4464 οὐκ
3297 4409 3444 4464 ἔστιν
3477 4411 3506 4463 ὁ
3537 4408 3799 4481 βοηθῶνς

520 4524 544 4561 ι
582 4507 649 4562 de
683 4514 872 4562 ventre
920 4506 1111 4561 matris
1147 4520 1279 4560 meae
1324 4503 1470 4559 Deus
1526 4516 1682 4558 meus
1728 4517 1789 4557 es
1834 4509 1933 4568 tu,
1973 4520 1991 4553 ι
2036 4507 2096 4554 ut

2213 4506 2271 4559 '0
2300 4506 2396 4576 μὲν
2421 4505 2531 4575 γὰρ
2568 4503 2661 4556 ἐπὶ
2686 4500 2928 4573 σωτηρίᾳ
2960 4499 3069 4554 τῶν
3099 4503 3156 4553 ἐν
3193 4500 3320 4572 ᾅδου
3343 4500 3526 4571 ψυχῶν
3553 4499 3797 4572 παρῄει,

514 4613 693 4654 meam
721 4599 975 4653 virtutem
998 4612 1124 4651 cum
1158 4596 1335 4650 adhuc
1363 4595 1419 4649 in
1453 4603 1608 4650 utero
1641 4609 1673 4647 a
1710 4592 1931 4662 Virgine
1964 4607 2095 4647 sau-

513 4699 606 4747 cta
638 4697 905 4761 gestarer,
938 4704 1090 4743 meus
1123 4702 1341 4758 quoque
1368 4685 1482 4756 jam
1523 4693 1638 4739 tum
1690 4683 1925 4739 senserit
1957 4698 2094 4754 prae-

514 4797 712 4839 cursor
740 4780 1004 4845 Joannes,
1029 4780 1121 4850 qui
1151 4779 1314 4833 etiam
1370 4778 1488 4848 ipse
1526 4777 1582 4830 in
1613 4783 1768 4830 utero
1811 4774 2093 4831 Elisabeth

514 4874 851 4946 gestabatur,
885 4887 1058 4942 usque
1087 4871 1223 4926 adeo
1254 4882 1312 4924 ut
1342 4885 1459 4925 mea
1504 4869 1788 4924 divinitate
1840 4868 2091 4925 concitus

513 4967 875 5024 exsultatione
914 4964 1216 5029 exsilierit,
1271 4972 1326 5017 et
1374 4962 1580 5032 Spiritu
1628 4971 1818 5018 sancto
1852 4963 2091 5032 repletus

514 5061 607 5118 sit.
639 5059 766 5115 Haec
797 5058 963 5130 igitur
1001 5064 1202 5111 cuncta
1237 5057 1305 5111 ad
1346 5056 1662 5111 memoriam
1702 5070 2002 5118 revocans,
2037 5062 2093 5109 et

513 5152 663 5210 omni
696 5162 942 5222 tempore
971 5150 1140 5206 Deum
1177 5159 1230 5205 et
1262 5148 1477 5204 Patrem
1526 5165 1705 5204 meum
1736 5158 1863 5205 ante
1902 5150 2091 5205 oculos

513 5247 648 5302 mihi
681 5246 1045 5308 constituens,
1079 5243 1271 5298 merito
1301 5252 1352 5297 et
1375 5242 1479 5297 sub
1500 5242 1678 5312 ipsum
1712 5244 1923 5296 instans
1943 5258 2083 5297 com-

516 5339 906 5415 prehendentis
940 5356 1028 5394 me
1059 5338 1337 5409 passionis
1366 5347 1611 5407 tempus,
1643 5351 1768 5391 cum
1812 5336 1909 5391 tibi
1938 5335 2090 5391 Patri

513 5434 693 5494 factus
713 5434 996 5497 obediens,
1016 5440 1208 5504 sponte
1232 5439 1288 5487 et
1305 5431 1491 5487 volens
1513 5429 1740 5487 effectus
1760 5445 1881 5484 sum
1909 5449 1929 5482 σ
1968 5446 2083 5484 ver-

514 5531 643 5592 mis,
671 5534 727 5582 et
750 5541 862 5579 non
893 5525 1076 5589 homo,
1117 5525 1468 5597 opprobrium
1515 5523 1820 5587 hominum,
1848 5529 1902 5578 et
1937 5521 2096 5593 διῄει,

513 5620 627 5675 ctio
654 5617 861 5691 populi,
900 5637 918 5670 ι
952 5630 1005 5675 et
1041 5634 1186 5673 nunc
1227 5633 1355 5674 cum
1384 5632 1577 5674 omnes
1603 5631 1785 5673 meum
1808 5616 1961 5671 cruci
2007 5612 2089 5669 af.

584 5807 609 5840 ⁸
641 5804 776 5862 Luc.
817 5822 869 5872 ι,
908 5804 995 5861 55.

2199 4600 2265 4654 ἐκ
2307 4597 2536 4671 μακρῶν
2569 4593 2779 4651 αἰώνων
2805 4594 2903 4666 τὴν
2936 4593 3119 4664 ἄφιξιν
3143 4593 3310 4648 αὐτοῦ
3350 4594 3796 4665 περιμενουσῶν,

2201 4692 2293 4747 καὶ
2316 4692 2506 4763 κατῄει
2530 4708 2596 4761 γε
2622 4689 2792 4763 θύρας
2833 4688 3039 4759 χαλκᾶς
3080 4686 3403 4759 συντρίψων,
3430 4686 3521 4740 καὶ
3546 4685 3800 4758 μοχλοὺς

2201 4784 2452 4857 σιδηροῦς
2503 4783 2836 4847 συνθλάσων,
2887 4781 2981 4835 καὶ
3023 4780 3151 4842 τοὺς
3194 4780 3322 4850 πρὶν
3367 4778 3615 4850 δεσμίους
3644 4776 3797 4846 ᾅδου

2198 4876 2513 4950 ἐλευθέρους
2536 4878 2771 4947 ἀνήσων·
2799 4874 2828 4927 ὃ
2854 4875 2948 4928 καὶ
2975 4872 3217 4942 γέγονεν,
3241 4873 3327 4925 ὅτε
3353 4870 3522 4925 πολλὰ
3548 4870 3798 4941 σώματι

2196 4970 2307 5024 τῶν
2354 4967 2771 5041 κεκοιμημένων
2835 4964 3005 5034 ἁγίων
3063 4963 3367 5017 ἀναστάντα
3432 4960 3799 5033 συνεισῆλθον

2198 5062 2348 5132 αὐτῷ
2368 5064 2449 5126 είς
2471 5061 2571 5133 τὴν
2607 5058 2820 5130 ἀληθῶς
2845 5056 3009 5126 άγίαν
3029 5055 3122 5109 τοῦ
3150 5054 3286 5109 θεοῦ
3316 5054 3488 5109 πόλιν⁴
3520 5054 3575 5108 αἱ
3600 5052 3658 5106 δὲ
3684 5054 3801 5110 δυ-

2195 5156 2387 5226 νάμεις
2417 5155 2475 5207 αἱ
2500 5141 2889 5224 ἀντίκείμεναι,
2925 5136 3059 5223 πρὸς
3081 5151 3193 5211 τοῖς
3216 5146 3325 5201 τῶν
3356 5143 3653 5217 ἀνθρώπιον
3670 5162 3799 5201 κα-

2198 5251 2315 5315 κοῖς
2338 5245 2798 5321 ἐπεστρατεύοντο
2821 5241 2992 5313 αὐτῷ,
3024 5240 3202 5311 λύπην
3228 5240 3288 5293 οὑ
3318 5235 3517 5310 μικρὰν
3537 5235 3634 5290 καὶ
3659 5235 3798 5293 ολι-

2196 5343 2291 5413 ψιν
2323 5340 2472 5413 αὐτῷ
2507 5340 2860 5414 παρέχουσαι,
2910 5332 3302 5407 ἀποκλαομένῳ
3332 5331 3426 5385 καὶ
3460 5331 3548 5384 ἐπ’
3580 5331 3795 5397 αὐταῖς

2195 5432 2261 5487 δι’
2279 5428 2581 5504 ὑπερϐολὴν
2595 5422 2947 5499 ἁγαθότητος.
2990 5424 3150 5480 Ἀλλὰ
3175 5423 3287 5495 γὰρ
3309 5423 3488 5493 τήρει,
3509 5418 3636 5473 τίνα
3652 5421 3795 5495 τρό-

2198 5540 2302 5579 πον
2323 5522 2495 5579 ταῦτα
2525 5521 2702 5577 πάντα
2724 5519 2988 5582 λέλεκται,
3012 5517 3088 5582 ὡς
3117 5518 3182 5570 ἐκ
3212 5511 3501 5586 προσώπου
3527 5509 3698 5566 αὐτοῦ
3721 5514 3793 5566 ὲν

2199 5614 2384 5687 μήτρᾳ.
2415 5610 2867 5685 κυοφορηθέντος,
2909 5608 3002 5663 καὶ
3038 5605 3147 5661 ἀπὸ
3178 5595 3413 5676 γαστρὸς
3442 5601 3653 5677 μητρὸς
3680 5617 3795 5671 γι-
