4054 6408
283 355 380 410 ΤΠ

1196 360 1840 425 DEMONSTRATIONIS
1881 368 2339 428 ΕΫΑΝΟΕΜΕΛΕ
2383 371 2507 428 LIB.
2554 374 2617 430 Χ.

3418 380 3521 437 778

282 479 632 547 γεννημένου,
661 477 719 530 όν
753 477 1058 550 ὲφάσκομεν
1085 475 1220 534 εἶναι
1250 483 1341 535 τὸν
1369 484 1536 554 ἀμνὸν
1567 486 1661 539 τοῦ
1689 486 1835 570 φεοῦ.

1950 490 2115 544 ιίιιιιιιι
2141 504 2341 561 corpus
2373 492 2619 550 videntes
2643 534 2658 551 .
2709 495 2837 551 dum
2871 500 2983 553 r‘em
3036 507 3089 552 et
3121 498 3428 570 fugiendam
3464 510 3520 558 et

283 566 465 638 Τούτῳ
489 566 597 639 γὰρ
626 569 719 622 καὶ⁵
752 568 1035 640 συμϐαίνει
1063 570 1134 624 τά
1176 574 1303 644 περὶ
1342 574 1405 626 τὸ
1432 574 1621 640 πάθος,
1649 562 1723 641 ὼς
1753 581 1844 632 καὶ

281 662 345 717 τὰ
376 665 475 734 τῆς
503 664 767 736 ὲνσάρκου
789 663 1054 732 γενέσεως
1075 665 1300 737 ἥρμοζε.
1332 667 1404 720 Τὸ
1431 666 1562 736 γοῦν
1589 669 1844 742 γεννηθὲν

281 755 371 809 καὶ
402 754 733 825 ἀποθνήσκει
755 771 768 785 ⁸
810 754 872 808 τὸ
911 755 968 808 δὲ
1006 756 1237 827 θνῆσκον
1273 760 1373 812 οὐκ
1404 759 1576 825 ἄλλως
1612 761 1843 817 θανάτου

279 847 528 917 τυγχάνει
560 847 593 917 ἢ
627 846 885 920 πρότερον
910 847 1131 902 ὁδεῦσαν
1152 848 1239 903 διά
1254 851 1537 918 γενέσεως.
1572 854 1730 907 Ταῦτ’
1752 851 1845 908 οὖν

277 938 523 1005 διέξεισιν
551 941 580 991 6
609 938 797 1010 Σωτὴρ
822 940 915 993 καὶ
946 939 1150 1011 Κύριος
1176 941 1350 1012 ἡμῶν,
1381 943 1441 996 οὐ
1474 943 1592 997 καθ’
1624 944 1652 997 ὃ
1675 947 1845 1019 disap-

279 1050 369 1089 xoc
401 1033 496 1086 καί
528 1030 815 1103 ἀσώματος
859 1033 1090 1103 ὑπάρχει
1138 1033 1236 1103 τὴν
1279 1033 1458 1101 φύσιν,
1498 1035 1621 1088 οὐδὲ
1665 1036 1786 1090 καθ’
1814 1037 1843 1090 ὃ

276 1123 407 1177 Θεοῦ
436 1123 605 1191 Λόγος
632 1123 724 1175 καὶ
751 1122 881 1184 Θεὸς
908 1123 1220 1185 ἐπινοεῖται,
1260 1122 1395 1177 ἀλλά
1433 1123 1553 1177 καθ’
1580 1124 1608 1178 ὃ
1639 1121 1749 1191 οἶός
1780 1143 1841 1180 τε

274 1209 337 1285 ἦν
379 1214 515 1285 πρὸς
540 1215 632 1267 τὸν
668 1214 885 1286 Πατέρα
913 1214 1043 1285 εὐχῇ
1078 1214 1277 1283 λέγειν’
1316 1235 1335 1267 ι
1374 1218 1493 1270 ’Ότι
1523 1218 1586 1270 σὺ
1620 1214 1673 1271 εἴ
1696 1220 1724 1271 6
1750 1221 1842 1273 ἐκ-

276 1308 485 1372 σπάσας
516 1325 585 1378 με
615 1309 680 1361 ὲκ
703 1307 954 1378 γαστρὸς,
987 1309 1019 1378 ἡ
1051 1307 1205 1371 ἐλπίς
1230 1325 1328 1379 μου
1363 1309 1470 1362 ἀπὸ
1499 1309 1719 1381 μαστῶν
1741 1311 1841 1382 τῆς

274 1402 479 1473 μητρός
505 1418 621 1471 μου.
669 1401 793 1455 Ἐπὶ
824 1402 883 1454 σὲ
919 1401 1223 1472 ὲπερῤίφην
1253 1403 1316 1454 ὲκ
1360 1403 1591 1473 μήτρας,
1615 1402 1722 1456 ἀπὸ
1740 1421 1841 1472 γα-

274 1494 432 1565 «pa»,-
476 1493 679 1563 μητρός
725 1509 827 1563 μου
865 1492 997 1557 Θεός
1032 1511 1134 1563 μου
1169 1489 1219 1546 εἶ
1258 1493 1341 1547 σύ.
1372 1514 1390 1544 ι
1434 1488 1603 1560 Οὗτος
1630 1496 1693 1566 δὴ
1723 1492 1837 1562 οὖν,

269 1584 405 1656 πρὸς
432 1583 511 1653 τῷ
534 1584 693 1637 πάθει
723 1578 979 1653 γεγονὼς,
1006 1583 1220 1655 εὔχεται
1248 1584 1316 1638 τά
1341 1586 1674 1657 προκείμενα
1704 1589 1839 1659 πρὸς

265 1678 353 1731 τὸν
374 1677 613 1746 Πατέρα,
638 1679 731 1730 καὶ
755 1676 1042 1739 τοσούτων,
1072 1678 1224 1747 φησὶ,
1252 1678 1550 1748 μελλόντων
1586 1696 1653 1750 με
1684 1697 1839 1753 περι-

266 1770 557 1841 στήσεσθαι
578 1771 964 1841 ἀντικειμένων
986 1772 1292 1841 ἐνεργειῶν,
1315 1773 1406 1826 καὶ
1422 1771 1689 1843 δαιμόνων
1710 1775 1838 1829 ἀκα-

264 1861 501 1932 θάρτων,
526 1864 619 1915 καὶ
640 1862 1025 1932 πνευματικῶν
1051 1863 1333 1933 πονηρίας,
1360 1866 1454 1917 καὶ
1475 1866 1565 1918 ἐπὶ
1587 1868 1718 1919 πᾶσι
1743 1866 1837 1920 τοῦ

262 1954 482 2007 πάντων
512 1954 800 2024 χειρίστου,
837 1953 999 2006 αὑτοῦ
1020 1953 1083 2024 δὴ
1113 1953 1206 2006 τοῦ
1236 1954 1494 2027 ἄρχοντος
1523 1957 1617 2010 τοῦ
1647 1957 1839 2022 αἰῶνος

260 2046 448 2100 τούτου
473 2045 589 2117 (οὓς
620 2045 722 2115 τῆς
757 2047 953 2109 κακίας
982 2047 1134 2100 ἓνεκε
1156 2046 1326 2118 θῆρας
1349 2050 1615 2119 πονηροὺς
1640 2050 1837 2121 ὀνομά-

259 2137 372 2203 ζειν
405 2138 581 2204 ἆξιον,
620 2139 713 2191 καὶ
742 2139 863 2210 ἦτοι
891 2139 1123 2209 ταύρους
1157 2140 1400 2211 ἀγρίους,
1439 2140 1473 2211 ἢ
1520 2141 1774 2211 μόσχους,
1801 2143 1835 2211 ἢ

256 2228 566 2300 λέοντας,ἣ
609 2230 817 2301 κύνας),
864 2230 1070 2301 μέλλων
1117 2248 1177 2283 τε
1225 2232 1361 2303 πρὸς
1398 2232 1643 2296 ἅπαντας
1684 2233 1838 2287 ἵστα⁴

257 2320 401 2384 σθαι,
459 2321 557 2375 καλ⁸
602 2321 766 2392 μηδὲν
810 2322 1011 2391 ἀγαθὸν
1067 2325 1146 2386 είς
1194 2324 1388 2386 αὐτοὺς
1439 2325 1699 2396 ἐνεργεῖν,
1750 2325 1838 2395 ,τῷ

258 2413 428 2484 μηδὲν
476 2413 876 2485 παραδέχεσθαι
931 2415 1125 2478 αὐτοὺς
1174 2414 1282 2468 τῶν
1327 2414 1474 2485 ἐμῶν
1515 2416 1732 2484 ἀγαθῶν
1770 2416 1835 2469 δι’

252 2501 432 2575 ἄκραν
454 2502 657 2566 κακίας
680 2502 812 2568 ἕξιν,
843 2504 976 2557 ἀλλά
1013 2505 1146 2575 μηδὲ
1184 2504 1377 2575 βοηθοῦ
1412 2506 1547 2577 μηδὲ
1574 2508 1834 2577 συνεργοῦ

250 2596 544 2665 τυγχάνων
570 2595 715 2659 τινὸς
745 2595 856 2649 τῶν
883 2597 1316 2669 προειρημένων,
1347 2600 1426 2661 είς
1453 2599 1544 2651 τὸν
1562 2599 1700 2670 ὑπὲρ
1729 2599 1837 2653 τῶν

247 2687 309 2741 ἐν
336 2686 472 2759 ᾅδου
510 2686 697 2756 ψυχῶν
742 2682 931 2752 ἆθλον,
982 2688 1099 2750 πῶς
1138 2689 1237 2741 οὐκ
1270 2688 1335 2742 ἂν
1361 2689 1592 2759 εὐλόγως
1626 2691 1833 2762 εἴποιμ·

254 2798 275 2829 ι
314 2781 441 2834 Ὀτι
473 2778 655 2849 θλίψις
694 2781 880 2848 ἐγγὺς,
923 2780 1007 2833 ὅτι
1039 2782 1140 2833 οὐκ
1180 2780 1330 2834 ἔστιν
1362 2782 1391 2833 6
1422 2781 1663 2852 βοηθῶν;
1698 2804 1715 2835 ι
1764 2785 1837 2837 Τὸ

249 2872 352 2945 μὲν
397 2869 504 2927 οὖν
539 2873 636 2937 τὰς
669 2874 910 2945 πονηρὰς
941 2874 1035 2927 καὶ
1063 2873 1437 2943 ἀντικειμένας
1468 2874 1730 2945 δυνάμεις
1761 2876 1834 2946 μὴ

248 2968 542 3038 συνεργεῖν
574 2965 722 3037 αὐτῷ
744 2967 877 3037 μηδὲ
906 2966 1117 3036 βοηθεῖν
1151 2967 1235 3018 ἐπ’
1256 2966 1457 3034 ἀγαθον
1478 2967 1644 3038 αὐτῷ,
1684 2969 1837 3039 νομί-

244 3055 438 3130 ζομεν,
478 3059 563 3112 ὅτι
596 3059 746 3112 οὐδὲν
787 3054 856 3129 ἦν
882 3058 1228 3129 θαυμαστόνο
1261 3060 1321 3112 ἰδ
1346 3059 1403 3113 δὲ
1432 3060 1646 3114 πάντων
1683 3061 1836 3131 μέγι-

1947 582 2247 637 ominnsam
2277 594 2469 652 putant
2500 602 2562 641 se
2607 586 2821 651 videre,
2870 605 2955 645 me
3006 592 3516 658 subsannaverunt.

1947 680 2153 726 tantum
2176 674 2465 729 adversum
2508 692 2595 732 me
2636 678 2931 740 irrisionis.
2969 690 3290 753 tantumque
3337 684 3520 739 detra-

1945 764 2459 834 ctionisjactantes,
2495 778 2552 822 ut
2592 770 2661 826 de
2715 786 2801 826 me
2831 788 2937 827 non
2995 775 3156 828 modo
3213 778 3518 847 cogitantes

1943 859 2405 915 ratiocinarentur
2456 863 2748 935 animoque
2782 876 3062 920 versarent
3119 869 3325 923 nefaria
3357 910 3372 933 ,
3420 872 3515 926 sed

1944 946 2212 1018 intrepide
2230 965 2445 1021 quoque
2474 952 2828 1023 loquerentur
2849 962 2901 1009 et
2925 956 3101 1026 palam
3143 959 3513 1024 enuntiarent,

1947 1056 1968 1088 ι
1989 1038 2251 1108 siquidem
2276 1042 2438 1096 locuti
2455 1051 2580 1098 sunt
2596 1044 2751 1098 labiis
2766 1053 3115 1101 etmoverunt
3129 1056 3310 1117 caput,
3330 1051 3514 1105 dicere

1940 1136 2057 1185 tes:
2087 1130 2241 1202 501
2266 1131 2842 1203 SperavitinDomino,
2861 1137 3251 1208 eripiateum,»
3288 1148 3342 1195 et
3372 1158 3514 1197 nunc

1942 1222 2127 1291 igitur,
2161 1233 2219 1277 ut
2249 1223 2518 1289 dicebam,
2551 1241 2675 1280 cum
2708 1227 2833 1281 talia
2876 1244 2964 1283 me
3008 1230 3512 1294 circnmstelerunt,
3588 1262 3607 1283 ο

1941 1320 1994 1364 te
2021 1308 2235 1363 Patrem
2268 1327 2468 1376 meum,
2502 1315 2593 1382 qui
2628 1317 2915 1371 extraxisti
2946 1332 3031 1372 me
3070 1317 3138 1373 de
3164 1331 3354 1375 ventre
3400 1338 3516 1376 ma-

1938 1402 2042 1455 tris
2070 1417 2221 1466 mea,
2250 1402 2305 1457 in
2338 1419 2497 1473 quem
2532 1406 2809 1475 projectus
2839 1424 2959 1463 sum
3004 1425 3072 1465 ex
3105 1419 3283 1470 utero.
3317 1411 3372 1466 in
3400 1428 3514 1483 quo

1940 1494 2157 1562 speravi
2217 1494 2285 1547 ab
2324 1495 2609 1562 uberibus,
2654 1499 2748 1567 qui
2793 1501 2954 1554 etiam
2990 1502 3058 1557 de
3098 1512 3288 1558 ventre
3321 1506 3514 1562 matris

1939 1600 2075 1640 mea:
2104 1586 2319 1655 agnitus
2353 1605 2412 1642 es
2443 1589 2597 1651 mihi,
2634 1600 2687 1645 et
2730 1590 2949 1646 interim
2996 1596 3309 1664 agnosceris
3342 1596 3508 1661 Deus,

1939 1682 2163 1749 supplex
2196 1695 2292 1734 oro
2320 1695 2382 1735 ac
2415 1696 2608 1753 precor
2647 1702 2666 1735 ί
2693 1699 2760 1741 ne
2789 1685 3012 1742 recedas
3037 1701 3066 1739 a
3109 1704 3214 1752 me,
3252 1691 3511 1759 quoniam

1940 1771 1994 1826 in
2034 1775 2283 1842 proximo
2331 1784 2415 1831 est
2447 1775 2720 1831 aﬂlictio.»
2775 1775 2939 1832 Venit
2978 1778 3145 1845 enim,
3201 1780 3399 1850 inquit,
3455 1789 3511 1837 et

1942 1873 2143 1930 quanta
2193 1864 2432 1918 nondum
2480 1864 2731 1927 antehac,
2799 1864 2955 1921 adest
3002 1875 3167 1936 atque
3216 1870 3512 1939 appropin-

1941 1962 2091 2024 quat,
2124 1971 2244 2024 quze
2272 1957 2685 2025 comprehendit
2720 1955 2856 2026 jam,
2891 1967 2944 2012 et
2971 1958 3102 2011 mihi
3135 1958 3303 2013 instat
3329 1969 3511 2016 extre.

1942 2062 2029 2099 ma
2083 2047 2326 2100 omnium
2384 2048 2689 2103 immodicae
2749 2063 2884 2103 mea!
2948 2048 3256 2104 alllictionis
3309 2055 3507 2109 nubes.

1938 2135 2125 2207 Neque
2155 2138 2299 2193 enim
2345 2154 2444 2210 ego
2500 2155 2596 2210 per
2642 2138 2985 2194 altlictionem
3015 2140 3158 2195 hanc
3211 2157 3332 2211 quae
3364 2160 3509 2198 nunc

1939 2240 2026 2280 me
2083 2228 2421 2292 circumstat,
2477 2242 2695 2284 crucem
2772 2230 2943 2299 ipsam
3005 2230 3270 2301 intelligo,
3331 2249 3509 2303 neque

1935 2316 2138 2386 probra
2172 2333 2237 2372 ex
2270 2319 2604 2381 hominibus,
2646 2336 2824 2391 neque
2871 2321 3124 2385 ludibria,
3173 2338 3349 2392 neque
3377 2339 3508 2377 vero

1937 2424 2001 2465 ea
2031 2424 2151 2478 quae
2177 2420 2300 2466 ante
2325 2424 2540 2466 crucem
2574 2411 2706 2466 mihi
2737 2410 3075 2476 acciderunt,
3102 2412 3332 2483 ﬂagella,
3369 2430 3507 2469 cono

1938 2501 2191 2556 tumelias
2222 2508 2276 2555 et
2328 2501 2436 2555 alia
2482 2516 2824 2571 quaecunque
2870 2500 3188 2557 debacchati
3217 2513 3343 2557 sunt
3371 2520 3507 2560 con-

1936 2600 2022 2646 tra
2046 2609 2130 2648 me
2162 2592 2258 2647 lilii
2304 2593 2608 2656 hominum,
2665 2593 2760 2648 sed
2810 2593 2967 2648 video
3007 2604 3129 2664 post
3175 2596 3505 2652 solutionem

1931 2682 2184 2750 corporis
2217 2683 2269 2734 in
2302 2682 2418 2751 ipsa
2446 2690 2620 2736 morte
2668 2689 2722 2736 et
2752 2682 2820 2736 ad
2856 2682 3061 2738 inferos
3094 2682 3363 2739 descensu
3409 2701 3506 2755 ap-

1936 2774 2385 2843 propinquantem
2436 2774 2874 2829 adversariarum
2918 2786 2971 2829 et
3003 2774 3348 2830 inimiearum
3395 2777 3507 2833 Deo

1938 2870 2266 2932 potestatum
2318 2864 2638 2919 insolentem
2673 2864 2956 2935 impetum.
3009 2865 3352 2937 Quapropter
3379 2868 3505 2923 dico

1936 2954 2278 3010 alﬂictionem
2325 2957 2377 3009 in
2419 2956 2666 3024 proximo
2697 2971 2841 3021 esse,
2906 2975 2926 3007 ι
2955 2960 3214 3028 quoniam
3254 2976 3363 3014 non
3417 2972 3504 3017 est

1932 3047 2027 3116 qui
2069 3047 2304 3114 adjuvet.
2342 3066 2361 3096 ι
2387 3045 2493 3111 Qui
2517 3049 2660 3103 enim
2694 3046 2807 3101 ﬁeri
2842 3054 3039 3117 potest,
3074 3056 3133 3102 ut
3163 3064 3270 3103 non
3314 3050 3507 3104 immo-

243 3163 373 3204 στον
397 3151 513 3221 τῆς
541 3150 771 3220 θλίψεως
800 3150 898 3220 τῆς
940 3150 1170 3220 μάλιστα
1208 3150 1499 3221 πιεςούσης
1538 3152 1699 3206 αὐτὸν
1728 3152 1833 3205 τόδ’

1939 3135 2060 3189 dica
2097 3145 2151 3188 et
2201 3137 2435 3189 maxima
2488 3137 2602 3205 ipsa
2660 3138 2750 3190 illa
2799 3138 2962 3193 fuerit
3005 3140 3243 3199 alllictio.
3298 3143 3351 3196 in
3392 3159 3502 3212 qua

238 3238 308 3317 ἦν
327 3228 469 3315 ἀρα,
495 3243 559 3296 τὸ
589 3243 791 3313 μηδένα
818 3242 950 3313 μηδὲ
974 3242 1080 3295 τῶν
1100 3244 1289 3296 αἰσίων
1320 3246 1412 3297 καὶ
1452 3243 1640 3307 δεξιῶν
1669 3244 1834 3313 ἀγγέ-

235 3335 370 3401 λων,
437 3336 582 3409 μηδὲ
636 3336 743 3407 μὴν
797 3334 903 3388 τῶν
941 3335 1099 3388 θείων
1139 3335 1439 3406 δυνάμεων,
1480 3336 1683 3407 τολμᾷν
1712 3339 1832 3389 επι-

234 3425 451 3481 εαίνειν
487 3427 606 3488 τοῖς
634 3423 728 3477 τοῦ
767 3424 994 3478 θανάτου
1027 3423 1332 3494 βασιλείοις,
1381 3426 1513 3496 μηδὲ
1554 3426 1831 3497 συνεργεῖν

229 3519 328 3571 ἐπὶ
382 3515 627 3589 βοηθείᾳ
672 3516 780 3569 τῶν
831 3514 1015 3568 αὐτόθι
1063 3515 1268 3585 ψυχῶν.
1323 3517 1483 3587 Μόνῳ
1533 3516 1641 3588 γάρ
1685 3517 1831 3587 αὐτῷ

231 3607 382 3661 τοῦτ’
414 3609 665 3681 ἀτρεμὲς
690 3603 779 3679 ἦν,
816 3606 937 3660 ἐπεὶ
978 3608 1071 3660 καὶ
1106 3608 1248 3678 μόνῳ
1275 3607 1622 3679 ἠνεῴχθησαν
1671 3609 1830 3662 πύλαι

227 3699 507 3765 θανάτου,
540 3701 635 3753 καὶ
667 3700 825 3770 μόνον
844 3700 1007 3753 αὐτὸν
1029 3699 1266 3770 πυλωροὶ
1293 3699 1422 3771 ᾅδου
1451 3700 1646 3763 ἰδόντες
1669 3700 1833 3772 ἔπτη-

225 3786 353 3854 ξαν,
389 3789 573 3852 αὐτός
607 3805 666 3841 τε
692 3792 721 3842 6
747 3788 808 3841 τὸ
842 3788 1041 3860 κράτος
1082 3788 1219 3859 ἔχων
1250 3789 1345 3843 τοῦ
1382 3789 1631 3853 θανάτου,
1664 3792 1833 3844 ὑπεκ-

224 3881 365 3943 στὰς
383 3879 513 3933 τῶν
539 3877 822 3949 βασιλείων
850 3878 1074 3950 θρόνων,
1097 3878 1192 3931 διτε
1219 3879 1377 3948 μόνον
1396 3878 1558 3931 αὑτὸν
1579 3880 1832 3946 ἐπιγνοὺς

222 3971 438 4027 ἑαυτοῦ
473 3970 712 4039 Κύριον,
757 3969 1014 4041 ἐλάλησεν
1047 3969 1196 4039 αὐτῷ
1234 3970 1414 4041 δεήσει
1457 3969 1552 4022 κατ¹
1586 3968 1833 4040 ἱκετηρία

223 4064 537 4136 μαλακῶς,
555 4061 777 4116 κατὰτὰ
796 4061 955 4134 δηλοΰ
965 4080 1098 4132 μενο.
1127 4066 1185 4116 ὲν
1203 4061 1281 4133 τῷ
1317 4060 1436 4114 Ἰὼϐ
1459 4061 1586 4132 περὶ
1605 4060 1829 4114 τούτων.

220 4155 382 4227 Πλὴν
412 4154 567 4208 ἀλλά
596 4154 698 4225 τὴν
729 4153 901 4225 ἀσεϐῆ
944 4153 1038 4207 τοῦ
1064 4153 1328 4224 τυράννου
1374 4152 1833 4206 καταδυναστείαν

215 4248 501 4303 τοσοῦτον
549 4246 693 4318 ὁρῶν
738 4245 1041 4317 ἰσχύουσαν,
1080 4246 1154 4309 ὡς
1198 4245 1399 4317 μηδένα
1439 4244 1597 4299 ἄλλον
1628 4243 1833 4314 τολμᾷν

215 4339 334 4394 τῶν
362 4341 504 4395 κατ’
535 4337 764 4408 οὐρανὸν
792 4339 849 4391 ὲν
871 4341 985 4401 τοῖς
1012 4337 1197 4391 αὐτόθι
1224 4337 1441 4411 χωρίοις
1466 4338 1831 4407 συμπαρεῖναι

214 4432 401 4505 αὐτῷ,
441 4434 555 4487 καὶ
581 4434 650 4502 τῇ
680 4429 788 4484 τῶν
816 4430 1002 4485 αὐτόθι
1033 4429 1218 4502 ψυχῶν
1251 4431 1531 4501 συνεργεῖν
1565 4427 1828 4499 σωτηρίᾳ,

1935 3242 2045 3279 non
2077 3225 2241 3279 fuerit
2277 3227 2368 3295 qui
2406 3227 2689 3292 adjuvaret
2715 3229 2737 3281 ?
2762 3229 2851 3283 ille
2876 3231 3019 3284 enim
3052 3247 3151 3300 pro
3173 3248 3362 3287 earum
3390 3236 3502 3288 ani-

1932 3333 2142 3371 marum
2170 3319 2346 3372 salute
2380 3320 2693 3398 accedebat,
2726 3337 2846 3390 quae
2872 3323 3013 3392 apud
3050 3324 3254 3379 inferos
3277 3341 3340 3380 ex
3376 3327 3498 3382 lon-

1930 3412 2155 3480 gissimo
2209 3421 2452 3483 tempore
2506 3413 2795 3469 adventum
2855 3415 2975 3483 ejus
3005 3417 3411 3486 exspectabant,
3448 3427 3503 3473 et

1931 3503 2295 3559 descendebat
2355 3504 2500 3561 fores
2552 3524 2724 3564 aereas
2763 3508 3198 3570 contriturus.et
3224 3520 3406 3565 vectes
3429 3526 3503 3564 ae-

1934 3608 2057 3649 reos
2083 3597 2488 3662 contracturus,
2520 3610 2573 3654 et
2596 3615 2713 3663 eos,
2737 3601 2828 3670 qui
2849 3608 3005 3655 antea
3025 3603 3186 3656 vincti
3205 3605 3345 3672 apud
3370 3604 3503 3659 infe-

1932 3704 2023 3742 ros
2052 3695 2228 3749 erant,
2260 3690 2313 3742 in
2347 3690 2649 3746 libertatem
2689 3692 3088 3753 vindicaturus,
3130 3693 3286 3762 quod
3321 3695 3497 3765 ipsum

1932 3781 2095 3834 etiam
2156 3784 2356 3835 factum
2393 3791 2498 3844 est,
2529 3782 2749 3853 quando
2796 3784 2965 3837 multa
3015 3799 3246 3853 corpora
3305 3803 3498 3841 eorum

1931 3873 2023 3940 qui
2073 3871 2409 3926 dormierant
2461 3883 2777 3928 sanctorum
2827 3876 3130 3943 surgentia,
3171 3880 3328 3932 simul
3373 3896 3499 3933 cum

1932 3977 1998 4018 eo
2031 3964 2274 4033 ingressa
2316 3973 2444 4019 sunt
2495 3965 2549 4019 in
2604 3981 2727 4020 vere
2766 3974 3011 4021 sanctam
3058 3966 3150 4021 Dei
3198 3969 3497 4035 civitatem,

1934 4058 2287 4112 adversantes
2315 4071 2443 4111 vero
2465 4064 2763 4126 potestates
2788 4065 2846 4111 ut
2873 4057 3187 4113 hominibus
3212 4068 3496 4122 nocerent,

1932 4159 2120 4203 contra
2176 4149 2326 4201 illum
2362 4148 2518 4217 quasi
2574 4148 2628 4200 in
2664 4148 2782 4202 acie
2840 4149 3152 4210 veniebant,
3203 4165 3497 4206 mmrorem

1932 4254 2040 4292 non
2069 4254 2291 4309 parvum
2321 4245 2483 4307 atque
2503 4236 2847 4290 amictionem
2868 4237 2941 4290 illi
2966 4237 3277 4301 alierentes,
3298 4241 3503 4311 quippe

1933 4327 2025 4398 qui
2066 4328 2229 4382 etiam
2276 4327 2397 4381 illas
2451 4325 2615 4379 nimia
2658 4324 2901 4378 bonitate
2937 4324 3179 4380 deﬁeret.
3229 4324 3499 4381 Caeterum

1934 4420 2152 4474 attende
2204 4432 2498 4488 quemnam
2548 4417 2604 4471 in
2652 4417 2872 4471 modum
2937 4426 3137 4473 cuncta
3193 4419 3309 4473 haec
3353 4419 3501 4473 dicta

215 4527 469 4590 εἰκότως
511 4525 703 4595 φησίν·
741 4543 761 4576 ι
804 4525 924 4577 Ὅτι
955 4523 1131 4593 θλίψις
1157 4523 1343 4591 ἐγγὺς,
1373 4522 1454 4576 ὅτι
1489 4523 1588 4575 οὐκ
1619 4520 1763 4574 ἔστιν
1800 4520 1830 4572 6

1936 4513 2065 4578 sint,
2099 4512 2255 4582 quasi
2283 4525 2348 4565 ex
2390 4525 2620 4581 persona
2652 4509 2773 4578 ejus
2802 4509 2893 4579 qui
2918 4512 2974 4565 in
2992 4521 3165 4565 ‘utero
3208 4513 3273 4566 sit
3320 4520 3504 4580 gesta-

214 4616 474 4690 βσηθῶν,
504 4636 529 4667 ο
559 4615 676 4678 ἑνὸς
703 4614 864 4685 μόνον
890 4612 983 4666 τοῦ
1010 4614 1228 4667 κάκεῖσε
1265 4611 1477 4684 βοηθεῖν
1499 4610 1645 4681 αὐτῷ
1672 4611 1831 4664 δυνα-

215 4711 421 4782 μένου,
461 4706 927 4770 καταλελοιπότος
954 4706 1135 4768 αὐτὸν,
1168 4704 1242 4769 ὡς
1263 4704 1328 4758 ἂν
1351 4707 1428 4768 είς
1460 4704 1666 4767 πάντας
1696 4703 1829 4756 ἀνα-

207 4798 554 4874 κηρυχθείη
597 4797 659 4851 τὸ
701 4796 949 4870 λαμπρόν
988 4797 1082 4851 καὶ
1119 4795 1390 4869 ἐξαίρετον
1421 4796 1519 4867 τῆς
1558 4795 1692 4858 ἰδίας
1730 4794 1829 4847 αὑ·-

207 4893 311 4948 τοῦ
349 4890 776 4965 προαιρέσεως,
822 4889 923 4960 τῆς
954 4906 1027 4963 ,τε
1072 4888 1213 4943 κατά
1261 4888 1477 4941 πάντων
1515 4886 1690 4958 νίκης.
1720 4886 1832 4941 Καὶ

208 4984 555 5056 ἐπειδήπρ
610 4981 641 5033 ό
693 4979 852 5050 μόνος
909 4977 1059 5048 αὐτῷ
1108 4976 1317 5048 βοηθεῖν
1377 4978 1670 5048 δυνάμενος
1731 4978 1833 5030 οὐκ

206 5074 283 5150 ἦν
321 5074 500 5146 αὐτῷ
548 5072 677 5125 τότε
714 5070 934 5142 βοηθός,
978 5069 1201 5133 εἰκότως
1236 5068 1532 5141 ἀρχόμενος
1563 5067 1716 5136 ἔλεγε
1747 5067 1829 5131 τδ,

212 5169 473 5231 «Ἠλεὶ,
555 5162 741 5227 Ἠλεὶ,
801 5162 994 5232 λαμμᾶ
1050 5160 1385 5232 σαϐαχθανί,
1412 5179 1432 5211 ι
1486 5159 1632 5214 τοῦτ’
1681 5160 1829 5214 ἐστι’

212 5283 235 5316 ο
258 5264 377 5319 Θεέ
411 5275 577 5333 μου,
621 5255 723 5311 Θεέ
752 5272 890 5327 μου,
924 5255 1013 5309 ἵνα
1035 5253 1087 5309 τί
1124 5251 1474 5323 ἐγκατέλιπές
1520 5269 1620 5325 με;
1647 5272 1664 5304 ι
1705 5252 1832 5306 συλ-

204 5346 658 5429 λαμδφοομένῳ
718 5345 819 5417 μὲν
861 5338 954 5398 οὖν
1005 5344 1101 5398 καὶ
1143 5342 1562 5414 κυοφορουμένῳ
1599 5343 1704 5397 ὐπὸ
1731 5341 1832 5411 τῆς

205 5447 387 5516 ἁγίας
444 5436 752 5512 Παρθένου
788 5436 868 5507 τῷ
902 5435 1212 5507 δηλουμένῳ
1247 5439 1282 5508 ἡ
1336 5435 1574 5508 πατρικὴ
1606 5434 1834 5504 δύναμις

205 5538 392 5610 συνῆν
418 5575 438 5600 ,
497 5533 615 5588 ὅτε
648 5526 873 5599 Πνεῦμα
906 5527 1061 5596 ἆγιον
1087 5527 1289 5597 ἐπῆλθε
1314 5529 1381 5598 τῇ
1415 5524 1702 5598 Παρθένῳ,
1740 5523 1833 5577 καὶ

198 5629 459 5701 δύναμις
513 5620 788 5690 ’Υψίστου
817 5620 1144 5675 ἐπεσκίασεν
1179 5620 1348 5689 αὐτῇ,
1384 5617 1544 5681 αὐτός
1571 5633 1628 5671 τε
1665 5617 1695 5669 6
1718 5617 1832 5669 Πα-

197 5725 318 5801 τὴρ
346 5723 457 5779 τδν
494 5716 889 5789 γεννώμενον,
923 5715 999 5779 ὼς
1044 5716 1072 5768 6
1114 5713 1269 5781 λόγος
1308 5712 1646 5801 παρέστησεν
1666 5750 1688 5801 ,μ
1728 5708 1837 5801 ἀπὸ

348 5809 639 5886 γαττρδς
673 5806 962 5872 ὶξέσπασεν
987 5821 1001 5834 ⁸
1063 5803 1426 5873 ἀποδυομένου
1466 5800 1520 5849 δὲ
1553 5796 1703 5869 παρὰ
1741 5798 1833 5852 τὸν

575 5907 853 5967 Parum"
897 5904 1013 5963 Gn.
1047 5902 1252 5963 XXII.

1932 4611 2040 4669 tus,
2074 4611 2128 4659 et
2150 4604 2217 4657 de
2245 4610 2434 4657 ventre
2465 4601 2656 4655 matris
2684 4609 2866 4667 natus,
2898 4613 2953 4658 et
2985 4618 3147 4672 quem
3181 4602 3502 4657 dicebamus

1930 4711 2054 4752 esse
2103 4696 2314 4765 Agnum
2368 4692 2483 4749 Dei.
2539 4691 2680 4748 Huic
2710 4694 2855 4750 enim
2912 4696 3016 4765 ipsi
3070 4695 3144 4748 ita
3185 4694 3505 4749 acciderunt

1932 4802 2052 4857 qua;
2099 4787 2167 4840 ad
2207 4785 2518 4857 passionem
2562 4794 2839 4858 spectant,
2882 4786 3339 4857 quemadmodum
3382 4799 3506 4854 quae

1933 4878 2002 4932 ad
2034 4884 2215 4932 ortum
2250 4876 2304 4931 in
2344 4890 2577 4946 corpore
2607 4877 3040 4932 conveniebant:
3078 4890 3204 4928 nam
3233 4874 3377 4943 quod
3402 4887 3499 4929 or-

1933 4979 2047 5025 tum
2080 4977 2185 5031 est,
2228 4967 2282 5022 id
2311 4967 2478 5023 etiam
2515 4969 2761 5034 occidit;
2790 4967 2935 5039 quod
2968 4972 3095 5022 vero
3123 4966 3347 5029 occidit,
3392 4979 3505 5020 non

1934 5059 2071 5113 alias
2100 5062 2335 5111 mortem
2377 5058 2668 5127 contingit,
2722 5071 2887 5127 quam
2934 5057 2980 5111 si
3012 5056 3168 5127 prius
3196 5070 3292 5126 per
3320 5061 3503 5110 ortum

1934 5151 2245 5221 ingressum
2283 5150 2374 5205 sit.
2424 5149 2549 5204 Haec
2578 5150 2745 5220 igitur
2775 5149 3000 5219 exponit
3029 5149 3279 5204 Salvator
3306 5161 3370 5201 ac
3396 5144 3504 5200 Do-

1933 5244 2120 5299 minus
2156 5252 2366 5306 noster,
2402 5258 2511 5297 non
2550 5251 2818 5312 quatenus
2850 5247 2904 5296 et
2935 5240 3120 5295 carnis
3163 5246 3218 5293 et
3258 5240 3511 5305 corporis

1933 5352 2130 5406 expers
2175 5345 2294 5392 erat
2347 5345 2565 5396 natura,
2600 5351 2776 5405 neque
2815 5343 3088 5404 quatenus
3133 5330 3229 5388 Dei
3267 5329 3505 5387 Verbum

1936 5428 2190 5499 Deosque
2244 5428 2361 5498 ipse
2416 5427 2754 5489 intelligitur,
2799 5426 2893 5481 sed
2953 5433 3227 5494 quatenus
3268 5423 3507 5478 idoneus

1935 5526 2055 5573 erat
2082 5519 2135 5572 in
2166 5518 2416 5572 oratione
2440 5516 2505 5570 ad
2537 5516 2746 5571 Patrem
2777 5516 2988 5572 dicere:
3010 5515 3169 5587 502
3191 5535 3207 5564 ι
3235 5514 3505 5580 Quoniam

1936 5621 1994 5667 tu
2053 5629 2116 5668 es
2172 5613 2266 5682 qui
2306 5611 2595 5667 extraxisti
2652 5626 2738 5666 me
2771 5611 2839 5665 de
2867 5618 3078 5672 ventre,
3111 5625 3239 5677 spes
3288 5624 3408 5666 mea
3437 5611 3506 5660 at)

1940 5705 2202 5760 uberibus
2258 5703 2451 5757 matris
2511 5718 2665 5757 mete.
2727 5700 2784 5756 In
2842 5710 2895 5758 te
2941 5703 3218 5772 projectus
3265 5714 3389 5754 sum
3437 5713 3503 5753 ex

1941 5807 2111 5850 utero.
2156 5794 2226 5847 Et
2264 5802 2450 5849 ventre
2482 5795 2673 5849 matris
2713 5810 2845 5849 mete
2893 5794 3035 5853 Deus
3080 5806 3235 5847 mens
3278 5806 3340 5847 es
3374 5794 3501 5844 ω..

3156 5887 3232 5951 25
