4100 6474
611 326 716 385 779

1243 321 1509 377 EUSEBII
1537 320 2018 377 CESARIENSIS
2055 320 2205 377 OPP.
2250 320 2429 376 PARS
2466 320 2531 376 ιι.
2567 353 2635 365 --
2664 320 3168 382 APOLOGETICA.

3741 329 3866 385 786

610 439 711 496 Iiic
730 438 905 511 igitur
937 439 1066 492 dum
1111 437 1175 491 in.
1222 435 1338 506 ipsa
1374 436 1629 506 passione
1668 445 1775 502 est,
1827 438 2057 508 supplex
2105 438 2174 492 ad

2282 437 2468 508 καιρὸν
2499 436 2592 491 τοῦ
2631 437 2838 504 πάθους
2876 441 3011 513 πρὸς
3044 442 3141 512 τὴν
3175 441 3315 496 κατά
3356 445 3450 499 τοῦ
3487 445 3717 500 θανάτου
3744 447 3866 503 πά-

609 530 825 587 Patrem
857 543 1018 584 suum
1076 542 1140 581 ea
1188 526 1341 590 dicit,
1378 542 1501 596 qua:
1554 531 1667 598 jam
1720 530 1971 599 exposita
2022 538 2173 585 sunt.

613 621 677 677 Et
724 635 851 676 cum
904 627 1014 675 tam
1069 618 1274 685 multae,
1321 620 1517 688 inquit,
1581 635 1668 675 me
1723 621 2178 676 circumventum:

611 713 721 768 sint
748 711 918 781 copim
950 724 1017 764 ex
1054 708 1285 764 adverso
1312 710 1581 778 etlicaces,
1616 720 1669 765 et
1718 712 1917 781 impuri
1967 712 2174 767 daemo-

610 818 730 866 nes,
769 810 824 858 et
863 802 1171 873 spiritualia
1200 801 1473 871 nequitiae,
1506 812 1560 857 et
1588 803 1823 873 denique
1849 803 1895 857 is
1925 803 2018 873 qui
2054 818 2177 857 om-

610 898 761 953 nium
799 897 1072 968 pessimus
1111 903 1217 959 est,
1249 897 1385 967 ipse,
1419 898 1663 966 inquam,
1708 896 1964 966 princeps
1992 896 2178 952 saeculi

613 988 776 1058 hujus
819 989 978 1058 (quos
1002 996 1224 1059 propter
1263 989 1552 1051 malitiam,
1589 986 1735 1045 feras
1775 988 2044 1058 malignas
2073 1003 2176 1043 no-

611 1081 819 1135 minare
848 1093 945 1151 par
971 1087 1078 1144 est,
1115 1087 1170 1135 et
1209 1081 1292 1136 vel
1336 1089 1523 1134 tauros
1547 1086 1813 1150 agrestes,
1840 1081 1925 1134 vel
1954 1080 2175 1142 vitulos,

613 1173 696 1226 vel
739 1173 941 1237 leones,
974 1172 1058 1226 vel
1105 1174 1316 1239 canes),
1363 1178 1417 1226 et
1456 1185 1543 1225 me
1581 1177 1771 1224 contra
1808 1185 1999 1226 omnes
2027 1179 2177 1226 stare

566 1334 573 1337 _
612 1271 880 1336 oporteat,
910 1277 1086 1332 neque
1122 1261 1418 1333 quidquam
1452 1260 1579 1315 boui
1608 1259 1665 1314 in
1693 1274 1788 1315 eos
1814 1259 1916 1314 sim
1945 1260 2180 1314 collatu-

612 1374 730 1424 rus,
778 1365 1066 1430 prapterea
1096 1355 1242 1428 quod
1285 1357 1390 1427 ipsi
1417 1362 1636 1427 propter
1673 1367 1988 1423 supremum
2019 1353 2178 1407 mali-

614 1453 703 1506 tia:
740 1450 1008 1515 habitum,
1045 1462 1292 1503 meorum
1327 1448 1596 1502 honorum
1621 1461 1852 1518 capaces
1885 1460 1993 1500 non
2027 1452 2177 1511 sunt,

610 1557 791 1611 neque
834 1540 1142 1609 adjutorem
1194 1546 1288 1593 aut
1340 1539 1551 1593 socium
1588 1537 1819 1592 habeam
1868 1537 2179 1607 quempiam

580 1622 585 1627 ’
614 1648 809 1690 eorum
844 1633 1091 1703 ipsorum
1130 1632 1224 1702 qui
1270 1631 1400 1686 dicti
1434 1636 1583 1693 sunt,
1631 1629 1686 1683 in
1721 1627 2019 1683 certamine
2046 1627 2179 1682 mihi

612 1739 712 1796 pro
743 1724 918 1779 salute
943 1722 1247 1777 animarum
1272 1721 1535 1788 ineundo,
1571 1735 1696 1791 quae
1722 1727 1850 1774 sunt
1874 1720 2017 1791 apud
2042 1719 2181 1776 infe-

613 1830 725 1877 ros.
754 1830 854 1869 cur
879 1813 1093 1869 tandem
1123 1828 1231 1867 non
1250 1812 1441 1867 merito
1466 1811 1731 1866 dixerim:
1755 1828 1774 1862 ι
1797 1807 1955 1876 Quod
1971 1809 2024 1864 in
2047 1825 2178 1880 pro-

580 1907 763 1973 ,ximo
815 1908 888 1962 sit
938 1905 1178 1972 aﬂlictio,
1237 1914 1292 1960 et
1333 1904 1480 1975 quod
1525 1919 1634 1959 non
1676 1902 1749 1958 sit
1789 1902 1883 1973 qui
1923 1901 2179 1972 adjuvet?

616 1998 911 2055 «Caeterum
961 1997 1229 2068 malignas
1266 1994 1486 2066 quidem
1527 2005 1690 2064 atque
1736 1995 1997 2051 adversas
2025 2000 2179 2063 pote-

613 2101 781 2148 states
813 2107 924 2146 non
960 2089 1134 2145 fuisse
1167 2088 1244 2143 illi
1272 2087 1500 2150 auxilio,
1534 2100 1711 2157 neque
1733 2085 2078 2141 succurrisse
2107 2083 2178 2138 ad

613 2188 815 2243 bonum
846 2187 1178 2258 properanti,
1207 2184 1392 2239 mirari
1417 2182 1552 2238 nihil
1588 2196 1815 2237 necesse
1854 2190 1959 2246 est,
1989 2192 2176 2259 verum

611 2282 756 2352 quod
786 2281 1030 2335 omnium
1070 2277 1368 2333 maximum
1402 2283 1505 2338 est,
1547 2288 1615 2330 ex
1641 2287 1706 2329 ea
1739 2271 2028 2327 amictione
2059 2284 2180 2341 quae

615 2374 766 2428 illum
819 2372 1055 2426 maxime
1100 2368 1402 2440 premebat,
1434 2366 1488 2421 id
1533 2380 1666 2422 sane
1714 2363 1837 2429 fuit,
1880 2377 1948 2418 ne
1994 2362 2180 2417 faven—

614 2465 748 2520 tium
782 2462 1001 2533 quidem
1036 2474 1099 2514 οε
1128 2458 1487 2529 propitiorum
1506 2456 1827 2527 angelorum
1846 2455 2176 2525 quempiam,

616 2570 715 2610 uec
745 2555 1050 2609 divinarum
1085 2556 1421 2622 potestatum
1461 2562 1694 2619 prorsus
1744 2548 1933 2609 ullam.
1987 2559 2178 2600 ausam

612 2659 735 2700 esse
771 2643 948 2713 regias
987 2641 1179 2694 mortis
1208 2639 1401 2693 domos
1444 2637 1727 2700 invadere,
1758 2644 1925 2705 atque
1967 2633 2037 2687 ad
2074 2648 2177 2687 au-

615 2735 803 2788 xilium
836 2734 1162 2795 animarum,
1194 2744 1315 2800 quae
1365 2728 1477 2783 illic
1508 2734 1688 2789 erant,
1717 2726 1920 2782 sociam
1954 2740 2013 2781 se
2041 2738 2181 2796 pras-

614 2829 765 2885 bere.
816 2826 872 2881 Si
901 2826 1119 2897 quidem
1145 2825 1239 2879 uni
1263 2824 1343 2879 illi
1383 2823 1487 2878 hoc
1520 2822 1809 2875 immotum
1838 2819 2177 2883 servabatur,

617 2920 1057 2993 quandoquidem
1103 2918 1198 2972 uni
1226 2917 1392 2973 etiam
1421 2921 1620 2985 apertae
1650 2921 1786 2969 sunt
1819 2919 1988 2982 porta:
2035 2925 2182 2964 mor-

599 3015 708 3080 .tis,
737 3020 792 3070 et
824 3027 994 3068 unum
1027 3012 1177 3065 illum
1208 3010 1322 3064 orci
1357 3008 1626 3079 janitores
1652 3002 1961 3073 conspicati
1994 3000 2183 3055 formi—

2277 528 2409 601 λην,
2461 528 2643 583 οὐκέτι
2674 529 2867 601 βοηθὸς
2897 532 3045 604 αὐτῷ
3081 534 3278 605 παρῆν.
3348 535 3518 591 Τοῦτο
3546 538 3677 606 γοῦν
3708 540 3869 610 αὐτῷ

2281 622 2643 691 μαρτυροῦντι
2690 624 2967 678 πιστεύω·
3018 623 3079 678 τὸ
3132 627 3276 697 γὰρ,
3347 646 3367 680 ι
3412 630 3599 697 Ἠλεὶ,
3675 631 3865 695 Ἠλεὶ.

2276 711 2471 783 λαμμᾶ
2509 714 2809 784 σαϐαχθανὶ
2832 756 2847 780 ,
2876 734 2895 767 ι
2938 717 3223 787 εἰρημένον
3260 719 3407 791 αὐτῷ
3439 723 3532 775 ἐπὶ
3559 722 3654 776 τοῦ
3692 740 3869 777 σταυ-

2280 802 2375 878 ροῦ
2399 842 2414 868 ,
2455 804 2549 857 καὶ
2580 805 2684 859 ὑπὸ
2729 805 2824 859 τοῦ
2856 805 3454 881 ψαλμοῦπροφητικῶς
3492 812 3874 886 ἀναπεφωνηο

2281 892 2441 963 μένον
2465 933 2479 956 ,
2517 894 2646 959 καὶ,
2706 912 2726 945 ‹
2751 895 2872 949 Ὅτι
2909 894 3085 965 θλίψις
3112 898 3311 967 ἐγγὺς,
3367 900 3448 954 ὃτι
3481 903 3581 954 οὐκ
3626 902 3777 955 ἔστιν
3838 904 3871 957 ό

2281 982 2488 1055 βοηθῶν
2512 1028 2523 1046 ,
2552 1003 2572 1036 ι
2631 984 2683 1038 τί
2720 984 2905 1056 ἕτερον
2937 988 3125 1059 ἐδήλου
3168 989 3201 1060 ἢ
3242 990 3323 1043 ὅτι
3362 990 3438 1055 ὡς
3478 992 3656 1063 μέγας
3688 994 3868 1065 ἀθλη-

2276 1073 2375 1145 τὴς
2411 1076 2522 1139 τοῖς
2574 1074 2845 1139 τοσούτοις
2901 1078 3215 1143 ἀντιπάλοις
3265 1081 3713 1154 προϐεϐλημένος
3768 1078 3869 1155 ἦν,

2279 1165 2736 1233 ἀγωνοθετοῦντος
2772 1169 2866 1222 καὶ
2898 1167 3251 1241 βραϐεύοντος
3279 1177 3391 1237 τοῖς
3419 1175 3734 1245 γινομένοις
3764 1174 3870 1231 τοῦ

2278 1257 2373 1310 ἐπὶ
2419 1258 2551 1311 πᾶσι
2590 1257 2766 1324 Θεοῢ;
2824 1260 3055 1332 Ἔφορον
3106 1263 3152 1315 δ’
3184 1258 3277 1318 οὖν
3318 1264 3427 1319 τῶν
3467 1267 3871 1338 πραττομένων

2280 1349 2578 1420 παρεκάλει
2614 1349 2705 1405 τὸν
2740 1351 2959 1424 Πατέρα
2991 1354 3085 1407 καὶ
3117 1354 3384 1427 πάρεδρον
3407 1400 3420 1423 ,
3479 1357 3555 1423 ὡς
3586 1359 3654 1412 ἂν
3685 1358 3872 1425 δεξιὸν

2278 1439 2575 1514 ἀλείπτην,
2631 1443 2781 1514 αὐτῷ
2834 1448 3237 1515 συμπαρεῖναι,
3276 1447 3448 1520 ταύτῃ
3504 1450 3742 1520 μάλιστα
3771 1453 3872 1505 ὅτι

2282 1531 2406 1603 μηδ’
2462 1532 2704 1603 ὑπῆρχεν
2756 1531 2905 1603 αὐτῷ
2952 1533 3143 1606 βοηθὸς
3202 1522 3449 1608 ἓτεροςῆ
3488 1538 3649 1608 μόνος
3702 1534 3788 1603 εἷς
3840 1541 3872 1592 ό

2281 1622 2585 1697 βραδευτὴς
2633 1624 2742 1679 τῶν
2790 1626 3107 1697 γινομένων.
3183 1628 3278 1682 Διό
3327 1646 3489 1700 φησιν
3520 1631 3868 1702 εὐχόμενος·

2284 1715 2421 1788 «Μὴ
2467 1715 2709 1788 ἀποστῇς
2754 1717 2849 1770 ἀπ’
2902 1718 3071 1789 ἐμοῦ,
3136 1719 3217 1772 ὅτι
3279 1718 3455 1791 θλίψις
3485 1722 3694 1789 ἐγγὺς,
3778 1724 3872 1776 ὅτι

2277 1804 2379 1858 οὐκ
2414 1803 2559 1859 ἐστιν
2587 1807 2616 1859 ό
2647 1803 2877 1877 βοηθῶν.
2908 1825 2927 1858 ι
3021 1808 3192 1880 Ὁρῶν
3223 1808 3278 1862 δὲ
3323 1810 3528 1874 ἐνθέοις
3579 1811 3869 1882 ὄμμασιν,

2279 1894 2359 1949 ἔτι
2389 1896 2482 1949 ὲπὶ
2512 1894 2606 1949 τοῦ
2644 1896 2816 1968 ἰκρίου
2873 1900 3318 1969 προσηρτημένου
3348 1901 3497 1972 αὐτῷ
3529 1903 3625 1955 τοῦ
3674 1903 3871 1973 σώμα-

2277 2002 2368 2047 τος
2398 2024 2412 2049 ,
2471 1984 2569 2049 τὰς
2629 1985 2826 2050 ἔξωθεν
2858 1989 3002 2058 ἀμφὶ
3046 1988 3137 2042 τὸν
3175 1988 3313 2060 ἀέρα
3364 1990 3552 2045 τοῦτον
3585 1993 3871 2064 ἀσάρκους

2280 2079 2373 2132 καὶ
2427 2078 2733 2150 ἀνθρώποις
2803 2081 3067 2152 ἀοράτους
3138 2081 3394 2153 δυνάμεις
3446 2084 3603 2156 δίκην
3655 2085 3872 2141 οἰωνῶν

2279 2170 2570 2243 ὠμοϐόρων
2598 2172 2689 2226 καί⁸
2713 2173 2911 2245 τρόπον
2939 2172 3142 2246 θηρίων
3181 2178 3310 2247 περὶ
3334 2177 3496 2231 αὑτὸν
3543 2179 3871 2251 ἰλυσπωμέ-

2279 2278 2376 2324 νας
2399 2299 2415 2324 ,
2456 2261 2550 2314 καὶ
2583 2261 2719 2332 πρὸς
2749 2262 2810 2316 τὸ
2849 2263 3039 2333 μέλλον
3065 2265 3189 2319 ὅσον
3216 2266 3367 2321 οὔπω
3404 2268 3598 2340 νεκρὸν
3641 2269 3872 2324 ἔσεσθαι

2279 2351 2442 2405 αὑτοῦ
2468 2351 2528 2404 τὸ
2549 2350 2711 2423 σῶμα
2727 2393 2742 2418 ,
2771 2354 3101 2424 πανταχόθεν
3121 2372 3179 2408 τε
3210 2356 3540 2428 συρρεούσας
3566 2359 3666 2422 τὰς
3687 2361 3871 2431 ἀρχὰς

2280 2444 2374 2497 καὶ
2400 2443 2644 2509 ἐξουσίας
2676 2443 2769 2497 τοῦ
2799 2445 2961 2516 ἀέρος
2984 2485 2999 2510 ,
3016 2444 3110 2500 τοῦ
3140 2447 3446 2519 πνεύματος
3475 2450 3568 2502 τοῦ
3596 2451 3694 2504 νῦν
3720 2454 3871 2524 ἐνερ-

2280 2534 2501 2604 γοῦντος
2525 2538 2581 2589 ὲν
2602 2538 2716 2598 τοῖς
2736 2537 2870 2601 υἱοῖς
2891 2537 2990 2608 τῆς
3011 2537 3309 2603 ἀπειθείας,
3332 2540 3430 2594 καὶ
3458 2539 3537 2594 ἔτι
3564 2541 3694 2604 τοὺς
3720 2543 3872 2611 ἀμφὶ

2279 2629 2377 2700 τὴν
2408 2630 2511 2700 γῆν
2542 2628 2927 2699 διιπταμένους
2959 2628 3082 2683 καθ’
3116 2629 3243 2699 ὅλης
3274 2630 3373 2701 τῆς
3406 2630 3516 2685 τῶν
3557 2631 3871 2704 ἀνθρώπων

2280 2720 2601 2792 οἰκουμένης
2626 2721 2884 2791 δαίμονας
2905 2737 2919 2750 ⁸
2975 2720 3122 2784 εἰκὸς
3151 2721 3195 2774 δ’
3219 2723 3303 2776 ὅτι
3332 2723 3427 2776 καὶ
3455 2724 3583 2789 τοὺς
3631 2724 3872 2796 ὑποχθο-

2280 2812 2427 2877 νίους
2455 2812 2553 2883 ἤδη
2575 2851 2590 2877 ,
2617 2812 2713 2865 καὶ
2737 2811 2863 2875 τοὺς
2889 2811 2947 2865 ὲν
2975 2811 3124 2884 αὐτῷ
3151 2814 3406 2885 ταρτάρῳ
3433 2813 3608 2886 θῆρας
3636 2815 3869 2888 ἀγρίους

2282 2901 2374 2956 καὶ
2404 2900 2699 2973 φοὸεροὺς,
2734 2902 2862 2974 περὶ
2887 2895 2963 2955 ὧν
3001 2901 3227 2966 Ἡσαΐας
3259 2902 3395 2974 πρὸς
3441 2904 3531 2957 τὸν
3573 2905 3868 2958 ἐκπεπτω-

2281 2991 2416 3046 κότα
2470 2991 2565 3045 τοῦ
2602 2992 2832 3065 οὐρανοῦ
2913 2992 3221 3063 Ἑωσφόρον
3273 2994 3693 3065 ἀποτεινόμενος
3740 2994 3864 3047 ἑλε-

617 3106 903 3170 daverunt,
938 3107 1164 3174 ipseque
1195 3102 1286 3156 ille
1302 3102 1397 3171 qui
1424 3099 1621 3154 mortis
1644 3096 1932 3168 imperium
1959 3094 2179 3160 habeat,

2284 3100 2411 3153 γενο
2461 3102 2480 3136 ι
2514 3084 2574 3137 '0
2595 3083 2734 3155 ᾅδης.
2776 3082 3018 3138 κάτωθεν
3043 3083 3344 3156 ἐπικράνθη
3379 3087 3721 3157 συναντήσας
3753 3103 3863 3149 σοι,

619 3192 687 3249 de
719 3168 895 3264 regiis
918 3168 1141 3247 sedibus
1186 3168 1408 3254 cedens,
1455 3195 1643 3256 utpote
1689 3187 1784 3256 qui
1827 3200 1995 3240 unum
2025 3185 2179 3238 illum

2284 3172 2692 3246 συνηγέρθησάν
2720 3190 2800 3227 σοι
2824 3172 3022 3237 πάντες
3043 3175 3091 3226 οἰ
3117 3174 3369 3242 γίγαντες
3389 3191 3404 3204 ο
3432 3193 3450 3226 ι
3477 3174 3646 3228 ταῦτα
3675 3168 3741 3246 δὴ
3767 3170 3868 3228 οὖν

622 3298 777 3338 suum
803 3283 1095 3337 Dominum
1125 3279 1497 3352 cognosceret,
1531 3292 1657 3333 cum
1702 3276 1797 3331 illo
1825 3283 1909 3331 est
1963 3275 2182 3330 locutus

629 3375 1031 3448 ieprecantium
1068 3387 1132 3428 ac
1183 3371 1609 3442 supplicantium
1660 3383 1814 3424 more
1846 3383 1954 3423 non
1997 3367 2183 3422 minus

637 3466 902 3537 gnaviter,
932 3476 1095 3532 quam
1131 3459 1274 3530 apud
1313 3458 1415 3514 Joh
1446 3459 1513 3513 de
1544 3459 1630 3514 his
1669 3458 1802 3528 ipsis
1844 3457 2008 3513 rebus
2047 3456 2185 3512 scri-

620 3566 770 3628 ptum
809 3563 930 3611 est:
979 3551 1075 3607 sed
1113 3561 1294 3607 tamen
1343 3549 1609 3605 nefariam
1653 3550 1801 3605 illius
1830 3548 2045 3621 tyranni
2077 3549 2183 3603 im-

618 3647 919 3720 potentiam
947 3658 1121 3715 usque
1148 3643 1282 3698 adeo
1310 3656 1541 3697 cernens
1568 3639 1887 3704 invaluisse,
1919 3648 1978 3692 ut
1998 3638 2184 3692 nullus

620 3742 759 3796 alius
784 3738 1089 3794 caelestium
1114 3734 1310 3789 adesse
1344 3732 1423 3788 illi
1450 3733 1507 3789 in
1534 3733 1736 3788 talibus
1769 3732 1905 3786 locis
1936 3728 2182 3795 auderet,

618 3836 781 3896 atque
813 3826 880 3878 ad
918 3838 1111 3880 earum
1133 3825 1442 3879 animarum
1481 3824 1740 3887 salutem,
1772 3835 1894 3893 quae
1925 3819 2038 3874 illic
2087 3817 2186 3873 de-

619 3918 937 3974 tinebantur
961 3916 1171 3973 socium
1202 3931 1261 3972 se
1300 3917 1569 3989 praebere,
1607 3914 1805 3970 merito
1834 3912 1918 3967 ait
1941 3909 2187 3965 aﬂlictio—

620 4024 747 4064 nem
778 4009 1003 4080 propius
1042 4008 1259 4074 adesse,
1290 4016 1579 4079 propterea
1619 4004 1768 4077 quod
1810 4019 1923 4058 non
1972 4002 2045 4057 sit
2091 3999 2185 4072 qui

619 4105 858 4175 adjuvet.
884 4104 1084 4174 quippe
1127 4118 1253 4158 cum
1289 4119 1430 4158 unus
1475 4103 1569 4158 ille
1591 4102 1684 4172 qui
1723 4099 1991 4171 potuisset
2021 4096 2184 4153 etiam

619 4195 819 4249 talibus
851 4194 907 4248 in
941 4195 1075 4250 locis
1107 4194 1184 4248 illi
1212 4194 1487 4264 cpitulari,
1520 4193 1702 4263 ipsum
1734 4189 2091 4253 deseruisset,
2123 4194 2184 4242 ut

620 4288 872 4342 videlicet
904 4287 1115 4341 illustre
1150 4287 1285 4341 illud
1309 4286 1681 4355 eximiumque
1706 4282 2031 4352 inemptum,
2065 4278 2185 4333 illa-

619 4395 726 4451 que
773 4380 1068 4450 singularis
1096 4378 1361 4433 adversus
1406 4391 1599 4432 omnes
1642 4375 1874 4431 victoria
1921 4382 2181 4443 tauquam

2283 3263 2495 3319 ἅπαντα
2533 3264 2774 3335 συνορῶν
2812 3262 3008 3331 ἔξωθεν
3045 3262 3105 3315 τὸ
3139 3259 3661 3335 ἀνεσκολοπισμένον
3703 3263 3868 3334 σῶμα

2277 3355 2605 3420 κυκλοῦντα,
2635 3357 2730 3410 καὶ
2757 3357 3283 3428 παρασκευαζόμενα
3312 3358 3432 3410 κατ’
3461 3356 3646 3420 αὐτοῦ,
3680 3356 3742 3410 τὸ
3776 3356 3867 3408 σύ-

2279 3463 2467 3518 στημα
2497 3446 2675 3500 αὐτῶν
2703 3446 2994 3519 διαγράφει
3028 3448 3252 3516 φάσκων
3281 3464 3295 3477 ο
3356 3466 3374 3498 ι
3401 3443 3863 3524 Περιεκύκλωσάν
3906 3481 3913 3486 -

2278 3555 2352 3610 με
2385 3539 2571 3610 μόσχοι
2596 3538 2797 3606 πολλοὶ,
2824 3539 3014 3610 ταῦροι
3032 3539 3213 3602 πίονες
3239 3539 3523 3610 περιέσχον
3551 3556 3638 3609 με.
3670 3540 3862 3593 Ἤνοι-

2283 3629 2382 3697 ξαν
2413 3632 2499 3683 ἐπ’
2522 3630 2624 3700 ἐμὲ
2646 3631 2705 3685 τὸ
2732 3629 2908 3701 στόμα
2935 3630 3133 3693 αὐτῶν,
3156 3630 3232 3694 ὡς
3252 3630 3388 3684 λέων
3415 3631 3444 3683 ό
3472 3628 3735 3701 ἁρπάζων
3764 3631 3863 3684 καὶ,

2284 3721 2609 3795 ὠρυόμενος⁴
2638 3743 2658 3775 ι
2690 3723 2883 3795 Ψυχὴν
2901 3722 3009 3795 γάρ
3030 3766 3043 3788 ,
3074 3723 3151 3787 ὡς
3172 3723 3319 3786 είκὺς
3336 3761 3350 3786 ,
3374 3722 3863 3795 άνθρωπείαν,καὶ

2284 3817 2353 3887 τῇ
2389 3814 2496 3869 τῶν
2528 3813 2739 3869 πολλῶν
2766 3814 3188 3887 παραπλησίαν,
3228 3815 3394 3869 πλέον
3418 3814 3474 3869 δὲ
3504 3815 3655 3870 οὐδὲν
3685 3815 3855 3887 ineti-

2289 3923 2438 3979 μενοι
2491 3903 2631 3962 εἷναι
2661 3908 2761 3979 τὴν
2789 3908 2850 3962 τὸ
2882 3908 3038 3979 σῶμα
3071 3906 3246 3978 Ἰησοῦ
3286 3907 3768 3979 κατασκηνοῦσαν,
3804 3908 3862 3978 ῆι

2285 3998 2466 4066 νοιξαν
2501 4001 2563 4054 τὸ
2601 4000 2774 4071 στόμα
2812 4002 2862 4054 oi
2898 3999 3281 4073 προειρημένοι
3312 4039 3327 4063 ,
3391 4000 3466 4064 ὡς
3502 4001 3704 4071 ὁμοίως
3735 4003 3861 4065 ταῖς

2284 4092 2473 4156 ἄλλαις
2496 4091 2604 4146 τῶν
2622 4092 2922 4165 ἀνθρώπων
2950 4093 3148 4163 ψυχαῖς
3167 4093 3263 4147 καὶ
3290 4092 3458 4164 αὐτὴν
3485 4092 3859 4164 καταπιούμε-

2287 4200 2399 4239 νοιο
2456 4184 2538 4239 διό
2570 4201 2732 4256 φησιν
2754 4201 2768 4215 ο
2802 4203 2827 4236 ‹
2860 4183 3110 4249 Ἤνοιξαν
3141 4185 3226 4237 ἐπ’
3261 4184 3359 4256 ἐμὲ
3384 4185 3447 4238 τὸ
3472 4184 3648 4256 στόμα
3677 4185 3859 4239 αὐτῶν

2283 4276 2361 4343 ὡς
2405 4276 2541 4331 λέων
2572 4278 2600 4330 ό
2630 4274 2889 4348 ἁρπάζων
2920 4276 3014 4331 καὶ
3046 4276 3353 4347 ὠρυόμενος
3375 4292 3389 4305 ο
3412 4295 3431 4326 ι
3467 4270 3548 4339 οἷς
3579 4276 3706 4347 ἑξῆς
3739 4278 3862 4329 ἑπι-

2284 4367 2464 4438 λέγειο
2526 4387 2546 4421 ι
2566 4368 2710 4421 Ὠσεὶ
2739 4366 2882 4439 ὕδωρ
2909 4367 3195 4440 ἐξεχύθηνο
3228 4388 3246 4419 ι
3284 4369 3423 4440 ὅπερ
3450 4368 3723 4440 αἰσθητῶς
3757 4368 3858 4440 μὲν

620 4472 843 4543 propria
896 4470 1069 4541 ipsius
1119 4469 1263 4539 apud
1300 4484 1491 4525 omnes
1530 4468 1938 4539 praedicaretur.
1993 4466 2181 4535 Itaque

2286 4457 2540 4512 καὶκατὰ
2560 4457 2655 4530 τὴν
2677 4458 2919 4529 ἱστορίαν
2936 4459 3076 4512 εἴποι
3100 4459 3166 4514 άν
3194 4478 3277 4524 τις
3309 4460 3700 4531 πεπληρῶσθαι
3721 4504 3737 4527 ,
3763 4464 3857 4518 ὅτε

620 4576 745 4615 cum
792 4558 887 4614 ille
931 4556 1028 4628 qui
1078 4572 1222 4613 unus
1252 4557 1355 4630 ipsi
1405 4558 1610 4613 attxilio
1635 4571 1759 4611 esse
1779 4560 2015 4626 poterat,
2050 4561 2183 4608 tunc

618 4651 723 4723 ipsi
743 4649 962 4720 adjutor
976 4665 1091 4704 non
1106 4656 1283 4714 esset,
1306 4648 1503 4705 merito
1528 4649 1582 4702 in
1605 4649 1725 4718 ipso
1742 4643 1898 4701 initio
1914 4646 1990 4700 ait
2010 4645 2143 4700 illud
2164 4664 2177 4700 :

618 4741 779 4815 503
811 4760 829 4794 ι
852 4741 956 4803 Eli.
991 4741 1097 4806 Eli,
1133 4742 1334 4796 lamma
1371 4738 1752 4803 sabachthani,
1782 4738 1887 4793 hoc
1914 4745 2019 4801 est,
2041 4735 2185 4794 Deus

618 4850 792 4900 meus,
842 4834 987 4890 Deus
1018 4848 1197 4898 meus,
1229 4848 1401 4903 quare
1426 4847 1512 4887 me
1541 4829 1955 4900 dereliquisti’?
1991 4848 2010 4880 ι
2048 4827 2185 4882 Nam

617 4926 904 4982 cumidem
935 4925 1337 4995 conciperetur,
1362 4934 1421 4979 et
1447 4925 1501 4978 in
1522 4929 1677 4979 utero
1692 4936 1724 4976 ο
1756 4928 1946 4977 sancta
1962 4917 2185 4990 Virgine

617 5025 940 5089 gestaretur,
958 5028 1090 5073 tunc
1118 5016 1338 5087 quidem
1369 5022 1592 5086 paterna
1615 5013 1704 5069 vis
1735 5028 1860 5069 cum
1888 5012 2009 5081 ipso
2043 5016 2186 5075 erat,

616 5127 730 5184 quo
775 5121 1018 5182 tempore
1051 5109 1291 5181 Spiritus
1336 5113 1570 5164 sanctus
1609 5104 1819 5176 Virgini
1850 5103 2184 5173 supervenit,

616 5210 675 5263 et
703 5203 878 5259 virtus
905 5201 1175 5258 Altissimi
1221 5198 1568 5258 obumbravit
1597 5197 1700 5261 illi,
1763 5197 1988 5267 ipseque
2023 5194 2185 5250 Pater

616 5296 857 5366 eumqui
888 5294 1228 5366 gignebatur,
1276 5293 1419 5349 sicut
1469 5290 1754 5346 oraculum
1785 5281 2065 5351 indicavit,
2114 5286 2186 5342 de

616 5395 808 5445 ventre
837 5386 1028 5442 matris
1052 5386 1307 5451 «traxit,
1336 5400 1461 5440 cum
1487 5391 1666 5439 autem
1706 5381 1809 5438 sub
1842 5382 2019 5450 ipsum
2051 5393 2181 5450 pas-

617 5478 789 5536 sionis
815 5488 1028 5547 tempus
1055 5478 1123 5532 ad
1158 5478 1359 5532 luctam
1387 5478 1654 5533 adversus
1686 5483 1915 5531 mortem
1959 5488 2184 5530 exuere-
2242 5494 2243 5497 η

617 5575 731 5633 tur,‘
760 5582 869 5623 non
888 5566 1017 5623 item
1066 5566 1141 5620 illi
1172 5573 1308 5621 tunc
1353 5574 1473 5621 erat
1530 5565 1769 5635 adiutor.
1797 5562 1909 5635 Ego
1944 5578 2182 5635 namque

691 5739 710 5774 ⁹
745 5700 935 5797 Βοιώ.
973 5754 1119 5794 nm
1143 5779 1159 5805 ,
1193 5696 1280 5797 id.

2289 4544 2368 4615 εἷς
2395 4550 2503 4605 τῶν
2531 4552 2876 4623 στρατιωτῶν
2893 4592 2908 4616 ,
2964 4554 3109 4607 κατά
3135 4553 3228 4607 τὸν
3251 4554 3638 4627 εὐαγγελιστὴν
3678 4558 3859 4611 Ἰωάν-

2288 4660 2415 4716 νην,
2449 4643 2542 4698 τοῦ
2571 4645 2743 4716 ἀμνοῦ
2783 4645 2877 4699 τοῦ
2907 4644 3039 4699 Θεοῦ
3070 4644 3236 4717 λόγχῃ
3274 4646 3372 4717 τὴν
3400 4647 3639 4719 πλευράν
3667 4649 3820 4715 ἕνυξε
3839 4691 3855 4711 ,

2290 4738 2383 4792 καὶ
2407 4737 2628 4809 ἐξῆλθεν
2658 4738 2821 4803 εὐθὺς
2850 4737 2993 4811 ὕδωρ
3023 4739 3119 4793 καί⁵
3146 4735 3304 4810 αἷμα.
3337 4758 3356 4791 ι
3418 4740 3564 4813 Πλὴν
3593 4740 3731 4794 ἀλλά
3762 4744 3859 4797 καὶ

2287 4828 2385 4900 τὴν
2431 4829 2557 4900 ὃλην
2583 4830 2682 4902 τῆς
2710 4831 3079 4902 πνευματικῆς
3113 4831 3326 4900 φύσεως
3368 4832 3635 4903 νέκρωσιν
3663 4832 3858 4903 δηλοῦν

2287 4919 2430 4975 ἔοικε
2447 4920 2514 4974 δι’
2532 4917 2607 4976 ὧν
2629 4939 2789 4995 φησιν
2809 4939 2822 4953 ⁸
2848 4943 2864 4973 ι
2889 4922 3029 4975 Ὥσεί
3045 4922 3191 4994 ὕδωρ
3210 4922 3490 4994 ἐξεχύθην,
3512 4925 3606 4976 καὶ⁸
3623 4923 3861 4996 διεσκορ-

2286 5010 2453 5083 πίσθη
2479 5011 2658 5066 πάντα
2690 5013 2757 5066 τὰ
2787 5013 2920 5066 όστᾶ
2971 5029 3095 5081 μου.
3150 5013 3412 5084 Ἐγενήθη
3457 5014 3491 5083 ἡ
3533 5013 3728 5085 καρδία
3755 5031 3857 5084 μου

2284 5101 2418 5156 ὡσεὶ
2467 5102 2635 5175 κηρὸς
2679 5102 2977 5173 τηκόμενος
3021 5104 3080 5157 ὲν
3138 5103 3288 5173 μέσῳ
3333 5102 3433 5173 τῆς
3489 5103 3696 5168 κοιλίας
3731 5121 3855 5175 μου.

2292 5192 2597 5264 Ἐξηράνθη
2631 5193 2706 5258 ὡς
2736 5193 3000 5265 ὄστρακον
3033 5195 3067 5265 ἡ
3096 5192 3249 5264 ἰσχύς
3288 5210 3422 5265 μου,
3446 5194 3539 5248 καὶ
3577 5197 3611 5266 ὴ
3635 5195 3860 5263 γλῶσσά

2284 5302 2393 5357 μου
2421 5285 2740 5355 κεκόλληται
2787 5284 2864 5356 τῷ
2894 5284 3124 5358 λάρυγγί
3155 5302 3277 5357 μου.
3306 5304 3327 5337 ι
3408 5286 3474 5339 Τί
3502 5285 3610 5360 γάρ
3638 5287 3705 5342 ἂν
3732 5285 3860 5342 ἄλλο

2289 5376 2460 5432 ταῦτα
2490 5377 2666 5431 πάντα
2694 5376 2943 5448 σημαίνοι
2990 5377 3023 5449 ἢ
3054 5376 3246 5448 νεκροῦ
3281 5376 3531 5448 σώματος
3564 5378 3859 5445 σύστασινς

2302 5469 2583 5541 Ἐπιςρέρει
2617 5468 2747 5536 γοῦν
2779 5468 2938 5533 εὐθὺς
2968 5466 3139 5538 λέγων
3160 5487 3178 5500 ·
3233 5489 3257 5522 α
3278 5471 3387 5526 Καὶ
3420 5473 3499 5535 εἰς
3530 5471 3666 5543 χοῦν.
3694 5472 3860 5528 θανά-

2281 5578 2382 5617 του
2402 5562 2713 5635 κατήγαγές
2748 5579 2837 5634 με.
2863 5581 2883 5616 ι
2914 5561 3096 5617 Ταῦτα
3126 5561 3226 5635 μὲν
3251 5562 3405 5619 οὔπω
3435 5565 3701 5636 γενόμενα
3730 5581 3859 5638 προ-
