4100 6474
300 320 394 374 781

1170 320 1824 379 DEMONSTRATIONIS
1869 320 2327 378 EVANGELICE
2363 320 2494 377 ΜΒ.
2540 321 2610 378 Χ.

3366 342 3377 349 δ
3429 318 3545 376 ἰδὲ

298 437 539 504 ϐλέπων,
591 439 666 503 ὡς
692 439 858 509 ἐγγὺς
887 439 941 493 δὲ
974 439 1067 493 καὶ
1097 438 1321 510 πλησίον
1347 439 1449 510 ήδη
1477 437 1686 494 ἑστῶτα
1704 480 1719 504 ,
1772 440 1866 493 καὶ

1971 437 2071 494 hoc
2103 438 2280 508 ipsum
2306 436 2384 490 illi
2437 435 2752 490 testiﬁcanti
2781 433 2979 501 credo:
3018 448 3144 487 nam
3170 429 3302 487 illud
3335 445 3351 484 :
3387 447 3407 483 ι
3431 428 3535 495 Eli,

300 528 725 603 περικυκλοῦντα
754 531 913 585 αὐτὸν
934 572 949 594 ,
1004 530 1205 600 ἔλεγεν.
1240 527 1405 596 Αὖθις
1429 531 1486 584 δὲ
1517 528 1869 584 ὲπαναλαϐὼν

299 620 367 676 τὰ
395 620 495 694 ήδη
531 622 1002 695 προπεπραγμὲνα
1035 623 1114 687 εἰς
1143 622 1241 694 τὴν
1262 621 1369 675 τῶν
1402 621 1700 693 μελλόντων
1733 639 1870 694 συμ-

301 713 560 786 ϐήσεσθαι
588 715 938 787 παραμυθίαν
960 756 975 781 ,
1004 709 1092 769 οἷα
1125 715 1412 787 ὑπέμεινεν
1445 714 1866 780 ἐπιϐουλευθεὶς,

298 806 539 862 διδάσκει
569 806 763 877 λέγων·
804 826 823 859 ι
854 809 974 861 Ὅτι
1007 807 1320 862 ὲκύκλωσάν
1363 824 1431 880 με
1468 807 1629 872 κύνες
1664 807 1866 873 πολλοὶ,

301 898 587 971 συναγωγὴ
614 899 1054 971 πονηρευομένων
1074 899 1360 971 περιέσχον
1383 916 1449 971 με
1468 918 1480 930 ·
1496 919 1515 952 ι
1537 898 1625 953 διὰ
1645 899 1867 965 τούτων,

298 992 374 1058 ὥς
398 992 547 1056 εἰκὸς
565 1033 579 1057 ,
600 991 775 1063 δηλῶν
799 989 931 1063 όμοῦ
959 992 1057 1063 μὲν
1083 991 1323 1055 καὶτοὺς
1346 990 1680 1063 στρατιώτας
1698 1030 1713 1054 ,
1734 990 1868 1065 ὁμοῦ

298 1084 365 1139 ss
384 1084 481 1139 καὶ
509 1085 634 1148 τοὺς
662 1086 726 1138 ὲκ
759 1083 1058 1156 περιτομῆς
1091 1084 1498 1148 ὲπαναστάντας
1530 1082 1698 1153 αὐτῷ.
1767 1103 1786 1136 ι
1807 1084 1870 1137 Οἱ

301 1176 400 1248 μὲν
429 1175 539 1248 γὰρ
562 1174 887 1248 στρατιῶται
912 1175 1002 1230 τοῦ
1025 1175 1255 1229 Πιλάτου
1279 1216 1295 1241 ,
1348 1175 1752 1249 παραλαϐόντες
1778 1175 1870 1249 τόν

311 1266 518 1340 Ἰησοῦν
543 1268 624 1332 εἰς
650 1266 712 1321 τὸ
738 1266 1063 1339 πραιτώριον
1078 1307 1093 1332 ,
1121 1268 1423 1340 συνήγαγον
1444 1267 1572 1340 ὅλην
1592 1268 1690 1343 τὴν
1714 1270 1869 1323 σπεῖ-

303 1376 399 1432 ραν
425 1359 512 1413 ἐπ’
538 1360 717 1419 αὐτόν,
767 1359 877 1414 Καὶ
904 1358 1222 1425 ἐκδύσαντες
1252 1360 1433 1425 αὐτὸν,
1461 1360 1708 1433 χλαμύδα
1739 1379 1870 1433 κοκ-

300 1450 455 1520 κίνην
483 1449 811 1523 περιέθηκαν
839 1449 1005 1520 αὐτῷ.
1071 1450 1181 1504 Καὶ
1212 1450 1502 1517 πλέξαντες
1528 1452 1784 1522 στέφανον
1810 1453 1871 1519 ἐξ

297 1541 547 1596 ἀκανθῶν
568 1541 839 1612 ἐπέθηκαν
866 1543 957 1597 ἐπὶ
979 1543 1078 1614 τῆς
1100 1542 1339 1612 κεφαλῆς
1367 1542 1529 1598 αὐτοῦ
1549 1584 1565 1610 ,
1595 1544 1689 1599 καὶ
1712 1545 1872 1603 κάλα-

298 1649 403 1702 μον
433 1634 492 1688 ὲν
515 1635 581 1704 τῇ
607 1634 748 1705 χειρ³ι
776 1634 959 1689 αὐτοῦ.
1034 1634 1140 1688 Καὶ
1164 1635 1633 1707 γονυπετήσαντες
1663 1635 1871 1708 ἔμπρο-

298 1723 426 1779 σθεν
455 1725 521 1778 αὐ
533 1724 638 1791 τοῦ,
660 1726 939 1791 ἐνέπαιζον
991 1725 1139 1798 αὐτῷ
1179 1725 1424 1796 λέγοντες
1448 1743 1462 1757 ’
1504 1728 1696 1799 Χαῖρε,
1720 1728 1750 1781 ό
1775 1727 1871 1799 βα·-

298 1814 479 1876 σύεὺς
509 1814 620 1871 τῶν
660 1817 945 1874 Ἰουδαίων.
1024 1820 1134 1872 Καὶ
1168 1818 1547 1890 ἐμπτύσαντες
1578 1822 1658 1885 εἰς
1683 1821 1866 1885 αὐτὸν,

298 1907 492 1964 ἔλαϐον
532 1909 623 1963 τὸν
652 1909 893 1982 κάλαμον
920 1951 936 1976 ,
992 1912 1086 1966 καὶ
1117 1911 1346 1967 ἔτυπτον
1377 1916 1458 1978 εἰς
1501 1913 1601 1987 τὴν
1630 1914 1870 1989 κεφαλὴν

296 2000 485 2056 αὑτοῦ.
548 2002 658 2057 Καὶ
705 2005 792 2057 ὅτε
830 2003 1116 2072 ἐνέπαιξαν
1153 2005 1302 2078 αύτῷ
1325 2046 1341 2071 ,
1400 2007 1657 2076 ἐξέδυσαν
1710 2011 1871 2065 αὐτὸν

296 2092 398 2164 τήν
438 2093 682 2166 χλαμύδα
708 2135 724 2160 ,
758 2095 855 2149 καὶ
884 2096 1136 2151 ἐνέδυσαν
1163 2098 1325 2153 αὐτὸν
1355 2098 1423 2153 τὰ
1449 2099 1642 2170 ἱμάτια
1664 2100 1828 2156 αὑτοῦ
1852 2120 1867 2134 ·

295 2186 393 2239 καὶ
429 2187 715 2257 ἀπήγαγον
753 2187 913 2242 αὐτὸν
950 2190 1030 2253 εἰς
1071 2189 1133 2242 τὸ
1172 2190 1503 2263 σταυρῶσαιυ
1537 2210 1555 2244 ι
1590 2195 1872 2266 μονονουχὶ⁵

296 2276 447 2349 ἔργῳ
509 2277 840 2350 πληροῦντες
885 2279 945 2334 τδ
969 2320 986 2347 ,
1055 2299 1074 2333 ι
1101 2282 1224 2338 Ὅτι
1256 2281 1570 2339 ὲκύκλωσάν
1607 2302 1674 2355 με
1710 2285 1873 2351 κύνες

297 2367 522 2432 πολλοὶ,
557 2368 843 2440 συναγωγὴ
896 2373 1341 2444 πονηρευομένων
1371 2375 1657 2447 περιέσχον
1719 2394 1818 2448 με·
1845 2396 1865 2428 ι

298 2457 434 2511 ἀλλὸι
470 2460 564 2513 καὶ
604 2460 688 2526 τὸ,
742 2479 761 2513 ι
789 2460 1023 2532 Ὠρυξαν
1056 2463 1243 2535 χεῖράς
1280 2482 1380 2535 μου
1416 2466 1510 2521 καὶ
1544 2466 1711 2531 πόδας
1746 2485 1870 2538 μου,

298 2546 673 2627 ἑξηρὶὓμησαν
729 2555 906 2610 πάντα
956 2554 1026 2609 τά
1078 2555 1213 2611 ὀστᾶ
1265 2574 1459 2628 μουει
1513 2558 1608 2612 καὶ
1662 2558 1742 2613 ἔτι
1786 2560 1870 2626 es,

307 2664 328 2699 ι
362 2646 524 2701 Αὐτοὶ
573 2648 630 2702 δὲ
673 2647 1008 2720 κατενόησαν
1057 2649 1150 2702 καὶ
1195 2649 1406 2703 ἑπεῖδόν
1448 2667 1549 2722 με,
1582 2670 1600 2702 ι
1652 2651 1746 2705 καὶ
1775 2651 1870 2716 τὸ,

307 2759 328 2793 ι
361 2741 748 2813 Διεμερίσαντο
789 2740 857 2795 τὰ
896 2741 1090 2813 ἱμάτιά
1120 2759 1220 2814 μου
1262 2744 1492 2807 ἑαυτοῖς,
1528 2744 1622 2799 καὶ
1658 2744 1752 2796 ἐπὶ
1781 2742 1874 2797 τὸν

301 2834 592 2905 ἱματισμόν
618 2816 721 2906 μου
747 2833 936 2891 ἔϐαλον
959 2833 1180 2907 κλῆρον,
1206 2854 1225 2888 ι
1262 2831 1414 2901 αὖθις
1438 2834 1760 2908 ἐπληροῦτο,
1782 2836 1873 2891 ὅτε

299 2925 452 2997 ἣλοις
479 2924 643 2979 αὑτοῦ
680 2925 779 2990 τὰς
806 2929 995 2998 χεῖρας
1034 2926 1130 2981 καὶ⁸
1165 2927 1292 2991 τοὺς
1327 2926 1489 2992 πόδας
1530 2927 1609 2999 τῷ
1653 2926 1873 2999 σταυρῷ

302 3018 657 3089 κατέπειραν,
696 3019 791 3072 καὶ
826 3018 1062 3091 ὁπηνίκα
1093 3016 1162 3075 τὰ
1193 3018 1382 3091 ἱμάτια
1418 3018 1585 3085 αὑτοῦ
1607 3018 1873 3083 ,λαϐόντες

1970 528 2078 592 Eli,
2118 529 2319 583 lamma
2373 525 2751 589 sabacbtbani,
2777 546 2794 578 ι
2831 526 2975 596 quod
3011 525 3079 581 ab
3117 526 3237 596 ipso
3283 524 3338 581 in
3371 539 3537 580 cruce

1970 619 2177 674 dictum
2210 626 2313 681 est,
2349 630 2561 672 necnon
2607 630 2639 671 ι
2690 615 2901 685 psalmo
2929 615 3246 686 prophetico
3283 615 3540 675 enuntia-

1968 717 2106 773 tum,
2139 709 2376 779 itemque
2405 705 2551 777 quod
2579 704 2799 760 afﬂictio
2825 720 2993 776 prope
3030 704 3269 772 adesset.
3298 713 3354 761 et
3391 703 3537 776 quod

1970 814 2081 855 non
2107 806 2252 854 esset
2283 796 2376 869 qui
2428 795 2712 866 adjuvaret
2738 834 2759 860 ,
2813 795 2945 866 quid
2975 796 3192 851 tandem
3248 796 3354 853 sibi
3390 797 3538 852 aliud

1969 890 2180 953 volunt,
2206 876 2369 960 quam
2401 887 2548 963 quod
2577 898 2834 958 tanquam
2879 903 3108 959 magnus
3136 896 3398 953 certator,
3425 897 3541 942 tam

1970 981 2156 1040 multis
2212 981 2488 1049 tantisque
2546 980 2876 1037 adversariis
2929 981 3047 1052 ipse
3087 990 3235 1038 esset
3265 981 3538 1051 objectus.

1970 1075 2226 1146 praefecto
2248 1075 2367 1145 ejus
2386 1075 2704 1131 certaminis
2740 1081 2795 1130 et
2847 1076 3017 1131 totius
3042 1076 3241 1147 negotii
3269 1077 3540 1148 guberna-

1967 1173 2089 1223 tore
2121 1182 2379 1237 supremo
2408 1165 2651 1221 omnium
2675 1163 2826 1220 Deo?
2859 1163 3307 1235 praesidemergo
3356 1179 3537 1219 rerum

1933 1315 1943 1331 ι
1972 1260 2334 1331 gerendarum
2373 1269 2534 1330 atque
2559 1272 2896 1315 assessorem
2945 1258 3273 1329 precabatur
3300 1255 3536 1318 Patrem.

1972 1336 2033 1405 ut
2086 1351 2245 1422 quasi
2300 1350 2669 1423 peritissimus
2715 1350 2922 1420 Aliptes
2978 1349 3082 1406 sibi
3140 1348 3360 1405 adesset
3410 1355 3542 1403 tunc

1970 1444 2229 1508 maxime,
2260 1458 2384 1499 cum
2415 1445 2556 1500 alius
2584 1443 2686 1515 ipsi
2714 1443 2933 1514 adjutor
2957 1442 3150 1498 adesse
3183 1448 3397 1514 poterat
3420 1443 3542 1497 nul-

1936 1590 1939 1593 λ
1969 1535 2079 1600 lus,
2116 1544 2314 1607 prazter
2342 1552 2511 1591 unum
2536 1538 2713 1606 ipsum
2739 1535 3018 1607 quitotius
3041 1534 3242 1607 negotii
3261 1542 3408 1590 esset
3436 1550 3541 1605 gu-

1970 1626 2249 1682 bernator.
2281 1625 2550 1695 Quocirca
2576 1628 2707 1682 dum
2733 1634 2876 1692 orat.
2910 1626 2989 1684 sic
3014 1627 3089 1681 ait
3115 1643 3130 1678 :
3164 1643 3185 1679 ‹
3214 1624 3293 1682 Νο
3318 1625 3540 1683 recedas

1974 1733 2005 1774 a
2036 1735 2145 1786 me,
2181 1721 2439 1792 quoniam
2466 1720 2685 1777 amictio
2725 1736 2895 1793 prope
2942 1720 3118 1785 adest,
3148 1720 3414 1792 quoniam
3433 1736 3541 1775 non

1970 1820 2055 1868 est
2084 1812 2177 1885 qui
2213 1812 2451 1884 adjuvet.
2483 1834 2503 1867 ι
2538 1812 2749 1870 Divinis
2776 1823 2961 1870 autem
3013 1812 3254 1869 oraculis
3285 1800 3537 1875 cernens.

1973 1916 2097 1956 cum
2122 1902 2301 1957 adhuc
2330 1902 2406 1957 illi
2455 1917 2653 1973 corpus
2703 1903 2759 1958 in
2792 1902 2941 1974 ligno
2993 1910 3140 1960 esset
3188 1917 3539 1974 suspensum,

1971 1994 2316 2050 extrinsecus
2346 1995 2556 2050 circum
2604 1994 2753 2050 hunc
2787 2008 2969 2051 aerem
3024 2002 3309 2051 versantes
3357 1995 3541 2050 incoro

1971 2100 2166 2156 poreas
2191 2096 2245 2142 et
2272 2086 2589 2143 hominibus
2615 2087 2917 2144 invisibiles
2938 2094 3260 2160 potestates,
3282 2104 3403 2160 quae
3429 2088 3541 2144 cir-

1972 2193 2097 2234 cum
2128 2180 2306 2251 ipsum
2342 2181 2501 2251 quasi
2532 2179 2838 2236 crudivorre
2866 2196 2994 2237 aves
3022 2189 3075 2236 et
3110 2181 3235 2237 feras
3283 2181 3539 2238 advolve—

1970 2268 2190 2332 bantur,
2214 2276 2268 2324 et
2295 2269 2360 2323 ad
2390 2277 2663 2324 mortuum
2694 2270 2804 2325 cito
2835 2269 3079 2325 futurum
3119 2270 3291 2341 ipsius
3317 2285 3540 2341 corpus.

1972 2360 2213 2431 undique
2242 2359 2579 2417 continentes
2612 2360 2952 2431 principatus
2984 2367 3038 2417 et
3070 2368 3366 2432 potestates
3398 2362 3541 2416 aeris

1973 2449 2136 2520 hujus
2173 2465 2236 2506 ac
2260 2452 2504 2522 spiritus,
2535 2451 2788 2522 quinunc
2811 2450 3103 2508 elﬁcaciam
3143 2467 3296 2509 suam
3324 2460 3542 2509 exercet

1972 2542 2028 2597 in
2061 2542 2186 2598 (iliis
2213 2546 2594 2603 contumacize.
2623 2559 2721 2599 nec
2750 2559 2860 2599 non
2892 2544 3042 2600 circa
3076 2551 3279 2598 terram
3328 2558 3423 2614 per
3452 2551 3540 2597 to.

1973 2641 2088 2689 tum
2120 2634 2329 2700 orbem,
2361 2635 2452 2706 qui
2490 2635 2746 2690 incolLtur
2788 2635 2859 2690 ab
2909 2635 3223 2691 hominibus
3253 2636 3541 2692 volitantes

1974 2724 2271 2791 daemones,
2298 2726 2558 2783 credibile
2584 2734 2765 2782 autem
2795 2734 2880 2784 est
2911 2727 3113 2784 vidisse
3142 2726 3385 2785 infernas
3413 2745 3541 2799 quo-

1971 2833 2082 2888 que
2119 2833 2183 2873 ac
2213 2824 2479 2874 tartareas
2506 2818 2716 2875 belluas
2749 2827 2995 2890 agrestes
3033 2828 3197 2891 atque
3219 2818 3541 2875 formidabi.

1970 2907 2075 2971 les,
2101 2908 2170 2983 de
2191 2908 2391 2980 quibus
2430 2907 2597 2965 lsaias
2615 2950 2631 2975 ,
2657 2908 2724 2964 ad
2752 2925 2875 2965 eum
2905 2910 2996 2981 qui
3020 2910 3087 2966 de
3109 2912 3249 2967 coelo
3272 2910 3542 2975 ceciderat

1962 2997 2288 3077 Luciferum
2336 3015 2643 3056 sermonem
2698 3001 3005 3064 intendens,
3048 3002 3123 3057 ita
3175 3002 3538 3075 loquebatur;

301 3107 680 3181 διεμερίσαντο
740 3111 970 3173 ἑαυτοῖς.
1043 3109 1102 3163 '0
1160 3107 1296 3179 γοῦν
1353 3109 1605 3181 Ἰωάννης
1664 3110 1870 3180 ἱστορεῖ

1975 3091 2273 3165 clnfernus
2304 3091 2492 3147 subter
2528 3093 2886 3148 conturbatus
2922 3101 3007 3148 est
3029 3092 3083 3148 in
3113 3108 3403 3150 occursum
3449 3095 3543 3149 ad.

298 3200 502 3270 λέγων·
540 3218 559 3251 ι
591 3201 652 3253 Οἱ
687 3194 779 3254 οὖν
825 3197 1188 3272 στρατιῶται,
1238 3199 1327 3253 ὅτε
1376 3199 1728 3272 ἐσταύρωσαν
1778 3200 1870 3256 τὸν

1971 3195 2168 3243 ventus
2190 3186 2288 3249 tui,
2308 3184 2556 3241 suscitati
2580 3186 2817 3242 sunttibi
2846 3200 3039 3241 omnes
3068 3186 3316 3257 gigantes
3343 3206 3356 3243 :
3384 3206 3404 3241 ο
3427 3188 3543 3245 haec

313 3290 556 3363 Ἰησοῦν,
609 3289 797 3345 ἔλαϐον
844 3290 913 3346 τὰ
968 3291 1158 3365 ἱμάτια
1205 3291 1404 3357 αὐτοῦ,
1464 3293 1556 3347 καὶ
1609 3292 1871 3365 ἐποίησαν

304 3382 543 3455 τέσσαρα
572 3382 731 3455 μέρη,
760 3382 974 3455 ἑκάστῳ
1004 3382 1309 3457 στρατιώτῃ
1335 3382 1516 3457 μέρος.
1539 3372 1642 3438 Τὸν
1670 3384 1872 3456 χιτῶνα

300 3472 381 3539 δὲ,
410 3475 492 3528 ὅτι
519 3475 761 3545 ἇρραφος
786 3470 876 3547 ἦν,
909 3476 975 3529 ὲκ
998 3474 1106 3528 τῶν
1133 3474 1338 3532 ἄνωθεν
1366 3476 1599 3548 ὑφαντὸς
1627 3476 1694 3530 δι’
1724 3477 1870 3543 ὅλου,

306 3562 458 3621 εἷπον
504 3566 639 3638 πρὸς
681 3565 940 3638 ἀλλήλους
962 3583 976 3597 ⁸
1025 3566 1117 3639 Μὴ
1166 3567 1439 3640 σχίσωμεν
1491 3567 1675 3631 αὐτὸν,
1736 3567 1872 3621 ἀλλὰ

303 3657 555 3730 λάχωμεν
598 3657 725 3731 περὶ
775 3657 939 3713 αὐτοῦ
984 3658 1130 3723 τίνος
1151 3658 1335 3723 ἔσται,
1389 3659 1476 3713 ἵνα
1516 3657 1775 3731 πληρωθῇ
1836 3660 1871 3730 ή

306 3749 496 3823 Γραφὴ
525 3748 813 3821 ήλὲγουσα
833 3766 846 3781 ·
879 3750 1266 3823 Διεμερίσαντο
1291 3750 1359 3804 τὰ
1390 3751 1581 3822 ἱμάτιά
1611 3769 1711 3823 μου
1740 3753 1871 3805 εαυ-

305 3842 417 3904 τοῖς
436 3879 450 3904 ,
495 3840 588 3895 καὶ
629 3840 723 3893 ἐπὶ
766 3838 860 3893 τὸν
907 3839 1196 3912 ἱματισμόν
1257 3856 1357 3911 μου
1414 3839 1603 3893 ἔϐαλον
1648 3839 1869 3911 κλῆρον.

308 3933 370 3985 Οἱ
438 3931 536 4003 μὲν
598 3928 692 3986 οὗν
760 3932 1089 4004 στρατιῶται
1148 3930 1317 3986 ταῦτα
1377 3932 1615 3987 ἐποίουν.
1664 3951 1684 3984 ι
1763 3932 1875 3986 Καὶ

305 4021 582 4087 Ματθαῖος
622 4023 681 4076 δὲ
723 4026 835 4088 τοῖς
873 4022 1256 4096 γεγενημένοις
1302 4022 1492 4078 τοῦτον
1537 4024 1628 4081 τὸν
1674 4024 1874 4097 τρόπον

308 4118 578 4188 μαρτυρεῖ
604 4114 809 4184 λέγων·
860 4133 880 4167 ι
914 4114 1333 4188 Σταυρώσαντες
1372 4115 1430 4170 δὲ
1467 4116 1648 4181 αὐτὸν,
1693 4116 1875 4188 διεμε-

308 4207 528 4281 ρίσαντο
552 4206 621 4260 τὰ
657 4205 846 4277 ἱμάτια
870 4206 1057 4271 αὑτοῦ,
1087 4207 1336 4279 βαλόντες
1360 4207 1580 4280 κλῆρον,
1611 4208 1697 4263 ἶνα
1734 4209 1874 4281 πλη-

307 4292 455 4366 ρωθῇ
489 4292 551 4346 τὸ
583 4292 744 4364 ῥηθὲν
781 4292 868 4348 διὰ
901 4294 995 4348 τοῦ
1032 4296 1312 4367 προφήτου
1333 4312 1347 4326 ο
1379 4298 1764 4371 Διεμερίσαντο
1806 4299 1876 4354 τὰ

309 4383 501 4456 ἱμάτιά
548 4402 648 4457 μου
692 4386 899 4450 ἑαυτοῖς
924 4426 939 4451 ,
999 4388 1091 4441 καὶ⁵
1143 4388 1235 4443 ἐπὶ
1280 4390 1370 4444 τὸν
1425 4390 1718 4462 ἱματισμόν
1771 4409 1873 4463 μου

1975 3278 2158 3349 itaque
2188 3280 2370 3333 omnia
2403 3279 2782 3351 conspiciens,
2815 3295 2973 3335 suum
3017 3279 3361 3335 extrinsecus
3391 3281 3541 3336 cruci

1975 3369 2189 3426 aﬂixum
2210 3386 2411 3442 corpus
2439 3371 2492 3427 in
2529 3371 2714 3427 orbem
2748 3370 3047 3442 cingentia,
3081 3385 3248 3443 seque
3276 3371 3540 3431 adversus

1976 3462 2152 3533 ipsum
2183 3464 2558 3534 comparantia
2586 3463 2988 3519 multitudinem
3032 3479 3224 3521 eorum
3258 3464 3539 3520 collectam

1973 3554 2254 3621 describit,
2290 3557 2369 3611 sic
2394 3555 2627 3616 dicens;
2666 3574 2685 3608 ι
2721 3553 3223 3613 Circumdederunt
3268 3573 3356 3613 me
3387 3558 3541 3613 vituli

1974 3647 2156 3711 nlulti,
2188 3647 2330 3701 tauri
2376 3647 2604 3719 pingues
2656 3647 2992 3704 obsederunt
3038 3664 3145 3706 me.
3196 3649 3543 3722 Aperuerunt

1974 3752 2139 3808 super
2157 3754 2244 3793 me
2264 3753 2325 3793 os
2353 3753 2533 3801 suum,
2560 3746 2617 3793 ut
2638 3738 2724 3794 leo
2755 3740 2976 3811 rapiens
2996 3748 3049 3797 et
3078 3742 3318 3814 rugiens.
3347 3766 3366 3798 ι
3385 3743 3545 3818 504

1974 3828 2183 3885 Etenim
2211 3830 2339 3887 dum
2368 3832 2625 3892 animam.
2656 3840 2716 3885 ut
2749 3846 2847 3902 par
2880 3839 2987 3895 est,
3022 3834 3313 3889 humanam
3350 3843 3405 3891 et
3439 3851 3545 3891 caa-

1975 3921 2106 3977 teris
2135 3922 2365 3977 similem
2402 3938 2502 3978 nec
2532 3924 2768 3994 amplius
2799 3933 3059 3994 praeterea
3097 3927 3390 3998 quidquam
3421 3945 3544 3986 esse

1974 4013 2330 4076 arbitrantur,
2360 4015 2502 4084 quod
2550 4015 2607 4070 in
2648 4031 2877 4087 corpore
2916 4014 3043 4075 Jesu
3092 4019 3393 4086 habitabat.
3430 4022 3540 4079 bel-

1974 4105 2099 4169 luas,
2125 4105 2194 4161 de
2224 4106 2424 4177 quibus
2480 4106 2743 4170 diximus,
2788 4119 3118 4179 aperuerunt
3157 4125 3219 4169 os
3270 4128 3453 4179 suum,
3483 4122 3539 4171 ut

1974 4199 2428 4270 quemadmodum
2456 4200 2595 4257 alias
2646 4201 2928 4257 hominum
2983 4206 3194 4262 animas
3247 4222 3540 4265 consueve-

1975 4296 2118 4356 rant,
2155 4292 2228 4344 ita
2277 4293 2440 4349 etiam
2488 4292 2632 4349 hanc
2684 4294 3033 4361 devorarent,
3086 4310 3415 4370 quapropter
3461 4301 3542 4357 sic

1974 4384 2052 4439 ait
2089 4402 2103 4439 :
2146 4403 2166 4436 ι
2201 4384 2545 4455 Aperuerunt
2604 4404 2768 4461 super
2822 4406 2910 4446 me
2948 4407 3011 4448 os
3070 4409 3250 4458 suum,
3284 4401 3540 4460 tanquam

306 4476 495 4532 ἔϐαλον
543 4477 775 4550 κλῆρον·
826 4480 921 4533 καὶ
976 4480 1275 4553 καθήμενοι
1336 4483 1567 4556 ἐτήρουν
1610 4482 1793 4537 αὐτόν.
1848 4503 1867 4537 ι

1977 4474 2065 4531 leo
2090 4476 2308 4547 rapiens
2342 4484 2399 4532 et
2432 4480 2673 4550 rugiens,
2707 4499 2726 4532 ι
2783 4482 2985 4551 quibus
3039 4481 3296 4563 deinceps
3348 4483 3545 4554 adjune

307 4570 483 4633 Κύνες
523 4569 580 4623 δὲ
621 4565 761 4641 ἦσαν
811 4570 1135 4636 κυκλοῦντες
1184 4573 1377 4639 αὑτὸν,
1433 4574 1528 4628 καὶ
1583 4573 1873 4648 συναγωγὴ

305 4659 771 4731 πονηρευομένων,
806 4661 856 4714 οἱ
887 4664 953 4716 ὲκ
977 4664 1277 4736 περιτομῆς
1304 4665 1565 4737 ἄρχοντες
1596 4667 1705 4725 τῶν
1743 4669 1872 4723 Ἰου-

305 4749 491 4816 δαίων,
532 4753 587 4806 οῖ
617 4769 677 4806 τε
713 4758 1056 4827 γραμματεῖς
1109 4758 1201 4809 καὶ⁵
1247 4758 1296 4810 οἱ
1335 4759 1641 4833 ἀρχιερεῖς,
1687 4763 1778 4819 καὶ
1822 4764 1871 4821 οἱ

305 4841 606 4911 Φαρισαῖοι,
636 4844 684 4896 οἱ
717 4844 808 4898 καὶ
846 4845 907 4897 τὸ
937 4846 1043 4899 πᾶν
1084 4846 1466 4913 ἀνασείσαντες
1497 4850 1697 4922 πλῆθος
1726 4848 1869 4919 ὲξαιυ

305 4933 572 5007 τήσασθαι
607 4938 668 4994 τὸ
693 4931 831 5008 αἷμα
861 4937 1025 4994 αὐτοῦ
1056 4940 1177 4995 καθ’
1200 4941 1407 4995 ἑαυτῶν
1445 4943 1541 4999 καὶ
1578 4944 1722 4999 κατὰ
1762 4944 1871 5001 τῶν

308 5022 454 5080 ἰδίων
490 5028 713 5083 τέκνων.
752 5030 943 5101 Σαφῶς
971 5030 1102 5102 γοῦν
1144 5034 1173 5086 ὁ
1203 5032 1432 5097 Ἡσαΐας
1476 5033 1644 5099 κύνας
1675 5036 1873 5105 αὐτοὺς

306 5119 572 5173 ἀποκαλεῖ
613 5122 871 5190 φάσκων·
928 5142 947 5174 ι
981 5125 1187 5189 Πάντες
1230 5124 1391 5190 κύνες
1432 5128 1593 5191 ὲνεοὶ,
1623 5128 1682 5182 ού
1708 5127 1870 5186 δυνάρ

307 5227 459 5281 μενοι
495 5210 761 5269 ὑλακτεῖν.
794 5233 812 5265 ι
855 5215 984 5269 Δέον
1018 5215 1127 5288 γάρ
1163 5218 1382 5282 αὐτοὺς,
1416 5220 1465 5273 εἰ
1505 5221 1596 5273 καὶ
1626 5221 1701 5292 μὴ
1746 5237 1868 5276 ποι-

308 5298 485 5372 μένων
515 5302 711 5373 τρόπον
744 5304 1121 5376 ἀνειλήφεσαν,
1160 5306 1294 5367 ἀλλά
1318 5307 1477 5381 δίκην
1501 5310 1630 5379 γοῦν
1644 5310 1868 5385 ἀγαθῶν

305 5391 504 5456 κυνῶν,
542 5394 641 5466 τὴν
680 5394 775 5449 τοῦ
818 5396 1073 5458 δεσπότου
1118 5397 1340 5471 λογικὴν
1385 5401 1620 5477 ποίμνην
1666 5404 1759 5458 καὶ
1801 5401 1874 5457 τά

305 5484 550 5556 πρόϐατα
572 5486 666 5540 τοῦ
697 5488 845 5543 οἴκου
881 5490 1097 5564 Ἰσραὴλ
1143 5493 1525 5563 φυλάττοντας,
1568 5497 1871 5568 ἐπιστημο-

303 5575 471 5640 νικῶς
503 5577 772 5645 ὑλακτεῖν,
812 5579 1093 5648 σαίνοντας
1132 5585 1231 5659 μὲν
1270 5587 1364 5645 καὶ
1405 5587 1871 5660 ὲπιγινῴσκοντας

416 5755 460 5788 ⁸⁸
493 5755 646 5815 Joan.
683 5776 774 5816 xix
795 5802 809 5824 ,
843 5761 933 5820 ει.

1979 4568 2095 4639 git:
2131 4587 2149 4620 ι
2190 4568 2358 4635 Quasi
2384 4585 2525 4641 aqua
2553 4572 2761 4629 effusus
2791 4590 2933 4638 sum,
2974 4592 2993 4625 ι
3028 4574 3175 4645 quod
3214 4575 3432 4646 quidem
3456 4578 3543 4632 vel

1979 4664 2114 4736 ipsis
2143 4665 2393 4721 sensibus
2420 4667 2625 4736 percipi
2655 4668 2850 4736 potuit,
2882 4674 3044 4737 atque
3096 4666 3323 4725 historia
3383 4669 3542 4732 [idem

1978 4757 2209 4814 faciente
2234 4759 2559 4829 completum
2579 4769 2684 4825 est,
2698 4776 2820 4815 cum
2838 4760 3089 4817 videlicet
3114 4775 3256 4816 unus
3282 4761 3539 4829 militum,

1980 4858 2041 4904 ut
2062 4857 2151 4905 est
2177 4849 2318 4920 apud
2347 4852 2735 4921 evangelistam
2763 4851 3051 4918 Joannem,
3092 4872 3112 4907 ι
3139 4852 3275 4924 Agni
3300 4852 3394 4909 Dei
3422 4865 3542 4916 lan-

1979 4956 2074 4996 cea
2102 4941 2244 4997 latus
2275 4942 2508 5012 aperuit,
2537 4953 2591 4997 et
2642 4942 2809 5005 exivit
2842 4943 3105 5002 continuo
3159 4957 3297 5014 aqua
3327 4951 3382 4999 et
3414 4958 3542 4999 san—

1977 5033 2102 5103 guis
2134 5033 2202 5097 ",
2242 5052 2261 5085 ι
2298 5033 2393 5090 sed
2427 5041 2606 5089 tamen
2638 5043 2807 5088 totam
2836 5034 3133 5104 spiritualis
3155 5043 3363 5097 natura:
3390 5050 3533 5088 mor—

1976 5123 2329 5179 tilicationem
2375 5124 2686 5195 signiﬁcare
2736 5124 2971 5189 videtur,
3004 5125 3096 5180 ubi
3152 5125 3273 5181 ait:
3313 5144 3333 5178 ι
3371 5125 3541 5192 Quasi

1978 5231 2118 5287 aqua
2160 5216 2366 5272 effusus
2414 5233 2557 5283 sum,
2591 5225 2645 5281 et
2691 5217 2937 5288 dispersa
2987 5225 3117 5277 sunt
3170 5220 3351 5274 omnia
3414 5234 3542 5279 ossa

1976 5322 2116 5363 mea.
2157 5305 2381 5362 Factum
2427 5318 2510 5364 est
2541 5323 2638 5370 cur
2675 5323 2853 5363 meum
2901 5318 3153 5389 tanquam
3198 5323 3322 5364 cera
3370 5308 3544 5377 lique-

1979 5416 2140 5458 scens
2175 5402 2231 5457 in
2265 5398 2445 5457 medio
2472 5400 2676 5457 ventris
2723 5401 2850 5462 mei.
2889 5399 3046 5457 Aruit
3090 5407 3349 5471 tanquam
3398 5408 3543 5458 testa

1975 5494 2153 5549 virtus
2183 5509 2318 5560 mea
2347 5501 2401 5551 et
2429 5493 2613 5564 lingua
2644 5507 2763 5547 mea
2810 5491 3039 5553 adhaesit
3084 5494 3289 5565 gutturi
3334 5509 3474 5552 meo.
3516 5512 3538 5546 ι

1977 5586 2121 5656 Quid
2154 5587 2302 5655 enim
2337 5585 2485 5651 aliud
2536 5586 2757 5651 tandem
2787 5588 3039 5649 universa
3071 5588 3186 5654 hanc
3213 5585 3539 5666 signiﬁcent,
