4054 6408
639 388 748 446 785

1295 382 1562 439 euseeu
1596 382 2078 439 amsanuansxs
2108 382 2259 437 ore.
2301 381 2483 437 PARS
2524 383 2588 437 ιι.
2622 348 2689 424 J—
2723 352 3223 442 APOLOGETICA.
3727 398 3801 455 m

634 524 799 580 quam
832 519 1031 559 mortui
1065 503 1314 573 corporis
1349 500 1756 556 conditionem?
1780 499 2007 570 proinde
2058 499 2185 554 illic<

2307 499 2397 553 τὸν
2447 500 2654 554 ἑαυτῶν
2698 500 2964 572 δεσπότην
3018 502 3112 556 καὶ
3162 505 3549 575 ἀρχιποιμένα,
3605 478 3802 586 nam.“

637 597 883 669 adiungit
915 595 1046 650 illud
1083 614 1098 649 :
1140 612 1159 646 ι
1196 592 1262 647 Et
1291 594 1345 648 in
1371 593 1648 664 pulverem
1699 591 1894 647 mortis
1926 591 2201 646 deduxisti

634 706 742 746 me.
778 708 798 741 ι
836 687 960 743 Haec
988 686 1154 757 igitur
1177 686 1307 741 dum
1366 685 1615 755 providet
1670 685 1911 738 nondum
1953 682 2116 747 facta,
2144 692 2204 737 ut

2306 593 2517 664 φυλακῇ
2566 593 2663 665 τὴν
2714 595 3149 667 πεπιστευμένην
3205 597 3391 661 αὐτοῖς
3435 598 3645 672 ποίμνην
3677 622 3804 676 φρου.

2304 684 2548 756 ροῦντας.
2577 686 2826 740 ὑλακτεῖν
2856 687 2935 750 δὲ,
2972 689 3020 741 εί
3046 687 3172 759 ἄρα,
3204 687 3343 740 κατὰ
3386 687 3492 742 τῶν
3518 689 3687 755 ἔξωθεν
3713 699 3804 752 ἐπι-

586 836 590 841 ,
634 779 980 835 adventantia
1010 787 1194 833 tamen
1221 777 1358 833 etde
1385 780 1632 847 proximo
1656 774 2018 837 imminentia,
2046 785 2100 830 et
2123 788 2185 830 se

2302 774 2665 829 ϐουλευόντων
2701 778 2767 847 τῇ
2797 776 3001 848 ποίμνῃ
3022 793 3037 807 ·
3073 777 3123 829 οἱ
3154 776 3209 830 δὲ
3251 775 3429 831 κυνῶν
3456 778 3633 850 τρόπον
3658 783 3807 851 ὲνεῶν,

632 874 809 943 ipsum
834 871 1060 941 j‘amjam
1112 867 1615 931 circumvenientia,
1645 864 1879 920 diccbat.
1933 864 2038 920 Sed
2079 881 2203 919 rur-

631 978 728 1020 sus
756 961 1000 1034 repetitis
1030 961 1099 1017 iis
1136 976 1257 1031 quae
1279 960 1392 1029 jam
1429 966 1588 1013 antea
1642 965 1789 1028 gesta
1847 964 1996 1019 sunt,
2028 964 2085 1011 ut
2115 972 2202 1013 se-

631 1057 809 1126 ipsum
842 1056 910 1111 de
943 1055 1012 1110 iis
1038 1068 1159 1124 quae
1200 1061 1387 1124 postea
1441 1060 1700 1106 eventura
1730 1056 1908 1112 erant,
1941 1050 2201 1104 consola-

629 1157 804 1210 retur.
838 1162 962 1217 quae
992 1143 1555 1201 sustinueritinsidiis
1583 1143 2009 1205 circumventus,
2043 1140 2201 1195 docet

629 1241 717 1296 his
740 1238 922 1295 verbis
953 1256 967 1291 :
1005 1256 1024 1289 ι
1063 1236 1331 1302 Quoniam
1379 1234 1855 1290 circumdederunt
1890 1247 1976 1287 me
2033 1246 2199 1287 canes

629 1332 806 1387 multi.
861 1328 1223 1401 Congregatio
1272 1326 1684 1396 malignantium
1745 1324 1959 1380 obsedit
2010 1339 2133 1378 me:
2173 1341 2192 1375 ι

631 1423 829 1495 quibus
858 1437 993 1478 sane
1036 1421 1216 1476 verbis
1256 1426 1377 1473 tum
1432 1418 1582 1489 ipsos
1640 1416 1842 1471 milites
1886 1424 2003 1469 tum
2033 1416 2196 1470 etiam

627 1517 844 1572 Judaeos
895 1516 989 1586 qui
1057 1514 1113 1568 in
1163 1513 1403 1582 seipsum
1449 1511 1919 1580 conspiraverant,
1967 1497 2197 1576 intelligi

630 1610 765 1664 vult.
809 1606 1089 1677 Siquidem
1126 1624 1146 1658 ι
1186 1606 1388 1660 milites
1411 1601 1571 1657 Pilati
1619 1597 2194 1671 suscipien‘tesJesum

630 1701 687 1757 in
744 1699 1016 1772 praetorio,
1051 1701 1522 1768 congregaverunt
1581 1694 1650 1747 ad
1697 1707 1821 1747 cum
1883 1690 2195 1745 universam

627 1796 927 1852 cohortem.
961 1792 1026 1847 Et
1057 1801 1318 1848 exuentes
1339 1805 1486 1854 eum,
1516 1786 1851 1859 chlamydem
1880 1782 2194 1840 coecineam

2301 870 2376 934 ὡς
2420 870 2634 941 ἀληθῶς
2667 872 2762 925 καὶ
2811 871 3126 944 μεμηνότων
3168 872 3293 935 τοὺς
3339 872 3595 943 ὑλαγμοὺς
3634 876 3803 950 ἔφερον,

2298 961 2368 1014 τὰ
2401 960 2644 1031 πρόϐατα
2677 960 2770 1013 τοῦ
2807 960 3063 1031 ποιμένος
3112 958 3508 1032 ἐξαγριοῦντες,
3540 962 3663 1017 ὥστε
3697 965 3809 1021 21x6-

2297 1066 2405 1113 τως
2430 1050 2615 1111 αὐτοῖς
2646 1049 2904 1119 ἁρμόζειν
2928 1050 3019 1103 τό·
3078 1068 3096 1100 ιι
3122 1049 3562 1121 Περιεκύκλωσάν
3589 1071 3647 1124 με
3682 1055 3808 1124 κύνες

2299 1139 2483 1192 πολλοὶ
2502 1178 2516 1201 ,
2561 1139 2849 1211 συναγωγὴ
2895 1138 3344 1210 πονηρευομένων
3404 1141 3666 1213 περιέσχον
3701 1161 3804 1215 με.»

2297 1230 2407 1283 Καὶ
2442 1231 2643 1294 πάντες
2669 1230 2726 1284 δὲ
2759 1232 2809 1283 οἱ
2849 1233 2928 1295 είς
2965 1230 3123 1303 δεῦρο
3147 1231 3236 1284 τὸν
3271 1232 3453 1303 ὅμοιον
3488 1235 3667 1305 τρόπον
3697 1236 3808 1290 ὲκεί-

2290 1339 2407 1387 νοις
2427 1321 2893 1394 διαπραττόμενοι,
2929 1324 2986 1375 ὲν
3018 1322 3097 1393 τῷ
3129 1322 3464 1395 βλασφημεῖν
3492 1324 3579 1378 καὶ
3608 1324 3807 1379 ὑλακτεῖν

2296 1416 2385 1469 τὸν
2417 1415 2649 1486 Χριστὸν
2684 1412 2777 1467 τοῦ
2808 1413 2962 1477 Θεοῦ,
2992 1415 3091 1467 οὐκ
3135 1412 3200 1467 ἂν
3232 1413 3496 1486 ἀλλότριοι
3527 1414 3719 1468 ἐκείνων
3743 1415 3809 1470 λο-

2295 1504 2547 1575 γισθείεν.
2601 1503 2759 1557 Ἀλλά
2804 1503 2895 1557 καὶ
2933 1504 2983 1555 οί
3020 1503 3176 1575 δίκην
3221 1502 3329 1556 τῶν
3366 1504 3485 1555 τότε
3523 1501 3808 1556 ἀσεϐούντων

2297 1596 2643 1669 στρατιωτῶν
2686 1593 3148 1667 ἀνασταυροῦντες
3190 1595 3282 1648 τὺν
3306 1594 3432 1648 Υἱὸν
3463 1593 3552 1647 τοῦ
3576 1592 3694 1648 Θεοῦ
3735 1593 3808 1647 καὶ

2285 1685 2876 1761 ’παραδειγματίζοντες
2906 1688 3005 1740 οὐκ
3038 1687 3105 1741 ἂν
3132 1685 3232 1756 τῆς
3264 1686 3489 1739 ἐκείνων
3515 1684 3706 1757 μακρὰν
3732 1683 3786 1752 γέ

2296 1795 2468 1832 νοιντο
2500 1777 2809 1841 διαθέσεως.
2862 1776 3066 1840 Πάντες
3105 1772 3198 1829 οῦν
3240 1774 3408 1828 εἰσέτι
3462 1774 3552 1828 καὶ⁸
3580 1772 3664 1825 νῦν
3691 1774 3731 1826 οι
3759 1771 3807 1825 τὸ

625 1887 1103 1946 circumdederunt
1131 1885 1203 1940 ei.
1253 1883 1319 1938 Et
1350 1883 1646 1954 plectemes
1678 1858 1935 1935 coronam
1987 1875 2052 1930 de
2081 1873 2185 1944 spi-

2292 1866 2453 1939 ’σῶμα
2482 1866 2578 1920 τοῦ
2604 1864 2861 1938 Χριστοῦ,
2893 1866 3140 1919 τουτέστι
3174 1864 3272 1936 τὴν
3308 1863 3640 1935 Ἐκκλησίαν,
3662 1858 3806 1914 λωϐώ-

628 1983 737 2046 nis,
774 1981 1149 2049 imposuerunt
1179 1989 1342 2046 super
1383 1981 1547 2043 caput
1596 1971 1737 2040 ejus,
1784 1976 1839 2025 et
1871 1967 2192 2022 arundinem

628 2073 684 2128 in
715 2072 936 2128 dextera
964 2069 1103 2139 ejus.
1128 2065 1194 2120 Et
1224 2064 1450 2136 genibus
1482 2062 1635 2117 (lexis
1657 2068 1783 2116 ante
1815 2076 1961 2122 eum,
1996 2058 2191 2113 illude-

629 2168 759 2222 bant
788 2164 837 2221 ei
861 2162 1107 2217 dicentes
1131 2180 1145 2214 :
1172 2158 1305 2223 Ave,
1329 2154 1441 2211 Rex
1471 2153 1805 2210 Iudaeorum.
1841 2151 1905 2206 Et
1921 2164 2194 2220 exspuen-

627 2269 709 2314 tes
743 2261 798 2313 in
826 2271 971 2319 eum,
1005 2258 1332 2322 acceperunt
1364 2246 1708 2311 arundinem,
1732 2256 1784 2301 et
1811 2244 2191 2316 percutiebant

624 2358 789 2422 caput
822 2350 963 2418 ejus.
1019 2345 1083 2401 Et
1134 2352 1420 2415 postquam
1464 2341 1755 2396 illuserunt
1803 2338 1877 2401 ei,
1923 2341 2192 2390 exuerunt

625 2459 747 2498 cum
801 2437 1183 2511 chlamydem,
1256 2442 1312 2489 et
1365 2432 1661 2489 induerunt
1719 2443 1843 2484 eum
1892 2433 2189 2481 vestimen-

624 2544 696 2597 tis
745 2539 861 2595 suis
893 2557 906 2592 :
936 2543 990 2592 et
1042 2533 1385 2589 abduxerunt
1412 2546 1535 2586 eum
1565 2536 1624 2582 ut
1652 2524 2032 2593 crueiligerent
2055 2520 2129 2586 ";
2164 2538 2183 2572 ι

625 2629 1015 2704 propemodum
1066 2642 1128 2681 re
1178 2626 1296 2696 ipsa
1341 2624 1674 2693 complentes
1735 2616 1868 2672 illud
1921 2634 1935 2670 :
1976 2634 1995 2665 ι
2034 2612 2186 2680 Quo-

617 2727 770 2781 niam
844 2720 1318 2779 circumdederunt
1377 2731 1463 2772 me
1528 2728 1693 2770 canes
1765 2709 1918 2764 multi
1984 2726 1998 2763 :
2053 2721 2189 2762 con-

2293 1976 2443 2030 μενοι
2478 1961 2664 2029 χεῖρας
2697 1956 2860 2011 αὑτοῦ
2905 1957 2997 2010 καὶ
3029 1956 3192 2020 πόδας
3233 1956 3324 2009 καὶ
3358 1954 3574 2028 προσέτι
3600 1954 3661 2008 τά
3680 1950 3807 2007 ὀστέα

2291 2050 2744 2124 διαχειρίζονται,
2802 2049 2858 2104 εἴ
2901 2066 2964 2119 γε
3013 2049 3215 2113 πάντες
3265 2048 3323 2102 ἓν
3379 2048 3538 2121 σῶμά
3579 2049 3723 2119 ἐσμεν
3763 2044 3807 2099 ὲν

2291 2142 2532 2216 Χριστῷ,
2584 2144 2613 2196 ὀ
2658 2142 2716 2196 δὲ
2765 2141 2960 2207 καθείς
3005 2141 3247 2212 ἀλλήλων
3294 2142 3452 2214 μέλη.
3511 2142 3612 2196 Καὶ
3639 2141 3725 2194 οὐκ
3757 2136 3807 2192 ἀν

2290 2234 2431 2289 εἴποι
2463 2236 2496 2304 ή
2527 2231 2736 2305 κεφαλὴ
2763 2234 2876 2295 τοῖς
2909 2233 3068 2285 ποσί·
3110 2233 3342 2304 «Χρείαν
3376 2231 3529 2304 ὑμῶν
3551 2232 3643 2285 οὐκ
3667 2230 3802 2300 Exul,»

2289 2325 2364 2390 ὡς
2397 2325 2516 2379 οὐδὲ
2556 2327 2675 2388 ταῖς
2710 2325 2896 2396 χερσὶν
2950 2324 3000 2377 οἱ
3037 2323 3321 2395 ὀφθαλμοί.
3372 2322 3527 2378 Κατά
3564 2320 3681 2391 γοῦν
3710 2321 3809 2381 τώς

2291 2419 2517 2490 καιροὺς
2541 2416 2648 2470 τῶν
2677 2415 2951 2485 διωγμῶν,
2982 2416 3035 2469 εἴ
3059 2416 3187 2469 ποτέ
3220 2433 3339 2470 τινα
3365 2415 3508 2469 κατά
3533 2414 3633 2468 τῶν
3669 2410 3808 2483 μελῶν

2288 2509 2383 2563 τοῦ
2409 2507 2642 2580 Χριστοῦ
2681 2507 2817 2580 πρὸς
2850 2508 2958 2561 τῶν
3008 2506 3215 2580 ἐχθρῶν
3262 2508 3356 2562 καὶ
3403 2504 3661 2578 πολεμίων
3690 2505 3809 2573 ἐνερ-

2290 2605 2456 2671 γοίτο,
2505 2599 2646 2653 εἴποι
2697 2599 2763 2653 ἂν
2803 2600 2897 2653 καὶ
2948 2600 3075 2671 περὶ
3122 2598 3301 2652 αὐτῶν
3341 2600 3445 2653 οῦκ
3493 2597 3713 2668 ἀκαίρως
3745 2591 3806 2654 τὺ,

2295 2712 2315 2746 ι
2349 2693 2582 2765 Ὠρυξαν
2642 2695 2830 2766 χεῖράς
2893 2709 3023 2764 μου,
3085 2690 3180 2747 καὶ
3242 2693 3412 2756 πόδας
3471 2709 3568 2764 μου
3597 2731 3612 2755 9
3661 2685 3809 2759 ἐξηρί-

2290 2785 2504 2857 θμησαν
2556 2785 2732 2840 πάντα
2777 2786 2846 2841 τά
2891 2786 3029 2839 ὀστᾶ
3070 2800 3192 2856 μου.
3241 2784 3489 2839 Αὕτοὶδὲ
3526 2779 3809 2850 κατενόησαν

612 2818 807 2874 εεὶιίυιτι
855 2815 1265 2886 malignantium
1314 2806 1529 2864 obsedit
1580 2819 1685 2860 me.
1744 2823 1764 2855 ι
1823 2799 1982 2873 505
2044 2798 2189 2864 Quin

614 2910 757 2965 illud
807 2909 970 2965 etiam
1014 2926 1028 2962 :
1075 2924 1095 2955 ι
1146 2902 1423 2959 Fuderunt
1466 2911 1661 2952 manus
1703 2909 1855 2949 meas
1903 2901 1958 2947 et
2019 2889 2184 2961 pedes

610 3015 811 3064 'meos,
842 2997 1323 3051 dinumeraverunt
1368 2988 1552 3044 omnia
1615 3000 1739 3041 ossa
1792 2996 1934 3037 mea.
1992 3000 2010 3032 ι
2052 2978 2185 3033 Item

2291 2970 2482 3040 ἱμάτια
2511 2967 2676 3023 αὐτοῦ
2704 2969 2935 3031 ἑαυτοῖς,
2973 2968 3067 3021 καὶ
3104 2967 3196 3020 ἐπὶ
3214 2966 3307 3020 τὸν
3355 2963 3639 3037 ἱματισμὸν
3680 2955 3808 3014 αὐτοῦ

618 3092 757 3147 illud
804 3110 817 3145 :
871 3108 890 3141 ‹
930 3086 1045 3158 'lpsi
1083 3094 1263 3139 autem
1309 3080 1799 3136 eonsidcraverunt
1839 3081 1892 3130 et
1934 3073 2185 3142 inspexe-

2289 3060 2537 3132 βάλλουσι
2588 3062 2819 3133 κλῆρον,
2862 3062 2950 3114 ὅτε
2995 3060 3088 3114 τὸν
3115 3059 3209 3113 τοῦ
3252 3058 3413 3129 λόγου
3462 3059 3682 3129 κόσμον,
3719 3052 3811 3125 ἢτοι

613 3192 750 3241 runt
780 3182 847 3238 in
888 3149 1004 3243 me,
1039 3199 1059 3232 ι
1093 3185 1147 3233 et
1204 3175 1335 3231 illud
1382 3194 1395 3229 :
1434 3193 1453 3226 ι
1496 3172 1812 3228 Diviserunt
1862 3166 2183 3223 vestimenta

2284 3155 2384 3218 τάς
2408 3152 2579 3219 λέξεις
2602 3153 2711 3207 τῶν
2745 3154 2904 3206 θείων
2930 3151 3181 3224 Γραφῶν,
3221 3151 3411 3207 ἄλλοτε
3435 3152 3604 3213 ἄλλως
3624 3149 3811 3206 ἕκαστος

615 3290 741 3332 mea
793 3273 920 3337 sibi,
976 3279 1031 3327 et
1062 3283 1226 3339 super
1254 3276 1457 3322 vestem
1509 3278 1689 3319 meam
1743 3264 2011 3316 miserunt
2064 3269 2183 3310 sor-

2285 3247 2609 3319 διαερθείρων
2644 3248 2961 3311 ἐπισπᾶται,
2995 3248 3088 3301 καὶ
3115 3247 3202 3299 ὅτε
3232 3244 3332 3309 τὰς
3360 3248 3489 3318 περὶ
3515 3242 3666 3299 αὐτοῦ
3689 3238 3811 3304 δόξας

619 3378 751 3421 tem.
786 3384 807 3418 ι
835 3362 988 3425 Haec,
1026 3361 1271 3430 inquam,
1300 3356 1484 3413 omnia
1531 3361 1663 3408 tunc
1708 3351 1978 3422 completa
2030 3353 2181 3413 sunt,

2283 3337 2625 3410 διαστρόφοις
2683 3337 3052 3401 διδασκαλίαις
3116 3335 3623 3407 ἀπολαμϐάνουσιν,
3686 3332 3811 3385 ὁποῖα

617 3472 742 3511 cum
777 3456 831 3511 in
856 3468 1019 3509 cruce
1049 3460 1101 3504 et
1127 3464 1321 3504 manus
1355 3448 1501 3502 illius
1528 3454 1577 3501 et
1604 3444 1787 3515 pedes,
1816 3443 1986 3497 clavis
2012 3448 2185 3496 trans«

2287 3430 2515 3503 σύνηθες
2554 3433 2667 3494 τοῖς
2706 3430 2885 3494 ἀθέοις
2918 3427 3258 3501 αίρεσιὼταις
3307 3433 3504 3482 ποιεῖν.
3553 3426 3668 3480 Ἐπὶ
3710 3422 3815 3475 πᾶσι

550 3534 559 3537 ’
620 3551 876 3613 ﬁxerunt,
927 3552 981 3600 et
1013 3559 1137 3598 cum
1166 3542 1321 3596 illius
1349 3540 1673 3595 vestimenta
1719 3536 2072 3606 accipientes.
2118 3547 2181 3588 ea

2282 3522 2491 3588 τούτοις
2538 3521 2673 3593 πρὸς
2718 3521 2808 3575 τὸν
2854 3519 3049 3573 ἑαυτοῦ
3086 3520 3218 3573 Θεὸν
3264 3522 3357 3573 καὶ
3382 3520 3583 3592 Κύριον
3618 3515 3701 3568 καὶ
3728 3513 3813 3566 Πα-

613 3644 760 3689 mter
792 3649 851 3690 se
872 3631 1196 3686 diviserunt.
1229 3627 1361 3682 Nam
1382 3642 1503 3687 eam
1524 3642 1644 3681 rem
1690 3624 1930 3680 Joannes
1958 3624 2182 3694 exponit

2282 3616 2417 3687 τέρα
2458 3613 2556 3685 τὴν
2586 3614 2751 3685 εὐχὴν
2793 3610 3111 3675 ἀποτείνας,
3158 3611 3414 3684 ἐπιφέρει
3470 3611 3671 3679 λέγων·
3716 3602 3811 3656 «Si:

2280 3707 2360 3772 δὲ,
2398 3706 2602 3777 Κύριε,
2653 3706 2727 3775 μὴ
2765 3703 3046 3777 μακρύνῃς
3090 3702 3189 3774 τὴν
3222 3703 3483 3773 βοήθειάν
3529 3718 3644 3774 μου.
3682 3717 3699 3750 ι
3746 3695 3813 3746 '0'.

2281 3799 2389 3871 γάρ
2436 3800 2516 3862 είς
2562 3796 2735 3868 βραχὺ
2770 3794 3147 3863 καταλειφθεὶς
3185 3788 3322 3867 πρὸς
3364 3796 3464 3866 τὴν
3501 3792 3594 3849 τοῦ
3644 3788 3812 3858 ἀγῶνος

2280 3889 2558 3957 ἐπίδειξιν,
2608 3888 2700 3942 καὶ
2749 3888 2907 3959 μόνος
2941 3886 3060 3957 δίχα
3096 3885 3290 3957 βοηθοῦ
3324 3888 3463 3959 πρὸς
3498 3889 3590 3941 τὸν
3628 3885 3813 3938 θάνατον

2280 3983 2707 4054 ἀποδυσάμενος,
2745 3976 2803 4034 εὖ
2840 3980 2993 4044 εἰδὼς
3030 3978 3129 4051 τὴν
3163 3979 3417 4052 βοήθειαν
3450 3981 3550 4053 τὴν
3580 3978 3715 4050 παρά
3739 3970 3813 4026 τοῦ

2279 4077 2490 4149 Πατρὺς
2535 4076 2638 4128 οὐκ
2680 4072 2853 4137 ἄλλως
2898 4071 3045 4143 αὐτῷ
3089 4072 3415 4144 γενήσεσθαι
3461 4073 3494 4144 ἦ
3531 4071 3617 4126 διὰ
3648 4069 3733 4139 τῆς
3764 4067 3814 4117 ὲκ

2289 2880 2383 2934 καὶ
2426 2878 2634 2932 ἐπεῖδόν
2691 2895 2777 2949 με.
2810 2896 2828 2929 ι
2885 2878 3016 2931 Τότε
3075 2878 3131 2931 δὲ
3186 2878 3279 2931 καὶ
3340 2872 3722 2948 διαμερίζονται
3759 2867 3811 2920 τὰ

611 3729 704 3783 bis
731 3726 953 3782 verbis:
992 3742 1011 3774 ‹
1042 3723 1247 3776 Milites
1292 3721 1462 3790 igitur
1495 3734 1617 3774 cum
1652 3716 2055 3772 cruciﬁxissent
2086 3714 2178 3770 Je-

609 3835 763 3881 sum,
791 3820 1118 3886 acceperunt
1140 3812 1461 3869 vestimenta
1503 3810 1644 3879 ejus,
1681 3817 1737 3864 et
1770 3807 2016 3863 fecerunt
2044 3824 2181 3878 qua-

615 3916 974 3980 tuor'partes,
1001 3905 1298 3974 unicuique
1317 3900 1475 3957 militi
1502 3909 1708 3972 partem
1749 3916 1771 3954 τ
1810 3900 1996 3954 tunica
2027 3914 2176 3963 vero,

614 4001 741 4070 quia
767 4009 882 4055 erat
906 3994 1250 4052 inconsutilis
1281 4009 1309 4046 a
1335 4008 1548 4049 summo
1577 3997 1829 4046 contexta
1858 4006 1952 4061 per
1971 3997 2176 4057 totum,

616 4096 869 4148 dixerunt
893 4092 1035 4145 inter
1069 4104 1128 4143 se
1160 4106 1172 4142 :
1211 4085 1288 4143 Ne
1318 4084 1635 4141 scindamus
1667 4099 1808 4145 eam,
1842 4083 1936 4137 sed
1984 4084 2179 4138 sortia-

608 4203 736 4242 mur
767 4185 834 4241 de
863 4185 953 4238 illa
980 4183 1141 4252 cujus
1182 4181 1274 4245 sit,
1307 4187 1368 4234 ut
1399 4179 1717 4248 impleretur
1750 4175 2031 4246 Scriptura
2060 4192 2179 4246 qua:

2279 4169 2487 4242 νεκρῶν
2561 4167 2909 4230 ἀναστάσεως
2936 4205 2951 4230 ,
3015 4164 3237 4227 εἰκότως
3302 4165 3395 4218 ἐπὶ
3424 4164 3520 4218 τοῦ
3592 4160 3813 4233 παρόντος

604 4278 744 4331 dicit
764 4294 787 4331 ‘:
829 4274 1019 4329 Partiti
1064 4281 1193 4329 sunt
1245 4271 1567 4326 vestimenta
1617 4281 1735 4323 mea
1766 4266 1893 4329 sibi,
1930 4274 1985 4320 et
2015 4280 2180 4335 super

2279 4262 2492 4333 εὔχεται
2532 4254 2762 4326 διεξόδου
2810 4259 2992 4327 τυχεῖν
3037 4257 3134 4327 τῆς
3173 4256 3280 4308 τῶν
3327 4256 3634 4310 ἀντιπάλων
3673 4264 3816 4321 παρα-

610 4377 815 4423 vestem
845 4381 1017 4421 meam
1052 4364 1318 4419 miserunt
1363 4370 1567 4415 sortem
1602 4378 1614 4413 :
1648 4370 1701 4415 et
1728 4359 1929 4415 milites
1957 4356 2175 4433 quidem

2277 4353 2500 4419 τάξεως.
2546 4352 2636 4404 Διό
2664 4366 2822 4423 φησί’
2856 4349 2960 4401 «Σὺ
2991 4347 3067 4410 δὲ,
3097 4346 3288 4418 Κύριε,
3324 4346 3398 4417 μὴ
3437 4344 3707 4418 μακρύνῃς
3738 4338 3814 4408 τὴν

612 4464 727 4515 Ιιτιό
758 4460 1002 4516 fecerunt
1032 4458 1097 4511 ³³.
1149 4475 1167 4506 ι
1202 4453 1494 4508 ‘Matthrcus
1524 4467 1655 4506 vero
1680 4452 1871 4507 iisdem
1899 4452 2065 4505 rebus
2085 4465 2178 4521 ge-

2280 4442 2526 4515 βοήθειάν
2579 4458 2711 4512 μου,
2765 4440 2845 4501 εἰς
2889 4436 2987 4509 τὴν
3030 4436 3313 4507 ἀντίληψιν
3369 4455 3473 4507 μου
3531 4434 3761 4507 πρόσχες.
3796 4442 3812 4475 ι

610 4556 713 4611 stis
758 4556 813 4608 in
848 4554 993 4608 hunc
1035 4551 1255 4607 modum
1287 4549 1444 4604 tidem
1477 4545 1605 4600 facit
1638 4564 1651 4600 :
1688 4563 1706 4596 ι
1746 4545 2040 4613 Postquam
2072 4518 2172 4596 au-

2279 4536 2377 4590 Διά
2409 4534 2517 4606 γὰρ
2557 4534 2657 4605 τῆς
2706 4531 2805 4601 σῆς
2854 4530 3107 4601 βοηθείας
3152 4527 3501 4600 ήὰντὶληψίς
3555 4544 3640 4599 μοι
3687 4518 3816 4590 γενὴο

608 4658 714 4702 tem
746 4646 1136 4700 erucihxerunt
1163 4656 1310 4703 eum,
1342 4639 1645 4695 diviserunt
1673 4638 1996 4691 vestimenta
2022 4634 2173 4704 'cjus,

608 4746 809 4792 sortem
851 4736 1155 4797 mittentes,
1187 4739 1247 4786 ut
1293 4732 1609 4800 impleretur
1656 4726 1803 4798 quod
1849 4726 2053 4782 dictum
2088 4734 2176 4778 est

606 4844 705 4899 per
740 4827 1052 4898 prephetam
1108 4844 1123 4879 :
1177 4823 1485 4878 Diviseruut
1518 4822 1838 4876 vestimenta
1884 4833 2001 4873 mea
2042 4816 2170 4882 sibi,

604 4930 659 4976 et
686 4936 850 4990 super
869 4928 1076 4974 vestem
1110 4932 1285 4972 meam
1307 4916 1575 4971 miserunt
1606 4920 1805 4969 sortem
1840 4931 1852 4966 :
1886 4918 1941 4965 et
1978 4909 2175 4965 sedeo»

602 5021 688 5068 tes
721 5010 1009 5068 servabant
1049 5024 1174 5064 eum
1190 5009 1259 5060 η.
1302 5028 1320 5060 ι
1369 5006 1545 5062 Canes
1570 5014 1748 5060 autem
1781 5001 2055 5071 erantqui
2100 5000 2172 5054 il-

606 5106 715 5158 lum
739 5099 1235 5162 circumdederant,
1279 5103 1335 5153 et
1381 5103 1684 5152 conventus
1731 5093 2168 5163 malignantium,

540 5229 547 5237 -
603 5193 708 5263 ipsi
742 5192 807 5247 ad
835 5191 1308 5247 circumeisionem
1334 5186 1666 5258 pertinentes
1696 5183 2048 5253 magistratus
2079 5178 2171 5233 Ju-

604 5282 867 5346 dzeorum,
892 5290 944 5337 et
966 5281 1173 5337 Scribe
1201 5278 1553 5350 etprincipes
1581 5273 1926 5331 sacerdotum
1952 5280 2004 5327 et
2028 5271 2170 5326 Pha-

604 5374 770 5435 risaei,
818 5374 913 5444 qui
943 5374 1105 5429 etiam
1137 5372 1451 5426 universam
1485 5366 1890 5423 multitudinem
1940 5379 2169 5433 compu-

604 5464 803 5525 lerunt,
840 5472 900 5517 ut
928 5464 1247 5534 sanguinem
1280 5463 1432 5517 illius
1454 5466 1507 5515 et
1538 5457 1827 5513 adversum
1866 5457 2093 5527 seipsos
2116 5466 2169 5510 et

605 5557 892 5609 adversum
918 5555 1055 5609 tllios
1083 5569 1215 5610 suos
1245 5561 1512 5622 peterent.
1543 5548 1780 5604 Proinde
1801 5547 1972 5602 Isaias
2003 5547 2165 5616 plane

603 5644 723 5699 illos
751 5661 913 5701 canes
944 5652 1119 5707 vocat.
1153 5646 1282 5699 dum
1308 5643 1438 5699 dicit
1463 5661 1485 5697 ε
1526 5660 1545 5693 ι
1586 5639 1789 5696 Omnes
1839 5653 2004 5696 canes
2043 5645 2162 5694 stu-

2283 4643 2453 4690 σεται,
2489 4624 2560 4677 δι’
2582 4625 2645 4694 ἣν
2669 4621 2948 4690 ἀντίληψιν
2974 4621 3003 4672 ὁ
3032 4621 3137 4683 πᾶς
3169 4618 3393 4682 εἰκότως
3440 4616 3816 4689 προγέγραπται

2278 4716 2488 4787 ψαλμὸς
2520 4715 2658 4785 ὑπὲρ
2680 4714 2778 4785 τῆς
2802 4712 3029 4782 ἑωθινῆς
3072 4710 3424 4782 ἀντιλήψεως.
3447 4711 3547 4773 Εἰς
3578 4709 3671 4777 τὴν
3699 4697 3817 4757 ἀντί-

2278 4809 2437 4881 ληψιν
2480 4805 2768 4879 τοιγαροῦν
2820 4805 3094 4877 πρόσχες,
3146 4812 3401 4876 παρέχων
3453 4821 3547 4876 μοι
3591 4802 3683 4873 τὴν
3719 4798 3817 4850 ὅσον

2274 4901 2426 4956 οὔπω
2449 4898 2590 4954 κατά
2610 4899 2708 4970 τὴν
2741 4897 2815 4951 ἓω
2840 4899 2903 4951 ἐκ
2928 4897 3137 4969 νεκρῶν
3163 4896 3517 4960 ἀναστάσεως
3550 4888 3814 4961 ἀντίληψιν.

2272 4988 2340 5065 ἦς
2385 4989 2588 5054 ἐλπίζω
2649 4986 2973 5052 τεύξεσθαι,
3043 4988 3221 5051 ἐπὰν,
3285 4985 3360 5058 μὴ
3415 4985 3694 5059 μακρύνας
3738 4993 3816 5048 μου

2273 5081 2467 5153 αὐτὴν,
2515 5101 2533 5131 ι
2570 5082 2707 5153 ῥύσῃ
2760 5076 2868 5131 άπδ
2917 5079 3187 5150 ῥομφαίας
3238 5078 3339 5150 τὴν
3380 5077 3562 5149 ψυχήν
3604 5090 3715 5145 μου,
3744 5065 3818 5121 καὶ

2272 5176 2337 5228 ὲκ
2368 5171 2562 5244 ’χειρὸς
2613 5169 2772 5233 κυνὸς
2812 5168 2916 5238 τὴν
2974 5167 3232 5239 μονογενῆ
3287 5184 3384 5239 μου
3406 5183 3419 5197 ο
3484 5163 3623 5219 ὲπάν
3668 5159 3819 5228 adduc

2275 5282 2341 5338 με
2424 5265 2488 5317 ὲκ
2563 5264 2830 5333 στόματος
2916 5258 3127 5323 λέοντος
3150 5299 3165 5324 ,
3249 5260 3343 5312 καὶ
3409 5258 3522 5311 ἀπὸ
3603 5252 3818 5324 κεράτων

2275 5356 2658 5432 μονοκερώτων
2690 5352 3138 5425 τῆν’ταπείνωσίν
3174 5367 3276 5422 μου
3296 5368 3309 5381 ·
3342 5369 3361 5402 ι
3399 5351 3478 5403 Δι’
3508 5342 3584 5402 ὧν
3612 5342 3819 5418 ἡγοῦμαι

2270 5430 2430 5507 αὐτὸν
2459 5449 2558 5513 τάς
2592 5445 2973 5517 καταχθονίους
3012 5432 3343 5498 αἰνίττεσθαι
3370 5441 3649 5511 δυνάμεις,
3677 5430 3745 5488 ὧν
3768 5431 3817 5485 οὐ

2271 5543 2389 5599 καθ’
2418 5542 2564 5614 ἡμᾶς
2618 5539 2684 5594 ἄν
2735 5537 2821 5608 εἴη
2873 5536 2992 5589 κατ’
3026 5531 3160 5599 εἶδος
3220 5530 3619 5588 διαστείλασθαι
3645 5525 3733 5583 καὶ
3757 5522 3815 5578 δι-

2270 5638 2427 5700 ελεῖν,
2446 5635 2593 5697 ὅπως
2618 5632 2654 5701 ἡ
2679 5629 2778 5701 μέν
2802 5645 2884 5691 τις
2908 5626 3086 5684 αὐτῶν
3114 5625 3356 5697 ῥομφαία
3383 5620 3521 5680 οὖσα
3543 5618 3820 5677 dversum

674 5828 717 5864 ³⁸
758 5827 946 5883 Matth.
982 5844 1161 5892 xxvii,
1198 5825 1383 5880 27-5l.
1466 5824 1507 5855 "
1544 5823 1703 5879 Joan.
1740 5838 1866 5892 xu,
1900 5822 2088 5893 25,21.
2167 5822 2210 5854 "
2249 5819 2294 5874 Μ
2331 5818 2435 5873 κὴ.
2470 5829 2664 5883 xxv",
2696 5812 2884 5880 35,56.
