4100 6474
275 242 485 318 735'

1206 255 1859 315 DEMONSTRATIONIS
1897 252 2355 312 EVANGELICJE
2387 256 2512 312 LIB.
2553 257 2619 312 Χ.

3449 254 3545 310 T86

278 372 441 429 κατά
474 373 567 445 τῆς
602 373 777 445 ψυχῆς
809 372 902 427 τοῦ
934 372 1181 444 Σωτῆρος
1214 372 1372 445 ημῶν
1391 390 1405 405 ο
1449 376 1483 444 ἡ
1515 374 1574 428 δέ
1601 390 1685 439 τις
1725 373 1869 426 κύων

1977 369 2109 441 pidi,
2131 371 2223 441 qui
2257 381 2536 443 nequeunt
2564 372 2765 428 latrare
2787 372 2850 427 “.
2887 392 2904 424 ι
2937 371 3072 428 Cum
3104 372 3248 428 enim
3271 387 3366 428 eos
3385 388 3545 443 Opur-

276 461 430 521 οὖσα
476 463 708 534 θανάτῳ,
741 463 841 536 τὴν
883 462 1253 536 θανατηφόρον
1282 468 1439 537 χεῖρα
1486 464 1871 549 προύξάλλετο,

278 557 368 620 είς
417 556 483 609 τὸ
526 552 872 622 καθάψασθαι
918 552 1106 624 αὐτῆς.
1156 552 1246 606 Διό
1291 570 1455 625 φησι·
1494 552 1722 606 «Ῥῦσαι
1766 551 1875 606 ἀπὸ

281 647 574 720 ῥομφαίας
622 644 719 717 τὴν
759 644 937 717 ψυχήν
984 662 1109 716 μου,
1136 645 1230 699 καὶ
1261 647 1325 699 ὲκ
1351 645 1531 718 χειρὸς
1575 644 1735 707 κυνὸς
1778 641 1874 714 τὴν

279 737 561 810 μονογενῆ
597 752 730 809 μου*
766 757 786 789 ι
824 736 954 807 ἄλλη
987 736 1045 790 δέ
1074 754 1157 800 τις
1192 737 1404 810 πονηρά
1434 738 1527 790 καὶ
1560 735 1667 789 τῶν
1695 738 1872 789 ἐκεῖσε

278 829 501 903 θηρίων
548 830 827 902 ἡγουμένη
879 829 1126 899 δύναμις,
1155 829 1292 883 λέων
1336 827 1870 900 προσαγορευομένη,

275 918 344 973 τὸ
386 918 563 973 πλατὺ
607 919 699 971 καὶ
730 918 928 988 ἀχανὲς
958 918 1050 970 τού
1080 917 1313 972 θανάτου
1345 917 1518 988 στόμα
1542 917 1871 984 διανοίξασα,

280 1009 436 1082 μετά
459 1010 569 1064 τῶν
599 1008 772 1065 ἄλλων
798 1008 908 1061 τῶν
933 1011 1013 1072 είς
1048 1010 1173 1081 ᾅδου
1209 1009 1506 1063 κατιόντων
1530 1009 1625 1063 καὶ
1647 1008 1744 1081 τὴν
1777 1010 1875 1062 αύ-

276 1102 383 1157 τοῦ
417 1102 596 1174 ψυχὴν
624 1104 909 1156 καταπιεῖν
938 1101 1184 1174 ὥρμητο,
1212 1103 1493 1176 ὼσπεροῦν
1535 1102 1699 1156 πάλαι
1742 1102 1875 1174 πρό-

274 1210 452 1268 τερον
478 1194 739 1249 κατέπιεν
765 1195 793 1248 6
813 1193 1043 1257 θάνατος
1079 1194 1322 1265 ίσχύσας,
1345 1195 1443 1265 οὐχ
1470 1195 1657 1265 ἕτερος
1682 1193 1756 1248 ὢν
1777 1195 1871 1249 τοῦ

276 1284 527 1340 ἐνταῦθα
566 1284 798 1351 λέοντος,
831 1284 924 1338 τοῦ
969 1285 1032 1338 τὸ
1078 1285 1251 1356 στόμα
1296 1285 1435 1340 κατά
1484 1284 1575 1339 τοῦ
1623 1286 1872 1357 Σωτῆρος

276 1375 452 1448 ἡμῶν
485 1374 834 1447 ἀνεῴξαντος,
870 1375 962 1445 ἀφ’
988 1370 1047 1431 οὗ
1079 1377 1171 1430 καὶ
1200 1376 1362 1430 αὑτοῦ
1392 1376 1628 1449 σωθῆναι
1655 1376 1743 1430 τὸν
1771 1377 1874 1430 Πα-

276 1466 424 1540 τέρα
477 1466 781 1541 παρακαλεῖ
830 1467 1037 1536 λέγων⁹
1097 1486 1115 1518 r
1144 1467 1323 1522 Σῶσόν
1373 1485 1440 1539 με
1490 1470 1553 1522 ὲκ
1606 1468 1872 1538 στόματος

275 1558 526 1625 λέοντος.
559 1580 576 1612 ι
612 1557 734 1613 Εἶεν
764 1559 810 1613 δ’
833 1558 899 1613 ἂν
922 1561 1015 1613 καὶ⁸
1039 1559 1193 1614 ἄλλαι
1218 1559 1361 1623 τινὲς
1383 1560 1616 1631 πονηραὶ
1646 1561 1739 1613 καὶ
1763 1558 1873 1612 θεό-

279 1666 462 1721 μαχοι
501 1647 779 1721 δυνάμεις,
824 1647 902 1719 τῷ
949 1649 1277 1722 μονοκέρωτι
1295 1648 1386 1705 τοῦ
1410 1648 1543 1702 Θεοῦ
1575 1648 1870 1719 ἀντιπράτ-

1978 471 2136 528 teret,
2167 465 2381 520 tametsi
2432 474 2714 536 pastorum
2776 480 2985 520 morem
3024 481 3130 520 non
3163 475 3540 534 susceperant,

1976 561 2214 611 attamen
2245 557 2514 612 bonorum
2549 571 2746 611 cauum
2783 556 2974 621 instar,
3014 554 3225 610 Domini
3256 557 3339 610 sui
3376 557 3544 608 ratio-

1976 648 2154 703 nalem
2188 664 2407 719 gregem
2438 655 2602 717 atque
2627 663 2756 703 oves
2791 645 2988 703 domus
3028 648 3194 703 Israel
3227 649 3544 703 custodien-

1977 751 2082 804 tes,
2114 740 2274 796 docte
2301 755 2365 795 ac
2393 742 2688 811 prudenter
2708 742 2930 802 latrare.
2958 741 3353 812 Dominumque
3383 758 3540 797 suum

1976 846 2041 886 ac
2064 838 2341 902 pastorum
2371 831 2666 902 principem
2693 832 3004 888 demulcere
3036 841 3197 903 atque
3223 848 3538 904 agnoscere,

1974 926 2233 993 omnique
2277 923 2523 979 custodia
2558 924 2827 980 creditum
2868 925 2970 980 sibi
3000 941 3215 996 gregem
3246 940 3541 981 conserva-

1975 1031 2057 1079 re,
2088 1017 2290 1069 latrare
2316 1022 2495 1069 autem
2527 1014 2572 1069 si
2611 1014 2751 1068 forte
2786 1016 3043 1070 acerbius
3073 1015 3293 1078 vellent,
3348 1026 3542 1070 contra

1974 1124 2071 1164 eos
2105 1107 2160 1162 id
2197 1107 2396 1170 facere,
2427 1108 2518 1177 qui
2547 1108 2896 1162 extrinsecus
2934 1107 3085 1177 gregi
3126 1106 3538 1170 insidiarentur,

1976 1201 2081 1272 ipsi
2114 1209 2330 1262 contra,
2374 1214 2573 1253 canum
2630 1197 2974 1269 SIleIlIOI'IltII
3027 1212 3198 1267 reque
3228 1213 3352 1253 vera
3394 1198 3542 1252 insa-

1975 1292 2242 1347 nientium
2275 1293 2468 1356 instar,
2514 1292 2748 1347 latratus
2772 1306 2904 1346 suos
2931 1289 3252 1353 emiserunt,
3306 1298 3360 1344 et
3411 1303 3541 1344 oves

1974 1384 2214 1454 pastoris
2247 1383 2564 1447 efferarunt,
2598 1393 2657 1437 ut
2686 1383 2880 1438 merito
2912 1381 3200 1436 conveniat
3237 1381 3318 1436 eis
3355 1380 3486 1435 illud
3523 1399 3538 1435 :

1978 1495 1998 1528 r
2045 1475 2538 1532 Circumdcderunt
2568 1490 2654 1530 me
2684 1489 2855 1529 canes
2884 1475 3062 1541 multi,
3096 1474 3389 1528 concilium
3427 1489 3543 1528 ma-

1975 1566 2300 1637 lignantium
2348 1566 2564 1620 obsedit
2594 1581 2701 1622 me.
2742 1584 2761 1617 ι
2799 1564 2961 1636 506
2986 1564 3127 1631 Quin
3158 1566 3320 1619 etiam
3353 1579 3542 1618 omnes

1974 1658 2287 1728 quicunque
2321 1658 2374 1711 in
2404 1657 2550 1712 hunc
2581 1672 2756 1727 usque
2802 1656 2947 1710 diem
2997 1656 3182 1710 itidem
3216 1664 3275 1709 ut
3312 1656 3390 1709 illi
3427 1670 3543 1725 per-

274 1758 484 1797 τουσαι
532 1742 627 1796 καὶ¹
668 1741 1124 1813 ἀντιπαρεξάγειν
1148 1739 1314 1794 αὐτοῦ
1350 1743 1594 1814 ὲπιχειρο
1633 1758 1740 1805 σαι,
1778 1740 1869 1809 ἀφ’

1976 1757 2115 1820 gunt
2139 1749 2464 1819 maledicere
2488 1763 2551 1803 ac
2580 1748 2781 1803 latrare
2811 1746 3075 1803 adversus
3101 1747 3382 1803 Christum
3419 1745 3538 1807 Dei,

275 1829 363 1889 ὧν
394 1835 495 1888 καὶ
525 1833 701 1887 αὐτῶν
729 1834 757 1886 6
788 1832 879 1886 τοῦ
900 1832 1035 1889 Θεοῦ
1071 1833 1398 1904 μονόκερως,
1426 1833 1585 1895 αὐτὸς
1609 1830 1638 1881 6
1667 1833 1871 1904 Κύριος

277 1926 473 1998 ἡμῶν,
494 1926 650 1998 μόνον
678 1923 771 1977 τὸν
797 1924 1018 1996 Πατέρα
1047 1923 1213 1995 κέρας
1242 1922 1399 1993 ἔχων,
1431 1921 1529 1993 τὴν
1562 1920 1752 1975 ἑαυτοῦ
1784 1938 1873 1975 τα-

278 2016 552 2072 πείνωσιν
588 2014 847 2089 ῥυσθῆναι
875 2014 1036 2079 ἀξιοῖ,
1067 2012 1237 2081 λέγων
1256 2030 1270 2043 θ
1305 2032 1323 2064 ι
1358 2014 1467 2066 Καὶ
1494 2012 1601 2065 ἀπὸ
1626 2012 1869 2082 κεράτων

282 2106 678 2181 μονοκερώτων
715 2108 803 2177 τὴν
842 2105 1168 2163 ταπείνωσιν
1204 2121 1325 2173 μου.
1356 2123 1374 2155 ι
1411 2104 1575 2156 Ποίαν
1603 2102 1659 2156 δὲ
1680 2103 1869 2159 ταπεί-

277 2218 456 2257 νωσιν
505 2200 540 2273 ἢ
591 2200 794 2271 ταύτην
843 2198 1032 2270 αὐτὴν,
1070 2198 1189 2252 καθ’
1220 2198 1285 2269 ἣν
1345 2216 1363 2249 ι
1394 2198 1452 2249 ὲν
1503 2199 1680 2267 μορφῇ
1734 2195 1868 2250 Θεοῦ

280 2293 555 2366 ὑπάρχων
581 2292 944 2348 ἐταπείνωσεν
971 2289 1158 2348 ἔαυτδν
1180 2290 1274 2343 καὶ
1300 2290 1555 2353 ἐκένωσε,
1582 2289 1870 2359 γενόμενος

280 2387 534 2459 ὑπήκοος
568 2386 736 2457 μέχρι,
758 2382 1010 2445 θανάτου,
1039 2382 1264 2436 θανάτου
1294 2380 1350 2434 δὲ
1376 2379 1642 2453 σταυροῦς
1682 2400 1699 2432 ι
1734 2380 1869 2435 ἀλλά

282 2458 403 2551 γάρ
435 2478 531 2533 ἐπὶ
563 2458 814 2534 τοσοῦτον
860 2471 1153 2538 κατελθὼν,
1186 2474 1280 2527 καὶ
1325 2472 1482 2544 μέχρι
1514 2471 1703 2525 τούτου
1730 2471 1868 2542 φθά-

284 2585 415 2633 σας,
442 2568 587 2638 λέγω
616 2569 679 2641 δὴ
710 2569 873 2641 μέχρι
891 2569 989 2640 τῆς
1013 2569 1071 2621 ἐν
1100 2567 1176 2638 τῷ
1205 2567 1305 2639 ᾄδῃ
1333 2566 1624 2638 ῥομφαίας,
1653 2567 1746 2620 καὶ
1770 2567 1868 2637 τῆς

282 2661 477 2733 χειρὸς
500 2660 593 2715 τοῦ
630 2659 815 2715 αὐτόθι
839 2660 1129 2730 λεγομένου
1165 2660 1325 2723 κυνὸς
1362 2658 1501 2729 (ὅθεν
1542 2660 1636 2713 καὶ
1673 2658 1868 2721 παῖδας

292 2752 574 2824 Ἑλλήνων
586 2752 746 2817 εἰκὼς
762 2753 781 2825 (
796 2752 839 2824 I)
870 2751 1106 2810 τοιοῦτον
1122 2768 1241 2805 τινα
1256 2750 1705 2822 παρακούσαντας
1733 2750 1868 2803 κύνα

283 2845 549 2909 θανάτου,
576 2846 669 2900 καὶ
702 2844 887 2898 τοῦτον
918 2843 1239 2917 τρικέφαλον
1263 2844 1669 2916 ἀναζωγραφετν
1685 2842 1726 2909 ),
1773 2844 1868 2896 καὶ

284 2940 459 3012 μέχρι
489 2939 546 2993 δὲ
570 2939 677 2993 τῶν
710 2938 1002 3010 φαρύγγων
1032 2935 1125 2990 τοῦ
1153 2936 1621 3010 προδεδηλωμένου
1656 2935 1865 3000 λέοντος

282 3033 485 3097 ἐλθὼν,
516 3033 609 3086 καὶ
629 3030 726 3102 τὴν
750 3030 1074 3087 ταπείνωσιν
1105 3028 1269 3083 αὐτοῦ
1297 3032 1407 3094 τοῖς
1432 3029 1742 3093 ἀντιπάλοις
1771 3028 1866 3081 καὶ

281 3124 583 3196 θεομάχοις
608 3121 968 3195 μονοκέρωσιν
995 3121 1369 3193 ὑποστρώσας,
1399 3120 1494 3173 καὶ
1514 3121 1606 3175 ἐπὶ
1630 3120 1784 3174 τοῦτό
1803 3137 1866 3189 γε

284 3215 445 3280 τέλος
474 3215 572 3286 τὴν
604 3216 781 3268 πᾶσαν
809 3211 1118 3283 οἰκονομίαν
1148 3211 1249 3282 τῆς
1274 3210 1466 3264 ἑαυτοῦ
1501 3208 1779 3274 κενώσεώς
1807 3227 1867 3263 τε

283 3308 389 3362 καὶ
412 3306 792 3372 ταπεινώσεως
820 3307 1043 3378 στήσας,
1061 3306 1293 3360 κᾶπειτα
1316 3304 1612 3375 εὐξάμενος
1635 3304 1733 3376 ¹ἤδη
1761 3303 1868 3358 λοι-

282 3398 393 3452 πὺν
425 3400 603 3469 τυχεῖν
640 3398 739 3469 τῆς
784 3396 1035 3469 βοηθείας
1074 3397 1166 3449 καὶ
1198 3394 1296 3465 τῆς
1334 3395 1483 3467 παρά
1520 3394 1613 3449 τοῦ
1657 3393 1869 3467 Πατρδς

282 3485 648 3559 ἀντιλήψεως,
675 3484 915 3554 ἐπιλέγει
935 3502 948 3516 ο
998 3504 1015 3537 r
1047 3485 1119 3538 Σὺ
1141 3484 1218 3549 δὲ,
1246 3484 1438 3556 Κύριε,
1478 3483 1552 3557 μὴ
1587 3485 1867 3558 μακρύνῃς

282 3578 390 3652 τὴν
420 3576 670 3650 βοήθειάν
716 3594 840 3649 μου,
866 3581 945 3643 εἰς
971 3578 1068 3649 τὴν
1098 3576 1379 3649 άντίληψίν
1411 3595 1513 3648 μου
1555 3579 1808 3650 πρόσχες.
1844 3599 1860 3629 ι

284 3664 402 3723 καί
426 3667 569 3724 τοῦτ’
599 3669 766 3722 είπὼν
794 3670 894 3722 οὐκ
924 3670 1003 3732 είς
1037 3668 1252 3741 μακράν
1280 3669 1518 3739 ἐπηκόου
1539 3668 1632 3722 τοῦ
1660 3669 1869 3739 Πατρδς

281 3760 571 3833 τυγχάνει,
619 3759 695 3831 μὴ
749 3758 1186 3832 μακρυνθέντος,
1236 3759 1368 3829 μηδὲ
1420 3757 1481 3811 τὸ
1535 3757 1868 3830 βραχύτατον

282 3846 684 3919 ὑπερθεμένου,
712 3849 893 3912 αὐτοῖς
936 3847 992 3901 δὲ
1046 3847 1227 3920 ἔργοις
1283 3849 1562 3920 μονονουχὶ
1604 3851 1870 3919 φήσαντος

282 3936 474 4012 αὐτῷ’
518 3938 669 3990 «Ἔτι
711 3936 995 4002 λαλοῦντός
1042 3955 1157 4003 σου,
1191 3938 1332 4010 ὲριῖν
1373 3938 1503 3991 Ἰδοὺ
1551 3939 1799 4010 πάρειμι.
1845 3958 1863 3989 ι

287 4030 403 4084 Καὶ
429 4029 493 4100 δὴ
516 4028 660 4083 τοῦτ’
693 4029 1034 4107 αίσθόμενος,
1068 4030 1166 4101 τῆς
1194 4047 1255 4084 τε
1289 4030 1558 4103 πατρικῆς
1597 4029 1867 4102 βοηθείας,

294 4122 546 4194 καθάπερ
584 4121 804 4194 ηὗξατο,
833 4120 1031 4194 τυχὼν,
1062 4121 1309 4176 ἐντεῦθεν
1355 4121 1537 4175 λοιπὸν
1573 4122 1871 4195 ἀπέρχεται

289 4213 386 4268 τοῦ
429 4216 692 4268 ὲπινικίου
729 4213 918 4285 ὕμνου,
948 4215 1087 4289 ὑπὲρ
1128 4215 1226 4287 τῆς
1266 4215 1493 4286 ἑωθινῆς
1537 4215 1871 4286 ἀντιλήψεως

287 4308 385 4363 τὸν
405 4305 616 4378 ψαλμὸν
650 4306 987 4378 ποιούμενος,
1012 4308 1069 4359 ὲν
1101 4301 1181 4370 οἷς
1212 4324 1372 4377 φησι·
1408 4326 1425 4357 r
1453 4309 1790 4380 Διηγήσομαι
1810 4308 1871 4361 τὸ

1973 1842 2044 1897 ab
2074 1842 2185 1897 illis
2206 1842 2407 1896 diversi
2442 1840 2669 1911 putandi
2694 1855 2803 1894 non
2834 1848 2983 1895 sunt.
3021 1839 3130 1894 Nec
3160 1840 3343 1896 minus
3368 1839 3425 1902 ii,
3446 1839 3540 1909 qui

1973 1940 2106 1988 tunc
2140 1933 2196 1987 in
2232 1934 2384 1989 illum
2419 1934 2584 2003 impie
2631 1932 3001 2004 grassantium
3053 1932 3287 1986 militum
3347 1932 3539 1995 instar,

1973 2041 2122 2082 nunc
2161 2026 2356 2082 Filium
2395 2025 2490 2082 Dei
2529 2027 2727 2083 iterum
2775 2026 2929 2082 cruci
2974 2025 3219 2098 alligant,
3255 2027 3543 2098 palamque

1972 2117 2270 2201 ignominia
2322 2117 2582 2183 alliciunt,
2635 2134 2745 2174 non
2790 2118 2950 2190 longe
2995 2118 3288 2174 admodum
3322 2120 3391 2175 ab
3420 2121 3543 2174 illo-

1971 2227 2092 2265 rum
2144 2210 2352 2266 nefaria
2386 2213 2669 2268 voluntate
2716 2213 3013 2279 recedunt;
3065 2226 3257 2267 omnes
3306 2227 3436 2267 vero
3483 2211 3540 2268 bl

1972 2308 2123 2364 sunt,
2153 2301 2246 2371 qui
2288 2302 2450 2355 etiam
2492 2317 2640 2356 nunc
2664 2300 2868 2356 Christi
2899 2315 3123 2371 corpus,
3151 2299 3252 2353 hoc
3295 2305 3399 2366 est,
3434 2296 3541 2353 Ec-

1971 2395 2197 2451 clesiam
2223 2394 2614 2464 suscipientes,
2639 2410 2837 2449 manus
2868 2394 3015 2449 illius
3045 2399 3099 2448 et
3132 2392 3297 2462 pedes
3331 2401 3386 2447 et
3411 2406 3539 2447 ossa

1973 2494 2236 2557 praeterea
2277 2484 2571 2554 dissipant,
2617 2484 2664 2540 si
2706 2484 2869 2538 modo
2916 2499 3107 2538 omnes
3141 2498 3309 2537 unum
3340 2495 3540 2551 corpus

1974 2592 2167 2632 sumus
2190 2577 2244 2631 in
2278 2575 2501 2631 Christo
2528 2574 2681 2635 Jesn.
2725 2575 2923 2646 singuli
2969 2582 3149 2629 autem
3196 2573 3538 2644 singulorum

1971 2667 2203 2721 invicem
2259 2668 2522 2723 membra.
2573 2685 2593 2717 ι
2634 2665 2820 2738 Neque
2846 2681 2977 2722 vero
3005 2672 3169 2737 caput
3200 2666 3428 2737 pedibus
3454 2664 3540 2719 di-

1972 2759 2134 2822 xerit,
2171 2773 2335 2829 opera
2358 2766 2537 2813 vestra
2570 2774 2679 2812 non
2709 2759 2947 2829 indigeo,
2982 2759 3127 2814 sicut
3150 2775 3251 2814 nec
3285 2758 3539 2813 manibus

1971 2848 2192 2920 quidem
2228 2850 2375 2904 oeuli
2403 2850 2468 2905 ¹⁵.
2515 2870 2533 2902 ι
2562 2848 2674 2905 Illis
2703 2866 2831 2920 ergo
2860 2851 3201 2921 temporibus
3232 2850 3429 2920 quibus
3456 2850 3540 2905 in—

1970 2939 2307 2995 sectationes
2354 2948 2697 3010 grassantur,
2735 2941 2781 2996 si
2822 2957 2930 3011 qua
2970 2942 3108 2996 forte
3136 2940 3337 2996 Christi
3369 2955 3540 2994 ntem-

1972 3031 2071 3085 bra
2102 3031 2170 3086 ab
2199 3031 2440 3087 inimicis
2483 3042 2646 3103 atque
2685 3031 2939 3089 hostibus
2983 3042 3270 3096 vexentur,
3316 3047 3425 3086 non
3455 3034 3540 3085 in-

1973 3124 2295 3194 tempestive
2326 3123 2395 3179 de
2418 3124 2526 3180 illis
2560 3135 2672 3180 tum
2698 3142 2913 3198 quoque
2943 3124 3175 3181 dixerit:
3207 3144 3225 3176 ι
3265 3123 3540 3180 Foderunt

1971 3229 2171 3270 manus
2193 3229 2341 3270 meas
2373 3224 2426 3269 et
2450 3216 2615 3284 pelles
2638 3232 2809 3281 meos,
2837 3216 3324 3271 dinumeraverunt
3356 3217 3539 3269 omnia

1971 3321 2098 3360 ossa
2133 3321 2275 3360 mea.
2310 3304 2415 3374 Ipsi
2446 3317 2625 3361 autem
2651 3308 3159 3370 cnnslderaverunt,
3194 3316 3249 3361 et
3288 3309 3538 3376 inspexe—

1970 3405 2100 3450 runt
2130 3396 2183 3451 in
2212 3412 2318 3451 me.
2352 3416 2371 3447 ι
2402 3395 2557 3451 Tunc
2588 3399 2753 3453 etiam
2785 3400 3036 3456 dividunt
3067 3400 3188 3470 ejus
3219 3401 3538 3455 vestimenta

1971 3487 2097 3549 sibi,
2135 3495 2192 3541 et
2221 3487 2274 3539 in
2304 3495 2505 3542 vestem
2534 3488 2656 3558 ejus
2683 3500 2884 3544 sortem
2914 3492 3133 3545 mittunt
3171 3508 3184 3542 :
3213 3505 3337 3543 cum
3365 3490 3539 3559 ipsius

1970 3578 2121 3633 verbi
2174 3587 2453 3640 ornatum,
2503 3580 2608 3636 hoc
2647 3592 2754 3647 est,
2783 3582 3094 3636 divinarum
3125 3580 3540 3652 Scripturarum

1971 3686 2136 3743 voces
2187 3672 2323 3727 alias
2370 3673 2528 3728 aliter
2566 3676 2946 3746 unusquisque
2979 3674 3283 3744 corrumpit
3314 3683 3368 3729 et
3396 3674 3543 3729 lace-

1972 3771 2079 3828 rat,
2132 3764 2261 3818 item
2318 3778 2443 3818 cum
2490 3766 2777 3836 opiniones
2805 3766 2873 3821 de
2906 3767 3000 3820 illo
3052 3766 3327 3836 perversis
3369 3766 3542 3820 docu-

1971 3856 2172 3911 mentis
2206 3855 2508 3925 excipiunt,
2540 3856 2847 3925 cujusmodi
2880 3864 3029 3920 sunt,
3071 3872 3193 3927 quae
3216 3856 3408 3911 nefarii
3431 3855 3543 3910 Im-

1971 3949 2126 4002 retici
2157 3948 2337 4004 lacere
2366 3949 2560 4004 solent.
2584 3946 2714 4002 Post
2732 3948 2914 4002 omnia
2943 3946 3056 4001 haec
3085 3947 3154 4001 ad
3187 3962 3346 4001 suum
3370 3945 3542 4001 Deum

1972 4047 2027 4094 et
2060 4037 2350 4094 Dominum
2380 4049 2432 4094 et
2467 4038 2682 4093 Patrem
2717 4038 3016 4092 orationem
3049 4036 3335 4093 intendens
3368 4035 3543 4104 subji-

1972 4120 2047 4186 cit
2085 4131 2218 4185 illud
2247 4149 2260 4185 :
2299 4149 2317 4182 ι
2365 4130 2448 4186 Tu
2475 4139 2678 4193 autem,
2703 4128 2951 4193 Domine,
2983 4142 3052 4182 ne
3073 4128 3263 4199 procul
3287 4142 3543 4182 amoveas

1974 4224 2237 4282 auxilium
2262 4240 2463 4281 meum.
2501 4244 2519 4276 ι
2558 4221 2838 4292 Siquidem
2878 4231 3138 4292 tanquam
3166 4222 3219 4279 in
3249 4232 3542 4290 angustum

1975 4313 2234 4367 redactus
2264 4313 2331 4369 ad
2358 4315 2531 4383 ipsam
2556 4312 2873 4369 certaminis
2894 4313 3337 4377 ostentationem,
3370 4321 3425 4366 et
3454 4326 3544 4366 so-

286 4400 464 4473 ὄνομά
512 4417 606 4454 σου
653 4404 764 4466 τοῖς
808 4402 1055 4472 ἀδελφοῖς
1087 4417 1223 4473 μουσ
1254 4404 1313 4455 ὲν
1358 4402 1507 4472 μέσῳ
1548 4400 1867 4471 Ἐκκλησίας

1977 4406 2064 4462 lus
2096 4406 2304 4477 absque
2328 4408 2580 4477 adjutore
2599 4408 2863 4462 adversus
2890 4415 3119 4462 mortem
3141 4409 3398 4471 nudatus,
3416 4422 3542 4461 eum

289 4496 520 4566 ὑμνήσω
549 4510 628 4547 σε.
664 4511 681 4543 ι
718 4492 962 4564 Πρώτοις
997 4494 1094 4564 μὲν
1115 4489 1207 4548 οὖν
1237 4496 1348 4559 τοῖς
1380 4492 1571 4546 ἑαυτοῦ
1601 4491 1867 4563 μαθηταῖς

289 4585 389 4639 καὶ
413 4584 729 4650 ἀποστόλοις
749 4585 1140 4655 ἐπαγγέλλεται
1176 4585 1243 4639 τά
1285 4586 1382 4657 τῆς
1411 4586 1495 4638 ἐπ’
1523 4582 1669 4654 αύτῴ
1696 4585 1870 4656 χαρᾶς

290 4677 388 4731 καὶ
441 4676 812 4746 ἀγαλλιάσεως
853 4676 1318 4745 εύαγγελίσεσθαι,
1363 4675 1625 4745 ἀδελφοὺς
1673 4675 1869 4738 αὐτοὺς

290 4769 573 4843 ὀνομάζων
597 4787 612 4802 ·
656 4765 736 4835 οἷς
780 4769 1044 4823 ἀκόλουθα
1092 4769 1184 4822 καὶ
1234 4770 1262 4821 6
1307 4767 1584 4833 Ματθαῖος
1631 4768 1870 4823 διδάσκει

289 4863 496 4934 λέγων·
532 4883 549 4915 ι
577 4864 688 4917 Καὶ
720 4863 827 4916 ἰδοὺ
860 4863 889 4914 6
930 4861 1136 4932 Ἰησοῦς
1161 4862 1704 4933 ἀπήντησεναύταῖς,
1736 4883 1754 4914 ι
1779 4862 1872 4932 δη-

290 4956 465 5009 λονότι
497 4960 616 5033 ταῖς
660 4956 802 5027 ἀμφὶ
846 4955 943 5026 τὴν
990 4953 1353 5033 Μαγδαληνὴν
1382 4954 1622 5024 Μαρίαν,
1657 4954 1829 5023 λέγων
1852 4971 1864 4983 ·

297 5067 319 5101 ι
351 5032 606 5120 Χαίρετε.
640 5067 657 5099 ι
710 5049 774 5101 Αἱ
811 5047 869 5100 δὲ
915 5032 1307 5119 προσελθοῦσαι
1347 5045 1655 5117 ἐκράτησαν
1704 5046 1868 5100 αὐτοῦ

289 5141 419 5206 τοὺς
455 5140 641 5205 πόδας,
670 5141 764 5193 καὶ
796 5137 1208 5213 προσεκύνησαν
1236 5136 1404 5208 αὐτῷ.
1434 5138 1566 5191 Τότε
1598 5137 1745 5208 λέγει
1774 5140 1871 5192 αύ-

290 5236 412 5297 ταίς
442 5234 471 5285 6
516 5231 751 5303 Ἰησοῦςο
794 5251 812 5283 ι
848 5232 938 5303 Μὴ
978 5229 1253 5300 φοϐεῖσθε.
1272 5229 1560 5299 Ὑπάγετε,
1599 5232 1867 5301 ἀπαγγεί-

291 5326 418 5379 λατε
447 5327 558 5389 τοῖς
590 5324 837 5403 ἀδελφοῖς
881 5341 1002 5403 μου,
1033 5324 1119 5377 ἵνα
1154 5323 1458 5377 ἀπέλθωσιν
1483 5327 1563 5387 εἰς
1592 5324 1690 5397 τὴν
1720 5325 1871 5379 Γαλι-

292 5418 471 5482 λαίαν,
500 5419 663 5473 κάκεῖ
692 5434 758 5487 με
800 5416 1039 5486 ὄψονται.
1073 5433 1091 5466 ι
1125 5416 1181 5468 '0
1222 5416 1470 5488 Ἰωάννης
1507 5417 1561 5471 δὲ
1610 5418 1746 5488 μετὰ
1770 5421 1870 5492 τὴν

292 5514 357 5564 ὲκ
398 5511 605 5584 νεκρῶν
640 5512 933 5575 ἀνάστασιν
963 5511 1170 5578 εἰσάγει
1214 5510 1306 5565 καὶ
1334 5512 1495 5574 αὐτὸς
1538 5512 1626 5565 τὸν
1667 5514 1874 5587 Ἰησοῦν

371 5604 410 5636 ⁸⁸
453 5606 556 5661 Isa.
597 5621 718 5669 ενι,
761 5606 844 5659 ll).
926 5605 969 5635 "
1009 5605 1027 5659 I
1061 5607 1188 5658 (lor.
1228 5620 1314 5668 xu,
1355 5604 1442 5658 2|.

348 5699 446 5769 (ιλ
480 5696 682 5765 Ιξίκὼς.
717 5696 854 5767 Lege
883 5701 1042 5763 εἰκός.
1077 5695 1235 5753 Enn.

1975 4501 2137 4572 plane
2192 4510 2537 4572 compertum
2586 4501 2834 4565 haberet,
2882 4501 3146 4555 auxilium
3193 4500 3298 4556 sibi
3326 4515 3356 4553 a
3387 4500 3544 4552 l’atre

1973 4607 2084 4647 non
2118 4592 2280 4647 aliter
2310 4592 2478 4647 all‘ore
2515 4608 2677 4663 quam
2710 4608 2805 4663 per
2834 4594 3240 4649 restitutionem
3292 4607 3322 4645 a
3370 4598 3543 4645 morte

1974 4684 2042 4738 ad
2074 4684 2267 4749 vitam,
2302 4686 2498 4742 merito
2530 4687 2585 4739 in
2617 4685 2905 4756 praesentia
2941 4691 3062 4740 orat
3101 4700 3167 4738 ex
3214 4683 3330 4738 acie
3352 4684 3543 4737 adver-

1974 4778 2248 4832 sariorum
2277 4777 2525 4832 evadere.
2564 4776 2834 4844 Quocirca
2881 4778 2961 4832 sic
3007 4778 3082 4831 ait
3115 4795 3128 4832 :
3167 4795 3186 4827 ι
3229 4775 3311 4829 Tu
3339 4783 3544 4837 autem,

1974 4868 2224 4934 Domine,
2251 4884 2319 4925 ne
2353 4869 2543 4941 procul
2601 4884 2855 4925 amoveas
2902 4868 3164 4924 auxilium
3218 4882 3397 4922 meum
3433 4884 3453 4920 ι
3478 4867 3546 4919 ad

1977 4961 2378 5031 susceptionem
2411 4977 2584 5016 meam
2640 4962 2873 5032 respice.
2925 4981 2945 5013 ι
2994 4959 3208 5015 Etenim
3239 4960 3306 5013 ab
3343 4958 3546 5013 auxilio

1978 5062 2074 5109 tuo
2105 5056 2382 5125 susceptio
2413 5054 2541 5107 mihi
2568 5055 2765 5119 veniet,
2798 5060 3020 5123 propter
3051 5067 3214 5123 quam
3241 5050 3544 5121 susceptio-

1976 5162 2103 5202 nem
2157 5154 2306 5202 totus
2356 5146 2599 5217 psalmus
2652 5149 2848 5199 merito
2897 5145 3197 5214 inscriptus
3247 5151 3353 5203 est,
3391 5159 3410 5192 ι
3450 5156 3544 5210 pro
3600 5148 3615 5159 ‘

1978 5241 2327 5309 susceptione
2352 5240 2639 5294 matutina.
2673 5259 2690 5289 ι
2729 5239 2806 5293 Ad
2836 5239 3242 5307 susceptionem
3274 5235 3439 5305 igitur
3462 5251 3529 5288 re

1976 5332 2147 5403 spice,
2170 5340 2436 5402 praestans
2454 5330 2585 5384 mihi
2612 5346 2776 5401 quam
2810 5330 3092 5385 celerrime
3117 5328 3221 5385 sub
3251 5329 3425 5398 ipsam
3448 5342 3541 5380 au»

1977 5439 2157 5479 roram
2192 5424 2520 5479 reversionis
2555 5439 2585 5476 a
2645 5422 2872 5476 mortuis
2923 5422 3350 5487 susceptionem,
3381 5435 3543 5490 quam

1978 5532 2108 5574 sane
2138 5531 2298 5588 spero
2334 5531 2416 5571 me
2449 5518 2896 5573 consecuturum.
2926 5530 3050 5571 cum
3076 5530 3193 5570 eam
3218 5530 3327 5569 non
3350 5512 3540 5584 procul
