4054 6408
481 362 585 427 Ἰ87

1116 367 1384 424 EUSEBII
1418 365 1903 425 CASSABIENSIS
1941 365 2091 423 OPP.
2124 365 2304 422 PARS
2330 366 2395 423 ll.
2430 398 2499 406 —
2527 365 3022 421 APOLOGETICA.

3626 371 3732 427 788

480 507 513 546 a
558 503 644 545 me
694 486 983 554 amoveris,
1018 495 1071 541 et
1098 486 1362 557 eripueris
1401 505 1420 538 ι
1463 502 1493 541 a
1543 486 1745 542 framea
1786 484 2044 551 animam,

2156 484 2372 554 λέγοντα
2400 484 2534 555 πρὸς
2559 484 2654 555 τὴν
2693 483 2949 555 Μαριάμ·
2984 501 3003 534 ι
3030 484 3119 555 Μή
3179 500 3278 554 μου
3338 485 3531 539 ἀπτουο
3578 486 3736 540 οὔπω

479 593 535 636 et
610 596 678 635 ex
742 595 906 634 manu
968 580 1122 635 canis
1207 580 1424 635 unicam
1484 592 1705 642 meam,
1748 596 1767 630 ι
1815 590 1869 633 et
1925 591 2051 631 cum

456 656 786 728 servaveris
850 689 869 722 ι
932 687 1017 728 me
1070 686 1137 726 ex
1181 685 1276 726 ore
1333 669 1549 734 leonis,
1612 677 1666 724 et
1718 684 1747 723 a
1789 669 2054 725 cornibus

481 762 640 832 507
681 763 1027 817 uuicornium
1092 760 1454 817 humilitatem
1510 775 1725 814 meam:
1772 780 1792 812 ι
1853 759 2051 829 quibus

483 853 660 908 verbis
690 853 844 907 illUm
875 854 1112 909 arbitror
1136 852 1443 924 signiﬁcare
1468 851 1710 908 infernas
1728 859 2045 920 potestates,

480 959 617 1012 quas
653 958 782 999 sane
813 959 922 999 non
947 952 1200 999 nostrum
1226 943 1392 999 fuerit
1418 943 1698 1012 speciatim
1717 942 2051 1012 distinguere

480 1049 543 1090 ac
574 1034 846 1095 dividere.
894 1036 1352 1105 quemadmodum
1397 1051 1464 1089 ex
1506 1036 1586 1090 eis
1639 1035 1743 1088 alia
1796 1032 2049 1103 quidem,

480 1142 602 1195 quae
640 1125 842 1181 framea
868 1127 960 1191 sit,
992 1127 1203 1182 intenta
1231 1128 1304 1182 sit
1357 1127 1412 1181 in
1460 1127 1695 1181 animam
1750 1123 2054 1180 Salvatoris

482 1220 695 1287 nostri;
730 1220 835 1273 alia
858 1235 1007 1285 vero,
1035 1234 1156 1291 quae
1186 1220 1288 1291 ipsi
1322 1219 1481 1273 morti
1534 1218 1603 1275 sit
1637 1218 1826 1280 cauis,
1862 1218 2051 1272 morti-

481 1312 653 1365 feram
703 1324 922 1364 manum
980 1310 1304 1381 porrexerit,
1339 1316 1399 1363 ut
1430 1309 1579 1362 illam
1609 1308 1931 1379 attingeret,
1985 1321 2054 1361 ex

483 1414 593 1470 quo
622 1399 696 1454 ait
730 1418 743 1454 :
782 1418 802 1449 ι
838 1398 998 1470 Eripe
1028 1413 1060 1453 a
1099 1399 1303 1454 framea
1329 1399 1565 1453 animam
1599 1414 1773 1453 meam
1799 1438 1813 1462 ,
1874 1405 1929 1452 et
1986 1397 2054 1454 de

482 1502 646 1545 manu
680 1491 834 1547 canis
886 1491 1123 1545 animam
1169 1504 1386 1559 meam;
1438 1510 1457 1544 ι
1497 1491 1603 1544 alia
1638 1490 1763 1545 item
1816 1490 2054 1559 maligna

482 1584 730 1652 quaidam
757 1590 1018 1653 potestas,
1058 1584 1301 1638 omnium
1352 1584 1464 1640 illic
1494 1582 1729 1640 ferarum
1761 1583 2052 1653 princeps,

483 1690 605 1746 quae
632 1675 717 1729 leo
750 1674 1092 1744 appelletur,
1145 1674 1237 1731 ubi
1289 1674 1456 1729 latum
1505 1688 1780 1745 supraque
1835 1687 2054 1729 omnem

446 1752 453 1763 ’
483 1766 705 1821 modum
737 1765 896 1820 hians
926 1764 1117 1821 mortis
1137 1778 1199 1821 os
1228 1763 1518 1831 diduxerit,
1552 1780 1659 1818 una
1689 1779 1813 1819 cum
1841 1763 2053 1818 caneris

483 1873 605 1928 qua:
637 1855 704 1910 ad
736 1856 944 1913 inferos
968 1857 1335 1921 descendunt,
1366 1856 1514 1913 illius
1558 1871 1774 1927 quoque
1812 1857 2049 1911 animam
2084 1837 2129 1892 Β

482 1951 749 2005 devorare
777 1959 970 2004 conata
996 1950 1087 2014 sit,
1114 1965 1223 2004 non
1249 1949 1407 2004 aliter
1439 1963 1569 2004 sane
1595 1963 1758 2019 quam
1788 1946 2052 2018 quemad-

484 2042 705 2096 modum
733 2041 861 2096 olim
888 2041 1040 2112 prius
1058 2040 1347 2097 devoverat
1377 2055 1525 2096 mors
1555 2040 2053 2111 invalescens,quaa

485 2137 699 2207 quidem
726 2152 873 2192 mors
900 2151 1005 2190 non
1038 2135 1142 2190 alia
1176 2133 1339 2190 fuerit
1369 2148 1527 2204 quam
1550 2134 1641 2205 qui
1675 2133 1779 2188 hoc
1811 2133 1929 2188 loco
1969 2133 2054 2187 leo

485 2230 818 2292 nominatur,
844 2237 900 2283 et
933 2228 1024 2298 qui
1072 2241 1135 2284 os
1171 2236 1362 2283 contra
1410 2226 1745 2282 Salvatorem
1802 2234 2055 2288 nostrum

485 2323 718 2393 aperuit,
752 2336 780 2375 a
808 2335 917 2391 quo
948 2320 1063 2390 ipse
1084 2335 1143 2375 se
1165 2320 1374 2376 salvum
1400 2319 1630 2375 evader‘e
1660 2317 1879 2375 Patrem
1892 2333 2053 2374 suum

485 2423 643 2478 orat,
688 2412 917 2467 dicens:
959 2427 983 2462 ι
1020 2411 1178 2466 Salva
1226 2426 1313 2467 me
1355 2427 1421 2467 ex
1460 2425 1554 2467 ore
1606 2410 1801 2466 leonis.
1842 2430 1861 2461 ι
1908 2407 2053 2472 Fieri

484 2507 646 2560 etiam
678 2508 855 2575 potest
881 2511 941 2559 ut
967 2503 1087 2559 alia:
1114 2513 1373 2574 praeterea
1394 2504 1504 2559 sint
1530 2504 1776 2575 quaedam
1803 2502 2059 2573 malignae-

486 2613 551 2652 ac
579 2595 688 2652 Deo
719 2596 945 2653 rebelles
971 2604 1265 2667 ptucstates
1289 2594 1550 2652 adversus
1593 2595 1688 2651 Dei
1733 2597 2053 2650 unicornem

485 2690 743 2755 nitentes,
772 2704 1007 2760 cumque
1038 2689 1092 2743 in
1118 2688 1425 2744 contrarias
1455 2697 1639 2759 partes
1667 2687 1939 2743 abducere
1960 2701 2054 2741 co-

484 2787 715 2845 nantes,
745 2794 775 2834 a
803 2780 1004 2851 quibus
1040 2781 1190 2844 item,
1219 2778 1317 2835 Dei
1347 2779 1628 2834 unicornis
1654 2817 1671 2845 ,
1717 2780 1833 2849 ipse
1868 2777 2053 2833 Domi-

484 2887 593 2928 nus
629 2881 835 2937 noster,
860 2872 1036 2926 solum
1066 2868 1282 2926 Patrem
1311 2885 1481 2926 cornu
1525 2870 1764 2935 habens,
1790 2885 1949 2925 suam
1990 2870 2057 2923 Ii-

484 2962 665 3017 berari
694 2962 1050 3018 humilitatem
1081 2962 1353 3032 postulat,
1387 2962 1576 3018 dicens
1604 2980 1617 3017 :
1659 2981 1678 3014 ι
1725 2960 1792 3015 Ει
1817 2976 1847 3014 a
1874 2959 2056 3015 corni-

484 3054 589 3110 bus
634 3052 975 3108 uuicornium
1018 3051 1379 3107 humilitatem
1435 3066 1632 3105 meam.
1664 3069 1684 3103 ι
1738 3048 1847 3105 Sed
1890 3065 2053 3121 quam

484 3146 704 3201 tandem
745 3144 1137 3207 humilitatem,
1198 3143 1304 3199 nisi
1350 3142 1491 3198 hanc
1536 3143 1709 3213 ipsam
1759 3143 2055 3199 secundant

483 3253 669 3309 quam,
704 3256 724 3289 ι
765 3253 888 3292 cum
942 3237 996 3290 in
1048 3236 1222 3290 forma
1255 3235 1347 3291 Dei
1376 3242 1544 3303 esset,
1575 3235 1882 3290 humiliavit
1914 3237 2056 3306 seip—
2084 3235 2125 3262 “

486 3348 608 3387 sum
657 3337 710 3385 et
747 3328 1032 3383 evacuavit
1062 3328 1239 3384 factus
1271 3328 1533 3383 obediens
1582 3342 1755 3397 usque
1798 3327 1865 3382 ad
1912 3343 2059 3382 mor-

486 3433 617 3483 tem,
650 3429 880 3476 mortem
913 3430 1091 3475 autem
1116 3421 1298 3475 crucis
1328 3419 1410 3473 "1'
1448 3439 1467 3472 ι
1503 3418 1770 3475 Caeterum
1801 3420 1848 3475 is
1872 3422 1966 3489 qui
1991 3418 2058 3473 ad

485 3517 694 3564 tantam
718 3509 1077 3563 humilitatem
1106 3509 1388 3564 descendit
1438 3523 1492 3565 et
1533 3510 1817 3581 hucusque
1863 3526 2058 3582 perve-

485 3603 590 3664 nit.
616 3602 720 3657 hoc
758 3612 841 3657 est
881 3618 1054 3671 usque
1103 3601 1171 3656 ad
1204 3602 1317 3656 orci
1354 3602 1614 3658 frameam
1679 3611 1732 3658 et
1782 3620 1955 3676 usque
1990 3602 2057 3658 ad

485 3709 706 3749 manum
740 3695 882 3766 ejus,
913 3695 1005 3766 qui
1056 3696 1185 3752 illuc
1214 3698 1415 3753 dicitur
1450 3698 1602 3753 canis
1631 3697 1715 3768 (ex
1750 3714 1860 3770 quo
1895 3699 2057 3754 etiam

487 3788 784 3860 scriptores
822 3787 1132 3843 Graecorum
1161 3805 1260 3859 par
1289 3798 1373 3847 est
1416 3806 1539 3845 cum
1565 3791 1633 3846 de
1671 3792 1765 3845 tali
1794 3807 1931 3848 cane
1958 3809 2062 3846 aua-

486 3876 775 3938 divissent,
812 3891 921 3947 quo
952 3892 1083 3933 orco
1110 3878 1417 3944 inserviret,
1454 3878 1601 3933 hunc
1631 3879 1809 3949 ipsum
1842 3880 2056 3951 tricipi-

487 3976 592 4022 tem
615 3966 902 4039 pinxisse),
931 3969 1057 4023 item
1087 3970 1178 4039 qui
1213 3986 1384 4041 usque
1406 3971 1471 4025 ad
1506 3970 1690 4027 fauces
1708 3974 1849 4043 ejus,
1868 3972 2060 4044 dequo

480 4059 593 4130 jam
615 4060 819 4119 dictum
846 4068 949 4127 est,
971 4062 1144 4118 leonis
1169 4066 1424 4132 perrexit,
1448 4077 1499 4121 et
1521 4066 1881 4121 humilitatem
1903 4082 2057 4122 suam

486 4153 813 4210 adversariis
848 4161 901 4208 et
932 4154 1041 4211 Deo
1069 4155 1305 4212 inimicis
1339 4159 1695 4214 unicornibus
1734 4159 2055 4225 substravit,

486 4253 540 4298 et
568 4244 879 4314 hujusmodi
929 4246 1034 4301 line
1070 4263 1290 4303 omnem
1334 4265 1447 4305 suae
1477 4252 1849 4308 evacuationis
1870 4260 1924 4307 et
1955 4253 2055 4307 hu-

487 4332 732 4387 militatis
787 4333 1248 4404 dispensationem
1320 4339 1674 4407 terminavit,
1735 4357 1799 4397 ac
1860 4342 2056 4398 deinde

488 4432 742 4492 precatus
766 4434 870 4492 est,
910 4427 1055 4496 quod
1079 4427 1191 4497 jam
1219 4430 1486 4501 reliquum
1514 4442 1661 4496 erat,
1690 4451 1751 4490 se
1779 4441 1831 4491 et
1868 4436 2054 4490 auxilii

485 4521 541 4569 et
565 4517 928 4587 susceptionis
951 4534 979 4573 a
1006 4518 1165 4575 Patre
1194 4531 1497 4593 compotem
1525 4523 1663 4589 fieri,
1691 4525 1825 4580 illud
1855 4526 2054 4595 adjun-
2086 4554 2131 4614 υ

485 4609 564 4677 git
590 4626 604 4664 :
642 4626 661 4660 ι
690 4608 770 4664 Tu
794 4621 997 4677 autem,
1026 4610 1272 4677 Domine,
1304 4631 1371 4671 ne
1397 4619 1584 4686 procul
1617 4632 1872 4675 amoveas
1899 4620 2057 4674 auxi-

487 4702 619 4755 lium
652 4717 853 4766 meum,
883 4711 937 4759 et
963 4706 1360 4776 susceptionem
1388 4724 1562 4763 meam
1593 4711 1826 4780 respice.
1848 4729 1867 4762 ι
1898 4708 2053 4775 Quod

487 4809 620 4849 sane
646 4794 735 4849 ubi
762 4794 917 4860 dixit,
942 4812 1052 4852 non
1080 4797 1171 4851 diu
1203 4808 1447 4854 moratus
1466 4814 1496 4853 a
1523 4798 1685 4855 Patre
1705 4816 1809 4855 suo
1839 4809 1924 4857 est
1956 4816 2054 4855 au-

487 4887 655 4954 ditus,
675 4887 767 4959 qui
792 4889 1009 4957 quidem
1041 4907 1215 4962 neque
1246 4899 1533 4948 cunctatus
1563 4903 1668 4957 est,
1694 4892 1857 4965 508
1877 4909 2054 4965 neque

485 4980 570 5034 rel
605 4980 927 5036 brevissimo
968 4990 1214 5054 tempore
1245 4985 1580 5053 supersedit,
1639 4987 1899 5056 operibus
1926 5000 2057 5042 vero

488 5072 865 5128 tantummodo
894 5074 1027 5145 ipsis
1077 5074 1144 5129 ad
1181 5091 1305 5130 eum
1333 5078 1653 5147 respondit;
1688 5095 1707 5128 ι
1750 5079 1940 5134 Adhuc
1973 5081 2055 5135 lo-

487 5173 684 5235 quente
713 5174 785 5231 te,
809 5167 1005 5234 dicam,
1029 5182 1157 5224 ecce
1182 5167 1373 5224 adsum
1404 5170 1467 5224 ".
1501 5189 1521 5221 »
1549 5168 1734 5240 Itaque
1756 5169 1802 5226 is
1826 5172 1917 5242 qui
1951 5172 2055 5228 hoc

488 5257 665 5326 ipsum
683 5256 794 5325 jam
819 5266 1085 5324 senserat,
1109 5266 1164 5313 et
1191 5260 1403 5329 paterni
1452 5260 1637 5314 auxilii
1662 5299 1677 5326 ,
1713 5262 2061 5331 quemadmo-

487 5361 613 5400 cum
644 5346 1063 5417 supplicaverat,
1100 5364 1325 5418 compos
1354 5349 1533 5406 factus
1564 5360 1703 5413 erat,
1734 5359 1849 5405 tum
1899 5351 2054 5408 deni-

487 5449 594 5507 que
625 5437 774 5493 ill‘nc
799 5439 1057 5512 hymnum
1090 5440 1157 5495 ad
1199 5441 1482 5497 victoriam
1528 5442 1765 5511 inchoat,
1791 5443 1919 5499 dum
1954 5460 2054 5515 pro

486 5528 756 5587 matutina
814 5532 1163 5603 susceptione
1215 5533 1486 5604 psalmum
1539 5533 1710 5598 iacit,
1784 5533 1876 5589 ubi
1934 5538 2049 5590 ait:

493 5641 513 5675 ι
546 5621 793 5677 Narrabo
822 5635 1017 5678 nomen
1050 5630 1205 5677 tuum
1247 5623 1510 5683 fratribus
1555 5624 1693 5681 meis
1722 5644 1736 5680 :
1765 5625 1822 5681 in
1877 5625 2057 5682 medio

560 5804 605 5840 ἐ
644 5802 879 5877 Philipp.
920 5818 994 5873 ll,
1029 5804 1144 5874 6,7.
1225 5807 1269 5843 ’⁷
1308 5805 1415 5865 isa.
1492 5823 1657 5875 mu,
1691 5807 1747 5864 2.

2154 574 2261 647 γάρ
2296 574 2611 645 ἀναϐέϐηκα
2655 574 2792 645 πρὸς
2840 573 2930 628 τὸν
2973 575 3192 645 Πατέρα
3232 591 3364 647 μου⁶
3394 576 3627 648 πορεύου
3670 576 3733 631 δὲ

2158 667 2293 739 πρὸς
2310 668 2436 731 τοὺς
2465 666 2725 737 ἀδελφούς
2763 683 2884 738 μου,
2910 667 3003 721 καὶ⁵
3034 667 3154 720 εἰπὲ
3181 667 3390 732 αὐτοῖς’
3432 668 3734 723 Ἀναϐαίνω

2155 759 2294 832 πρὸς
2323 760 2415 814 τδν
2447 762 2665 833 Πατέρα
2713 776 2812 832 μου
2847 760 2941 814 καὶ
2985 760 3203 832 Πατέρα
3248 762 3424 833 ὑμῶν,
3455 764 3551 816 καὶ
3596 762 3734 817 Θεόν

2156 870 2257 924 μου
2285 849 2376 906 καί⁵
2401 852 2531 905 Θεδν
2560 852 2732 923 ὑμῶν.
2757 871 2775 903 t
2810 851 3055 924 Πρώτοις
3082 854 3178 923 μὲν
3205 849 3297 907 οὖν
3342 857 3453 918 τοῖς
3497 854 3734 909 ἀποστό-

2154 946 2265 1010 λοις
2305 945 2491 1010 αὑτοῦ,
2520 945 2611 1012 οῦς
2658 946 2819 1011 ἰδίους
2863 946 3125 1017 ἀδελφοὺς
3164 947 3437 1019 ὀνομάζει,
3466 948 3528 1001 τδ
3562 948 3736 1018 ὄνομα

2153 1036 2246 1090 τοῦ
2272 1037 2482 1109 Πατρὸς
2504 1036 2857 1109 διηγήσεσθαί
2898 1054 3028 1110 φησι
3051 1056 3064 1069 ·
3104 1040 3241 1111 μετά
3275 1038 3333 1092 δὲ
3366 1039 3607 1103 ἐκείνους
3632 1038 3736 1093 τά-

2156 1128 2233 1194 ξει
2260 1129 2353 1183 καὶ
2382 1128 2669 1200 ἀκολουθίᾳ
2701 1130 2800 1202 τὴν
2826 1129 2946 1183 καθ’
2974 1131 3101 1202 ὅλης
3133 1130 3233 1201 τῆς
3276 1131 3599 1203 οἰκουμένης
3636 1132 3738 1187 ἐπὶ

2153 1219 2231 1291 τῷ
2265 1221 2484 1291 ὀνόματι
2521 1220 2686 1275 αὑτοῦ
2718 1225 2989 1276 συστᾶσαν
3027 1222 3349 1295 Ἐκκλησίαν
3381 1223 3613 1290 διδάξειν
3637 1221 3737 1277 τὸν

2154 1318 2419 1389 πατρικὸν
2449 1317 2616 1389 ὑμνον
2645 1318 3273 1391 έπαγγέλλεται.Ὥσπερ
3296 1318 3406 1392 γάρ
3454 1318 3510 1372 εί
3548 1337 3634 1383 τις
3675 1320 3739 1371 ἐν

2158 1410 2307 1481 μέσῳ
2343 1409 2598 1482 μαθητῶν
2624 1409 2909 1475 διεξοδεύοι
2940 1411 3128 1481 λόγους
3153 1412 3245 1465 ἐπὶ
3292 1410 3453 1482 σοφία
3499 1410 3737 1483 διαπρέ-

2156 1521 2274 1558 πων
2322 1502 2665 1569 διδάσκαλος,
2716 1504 2855 1575 ὑπὲρ
2904 1501 2997 1557 τοῦ
3049 1502 3335 1566 κάκείνους
3389 1502 3740 1567 ἀκούσαντας

2154 1595 2635 1668 προσυπακοῦσαιο
2678 1596 2768 1649 τὸν
2813 1594 2974 1649 αὑτὸν
3013 1592 3211 1667 τρόπον
3256 1596 3351 1649 καὶ
3398 1594 3583 1658 αὑτὸς,
3616 1614 3635 1645 ι
3673 1596 3737 1648 ὲν

2159 1688 2308 1760 μέσῳ
2346 1686 2687 1758 Ἐκκλησίας,
2724 1706 2743 1738 ι
2776 1687 2960 1758 φησιν,
2987 1704 3006 1738 ι
3040 1686 3267 1757 ὑμνήσω
3300 1700 3381 1750 σε,
3413 1704 3432 1737 t
3466 1686 3608 1759 ὑπὲρ
3633 1686 3737 1740 τοῦ

2161 1779 2435 1851 μαθοῦσαν
2482 1779 2581 1851 τὴν
2622 1778 2944 1851 Ἐκκλησίαν
2987 1776 3082 1832 καὶ
3130 1778 3437 1833 ἀκούσασαν
3473 1779 3605 1851 παρ’
3635 1778 3741 1831 αὑ-

2153 1869 2268 1935 τοῦ,
2299 1871 2359 1925 δν
2411 1870 2676 1943 προσήκει
2727 1870 2949 1942 τρόπον,
2996 1866 3285 1942 μηκέθ’ὠς
3329 1867 3391 1922 τὸ
3431 1869 3562 1941 πρὶν
3608 1871 3740 1933 τοὺς

2152 1960 2432 2035 δαίμονας,
2462 1961 2578 2015 ἀλλ’
2606 1961 2769 2015 αὑτὸν
2802 1960 2959 2034 μόνον
2985 1960 3077 2014 τὸν
3100 1960 3314 2014 πάντων
3346 1957 3501 2024 Θεὸν,
3525 1959 3613 2013 διὰ
3636 1959 3738 2013 τοῦ

2153 2054 2602 2123 καταγγείλαντος
2634 2051 2794 2106 αὑτὸν
2834 2052 3109 2123 ἀνυμνεῖν.
3142 2049 3324 2104 Ταῦτα
3348 2050 3581 2119 πράξειν
3628 2051 3737 2104 ὑπ-

2155 2143 2333 2213 ισχνού
2342 2159 2518 2213 μενος,
2539 2141 2739 2214 σφόδρα
2756 2140 3059 2206 ἀκολούθως
3075 2140 3320 2194 ὲντεῦθεν
3341 2138 3440 2212 ήδη
3471 2140 3741 2212 προστάτ-

2153 2251 2235 2287 τει
2266 2236 2332 2304 τῇ
2374 2232 2667 2304 Ἐκκλησία
2698 2233 2793 2287 καὶ
2825 2235 2936 2296 τοῖς
2962 2231 3128 2286 αὑτοῦ
3152 2232 3397 2303 ἀδελφοῖς
3426 2230 3616 2302 ὑμνεῖν
3638 2231 3739 2285 τὸν

2155 2324 2397 2397 Πατέρα.
2425 2324 2518 2377 Διό
2558 2340 2746 2396 φησιν·
2774 2344 2793 2375 ι
2814 2325 2876 2378 Οἱ
2906 2323 3230 2394 φοόούμενοι
3259 2324 3349 2377 τὸν
3384 2321 3609 2395 Κύριον.
3640 2324 3736 2377 αι·-

2154 2416 2344 2470 νέσατε
2395 2416 2586 2469 αὑτόν·
2652 2417 2795 2469 ἆπαν
2840 2414 2903 2469 τὸ
2956 2414 3177 2487 σπέρμα
3224 2412 3418 2468 Ἰακὼϐ
3470 2414 3737 2481 δοξάσατε

2155 2508 2316 2561 αὑτὸν
2346 2524 2359 2538 ·
2423 2527 2442 2559 ι
2500 2508 2611 2572 καὶ,
2670 2527 2689 2560 ι
2745 2506 3147 2579 Φοδηθήτωσαν
3217 2506 3309 2561 ἀπ’
3354 2506 3519 2559 αὑτοῦ
3585 2504 3739 2560 ἀπαν

2153 2601 2214 2654 τὸ
2238 2601 2459 2672 σπέρμα
2502 2598 2736 2671 Ἰσραὴλ,
2766 2598 2849 2653 ὅτι
2877 2600 2977 2652 οὑκ
3005 2596 3379 2663 ὲξουδένωσεν,
3407 2595 3529 2649 οὑδὲ
3558 2608 3736 2667 προσ-

2154 2691 2353 2763 ώχθισε
2402 2695 2468 2765 τῇ
2513 2692 2693 2763 δεήσει
2732 2689 2825 2744 τοῦ
2874 2689 3116 2762 πτωχοῦ,
3145 2690 3264 2743 οὑδὲ
3314 2687 3625 2760 ἀπέστρεψε
3673 2687 3739 2741 τδ

2155 2783 2442 2856 πρόσωπον
2474 2783 2635 2837 αὑτοῦ
2667 2784 2762 2838 ἀπ’
2791 2781 2945 2855 ἐμοῦ,
2977 2783 3070 2836 καὶ
3103 2783 3164 2836 ὲν
3194 2781 3273 2853 τῷ
3302 2781 3631 2854 κεκραγέναι
3663 2795 3737 2852 με

2156 2870 2292 2945 πρὸς
2331 2872 2492 2928 αὑτὸν
2538 2871 2823 2945 εἰσήκουσέ
2860 2888 2999 2944 μου·
3052 2890 3072 2924 t
3118 2871 3185 2927 δι’
3215 2866 3289 2927 ὧν
3346 2869 3531 2941 σαφῶς
3588 2886 3737 2944 περς

2154 2967 2351 3038 έστησε
2380 2966 2489 3019 τῶν
2518 2965 3021 3037 προωνομασμένων
3051 2964 3237 3019 κακῶν
3260 2964 3360 3036 τὴ)
3385 2963 3735 3035 ἀπαλλαγήν.

2155 3060 2220 3112 Εἰ
2255 3057 2361 3130 γὰρ
2388 3061 2449 3112 ὲν
2471 3058 2550 3129 τῷ
2581 3057 2908 3130 κεκραγέναι
2932 3058 3070 3131 πρὸς
3101 3055 3258 3111 αὑτὸν
3288 3058 3606 3127 εἰσήκουσεν
3635 3056 3743 3109 αὑο

2155 3149 2271 3213 τοῦ,
2304 3147 2504 3220 ηὑξατο
2534 3150 2589 3203 δὲ
2626 3150 2886 3222 ρυσθῆναι
2913 3148 3020 3203 ἀπὸ
3058 3148 3155 3219 μὲν
3205 3146 3477 3221 ῥομφαίας
3498 3146 3599 3218 τὴν
3627 3147 3738 3217 qm-

2158 3242 2258 3313 χὴν
2286 3242 2473 3305 αὑτοῦ,
2509 3243 2573 3295 ἐκ
2599 3241 2655 3295 δὲ
2690 3240 2848 3305 κυνὸς
2878 3240 2975 3313 τὴν
3012 3239 3275 3312 μονογενῆ
3304 3238 3493 3304 αὑτοῦ,
3522 3236 3621 3292 καί
3654 3239 3740 3292 ἔτι

2158 3331 2222 3383 ὲκ
2251 3330 2512 3401 στόματος
2543 3326 2774 3394 λέοντος,
2807 3331 2903 3384 κα)⁵
2930 3330 3037 3383 ἀπὸ
3068 3328 3320 3400 κεράτων
3345 3326 3742 3399 μονοκερὼτων

2156 3422 2255 3493 τὴν
2297 3422 2618 3475 ταπείνωσιν
2649 3422 2836 3488 αὐτοῦ,
2882 3421 3173 3476 ἀκόλουθόν
3209 3422 3329 3474 ἐστι
3358 3423 3498 3473 νοεῖν
3523 3419 3742 3473 τούτων

2156 3515 2472 3587 ἀπαλλαγὴν
2521 3514 2774 3585 εὑρέσθαι
2822 3513 2912 3568 τδν
2961 3516 3229 3585 φήσαντα,
3265 3514 3345 3568 ὅτι
3394 3532 3411 3564 ι
3443 3513 3515 3585 μὴ
3564 3530 3743 3583 προσ.

2156 3608 2385 3681 ώχθιαεν
2416 3611 2445 3663 ό
2476 3606 2607 3670 Θεὸς
2637 3607 2701 3679 τῇ
2736 3607 2913 3678 δεήσει
2961 3604 3148 3670 αὑτοῦ,
3178 3603 3311 3677 μηδὲ
3336 3603 3397 3658 τὸ
3439 3599 3745 3674 πρόσωπον

2156 3699 2496 3772 ἀπέστρεψεν
2512 3699 2604 3753 ἀπ’
2638 3696 2822 3761 αὑτοῦ,
2857 3696 2971 3750 ἀλλ’
3016 3697 3075 3750 ὲν
3118 3696 3197 3768 τῷ
3243 3696 3570 3769 κεκραγέναι
3620 3698 3746 3750 εἰσ⁴

2157 3793 2387 3865 ήκουσεν
2417 3787 2598 3843 αὑτοῦ.
2618 3808 2636 3838 ι
2665 3786 2755 3841 Διὸ
2779 3787 2872 3841 καὶ
2896 3786 3133 3859 ὑπῆρξεν
3167 3786 3312 3858 αύτῷ
3343 3786 3592 3858 ῥυσθέντι
3621 3786 3745 3839 τῶν

2157 3879 2443 3943 τοσούτων,
2477 3878 2571 3930 καὶ
2595 3877 2661 3929 ἐκ
2689 3875 2783 3929 τοῦ
2820 3874 3048 3929 θανάτου
3080 3875 3392 3945 διαφυγόντι
3430 3874 3746 3948 συνδιατρίο

2159 3970 2273 4024 6ειν
2316 3971 2426 4033 τοίς
2464 3965 2655 4021 ἑαυτοῦ
2711 3964 2979 4038 μαθηταῖς
3023 3966 3158 4038 ὁμοῦ
3209 3967 3301 4019 καὶ
3340 3965 3607 4035 ἀδελφοῖς,
3636 3967 3744 4020 καὶ

2160 4063 2346 4134 ὑμνεῖν
2389 4063 2447 4114 ὲν
2493 4059 2643 4131 μέσῳ
2686 4057 3012 4129 Ἐκκλησίας
3043 4058 3135 4112 τὸν
3177 4058 3417 4129 Πατέρα.
3463 4057 3629 4129 Τήρει
3676 4058 3745 4112 δὲ

2160 4154 2320 4207 πάλιν
2347 4152 2422 4215 ὡς
2464 4150 2678 4221 πτωχὸν
2709 4145 2863 4213 αὖθις
2904 4149 3095 4203 ἑαυτὸν
3129 4148 3392 4202 ἀποκαλεί
3428 4145 3746 4219 συμφώνως

2158 4248 2276 4310 ταῖς
2301 4244 2562 4317 πρότερον
2591 4242 3012 4315 παρατεθείσαις
3037 4240 3411 4313 προφητείαις,
3435 4239 3501 4293 δι’
3528 4233 3605 4293 ὧν
3632 4241 3749 4295 πέ-

2158 4354 2256 4411 νης
2287 4339 2380 4392 καὶ
2417 4336 2628 4408 πτωχὸς
2655 4335 2995 4407 ὠνομάζετο.⁸
3026 4334 3164 4387 Ἀλλ’
3198 4331 3321 4387 ἐπεὶ
3354 4332 3445 4385 καὶ
3471 4330 3569 4401 τὴν
3596 4332 3715 4387 ἀνά

2162 4449 2350 4485 στασιν
2380 4428 2545 4484 αὑτοῦ
2576 4428 2663 4482 διά
2687 4428 2891 4482 τούτων
2920 4426 3280 4500 παρέστησεν,
3307 4420 3457 4487 αὖθις
3480 4422 3615 4494 πρὸς
3638 4423 3751 4477 τὸν

2160 4524 2376 4595 Πατέρα
2420 4521 2762 4593 ἐπιστρέφων
2794 4520 2884 4573 τὸν
2930 4519 3121 4587 λόγον’
3158 4537 3177 4569 ι
3209 4516 3367 4589 Παρὰ
3400 4514 3511 4579 σοῦ,
3555 4532 3579 4567 ι
3625 4531 3752 4588 φησι

2164 4618 2266 4680 σίν,
2311 4635 2329 4667 ι
2387 4617 2415 4670 ὁ
2459 4613 2678 4677 ἔπαινός
2719 4629 2820 4684 μου
2862 4614 2918 4665 ὲν
2958 4611 3252 4682 Ἐκκλησία
3292 4608 3517 4682 μεγάλῃ,
3562 4625 3581 4659 ι
3626 4607 3753 4680 τῆς

2160 4711 2246 4764 ἐπ’
2275 4710 2499 4780 ὀνόματι
2529 4707 2693 4762 αὑτοῦ
2729 4706 3002 4777 συστάσης
3026 4704 3084 4771 ἐξ
3116 4702 3283 4757 ὲθνῶν
3314 4701 3432 4756 καθ’
3464 4701 3592 4773 ὅλης
3629 4701 3751 4773 τῆς

2158 4804 2481 4876 οἰκουμένης
2521 4799 2842 4874 Ἐκκλησίας
2870 4798 3240 4872 μνημονεύων,
3270 4798 3327 4851 έν
3423 4798 3451 4850 ὁ
3477 4793 3604 4865 περί
3632 4796 3751 4851 τοῦ

2160 4896 2410 4969 Σωτῆρος
2455 4895 2609 4969 ἡμῶν
2650 4895 2868 4958 ἔπαινος
2904 4892 2993 4947 διὰ
3024 4890 3223 4955 παντὸς
3257 4890 3459 4962 ᾄδεται,
3500 4887 3748 4959 νεύματι

2157 4988 2253 5042 τοῦ
2281 4987 2490 5059 Πατρὸς
2521 4986 2685 5042 αὑτοῦ
2721 4987 2814 5041 καὶ
2852 4985 3110 5057 συνεργίᾳ
3135 5001 3149 5014 ο
3194 4982 3274 5037 διό
3318 4997 3482 5053 (mor
3518 4999 3537 5033 ι
3569 4981 3752 5055 Παρὰ

2161 5079 2252 5134 σοῦ
2280 5079 2308 5133 ὁ
2340 5078 2558 5143 ἔπαινός
2601 5096 2700 5151 μου
2740 5080 2796 5131 ὲν
2836 5076 3129 5149 Ἐκκλησία
3160 5075 3373 5150 μεγάλῃ
3395 5091 3410 5106 °
3460 5093 3478 5126 ι
3516 5074 3750 5150 μγᾶλη

2158 5172 2266 5244 γὰρ
2290 5173 2366 5235 ὡς
2397 5170 2613 5245 ἀληθῶς
2640 5171 2674 5242 ἡ
2721 5170 3014 5240 Ἐκκλησία
3036 5168 3196 5240 αῦτη,
3225 5168 3289 5222 ὲκ
3320 5165 3517 5231 παντὸς
3541 5166 3755 5236 γένους

2159 5263 2461 5336 ἀνθρώπων
2505 5261 3005 5335 συγκεκροτημένη,
3049 5260 3169 5314 οὑδὲ
3213 5257 3599 5330 συγκρίνεσθαι
3644 5258 3756 5313 διὰ

2159 5354 2219 5407 τὸ
2253 5354 2450 5426 σεμνὸν
2492 5355 2586 5408 καὶ
2618 5353 2892 5425 ὑπερφυὲς
2929 5351 3022 5406 τοῦ
3069 5350 3206 5422 βίον,
3254 5353 3348 5404 καὶ
3386 5350 3474 5404 διά
3513 5350 3574 5405 τὸ
3621 5351 3754 5407 τῶν

2160 5443 2443 5515 δογμάτων
2492 5443 2737 5516 μέγεθος,
2771 5441 2896 5507 ἀξία
2935 5442 3012 5514 τῷ
3052 5441 3321 5498 Ἰουδαίων
3350 5441 3495 5495 ἔθνει
3537 5442 3633 5495 καὶ
3668 5447 3749 5516 τῇ

2162 5536 2271 5589 τῶν
2319 5537 2383 5590 ὲκ
2415 5537 2715 5609 περιτομῆς
2759 5538 3067 5608 συναγωγῇ,
3102 5535 3250 5606 πάσῃ
3287 5532 3527 5604 πτωχείᾳ
3570 5532 3751 5603 λόγου

2164 5629 2257 5681 καὶ
2292 5627 2426 5697 βίου,
2461 5629 2554 5683 καὶ
2585 5628 2947 5699 φρονήματος,
2988 5628 3082 5683 καὶ
3110 5627 3207 5697 τῆς
3244 5625 3409 5695 ἄλλης
3439 5626 3568 5697 περὶ
3595 5624 3759 5681 Θεοῦ
