4100 6474
321 262 432 320 ’189

1182 259 1836 319 DEMONSTRATIONIS
1872 259 2328 322 EVANGEL'CJR
2368 264 2499 324 LIB.
2539 265 2606 323 Χ.

3481 270 3579 327 790

321 378 481 451 δόξης
525 380 966 453 ἐσμικρυμμένῃ.
1012 374 1124 434 Εἶτ’
1175 380 1415 449 ἐπιλέγει
1438 397 1451 410 ο
1515 398 1535 431 ι
1584 379 1698 443 Τάς
1742 380 1907 450 εύχάς

2019 379 2270 438 Ecclesiae
2298 383 2527 439 laudabo
2569 393 2639 442 te.
2687 405 2705 439 ο
2744 384 2943 443 Primis
2977 386 3126 443 enim
3152 387 3268 445 suis
3297 387 3580 461 discipulis

326 491 431 545 μου
452 472 531 544 τῷ
561 474 750 545 Κυρίῳ
782 472 1047 528 ἀποδώσω
1071 471 1299 528 ἐνώπιον
1331 472 1547 527 πάντων
1573 472 1682 527 τῶν
1709 472 1903 543 φοϐου-

328 564 506 638 μένων
531 565 691 619 αὐτόν
710 582 723 595 ο
738 586 756 618 ο
780 564 1143 636 φοὸουμένους
1162 565 1322 619 αὑτὸν
1344 564 1633 620 ἀποκαλῶν
1649 564 1749 637 τὴν
1780 565 1903 637 πρό-

322 673 484 730 τερον
514 657 903 730 ὀνομασθεῖσαν
937 658 1262 730 Ἐκκλησίαν
1295 657 1556 730 μεγάλην,
1583 653 1664 722 οἷς
1690 659 1900 727 ἔλεγεν·

330 768 354 806 ε
389 752 454 806 οι
474 748 793 822 φοϐούμενοι
812 750 901 804 τὸν
929 749 1151 823 Κύριον,
1182 750 1432 804 αἰνέσατε
1460 750 1643 805 αὐτόν.
1691 770 1708 804 ι
1739 752 1907 816 Ποίας

322 840 386 899 ἂ
417 842 585 913 εὐχὰς
616 841 916 896 ἀποδώσειν
952 844 1135 914 φησιν,
1165 843 1198 914 ἦ
1224 842 1291 907 ἃς
1318 843 1715 915 ἐπηγγείλατος
1747 845 1906 910 ποίας

325 934 384 989 δέ
415 934 781 1005 ἐπηγγείλατο
809 935 843 1007 ἡ
883 935 1113 999 ἐκείνας,
1137 935 1203 989 δι’
1234 929 1309 989 ὧν
1340 936 1541 1009 ἔφησεο
1584 955 1603 987 ι
1640 938 1907 1009 Διηγήσο-

330 1042 425 1096 μαι
467 1024 530 1078 τὸ
559 1024 729 1095 δνομά
774 1042 866 1079 σου
905 1028 1014 1091 τοῖς
1049 1026 1297 1096 ἀδελφοῖς
1331 1044 1460 1099 μου’
1498 1030 1557 1082 ἐν
1594 1028 1745 1100 μέσῳ
1787 1030 1909 1083 Ἐκ-

327 1114 559 1185 κλησίας
588 1116 815 1187 ὑμνήσω
846 1133 927 1181 σε,
953 1136 972 1170 i
1002 1117 1158 1189 εύχαὶ
1194 1119 1289 1192 γάρ
1312 1121 1450 1173 εἰσιν
1477 1120 1533 1173 αἱ
1561 1118 1906 1188 ἐπαγγελίαι,

326 1207 397 1272 ἃς
430 1207 895 1279 ἐπαγγειλάμενος
937 1207 1130 1264 δώσειν
1173 1215 1231 1265 ἐν
1272 1212 1422 1283 μέσῳ
1464 1212 1788 1283 Ἐκκλησίας
1829 1212 1909 1265 δι-

329 1300 661 1355 ε6ε6αιοῦτο.
695 1300 915 1365 Τούτοις
940 1299 1064 1372 ἑξῆς
1086 1301 1362 1371 ἐπιλέγει·
1398 1323 1416 1355 ι
1440 1303 1707 1372 Φάγονται
1740 1304 1909 1375 πένη-

328 1412 426 1456 τες
467 1395 560 1449 καὶ
602 1393 1105 1466 ἐμπλησθήσονται,
1151 1395 1247 1448 καὶ
1295 1394 1566 1448 αίνέσουσι
1612 1394 1814 1468 Κύριον
1860 1397 1908 1451 οἱ

330 1484 690 1558 ἐκζητοῦντες
728 1485 909 1540 αὐτόν.
951 1487 1216 1556 Ζὴσονται
1265 1486 1323 1539 αἱ
1355 1485 1575 1559 καρδίαι
1622 1485 1801 1540 αὐτῶν
1832 1488 1912 1549 είς

330 1574 509 1628 αίῶνα
559 1574 770 1639 αἰῶνος.
815 1574 1231 1646 Μνησθήσονται
1273 1575 1367 1629 καλ⁸
1413 1575 1912 1647 ἐπιστραφήσονται

332 1665 475 1737 πρὸς
505 1664 708 1738 Κύριον
748 1664 927 1720 πάντα
965 1664 1033 1719 τά
1069 1665 1283 1739 πέρατα
1323 1665 1424 1737 τῆς
1454 1666 1578 1737 γῆς,
1613 1668 1707 1721 καὶ
1740 1682 1911 1739 προσ-

2004 483 2058 530 et
2086 478 2348 547 apostolis
2385 493 2505 548 qua:
2546 479 2613 534 ad
2648 494 2803 534 suam
2839 479 3082 534 laetitiam
3145 489 3198 536 et
3254 482 3576 536 exsultatio-

2002 581 2126 621 nem
2158 566 2465 637 pertinent,
2517 567 2804 637 pollicetur
2831 584 2890 624 se
2938 570 3339 636 uuntiaturum,
3374 586 3468 627 eos
3499 572 3577 626 in-

2004 658 2163 714 terim
2198 659 2489 714 nominans
2525 658 2719 715 fratres
2746 678 2760 715 :
2792 661 2992 731 quibus
3020 661 3182 717 etiam
3214 673 3580 721 consentanea

2003 750 2290 806 Mattlizeus
2323 752 2571 822 exponit,
2602 752 2730 805 dum
2760 752 2892 806 dicit
2923 772 2935 807 :
2968 771 2987 804 ι
3053 753 3114 807 lit
3140 770 3267 811 ecce
3294 753 3455 812 Jcsus
3485 772 3581 813 oc-

2006 844 2181 899 currit
2225 844 2354 909 illis,
2391 863 2410 898 »
2462 845 2550 900 ubi
2586 845 2709 900 illas
2746 846 3039 916 intelligit,
3075 863 3196 918 qua:
3230 864 3354 903 cum
3412 848 3580 905 Maria

2008 929 2323 1002 Magdalene
2355 941 2513 988 erant
2534 972 2548 996 ,
2585 952 2604 984 ι
2633 932 2826 990 dicens
2851 955 2864 989 :
2897 933 3131 993 Salvete.
3159 936 3267 992 Illae
3291 947 3471 994 autem
3497 955 3583 995 ac-

2007 1031 2292 1080 cesserunt
2318 1032 2373 1080 et
2405 1032 2697 1080 tenuerunt
2724 1027 2845 1094 ejus
2873 1028 3038 1096 pedes
3057 1068 3072 1092 ,
3123 1036 3178 1083 et
3220 1030 3582 1086 adoraverunt

2007 1131 2155 1172 eum.
2192 1113 2346 1171 Tunc
2370 1118 2448 1172 ait
2482 1118 2587 1173 illis
2610 1116 2813 1174 Jesus;
2857 1118 3035 1175 Nolite
3070 1120 3279 1177 timere.
3330 1122 3439 1188 lte,
3484 1140 3583 1179 an-

2010 1206 2260 1262 nuntiate
2287 1206 2550 1262 fratribus
2587 1208 2743 1273 meis,
2772 1218 2831 1263 ut
2861 1210 3061 1265 abeant
3091 1211 3144 1265 in
3180 1210 3488 1274 Galilaeam.
3529 1223 3584 1270 et

2010 1300 2085 1357 ibi
2118 1315 2206 1356 me
2235 1300 2496 1357 videbunt
2525 1302 2587 1354 ¹⁸.
2624 1321 2644 1354 ι
2687 1302 2757 1356 At
2780 1318 2912 1358 vero
2940 1303 3183 1359 Joannes
3209 1312 3331 1375 post
3362 1306 3587 1360 reditio-

2011 1405 2135 1445 nem
2168 1405 2199 1444 a
2226 1392 2456 1448 mortuis
2478 1392 2595 1463 ipse
2625 1409 2840 1464 quoque
2863 1394 3072 1450 inducit
3096 1394 3282 1451 Jesum
3312 1396 3584 1452 dicentem

2013 1481 2080 1537 ad
2123 1482 2297 1553 ipsam
2346 1482 2618 1541 Mariam:
2670 1502 2689 1537 ι
2739 1485 2860 1541 Noli
2894 1502 2978 1541 me
3028 1494 3290 1558 tangere:
3343 1490 3584 1544 nondum

2012 1574 2157 1629 enim
2188 1575 2410 1630 ascendi
2461 1575 2528 1630 ad
2576 1575 2793 1632 Patrem
2831 1593 3033 1633 meum.
3102 1577 3250 1635 Vade
3301 1586 3481 1636 autem
3517 1581 3583 1635 ad

2013 1663 2211 1720 fratres
2240 1680 2410 1729 meos,
2439 1674 2491 1721 ct
2517 1666 2607 1720 dic
2633 1668 2713 1721 eis
2745 1686 2761 1721 :
2793 1666 3042 1724 Ascendo
3072 1668 3138 1722 ad
3160 1667 3372 1723 Patrem
3404 1684 3599 1725 meum-

332 1757 660 1829 κυνὴσουσιν
713 1754 941 1809 ἐνώπιον
988 1755 1152 1810 αὑτοῦ
1206 1758 1374 1810 πᾶσαι
1427 1760 1481 1810 αί
1544 1759 1769 1830 πατριαὶ
1806 1758 1914 1811 τῶν

2019 1763 2070 1812 et
2099 1753 2318 1811 Patrem
2350 1763 2592 1811 vestrum
2616 1797 2631 1821 ,
2690 1766 2743 1813 et
2774 1755 2943 1812 Deum
2996 1772 3173 1813 meum
3211 1768 3266 1813 ct
3297 1758 3466 1814 Deum
3492 1774 3588 1813 re-

333 1847 533 1901 ἐθνῶνο
568 1847 648 1901 ὃτι
672 1846 767 1901 τοῦ
802 1846 1007 1917 Κυρίου
1039 1849 1072 1919 ἡ
1103 1846 1368 1917 βασιλεία,
1397 1849 1490 1901 καὶ
1522 1848 1684 1912 αὐτὸς
1716 1849 1908 1903 δεσπό-

335 1939 421 2005 (et
452 1938 562 1995 τῶν
594 1937 781 1993 ἐθνῶν.
821 1958 841 1992 ι
875 1939 953 1992 Δι’
989 1932 1064 1993 ὧν
1095 1939 1300 2012 σφόδρα
1334 1939 1642 2005 ἀκολούθως
1673 1940 1742 1995 τά
1778 1941 1917 2013 μετά

336 2032 439 2103 τὴν
467 2031 762 2087 ἀνάστασιν
794 2029 958 2084 αὐτοῦ
992 2028 1392 2103 κατορθώματα
1435 2032 1725 2101 ἀναφωνεῖ,
1752 2033 1789 2087 ἀ
1822 2034 1916 2089 καὶ

337 2122 694 2194 πεπλήρωται
718 2119 803 2174 διὰ
829 2120 931 2191 τῆς
959 2120 1017 2189 ἐξ
1045 2120 1297 2175 ἁπάντων
1322 2120 1430 2176 τῶν
1454 2121 1621 2176 ἐθνῶν
1648 2123 1915 2195 κλήσεως,

334 2214 428 2267 διά
453 2230 515 2265 τε
542 2213 642 2284 τῆς
671 2213 728 2265 ἐν
752 2215 867 2276 τοῖς
894 2212 1093 2284 πέρασι
1125 2213 1224 2284 τῆς
1255 2214 1579 2286 οἰκουμένης
1616 2214 1916 2288 ἀνθρώπων

336 2302 592 2373 ἐκλογῆς,
643 2296 719 2356 ὧν
767 2304 823 2356 at
880 2302 1135 2367 ἐκϐάσεις
1192 2303 1490 2375 ὀφθαλμοῖς
1548 2305 1916 2379 θεωρούμεναι

336 2396 559 2450 πάντων
589 2394 656 2448 ἂν
699 2394 938 2464 γένοιντο
963 2395 1070 2449 τῶν
1113 2396 1202 2450 διά
1235 2395 1329 2450 τοῦ
1363 2396 1578 2468 ψαλμοῦ
1611 2398 1918 2470 λεγομένων

341 2489 768 2560 παραστατικαί.
820 2488 1059 2562 Πένητες
1105 2490 1162 2545 δὲ
1209 2491 1371 2546 πάλιν
1420 2495 1604 2564 ἡμεῖς,
1650 2492 1741 2557 οὓς
1778 2494 1919 2548 κατά

339 2580 474 2633 Θεὸν
508 2579 886 2650 πτωχεύοντας
932 2581 1213 2655 ἐπιτρέφων
1263 2585 1293 2636 6
1337 2585 1602 2656 σωτήριος
1629 2584 1800 2653 Λόγος
1839 2584 1918 2655 τῷ

340 2671 517 2743 νοητῷ
550 2673 641 2726 καὶ
670 2671 872 2743 λογικῷ
914 2673 1062 2747 ἄρτῳ
1090 2676 1210 2739 ταῖς
1256 2674 1537 2739 ζωοποιοῖς
1583 2675 1692 2729 τῶν
1732 2675 1918 2747 ψυχῶν

340 2765 588 2834 τροφαῖς,
626 2763 723 2835 τὴν
754 2762 971 2819 αἰώνιον
1002 2767 1131 2837 ἡμῖν
1172 2767 1400 2839 παρέχει
1436 2767 1599 2840 ζωήν.
1633 2768 1722 2821 Διό
1755 2786 1920 2839 φησιν

342 2858 372 2910 6
399 2855 613 2927 ψαλμός
631 2873 646 2887 ·
712 2876 731 2910 ι
765 2860 1031 2928 Φάγονται
1057 2859 1290 2931 πένητες
1310 2860 1403 2914 καὶ
1427 2859 1918 2933 ἐμπλησθήσονται,

344 2948 441 3004 καὶ
471 2949 743 3004 αίνὲσουσι
772 2950 976 3023 Κύριον
1012 2952 1062 3006 οἱ
1102 2949 1455 3025 ὲκξητοῦντες
1503 2951 1684 3006 αὐτόν.
1724 2953 1919 3023 Ζὴσον-

344 3056 437 3093 ται
466 3042 523 3094 αἱ
553 3042 769 3112 καρδίαι
800 3042 981 3097 αὐτῶν
1009 3044 1089 3107 είς
1114 3042 1287 3097 αἰῶνα
1306 3042 1519 3106 αἰῶνος.
1558 3062 1577 3094 ι
1615 3044 1724 3097 Καὶ
1748 3045 1776 3097 6
1803 3043 1922 3096 ἐπί-

345 3130 505 3201 λογος
525 3132 583 3185 δὲ
606 3134 705 3205 τῆς
731 3134 858 3207 ὅλης
883 3134 1218 3209 προφητείας
1251 3134 1388 3206 μετά
1414 3134 1590 3190 πάντα
1616 3135 1919 3208 ἐπιφέρωνσ

352 3244 371 3276 ι
426 3223 880 3297 Ἀναγγελήσεται
902 3226 978 3297 τῷ
1010 3227 1201 3298 Κυρίῳ
1229 3224 1393 3295 γενεά
1422 3226 1455 3297 ἡ
1490 3224 1776 3298 ἐρχομένη.
1810 3226 1922 3279 Καὶ

346 3315 702 3386 ἀναγγελοῦσι
725 3318 825 3389 τὴν
852 3317 1197 3389 δικαιοσύνην
1228 3317 1392 3371 αὑτοῦ
1423 3316 1537 3388 λαῷ
1558 3318 1635 3389 τῷ
1664 3316 1923 3387 τεχθησο-

350 3407 517 3480 μένῳ,
571 3408 629 3462 δν
680 3409 934 3480 ἐποίησεν
971 3410 1000 3462 6
1058 3411 1289 3481 Κύριοςο
1335 3428 1355 3461 ι
1393 3408 1650 3480 ἄντικρυς
1695 3407 1786 3462 τὸν
1861 3406 1923 3473 ἐξ

347 3500 517 3555 ἐθνῶν
551 3500 903 3574 προθεσπίζει
932 3500 1078 3566 λαὸν,
1132 3501 1225 3555 καὶ
1255 3502 1354 3573 τὴν
1402 3499 1492 3553 διά
1528 3500 1622 3553 τοῦ
1673 3500 1922 3571 Σωτῆρος

348 3587 506 3661 ἡμῶν
547 3587 719 3660 Ἰησοῦ
749 3587 985 3661 Χριστοῦ
1019 3591 1292 3644 συστᾶσαν
1325 3590 1416 3643 ἐπὶ
1448 3590 1545 3660 τῆς
1574 3589 1676 3660 γῆς
1708 3589 1917 3657 γενεάν.

349 3681 448 3744 Τίς
472 3678 577 3752 γὰρ
604 3681 670 3735 ἂν
693 3681 777 3753 εἴη
810 3683 839 3735 6
876 3682 1013 3753 μετά
1038 3682 1212 3736 ταῦτα
1250 3682 1604 3754 τεχθήσεσθαι
1635 3681 1923 3752 λεγόμενος

348 3770 428 3843 τῷ
458 3771 577 3843 Θεῷ
602 3771 750 3838 λαὸς,
782 3772 946 3828 πάλαι
983 3773 1056 3846 μὴ
1084 3773 1179 3841 ὢν,
1208 3774 1327 3845 μηδ’
1355 3772 1599 3843 ὑφεστὼς
1637 3775 1695 3827 ἐν
1724 3772 1926 3845 ἀνθρώ-

352 3881 493 3929 ποις,
528 3863 751 3937 ὕστερον
783 3865 841 3919 δὲ
872 3865 1145 3935 γεγονώς;
1191 3866 1275 3931 τίς
1319 3883 1377 3919 τε
1419 3866 1479 3918 ού
1517 3865 1592 3938 μὴ
1622 3862 1756 3919 οὖσα
1780 3866 1923 3931 τότε,

350 3955 615 4028 λεγομένη
637 3956 694 4010 δὲ
724 3955 1036 4011 ἐλεύσεσθαι
1061 3957 1244 4027 γενεὰ,
1280 3958 1328 4011 εί
1355 3958 1429 4029 μὴ
1484 3956 1619 4029 αῦτη
1646 3960 1680 4029 ἡ
1708 3957 1794 4012 διά
1830 3956 1923 4010 τοῦ

352 4048 601 4121 Σωτῆρος
630 4047 785 4119 ἡμῶν
814 4050 873 4102 ἐν
907 4050 1068 4103 παντὶ
1102 4048 1181 4120 τῷ
1208 4050 1401 4121 κόσμῳ
1422 4052 1666 4103 συστᾶσα
1700 4048 1928 4118 Ἐκκλη-

354 4138 475 4205 σία;
507 4141 600 4193 καὶ
626 4144 654 4195 ὁ
675 4142 794 4205 νέος
821 4139 880 4207 ἐξ
905 4141 1074 4195 ἐθνῶν
1104 4142 1252 4206 λαὸς,
1288 4144 1375 4211 ἐφ’
1404 4137 1448 4212 ᾧ
1471 4142 1565 4196 καὶ
1592 4142 1679 4196 διά
1708 4142 1926 4195 Ἡσαΐου

353 4234 413 4287 τὸ
458 4233 684 4305 Πνεῦμα
709 4235 771 4289 τὸ
818 4234 971 4304 ἀγιον
1003 4235 1392 4306 θαυμαστικῶς
1423 4232 1801 4304 ἀπεφθέγξατο
1827 4234 1930 4304 φῆ-

356 4343 454 4381 σαν
477 4344 490 4358 ·
530 4346 548 4379 ι
595 4328 690 4391 Τίς
709 4328 906 4400 ἡκουσε
939 4330 1184 4395 τοιαῦτα,
1214 4330 1308 4384 καὶ
1333 4329 1417 4394 τίς
1450 4328 1692 4401 ἑώρακεν
1715 4327 1925 4393 οῦτωςς

2016 1855 2189 1902 strum
2228 1849 2291 1905 “.
2335 1869 2353 1901 ι
2389 1847 2586 1904 Primis
2614 1864 2744 1921 ergo
2774 1850 3039 1920 apostolis
3090 1850 3235 1914 suis,
3273 1866 3411 1921 quos
3456 1866 3590 1907 suos

2016 1938 2214 1996 fratres
2240 1942 2504 2006 nominat,
2539 1957 2736 1997 nomen
2781 1957 2841 1997 se
2870 1940 3050 1999 Patris
3096 1943 3180 1999 sui
3235 1952 3587 1998 narraturum

2016 2034 2113 2087 ait.
2143 2032 2273 2088 Post
2305 2034 2427 2090 illos
2460 2043 2678 2100 autem,
2730 2034 2850 2104 ipso
2882 2035 3075 2091 ordine
3127 2037 3354 2107 ipsaque
3390 2051 3586 2091 conse-

2016 2126 2215 2197 quendi
2251 2127 2462 2182 ratione
2484 2126 2760 2192 Ecclesiae,
2794 2144 2914 2198 quae
2943 2143 3038 2197 per
3061 2135 3233 2182 totum
3269 2130 3457 2185 orbem
3479 2136 3591 2184 ter-

2015 2228 2202 2272 rarum
2250 2217 2304 2271 in
2338 2218 2560 2273 nomine
2614 2218 2788 2289 ipsius
2845 2218 3070 2274 fundata
3129 2227 3246 2285 est,
3304 2228 3588 2289 paternum

2016 2308 2280 2379 hymnum
2314 2324 2372 2363 se
2400 2309 2774 2380 expositurum
2806 2311 3091 2381 promittit.
3120 2310 3589 2377 Quemadmodum

2015 2398 2160 2453 enim
2201 2398 2247 2453 si
2296 2397 2420 2468 quis
2463 2400 2736 2455 excellens
2767 2400 3031 2470 sapientia
3060 2409 3362 2471 praeceptor
3392 2401 3447 2455 in
3478 2415 3594 2457 me«

2017 2488 2124 2545 diis
2155 2489 2272 2544 suis
2303 2488 2590 2560 discipulis
2621 2489 2786 2545 verba
2820 2499 3139 2561 percurrat,
3203 2499 3264 2546 ut
3316 2488 3424 2564 ipsi
3451 2506 3593 2561 quo-

2018 2594 2124 2649 que
2152 2577 2436 2634 audientes
2467 2580 2800 2645 auscultent,
2832 2581 2908 2635 ita
2939 2580 3103 2637 etiam
3151 2582 3241 2636 ille
3275 2599 3293 2632 ι
3332 2582 3385 2635 in
3414 2580 3593 2637 medio

2019 2669 2296 2736 Ecclesiae,
2326 2671 2524 2741 inquit,
2556 2670 2792 2728 laudabo
2824 2680 2899 2737 te,
2938 2694 2958 2725 ι
3016 2679 3075 2727 ut
3107 2688 3232 2729 cum
3273 2673 3375 2728 boc
3403 2671 3595 2730 Ecde-

2020 2767 2100 2823 sia
2128 2766 2398 2834 didicerit,
2427 2767 2555 2822 dum
2590 2767 2659 2822 ab
2694 2770 2814 2838 ipso
2847 2769 3036 2833 audit,
3093 2784 3202 2823 non
3235 2768 3375 2823 ultra
3405 2777 3464 2824 ut
3493 2783 3594 2825 aft-

2021 2867 2108 2914 tea
2140 2858 2444 2925 daemonas,
2498 2859 2628 2923 sed,
2676 2868 2737 2914 ut
2792 2876 2886 2932 par
2942 2868 3068 2926 cst,
3116 2861 3294 2931 ipsum
3352 2859 3593 2916 universi

2021 2946 2191 3003 Deum
2224 2963 2319 3019 per
2338 2964 2483 3013 eum,
2516 2949 2609 3020 qui
2639 2949 2793 3004 illuni
2823 2950 3147 3016 denuntiat,
3204 2951 3418 3023 hymnis
3456 2964 3594 3005 cun-

2022 3040 2278 3097 celebret.
2304 3039 2429 3096 Hac
2457 3042 2548 3097 ubi
2577 3056 2638 3097 se
2672 3040 2945 3097 facturum
2975 3044 3223 3114 promisit
3254 3082 3270 3106 ,
3328 3051 3443 3096 tum
3493 3040 3592 3099 atl-

2023 3132 2243 3187 modum
2268 3136 2657 3189 convenienter
2682 3142 2845 3206 atque
2890 3145 3013 3206 apte
3062 3135 3174 3204 jam
3206 3134 3330 3189 inde
3363 3134 3595 3203 imperat

2023 3224 2281 3282 Ecclesiae
2310 3240 2373 3280 ac
2417 3226 2533 3281 suis
2579 3224 2875 3291 fratribus,
2933 3234 2993 3281 ut
3046 3226 3265 3298 hymnis
3319 3224 3596 3280 celebrent

2020 3314 2258 3383 Patrem,
2302 3317 2396 3372 ubi
2430 3317 2542 3372 ait:
2578 3336 2598 3368 ι
2640 3316 2746 3385 Qui
2797 3317 3002 3371 timetis
3035 3316 3345 3380 Dominum,
3377 3312 3595 3370 laudate

2021 3424 2166 3465 eum.
2224 3406 2396 3465 Omne
2445 3424 2629 3465 semen
2668 3409 2861 3471 Jacob,
2896 3409 3193 3481 glorificate
3234 3424 3379 3464 cum.
3416 3407 3482 3461 Et
3527 3407 3597 3462 ti-

2021 3512 2205 3557 meant
2226 3501 2296 3557 ab
2316 3516 2382 3557 eo
2405 3515 2566 3556 omne
2590 3516 2776 3556 semen
2806 3499 3005 3563 Israel,
3030 3499 3288 3571 quoniam
3318 3513 3425 3553 non
3451 3511 3595 3567 spre-

2020 3594 2119 3657 vit,
2171 3609 2347 3664 neque
2394 3593 2623 3648 moleste
2670 3593 2794 3647 tulit
2819 3593 3256 3663 deprecationem
3302 3589 3595 3662 pauperis.

2024 3686 2188 3758 509
2228 3702 2405 3758 neque
2451 3687 2649 3741 avertit
2692 3686 2886 3742 faciem
2930 3702 3087 3743 suam
3138 3701 3168 3739 a
3210 3700 3333 3746 me,
3371 3692 3427 3740 et
3471 3698 3597 3738 cum

2024 3779 2318 3834 clamarem
2364 3777 2432 3832 ad
2462 3795 2588 3834 eum
2613 3819 2628 3843 ,
2662 3778 2939 3835 exaudivit
2972 3794 3078 3833 mc.
3117 3797 3136 3829 ›
3167 3776 3377 3843 Quibus
3416 3774 3598 3831 verbis

2028 3871 2189 3942 plane
2230 3872 2471 3927 ostendit
2511 3887 2570 3927 se
2615 3872 2685 3925 ab
2734 3871 2845 3925 illis
2891 3885 3015 3926 esse
3061 3870 3351 3924 liberatum
3404 3867 3597 3927 malis.

2027 3977 2149 4032 qua:
2176 3963 2432 4033 superius
2461 3962 2607 4018 dicta
2638 3969 2788 4017 sunt.
2821 3960 2878 4015 Si
2910 3962 3052 4016 enim
3089 3977 3213 4015 cum
3241 3960 3501 4015 clamaret
3530 3957 3599 4011 ad

2026 4054 2213 4119 illum,
2246 4055 2315 4110 ab
2345 4055 2437 4110 illo
2471 4054 2762 4111 exauditus
2790 4066 2878 4131 est
2900 4096 2915 4122 ,
2963 4061 3017 4109 ct
3057 4055 3304 4108 clamans
3344 4059 3599 4123 precatus

2028 4154 2144 4211 est,
2178 4155 2235 4201 ut
2264 4147 2499 4218 eriperet
2531 4162 2562 4200 a
2597 4145 2802 4201 framea
2832 4144 3051 4216 quidem
3083 4145 3318 4200 animam
3350 4158 3535 4207 suam,
3568 4158 3598 4197 a

2028 4254 2166 4294 cane
2204 4248 2383 4293 autem
2431 4237 2646 4293 unicam
2693 4252 2847 4293 suam
2872 4277 2887 4303 ,
2923 4252 3024 4292 nec
3064 4253 3171 4292 non
3206 4238 3276 4292 ab
3306 4252 3401 4292 ore
3429 4236 3601 4292 leonis

2028 4337 2081 4386 et
2124 4345 2155 4384 a
2201 4329 2462 4385 cornibus
2502 4329 2849 4384 unicornium
2892 4328 3253 4383 humilitatem
3288 4343 3479 4391 suam,
3509 4341 3602 4382 se-

355 4421 403 4472 εί
430 4417 585 4472 ῶδινε
611 4420 681 4490 γῆ
706 4420 764 4472 ὲν
803 4419 985 4492 ἡμέρᾳ
1019 4422 1137 4492 μιᾷ,
1173 4421 1270 4475 καὶ
1302 4422 1349 4473 εί
1382 4419 1574 4491 ἐτέχθη
1611 4418 1761 4483 ἔθνος
1816 4420 1917 4471 εἰσ-

2032 4423 2221 4491 quitur
2250 4430 2305 4476 ut
2350 4421 2717 4492 intelligamus
2749 4420 2900 4474 illum
2933 4419 3310 4474 liberationem
3340 4435 3369 4473 a
3400 4418 3602 4472 talibus

354 4508 520 4577 ἀπαξ.
559 4529 578 4562 ι
606 4509 792 4565 Ταῦτα
816 4513 913 4582 μὲν
941 4508 1035 4566 οὖν
1065 4514 1248 4584 ἡμεῖς,
1276 4513 1360 4581 ἐφ’
1385 4511 1550 4585 ἕτερα
1582 4510 1925 4565 συνελαύνον-

352 4619 444 4668 τος
472 4603 566 4656 τοῦ
611 4603 827 4676 καιροῦ,
873 4604 1259 4678 διαδραμόντες
1312 4603 1618 4676 ἀκῳθιγῶς
1662 4602 1931 4675 διεξήλθο-

356 4711 477 4766 μεν,
512 4695 619 4767 ὅτῳ
655 4695 699 4749 δ*
733 4694 798 4750 ἂν
828 4695 977 4767 μέλοι
1014 4696 1115 4766 τῆς
1140 4694 1234 4749 τοῦ
1283 4696 1533 4767 Σωτῆρος
1563 4697 1595 4766 ἢ
1607 4694 1721 4765 μῶν
1750 4711 1930 4766 παρα-

354 4786 670 4851 κελεύσεως,
702 4785 997 4859 [φήσαντος
1020 4804 1034 4818 ·
1073 4806 1090 4839 ι
1138 4786 1425 4858 Ἐρευνᾶτε
1461 4788 1560 4851 τὰς
1587 4787 1808 4859 Γραφὰς
1829 4804 1841 4817 ·
1869 4789 1927 4841 ἐν

354 4871 443 4941 αἷς
474 4877 679 4932 δοκεῖτε
719 4875 864 4950 ζωὴν
908 4877 1125 4932 αἰώνιον
1162 4876 1327 4947 ἔχειν,
1356 4878 1450 4932 καὶ
1495 4878 1654 4931 αύταί
1696 4878 1833 4931 είσιν
1871 4880 1927 4931 αί

356 4970 729 5045 μαρτυροῦσαι
772 4971 902 5043 περι
945 4969 1099 5042 ἐμοῦ.
1146 4990 1165 5021 ι
1213 4970 1451 5040 Έκάστῃ
1483 4968 1628 5033 λέξει
1659 4969 1754 5023 τοῦ
1794 4970 1931 5040 ψαλ-

356 5060 458 5133 μοῦ
490 5062 582 5116 τὸν
612 5062 737 5117 νοῦν
759 5062 1089 5135 ἐμϐαθύνας,
1116 5062 1215 5132 τὴν
1241 5061 1443 5132 ἀκριϐῆ
1472 5060 1710 5115 διάνοιαν
1739 5061 1932 5136 θηρεύ-

354 5169 444 5206 σαι
477 5153 543 5207 ἂν
564 5154 665 5226 τῆς
686 5157 744 5208 ὲν
776 5158 889 5219 τοῖς
919 5154 1230 5228 εἰρημένοις
1258 5153 1515 5225 ἀληθείας
1546 5153 1672 5226 (1).]

2029 4512 2192 4566 malis
2221 4520 2616 4575 consecutum,
2650 4509 2851 4580 quippe
2890 4509 2983 4580 qui
3019 4508 3257 4572 dixerit,
3292 4507 3462 4563 Deum
3493 4522 3602 4562 non

2032 4605 2261 4659 moleste
2283 4604 2478 4658 tulisse
2504 4602 2943 4673 deprecationem
2974 4616 3129 4657 suam
3148 4640 3164 4664 ,
3198 4615 3377 4670 neque
3405 4597 3602 4653 faciem

2029 4712 2184 4753 suam
2214 4698 2481 4752 avertisse
2503 4695 2573 4750 ab
2598 4696 2739 4765 ipso,
2763 4695 2858 4751 sed
2883 4695 3209 4749 clamantem
3237 4693 3414 4763 ipsum
3439 4705 3601 4747 exau-

2034 4788 2255 4844 divisse.
2301 4787 2573 4855 Quocirca
2602 4788 2775 4843 eidem
2806 4788 2872 4842 de
2902 4786 3067 4842 tantis
3098 4785 3257 4841 malis
3298 4792 3517 4855 erepto,
3551 4790 3604 4838 et

2034 4880 2138 4952 ipsi
2179 4879 2246 4935 de
2287 4888 2463 4935 morte
2504 4880 2691 4951 elapso
2721 4877 2937 4934 abunde
2963 4877 3232 4948 contingit
3262 4892 3368 4931 una
3394 4875 3603 4931 versari

2035 4987 2099 5027 ac
2126 4971 2323 5040 degere
2349 4987 2473 5027 cum
2506 4972 2624 5028 suis
2650 4976 2704 5026 et
2728 4970 3015 5041 discipulis
3054 4980 3107 5025 et
3138 4969 3420 5033 fratribus,
3459 4976 3514 5024 et
3546 4969 3603 5024 in

2035 5062 2213 5117 media
2239 5062 2482 5118 Ecclesia
2508 5070 2717 5132 patrem
2742 5062 2984 5117 laudare.
3013 5061 3118 5117 Sed
3140 5058 3362 5116 attende
3386 5074 3603 5123 rursus,

2038 5163 2099 5209 ut
2131 5170 2427 5225 pauperem
2460 5155 2701 5224 seipsum
2732 5155 2928 5209 iterum
2970 5163 3150 5218 vocat,
3197 5157 3252 5208 in
3280 5168 3346 5209 eo
3372 5167 3603 5208 concor-

352 5248 492 5304 dans
518 5263 642 5301 cum
669 5255 797 5303 ante
824 5247 1089 5318 expositis
1112 5247 1448 5319 prephetiis,
1476 5247 1534 5301 in
1594 5246 1797 5316 quibus
1851 5261 2059 5317 pauper
2103 5254 2159 5302 et
2203 5262 2408 5316 egenus
2450 5254 2534 5301 est
2579 5246 2935 5314 nominatus;
2980 5246 3077 5302 sed
3118 5246 3248 5318 quia
3309 5261 3471 5304 suum
3538 5243 3603 5298 ad

353 5343 519 5399 vitam
562 5342 797 5398 reditum
839 5344 911 5398 in-
936 5342 1025 5398 bis
1066 5341 1363 5409 indicavit,
1396 5358 1591 5398 rursus
1622 5356 1928 5398 sermonem
1970 5351 2298 5397 convertens
2329 5341 2400 5395 ad
2424 5340 2641 5397 Patrem
2663 5380 2678 5404 ,
2713 5360 2731 5393 ι
2764 5356 2794 5396 a
2821 5348 2910 5403 te.
2943 5340 3156 5413 inquit,
3220 5340 3342 5398 laus
3403 5352 3523 5396 mea
3550 5337 3604 5394 in

352 5437 600 5495 Ecclesia
631 5452 826 5510 magna
850 5480 865 5505 ,
894 5457 914 5490 ι
972 5438 1027 5495 in
1057 5438 1261 5510 quibus
1290 5454 1422 5495 sane
1451 5438 1637 5495 verbis
1692 5437 1997 5495 Ecclesiam
2038 5440 2096 5493 in
2128 5437 2352 5493 nomine
2382 5437 2561 5508 ipsius
2586 5452 2652 5492 ex
2682 5436 2937 5507 gentibus
2964 5436 3249 5492 collectam
3272 5475 3287 5500 ,
3320 5444 3375 5491 et
3402 5448 3460 5492 ιη
3488 5444 3600 5493 seu

425 5595 470 5629 "
505 5593 695 5652 Matth.
731 5609 944 5659 xxvm,
976 5592 1123 5659 9,10.
1203 5595 1247 5627 "
1287 5591 1455 5650 Joan.
1487 5610 1595 5660 xx,
1629 5593 1723 5649 Π.

425 5716 501 5786 (l)
540 5716 711 5773 Uncis
751 5718 1008 5774 (onclusa
1049 5716 1329 5788 supplerit
1366 5715 1673 5774 Fabricius.
1699 5713 1835 5773 Vide
1886 5715 2310 5769 Admonitionem
2360 5712 2517 5768 initio
2567 5709 2878 5769 voluminis.
