4100 6474
496 261 592 318 791
1129 267 1406 337 russea
1447 268 1929 325 cmsamsxsrs
1968 267 2115 324 opp.

2113 313 2117 323 .
2163 266 2347 322 PARS
2385 267 2451 323 ιι.
2481 298 2547 310 -
2586 264 3095 324 APOLOGETICA.
3622 257 3732 312 793

491 383 621 438 orbe
642 385 994 440 constitutam
1021 377 1304 455 initiligit.
1335 392 1388 443 in
1416 403 1523 457 qua
1555 385 1856 443 Salvatoris
1885 398 2057 442 nostri
2097 386 2249 450 laus,
2280 396 2435 456 patre
2463 400 2582 456 ipso
2611 392 2887 439 annuente
2951 392 3114 453 atque
3174 396 3330 452 opem
3359 380 3568 433 ferente
3592 376 3736 430 assi-

489 474 594 530 due
622 479 860 542 canitur,
892 495 954 533 ex
986 495 1095 550 quo
1125 490 1202 536 ait
1229 501 1241 535 :
1277 502 1295 533 ι
1327 496 1368 533 Α
1401 492 1455 536 te
1485 486 1603 538 laus
1630 497 1749 535 mea
1782 483 1837 536 in
1868 480 2111 536 Eeclesra
2142 496 2358 551 magna.
2384 499 2404 533 ι
2430 479 2623 551 Magna
2674 481 2819 534 enim
2868 492 2927 532 re
2956 491 3086 531 vera
3126 473 3367 529 Ecclesia
3431 470 3548 525 hac
3610 476 3732 531 est,

492 586 687 640 qmppe
713 588 835 641 qua:
872 589 940 628 ex
981 577 1129 630 omni
1188 592 1385 645 genere
1447 577 1727 631 hominum
1762 578 1991 632 collecta
2022 577 2126 636 sit,
2165 585 2219 630 et
2268 590 2337 629 ne
2389 572 2757 644 comparanda
2797 570 3015 640 quidem
3059 578 3279 640 propter
3312 565 3636 638 gravitatem
3679 567 3737 613 et

490 670 859 735 praestantiam
887 673 1033 736 vitae,
1080 682 1134 727 et
1160 681 1383 744 propter
1443 674 1825 729 institutorum
1891 668 2319 744 magnitudinem
2381 672 2448 725 ad
2479 670 2764 726 Judaieam
2794 678 3007 740 gentem
3030 706 3045 728 ,
3077 673 3130 721 et
3166 665 3232 719 ad
3280 658 3735 715 circumcisorum

489 773 851 829 conventum,
903 769 996 838 qui
1046 772 1195 825 omni
1239 778 1515 840 egestate,
1558 779 1614 826 et
1660 770 1962 833 orationis,
2001 777 2056 824 et
2092 771 2252 834 vitae,
2295 777 2351 824 et
2394 768 2735 838 prudentize,
2773 774 2827 821 et
2868 766 3090 834 reliqme
3129 762 3197 817 de
3276 758 3389 812 Deo
3464 748 3736 809 sentiendi

488 857 752 926 rationis,
783 864 1033 931 oppressi
1066 867 1441 935 attenuatique
1475 877 1623 920 sunt.
1659 865 1862 921 Deinde
1888 864 2148 934 subjicit;
2215 883 2233 915 ι
2305 862 2440 918 Vota
2467 879 2588 918 mea
2655 863 2884 917 Domino
2914 860 3136 914 reddam
3196 858 3250 912 in
3279 858 3579 924 conspectu
3618 862 3742 901 om-

488 949 637 1003 nium
672 952 979 1008 timentium
1010 971 1168 1023 eum,
1200 977 1218 1009 ι
1248 959 1338 1013 ubi
1382 975 1479 1029 per
1522 960 1775 1014 timentes
1836 974 1962 1013 eum
2006 959 2255 1028 intelligit
2287 975 2443 1025 eam,
2488 972 2650 1028 quam
2682 966 2809 1012 ante
2871 954 3169 1009 Ecclesiam
3234 962 3489 1020 magnam
3554 942 3737 999 nomi-

487 1044 669 1108 navit,
727 1060 853 1100 cum
902 1049 1010 1103 illis
1062 1052 1243 1106 verbis
1291 1068 1425 1108 usus
1472 1060 1605 1106 est:
1674 1052 1822 1118 «Qui
1875 1053 2079 1107 timetis
2116 1050 2403 1106 Dominum
2454 1052 2671 1106 laudate
2717 1066 2863 1106 eum.
2932 1067 2952 1101 ι
3020 1046 3124 1101 Sed
3175 1059 3296 1116 qua!
3346 1041 3562 1097 tandem
3609 1045 3741 1092 νοῑει

487 1138 829 1197 redditurum
882 1160 941 1199 se
974 1149 1086 1207 ait,
1131 1150 1237 1202 nisi
1279 1165 1399 1220 quae
1439 1150 1716 1221 pollicitus
1753 1149 1882 1206 est?
1925 1165 2047 1221 quae
2084 1164 2248 1219 porro
2300 1150 2577 1220 pollicitus
2636 1158 2753 1213 est,
2813 1147 2919 1202 nisi
2958 1146 3049 1200 illa
3087 1158 3207 1215 qua:
3250 1150 3365 1195 tum
3409 1136 3739 1209 significavit

487 1246 611 1286 cum
640 1235 814 1291 divit:
845 1258 862 1289 ι
894 1238 1139 1294 Narrabo
1168 1259 1365 1298 nomen
1401 1252 1555 1300 tuum
1591 1245 1854 1300 fratribus
1899 1245 2055 1300 meis.
2098 1243 2155 1299 In
2208 1244 2386 1300 medio
2431 1244 2692 1300 Ecclesiae
2737 1243 2972 1297 laudabo
3015 1250 3085 1296 te.
3157 1259 3176 1292 ι
3220 1236 3357 1291 Vola
3410 1235 3557 1289 enim
3607 1238 3740 1286 sum

487 1328 787 1393 Promissa.
824 1347 945 1400 quae
977 1349 1036 1388 se
1103 1336 1157 1389 in
1223 1337 1404 1391 medio
1438 1338 1695 1394 Ecclesiae
1741 1349 2128 1409 praestaturum
2171 1340 2449 1412 pollicitus
2490 1336 2852 1393 confirmavit.
2891 1334 2989 1388 llis
3021 1332 3151 1388 illud
3187 1327 3431 1398 adjungil
3459 1343 3473 1380 :
3498 1344 3515 1375 ι
3542 1324 3739 1379 (Σίνωρα

486 1425 617 1477 dent
651 1440 918 1495 pauperes
948 1439 999 1483 ct
1032 1428 1195 1501 510
1226 1434 1639 1497 saturabuntur,
1671 1443 1724 1494 et;
1755 1436 2053 1491 laudabunt
2092 1436 2378 1490 Dominum
2423 1436 2517 1506 qui
2566 1435 2853 1504 requirunt
2890 1447 3035 1486 eum.
3102 1428 3299 1482 Vivent
3335 1423 3500 1481 corda
3543 1434 3736 1477 eorum

486 1513 543 1567 in
574 1516 829 1570 sacculum
860 1521 1063 1574 saeculi.
1101 1521 1543 1580 lteminisceutnr
1580 1536 1633 1582 et
1672 1538 2057 1584 convertentur
2096 1531 2163 1585 ad
2205 1529 2518 1594 Dominum,
2569 1543 2760 1583 omnes
2803 1526 2938 1580 lines
2984 1530 3160 1578 terra}.
3208 1521 3276 1575 Et
3305 1518 3612 1573 adorabunt
3682 1517 3739 1570 in

488 1617 786 1676 conspectu
814 1610 934 1679 ejus
960 1613 1226 1670 universae
1253 1616 1469 1672 familiae
1500 1620 1742 1690 gentium
1765 1661 1781 1689 ,
1806 1622 2063 1691 quoniam
2103 1621 2320 1676 Domini
2349 1629 2432 1676 est
2460 1634 2718 1690 regnum,
2754 1625 2808 1673 et
2838 1618 2953 1687 ipse
2984 1615 3299 1670 dominatur
3361 1611 3639 1682 gentibus.
3710 1626 3733 1660 ι

481 1697 699 1761 Quibus
775 1704 959 1759 verbis
1002 1706 1159 1761 valde
1201 1717 1327 1779 apte
1366 1711 1770 1783 admodumque
1808 1714 2095 1779 ordinate,
2136 1730 2257 1785 quae
2286 1729 2316 1768 a
2351 1730 2409 1769 se
2437 1722 2560 1783 post
2622 1712 2856 1766 reditum
2902 1710 2960 1764 in
3002 1708 3168 1761 vitam
3213 1713 3360 1759 recte
3404 1701 3545 1757 facta
3589 1700 3735 1762 sint,

490 1809 695 1863 quosve
717 1812 1008 1855 successus
1032 1802 1314 1869 habuerit,
1374 1800 1831 1875 connuemorat,‘
1863 1825 1985 1879 qua:
2045 1810 2301 1865 universa
2352 1824 2452 1880 per
2493 1808 2736 1863 omnimn
2787 1805 3030 1877 gentium
3079 1803 3418 1857 vocationem
3463 1795 3739 1865 completa

489 1897 652 1954 sunt,
699 1901 753 1945 et
791 1910 888 1963 per
930 1896 1212 1952 hominum
1256 1900 1309 1954 in
1353 1901 1505 1956 orbis
1549 1912 1818 1964 terrarum
1867 1905 2067 1963 finibus
2103 1906 2443 1960 electionem.
2477 1904 2716 1971 Quarum
2747 1915 2930 1956 rerum
2990 1903 3181 1954 eventa
3210 1911 3330 1966 qua:
3358 1893 3492 1963 ipsis
3554 1887 3738 1943 oculis

489 1979 689 2037 intueri
720 1984 878 2052 licet,
906 1987 1065 2044 facile
1094 1990 1161 2045 iis
1185 2008 1307 2061 qua:
1337 1993 1390 2047 in
1415 1995 1520 2049 hoc
1546 1997 1758 2062 psalmo
1783 1998 2063 2061 dicuntur,
2106 1999 2264 2054 fidem
2299 1998 2476 2053 facere
2522 2003 2772 2067 possunt.
2814 1992 2920 2049 Per
2960 2006 3226 2063 pauperes
3292 1998 3470 2041 autem
3539 1995 3737 2036 rursus

489 2087 592 2127 nos
626 2075 910 2148 intelligit,
944 2096 1084 2150 quos
1113 2083 1166 2136 in
1201 2094 1520 2155 paupertate
1549 2091 1849 2155 secundum
1883 2089 2052 2148 Deum
2091 2091 2387 2160 degentes,
2453 2089 2580 2143 dum
2628 2088 2869 2144 salutare
2910 2085 3133 2140 verbum
3169 2075 3490 2147 intelligibili
3560 2072 3738 2126 ratio-

490 2165 713 2236 ηειίψιθ
742 2185 880 2237 vane
906 2214 920 2233 .
974 2174 1079 2230 hoc
1107 2184 1224 2240 est,
1294 2179 1433 2234 cibis
1485 2181 1578 2250 qui
1639 2182 1806 2235 vitam
1834 2182 2036 2238 animis
2090 2183 2351 2244 allerant,
2397 2182 2636 2243 enutrit,
2666 2181 2830 2234 vitam
2871 2178 3029 2233 nobis
3071 2173 3297 2243 largitur
3321 2178 3602 2224 aitet-nam.
3658 2162 3737 2217 Ex

489 2274 599 2328 quo
629 2264 871 2329 psalmus
904 2267 975 2320 ita
1006 2270 1121 2323 ait:
1157 2289 1176 2322 ‹
1234 2270 1537 2328 Comedent
1586 2289 1880 2344 pauperes,
1916 2284 1969 2330 et
2032 2276 2444 2337 saturabuntur,
2495 2285 2550 2329 et
2602 2272 2902 2327 laudabunt
2951 2269 3239 2324 Dominum
3289 2262 3383 2335 qui
3444 2260 3737 2328 requirunt

490 2364 635 2404 eum.
666 2350 859 2409 Vivent
890 2358 1054 2412 corda
1085 2374 1279 2414 eorum
1308 2362 1360 2415 in
1395 2363 1654 2417 szeculmn
1689 2364 1895 2419 smculi.
1928 2384 1946 2416 ι
1971 2363 2254 2421 Peroratio
2281 2379 2411 2419 vero
2442 2363 2613 2419 totius
2680 2361 2977 2433 prophetia:
2998 2399 3012 2420 ,
3079 2373 3200 2428 quae
3246 2362 3371 2426 post
3434 2351 3623 2406 omnia
3661 2350 3732 2403 il-

492 2441 583 2494 lud
632 2444 877 2499 continet
908 2465 921 2499 :
955 2464 973 2497 ‹
1008 2447 1439 2505 Annuntiabitur
1488 2451 1720 2507 Domino
1768 2456 2056 2525 generatio,
2088 2462 2337 2509 ventura.
2367 2453 2431 2507 Et
2456 2454 2863 2508 annuntiabunt
2888 2452 3157 2520 justitiam
3190 2449 3309 2515 ejus
3373 2444 3577 2515 populo
3640 2441 3738 2511 qui

494 2546 769 2603 nascetur,
794 2554 955 2607 quem
990 2542 1120 2596 fecit
1146 2542 1410 2601 Dominus
1439 2565 1453 2609 :_
1482 2566 1500 2599 ι
1529 2549 1737 2617 absque
1759 2550 1910 2604 omni
1939 2550 2312 2606 controversia
2345 2550 2605 2620 populum
2635 2549 2703 2604 de
2765 2549 3019 2619 gentibus
3084 2546 3373 2601 collectum
3441 2538 3733 2608 praedicit,

490 2630 934 2704 constituamque
957 2652 1053 2706 per
1076 2636 1411 2696 Salvatorem
1459 2650 1709 2697 nostrum
1734 2643 1920 2700 Jesnm
1944 2645 2219 2699 Christum
2248 2645 2302 2699 in
2330 2652 2473 2699 terra
2496 2643 2938 2715 generationem:
2987 2656 3112 2696 nam
3151 2640 3275 2708 quis
3314 2635 3531 2690 tandem
3573 2632 3742 2686 fuerit

492 2725 540 2778 is
573 2727 830 2796 populus,
864 2747 978 2801 qui,
1011 2742 1135 2802 post
1174 2736 1292 2806 ipsa
1334 2737 1477 2801 haec,
1511 2737 1621 2797 Deo
1645 2740 1861 2794 dicatur
1889 2741 2177 2798 oriturus?
2202 2740 2404 2811 quique
2457 2748 2617 2794 antea
2646 2738 2861 2809 quidem
2892 2752 3006 2791 non
3063 2735 3261 2797 fuerit,
3328 2744 3505 2799 neque
3565 2725 3741 2782 exsti-

492 2818 619 2872 terit
658 2820 802 2875 inter
845 2823 1126 2890 homines,
1177 2837 1365 2899 postea
1405 2847 1532 2891 vero
1582 2834 1898 2889 exstiterit?
1937 2851 2057 2905 qua:
2094 2849 2257 2907 porro
2283 2835 2562 2906 generatio
2591 2834 2679 2887 illa
2703 2872 2717 2896 ,
2748 2846 2913 2902 quam
2964 2840 3092 2884 tunc
3140 2827 3359 2899 quidem
3416 2839 3527 2878 non
3588 2834 3738 2882 esse.

492 2922 616 2983 post
655 2927 833 2972 autem
877 2932 1159 2978 venturam
1191 2926 1509 2996 significat?
1536 2929 1642 2983 nisi
1675 2930 1789 2990 haec
1817 2946 1937 3002 qua:
1964 2946 2061 3001 per
2100 2929 2439 2987 Salvatorem
2467 2937 2716 2986 nostrum
2743 2929 2799 2983 in
2825 2934 2941 2982 toto
2968 2925 3101 2980 orbe
3130 2922 3427 2979 constituta
3489 2926 3571 2974 est
3632 2913 3739 2971 Ec-

492 3011 695 3076 clesia,
764 3030 1063 3088 recensque
1103 3019 1191 3075 hic
1229 3022 1492 3078 collectus
1530 3022 1599 3079 de
1659 3026 1913 3095 gentibus
1978 3026 2253 3097 populus?
2294 3026 2362 3081 de
2413 3041 2521 3098 quo
2542 3025 2705 3081 etiam
2731 3039 2818 3095 per
2863 3020 3056 3076 lsaiam
3082 3018 3318 3089 Spiritus
3362 3020 3589 3069 sanctus
3611 3024 3738 3062 cum

494 3102 855 3161 admiratione
917 3109 1135 3165 locutus
1196 3121 1317 3176 est,
1383 3130 1507 3169 cum
1559 3115 1739 3170 dixit:
1787 3135 1805 3168 ι
1867 3116 2003 3183 Quis
2063 3118 2270 3173 audivit
2309 3118 2482 3172 talia?
2544 3124 2599 3172 ct
2640 3119 2765 3187 quis
2810 3118 2883 3169 ita
2926 3111 3103 3167 vidit?
3145 3111 3191 3165 si
3236 3106 3524 3179 parturivit
3587 3112 3739 3158 terra

495 3199 551 3252 in
581 3198 671 3252 die
709 3216 848 3266 uno,
890 3210 943 3257 et
986 3206 1031 3259 si
1076 3214 1205 3261 nata
1248 3216 1334 3262 est
1383 3224 1516 3279 gens
1563 3211 1787 3266 oruniuo
1814 3212 1879 3268 ‘°.
1905 3231 1924 3264 ι
1956 3210 2081 3268 Haec
2108 3213 2274 3283 igitur
2312 3226 2411 3266 nos
2432 3210 2499 3265 ad
2555 3211 2660 3264 alia
2716 3209 2786 3264 ob
2823 3207 3140 3263 brevitatem
3188 3199 3453 3270 temporis
3475 3198 3736 3252 festinan-

494 3303 577 3349 tes
641 3298 1039 3365 percurrimus.
1084 3314 1246 3374 atque
1349 3311 1410 3358 ut
1454 3304 1674 3369 dicitur,
1735 3308 1965 3364 summis
2030 3308 2189 3363 labiis
2232 3306 2591 3377 attingentes,
2650 3303 3061 3374 prieterivimus.
3102 3298 3201 3352 Cui
3247 3301 3427 3349 autem
3476 3305 3620 3347 cum
3665 3288 3742 3341 sit

496 3384 809 3441 θάιιοτῑίιῑὶο
835 3385 1135 3449 salvatoris
1175 3394 1385 3459 nostri,
1430 3393 1683 3467 [quando
1723 3397 1800 3452 ait
1846 3399 1932 3452 ’τε
1980 3417 1999 3450 ι
2044 3397 2376 3452 Scrutamini
2423 3394 2767 3465 Scripturas,
2812 3392 2866 3447 in
2897 3391 3095 3461 quibus
3130 3386 3336 3456 putatis
3373 3383 3538 3436 vitam
3578 3386 3742 3434 aeter-

497 3494 624 3533 nam
655 3495 753 3535 vos
799 3481 1036 3547 habere,
1083 3493 1138 3540 et
1162 3486 1269 3550 illa:
1331 3497 1460 3543 sunt
1503 3505 1625 3560 quae
1667 3491 2042 3547 testimonium
2069 3491 2358 3559 perhibent
2408 3490 2475 3545 de
2512 3503 2619 3543 me.
2680 3507 2700 3541 ι
2760 3486 2835 3541 lta
2875 3483 3170 3555 quamlibet
3207 3480 3500 3534 dii-tionem
3540 3472 3740 3545 psalmi

494 3568 592 3640 qui
629 3579 815 3627 mente
837 3573 1003 3629 altius
1034 3586 1310 3633 scrutatus
1351 3577 1549 3645 fuerit,
1589 3591 1905 3636 accuratum
1963 3595 2183 3636 sensum
2244 3580 2432 3636 venari
2486 3580 2686 3649 poterit
2729 3577 3109 3645 dictorumque
3162 3566 3493 3641 veritatem.]

3387 3765 3510 3778 -

2492 3763 3715 3799 mw

501 3766 2613 3801 Μ

1710 3926 2536 4019 FRAGMENTUM

1224 4117 1435 4181 LIBRI
1480 4120 1598 4179 XV
1641 4120 2412 4185 DEMONSTRATIONIS
2456 4116 3009 4184 EVANGELICE.

1391 4236 1508 4292 (MA!
1534 4234 1762 4293 Bibliotlt.
1789 4253 1911 4290 nova
1941 4242 2163 4301 Patrum,
2185 4239 2271 4301 IV,
2305 4254 2351 4302 p.
2379 4240 2490 4297 314,
2516 4240 2682 4289 Romae
2715 4238 2875 4289 l8L‘l.l

1921 4352 2322 4414 MONITUM.

572 4491 1048 4567 Demonstralionis
1075 4496 1388 4567 evangelica:
1414 4498 1636 4566 scriptos
1666 4498 1829 4567 fuisse
1854 4496 1916 4552 ab
1949 4496 2173 4551 Eusebio
2204 4500 2524 4552 (.a’sariensi
2564 4498 2724 4551 libros
2756 4494 2968 4549 omnino
3010 4492 3234 4567 uiginti.
3269 4491 3742 4567 τείως-ωηιξδεὶφὶ

497 4574 619 4618 sunt
645 4572 859 4637 sanctus
893 4560 1247 4637 Hieroni/nuis
1279 4565 1354 4621 De
1379 4569 1481 4621 vir.
1506 4560 1584 4622 i'll.
1612 4560 1726 4637 cap.
1763 4569 1852 4632 8i,
1885 4578 1933 4621 et
1973 4568 2193 4621 Pliotins
2228 4568 2299 4637 in
2325 4567 2651 4623 Bibliotheca
2687 4567 2803 4621 cod.
2836 4582 2890 4630 ι,
2914 4580 2965 4633 p.
3002 4560 3089 4637 ‘l_l.
3226 4579 3287 4617 ne
3312 4561 3442 4637 quid
3468 4560 3741 4637 evidentiae

497 4633 707 4688 veritati
736 4632 891 4707 desit,
921 4633 1056 4707 idem
1088 4634 1438 4707 Hieronymus
1470 4631 1683 4692 librum.
1703 4656 1857 4700 xvm,
1899 4638 1950 4691 in
1981 4638 2135 4706 μναῖ.
2168 4636 2235 4690 ad
2266 4635 2455 4707 Oseam
2493 4640 2569 4691 sic
2599 4646 2853 4692 memorat
2881 4631 2958 4689 :it
3010 4633 3266 4707 Eusebius
3286 4631 3660 4707 _C_msariensis
3683 4631 3741 4684 in

499 4715 679 4758 octavo
730 4702 931 4758 decimo
962 4705 1093 4758 libro
1128 4700 1500 4776 ΕὑαγῨελικῆς
1561 4708 1913 4775 Ἀποδείξεως
1961 4700 2115 4780 quarti

499 4774 655 4827 huius
691 4775 860 4827 oneris
908 4776 1119 4827 nonnisi
1173 4775 1346 4827 decem
1385 4780 1587 4827 Driures
1622 4789 1832 4827 exstant
1863 4776 2012 4827 libri:
2068 4796 2118 4827 re

2120 4724 2205 4760 nm
2230 4707 2293 4760 de
2323 4706 2453 4762 Osee
2482 4709 2728 4775 prop/leta
2782 4706 3035 4772 disputat.
3083 4722 3102 4754 ι
3137 4705 3203 4757 At
3242 4704 3296 4755 ni
3332 4705 3384 4756 in
3418 4700 3739 4755 editionibus

2120 4778 2293 4827 [ianus
2332 4777 2526 4827 eruditi
2562 4779 2668 4827 iam
2704 4779 2797 4827 diu
2844 4775 3165 4827 desiderant.
3208 4722 3379 4827 (globis
3423 4772 3633 4824 interim
3681 4772 3739 4824 in

498 4774 655 4842 lmjus
691 4775 882 4848 operis
908 4776 1119 4848 nonnisi
1173 4772 1346 4831 decem
1385 4772 1587 4846 priores
1622 4772 1832 4832 exstant
1863 4772 2013 4843 iibri;
2068 4778 2293 4848 reliquos
2332 4772 2526 4831 eruditi
2551 4772 2668 4848 jam
2704 4779 2797 4831 diu
2844 4775 3165 4848 desiderant.
3212 4772 3379 4848 Nobis
3423 4772 3633 4824 interim
3681 4772 3741 4824 in

498 4843 807 4918 patrnnt‘ad
844 4844 1116 4918 Danielem
1148 4855 1356 4912 catena,
1386 4843 1547 4917 quam
1576 4864 1640 4903 ea:
1682 4848 1934 4902 Vaticano
1952 4849 2125 4903 codice
2142 4843 2424 4912 edidimus,
2449 4843 2635 4903 bonum
2670 4849 2825 4918 Imjns
2857 4846 3308 4918 deperditioperis
3341 4852 3661 4918 segmentum
3683 4856 3743 4918 se

499 4912 688 4989 obtulit
709 4930 727 4975 ε
750 4915 896 4989 quod
923 4916 1102 4970 (ἐνίετε
1124 4919 1286 4971 simul
1313 4909 1599 4989 Laiineque
1632 4920 1833 4972 cieteris
1868 4918 2079 4989 Eusebii
2108 4928 2287 4972 nostra
2320 4909 2499 4973 labore
2517 4921 2669 4973 editis
2701 4909 3025 4984 sEriptis'hic
3060 4909 3417 4989 αᾴίιριζιὶηζπρδο
3442 4909 3568 4966 Ῑαηι
3597 4911 3739 4989 quo}!

497 4994 547 5038 et
578 4985 634 5037 in
668 4978 849 5039 nostra
877 4985 974 5042 hoc
1001 4998 1350 5056 segmento,et
1380 4990 1433 5042 in
1462 4978 1752 5044 m'emorato
1781 4987 1922 5059 apud
1952 4988 2331 5058 Hieronymum
2365 4989 2497 5052 loco,
2518 4978 2891 5060 prop/telarum
2921 4985 3152 5041 oraculis
3165 4978 3425 5040 Eusebius
3453 4978 3659 5047 utatur,
3680 4978 3741 5035 id

498 5064 899 5112 consentaneum
926 5069 1127 5113 creterra
1166 5059 1335 5126 operis
1358 5060 1502 5128 parti
1531 5070 1630 5116 est.

579 5231 1032 5314 Fragmentum
1086 5236 1237 5303 libri
1288 5258 1376 5320 xv
1418 5238 1987 5320 Demonstrationis
2022 5242 2436 5320 Evangelicw,
2481 5243 2573 5303 Ex
2626 5241 2859 5320 Catena
2904 5239 3156 5298 Patrum
3194 5235 3272 5296 ad
3325 5228 3657 5294 Danielem

1347 5319 1509 5398 (cap.
1546 5336 1616 5393 tt,
1656 5319 1782 5399 31.)
1818 5336 1853 5381 δ
1882 5322 2069 5383 nobis
2106 5318 2275 5384 edita
2303 5322 2540 5401 Script.
2571 5329 2693 5380 vet.
2732 5326 2776 5379 t.
2809 5318 2860 5377 Ι.

569 5499 947 5560 Necessarium
994 5506 1178 5575 putavi
1214 5502 1429 5561 Eusebii
1460 5506 1835 5575 Caesariensis,
1867 5526 2069 5583 cogno-

2254 5511 2573 5577 Ἀναγκαῖον
2603 5505 2929 5575 ἐλογισάμην
2963 5497 3221 5555 Ebria-.6500
3255 5494 3349 5548 τοῦ
3382 5495 3740 5583 Ιςαισᾳρεωξ,

501 5602 684 5650 mento
742 5593 1030 5665 Pamphili,
1084 5594 1394 5651 adscribere
1447 5598 1640 5664 verba,
1713 5616 1835 5671 qua:
1892 5575 1963 5657 inv
2000 5619 2067 5659 xv

2173 5601 2266 5655 τοῦ
2319 5575 2544 5665 {iriirqu
2575 5592 2876 5661 Παμφίλου,
2911 5584 3250 5660 παραθέσθαι
3291 5580 3475 5654 φωνὰς
3516 5575 3736 5651 εἰρημέ-

572 5710 621 5745 "
659 5711 760 5765 lsa.
800 5728 926 5767 nvi
951 5752 964 5776 ,
1003 5711 1056 5767 8.
1133 5714 1174 5745 ’¹
1217 5709 1373 5767 Joan.
1414 5727 1442 5762 v
1467 5754 1482 5772 .
1513 5711 1601 5768 39.
