4054 6408
253 348 351 406 805
844 383 848 387 «

762 462 1152 516 κεψΑΑΑιοΝ
1187 465 1277 529 εῖν.

313 578 430 642 Πῶς
450 579 501 633 δὲ
534 576 692 631 τοῦτό
714 594 877 648 φημι,
906 579 1000 631 καὶ
1032 574 1193 629 πόθεν
1217 575 1554 647 ὁρμώμενος,
1577 578 1809 650 ἐρωτᾷς,

255 669 494 742 μάνθανε.
518 663 677 738 ”υροι
720 668 955 737 φύσεως,
1003 666 1200 738 ἀρχὰς,
1228 667 1319 720 καὶ
1368 667 1531 739 μέσα,
1566 668 1663 721 καὶ
1683 670 1811 740 τέλη

249 761 342 831 τῆς
394 756 498 811 τῶν
561 758 698 811 ὅλων
751 757 938 823 οὐσίας
992 758 1438 829 περιειληφότες,
1496 759 1672 833 μέτρα
1717 763 1812 815 καὶ

250 850 466 920 θεσμοὺς
497 848 690 913 ἅπασι,
714 847 781 902 δι’
815 842 890 903 ὧν
919 848 1119 903 τόδετὸ
1158 852 1266 904 πᾶν
1295 850 1596 924 μηχάνημά
1627 869 1685 905 τε
1717 853 1812 906 καὶ

247 940 667 1015 ἀρχιτεκτόνημα
707 940 801 995 τοῦ
836 942 1037 1005 παντὸς
1077 943 1286 1013 κόσμου
1326 943 1808 1015 τελεσιουργεῖται.

246 1033 561 1087 Δωτεθεῖναί
589 1050 648 1086 τε
680 1033 863 1106 νόμοις
889 1034 1122 1100 ἀλύτοις,
1152 1036 1246 1089 καὶ
1272 1035 1490 1107 δεσμοῖς
1513 1037 1810 1110 ἀρρήκτοις

244 1126 333 1197 τῆς
359 1125 425 1179 τά
453 1124 631 1180 πάντα
679 1126 1070 1199 οἰκονομούσης
1116 1127 1405 1197 Προνοίας,
1432 1128 1493 1181 τὸ
1533 1129 1808 1199 πάνσοφον

246 1216 471 1290 βούλημα
527 1217 998 1287 διαφυλάττοντες.
1057 1217 1266 1273 Οὔκουν
1298 1219 1542 1292 κινήσειε
1595 1237 1674 1285 τι,
1713 1222 1808 1276 καὶ

246 1308 485 1380 μεταθείη
518 1309 619 1379 τῆς
662 1309 890 1375 τάξεως,
921 1310 1029 1364 τῶν
1051 1309 1197 1377 ἅπαξ
1228 1309 1665 1382 διατεθειμένων.
1694 1314 1806 1367 Κε-

243 1403 491 1474 κράτηται
552 1400 597 1454 δ’
630 1396 723 1455 οὖν
777 1400 964 1473 θεσμῷ
996 1401 1212 1472 φύσεως
1245 1401 1336 1456 τὸν
1360 1402 1502 1456 θεῖον
1543 1404 1810 1477 ὑπερανα-

241 1493 427 1547 ϐαίνειν
457 1493 624 1565 νόμον
659 1495 785 1559 πᾶς,
819 1495 928 1567 ὅτῳ
953 1512 1037 1560 τις
1066 1495 1399 1567 θρασύτερος
1429 1494 1524 1549 τοῦ
1553 1497 1807 1552 ἐπέκεινα

241 1585 424 1657 βαίνειν
475 1586 657 1640 ἔνεστι
708 1587 890 1652 πόθος.
979 1586 1106 1641 Οὖτ’
1191 1583 1285 1645 οὖν
1360 1586 1513 1659 παρά
1562 1589 1722 1659 φύσιν
1776 1592 1807 1645 ό

239 1678 458 1750 ἔνυδρος,
491 1680 589 1733 ἐπὶ
613 1680 710 1751 τὴν
731 1680 927 1752 χέρσον
967 1679 1207 1751 μεταϐὰς
1230 1720 1246 1744 ,
1297 1679 1485 1750 βιῶναι
1518 1680 1804 1752 δυνήσεται

239 1770 393 1843 ἰχθύς·
425 1773 483 1824 οὐ
512 1772 574 1825 τὸ
606 1773 663 1825 ὲν
682 1772 864 1843 χέρσῳ
881 1772 1084 1844 τραφὲν
1106 1774 1219 1835 τοῖς
1243 1771 1398 1825 ὕδασι
1418 1771 1799 1839 καταδύσεται,

234 1863 321 1934 τὴν
361 1864 561 1917 είκείσε
595 1863 817 1935 διηνεκῆ
860 1865 1028 1935 μονὴν
1068 1865 1447 1937 ἀσπαζόμενον
1475 1883 1489 1897 ·
1537 1868 1622 1930 οὐ,
1660 1868 1801 1939 μέγα

234 1954 478 2027 πηδήσας,
514 1957 788 2029 μετέωρός
819 1974 904 2021 τις
929 1957 1038 2011 τῶν
1065 1958 1157 2011 ἐπὶ
1185 1957 1289 2029 γῆς
1321 1958 1625 2031 ἀρθήσεται
1663 1961 1802 2032 πρὸς

230 2047 370 2118 ἀέρα,
396 2047 820 2120 ξυμπεριπολεῖν
847 2050 1026 2113 ἀετοῖς
1077 2048 1382 2121 ἐπιθυμῶν
1400 2054 1492 2104 καὶ
1516 2052 1622 2123 μὴν
1633 2053 1800 2106 κεῖνοί

229 2157 303 2209 γε,
335 2140 429 2194 κᾶν
453 2142 552 2194 ἐπὶ
584 2142 688 2212 γῆς
721 2141 944 2205 ἔλθοιεν,
982 2142 1269 2214 βρίσαντες
1312 2145 1406 2198 ἐπὶ
1436 2146 1499 2198 τὸ
1525 2145 1677 2199 κάτω
1700 2145 1800 2216 τὴν

228 2230 454 2302 δύναμιν,
490 2235 592 2287 καὶ
618 2233 709 2287 τοῦ
740 2234 940 2306 πτεροῦ
972 2235 1326 2306 χαλάσαντες,
1354 2240 1449 2291 καὶ
1467 2237 1685 2301 ἀνέντες
1701 2236 1799 2309 τὴν

229 2323 396 2391 φύσιν·
438 2326 568 2379 ἐπεὶ
618 2324 902 2379 καὶτοῦτο
946 2326 1112 2390 θείοις
1170 2325 1400 2400 ὥρισται
1443 2328 1649 2400 νόμοις,
1700 2329 1795 2382 τοῦ

229 2413 378 2485 ὕψους
396 2418 455 2471 τὸ
487 2418 771 2490 μετέωρον
795 2418 1250 2473 ὑποκαταϐαίνειν
1280 2419 1539 2475 δύνασθαι
1562 2437 1575 2453 ο
1597 2423 1658 2475 οὗ
1688 2422 1796 2493 μὴν

227 2511 309 2562 καὶ
338 2508 577 2580 ἔμπαλιν
606 2509 667 2562 τὸ
696 2508 948 2562 ταπεινὸν
973 2510 1068 2563 καὶ
1086 2509 1290 2579 γεῶδες
1318 2510 1412 2564 ἐπὶ
1431 2511 1491 2564 τὸ
1520 2510 1795 2583 μετέωρον

225 2602 471 2673 αἴρεσθαι.
497 2602 690 2674 Ταύτῃ
735 2602 800 2673 δὴ
849 2602 942 2655 καὶ
972 2602 1033 2655 τὺ
1065 2601 1257 2673 θνητὸν
1290 2602 1593 2675 ἀνθρώπιον
1614 2605 1791 2673 γένος,

223 2692 380 2765 ψυχῆς
421 2695 654 2766 μετέχον
686 2694 781 2747 καὶ
834 2692 1109 2765 σώματος,
1165 2695 1311 2766 ὅροις
1352 2695 1793 2767 περιγέγραπται

224 2784 386 2850 θείοις.
449 2785 583 2841 οὖτ’
641 2782 734 2840 οὖν
774 2784 853 2856 τῷ
921 2784 1133 2857 σώματι
1174 2787 1242 2840 δι’
1277 2787 1437 2859 ἀέρος
1460 2787 1604 2842 ἔλθοι
1638 2789 1790 2854 ποτὲ,

221 2880 316 2933 τῶν
336 2881 424 2932 ἐπὶ
451 2882 564 2951 γῆς
594 2880 1018 2951 καταφρονήσας
1059 2878 1370 2952 διατριϐῶν,
1410 2882 1484 2954 μὴ
1513 2882 1634 2953 οὐχὶ
1666 2884 1791 2936 τοί)-

223 2971 426 3043 πίτιμον
444 2973 656 3029 αὐτίκα
687 2972 786 3044 τῆς
814 2971 1005 3035 ἀνοίας
1028 2970 1326 3043 παρασχὼν
1344 2988 1359 3002 ·
1393 2972 1454 3025 οὐ
1475 2971 1572 3044 τὴν
1614 2971 1791 3045 ψυχὴν

220 3062 387 3135 ἀρθεὶς
456 3066 774 3136 φρονήματι
835 3062 1116 3130 καθίξεται
1180 3063 1289 3117 τῶν
1349 3065 1655 3134 ἀνεφίκτων
1678 3104 1693 3129 ,
1754 3064 1787 3136 ἢ

1335 344 1539 401 LIBER
1577 344 1850 402 CONTRA
1893 346 2305 403 lllEROCLEM.

3359 360 3496 417 '806

2522 468 2748 524 CAPUT
2790 469 2879 525 Vl.

1986 577 2097 633 Hoc
2146 595 2277 634 vero
2319 582 2595 650 quomodo
2638 582 2907 640 aﬂlrmare
2948 586 3180 656 possim,
3225 585 3495 657 quibusve

1914 670 2218 727 rationibus
2256 680 2461 735 motus,
2493 674 2839 746 interrogas:
2867 679 3053 748 accipe
3098 678 3283 749 igitur.
3320 675 3494 733 Limi-

1914 771 1997 815 tes
2027 760 2274 837 [dantur]
2312 774 2540 830 naturae,
2574 767 2668 837 qui
2701 768 2876 831 initia,
2919 770 3293 840 mediumque,
3332 777 3387 826 et
3426 769 3493 824 li-

1913 868 2012 909 nes
2051 856 2430 911 universitatis
2475 872 2656 912 rerum
2686 861 3029 923 contineant,
3078 875 3392 916 mensuram
3433 868 3491 916 et

1911 945 2062 1029 leges
2118 962 2301 1001 rerum
2351 948 2621 1012 omnium,
2656 950 2858 1019 quibus
2901 959 3012 1005 tota
3061 951 3175 1006 bare
3212 952 3485 1016 machina,

1911 1037 2212 1108 mundique
2246 1038 2416 1094 totius
2443 1039 2733 1095 tedilicium
2756 1042 3084 1097 absolvitur.
3122 1042 3202 1097 Illi
3237 1040 3485 1116 [limites]

1910 1145 2039 1183 vero
2071 1131 2186 1200 lege
2221 1131 2543 1186 immutabili
2572 1133 2837 1204 scitisque
2867 1134 3268 1190 inviolabilibus
3294 1133 3487 1189 Provi-

1909 1220 2128 1282 (lentiae.
2171 1224 2429 1279 omnibus
2474 1225 2641 1280 rebus
2676 1227 3085 1296 prospicientis,
3134 1235 3263 1283 sunt
3295 1227 3481 1298 positi,

1908 1312 2125 1367 consilii
2154 1327 2369 1368 summe
2394 1314 2661 1384 sapientis
2686 1317 2965 1373 custodes.
2991 1316 3109 1373 Non
3136 1318 3302 1389 igitur
3323 1320 3485 1388 quid-

1906 1419 2071 1474 quam
2107 1420 2296 1459 eorum
2328 1406 2448 1460 loco
2476 1422 2535 1462 se
2566 1416 2802 1471 moveat,
2834 1408 3151 1465 ordinemve
3189 1418 3484 1466 commutet

1906 1497 2056 1560 licet,
2089 1514 2211 1568 quae
2235 1499 2405 1554 semel
2435 1510 2564 1554 sunt
2591 1502 2913 1555 constituta.
2941 1501 3119 1572 Atque
3150 1501 3287 1557 adeo
3320 1510 3484 1556 natu-

1906 1604 1981 1644 ra:
2008 1590 2125 1661 lege
2147 1591 2415 1646 retinetur
2436 1608 2546 1663 quo
2568 1592 2751 1648 minus
2771 1593 3014 1648 divinum
3037 1593 3281 1648 ordinem
3307 1593 3501 1650 transi.

1905 1681 2023 1746 liat,
2047 1698 2429 1755 quemcunque
2469 1684 2761 1740 audentior
2782 1684 3037 1747 subierit,
3074 1683 3215 1738 ultra
3249 1683 3481 1757 [naturae

1906 1773 2075 1847 leges]
2116 1775 2303 1839 eundi,
2337 1776 2591 1847 impetus.
2619 1775 2740 1830 Non
2770 1776 2937 1847 igitur
2966 1783 3163 1847 praeter
3200 1786 3477 1841 naturam,

1900 1869 1957 1929 in
1987 1882 2145 1939 aquis
2165 1869 2347 1924 vivere
2374 1876 2536 1925 natus
2566 1868 2757 1940 piscis,
2786 1868 2879 1923 ubi
2904 1868 2956 1922 in
2980 1876 3159 1925 terras
3180 1871 3481 1927 translatus

1905 1957 2095 2020 fuerit.
2144 1959 2328 2014 vivere
2356 1960 2557 2028 poterit
2591 1976 2605 2013 :
2637 1975 2745 2013 non
2794 1958 2957 2014 terris
2989 1957 3313 2013 innutritum
3357 1959 3478 2013 ani-

1901 2053 2009 2106 mal
2037 2067 2208 2123 aquas
2248 2053 2476 2119 subibit,
2510 2060 2775 2110 constans
2805 2054 2879 2109 ibi
2913 2052 3253 2108 domicilium
3283 2053 3388 2109 sibi
3417 2063 3477 2108 ut

1899 2143 2119 2211 deligat.
2153 2142 2271 2198 Non
2297 2143 2586 2215 quisquam
2610 2160 2797 2200 eorum
2822 2145 2915 2215 qui
2951 2152 3112 2198 terrae
3144 2143 3286 2199 allixi
3323 2154 3474 2209 sunt,

1898 2252 2097 2308 magno
2124 2238 2251 2293 licet
2292 2239 2435 2293 saltu
2485 2238 2540 2293 in
2580 2238 2814 2295 sublime
2859 2254 2917 2293 se
2947 2238 3116 2301 tollat,
3170 2237 3238 2290 ad
3290 2253 3472 2293 aerem

1898 2345 2072 2400 usque
2100 2330 2424 2396 elevabitur,
2465 2338 2524 2384 ut
2554 2346 2677 2385 cum
2719 2329 2919 2399 aquilis
2951 2345 3047 2399 per
3078 2344 3204 2384 eum
3241 2327 3472 2395 feratur,

1894 2428 2017 2476 utut
2063 2422 2191 2478 velit
2240 2438 2364 2477 cum
2396 2422 2653 2477 maxime.
2707 2421 2771 2475 Et
2814 2432 2992 2475 tamen
3037 2421 3145 2475 illis
3184 2420 3471 2486 interram

1894 2522 2113 2579 quoque
2147 2524 2206 2563 se
2236 2510 2525 2564 demittere
2550 2508 2761 2573 datum,
2790 2509 3050 2565 deorsum
3082 2509 3473 2565 inclinantibus

1893 2600 2091 2655 virium
2151 2603 2435 2672 impetum,
2469 2612 2524 2658 et
2578 2602 2889 2657 laxantibus
2942 2602 3078 2666 alas,
3122 2618 3344 2674 suaeque
3388 2604 3474 2658 in-

1891 2695 2036 2747 dous
2068 2691 2177 2745 vim
2229 2691 2637 2747 remittentibus
2668 2710 2688 2748 :
2723 2694 2984 2764 quoniam
3029 2701 3084 2749 ct
3126 2694 3231 2749 hoc
3271 2694 3472 2751 divinis

1887 2787 2166 2842 sancitum
2198 2784 2412 2856 legibus
2434 2792 2539 2850 est,
2563 2792 2622 2839 ut
2651 2800 2715 2840 ex
2750 2786 2969 2841 sublimi
2995 2785 3069 2851 id,
3093 2786 3239 2856 quod
3270 2803 3325 2842 in
3347 2802 3473 2842 aere

1890 2874 2272 2945 suspenditur,
2320 2877 2495 2947 possit
2534 2875 3047 2932 descenderemon
3099 2886 3282 2933 autem
3310 2893 3471 2934 versa

1892 2967 2011 3022 vice
2046 2967 2104 3022 in
2151 2969 2322 3022 altum
2371 2970 2511 3031 tolli,
2549 2970 2696 3040 quod
2738 2969 2891 3023 bumi
2921 2970 3060 3040 repit
3091 2978 3358 3042 terraeque
3386 2971 3473 3025 af-

1894 3054 2063 3110 ﬁxum
2093 3056 2261 3127 degit.
2306 3056 2505 3112 Eadem
2538 3059 2752 3115 ratione
2783 3060 3014 3115 mortale
3060 3060 3341 3115 hominum
3376 3077 3471 3132 ge.

202 3154 566 3226 ⁷μελαγχολίας
615 3156 883 3228 νοσήματι
921 3156 987 3209 ἂν
1018 3155 1324 3228 περιπέσοι.
1360 3157 1633 3226 Σωφρονοῖ
1648 3157 1694 3211 δ’
1722 3156 1788 3211 ἂν

1892 3162 2018 3212 nus,
2073 3149 2269 3203 animae
2307 3149 2584 3222 particeps
2633 3153 3012 3221 corporisque,
3044 3152 3311 3210 limitibus
3358 3155 3469 3210 cir-

218 3246 407 3317 ἀρτίοις
458 3248 566 3318 μὲν
597 3247 659 3299 τὸ
692 3245 851 3318 σῶμα
882 3245 1040 3300 ποσὶν
1084 3246 1179 3299 ἐπὶ
1204 3246 1309 3317 γῆς
1339 3245 1656 3318 φερόμενος,
1689 3247 1788 3319 τὴν

218 3337 268 3390 δὲ
322 3339 495 3410 ψυχὴν
558 3337 777 3410 παιδείᾳ
834 3337 928 3392 καὶ
982 3336 1269 3410 φιλοσοφίᾳ
1304 3339 1621 3410 σκηρίπτων
1655 3336 1785 3409 (36).

220 3428 434 3494 Εὖξαιτο
486 3429 554 3484 δὲ
600 3430 694 3484 καί
725 3446 847 3483 τινα
874 3427 1128 3501 ξυνεργὸν
1156 3429 1362 3485 ἄνωθέν
1386 3429 1548 3483 ποθεν
1586 3430 1651 3483 ὲκ
1678 3430 1789 3484 τῶν

217 3530 324 3573 κατ’
355 3522 588 3594 οὐρανὸν
618 3520 909 3593 διατριϐῶν
932 3520 1130 3585 ἐλθεῖν,
1174 3520 1269 3576 καὶ
1293 3521 1392 3591 τῆς
1421 3522 1599 3574 ἐκεῖσε
1640 3520 1788 3575 διδά-

215 3610 396 3664 σκαλον
427 3610 588 3681 αὐτῷ
608 3611 844 3682 φανῆναι
864 3611 1159 3683 σωτηρίας.
1204 3611 1534 3683 Ἐῤῥωμένῳ
1594 3611 1787 3684 γάρτοι

215 3703 600 3775 παραδείγματι
632 3702 764 3774 (57),
799 3701 1043 3756 νοσοῦντι
1085 3703 1182 3773 μὲν
1229 3703 1320 3756 τὸν
1357 3703 1539 3774 ίατρὸν
1567 3706 1787 3775 ἐπιφοι⁴

213 3795 301 3864 τᾴν
330 3794 505 3866 θέμις,
546 3794 641 3849 καὶ
670 3793 762 3847 τὸν
792 3793 1109 3848 διδάσκαλον
1158 3794 1499 3865 εἰσαγομένῳ
1540 3796 1651 3858 τοῖς
1683 3812 1787 3865 μα-

216 3882 407 3955 θήμασι
441 3884 841 3959 ξυμφέρεσθαι,
876 3887 972 3939 καὶ
1013 3887 1106 3941 τὸν
1145 3888 1257 3942 ἀνω
1284 3903 1409 3949 που,
1432 3888 1527 3941 καὶ
1546 3890 1603 3940 ὲν
1638 3886 1782 3956 ὕψει,

217 3976 551 4047 ξυγκατιέναι
593 3981 707 4042 τοῖς
749 3980 1026 4043 ταπεινοῖς
1046 3995 1060 4010 ·
1095 3978 1156 4033 οὐ
1204 3978 1311 4050 μὴν
1354 3978 1448 4031 καὶ
1494 3978 1779 4031 ἀνάπαλιν.

218 4072 366 4128 Ὅθεν
394 4074 458 4146 δὴ
483 4073 640 4144 θείαν
673 4071 772 4143 μὲν
804 4069 985 4140 φύσιν,
1019 4070 1298 4142 εὐεργέτιν
1330 4065 1514 4132 οὖσαν,
1549 4069 1642 4121 καὶ
1675 4067 1783 4121 σώ-

212 4179 403 4236 τειραν,
439 4165 537 4220 καὶ
572 4163 936 4235 προνοητικὴν
957 4160 1064 4215 τῶν
1096 4161 1283 4225 ὄντων,
1317 4159 1623 4233 ἀνθρώποις
1654 4162 1783 4214 ποτὲ

213 4256 267 4318 ἐς
309 4256 527 4327 ὁμιλίαν
590 4254 787 4320 ἐλθεῖν,
847 4253 1023 4318 οὐδεὶς
1050 4252 1116 4308 ἂν
1147 4253 1400 4324 ἀπείργοι
1448 4252 1623 4321 λόγος,
1672 4252 1783 4325 ὅρῳ

212 4344 349 4412 θείας
390 4348 654 4420 προνοίας
704 4346 817 4421 (58)
862 4346 957 4400 καὶ
1014 4345 1204 4399 τούτου
1267 4343 1777 4415 ξυγκεχωρημένου.

216 4454 234 4486 ι
274 4439 498 4508 ’Δγαθὸς
532 4441 646 4511 γάρ
694 4433 762 4510 ἦν
802 4457 820 4489 ι
854 4435 997 4490 κατά
1028 4436 1119 4490 τὸν
1178 4435 1440 4489 Πλάτωνα
1460 4450 1477 4465 ·
1533 4452 1552 4485 ι
1591 4432 1780 4504 ἀγαθῷ

1890 3237 2287 3308 cumscriptum
2322 3238 2723 3311 estflivinitus.
2761 3238 2871 3294 Nec
2898 3255 3130 3311 corpore
3160 3239 3343 3310 itaque
3371 3257 3470 3312 per

1888 3344 2070 3386 aerem
2106 3330 2228 3384 vehi
2276 3329 2464 3384 datum
2506 3339 2590 3386 est
2621 3331 2745 3400 ipsi,
2780 3346 2948 3385 mora:
2993 3333 3047 3385 in
3080 3341 3227 3387 terra
3256 3332 3465 3388 facien-

1889 3420 1971 3474 dae
1998 3429 2249 3490 pertaeso,
2292 3423 2398 3478 nisi
2430 3438 2605 3493 paena:
2641 3422 2826 3477 statim
2860 3423 3182 3478 stoliditatis
3223 3424 3467 3495 praebere

1887 3510 2194 3580 exemplum
2229 3512 2395 3580 velit;
2425 3528 2603 3584 neque
2636 3515 2819 3567 animo
2852 3515 3101 3570 sublatus
3130 3514 3462 3585 cegitatione

1888 3605 2106 3674 assequi
2138 3606 2337 3676 poterit
2380 3622 2501 3676 qua:
2532 3623 2699 3678 supra
2748 3624 2872 3663 eum
2919 3618 3049 3662 sunt
3078 3608 3278 3679 posita,
3328 3610 3464 3678 quin

1888 3699 2071 3767 potius
2104 3697 2156 3751 in
2201 3700 2448 3752 morbum
2483 3700 2686 3755 incidet
2724 3700 3119 3756 atrabiliorem.
3156 3699 3464 3756 Prudenter

1889 3788 2055 3857 igitur
2088 3789 2278 3844 fecerit
2320 3790 2470 3845 sanis
2500 3791 2733 3859 pedibus
2777 3806 2979 3862 corpus
3005 3792 3060 3846 in
3101 3800 3247 3847 terra
3296 3792 3463 3849 susti-

1886 3895 2045 3944 nens,
2073 3881 2314 3934 animum
2348 3897 2476 3935 vero
2500 3882 2751 3936 doctrina
2793 3897 2857 3936 ac
2892 3883 3234 3955 philosOpbia
3260 3885 3457 3940 sull‘ul-

1885 3972 2059 4025 ciens.
2102 3969 2304 4042 Optare
2344 3984 2526 4027 tamen
2571 3975 2734 4028 etiam
2771 3975 2975 4038 licebit,
3024 3984 3085 4031 ut
3116 3977 3354 4048 desuper
3389 3992 3459 4033 ex

1884 4064 2205 4119 cmlestibus
2236 4064 2461 4120 sedibus
2496 4064 2717 4133 adjutor
2744 4066 3051 4132 subveniat,
3093 4067 3328 4138 indeque
3371 4069 3461 4123 de-

1884 4153 2127 4208 rivanda:
2176 4156 2375 4210 salutis
2422 4155 2616 4209 doctor
2660 4155 2762 4209 sibi
2815 4159 3066 4212 exsistat.
3100 4156 3458 4219 .Validissimo

1883 4246 2028 4300 enim
2068 4255 2412 4318 argumento,
2444 4247 2513 4300 ad
2558 4256 2819 4318 aegrotum
2874 4247 3134 4305 accedere
3182 4250 3456 4306 medicum

1887 4340 1966 4394 l'as
1993 4347 2100 4400 est,
2141 4347 2196 4393 ct
2243 4339 2566 4411 magistrum
2595 4340 2864 4409 discipulo
2899 4340 3357 4405 condescendere,
3403 4352 3458 4398 et

1883 4432 2005 4487 loco
2023 4432 2311 4503 superiore
2340 4439 2504 4502 atque
2537 4433 2593 4487 in
2618 4433 2841 4489 sublimi
2868 4434 3104 4504 positum
3135 4434 3200 4488 ad
3232 4434 3457 4491 inferio-

209 4526 436 4595 δὲούδεὶς
469 4527 824 4605 περιώδενδς
853 4528 1130 4598 ἐγγίνεται
1153 4526 1343 4597 φθόνος
1371 4525 1502 4598 (59).
1531 4544 1549 4578 ι
1572 4524 1778 4579 Οὔκουν

1892 4539 1971 4581 res
2020 4540 2142 4580 sese
2189 4524 2518 4580 demittere:
2548 4540 2659 4579 non
2703 4540 2863 4581 versa
2906 4526 3042 4581 vice.
3091 4524 3453 4592 Quamobrem

272 4686 381 4758 (56)
411 4687 782 4756 Σκηρίπτων.
814 4686 891 4739 Σκ
969 4684 1232 4748 ίπτεσθαι,
1275 4684 1648 4757 ὲπερείδεσθαι
1678 4685 1779 4757 ρἀ

272 4773 309 4808 ιο
342 4756 375 4809 ἦ
403 4757 552 4809 ἄλλω
595 4756 720 4809 τινί.
757 4765 867 4809 etc.
893 4701 1142 4809 Yfesvcb.
1196 4754 1408 4809 Similia
1439 4758 1588 4809 legas
1634 4756 1778 4809 aoud

208 4753 552 4881 Ξφᾱέωάλλῴ
595 4756 720 4821 τινί,
757 4765 867 4812 etc.
906 4753 1142 4827 llesycb.
1196 4753 1408 4809 Similia
1439 4758 1588 4827 legas
1634 4753 1778 4828 apud

275 4895 379 4967 (37)
426 4897 672 4965 Ἐρῤωμ.
714 4893 921 4967 γάρτοι
948 4893 1315 4967 λπαραδείτμ.
1383 4892 1615 4950 Sensum
1655 4911 1778 4953 esse

208 4964 338 5044 puto
353 4964 368 5022 ἑ
411 4964 746 5044 _ex_emplum_
769 4964 962 5044 medici
991 4974 1066 5044 et_
1087 4967 1297 5044 aagroti,
1326 4968 1677 5044 praeceptoris
1724 4979 1779 5023 et

208 5035 264 5090 in
292 5036 639 5109 disciplinam
683 5035 932 5109 admissi,
966 5038 1101 5093 satis
1131 5035 1367 5091 validum
1394 5035 1531 5109 esse
1564 5043 1624 5088 ut
1655 5052 1778 5109 per-

208 5106 633 5173 suadeat'nobis,
657 5108 991 5162 conveniens
1013 5123 1157 5168 esse,
1178 5114 1236 5160 ut
1264 5106 1597 5161 revelatione
1620 5107 1777 5161 nobis

209 5180 472 5247 sapientia
504 5179 748 5233 caelestis
775 5177 1083 5232 subveniat.
1116 5176 1189 5229 Οὐ
1228 5175 1333 5246 μὴν
1364 5177 1458 5229 καὶ
1485 5176 1774 5241 ἀνάπαλιν,

208 5262 304 5299 non
332 5264 484 5303 uersa
511 5258 688 5306 autem
718 5249 844 5309 uice,
876 5255 934 5300 ut
979 5263 1080 5303 nos
1108 5247 1342 5315 propriis
1366 5247 1577 5301 viribus
1604 5248 1778 5301 subli-

206 5317 307 5371 mia
351 5325 623 5387 petamus,
664 5319 940 5386 altumque
983 5312 1279 5387 sapiaitius.
1307 5312 1363 5370 Si
1410 5318 1476 5370 ad
1512 5325 1776 5386 aegrotum

205 5387 342 5440 enim
374 5388 622 5443 medicus
644 5389 847 5449 veniat,
879 5387 947 5441 ad
979 5403 1078 5442 nos
1102 5402 1320 5456 quoque
1340 5394 1575 5456 aegrotos
1602 5388 1776 5439 medi-

207 5468 323 5509 cum
357 5458 549 5513 venire
572 5458 792 5521 debere,
838 5473 946 5511 non
988 5473 1087 5512 nos
1132 5457 1198 5510 ad
1245 5458 1461 5526 ipsum:
1497 5458 1544 5512 si
1575 5471 1777 5512 conve-

202 5526 356 5581 niens
396 5528 472 5581 sit
525 5535 584 5598 ut
616 5529 935 5598 magistrum
975 5525 1345 5597 εἰσαγόμενος,
1381 5527 1552 5598 ipsuls
1597 5525 1776 5597 μαθή-

207 5609 335 5661 μασι
372 5597 445 5651 sit
482 5597 785 5652 obandiens
811 5617 824 5644 ε
870 5612 981 5652 non
1014 5612 1139 5651 vero
1181 5614 1359 5666 Ipsum
1403 5613 1464 5651 se
1493 5597 1771 5651 doctorem

202 5677 321 5722 esse
360 5666 566 5722 stolida
594 5670 852 5737 opinione
895 5675 1216 5738 pra-sumat;
1246 5668 1579 5723 conveniens
1606 5667 1771 5738 etiam

202 5746 342 5799 esse,
387 5743 448 5788 ut
492 5750 594 5791 nos
632 5736 832 5792 divinae
877 5736 1155 5806 sapientia:
1202 5740 1486 5807 praeceptis
1516 5736 1771 5791 obaudiu-

203 5814 343 5869 mns,
369 5822 481 5860 non
521 5807 674 5877 ipsos
702 5822 840 5863 vere
876 5807 1117 5862 scientiae
1144 5822 1363 5863 causam
1398 5824 1496 5862 nos
1524 5822 1644 5864 csse
1670 5823 1765 5863 no-

1882 4684 1967 4739 bis
2014 4699 2177 4754 posse
2231 4685 2582 4739 arbitremur.
2617 4682 2795 4753 Atque
2847 4682 2984 4737 adeo
3031 4681 3455 4754 sapientiamet

1879 4752 2041 4826 λόγον
2085 4762 2511 4826 Mcrnum,qua:
2544 4755 2630 4826 sit
2681 4752 2848 4823 super
2883 4753 3088 4826 omnia,
3115 4752 3181 4806 ad
3219 4768 3321 4806 nos
3355 4752 3453 4807 de-

1877 4825 2162 4888 scendere,
2192 4841 2302 4880 non
2332 4824 2460 4880 vero
2490 4825 2556 4878 ad
2579 4841 2697 4880 eam
2731 4840 2832 4879 nos
2857 4824 3145 4879 subvolare
3170 4831 3449 4891 Oportere:

1879 4893 2245 4967 quaePelagio
2280 4897 2566 4967 opposita,
2602 4896 3113 4967 obscurioraAerant
3146 4892 3222 4967 in_
3247 4893 3451 4967 Accioli

1879 4962 2513 5088 versiqnefdiligentius
2555 4967 2783 5037 proinde
2831 4963 2993 5035 paulo
3040 4978 3070 5016 a
3130 4962 3290 5019 nobis
3329 4963 3455 5016 iilu-

1879 5044 2027 5088 stran
2068 5049 2122 5087 ιι.

1879 5044 2122 5091 stranda.

1950 5105 2064 5177 (58)
2091 5105 2235 5160 Οὐδ.
2279 5105 2355 5160 ἂν
2391 5106 2623 5176 ἀπειζρτ.
2666 5106 2852 5175 λόγος
2880 5102 2996 5172 ὅρῳ
3037 5107 3119 5177 θ.Δ
3145 5102 3445 5177 προνοίας.

1877 5172 2081 5245 Nempe
2108 5192 2272 5246 supra
2315 5172 2547 5239 dixerat,
2574 5172 2689 5230 non
2732 5172 2893 5246 posse
2926 5174 3121 5246 mutari
3147 5174 3258 5246 ὅρῳ
3301 5172 3448 5237 θείας

1880 5246 2133 5317 προνοίας
2178 5244 2584 5317 διατεθειμένα,
2640 5244 3187 5317 prudentissimeque
3231 5245 3444 5310 facere,

1877 5316 1995 5383 qui,
2033 5318 2245 5371 viribus
2293 5315 2505 5371 natura:
2538 5324 2684 5370 recte
2737 5322 2973 5374 utentes,
3010 5315 3150 5367 ultra
3202 5327 3311 5367 mn
3360 5328 3445 5368 sa-

1879 5382 2050 5455 piant.
2090 5388 2295 5442 Caetera
2347 5387 2545 5441 rationi
2585 5384 2915 5440 conveniens
2950 5399 3104 5448 esse,
3153 5382 3446 5455 a;!iattorem

1876 5452 1943 5528 ad
1976 5472 2154 5510 veram
2186 5457 2507 5528 sapientiam
2531 5456 2766 5509 divinum
2792 5464 3130 5523 chpectare.
3167 5452 3231 5507 Et
3260 5452 3442 5528 ne_di-

1876 5526 2015 5579 vina:
2054 5523 2267 5581 natura;
2293 5542 2416 5581 cum
2462 5528 2694 5579 humana
2735 5528 3206 5580 conversationem
3260 5523 3449 5579 itidem

1873 5594 2285 5669 ὃρονᾼνπρονοίας
2309 5597 2570 5651 excedere
2599 5596 2723 5665 quis
2756 5595 2920 5660 dicat,
2955 5612 3078 5650 cum
3105 5595 3286 5667 potius
3323 5591 3425 5660 ξυγ

1873 5666 2118 5739 χωρῆσαι
2150 5668 2447 5739 permitlere
2478 5669 2579 5739 lipc
2609 5669 2868 5739 ostendit.

1944 5734 2055 5808 (59)
2094 5734 2338 5807 Ἀγαθός
2367 5737 2473 5807 γὰρ
2493 5734 2636 5809 ἦν...
2662 5738 2901 5809 goria-oc.
2926 5735 3044 5807 ipsa
3060 5735 3304 5809 Platonis
3325 5748 3435 5788 ver-

1874 5805 2095 5863 ba‘snnl
2131 5805 2414 5880 ilcStItiipta
2445 5805 2877 5881 es‘ejusiTima'o
2910 5805 2962 5880 νζ
2991 5809 3083 5862 20.
3112 5816 3152 5860 t.
3182 5805 3268 5861 Ill.
