4100 6474
606 315 708 372 ειι

1260 317 1526 373 EUSEBll
1571 319 2052 378 CJESARIENSIS
2090 321 2240 378 OPP.
2271 321 2467 380 PARS.
2505 323 2569 380 ll.
2608 355 2680 366 —
2713 324 3207 382 APOLOGETICA.

3738 321 3834 376 διε

606 433 671 489 Et
703 449 918 490 rursum
945 433 966 465 '
993 434 1047 488 in
1099 432 1398 506 Esculapii
1436 437 1639 508 templo
1670 453 1701 492 a
1733 437 1842 494 Deo
1869 438 2169 495 honoriﬁce

2275 456 2373 492 που
2404 439 2564 510 φῦναι
2619 442 2779 497 αὐτὸν
2821 443 2879 509 ἐξ
2923 441 3094 512 αὐτῆς
3147 438 3432 509 γενέσεως,
3466 436 3563 490 καὶ
3609 435 3677 490 δι’
3719 437 3839 507 ὅλης

606 541 731 581 eum
761 525 1005 580 habitum
1034 524 1186 600 [ait];
1211 535 1265 583 et
1293 545 1475 584 rerum
1531 528 1839 584 futurarum
1862 531 2170 594 scientiam,

605 617 725 674 sine
783 617 1122 673 institutione
1171 635 1200 674 a
1247 635 1417 690 puero
1463 619 1769 676 habuisse:
1825 621 2173 692 humanaque

603 700 890 759 manifeste
904 705 1341 759 execllentiorem
1361 705 1518 776 517
1534 717 1751 763 nactum
1778 709 2012 765 indolem
2029 701 2177 781 esse,

604 794 789 849 statim
825 794 893 848 ab
923 795 1054 864 ipsis
1086 794 1382 861 natalibus,
1419 811 1516 864 per
1559 806 1728 852 totam
1758 816 1973 870 quoque
2003 803 2172 859 histo-

605 886 740 938 riam
787 887 998 942 scribit.
1047 887 1294 955 Cumque
1341 889 1480 942 adeo
1522 889 1752 945 vinculis
1791 907 1849 946 se
1883 893 2173 960 aliquando

606 969 966 1036 exsolvisset,
1015 972 1296 1042 sequentia
1356 973 1635 1045 subjungit
1685 978 1848 1032 verba
1885 979 1905 1010 ³
1931 995 1945 1031 :
1976 997 1995 1030 ι
2031 978 2176 1034 Tum-

605 1059 839 1127 primum
863 1077 940 1124 se,
979 1059 1182 1126 Darnis,
1212 1065 1472 1134 penitius,
1505 1068 1599 1132 ait,
1632 1065 1902 1136 Apollonii
1932 1071 2168 1127 indolem

606 1151 970 1221 perspexisse,
999 1168 1190 1223 nempe
1227 1155 1412 1209 divina
1440 1157 1586 1226 quod
1610 1168 1777 1225 esset,
1824 1168 1878 1214 et
1934 1160 2171 1216 humana

605 1242 975 1297 excellentior.
1002 1242 1186 1314 Neque
1214 1247 1356 1301 enim
1377 1249 1550 1302 sacris
1589 1250 1843 1318 peractis,
1876 1250 2170 1321 (quomodo

606 1330 661 1384 id
691 1333 834 1386 enim
871 1333 923 1387 in
949 1334 1195 1389 custodia
1215 1337 1479 1406 potuisset
1503 1338 1544 1409 ἲ)
1570 1355 1744 1408 neque
1765 1343 2170 1410 precationibus

608 1436 787 1485 usum,
819 1439 994 1493 neque
1035 1425 1316 1479 verbulum
1371 1427 1728 1496 emittentem,
1781 1431 1996 1486 vincula
2044 1450 2167 1489 eum

605 1511 841 1569 ludibrio
889 1515 1164 1570 habuisse.
1197 1533 1214 1567 ›
1281 1515 1396 1570 Sub
1454 1517 1615 1572 linem
1673 1536 1801 1576 vero
1859 1522 2164 1590 historiae".

603 1621 873 1677 nusquam
906 1611 1146 1678 gentium
1173 1610 1485 1681 sepulcrum
1525 1611 1646 1682 ejus
1674 1613 1907 1669 inveniri
1949 1617 2165 1685 scribit,

2273 534 2406 604 ἡμῖν
2449 533 2548 602 τῆς
2598 534 2836 606 ἱστορίας
2871 534 3195 605 ὑπογράφει.
3229 531 3502 592 Λύσαντος
3542 527 3670 596 γοῦν
3723 529 3837 580 ἐαυ-

2273 625 2364 678 τόν
2403 642 2531 678 ποτε
2572 626 2681 679 ἀπὸ
2716 626 2824 679 τῶν
2851 625 3098 697 δεσμῶν,
3131 624 3385 695 ἐπιφέρει
3418 622 3626 690 λέγων’
3662 638 3681 671 ι
3711 620 3838 674 Τότε

2273 714 2486 786 πρῶτον
2513 714 2541 766 6
2575 715 2746 786 Δάμις
2779 715 2941 785 φησὶν
2971 713 3214 784 ἀκριϐῶς
3252 711 3486 777 ξυνεῖναι
3517 708 3616 778 τῆς
3657 705 3840 760 Ἀπολ-

2272 802 2465 857 λωνίου
2499 804 2742 873 φύσεως,
2769 806 2850 858 ὃτι
2872 803 2988 857 θεία
3020 821 3079 856 τε
3113 802 3197 874 εἴη
3225 802 3318 855 καὶ
3346 799 3608 872 κρείττων
3641 793 3844 867 ἀνθρὼ-

2269 914 2391 949 που.
2428 895 2520 968 Μὴ
2551 895 2659 967 γὰρ
2682 896 2917 951 θύσαντά
2941 915 2989 950 τι
3021 894 3160 965 (πῶς
3191 895 3297 966 γὰρ
3323 896 3379 946 ὲν
3409 887 3772 961 δεσμωτηρίῳ
3786 889 3847 955 ς),

2275 988 2407 1057 μηδὲ
2431 987 2742 1058 εὐξάμενον,
2771 989 2903 1061 μηδὲ
2939 988 3158 1041 εἰπόντα
3195 984 3404 1056 (56-57)
3442 1001 3526 1046 τι,
3558 980 3847 1048 καταγελάῖ

2278 1095 2366 1131 σαι
2396 1079 2488 1132 τοῦ
2528 1080 2746 1152 δεσμοῦ.
2781 1100 2798 1131 ι
2837 1080 2957 1133 Ἐπὶ
2983 1079 3203 1149 τελευτῇ
3239 1079 3294 1130 δὲ
3315 1117 3329 1140 ,
3358 1077 3528 1145 τάφον
3562 1074 3660 1144 μὲν
3688 1070 3850 1126 αὑτοῦ

2274 1170 2518 1241 μηδόλως
2552 1190 2640 1225 ποι
2673 1173 2776 1242 γῆς
2809 1172 3195 1243 εὑρίσκεσθαι,
3232 1171 3476 1241 χωρῆσαι
3511 1167 3570 1220 δὲ
3604 1167 3664 1228 ἐς
3688 1165 3853 1235 οὐρα-

2273 1259 2364 1311 νὸν
2415 1260 2562 1331 αὐτῷ
2617 1260 2827 1332 σώματι
2887 1261 3002 1331 μεθ’
3051 1259 3232 1330 ὓμνων
3280 1257 3370 1310 καὶ
3419 1253 3639 1325 χορείας
3679 1250 3850 1318 λέγει.

2273 1353 2511 1417 Είκότως
2540 1353 2601 1424 δὴ
2630 1350 2721 1408 οὖν
2742 1395 2756 1417 ,
2784 1348 2871 1406 οἷα
2898 1353 2986 1406 τὸν
3012 1351 3284 1412 τοσοῦτον,
3315 1367 3333 1399 ι
3361 1347 3640 1416 θειότερον
3681 1343 3714 1413 ἢ
3747 1343 3852 1394 [Iu-

2274 1443 2507 1518 θαγόρας
2534 1487 2549 1512 ,
2577 1445 2944 1518 Ἐμπεδοκλῆς
2963 1463 3021 1497 τε
3045 1444 3139 1498 καὶ
3169 1443 3411 1503 Πλάτων,
3446 1436 3737 1508 φιλοσοφίᾳ
3764 1434 3854 1486 τὸν

2275 1535 2441 1608 ἄνδρα
2503 1538 2964 1609 προσεληλυθέναι
3025 1535 3210 1607 φησίν.
3281 1553 3300 1585 ι
3347 1530 3556 1586 Οὐκοῦν
3609 1529 3668 1580 ὲν
3713 1524 3854 1587 θεοῖς

2275 1628 2405 1698 ἡμῖν
2435 1629 2834 1701 ἀναγεγράφθω
2863 1631 2891 1682 6
2919 1628 3220 1699 ἄνθρωπος.

602 1701 832 1773 ipsoque
891 1719 1120 1774 corpore
1175 1706 1230 1760 in
1291 1707 1489 1761 cmlum
1539 1723 1663 1762 eum
1721 1709 1866 1764 inter
1931 1712 2161 1770 choreas
2199 1719 2400 1778 abiisse
2429 1724 2470 1776 ⁸.
2518 1723 2709 1778 Merito
2740 1739 2865 1778 eum
2905 1723 3090 1792 igitur,
3140 1720 3340 1790 quippe
3393 1723 3580 1770 tantus
3611 1712 3706 1784 qui
3764 1710 3857 1771 sit.

609 1815 630 1849 ι
663 1799 834 1869 magis
883 1799 1063 1855 divine
1109 1816 1269 1872 quam
1337 1801 1694 1874 Pythagoras,
1757 1804 2222 1881 Empedoclesque
2258 1825 2313 1871 et
2354 1817 2530 1885 Plato,
2587 1819 2656 1874 ad
2705 1819 3103 1889 philosophiam
3154 1816 3228 1869 ait
3281 1810 3582 1868 accessisse
3611 1811 3659 1863 '.
3723 1824 3742 1858 ι
3798 1802 3859 1857 In

602 1894 828 1950 deorum
852 1895 1032 1966 itaque
1055 1912 1280 1954 censum
1304 1901 1464 1955 nobis
1496 1901 1679 1956 veniat
1709 1902 1890 1959 homo.

1205 2012 1434 2068 CAPUT
1481 2013 1572 2070 IX.

2807 2019 3202 2077 ΚΕΦΑΛΑΙΟΝ
3249 2016 3326 2071 Θ⁹.

671 2101 827 2158 Absit
870 2101 1068 2157 invidia
1106 2107 1702 2176 quoquealinguarum
1750 2107 2016 2174 omnium,
2048 2127 2170 2181 qua:

604 2201 798 2264 sponte
815 2193 862 2248 ei
903 2195 1326 2266 venitnulloque
1363 2206 1640 2268 prmeunte
1671 2201 1954 2270 magistro,
1983 2206 2170 2272 cogni-

601 2285 751 2339 tione
783 2285 846 2339 ³ο.
871 2284 950 2339 Ad
991 2287 1119 2354 quid
1151 2288 1313 2358 igitur
1343 2287 1400 2341 in
1434 2289 1676 2344 scholam
1703 2306 1828 2346 eum
1857 2293 2076 2348 deducit
2102 2294 2169 2360 “,

601 2387 764 2449 atque
786 2378 862 2432 illi
880 2380 972 2449 qui
1001 2380 1202 2434 nullam
1221 2379 1449 2436 edoctus
1494 2389 1579 2437 est
1629 2383 1872 2454 linguam
1909 2385 2166 2453 detrahit,

601 2472 761 2541 quasi
791 2486 894 2527 usu
955 2479 1012 2525 et
1064 2473 1327 2528 exercitio
1379 2488 1488 2528 non
1517 2491 1644 2531 vero
1684 2483 1882 2530 natura
1933 2477 2168 2533 Atticam

599 2564 963 2634 eloquentiam
989 2562 1066 2618 sit
1091 2567 1417 2622 assecutus?
1445 2565 1649 2638 Nempe
1674 2567 1770 2631 ait,
1810 2587 1827 2620 ι
1858 2568 1924 2624 ad
1953 2577 2168 2624 aetatem

599 2655 693 2711 ubi
715 2656 1071 2725 pervenisset,
1120 2657 1420 2712 litterarum
1468 2658 1774 2713 doctrinam
1824 2675 1948 2714 eum
1973 2670 2028 2716 et
2061 2677 2174 2717 me—

597 2746 788 2802 moria:
830 2746 940 2800 vim
995 2745 1270 2816 studiique
1327 2747 1686 2817 pertinaciam
1732 2748 2078 2818 patefecisse,
2112 2758 2167 2806 et

598 2836 784 2908 lingua
816 2852 942 2892 esse
980 2837 1158 2891 Attica
1200 2853 1380 2892 usum.
1428 2858 1447 2891 ι
1507 2837 1675 2893 ltem:
1717 2857 1735 2890 ι
1763 2839 1954 2895 Annos
2009 2849 2173 2898 natus

605 2943 724 2991 xxv,
759 2926 993 2982 Tarsum
1036 2943 1076 2981 .a
1102 2935 1324 2997 parente
1357 2927 1627 2984 deductus
1657 2937 1742 2984 est
1797 2930 1865 2983 ad
1899 2911 2175 3002 Euthy‘de-

599 3033 772 3083 mum,
829 3017 1111 3072 thnicia
1142 3019 1459 3085 oriundum,
1503 3023 1600 3091 qui
1622 3023 1811 3077 rhetor
1846 3022 2023 3079 bonus
2055 3031 2175 3078 erat

596 3107 862 3179 illumque
894 3109 1134 3163 instituit
1161 3127 1172 3162 :
1210 3124 1446 3180 eumque
1479 3112 1570 3167 ille
1605 3113 2039 3184 amplectebatur
2056 3129 2172 3168 ma-

599 3199 851 3269 gistrum.
891 3217 910 3251 ι
940 3199 1110 3254 Porro
1140 3216 1153 3250 :
1184 3218 1202 3251 ι
1233 3200 1367 3254 Cum
1399 3202 1494 3257 illo
1531 3204 1884 3274 philosophia:
1910 3206 2177 3262 vacabant

597 3287 843 3346 Platonis
898 3299 953 3345 et
1007 3289 1300 3362 Chrysippi
1340 3301 1661 3359 sectatores,
1702 3303 1756 3350 et
1804 3294 2174 3366 Peripatetici.

2337 2115 2486 2169 Καὶὸ
2503 2115 2693 2184 φθόνος
2717 2115 2936 2168 ἀπέστω
2963 2113 3062 2183 τῆς
3081 2111 3188 2164 τῶν
3219 2101 3409 2178 φωνῶν
3444 2104 3667 2159 ἀπασῶν
3697 2102 3864 2157 αὐτο.

2269 2206 2435 2276 φυοῦς
2467 2208 2560 2260 καὶ
2611 2206 2989 2260 αὐτοδιδάκτου
3045 2203 3326 2267 ξυνέσεως.
3371 2200 3435 2251 Τί
3471 2199 3607 2268 δῆτα
3647 2193 3743 2250 οὖν
3799 2197 3863 2258 ἐς

2271 2298 2589 2352 διδασκάλου
2633 2300 2756 2367 ἄγει
2798 2297 2907 2367 (58)
2936 2297 3118 2358 αὐτὸν,
3150 2293 3354 2346 καὶτὸν
3380 2292 3648 2363 μηδεμίαν
3675 2289 3864 2359 φωνὴν

2274 2389 2946 2462 μεμαθηκόταδιαὸάλλει,
2984 2387 3139 2450 ὡς’ἂν
3168 2385 3226 2451 ἐξ
3285 2386 3572 2454 ἀσκήσεως
3631 2383 3728 2436 καὶ
3770 2398 3867 2452 με·

2269 2481 2451 2552 λέτης,
2487 2480 2599 2534 ἀλλ’
2634 2481 2735 2533 οὐκ
2781 2481 2845 2533 ὲκ
2882 2477 3099 2548 φύσεως
3140 2476 3379 2529 Ἀττικὸν
3420 2475 3712 2544 γενόμενον
3757 2472 3862 2542 τὴν

2270 2573 2542 2640 γλῶτταν;
2565 2572 2703 2643 Φησὶ
2725 2569 2832 2642 γὰρ
2853 2611 2870 2637 ,
2905 2570 3000 2634 ὡς,
3023 2588 3040 2619 ι
3075 2565 3275 2638 προῖὼν
3317 2567 3374 2629 ὲς
3397 2565 3613 2636 ἡλικίαν
3631 2604 3646 2627 ,
3669 2562 3860 2634 γράμ-

2275 2667 2420 2736 ματά
2467 2681 2525 2716 τε
2589 2662 2697 2732 (59)
2727 2662 2820 2714 καὶ
2841 2662 3061 2732 μνήμης
3093 2661 3242 2728 ἰσχὺν
3270 2657 3479 2726 ἐδήλου,
3508 2655 3602 2707 καὶ
3626 2653 3864 2724 μελέτης

2272 2755 2493 2828 κράτοςο
2531 2755 2624 2808 καὶ
2649 2755 2682 2823 ἡ
2710 2752 2924 2821 γλῶττα
2947 2750 3092 2820 αὐτῷ
3123 2750 3232 2819 (60)
3260 2746 3518 2808 Ἀττικῶς
3545 2741 3680 2815 εἶχε.
3710 2743 3864 2796 »Καὶ

2280 2866 2298 2899 ι
2332 2845 2600 2915 Γεγονότα
2648 2846 2704 2898 δὲ
2750 2843 2909 2896 αὑτὸν
2945 2843 3038 2913 ἔτη
3087 2837 3597 2910 τεσσαρεσκαίδεκα,
3637 2837 3760 2902 ἄγει
3799 2836 3864 2897 ἐς

2274 2939 2520 3012 Ταρσοὺς
2535 2939 2563 2990 6
2589 2936 2792 3008 πατὴρ,
2811 2933 2942 3003 παρ’
2970 2931 3284 3001 Εὐθύδημον
3301 2929 3391 2982 τὸν
3416 2929 3480 2980 ὲκ
3497 2927 3774 2996 Φοινίκης,
3796 2925 3862 2988 ὃς

2277 3031 2461 3101 ῥήτωρ
2487 3045 2546 3080 τε
2577 3027 2778 3096 ἀγαθὸς
2808 3021 2896 3097 ἦν,
2921 3026 3014 3078 καὶ
3034 3022 3283 3076 ἐπαίδευε
3307 3019 3510 3084 τοῦτον·
3534 3021 3562 3072 6
3589 3017 3646 3071 δὲ
3667 3016 3761 3070 τοῦ
3785 3016 3861 3068 δι-

2274 3119 2542 3173 δασκάλου
2565 3119 2737 3188 εἴχετο
2751 3134 2764 3148 ι
2804 3136 2821 3168 ι
2842 3113 2957 3168 εἶτα
2973 3133 2986 3146 ·
3021 3134 3039 3166 ι
3069 3110 3526 3182 Ξυνεφιλοσόφουν
3547 3107 3693 3176 αὐτῷ
3708 3106 3857 3160 Πλα-

2274 3209 2482 3264 τώνειοί
2518 3227 2577 3262 τε
2607 3208 2701 3261 καὶ
2738 3207 3104 3280 Χρυσίππειοι
3127 3246 3142 3269 ,
3167 3204 3260 3257 καὶ
3286 3205 3335 3255 οἱ
3359 3201 3468 3256 ἀπὸ
3493 3200 3587 3254 τοῦ
3608 3199 3860 3270 Περιπά-⁵

2278 3319 2391 3356 του.
2435 3301 2664 3372 Διήκουε
2715 3299 2825 3370 (61)
2860 3299 2917 3351 δὲ
2966 3298 3059 3350 καὶ
3100 3295 3208 3349 τῶν
3264 3293 3586 3364 Ἐπικούρου
3636 3291 3854 3359 λόγων

596 3382 907 3450 Quinetiam
938 3382 1154 3454 Epicuri
1197 3383 1449 3453 dogmata
1502 3385 1755 3439 audivit:
1789 3402 1967 3457 neque
2023 3390 2168 3444 enim

2275 3393 2390 3447 οὐδὲ
2435 3393 2544 3466 γὰρ
2583 3393 2802 3456 τούτους
2859 3385 3258 3452 ἀπεσπούδαζε.
3313 3387 3451 3449 Τοὺς
3497 3384 3555 3438 δὲ
3607 3383 3860 3451 Πυθαγο-

599 3477 704 3531 ista
729 3475 985 3546 neglexit.
1040 3473 1400 3546 Pythagorica
1451 3491 1581 3531 vero
1625 3477 1886 3532 ineﬁabili
1932 3479 2168 3550 quadam

2278 3487 2454 3560 ρείους
2499 3487 2609 3558 (62)
2645 3487 2869 3560 ἀρρήτῳ
2910 3483 3018 3537 τιν).
3062 3481 3224 3552 σοφίᾳ
3261 3479 3374 3547 (65)
3401 3476 3791 3548 ξυνελάμσανε.
3830 3497 3852 3527 ι

599 3567 799 3620 mentis
821 3569 873 3620 vi
909 3567 1340 3636 comprehendit.
1371 3586 1389 3619 ›
1435 3565 1570 3620 Tam
1604 3568 1778 3634 varia,
1829 3569 1925 3639 qui
1960 3571 2171 3625 nullum

2277 3575 2529 3629 Τοσαῦτα
2557 3578 2586 3628 6
2614 3575 2885 3647 μηδεμίαν
2917 3570 3100 3643 μαθὼν
3131 3568 3342 3640 φωνὴν,
3368 3567 3488 3639 θείᾳ
3514 3584 3573 3620 τε
3599 3567 3853 3636 δυνάμει,

598 3657 797 3727 lingua:
825 3657 988 3712 ullius
1014 3659 1333 3729 magistrum
1373 3657 1582 3722 habuit,
1627 3659 1918 3729 divinaque
1944 3661 2171 3727 virtute,

599 3748 763 3803 etiam
788 3763 909 3818 qua:
939 3747 1158 3802 silentio
1184 3754 1438 3817 premunt
1463 3746 1734 3809 homines,
1764 3756 1891 3804 ante
1922 3748 2172 3804 animad-

596 3839 762 3895 vertit
789 3841 856 3906 ",
887 3854 1020 3894 usus
1050 3847 1230 3893 tamen
1259 3839 1598 3893 institutione
1621 3836 1741 3894 fuit.

1132 3947 1296 4018 513
1331 3947 1557 4004 CAPUT
1598 3947 1664 4002 χ.

669 4043 1036 4100 Philostratus
1065 4057 1218 4107 vero,
1253 4053 1449 4098 rursus
1477 4040 1780 4110 interjectis
1825 4045 2171 4115 quibusdam,

599 4151 724 4192 eum
755 4135 990 4200 extollit,
1042 4133 1189 4204 quod
1233 4135 1303 4188 ad
1344 4146 1595 4204 magnam
1644 4131 1841 4202 lingua:
1884 4135 2170 4192 brutorum

598 4232 956 4287 animantium
986 4231 1354 4302 cognitionem
1388 4224 1735 4300 pervenerit;
1765 4230 2052 4299 pergitque
2079 4231 2166 4285 di-

599 4322 869 4381 cendo“:
910 4339 929 4374 ‹
981 4321 1361 4394 Cognitionem
1411 4321 1576 4374 etiam
1625 4315 1826 4387 lingua:
1879 4321 2164 4376 brutorum

669 4477 692 4510 '
731 4477 826 4535 lib.
863 4493 913 4542 1,
947 4493 1000 4531 c.
1033 4477 1086 4535 9.
1163 4477 1184 4510 ⁸
1222 4476 1317 4531 lib.
1349 4491 1460 4541 vn,
1495 4492 1544 4531 c.
1581 4476 1669 4533 58.
1745 4478 1766 4508 "
1807 4477 1900 4530 lib.
1935 4491 2072 4540 Vlll,
2102 4475 2191 4529 51.

595 4547 641 4582 ⁸⁸
681 4549 778 4605 lib.
811 4563 864 4614 ι,
901 4563 948 4604 c.
983 4549 1091 4610 7.»
1153 4549 1195 4580 “
1236 4548 1334 4628 lib.)
1367 4563 1417 4611 ι,
1455 4562 1502 4602 c.
1539 4547 1625 4601 l9.
1705 4547 1748 4579 "
1789 4548 1883 4602 lib.
1921 4562 1968 4614 ι,
2010 4561 2061 4603 c.
2103 4546 2194 4602 20.

671 4707 896 4792 (ᾅϐ-ΒἸ).
914 4706 1080 4792 Μηδὲ
1119 4707 1452 4792 εὐξάμεῖον
1470 4699 1624 4792 μῃδὲ
1641 4707 1886 4792 είπργτᾳ
1915 4723 1988 4792 τι.
2015 4703 2172 4792 Apud
2202 4721 2246 4778 Ῑ)

595 4775 1077 4850 Ριιίιοειΐξιεείίιιι
1115 4779 1234 4850 μηδ’
1265 4775 1562 4850 εὐξάμενόν
1581 4796 1633 4850 τι
1659 4778 1800 4850 μηδὲ
1827 4775 2063 4829 εἰπόντα.

672 4850 783 4920 (58)
823 4845 1333 4920 ,Ἐςῗδιδαόῖκᾶλου
1380 4845 1528 4920 ἄγει.
1577 4845 1792 4920 Subint.
1822 4845 2172 4920 Δφροντιστή-

598 4915 715 4993 ριον
753 4915 838 4993 vel
882 4918 1182 4993 tale‘quid,
1211 4927 1338 4973 nota
1382 4915 1436 4974 et
1483 4915 1926 4993 frequentissima
1969 4915 2174 4970 Graecis

598 4985 811 5061 'ellipsi,
864 4989 1006 5060 apud
1035 4985 1456 5061 'Philostratnm
1485 4985 1812 5061 identidem
1839 4985 2168 5061 _ohserva_ta.

595 5056 840 5130 Respicit
865 5056 1048 5114 autem
1076 5060 1141 5114 ad
1176 5058 1500 5130 Euthydemi
1523 5059 1798 5130 scholam,
1838 5056 1893 5110 in
1919 5071 2025 5130 qua
2056 5056 2172 5108 elo-

595 5125 1075 5254 gtltlelngéﬁaﬂudiis
1101 5125 1355 5200 Operatus
1403 5139 1487 5186 est
1506 5128 1849 5199 Apollonius,
1896 5125 2168 5181 referente

658 5201 953 5257 iilostrato.
1780 5247 1782 5250 ,

668 5268 781 5341 (59)
810 5267 1130 5340 Γράμματά
1143 5286 1225 5324 τε.
1257 5269 1569 5325 Philostrati
1585 5268 1717 5324 editi
1740 5265 2012 5321 habebant
2041 5258 2169 5341 év_ﬁ

595 5335 900 5412 γράμματά
921 5335 1129 5395 omisso
1161 5358 1245 5403 τε,
1275 5343 1421 5410 quod
1448 5342 1604 5410 plane
1641 5341 1806 5392 alium
1841 5351 2062 5391 sensum
2090 5335 2172 5389 fa;

596 5413 675 5481 cit
707 5429 720 5481 ;
754 5427 946 5481 nempe
970 5411 1316 5480 Apollonium
1349 5412 1416 5465 ad
1454 5419 1665 5464 aetatem
1693 5416 2030 5481 provectum,
2061 5421 2169 5475 qua

595 5480 810 5535 institui
840 5477 1034 5552 litteris
1069 5482 1298 5552 juvenes
1333 5483 1510 5536 solent
1544 5477 1818 5552 memoriae
1852 5477 1956 5552 vim
1990 5485 2044 5530 et
2066 5490 2170 5531 caa-

593 5559 834 5604 terarum
861 5548 1149 5622 virtutum,
1180 5567 1318 5622 quas
1343 5552 1410 5608 ad
1437 5550 1756 5605 intellectum
1786 5548 2048 5614 referunt,
2080 5560 2168 5600 ar-

592 5629 850 5692 gumenta
877 5621 1116 5692 dedisse.

667 5690 778 5760 (60)
833 5689 1022 5757 Αὐτῷ.
1073 5692 1357 5750 Omittitur
1411 5695 1555 5766 apud
1607 5693 1997 5750 Philostratum
2058 5687 2163 5743 hoc

590 5775 914 5832 pronomen.

2283 3685 2303 3720 ι
2320 3666 2356 3721 ἃ.
2380 3667 2472 3720 κα)¹
2493 3664 2766 3720 σιωπῶσιν
2778 3662 3053 3735 ἄνθρωποι
3077 3679 3095 3711 ι
3121 3657 3425 3730 προλαὸὼν,
3453 3655 3854 3723 agamagam.

2818 3950 3210 4006 ΚΕΦΑΛΑΙΟΝ
3250 3945 3304 4002 l'.

2355 4048 2414 4102 Ὀ
2437 4047 2516 4113 δὲ,
2535 4044 2795 4100 διαλιπὼν
2813 4040 2987 4108 αὖθις,
3015 4041 3175 4095 αὑτὸν
3198 4038 3465 4112 θαυμάζει
3491 4037 3600 4109 (64)
3630 4037 3691 4100 ἐς
3723 4037 3854 4090 ὅσον

2272 4139 2534 4205 ξυνέσεως
2563 4137 2662 4207 τῆς
2705 4137 2814 4188 τῶν
2856 4133 3009 4205 ζῴων
3049 4133 3229 4203 φωνῆς
3271 4127 3432 4203 ἦλθε·
3469 4130 3561 4182 καὶ
3597 4128 3852 4199 ἐπιφέρει

2269 4231 2441 4300 λέγων
2464 4246 2477 4258 ·
2511 4247 2529 4280 ι
2553 4227 2668 4282 Καὶ
2695 4229 2753 4290 ὲς
2784 4224 2994 4290 ξύνεσιν
3019 4223 3075 4276 δὲ
3105 4222 3216 4294 (65)
3266 4222 3366 4290 τῆς
3397 4221 3504 4274 τῶν
3549 4219 3703 4290 ζῴων
3733 4236 3851 4288 φω-

2269 4320 2366 4390 νῆς
2384 4315 2535 4390 ἦλθε.
2565 4315 2772 4387 Ἐμαθε
2793 4314 2905 4386 (66)
2927 4314 2982 4368 δὲ
3017 4312 3177 4366 τοῦτο
3204 4310 3291 4365 διὰ
3322 4310 3430 4364 τῶν
3473 4308 3716 4381 Ἀράϐων
3737 4308 3850 4379 (67)

2267 4475 2288 4506 ⁸
2327 4473 2424 4530 lib.
2456 4487 2589 4538 vm,
2627 4471 2717 4526 '50.
2852 4468 2948 4523 lib.
3001 4484 3053 4535 ι,
3100 4481 3151 4522 c.
3199 4467 3258 4524 2.
3356 4465 3402 4499 “
3434 4466 3531 4522 lib.
3561 4482 3614 4531 ι,
3650 4480 3701 4521 e.
3754 4465 3844 4520 {9.

2369 4701 2456 4773 61)
2490 4701 2759 4773 Διήκουε.
2787 4700 2944 4770 Apud
2965 4698 3238 4773 Philostr.
3253 4712 3335 4773 est
3355 4700 3624 4770 διήκουσε.

2370 4765 2658 4843 62)Τοὺς
2699 4769 2768 4824 δὲ
2810 4765 2957 4843 Πυ-θ.
3012 4772 3168 4843 Apud
3212 4765 3470 4843 Philostr.
3511 4781 3593 4843 est
3635 4767 3762 4830 τοὺς
3788 4765 3845 4843 δέ

2273 4839 2550 4966 ἔῗ’Πυθ.,
2587 4856 2686 4914 pro
2740 4857 2848 4913 quo
2893 4841 2952 4895 in
3013 4839 3170 4898 codd.
3223 4857 3358 4897 mss.
3407 4839 3687 4910 legebatur
3720 4840 3846 4900 τοὺς

2305 4944 2331 4966 ς.
2372 4931 2456 4966 γε.

2305 4931 2331 4966 ε
2372 4931 2456 4966 γε.

2487 4983 2694 5052 Σοφίᾳ,
2721 4981 3035 5036 Philostrati
3069 4979 3200 5052 editi
3235 4981 3394 5045 male,
3424 4976 3735 5052 φιλοσοφίᾳ.

2367 5047 2454 5124 64)
2487 5047 2784 5107 Διὰλιπὼν
2815 5052 3003 5116 αὖθις,
3044 5051 3228 5124 αυτὸν
3274 5054 3468 5124 damn
3496 5047 3632 5124 Male
3670 5047 3846 5124 legata

2271 5123 2329 5178 in
2353 5117 2512 5178 editis
2553 5124 2835 5178 distinctio
2877 5122 3124 5176 nonnihil
3154 5117 3504 5174 obscuritatis
3540 5119 3622 5170 his
3669 5117 3848 5168 otl'un-

2277 5193 2460 5248 debat.
2497 5191 2699 5264 Nempe
2728 5195 2906 5247 minus
2936 5192 3218 5246 commode
3245 5191 3324 5244 illi
3357 5209 3370 5242 :
3399 5185 3669 5242 Διαλιπὼν
3694 5182 3846 5250 αὖθις

2278 5265 2460 5330 αὑτὸν,
2492 5264 2782 5334 θαυμάσει.

2350 5325 2461 5406 (65)
2489 5325 2611 5406 Καί
2624 5336 2688 5400 ἐς
2710 5334 2975 5406 ξύνεσιν
3000 5329 3086 5388 δέ.
3108 5330 3397 5385 Particulae
3422 5328 3514 5383 καί
3536 5335 3589 5384 et
3609 5326 3668 5380 δέ
3701 5325 3843 5395 apud

2277 5403 2540 5460 Philostr.
2567 5404 2966 5458 desiderantur.

2348 5476 2734 5546 (66)]Ἐμαθε.
2778 5472 2919 5526 Editi
2967 5471 3061 5524 καὶ
3103 5471 3293 5546 ἔμαθε.
3349 5470 3516 5546 Omisi
3561 5467 3654 5546 καί
3697 5464 3840 5546 quod
3883 5529 3889 5536 ‘

2275 5537 2854 5615 apud'Philostratum
2904 5537 3432 5612 quoque'omissum
3476 5537 3885 5615 deprehendeﬁ

2273 5612 2340 5669 ba
2348 5632 2418 5669 m.
3837 5612 3848 5622 θ’
3879 5612 3893 5645 τ’

2347 5686 2471 5808 (δρε
2495 5685 2595 5739 Διὰ
2613 5684 2731 5740 τῶν
2765 5683 3040 5752 Ἀράϐων.
3071 5679 3458 5748 Philostr.,6t&
3485 5677 3710 5732 τουτωνὶ
3740 5675 3844 5727 τῶν

2349 5772 2415 5808 ea
2471 5773 2548 5808 ων

2283 5755 2548 5825 ’Δραὸίων
