4054 6408
227 307 335 367 815

1361 305 1563 362 LIBER
1602 304 1882 362 CONTRA
1920 304 2336 364 ﬂlE‘ROCLEM.

3392 310 3500 371 8M

226 426 612 501 πορευόμενος,
637 427 839 499 ἄριστα
858 424 1269 495 γιγνωσκόντων
1308 440 1367 478 τε
1407 425 1502 478 καὶ
1538 426 1807 497 πραττόνο

1919 426 2267 483 animantium
2301 425 2404 482 sibi
2448 425 2810 496 comparavit.
2844 425 2904 481 ld
2942 441 3078 482 vero
3110 426 3328 491 didicit,
3363 429 3497 486 dum

226 537 335 576 των
360 519 494 576 αὐτό
522 518 654 591 (68).
687 518 846 572 Ἔστι
878 516 988 589 γὰρ
1014 515 1122 571 τῶν
1160 515 1431 590 Ἀραϐίων
1470 515 1685 571 κύκνων
1711 518 1810 591 ήδη

227 609 324 667 καὶ
366 608 596 682 ὀρνίθων
633 607 743 680 (69)
793 608 1214 678 μαντευομένων
1254 605 1476 660 ἀκούειν
1498 648 1514 673 ,
1548 606 1726 661 ὁπόσα
1765 608 1812 661 oi

228 702 493 775 χρησμοί.
523 698 935 772 Ξυμϐἀλλονται
975 698 1032 753 δὲ
1074 698 1183 752 τῶν
1211 697 1453 768 ἀλόγων,
1508 699 1812 771 σιτούμενοι

225 794 337 849 τῶν
354 794 662 866 δρακόντων
685 794 733 845 oi
767 792 866 863 μὲν
894 792 1145 864 καρδίαν,
1188 792 1373 861 φασιν,
1400 791 1450 844 οἱ
1483 790 1541 844 δὲ
1586 786 1760 864 ἧπαρ.
1788 811 1808 844 ι

240 886 510 941 Ἐνταῦθα
543 884 762 950 πάντως
790 903 892 939 που
918 885 1225 957 δρακόντων
1251 884 1478 956 καρδίας
1504 883 1677 954 δήπου
1717 883 1815 937 καὶ

225 981 437 1051 ἥπατος
467 979 560 1033 τὸν
604 978 1005 1050 Πυθαγόρειον,
1057 978 1315 1051 ἐμψύχων
1349 995 1411 1032 τε
1451 978 1656 1050 τροφῆς
1704 980 1813 1033 ἀπ-

227 1070 509 1142 εχόμενον,
533 1071 628 1124 καὶ
649 1071 782 1142 μηδέ
811 1070 958 1124 θύειν
974 1070 1220 1141 δαίμοσιν
1244 1068 1637 1140 ἐπιτολμῶντα,
1663 1069 1813 1134 είκὸς

225 1159 297 1236 ἦν
319 1162 748 1233 ἀπογεύσασθαι,
785 1163 860 1226 ὡς
884 1163 950 1217 ἂν
996 1163 1088 1215 καὶ
1125 1162 1224 1233 τῆς
1258 1160 1412 1233 παρά
1447 1160 1659 1225 τούτοις
1702 1178 1815 1214 κοι-

228 1260 457 1328 νωνήσοι
489 1255 701 1325 σοφίας.
728 1254 873 1326 Πρὸς
898 1254 1006 1325 γὰρ
1028 1252 1248 1307 τοιῶνδε
1272 1252 1672 1323 διδασκομένων
1696 1251 1814 1316 πῶς

226 1351 294 1406 ἂν
329 1351 525 1416 ἄλλως,
560 1349 634 1422 μὴ
659 1349 780 1420 ούχὶ
823 1347 892 1403 τὰ
929 1349 1089 1420 ὃμοια
1121 1349 1234 1411 τοῖς
1262 1344 1602 1410 διδασκάλοις
1635 1343 1806 1416 ζηλώ-

229 1459 405 1509 σαντι,
431 1442 785 1515 κατωρθοῦτο
821 1441 884 1494 τὸ
920 1439 1293 1512 ἐπιτήδευμα;
1345 1439 1581 1509 Ἔχομεν
1621 1437 1685 1509 δὴ
1719 1432 1813 1491 οὖν
1844 1475 1851 1482 .

228 1534 367 1608 πρὸς
427 1533 1073 1605 τοϊςοκαταλελεγμένοις
1110 1531 1220 1604 (70)
1272 1532 1527 1614 xabrob;
1558 1530 1803 1602 Ἀράϐων

1915 534 2011 589 per
2044 517 2181 573 istos
2206 516 2421 571 Arabiae
2454 518 2688 588 populos
2717 517 2822 573 iter
2852 516 3080 582 faceret,
3112 520 3208 590 qui
3240 529 3294 575 et
3326 521 3501 577 scien-
3544 496 3554 512 ³

1913 614 1987 666 tia
2025 617 2080 666 et
2100 626 2202 665 usu
2230 609 2351 680 ejus
2375 609 2454 664 rei
2494 610 2733 665 maxime
2756 611 3051 680 pollebant.
3087 610 3183 667 Est
3212 614 3359 669 enim
3396 615 3500 670 hoc

1913 704 2177 767 Arabum,
2210 711 2270 759 ut
2319 718 2524 776 cycnos
2562 702 2890 768 bodienum,
2936 706 3187 776 aliasque
3243 704 3499 762 fatidicas

1913 811 2043 853 aves
2065 797 2417 853 sciscitentur
2444 795 2674 862 perinde
2706 806 2869 867 atque
2899 799 3146 853 oracula.
3178 798 3498 870 Conjiciuut

1912 904 2045 945 vero
2083 890 2275 944 brutas
2314 904 2478 944 voces
2512 889 2812 944 draconum
2850 890 3015 961 pasti,
3051 900 3110 944 ut
3144 891 3236 944 alii
3279 899 3496 962 putant,

1914 982 2101 1047 corde,
2149 988 2211 1036 ut
2244 981 2359 1046 alii,
2399 981 2616 1053 hepate.
2656 1001 2675 1034 ι
2715 982 2816 1037 Hic
2858 998 3058 1054 nempe
3086 984 3315 1038 omnino
3367 984 3498 1040 dr'a-

1912 1088 2136 1135 conum,
2178 1072 2295 1127 sive
2317 1087 2433 1134 cor,
2460 1073 2574 1128 sive
2597 1073 2765 1143 hepar
2787 1073 3213 1145 Pythagoricum
3260 1074 3436 1143 illum,
3463 1091 3498 1130 a

1914 1164 2064 1218 victu
2089 1163 2473 1219 abhorrentem
2515 1164 2901 1228 animantium,
2936 1172 2991 1220 et
3031 1180 3100 1219 ne
3130 1165 3238 1219 diis
3268 1165 3494 1236 quidem

1914 1258 2181 1328 sanguine
2210 1272 2325 1311 rem
2393 1272 2607 1312 sacram
2651 1256 2832 1313 facere
2866 1258 3256 1323 sustinentem,
3290 1260 3500 1316 verosi-

1914 1351 2043 1407 mile
2074 1358 2160 1406 est
2187 1349 2516 1413 comedisse,
2550 1364 2657 1419 quo
2686 1351 2899 1406 scilicet
2918 1351 2974 1406 in
3010 1351 3295 1422 sapientiae
3319 1352 3499 1423 gentis

1915 1437 2075 1495 istius
2111 1448 2296 1510 partes
2334 1439 2453 1510 ipse
2482 1454 2700 1509 quoque
2732 1442 2965 1496 veniret.
3001 1439 3163 1513 Apud
3202 1442 3501 1513 magistros

1912 1530 2058 1585 enim
2099 1530 2395 1601 ejusmodi,
2436 1545 2544 1600 qua
2588 1530 2693 1585 alia
2726 1532 2960 1594 ratione,
3006 1533 3112 1587 nisi
3156 1533 3345 1589 eadem
3379 1547 3501 1604 quin

227 1628 430 1699 σοφοὺς
457 1628 807 1692 διδασκάλους
838 1629 938 1699 τῆς
989 1627 1132 1681 κατὰ
1174 1627 1273 1699 τὴν
1316 1627 1659 1699 οίωνιστικὴν
1685 1627 1813 1680 τάν-

1919 1632 2273 1693 prteceptores
2325 1621 2626 1692 sequendo,
2676 1622 2731 1676 in
2784 1623 3185 1688 instituto,suo
3230 1624 3500 1698 proiicere

226 1720 354 1795 δρὸς
375 1722 686 1794 ἐπιστήμης
706 1739 719 1751 ·
744 1720 837 1791 ἀφ’
871 1716 939 1792 ἧς
966 1720 1192 1784 εἰκότως
1218 1717 1561 1792 ὁρμώμενος,
1587 1718 1812 1791 ὕστερόν

1919 1715 2217 1786 potuisset?
2259 1714 2534 1772 Tenemus
2565 1717 2731 1787 igitur
2760 1718 2903 1773 inter
2942 1718 3221 1789 Apollonii
3254 1732 3497 1789 pracep-

394 1814 486 1868 τὸν
511 1783 844 1885 στρουθὸν,υὸ
870 1783 929 1866 τι
949 1814 1044 1867 καὶ
1071 1783 1333 1883 βούλοιτο,
1374 1783 1658 1880 ἐυγκαλῶν
1686 1783 1813 1874 τοὺς

1919 1783 2085 1873 tores,
2122 1823 2356 1878 quorum
2392 1783 2704 1880 catalogum
2744 1783 3018 1876 dedimus,
3058 1783 3301 1864 Arabum
3329 1783 3499 1864 etiam

228 1906 480 1980 εταίρους
532 1908 627 1962 ἐπὶ
671 1906 901 1978 τροφὴν,
961 1904 1284 1978 προειπὼν,
1328 1903 1513 1976 θαῦμα
1562 1904 1815 1975 μέγιστον

228 1999 495 2072 παρέχειν
521 1998 666 2066 ἔδοξε
691 2001 803 2062 τοῖς
832 1996 1084 2069 παροῦσι.
1114 1996 1299 2070 Ταύτῃ
1328 1996 1392 2069 δὴ
1426 1998 1519 2051 καὶ
1556 1995 1654 2068 τὴν
1699 1996 1808 2050 ἀπ-

230 2092 588 2163 εσφαγμὲνην
614 2094 736 2145 ὅσον
760 2090 914 2146 οὔπω
938 2090 1154 2144 λέαιναν
1177 2091 1294 2161 ἅμα
1332 2092 1445 2154 τοῖς
1483 2087 1628 2143 ὀκτὼ
1673 2088 1807 2143 σκύ-

231 2199 389 2253 μνοις
418 2181 559 2235 κατά
590 2183 689 2255 τὴν
725 2182 1025 2253 Ἀσσυρίων
1051 2180 1169 2234 ὁδὸν
1205 2179 1565 2251 θεασάμενος,
1591 2179 1813 2244 αὐτίκα,

225 2274 306 2346 τῷ
342 2275 623 2347 μαθήματι
652 2274 975 2348 ξυμϐαλὼν,
1012 2275 1113 2345 τῆς
1152 2273 1416 2344 ἐσομένης
1463 2271 1612 2343 αὐτῷ
1662 2272 1813 2344 παρὰ

226 2358 472 2439 ΙΙέρσαις
498 2367 777 2440 διατριϐῆς
800 2366 892 2421 τὸν
921 2366 1111 2439 χρόνον
1139 2364 1528 2437 ἐμαντεύσατο.

1919 1901 2217 1970 sapientes,
2246 1901 2383 1956 artis
2416 1902 2715 1972 auguralis,
2748 1917 2858 1972 qua
2882 1903 2999 1972 ipse
3044 1903 3366 1972 praestabat,
3398 1900 3501 1957 do~

1914 1999 2097 2048 ctores
2125 2008 2139 2044 :
2172 1992 2354 2062 cujus,
2386 2004 2445 2048 ut
2467 1995 2777 2050 verosimile
2800 2002 2907 2056 est,
2938 1994 3277 2062 adjumento,
3308 2002 3498 2065 posth

1915 2085 2210 2157 aliquando
2240 2084 2309 2141 de
2330 2087 2651 2155 passerculo
2670 2087 2737 2151 ¹⁵,
2769 2084 2903 2156 quid
2925 2085 3032 2142 sibi
3070 2086 3222 2151 velit,
3257 2085 3385 2141 dum
3408 2102 3500 2143 so-

1915 2177 2031 2233 cios
2068 2178 2140 2232 ad
2168 2184 2387 2248 pastum
2418 2176 2699 2243 invitaret,
2728 2178 3088 2241 vaticinatus,
3116 2192 3232 2232 rem
3260 2178 3499 2232 maxime

1916 2270 2224 2325 mirandam
2257 2277 2520 2340 praestare
2544 2271 2907 2340 praesentibus
2930 2270 3189 2324 omnibus
3211 2276 3295 2325 est
3316 2285 3494 2325 vnsus.

1919 2361 2207 2428 Similiter,
2240 2379 2439 2420 caesam
2470 2365 2634 2420 modo
2663 2365 2914 2430 leaenam,
2943 2380 3053 2419 una
3093 2380 3222 2419 cum
3248 2372 3376 2419 octo
3406 2378 3501 2419 cso-

228 2464 384 2527 tulis,
418 2464 475 2518 in
515 2465 708 2519 itinere
738 2479 834 2534 per
876 2463 1162 2535 Assyriam
1210 2461 1600 2531 conspicatus,
1634 2458 1804 2524 illico,
1844 2474 1913 2515 ex
1946 2461 2054 2517 isto
2075 2460 2451 2531 conjecturam
2509 2460 2720 2517 faciens
2745 2461 2789 2493 "
2827 2460 3183 2525 documento,
3238 2456 3503 2514 facienda

227 2560 333 2615 sibi
359 2559 507 2630 apud
536 2558 731 2616 Persas
762 2573 928 2614 mora:
954 2568 1170 2629 tempus
1200 2558 1476 2629 praedixit.

753 2679 1153 2735 ΚΕΦΑΛΑῙΟΝ
1193 2680 1297 2733 IA'.

308 2772 607 2827 Ἀκόλουθα
658 2772 715 2827 δὲ
757 2775 823 2844 τῇ
885 2771 1037 2844 παρά
1079 2776 1192 2835 τοῖς
1232 2771 1521 2843 ⁴Αραϐίοις
1573 2771 1816 2845 φοιτήσει

229 2866 507 2938 ἐγχειρεῖν
537 2866 700 2919 αὐτὸν
729 2867 823 2919 καὶ
857 2864 1009 2937 παρά
1042 2865 1282 2937 Πέρσαις
1319 2864 1348 2917 ὁ
1381 2865 1543 2930 αὐτὸς
1578 2864 1820 2937 ξυγγρα-

230 2958 364 3025 φεὺς
402 2958 625 3026 ἱστορεῖ.
658 2954 749 3026 Τῷ
777 2955 885 3026 γάρ
909 2972 992 3009 τοι
1030 2955 1245 3026 Δάμιδι,
1274 2955 1333 3021 ὃς
1361 2955 1519 3027 μόνος
1557 2957 1816 3028 φοιτητὴς

226 3041 294 3117 ἦν
320 3044 479 3116 αὐτῷ
519 3046 613 3099 καὶ
659 3046 893 3118 ἑταῖρος,
923 3047 1309 3118 ἀπαγορεύσας
1346 3047 1457 3120 (71)
1506 3046 1657 3121 παρά
1689 3048 1816 3113 τοὺς

230 3141 446 3210 μάγους
483 3138 639 3202 ἱέναι,
666 3137 823 3210 μόνος
845 3139 1027 3205 αὐτὸς,
1056 3141 1132 3205 ὡς
1165 3141 1232 3195 ἂν
1256 3142 1332 3213 μὴ
1366 3142 1480 3213 μετ’
1503 3140 1816 3212 ἀγνώμονος

226 3231 435 3304 δηλαδὴ
465 3232 535 3286 τά
554 3231 655 3303 τῆς
684 3232 914 3303 μαγείας
944 3232 1236 3304 μανθάνοι,
1268 3232 1611 3306 μεσημϐρίας
1630 3251 1711 3296 τε,
1739 3232 1815 3297 ὡς

225 3325 369 3395 ἀμφὶ
404 3324 582 3396 μέσας
594 3322 830 3405 κνύκτας,
853 3323 954 3389 τὰς
984 3324 1100 3395 μετ’
1128 3324 1305 3378 αὐτῶν
1335 3325 1570 3378 ἐποιεῖτο
1600 3323 1812 3397 σχολάς.

229 3415 349 3469 Ἔτι
376 3415 445 3468 δὲ
472 3412 756 3487 υύαρδάνῃ
788 3412 1115 3485 Βαϐυλωνίῳ
1151 3415 1209 3478 ἐς
1243 3412 1434 3483 λόγους
1466 3412 1684 3467 ἐλθόντα
1717 3413 1815 3485 βα-

228 3506 385 3573 σιλεῖ,
412 3499 522 3561 ὧδέ
547 3524 663 3571 πως
691 3505 868 3575 λέγειν
897 3506 1063 3560 αὐτὸν
1099 3506 1453 3578 παρατίθεται
1470 3522 1486 3536 ο
1520 3524 1539 3556 ι
1567 3505 1736 3576 Σοφία
1759 3505 1817 3560 δέ

227 3617 316 3673 μοι
367 3599 741 3670 Πυθαγόρου,
783 3597 989 3670 Σαμίου
1055 3597 1280 3670 ἀνδρὸς,
1342 3597 1401 3663 ὃς
1453 3597 1609 3662 θεοὺς
1659 3597 1820 3671 θερα-

222 3690 426 3747 πεύειν
451 3690 565 3762 (72)
602 3683 708 3744 ὧδὲ
740 3706 807 3761 με
838 3687 1137 3755 ἐδιδάξατο,
1162 3687 1239 3752 ὡς
1262 3687 1375 3758 (75)
1407 3686 1643 3752 ξυνιέναι
1668 3686 1820 3757 σφῶν

222 3784 531 3858 δρωμένων
558 3799 620 3837 τε
666 3782 761 3836 καὶ
781 3782 881 3853 οὐχ
922 3780 1247 3854 ὁρωμένωνο
1297 3781 1489 3851 φοιτᾷν
1526 3797 1587 3833 τε
1614 3782 1673 3845 ἐς
1705 3780 1821 3834 διαο

223 3873 397 3939 λέξεις
436 3871 599 3927 θεῶν.
630 3892 648 3925 ι
670 3872 767 3937 Τίς
797 3873 841 3927 δ’
867 3871 1015 3944 αὐτῷ
1052 3872 1224 3925 ταῦτα
1251 3870 1688 3944 ξυγχωρήσειενς
1729 3874 1820 3927 ὅτε

226 3965 533 4038 Πυθαγόρᾳ
594 3964 690 4035 μὲν
739 3964 966 4036 οὐδεμία
1000 3981 1086 4029 τις
1136 3964 1359 4037 τοιαύτη
1405 3964 1821 4022 καταλέλειπται

227 4057 438 4128 γραφὴ,
456 4054 570 4110 οὐδ’
595 4054 881 4129 ἀπόρρητά
898 4073 1021 4111 τινα
1044 4055 1448 4128 ξυγγράμματα
1466 4055 1601 4128 (74),
1618 4057 1694 4121 ὡς
1717 4058 1821 4112 κᾶν

227 4148 538 4219 ὑπονοῆσαι
569 4146 732 4201 αὐτὸν
756 4147 816 4212 ἐξ
839 4146 1062 4201 ἐκείνων
1087 4148 1359 4218 ὁρμᾶσθαι
1378 4166 1392 4180 ·
1417 4151 1447 4202 ό
1483 4147 1542 4202 δέ
1592 4166 1657 4218 γε
1680 4149 1822 4204 διδά-

230 4241 432 4306 σκαλος
460 4238 615 4310 αὐτῷ
640 4240 738 4311 τῆς
774 4239 916 4293 κατά
948 4238 1272 4312 Πυθαγόραν
1317 4242 1636 4312 φιλοσοφίας
1672 4241 1823 4296 οὐδέν

226 4350 281 4387 τι
308 4333 598 4406 διαφέρειν
634 4331 742 4385 τῶν
792 4333 1180 4404 Ἐπικουρείων
1223 4334 1362 4407 πρὸς
1398 4334 1562 4389 αὑτοῦ
1610 4349 1823 4407 μεμαρ-

2407 2664 2571 2738 519
2604 2665 2834 2724 CAPUT
2869 2667 2960 2723 ιιι.

1991 2765 2371 2822 Consentanea
2398 2772 2579 2820 autem
2597 2764 2901 2835 disciplinae
2927 2763 3069 2834 apud
3088 2761 3320 2829 Arabes,
3351 2763 3498 2835 apud

1921 2856 2121 2915 Persas
2149 2872 2368 2929 quoque
2400 2872 2721 2928 aggressum
2748 2871 2872 2911 eum
2902 2856 3094 2921 fuiSSe,
3139 2856 3280 2911 idem
3309 2863 3504 2911 auctor

1922 2958 2335 3005 commemorat.
2370 2947 2653 3004 Damidem
2699 2948 2870 3012 enim,
2904 2948 2999 3018 qui
3053 2948 3206 3003 solus
3252 2946 3356 3018 ipsi
3384 2959 3504 3003 erat

1920 3042 2223 3112 discipulus
2239 3041 2553 3111 sociusque,
2570 3039 2868 3111 prohibens
2896 3041 2962 3095 ad
2986 3053 3176 3110 magos
3191 3039 3500 3101 accessu“,

1918 3134 2069 3190 solus
2094 3133 2230 3203 ipse,
2261 3132 2402 3203 (eam
2424 3132 2495 3187 ob
2521 3147 2746 3187 causam
2779 3132 3008 3196 scilicet,
3041 3147 3111 3187 ne
3139 3131 3313 3197 illum,
3336 3146 3502 3202 quem

1916 3227 2237 3298 planissime
2269 3224 2513 3295 liquebat
2542 3238 2728 3278 rerum
2762 3225 3097 3295 magicarum
3131 3224 3351 3295 penitus
3376 3239 3505 3281 esse

1916 3315 2697 3388 imperitum,condiscipulum
2719 3314 2993 3389 haberet,)
3023 3316 3172 3371 circa
3193 3315 3501 3379 meridiem,

1918 3411 1997 3465 uti
2026 3417 2081 3466 et
2108 3411 2255 3465 circa
2298 3403 2509 3465 medias
2555 3415 2773 3474 noctes,
2805 3424 3003 3464 eorum
3054 3409 3282 3466 scholas
3307 3410 3500 3466 obivit.

1916 3500 2294 3572 Praetereaque
2316 3499 2385 3555 ad
2405 3499 2673 3556 Bardanis
2702 3500 2990 3573 Babylonii
3023 3504 3171 3573 regis
3201 3503 3504 3558 admissum

1919 3592 2276 3663 colloquium,
2307 3592 2395 3647 his
2426 3591 2542 3647 fere
2586 3592 2772 3648 verbis
2802 3608 2965 3649 usum
2997 3608 3125 3649 eum
3149 3592 3324 3650 fuisse
3351 3591 3506 3667 [Phi-

1918 3684 2202 3758 lostratus]
2230 3682 2401 3740 refert
2422 3685 2467 3717 ιτ
2498 3704 2513 3740 :
2548 3702 2568 3737 ι
2607 3685 2946 3757 Sapientiam
2986 3694 3169 3743 autem
3204 3688 3507 3759 amplector

1918 3775 2240 3850 Pythagora:
2272 3776 2465 3841 Samii,
2494 3780 2587 3848 qui
2618 3789 2674 3835 et
2701 3780 2885 3835 colere
2918 3779 3051 3837 deos
3081 3796 3168 3836 me
3192 3781 3268 3836 ita
3294 3781 3505 3851 docuit,

1920 3879 2178 3927 utmente
2205 3886 2301 3926 eos
2332 3872 2690 3941 complectar,
2717 3873 2834 3928 sive
2852 3873 3118 3929 videndos
3149 3889 3209 3930 se
3230 3875 3508 3945 pratbeant

1923 3963 2041 4020 sive
2073 3965 2277 4028 minus,
2312 3964 2555 4033 pariter,
2605 3970 2772 4033 atque
2824 3963 2883 4017 in
2921 3965 3195 4035 colloquia
3226 3980 3353 4021 cum
3398 3968 3508 4024 diis

1923 4054 2271 4111 descendam.
2311 4072 2331 4106 ι
2360 4051 2467 4108 Sed
2498 4053 2644 4107 enim
2684 4054 2809 4123 quis
2845 4053 2951 4109 hoc
3002 4055 3083 4109 illi
3124 4058 3508 4115 concesserit?

1923 4146 2062 4203 Cum
2101 4145 2443 4217 Pythagoras
2488 4144 2611 4215 ejus
2654 4146 2873 4215 generis
2916 4148 3183 4217 scriptum
3222 4149 3509 4219 reliquerit
3624 4194 3649 4213 .

1923 4241 2157 4305 nullum,
2193 4254 2369 4309 neque
2399 4237 2621 4308 aliquod
2654 4238 2923 4309 scriptum
2955 4238 3077 4309 ejus
3125 4246 3307 4297 exstet
3343 4257 3507 4297 arca-

1924 4349 2055 4389 num
2075 4333 2270 4405 magis,
2305 4342 2367 4387 ut
2396 4332 2480 4387 vel
2511 4330 2783 4402 suspicari
2813 4331 2976 4386 liceat
2998 4333 3200 4394 talibus
3228 4350 3353 4391 eum
3375 4333 3509 4393 sub-

300 4496 349 4529 “
384 4496 489 4553 lib.
532 4513 621 4562 tv,
656 4510 707 4552 c.
740 4495 797 4552 2.
873 4498 921 4530 "
957 4497 1054 4553 lib.
1098 4514 1147 4562 ι,
1186 4513 1238 4553 c.
1273 4497 1367 4553 22.
1444 4500 1488 4531 ¹⁶
1529 4499 1621 4554 lib.
1656 4514 1712 4564 ι,
1744 4515 1796 4555 c.
1828 4500 1921 4558 26.
1998 4501 2043 4533 ”
2082 4500 2180 4556 lib.
2221 4515 2277 4566 ι,
2316 4499 2412 4555 '52.

299 4652 418 4726 (68)
450 4653 754 4732 Ιῖιγνωσκ.
805 4669 877 4732 τε
918 4653 1017 4732 καί
1057 4669 1265 4732 πρατζ.
1314 4656 1481 4711 αὐτό.
1530 4654 1814 4732 Philostr.,

1923 4657 2089 4714 hanc'
2116 4657 2408 4732 lectionem
2439 4660 2726 4732 sequentia
2765 4674 2781 4713 :
2829 4659 2907 4723 ὡς
2950 4657 3019 4714 ἂν
3069 4659 3143 4732 μὴ
3175 4662 3307 4731 ’μετ’
3334 4660 3512 4732 ἀγνώ-

225 4724 657 4799 γιγνωσκόντων
668 4740 737 4799 ’τε
760 4724 892 4778 αὐτὸ
917 4725 1011 4780 καὶ
1032 4726 1399 4796 πραττόντων,
1431 4726 1576 4798 quod
1597 4728 1820 4799 elegans

228 4794 412 4850 inagis
458 4794 597 4848 mihi
632 4794 865 4849 videtur.
1079 4794 1088 4796 “
1448 4794 1466 4798 “
1618 4830 1621 4831 ν

302 4864 420 4939 (69)
456 4865 713 4939 Κῷκνων
743 4864 861 4935 ἤδη
1020 4865 1204 4939 ὀρνίθ.
1236 4864 1518 4939 Ριέίίοειτη
1569 4867 1820 4939 7;ngth-

231 4934 345 5001 νὺν,
378 4934 643 5009 ὀρνίθων,
678 4943 815 4999 etc.,
853 4937 995 5005 quod
1026 4938 1201 5006 magis
1217 4937 1347 5009 mihi
1373 4934 1819 5009 prohaturfNam

229 5017 286 5062 et
316 5016 447 5077 post
470 5008 926 5077 speciemrgenus
958 5008 1229 5061 nominari
1258 5008 1383 5061 nou
1411 5010 1547 5064 adeo
1600 5023 1818 5063 conve-

232 5076 420 5143 niens,
452 5085 514 5131 et
535 5077 693 5146 cycni
727 5076 870 5131 inter
896 5080 1184 5147 augurales
1211 5093 1340 5132 aves
1363 5094 1472 5134 non
1501 5079 1638 5133 adeo
1674 5079 1815 5133 cele«

232 5146 384 5203 bres.
430 5147 550 5201 imo
584 5162 859 5201 corvorum
894 5162 958 5201 ea
996 5149 1053 5201 in
1083 5164 1142 5202 re
1172 5148 1440 5203 celebrior
1484 5164 1646 5203 onera
1681 5148 1825 5203 apud

233 5165 384 5210 ures,
430 5165 550 5201 imo
584 5165 859 5201 corvorum
894 5165 958 5201 ea
996 5165 1053 5201 in
1083 5165 1142 5202 re
1172 5165 1440 5203 celebrior
1484 5165 1646 5218 opera
1681 5165 1823 5219 apuu

229 5218 475 5342 gra‘tbe‘s,
512 5223 573 5271 ut
596 5217 942 5273 observatum
974 5216 1276 5290 Porphyrio
1303 5218 1381 5275 De
1406 5219 1571 5288 abst.,
1598 5220 1694 5275 lib.
1736 5235 1823 5287 ιιι,

232 5302 721 5428 p.(37g:.'37;0per
763 5358 833 5427 δὴ
884 5355 998 5415 οὖν
1032 5355 1131 5429 πρ.
1176 5378 1231 5416 τ.
1266 5363 1549 5417 καταλελ.
1592 5359 1719 5415 Haec
1757 5376 1826 5417 eo

230 5436 525 5498 spectant,
556 5431 701 5499 quod
732 5433 840 5484 ista
871 5430 939 5485 de
967 5432 1239 5487 Arabibus
1268 5435 1583 5488 narratione
1611 5439 1826 5486 contra-

234 5503 390 5575 dicat
434 5501 548 5575 sibi
590 5500 1117 5575 ‘ipsiPhilostratus.
1162 5518 1287 5557 cum
1333 5504 1824 5575 alibiisapientiam

229 5570 524 5645 Apollonii
548 5570 922 5626 αὐτοδίδακτον
947 5588 1069 5629 esse
1090 5580 1314 5630 statuat.
1338 5574 1493 5641 Quod
1518 5570 1680 5645 paulo
1698 5581 1825 5629 ante

233 5641 301 5700 ei
321 5641 748 5707 exprobratum,
773 5657 824 5698 c.
852 5645 908 5699 9.

311 5712 434 5787 (τι)
468 5712 935 5788 ΔἈσςαγ-ορειξᾳιις.
968 5714 1047 5769 Ita
1075 5714 1363 5788 legendum
1394 5730 1519 5788 esse
1550 5716 1665 5772 sole
1702 5715 1822 5771 ela-

237 5782 360 5842 tius
384 5782 486 5851 {si
560 5782 737 5841 locum
783 5783 1098 5843 Philostrati
1133 5782 1444 5861 'oonferas,
1493 5787 1823 5859 ﬁrmantque

1931 4746 2090 4798 μονος
2113 4739 2220 4784 etc.
2254 4729 2499 4795 Quorum
2532 4731 2722 4787 nullus
2752 4745 2878 4786 esse
2906 4729 3086 4800 potest
3116 4729 3334 4795 sensus,
3362 4729 3411 4788 si
3432 4748 3513 4788 re-

1924 4802 2201 4872 tineamus
2243 4800 2532 4872 lectionem
2572 4801 2927 4872 depravatatu
2971 4802 3244 4857 editorum
3287 4804 3382 4872 qui
3413 4802 3514 4859 ha-

1924 4868 2551 4942 bentﬁnayopedoavrt.

1996 4939 2110 5013 (Ἰὲ)
2143 4939 2326 5007 asoti;-
2358 4941 2724 5013 θεραπεύειν.
2757 4939 3126 4998 Philostratus
3157 4941 3515 5013 omittitpar-

1921 5007 2149 5064 ticula'm
2189 5028 2253 5064 τε
2291 5007 2454 5081 quam
2492 5012 2586 5066 hic
2620 5014 2879 5068 insertam
2915 5013 3118 5067 habent
3157 5013 3303 5067 edita
3342 5007 3515 5071 Euse-

1923 5081 2110 5154 hiana,
2140 5082 2335 5154 melius
2365 5096 2485 5137 eam
2510 5098 2619 5154 ego
2647 5098 2866 5153 quoque
2898 5084 3077 5137 omitti
3107 5093 3316 5151 putem,
3341 5084 3420 5138 illi
3449 5101 3514 5139 τε

1930 5153 2076 5205 enim
2112 5152 2248 5223 nihil
2290 5152 2604 5221 respondet,
2639 5152 2694 5208 et
2745 5152 3031 5223 sequentia
3080 5154 3191 5208 duo
3220 5153 3340 5207 cola
3371 5155 3517 5213 inter

1932 5236 1994 5276 se
2024 5222 2229 5295 rectius
2258 5223 2348 5276 illa
2384 5224 2652 5293 particula
2684 5222 3010 5295 junguntur,
3041 5230 3303 5293 tanquam
3330 5236 3515 5295 partes

1932 5293 2270 5349 continentia
2318 5298 2522 5359 cultus,
2565 5309 2727 5364 quem
2775 5293 2811 5348 τι
2870 5294 3193 5365 Pythagora:
3243 5293 3515 5364 sapientia

1933 5376 1994 5418 se
2016 5366 2294 5433 accepisse
2331 5365 2425 5418 ait.

2005 5433 2118 5504 (75)
2148 5432 2286 5499 Ἴος.
2320 5433 2579 5504 Philostr.
2616 5432 2780 5488 habet
2808 5434 2924 5490 καί.

2007 5504 2123 5578 (74)
2149 5503 2496 5578 Διιιεεῷῤῥητά
2513 5520 2646 5558 τινα
2675 5504 3117 5578 ξυγγράμματα.
3140 5503 3270 5563 H.e.
3306 5506 3514 5578 scripta

1932 5577 2101 5630 variis
2146 5575 2445 5629 involucris
2484 5590 2706 5631 sensum
2749 5575 3109 5642 involventia,
3149 5585 3211 5632 ut
3260 5575 3517 5634 solebant

1934 5645 2198 5718 symbolis
2228 5646 2452 5718 suisuti
2494 5647 2561 5701 ad
2590 5646 2866 5718 tegendas
2891 5648 3207 5718 reconditas
3235 5647 3520 5704 doctrinas

1930 5715 2010 5771 illi
2033 5715 2425 5795 _phi_losophi,_
2463 5715 2848 5789 symbolicam.
2879 5718 3080 5776 imitati
3130 5716 3522 5795 Egyptioruur

1920 5786 2251 5876 sapientiam
2280 5786 2530 5858 passim:
