4054 6408
226 364 320 424 837

1323 355 1528 413 LIBER
1563 355 1842 413 CONTRA
1881 351 2302 412 HIEROCLEM.

229 483 325 536 νεῖν
349 477 534 537 ἔπεισι.
564 474 657 528 καὶ
693 472 790 546 τὴν
821 473 949 547 περὶ
975 472 1164 529 τούτου
1193 473 1376 529 πίστιν
1420 478 1612 540 αἰτεῖν,
1646 476 1767 530 οὐδὲ

1872 483 1994 532 ctro
2031 474 2387 544 "inquirere,
2421 471 2647 542 ejusque
2676 476 2995 543 argumenta
3029 477 3087 526 ut
3113 470 3239 528 edat
3268 480 3459 543 postu-

228 572 324 627 τῶν
362 567 480 639 παρ’
509 566 655 637 αὑτῷ
691 565 903 620 κύκνων
934 568 1033 630 τὰς
1074 567 1394 634 ἀποδείξεις,
1425 567 1519 632 οὓς
1546 568 1769 638 γελοίως

1877 566 2012 629 lare,
2047 573 2104 619 ut
2132 567 2284 629 item,
2316 565 2384 619 de
2406 565 2599 637 cycnis
2621 579 2742 633 quae
2776 564 2939 618 habet
2970 564 3037 630 ",
3063 564 3258 635 probet
3276 605 3290 627 ,
3318 579 3458 634 quos

228 664 486 717 τίκτουσαν
510 657 670 712 αὑτὸν
693 656 790 729 τὴν
819 659 1032 731 μητέρα
1056 659 1150 714 καὶ
1172 660 1497 732 περιστῆσαι
1520 660 1650 731 (8⁸5),
1677 661 1768 714 καὶ

1873 656 2105 712 ridicule
2136 664 2366 712 matrem
2413 655 2559 725 ejus,
2616 655 2794 725 ipsum
2831 655 2944 724 jam
2994 656 3317 727 parientem,
3347 656 3459 711 cir-

230 750 489 827 μαιοῦσθαι
514 751 733 822 ἱστορεῖ.
775 749 916 803 Ἀλλ’
949 750 1070 804 οὑδὲ
1103 751 1230 824 περ).
1261 750 1353 805 τοῦ
1385 752 1630 824 σκηπτοῦ
1660 752 1770 825 (84)

228 842 525 917 μυθολογίας
550 842 641 895 τὸν
678 842 928 915 μάρτυρα
969 841 1230 915 παρέχειν
1275 842 1429 908 ἀξιῶ.
1466 843 1539 897 Οὑ
1568 844 1674 917 γὰρ
1706 844 1770 914 δὴ

224 933 307 989 καὶ
335 932 546 993 τούτων,
580 930 655 994 ὠς
683 930 808 1003 ἔφη,
845 930 1018 1002 Δάμις
1046 933 1179 1003 ἡμῖν
1225 929 1489 1003 ξυνίστωρ
1516 932 1625 1003 (85)
1671 934 1773 1002 ἀφ-

224 1022 392 1093 ίξεται,
422 1020 611 1094 μακρῷ
628 1020 852 1093 ὕστερον
881 1023 938 1074 ἐν
966 1019 1112 1093 Νίνῳ
1136 1020 1235 1093 τῆς
1272 1020 1557 1093 Ἀσσυρίας
1586 1020 1773 1093 τάνδρὶ

222 1114 458 1184 ξυνάψας.
504 1111 648 1181 Ἐγὼ
685 1113 783 1184 μὲν
813 1109 908 1167 οὖν
940 1109 998 1167 εὖ
1039 1113 1182 1184 μάλα
1228 1112 1523 1185 προθύμως
1553 1116 1667 1177 τοῖς
1697 1114 1775 1166 εί-

220 1206 325 1261 κόσι
348 1222 403 1260 τε
444 1206 535 1259 κα)¹
568 1204 827 1275 ἀληθείας
873 1205 1155 1275 ἐχομένοις
1199 1203 1538 1275 πειθόμενος,
1586 1205 1635 1257 εί
1679 1203 1775 1258 καὶ

221 1298 423 1372 μείζονά
447 1316 566 1352 τινα
591 1297 715 1352 καθ’
748 1296 1050 1369 ὑπερϐολὴν
1076 1298 1133 1363 ἐς
1160 1297 1380 1351 ἔπαινον
1412 1298 1604 1370 ἀνδρὸς
1640 1298 1777 1368 ἀγα-

218 1392 300 1447 θοῦ
350 1391 545 1461 λέγοιτ’
586 1390 673 1456 ἂν,
729 1391 897 1444 πιστά
950 1391 1045 1445 καὶ
1104 1390 1449 1463 παραδεκτέα
1495 1385 1631 1444 εἷναί
1686 1407 1774 1461 μοι

216 1483 359 1546 δοκῶ,
390 1484 468 1536 ὅτι
514 1482 591 1554 μὴ
644 1482 779 1554 μόνα
818 1482 885 1536 τὰ
934 1480 1211 1555 τερατώδη
1256 1483 1353 1537 καὶ
1401 1481 1567 1553 λήρου
1613 1480 1772 1552 πλέα.

215 1574 403 1630 Οὔκουν
442 1573 716 1647 φθονείην,
763 1573 817 1629 εί
854 1591 1017 1645 φησιν
1063 1575 1091 1626 ὁ
1133 1573 1479 1646 ξυγγραφεὺς
1509 1573 1668 1642 γένος
1715 1588 1775 1625 τε

214 1669 437 1738 ἀρχαῖον,
462 1666 555 1719 καὶ
586 1667 695 1720 τῶν
721 1665 974 1720 οἰκιστῶν
1003 1666 1315 1737 ἀνημμένον
1345 1665 1423 1736 τῷ
1442 1665 1597 1737 ἀνδρὶ
1625 1681 1779 1734 γεγο-

212 1758 344 1812 νέναι
362 1774 375 1789 ·
403 1758 496 1812 καὶ
522 1757 772 1812 πλουτῶν
796 1758 844 1810 εί
871 1756 1044 1823 οὑτως
1075 1757 1265 1830 ἔτυχεν
1289 1758 1429 1829 ὑπὲρ
1457 1756 1583 1822 τοὺς
1611 1759 1779 1827 ὲγχω-

1876 748 2248 809 cumstetisse,
2273 748 2431 817 eique
2477 746 2851 801 obstetriciam
2888 749 3207 817 praestitisse
3231 762 3454 818 operam

1875 848 2084 894 narrat.
2140 836 2255 893 lmo
2285 853 2462 910 neque
2516 845 2573 892 ιιι
2609 836 2806 892 fabulae
2834 838 2876 869 "
2913 837 2980 893 de
3011 840 3236 894 fulmine
3259 844 3454 895 testem

1876 929 2145 999 producat
2168 937 2382 998 expeto.
2428 926 2615 999 Neque
2658 928 2802 983 enim
2846 927 3074 982 istorum
3106 930 3267 983 etiam
3323 943 3458 983 con-

1876 1020 2026 1076 scius
2058 1019 2263 1080 Darnis.
2295 1018 2361 1074 ad
2407 1034 2568 1089 quem
2626 1021 2965 1090 provocavit,
3001 1018 3159 1075 nobis
3195 1018 3454 1089 prodibil,

1874 1112 1968 1183 qui
2000 1112 2093 1167 diu
2143 1120 2267 1184 post
2318 1111 2537 1168 demum
2594 1110 2743 1178 Nini,
2775 1111 3013 1184 Assyria:
3043 1114 3197 1176 urbe,
3250 1114 3369 1168 viro
3394 1127 3456 1169 se

1875 1204 2148 1273 adjunxit.
2185 1202 2391 1275 Nempe
2433 1218 2535 1275 ego
2556 1202 2775 1274 quidem
2804 1205 3182 1261 lubentissime
3203 1205 3458 1276 probabi-

1874 1296 2018 1351 libus
2038 1296 2220 1360 rebus,
2241 1305 2297 1351 et
2323 1296 2388 1350 ad
2426 1311 2611 1351 verum
2630 1295 2857 1367 propius
2885 1295 3272 1352 accedentibus
3297 1296 3454 1350 ﬁdem

1876 1388 2107 1451 habens,
2136 1388 2264 1442 licet
2309 1388 2473 1442 etiam
2525 1387 2770 1459 quaedam
2821 1387 3107 1459 magnillce
3136 1388 3331 1459 magis,
3359 1403 3457 1460 per

1876 1479 2379 1550 exaggerationem,
2414 1478 2478 1534 ad
2512 1480 3046 1535 commendationem
3084 1480 3182 1534 viri
3218 1480 3345 1535 boni
3373 1479 3457 1533 af-

1878 1568 2146 1632 ferantur,
2203 1584 2268 1627 ea
2328 1568 2602 1624 credenda
2636 1584 2760 1624 esse
2808 1569 3291 1640 amplectendaque
3322 1568 3455 1623 mihi

1879 1659 2203 1730 persuadeo,
2238 1661 2491 1716 modone
2534 1671 2842 1715 monstrosa
2878 1661 2989 1715 sint
3048 1661 3228 1732 plane,
3262 1669 3314 1714 et
3344 1666 3459 1713 sto-

1878 1752 2004 1808 lidis
2038 1754 2310 1825 ﬁgmentis
2350 1751 2572 1809 referta.
2606 1750 2792 1823 Neque
2822 1753 2957 1807 adeo
2987 1751 3277 1815 invideam,
3309 1750 3455 1822 quod

211 1850 345 1923 ρίους
374 1849 621 1916 ἅπαντας
643 1868 656 1881 ⁸
689 1850 1026 1905 διδασκάλων
1059 1868 1138 1917 τε,
1189 1851 1306 1904 νέον
1338 1849 1486 1915 ὄντα,
1524 1849 1585 1903 οὑ
1616 1850 1768 1921 μόνον

1877 1845 2025 1899 dicat
2062 1844 2380 1909 historicus,
2436 1860 2609 1917 genus
2668 1860 2790 1900 esse
2837 1845 2956 1898 viro
2983 1846 3264 1914 antiquum
3289 1845 3369 1908 “,
3401 1851 3456 1898 et

207 1942 302 1995 τῶν
344 1942 729 2015 δεδηλωμένων
783 1945 987 2013 τυχεῖν,
1034 1942 1169 2006 ἀλλ’,
1214 1945 1263 1996 εί
1306 1942 1470 2006 δοκεῖ,
1503 1941 1598 1995 καὶ
1646 1939 1771 1994 τοὺο

208 2049 302 2087 των
327 2033 430 2105 (86)
460 2035 626 2088 αὑτὸν
653 2034 969 2089 διδάσκαλον
997 2035 1090 2088 καὶ
1124 2033 1441 2107 καθηγητὴν
1469 2031 1767 2103 γεγονέναι.

210 2127 373 2180 Ἔστω
402 2128 448 2181 δ’
479 2129 578 2181 ἐπὶ
613 2127 822 2191 τούτοις
866 2129 1125 2200 έντρεχὴς
1151 2128 1242 2181 καὶ
1275 2126 1341 2180 τά
1376 2126 1551 2189 κοινὰ,
1581 2125 1656 2189 ὡς
1680 2124 1773 2178 τὸν

205 2218 257 2282 ἱς
297 2218 623 2292 Ἀσκληπιοῦ
652 2218 947 2292 θεραπείας
980 2220 1139 2291 χάριν
1171 2219 1494 2290 ἀφιγμένον,
1527 2218 1616 2273 διὰ
1631 2217 1773 2287 γνὼ-

207 2324 303 2380 μης
346 2309 580 2383 ἀρίστης
627 2309 936 2375 ἀπαλλάξαι
983 2309 1086 2379 τῆς
1130 2309 1459 2382 ἀρρωστίας.
1510 2306 1771 2363 Νοσοῦντι

203 2400 373 2471 γὰρῖδὴ
406 2400 602 2473 ὑδέρου
651 2399 835 2463 πάθει,
883 2398 1219 2469 κατάλληλον
1268 2399 1593 2472 ἐγκρατείας
1644 2399 1772 2451 ὑπο-

201 2489 370 2545 θέσθαι
407 2491 622 2546 δίαιταν
667 2491 746 2564 τῷ
772 2492 1055 2563 κάμνοντι,
1089 2492 1181 2546 καὶ
1227 2489 1400 2563 ταύτῃ
1441 2492 1604 2546 αὑτὸν
1644 2491 1773 2560 ὑγιᾶ

202 2584 546 2655 καταστῆσαι,
577 2585 673 2639 καὶ
711 2584 884 2655 τούτῳ
911 2601 974 2654 γε
1006 2586 1104 2655 τῆς
1135 2585 1447 2656 φρονήσεως
1478 2584 1772 2640 ἀποδεκτὸν

198 2673 253 2732 ab
283 2676 590 2751 μειράκιον.
611 2677 719 2732 Καὶ
749 2676 827 2741 ὡς
852 2677 944 2730 τὸν
974 2675 1281 2739 πολυτελῶς
1304 2677 1416 2746 (87)
1462 2675 1609 2731 θύειν
1632 2695 1773 2749 παρ-

203 2768 596 2841 εσκευασμένον
632 2761 829 2840 εἷρξεν,
859 2763 947 2821 οἷα
979 2767 1124 2830 εἰκὸς
1162 2767 1254 2819 ἐπὶ
1285 2767 1451 2838 κακίᾳ
1490 2766 1773 2840 διαϐεϐοη-

202 2858 384 2931 μένον·
442 2842 563 2915 καί
594 2859 703 2930 γὰρ
746 2858 810 2930 δὴ
865 2861 957 2913 καὶ
1013 2858 1122 2913 τῶν
1178 2858 1459 2929 ἐγχωρίων
1514 2857 1770 2912 ἁπάντων

198 2946 591 3002 πλουσιώτατόν
615 2948 724 3015 (88)
757 2964 816 3001 τε
846 2946 943 3014 καὶ
975 2946 1439 3018 περιφανέστατον
1463 2947 1625 3001 αὑτὸν
1648 2948 1773 3001 ὑπο-

196 3036 404 3094 τίθεται.
441 3040 557 3094 Καὶ
599 3041 656 3092 ὲν
695 3038 936 3111 σώφροσι
962 3039 1007 3091 δ’
1041 3038 1203 3091 αὐτὸν
1230 3037 1424 3108 φθόνος
1452 3040 1627 3103 οὐδεὶς
1647 3040 1774 3095 ἀνα-

194 3131 431 3201 γράφειν,
459 3132 546 3185 ὂτι
584 3148 643 3185 τε
674 3131 807 3203 πρὸς
839 3130 929 3184 τὸν
954 3129 1208 3202 ἐραστὴν,
1236 3129 1573 3204 πειρώμενον
1603 3129 1768 3186 αὑτοῦ

192 3221 282 3293 τῆς
306 3222 474 3295 ὥρας,
513 3222 972 3294 διελοιδορήσατο,
1014 3223 1110 3275 καὶ
1133 3222 1449 3292 γυναικείας
1481 3223 1562 3277 ὃτι
1594 3222 1766 3277 καθα·
1795 3205 1838 3265 C

202 3315 284 3387 ρδν
322 3317 513 3371 ἑαυτὸν
554 3316 755 3388 μίξεως
798 3316 886 3370 διά
930 3316 1137 3381 τέλους,
1187 3317 1264 3380 ὡς
1304 3317 1333 3369 ὀ
1378 3317 1536 3386 λόγος
1580 3318 1767 3388 φησὶν,

197 3408 387 3480 ἢγαγεν
402 3410 585 3463 Πιστά
619 3409 667 3462 δ’
706 3408 844 3462 ἔστω
884 3409 981 3463 καὶ
1018 3409 1086 3463 τά
1115 3409 1218 3479 τῆς
1262 3409 1589 3474 πενταετοῦς
1626 3412 1768 3467 κατὰ

193 3500 504 3574 Πυθαγόραν
536 3501 753 3573 σιωπῆς
782 3501 971 3564 αὑτοῦ,
1000 3501 1094 3555 καὶ
1135 3501 1222 3565 τά,
1268 3502 1417 3565 ὅπως
1442 3501 1645 3574 ταύτην
1680 3504 1764 3557 δι-

191 3592 395 3662 ήνυσεν,
426 3593 660 3647 ἐπαίνου
690 3592 834 3657 ἀξια.
869 3592 1055 3646 Ταῦτα
1069 3591 1154 3663 δὴ,
1174 3593 1269 3645 καὶ
1301 3592 1404 3646 ὅσα
1431 3592 1656 3647 τοιαῦτα
1676 3596 1769 3649 άν-

189 3681 443 3754 θρώπινα,
478 3686 582 3739 κα)⁵
604 3685 679 3747 ὡς
702 3684 918 3755 ἀληθῶς
946 3684 1263 3754 φιλοσοφίας
1292 3685 1386 3739 καὶ
1418 3683 1676 3755 ἀληθείας
1704 3687 1765 3739 οὑ

188 3776 387 3849 πόρρω,
416 3778 632 3850 δὲχοιμ’
660 3777 748 3841 ἂν,
786 3779 915 3849 περὶ
954 3776 1148 3831 πολλοῦ
1181 3777 1243 3830 τὸ
1264 3776 1545 3849 εὖγνωμόν
1572 3795 1632 3831 τε
1675 3778 1767 3832 καὶ

187 3867 467 3941 φιλάληθες
498 3871 830 3942 τιμώμενος.
874 3869 946 3922 Τό
971 3869 1034 3938 γέ
1062 3886 1144 3923 τοι
1190 3871 1439 3942 κρεῖττον
1476 3868 1764 3941 ἀνθρώπου

184 3958 274 4033 τὴν
298 3962 458 4031 φύσιν
499 3960 875 4026 ὑποτίθεσθαι,
907 3963 1002 4016 καὶ
1046 3961 1195 4033 παρὰ
1235 3961 1401 4025 πόδας
1446 3961 1557 4031 (89)
1604 3963 1762 4017 ἐναν-

183 4052 451 4124 τιολογεῖν,
500 4055 608 4119 τῆς
654 4071 714 4107 τε
769 4053 1016 4125 δοθείσης
1054 4054 1386 4124 ἀμνημονεῖν
1431 4052 1760 4120 ὑποθέσεως,

182 4142 315 4216 ἔχειν
337 4147 508 4218 ψόγον
542 4148 634 4212 ἂν,
667 4148 762 4202 καὶ
800 4147 1051 4219 διαϐολὴν
1080 4146 1227 4218 αὑτῷ
1265 4164 1327 4201 τε
1364 4146 1443 4219 τῷ
1473 4148 1759 4221 γράφοντι,

182 4236 267 4289 καὶ
297 4238 433 4293 πολὺ
466 4240 740 4312 πρότερον
778 4238 858 4309 τῷ
888 4237 1239 4311 γραφομένῳ,
1275 4237 1562 4311 περιάψειν
1594 4236 1755 4311 ἡγοῦ-

184 4342 296 4395 μαι.

1876 1937 2020 2008 quod
2055 1936 2109 1990 in
2156 1936 2365 2006 primos
2421 1936 2738 1991 conditores
2769 1934 3003 2009 [patrue]
3030 1936 3262 1991 desinat.
3294 1934 3453 2002 Quod

1880 2028 2007 2082 item
2037 2027 2239 2081 civium
2274 2028 2519 2082 omnium
2547 2027 2879 2083 ditissimum
2915 2027 3049 2083 licat
3080 2027 3280 2083 fuisse:
3314 2041 3455 2097 pra:-

1873 2128 2235 2191 ceptoresque
2262 2120 2310 2153 “
2349 2120 2753 2176 adolescentem
2792 2135 2901 2176 non
2955 2120 3295 2176 clarissimos
3334 2130 3457 2174 lan-

1872 2221 1987 2267 turn
2036 2228 2160 2268 esse
2214 2222 2462 2276 nactum,
2517 2228 2706 2268 verum
2744 2214 2933 2275 etiam.
2994 2213 3040 2269 si
3090 2213 3165 2267 ita
3219 2213 3451 2283 placeat,

1870 2320 2060 2361 eorum
2086 2307 2263 2375 ipsum
2288 2306 2611 2377 magistrum
2651 2306 2933 2361 exstitisse
2967 2313 3129 2376 atque
3151 2305 3450 2368 doctorem.

1873 2400 2004 2455 Esto
2027 2412 2205 2456 autem
2239 2411 2521 2471 praetcrea,
2558 2403 2720 2457 etiam
2754 2400 2807 2457 in
2845 2402 3007 2457 rebus
3030 2400 3346 2475 [ordinariis
3374 2396 3453 2473 et]

1872 2494 2188 2564 vulgaribus
2222 2508 2387 2565 sagax
2422 2511 2435 2546 :
2468 2493 2543 2547 ita
2581 2501 2642 2548 ut
2674 2494 2741 2548 ad
2804 2494 3145 2564 Asclepieum
3170 2476 3454 2550 medicina:

1873 2599 2043 2641 causa
2077 2585 2424 2641 accedentem
2463 2587 2532 2650 ’⁸,
2560 2587 2770 2657 optimo
2791 2588 3022 2643 consilio
3046 2587 3114 2643 ab
3132 2586 3456 2658 aegritudine

1874 2676 2118 2733 liberarit
2168 2677 2359 2749 (Aquae
2405 2676 2693 2735 intercutis
2738 2678 2885 2733 enim
2936 2680 3128 2736 morbo
3159 2679 3452 2742 laboranti,

1871 2768 2289 2823 convenientem
2349 2784 2498 2841 aegro
2526 2769 2585 2825 in
2643 2770 2789 2826 victu
2838 2772 3256 2842 temperantiam
3305 2769 3454 2842 quod

1873 2860 2211 2929 praeceperit.
2263 2877 2499 2933 eumque
2552 2862 2688 2919 adeo
2738 2863 3041 2919 restituerit
3077 2864 3323 2926 sanitati.
3382 2866 3454 2921 ob

1871 2950 1976 3006 hoc
2026 2967 2246 3022 quoque
2301 2955 2606 3025 prudentiae
2650 2954 3083 3030 {argumentum}
3142 2957 3454 3013 laudandus

1869 3045 2236 3117 adolescens);
2291 3046 2365 3100 ita
2398 3046 2587 3120 [porro
2634 3048 2692 3103 in
2743 3049 2910 3106 rebus
2937 3050 3257 3121 vulgaribus
3283 3067 3454 3122 sagax

1872 3135 1965 3210 sit]
2013 3145 2085 3191 'ut
2113 3146 2168 3194 et
2212 3139 2500 3210 magniﬁce
2535 3140 2710 3198 sacris
2754 3150 3070 3212 Operantem
3117 3143 3359 3213 abegerit
3380 3142 3451 3210 ³⁸,

1870 3233 2073 3304 quippe
2100 3230 2303 3287 all‘atim
2335 3233 2406 3288 ob
2423 3233 2556 3289 vitia
2584 3234 2851 3291 famosum
2896 3233 3116 3307 (nempe
3172 3234 3451 3291 hominem

1870 3332 1931 3377 ut
1986 3324 2228 3397 regionis
2280 3324 2427 3382 illius
2489 3327 2725 3382 maxime
2774 3326 2996 3381 divitem
3057 3334 3451 3398 repraesentat,

1870 3416 2215 3487 maximeque
2235 3416 2652 3489 conspicuum);
2680 3432 2858 3489 neque
2875 3418 3148 3474 invideam
3178 3418 3232 3473 in
3255 3418 3456 3475 casti»

1869 3508 2024 3565 simis
2051 3523 2177 3564 eum
2218 3510 2456 3574 censeri,
2519 3511 2777 3582 quodque
2832 3518 3104 3566 amantem
3135 3510 3202 3574 ",
3236 3519 3450 3566 aetatem

1870 3599 1993 3669 ejus
2018 3614 2375 3671 corrumpere
2405 3607 2733 3668 tentantem,
2771 3600 3126 3673 objurgatum
3155 3600 3449 3671 repulerit;

1869 3690 2016 3762 quod
2054 3691 2181 3745 item
2212 3704 2243 3744 a
2283 3691 2535 3747 muliebri
2594 3693 2932 3748 commercio
2984 3707 3177 3763 puram
3208 3707 3450 3765 semper,

1868 3787 1929 3834 ut
1959 3780 2191 3835 historia
2214 3780 2385 3835 refert
2407 3780 2477 3843 ⁸⁷,
2509 3782 2677 3836 vitam
2726 3782 2920 3854 egerit.
2954 3781 3142 3839 Fidem
3162 3783 3329 3840 etiam
3364 3784 3454 3839 ἰιιο

1868 3872 2110 3935 veniant,
2142 3887 2264 3943 quae
2289 3873 2356 3927 ad
2377 3871 2773 3947 [observatum]
2812 3876 2915 3945 ipsi
2938 3875 3094 3943 juxta
3122 3873 3451 3947 Pythagora!

1877 3964 2124 4019 instituta
2146 3966 2522 4036 quinquennio
2555 3967 2828 4052 silentium
2857 3978 3104 4037 spectant
3125 3969 3191 4032 ’⁸,
3214 3976 3268 4022 et
3297 3969 3450 4037 quid-

1876 4050 2029 4121 quid,
2060 4051 2190 4106 dum
2223 4052 2351 4108 illud
2375 4053 2566 4119 obivit,
2588 4054 2744 4107 laude
2776 4050 3166 4125 fecitdignum.
3188 4055 3331 4123 Haec,
3360 4058 3447 4111 in-

1876 4157 2061 4213 quam,
2078 4150 2134 4197 et
2150 4143 2412 4213 quidquid
2435 4144 2555 4212 ejus
2578 4156 2662 4199 est
2681 4146 2916 4214 generis,
2935 4146 3228 4201 humanam
3246 4158 3447 4204 sortem

1875 4252 1984 4292 non
2023 4235 2341 4293 excedentia
2365 4278 2380 4301 ,
2416 4236 2573 4307 521
2624 4245 2678 4291 et
2727 4252 2869 4292 verae
2926 4238 3287 4307 philosophia:
3320 4254 3451 4294 con-

1868 4338 2154 4396 sentanea,
2189 4346 2369 4401 neque
2406 4332 2574 4386 nimis
2605 4331 2675 4387 ab
2704 4330 2820 4402 ipsa
2842 4332 3073 4387 veritate
3100 4332 3300 4397 aliena,
3337 4347 3450 4388 non

180 4418 375 4478 invitus
408 4420 774 4489 admiserim;
810 4421 993 4493 magni
1029 4435 1160 4477 sane
1194 4419 1485 4476 candorem
1522 4419 1755 4485 faciens.
1794 4431 1851 4479 et
1885 4424 2125 4478 studium
2164 4422 2433 4479 veritatis.
2462 4421 2531 4475 At
2549 4438 2679 4477 vero
2708 4422 2947 4478 hominis
3006 4422 3155 4478 illius
3211 4422 3448 4478 indolem

178 4510 409 4572 humana
454 4518 722 4588 majorem
756 4517 979 4590 lingere,
1012 4519 1308 4589 statimque
1337 4519 1442 4575 sibi
1473 4517 1578 4590 ipsi
1611 4520 2014 4587 contradicere,
2043 4526 2098 4575 et
2161 4534 2355 4590 parum
2385 4533 2683 4575 memorem
2726 4534 2852 4575 esse
2906 4529 3066 4575 antea
3122 4520 3450 4590 positorum,

242 4669 417 4740 'P_lib.
453 4688 508 4735 ι,
545 4688 597 4727 c.
629 4674 684 4727 4.
763 4673 809 4705 ὀ
851 4672 942 4727 lib.
985 4675 1124 4734 u'.c.
1162 4674 1215 4727 5.
1293 4674 1486 4729 "ibid.
1563 4675 1608 4708 η
1649 4675 1741 4730 lib.

1875 4691 1922 4729 c.
1966 4675 2021 4729 4.
2098 4676 2146 4706 ¹⁹
2184 4675 2278 4731 lib.
2310 4692 2365 4740 ι,
2402 4691 2451 4732 c.
2486 4677 2539 4730 5.
2634 4676 2681 4708 ⁸⁸
2730 4676 2824 4730 lib.
2868 4692 2916 4739 ι,
2960 4691 3010 4730 c.
3044 4674 3098 4730 9.
3176 4676 3221 4708 ³³
3262 4674 3356 4729 lib.
3393 4687 3448 4740 ι,

176 4751 225 4795 c.
258 4738 341 4796 l9.
418 4744 468 4774 "
508 4743 607 4798 lib.
645 4759 698 4807 ι,
731 4759 782 4799 c.
820 4743 905 4798 l2.

233 4894 351 4979 (83)
386 4895 783 4979 Περιστῇσαι.
803 4897 1169 4979 ,Βεειίιυρηάιι
1204 4916 1271 4957 ex
1303 4899 1635 4959 Philostrato
1653 4918 1756 4957 vox

173 4964 289 5029 fuit,
319 4964 445 5037 quae
469 4964 763 5023 nciam:
802 4969 858 5024 in
888 4971 1070 5026 editis.

238 5038 348 5113 (8})
384 5038 502 5093 Τοῦ
550 5040 844 5113 σκηπτοῦ.
895 5040 1209 5113 Legendum
1241 5042 1352 5113 τοῦ
1399 5044 1663 5112 σκηπτοῦ,
1696 5052 1757 5099 ιιι

172 5120 233 5179 ᾳ
267 5106 399 5179 Reg.
441 5124 551 5179 ms.
584 5118 638 5162 et
687 5106 1019 5166 Philostrati)
1061 5112 1431 5169 emendaram.
1476 5106 1750 5171 Hocsrsx.

169 5175 382 5265 (dempsi.
405 5179 463 5233 in
510 5178 732 5235 Eusebii
761 5181 925 5237 editis
962 5183 1145 5255 inepte
1186 5185 1450 5255 scriptum
1473 5194 1589 5240 erat
1626 5187 1754 5259 περὶ

168 5262 290 5303 τους
321 5262 390 5303 κὴ
397 5266 543 5303 που(
550 5291 561 5301 .

234 5250 719 5405 (ἓξῖήὲιῗῖνῗστωρ.
753 5321 1267 5405 ξυνίστωρ-νεροειιξ
1299 5340 1397 5395 pro
1431 5324 1539 5405 Ebv_
1584 5325 1752 5405 ἵστρῳ

167 5387 329 5469 (quod
352 5399 477 5469 erat
508 5391 567 5444 in
608 5387 881 5460 prioribus
921 5387 1274 5467 editionibus)
1299 5387 1576 5452 sententia
1607 5387 1755 5469 Πειξί-

169 5466 313 5513 tante
367 5460 651 5517 llmsreu.

233 5528 648 5614 (86)‘_1‘ozittuv_-.
687 5531 777 5614 Sic
802 5535 1025 5614 _resti_tui
1044 5552 1157 5614 pro
1193 5536 1402 5614 τοῦτον,
1443 5539 1754 5614 postulante

166 5605 463 5676 sententia,
503 5612 565 5656 et
614 5605 727 5673 ipsa
764 5605 990 5662 historia
1042 5605 1358 5663 Philostrati
1402 5605 1752 5676 concinente,

166 5672 256 5751 qui
288 5670 923 5751 Euxeno,_magistr.ogin
954 5676 1314 5751 Pythagorica
1335 5680 1601 5751 sapientia
1626 5670 1748 5744 suo,

381 5740 728 5815 superiorem
786 5745 957 5805 fuisse
999 5740 1344 5820 'disc'i'pulum
1402 5740 1748 5820 Apollonium

217 5826 314 5866 (ιιι.

984 4746 1027 4777 ’⁷
1067 4746 1160 4801 lib.
1202 4762 1247 4809 ι,
1281 4762 1332 4799 c.
1368 4747 1455 4801 l5.
1530 4745 1575 4778 "
1615 4747 1708 4801 lib.
1745 4762 1761 4801 I
1798 4786 1813 4812 ,
1847 4763 1897 4801 c.
1934 4746 1998 4800 l4
2024 4756 2079 4801 et
2113 4745 2201 4802 l6.

1934 4902 2045 4974 (87)
2084 4908 2194 4961 Kal
2223 4908 2304 4974 ὡς
2347 4908 2455 4963 τὸν
2495 4909 2707 4962 πολυτ.
2745 4902 3112 4975 Suspenditur
3141 4902 3330 4975 oratio;
3353 4921 3451 4975 per

1898 4972 2183 5029 articulam
2234 4972 2311 5041 ὡς
2360 4994 2391 5033 a
2431 4977 2829 5042 superioribus,
2857 4972 2999 5028 ἔστω
3024 4972 3068 5026 δ’
3101 4974 3195 5027 ἐπὶ
3241 4972 3449 5042 τούτοις
3488 4981 3495 4992 ’

1862 5044 2118 5117 ἐντρεχὴς
2146 5049 2237 5101 κα)⁸
2262 5049 2330 5103 τὰ
2374 5044 2549 5108 κοινὰ,
2595 5048 2693 5100 ὨΣ
2716 5046 2807 5100 τὸν
2850 5044 3180 5114 Ἀσκληπιοῦ
3208 5044 3449 5169 agme-

1860 5132 1949 5189 νον
1996 5117 2301 5184 ἀπαλλάξαι
2343 5121 2441 5189 τῆς
2496 5117 2810 5189 ἀρρωστίας
2833 5156 2847 5170 .
2868 5154 2880 5163 .
2903 5154 2917 5169 .
2958 5116 3051 5168 καὶ
3097 5114 3195 5167 ὨΣ
3220 5132 3250 5169 τ
3283 5134 3312 5169 ν
3346 5134 3449 5171 πο-

1866 5148 1948 5169 νυν
1996 5148 2301 5184 αλιαΛΛιιῇιιι
2343 5148 2439 5190 TT)"
2496 5148 2807 5189 αμρωυνιιιιε
2833 5156 2847 5170 ο
2868 5154 2880 5163 ·
2903 5154 2917 5169 ο
2959 5148 3051 5168 ιιι
3111 5148 3195 5167 η-
3221 5148 3312 5169 νιυν
3346 5148 3449 5171 'lbU"

1860 5200 1976 5239 λυτ.
2007 5196 2115 5243 etc.

1931 5257 2040 5328 (88)
2068 5261 2177 5314 Καὶ
2199 5259 2326 5329 τ.δ.
2346 5258 2446 5329 καί
2483 5276 2535 5329 τ.
2566 5256 2899 5325 ἐγχωρ.άπ.
2928 5258 3151 5329 πλουσ.
3190 5255 3447 5323 Qualium

1860 5330 2066 5382 scelera
2110 5328 2323 5385 facilius
2346 5328 2400 5381 in
2426 5328 2620 5399 vulgus
2645 5343 2903 5384 emanare
2939 5328 3139 5390 solent,
3198 5336 3255 5381 ut
3311 5329 3449 5383 adeo

1857 5399 2181 5468 Apollonius
2224 5401 2341 5456 sine
2376 5398 2567 5469 divina
2613 5398 2865 5463 scientia,
2897 5414 2964 5453 ex
3012 5399 3178 5461 fama,
3210 5413 3333 5469 quie
3378 5400 3446 5454 ad

1863 5469 2136 5525 hominem
2172 5473 2334 5526 istum
2359 5468 2710 5540 spectabant.
2742 5470 2982 5540 potuerit
3012 5468 3332 5525 resciscere.

1932 5541 2045 5611 (89)
2077 5542 2242 5611 Παρὰ
2265 5535 2470 5606 πόδας.
2505 5535 2759 5612 lta__Reg.'
2789 5541 2926 5612 cod.
2952 5555 3050 5610 pro
3088 5542 3237 5596 edito
3268 5557 3447 5612 παρα·-

1859 5606 2040 5689 sese“;
2068 5606 2211 5689 quod
2241 5613 2401 5689 nauci
2437 5617 2542 5665 est.
2576 5606 2851 5689 llocsrsu.
2887 5606 3040 5666 Hinc
3071 5606 3445 5689 lectioneniet

1862 5679 2555 5755 ipse_prdbo;suspicatus
2603 5680 2732 5737 olim
2776 5683 3008 5753 fueram,
3034 5679 3352 5755 παραδόξως
3378 5682 3446 5737 ιθ-

1859 5753 2094 5824 gendum
2131 5769 2272 5809 esse.
