4100 6474
607 367 714 429 819

1242 365 1513 425 EUSEBII
1552 371 2031 429 CASSARIENSIS
2065 373 2219 431 OPP.
2260 374 2461 432 PARS.
2505 374 2570 433 II.
2609 406 2679 420 -—
2716 377 3218 438 APOLOGETICA.

3752 382 3850 439 ιο..)

605 485 659 539 id
689 482 1167 553 reprehensionem
1215 487 1436 553 mereri,
1468 497 1631 561 atque
1660 497 1775 545 tum
1835 490 1938 561 ipsi
1994 492 2250 563 scriptori
2291 502 2407 550 tum
2430 496 2601 552 multo
2615 497 2778 552 etiam
2825 499 3000 570 magis
3042 497 3113 566 ei,
3149 497 3217 553 de
3236 513 3345 569 quo
3375 496 3589 563 scribit,
3621 499 3849 569 turpitu-

602 576 785 632 dinem
818 574 1018 631 all‘erre
1034 578 1293 634 arbitror.

1201 692 1431 751 CAPUT
1460 694 1598 752 XIII.

673 787 855 857 Atque
871 785 989 842 haec
1013 787 1232 859 quidem
1261 798 1411 855 sunt,
1437 805 1559 860 quae
1585 802 1652 845 ex
1686 790 1864 862 primo
1891 789 2034 844 libro
2056 787 2182 862 [ob-

605 879 877 936 servanda
904 878 1106 953 fuere].
1148 878 1546 937 Percurramus
1570 897 1631 938 ea
1655 882 1821 938 etiam
1846 899 1969 955 quae
2004 884 2058 938 in
2095 899 2184 940 se-

602 972 784 1028 cundo
835 982 1160 1029 occurrunt.
1194 976 1239 1007 ’°
1270 974 1467 1032 Itinere
1495 992 1561 1032 ex
1596 976 1821 1032 Perside
1872 976 1926 1031 in
1974 975 2183 1032 Indiam

601 1080 727 1120 eum
777 1080 944 1136 porro
1005 1074 1296 1137 prosecuta
1353 1066 1630 1142 [historia]
1684 1068 1926 1126 deducit.
1980 1067 2184 1125 Deinde

600 1172 727 1211 cum
788 1159 994 1229 aliquid
1045 1160 1096 1215 ei
1144 1160 1458 1220 obvenisset
1528 1161 1689 1233 plane
1734 1162 2026 1224 absonum,
2078 1161 2183 1216 hoc

599 1260 685 1305 est
719 1251 1255 1317 insolitum,dannon
1291 1253 1503 1309 scilicet
1531 1254 1751 1325 aliquis,
1785 1269 1945 1323 quem
1982 1251 2185 1322 Empu-

601 1355 719 1397 sam
752 1358 971 1414 quoque
1005 1344 1241 1414 appellat
1256 1343 1341 1399 ³θι
1392 1359 1516 1399 eum
1540 1344 1595 1398 in
1630 1344 1718 1398 via
1750 1344 1841 1398 ubi
1872 1355 2018 1400 esset
2048 1358 2184 1397 con-

600 1433 866 1504 spicatus,
898 1436 1164 1491 conviciis
1183 1435 1343 1505 juxta
1372 1450 1496 1490 cum
1544 1438 1712 1493 sociis
1741 1436 2011 1505 abegisse,
2052 1450 2181 1490 nar-

600 1534 711 1584 rat.
759 1525 1149 1582 Animantibus
1198 1543 1328 1583 vero
1376 1530 1481 1595 eis,
1537 1528 1740 1599 quibus
1796 1536 2177 1593 vescerentur,

598 1622 800 1679 oblatis
816 1624 884 1690 ⁸¹,
925 1623 995 1678 ad
1023 1622 1217 1679 Damin
1250 1625 1477 1690 dixisse,
1507 1642 1568 1682 se
1604 1624 1826 1697 quidem
1859 1624 1963 1695 ipsi
2001 1632 2057 1680 et
2087 1639 2180 1680 so-

599 1712 704 1769 ciis
737 1713 1041 1795 concedere
1089 1730 1201 1770 non
1242 1716 1517 1772 illibenter
1551 1726 1610 1771 ut
1661 1716 1921 1771 carnibus
1953 1730 2179 1771 vescan-

598 1813 723 1861 tur:
762 1805 1153 1862 abstinentiam
1201 1808 1347 1863 euim
1379 1809 1448 1863 ab
1490 1809 1562 1864 iis
1604 1810 1674 1865 ad
1724 1810 1931 1865 nullam
1985 1824 2176 1864 eorum

597 1904 848 1967 spectare
881 1897 1173 1953 utilitatem
1201 1918 1216 1953 :
1265 1899 1370 1954 sibi
1403 1908 1586 1955 autem
1620 1900 1724 1956 hoc
1763 1899 2075 1956 conducere
2104 1899 2173 1954 ad

595 1997 809 2057 votum,
839 1990 987 2060 quod
1016 2006 1151 2060 puer
1179 1989 1369 2046 fecerit
1400 1991 1781 2064 philosOphite.
1822 1991 1893 2049 At
1925 2007 2055 2047 vero
2082 1990 2173 2046 cui

2211 703 2259 761 Δ

2809 698 3209 753 ΚΕΦΑΛΔΙΟΝ
3239 698 3336 756 II".

2358 787 2469 840 Kal.
2514 785 2686 842 ταῦτα
2726 788 2824 861 μὲν
2865 789 2973 843 ἀπὸ
3013 790 3106 844 τοῦ
3158 789 3377 861 πρώτου
3411 791 3852 865 ξυγγράμματος.

2298 879 2575 952 Ἐπίωμεν
2616 882 2674 935 δὲ
2716 881 2785 935 τά
2830 884 2895 936 ὲκ
2944 881 3037 937 τοῦ
3091 883 3363 958 δευτέρου.
3410 888 3522 961 Τὴν
3567 888 3678 943 ἀπὸ
3717 891 3856 965 Περ-

2288 971 2433 1036 σίδος
2482 974 2568 1027 ἐπ’
2624 972 2816 1039 Ἰνδοὺς
2866 976 3091 1048 πορείαν
3138 977 3260 1046 ἄγει
3310 980 3643 1052 παραλαϐὼν
3700 983 3858 1041 αὑτὸν

2285 1064 2315 1116 6
2361 1063 2536 1134 λόγος.
2585 1061 2721 1120 Εἷτὰ
2758 1085 2812 1121 τι
2857 1068 3142 1123 πεπονθότ’
3192 1072 3570 1144 ἀπειρόκαλον,
3622 1076 3763 1149 ὅπερ
3805 1094 3860 1134 τι

2287 1155 2611 1228 παράδοξον,
2642 1158 2920 1230 δαιμόνιόν
2939 1177 3013 1224 τι,
3039 1161 3069 1214 ὃ
3096 1161 3191 1216 καὶ
3223 1163 3545 1234 Ἔμπουσαν
3580 1167 3857 1240 ὀνομάζει,

2285 1246 2427 1301 κατά
2455 1247 2554 1319 τὴν
2592 1248 2709 1302 ὁδὸν
2742 1249 2940 1312 ἰδόντα.
2973 1251 3261 1325 λοιδορίαις
3292 1255 3409 1325 ἅμα
3447 1260 3559 1321 τοῖς
3589 1258 3729 1330 ἀμφ’
3762 1261 3859 1315 a6-

2283 1341 2375 1394 τὸν
2408 1341 2677 1396 ἀπελάσαι
2722 1344 2874 1414 φησί.
2922 1346 3031 1399 Καὶ
3060 1344 3215 1409 ζώων
3249 1346 3305 1400 δὲ
3340 1349 3523 1413 αὐτοῖς
3564 1353 3623 1416 ἐς
3654 1357 3861 1425 τροφὴν

2283 1432 2719 1505 προσαχθέντων,
2752 1436 3033 1509 εἰρηκέναι
3068 1439 3228 1493 αὐτὸν
3258 1440 3337 1512 τῷ
3377 1441 3592 1513 Δάμιδι,
3638 1446 3717 1510 ὡς
3755 1445 3863 1517 ἄρα

2284 1525 2590 1600 ξυγχωροίη
2638 1528 2787 1601 αὑτῷ
2815 1547 2874 1583 τε
2915 1532 3146 1596 καὶτοῖς
3184 1533 3420 1605 ἑταίροις
3446 1534 3555 1605 (90)
3596 1536 3865 1592 σιτεῖσθαι

2279 1620 2387 1674 τῶν
2413 1619 2591 1693 κρεῶν
2610 1638 2623 1650 ·
2658 1622 2721 1675 τὸ
2743 1622 2852 1694 γὰρ
2894 1623 3193 1693 ἀπέχεσθαι
3235 1625 3435 1692 αὐτῶν,
3468 1628 3655 1691 αὐτοῖς
3679 1628 3784 1699 μὲν
3808 1630 3865 1694 ἐς

2278 1714 2429 1768 οὐδὲν
2456 1716 2589 1787 ὀρᾷν
2620 1717 2913 1787 προόαῖνον
2943 1715 3077 1787 (91),
3120 1717 3297 1790 ἐαυτῷ
3327 1717 3384 1772 δὲ
3424 1720 3480 1783 ἐς
3510 1720 3546 1774 ἀ
3572 1719 3863 1794 ὡμολόγη-

2278 1825 2365 1861 ται
2402 1808 2541 1879 πρὸς
2584 1808 2902 1878 φιλοσοφίαν
2941 1809 3007 1863 ἐκ
3050 1810 3259 1875 παιδός.
3307 1810 3497 1866 Καίτοι
3538 1813 3623 1876 τίς
3649 1814 3753 1867 οὐκ
3799 1812 3864 1868 ἀν

2278 1900 2630 1972 ἀπορήσειεν,
2660 1901 2744 1954 ὅτι
2780 1901 2903 1973 μηδ’
2929 1902 3113 1969 αὑτὸν,
3135 1903 3195 1956 ὃν
3231 1903 3389 1975 μόνον
3418 1903 3589 1959 ἐδόκει
3619 1905 3714 1960 τοῦ
3748 1906 3865 1977 βίου

2278 1991 2524 2064 ζηλωτὴν
2554 1992 2874 2065 κεκτῆσθαι,
2909 1996 3004 2048 καὶ
3027 1994 3369 2069 προῦτρεπεν
3400 1998 3493 2050 ἐπὶ
3521 1997 3865 2067 φιλοσοφίαν,

594 2078 918 2137 incredibile
972 2096 1082 2135 non
1121 2081 1392 2148 videatur,
1438 2083 1585 2153 quod
1632 2099 1700 2139 ne
1745 2098 1872 2139 eum
1927 2083 2168 2153 quidem,

2279 2077 2426 2155 εἷργέ
2447 2099 2527 2145 τε,
2555 2076 2644 2136 οἷα
2684 2082 2958 2153 φίλτατον,
2984 2084 3084 2155 τῆς
3118 2082 3226 2139 τῶν
3262 2086 3539 2158 ἐμψύχων,
3566 2088 3644 2151 ὼς
3673 2089 3745 2142 ἀν
3768 2090 3865 2161 οὐχ

594 2186 757 2242 quem
782 2187 954 2227 unum
982 2172 1185 2228 habere
1215 2174 1339 2229 vita:
1373 2174 1726 2242 imitatorem,
1776 2180 2175 2248 praeceptisque

594 2266 954 2337 philosophiae
1007 2282 1171 2338 quem
1235 2267 1580 2331 instituebat,
1636 2283 1745 2323 non
1806 2269 2170 2340 prohibuerit,

590 2360 1111 2432 coniunctissimum
1146 2362 1291 2428 licet,
1331 2362 1477 2417 victu
1528 2362 1915 2428 animantium,
1970 2364 2173 2435 quippe

2278 2176 2450 2240 ὁσίας,
2484 2175 2624 2230 κατὰ
2652 2174 2993 2249 Πυθαγόραν,
3019 2177 3243 2249 τροφῆς.
3280 2177 3337 2231 'U
3356 2178 3420 2243 δ’,
3444 2179 3545 2232 οὐκ
3562 2174 3660 2232 οἷδ’
3688 2180 3865 2251 ὁποίῳ

2279 2269 2442 2342 λόγῳ,
2482 2270 2628 2340 λέγει
2661 2269 2769 2342 (92)
2809 2271 2906 2341 μὲν
2939 2270 3000 2324 οὐ
3042 2271 3308 2338 ξυνοίσειν
3347 2272 3551 2344 ἑαυτῷ·
3583 2273 3792 2337 κείνοις
3816 2272 3867 2326 δ’

2278 2363 2431 2417 οὐδὲν
2451 2364 2583 2435 ὁρᾷν
2614 2362 2723 2416 ἀπὸ
2744 2363 2843 2435 τῆς
2865 2363 3079 2435 ἀποχῆς
3110 2364 3397 2436 προϐαῖνον
3426 2366 3716 2438 ὡμολόγει.

590 2456 842 2525 impurus
903 2456 999 2527 qui
1079 2463 1225 2512 esset
1270 2456 1427 2527 juxta
1474 2455 1799 2527 Pythagorae
1849 2457 2123 2514 instituta.
2182 2459 2251 2512 At
2290 2458 2427 2528 ipse,
2470 2456 2657 2513 nescio
2695 2474 2801 2528 qua
2838 2459 3049 2514 ratione
3098 2460 3321 2526 ductus,
3375 2461 3479 2516 sibi
3525 2463 3751 2533 quidem
3805 2462 3863 2517 id

590 2548 774 2603 minus
822 2548 1081 2620 expedire
1135 2550 1214 2603 ait
1265 2568 1278 2605 :

589 2656 703 2698 non
734 2640 923 2699 videre
950 2642 1174 2700 fatetur.

1192 2760 1424 2819 CAPUT
1462 2761 1605 2819 XIV.

661 2852 794 2910 Post
842 2854 959 2909 haec
1006 2852 1399 2919 Philostratus,
1440 2856 1533 2927 qui
1568 2857 1814 2914 veritatis
1855 2857 2172 2914 amantissi-

589 2960 714 3002 mus
734 2965 752 2998 ι
775 2945 1094 3003 Philalethae
1117 2967 1138 3000 ι
1160 2948 1477 3003 testimonio
1507 2950 1845 3021 perhibetur,
1879 2967 2001 3021 qua:
2032 2950 2174 3005 veri-

589 3038 723 3094 tatis
749 3037 1053 3109 specimina
1081 3038 1231 3102 edat,
1267 3039 1584 3097 considera.
1626 3040 1711 3095 Ad
1740 3041 1903 3097 Indos
1929 3042 2170 3097 delatum

587 3131 945 3202 Apollonium
999 3130 1353 3200 interpretem
1400 3132 1508 3186 sibi
1545 3134 1623 3187 ait
1669 3132 1938 3189 ascivisse
1965 3133 2044 3198 ⁸⁸,
2086 3142 2170 3187 at-

586 3238 697 3277 oue
741 3236 852 3292 per
880 3235 1008 3276 eum
1052 3221 1389 3276 collocutum
1433 3237 1559 3279 esse
1617 3238 1742 3278 cum
1796 3222 2059 3292 Phraota,
2113 3225 2170 3279 id

585 3311 735 3366 enim
781 3310 949 3368 Indiae
991 3311 1109 3382 regi
1164 3326 1365 3366 nomen
1400 3310 1593 3368 fuisse.
1644 3312 1853 3385 Nempe
1884 3316 1979 3387 qui
2007 3316 2171 3387 paulo

588 3411 738 3470 ante,
792 3404 1098 3460 secundum
1152 3402 1551 3460 Philostratum
1570 3406 1652 3471 ³³,
1706 3408 2018 3478 linguarum
2052 3422 2171 3462 om-

587 3497 745 3551 nium
773 3503 896 3553 erat
926 3497 1377 3564 callentissimus,
1404 3499 1521 3570 jam
1537 3500 1694 3570 juxta
1723 3499 1976 3555 eumdem
2003 3499 2174 3556 iuter-
2198 3480 2241 3538 (ἶ

586 3597 742 3660 pretc
779 3588 951 3645 habet
1000 3606 1161 3661 opus.
1217 3590 1281 3645 Et
1319 3607 1540 3646 rursum
1587 3593 1681 3663 qui
1721 3607 1785 3648 ea
1828 3591 2002 3659 novit,
2049 3607 2174 3662 quae

588 3681 776 3737 animo
798 3680 1049 3737 homines
1078 3690 1336 3753 premunt
1360 3689 1415 3738 et
1443 3689 1659 3736 tantum
1693 3696 1807 3737 non
1842 3688 1904 3736 ut
1937 3680 2082 3737 Deus
2107 3680 2175 3734 il-

587 3778 791 3841 lorum,

664 3889 807 3945 Huti
833 3899 913 3946 est
947 3891 1244 3961 concipiens
1267 3890 1505 3944 animum
1538 3906 1829 3961 sensusque
1850 3890 2095 3953 tacentis.

576 4005 695 4076 jam
743 4019 841 4075 per
872 4004 1252 4075 interpretem,
1288 4020 1398 4076 quo
1429 4005 1582 4059 victu
1605 4020 1703 4061 res
1749 4011 1956 4069 utatur,
1993 4004 2168 4060 inter—

1346 2549 1457 2605 ilIis
1516 2559 1698 2605 tamen
1743 2549 1875 2621 quid
1921 2566 1987 2606 ex
2032 2551 2365 2609 abstinentia
2432 2552 2502 2607 ab
2560 2551 2934 2609 animantibus
2986 2553 3259 2610 commodi
3300 2555 3591 2624 provenire
3652 2557 3855 2626 possit,

2794 2760 3187 2816 ΚΕΦᾹΛΔΙΟΝ
3226 2763 3325 2815 1Δ¹.

2358 2851 2481 2905 Ἐπί
2552 2850 2764 2916 τούτοις
2811 2854 2840 2905 6
2885 2851 3279 2924 Φιλόστρατος,
3337 2854 3367 2906 6
3405 2852 3635 2925 τάληθὲς
3684 2857 3863 2927 τιμᾷν

2276 2942 2414 3015 πρὸς
2445 2940 2541 2995 τοῦ
2580 2961 2601 2994 ι
2629 2943 2966 3015 Φιλαλήθους
2997 2963 3018 2996 ι
3075 2945 3566 3015 μεμᾳρτυρημένυς
3591 2945 3728 3015 (95),
3755 2947 3863 3017 δρα

2271 3034 2375 3107 τῆς
2406 3034 2664 3108 ἀληθείας
2698 3038 2861 3089 ὁποῖα
2889 3036 3164 3104 δείγματα
3207 3036 3532 3108 παρίστησι.
3564 3038 3867 3110 Γενόμενον

2275 3131 2406 3201 παρ’
2444 3129 2624 3193 Ἰνδοῖς
2666 3130 2758 3183 τὸν
2804 3127 3157 3182 Ἀπολλώνιον
3199 3130 3649 3202 παραστήσασθαι
3690 3148 3865 3203 φησιν

2275 3222 2557 3294 ἑρμηνέα,
2597 3224 2691 3276 καὶ
2733 3223 2801 3276 δι’
2850 3220 3015 3276 αὑτοῦ
3052 3220 3537 3293 προσδιαλέγεσθαι
3588 3222 3863 3295 Φραὼτη,

2274 3313 2434 3368 τοῦτο
2471 3314 2515 3367 δ’
2558 3310 2697 3368 εἶναι
2742 3313 2822 3386 τῷ
2856 3312 3066 3384 βασιλεῖ
3087 3313 3196 3366 τῶν
3232 3312 3405 3366 Ἰνδῶν
3443 3313 3634 3384 ὄνομα.
3679 3316 3793 3368 Kal.
3828 3317 3864 3370 6

2281 3406 2461 3479 μικρῷ
2489 3406 2743 3479 πρόσθεν,
2774 3411 2892 3461 κατ’
2920 3406 3102 3470 αὑτὸν,
3136 3405 3327 3460 πασῶν
3358 3406 3618 3474 γλωττῶν
3656 3408 3861 3474 ξυνεὶς,

2274 3500 2369 3555 νῦν
2398 3496 2489 3564 αὖ,
2511 3500 2653 3554 κατὰ
2682 3500 2774 3554 τὸν
2808 3500 2990 3565 αὑτὸν,
3016 3498 3299 3572 ἑρμηνέως
3329 3498 3514 3554 δεῖται.
3555 3501 3666 3554 Καὶ
3696 3500 3865 3553 πάλιν

2272 3592 2303 3644 6
2331 3591 2402 3645 τὰ
2432 3591 2575 3646 κατά
2612 3591 2847 3655 διανοίας
2880 3590 2990 3662 (94)
3021 3589 3321 3662 ἀνθρώπιον
3344 3589 3524 3658 εἰδὼς,
3550 3593 3643 3644 καὶ
3673 3608 3865 3663 μανον-

2274 3686 2395 3757 ουχὶ
2427 3684 2570 3741 κατά
2593 3684 2685 3740 τὸν
2717 3684 2849 3757 παρ’
2879 3685 3064 3748 αὐτοῖς
3090 3683 3222 3737 Θεὸν
3257 3684 3393 3757 (95),

2329 3884 2543 3955 Κωφοῦ
2580 3900 2644 3940 τε
2672 3884 2917 3952 ξυνιείς,
2958 3886 3054 3939 καὶ
3088 3888 3161 3940 οὐ
3190 3884 3529 3952 λαλοῦντος
3553 3886 3825 3950 ἁκούων,“

2274 4001 2437 4056 ὁποία
2461 4002 2546 4065 τίς
2579 4000 2666 4072 εἴη
2700 4000 2776 4071 τῷ
2810 3999 3020 4072 βασιλεῖ
3048 4000 3113 4054 δι’
3140 3999 3422 4073 ἑρμηνέως
3447 3999 3625 4071 ἐρωτᾷ
3655 3998 3868 4064 δίαιτα,

652 4160 701 4193 ⁸⁸
740 4161 834 4217 lib.
870 4174 933 4218 ιι.
1008 4159 1055 4193 ³⁸
1093 4161 1189 4219 lib.
1228 4174 1291 4227 ιι,
1334 4176 1385 4215 c.
1422 4160 1480 4215 4.
1555 4159 1601 4192 ³¹
1644 4159 1740 4215 lib.
1777 4175 1849 4225 ιι,
1885 4174 1939 4215 c.
1970 4159 2028 4213 7.
2104 4160 2157 4191 η

2279 4199 2292 4214 .
2321 4175 2397 4225 ιι,
2429 4175 2479 4215 c.
2515 4158 2607 4215 26.
2681 4159 2727 4191 ³³
2764 4158 2859 4216 lib.
2898 4175 2947 4225 ι,
2983 4176 3036 4219 c.
3074 4159 3160 4216 I9.

655 4321 769 4404 (uti)
818 4319 1120 4404 Ἐξᾳιφοις.
1155 4315 1234 4372 Ita
1284 4317 1455 4373 malui
1518 4332 1684 4388 quam
1745 4316 1975 4389 ἑτέροις,
2023 4315 2181 4387 quod

577 4400 699 4449 erat
738 4390 789 4444 in
829 4390 1013 4445 editis.

656 4462 784 4534 (91)
816 4461 916 4534 Ἐς
947 4458 1131 4534 οὐδὲν
1159 4462 1246 4527 dp.
1290 4458 1635 4534 ⁸τζροδαῗνον.
1674 4456 1815 4534 blade
1852 4455 2173 4511 Philostrati

579 4529 713 4620 Em.”
748 4529 835 4596 ’ὡς
853 4619 859 4620 ,
879 4529 2176 4620 θέῗῖῗδὲθᾷἓΐῖέςν.ἔθεεῗῗρθῗβαῗῖθνηὲἷίῗιέἶρίὲῑ
2211 4565 2251 4620 ι)

580 4605 1004 4674 6αῖνον,νι]ιιιιιιι
1062 4598 1354 4674 utramque
1399 4598 1689 4657 lectionem
1742 4615 1811 4655 ex
1862 4598 2098 4654 Eusebio
2120 4606 2177 4655 et

580 4692 719 4731 mss.
746 4670 1041 4743 rejecimus
1058 4687 1172 4743 suo
1197 4670 1338 4725 loco.

653 4746 767 4816 (92)
794 4738 1001 4816 ,Ἀέγεμ
1058 4738 1372 4816 Yerissinia
1410 4742 1600 4806 lectio,
1638 4754 1803 4811 quam
1841 4740 2177 4816 solatamen

579 4809 1100 4886 conjecturaducti
1132 4813 1504 4886 restituimus
1540 4832 1565 4886 _:
1607 4809 1736 4867 nam
1786 4811 1919 4884 editi
1976 4809 2180 4864 habent

577 4883 745 4959 λόγῳ,
782 4884 934 4959 quod
966 4884 1180 4959 incuria
1208 4883 1822 4959 _a_mauuens_is_natum
1871 4897 1941 4959 es
1975 4896 2179 4959 praece-

577 4949 745 5014 dcnie
776 4949 1034 5028 proximo
1056 4955 1177 5028 loco
1208 4953 1374 5028 λογῳ.
1412 4954 1851 5028 Undeiteratum
1884 4949 2026 5023 λόγῳ
2057 4949 2177 5005 frn-

577 5036 697 5084 stra
720 5021 845 5085 esse
868 5028 961 5081 alii
986 5021 1459 5094 suspicati,plane
1479 5026 1737 5087 omisere,
1760 5021 2178 5094 indeque'porro

580 5100 815 5155 formam
845 5092 1119 5167 inﬁnitain
1158 5097 1213 5167 in
1245 5092 1637 5163 subjuuctiram
1668 5104 1974 5167 mutavere,
2004 5092 2178 5157 ξυνοί-

582 5187 729 5224 σειεν
774 5164 1019 5239 legentes
1049 5182 1147 5236 pro
1183 5164 1472 5231 ξυνοίσειν,
1516 5182 1638 5237 quae
1677 5167 1791 5236 jam
1825 5164 1953 5220 inde
1980 5178 2177 5219 corru-

580 5242 741 5313 ptelae
784 5239 1052 5313 Ilnlstenii
1089 5246 1694 5313 testumuceupavere.

650 5311 769 5437 (952i
805 5311 963 5379 Πρὸς
1018 5327 1073 5363 τ.
1128 5311 1343 5364 Φιλαλ.
1397 5304 1727 5380 μελιαρτυρ.
1807 5304 1944 5363 Vide
2002 5321 2172 5377 supra

651 5398 700 5437 ο.
775 5421 789 5435 .

578 5398 700 5437 ειη).
733 5398 789 5437 Ζ.

818 5454 875 5506 '0
912 5451 983 5506 τὰ
1017 5450 1169 5505 κατὰ
1200 5451 1489 5517 διανοίας.
1535 5450 1730 5505 Verior
1767 5450 1882 5503 haec
1912 5447 2171 5520 editionis

580 5518 953 5579 Ilolsteniana:
984 5524 1145 5577 lectio
1170 5531 1275 5578 est.
1311 5522 1447 5577 Nam
1480 5522 1655 5578 Aldus
1682 5531 1738 5577 et
1768 5520 2027 5577 Morcllus
2056 5518 2173 5575 edi-

577 5594 774 5650 derant
795 5595 824 5647 6
847 5594 991 5648 κατά
1014 5593 1273 5647 διάνοιαν.

651 5665 766 5737 (95)
805 5664 981 5737 Katc‘r
998 5664 1105 5717 τὸν
1133 5666 1279 5737 παρ’,
1302 5664 1506 5732 αὐτοῖς
1529 5663 1699 5719 Θεόν.
1725 5661 1976 5737 verterat
2005 5662 2173 5737 inter-

576 5732 730 5802 pres,
748 5732 919 5807 'quasi
956 5735 1100 5807 Deus
1128 5732 1238 5787 illis
1265 5736 1478 5797 insitus,
1512 5752 1576 5789 ac
1608 5738 1652 5791 si
1678 5734 1897 5807 genium
1917 5732 2168 5807 homini-

578 5807 682 5863 bus
713 5802 948 5877 singulis
987 5806 1330 5875 adjunctum.
1378 5802 1739 5877 μυσταγωγδν
1776 5804 1870 5858 τοῦ
1909 5803 2022 5875 βίον
2060 5802 2170 5877 Eu:

577 5878 766 5937 sebius
792 5873 1187 5943 intellexisset;
1215 5873 1388 5945 quem
1401 5891 1513 5934 non
1542 5873 1816 5946 δαιμόνιον
1840 5873 2044 5953 solum,
2073 5873 2166 5931 scd

2282 4323 2338 4389 et
2369 4314 2491 4389 θεόν
2518 4316 2649 4389 ipse
2694 4315 2849 4372 Plato
2898 4317 3214 4389 frequenter
3250 4317 3503 4388 appellat.
3541 4316 3609 4371 Et
3642 4316 3869 4389 Apulei}

2282 4387 2351 4442 de
2377 4386 2481 4442 deo
2513 4384 2756 4443 socratis
2798 4389 2934 4442 liber
2965 4384 3164 4449 eistat,
3199 4384 3303 4442 hoc
3324 4384 3423 4442 'est
3461 4384 3862 4456 Περὶτοῦτοῦ

2281 4457 2633 4531 Σωκράτους
2645 4458 2974 4531 δαιμονίου,
2991 4476 3032 4531 ιι
3031 4468 3051 4510 t
3062 4456 3388 4531 Plutarchus
3399 4465 3452 4513 et
3462 4456 3738 4531 Maximus
3751 4458 3865 4531 Ty-

2282 4527 2402 4600 rius
2436 4543 2568 4600 suos
2599 4530 2952 4599 inscripsere.
2993 4529 3060 4583 Et
3094 4529 3241 4583 hunc
3279 4529 3395 4585 sive
3435 4528 3592 4583 deum
3626 4530 3744 4584 sive
3771 4527 3860 4600 ge-

2280 4598 2449 4661 nium.
2482 4598 2742 4652 arbitrum
2776 4598 3023 4654 omnium
3064 4616 3168 4653 non
3199 4601 3351 4653 modo
3385 4610 3646 4662 actorum,
3682 4598 3864 4655 rerum

2281 4672 2442 4723 etiam
2476 4670 2856 4740 cogitationum
2897 4670 3161 4740 Apuleius
3203 4677 3382 4732 vocat,
3426 4686 3589 4740 quem
3624 4671 3679 4724 in
3722 4670 3863 4740 ipsis

2282 4741 2624 4810 penitissimis
2652 4742 2910 4796 mentibus
2940 4742 3047 4797 uice
3071 4742 3405 4795 conscientia:
3430 4741 3689 4795 dirersari
3713 4741 3862 4795 alIir-

2282 4820 2416 4875 mat,
2457 4826 2618 4881 quem
2648 4811 2998 4866 dantesticum
3036 4814 3443 4881 speculatorem,
3487 4812 3862 4881 intimumrco-

2279 4879 2559 4951 gnitore'm.
2594 4881 2923 4937 individuum
2952 4879 3213 4937 arbitrum
3244 4883 3497 4952 appellat.
3523 4879 3725 4937 Verum
3750 4880 3859 4935 Eu-

2281 4953 2466 5008 sebius
2492 4952 2595 5007 hoc
2622 4954 2743 5007 loco
2765 4969 2868 5008 non
2891 4954 3120 5023 genium,
3144 4955 3238 5009 sed
3264 4952 3565 5023 Apollinem
3586 4952 3861 5022 intelligit,

2279 5024 2441 5095 cujus
2471 5023 2575 5079 hoc
2605 5024 2751 5093 quod
2774 5021 3023 5095 sequitur
3050 5026 3332 5078 oraculum
3356 5023 3498 5095 apud
3526 5021 3859 5095 Herodotum

2279 5093 2376 5166 lib.
2405 5111 2444 5161 ι,
2481 5110 2535 5165 p.
2570 5092 2750 5166 “ede
2800 5092 2921 5166 ipso
2972 5096 3216 5166 Apolline
3267 5092 3863 5166 profertur.jleininit

2277 5165 2401 5233 ejus
2443 5162 2606 5220 etiam
2638 5162 3030 5221 Tertullianus'
3055 5166 3151 5220 lib.
3186 5162 3459 5230 De'orat.,
3485 5179 3534 5218 c.
3567 5163 3674 5218 IS:
3716 5162 3857 5217 Deus

2279 5245 2456 5291 autem
2485 5252 2587 5290 non
2618 5238 2757 5291 uocis
2791 5236 2881 5292 sed
2916 5238 3092 5292 cordis
3124 5236 3340 5290 auditor
3366 5245 3444 5291 est
3475 5235 3609 5288 sicut
3634 5250 3857 5303 conspe-

2276 5316 2413 5361 ctor.
2448 5306 2785 5361 Dwmonium
2822 5309 3028 5379 oraculi
3064 5307 3250 5379 Pythii
3280 5314 3341 5379 et_
3365 5313 3576 5379 mutum
3615 5306 3862 5379 intelligo

2275 5388 2330 5432 et
2354 5395 2465 5433 non
2499 5378 2807 5448 loquentem
2831 5377 3031 5443 audio,
3076 5376 3263 5448 inquit.
3305 5377 3479 5445 Cujus
3531 5376 3861 5448 auctoritate

2276 5464 2495 5505 versum
2530 5444 2674 5503 hunc
2714 5449 2788 5503 ita
2833 5449 3069 5515 reddidi,
3110 5444 3249 5502 Muti
3277 5444 3592 5515 concipiens,
3621 5454 3729 5501 etc.
3758 5444 3864 5499 In-

2276 5526 2491 5590 terpres
2524 5540 2538 5575 :
2573 5517 2735 5574 Sardi
2766 5521 3061 5587 concipiens
3090 5521 3326 5574 animum
3352 5520 3651 5590 pariterque
3684 5527 3857 5571 lacen-

2276 5588 2619 5646 tis.'lul‘erius
2649 5590 2791 5661 (cap.
2823 5590 2914 5661 M)
2957 5591 3099 5645 idem
3131 5591 3417 5661 repetitur.
3453 5588 3728 5661 Ilous'rss.

2345 5661 2551 5732 Nempe
2571 5663 2600 5716 6
2625 5657 2753 5733 παρἱ
2779 5657 2963 5726 αὐτοῖς
2985 5661 3118 5725 Θεός
3136 5657 3241 5733 est,
3266 5661 3369 5733 qui
3380 5660 3520 5733 apud
3541 5660 3682 5733 ipsos
3707 5657 3865 5733 (gen-

2275 5731 2403 5789 tiles
2433 5730 2648 5802 némpe.
2684 5730 2739 5788 et
2773 5733 3122 5789 adversarios
3154 5730 3375 5802 Eusebii
3406 5730 3700 5802 imprimis,
3733 5730 3864 5786 Hie-

2276 5805 2506 5872 roclem,
2543 5800 2839 5861 Eusebium
2872 5813 2925 5860 et
2950 5803 3236 5874 reliquos),
3267 5800 3499 5856 habetur
3513 5800 3678 5857 Deus.
