4054 6408
316 250 419 336 sai

1448 261 1651 318 LIBER
1685 258 1967 317 CONTRA
2001 250 2420 312 BIEROCLEM.

315 390 565 467 ⁴Ιιγεμόνα
604 405 664 444 τε
698 387 838 455 ἀξιοῖ
869 386 967 458 τῆς
1007 387 1065 449 ές
1094 382 1423 456 Βραχμᾶνας
1468 380 1693 450 πορείας
1736 375 1889 447 γενέ-

1991 381 2167 445 rogat.
2222 370 2427 426 Ducem
2477 368 2606 423 item
2652 365 2891 436 aliquem
2932 363 3035 433 vim
3081 362 3153 419 ad
3191 360 3557 467 Brachmanas

320 486 443 540 σθαι
474 482 579 536 τιν’
610 479 778 550 αὐτῷ.
820 480 928 533 Καὶ
969 474 1169 549 μεταξὺ
1201 476 1230 527 6
1263 474 1361 544 μὲν
1391 471 1499 525 τῶν
1536 469 1710 525 Ἰνδῶν
1737 469 1889 541 βασι-

315 576 471 640 λεὺς,
519 575 615 628 καὶ
652 572 826 626 ταῦτα
872 568 1146 640 βάρϐαρος
1191 564 1266 618 ῶν
1310 564 1408 635 τὴν
1444 562 1626 631 φύσιν,
1659 561 1751 615 τὸν
1793 562 1886 633 έρ-

321 667 497 739 μηνέα
557 663 800 718 ἐκποδὼν
856 658 1360 733 μεταστησάμενος,
1423 654 1633 709 Ἐλλάδι
1693 654 1890 725 χρῆται

318 758 455 831 πρὸς
502 756 664 811 αὐτὸν
710 757 777 826 τῇ
822 751 1031 824 ὁμιλίᾳ,
1078 748 1323 804 παιδείαν
1373 745 1468 800 καὶ
1521 745 1889 816 πολυμάθειαν

319 848 756 919 ἐνδεικνύμενος·
811 848 840 899 6
879 845 936 898 δὲ
973 844 1081 897 οὐδ’
1116 844 1226 909 ὣς,
1251 841 1335 895 δτι
1366 840 1431 911 δὴ
1464 840 1557 893 καὶ
1597 838 1760 901 αὐτὸς
1787 836 1891 907 τῆς

319 946 448 1017 παρ’
481 945 666 1006 αὐτοῖς
689 942 788 995 οὐκ
821 937 1049 1012 ἀμαθῶς
1085 936 1198 1008 ἔχοι
1231 935 1435 1006 φωνῆς,
1467 933 1584 988 δέον
1615 929 1891 1001 ἀντεφιλο-

314 1036 591 1108 τιμησατο
642 1031 773 1105 (96).

810 1140 1206 1196 ΚΕΦΑΛΑΙΟΝ
1259 1139 1361 1193 1Ε’.

400 1257 563 1312 ’Δλλά
608 1259 702 1311 κα).
747 1255 1035 1319 λαλοῦντος
1073 1252 1281 1306 Ἐλλάδι
1318 1249 1530 1322 γλώττῃ
1568 1248 1662 1303 τοῦ
1701 1247 1888 1315 Ἰνδοῦ,

316 1349 710 1421 ἐκπλήττεται,
751 1343 784 1423 ᾖ
825 1363 987 1419 φησιν
1025 1347 1056 1399 6
1084 1344 1465 1414 Φιλόστρατος,
1503 1342 1789 1407 ἀκόλουθα,
1817 1343 1892 1405 ὼς

316 1445 515 1510 ἔοικεν,
549 1441 725 1513 ἑαυτῷ
752 1442 1002 1512 γράφων.
1032 1439 1159 1502 Πῶς
1200 1435 1309 1509 γὰρ
1354 1436 1420 1490 ἂν
1460 1434 1767 1506 ἐξεπλάγη,
1816 1435 1891 1506 μὴ

315 1536 437 1605 οὐχὶ
468 1532 744 1607 βάρϐαρον
786 1531 1010 1602 οἰηθεὶς,
1043 1532 1135 1584 καὶ
1183 1528 1467 1598 θαυμάσας
1502 1526 1615 1595 (97)
1642 1543 1657 1592 ;
1691 1526 1786 1578 καὶ
1813 1524 1893 1579 ὅτι

316 1623 382 1695 δὴ
406 1622 496 1677 τὸν
528 1623 767 1677 τοιοῦτον
796 1618 857 1673 οῦ
892 1618 1009 1672 ποτ’
1033 1618 1098 1672 ἂν
1129 1616 1433 1687 Ἑλληνίσαι
1459 1614 1890 1687 προσεδόκησενς

318 1710 441 1777 εἷθ’,
485 1713 674 1784 ῶσπερ
710 1728 764 1765 τι
798 1708 1092 1780 παραδόντι
1146 1704 1447 1778 παράδοξον
1486 1705 1890 1774 καταπλαγεὶς,

318 1807 411 1860 καὶ
438 1805 501 1858 τδ
527 1804 718 1859 τούτου
749 1802 829 1856 ἔτι
874 1801 983 1873 (98)
1028 1799 1236 1869 ἀγνοῶν
1291 1799 1483 1860 αῖτιον,
1518 1817 1538 1850 ι
1580 1798 1715 1851 Εἰπέ
1763 1815 1887 1868 μοι,

317 1899 419 1970 ἔφη
453 1900 482 1952 6
515 1895 889 1958 Ἀπολλώνιος,
953 1887 999 1947 ῶ
1062 1891 1304 1964 βασιλεῦ,
1342 1891 1505 1945 πόθεν
1535 1889 1708 1955 οὕτως
1748 1891 1891 1962 ἔχεις

318 1987 505 2058 φωνῆς
558 1986 844 2051 Ἑλλάδος-ς
901 1984 1188 2054 Φιλοσοφία
1240 2000 1301 2037 τε
1359 1984 1392 2055 ἡ
1439 1984 1564 2054 περὶ
1616 1983 1674 2036 σὲ
1729 1983 1891 2037 πόθεν

319 2076 588 2144 ὲνταῦθας
623 2076 743 2130 οὐδὲ
774 2077 882 2145 γάρ
923 2078 982 2136 ές
1012 2074 1398 2137 διδασκάλους,
1448 2068 1601 2143 οἶμαί
1636 2090 1721 2141 γε,
1763 2075 1893 2127 ἀνα-

316 2166 538 2238 φέρεις,
570 2166 694 2219 ὲπεὶ
726 2169 799 2238 μὴ
830 2161 969 2219 εἶναι
1013 2164 1192 2227 Ἰνδοῖς
1223 2163 1369 2227 είκὸς
1394 2163 1506 2233 (99)
1543 2162 1892 2228 διδασκάλους

314 2258 528 2312 τούτου.
560 2279 579 2311 ι
628 2253 796 2313 Δῦται
835 2259 891 2311 αἱ
935 2256 1225 2330 παράδοξοι
1258 2254 1352 2309 τοῦ
1383 2254 1559 2309 πάντα
1586 2252 1891 2327 προγνώσει

315 2350 653 2421 διειληφότος
699 2350 892 2420 φωναὶ,
941 2348 1007 2414 ἃς
1039 2351 1067 2401 6
1101 2347 1353 2419 βασιλεὺς
1387 2345 1765 2417 ἀμειϐόμενος.
1810 2346 1891 2399 ὅτι

316 2457 376 2494 τε
409 2441 563 2511 σχοίη
605 2438 974 2502 διδασκάλους,
1014 2439 1107 2491 καὶ
1147 2438 1340 2501 οἵτινες
1390 2432 1555 2502 οῦτοι,
1597 2436 1805 2490 ἕκαστά
1830 2452 1891 2489 τε

317 2529 587 2603 πατρόθεν
615 2529 723 2583 τῶν
757 2532 884 2601 περ)⁸
920 2530 1081 2585 αὑτὸν
1121 2527 1537 2603 ξυμϐεϐηκότων
1566 2528 1780 2601 φράζει.

828 2821 1222 2875 ΚΕΦΑΛΑΙΟΝ
1261 2822 1376 2888 ις’.

383 2902 525 2963 Εἶτα
550 2911 643 2964 καί
667 2928 775 2964 τισι
800 2910 895 2964 τοῦ
925 2911 1087 2965 Ἰνδοῦ
1113 2909 1422 2975 δικάζοντος
1454 2907 1582 2981 περὶ
1613 2908 1887 2982 θησαυροῦ

314 3001 662 3073 φωραθέντος
694 3003 751 3055 έν
793 3002 968 3074 ἀγρῷ,
1016 3003 1218 3073 πότερα
1249 3000 1327 3072 τῷ
1355 3001 1641 3073 πριαμένῳ
1662 3040 1677 3065 ,
1728 3000 1761 3073 ἢ
1811 2999 1889 3071 τῷ

1989 463 2095 519 sibi
2123 461 2242 517 dari
2267 475 2378 515 non
2402 457 2585 513 renuit
2610 455 2674 509 “.
2708 453 2919 510 lnterea
2950 452 3208 509 ludorum
3233 467 3329 508 rex
3350 452 3418 515 ³⁸,
3442 450 3563 505 ban-

1994 555 2169 611 barus
2201 553 2332 608 licet
2363 548 2661 611 natalibus,
2702 546 3002 617 interprete
3044 545 3227 602 subito
3283 541 3558 608 submoto,

1988 644 2178 701 Graece
2205 659 2330 700 cum
2358 643 2480 714 ipso
2516 642 2781 712 loquitur,
2807 640 3074 695 doctrinae
3098 646 3264 707 atque
3292 634 3560 690 eruditio-

1989 739 2081 794 nis
2114 737 2286 792 edens
2314 740 2656 806 argumenta.
2712 730 3036 801 Apollonius
3079 743 3209 784 vero
3236 741 3306 782 ne
3331 726 3413 780 sic
3438 723 3562 794 qui-

1989 827 2134 891 dem,
2172 834 2232 881 ut
2258 829 2332 896 [se
2363 839 2580 896 quoque
2611 822 2850 878 vicissim
2893 821 3090 891 linguae
3121 832 3244 889 qua:
3296 815 3439 887 apud
3471 812 3560 867 ln-

1990 919 2092 974 dos
2122 917 2411 978 obtineret.
2454 916 2691 987 peritum
2747 912 3084 976 ostenderet,
3114 918 3329 975 contra,
3358 914 3419 963 ut
3460 920 3561 977 par

1989 1015 2129 1073 erat,
2162 1005 2469 1063 contendit.

2491 1112 2651 1184 522
2686 1106 2916 1168 CAPUT
2956 1104 3070 1163 xv.

2062 1230 2163 1286 Ast
2186 1239 2240 1286 et
2268 1228 2404 1284 Indo
2432 1227 2618 1284 Graece
2656 1229 2913 1298 loquente
2955 1224 3259 1296 obstupuit,
3290 1231 3349 1278 ut
3372 1221 3561 1277 Philo-

1993 1326 2198 1375 stratus
2235 1327 2489 1383 testatur,
2521 1318 2730 1373 scilicet
2751 1325 3118 1372 consentanea
3146 1312 3249 1369 sibi
3284 1312 3387 1383 ipsi
3416 1311 3558 1365 scri-

1992 1412 2146 1468 bens.
2181 1412 2322 1480 Quid
2354 1413 2497 1468 enim
2541 1411 2843 1480 obstupuit,
2876 1409 2922 1464 si
2957 1407 3250 1463 barbarum
3296 1418 3405 1457 non
3437 1415 3561 1457 esse

1994 1504 2237 1573 putavit,
2270 1504 2434 1573 idque
2465 1503 2536 1558 ob
2565 1504 2744 1573 ipsum
2774 1497 3058 1569 suspexit?
3086 1496 3152 1550 Et
3192 1509 3293 1550 cur
3319 1507 3562 1563 quacun-

1994 1612 2100 1667 que
2133 1611 2193 1652 re
2223 1604 2433 1651 tantum
2461 1595 2638 1649 virum
2664 1593 2883 1649 Gnaeos
2926 1590 3261 1646 imitaturum
3291 1601 3413 1641 esse
3448 1596 3560 1638 non

1995 1689 2330 1759 exspectavit
2359 1687 2578 1760 potius?
2626 1685 2819 1748 Porro,
2849 1681 3007 1754 quasi
3046 1695 3134 1735 res
3178 1679 3337 1749 plane
3368 1676 3560 1744 singu-

1998 1781 2127 1834 laris
2159 1780 2227 1835 ab
2269 1795 2335 1834 eo
2372 1779 2477 1835 sibi
2520 1778 2702 1832 oblata
2749 1783 2919 1842 esset,
2959 1773 3186 1844 ejusque
3246 1765 3559 1822 adhucdum

1992 1874 2251 1945 ignorans
2284 1882 2574 1938 causamc,
2627 1869 2795 1935 Cedo,
2859 1882 2893 1922 ο
2939 1881 3055 1931 rex,
3105 1862 3284 1933 inquit
3335 1860 3562 1931 Apollo-

1991 1965 2199 2029 nius”,
2235 1964 2380 2018 unde
2410 1979 2475 2019 ea
2515 1963 2613 2017 tibi
2660 1963 2734 2016 sit
2784 1959 2988 2015 Graecae
3034 1958 3233 2027 lingua:
3285 1953 3562 2009 facultas?

1992 2053 2341 2124 Philosophia
2375 2054 2525 2116 item,
2559 2067 2666 2122 qua
2714 2051 2955 2105 imbutus
2985 2064 3067 2113 es,
3095 2046 3238 2102 unde
3267 2044 3354 2099 bis
3380 2044 3564 2115 regio-

1992 2147 2158 2202 nibus
2199 2144 2390 2200 venit?
2432 2159 2612 2214 neque
2656 2143 2823 2203 enim,
2855 2150 2916 2197 ut
2950 2148 3105 2213 puto,
3135 2138 3416 2209 magistris
3438 2150 3567 2192 eam

1993 2239 2050 2293 in
2077 2239 2315 2309 acceptis
2367 2238 2497 2303 fers,
2535 2251 2659 2290 nam
2709 2236 2987 2306 probabile
3027 2232 3173 2289 haud
3211 2241 3294 2287 est
3331 2230 3453 2301 ejus
3481 2230 3567 2286 rei

1992 2330 2286 2399 magistros
2317 2344 2440 2385 esse
2482 2328 2684 2383 ludis.»
2734 2326 2860 2381 Haac
2886 2325 3135 2380 miranda
3164 2333 3292 2380 sunt
3326 2323 3383 2377 in
3417 2322 3557 2387 viro,

1994 2419 2334 2491 prmscientia
2368 2419 2550 2471 omnia
2610 2417 2916 2487 complexa,
2970 2415 3165 2469 verba:
3211 2413 3415 2483 quibus
3467 2426 3561 2466 re-

1992 2509 2269 2580 spondens
2323 2523 2453 2570 rex,
2482 2506 2625 2576 quod
2674 2513 2729 2562 et
2763 2511 3125 2576 praeceptores
3171 2503 3453 2569 habuerit,
3504 2510 3561 2559 et

1992 2602 2216 2673 quinam
2269 2601 2346 2655 illi
2400 2599 2604 2654 fuerint
2636 2595 2986 2671 [exponens,]
3035 2597 3214 2651 omnia
3257 2595 3558 2666 sigillatim,

1991 2709 2112 2765 quae
2148 2693 2249 2764 ipsi
2290 2707 2322 2747 a
2349 2678 2622 2747 natalibus
2650 2689 3130 2761 indeobtigerant,
3163 2687 3386 2760 exponit
3408 2687 3477 2746 ⁸⁷.

2576 2821 2805 2880 CAPUT
2838 2820 2978 2887 XVI.

2062 2918 2192 2975 Inde
2218 2933 2381 2990 porro
2416 2932 2539 2972 cum
2568 2916 2661 2986 jus
2700 2913 3050 2986 quibusdam
3095 2911 3303 2968 diceret
3329 2908 3496 2967 lndus
3515 2909 3562 2943 ⁸⁸

1991 3012 2059 3067 de
2091 3012 2350 3066 thesauro
2390 3009 2445 3063 in
2489 3023 2621 3078 agro
2652 3014 2892 3078 reperto,
2929 3020 2997 3060 an
3031 3004 3265 3075 emptori
3309 3019 3381 3058 an
3429 3018 3562 3059 ven-

312 3090 377 3142 τὺ
413 3091 612 3162 χωρίον
642 3091 976 3164 ἀποδομένῳ,
1011 3092 1128 3145 δέον
1155 3086 1306 3163 οἶμαι
1334 3092 1410 3164 (1)
1438 3091 1647 3154 τοῦτον,
1682 3094 1725 3173 ⁹ό
1752 3092 1889 3145 πάν-

1993 3102 2154 3158 ditori
2194 3099 2310 3173 agri
2358 3115 2482 3155 eum
2523 3076 2753 3153 reddere
2800 3112 2898 3167 par
2950 3096 3064 3164 sit;
3105 3095 3451 3165 Apollonius,
3504 3094 3561 3147 in

308 3193 425 3243 τως
462 3180 768 3249 φιλόσοφος,
804 3182 897 3234 καὶ
929 3181 1070 3246 θεοῖς
1102 3181 1525 3253 κεχαρισμένος,
1571 3178 1885 3252 ἐρωτηθεὶς,

313 3271 587 3344 ἐπικρίνει
615 3272 692 3344 τῷ
726 3273 1030 3345 πριαμένῳ,
1064 3274 1320 3345 λογισμὸν
1351 3274 1413 3345 δὴ
1439 3275 1620 3337 αὐτοῖς
1654 3276 1890 3346 ῥήμασιν

310 3363 592 3417 ίπειπώνο
626 3385 645 3417 ι
681 3366 768 3429 Ὠς
814 3367 915 3419 οὐκ
955 3365 1022 3419 ἂν
1063 3368 1111 3420 οί
1145 3365 1256 3419 θεοὶ
1292 3366 1384 3419 τὸν
1413 3367 1509 3437 μὲν
1543 3365 1762 3435 ἀφεῖλον
1794 3367 1890 3420 καὶ

312 3453 461 3509 κατά
490 3455 592 3526 τὴν
633 3455 736 3526 γῆν
777 3455 885 3523 (2),
940 3457 989 3509 εί
1036 3455 1110 3527 μὴ
1151 3455 1353 3525 φαῦλος
1389 3452 1491 3528 ἦν,
1523 3456 1602 3528 τῷ
1640 3456 1685 3509 δ’
1716 3452 1783 3510 αὖ
1813 3457 1887 3528 (5)

313 3549 412 3602 καὶ
439 3548 510 3601 τά
533 3549 638 3601 ὑπὸ
674 3548 780 3618 γῆν
815 3547 1031 3612 δοῦναι,
1067 3550 1115 3602 εί
1152 3550 1226 3620 μὴ
1262 3549 1485 3619 βελτίων
1516 3545 1584 3621 ἦν
1616 3548 1711 3603 τοῦ
1751 3548 1889 3603 ἀποὲ

309 3639 543 3710 δομένου
569 3679 582 3692 .
609 3656 628 3690 ι
669 3639 757 3703 Ὠς
795 3640 913 3692 κατ’
944 3639 1106 3693 αὐτὸν
1131 3639 1196 3711 δὴ
1237 3639 1596 3709 ξυνάγεσθαι,
1627 3641 1755 3703 τοὺς
1790 3639 1891 3710 μὲν

311 3728 583 3801 εὐπόρους
617 3730 712 3783 καὶ
740 3728 953 3801 πλούτῳ
985 3731 1337 3803 διαφέροντας
1358 3773 1374 3797 ,
1414 3731 1516 3785 κᾶν
1548 3731 1890 3803 αίσχρότατοι

312 3820 410 3873 καὶ
455 3819 856 3873 πανωλέστατοι
907 3822 1224 3892 τυγχάνοιεν
1246 3863 1261 3887 ,
1306 3820 1754 3893 τρισευδαίμονας
1798 3821 1890 3874 καὶ

313 3910 583 3980 θεοφιλεῖς
626 3910 895 3980 ἡγεῖσθαι,
946 3911 1139 3981 μόνους
1171 3911 1215 3963 δ’
1247 3912 1356 3983 ἀρα
1401 3910 1799 3980 κακοδαίμονάς
1829 3929 1889 3964 τε

310 4001 410 4053 καὶ
454 3999 670 4063 ἀθλίους
712 4000 839 4064 τοὺς
875 4002 1268 4065 πενεστάτους,
1302 4000 1405 4055 κᾶν
1428 4001 1745 4072 Σωκράτης,
1787 4003 1891 4056 κᾶν

313 4093 607 4163 Διογένης,
655 4091 758 4145 κᾶν
799 4093 960 4156 αὐτὸς
1000 4094 1205 4156 ἐκεῖνος
1240 4092 1567 4164 Πυθαγόρας
1611 4093 1889 4167 τυγχάνῃ,

313 4182 425 4237 κᾶν
457 4182 635 4248 ἀλλος,
678 4184 731 4237 oi
771 4185 985 4238 πάντων
1002 4184 1213 4255 ἀνδρῶν
1242 4183 1677 4257 σωφρονέστατοι
1704 4200 1765 4237 τε
1797 4185 1893 4238 καὶ

312 4276 730 4329 ἐπιεικέστατοι.
764 4277 921 4330 Εἴποι
962 4276 1069 4348 γὰρ
1104 4277 1170 4330 ἀν
1213 4295 1297 4341 τις
1336 4277 1603 4348 ἑπόμενος
1640 4276 1720 4348 τῷ
1750 4277 1893 4349 λόγῳ

315 4365 394 4436 μὴ
445 4363 513 4418 ἂν
560 4366 680 4419 κατ’
709 4367 871 4419 αὑτὸν
920 4368 1046 4430 τοὺς
1096 4366 1251 4431 θεοὺς
1296 4367 1422 4430 τοὺς
1472 4366 1572 4449 μὲν
1630 4368 1890 4438 πένητας,

1992 3190 2247 3247 omnibus
2272 3187 2581 3261 philosOphi
2627 3201 2761 3242 usus
2792 3184 3067 3249 acumine,
3103 3182 3319 3254 diisque
3350 3182 3567 3237 charis-

1991 3285 2184 3350 simus,
2221 3281 2549 3338 sententiam
2590 3280 2681 3335 ubi
2711 3287 2857 3334 esset
2885 3277 3279 3346 interrogatus,
3312 3274 3554 3345 emptori

1990 3391 2116 3431 eum
2141 3374 2370 3438 addixit,
2404 3372 2618 3427 ratione
2642 3371 2707 3425 ad
2742 3369 2967 3425 verbum
2993 3368 3097 3423 hac
3117 3367 3336 3422 addita:
3374 3365 3561 3432 «Quod

1989 3462 2066 3516 dii
2098 3460 2357 3516 vendenti
2424 3458 2847 3528 haudquaquam
2893 3455 3125 3526 agellum
3151 3455 3319 3510 etiam
3357 3454 3564 3510 fuerint

1991 3551 2318 3621 adempturi,
2354 3549 2643 3619 improbus
2681 3547 2787 3603 nisi
2830 3546 2922 3614 sit,
2960 3547 3195 3617 emptori
3222 3561 3356 3601 vero
3385 3546 3557 3602 vicis-

1990 3641 2094 3697 sim
2125 3641 2353 3695 latentia
2382 3640 2545 3695 etiam
2585 3639 2690 3695 sub
2718 3646 2863 3693 terra
2893 3637 3036 3692 bona
3069 3637 3411 3702 concessuri,
3455 3637 3561 3692 nisi

1990 3732 2262 3788 vendente
2294 3732 2367 3787 sit
2398 3732 2556 3802 longe
2581 3731 2829 3786 melior.»
2872 3727 2939 3784 Ut
2969 3728 3125 3798 juxta
3159 3729 3311 3784 illum
3337 3730 3563 3784 conclu-

1992 3824 2235 3879 dendum
2290 3823 2385 3887 sit,
2428 3837 2526 3877 eos
2558 3823 2650 3893 qui
2684 3822 2880 3891 opibus
2909 3820 3160 3886 aflluunt,
3195 3827 3567 3891 prastantquo

1991 3914 2220 3979 divitiis,
2252 3929 2566 3985 quanquam
2598 3913 2888 3969 ftedissimi
2919 3913 3031 3968 sint
3086 3918 3141 3966 et
3188 3913 3564 3988 perditissimi,

1990 4022 2091 4077 pro
2149 4015 2231 4061 ter
2263 4007 2436 4062 beatis
2484 4015 2688 4072 tamen,
2741 4004 2963 4075 Deoque
3017 4006 3396 4062 dilectissimis
3439 4020 3568 4061 esse

1994 4096 2301 4154 habendos:
2357 4097 2604 4153 infelices
2640 4103 2822 4151 autem
2876 4097 3225 4166 miserosque
3261 4096 3410 4151 solos
3444 4110 3568 4152 esse

1992 4203 2110 4253 eos,
2167 4188 2261 4259 qui
2310 4203 2435 4243 cum
2489 4195 2809 4258 paupertate
2866 4188 3104 4243 maxime
3157 4186 3566 4249 conflictentur,

1994 4280 2123 4334 licet
2157 4278 2439 4334 Socratem
2482 4280 2661 4349 ipsum
2715 4278 2802 4333 vel
2853 4278 3111 4345 maxime,
3149 4293 3213 4332 ac
3248 4276 3565 4348 Diogenem,

1997 4370 2288 4441 ipsumque
2317 4371 2483 4424 etiam
2512 4369 2878 4442 Pythagoram
2905 4370 2959 4424 in
3000 4370 3088 4425 his
3113 4383 3237 4424 esse
3258 4372 3566 4440 contingat,

310 4456 539 4521 τούτους
578 4457 640 4528 δὴ
684 4459 913 4523 αὐτοὺς,
957 4460 1005 4513 οἳ
1041 4460 1182 4513 κατά
1227 4459 1543 4529 φιλοσοφίαν
1579 4460 1889 4530 διήνεγκαν,

1996 4468 2051 4516 et
2095 4475 2479 4532 quemcunque
2526 4476 2739 4528 eorum,
2793 4461 2888 4531 qui
2938 4459 3298 4531 frugalissimi
3332 4459 3461 4525 viri,
3516 4469 3572 4515 et

311 4547 610 4619 ἀφελέσθαι
649 4550 742 4603 καὶ
789 4549 858 4603 τά
900 4551 1034 4623 πρὸς
1074 4552 1172 4623 τὴν
1216 4552 1519 4621 ἀναγκαίαν
1549 4551 1776 4625 τροφὴν,
1811 4551 1888 4624 μὴ

1992 4552 2225 4624 egregia:
2303 4553 2591 4623 probitatis
2651 4560 2965 4610 censentur.
3018 4552 3180 4608 Dicat
3229 4551 3377 4607 enim
3420 4551 3566 4622 quis»

383 4703 434 4737 ⁸⁸
472 4702 566 4758 lib.
606 4719 679 4770 ιι,
710 4718 762 4759 c.
789 4703 879 4762 40.
956 4705 1001 4738 ³⁵
1042 4707 1136 4764 lib.
1172 4724 1247 4774 ιι,
1281 4725 1331 4765 c.
1363 4710 1453 4766 17.
1484 4710 1889 4783 "lih.n,cap.i

1991 4712 2035 4746 "
2069 4711 2167 4769 lib.
2203 4726 2280 4778 ιι,
2312 4726 2363 4767 c.
2397 4712 2487 4766 5|.
2564 4708 2611 4741 ³⁸
2651 4709 2752 4764 lib.
2783 4727 2857 4777 ιι,
2889 4725 2942 4768 c.
2972 4709 3077 4768 59..

383 4856 499 4939 (96)
553 4858 1191 4939 31wey¢ﬁong1§m§ic
1228 4878 1291 4939 ex
1334 4866 1654 4935 coniectura
1682 4868 1883 4924 rescri-

309 4930 749 5007 psiLg‘unlesset
778 4930 830 5007 in
854 4930 1026 5007 editis
1058 4930 1574 5007 ἀπεφιλοτιμήσατο.

385 4995 498 5070 (97)
537 4999 808 5074 Mdg-061}
832 5000 1021 5074 ,βάρᾷε
1039 4995 1191 5069 οὶηθξ
1211 5004 1307 5056 καὶ
1337 4995 1594 5074 θαὺμάσ.
1616 5006 1693 5061 Eo
1710 5006 1885 5073 respi-

306 5068 410 5132 cit,
454 5068 599 5137 quod
636 5068 925 5139 Apollonio
970 5068 1330 5128 Philostratus
1377 5068 1685 5145 φιλοσοφεῖν
1734 5068 1884 5141 δόξαι

305 5136 578 5217 Φραώτην
606 5148 860 5217 testatur,
895 5142 990 5217 lib.
1037 5158 1098 5217 ιι,
1135 5159 1255 5213 cap.
1285 5143 1377 5217 26,
1408 5145 1583 5199 initio.
1618 5146 1886 5217 Quodque

307 5156 578 5264 φὲαωτην
608 5156 860 5205 teswtur,
895 5156 990 5196 ιιι).
1037 5158 1098 5204 ιι,
1135 5159 1255 5213 cap.
1285 5156 1377 5209 26,
1408 5156 1583 5199 ιιιιιιο.
1618 5156 1886 5217 Quodque

307 5226 341 5263 ιι
385 5223 454 5263 eo
482 5210 727 5266 moribus
758 5213 941 5268 minus
977 5213 1244 5269 barbarus
1279 5215 1328 5269 ei
1372 5219 1519 5271 visus
1553 5217 1644 5273 sit.
1685 5216 1886 5272 Vereor

311 5286 531 5353 autem,
568 5296 636 5335 ne
679 5297 839 5353 suum
887 5282 976 5337 hic
1014 5282 1309 5340 Eusebium
1340 5286 1602 5342 destituat
1627 5302 1886 5353 acumen;

309 5365 416 5427 cur
447 5351 593 5403 enim
629 5351 817 5427 mirari
850 5367 957 5427 non
999 5356 1237 5422 potuerit
1264 5354 1610 5426 Apollonius,
1647 5351 1886 5427 linguam

310 5419 632 5495 Graecorum
662 5422 867 5495 callere
893 5419 1204 5495 Phraotem,
1233 5419 1394 5495 quem
1430 5427 1675 5483 moribus
1705 5419 1888 5483 minus

278 5504 290 5519 '
314 5489 614 5546 barbarum
647 5491 1095 5554 deprehenderat,
1121 5510 1230 5549 non
1251 5489 1431 5552 video.

388 5560 505 5629 (98)
531 5559 688 5629 ΔἜτι.
722 5559 797 5613 lta
834 5563 1180 5619 scribendum
1221 5581 1344 5623 esse
1380 5568 1650 5624 sententia
1691 5568 1889 5625 suade-

314 5626 430 5683 bat.
465 5626 606 5681 Editi
641 5628 924 5688 habebant.
942 5632 1059 5688 εἰτ’,

390 5697 503 5769 (99')
559 5697 766 5767 Ἰνδοῖς
790 5703 967 5769 είκός.
995 5701 1197 5761 Saltem
1214 5708 1634 5766 .testituendum
1653 5726 1737 5777 ex.
1758 5708 1887 5766 Phi-

1989 4868 2220 4924 lostrato
2254 4868 2420 4940 εἰκός,
2447 4868 2595 4939 quod
2625 4867 2905 4940 exciderat
2938 4867 3086 4940 apud
3108 4865 3428 4940 Eusebium.
3461 4866 3572 4940 (Ia:-

1990 4947 2108 4992 tera
2140 4939 2281 5009 apud
2311 4955 2435 4995 eum
2468 4937 2644 5009 totum
2672 4940 2775 4993 hoc
2797 4937 3077 4993 κῶλονίιιι
3109 4939 3275 4994 habet
3303 4958 3316 4992 :
3344 4939 3425 5009 ,Οὐ
3457 4937 3570 5009 γὰρ

1989 5010 2044 5071 ἐς
2078 5004 2433 5081 διδασκάλους
2466 5027 2529 5079 γε
2562 5006 2725 5081 οἶμαι
2746 5009 3060 5081 ἀναφέρειν,
3096 5010 3218 5081 επεὶ
3259 5008 3393 5080 μηδὲ
3430 5004 3571 5062 εἷναί

1989 5095 2141 5142 τινας
2176 5082 2234 5133 εν
2285 5080 2463 5142 Ἰνδοῖς
2482 5078 2635 5143 εἰκὸς
2656 5078 3007 5144 διδασκάλους
3035 5078 3245 5133 τούτου.

2064 5148 2139 5219 (1)
2184 5146 2372 5219 Οἶμαι.
2413 5148 2613 5219 Parum
2639 5157 3008 5219 Opportunum
3049 5150 3141 5204 isti
3166 5150 3288 5203 loco
3321 5145 3455 5219 mihi
3487 5146 3570 5219 vi:

1990 5214 2152 5290 detur
2177 5214 2417 5290 verbum,
2434 5214 2608 5290 οἶμαι,
2624 5214 2819 5290 malim
2843 5221 3177 5276 substituere
3196 5216 3402 5284 δοῦναι,
3423 5217 3572 5290 quod

1993 5289 2158 5343 etiam
2194 5290 2248 5342 in
2279 5289 2533 5359 versione
2562 5289 2827 5359 erpressi.

2061 5359 2138 5430 (2)
2177 5359 2288 5413 Kal
2324 5358 2442 5427 τὴν
2458 5357 2600 5483 ;fﬁr.
2634 5357 2779 5439 'Editi.
2808 5358 2902 5413 καὶ
2925 5359 3066 5413 κατά
3092 5359 3191 5431 τὴν
3213 5359 3338 5441 γῆν.
3365 5357 3572 5414 Omisi-

2061 5445 2115 5483 us
2149 5429 2312 5483 κατά.
2345 5444 2454 5483 auo
2512 5442 2697 5482 natum
2729 5429 2947 5483 Videtur
2976 5445 3043 5483 ex
3071 5439 3301 5483 reuetlto
3323 5428 3438 5483 καί.
3461 5428 3572 5482 for-

1991 5428 2115 5485 mus
2149 5429 2312 5494 κατά,
2345 5428 2495 5499 quod
2512 5442 2697 5482 natum
2729 5429 2947 5499 videtur
2976 5445 3043 5485 ex
3071 5428 3301 5499 repetito
3323 5428 3438 5491 καί,
3461 5428 3572 5499 for-

1992 5515 2079 5553 ma
2127 5497 2402 5554 scribendi
2437 5499 2771 5555 abbreviata.
2818 5497 3096 5556 Omissum
3135 5497 3286 5554 ’κατά
3312 5500 3478 5554 etiam
3513 5498 3570 5553 in

1989 5575 2141 5624 textu
2172 5568 2509 5625 Philostrati.

2062 5639 2140 5709 (ὅ)
2186 5639 2270 5709 Τῷ
2296 5638 2348 5693 δ’
2379 5635 2479 5694 αὖ.
2510 5638 2747 5694 Omnino
2773 5654 2839 5693 ex
2870 5637 3129 5694 Philostr.
3158 5638 3563 5698 restituendum

1992 5704 2193 5779 αῦιιιό
2222 5708 2285 5763 ἅν
2315 5709 2461 5780 quod
2492 5718 2607 5766 erat
2634 5710 2692 5766 in
2719 5710 2880 5767 editis
2907 5709 3149 5783 Eusebii.
