4100 6474
529 263 635 320 8’13

1172 263 1443 321 EUSEBII
1476 260 1956 320 CIESARIENSIS
1987 256 2136 318 OPP.
2172 259 2355 316 PARS
2392 258 2456 313 ll.
2498 287 2568 299 —
2607 234 3113 313 APOLOGETlCA.

3673 245 3771 299 811

530 379 689 433 istam
736 378 1001 433 rationem
1042 393 1298 449 sequens,
1372 378 1691 448 neutiquam
1748 377 1906 448 juxta
1973 391 2080 431 eam

2195 374 2315 445 ούχὶ
2358 374 2574 436 πάντως
2612 370 2846 440 φαύλους
2876 369 3037 431 δντας
3083 364 3175 418 τὸν
3213 364 3446 436 τρόπον’
3490 363 3605 426 τοῖς
3635 362 3692 415 δὲ
3718 360 3775 414 τὸ

525 469 656 525 deos
667 469 981 527 hominibus
998 469 1103 524 illis
1122 472 1489 541 pauperculis,
1508 471 1596 526 his
1614 470 1770 539 ipsis.
1798 465 2080 540 [inquamg

2202 461 2335 535 ἦθος
2383 460 2830 532 ἀκολαστοτέροις
2875 456 3080 526 ἄφθονα
3130 453 3223 508 καὶ
3269 452 3340 505 τὰ
3386 452 3463 541 μὴ
3508 452 3775 541 ἀναγκαῖα

520 559 616 628 qui
637 558 976 629 philosophia
994 567 1319 630 praestantes
1343 559 1515 623 fuere,
1541 562 1657 629 ipsa
1681 574 1899 629 quoque
1925 556 1992 611 ad
2011 555 2097 610 vi-

522 657 670 704 ctum
702 653 1009 721 spectantia
1051 653 1436 708 subtracturos
1469 651 1656 716 fuisse,
1704 650 1810 705 nisi
1841 648 2097 719 pessimis

520 739 600 798 lili
627 743 872 798 moribus
893 744 1269 801 exstitissent:
1304 760 1483 816 neque
1502 745 1634 808 illis,
1661 740 1755 814 qui
1774 740 1939 797 soluti
1967 749 2096 794 sunt

2203 555 2526 624 παρασχεῖν,
2563 553 2611 603 εί
2648 550 2722 621 μὴ
2751 547 2989 618 βελτίους
3022 542 3314 615 ἐτύγχανον
3344 538 3453 593 τῶν
3474 537 3772 609 προτέρων.

2216 645 2306 710 Ἐξ
2339 639 2413 699 ὧν
2448 643 2612 700 παντί
2644 660 2706 712 γε
2748 639 3063 711 καταφανὴς
3103 639 3138 711 ἡ
3177 635 3269 690 τοῦ
3313 631 3776 706 ξυμπεράσματος

2202 738 2420 793 ἀτοπία.

518 835 790 901 moribus,
824 837 1030 893 all‘atim
1073 841 1239 896 etiam
1263 815 1445 894 minus
1483 839 1788 894 necessaria
1815 836 2177 909 praestituros,
2208 835 2313 890 nisi
2359 835 2635 905 prioribus
2664 830 3004 887 exstitissent
3050 826 3323 881 meliores.
3356 820 3514 884 Unde
3568 815 3773 874 nemini

521 927 755 986 obscura
781 929 941 988 istius
970 934 1345 991 conclusionis
1378 941 1462 988 est
1492 933 1823 988 absurditas.

1003 1021 1163 1092 523
1204 1020 1431 1080 CAPUT
1473 1020 1631 1078 xvn.

589 1108 751 1167 Hisce
781 1127 848 1167 ex
878 1103 1121 1168 secundo
1148 1113 1290 1168 libro
1321 1114 1586 1184 espositis
1616 1114 1683 1169 ad
1714 1114 1933 1169 tertium
1970 1126 2096 1181 per-

515 1203 1151 1272 gemus,consideraturi
1201 1219 1322 1274 qum
1373 1205 1441 1259 ad
1491 1203 1897 1268 Brachmanas,
1949 1199 2091 1254 {atria

515 1292 654 1350 adeo
677 1294 1002 1359 celebratos,
1027 1298 1300 1367 pertinent
1332 1297 1375 1329 ³⁸
1405 1318 1416 1352 :
1451 1313 1556 1367 qua
1591 1305 1744 1367 parte
1779 1293 1951 1364 magis
1993 1306 2092 1345 oc—

515 1394 747 1442 currunt
796 1386 1154 1452 incredibilia,
1187 1404 1349 1458 quam
1396 1390 1463 1446 de
1519 1389 1693 1444 Thule
1754 1386 2088 1441 referuntur.

516 1475 630 1532 Iino
667 1478 712 1534 si
749 1479 878 1549 quid
918 1480 1065 1534 aliud
1123 1497 1363 1551 unquam
1422 1480 1784 1552 scriptoribus
1829 1476 2096 1533 fabulosis

514 1578 889 1627 monstrosum
913 1572 1279 1644 excogitatum
1317 1573 1450 1637 fuit,
1510 1575 1561 1629 id
1596 1589 1756 1629 omne
1785 1572 2089 1628 verisimile

511 1663 693 1728 valde,
728 1664 836 1718 imo
863 1665 1228 1731 verissimum,
1256 1667 1303 1721 si
1325 1681 1448 1720 cum
1470 1667 1590 1722 istis
1616 1681 1922 1736 compares,
1946 1664 2088 1718 vidc-

2719 1010 3109 1067 ΚΕΦΔΛΑιυΝ
3142 1011 3241 1063 IZ'.

2268 1110 2449 1167 Ταῦτα
2480 1109 2574 1163 καὶ
2605 1106 2713 1162 ἀπὸ
2754 1106 2849 1161 τοῦ
2880 1105 3131 1177 δευτέρου
3186 1100 3570 1174 παραθέμενοι,
3607 1098 3777 1169 ίωμεν

2196 1204 2291 1258 ἐπὶ
2321 1203 2382 1258 τὸ
2411 1201 2613 1273 τρίτον,
2654 1199 2723 1253 τὰ
2756 1196 2898 1252 κατὰ
2926 1198 3053 1259 τοὺς
3095 1193 3455 1266 βεϐοημένους
3500 1191 3778 1263 ὲποψόμερ

2196 1315 2278 1351 νοι
2311 1296 2678 1368 Βραχμᾶνας*
2728 1291 2859 1345 ἔνθα
2903 1290 2967 1361 δὴ
2994 1288 3065 1343 τὰ
3109 1288 3251 1360 ὑπὲρ
3292 1286 3497 1357 Θούλην
3544 1286 3774 1340 ἄπιστα.

2199 1391 2308 1444 Kal.
2341 1388 2395 1442 εἴ
2417 1388 2471 1441 τί
2499 1403 2603 1457 περ
2632 1384 2758 1440 ἄλλο
2785 1381 3088 1456 τερατῶδές
3125 1396 3256 1433 ποτε
3291 1377 3607 1451 μυθολόγοις
3630 1375 3779 1430 τισὶν

2196 1479 2638 1540 ἀναπέπλασται,
2670 1474 2730 1530 εὖ
2781 1475 2923 1546 μάλα
2968 1471 3135 1526 πιστὰ
3167 1472 3261 1525 καὶ
3304 1470 3667 1542 ἀληθέστατα,
3701 1468 3780 1532 ὡς

2197 1575 2254 1627 ὲν
2285 1571 2581 1644 παραθέσει
2604 1568 2828 1630 τούτων,
2851 1568 3250 1635 ἀναφανήσεται
3268 1580 3283 1593 ·
3312 1559 3394 1627 οἷς
3420 1564 3513 1615 καὶ
3536 1561 3630 1615 τὸν
3649 1561 3778 1614 νοῦν

2196 1664 2483 1735 ἐπιστῆσαι
2508 1662 2655 1728 ἄξιον
2683 1659 2783 1732 τῆς
2812 1657 2906 1711 τοῦ
2934 1677 2952 1708 ι
2985 1656 3313 1728 Φιλαλήθους
3344 1674 3363 1705 ι
3398 1655 3581 1707 ἕνεκεν
3605 1652 3780 1707 αὐθαο

515 1752 686 1811 bitur.
706 1755 915 1821 Quibus
931 1756 1155 1811 omnino
1169 1767 1401 1812 mentem
1421 1757 1705 1813 advertere
1723 1757 1885 1811 etiam
1905 1769 2080 1824 opera:

2187 1755 2355 1819 δείας,
2389 1756 2520 1826 ἡμῖν
2561 1752 2660 1824 μὲν
2715 1751 2996 1821 εὐχέρειαν
3039 1748 3114 1821 (4)
3165 1749 3259 1825 καὶ
3300 1747 3608 1818 κουφότητα
3649 1744 3779 1817 τρό-

513 1846 746 1916 prctium
799 1855 884 1902 est
940 1858 1163 1918 propter
1215 1866 1233 1899 ι
1281 1847 1598 1904 Philalethaa
1643 1869 1662 1902 ι
1726 1848 2084 1919 iactantiam,

511 1938 672 1993 nobis
700 1936 1075 1995 credulitatem
1106 1956 1427 2014 murumque
1462 1942 1733 1998 levitatem
1766 1942 2083 2006 tribuentis,

511 2030 616 2086 sibi
648 2046 777 2086 vero
824 2047 889 2088 ac
930 2034 1017 2089 sui
1059 2035 1333 2092 similibus
1365 2046 1682 2091 accuratum
1717 2036 2084 2105 solidumque,

509 2135 576 2176 ac
604 2120 836 2176 scientia
872 2122 1059 2177 nixum
1091 2124 1383 2194 judicium.
1431 2124 1566 2180 Vide
1596 2125 1762 2195 igitur
1790 2124 1992 2193 quibus
2027 2140 2086 2181 se

506 2211 674 2282 jat-tet
705 2215 997 2283 portentis,
1026 2218 1234 2273 sanctis
1265 2218 1616 2288 evangelistis
1660 2217 1866 2273 nostris
1908 2216 2086 2273 Philo-

510 2310 741 2359 stratum
774 2311 1147 2375 anteponens,
1204 2315 1264 2363 ut
1306 2308 1398 2378 qui
1435 2307 1745 2364 eruditione
1777 2322 1887 2362 nou
1922 2308 2084 2363 modo

508 2396 801 2466 profecerit
827 2399 1080 2467 maxime,
1113 2402 1208 2459 sed
1257 2402 1500 2459 veritatis
1523 2402 1689 2457 etiam
1740 2403 1812 2459 sit
1846 2402 2085 2462 maxime

506 2486 811 2551 studiosus,

1059 2603 1288 2660 CAPUT
1331 2604 1520 2662 XVIII.

578 2691 823 2751 Primum
867 2694 1033 2767 igitur
1066 2698 1287 2768 quidem
1324 2698 1378 2754 in
1409 2698 1606 2755 itinere
1640 2699 1913 2770 Apollonii
1941 2698 1987 2733 “
2012 2699 2081 2755 ad

506 2780 878 2841 Brachmanas
905 2784 1103 2842 femina
1134 2787 1383 2859 quaedam
1429 2790 1499 2844 ab
1534 2804 1599 2846 eo
1629 2792 1814 2845 colore
1862 2791 2081 2845 induci-

507 2886 619 2946 tur,
650 2895 681 2939 ιι
715 2880 892 2952 capite
920 2880 988 2935 ad
1020 2883 1197 2937 femur
1225 2897 1399 2953 usque
1440 2884 1851 2948 candidissima,
1876 2883 2084 2954 reliqua

506 2986 638 3029 vero
670 2976 916 3043 corporis
938 2983 1092 3045 parte
1120 2976 1295 3047 nigra.
1331 2974 1542 3031 Montes
1574 2992 1761 3046 porro,
1802 2976 2082 3047 pergenti-

2193 1865 2293 1901 που
2329 1845 2742 1918 περιάπτοντος,
2777 1841 2924 1913 αὐτῷ
2951 1840 3008 1895 δὲ
3036 1841 3130 1895 καὶ
3157 1843 3271 1904 τοῖς
3302 1838 3450 1910 αὐτῷ
3480 1835 3779 1911 παραπλη⁴

2191 1939 2325 2003 σίοις
2355 1939 2454 2011 τὴν
2486 1936 2686 2008 ἀκριδῆ
2724 1935 2818 1989 καὶ
2848 1932 3068 2004 βεϐαίαν
3103 1931 3239 2003 μετά
3271 1930 3534 1999 ξυνέσεως
3564 1930 3773 2001 κρίσιν.

2190 2033 2332 2104 Ὅρα
2370 2030 2501 2100 γοῦν
2527 2032 2609 2100 ἐφ’
2641 2024 2721 2093 οἷς
2759 2026 3077 2099 σεμνύνεται
3125 2024 3461 2097 παραδόξοις,
3496 2023 3606 2076 τῶν
3632 2023 3776 2092 ἡμε-

2186 2122 2360 2194 τέρων
2394 2122 2552 2176 θείων
2584 2110 2982 2190 εύαγγελιστῶν
3015 2117 3323 2189 προκρίνων
3353 2116 3444 2169 τὸν
3473 2114 3773 2184 Φιλόστρας

2184 2231 2297 2280 τον,
2326 2215 2401 2278 ὼς
2433 2215 2506 2287 μὴ
2541 2215 2699 2286 μόνον
2731 2212 2979 2276 παιδείας
3000 2213 3092 2265 ἐπὶ
3113 2210 3358 2264 πλεῖστον
3377 2209 3601 2281 ἥκοντα,
3632 2205 3774 2261 ἀλλὰ

2185 2307 2279 2361 καὶ
2306 2306 2563 2381 ἀληθείας
2586 2304 3076 2380 ἐπιμεμελημένον.

2703 2600 3096 2658 ΚΕΦΑΔΑῘΟΝ
3134 2602 3235 2657 IH'.

2254 2701 2455 2774 Πρῶτα
2485 2700 2582 2771 μὲν
2611 2694 2705 2752 οὖν
2758 2700 2816 2752 ὲν
2844 2700 2911 2770 τῇ
2957 2697 3094 2769 πρὸς
3139 2698 3266 2760 τοὺς
3297 2696 3627 2769 Βραχμᾶνας
3666 2714 3769 2750 που

2189 2794 2309 2868 ρείᾳ
2357 2793 2450 2847 τοῦ
2492 2791 2846 2846 Ἀπολλωνίου
2888 2792 3024 2863 γυνή
3089 2808 3178 2855 τις
3215 2790 3363 2862 αὐτῷ
3405 2791 3505 2861 τὴν
3549 2790 3764 2863 χροιὰν,

2183 2890 2460 2957 εἰσάγεται
2496 2886 2605 2939 ἀπὸ
2635 2885 2737 2956 τῆς
2767 2884 3008 2957 κεφαλῆς
3037 2886 3094 2948 ἐς
3129 2885 3298 2955 ὀσφὺν
3328 2883 3626 2955 λευκοτάτη
3661 2884 3764 2955 (5),

2183 2980 2245 3033 τὸ
2289 2979 2347 3032 δὲ
2384 2979 2569 3051 ἕτερον
2603 2977 2767 3051 μέρος
2794 2976 2889 3031 τοῦ
2937 2976 3188 3049 σώματος
3241 2976 3464 3049 μέλαινα
3485 2994 3500 3007 ·
3555 2975 3626 3029 τὰ
3679 2976 3764 3040 δὲ,

508 3065 611 3123 bus
640 3064 698 3120 in
722 3066 917 3124 itinere
948 3069 1014 3123 ad
1046 3068 1418 3125 Brachmanas
1449 3068 1689 3142 [oblati],
1731 3069 1916 3140 pipere
1949 3084 2080 3125 con-

2186 3071 2479 3143 προϊόντων
2508 3071 2606 3143 τῆς
2636 3072 2729 3124 ἐπὶ
2757 3071 2883 3135 τοὺς
2914 3071 3244 3143 Βραχμᾶνας
3273 3069 3412 3135 ὁδοῦ,
3435 3070 3559 3141 δρη.
3594 3085 3763 3124 καταρ-

507 3156 599 3218 Iiti
632 3157 698 3224 l‘,
724 3159 952 3231 ejusQue
979 3161 1161 3216 coloni
1206 3163 1410 3226 simiae,
1456 3162 1831 3232 draconesque
1857 3160 2080 3231 quidam

504 3251 884 3321 magnitudine
912 3253 1178 3323 stupenda
1204 3252 1270 3321 δ’,
1293 3254 1359 3310 de
1382 3269 1615 3324 quorum
1643 3252 1914 3323 capitibus
1940 3251 2081 3322 ignis

505 3340 735 3401 ﬂammae
764 3346 1085 3409 scintillant,
1116 3363 1255 3417 quos
1280 3348 1325 3401 si
1360 3347 1486 3417 quis
1518 3347 1769 3416 perimat,
1805 3346 1858 3399 in
1890 3360 2078 3400 eorum

506 3435 684 3508 capite
711 3440 991 3494 mirabiles
1021 3439 1257 3497 inveniat
1290 3440 1526 3510 lapillos,
1553 3438 1716 3510 Gyga:
1747 3438 1946 3507 lapidi,
1981 3454 2080 3492 cu-

501 3530 595 3606 jus
619 3530 762 3601 apud
796 3529 1072 3587 Platonem
1108 3535 1330 3595 mentio,
1358 3532 1582 3587 similes.
1619 3530 1683 3585 Et
1722 3531 1837 3586 haec
1860 3531 2079 3601 quidem

507 3634 637 3684 sunt
689 3641 852 3695 quae,
892 3633 1183 3696 antequam
1248 3624 1316 3679 ad
1358 3624 1759 3679 Brachmanum
1810 3624 2077 3678 tumulum

506 3717 876 3787 perveniatur,
909 3726 1223 3773 occurrunt.
1261 3716 1331 3772 Ut
1378 3733 1507 3772 vero
1542 3718 1690 3772 hunc
1715 3731 1934 3787 quoque
1963 3716 2081 3770 atti-

504 3816 701 3880 gerunt
732 3808 800 3873 “,
834 3807 1268 3864 Sandaracinum
1319 3809 1431 3864 illic
1482 3819 1703 3880 puteum
1736 3809 1941 3866 vidisse
1968 3808 2077 3876 ait,

505 3916 661 3971 aqua)
708 3901 869 3971 plane
899 3900 1205 3956 mirabilis:
1240 3900 1508 3971 juxtaque
1540 3910 1840 3965 craterem,
1899 3902 2077 3972 ignem

504 3992 899 4054 continentem.
931 4007 997 4048 ex
1025 4008 1135 4063 quo
1169 3992 1403 4062 plumbei
1436 3994 1637 4049 coloris
1686 3993 1902 4048 ﬂamma
1948 4009 2077 4049 sur.

505 4098 629 4140 sum
661 4082 867 4138 tendat.
899 4080 1038 4138 Tum
1068 4090 1122 4138 et
1156 4084 1299 4143 dolia
1343 4083 1452 4138 duo
1488 4083 1685 4152 lapidis
1718 4084 2076 4154 nigricantis,

502 4173 734 4228 alterum
785 4173 1079 4239 imbrium,
1134 4175 1473 4245 alterumque
1534 4183 1865 4239 ventorum,
1934 4175 2079 4232 unde

501 4262 870 4323 Brachmanes
901 4266 969 4320 iis
1002 4266 1203 4337 quibus
1232 4265 1451 4323 faveant
1475 4267 1748 4338 indigenis
1777 4264 1992 4340 [ventos
2013 4281 2079 4322 ac

501 4353 766 4429 pluviam]
783 4356 1182 4426 impertiantur.
1201 4356 1340 4424 Quin
1362 4366 1574 4415 statuas
1591 4373 1809 4429 qucque
1820 4357 1962 4429 apud
1980 4373 2076 4414 eos

499 4461 624 4504 esse
657 4466 679 4501 ι
720 4447 958 4504 Poliadis
997 4469 1015 4502 ι
1057 4449 1332 4517 Minervae,
1361 4450 1652 4522 Pythiique
1690 4451 1990 4523 Apollinis,
2022 4458 2077 4506 et

499 4533 721 4600 Bacchi,
750 4537 1091 4609 aliorumque
1107 4539 1468 4613 quorumdam
1499 4540 1749 4606 deorum,
1778 4554 1900 4609 qua:
1926 4537 2074 4594 Grae-

500 4628 548 4683 ci
578 4627 784 4681 colunt.
817 4627 1064 4682 larcham
1100 4638 1280 4684 autem
1317 4628 1386 4695 “,
1419 4630 1514 4701 qui
1559 4631 1815 4686 omnibus
1847 4634 2031 4700 praesit
2054 4669 2071 4695 ,

499 4719 761 4788 appellari
786 4737 803 4770 ι
841 4716 1196 4788 magistrum:
1223 4738 1243 4773 ι
1273 4736 1434 4790 quem
1454 4721 1649 4778 viderit
1669 4723 2069 4786 considentem,

498 4810 688 4870 habitu
746 4812 881 4866 adeo
917 4827 947 4867 a
993 4810 1370 4883 philosophico
1401 4813 1736 4879 dissidentc,
1786 4824 1846 4870 ut
1879 4825 2072 4872 satra-o

497 4919 625 4980 pain
661 4906 909 4962 retulerit
950 4911 1169 4978 potius,
1205 4908 1262 4964 in
1301 4908 1523 4967 sublimi
1553 4910 1878 4968 collocatus.
1908 4913 2068 4969 solio.

2184 3165 2565 3237 πεφυτευμένα
2604 3165 2665 3218 τὸ
2711 3164 2932 3236 πέπερι,
2967 3164 3062 3219 καὶ
3107 3163 3296 3217 τούτου
3339 3161 3559 3234 πίθηκοι
3585 3177 3764 3232 γεωρ-

2181 3256 2289 3327 γοὶ,
2324 3257 2417 3310 καὶ
2460 3254 2749 3329 παράδοξοί
2776 3271 2923 3317 τινες
2977 3253 3039 3308 τὸ
3071 3254 3296 3325 μέγεθος
3339 3254 3651 3326 δράκοντες,
3685 3245 3765 3306 ὧν

2180 3349 2288 3404 ἀπὸ
2311 3348 2549 3420 κεφαλῆς
2577 3346 2858 3418 λαμπάδες
2884 3345 3348 3418 ἀπορριπτοῦνται
3370 3342 3560 3417 πυρὸς,
3587 3342 3682 3407 οὓς
3714 3344 3767 3396 εἰ

2178 3457 2263 3504 τις
2289 3439 2484 3503 ἀνέλοι,
2503 3439 2652 3512 εὖροι
2674 3439 2761 3503 ἂν,
2791 3440 2941 3511 φησὶ,
2974 3437 3311 3510 παραδόξους
3334 3436 3512 3500 λίθους
3537 3434 3631 3489 ἐπὶ
3659 3435 3763 3507 τῆς

2180 3530 2442 3602 κεφαλῆς,
2462 3531 2538 3603 τῷ
2568 3532 2660 3586 τοῦ
2686 3532 2880 3602 Γύγου,
2900 3530 2994 3585 τοῦ
3012 3530 3161 3602 παρὰ
3187 3529 3265 3601 τῷ
3287 3529 3554 3591 Πλάτωνι,
3582 3545 3738 3600 παρα

2182 3622 2459 3693 πλησίους.
2480 3623 2591 3676 Καὶ
2614 3622 2785 3680 ταῦτα
2816 3622 2914 3697 μὲν
2939 3621 3011 3675 τὰ
3032 3621 3138 3693 πρὸ
3163 3622 3258 3675 τοῦ
3292 3621 3397 3674 τῶν
3419 3620 3764 3692 Βραχμάνων

2179 3714 2365 3786 λόφου.
2407 3714 2495 3780 Ὠς
2525 3716 2582 3769 δὲ
2626 3717 2719 3772 καὶ
2762 3717 2842 3779 είς
2873 3715 3032 3773 αὑτὸν
3071 3714 3345 3784 ἀφίκοντο,
3379 3713 3762 3784 Σανδαρίκινον

2179 3807 2413 3867 ἐνταῦθα
2439 3809 2616 3880 φρέαρ
2658 3808 2851 3872 ὓδατος
2917 3808 3044 3862 ίδεῖν
3101 3806 3426 3879 παραδόξου,
3478 3807 3576 3859 καὶ
3621 3821 3760 3876 κραο

2178 3898 2322 3970 τῆρα
2357 3897 2580 3970 πλησίον
2601 3898 2792 3970 πυρὸς,
2815 3892 2878 3953 οὗ
2899 3896 3071 3966 φλόγα
3102 3895 3521 3968 ἀναπέμπεσθαι
3554 3895 3759 3968 μολυϐ-

2176 3988 2340 4060 δώδην
2372 3988 2466 4043 δύο
2496 4006 2555 4043 τε
2581 3989 2767 4052 πίθους
2789 3988 2936 4043 λίθου
2976 3988 3222 4059 μέλανος·
3256 3988 3347 4040 τὸν
3377 3986 3475 4058 μὲν
3508 3985 3758 4057 ὄμϐρων,

2178 4081 2268 4134 τὸν
2288 4080 2345 4134 δὲ
2362 4080 2596 4150 ἀνέμων,
2615 4080 2705 4149 ἀφ’
2719 4072 2793 4132 ὧν
2814 4080 2940 4142 τοὺς
2952 4079 3298 4151 Βραχμᾶνας,
3314 4071 3395 4140 οἷς
3421 4075 3488 4130 ἂν
3502 4072 3610 4129 εἶεν
3631 4075 3760 4146 ἵλεῳ

2177 4172 2274 4243 τῆς
2302 4169 2504 4244 χώρας,
2553 4175 2827 4244 χορηγεῖν.
2875 4170 3036 4224 Ἀλλά
3059 4187 3123 4240 γε
3173 4172 3266 4224 καὶ
3296 4169 3589 4240 ἀγάλματα
3625 4168 3758 4241 παρ’

2184 4267 2368 4330 αὐτοῖς
2409 4265 2637 4339 Ἀθηνᾶς
2666 4285 2682 4316 ι
2718 4263 2981 4328 Πολιάδος
3012 4284 3030 4316 ι
3058 4263 3155 4318 καὶ
3170 4261 3497 4323 ’Λπόλλωνος
3530 4259 3756 4327 Πυθίου,

2181 4363 2274 4416 καὶ
2302 4360 2551 4414 Διονύσου
2583 4358 2679 4430 (6),
2710 4360 2802 4412 καὶ
2826 4358 2999 4414 ἄλλων
3035 4357 3197 4411 τινῶν
3236 4355 3559 4426 Ἑλληνικῶν
3594 4353 3755 4409 θεῶν.

2109 4431 2153 4487 D
2192 4454 2404 4527 Ίάρχαν
2434 4453 2510 4516 δὲ,
2540 4452 2632 4506 τὸν
2674 4453 2767 4505 ἐπὶ
2812 4452 3047 4514 πάντων,
3102 4469 3120 4500 ι
3160 4448 3475 4507 διδάσκαλον
3512 4468 3531 4500 ι
3570 4446 3757 4501 καλεῖ-

2180 4545 2304 4598 σθαι
2326 4562 2342 4576 ·
2371 4544 2430 4598 ὃν
2469 4544 2564 4599 καλ⁵
2598 4542 2724 4596 ἰδεῖν
2760 4540 3138 4612 καθεζόμενον,
3171 4539 3365 4594 πολλοῦ
3394 4556 3459 4608 γε
3482 4539 3565 4593 δεῖ
3607 4538 3756 4609 φιλο-

2179 4638 2435 4707 σοφικῶς,
2472 4634 2791 4708 σατραπικῷ
2824 4634 2902 4705 (7)
2948 4634 2992 4687 δ’
3027 4632 3091 4687 ἂν
3124 4633 3320 4704 μᾶλλον
3364 4633 3623 4702 σχήματι,
3667 4632 3755 4701 ἐφ’

2178 4728 2512 4799 ὑψηλοτάτου
2549 4727 2757 4799 δίφρου.
2808 4723 3023 4779 Χαλκοῦ
3072 4724 3129 4779 δὲ
3180 4724 3406 4796 μέλανος
3453 4720 3611 4787 οὗτος
3660 4719 3753 4794 ἦν,

2177 4821 2272 4875 κα)⁸
2326 4819 2636 4874 πεποίκιλτο
2671 4816 2921 4891 χρυσέοις
2970 4816 3296 4889 ἀγάλμασιν,
3347 4814 3434 4870 οῗα
3474 4816 3539 4887 δὴ
3583 4815 3751 4879 είκδς,

2178 4912 2521 4985 τεχνουργῶν
2561 4911 2842 4983 βαναύσων
2871 4909 3090 4984 τρόπον,
3121 4910 3255 4982 πυρὶ
3300 4908 3395 4964 καὶ
3420 4909 3620 4981 σιδήρῳ
3656 4925 3754 4979 μο-

566 5059 613 5094 ⁸⁸
650 5060 746 5118 lib.
777 5076 861 5120 ιιι.
933 5060 982 5097 ⁸⁸
1019 5061 1116 5118 lib.
1152 5079 1247 5129 ut,
1279 5077 1329 5118 c.
1361 5064 1415 5118 3.
1492 5065 1536 5098 ³⁸
1576 5065 1673 5121 lib.
1708 5080 1802 5131 ιιι,
1835 5082 1886 5122 c.
1919 5066 1973 5123 4.
2049 5067 2080 5102 ιτ

2183 5067 2228 5124 b.
2263 5083 2361 5133 ιιι,
2394 5083 2444 5124 c.
2477 5067 2533 5123 8.
2608 5067 2657 5099 "
2694 5066 2790 5121 lib.
2824 5082 2906 5130 ιιι,
2938 5081 2988 5121 c.
3028 5065 3111 5120 l4.
3186 5064 3233 5096 “
3271 5063 3369 5120 lib.
3401 5080 3497 5131 ιιι,
3527 5079 3575 5118 c.
3615 5064 3700 5121 16.

567 5211 646 5356 μζ
696 5213 862 5284 Ἡμῖν
884 5216 1002 5285 μὲν
1028 5216 1357 5287 εὐχέρειαν,
1390 5224 1493 5271 etc.
1538 5218 1669 5274 Vide
1693 5235 1857 5291 supra
1885 5235 1935 5277 c.
1967 5220 2022 5276 Ξ.

589 5283 625 5339 5
683 5285 816 5338 Ἀπὸ
845 5304 896 5343 τ.
1098 5291 1163 5353 ἐς
1196 5289 1335 5356 ὀσφ.
1367 5293 1537 5344 levae.
1575 5288 1651 5347 Ex
1682 5292 1945 5345 memoria
1975 5308 2022 5347 St

589 5283 646 5356 5)
683 5285 816 5338 Ἀπὸ
845 5283 897 5343 τζ
1098 5283 1335 5356 ἔςόσφ.
1367 5293 1537 5344 levae.
1575 5288 1651 5347 Ex
1682 5283 1945 5345 memoria
1975 5306 2073 5347 sua

494 5357 681 5422 potius
703 5372 863 5425 quam
888 5372 953 5411 ex
979 5356 1315 5414 Philostrato
1344 5358 1456 5413 haec.
1486 5360 1755 5426 depromit
1780 5359 2071 5425 Eusebius,

535 5439 617 5480 uae
648 5432 827 5501 tamen
844 5443 972 5501 eum
999 5428 1088 5484 hic
1108 5428 1373 5487 destituit.
1406 5428 1540 5483 Nam
1564 5429 1928 5487 Philostratus
1952 5433 2074 5501 qui-

534 5510 618 5569 em
654 5496 800 5569 illam
837 5496 1096 5552 feminam
1143 5514 1173 5554 a
1217 5501 1395 5569 capite
1441 5516 1618 5569 usque
1666 5501 1732 5554 ad
1784 5496 2070 5568 mammas,

495 5564 731 5639 nigram,
764 5567 890 5639 inde
923 5569 1131 5639 reliquo
1157 5564 1385 5639 corpore
1417 5564 1705 5625 candidam
1740 5572 1907 5627 fuisse
1937 5574 2032 5626 ait.

569 5634 660 5715 (6)_
685 5637 794 5715 βαι
819 5634 1133 5715 Διονύσου.
1155 5634 1398 5715 ln_é_ditis
1421 5641 1663 5695 additum
1685 5642 1900 5715 Δηλίου,
1924 5643 2067 5715 quod

497 5704 719 5767 Eusebii
749 5723 873 5766 esse
904 5710 1112 5782 nequit,
1147 5711 1240 5785 qui
1264 5711 1518 5785 ignorare
1546 5727 1656 5770 non
1688 5704 1902 5787 pu'terat
1928 5704 2067 5769 Delii

2176 5236 2477 5293 cognomen
2512 5221 2567 5293 in
2609 5220 2889 5293 Bacchicis
2919 5220 3061 5275 haud
3094 5236 3237 5293 esse.
3285 5220 3425 5293 Puto
3458 5237 3561 5292 ego
3585 5222 3746 5277 docta

2177 5291 2340 5347 manu
2381 5292 2612 5362 quadam
2642 5291 2835 5362 Δηλίου
2865 5292 2919 5344 in
2952 5291 3198 5360 margine
3226 5292 3400 5362 primo
3426 5292 3743 5346 adnotatum

2177 5308 2340 5347 manu
2381 5308 2612 5362 quadam
2642 5308 2835 5362 Δηλιου
2865 5308 2919 5344 ιιι
2952 5308 3198 5360 margine
3218 5308 3400 5415 Ennio
3426 5308 3743 5346 aunouunm

2177 5362 2366 5424 fuisse,
2401 5370 2458 5416 ut
2490 5362 2700 5433 scilicet
2732 5370 3010 5433 notaretur
3037 5364 3179 5429 apud
3264 5363 3610 5433 ltilostratum
3645 5377 3744 5433 pro

2188 5433 2519 5497 Ἀπόλλωνος
2549 5432 2749 5503 Πυθίου
2783 5431 2907 5503 legi,
2950 5432 3281 5497 Ἀπόλλωνος
3307 5432 3499 5503 Δηλίου
3536 5451 3549 5487 :
3580 5431 3742 5502 idque

2176 5511 2362 5573 postea
2392 5503 2669 5557 indoctum
2701 5502 2981 5555 lihrariutn
3016 5504 3070 5557 in
3101 5512 3304 5557 textum
3333 5502 3457 5573 post
3485 5504 3737 5558 Διονύσου

2177 5575 2426 5640 imperite
2451 5574 2763 5629 intrusisse.

2246 5644 2323 5716 (ἶ)
2364 5642 2729 5716 Σατραπικῷ.
2767 5641 3148 5716 ltalcgendum
3170 5643 3394 5699 omnino
3414 5658 3515 5716 pro
3538 5660 3741 5715 σατρα-

2177 5712 2352 5779 πικῶς
2378 5715 2523 5785 quod
2555 5722 2674 5770 erat
2711 5715 2766 5771 in
2799 5712 2981 5770 editis.
