4100 6474
281 327 396 388 828
1428 329 1634 388 LIBER
1669 330 1947 390 CONTRA
1987 332 2411 394 HIEROCLEM.
3445 341 3552 400 826

280 442 558 517 χθοῦντας
587 442 717 507 τοὺς
751 442 1075 513 φιλοσόφους
1111 447 1483 518 τεχνουργεῖν,
1513 446 1547 517 ἢ
1589 447 1704 515 καὶ,
1739 446 1856 502 om).

1977 449 2107 505 Erat
2138 460 2317 507 autem
2346 452 2477 509 illud
2504 468 2570 510 ex
2608 467 2718 509 tere
2756 454 2934 526 nigro,
2965 453 3258 529 aureisque
3296 467 3552 515 ornatum

281 536 604 609 ματοποιῶν
633 535 811 607 δίκην,
855 536 1159 606 αὐτόματον
1200 537 1482 592 ἀποτελεῖν
1521 540 1583 592 τὸ
1620 538 1856 612 δημιούρ

1977 546 2198 608 statuis,
2239 545 2430 616 quales
2453 546 2685 613 scilicet,
2718 546 2998 604 fabrorum
3040 565 3194 606 more
3242 552 3554 608 verosimile

274 647 467 702 τημα.
503 630 567 684 Οἰ
610 628 667 682 δὲ
705 629 815 684 τῶν
847 628 1022 684 ἄλλων
1052 629 1163 683 τῶν
1203 630 1321 702 μετ’
1354 631 1516 685 αὐτὸν
1559 631 1856 686 διδάσκαλοι

1975 636 2050 691 sit
2080 638 2398 711 sapientes,
2442 638 2553 709 igni
2601 637 2857 710 ferroque
2905 640 3185 707 adhibito,
3241 640 3548 710 fabricare;

272 721 468 792 δίφροι
505 721 696 792 χαλκοῖ
727 721 847 792 μὲν,
877 721 1064 792 φησὶν,
1088 721 1292 793 ἄσημοι
1320 722 1365 777 δ’
1395 719 1558 795 ἦσαν,
1586 725 1681 778 καὶ
1713 720 1856 797 ἦττοη

1972 728 2106 799 quin
2128 738 2182 785 et
2208 730 2667 801 pmstigiatorum
2709 731 2818 786 ritu
2866 732 2941 785 ita
2966 747 3102 802 opus
3133 732 3437 797 instruere,
3488 740 3552 790 ut

274 811 503 884 ὑψηλοί.
553 813 702 867 Ἔδει
744 813 854 885 γάρ
901 831 1002 867 που
1052 813 1315 885 τυράννου
1367 816 1585 880 πάντως
1629 816 1856 889 σχήματι

1974 827 2170 889 Sponte
2214 836 2314 876 sua
2348 828 2653 878 moveatur.
2684 821 3015 878 Caeterarum
3049 830 3253 888 autem,
3284 825 3378 895 qui
3409 825 3554 882 assi-

274 902 588 975 προνομίας
611 903 712 974 τῆς
740 904 797 957 ὲν
822 902 1121 975 ἀγάλμασι,
1150 906 1243 960 καὶ
1270 906 1456 979 χρυσῷ
1487 906 1578 962 τὸν
1600 907 1700 979 τῆς
1720 907 1856 973 θείας

1978 909 2184 966 debant
2212 912 2505 983 magistro,
2539 912 2721 977 sedes,
2743 928 2898 969 aereae
2924 913 3175 984 quidem,
3208 916 3287 970 uti
3345 916 3551 979 ait,si—

273 993 604 1064 φιλοσοφίας
625 995 942 1051 διδάσκαλον
974 996 1273 1063 ἀξιοῦσθαι.

1974 1004 2098 1075 guis
2128 1013 2310 1060 tamen
2338 1019 2542 1061 ornata:
2592 1021 2703 1061 non
2728 1013 2908 1072 erant,
2948 1008 3238 1078 minusque
3266 1009 3548 1068 sublimes.

270 1082 489 1158 Nempe
515 1096 633 1144 erat
668 1091 1000 1148 conveniens
1038 1094 1262 1148 omnino
1302 1095 1451 1165 regio
1479 1096 1694 1151 ornatui
1732 1100 2120 1170 praerogativa,
2169 1100 2226 1155 in
2273 1104 2473 1158 statuis
2504 1102 2612 1158 illis
2649 1100 3339 1173 eonsistens,[conveniens
3371 1102 3523 1180 item]

268 1195 416 1238 auro
447 1183 720 1242 honorare
748 1186 943 1241 divinae
965 1188 1317 1259 philosophiae
1343 1193 1689 1263 magistrum.

806 1284 1202 1340 ΚΕΦΑᾹΑΙΟΝ
1243 1287 1341 1341 19'.

2447 1283 2609 1356 524
2644 1283 2871 1342 CAPUT
2910 1280 3051 1341 xxx.

341 1372 576 1447 Πρῶτον
620 1375 676 1429 δὲ
718 1375 810 1430 τὸν
856 1377 1068 1450 Ίάρχαν
1114 1380 1306 1446 ἰδόντα,
1336 1382 1488 1454 φησὶ,
1536 1383 1629 1437 τὸν
1670 1386 1856 1442 Ἀπολ-

2039 1378 2290 1436 Iarcham
2337 1389 2517 1434 autem
2544 1420 2558 1443 ,
2590 1380 2679 1434 ubi
2732 1381 2967 1449 primum
3039 1379 3385 1452 Apollonium
3416 1398 3551 1438 con-

265 1460 492 1529 λώνιον,
530 1465 597 1533 νὲξ
642 1466 904 1538 ὀνόματός
946 1486 1005 1522 τε
1057 1475 1375 1542 προσειπεῖν
1416 1472 1490 1544 (8)
1538 1475 1747 1531 Ἐλλάδι
1792 1481 1856 1551 τῇ

1967 1470 2236 1544 spexisset
2257 1511 2270 1533 ,
2291 1469 2617 1524 nominatim
2650 1485 2775 1524 eum
2808 1471 3073 1526 salutasse
3127 1472 3202 1525 ait
3232 1470 3417 1526 Grzcca
3452 1473 3549 1526 lin-

266 1560 453 1630 φωνῇ,
487 1559 581 1613 καὶ
611 1561 676 1631 ἣν
702 1559 849 1631 αὐτῷ
877 1560 1029 1633 παρά
1053 1561 1307 1634 Φραώτου
1333 1566 1547 1637 κομίζει
1573 1568 1856 1643 ἐπιστολὴν

1966 1578 2093 1636 gua,
2125 1560 2385 1632 reddique
2418 1561 2520 1616 sibi
2550 1561 2835 1631 epistolam
2859 1602 2874 1625 ,
2917 1576 3081 1632 quam
3115 1576 3145 1615 a
3174 1560 3408 1618 Phraota
3444 1564 3547 1634 ipsi

263 1651 522 1722 αἰτῆσαι,
571 1650 713 1706 κατά
762 1654 1068 1725 πρόγνωσιν
1113 1656 1213 1728 ἤδη
1264 1657 1424 1712 τοῦτο
1469 1660 1858 1732 προειληφότα.

276 1740 744 1841 σενῦείξασθαίμτε
785 1743 853 1841 τὸ⁸
893 1743 1073 1841 ἔνθ-εον
1117 1748 1217 1817 τῆς
1249 1749 1627 1820 προγνώσεως,
1676 1770 1862 1824 προει-
1892 1785 1935 1841 Β

267 1834 505 1907 ρηκότα,
531 1834 609 1898 ὠς
650 1835 756 1906 ἄρα
788 1837 867 1890 ἐνὶ
890 1837 1196 1909 γράμματι,
1236 1840 1315 1913 τῷ
1352 1859 1371 1891 ι
1406 1842 1596 1907 Δέλτα,
1638 1863 1657 1896 ι
1691 1843 1862 1899 λείποι

261 1928 296 1999 ἡ
340 1926 629 2000 ἐπιστολή.
671 1929 972 1999 ’Ἃρξασθαί
1020 1948 1079 1985 τε
1120 1933 1497 2005 ἀπειροκάλως
1542 1935 1703 2001 εὐθὺς
1754 1936 1864 1990 ἀπὸ

261 2024 503 2094 πρώτης
532 2020 771 2092 ὁμιλίας,
815 2024 1247 2097 ἀπειροπλούτου
1289 2026 1466 2100 δίκην,
1507 2029 1864 2085 ὲνεπιδείκνυ·

265 2111 395 2167 σθαι
432 2112 497 2167 τὸ
537 2114 639 2185 τῆς
691 2116 1053 2187 προγνώσεως
1097 2119 1497 2193 πλεονέκτημα,
1530 2123 1740 2196 πατέρα
1769 2125 1863 2178 καὶ

265 2204 493 2277 μητέρα
530 2206 895 2276 καταλέγοντα
941 2208 1034 2263 τοῦ
1075 2210 1453 2276 Ἀπολλωνίου,
1489 2215 1643 2284 γένος
1676 2233 1733 2270 τε
1769 2219 1862 2272 καὶ

260 2297 503 2370 τροφὴν,
536 2298 631 2352 καὶ
657 2300 930 2363 παιδείαν,
972 2301 1067 2355 καὶ
1093 2304 1192 2368 τὰς
1220 2305 1363 2358 κατά
1399 2307 1625 2378 χρόνους
1656 2308 1859 2382 ἀποδη-

264 2389 429 2460 μίας,
460 2390 555 2444 καὶ
585 2391 682 2461 τὴν
722 2393 779 2456 ἐς
821 2393 983 2447 αὑτὸν
1030 2395 1274 2466 πορείαν,
1306 2399 1401 2452 καὶ
1443 2398 1513 2452 τὰ
1546 2401 1665 2453 κατ’
1693 2401 1861 2474 αὐτὴν

260 2482 640 2553 πεπραγμένα
693 2482 840 2555 αὐτῷ
895 2485 988 2538 καὶ
1030 2484 1372 2557 ώμιλημένα.
1408 2484 1541 2542 Εἶτα
1590 2489 1647 2543 δέ
1696 2508 1860 2562 φησιν

258 2564 428 2638 οὗτος
469 2574 499 2627 6
550 2573 853 2646 θαυμάσιος
912 2580 1281 2649 συγγραφεὺς,
1334 2581 1459 2644 τοὺς
1509 2581 1857 2653 Βραχμᾶνας,

261 2667 388 2738 ἅμα
444 2666 525 2739 τῷ
564 2668 925 2741 Ἀπολλωνίῳ,
973 2672 1340 2742 χρισαμένους
1391 2673 1691 2745 ἡλεκτρίνῳ
1726 2692 1861 2746 φαρ-

261 2758 454 2830 μάκῳ,
480 2759 812 2814 λούσασθαι·
846 2763 941 2816 καὶ
986 2764 1349 2834 περιστάντας
1376 2764 1452 2829 ὼς
1483 2766 1542 2817 ὲν
1578 2765 1728 2838 χορῷ
1760 2768 1858 2839 τὴν

258 2850 372 2922 γῆν
408 2850 575 2922 τύψαι
616 2856 737 2918 ταῖς
788 2854 1035 2926 ράὁδοις’
1064 2854 1161 2926 τὴν
1207 2855 1263 2908 δὲ
1314 2857 1684 2929 κυρτωθεῖσαν
1730 2860 1860 2914 ἀνα-

260 2944 490 3017 πέμψαι
523 2946 719 3010 αὐτοὺς
744 2948 803 3011 ἐς
848 2947 1049 3018 δίπηχυ
1082 2947 1177 3001 τοῦ
1209 2949 1391 3021 ἀέρος,
1419 2949 1641 3003 ἑστάναι
1680 2967 1739 3004 τε
1768 2951 1861 3004 αύ-

258 3039 397 3102 τοὺς
426 3037 734 3112 μετεώρους
761 3041 818 3092 ἐν
838 3040 985 3111 αὐτῷ
1007 3039 1127 3112 ἀέρι
1150 3041 1242 3093 ὲπί
1263 3058 1315 3094 τι
1343 3042 1536 3113 χρόνου
1561 3042 1854 3114 διάστημα,

1968 1655 2229 1711 afferebat
2250 1694 2265 1716 ,
2300 1653 2613 1725 postulasse
2638 1693 2652 1718 ,
2680 1661 2862 1709 mente
2895 1669 3138 1725 praesaga
3172 1670 3236 1709 ea
3265 1655 3331 1710 de
3356 1655 3546 1724 rejam

1970 1756 2128 1803 antea
2151 1745 2428 1803 edoctum.
2484 1744 2688 1816 Nempe
2714 1746 3120 1800 demonstrasse
3145 1745 3408 1801 divinitus
3440 1745 3547 1800 sibi

1964 1855 2052 1893 res
2080 1846 2239 1893 antea
2281 1844 2597 1908 perspectas
2639 1853 2782 1900 esse,
2811 1836 3156 1908 przedieendo
3199 1852 3305 1891 una
3338 1837 3541 1902 littera,

1967 1948 1987 1982 ι
2018 1929 2192 1995 Delta,
2228 1950 2247 1984 ι
2279 1930 2509 1987 deﬁcere
2540 1930 2846 2000 epistolam.
2868 1930 3115 2001 Cmpisse
3139 1939 3317 1985 autem
3352 1945 3545 2001 parum

1962 2025 2210 2081 modeste
2234 2025 2408 2095 prima
2441 2024 2627 2080 statim
2682 2025 3133 2086 conversatione,
3174 2039 3328 2080 more
3352 2039 3545 2079 eorum

1961 2120 2051 2188 qui
2087 2119 2257 2174 vastis
2286 2117 2493 2173 divitiis
2521 2116 2826 2178 abundant,
2871 2115 3315 2171 ahscouditarum
3360 2132 3543 2172 rerum

1955 2212 2167 2279 jactare
2199 2211 2507 2274 scientiam,
2546 2217 2755 2281 patrem
2800 2210 3139 2265 recensendo
3168 2210 3439 2280 Apollonii
3491 2217 3546 2266 et
3610 2216 3625 2231 ί

1960 2311 2212 2370 matrem,
2240 2312 2293 2359 et
2321 2318 2495 2374 genus
2533 2319 2717 2366 omne,
2742 2302 3235 2374 educationemque
3286 2311 3342 2359 et
3387 2303 3545 2358 iusti-

1958 2393 2244 2462 tutionem,
2267 2394 2544 2464 variisque
2590 2394 2931 2465 temporibus
2983 2403 3269 2463 susceptas
3298 2393 3544 2465 peregri-

1959 2485 2230 2546 nationes,
2263 2492 2315 2540 et
2345 2484 2491 2555 quod
2521 2485 2587 2540 ad
2613 2485 2791 2555 ipsum
2822 2485 3134 2541 instituerat
3158 2486 3280 2550 iter,
3314 2499 3546 2555 quaeque

1958 2577 2062 2646 ipsi
2090 2579 2143 2632 in
2176 2592 2241 2632 eo
2271 2584 2421 2649 gesta
2457 2576 2671 2632 dictave
2721 2576 2957 2634 fuerant.
3000 2578 3131 2632 lude
3173 2592 3337 2647 porro
3391 2592 3542 2648 egre-

1958 2671 2080 2742 gius
2108 2671 2200 2726 ille
2232 2671 2466 2741 scriptor
2494 2678 2685 2725 narrat
2716 2668 2785 2735 “,
2814 2671 3082 2725 electrino
3128 2680 3406 2742 unguento
3436 2686 3542 2725 un-

1958 2772 2078 2821 ctos
2102 2764 2474 2821 Brachmanas
2504 2779 2628 2818 eum
2650 2761 2925 2835 'l‘yanensi
2948 2805 2962 2829 ,
2995 2764 3193 2819 balneo
3224 2780 3356 2820 usos
3385 2780 3505 2819 esse
3525 2804 3541 2821 .

1955 2872 2189 2924 eumque
2218 2855 2557 2918 ambientes,
2593 2856 2764 2910 choro
2790 2854 2981 2924 quasi,
3038 2862 3244 2910 terram
3289 2857 3548 2927 scipioni-

1956 2946 2059 3001 bus
2083 2944 2328 3009 feriisse;
2360 2959 2481 2998 eam
2514 2960 2646 2999 vero
2677 2943 2733 2998 in
2769 2945 2994 3015 gibbum
3026 2947 3386 3010 rcsilientem,
3419 2949 3545 3004 alti-

1955 3037 2146 3093 tudine
2177 3037 2460 3092 bieubitali
2491 3053 2585 3092 eos
2612 3039 2665 3091 in
2713 3053 2901 3093 aerem
2958 3039 3243 3104 extulisse,
3276 3042 3540 3111 pensiles-

260 3128 451 3185 ἕλκειν
476 3130 534 3185 δὲ
566 3132 660 3186 καὶ
699 3129 810 3203 πῦρ
844 3131 951 3185 ἀπὸ
978 3131 1072 3186 τοῦ
1116 3132 1289 3204 ἡλίου,
1327 3133 1415 3186 ὅτε
1442 3132 1735 3204 βούλοιντο,
1764 3136 1856 3189 αύ-

1957 3145 2062 3201 que
2089 3128 2408 3199 aliquandiu
2440 3128 2495 3184 in
2528 3130 2647 3201 ipso
2690 3145 2818 3185 aere
2857 3130 2981 3186 illos
3007 3132 3341 3189 substitisse.
3388 3131 3544 3189 Deri.

258 3223 540 3294 τομάτως.
570 3222 791 3286 Τούτοις
822 3222 866 3276 δ’
896 3223 1147 3296 ἐπιφέρει
1182 3224 1481 3296 παράδοξον
1509 3228 1537 3280 6
1574 3226 1848 3298 θαυματο-

260 3311 459 3383 λόγος’
491 3314 566 3377 ὡς
596 3314 706 3387 ἄρα
733 3314 985 3387 τρίποδες
1018 3317 1243 3371 Πυθικοὶ
1265 3318 1521 3389 τέτταρες
1555 3318 1849 3392 ἑξεκυκλή-

242 3406 446 3480 ,θησαν
474 3406 573 3478 (9),
605 3407 902 3478 αὐτόματοι
944 3408 1263 3478 φοιτῶντεςο
1301 3411 1396 3465 καὶ
1428 3411 1635 3476 εἰκάζει
1661 3411 1725 3483 δὴ
1755 3408 1850 3466 οὖν

260 3500 470 3563 αὐτοὺς
508 3502 623 3565 τοῖς
662 3492 1001 3572 ὐμήρείοις·
1041 3502 1310 3573 οἰνοχόους
1350 3504 1401 3555 τ’
1430 3505 1522 3557 ἐπὶ
1548 3503 1758 3569 τούτοις
1786 3506 1850 3559 ὲκ

260 3590 476 3664 χαλκοῦ
518 3590 798 3656 διακόνους
848 3594 949 3665 τὴν
1000 3592 1131 3666 ῦλην
1176 3596 1285 3666 (10)
1331 3595 1509 3667 ἵστησι
1560 3596 1847 3669 τέτταρας.

273 3683 553 3753 Ἐπιλέγει
573 3683 630 3737 δὲ
662 3684 738 3749 ὡς
770 3683 877 3757 ἄρα
918 3685 1011 3738 καὶ
1040 3688 1073 3757 ἠ
1098 3686 1167 3757 γῆ
1189 3687 1509 3758 αὐτομάτως
1539 3688 1852 3761 ὑπεστρών-

259 3794 397 3833 νυτο
435 3778 619 3841 αὐτοῖς
652 3777 807 3841 πόας.
840 3776 962 3831 Τῶν
1000 3777 1057 3832 δὲ
1089 3778 1357 3851 τριπόδων
1395 3780 1445 3833 οἱ
1481 3780 1578 3851 μὲν
1605 3779 1718 3844 δύο,
1750 3798 1853 3853 φη-

263 3872 379 3935 σὶν,
421 3868 565 3924 οἴνου
595 3866 887 3944 ἀπέῥρεον,
931 3872 980 3926 οἰ
1018 3871 1076 3924 δὲ
1119 3872 1295 3941 ἕτεροι
1330 3872 1444 3936 δύο,
1473 3873 1502 3926 6
1536 3873 1635 3943 μὲν
1661 3872 1852 3939 ὓδατος

260 3960 475 4034 θερμοῦ
526 3964 722 4036 κρᾶσιν
767 3967 1049 4037 παρεῖχεν,
1093 3967 1123 4019 6
1164 3964 1209 4019 δ’
1248 3960 1315 4019 αὖ
1352 3965 1581 4038 ψυχροῦ.
1623 3968 1763 4031 Τοὺς
1794 3967 1851 4020 δὲ

258 4056 538 4129 οἰνοχόους
587 4059 714 4121 τοὺς
746 4055 984 4128 χαλκοῦς
1033 4055 1297 4130 ἀρύεσθαι
1348 4058 1629 4131 εύμέτρως
1669 4057 1763 4113 τοῦ
1791 4076 1851 4113 τε

258 4147 413 4204 οἴνου
466 4148 687 4204 καὶτοῦ
739 4149 963 4215 ὓδατοςο
1012 4149 1385 4222 περιελαύνειν
1426 4168 1489 4221 γε
1532 4152 1715 4225 κύκλῳ
1755 4151 1854 4217 τάς

259 4242 519 4309 κύλικας,
550 4242 739 4316 ὥσπερ
758 4245 817 4298 ὲν
838 4246 951 4309 τοῖς
975 4244 1157 4308 πότοις
1186 4244 1319 4319 (Η).

801 4512 981 4565 ΚΕΦᾹ
990 4513 1198 4566 ΔΑΙΟΝ
1235 4514 1320 4567 Κ¹.

337 4600 526 4656 Ταῦτα
569 4602 842 4674 Ἱεροκλεῖ,
870 4604 940 4657 τά
962 4604 1224 4658 ἀνωτάτω
1253 4604 1363 4675 (l2)
1392 4606 1486 4659 καὶ
1530 4604 1757 4660 καθόλου
1782 4606 1856 4661 δι-

265 4697 541 4769 καστήρια
606 4697 1040 4769 πεπιστευμένῳ,
1091 4696 1230 4769 μετά
1288 4697 1488 4769 πολλῆς
1547 4698 1854 4763 ἀνετάσεως

346 4890 395 4924 ⁸⁸
434 4889 533 4945 lib.
566 4905 651 4955 ιιι,
682 4906 735 4945 c.
771 4889 859 4944 17.
935 4890 982 4924 ⁸⁸
1019 4891 1117 4947 lib.
1155 4907 1249 4957 ut,
1284 4906 1335 4946 c.
1370 4892 1464 4949 27.

1953 3235 2083 3274 vare
2116 3220 2243 3275 item
2267 3234 2363 3274 eos
2386 3219 2480 3273 ubi
2513 3219 2808 3283 voluerint,
2836 3235 2902 3274 ex
2934 3221 3047 3275 sole
3074 3220 3253 3291 ignem
3276 3261 3293 3287 ,
3347 3231 3543 3292 sponte

1956 3319 2296 3382 sequentem.
2338 3312 2517 3383 Atque
2546 3310 2669 3366 istis
2695 3312 2952 3367 omnibus
2982 3328 3096 3367 rem
3126 3314 3284 3383 plane
3313 3323 3542 3385 stupen-

1954 3403 2078 3458 dam
2114 3412 2468 3475 portentosas
2497 3404 2588 3458 ille
2615 3404 2853 3474 scriptor
2876 3404 3060 3476 jungit
3090 3404 3170 3473 “;
3204 3413 3262 3461 ut
3297 3408 3541 3478 tripodes

1957 3512 2172 3567 nempe,
2198 3494 2410 3569 Pythiis
2442 3496 2680 3561 similes,
2734 3504 2990 3567 quatuor,
3023 3506 3217 3568 sponte
3267 3514 3367 3555 sua
3419 3516 3540 3557 mo~

1956 3597 2169 3653 ventes,
2202 3588 2255 3643 iu
2284 3589 2523 3644 medium
2548 3590 2957 3659 processerint;
2992 3604 3198 3660 eosque
3230 3589 3540 3650 Homericis

1958 3682 2165 3738 similes
2190 3695 2314 3737 esse
2364 3681 2458 3735 ait.
2504 3679 2804 3736 Pincernas
2856 3689 3039 3737 autem
3072 3682 3139 3739 iis
3188 3699 3256 3739 ex
3305 3691 3457 3748 tere,
3489 3686 3540 3741 si

1957 3770 2241 3827 materiam
2290 3780 2529 3842 spectes,
2558 3771 2650 3842 qui
2688 3772 3100 3841 ministrarent,
3152 3776 3344 3829 statuit
3398 3792 3538 3849 qua-

1957 3871 2104 3919 tuor.
2138 3862 2301 3918 Addit
2329 3864 2495 3919 etiam
2520 3904 2536 3931 ,
2578 3871 2638 3918 ut
2686 3873 2830 3921 terra
2879 3871 3075 3934 sponte
3117 3866 3366 3935 gramina
3408 3867 3541 3923 sub-

1956 3957 2237 4013 straverit.
2262 3955 2563 4028 Tripodum
2587 3964 2765 4012 autem
2795 3955 2955 4013 binos
2984 3957 3061 4011 ait
3088 3959 3216 4012 viuo
3249 3974 3537 4026 manasse,

1956 4049 2295 4121 reliquorum
2354 4065 2485 4104 vero
2541 4050 2773 4104 alterum
2819 4050 3011 4105 calidae
3057 4050 3424 4107 admiscenda:
3451 4068 3538 4109 co-

1952 4142 2097 4213 piam
2127 4142 2342 4210 fecisse,
2376 4143 2606 4197 alterum
2648 4142 2894 4214 frigidae;
2936 4159 3218 4215 aereosque
3246 4144 3536 4215 pincernas

1950 4236 2140 4290 vinum
2176 4235 2379 4306 pariter
2411 4241 2466 4289 et
2513 4248 2713 4304 aquam
2757 4236 2907 4307 larga
2958 4236 3212 4293 hausisse
3246 4253 3533 4305 mensura;

1950 4327 2152 4382 calices
2180 4327 2332 4383 enim
2362 4327 2718 4384 circumlatos
2750 4343 2894 4394 esse,
2928 4336 2989 4384 ut
3022 4328 3137 4385 ﬁeri
3171 4332 3229 4385 in
3258 4341 3538 4402 compota-

1952 4419 2196 4475 tionibus
2226 4418 2451 4476 assolet.

2452 4509 2611 4582 525
2649 4511 2876 4569 CAPUT
2913 4510 3031 4567 xx.

2027 4601 2133 4660 Ista
2177 4599 2453 4669 Hierocli,
2500 4602 2774 4674 supremis
2823 4604 2879 4657 in
2930 4604 3229 4673 provinciis
3277 4603 3535 4675 praefecto

1955 4697 2287 4762 dicasteriis,
2326 4700 2496 4752 multa
2522 4696 2772 4751 instituta
2807 4695 3227 4766 disquisitione,
3254 4712 3381 4751 vera
3411 4710 3535 4754 esse

337 5048 416 5133 (β)
458 5049 835 5133 Προσςειπῷς..
888 5048 967 5133 ita
993 5047 1421 5133 esol’hilostrato
1457 5047 1846 5133 scribendum;
1882 5057 1925 5114 ο
1955 5045 2129 5133 invito
2153 5046 2352 5130 linguae
2371 5047 2553 5133 genio,
2578 5060 2698 5101 eam
2722 5047 2909 5120 itaque
2929 5046 3106 5104 omitti
3132 5045 3295 5119 plane
3318 5047 3529 5125 malim,

263 5119 410 5177 male
434 5119 577 5191 enim
610 5123 664 5175 in
695 5120 859 5176 editis
888 5119 1107 5191 Eusebii
1134 5127 1218 5191 est
1247 5122 1550 5191 προειπεῖν.

340 5191 416 5262 (9)
469 5190 1020 5260 Ἐξεκυκλήθησαν.
1048 5188 1165 5262 Vox
1197 5190 1250 5243 in
1286 5188 1518 5245 theatris
1547 5189 1745 5246 usitata
1781 5190 1851 5246 de

265 5263 398 5327 illis,
424 5277 545 5331 quae
567 5262 835 5317 machinis
868 5261 1099 5315 Occultis
1125 5261 1179 5315 iu
1206 5276 1433 5331 scenam
1470 5262 1849 5330 provehehan-

265 5342 388 5399 tur;
422 5330 596 5386 utitur
620 5332 833 5391 eadem,
867 5332 958 5387 ubi
992 5333 1059 5386 de
1089 5332 1173 5387 his
1204 5330 1604 5387 Brachmanum
1639 5331 1850 5388 artibus

264 5403 476 5474 loquitu
487 5420 533 5470 r,
552 5402 890 5473 Thespesiou
917 5403 1361 5474 gymnosophista
1380 5402 1530 5474 apud
1549 5399 1851 5456 Philostra-

267 5470 382 5528 tum
419 5475 512 5528 lib.
541 5491 613 5535 vt,
642 5470 715 5529 De
757 5475 863 5528 vita
894 5470 1340 5543 Apolloniﬂrap.
1367 5470 1455 5527 10.
1487 5470 1634 5526 Loco
1662 5481 1849 5543 autem

267 5545 362 5616 ubi
389 5543 504 5599 haec
540 5544 854 5616 referuntur
892 5543 1113 5615 proprio
1149 5545 1377 5599 verbum
1416 5542 1851 5616 ὲξεπορεύθησαν

266 5610 529 5671 Philostr.
567 5614 837 5669 adhibuit.

344 5685 454 5757 (10)
491 5686 736 5757 Χατικοῦ
765 5684 1086 5752 διακόνους
1127 5684 1245 5757 τὴν
1283 5683 1463 5757 ὕλην.
1512 5682 1681 5755 Ᾰσὶετθ
1714 5683 1847 5739 mihi

270 5753 404 5826 facit
436 5753 541 5812 'vox
568 5754 850 5821 διακόνους
882 5753 1205 5826 interposita
1249 5754 1480 5811 vocibus
1513 5753 1708 5826 natura
1726 5768 1843 5826 «sua

267 5825 689 5901 coniungendis,
723 5842 899 5898 neque
938 5825 1042 5882 hac
1075 5828 1288 5883 ratione
1334 5825 1681 5893 divelleudis,
1733 5825 1842 5881 nisi

1953 5118 2089 5172 nihil
2112 5119 2256 5171 enim
2290 5133 2351 5172 ea
2383 5126 2466 5173 est
2492 5132 2652 5187 opus.

2027 5187 2140 5259 (H)
2179 5188 2409 5255 Πότοις.
2445 5188 2582 5242 Male
2624 5189 2677 5243 in
2710 5189 2876 5246 editis
2906 5187 3212 5244 habebatur
3240 5191 3529 5259 ποταμοῖς,

1993 5260 2097 5330 uod
2124 5273 2319 5330 secure
2344 5260 2505 5314 nimis
2529 5268 2754 5314 secutus
2778 5260 2882 5314 fuit
2908 5259 3188 5321 Aceiolus,
3212 5259 3305 5330 qui
3327 5261 3492 5315 vertit
3509 5276 3528 5306 .·

1997 5329 2061 5384 ed
2092 5339 2144 5402 et
2172 5329 2371 5402 calices
2394 5340 2541 5402 actos
2567 5330 2622 5383 in
2642 5347 2830 5400 gyrum
2852 5331 3007 5402 quasi
3030 5329 3287 5402 uorticow
3312 5330 3532 5399 ﬂumine

1952 5399 2313 5471 impellebant.
2335 5399 2410 5453 Eo
2433 5401 2604 5455 tutius
2628 5399 2806 5456 autem
2832 5399 3018 5465 πότοις
3039 5400 3363 5471 substituas,
3381 5403 3528 5471 quod

1954 5468 2072 5541 ipsa
2112 5472 2202 5527 hic
2243 5468 2561 5524 Philostrati
2616 5473 2781 5525 verba
2821 5472 3113 5527 retinuerit
3147 5468 3439 5531 Eusebius.
3471 5473 3526 5528 iu

1958 5546 2117 5611 cujus
2147 5548 2300 5595 textu
2337 5542 2520 5605 πότοις
2570 5542 2818 5596 codicum
2868 5543 3112 5597 omnium
3143 5557 3416 5598 consensu
3451 5543 3529 5598 le-

1958 5613 2124 5683 gitur.
2153 5612 2415 5685 Eamdem
2445 5612 2731 5685 lectionem
2763 5612 3093 5669 Salmasium
3121 5628 3340 5685 quoque
3359 5614 3527 5669 restio

1957 5682 2153 5748 tuisse,
2179 5691 2303 5753 post
2329 5682 2709 5753 animadverti.

2026 5754 2136 5825 (l2)
2180 5751 2256 5809 Τὰ
2285 5751 2584 5825 ἀνωτάτω,
2614 5760 2722 5811 etc.
2761 5753 2959 5811 Eadem
2994 5753 3176 5815 verbis
3206 5752 3401 5813 iisdem
3431 5752 3532 5810 ha-

1952 5824 2048 5880 bes
2083 5823 2270 5895 supra,
2302 5838 2422 5894 cap.
2455 5823 2508 5880 5.
