4100 6474
564 348 675 410 837

1240 347 1508 404 EUSEBII
1549 345 2027 404 CESARIENSIS
2063 343 2217 402 OPP.
2258 342 2440 398 PARS
2478 341 2547 397 ιι.
2580 337 3187 397 ——‘APOLOGE'I‘ICA.

563 469 820 525 videntur
851 471 1015 535 atque
1040 460 1343 534 explorata,
1367 468 1558 518 nostra
1584 470 1766 517 autem
1790 458 2128 531 simplicitas.

2239 457 2415 530 ἀληθῆ
2449 460 2546 513 καὶ
2575 456 2740 510 πιστὰ
2782 451 2923 510 εῖναι
2951 454 3121 508 δοκεῖ.
3153 452 3262 505 Καὶ
3310 449 3467 521 ἡμῶν
3519 449 3618 519 μὲν
3660 451 3824 521 sols.

565 561 869 630 levitasque
911 557 1080 612 animi
1130 556 1290 625 longe
1339 555 1577 608 maxima
1618 553 1687 608 ab
1723 567 1790 608 eo
1827 552 2135 606 damnatur.

563 653 685 724 Ipse
707 660 890 706 autem
916 650 1045 704 talia
1077 646 1311 704 credens
1346 645 1702 710 Philostrato,
1727 645 1815 700 his
1854 645 1992 715 ipsis
2016 659 2141 699 ver-

562 744 649 801 bis
679 758 739 800 se
760 744 953 814 jactat,
983 742 1240 813 inquiens
1274 763 1290 796 :
1320 759 1340 793 ι
1380 738 1676 795 Videamus
1717 739 1861 794 enim
1882 776 1899 801 ,
1933 745 2141 808 quanto

561 851 666 891 nos
727 836 925 892 melius
978 835 1095 890 haec
1156 841 1320 904 atque
1358 831 1686 904 prudentius
1743 829 2135 897 admittamus,

561 934 617 981 et
646 942 767 997 qua:
805 926 873 981 de
903 924 1184 997 praeclaris
1217 923 1421 979 virtute
1449 922 1585 979 viris
1634 921 1907 979 sententia
1949 929 2138 976 nostra

563 1018 654 1074 sit.
695 1035 715 1071 ι

1143 1126 1375 1185 CAPUT
1414 1125 1558 1186 XXI.

1020 1198 1044 1224 ἱ

629 1242 691 1299 In
747 1251 1011 1314 apparato
1058 1259 1225 1314 porro
1274 1244 1380 1300 hoc
1436 1230 1600 1300 modo
1642 1242 1926 1310 convivio,
1983 1241 2139 1314 juxta

560 1335 740 1406 ipsum
785 1335 1179 1393 Philostratum
1230 1338 1313 1403 ‘7,
1371 1335 1628 1391 Indorum
1678 1334 1958 1391 inducitur
2004 1351 2135 1401 rex,

557 1430 1018 1498 compotationem
1069 1430 1362 1486 instituens
1403 1443 1528 1483 cum
1569 1426 1932 1499 pliilOSOphis.
1981 1425 2139 1482 Htinc

557 1535 688 1574 vero
719 1521 952 1591 superbe
985 1536 1043 1576 se
1067 1523 1306 1590 gessisse
1334 1530 1387 1575 et
1411 1521 1466 1575 in
1499 1519 1901 1590 philosOphiam
1946 1519 2143 1575 debac-

557 1609 778 1665 chatnm
803 1619 1013 1677 narrat,
1058 1612 1281 1683 crapula
1326 1612 1458 1666 item
1497 1611 1640 1683 apud
1682 1628 1779 1668 eos
1822 1612 2137 1681 incaluisse,

557 1716 794 1779 cumque
822 1702 941 1774 ipso
971 1704 1086 1759 sole
1126 1704 1195 1759 de
1230 1704 1541 1775 principatu
1584 1703 1937 1762 contendisse
1959 1747 1974 1771 ,
2007 1707 2141 1761 alia—

2245 568 2364 623 ρεια
2382 552 2476 605 καὶ
2499 549 2768 621 κουφότης
2783 549 2892 620 (I5)
2911 546 3134 617 πλείστη
3159 547 3256 617 ὅση
3286 543 3658 611 κατέγνωσται
3682 543 3820 615 παρ’

2238 644 2416 717 αὐτῷ’
2461 645 2622 708 αὐτὸς
2651 642 2730 706 δέ,
2763 642 2988 696 τοιαῦτα
3023 637 3367 709 Φιλοστράτῳ
3393 636 3684 698 πιστεύων,
3720 636 3822 690 αὒ-

2238 741 2352 803 τοϊς
2394 738 2459 811 δὴ
2519 738 2728 810 ῥήμασι
2783 734 3108 807 σεμνύνεται
3168 732 3362 800 λέγων’
3427 747 3447 781 ι
3481 726 3827 800 Σκεψώμεθά

2238 848 2303 901 γε
2359 830 2465 903 μὴν
2517 832 2628 902 ὅσῳ
2668 829 2874 901 βέλτιον
2932 826 3027 881 καὶ
3060 823 3421 896 ξυνετώτερον
3468 824 3630 893 ἡμεῖς
3673 820 3825 875 ἐκδε-

2238 924 2447 997 χόμεθα
2467 925 2539 980 τὰ
2561 922 2809 989 τοιαῦτα,
2831 922 2925 977 καὶ
2939 923 3006 993 ἢν
3029 920 3161 992 περὶ
3183 918 3290 972 τῶν
3313 917 3584 989 ἐναρέτων
3606 913 3828 987 ἀνδρῶν

2239 1017 2433 1090 ἔχομεν
2461 1016 2706 1091 γνώμην.
2751 1036 2770 1070 ι

2422 1128 2427 1133 ’
2741 1127 3137 1184 ΚΕΦΔΛΑῘΟΝ
3175 1126 3304 1181 KA'.

2321 1250 2445 1306 Ἐπὶ
2476 1247 2701 1319 τοιούτῳ
2727 1246 2792 1318 δὴ
2819 1245 2899 1316 τῷ
2928 1242 3234 1316 συμποσίῳ,
3267 1239 3409 1295 κατὰ
3433 1239 3525 1293 τδν
3548 1239 3709 1294 αὐτὸν
3735 1239 3826 1291 οι-

2238 1346 2547 1417 λόστρατον,
2598 1340 2850 1414 βασιλεὺς
2892 1336 3241 1409 ἐγχωριάζων
3292 1333 3474 1397 Ἰνδοῖς
3516 1333 3825 1401 εἰσάγεται,

2241 1439 2523 1511 συμπίνων
2563 1437 2677 1499 τοῖς
2705 1432 3033 1503 φιλοσόφοις.
3068 1428 3268 1482 Τοῦτον
3307 1426 3364 1480 δὲ
3391 1423 3695 1497 ἐνυϐρίζειν
3726 1424 3829 1476 καὶ

2239 1532 2590 1604 ἐμπαροινεῖν
2622 1525 2930 1598 φιλοσοφίᾳ,
2968 1519 3333 1595 μεθύσκεσθαί
3360 1536 3420 1572 τε
3454 1520 3584 1591 παρ’
3615 1518 3829 1580 αὐτοῖς,

2240 1620 2335 1674 καὶ
2395 1613 2848 1687 ἀντιπαρεξάγειν
2892 1611 2971 1683 τῷ
3027 1609 3182 1683 ἡλίῳ,
3249 1608 3343 1663 καί
3402 1607 3829 1673 ἀλαζονεύεσθαι

2242 1713 2466 1784 ἱστορεῖ.
2500 1708 2612 1762 Καὶ
2644 1706 2805 1762 πάλιν
2836 1703 2926 1758 τὸν
2967 1700 3321 1756 Ἀπολλώνιον
3345 1699 3411 1754 δι’
3443 1699 3726 1772 ἑρμηνέως
3753 1699 3830 1752 τὰ

555 1813 664 1871 que
695 1798 839 1853 elato
865 1795 1049 1852 animo
1081 1793 1382 1868 jactitasse.
1417 1793 1658 1855 Rursum
1683 1805 1865 1854 autem
1904 1812 2000 1870 per
2044 1797 2128 1853 in-

2232 1804 2383 1878 παρὰ
2411 1802 2598 1859 τούτου
2629 1798 2917 1875 μανθάνειν
2940 1815 2954 1830 ’
2982 1796 3077 1854 καὶ
3094 1791 3161 1854 αὖ
3193 1795 3357 1853 πάλιν
3375 1795 3515 1864 πρὸς
3531 1791 3826 1853 αὐτόνδω-

553 1901 849 1964 terpretem
884 1894 989 1949 ista
1026 1893 1095 1948 ab
1136 1908 1202 1948 eo
1240 1892 1521 1965 accepisse
1549 1893 1933 1964 Apollonium;
1961 1894 2132 1951 vicis-

556 1986 769 2055 simque
788 1999 970 2056 regem
1002 1985 1298 2039 allocntum
1335 2001 1487 2050 esse,
1524 1986 1715 2040 Iarcha
1745 1985 1920 2042 vicem
1966 1986 2135 2042 inter-

555 2077 724 2148 pretis
756 2077 1083 2133 sustinente.
1123 2076 1226 2144 Qui
1271 2086 1455 2132 autem
1501 2078 1863 2135 admiratione
1908 2079 2132 2150 dignum

556 2165 702 2221 haud
732 2166 1132 2231 existimemus,
1173 2167 1317 2237 quod
1344 2169 1642 2239 superbum
1678 2179 1995 2242 tantopere,
2038 2171 2134 2226 ab-

555 2258 723 2313 surde
756 2256 891 2313 adeo
917 2257 1266 2325 debacchari,
1295 2265 1351 2312 et
1393 2260 1632 2330 crapulae
1677 2261 1959 2333 indulgere
1986 2278 2135 2319 vero.

554 2350 735 2406 simile
791 2358 957 2422 queat
994 2350 1200 2415 videri,
1248 2364 1409 2420 quem
1450 2368 1519 2409 ne
1568 2353 1637 2408 ad
1682 2354 2130 2426 philosophorum

552 2444 794 2514 quidem,
827 2443 1027 2499 nedum
1052 2444 1171 2500 deis
1202 2446 1466 2501 similium
1495 2446 1743 2501 virorum
1783 2457 2007 2518 penates
2034 2464 2132 2519 par

552 2544 671 2589 erat
714 2534 1008 2590 accedere?
1037 2535 1180 2602 Quid
1207 2551 1336 2592 vero
1373 2545 1480 2605 est,
1526 2537 1675 2607 quod
1724 2537 1997 2595 semideos
2036 2555 2132 2596 eos

552 2627 787 2698 appello,
809 2635 864 2683 et
892 2627 1145 2700 dignitati
1169 2631 1413 2685 virorum
1433 2630 1604 2684 illudo
1622 2631 1645 2684 ἰ
1665 2631 2129 2703 quandoquidem,

550 2719 840 2789 Apollonio
874 2721 1243 2793 interrogante
1284 2723 1360 2786 ⁸⁸,
1393 2738 1661 2793 quosnam
1707 2738 1768 2778 se
1812 2740 1935 2780 esse
1973 2733 2134 2796 puta-

552 2811 714 2865 rent?
744 2810 877 2866 deos
911 2827 971 2868 se
999 2828 1123 2869 esse
1154 2813 1437 2884 respondit
1470 2812 1712 2869 larchas.
1754 2813 1858 2880 Qui
1895 2816 2059 2870 etiam
2087 2814 2132 2846 "

551 2904 695 2973 apud
732 2904 1013 2967 convivas,
1065 2914 1125 2959 ut
1165 2905 1259 2976 qui
1308 2905 1444 2961 deus
1494 2915 1662 2969 esset,
1714 2905 1875 2959 modo
1911 2906 2130 2976 quidem

551 2993 938 3064 philosotihum
967 2996 1192 3051 minime
1222 2995 1552 3061 addecente,
1593 2997 1765 3050 multo
1790 2996 1972 3052 minus
1999 3013 2133 3052 con-

547 3084 799 3139 veniente
831 3085 939 3151 dei,
966 3100 1125 3155 quem
1161 3100 1221 3141 se
1255 3101 1379 3141 esse
1403 3086 1689 3157 professus
1710 3095 1816 3151 est,
1852 3087 2128 3158 dignitati,

2233 1899 2506 1970 λέγεσθαι,
2524 1895 2992 1968 ὑφερμηνεύοντος
3011 1892 3105 1947 τοῦ
3121 1891 3325 1966 ἰόιρχα.
3344 1893 3457 1947 Καὶ
3476 1892 3594 1956 πῶς
3611 1892 3673 1945 ού
3691 1891 3829 1945 θαυ-

2237 1994 2427 2067 μάζειν
2459 1989 2637 2058 ἄξιον,
2672 1990 2819 2051 ὅπως
2876 1987 2967 2040 τὸν
3018 1985 3279 2058 ὑϐριστὴν
3315 1984 3408 2039 καὶ
3469 1983 3825 2039 ἀτοπώτατον

2234 2086 2515 2159 παροινεῖν
2545 2083 2637 2136 καὶ
2690 2078 3055 2152 μεθύσκεσθαι
3098 2077 3249 2149 παρὰ
3292 2076 3632 2149 τηλικούτοις
3670 2075 3827 2140 εἰκὸς

2231 2174 2321 2250 ἦν,
2356 2178 2414 2232 ὃν
2460 2175 2581 2230 οὐδὲ
2628 2172 2878 2244 παριέναι
2925 2170 3073 2235 ἄξιον
3116 2170 3174 2223 ἐν
3220 2168 3550 2238 φιλοσόφων,
3575 2169 3707 2240 μήτι
3755 2185 3824 2237 τε

2233 2269 2327 2321 καὶ
2372 2266 2595 2321 ἰσοθέων
2621 2264 2802 2336 ἐστίᾳς
2839 2262 2903 2317 Τί
2945 2261 3003 2315 δέ
3050 2277 3140 2332 μοι
3175 2259 3414 2323 ἰσοθέους
3453 2262 3674 2324 τούτους
3722 2278 3827 2315 κα-

2232 2357 2364 2421 λεῖν,
2410 2359 2505 2411 καὶ
2541 2357 2643 2427 τῆς
2672 2354 2829 2420 ἀξίας
2860 2351 3162 2424 ἐνυϐρίζειν
3187 2354 3313 2415 τοὺς
3352 2351 3583 2424 ἄνδραςς
3632 2352 3821 2418 ὁπότε,

2233 2449 2536 2521 πυθομένου
2563 2447 2654 2501 τοῦ
2695 2444 3075 2506 Ἀπολλωνίου,
3103 2442 3253 2505 τίνας
3272 2444 3499 2507 ἑαυτοὺς
3523 2441 3783 2513 ἡγοῦνται
3802 2483 3820 2502 .

2233 2541 2409 2605 θεοὺς,
2442 2539 2547 2610 ἔφη
2578 2541 2607 2592 ὁ
2645 2538 2890 2609 Ἰάρχαςο
2926 2535 2985 2599 ὃς
3013 2537 3106 2589 καὶ
3137 2535 3248 2596 τοῖς
3282 2532 3615 2603 συμπόταις,
3629 2528 3720 2586 οἵα
3754 2530 3822 2585 δὴ

2222 2633 2353 2696 θεὸς
2375 2629 2606 2704 (14-15),
2631 2628 2920 2698 φιλοσόφου
2960 2627 3057 2698 μὲν
3077 2626 3276 2697 ἥκιστα
3302 2624 3511 2696 τρόπῳ,
3536 2623 3736 2677 πολλοῦ
3757 2640 3823 2691 γε

2231 2725 2330 2788 δεῖ,
2373 2724 2502 2795 μήτι
2540 2739 2604 2791 γε
2634 2719 2854 2792 μᾶλλον,
2884 2714 2945 2773 οὗ
2978 2718 3169 2788 ἔφησε.
3201 2716 3325 2770 θεοῦ
3363 2716 3548 2781 ἀξίως,
3575 2716 3678 2787 τὴν
3701 2715 3826 2784 φιά-

2232 2816 2329 2888 λην
2359 2816 2678 2893 ἐπικύπτων
2702 2811 2813 2882 (16)
2845 2810 3094 2881 ἐξῆρχεν.
3135 2808 3200 2862 Ἠ
3221 2808 3297 2873 δὲ,
3324 2809 3489 2879 φησιν
3522 2809 3550 2860 ὁ
3587 2821 3827 2877 συγγρα-

2234 2910 2389 2979 φεὺς,
2432 2907 2507 2971 ὡς
2559 2906 2667 2978 ἄρα
2710 2902 2926 2968 ἐπότιζε
2963 2904 3073 2973 (l7)
3109 2901 3311 2965 ἱκανῶς
3362 2901 3587 2965 πάντας,
3638 2899 3827 2953 ἐπεδί-

2232 2999 2324 3052 δου
2361 2997 2494 3070 (18),
2523 2994 2774 3067 καθάπερ
2818 2996 2872 3047 αἰ
2917 2994 3220 3066 ἀπόρρητοι
3252 2992 3428 3063 πηγαὶ
3458 2995 3570 3056 τοῖς
3612 2992 3823 3063 ἁνιμω-

2239 3091 2442 3164 μένοις.

548 3177 744 3249 phiala:
799 3178 1144 3245 incumbens,
1194 3183 1652 3251 compotationem
1691 3182 1920 3254 incepit.
1955 3182 2032 3239 Ea
2098 3203 2230 3243 vero
2267 3188 2420 3250 dum,
2470 3193 2729 3242 narrante
2763 3184 3065 3247 historico,
3098 3181 3355 3236 omnibus
3389 3178 3591 3235 aﬂatim
3630 3187 3821 3250 potum

547 3276 834 3346 praeberet,
875 3277 1179 3332 liberaliter
1234 3276 1472 3352 [latices]
1533 3280 1922 3349 submittebat,
1958 3284 2187 3355 perinde
2223 3300 2288 3341 ac
2351 3285 2530 3340 fontes
2573 3282 2778 3340 occulti
2829 3281 3208 3336 haurientibus
3254 3280 3453 3350 [aquas
3497 3276 3833 3333 submittere

545 3369 771 3443 solent].

1117 3466 1352 3524 CAPUT
1394 3467 1556 3523 XXII.

621 3553 937 3614 Succedunt
963 3557 1090 3614 inde
1111 3560 1289 3614 mutui
1324 3576 1609 3618 sermones
1640 3571 1695 3619 et
1732 3564 2128 3636 philosophica:

547 3648 974 3718 disputationes,
1003 3646 1195 3704 larcha
1224 3650 1453 3706 docente
1477 3652 1523 3683 ⁵⁸
1554 3662 1613 3707 ιιι
1650 3670 1749 3710 sua
1779 3655 1909 3709 olim
1946 3655 2127 3709 anima

545 3741 603 3797 in
638 3741 746 3795 alio
787 3741 1048 3800 hominis.
1084 3742 1177 3816 qui
1217 3759 1313 3799 rex
1341 3744 1525 3812 fuerit,
1558 3747 1833 3803 exstiterit
1874 3763 2126 3820 corpore,

546 3839 711 3901 atque
754 3831 885 3885 talia
930 3833 1179 3901 quaedam
1238 3835 1293 3889 in
1341 3851 1407 3891 eo
1457 3838 1794 3907 patraverit:
1840 3838 2129 3909 Apollonio

546 3924 789 3979 vicissim
817 3924 887 3989 ⁸⁸,
931 3934 990 3980 ιιι
1029 3926 1187 3981 navis
1232 3926 1505 4000 Egyptiae
1541 3930 1815 3986 exstiterit
1856 3933 2130 4003 guberna-

544 4020 671 4080 tor,
734 4029 962 4085 quaaque
1008 4016 1113 4072 sibi
1163 4027 1315 4088 gesta
1353 4027 1466 4073 tum
1528 4019 1774 4089 fuerint,
1839 4030 2121 4078 narrante.

543 4103 889 4172 Quaestiones
910 4124 1040 4164 vero
1067 4119 1122 4165 et
1144 4112 1534 4181 responsiones
1567 4114 1856 4185 utriusque
1885 4123 2014 4170 sunt
2041 4124 2127 4169 ta—

542 4198 645 4264 les,
676 4201 919 4270 qualium
946 4218 1015 4258 ne
1042 4205 1374 4260 mentionem
1400 4206 1620 4276 quidem
1652 4207 1874 4276 fecisse,
1902 4210 2124 4280 sapien-

542 4293 617 4347 tia
646 4296 882 4351 maxime
915 4304 1034 4352 erat
1065 4297 1311 4370 dignum.
1357 4297 1731 4371 Interrogasse
1775 4318 1906 4374 ergo
1955 4306 2124 4376 Apol-

540 4384 747 4440 lonium
775 4388 944 4443 refert
971 4389 1040 4455 ",
1066 4405 1302 4445 aureane
1340 4391 1484 4461 apud
1523 4406 1620 4447 eos
1664 4408 1805 4463 aqua
1851 4395 2124 4451 invenire-

538 4477 722 4534 tur?0
751 4480 964 4549 plenam
1002 4483 1317 4552 sapientiae,
1346 4497 1380 4537 ο
1423 4483 1802 4539 admirandam
1849 4488 2110 4556 quaeStio—

2745 3465 3143 3520 ΚΕΦΑΛΑῙΟΝ
3192 3466 3320 3518 ΚΒ’.

2300 3558 2457 3616 Μετὰ
2481 3558 2654 3613 ταῦτα
2683 3558 2860 3611 κοιναὶ
2880 3557 3055 3627 λόγων
3087 3556 3314 3629 ὁμιλίαι,
3348 3558 3442 3610 καὶ
3470 3558 3819 3612 σπουοαιολο-

2230 3654 2347 3723 γίαι
2396 3653 2506 3707 τῶν
2550 3651 2879 3721 φιλοσόφων,
2931 3649 3025 3702 τοῦ
3078 3650 3175 3720 μὲν
3219 3649 3402 3720 Ἰάρχα
3452 3648 3823 3713 διδάσκοντος,

2231 3746 2308 3809 ὡς
2336 3746 2444 3817 ἄρα
2472 3744 2603 3799 ποτὲ
2625 3742 2773 3814 αὐτῷ
2804 3744 2837 3813 ἡ
2866 3741 3012 3812 ψυχὴ
3039 3742 3097 3794 ἐν
3132 3740 3324 3812 ἑτέρῳ,
3357 3738 3644 3811 ἀνθρώπου
3670 3741 3820 3811 βασι-

2230 3841 2389 3903 λέως,
2416 3837 2625 3907 γένοιτο
2655 3835 2890 3906 σώματι,
2924 3834 3017 3886 καὶ
3054 3832 3225 3885 τοιάδε
3263 3831 3384 3887 τινὰ
3427 3831 3575 3902 αὐτῷ
3602 3850 3820 3905 πεπρα-

2231 3932 2410 4003 γμένα
2452 3930 2573 4001 εἰηο
2598 3928 2694 3982 τοῦ
2739 3926 3094 3982 Ἀπολλωνίου
3133 3924 3211 3987 δὲ,
3241 3925 3315 3988 ὡς
3338 3925 3462 3996 νηὸς
3510 3926 3825 3994 Αἰγυπτίας

2228 4026 2357 4080 ποτὲ
2392 4025 2602 4094 γένοιτο
2647 4022 3009 4095 κυϐερνήτης,
3040 4020 3134 4074 καλ¹
3180 4019 3416 4072 τοσαῦτα
3443 4017 3812 4091 διαπράξοιτο.

2227 4118 2455 4182 Πεύσεις
2480 4134 2539 4169 τε
2568 4117 2663 4170 καὶ
2707 4114 3027 4187 ἀποκρίσεις
3070 4113 3324 4176 ἑκάστου,
3359 4104 3432 4163 ὧν
3460 4112 3556 4164 καὶ
3584 4111 3683 4180 τῆς
3729 4127 3820 4163 σο-

2226 4209 2353 4279 φίας
2382 4209 2531 4274 ἄξιον
2569 4207 2836 4280 μηδαμῶς
2869 4204 3238 4277 παρεκθέσθαι
3266 4203 3362 4274 τὴν
3393 4204 3632 4274 μνήμην.
3672 4202 3820 4285 Ἐρέτ

2227 4305 2351 4358 σθαι
2393 4304 2451 4358 δέ
2475 4321 2607 4376 φησι
2647 4303 2739 4356 τὸν
2804 4299 3179 4365 Ἀπολλώνιον,
3221 4301 3270 4353 εἰ
3311 4300 3426 4352 ἐστι
3468 4299 3598 4370 παρ’
3630 4297 3818 4360 αὐτοῖς

2227 4396 2456 4468 χρύσεον
2494 4394 2676 4464 ﬁdem;
2713 4394 2778 4446 ’Ὤ
2817 4391 2910 4446 τοῦ
2941 4388 3106 4460 σοφοῦ
3136 4391 3230 4444 καὶ
3264 4387 3564 4460 παραδόξου
3598 4385 3817 4457 πύσμα-

2228 4491 2355 4552 τοςί
2385 4490 2494 4542 Καὶ
2527 4486 2656 4558 περί
2685 4483 2988 4558 ἀνθρώπων
3020 4482 3077 4537 δέ
3112 4482 3216 4536 ὑπὸ
3242 4482 3343 4553 γῆν
3374 4480 3689 4545 οἰκούντων,
3719 4478 3815 4533 καὶ

605 4594 650 4627 ⁸⁷
692 4594 801 4672 lib._
841 4610 932 4661 ιιι,
968 4610 1020 4652 c.
1050 4596 1141 4661 25.
1218 4600 1264 4634 “
1302 4603 1399 4660 lib‘.
1434 4620 1528 4669 ιιι,
1568 4605 1656 4662 18.
1731 4604 1778 4637 δ’
1809 4604 1903 4661 lib.
1945 4621 2031 4672 ιιι,
2061 4621 2113 4664 c.

2232 4650 2244 4664 .
2318 4609 2368 4640 ⁸⁸
2409 4608 2505 4664 lib.
2536 4624 2636 4672 ιιι,
2667 4622 2720 4662 c.
2754 4605 2938 4668 19,20.
3016 4604 3054 4637 ⁵³
3103 4604 3201 4661 lib.
3236 4618 3338 4670 ιιι,
3371 4617 3423 4659 c.
3455 4601 3549 4659 2‘5.
3625 4602 3673 4635 ⁸³
3713 4603 3808 4659 lib.

540 4682 626 4732 ιιι,
649 4680 697 4722 c.
730 4665 823 4723 45.

611 4820 720 4893 (15)
774 4822 961 4894 Ἠμών
984 4823 1104 4894 μὲν
1127 4825 1257 4894 εὺχ.
1287 4825 1384 4877 καὶ
1408 4828 1656 4893 κρυερόν.
1697 4824 1817 4894 Ipsa
1853 4824 2119 4881 Hieroclis

2231 4826 2378 4883 dum.
2412 4835 2683 4884 HOLSTEN.

533 4898 726 4957 verba,
757 4898 958 5019 quibu‘s
1004 4911 1125 4951 eam
1161 4896 1494 4951 Christianis
1527 4897 1917 4967 exprobrabat,
1948 4899 2118 4954 habes

536 4981 725 5019 suura.
757 4983 876 5019 can.
950 5008 963 5019 .

536 4981 725 5030 supra,
757 4983 876 5030 cap.
912 4981 963 5020 ι.

999 5037 1076 5106 δὴ
1110 5037 1262 5104 θεός.
1289 5035 1466 5093 Verba
1490 5037 1595 5092 ista
1621 5037 1756 5092 mihi
1784 5044 1983 5107 praeter
2002 5054 2117 5095 rem

534 5108 808 5167 videntur.
842 5110 1032 5163 nescio
1065 5109 1227 5170 unde,
1261 5108 1315 5162 in
1346 5117 1550 5164 textum
1583 5124 1707 5164 esse
1734 5109 1997 5164 admissa.

609 5178 721 5247 (l6)
776 5179 1164 5233 Ἐπικύπτων.
1215 5177 1294 5232 lta
1348 5179 1657 5235 certissime
1710 5178 2115 5234 restituendum

536 5264 605 5304 ex
622 5247 961 5304 Philostrato
994 5269 1010 5306 :
1047 5248 1182 5305 Vide
1212 5250 1503 5306 observata
1534 5250 1601 5303 ad
1634 5249 1731 5304 lib.
1750 5265 1843 5320 ιιι,
1872 5265 1995 5320 cap.
2025 5250 2121 5314 '52,

536 5336 594 5375 ιι.
633 5320 687 5383 5,
726 5328 781 5374 et
811 5321 898 5375 lib.
928 5337 991 5388 ιι,
1019 5336 1140 5391 cap.
1167 5320 1259 5387 28,
1294 5337 1351 5376 ιι.
1381 5322 1436 5387 6,
1470 5334 1666 5389 nempe
1693 5319 1997 5391 κύπτοντας
2031 5322 2121 5374 πί-

533 5407 644 5445 νειν
676 5398 762 5447 est
790 5407 989 5447 canum
1020 5390 1360 5462 aliOrumque
1384 5398 1504 5462 ejus
1531 5390 1747 5462 generis
1773 5391 2116 5462 animalium,

535 5471 595 5535 ut
623 5461 797 5535 liquet
825 5479 892 5535 ex
930 5464 1238 5519 observatis
1267 5460 1571 5535 posteriore
1607 5464 1750 5535 loco,
1789 5461 1956 5535 idque
1979 5460 2119 5517 adeo

532 5532 670 5605 viris
692 5534 970 5603 gravibus,
992 5535 1211 5599 nedum.
1226 5532 1587 5605 philosophis,
1615 5532 1772 5587 valde
1799 5532 2111 5605 indignum,

534 5602 721 5675 bibere
764 5619 830 5660 ex
861 5611 1026 5661 tanta:
1064 5602 1576 5670 molis'crateribus,
1629 5611 1689 5658 ut
1728 5602 2115 5675 pronis'etiam

531 5688 600 5729 ex
638 5674 706 5729 iis
737 5682 900 5744 potus
925 5684 1070 5732 esset
1100 5676 1457 5733 hauriendus.

605 5744 719 5813 (17)
771 5745 1045 5808 Ἐπότιζε.
1083 5745 1320 5804 Delenda
1350 5759 1467 5804 erat
1501 5763 1603 5803 vox
1646 5748 1804 5803 nihili
1838 5746 2112 5813 ἐπόντιζε,

530 5824 585 5871 et
603 5829 669 5874 ex
690 5816 1024 5874 Philostrato
1046 5828 1207 5890 atque
1226 5817 1355 5892 Reg.
1380 5819 1503 5877 cod.
1532 5820 1745 5889 ἐπότιζε
1771 5819 2117 5878 substituen-

2299 4898 2412 4969 (l8)
2461 4900 2787 4954 Ἐπεδίὸου.
2851 4898 3168 4956 Holstenius
3219 4916 3287 4956 ex
3338 4897 3676 4956 Philostrato
3720 4900 3810 4955 ad-

2228 4969 2406 5025 denda
2450 4979 2571 5040 post
2614 4972 2856 5025 ἐπεδίδου
2906 4972 3130 5041 putabat
3166 4973 3330 5027 verba
3366 4971 3427 5024 τὸ
3458 4974 3604 5041 νᾶμα
3640 4970 3807 5041 ages.

2227 5058 2354 5105 νως,
2374 5041 2493 5097 sine
2522 5041 2721 5111 quibus
2751 5040 2947 5097 cetera
2977 5058 3085 5096 non
3115 5043 3392 5097 cohaerere
3421 5040 3670 5111 putabat.
3701 5040 3808 5096 Sed

2225 5126 2358 5192 pace
2383 5111 2503 5181 ejus
2523 5111 2732 5192 dictum
2758 5112 2859 5192 sit.
2883 5114 3003 5168 sine
3037 5113 3157 5192 istis
3181 5114 3344 5192 etiam
3380 5124 3504 5192 apte
3533 5112 3811 5192 cohaerent

2224 5184 2457 5251 reliqua,
2499 5198 2624 5237 nam
2660 5182 2951 5253 ἐπιδιδόναι
2980 5184 3153 5253 πηγή,
3190 5182 3475 5253 ηιιιιιιιιιίιι
3508 5198 3569 5236 re
3599 5184 3806 5245 addita,

2225 5253 2333 5308 dici
2368 5252 2492 5309 fons
2523 5263 2723 5323 potest.
2755 5252 2847 5307 Sic
2875 5255 3020 5308 enim
3048 5252 3207 5323 apud
3247 5252 3459 5306 Atticos
3506 5254 3808 5323 scriptores

2226 5322 2941 5394 ipsumque’Philostratum
2970 5325 3175 5393 passim
3201 5325 3381 5394 aliqua
3402 5338 3490 5378 res
3512 5322 3810 5376 ἐπιδιδόναι

2265 5395 2448 5458 icitur,
2484 5410 2593 5448 non
2630 5395 2813 5448 addita
2862 5395 2916 5448 in
2959 5402 3113 5449 sexto
3157 5410 3287 5449 casu
3332 5409 3410 5457 re,
3454 5410 3560 5464 qua
3594 5394 3809 5463 prolicit

2224 5466 2310 5518 vel
2344 5467 2681 5520 incrementa
2707 5468 2869 5534 capit.
2889 5478 3010 5532 quae
3031 5465 3166 5519 adeo
3188 5481 3254 5519 ex
3281 5465 3415 5534 ipsis
3439 5468 3809 5534 circumstatio

2223 5536 2317 5591 tiis
2348 5537 2420 5591 sit
2447 5532 2819 5606 intelligenda.
2852 5533 3164 5591 Omittenda
3202 5532 3384 5605 itaque
3416 5550 3479 5589 ea
3504 5532 3688 5606 Averba‘
3716 5534 3807 5588 hic

2220 5606 2506 5675 duximus,
2534 5604 2660 5662 cum
2695 5621 2872 5676 neque
2901 5607 3207 5661 necessitas
3239 5604 3307 5660 ea
3334 5604 3594 5676 postulet,
3623 5619 3807 5673 neque

2220 5621 2506 5675 auximus,
2534 5623 2660 5662 cum
2695 5621 2763 5660 ne
2805 5621 2872 5660 ue
2901 5621 3207 5661 necessitas
3239 5621 3301 5660 ea
3334 5621 3594 5676 postulet,
3623 5621 3807 5673 neque

2220 5692 2410 5734 eorum
2456 5678 2521 5734 in
2560 5676 2722 5735 codd.
2757 5621 3082 5734 Eusebianis
3112 5676 3397 5750 vestigium
3431 5675 3599 5730 ullum
3634 5689 3807 5747 appa-

2215 5756 2354 5805 real.
