4054 6408
307 371 408 430 8‘39

1444 378 1646 435 LIBER
1682 376 1962 436 CONTRA
2000 374 2420 434 HIEROCLEM.

3448 369 3563 427 83°.

312 489 602 562 Πυγμαίων
639 487 834 553 ἀλλων,
885 491 977 546 καὶ
1014 494 1326 548 ..κιαπόδων
1371 496 1637 569 ἀνερωτᾷ.
1685 497 1797 552 Καὶ
1832 514 1858 551 ε

1982 497 2142 552 nem!
2172 493 2549 566 interrogasse
2571 492 2701 550 item
2729 492 2799 548 de
2817 491 3135 548 hominibus
3164 489 3558 546 subterraneae

312 582 697 678 γίγνοιτο
715 584 898 678 αύτοῖς
924 582 1063 678 {dicit
1087 588 1408 659 τετράπουν,
1439 589 1468 643 ὃ
1490 589 1703 659 λέγεται
1729 592 1881 645 Μαν-

309 673 494 745 τιχόρα
518 674 651 747 (19),
674 674 703 729 ὃ
728 675 827 749 τὴν
849 673 1089 751 κεφαλὴν
1108 679 1382 754 ἀνθρώπῳ
1403 681 1675 749 εἰκάσθαι,
1705 683 1879 738 λέοντι

307 762 364 819 δὲ
409 764 717 837 ὠμοιῶσθαι
753 765 816 820 τὸ
868 767 1117 839 μέγεθος,
1168 769 1268 842 τὴν
1305 770 1361 824 δὲ
1403 769 1571 843 οὐρὰν
1626 771 1878 843 ἐκφέρειν

307 856 572 928 πηχυαίας
604 857 699 909 καὶ
739 857 1069 925 ἀκανθώδεις
1109 859 1208 925 τὰς
1254 862 1445 933 τρίχας
1474 861 1582 933 (20)
1608 902 1625 927 ,
1649 862 1716 925 ἀς
1757 861 1879 932 βάλ-

303 948 412 1002 λειν
432 947 617 1019 ὥσπερ
635 949 941 1022 τοξεύματα
967 953 1024 1016 ἐς
1044 954 1170 1018 τοὺς
1193 952 1494 1025 θηρῶντας.
1517 954 1627 1008 Καὶ
1650 953 1877 1009 τοιαῦτα

305 1038 399 1110 μὲν
441 1039 532 1094 τὸν
582 1041 935 1097 Ἀπολλώνιον
978 1046 1253 1117 ἀνερωτᾷν
1276 1061 1291 1077 '
1324 1046 1417 1100 τὸν
1455 1047 1512 1099 δὲ
1559 1049 1775 1119 Ἰάρχαν
1804 1048 1877 1102 δι-

297 1129 512 1187 δάσκειν
559 1133 721 1186 αὐτὸν
751 1136 879 1208 περὶ
909 1136 1006 1207 μὲν
1043 1136 1150 1190 τῶν
1183 1138 1501 1210 Πυγμαίων,
1532 1138 1607 1204 ὡς
1633 1139 1741 1212 ἄρα
1765 1135 1873 1193 εἷεν

298 1223 569 1288 οἰκοῦντες
593 1224 691 1296 μὲν
725 1226 988 1295 ὑπόγειοι,
1011 1227 1376 1300 διατρίϐοντες
1402 1231 1460 1284 δὲ
1485 1231 1589 1284 ὑπὸ
1614 1232 1704 1285 τὸν
1732 1231 1874 1301 Γάγ-

295 1332 396 1386 γην
425 1316 671 1387 ποταμὸν
718 1315 919 1384 ζῶντες
941 1337 955 1350 ·
989 1321 1118 1393 περί
1155 1321 1212 1376 δὲ
1267 1323 1377 1378 τῶν
1414 1322 1620 1390 ἀλλων,
1661 1325 1737 1389 ὡς
1779 1325 1873 1379 ἀν-

298 1405 548 1477 ύπαρκτα
580 1407 687 1480 εἰη.

797 1628 1194 1685 ΚΕΦΑΛΑΙΟΝ
1232 1631 1360 1686 K1".

360 1717 548 1791 Ἔριον
583 1719 678 1772 ἐπὶ
726 1720 936 1787 τούτοις
988 1724 1253 1795 φυόμενον
1298 1726 1481 1790 αὐτοῖς
1519 1726 1627 1780 ἀπὸ
1660 1727 1765 1799 γῆς
1810 1729 1866 1792 ἐς

289 1808 512 1880 ἐσθῆτος
547 1810 678 1882 ὓλην
705 1814 733 1865 ὁ
763 1813 1117 1887 Φιλόστρατος
1149 1816 1476 1888 ἀναγράφει,
1510 1818 1728 1883 πάντως
1773 1819 1868 1892 δή-
1897 1843 1939 1899 Β

288 1919 385 1956 που
431 1902 544 1958 τῶν
592 1904 897 1975 φιλοσόφων
942 1908 1087 1961 ἱστὸν
1136 1910 1525 1981 ἐποιχομένων,
1560 1912 1652 1964 καὶ
1699 1910 1864 1966 ταλα-

285 1996 587 2067 σιουργίαις
630 1998 689 2061 ἐς
734 1998 962 2069 ἐσθῆτος
1027 2001 1391 2074 κατεργασίαν
1452 2004 1863 2075 ὲκπονουμένων

286 2088 423 2157 (οὐδὲ
456 2088 571 2161 γὰρ
604 2091 854 2162 εἰσῆκται
894 2092 1004 2163 (21)
1039 2094 1166 2164 παρ’
1204 2094 1388 2159 αὐτοῖς
1428 2098 1735 2164 γυναικεῖον
1763 2096 1863 2166 φῦ-

284 2179 421 2246 λον),
449 2182 499 2234 εἰ
538 2180 616 2252 μὴ
660 2182 757 2235 καί⁵
782 2182 940 2237 τοῦτο
972 2186 1193 2257 φήσειεν
1223 2187 1529 2258 αὐτόματον
1554 2189 1736 2253 αὐτοῖς
1759 2205 1863 2243 πα-

284 2271 517 2343 ραδόξως
575 2272 642 2326 δι’
693 2274 876 2346 ἰερέας
923 2276 1034 2348 (22)
1083 2279 1143 2341 ἐς
1208 2278 1412 2350 ἐσθῆτα
1466 2280 1858 2351 μεταφύεσθαι.

282 2361 467 2435 Φέρειν
493 2364 542 2417 δ’
568 2365 796 2420 ἕκαστον
821 2367 1000 2421 αὐτῶν
1023 2369 1217 2439 ῥάϐδον
1240 2371 1334 2423 καὶ
1362 2369 1664 2464 δα.κτύλιον,
1696 2372 1863 2446 ἀπόρ-

285 2457 439 2528 ρητον
470 2456 672 2528 ἔχοντα
722 2460 895 2532 ἰσχύν.
938 2459 1072 2515 Εἶτα
1107 2456 1547 2534 παραδοξοπῖκίαι
1592 2464 1686 2518 τοῦ
1726 2465 1862 2537 Βρα-

281 2549 500 2618 χμᾶνος,
540 2549 618 2614 ὡς
647 2550 984 2622 δαιμονῶντα
1028 2554 1094 2607 δι’
1120 2556 1407 2627 ἐπιστολῆς
1451 2557 1856 2625 ἀνακαλέσοιτο,

277 2638 351 2702 ὡς
378 2640 690 2710 χωλεύοντα
725 2643 1041 2716 καταψήσας
1068 2646 1159 2700 τὸν
1185 2647 1411 2716 γλουτὸν
1453 2647 1856 2720 θεραπεύσειεν,

277 2729 352 2795 ὡς
393 2733 587 2805 τυφλῷ
624 2735 686 2788 τὸ
728 2735 966 2805 βλέπειν,
998 2739 1094 2792 καὶ
1139 2738 1360 2808 ἀδρανεῖ
1402 2757 1510 2795 τινι
1556 2741 1655 2812 τὴν
1702 2744 1859 2813 χεῖρα

280 2822 418 2878 σώαν
432 2826 754 2899 χαρίζοιτο.

785 3121 1181 3176 ΚΕΦΑΛΑῙΟΝ
1213 3123 1305 3176 ΚΔ
1325 3164 1339 3177 .

1982 588 2235 658 regiones
2273 585 2675 651 incolentibus,
2709 585 2834 641 aliis
2883 586 3013 641 item
3062 584 3158 656 qui
3191 582 3416 655 pygmai
3467 582 3554 636 di-

1979 687 2199 747 cantur,
2229 687 2285 735 et
2319 677 2687 749 umbripedes.
2721 677 2807 732 An
2830 678 2958 734 item
2991 677 3137 749 apud
3167 692 3264 732 eos
3310 676 3555 747 quadru-

1978 786 2075 841 pes
2098 772 2318 827 obvium
2348 772 2419 827 sit
2450 769 2677 835 animal,
2708 767 3066 834 Manticbora,
3096 768 3243 840 quod
3273 767 3551 823 hominem

1977 864 2158 936 capite
2188 862 2410 924 referat,
2443 862 2587 918 mole
2619 861 2873 933 corporis
2901 860 3111 917 leonem
3139 865 3404 930 exaequet,
3428 873 3556 913 cau-

1975 955 2165 1027 tiaeque
2201 957 2323 1011 loco
2360 956 2641 1026 promittat
2675 953 2943 1009 cubitales
2989 960 3168 1019 setas,
3197 949 3449 1006 acanthis
3476 950 3549 1005 eis

1975 1049 2154 1111 miles,
2185 1064 2323 1118 quas
2355 1047 2523 1103 veluti
2562 1046 2791 1117 sagittas
2830 1045 2885 1099 in
2932 1053 3220 1099 venatores
3254 1043 3550 1112 iaculetur.

1972 1139 2150 1210 Atque
2174 1139 2290 1195 haec
2319 1138 2672 1210 Apollonium
2718 1136 2937 1207 quidem
2979 1134 3101 1207 {ait}
3143 1136 3548 1205 interrogasse,

1983 1229 2228 1286 larcham
2261 1240 2442 1286 autem
2464 1231 2534 1286 de
2555 1230 2815 1302 pygmaeis
2840 1228 3065 1299 quidem
3098 1243 3223 1283 eum
3257 1227 3548 1291 docuisse,

1972 1323 2357 1379 subterraneas
2380 1338 2578 1393 specus
2599 1339 2697 1380 eos
2729 1323 2998 1389 habitare,
3024 1320 3128 1377 sub
3165 1319 3353 1390 Gange
3383 1318 3552 1373 fluvio

1970 1416 2136 1470 vitam
2196 1416 2488 1487 degentes;
2549 1416 2620 1473 de
2671 1418 2887 1472 caeteris
2938 1428 3106 1482 vero,
3169 1414 3422 1483 nuspiam
3481 1426 3549 1467 ea

1969 1510 2256 1565 exsistere.

2418 1598 2582 1670 526
2616 1592 2843 1651 CAPUT
2881 1592 3068 1648 xxnt.

2038 1692 2307 1748 Praeterea
2350 1693 2532 1745 lanam
2581 1700 2975 1746 commemorat
3022 1686 3390 1742 Philostratus
3434 1680 3484 1713 ⁸³
3515 1696 3550 1738 o

1967 1794 2115 1839 terra
2139 1784 2249 1839 illis
2271 1784 2703 1855 provenientem,
2739 1792 2798 1835 ut
2831 1779 3078 1837 vestibus
3099 1784 3383 1836 materiam
3408 1795 3543 1852 pra:-

1968 1878 2127 1944 beat;
2161 1876 2504 1948 philosophis
2532 1892 2727 1946 nempe
2762 1874 2981 1946 pectine
3007 1875 3147 1929 telas
3169 1873 3392 1928 omnino
3417 1888 3545 1943 per-

1962 1968 2334 2037 currentibus,
2380 1976 2435 2023 et
2470 1968 2770 2022 lanificium
2814 1968 2881 2021 ad
2923 1973 3106 2022 vestes
3146 1964 3547 2036 comparandas

1960 2061 2341 2115 exercentibus
2387 2060 2589 2131 (neque
2631 2060 2777 2115 enim
2827 2058 3113 2115 muliebris
3155 2074 3321 2114 sexus
3351 2066 3549 2113 contu-

1960 2152 2152 2209 bcrnio
2186 2153 2328 2224 apud
2362 2168 2457 2209 eos
2502 2154 2877 2226 admittitur),
2924 2152 3033 2207 nisi
3077 2159 3131 2207 et
3170 2152 3350 2205 lanam
3396 2151 3549 2205 dicat

1960 2256 2153 2318 sponte
2172 2262 2269 2302 sua
2293 2247 2437 2318 apud
2462 2262 2559 2302 eos
2580 2247 2847 2303 miraculo
2859 2245 3096 2318 quodam
3123 2247 3175 2300 in
3199 2244 3545 2301 sacerdotum

1960 2339 2193 2411 gratiam
2266 2337 2652 2393 transformari
2720 2339 2778 2394 in
2834 2346 3036 2395 vestes.
3102 2335 3329 2393 Gestare
3382 2352 3547 2407 porro

1960 2432 2210 2503 quemvis
2245 2447 2434 2488 eorum
2462 2431 2731 2493 .baculum
2756 2429 2929 2486 refert
2950 2442 3002 2487 et
3028 2430 3311 2497 annulum,
3343 2443 3544 2483 arcana

1959 2532 2309 2596 praestantem
2353 2524 2575 2579 virtute.
2639 2520 2958 2595 Sequuntur
3006 2521 3134 2576 inde
3186 2520 3545 2578 Brachmanis

1962 2615 2250 2683 miracula,
2289 2623 2351 2670 ut
2387 2616 2632 2670 daemone
2678 2615 2822 2669 malo
2853 2622 3164 2685 correptum
3211 2613 3381 2669 missa
3427 2614 3546 2684 epi-

1960 2706 2099 2760 stola
2148 2704 2454 2760 restituerit
2486 2704 2555 2771 “,
2594 2710 2656 2757 ut
2689 2704 2818 2758 item
2856 2704 2975 2758 solo
3016 2710 3222 2757 attactu
3257 2717 3411 2766 eum,
3445 2701 3543 2772 qui

1958 2798 2199 2853 lunatam
2234 2798 2471 2853 habebat
2518 2797 2823 2869 apophysin
2856 2796 3003 2852 ossis
3036 2795 3263 2865 majoris
3294 2794 3542 2863 femoris,

1905 2940 1911 2947 .
1958 2892 2234 2947 sanaverit
2272 2891 2316 2923 ⁸⁵
2353 2910 2366 2945 :
2399 2898 2458 2945 ut
2495 2890 2671 2945 oculis
2696 2890 2826 2944 item
2881 2900 3042 2960 capto
3096 2888 3275 2943 visum
3302 2930 3317 2953 ,
3375 2896 3542 2958 atque

1958 2998 2123 3038 manu
2152 2983 2444 3051 laboranti,
2477 2982 2743 3053 integram
2777 2995 2897 3035 eam
2924 2979 3227 3036 restituerit
3258 2979 3324 3031 ⁸⁸.

2519 3110 2751 3168 CAPUT
2792 3109 2983 3165 XXIV.

342 3213 517 3270 Πολλά
539 3213 765 3285 κάγαθά
778 3215 986 3284 γένοιτο
1007 3216 1349 3288 πραγμάτων
1367 3218 1515 3288 ἡμᾶς
1533 3216 1858 3272 ἀπολύσαντι

2031 3207 2177 3265 Bene
2224 3209 2443 3265 eveniat
2478 3208 2713 3272 auctori,
2761 3208 2856 3278 qui
2899 3222 3002 3262 nos
3047 3221 3215 3277 opera
3265 3206 3538 3262 sublevat.

276 3303 384 3374 (23)
416 3306 495 3379 τῷ
532 3309 863 3378 συγγραφεῖ.
923 3307 1069 3379 Δῆλα
1096 3307 1210 3380 γὰρ
1235 3308 1313 3371 ὡς
1342 3307 1515 3379 ἀληθῆ
1549 3307 1857 3372 καὶταῦτα,

274 3394 358 3448 ὅτε
391 3395 625 3468 βροντάς
661 3414 722 3449 τε
760 3396 854 3450 καὶ
894 3396 1130 3468 ἀνέμους
1161 3399 1221 3453 ἐν
1254 3397 1464 3463 πίθοις,
1511 3397 1768 3470 τρίποδάς
1798 3415 1860 3452 τε

274 3486 336 3539 ὲκ
361 3485 506 3540 λίθου
555 3485 852 3555 φοιτῶντας
889 3488 1210 3558 αὐτομάτως
1239 3527 1254 3552 ,
1316 3489 1412 3547 καὶ
1447 3489 1714 3559 οἰνοχόους
1751 3489 1860 3543 ἀπὸ

275 3575 466 3647 χαλκοῦ
498 3576 881 3649 περιελαύνειν
910 3580 968 3631 έν
1006 3577 1189 3648 κύκλῳ
1220 3575 1320 3640 τὰς
1352 3576 1577 3641 κύλικας
1608 3581 1860 3649 προϊστο-

278 3670 459 3740 ρήσας,
485 3668 582 3723 διὰ
606 3670 705 3741 τῆς
734 3670 862 3741 περὶ
881 3669 1119 3732 τούτων..
1148 3670 1225 3733 ὡς
1250 3668 1498 3741 ἀληθῶν,
1527 3670 1855 3741 ἀφηγήσεως

272 3760 363 3813 καὶ
388 3759 494 3814 τῶν
516 3760 726 3814 λοιπῶν
745 3760 997 3815 ἀπάντων
1030 3761 1254 3833 ἐξέφηνέ
1285 3779 1344 3814 τε
1373 3763 1466 3815 καὶ
1491 3761 1735 3834 διήλεγξε
1755 3762 1854 3834 τὴν

274 3850 624 3920 μυθολογίαν.

773 3944 1168 3997 ΚΕΦΑΛΑΙΟΝ
1216 3945 1346 4000 KE'.

338 4033 635 4105 Εἰρηκέναι
663 4032 721 4086 δέ
747 4051 910 4105 φησιν
938 4037 966 4089 ὁ
989 4035 1346 4105 Φιλόστρατος
1372 4036 1463 4091 τὸν
1487 4036 1659 4108 Δάμιν
1683 4079 1699 4103 ,
1727 4036 1851 4108 δίχα

268 4124 364 4195 τῆς
394 4125 562 4181 αὑτοῦ
595 4126 896 4198 παρουσίας
922 4128 1015 4180 καὶ
1040 4127 1118 4199 τῷ
1160 4129 1344 4201 Ἰάρχᾳ
1391 4128 1854 4201 συμφιλοσοφῆσαι

271 4216 357 4271 τὸν
388 4216 743 4272 Ἀπολλώνιον
763 4257 778 4282 ,
801 4217 1077 4290 εἰληφέναι
1104 4234 1164 4272 τε
1197 4221 1327 4291 παρ’
1349 4218 1513 4272 αὑτοῦ
1537 4219 1856 4283 δακτυλίους

365 4380 414 4412 ⁸³
451 4379 548 4435 lib.
586 4396 673 4447 ιιι,
697 4395 748 4434 c.
782 4382 868 4437 l5.
970 4382 1020 4414 “
1057 4382 1153 4439 lib.
1186 4398 1277 4448 ιιι,
1308 4397 1361 4436 c.
1392 4382 1485 4439 58.

271 4462 319 4504 c.
347 4449 437 4505 27.
514 4453 563 4484 ⁸⁸
596 4451 690 4508 lib.
723 4467 818 4518 ιιι,
850 4467 901 4507 c.
934 4452 1024 4508 41.

361 4606 446 4743 ἰθζ
485 4607 847 4675 Μαντιχόρα.
888 4606 1044 4676 Apud
1079 4606 1338 4693 Philostr.
1380 4618 1466 4691 est
1501 4610 1835 4693 Μαρτιχόρα.

356 4674 425 4731 20
492 4677 608 4743 Τὰς
633 4678 861 4745 τρίχας.
890 4678 1079 4733 Manca
1114 4696 1337 4734 omnino
1374 4696 1494 4736 stne
1529 4682 1649 4736 istis
1688 4684 1835 4737 voci-

268 4742 366 4820 bus
386 4742 600 4820 oratio,
636 4742 773 4818 quas
804 4742 870 4802 ex
909 4748 1242 4804 Philostrato
1276 4751 1501 4820 proinde
1537 4754 1834 4807 restituen-

266 4813 362 4936 gas
386 4815 622 4940 gttsebio
641 4813 972 4890 putavimus,
1005 4821 1209 4891 pariter
1232 4813 1296 4876 ac
1321 4823 1566 4876 voculam
1595 4824 1689 4877 καί
1713 4832 1840 4880 ante

303 4901 399 4937 καν
435 4902 618 4940 ωεεις.

303 4901 618 4952 κανυωςεις.

336 4955 444 5028 (2i)
486 4957 798 5034 Εἰσῇκται.
828 4958 945 5034 Yox
975 4959 1196 5034 Eusebii
1225 4969 1384 5017 aetate
1406 4964 1461 5018 in
1491 4964 1594 5019 hoc
1619 4964 1842 5034 nogotio

269 5022 731 5105 frequentissima,
766 5030 896 5105 inde
937 5031 1276 5105 συνείσακτοι
1307 5034 1462 5105 dictae
1476 5022 1723 5096 feminae:
1747 5049 1845 5086 va-

266 5100 362 5176 riis
395 5100 717 5176 ministeriis
739 5101 1066 5176 destinatae,
1120 5113 1174 5156 et
1207 5104 1260 5157 in
1294 5104 1641 5176 clericorum,
1687 5121 1843 5160 seve-

267 5172 461 5221 riorem
508 5173 671 5242 etiam
701 5172 867 5225 vitam
917 5172 1313 5242 professorum,
1340 5172 1724 5229 'contubernio
1755 5176 1842 5228 vi-

267 5246 474 5314 ventes,
519 5240 590 5295 de
610 5242 834 5314 _quibus
864 5240 1048 5314 multa
1096 5244 1150 5298 in
1194 5245 1432 5314 antiquis
1473 5244 1839 5301 Ecclesiarum

267 5310 587 5385 caminibus.
609 5310 945 5385 Epiphanius
969 5314 1111 5385 hatr.
1136 5330 1266 5368 um
1294 5310 1361 5370 de
1390 5314 1624 5385 quodam
1654 5317 1706 5369 in
1730 5315 1841 5370 Pa-

270 5377 473 5452 laestina
494 5377 782 5452 episcopo,
809 5384 902 5451 qui
929 5399 959 5438 e
983 5384 1361 5440 confessorum
1386 5377 1616 5441 numero
1638 5386 1835 5442 fuerit:

278 5445 600 5530 Ἱξσχηκότος
695 5445 968 5530 ’τοιαύτας
980 5455 1840 5530 γυναῖκας,λέξυπιυ)ξτουμὲιοας

266 5517 611 5592 αρτιξιίφημί
629 5522 686 5574 δὲ
713 5517 1175 5592 συνεισάῑὶτους.
1222 5517 1366 5582 idem
1398 5517 1787 5583 de—Hierécitt's
1815 5517 1835 5583 ἓ

266 5586 623 5671 medicam:
639 5592 756 5646 τελε
764 5595 949 5671 ιότατα
1049 5596 1116 5671 ἀις
1133 5586 1429 5671 κέκτηνται
1448 5597 1675 5671 ἕκαστος
1694 5614 1839 5671 συν-

263 5664 582 5740 ςισὰκζοιξς
625 5664 1028 5740 γυναῖκας-’ἅ
1072 5667 1139 5728 ἃς
1173 5664 1398 5740 εἰώθασι
1447 5668 1844 5740 φιλοτιμεῖσθαι

266 5724 403 5805 ἔχειν
417 5731 497 5792 εις
509 5724 1043 5800 ῠὲτηρεσιανζνιιιεε
1063 5724 1451 5803 σιῐνεισάκτους
1460 5724 1572 5794 “dici
1588 5724 1847 5797 niulieres

270 5797 407 5863 illas,
432 5815 554 5872 qua:
584 5797 858 5860 ιιιῖιιὶδιενὶἱ
887 5821 1053 5863 causa
1088 5822 1212 5865 cum
1248 5809 1371 5865 istis
1403 5797 1719 5868 hominibus
1759 5812 1844 5867 vi-

1582 4384 1630 4416 ³⁸
1670 4385 1764 4441 lib.
1801 4401 1861 4441 ιιι
1884 4426 1899 4452 ,

1961 3297 2165 3369 Nempe
2194 3314 2358 3367 quam
2387 3313 2512 3354 vera
2541 3298 2647 3353 ista
2688 3298 2799 3353 sint
2824 3297 2989 3351 etiam
3044 3295 3397 3353 manifestum
3430 3304 3536 3359 est,

1960 3391 2181 3465 quando
2211 3391 2453 3446 tonitrua
2481 3399 2786 3462 ventosque
2822 3391 2878 3444 in
2911 3389 3076 3444 doliis
3101 3390 3170 3453 ⁵⁷,
3211 3397 3265 3443 et
3293 3390 3540 3459 tripodas

1959 3501 2026 3542 ex
2051 3499 2186 3542 saxo
2224 3484 2449 3557 proprio
2499 3491 2650 3538 motu
2708 3482 3131 3537 obambulantes
3154 3480 3220 3545 ⁵⁸,
3249 3496 3541 3552 teneasque

1960 3579 2278 3648 pincernas,
2331 3577 2534 3632 calices
2566 3575 2621 3629 in
2654 3575 2842 3630 orbem
2875 3573 3352 3638 circumferentes,
3389 3587 3542 3629 com-

1961 3682 2274 3722 memorans
2301 3668 2563 3737 primum,
2596 3664 2712 3719 hzec
2747 3663 2864 3733 ipsa
2898 3664 3055 3733 quasi
3078 3676 3206 3716 vera
3240 3661 3537 3727 narrando.

1959 3760 2169 3831 reliqua
2192 3760 2357 3814 etiam
2386 3758 2575 3813 omnia
2612 3772 2797 3813 meras
2834 3755 3048 3812 fabulas
3080 3769 3203 3810 esse
3235 3753 3417 3825 prodit
3444 3763 3532 3808 at-

1957 3868 2065 3924 que
2090 3851 2291 3923 arguit.

2519 3941 2749 4014 CAPUT
2801 3939 2968 3995 xxv.

2028 4033 2220 4090 Refert
2250 4041 2433 4088 autem
2470 4033 2837 4089 Philostratus
2859 4033 2905 4065 ”
2933 4032 3100 4087 etiam
3136 4029 3328 4085 Damin
3361 4030 3537 4088 dixis-

1960 4142 2042 4190 se,
2076 4143 2136 4182 se
2172 4141 2281 4180 non
2319 4133 2589 4195 praesente
2630 4139 2849 4196 quoque
2893 4139 3016 4177 cum
3068 4123 3257 4177 larcha
3305 4122 3531 4192 Apollo-

1961 4220 2115 4275 nium
2149 4216 2595 4289 philompbatum
2630 4233 2774 4285 esse,
2808 4230 3118 4286 munusque
3158 4217 3310 4268 abeo
3343 4215 3536 4272 tulisse

1947 4400 1998 4442 c.
2043 4385 2133 4441 39.
2240 4385 2290 4418 "
2328 4385 2463 4442 ibid.
2575 4384 2620 4417 "’
2660 4385 2759 4440 lib.
2790 4401 2883 4451 ιιι,
2915 4401 2966 4441 c.
3000 4382 3088 4437 M.
3202 4379 3251 4413 ⁸⁸
3290 4379 3385 4435 lib.
3430 4397 3526 4447 ιιι,

485 4607 847 4693 λέᾳντιχρρα.
888 4606 1044 4693 Apud
1079 4606 1338 4693 Philostr.
1380 4618 1466 4691 est
1501 4610 1840 4693 Μαρτιχὸρα.

1958 4611 2307 4693 ηομ-γάμου
2337 4615 2432 4693 καὶ
2461 4616 2745 4676 συνουσίας
2774 4614 2964 4693 χωρίς,
3011 4622 3074 4693 _ut
3105 4614 3532 4693 Chrysostomus

1529 4668 1664 4756 istis
1686 4668 1835 4737 ’v‘o‘ci-

1958 4690 2073 4756 ποι.
2086 4668 2189 4756 Ὲίς
2206 4668 2351 4756 τοὺς
2360 4685 2614 4756 {flor-mg
2625 4668 2975 4756 συῦεῖσᾶκῖ.
2991 4668 3527 4756 ἀοοέιάῖνινξιιίείίῖί,

1941 4755 2081 4828 edit.
2135 4753 2327 4828 Savil._
2365 4753 2501 4809 Vide
2552 4755 2708 4828 plut-tt
2750 4754 2819 4810 de
2873 4756 3147 4828 hisgapud
3196 4753 3530 4813 Cotelerium

1941 4826 2009 4881 ad
2040 4824 2251 4879 Hermae
2279 4823 2382 4881 vis.
2418 4840 2466 4889 ι,
2497 4832 2613 4878 not.
2651 4824 2702 4887 1,
2733 4832 2787 4879 et
2829 4825 2897 4879 ad
2939 4823 3056 4881 vis:
3096 4842 3156 4889 ll,
3206 4838 3319 4883 not.
3358 4828 3445 4890 15,
3474 4837 3530 4883 et

1943 4898 2199 4965 Bevcreg.
2228 4895 2282 4948 in
2304 4910 2427 4950 can.
2458 4909 2516 4949 ιιι
2540 4896 2759 4965 concilii
2806 4894 3010 4951 Νίσιβιιὶ
3035 4913 3071 4950 ι.
3093 4896 3232 4952 Hinc
3262 4898 3530 4954 Eusebius

1943 4976 2069 5038 apte
2107 4981 2310 5038 vocem
2331 4964 2647 5033 εἰσάγεσθαι
2671 4980 2737 5020 ex
2760 4982 2863 5038 usu
2894 4966 3039 5021 illius
3067 4968 3165 5021 azvi
3197 4967 3435 5030 adhibet,
3461 4969 3530 5026 de

1949 5036 2270 5107 mulieribus
2301 5037 2552 5105 loquens,
2592 5051 2713 5106 quae
2746 5036 3195 5107 philosophorum
3239 5039 3285 5093 si
3322 5055 3432 5094 non
3462 5040 3530 5093 li-

1952 5107 2146 5170 bidini,
2179 5106 2503 5178 ministeriis
2528 5106 2753 5175 saltem,
2774 5107 2842 5162 de
2868 5106 3071 5178 quibus
3094 5107 3184 5162 hic
3204 5124 3408 5177 sermo,
3434 5125 3529 5164 va-

1953 5193 2080 5232 care
2103 5177 2394 5234 debebant.

2022 5247 2479 5331 (gﬂiat‘jepéqg.
2504 5246 2640 5331 inec
2681 5247 2981 5331 adduntur,
3010 5249 3099 5331 ad_
3119 5249 3523 5331 eliprimendam

1947 5318 2264 5374 Philostrati
2304 5319 2630 5392 sententiam
2670 5318 2847 5392 τοῦτοΔ
2875 5318 3027 5390 ἰερᾶιν
3052 5390 3059 5392 Α
3082 5318 3297 5392 sae-71w.
3312 5320 3526 5376 ποιοῦν-

1943 5407 2056 5454 ται,
2082 5404 2277 5458 nempe
2310 5404 2417 5443 non
2449 5389 2768 5460 ordinarius,
2795 5388 2885 5460 ille
2924 5388 3179 5460 vestitus,
3206 5388 3306 5447 sed
3332 5407 3531 5447 eorum

1944 5462 2036 5531 qui
2070 5460 2433 5531 sacerdotalia
2465 5459 2682 5531 obirent
2714 5458 2908 5515 oﬂicia.

2014 5530 2126 5600 (25)
2154 5528 2518 5600 Πρατμάτων
2556 5528 2712 5600 ἡμᾶς
2748 5530 3142 5601 ἀπολύσαντα
3194 5530 3399 5601 Nempe
3449 5529 3520 5584 ita

1943 5612 2164 5657 strenue
2209 5609 2263 5654 et
2310 5608 2497 5665 aperte
2535 5602 2755 5655 mentiri
2782 5601 2963 5656 innuit
3000 5600 3411 5665 Philostratum,
3455 5610 3529 5655 ut

1943 5673 2145 5728 fabulis
2180 5671 2490 5743 manifestis
2519 5679 2774 5743 suspecta
2804 5671 3015 5742 reliqua
3042 5674 3205 5728 etiam
3235 5672 3432 5743 faciat;
3456 5677 3520 5743 ut

1944 5744 2081 5798 adeo
2112 5740 2458 5814 refutationis
2491 5739 2653 5814 opera
2674 5739 3004 5814 sublevet—ur
3049 5745 3186 5814 ipse,
3218 5739 3518 5799 mentiendi

1944 5831 1998 5870 ιιι
2030 5830 2061 5869 a
2101 5814 2349 5869 versario
2384 5813 2740 5883 impudentia.
