4054 6408
537 362 634 418 851

1214 362 1479 420 EUSEBH
1518 362 2007 419 CIESARIENSIS
2046 361 2198 421 OPP.
2237 360 2417 416 PARS
2454 361 2523 415 ll.
2558 391 2625 402 -—
2667 356 3168 414 APOLOGET‘CA.
3628 358 3717 414 8‘5!

537 481 769 536 annulos
795 488 1024 552 septem,
1056 481 1398 552 planetarum
1423 482 1737 538 nominibus
1771 482 2093 553 insignitos:

2203 480 2340 535 ἑπτά
2359 522 2373 544 ,
2397 478 2716 551 ἐπωνύμους
2736 477 2979 550 ἀστέρων
2995 515 3009 537 ,
3031 474 3123 539 οὒς
3143 473 3236 528 καὶ
3259 473 3437 545 φορεῖν
3456 473 3597 527 αὑτὸν
3616 473 3721 527 καθα

535 588 676 643 quos
709 572 873 628 etiam
927 576 1242 645 gestaverit,
1278 590 1446 630 unum
1480 582 1606 645 post
1657 576 1851 640 alium,
1883 590 1983 646 pro
2009 590 2099 630 ra-

535 664 687 717 tione
718 664 1003 718 nominum
1055 664 1250 720 diebus
1305 665 1708 736 impositorum.
1753 666 1879 722 Haec
1923 676 2102 722 tamen

538 754 643 811 isto
666 755 888 825 quidem
919 757 1040 811 loco
1088 756 1356 823 referens,
1390 758 1484 828 qui
1534 760 1780 815 veritatis
1824 759 2104 815 studiosus

538 846 849 903 Philaletlue
886 850 1092 917 judicio
1123 857 1227 913 est,
1265 850 1372 906 alio
1410 852 1598 922 scripti
1625 852 1773 907 illius
1791 852 1933 916 loco,
1948 852 2104 923 quasi

534 939 805 996 damnans
836 938 1235 999 Brachmauum
1264 942 1694 1006 incantamenta,
1738 951 1906 1012 utque
1937 942 2007 996 ab
2036 941 2105 997 iis

538 1031 831 1088 immunem
877 1040 1096 1102 praestet
1144 1033 1491 1105 Apollonium
1526 1050 1673 1090 curae
1712 1034 1944 1096 habens.
1974 1034 2105 1088 sub-

531 1121 710 1193 juugit
736 1124 1065 1180 verbotenus
1094 1126 1196 1182 ista
1229 1128 1312 1182 '°:
1350 1147 1369 1180 ι
1414 1126 1615 1183 Videas
1649 1135 1830 1182 autem
1860 1126 2105 1196 tripodas

536 1213 677 1283 apud
713 1211 893 1279 Indos,
932 1214 1350 1285 pincernasque.
1374 1226 1429 1271 et
1457 1232 1796 1287 qumcunque
1830 1231 1932 1270 suo
1955 1223 2103 1268 motu

535 1313 653 1359 acta
704 1306 1003 1375 procedere
1052 1307 1184 1369 dixi,
1233 1324 1410 1378 neque
1454 1309 1812 1379 interrogavit
1848 1323 1955 1377 qua
1987 1315 2105 1362 arte

532 1394 780 1451 confecta
809 1397 925 1452 haec
967 1397 1100 1461 sint,
1137 1414 1317 1468 neque
1355 1399 1608 1454 discendi
1641 1415 1705 1455 ea
1745 1399 1924 1469 ipsum
1951 1398 2105 1452 volu-

533 1497 654 1558 ptas
689 1488 937 1544 incessit.
982 1486 1182 1544 Verum
1228 1492 1474 1545 laudavit
1506 1491 1750 1561 quidem,
1785 1491 1985 1545 imitari
2020 1498 2105 1544 ta-

531 1595 653 1634 men
699 1579 957 1649 dignatus
993 1581 1137 1635 haud
1179 1579 1307 1638 fuit.
1362 1600 1381 1634 ι
1431 1580 1597 1637 illene
1637 1596 1768 1635 vero
1800 1578 1927 1652 [hoc
1957 1578 2103 1634 fece-

531 1671 665 1743 rit?]
694 1673 787 1741 qui
820 1671 1043 1727 Damide
1067 1674 1325 1729 submoto
1353 1689 1478 1728 cum
1501 1676 1568 1729 iis
1588 1673 1901 1731 conversari
1923 1672 2101 1742 magni

531 1760 789 1826 faciebat,
838 1770 1003 1831 atque
1050 1762 1293 1817 sodalem
1344 1766 1592 1829 unicum,
1643 1760 1910 1832 quidquid
1943 1760 2104 1815 etiam

2204 571 2303 624 ’ἐνα
2332 570 2467 643 πρὸς
2491 570 2558 623 τὰ
2585 570 2822 640 ὀνόματα
2848 565 2954 620 τῶν
2982 563 3222 636 ἡμερῶν.
3279 561 3457 616 Ταῦτα
3479 562 3531 615 δὲ
3554 560 3634 615 νῦν
3656 563 3719 615 tl-

2204 661 2321 716 πὼν
2344 702 2360 727 ,
2402 662 2431 715 ὃ
2460 663 2508 714 τ’
2536 660 2732 733 ἀληθὲς
2768 660 2931 732 τιμᾷν
2961 656 3111 729 παρὰ
3136 654 3219 726 τῷ
3257 673 3275 705 ι
3297 653 3562 724 Φιλαλήθει
3583 673 3599 705 ι
3628 653 3720 725 (2,4)

2204 753 2585 827 νενομισμένος
2602 793 2618 818 ,
2652 751 2767 822 μεθ’
2791 750 2952 821 ἔτερα
2975 748 3074 819 τῆς
3093 745 3310 819 γραφῆς
3328 784 3343 807 ,
3368 744 3439 807 ὡς
3462 743 3522 798 ἂν
3539 744 3596 816 δὴ
3616 759 3724 815 γοη-

2202 848 2351 901 τείαν
2388 845 2493 899 τῶν
2530 843 2869 917 Βραχμάνων
2897 842 3196 909 καταγνοὺς
3217 880 3232 903 ,
3272 836 3364 891 καὶ
3391 836 3577 906 ταύτης
3601 836 3726 894 ἐλεύ-

2205 938 2360 1009 θερον
2388 934 2723 1005 καταστῆσαι
2750 933 2842 986 τὸν
2892 928 3243 985 Ἀπολλώνιον
3274 926 3547 999 φροντίσας
3569 964 3583 988 ,
3625 927 3726 978 ἑπι-

2205 1029 2397 1100 φέρει,
2436 1028 2658 1096 φάσκων
2695 1022 2834 1079 κατὰ
2889 1020 3033 1088 λέξιν
3056 1037 3070 1051 ο
3138 1037 3157 1070 ι
3198 1016 3340 1071 Ἰδὼν
3376 1015 3433 1069 δὲ
3467 1015 3605 1087 παρὰ
3634 1018 3728 1079 τοῖς

2217 1120 2396 1183 Ἰνδοῖς
2423 1119 2547 1181 τοὺς
2573 1116 2832 1188 τρίποδας
2853 1155 2867 1178 ,
2908 1114 3002 1167 καὶ
3032 1113 3158 1175 τοὺς
3187 1109 3451 1181 οἰνοχόους
3472 1148 3487 1173 ,
3536 1109 3620 1161 καὶ
3645 1109 3729 1163 ὅσα

2204 1211 2486 1283 αὐτόματα
2539 1209 2795 1279 ἐσφοιτᾷν
2836 1205 2948 1277 (ἓέἰ)
2990 1200 3169 1270 εἷπον,
3253 1201 3364 1256 οὔθ’
3419 1204 3557 1266 ὅπως
3602 1203 3731 1271 σοφί-

2204 1303 2377 1369 ζοιντο
2407 1303 2543 1358 αὐτὰ
2568 1342 2583 1366 ,
2624 1302 2784 1373 ἤρετο
2821 1299 2933 1371 (26)
2958 1339 2973 1361 ,
3014 1297 3135 1351 οὔτε
3171 1297 3363 1369 ἐδεήθη
3395 1294 3599 1367 μαθεῖν·
3635 1296 3728 1350 ἀλλ’

2203 1398 2391 1469 ἐπῄνει
2426 1397 2526 1468 μὲν
2550 1437 2564 1459 ,
2614 1394 2807 1466 ζηλοῦν
2854 1394 2911 1448 δὲ
2956 1393 3055 1446 οὐκ
3087 1392 3258 1462 ἠξίου.
3288 1410 3306 1443 ι
3397 1392 3502 1444 Καὶ
3532 1390 3667 1455 πῶς,
3694 1384 3733 1444 ὧ

2203 1486 2355 1554 οὗτος
2379 1530 2395 1554 ,
2429 1491 2529 1543 οὐκ
2561 1489 2710 1559 ἠξίου
2749 1486 2979 1558 ζηλοῦνς
3013 1488 3042 1539 ὁ
3076 1485 3198 1555 δίχα
3234 1483 3328 1537 τοῦ
3362 1482 3580 1554 Δάμιδος
3603 1499 3733 1535 σπου-
3814 1500 3819 1507 ·

2202 1583 2298 1656 δὴν
2368 1582 2687 1653 ποιούμενος
2754 1577 3175 1651 συμφιλοσοφεῖν
3229 1578 3448 1639 αὐτοῖς,
3523 1575 3611 1628 καὶ
3660 1573 3734 1627 τδν

2208 1675 2400 1746 μόνον,
2462 1676 2491 1728 ὃ
2538 1692 2591 1727 τι
2637 1673 2729 1726 καὶ
2782 1671 3044 1743 πράττοι,
3098 1668 3382 1723 λανθάνειν
3412 1667 3524 1721 δέον
3553 1667 3733 1737 ἑταῖρον

2205 1765 2523 1839 ἡγούμενος.
2581 1763 2706 1827 Πῶς
2750 1762 2805 1816 δὲ
2835 1762 2936 1816 οὐκ
2966 1760 3119 1831 ἠξίου
3167 1758 3362 1833 ζηλοῦν
3389 1777 3404 1825 ;
3457 1759 3485 1811 ὁ
3509 1758 3625 1821 τοὺς
3648 1755 3735 1809 τῶν

529 1859 637 1914 est,
666 1848 815 1923 [cum
851 1851 942 1924 iis]
968 1854 1113 1922 quod
1144 1853 1276 1924 egit,
1324 1854 1580 1923 ignorare
1628 1862 1883 1924 oportere
1914 1866 2102 1906 cense-

2206 1861 2451 1931 άστέρων
2482 1856 2799 1927 ἐπωνύμους
2831 1852 3262 1926 καταδεχόμενος
3291 1851 3596 1913 δακτυλίους
3616 1889 3629 1912 ,
3660 1848 3736 1903 καὶ

529 1944 663 1998 bat?
694 1944 796 2011 Qui
826 1960 956 2000 vero
984 1946 1185 2000 imitari
1216 1946 1474 2015 dignatus
1499 1944 1643 1999 haud
1667 1944 1772 1999 sit?
1804 1944 1896 2013 qui
1925 1943 2106 2012 plane-

529 2043 710 2088 tarum
732 2036 1046 2091 nominibus
1078 2037 1368 2107 insignitos
1392 2036 1627 2091 annulos
1657 2035 1866 2105 accepit
1889 2036 1953 2096 ⁸⁸,
1977 2048 2104 2089 eos-

528 2142 638 2197 que
682 2142 776 2197 pcr
809 2141 1025 2181 onmem
1090 2128 1259 2180 vitam
1313 2136 1528 2197 gestare
1576 2126 1947 2180 necessarium
1999 2125 2103 2180 sibi

527 2217 702 2280 duxit,
738 2226 900 2289 prout
948 2217 1153 2272 ferrent
1181 2219 1400 2273 nomina
1433 2218 1680 2286 cujusvis
1708 2217 1813 2272 diei
1848 2235 1861 2271 :
1890 2225 1944 2273 et
1976 2219 2102 2288 qui-

528 2311 650 2366 dem
688 2325 753 2366 eo
788 2311 935 2381 quod
968 2326 1190 2374 arcana.
1221 2311 1296 2363 uti
1339 2311 1455 2381 ipse
1491 2310 1596 2371 ais.
1637 2310 1841 2364 virtute
1871 2318 2100 2379 praesta-

527 2411 672 2460 rent.
709 2402 781 2457 Ut
807 2418 935 2458 vero
963 2402 1333 2458 coner-damus
1360 2402 1545 2465 etiam,
1583 2402 1785 2457 imitari
1819 2403 1923 2458 ista
1969 2418 2097 2458 eum

527 2496 794 2559 noluisse,
830 2504 1118 2566 propterea
1150 2501 1298 2549 certe
1330 2509 1438 2548 non
1468 2494 1736 2547 imitatum
1770 2509 1892 2550 esse
1925 2493 2100 2547 mani-

528 2585 728 2642 festum
758 2586 885 2648 erit,
917 2585 1064 2655 quod
1097 2594 1243 2640 recte
1276 2584 1383 2640 sibi
1415 2584 1563 2637 haud
1619 2582 1799 2639 facere
1852 2584 2099 2639 videren-

528 2683 638 2733 tur.
672 2675 957 2743 Quomodo
988 2677 1153 2747 igitur
1184 2676 1254 2730 ob
1282 2690 1346 2729 ea
1374 2674 1640 2734 laudavit.
1691 2691 1811 2745 quae
1858 2692 1967 2729 non
2012 2676 2098 2730 di-

527 2774 790 2839 gnaretur
838 2766 1075 2821 imitari?
1101 2766 1187 2830 Et,
1224 2765 1270 2821 si
1318 2774 1575 2836 tanquam
1609 2774 1727 2820 arte
1754 2766 1936 2821 divina
1968 2782 2097 2836 ope-

528 2868 713 2917 rantes
746 2860 1097 2920 collaudavit.
1133 2875 1232 2916 cur
1272 2859 1521 2914 imitatus
1556 2858 1699 2913 haud
1729 2866 1833 2920 est,
1883 2860 2097 2914 laudem

526 2967 647 3023 qum
686 2952 1066 3009 mererentur?
1104 2949 1277 3005 Porro
1325 2965 1455 3005 vero
1506 2955 1627 3020 post
1693 2963 1901 3002 moram
1956 2949 2097 3020 apud

2203 1948 2423 2013 τούτους
2475 1948 2768 2015 ἀναγκαῖον
2806 1944 3088 2015 τιθέμενος
3138 1941 3227 1996 διὰ
3283 1939 3484 2004 παντὸς
3511 1938 3598 1992 τοῦ
3644 1937 3737 2007 βίου

2204 2042 2389 2115 φέρειν
2445 2040 2580 2110 πρὸς
2635 2038 2703 2091 τὰ
2748 2036 2988 2108 ὀνόματα
3034 2035 3144 2090 τῶν
3193 2034 3449 2107 ἡμερῶνο
3507 2031 3735 2097 καίτοιγε,

2203 2134 2513 2206 ἀπόρρητον
2540 2171 2554 2195 ,
2606 2132 2681 2196 ὡς
2729 2131 2834 2201 φῂς
2886 2128 3081 2191 αὐτὸς,
3118 2127 3336 2198 ἔχοντας
3368 2123 3538 2195 ίσχύν.
3595 2122 3651 2175 Εἰ
3692 2120 3739 2173 δὲ

2205 2225 2301 2279 καὶ
2354 2223 2532 2295 δοθείη
2568 2223 2628 2277 τὸ
2683 2222 2757 2293 μὴ
2789 2219 2984 2289 ζηλοῦν
3017 2218 3305 2289 ἠξιωκέναι
3338 2215 3500 2271 αὐτὸν
3520 2255 3534 2279 ,
3583 2212 3650 2275 ὡς
3677 2210 3737 2281 μὴ

2203 2312 2262 2371 εῦ
2299 2316 2631 2388 πράττοντας
2672 2315 2770 2367 οὐκ
2814 2312 3002 2383 ἐζήλου
3046 2309 3302 2381 δηλονότι.
3362 2308 3488 2371 Πῶς
3534 2301 3618 2359 οὖν
3661 2306 3741 2355 ἑπ-

2202 2408 2338 2479 ᾑνει,
2368 2409 2453 2477 ἐφ’
2483 2400 2563 2469 οἷς
2597 2406 2676 2477 μὴ
2697 2404 2847 2474 ἠξίου
2882 2400 3075 2475 ζηλοῦν
3100 2418 3115 2465 ;
3171 2401 3235 2454 Εἰ
3263 2400 3307 2453 δ’
3334 2399 3414 2463 ὡς
3441 2398 3593 2460 θείως
3614 2396 3740 2465 ἐνερ-

2201 2499 2432 2571 γοῦντας
2476 2499 2660 2571 ἐπῄνει
2681 2538 2695 2561 ,
2744 2496 2863 2561 πῶς
2901 2496 3000 2550 οὐκ
3028 2494 3219 2566 ἐζήλου
3250 2492 3317 2546 τὰ
3343 2492 3577 2546 ἐπαίνων
3601 2487 3739 2553 aeu;

2216 2590 2375 2644 Ἀλλὰ
2404 2589 2513 2660 γὰρ
2563 2590 2699 2660 μετὰ
2730 2589 2829 2659 τὴν
2859 2586 3009 2659 παρὰ
3040 2585 3248 2649 τούτοις
3298 2582 3577 2655 διατριϐὴν
3596 2623 3609 2645 ,
3656 2595 3744 2631 πα-

2201 2682 2544 2735 λινοστοῦντα
2571 2681 2730 2734 αὑτὸν
2753 2680 2866 2751 ἃμα
2887 2682 2999 2742 τοῖς
3027 2677 3264 2749 ἑταίροις
3280 2717 3294 2741 ,
3318 2674 3625 2747 ἐληλυθέναι
3657 2687 3744 2739 φη-

2206 2775 2290 2828 σὶν
2322 2777 2380 2838 ἒς
2403 2775 2500 2844 τὴν
2529 2774 2635 2827 τῶν
2669 2772 2891 2845 Ὡριτῶν
2914 2771 3023 2842 (27)
3057 2769 3259 2842 χώραν,
3294 2768 3423 2822 ἔνθα
3455 2767 3641 2838 χαλκαῖ
3664 2762 3744 2833 μὲν

2200 2866 2381 2930 αὐτοῖς
2398 2868 2454 2920 ai
2476 2865 2692 2937 πέτραι.
2716 2866 2889 2937 χαλκῆ
2908 2865 2961 2918 δὲ
2979 2868 3012 2935 ἠ
3028 2863 3270 2935 ψάμμος,
3289 2859 3492 2932 χαλκοῦ
3509 2859 3564 2912 δὲ
3576 2856 3746 2927 ψῆγμα

2199 2957 2249 3008 οἱ
2276 2957 2510 3028 ποταμοὶ
2538 2958 2749 3025 ἄγουσι.
2785 2958 2894 3010 Καὶ
2921 2955 3159 3010 τοσαῦτα
3192 2954 3292 3025 μὲν
3318 2953 3390 3007 τὰ
3419 2951 3557 3007 κατὰ
3576 2949 3632 3003 τδ
3653 2946 3746 3019 τρί-

529 3043 629 3098 bos
662 3042 883 3107 factam,
914 3044 1261 3113 Apollonium
1298 3057 1406 3096 ima
1440 3056 1565 3094 cum
1596 3039 1713 3095 suis
1736 3049 2096 3096 revertentem

2203 3063 2289 3099 τον
2324 3048 2683 3121 σύγγραμμα.

528 3137 595 3191 ad
621 3136 897 3192 Oritarum
946 3138 1023 3191 ait
1046 3138 1089 3167 “
1120 3137 1338 3191 venisse
1388 3135 1686 3204 regionem,
1718 3133 1811 3187 ubi
1850 3150 1990 3189 aerea
2030 3152 2182 3200 saxa,
2222 3154 2495 3212 arenaque
2520 3160 2681 3209 aerea,
2712 3141 2945 3214 aerisque
2980 3147 3226 3198 ramenta
3256 3138 3407 3195 ﬂuvii
3440 3136 3652 3193 vehunt.
3667 3130 3747 3185 At-

527 3247 641 3305 que
659 3233 764 3288 ista
788 3240 936 3297 sunt,
971 3247 1092 3303 qua:
1122 3232 1177 3285 in
1219 3231 1382 3285 tertio
1414 3230 1555 3283 libro
1584 3231 1953 3285 continentur.

990 3345 1151 3416 527
1185 3341 1413 3398 CAPUT
1452 3339 1641 3396 xxvr.

602 3455 897 3527 Sequentia
926 3456 1039 3525 jam
1073 3470 1512 3526 percenseamus.
1557 3454 1633 3510 Ex
1681 3454 1833 3510 India
1873 3455 1926 3510 in
1954 3454 2104 3510 Gne-

528 3549 675 3604 ciam
701 3549 960 3604 reducem
991 3547 1036 3579 ⁵³
1072 3548 1141 3602 ab
1193 3547 1329 3617 ipsis
1364 3549 1472 3603 diis
1501 3546 1672 3603 refert
1729 3548 1938 3603 socium
1973 3548 2104 3604 deo-

528 3655 651 3697 rum
685 3654 810 3695 eum
837 3654 960 3693 esse
991 3636 1328 3692 declaratqu
1358 3638 1484 3710 :qui
1520 3646 1575 3693 et
1598 3644 1833 3708 aegrotos
1862 3640 1928 3691 ad
1953 3651 2099 3700 eum,

529 3731 783 3787 sanitatis
814 3730 1205 3799 recuperandae
1234 3744 1426 3794 causa,
1470 3730 1823 3785 remiserunt.
1875 3726 2105 3798 Jamque

529 3822 686 3894 quasi
717 3822 787 3876 ab
836 3821 1130 3884 Arabibus,
1176 3825 1457 3893 magisque
1486 3832 1542 3876 et
1580 3820 1726 3876 Indis
1775 3818 2102 3889 stupendum

528 3916 706 3970 virum
736 3920 791 3970 et
822 3913 979 3985 plane
1013 3912 1257 3967 divinum
1288 3913 1585 3976 advehens,
1619 3898 1797 3969 miras.
1816 3912 1944 3965 inde
1975 3925 2104 3964 nar-

527 4005 774 4061 rationes
807 4004 1070 4061 instituit.
1104 4004 1271 4073 Atqui
1317 4021 1428 4060 non
1482 4004 1760 4059 immerito
1805 4003 1952 4059 dicat
2002 4003 2104 4056 ali-

529 4100 675 4170 quis,
730 4098 877 4171 quod
931 4099 977 4154 si
1021 4099 1133 4168 jam
1172 4098 1301 4153 olim
1343 4097 1772 4161 excellentioris,
1822 4110 1986 4166 quam
2017 4102 2104 4150 est

529 4193 791 4258 humana,
820 4193 1128 4248 exstitisset
1166 4201 1396 4256 naturae,
1434 4206 1544 4245 non
1587 4190 1700 4261 jam
1730 4190 1973 4255 demum,
2005 4187 2102 4243 sed

528 4284 714 4356 potius
745 4292 1036 4353 antequam
1088 4284 1325 4338 aliorum
1372 4282 1697 4354 profecisset
1734 4281 2101 4343 institutione,

526 4376 921 4431 miraculorum
952 4374 1347 4447 patrandorum
1381 4375 1598 4429 initium
1631 4389 1756 4429 eum
1792 4372 1972 4427 facere
2002 4387 2103 4442 par

528 4478 662 4522 erat.
694 4465 961 4522 Praeterea
994 4466 1384 4537 superforanea
1438 4464 1617 4519 futura
1676 4464 1891 4528 fuisset,
1937 4478 2103 4533 quam

451 4546 495 4595 ’δ
527 4558 820 4619 Arabibus.
856 4558 1137 4630 magisque
1188 4565 1241 4612 et
1292 4557 1441 4613 indis
1469 4559 1650 4613 studio
1686 4558 1787 4612 sibi
1823 4556 2106 4625 conquisi-

528 4652 625 4717 vit,
654 4651 930 4713 doctrina,
964 4650 1010 4706 si
1041 4650 1166 4713 quis
1192 4665 1316 4705 eum
1342 4650 1501 4719 juxta
1531 4664 1617 4711 ea,
1653 4664 1774 4720 quae
1806 4646 2104 4702 Philostra-

2687 3345 3081 3402 ΚΕΦΑΛΑΙΟΝ
3134 3347 3278 3415 κεῖν.

2284 3460 2555 3532 Ἐπίωμεν
2585 3459 2630 3513 δ’
2658 3459 2758 3531 ήδη
2791 3458 2860 3513 τὰ
2894 3458 3041 3529 ἑξῆς.
3111 3457 3537 3523 Ἐπανελθόντα,
3587 3455 3749 3527 φησὶν.

2203 3552 2363 3606 αὑτὸν
2390 3553 2488 3624 τῆς
2530 3550 2704 3606 Ἰνδῶν
2728 3549 2910 3624 χώρας
2935 3550 3027 3604 ἐπὶ
3054 3550 3153 3623 τὴν
3206 3549 3434 3604 Ἑλλάδα
3458 3590 3473 3614 ,
3527 3546 3750 3603 κοινωνὸν

2201 3644 2310 3698 τῶν
2340 3643 2476 3698 θεῶν
2510 3642 2643 3715 πρὸς
2675 3641 2854 3696 αὐτῶν
2881 3641 2987 3695 τῶν
3036 3640 3173 3695 θεῶν
3204 3639 3643 3713 ἀνακεκηρύχθαι
3664 3681 3676 3700 ,
3710 3633 3750 3690 οἳ

2203 3738 2295 3791 καὶ
2325 3737 2451 3798 τοὺς
2477 3735 2783 3807 κάμνοντας
2805 3734 2880 3798 ὡς
2911 3733 3071 3788 αὐτὸν
3101 3734 3185 3805 ἐφ’
3208 3734 3367 3804 ὑγεία.
3392 3733 3749 3805 παρέπεμπον.

2202 3828 2313 3883 Καὶ
2359 3827 2493 3899 δῆτα
2531 3827 2608 3890 ὡς
2638 3825 2696 3891 ἐξ
2743 3825 2987 3898 Ἀράϐων
3012 3866 3026 3890 ,
3062 3827 3156 3880 καὶ
3191 3826 3420 3897 μάγων,
3472 3825 3564 3879 καὶ
3603 3820 3753 3877 Ἰνδῶν

2203 3919 2503 3993 παράδοξόν
2529 3935 2653 3972 τινα
2681 3919 2776 3972 καὶ
2805 3918 2945 3972 θεῖον
2963 3917 3123 3971 αὐτὸν
3146 3919 3276 3989 ἡμῖν
3305 3917 3533 3987 άγαγὼν
3555 3956 3570 3979 ,
3602 3930 3753 3985 παραο

2200 4012 2363 4079 δόξων
2386 4010 2633 4065 ἐντεῦθεν
2660 4010 3038 4083 άφηγημάτων
3065 4010 3538 4081 κατάρχεται.Καὶ
3554 4007 3613 4062 τδ
3639 4006 3754 4074 (27')

2201 4104 2266 4158 άν
2286 4121 2369 4167 τις
2393 4104 2534 4157 εἴποι
2561 4103 2814 4172 εὐλόγως,
2837 4103 2918 4156 ὃτι
2933 4102 3019 4173 δὴ,
3039 4104 3086 4156 εί
3108 4100 3384 4174 θειοτέρας
3400 4102 3434 4175 ἢ
3451 4100 3755 4170 κατ’άνθρω-

2202 4212 2302 4249 πον
2334 4193 2546 4264 φύσεως
2572 4190 2640 4266 ἦν
2672 4194 2838 4247 πάλαι
2863 4233 2878 4258 ,
2926 4192 3039 4246 ἀλλ’
3067 4193 3127 4245 ού
3155 4191 3250 4245 νῦν
3278 4191 3383 4245 ἔδει
3403 4233 3419 4256 ,
3470 4190 3576 4263 πρὸ
3599 4188 3687 4259 τῆς
3708 4184 3756 4239 δὲ

2202 4285 2403 4359 ἐτέρων
2450 4286 2801 4358 μεταλήψεως
2857 4285 2965 4339 τῶν
3019 4285 3335 4356 θαυμασίων
3383 4280 3752 4357 κατάρχεσθαι.

2202 4378 2437 4449 Περιττὴ
2485 4377 2530 4431 δ’
2561 4376 2625 4431 ἂν
2665 4378 2761 4431 καλ⁵
2792 4379 2824 4447 ἠ
2876 4376 2935 4444 ἐξ
2979 4375 3222 4447 Ἀράϐων
3250 4372 3400 4446 αὐτῷ
3424 4415 3441 4437 ,
3498 4374 3678 4445 μάγων
3705 4373 3764 4421 τε

2203 4468 2297 4521 καὶ
2335 4466 2531 4532 Ἰνδῶν,
2561 4467 2649 4521 διὰ
2673 4467 2906 4537 σπουδῆς
2931 4469 3267 4538 ἐπεχειρεῖτο
3322 4467 3688 4537 πολυμάθεια,
3718 4459 3758 4512 εἰ

2203 4560 2266 4631 δή
2300 4577 2385 4625 τις
2438 4560 2580 4614 κατὰ
2636 4560 2734 4632 τὴν
2767 4560 3011 4614 δοθεῖσαν
3045 4559 3254 4631 ὑπῆρεν
3314 4558 3593 4612 ὑπόθεσιν.
3636 4552 3757 4607 Ἀλλ’

2204 4645 2377 4717 οὗτος,
2405 4650 2547 4707 κατὰ
2570 4652 2660 4706 τὸν
2684 4651 2858 4725 άληθῆ
2886 4652 3204 4724 συγγραφέα
3248 4651 3382 4723 (28),
3403 4651 3500 4705 νῦν
3526 4651 3588 4721 δὴ
3638 4647 3761 4718 πάρ-

528 4750 617 4799 tus
641 4743 812 4813 ponit,
847 4741 1215 4799 extollendum
1241 4749 1412 4812 putet.
1447 4740 1553 4796 Sed
1579 4748 1761 4795 tamen
1793 4742 1903 4804 ille,
1928 4740 2088 4809 juxta

2203 4764 2335 4811 εστι,
2363 4744 2498 4816 μετὰ
2520 4724 2803 4810 τοσούτους
2813 4744 3163 4811 διδασκάλους
3177 4744 3274 4816 τὴν
3296 4744 3491 4814 σοφίαν
3510 4737 3761 4799 ἐνδεικνύ-

528 4833 940 4890 veracissimum
964 4833 1132 4888 istum
1159 4834 1505 4902 scriptorem,
1534 4832 1643 4902 jam
1670 4832 1888 4888 demum
1919 4830 2096 4895 adest,

528 4925 809 4996 sapientiae
837 4932 1155 4995 argumenta
1194 4924 1408 4994 publice
1434 4924 1719 4979 exhibens.

2209 4857 2387 4912 μενος.

599 5017 645 5050 ⁸⁸
684 5017 781 5072 lib.
816 5032 883 5080 ν,
917 5032 969 5075 c.
1008 5014 1094 5070 12.
1172 5016 1215 5047 ⁶¹
1258 5013 1352 5070 lib.
1395 5030 1493 5079 In,
1535 5028 1585 5069 c.
1627 5015 1715 5069 l5.
1792 5014 1837 5045 "
1877 5013 1976 5071 lib.
2019 5028 2102 5079 ut1

2203 5060 2206 5071 .
2240 5018 2330 5073 54.
2407 5016 2452 5048 ”
2491 5015 2584 5069 lib.
2619 5031 2705 5078 iv,
2740 5029 2791 5069 c.
2827 5015 2879 5069 Ι.

619 5108 713 5176 24)
748 5109 915 5178 Παρὰ
946 5108 1027 5175 τῷ
1056 5104 1401 5178 Φιλαλῄθει.
1431 5104 1607 5176 Supra
1637 5123 1687 5161 c.
1724 5107 1779 5178 2,

622 5175 712 5250 25)
746 5175 1102 5250 ίἜὸ-φοιτᾷν.
1132 5178 1214 5250 ita
1244 5176 1477 5250 Philost.
1503 5179 1666 5234 habet
1689 5186 1744 5232 et
1772 5175 1970 5232 Euseb.
2000 5175 2098 5233 inf.

528 5264 579 5307 c.
611 5248 702 5306 30.
741 5248 1324 5321 Ἐκφοιτᾷνᾼιιιὼειιξιηι
1352 5248 1506 5321 editi.

600 5321 712 5390 (9.6)
745 5316 981 5387 Ἦρὲτοί
1010 5319 1153 5373 Editi
1205 5317 1331 5372 οὔτε
1381 5320 1567 5390 ἤρετο.
1601 5316 1716 5390 Hoc
1759 5316 1884 5371 οὔτε
1917 5324 2099 5372 tamen

529 5388 889 5444 omittendum
915 5391 1291 5458 pulavi;nam,
1324 5388 1640 5444 ut‘taceam
1687 5388 2096 5453 Pbilostratum,

529 5460 727 5531 ipsejd
752 5459 960 5531 rouiittit
993 5458 1267 5531 Eusebius
1299 5459 1424 5523 inf.,
1460 5476 1511 5515 c.
1547 5460 1636 5515 50.

600 5528 714 5602 (S7)
748 5528 1005 5602 ’aplttbj'.
1044 5531 1118 5602 Ita
1159 5529 1354 5602 Indica:
1381 5532 1559 5599 gentis
1598 5545 1795 5602 nomen
1842 5529 2102 5584 scriben~

529 5598 659 5653 dum
696 5598 881 5670 niouet
928 5600 1257 5669 Stephanus,
1289 5598 1609 5656 Eustathius
1654 5601 1719 5655 ad
1768 5600 2103 5670 Dionysium,

532 5670 735 5742 aliique
777 5667 908 5742 [non
960 5667 1210 5742 Ὠρειτῶν
1265 5682 1323 5724 ut
1358 5670 1755 5742 linisebiigediti
1790 5667 2101 5742 habebant].

542 5738 796 5811 ὀρὶίτης
821 5750 996 5795 autem
1021 5738 1247 5793 ’ἐθνικδν
1290 5740 1383 5793 τοῦ
1433 5739 1619 5812 Ὠρεοῦ
1656 5742 1860 5810 Oppidi,
1886 5741 1941 5795 in
1994 5738 2105 5794 Eu-

2209 5110 2323 5165 hzea
2360 5109 2558 5164 insula.
2589 5107 2851 5163 Similiter
2875 5106 3018 5178 apud
3052 5104 3445 5163 Pbilostratum
3495 5107 3759 5174 peccatum

2209 5190 2311 5234 est.
2349 5179 2620 5234 HOLSTEN.

2209 5190 2311 5236 (⁵81..
2349 5190 2527 5235 Ηοιετ
2536 5195 2598 5233 ΕΝ
2608 5222 2620 5232 .

2259 5252 2394 5321 (27')
2420 5250 2529 5305 Καὶ
2553 5249 2643 5303 τό.
2672 5247 2832 5321 Forte
2856 5245 3144 5321 legepdum
3181 5245 3377 5321 καίτρι.
3397 5241 3565 5298 Enrr.

2280 5313 2392 5392 (28)
2439 5322 2600 5376 Κατὰ
2646 5313 2993 5392 τόνῌάίληὈῆ
3043 5332 3253 5388 cvm-,0.
3296 5314 3508 5392 Dictum
3551 5313 3763 5392 είριυνν-

2206 5384 2341 5457 κῶς,
2371 5384 2563 5461 nempe
2578 5406 2677 5460 pro
2705 5390 2797 5461 tali
2830 5384 3217 5461 Philo'stratuiu
3238 5384 3568 5461 vendiderat
3588 5384 3764 5461 lliero—

2210 5454 2339 5528 ales,
2363 5454 2528 5532 supra
2553 5454 2601 5515 ε’.
2629 5460 2845 5532 ιιεΜιιιθ
2874 5460 3036 5527 igitur
3066 5458 3322 5532 Acciglus
3348 5456 3463 5532 haec
3498 5454 3565 5508 ad
3596 5454 3760 5532 ipsum

2211 5520 2511 5587 Hieroclem
2566 5531 2843 5591 retulerat.
2868 5520 2921 5583 et
2968 5536 3157 5583 contra
3191 5526 3360 5581 Graeci
3405 5533 3588 5579 textus
3617 5520 3764 5575 iidem

2208 5610 2445 5658 verterat
2460 5623 2473 5657 :
2490 5601 2784 5657 Philalethe
2796 5610 2972 5653 tamen
2997 5607 3235 5657 auctore,
3248 5597 3453 5651 nonnisi
3471 5604 3545 5649 tot
3575 5594 3766 5648 exhal-

2207 5678 2302 5729 stis
2332 5675 2598 5745 niagistris
2624 5672 2935 5740 sapientiam
2969 5668 3238 5740 patcjecz‘t.
