4100 6474
408 277 510 334 833

906 395 1300 451 ΚΕΦΑΛΔΙΟΝ
1355 397 1479 450 KZ’.

468 489 579 544 Καὶ
611 489 804 561 πρῶτα
841 491 940 563 μὲν
964 530 979 554 ,
1010 485 1099 544 οἶα
1117 491 1176 558 ἐξ
1209 490 1451 564 Ἀράϐων
1475 490 1587 563 (29)
1608 494 1702 547 καὶ
1723 492 1823 564 τῆς
1849 495 1978 566 παρ’

398 580 580 644 αὐτοῖς
598 582 942 653 οἰωνιστικῆς
960 580 1276 653 ὁρμώμενος
1301 621 1317 646 ,
1344 582 1438 635 τὸν
1460 582 1715 655 στρουθὸν
1736 584 1765 637 ὃ
1791 600 1843 636 τι
1865 582 1982 653 βού-

397 671 539 727 λοιτο
558 712 573 736 ,
603 674 731 737 τοὺς
758 673 973 743 ἑτέρους
994 674 1088 727 ἐπὶ
1111 673 1317 746 τροφὴν
1347 675 1681 747 παρακαλῶν
1706 715 1720 739 ,
1745 678 1982 749 ὲφερμη-

396 766 541 820 νεύει
568 769 683 829 τοῖς
705 766 998 837 παροῦσιν·
1027 763 1142 820 εἶτα
1186 767 1244 820 δὲ
1264 808 1279 833 ,
1309 767 1497 839 λοιμοῦ
1530 769 1975 841 προαισθόμενος,

399 860 831 931 προμαντεύεται
858 865 966 925 τοῖς
989 863 1248 929 πολίταις.
1281 865 1391 936 Τὴν
1410 864 1454 916 δ’
1471 865 1649 919 αἰτίαν
1677 866 1769 919 καὶ
1789 863 1976 918 τούτου

397 953 457 1005 ἐν
483 956 549 1024 τῇ
588 953 722 1025 πρὸς
755 955 1080 1025 Δομετιανὸν
1109 957 1372 1029 ἀπολογίᾳ
1403 956 1564 1021 αὐτὸς
1595 956 1975 1029 παρατίθεται.

409 1044 700 1117 Ἐρομένου
714 1047 821 1117 γάρ
832 1064 913 1101 τοι
927 1049 1109 1114 αὐτὸν,
1128 1049 1322 1104 ὁπόθεν
1340 1047 1656 1121 ὁρμώμενος
1673 1049 1830 1103 τοῦτο
1848 1066 1980 1120 προ-

394 1134 560 1200 είποι,
589 1137 950 1210 «Λεπτοτέρα,
973 1137 1099 1210 ἔφη,
1121 1140 1420 1213 χρώμενος,
1447 1135 1491 1194 ὧ
1511 1141 1752 1212 βασιλεῦ,
1772 1140 1972 1216 διαίτῃ,

394 1226 609 1299 πρῶτος
639 1227 734 1281 τοῦ
790 1229 964 1285 δεινοῦ
1013 1232 1259 1303 ᾐσθόμην
1283 1249 1298 1264 ·
1338 1253 1356 1285 ι
1407 1233 1499 1287 καὶ
1526 1233 1707 1305 τρίτον
1746 1232 1790 1287 δ’
1825 1233 1975 1305 αύτῷ

394 1316 577 1389 θαῦμα
614 1320 835 1389 γεγονὸς
875 1323 1078 1394 ἱστορεῖ
1099 1363 1113 1387 ,
1152 1323 1227 1388 ὡς
1258 1324 1321 1397 δὴ
1356 1324 1716 1396 ἀλεξήσαντος
1746 1325 1839 1379 τὸν
1872 1326 1975 1379 λοι-

1531 274 1733 332 LIBER
1768 276 2049 334 CONTRA
2086 276 2513 337 HIEROCLEM.

1998 408 2046 465 Δ

3553 280 3661 339 τοι

2614 397 2847 456 CAPUT
2883 399 3100 458 XXVII.

2152 488 2232 545 Ac
2254 490 2435 561 primo
2463 491 2685 562 quidem
2712 493 2776 559 σε,
2801 493 2970 548 veluti
3003 493 3073 548 ab
3098 492 3455 549 Arabibus-et
3487 507 3660 564 augu-

2080 583 2182 637 rali
2209 598 2398 639 eorum
2429 584 2617 648 schola
2648 583 2972 652 adventans,
3002 587 3361 657 passerculus
3390 585 3524 657 quid
3551 585 3656 642 sibi

2080 676 2264 742 vellet,
2307 675 2377 730 ad
2427 687 2645 747 pastum
2678 686 2908 732 caeteros
2938 678 3035 749 qui
3068 678 3356 744 invitabat,
3386 678 3655 734 auditori-

2079 767 2184 823 bus
2219 767 2632 839 interpretatur.
2663 767 2803 825 Tum
2828 769 2873 802 ⁶⁸
2903 779 3247 841 appetentem
3281 770 3655 841 pestilentiam

2081 868 2208 916 ante
2233 862 2495 925 sentiens,
2552 860 2768 917 civibus
2799 862 2946 916 illam
2979 862 3249 932 prazdicit.
3302 861 3544 932 Eiusque
3574 861 3655 917 rei

2077 952 2345 1008 rationem
2395 953 2537 1023 apud
2595 951 2966 1008 Domitianum
3017 955 3133 1024 ipse
3195 969 3411 1025 quoque
3461 953 3651 1011 edidit.

2077 1042 2325 1115 Rogante
2376 1045 2521 1099 enim
2591 1060 2719 1099 eum
2780 1044 3111 1108 Domitiano,
3174 1060 3285 1116 quo
3341 1043 3396 1099 id
3451 1043 3653 1116 pradi-

2076 1135 2251 1191 xisset
2305 1135 2593 1201 instinctu,
2650 1154 2669 1188 ι
2732 1134 2932 1201 Diaeta,
2987 1135 3183 1205 inquit,
3236 1152 3270 1190 ο
3322 1135 3649 1206 imperator,

2075 1230 2254 1299 magis
2325 1229 2483 1287 tenui
2547 1244 2726 1294 usus,
2794 1229 3006 1300 primus
3076 1228 3322 1283 omnium
3401 1226 3651 1299 persensi

2075 1327 2301 1378 malum.
2369 1341 2389 1375 ι
2460 1321 2707 1378 Tertium
2765 1320 2895 1378 inde
2968 1330 3312 1393 patratorum
3371 1322 3423 1378 ei
3480 1323 3651 1378 mira-

393 1409 495 1482 μόν
543 1412 672 1483 (30).
727 1414 901 1486 Ὅπερ
953 1416 1002 1468 εί
1046 1415 1114 1469 τά
1156 1417 1387 1488 μάλιστα
1429 1418 1487 1471 ὲν
1530 1420 1652 1481 ταῖς
1701 1418 1794 1470 ἐπὶ
1829 1417 1974 1472 τέλει

388 1505 510 1559 κατ’
550 1504 715 1559 αὐτοῦ
771 1508 1123 1580 κατηγορίαις
1153 1508 1214 1561 οὐ
1246 1507 1491 1563 τέθεικεν
1533 1510 1562 1562 6
1597 1509 1970 1581 συγγραφεὺς,

385 1594 471 1648 ὅτι
498 1593 572 1666 μὴ
605 1597 806 1669 παρῆν,
841 1598 917 1663 ὡς
944 1599 1111 1664 εἰκὸς,
1146 1599 1296 1671 αὐτῷ
1327 1599 1397 1654 δι’
1431 1599 1729 1671 ἀπολογίας
1771 1598 1974 1656 ἀπολύ-

384 1686 582 1740 σασθαι
608 1686 717 1757 (51)
743 1687 805 1741 τὸ
836 1687 1002 1761 ἔγκλη
1011 1707 1107 1761 μα,
1126 1690 1255 1763 φέρε
1284 1689 1347 1761 δὴ
1377 1687 1468 1744 οὖν
1502 1691 1671 1762 ὅμως,
1694 1691 1848 1745 αὐτοὶ
1871 1691 1953 1763 τὴι

2070 1692 2388 1755 moraverit,
2439 1692 2722 1762 quoniam,
2761 1702 2821 1747 ut
2876 1692 3194 1747 verosimile
3232 1700 3340 1758 est,
3396 1692 3649 1763 apologia

384 1781 627 1852 ἱστορίαν
657 1782 715 1844 ὲς
748 1783 980 1855 φανερὸν
1013 1781 1361 1854 ὑποθῶμεθα,
1392 1783 1532 1837 οὕτω
1556 1783 1621 1855 δὴ
1655 1784 1749 1838 καὶ
1772 1784 1953 1855 ταύτηε

2076 1784 2210 1841 illud
2241 1785 2452 1840 crimen
2498 1800 2610 1839 non
2648 1792 2861 1855 poterat
2890 1783 3136 1849 diluere;
3173 1782 3533 1839 nihilominus
3566 1793 3649 1840 ta-

385 1871 719 1935 εύθύνοντες.
757 1874 825 1927 Εἴ
870 1891 975 1929 τινι
1026 1874 1137 1947 γὰρ
1184 1876 1286 1930 οὐκ
1330 1874 1396 1929 ἂν
1443 1875 1529 1948 εἴη
1569 1876 1755 1945 σαφὲς,
1792 1877 1873 1931 ὅτι
1906 1878 1953 1934 δ’]

2073 1893 2197 1933 men
2228 1892 2353 1941 nos,
2383 1892 2506 1947 age,
2536 1877 2698 1932 istam
2742 1876 3028 1932 historiam
3065 1877 3121 1932 in
3163 1878 3337 1933 lucem
3373 1880 3646 1950 produca-

382 1962 519 2017 πολὺ
546 1963 610 2017 τὸ
643 1964 885 2035 πλάσμα,
914 1966 1009 2019 καὶ
1039 1965 1337 2037 ἀπατηλὸν,
1365 1968 1624 2037 γοητείας
1653 1983 1715 2020 τε
1740 1966 1815 2032 ὡς
1840 1967 1953 2041 ἀληι

2070 1980 2214 2029 mus,
2239 1979 2358 2020 eam
2388 1980 2607 2036 quoque
2637 1965 2713 2018 ita
2741 1965 3126 2023 examinaturi.
3158 1964 3215 2021 Si
3243 1967 3333 2021 cui
3366 1969 3511 2023 enim
3544 1970 3647 2025 mi-

380 2054 490 2120 θῶς
510 2055 761 2127 ἔμπλεον,
776 2056 939 2121 αὐτὸς
968 2060 997 2112 ὁ
1023 2058 1222 2131 τρόπος
1247 2059 1541 2130 ἀπελέγχει
1567 2060 1669 2130 τῆς
1700 2062 1953 2134 ἱστορίας.

2068 2069 2175 2109 nus
2210 2055 2348 2111 alias
2381 2063 2657 2112 constaret
2689 2056 2918 2127 liquido,
2948 2058 3188 2125 spissum
3211 2056 3315 2113 hoc
3340 2074 3465 2116 esse
3491 2075 3646 2116 men-

380 2146 487 2201 Τὸν
512 2148 619 2219 γάρ
640 2164 722 2202 τοι
753 2148 940 2221 λοιμὸν
974 2150 1284 2205 ὑποτίθεται
1309 2154 1368 2206 ὲν
1400 2152 1528 2206 εῖδει
1562 2151 1955 2222 πτωχεύοντος,
2075 2147 2381 2214 dacium,et
2413 2148 2620 2219 magica
2658 2164 2841 2203 revera
2869 2148 3032 2218 528
3056 2150 3440 2219 superstitione
3473 2149 3642 2206 refer-

2074 1415 2323 1470 culorum
2379 1416 2605 1486 exponit
2672 1416 2762 1479 “,
2826 1422 2888 1470 ut
2949 1424 3158 1486 pestem
3231 1430 3427 1485 nempe
3481 1414 3652 1487 depu-

2072 1507 2218 1563 ierit.
2241 1506 2395 1574 Quod
2428 1508 2648 1564 tametsi
2670 1524 2792 1563 cum
2812 1508 3047 1563 maxime
3068 1508 3305 1578 scriptor
3332 1508 3387 1561 in
3415 1507 3503 1572 iis,
3529 1524 3653 1579 quae

2073 1598 2179 1655 sub
2217 1598 2379 1655 linem
2423 1600 2718 1665 habentur,
2771 1600 3216 1655 accusationibus
3252 1614 3365 1655 non
3409 1615 3652 1656 comme-

379 2239 474 2294 καὶ
518 2240 738 2312 ῥάκεσιν
785 2243 1165 2315 ἠμφιεσμένον
1216 2244 1525 2315 πρεσὸύτου
1561 2244 1755 2317 ἀνδρὸς
1786 2247 1965 2319 ἐωρᾶ-

381 2331 530 2386 σθαι·
570 2333 629 2386 ὃν
662 2333 979 2388 καταλεύειν
1027 2335 1533 2407 ἐπικελευσαμένου
1561 2336 1655 2390 τοῦ
1689 2336 1964 2392 Ἀπολλω-

379 2417 511 2483 νίου,
546 2420 807 2493 πρότερον
842 2422 941 2493 μὲν
974 2423 1086 2497 πῦρ
1126 2423 1342 2494 βάλλειν
1371 2424 1481 2478 τῶν
1515 2424 1833 2498 ὀφθαλμῶν,
1862 2423 1962 2482 εἷθ’

2076 2248 2213 2304 tum,
2238 2241 2351 2310 ipsa
2374 2241 2701 2296 narrationis
2731 2242 2870 2295 ratio
2894 2242 2946 2295 id
2979 2252 3123 2297 esset
3149 2243 3408 2297 evictura.
3429 2241 3639 2297 Pestem

2075 2334 2220 2388 enim
2246 2332 2435 2387 statuit
2468 2333 2725 2398 mendici,
2761 2333 3062 2403 pannisque
3103 2334 3295 2388 laceris
3338 2333 3511 2388 induti
3555 2350 3642 2388 se-

2076 2426 2164 2480 nis
2212 2426 2396 2479 habitu
2444 2426 2780 2495 apparuisse.
2817 2425 2986 2492 Quem
3011 2442 3134 2481 cum
3174 2425 3440 2496 lapidibus
3483 2423 3640 2480 obrui

380 2509 602 2582 ὕστερον
652 2511 917 2585 βληθέντα
941 2513 1128 2579 λίθοις,
1165 2515 1300 2569 κύνα
1353 2518 1832 2590 συντετριμμένον,
1867 2518 1953 2572 καὶ

2054 2512 2317 2583 jussisset
2340 2514 2686 2584 Apollonius,
2723 2513 2959 2584 primum
2986 2513 3062 2567 ait
3092 2511 3364 2566 ﬂammam
3388 2512 3641 2568 emisisse

377 2605 764 2678 παραπτύοντα
808 2606 999 2680 ἀφρὸν,
1032 2608 1108 2672 ὡς
1135 2610 1183 2662 οἱ
1218 2608 1537 2675 λυττῶντες,
1573 2611 1806 2681 φανῆναι
1832 2628 1846 2642 ο
1882 2613 1953 2665 εί-

2059 2606 2236 2660 oculis
2264 2624 2276 2660 :
2307 2614 2422 2659 turn
2453 2620 2583 2661 vero
2614 2605 2885 2676 lapidibus
2929 2605 3185 2661 obrutum
3236 2622 3429 2663 canem
3463 2607 3638 2662 obtri-

378 2694 606 2766 ρηκέναι
636 2695 680 2749 δ’
711 2696 873 2749 αὐτὸν
906 2698 1035 2771 περὶ
1066 2698 1257 2752 τούτου
1307 2699 1399 2753 καὶ
1430 2702 1488 2753 ἐν
1521 2702 1586 2771 τῇ
1629 2700 1765 2774 πρὸς
1798 2701 1953 2755 αὑτο-

2058 2705 2170 2752 tum
2193 2705 2247 2751 et
2274 2714 2369 2753 ore
2404 2706 2770 2768 spumantem,
2802 2698 3117 2752 rabidorum
3151 2713 3322 2762 more,
3353 2700 3641 2770 apparuis-

375 2785 618 2857 γράτορα
669 2786 991 2855 Δομετιανὸν
1042 2787 1306 2859 ἀπολογίᾳ
1344 2788 1519 2843 ταῦτα
1551 2789 1774 2861 γράφειθ
1817 2810 1835 2841 ι
1883 2790 1953 2844 Τὸ

2056 2802 2136 2842 se.
2170 2786 2353 2856 Ipsum
2405 2796 2585 2843 autem
2633 2787 2700 2842 de
2734 2802 2800 2842 eo
2825 2789 2989 2841 etiam
3035 2788 3408 2858 Apollonium.
3446 2793 3502 2845 in
3536 2807 3636 2847 sua

376 2877 485 2949 γὰρ
514 2876 703 2949 λοιμοῦ
736 2873 895 2941 εἶδος,
935 2878 1156 2949 πτωχῷ,
1194 2873 1297 2933 ὧδε
1326 2882 1597 2952 ἀγείροντι
1633 2881 1764 2952 (52),
1800 2880 1953 2935 εἴκα-

2055 2880 2121 2934 ad
2152 2879 2521 2934 Domitianum
2555 2881 2939 2951 imperatorem
2987 2881 3261 2952 apologia,
3288 2882 3362 2936 ita
3391 2884 3637 2941 locutum

376 2985 503 3024 στο-
555 2969 649 3023 καὶ
697 2965 856 3033 εἶδον,
889 2971 981 3024 καὶ
1036 2971 1178 3035 ἰδὼν,
1210 2967 1376 3037 εἷλον,
1413 2974 1474 3027 οὺ
1530 2973 1743 3037 παύσας
1776 2972 1949 3038 νόσον,

2054 2987 2175 3028 esse
2206 2972 2400 3028 scribit
2429 2990 2443 3027 :
2486 2991 2505 3023 ι
2540 2970 2877 3027 Pestilentiae
2902 2973 3047 3026 enim
3076 2970 3250 3026 forma
3279 2974 3552 3038 mendico,
3572 2992 3639 3029 co

372 3061 488 3116 ἀλλ’
535 3059 748 3129 ἐξελών.
794 3082 813 3116 ι
852 3064 948 3128 Τίς
979 3063 1043 3135 δὴ
1077 3060 1170 3119 οὖν
1202 3065 1294 3119 ὲπὶ
1324 3065 1535 3129 τούτοις
1582 3067 1643 3119 οὐ
1681 3067 1823 3138 μέγα
1852 3065 1952 3137 τὴν

2055 3064 2244 3119 habitu
2278 3064 2732 3135 circumvaganti,
2763 3063 3205 3121 assimilabatur:
3238 3081 3469 3137 eamque
3502 3065 3634 3132 vidi,

369 3153 466 3209 τοῦ
497 3152 897 3226 θαυματοποιοῦ
926 3157 1212 3225 γελάσεται
1254 3156 1748 3230 παραδοξοποιίαν;
1792 3157 1952 3222 ζώων

2054 3158 2339 3228 visamque
2382 3158 2509 3222 vici,
2539 3172 2647 3211 non
2694 3166 2757 3211 ut
2804 3164 3048 3213 cessaret
3092 3158 3210 3213 lues
3248 3157 3506 3222 etiiciens.
3537 3162 3634 3216 sed

370 3246 688 3318 ὀφθαλμοῖς,
722 3249 816 3302 καὶ
842 3248 1005 3302 λίθων
1035 3249 1407 3305 ὑποπίπτοντα
1441 3250 1643 3321 βολαῖς,
1674 3249 1952 3323 ξυντριὸό-

2054 3251 2211 3321 plane
2242 3265 2272 3305 e
2290 3249 2469 3305 medio
2491 3264 2611 3304 eam
2643 3249 2860 3304 tollens.
2887 3267 2903 3300 ι
2925 3248 3062 3314 Quis
3083 3264 3235 3314 vero,
3259 3250 3390 3304 talia
3425 3251 3634 3322 legens,

372 3338 533 3405 μενόν
564 3356 624 3392 τε
660 3339 796 3413 πρὸς
841 3338 1162 3410 ἀνθρώπων,
1198 3342 1290 3396 καὶ
1322 3341 1493 3413 ἀφρὸν
1536 3342 1951 3414 παραπτύοντα,

2054 3342 2469 3414 priestigiatoris
2508 3356 2708 3413 magno
2746 3342 2863 3396 risu
2918 3357 3028 3396 non
3073 3343 3313 3413 excipiat
3344 3343 3637 3413 portenta!

369 3432 471 3502 τὴν
517 3431 613 3485 τοῦ
667 3432 854 3502 λοιμοῦ
905 3436 1064 3506 φύσιν
1111 3436 1343 3501 ἀκούων,
1373 3436 1448 3500 ὡς
1480 3436 1591 3490 οὐδ’
1630 3437 1746 3490 ἀλλ’
1773 3437 1953 3493 ὁτιοῦν

368 3524 626 3595 τυγχάνει
667 3525 699 3596 ἢ
746 3524 940 3599 φθορὰ,
998 3528 1091 3582 καὶ
1143 3528 1384 3591 κάκωσις
1430 3527 1615 3600 ἀέρος,
1649 3531 1742 3583 ἐπὶ
1775 3530 1838 3583 τὸ
1864 3548 1953 3584 νο-

370 3612 538 3678 σῶδες
583 3619 936 3688 τρεπομένου,
980 3619 1077 3673 τοῦ
1110 3620 1471 3693 περιέχοντος,
1507 3621 1571 3674 ὲκ
1601 3620 1851 3695 πονηρῶν
1881 3639 1944 3676 τε

370 3710 464 3762 καὶ
512 3710 728 3780 φαύλων
768 3714 1204 3786 ἀναθυμιάσεων,
1232 3708 1444 3786 ἦλόγος
1474 3713 1717 3784 ἰατρικὸς
1761 3731 1944 3786 παρα-

366 3799 570 3868 δίδωσι,
609 3805 1021 3877 ξυνισταμένου.
1069 3807 1178 3859 Καὶ
1219 3805 1392 3869 ἄλλως
1422 3805 1599 3876 (55)δ’
1633 3805 1699 3860 ἂν
1738 3806 1800 3861 τὸ
1845 3808 1950 3878 φά-

369 3917 482 3970 σμα
509 3901 619 3973 (34)
648 3897 998 3971 διευθυνθείη,
1019 3898 1249 3970 ἐπείπερ
1280 3897 1417 3971 μόνῃ
1449 3901 1515 3970 τῇ
1549 3897 1656 3951 τῶν
1688 3900 1948 3968 Ἐφεσίων

366 3994 541 4059 πόλει,
570 3994 684 4048 ἀλλ’
715 3993 836 4067 οὐχ).
865 3991 956 4046 καὶ
987 3993 1101 4055 τοῖς
1130 3992 1349 4063 ὁμόροις
1369 3990 1461 4045 τὸν
1494 3990 1681 4061 λοιμὸν
1715 3992 1945 4063 ἐπισκῆ-

364 4084 464 4158 ψαί
523 4100 686 4156 φησιν
731 4086 761 4139 ὁ
807 4084 963 4153 λόγος
985 4100 998 4113 ·
1033 4084 1170 4155 ὅπερ
1200 4083 1299 4137 οὑκ
1332 4082 1400 4135 ἂν
1436 4081 1669 4151 γεγόνοι,
1696 4083 1940 4136 κάκωσιν

361 4177 461 4234 τοῦ
492 4178 837 4252 περιέχοντος
891 4174 1250 4239 πεπονθότοςο
1285 4175 1345 4228 ού
1388 4174 1498 4244 γὰρ
1538 4175 1623 4247 δὴ,
1651 4173 1942 4228 κατακλει-

365 4270 513 4338 σθὲν,
533 4270 680 4342 μόνῳ
708 4269 774 4325 ἄν
791 4269 1089 4343 ὲφήδρευσε
1119 4268 1198 4340 τῷ
1214 4266 1341 4338 περὶ
1358 4267 1458 4340 τὴν
1474 4267 1705 4336 Ἔφεσον
1735 4267 1859 4338 ἀέρι
1880 4266 1942 4321 τὸ

360 4364 596 4437 νόσημα.

2054 3433 2409 3509 [monstrum]
2447 3434 2625 3489 oculis
2672 3434 2995 3500 viventium,
3041 3441 3096 3489 et
3156 3433 3430 3505 lapidibus
3485 3435 3539 3490 in
3576 3451 3637 3491 se

2014 3548 2029 3561 ν
2051 3527 2317 3597 conjectis
2346 3525 2667 3587 obnoxium,
2700 3525 2769 3579 ab
2814 3524 3132 3581 hominibus
3177 3541 3308 3581 vero
3339 3526 3630 3589 obtritum,

2053 3628 2108 3674 et
2152 3634 2247 3673 ore
2293 3633 2555 3688 spumans
2591 3635 2603 3670 :
2637 3617 2808 3686 pestis
2866 3624 3121 3671 naturam
3156 3618 3248 3688 qui
3283 3618 3444 3683 sciat,
3482 3619 3633 3689 (ιιι,οὰ

2055 3716 2200 3773 aliud
2253 3718 2326 3772 sit
2372 3717 2508 3770 nihil
2543 3730 2709 3785 quam
2768 3715 3078 3784 corruptela
3128 3720 3185 3768 et
3214 3712 3406 3767 vitium
3462 3711 3630 3775 aeris,

2055 3818 2270 3863 nosmet
2294 3807 2609 3869 ambientis.
2636 3814 2801 3876 atque
2830 3808 2885 3861 in
2918 3807 3141 3860 noxium
3179 3803 3325 3859 versi
3357 3803 3627 3866 habitum,

2057 3906 2111 3953 et
2143 3897 2395 3967 malignis
2423 3911 2487 3951 ac
2517 3895 2830 3965 depravatis
2865 3895 3327 3959 exhalationibus,
3360 3903 3417 3948 ut
3452 3892 3630 3949 medi-

2057 4004 2248 4045 corum
2292 3989 2458 4043 tradit
2514 3987 2786 4052 doctrina,
2823 3985 3125 4055 inspissati.
3172 3983 3288 4040 lmo
3339 3992 3394 4040 et
3441 3983 3628 4039 habita

2048 4090 2367 4137 camerarum
2416 4078 2955 4135 circumstantiarum
2987 4076 3201 4131 ratione
3242 4076 3412 4130 hocce
3439 4074 3627 4146 explo-

2048 4175 2180 4230 dere
2231 4173 2391 4228 liceat
2442 4169 3042 4243 speetrum,,quoniam
3090 4182 3287 4235 nempe
3347 4166 3448 4222 soli
3504 4166 3625 4220 urbi

2049 4263 2316 4336 Ephesiae,
2347 4278 2457 4317 non
2497 4276 2625 4316 vero
2671 4259 2922 4315 ﬁnitimis
2953 4258 3120 4315 etiam
3157 4264 3366 4328 pestem
3404 4271 3621 4327 gravem

2049 4356 2371 4412 incubuisse
2400 4361 2590 4409 narrat
2632 4353 2811 4408 oratio
2844 4369 2859 4406 :
2896 4351 3041 4422 quod
3067 4350 3271 4405 factum
3298 4357 3447 4406 certe
3476 4346 3622 4403 haud

362 4467 530 4519 esset,
560 4455 607 4510 si
642 4455 833 4511 vitium
884 4454 954 4510 ab
1001 4469 1128 4509 aere
1190 4452 1468 4507 ambiente
1513 4448 1712 4508 fuisset
1768 4459 2161 4506 contractum:
2198 4448 2423 4503 minime
2487 4447 2657 4512 enim,
2713 4446 2985 4516 angustiis
3039 4445 3372 4509 conclusus,
3441 4443 3621 4498 solum
3689 4514 3694 4522 ι

362 4549 656 4623 Ephesium
690 4564 868 4604 aerem
900 4550 1126 4605 morbus
1155 4546 1409 4603 obsidere
1437 4546 1728 4617 potuisset.

434 4645 484 4680 “
522 4646 614 4701 lib.
649 4662 737 4708 iv,
769 4661 819 4699 c.
851 4644 904 4700 Ζ.

436 4738 549 4810 (29)
584 4734 688 4792 Οἴα
725 4737 794 4802 ἐξ
836 4735 1130 4810 Ἀράδῳ.-
1148 4736 1351 4804 Nempe
1383 4732 1686 4792 doctissimi
1724 4731 1800 4786 illi

363 4804 703 4879 οἰωνιστικῆς
734 4808 1000 4879 magistri.
1034 4804 1444 4879 Videnostrum
1475 4818 1645 4879 supra
1677 4819 1796 4874 cap.

443 4880 554 4949 ('50)
592 4874 850 4948 Λὸιμόνῖ
876 4877 1080 4949 Vitium
1125 4876 1332 4929 Aldina:
1360 4874 1643 4949 editionis.
1681 4889 1801 4944 quae
1834 4875 1932 4925 ha~

364 4945 527 5007 bebat
576 4945 850 5020 λογισμόν,
925 4948 1309 5020 Morellianam_
1345 4959 1561 5020 quoque
1601 4945 1926 5020 _invaser_at,

363 5014 745 5095 quamvisjvel
795 5021 998 5075 Accioli
1024 5018 1231 5095 _versio
1260 5014 1542 5095 Morellum
1583 5014 1650 5069 de
1680 5029 1815 5095 vera.
1838 5015 1929 5068 le-

365 5084 546 5148 ctione
572 5093 863 5146 admonere
889 5090 1174 5148 potuisset.
1213 5088 1270 5142 In
1300 5084 1654 5142 Holsteniana
1687 5084 1927 5140 editione

361 5163 618 5219 mendum
646 5162 790 5217 istud
821 5159 1092 5216 sublatum
1118 5159 1372 5214 observo.

435 5234 707 5306 (3i):0‘tt
739 5231 825 5302 μὴ
858 5245 997 5306 παρ.
1135 5233 1243 5284 six.
1281 5230 1413 5306 ιιιξντ.
1438 5225 1536 5306 ρι’
1564 5228 1759 5306 daal;
1785 5226 1932 5306 ἀπο-

358 5296 757 5361 λύὸ-.’Νεεοίό
790 5296 860 5357 an
902 5296 1194 5357 Eusebium
1246 5300 1387 5353 ratio
1438 5298 1527 5351 hic
1574 5313 1684 5352 nou
1734 5296 1926 5365 fugiat.

359 5378 497 5432 Cum
528 5376 694 5436 enim,
732 5374 875 5446 quod
912 5373 1028 5446 ipse
1058 5371 1218 5443 paulo
1245 5377 1369 5446 post
1396 5369 1672 5446 observat.
1709 5366 1930 5446 Apollo-

359 5452 488 5503 nius
539 5447 681 5517 apud
734 5439 1134 5518 Domitianum“
1162 5439 1344 5496 ea'de
1394 5455 1454 5518 re
1502 5439 1712 5518 proiixe
1749 5439 1928 5518 egisse

357 5509 632 5581 narretur,
682 5516 869 5572 nescio
916 5531 982 5568 an
1018 5512 1347 5567 Philostrato
1399 5509 1513 5566 ista
1547 5509 1716 5565 tribui
1752 5509 1929 5581 pussjt

358 5578 751 5659 praevaricatio.
778 5586 912 5643 Vide
966 5586 1072 5639 huc
1105 5585 1428 5654 spectantia,
1493 5581 1587 5636 lib.
1631 5578 1837 5643 vui,’c.
1873 5578 1924 5644 7,

783 5720 909 5800 dide
958 5725 1267 5800 d_7'8[p0)_*tt.
1303 5720 1620 5800 Holstenius
1647 5734 1713 5775 ex
1740 5718 1927 5774 Philo-

983 4644 1028 4677 ⁸⁵
1070 4644 1165 4699 lib.
1202 4658 1291 4707 tv,
1324 4658 1374 4698 c.
1408 4639 1463 4694 4.
1544 4640 1589 4672 ⁸⁸
1630 4638 1728 4694 ιιι).
1762 4652 1860 4702 ιιι,
1890 4652 1942 4693 c.
1984 4635 2074 4690 10.

1835 4731 2009 4857 i3?"

2037 4722 2140 4782 ὦδε
2186 4724 2421 4795 γέροντι,
2465 4723 2557 4779 sed
2609 4718 3129 4795 potiusmwxip
3161 4719 3619 4795 yépovndegitur

2038 4789 2626 4869 apud'P'hilostratumI
2659 4791 2777 4869 Nec
2804 4793 2859 4846 in
2905 4789 3131 4869 proclivi
3163 4789 3346 4869 est_ea
3384 4789 3617 4869 lectione

2036 4857 2317 4924 obtinente
2348 4864 2674 4935 particulam
2710 4857 2810 4916 ὧδε
2838 4857 3122 4917 commode
3146 4860 3449 4935 grplicare.
3474 4858 3614 4935 H_i_nc

2035 4955 2102 4995 ex
2132 4928 2367 4992 Eusebio
2400 4933 2812 4996 Pliilostratum,
2846 4947 3009 5002 quam
3043 4946 3110 4986 ex
3142 4928 3476 4985 Philostrato
3502 4930 3614 4987 Eu-

2035 5011 2245 5067 sebium
2278 5008 2385 5061 isto
2418 5008 2537 5060 loco
2570 5006 2752 5058 malim
2775 5001 3077 5059 emendari.

2106 5080 2217 5151 (573)
2253 5078 2363 5151 Καὶ
2388 5075 2609 5142 ἄλλως.
2644 5074 2708 5151 ll.
2740 5090 2790 5129 e.
2822 5074 2953 5151 licet
2986 5086 3113 5127 vero
3150 5071 3313 5151 etiam
3343 5071 3608 5127 conceda-

2032 5142 2124 5206 tur
2151 5142 2388 5203 fabulam
2422 5162 2544 5202 esse
2575 5147 2772 5200 tradita
2804 5143 2873 5199 de
2896 5150 3048 5212 peste
3078 5143 3226 5198 senis
3261 5142 3436 5197 forma
3478 5157 3583 5198 con

2033 5223 2244 5291 spicua,
2276 5226 2331 5274 et
2360 5226 2554 5291 caetera
2593 5232 2659 5270 eo
2693 5215 3018 5291 pertinentia
3067 5221 3397 5291 nitgameuta
3451 5212 3610 5269 fabu-

2031 5283 2147 5348 losa
2173 5306 2328 5357 esse;
2352 5303 2452 5342 nec
2475 5283 2764 5357 sicitam'en
2789 5283 3460 5357 etiamacquicscendum;
3480 5299 3607 5339 nam

2030 5362 2253 5419 omnino
2295 5355 2500 5431 pestem
2548 5356 2861 5431 Ephesiain,
2892 5356 3056 5431 etiam
3101 5355 3388 5431 sin_e_i_stis
3434 5370 3608 5424 nuga-

2030 5434 2229 5488 mentis
2253 5425 2573 5501 spectatam,
2594 5425 2696 5482 καὶ
2720 5426 2915 5501 ἄλλως,
2941 5426 3152 5480 ratione
3173 5425 3354 5501 habita
3382 5434 3610 5501 cratera.

2030 5520 2149 5560 rum
2177 5494 2738 5561 circ'umstantiarum,
2764 5497 3068 5551 fabulosam
3101 5512 3222 5552 esse
3249 5494 3603 5565 deprehendi.

2105 5575 2219 5645 (34)
2254 5571 2486 5640 Φάσμα.
2520 5569 2848 5645 Φάσμα-ιιοο
2880 5569 3000 5622 loco
3043 5566 3303 5645 nil_al_iud
3335 5565 3607 5645 signiﬁcat

2032 5635 2213 5716 quam'
2251 5635 2432 5716 fucujn
2481 5635 2657 5716 ocuiis
2684 5641 3015 5716 obstipatum
3051 5659 3063 5693 :
3098 5640 3178 5716 sic
3203 5635 3605 5716 .ini..c.‘55._da

2029 5704 2218 5770 eadem
2253 5730 2331 5777 re,
2366 5712 2486 5766 Ὀτι
2507 5712 2696 5782 φάσυα
2725 5704 3005 5766 καῖούδέν
3031 5727 3084 5763 τι
3117 5707 3276 5764 πλέον
3305 5704 3606 5782 {innectier

353 5786 552 5867 arato.
600 5786 963 5874 ὦδξγέροντι,
995 5786 1280 5868 legendum
1312 5801 1487 5873 putat.
1516 5795 1587 5850 At
1618 5807 1798 5864 neque
1825 5806 1920 5846 πτ.

2054 5786 2287 5861 ἰήλωταυ
