4100 6474
531 353 642 414 835
1205 350 1475 407 EUSEBIl
1503 345 1990 407 CESABIENSIS
2024 345 2177 404 OPP.
2211 341 2412 400 PARS.
2455 338 3131 398 IL—APOLOGETICA.
3673 336 3800 391 -833

1054 467 1283 524 CAPUT
1322 468 1560 524 XXVIII.
2131 466 2180 522 Δ

2131 466 2180 522 Δ
2705 480 3102 534 ΚΕΦΑΛΑΙΟΝ
3153 479 3287 533 KH'.

600 589 787 657 Quarti
834 584 1084 641 miraculi
1119 584 1242 638 loco
1271 584 1499 638 Achiilis
1529 584 1781 654 producit
1813 598 2001 639 manes
2031 582 2097 648 "’,

2269 597 2539 670 Τέταρτον
2565 594 2712 665 αύτῷ
2746 593 3047 667 παράδοξον
3063 593 3348 664 Ἀχιλλέως
3369 587 3439 661 ἦν
3461 591 3632 662 ψυχὴ,
3663 589 3797 661 πρό-

532 684 762 755 primum
804 679 1024 752 quidem
1079 680 1136 735 in
1182 680 1465 750 chlamyde
1519 678 1760 748 quinque
1810 676 2098 740 cubitales,

2199 706 2360 760 τερον
2390 689 2488 760 μὲν
2520 689 2578 740 ὲν
2599 686 2829 758 χλαμύδι
2861 687 3230 756 πεντάπηχυς,
3253 680 3370 738 εἶτα
3402 683 3795 752 δωδεκάπηχυς

531 773 656 829 inde
687 771 974 827 duodecim
1033 770 1342 825 cubitorum
1397 767 1771 838 magnitudine
1823 765 1890 819 ad
1916 763 2100 834 sepul-

2199 783 2262 836 τὸ
2294 782 2544 853 μέγεθος,
2577 781 2729 852 παρὰ
2751 779 2829 850 τῷ
2853 779 2971 850 ἰδίῳ
3004 778 3167 831 αὑτοῦ
3195 778 3438 848 μνήματι
3464 775 3794 845 φαινομένη,

531 880 683 921 crum
739 863 912 934 ipsius
943 861 1229 933 Apollonio
1279 866 1624 929 conspectos,
1651 857 1792 913 etde
1823 855 2101 911 Thessalis

2201 872 2501 936 Θετταλούς
2544 890 2604 926 τε
2652 871 3078 941 καταιτιωμένη,
3112 871 3194 922 ὅτι
3234 869 3298 941 δὴ
3344 868 3412 922 τὰ
3449 867 3798 937 ἐναγίσματα

529 963 947 1026 conquerentes,
982 952 1129 1022 quod
1159 953 1262 1008 sibi
1287 951 1533 1014 inferias,
1568 957 1627 1004 ut
1676 963 1826 1002 more
1869 956 1986 1002 erat
2013 963 2101 1000 re-

2201 966 2367 1037 αὐτῷ,
2401 966 2476 1028 ὼς
2531 964 2649 1027 ἔθος
2684 960 2772 1034 ἦν,
2806 963 2905 1016 οὐκ
2940 961 3259 1015 ἐπετέλουν·
3305 960 3555 1032 μηνιῶσά
3583 976 3646 1013 τε
3677 961 3795 1013 εἰσ-

528 1057 768 1118 ceptum,
799 1061 909 1100 non
941 1047 1213 1100 solverent
1243 1064 1256 1099 :
1285 1043 1540 1113 Trojanis
1593 1053 1854 1112 praeterea
1905 1042 2096 1106 iratos,

2201 1057 2308 1111 ἐτι.
2393 1057 2574 1126 Τρωσὶ
2605 1057 2713 1110 τῶν
2769 1059 2826 1120 ἐς
2871 1055 3032 1109 αὑτὸν
3080 1053 3650 1124 πεπλημμελημένων,
3702 1052 3798 1106 καί

527 1142 597 1195 0b
627 1156 842 1222 “Hum
892 1140 947 1193 in
997 1155 1120 1194 em“
1153 1137 1552 1208 Ρθθεθνίεδθηίν
1587 1147 1748 1205 θιιιιιθ
1789 1135 2098 1205 ΑΡ⁰¹¹⁰¹¹ί⁰ν
2202 1152 2610 1222 προστάττουσα
2641 1150 2719 1222 τῷ
2753 1150 3095 1220 Ἀπολλωνίῳ
3151 1149 3310 1201 πέντε
3355 1147 3568 1216 λόγους,
3601 1144 3696 1208 οὓς
3731 1145 3800 1197 ἂν

525 1242 586 1288 ιιι
616 1219 854 1303 quinque.
879 1239 1203 1302 proponeret
1223 1230 1572 1300 quaestiones,
1608 1245 1747 1298 quas
1772 1229 1931 1282 vellet
1961 1228 2097 1296 ipse,

2201 1244 2364 1307 αὐτός
2407 1259 2468 1296 τε
2514 1241 2776 1312 βούλοιτο,
2813 1241 2912 1294 καὶ
2944 1243 3000 1293 αἱ
3033 1243 3210 1310 μοῖραι
3239 1237 3565 1308 ξυγχωρεῖεν
3599 1237 3798 1306 ἀνέρε-

527 1337 580 1382 et
616 1325 798 1380 Parca:
860 1324 1086 1395 proponi
1145 1331 1478 1392 paterentur,
1528 1320 1926 1390 permittentes.
1971 1316 2101 1373 Inde

2203 1335 2346 1390 σθαι.
2396 1331 2510 1388 Εἶθ’
2551 1336 2580 1387 ὁ
2633 1334 2809 1387 πάντα
2841 1331 3018 1396 εἰδὼς,
3054 1331 3146 1384 καὶ
3177 1329 3285 1382 τῶν
3327 1328 3633 1400 μελλόντων
3656 1326 3795 1398 πρό-

526 1421 609 1474 νίι·
631 1419 740 1483 ille,
775 1433 956 1472 rerum
991 1416 1234 1471 omnium
1275 1415 1471 1475 solers,
1497 1422 1550 1468 et
1579 1412 1759 1466 futura
1790 1419 1948 1467 antea
1995 1411 2098 1466 sibi

2200 1444 2399 1496 γνωσιν
2448 1427 2650 1498 αὐχῶν,
2679 1426 2759 1479 ἐτι
2790 1427 2975 1495 ἀγνοεῖ
3012 1427 3060 1477 εἰ
3090 1423 3264 1493 τάφου
3294 1422 3446 1492 τύχοι
3493 1419 3794 1491 Ἀχιλλεὺς.

526 1513 873 1567 innotescere
919 1508 1211 1580 gloriatus,
1245 1507 1423 1561 adhuc
1453 1505 1581 1559 dum
1621 1505 1856 1576 ignorat,
1883 1505 2102 1558 funera-

2200 1521 2294 1573 καὶ
2321 1522 2369 1574 εί
2394 1519 2625 1573 Μουσῶν
2653 1519 2863 1592 θρῆνοι,
2893 1519 2987 1572 καὶ
3016 1516 3307 1589 Νηρηίδων
3345 1516 3434 1567 ἐπ’
3458 1513 3608 1584 αύτῷ
3632 1511 3797 1582 γεγό-

527 1611 689 1659 tusue
731 1603 982 1674 sepulcro
1010 1602 1248 1656 Achilles
1308 1600 1487 1664 fuerit,
1514 1598 1877 1669 Musaqueilli
1901 1612 1965 1652 ac
1995 1595 2101 1652 Ne-

2200 1628 2344 1676 νασι,
2377 1611 2471 1666 καὶ
2501 1612 2627 1682 περὶ
2661 1611 2865 1664 τούτων
2912 1610 3075 1664 αὐτὸν
3123 1609 3388 1679 ἀνερωτᾷ,
3424 1609 3518 1661 καὶ
3568 1608 3799 1660 διαπυνο

526 1696 706 1752 reides
761 1712 829 1750 an
881 1696 1118 1750 lamenta
1170 1693 1534 1764 profuderint,
1569 1693 1745 1762 deque
1802 1693 1888 1747 his
1949 1692 2100 1746 illum

2201 1705 2442 1768 θάνεται,
2470 1707 2519 1758 εί
2545 1703 2814 1776 Πολυξένη
2853 1704 3140 1772 ἐπεσφάγη
3191 1700 3358 1772 αὐτῷ,
3395 1701 3490 1754 καὶ
3515 1702 3564 1752 εί
3597 1699 3792 1769 Ἑλένη

525 1787 691 1842 rebus
716 1793 1142 1856 percunctatur:
1174 1800 1350 1854 neque
1405 1784 1589 1838 minus
1625 1798 1694 1836 an
1732 1781 2003 1853 Polyxena
2032 1781 2098 1834 il-

2204 1799 2262 1862 ἐς
2294 1798 2492 1870 Τροίαν
2523 1797 2792 1870 ἐληλύθει.
2838 1797 2925 1861 Ὠς
2960 1797 3133 1867 σεμνά
3165 1813 3249 1864 γε,
3279 1796 3372 1848 καὶ
3397 1792 3797 1859 κατεπείγοντα

525 1881 633 1934 lius
667 1879 734 1934 ad
778 1878 1046 1932 tumulum
1084 1891 1224 1932 cmsa
1258 1876 1421 1931 fuerit
1463 1876 1783 1944 interrogat,
1807 1873 2097 1942 Trojamve
2129 1876 2144 1929 l

2200 1893 2258 1955 ἐς
2282 1892 2376 1944 τὸν
2413 1890 2698 1960 φιλόσοφον
2728 1890 2838 1961 βίον
2883 1888 2975 1942 τοῦ
3010 1889 3123 1942 δίου
3158 1888 3266 1958 (53)
3297 1887 3366 1941 τὰ
3394 1886 3630 1955 σπουδῆς
3663 1883 3797 1947 ἄξια

526 1970 730 2026 Ilelena
766 1985 834 2024 an
865 1969 1192 2040 pervenerit.
1240 1967 1542 2022 Prmclaras
1571 1982 1723 2027 vero,
1756 1966 2097 2035 multumque

2200 1981 2561 2052 ὲρωτήματαῖ
2617 1979 2883 2050 θαυμάζει
2933 1978 2976 2031 δ’
3027 1978 3119 2030 ἐπὶ
3155 1977 3386 2038 τούτοις,
3445 1977 3492 2028 εἰ
3545 1971 3796 2026 τοσοῦτοι

526 2064 592 2118 ad
621 2063 1054 2133 philosophicam
1096 2062 1266 2116 divini
1300 2062 1446 2116 illius
1477 2060 1577 2115 viri
1601 2061 1765 2114 vitam
1803 2058 2096 2114 conferen-

2196 2072 2373 2141 ἥρωες
2421 2072 2570 2142 παρὰ
2621 2070 2732 2134 τοῖς
2760 2069 3013 2140 Ἕλλησιν
3047 2069 3126 2122 ἑνὶ
3158 2068 3334 2140 χρόνῳ
3379 2067 3655 2135 γεγόνασι,
3691 2064 3794 2118 καὶ

524 2161 643 2217 tes,
678 2153 931 2223 seriOque
986 2151 1215 2223 proinde
1265 2152 1452 2207 studio
1498 2149 1691 2222 dignas
1740 2151 2094 2220 quaestiones.

2199 2163 2247 2215 εί
2266 2161 2511 2230 ἀφίκοιτο
2537 2163 2593 2225 ἐς
2617 2162 2814 2232 Τροίαν
2839 2160 3192 2231 Παλαμήδης.
3211 2159 3314 2211 Τὸν
3339 2157 3401 2229 δὴ
3433 2177 3452 2206 ι
3487 2156 3626 2210 θεῶν
3659 2158 3797 2228 69w-

527 2260 754 2315 Miratur
788 2261 916 2314 item
961 2269 1242 2329 praeterea,
1270 2257 1412 2326 quod
1444 2265 1523 2310 tot
1549 2257 1744 2311 heroes
1779 2256 1920 2310 inter
1952 2253 2094 2309 Grat-

2203 2257 2378 2327 μένων
2432 2272 2490 2308 τε
2548 2256 2642 2308 καὶ
2689 2256 2786 2325 ούχ
2837 2255 3136 2326 ὁρωμένων
3195 2273 3212 2304 ι
3253 2251 3518 2324 ὁμιλητὴν
3564 2249 3795 2304 τοιαῦτα

527 2366 621 2405 cos
647 2357 803 2405 astate
832 2348 1020 2404 eadem
1052 2363 1174 2404 esse
1207 2348 1504 2417 potuerint,
1538 2355 1592 2402 et
1612 2347 1757 2418 quod
1781 2346 1846 2401 ad
1877 2347 2100 2418 Trojam

2199 2351 2430 2419 ἀγνοεῖν,
2461 2352 2555 2404 καὶ
2598 2350 2724 2422 περὶ
2769 2350 2972 2402 τούτων
3005 2349 3304 2419 ἁνερωτᾷν,
3336 2346 3494 2408 ποίας
3541 2345 3662 2415 οὐχὶ
3693 2343 3794 2412 γέ-

527 2440 840 2496 Palamedes
872 2440 1034 2495 fuerit
1060 2455 1315 2510 praesens.
1338 2437 1525 2493 Virum
1547 2446 1726 2493 autem
1757 2458 1775 2490 ι
1807 2455 1928 2493 cum
1948 2439 2053 2494 diis
2076 2459 2094 2490 ι

2197 2443 2326 2496 νοιτ’
2358 2443 2422 2496 ἂν
2447 2442 2740 2514 αἰσχύνηςς
2776 2443 2823 2494 εί
2862 2443 2935 2513 μὴ
2969 2441 3076 2514 ἄρ’,
3119 2439 3305 2510 ἐπειδὴ
3339 2440 3556 2510 νεκροῖς
3580 2435 3794 2508 ὁμιλῶν

527 2532 870 2589 familiariter
895 2541 1198 2596 versatum,
1240 2549 1259 2582 ‹
1296 2530 1412 2586 sive
1441 2529 1617 2583 forma
1653 2532 2032 2601 apparentium
2053 2530 2099 2562 ⁸⁸

2202 2533 2477 2604 εἰσῆκται,
2512 2535 2604 2586 ἐπὶ
2655 2535 2717 2587 τὸ
2760 2533 3093 2604 ψυχρότερον
3130 2534 3414 2603 μεταποιεῖ
3437 2532 3536 2590 τὰς
3567 2528 3795 2590 πεύσεις

525 2626 747 2688 visibili,
779 2625 902 2680 sive
933 2640 1043 2679 non
1085 2624 1448 2678 obnoxiorum
1497 2623 1694 2686 oculis,
1732 2642 1750 2675 ι
1784 2623 1914 2676 talia
1945 2623 2100 2694 igno-

2199 2626 2228 2677 ὁ
2261 2624 2624 2698 ξυγγραφεὺς,
2668 2625 2744 2689 ὡς
2795 2626 2860 2679 ἂν
2912 2623 3190 2696 ὑπεκλύσῃ
3237 2625 3340 2695 τὴν
3397 2622 3652 2675 ὑπόνοιαν
3691 2619 3793 2673 τοῦ

525 2734 669 2782 rare,
701 2725 756 2772 et
803 2718 870 2772 de
903 2717 1174 2784 ejusmodi
1222 2717 1559 2786 interrogare
1595 2717 1782 2782 rebus,
1824 2717 2100 2787 quomodo

2207 2717 2351 2789 πέρα
2399 2717 2506 2770 τῶν
2557 2717 2940 2790 προσηκόντων
3002 2715 3164 2770 αὐτὸν
3219 2713 3634 2786 περιειργάσθαι
3677 2712 3793 2782 ('56)

526 2809 903 2876 turpissimum
930 2824 1036 2861 non
1055 2809 1374 2862 censeatur?
1390 2807 1502 2861 Nisi
1529 2807 1686 2872 forte,
1704 2808 1828 2877 quia
1847 2816 2093 2864 mortuos

2203 2807 2403 2862 δοκεῖν.
2457 2809 2566 2862 Καὶ
2605 2809 2715 2881 γὰρ
2764 2809 2827 2881 δὴ
2863 2809 2957 2863 καὶ
3003 2807 3436 2879 ἀπολογούμενον
3467 2807 3628 2860 αὑτὸν
3657 2807 3795 2859 ὑπο-

526 2895 867 2966 interrogans
907 2898 1208 2957 inducitur,
1242 2897 1404 2967 529
1447 2897 1569 2954 ideo
1611 2896 1914 2967 frigidiores
1951 2911 2098 2967 qum-

2204 2899 2426 2972 γράφει,
2466 2901 2548 2954 ὅτι
2586 2901 2658 2972 μὴ
2691 2900 2832 2954 κατὰ
2875 2899 3298 2971 νεκρομαντείαν
3349 2901 3378 2952 ὁ
3408 2899 3610 2970 τρόπος
3642 2896 3795 2968 αὐτῷ

532 2989 834 3044 stiunculas
877 2998 1066 3043 auctor
1097 2989 1266 3059 ﬁngit,
1305 3000 1362 3044 ut
1395 2991 1544 3044 tollat
1568 2991 1954 3058 suspicionem.
1987 3005 2096 3058 qua

2194 2991 2296 3061 τῆς
2312 2992 2572 3062 φανείσης
2589 2991 2762 3061 ὅψεως
2775 2991 2996 3059 γένοιτο·
3023 3010 3041 3041 ι
3061 2990 3198 3044 Οὕτε
3231 2990 3341 3061 γὰρ
3369 2988 3578 3060 βόθρον,
3615 2983 3790 3050 εἶπεν,

529 3084 621 3138 ille
658 3083 799 3137 ultra
845 3098 1006 3151 quam
1057 3097 1154 3152 par
1197 3090 1281 3136 est
1322 3083 1578 3138 curiosus
1613 3085 1886 3138 exstitisse
1923 3083 2095 3140 videri

2217 3081 2511 3145 Ὀδυσσέως
2526 3081 2878 3155 ὀρυξάμενος,
2904 3081 3208 3155 οὐδ’ἁρνῶν
3247 3083 3440 3152 αἵμασι
3465 3081 3793 3150 ψυχαγωγή-

524 3181 757 3244 poterat.
806 3172 949 3229 Sane
977 3174 1122 3228 enim
1160 3183 1214 3228 et
1257 3175 1507 3245 apologia
1557 3191 1718 3230 usum
1755 3176 1914 3231 nobis
1951 3179 2097 3234 sistit
2125 3227 2143 3245 ,

2208 3187 2327 3235 σας,
2345 3175 2400 3234 ἐς
2419 3171 2648 3236 διάλεξιν
2673 3170 2768 3224 τοῦ
2785 3171 3071 3242 Ἀχιλλέως
3089 3168 3249 3243 ἦλθον
3276 3170 3408 3241 (57),
3433 3169 3793 3240 ἁλλέύξάμε·

523 3265 868 3336 Αροιιοηίυιη
900 3267 965 3331 θ’,
995 3266 1139 3336 quod
1162 3281 1228 3320 eo
1255 3268 1440 3332 modo,
1473 3282 1582 3338 quo
1611 3268 1663 3322 in
1685 3268 2094 3341 Necyomantiis
2123 3262 2142 3284 “

2199 3280 2288 3326 νος
2302 3263 2472 3317 ὁπόσα
2495 3267 2605 3328 τοῖς
2628 3266 2834 3338 ἥρωσιν
2860 3263 3011 3318 Ἰνδοί
3030 3282 3188 3332 φασιν
3205 3262 3462 3327 εὔξασθαι
3477 3262 3605 3316 δεῖν.
3637 3281 3655 3313 ι
3675 3262 3789 3314 Καὶ

525 3356 642 3412 ﬁeri
689 3359 846 3422 solet,
878 3357 978 3428 ipsi
1013 3361 1129 3413 visa
1159 3359 1342 3413 oblata
1383 3359 1529 3414 haud
1564 3359 1809 3417 fuerint:
1843 3380 1862 3414 ι
1906 3363 2092 3436 Neque

2203 3353 2377 3408 ταῦτα
2409 3354 2504 3410 νῦν
2538 3356 2674 3426 πρὸς
2701 3358 2792 3410 τὸν
2825 3358 3037 3429 ἑταῖρον
3071 3356 3525 3428 ἀποσεμνύνεται,
3560 3355 3589 3407 δ
3625 3353 3792 3426 μηδὲν

524 3455 692 3518 enim,
738 3454 933 3524 inquit,
966 3461 1024 3507 ut
1050 3453 1272 3524 Ulysses
1310 3454 1502 3510 scrobe
1537 3455 1952 3530 eﬂossa,neque
1986 3475 2089 3515 cae-

2207 3446 2398 3518 μαθεῖν
2414 3448 2545 3519 παρ’
2576 3448 2772 3512 Ἰνδῶν,
2799 3449 2932 3522 μηδὲ
2961 3448 3200 3520 ζηλῶσαι
3225 3447 3452 3519 (58)τὴν
3469 3449 3596 3518 παρ’
3608 3447 3792 3509 αὐτοῖς

525 3544 603 3600 sis
630 3545 786 3616 agnis
816 3544 1070 3600 manibus
1101 3545 1353 3616 placatis,
1386 3547 1443 3600 in
1495 3546 1725 3604 Achillis
1757 3551 2092 3622 colloquium

2207 3540 2420 3608 σοφίαν,
2466 3543 2603 3612 πρὸς
2663 3541 2758 3595 τοῦ
2803 3541 3159 3612 ξυγγράφειυς
3215 3539 3728 3613 μεμαρτυρημένος.

523 3636 670 3702 veni,
711 3638 804 3691 sed
839 3636 1094 3706 precibus
1126 3636 1287 3716 fusis,
1317 3653 1456 3708 quas
1491 3637 1608 3693 Indi
1644 3649 1871 3696 censent
1911 3643 2170 3703 heroibus
2207 3647 2362 3704 fundi
2398 3659 2674 3722 oportere.
2720 3672 2738 3704 ι
2772 3651 2949 3722 Atque
3019 3653 3086 3708 de
3151 3654 3273 3709 istis
3330 3654 3441 3723 iam
3498 3653 3642 3724 apud
3693 3668 3790 3707 so-

523 3725 699 3784 dalem
721 3731 1006 3802 gloriatur,
1035 3731 1127 3801 qui
1152 3731 1288 3785 nihil
1319 3733 1388 3786 ah
1412 3731 1557 3788 lndis
1585 3735 1886 3806 accepisse,
1921 3752 2099 3809 neque
2134 3755 2325 3797 eorum
2351 3743 2598 3801 imitatus
2625 3745 2951 3816 sapientiam
2981 3760 3106 3802 esse
3171 3745 3303 3801 alibi
3365 3746 3495 3800 huic
3529 3737 3792 3816 scriptori

524 3825 846 3895 perhibetur
875 3825 943 3878 ⁷ο.

1084 3961 1312 4019 CAPUT
1335 3963 1528 4022 XXIX.
2707 3977 3097 4034 KEd’AAAIOiV
3128 3981 3232 4036 ΚΘ¹
3244 4017 3263 4035 .

596 4073 724 4140 Sed,
748 4077 912 4132 heus!
937 4077 1079 4132 bone
1104 4077 1206 4142 vir,
1236 4078 1343 4134 nisi
1371 4079 1694 4136 damnabilis
1724 4080 1814 4136 illa
1830 4089 1948 4138 erat
1980 4098 2097 4138 ma-

2272 4083 2585 4162 Ti8i'31’05v,
2622 4083 2667 4143 ὧ
2700 4085 2939 4155 οὗτος,εξ
2961 4093 3033 4164 μή
3053 4109 3136 4156 τις
3154 4087 3221 4163 ἦν
3249 4091 3527 4163 κακοήθης
3558 4109 3782 4164 περιερ-

524 4171 631 4242 gia,
657 4171 786 4240 quid
837 4178 922 4225 est
974 4169 1121 4240 quod
1169 4171 1252 4225 vel
1298 4171 1519 4225 unicum
1571 4173 1669 4227 tibi
1729 4173 2094 4231 familiarissi-

2199 4181 2314 4251 γία,
2346 4181 2480 4253 μηδὲ
2511 4182 2601 4234 τὸν
2627 4181 2722 4236 ἕνα
2749 4199 2851 4246 σοι,
2883 4182 2974 4236 καὶ
2992 4184 3233 4252 γνήσιον,
3254 4183 3346 4236 καὶ
3370 4183 3529 4253 μόνον
3547 4183 3784 4256 ἑταῖρον,

521 4279 713 4327 mum,
785 4277 1022 4340 eumque
1096 4263 1309 4329 solum,
1382 4263 1711 4332 Damidem,
1786 4267 2090 4323 admirandi

2199 4274 2391 4345 Δάμιν,
2411 4275 2586 4327 κοινὸν
2616 4274 2800 4328 ἐποιοῦ
2832 4275 2932 4345 τῆς
2966 4275 3285 4346 θαυμαστῆς
3307 4275 3506 4346 ταύτης
3526 4276 3702 4345 ὄψεώς
3722 4293 3784 4329 τε

523 4356 687 4426 hujus
750 4355 1050 4426 spectaculi
1111 4366 1165 4412 et
1233 4355 1696 4414 confabulationis
1766 4361 2091 4432 participem

2202 4362 2298 4413 καὶ
2311 4349 2526 4430 ὁμιλίας
2541 4377 2555 4426 ;
2574 4361 2638 4414 Τί
2657 4361 2702 4415 δ’
2719 4363 2838 4432 οὐχὶ
2854 4364 2944 4416 καὶ
2957 4362 3024 4416 δι’
3044 4363 3254 4434 ἡμέρας
3269 4363 3426 4416 τοῦτο
3442 4364 3569 4434 ἐξῆν
3588 4369 3781 4430 ποιεῖν,

521 4448 664 4503 haud
696 4447 890 4504 fecisti.
939 4448 1052 4504 Cur
1131 4449 1259 4503 item
1309 4451 1468 4520 plena
1500 4451 1588 4505 die
1640 4451 1692 4505 id
1741 4451 1922 4508 facere
1950 4453 2096 4508 haud

2203 4453 2338 4508 ἀλλά
2359 4454 2466 4506 τῶν
2489 4454 2699 4507 νυκτῶν
2721 4436 2878 4526 ἀωρὶ,
2910 4455 3005 4508 καὶ
3038 4456 3194 4526 μόνον
3215 4473 3228 4519 ;
3254 4456 3317 4508 Τί
3347 4456 3404 4510 δὲ
3435 4457 3530 4510 καὶ
3552 4457 3785 4529 ἡλαυνον

521 4541 698 4606 licuit,
773 4539 870 4596 sed
923 4547 1084 4594 nocte
1132 4541 1483 4611 intempesta,
1529 4550 1642 4597 ate
1690 4544 1877 4615 peragi
1934 4561 2140 4640 opor-l

2166 4599 2173 4632 ,
2203 4547 2302 4614 τὴν
2342 4545 2436 4599 τοῦ
2479 4546 2656 4617 ἥρωος
2692 4546 2866 4618 ψυχὴν
2911 4547 3282 4618 ἀλεκτρυόνων
3314 4547 3431 4618 βοαί
3451 4568 3465 4614 ;
3494 4567 3511 4599 ι
3548 4549 3785 4622 Ἀπῆλθε

520 4635 627 4688 tuit
658 4633 808 4689 solo?
832 4633 941 4687 Cur
991 4632 1118 4687 item
1153 4635 1421 4704 gallorum
1454 4644 1650 4690 cautus
1687 4635 1872 4690 herois
1903 4652 2093 4691 manes
2129 4632 2139 4640 ’

2160 4632 2166 4638 ’
2200 4638 2327 4709 γὰρ,
2369 4639 2521 4710 φησὶ,
2575 4639 2668 4705 ξὺν
2726 4641 2976 4712 ἀστραπῇ
3016 4641 3244 4713 μετρία·
3305 4642 3397 4694 καὶ
3449 4641 3559 4712 γάρ
3591 4642 3656 4713 δὴ
3689 4644 3779 4696 καὶ

523 4725 1217 4797 ῙυεστυηιῖεΑὒὶἰιοηίιη,
1258 4727 1454 4796 inquit,
1497 4743 1621 4782 cum
1681 4726 1893 4798 fulgure
1957 4743 2094 4798 quo-

2199 4730 2552 4802 ἀλεκτρυόνες
2593 4732 2694 4802 ἤδη
2734 4733 2878 4804 ᾠδῆς
2919 4735 3169 4805 ἣπτοντο.
3213 4754 3231 4784 ι
3269 4735 3496 4806 Δαίμοσι
3553 4736 3652 4806 μὲν
3689 4732 3781 4789 οὖν

521 4818 901 4884 dammodico,
938 4833 1172 4888 namque
1200 4827 1253 4874 et
1274 4819 1396 4889 galli
1423 4819 1829 4891 gallinaceijam
1869 4831 2093 4875 cantum

2196 4825 2453 4892 πονηροῖς
2481 4822 2680 4892 γένοιτ’
2710 4822 2776 4876 ἂν
2825 4823 2954 4888 ἴσως
2985 4826 3012 4876 ὁ
3045 4823 3146 4894 τῆς
3194 4823 3341 4895 ὧρας
3388 4824 3693 4894 ἐπιτήδειος
3724 4827 3781 4888 ἐς

519 4911 703 4967 exorsi
734 4911 964 4966 fuerant.
1002 4930 1020 4962 ι
1060 4912 1294 4983 lmpuris
1341 4913 1523 4984 itaque
1557 4911 1901 4968 daemonibus
1954 4913 2094 4968 forte

2200 4916 2523 4988 περιέργους
2571 4915 2784 4988 ὁμιλίας
2817 4917 3037 4988 καιρὸς,
3077 4916 3192 4970 ἀλλ’
3224 4917 3342 4987 ούχὶ
3385 4916 3578 4988 ήρωῖδι
3609 4915 3779 4988 ψυχῇ.

625 5067 669 5098 ⁸¹
707 5067 804 5123 lib.
839 5083 926 5132 iv,
957 5082 1007 5122 c.
1042 5067 1130 5122 16.
1205 5066 1250 5099 ⁸⁸
1288 5067 1385 5123 lib.
1420 5083 1465 5132 ι,
1501 5083 1555 5124 c.
1589 5067 1678 5123 '52.
1757 5070 1802 5100 ⁸³
1838 5069 1932 5126 lib.
1969 5086 2020 5125 tv
2045 5112 2060 5137 ,
2091 5085 2140 5126 c.
2179 5070 2244 5126 16

1213 5066 1250 5099 ⁵⁸
1288 5067 1385 5123 lib.
1420 5083 1465 5132 ι,
1501 5083 1555 5124 c.
1589 5067 1678 5123 '52.
1757 5070 1802 5100 ⁶⁹
1838 5069 1932 5126 lib.
1969 5086 2020 5125 tv
2045 5112 2060 5137 ,
2091 5085 2140 5126 ο.
2179 5070 2269 5126 16.
2344 5072 2391 5103 ⁷⁸
2431 5073 2525 5128 lib.
2560 5089 2622 5140 ν,
2657 5087 2707 5128 c.
2744 5073 2832 5128 12.

591 5242 714 5324 ('55)_
727 5243 856 5324 1033.
879 5245 1031 5299 δίου.
1067 5243 1515 5324 Editihabebant
1541 5245 1634 5299 τοῦ
1661 5246 1945 5324 Διρς,‹ιιιο(1
1979 5263 2090 5303 non

2264 5252 2374 5324 (57)
2406 5249 2655 5310 ἾῙλθον.
2693 5253 2833 5308 Editi
2869 5255 3009 5309 ἔλθοι
3042 5256 3338 5320 habebant,
3379 5273 3544 5312 sensu
3581 5257 3773 5321 invito,

519 5315 772 5398 ingratiis
808 5315 1088 5398 Musarum
1120 5317 1176 5372 in
1203 5315 1314 5369 δίου
1344 5332 1447 5371 nos
1493 5333 1556 5372 ex
1609 5315 1925 5388 conjectura
1971 5336 2091 5374 mu-
2193 5315 2593 5398 euntqueipsa
2639 5326 2729 5379 hic
2756 5342 2843 5398 _ex_
2868 5325 3184 5381 Philostrati
3214 5315 3439 5382 historia
3473 5315 3779 5398 allegentur

518 5386 1039 5466 tasse‘conlidimus:
1092 5460 1112 5466 _
1228 5455 1268 5466 η
1311 5463 1321 5466 Α
1547 5457 1558 5466 Α
1636 5457 1670 5466 __
1713 5386 1725 5388 ’
1980 5461 2011 5466 η
2052 5463 2062 5466 _
2192 5386 2466 5462 Apollonii
2500 5386 2700 5460 'verba,
2754 5392 2915 5466 ἦλθον
2944 5413 3008 5452 ex
3040 5412 3104 5453 ea
3150 5399 3440 5454 restituere
3472 5386 3775 5453 nonvdubi-

587 5453 699 5530 (56)
730 5457 1192 5530 Περιειργάοῖθαι.
1225 5455 1396 5530 Notus
1427 5471 1494 5512 ex
1527 5457 1745 5512 Actibus
1785 5461 2090 5530 apostolicis
2197 5453 2328 5519 ta'vi.

516 5526 670 5579 vocis
715 5526 1001 5608 περίεργος
1050 5529 1117 5582 de
1169 5529 1332 5584 rebus
1377 5531 1614 5608 magicis
1639 5546 1792 5594 usus,
1820 5526 1895 5584 ad
1928 5547 2090 5601 quem

2231 5606 2238 5608 ξ
2267 5535 2378 5608 (58)
2411 5535 2577 5603 Μηδὲ
2607 5534 2866 5605 ζηλῶσαι
2893 5545 3001 5593 etc.
3032 5537 3274 5608 Respicit
3304 5541 3484 5594 locum
3511 5541 3566 5594 in
3601 5538 3778 5593 histoo

517 5609 743 5681 censum
778 5601 981 5652 referre
1009 5607 1223 5681 oportet
1260 5601 1705 5681 νεκυομαντείαν,
1736 5603 2093 5681 curiosasque
2195 5601 2285 5659 ria
2334 5601 2672 5681 Philostrati,
2708 5623 2874 5679 supra
2931 5611 3094 5663 etiam
3141 5601 3261 5681 cap.
3313 5611 3406 5675 24,
3455 5612 3772 5681 allegatum.

517 5674 858 5749 mortuorum
884 5671 1331 5749 consultationes.
1355 5668 1718 5749 Quamobrem
1744 5674 1871 5749 nolo
1894 5672 1962 5727 de
1984 5668 2086 5749 hac
2193 5693 2354 5749 quem
2386 5694 2510 5731 cum
2543 5679 2704 5734 modo
2737 5668 2982 5748 allegatis
3023 5668 3295 5749 Apollo'nii
3330 5668 3512 5736 verbis
3545 5668 3777 5734 cvonten;

517 5751 658 5815 voce
675 5737 740 5791 ad
756 5752 981 5815 _sacram
1009 5739 1156 5815 illam
1181 5744 1552 5815 apostolorum
1580 5743 1858 5800 historiam
1887 5758 1919 5797 a
1953 5743 2088 5798 viris
2195 5737 2352 5815 deus,
2384 5751 2660 5806 contraria
2691 5737 2915 5808 narrai‘e
2949 5737 3336 5808 Philbstratum
3368 5749 3625 5808 ostendit.
3724 5765 3751 5802 κ

518 5805 696 5864 doctis
720 5808 1007 5867 observata
1039 5811 1142 5866 hoc
1182 5805 1302 5866 loco
1330 5819 1594 5884 repetere.
