4054 6408
303 366 407 424 837

1421 359 1628 416 “BER
1663 357 1944 415 CONTRA
1982 351 2402 411 HIEROCLEM.

3444 347 3552 405 858

296 490 386 560 ἢν,
420 488 522 558 τῆς
551 485 782 558 παχείας
809 484 901 538 τοῦ
943 484 1187 554 σώματος
1212 481 1661 554 ἐλευθερωθεῖσαν
1689 478 1818 551 ὕλης
1835 522 1851 547 ,

1994 468 2154 538 magis
2185 475 2558 536 opportunum
2591 462 2757 519 fuerit
2804 460 2872 518 ad
2902 460 3146 532 magicas
3177 457 3552 514 conversatio.

300 579 510 650 ἀγαθὴν
555 579 645 631 καὶ
679 576 977 647 πανὰρετον
1004 572 1140 628 εἶναι
1173 572 1364 645 χρεών.
1395 574 1460 624 Ὄ
1492 589 1555 641 γε
1605 572 1710 644 μὴν
1752 572 1863 623 εἰσ-

303 671 541 741 ηγμένος
571 668 802 722 ἐνταῦθα
831 667 1038 737 δαίμων
1065 665 1348 736 βάσκανος,
1381 665 1471 717 καὶ
1500 662 1752 734 φθονερὸς
1773 661 1863 714 τδν

298 761 520 833 τρόπον,
555 760 768 829 ὀργίλος
805 775 863 810 τε
908 757 1000 809 κα)⁸
1047 755 1300 818 ταπεινὸς
1331 755 1429 825 τὴν
1458 753 1692 808 διάθεσιν
1733 753 1864 805 ύπο-

301 851 631 904 τετύπωται.
667 850 738 902 Ἢ
767 849 887 919 οὐχὶ
915 847 1150 910 τοιοῦτος
1172 848 1200 898 ὁ
1233 847 1324 900 τὸν
1358 845 1718 915 Ἀντισθένην,
1756 860 1865 914 μει-

306 941 494 1014 ράκιόν
517 959 569 994 τι
601 941 906 1000 σπουδαῖον,
933 938 1007 1002 ὼς
1047 938 1111 991 ἂν
1147 938 1210 1008 δὴ
1239 935 1508 1005 φιλοσόφῳ
1547 932 1864 1000 ξυνέπεσθαι

302 1033 382 1102 τῷ
420 1031 759 1100 Ἀπολλωνίῳ
791 1029 1144 1100 πειρώμενον,
1187 1027 1462 1097 ἀπείργων
1489 1041 1503 1088 ;
1535 1024 1862 1092 Προστάττει

305 1121 417 1194 γὰρ
460 1121 522 1175 τὺ
570 1120 644 1191 μὴ
671 1117 939 1171 ποιεῖσθαι
988 1117 1147 1170 αὑτὸν
1192 1115 1526 1188 ξυνέμπορον
1553 1116 1654 1186 τῆς
1688 1113 1878 1169 ἑαυτοῦ

306 1213 644 1284 φιλοσοφίας,
661 1210 924 1279 ἐπιλέγων
943 1210 1040 1280 τὴν
1062 1209 1260 1264 αἰτίαν·
1302 1229 1320 1261 ι
1344 1208 1645 1281 Πριαμίδης
1673 1227 1730 1262 τε
1751 1209 1878 1280 γὰρ,

305 1308 494 1378 φησὶν,
549 1304 747 1367 ἱκανῶς
788 1302 918 1374 (58°)
950 1304 1086 1364 ἐστι,
1137 1303 1231 1356 καὶ
1275 1300 1366 1355 τὸν
1394 1303 1634 1373 Ἕκτορα
1698 1301 1881 1372 ὑμνῶν

303 1402 367 1454 ού
421 1397 671 1452 παύεται.
715 1417 734 1449 ι
764 1396 889 1460 Πῶς
919 1397 975 1450 δὲ
1019 1397 1120 1449 οὐκ
1164 1396 1378 1467 ὀργίλος
1415 1396 1508 1447 καὶ
1542 1395 1824 1460 ταπεινός;
1854 1397 1883 1448 ό

304 1491 617 1553 Θετταλοῖς,
673 1490 755 1542 ὅτι
825 1489 898 1559 μὴ
963 1488 1140 1542 θύοιεν
1171 1488 1338 1558 αὐτῷ,
1370 1487 1726 1558 θυμούμενος,
1791 1489 1882 1541 καὶ

307 1584 544 1656 Τρωσὶν,
571 1583 654 1635 ὅτι
678 1581 740 1652 δὴ
768 1581 872 1652 πρὸ
909 1579 1114 1651 μυρίων
1143 1579 1282 1634 ὅσων
1326 1578 1460 1632 ἐτῶν
1522 1581 1580 1642 ἐς
1613 1579 1772 1632 αὑτὸν
1801 1579 1882 1632 δι-

307 1675 684 1747 ημαρτήκασι,
718 1672 791 1743 μὴ
821 1671 1341 1742 καταλλασσὸμενος,
1368 1671 1462 1724 καὶ
1489 1669 1659 1723 ταῦτα
1677 1668 1880 1733 θύουσι,

301 1767 406 1820 καὶ
454 1763 689 1834 ξυνεχῶς
722 1762 1100 1833 σπενδομένοις
1127 1781 1139 1792 ·
1180 1761 1314 1815 άλλά
1358 1764 1450 1815 καὶ
1488 1762 1578 1815 τὸν
1625 1761 1884 1833 Παλαμή-

1978 575 2077 614 nes
2110 557 2255 614 istud
2289 567 2526 627 tempus,
2562 571 2675 610 non
2709 570 2838 610 vero
2865 554 3052 608 herois
3085 549 3361 615 manibus,
3389 562 3552 618 quos.

1977 665 2166 705 crassa
2209 649 2313 704 ista
2341 647 2591 718 corporis
2638 647 2848 702 solutos
2893 644 3142 707 materia,
3178 642 3380 712 probos
3408 657 3554 704 esse,

1978 743 2239 812 omnique
2265 742 2532 795 virtutum
2567 754 2766 811 genere
2813 738 3095 793 abundare
3123 735 3425 806 Oportebat.
3463 733 3555 796 At,

1979 837 2070 908 qui
2102 835 2266 890 isthic
2302 834 2582 889 inducitur
2618 833 2854 896 dazmon,
2888 830 3091 884 invidis
3139 838 3223 884 est
3264 835 3317 882 et
3365 841 3557 897 parum

1979 929 2232 1000 benignis
2277 929 2520 983 moribus
2557 944 2569 979 :
2607 925 2906 981 iracundus
2958 923 3085 978 item
3132 929 3559 991 repraesentatur

1980 1021 2146 1084 idem,
2195 1029 2249 1076 et
2278 1021 2478 1090 pusillo
2530 1020 2737 1073 animo.
2777 1017 2972 1070 Annon
3017 1016 3161 1069 enim
3209 1013 3334 1068 talis
3360 1013 3560 1067 haben-

1979 1115 2085 1170 dus
2114 1115 2207 1179 sit,
2237 1115 2330 1184 qui
2361 1111 2827 1174 Antisthenem",
2866 1109 3098 1179 probum
3133 1106 3559 1168 adolescentem,

1982 1215 2040 1262 ut
2071 1207 2164 1277 qui
2196 1205 2580 1276 phi|050phum
2607 1202 2804 1259 sectari
2845 1199 3193 1271 Apollonium
3220 1205 3461 1268 cuperet,
3489 1196 3561 1251 ab

1981 1315 2047 1354 eo
2092 1298 2329 1353 avulsit?
2361 1297 2566 1367 Nempe
2613 1312 2737 1350 eum
2771 1293 3093 1364 Apollonius
3132 1308 3198 1346 ne
3241 1290 3562 1361 participem

1983 1392 2344 1463 pliil050phizr
2397 1389 2602 1444 faceret
2635 1404 2747 1442 sure
2784 1387 3056 1457 prohibet,
3088 1385 3301 1438 ratione
3335 1383 3514 1436 addita
3544 1395 3560 1433 :

1988 1503 2007 1534 ι
2038 1483 2344 1538 Priamides
2367 1484 2508 1538 enim
2536 1489 2614 1537 est
2640 1479 2933 1551 genuinus,
2953 1489 3005 1533 et
3035 1477 3321 1534 llectorem
3342 1475 3566 1527 laudare

1984 1592 2093 1631 non
2123 1576 2346 1631 desinit.
2387 1595 2406 1628 ο
2447 1574 2553 1641 Qui
2599 1570 2922 1626 iracundum
2969 1569 3098 1624 item
3138 1576 3191 1622 et
3233 1566 3416 1619 animo
3463 1579 3560 1634 pu-

1985 1668 2109 1725 sillo
2134 1684 2242 1723 non
2262 1668 2439 1722 dicam
2463 1665 2730 1736 esse?qui
2755 1662 3036 1718 Thessalis
3064 1667 3377 1721 succenset,
3409 1653 3557 1725 quod

1985 1778 2144 1819 sacra
2176 1762 2279 1818 sibi
2313 1777 2422 1815 non
2471 1760 2760 1821 faciant",
2794 1769 2847 1813 et
2895 1754 3172 1819 Troianis,
3225 1751 3371 1822 quod
3404 1751 3569 1804 innuo

300 1858 433 1922 δούς
456 1857 644 1926 τάφον,
671 1854 818 1926 αὐτῷ
846 1855 1118 1926 ἀγάλματι
1148 1855 1364 1925 φαύλως
1388 1854 1736 1927 ἐρριμμένον,
1769 1855 1889 1908 ἀνα-

1994 1855 2157 1910 meris
2189 1861 2316 1909 ante
2349 1852 2509 1907 annis
2544 1852 2744 1921 injuria
2777 1865 2900 1905 eum
2949 1848 3280 1909 all‘ecissent,
3323 1845 3570 1899 reconci-

308 1950 494 2004 λαϐεῖν
527 1948 943 2019 ἐγκελευόμενος
962 1963 977 2011 ;

837 2237 1236 2291 ΚΕΦΑΛΔῘΟΝ
1274 2238 1352 2291 Λ’.

396 2333 458 2388 [δ
507 2332 689 2404 μέντοι
732 2332 982 2403 πέμπτον
1017 2333 1112 2384 καὶ
1155 2330 1310 2383 ἕκτον
1363 2329 1546 2401 θαῦμα
1589 2329 1650 2382 ού
1692 2329 1892 2401 πολλῆς

299 2427 482 2484 δέοιτο
507 2424 600 2480 τοῦ
628 2424 784 2494 λόγου
813 2423 1118 2494 διατριϐῆς,
1156 2424 1213 2486 ἐς
1246 2421 1467 2487 ἔνδειξιν
1497 2423 1598 2494 τῆς
1626 2421 1723 2476 τοῦ
1756 2440 1894 2494 γρα-

312 2521 506 2589 φέντος
557 2516 670 2588 ('59)
724 2514 1034 2585 εὐχερείας·
1096 2514 1355 2585 δαίμονας
1420 2513 1528 2584 γὰρ
1583 2514 1890 2578 ἀπελαύνει,

311 2613 458 2682 ἄλλῳ
489 2608 665 2671 ἀλλον,
791 2622 923 2676 φασι
980 2604 1114 2676 (40),
1162 2605 1394 2674 δαίμονι.
1424 2606 1527 2658 Τὸν
1572 2605 1670 2676 μὲν
1697 2606 1806 2677 γὰρ
1836 2605 1896 2672 ἐξ

311 2701 614 2756 ἀκολάστου
650 2697 954 2769 μειρακίου,
1000 2697 1090 2749 τὸν
1132 2695 1176 2750 δ’
1205 2695 1553 2761 ἐπιπλάστως
1607 2699 1664 2761 ἐς
1711 2715 1896 2767 γυναι-

315 2796 469 2850 κείαν
506 2794 716 2866 μορφὴν
764 2789 1246 2861 σχηματιζόμενον.
1285 2791 1503 2844 Τουτονὶ
1545 2791 1600 2844 δὲ
1643 2792 1734 2844 τὸν
1781 2791 1897 2845 δαί-

315 2906 458 2961 μονα
497 2905 515 2938 ι
555 2887 878 2958 Ἔμπουσαν
915 2903 932 2934 ι
963 2887 1056 2937 καὶ
1097 2903 1115 2935 ι
1157 2883 1397 2954 Δαμίαν,
1436 2902 1453 2934 ι
1488 2885 1672 2948 αὐτοῖς
1697 2884 1896 2955 ὀνόμα-

319 2999 425 3045 σιν,
448 2981 477 3032 ὁ
527 2977 834 3047 σοφώτατος
863 2975 1143 3030 ἀποκαλεῖ.
1179 2975 1252 3029 Τό
1288 2993 1349 3045 γε
1385 2977 1492 3048 μὴν
1517 2976 1608 3029 ἐπὶ
1636 2978 1735 3049 τῆς
1769 2979 1899 3031 Ῥω-

320 3069 498 3142 μαίων
530 3068 735 3131 πόλεως
769 3067 904 3138 μετά
936 3066 1111 3121 ταῦτα
1139 3067 1339 3140 κόριον,
1369 3069 1450 3122 ὅτι
1481 3069 1543 3140 δὴ
1577 3069 1715 3140 μετὰ
1738 3069 1900 3124 θάνα-

304 3181 410 3217 -τον
439 3161 531 3215 ἐπὶ
555 3161 812 3232 δευτέραν
839 3159 983 3232 ζωὴν
1009 3161 1232 3231 ἢγαγεν,
1272 3162 1630 3216 ἀπιστότατον
1665 3161 1775 3233 (41)
1806 3164 1898 3216 καὶ

317 3254 470 3324 αὺτῷ
500 3253 657 3317 δόξαν
685 3251 763 3322 τῷ
786 3251 1146 3324 Φιλοστράτῳ.
1180 3253 1559 3324 παραιτητέον.
1605 3255 1692 3306 Ἐν
1720 3253 1897 3307 δισταο

315 3342 448 3414 γμῷ
479 3343 657 3413 μέντοι
685 3342 1033 3412 ἀμφιϐάλλει,
1087 3343 1160 3415 μὴ
1199 3343 1307 3414 ἄρα
1341 3344 1572 3417 σπινθὴρ
1596 3345 1695 3416 τῆς
1722 3346 1901 3418 ψυχῆς

317 3435 640 3505 ἐνυπάρχων
680 3433 758 3504 τῷ
807 3434 977 3499 παιδὶ,
1019 3435 1146 3498 τοὺς
1195 3433 1592 3506 θεραπεύοντας
1636 3436 1896 3507 ἐλελήθει.

309 3525 589 3596 ιΔέγεσθαι
637 3524 744 3596 γάρ
779 3542 962 3596 φησιν,
999 3526 1076 3590 ὡς
1106 3526 1331 3596 ψεκάζοι
1378 3529 1476 3599 μὲν
1516 3531 1545 3582 ὁ
1583 3529 1739 3594 Ζεὺς,
1775 3531 1808 3600 ὴ
1843 3529 1901 3582 δὲ

314 3621 540 3690 ἀτμίζοι
578 3621 687 3674 ἀπὸ
713 3619 808 3674 τοῦ
855 3619 1162 3692 προσώπου.
1199 3621 1307 3674 Καὶ
1337 3622 1448 3692 γάρ
1486 3620 1550 3692 δὴ
1595 3623 1643 3674 εἰ
1686 3621 1901 3691 ἀληθῶς

321 3713 456 3768 αὐτὸ
484 3713 684 3768 τοιόνδε
727 3715 814 3766 ἐπ’
857 3713 1026 3783 αὐτῆς
1077 3711 1294 3784 Ῥώμης
1335 3713 1670 3784 ἐπέπρακτο,
1709 3715 1809 3767 οὐκ
1837 3713 1904 3767 ἂν

323 3805 562 3878 ἐλελήθει
609 3805 829 3876 βασιλέα
883 3823 944 3859 τε
992 3805 1226 3878 πρῶτον,
1279 3809 1372 3861 καὶ
1414 3808 1540 3872 τοὺς
1588 3809 1704 3878 μετ’
1741 3809 1902 3861 αὐτὸν

315 3896 570 3959 ⁴ἅπαντας
600 3896 908 3968 ὑπάρχους,
957 3897 1190 3968 μάλιστα
1235 3897 1290 3951 δὲ
1334 3898 1424 3951 τὸν
1469 3898 1756 3968 φιλόσοφον
1797 3899 1903 3951 Εὐ-

325 3989 570 4062 φράτην,
616 3992 1020 4063 ὲγχωριάζοντα
1061 3994 1181 4044 κατ’
1205 3995 1380 4044 ἐκεῖνο
1415 3993 1640 4064 καιροῦ,
1689 3993 1783 4046 καὶ
1813 3993 1906 4045 ἐπὶ

321 4084 424 4153 τῆς
464 4083 680 4155 Ῥώμης
719 4085 1078 4156 διατρίϐοντα,
1125 4086 1183 4148 ὃς
1213 4085 1274 4157 δὴ
1309 4087 1365 4149 ἐς
1395 4085 1618 4158 ὕστερον
1650 4087 1750 4157 τὴν
1785 4088 1905 4139 κατ’

324 4175 492 4229 αὐτοῦ
529 4177 881 4246 κατηγορίαν,
911 4177 986 4241 ὼς
1031 4179 1094 4250 δὴ
1137 4177 1276 4231 κατά
1321 4178 1532 4249 γόητος,
1585 4178 1907 4231 ὑποϐάλλειν

316 4268 627 4338 ἶστέρηαιαι.
663 4270 884 4333 Πάντως
912 4271 1020 4342 γὰρ
1054 4272 1117 4324 ἂν
1141 4272 1234 4324 καὶ
1259 4270 1432 4332 τοῦτο,
1463 4273 1510 4324 εί
1540 4270 1602 4344 δὴ
1628 4271 1784 4325 τοῦτο
1814 4290 1908 4341 γεο

323 4359 482 4430 γονδς
505 4355 592 4430 ἦν,
621 4364 740 4424 ταῖς
762 4361 948 4424 ἄλλαις
983 4363 1121 4415 κατ’
1147 4361 1312 4415 αὐτοῦ
1343 4362 1614 4427 διαϐολαῖς
1640 4364 1774 4436 πρὸς
1811 4364 1906 4417 τοῦ

325 4450 632 4519 κατηγόρου
663 4451 1097 4518 συγκατείλεκτο.
1140 4453 1250 4504 Καὶ
1282 4451 1350 4505 τὰ
1382 4454 1478 4522 μὲν
1509 4454 1566 4505 ἐν
1603 4454 1757 4524 μέρει
1814 4457 1911 4508 καὶ

317 4543 448 4595 κατ’
478 4535 617 4603 εἶδος
646 4542 793 4612 αύτῴ
825 4543 1204 4613 πεπραγμένα,
1232 4545 1466 4596 τοσαῦτα
1485 4561 1497 4574 ’
1537 4546 1704 4616 μυρία
1730 4545 1786 4598 δὲ
1816 4545 1910 4599 καὶ

399 4699 444 4730 ⁷⁸
484 4697 580 4752 lib.
613 4713 698 4764 tv,
730 4711 782 4754 c.
817 4697 906 4754 i2.
980 4700 1025 4730 "
1067 4699 1161 4754 lib.
1204 4715 1292 4765 Iv,
1325 4715 1376 4755 c.
1416 4701 1502 4756 16.
1579 4701 1628 4734 ’³
1653 4701 1762 4757 lib.
1799 4718 1887 4768 tv,

2005 4701 2096 4757 20.
2171 4703 2222 4734 ⁷⁸
2262 4701 2358 4756 lib.
2392 4717 2482 4769 tv,
2519 4716 2569 4756 c.
2605 4701 2697 4758 25.

329 4784 461 4834 vni,
493 4784 542 4822 c.
580 4769 635 4823 5.

404 4879 539 4951 (58⁸)
577 4880 830 4945 ’1κανῶς.
865 4879 1256 4951 Εοινιείκανός.
1288 4879 1444 4937 Eutr.

402 4949 528 5026 (39)»
583 4951 944 5026 I‘paggértog.
1007 4949 1150 5026 _Editi
1207 4952 1479 5026 habebant
1543 4952 1898 5026 πραχθέντος.

323 5019 505 5078 Paulo
548 5023 810 5076 audacius
851 5022 1020 5075 videri
1055 5033 1366 5090 poteramus
1419 5024 1506 5079 hic
1557 5019 1898 5079 emendasse.

328 5091 441 5148 Sed
468 5093 787 5155 neceSSitas,
821 5103 879 5146 ut
910 5107 1092 5161 spero.
1131 5093 1412 5145 audaciam
1445 5097 1750 5157 excusabit;
1781 5094 1905 5148 nul-

331 5164 453 5234 lum
490 5164 635 5216 enim
677 5165 1028 5234 sensutnhic
1081 5162 1260 5234 fundit
1308 5165 1662 5234 πραχθέντος.
1696 5167 1901 5220 Contra

329 5233 615 5305 ερχἐρειαν
655 5240 707 5286 et
755 5233 1088 5305 ,κουφότητας
1123 5233 1453 5290 Christianis
1496 5235 1901 5305 exprobraverat

329 5303 631 5376 Hierocles,
655 5318 816 5371 quam
845 5306 1046 5376 passim
1082 5304 1262 5376 in_hoc
1288 5303 1904 5376 opusculo‘retorquen-

325 5382 438 5447 tem
482 5374 1091 5447 vi_dnnns__calumniam
1135 5373 1467 5431 Eusebium:
1505 5380 1680 5447 ipsunt
1722 5373 1903 5446 potius

326 5443 655 5516 Hieroclem,
698 5442 1194 5516 Philostratumque
1238 5442 1628 5516 tatttopere‘ab
1655 5442 1906 5501 encom-

328 5514 666 5572 mendatum.
698 5515 989 5588 εὐχερείας-
1013 5525 1066 5588 et
1101 5514 1436 5588 κουφότητος
1479 5535 1602 5572 reos
1647 5534 1770 5572 esse
1803 5516 1902 5569 de-

328 5593 726 5639 monstrantem
753 5605 764 5638 :
802 5585 944 5658 quod
979 5585 1064 5639 hic
1094 5602 1310 5656 quoque
1330 5585 1457 5642 eum
1489 5589 1668 5644 facere
1696 5587 1904 5658 liquido

327 5663 583 5730 constare
629 5663 778 5730 puto.
827 5656 1093 5730 Craterum
1143 5657 1436 5730 siyehillud
1482 5656 1784 5730 γραφέντος
1835 5657 1904 5730 ad

329 5722 639 5780 Hieroclem
669 5725 897 5786 referas,
943 5726 1057 5780 sive
1089 5727 1155 5779 ad
1189 5722 1573 5782 Philostratum
1606 5722 1714 5785 non
1763 5729 1906 5782 mul-

323 5802 443 5850 tum
474 5796 744 5864 intererit,
777 5812 902 5852 nam
931 5805 1108 5867 potest
1133 5799 1365 5869 γραφείς
1391 5815 1514 5856 esse
1541 5801 1630 5856 ille
1661 5814 1904 5873 quoque,

1990 1949 2112 2003 liari
2148 1948 2302 2010 nolit,
2341 1944 2780 2002 sacriﬁcantibus
2822 1943 2948 1996 licet
2981 1949 3144 2010 atque
3194 1938 3494 1993 libantibus
3517 1936 3569 1990 ei

1990 2041 2387 2096 indesinenter.
2418 2036 2524 2092 Sed
2563 2045 2615 2090 et
2641 2033 2947 2090 Palamedis
2985 2032 3294 2102 sepulcrum
3322 2047 3429 2084 una
3445 2043 3571 2084 cum

1991 2135 2138 2190 illius
2164 2141 2346 2190 statua
2376 2131 2516 2185 male
2547 2130 2788 2184 dirutum
2823 2126 3126 2184 restaurari
3151 2125 3329 2195 jubet.

2463 2240 2625 2312 530
2661 2235 2885 2293 CAPUT
2925 2234 3091 2292 xxx.

2063 2339 2323 2406 Quintum
2348 2353 2515 2408 porro
2561 2344 2886 2404 sextumque
2925 2331 3253 2387 miraculum
3281 2344 3392 2383 non
3433 2342 3574 2399 opus

1993 2428 2215 2490 habent,
2243 2436 2302 2482 ut
2334 2429 2493 2496 longa
2525 2427 2606 2481 eis
2634 2427 2885 2480 oratione
2929 2424 3304 2486 immoremur,
3333 2435 3440 2491 qua
3481 2434 3576 2490 pa-

1994 2530 2102 2576 teat
2126 2520 2321 2575 stolida
2341 2519 2630 2589 scriptoris
2661 2517 2984 2586 simplicitas
3019 2535 3032 2567 :
3070 2515 3348 2568 daemonas
3373 2526 3570 2582 nempe

1994 2614 2269 2677 exturbat,
2295 2613 2484 2675 alium,
2511 2619 2572 2665 ut
2606 2610 2765 2680 vulgo
2786 2610 2960 2672 aiunt,
2985 2623 3088 2678 ope
3112 2606 3357 2661 alterius.
3390 2605 3573 2659 Alium

1997 2720 2193 2774 nempe
2225 2719 2289 2758 ex
2320 2702 2670 2758 adolescente
2701 2699 2970 2754 infrunito
2987 2699 3057 2762 ⁷³,
3089 2699 3254 2752 alium
3287 2711 3455 2766 porro
3480 2694 3577 2766 qui

1997 2796 2136 2850 facie
2161 2795 2412 2850 muliebri
2451 2801 2599 2850 esset
2633 2792 2940 2848 indutus“.
2967 2790 3146 2862 Atque
3179 2789 3326 2843 hunc
3354 2788 3576 2858 quidem

2003 2886 2308 2941 «Lamiam»
2333 2895 2385 2942 et
2403 2886 2749 2956 «Empusam,
2766 2905 2783 2937 ι
2809 2884 2942 2955 ipsis
2970 2884 3122 2938 hisce
3153 2880 3411 2936 adhibitis
3431 2879 3582 2934 voci.

2011 2979 2134 3039 bus.
2166 2979 2611 3049 sapientissimus
2635 2987 2826 3030 auctor
2843 2976 3098 3046 appellat.
3121 2973 3362 3029 Puellam
3383 2972 3507 3027 inde
3523 2971 3581 3026 in

1999 3073 2134 3128 urbe
2158 3073 2403 3126 Romana
2421 3072 2466 3102 ⁷⁸
2487 3070 2630 3140 quod
2651 3077 2774 3140 post
2790 3080 3016 3123 mortem
3038 3067 3093 3121 in
3115 3067 3280 3121 vitam
3304 3064 3585 3121 reduxerit
3661 3054 3667 3062 ’

1925 3199 1970 3258 c
2002 3166 2230 3227 iterum,
2281 3179 2404 3218 cum
2435 3164 2518 3217 vel
2544 3163 2650 3232 ipsi
2681 3160 3016 3215 Philostrato
3050 3159 3211 3228 plane
3254 3156 3577 3212 incredibile

2003 3255 2268 3318 videatur,
2288 3255 2447 3324 plane
2465 3253 2881 3322 repudiandum.
2917 3249 2975 3305 In
3015 3251 3269 3321 ambiguo
3296 3252 3440 3306 enim
3473 3249 3583 3304 hae-

2001 3355 2106 3408 ret.
2138 3363 2267 3400 num
2316 3346 2500 3400 vitalis
2526 3360 2673 3399 aura:
2713 3344 2975 3408 scintilla,
3012 3343 3068 3398 in
3105 3343 3285 3413 puella
3333 3339 3580 3403 residua,

2003 3439 2245 3494 medicos
2289 3439 2529 3493 latuerit.
2573 3436 2796 3491 Famam
2848 3436 2995 3491 enim
3044 3449 3168 3490 esse
3209 3434 3306 3500 ait,
3341 3432 3581 3503 pluviam

2004 3537 2117 3584 tum
2141 3531 2406 3587 cecidisse
2442 3529 2896 3600 placidissimam,
2933 3543 3000 3583 ex
3041 3526 3234 3597 puellae
3281 3539 3413 3580 vero
3442 3522 3584 3578 facie

2004 3638 2256 3692 vaporem
2295 3622 2607 3677 exhalasse.
2648 3621 2718 3674 At
2751 3627 2922 3684 certe,
2964 3619 3012 3674 si
3061 3633 3188 3673 vere
3217 3617 3323 3672 tale
3364 3615 3494 3686 quid
3526 3615 3584 3668 in

2003 3715 2122 3785 ipsa
2165 3715 2300 3769 urbe
2324 3713 2574 3768 Romana
2618 3713 2811 3767 fuisset
2846 3718 3120 3782 patratum
3145 3752 3160 3776 ,
3190 3707 3378 3779 fugere
3407 3707 3586 3779 primo

2003 3806 2180 3877 ipsum
2222 3806 2440 3876 quidem
2484 3819 2592 3858 non
2629 3803 2902 3874 potuisset
2952 3802 3369 3870 imperatorem,
3406 3814 3586 3869 neque

2005 3899 2304 3969 principes,
2329 3897 2422 3967 qui
2453 3895 2765 3966 proximum
2787 3893 2838 3949 ei
2868 3894 3047 3946 locum
3075 3892 3345 3957 obtinent,
3369 3906 3585 3956 omnes,

2007 3989 2278 4059 praecipue
2309 3995 2512 4050 autem,
2551 3985 2645 4055 qui
2674 4000 2738 4038 ea
2779 3988 3100 4052 tempestate
3122 3982 3174 4034 in
3195 3981 3316 4036 istis
3340 3981 3588 4050 partibus

2008 4081 2224 4151 agebat,
2261 4079 2371 4132 imo
2413 4079 2464 4132 in
2516 4077 2632 4146 ipsa
2679 4076 2814 4130 urbe
2862 4073 3033 4127 Roma
3079 4080 3195 4127 tum
3238 4075 3586 4138 versabatur,

2011 4173 2334 4242 Euphratem
2367 4169 2776 4240 philosophum,
2812 4168 2905 4238 qui
2955 4165 3420 4234 subsequentibus
3449 4173 3588 4219 tem—

2009 4267 2258 4337 poribus,
2283 4263 2715 4319 controversiam
2735 4272 2998 4331 tanquam
3019 4274 3176 4330 mago
3201 4275 3251 4314 et
3285 4259 3588 4313 intentasse

2011 4360 2350 4416 narratur".
2387 4357 2528 4412 Sane
2575 4374 2706 4413 vero
2739 4357 2844 4411 hoc
2888 4356 3114 4411 omnino
3162 4355 3353 4417 etiam,
3387 4354 3432 4412 si
3467 4353 3592 4424 qui-

2009 4451 2129 4507 dem
2163 4451 2367 4505 faetum
2398 4451 2448 4505 id
2479 4458 2644 4513 esset,
2679 4448 2894 4504 caeteris
2930 4447 3385 4517 imputationibus
3411 4447 3477 4499 ab
3497 4461 3594 4499 ae-

2013 4553 2268 4601 cusatore
2302 4543 2550 4599 additum
2595 4542 2808 4598 fuisset.
2841 4542 3019 4612 Atque
3053 4541 3157 4596 ista
3191 4539 3412 4615 quidem
3461 4546 3592 4595 sunt

2773 4703 2820 4734 "
2859 4701 2954 4756 lib.
2989 4715 3041 4755 Iv
3065 4741 3080 4766 ,
3113 4715 3164 4755 c.
3207 4699 3303 4754 45.
3401 4698 3448 4730 ⁷⁸
3489 4699 3588 4754 lib.

1936 4889 1980 4943 ι)
2009 4885 2100 4952 qui
2133 4883 2277 4956 litem
2300 4885 2547 4945 intendit,
2580 4901 2701 4955 qua!
2726 4885 2911 4956 γραφή
2948 4883 3151 4939 dicitur
3177 4903 3202 4956 7:
3245 4883 3414 4940 forma
3444 4884 3589 4941 enim

2010 4956 2226 5023 passiva
2271 4955 2372 5008 hoc
2421 4957 2645 5011 verbum
2685 4955 2860 5011 active
2902 4955 3092 5011 tamen
3141 4955 3450 5026 signiﬁcare
3491 4959 3594 5010 tri-

2011 5035 2145 5078 tum.

2081 5095 2194 5166 (l0)
2233 5089 2308 5167 ᾞ
2332 5113 2503 5165 φασι.
2531 5096 2725 5152 Forma
2757 5097 2872 5151 haec
2903 5095 3170 5167 loquendi
3197 5096 3420 5165 vulgare
3452 5096 3586 5153 illud

2009 5165 2215 5220 dictum
2244 5165 2412 5222 fuisse
2440 5169 2638 5233 innuit,
2669 5177 2852 5220 natum
2886 5168 3022 5220 forte
3048 5183 3112 5219 ex
3147 5165 3459 5220 Juilzeorum
3491 5169 3590 5221 ad.

2009 5253 2201 5291 versus
2227 5235 2564 5293 Salvatorem
2595 5239 2889 5299 calumnia,
2909 5238 2992 5290 vel
3021 5237 3088 5290 iis
3107 5237 3270 5290 etiam
3291 5239 3401 5302 jam
3431 5248 3589 5293 antea

2009 5307 2142 5360 trito
2173 5323 2273 5362 usu
2302 5319 2600 5377 receptum,
2625 5318 2678 5362 et
2705 5312 2906 5376 passim
2935 5307 3096 5377 deiis
3137 5307 3465 5372 adhibitum,
3489 5310 3586 5377 qui

2006 5379 2211 5430 malum
2245 5379 2393 5450 malo
2420 5376 2772 5450 depellerent.
2812 5378 2901 5432 Sic
2936 5376 3063 5444 inL,
3098 5392 3149 5431 c.
3191 5377 3282 5444 52,
3312 5379 3450 5432 ἀλλά
3478 5376 3588 5450 γάρ

2007 5449 2102 5500 καὶ
2123 5449 2340 5519 τυφλῷ,
2371 5451 2525 5518 φατὶ,
2560 5449 2745 5519 δῆλον,
2769 5458 2876 5503 etc.

2081 5518 2192 5588 (41)
2246 5518 2681 5573 Άπιστότατον.
2733 5518 2810 5572 lta
2867 5523 3114 5576 rescribo
3173 5520 3436 5576 audacter
3490 5533 3592 5588 pro

2009 5588 2377 5663 ἀπιστοτάτην
2407 5593 2566 5663 quod
2595 5599 2684 5663 est
2717 5590 2771 5644 in
2804 5592 2990 5663 editis.
3027 5593 3297 5663 Imperitis
3320 5662 3325 5663 ν
3347 5591 3593 5644 librariis

2009 5657 2194 5712 fucum
2227 5657 2355 5713 fecit
2383 5657 2526 5732 quod
2549 5660 2705 5726 δόξαν
2729 5657 3122 5718 substantivuni
3146 5662 3456 5732 femininum
3490 5675 3592 5730 pu-

2010 5735 2211 5812 tarent,
2255 5731 2404 5811 quod
2448 5742 2630 5788 tamen
2664 5739 2746 5788 est
2793 5731 3426 5808 participiumadpta‘rov
3461 5745 3590 5786 tmt-

2015 5809 2385 5871 tritu-generis.
