4054 6408
551 372 659 432 8&7

1226 369 1492 427 EUSEBll
1530 369 2007 426 CAESARZENSIS
2037 368 2188 427 OPP.
2232 368 2412 423 ΡΑιιε
2448 367 2600 423 li.——
2635 364 3130 425 APOLOGETICA.
3668 370 3753 426 διε

556 498 695 554 forte
723 511 830 571 non
862 494 1072 550 carebit
1120 494 1532 564 superstitione,
1575 494 1620 548 si
1652 501 1712 547 ut
1768 493 1883 562 ipse
1916 491 2119 564 [facit,]

2235 490 2403 554 ιύτδς,
2442 508 2462 541 ι
2491 490 2599 544 ἀπὸ
2629 491 2961 559 λεπτοτάτης
2983 492 3078 543 καὶ
3109 490 3354 563 καθαρᾶς
3379 491 3579 562 διαίτης
3599 510 3617 543 ι
3643 510 3755 547 κατ-

556 606 580 641 ι
608 604 675 645 ex
691 587 837 643 tenui
856 587 1001 642 victu
1034 605 1052 639 ι
1092 585 1371 640 derivetur
1397 603 1416 635 ι
1453 592 1504 640 et
1523 599 1681 654 puro,
1716 603 1733 635 ι
1764 591 1927 654 prout
1951 581 2126 637 aPhi-

552 679 785 735 lostrato
817 687 1100 732 narratum
1128 696 1141 731 :
1171 674 1310 731 forte
1344 683 1528 731 tamen
1553 690 1619 730 ex
1637 674 1967 729 commercio
1999 671 2126 726 mali

553 773 784 843 spiritus
816 770 939 839 ejus
986 770 1063 824 rei
1105 767 1364 822 indicium
1396 766 1503 837 ipsi
1542 773 1627 821 est
1666 763 1891 819 factum.
1940 762 2128 816 Enim-

552 879 686 919 vero
723 869 921 918 caetera
961 862 1124 916 etiam
1157 875 1279 930 quae
1325 858 1550 914 fatidica
1580 860 1784 913 virtute
1815 863 2125 911 assecutum

556 962 720 1026 atque
761 951 1144 1022 praedicentem
1199 949 1430 1017 inducit,
1475 950 1561 1006 vel
1615 950 1763 1005 mille
1794 947 2130 1019 argumentis

555 1059 621 1099 ex
654 1043 775 1113 ipso
796 1040 1115 1096 Philostrati
1137 1040 1340 1109 scripto
1369 1054 1597 1110 arguere
1627 1039 1774 1103 licet,
1813 1046 1869 1091 ut
1894 1052 2002 1092 una
2025 1036 2129 1092 hoc

556 1148 775 1205 quoque
807 1132 880 1188 sit
915 1129 1347 1188 concedendum,
1379 1128 1589 1199 magica
1625 1136 1764 1191 arte,
1799 1128 1909 1182 imo
1937 1142 2126 1197 parum

557 1228 713 1283 abest
743 1225 876 1296 quin
905 1223 1083 1278 dicam
1106 1239 1202 1294 per
1222 1223 1472 1292 spiritum
1503 1221 1846 1284 familiarem,
1866 1218 2128 1291 quasdam

555 1333 741 1374 rerum
765 1316 1097 1381 futurarum,
1122 1330 1229 1367 non
1257 1312 1402 1367 enim
1426 1311 1493 1367 de
1525 1311 1781 1366 omnibus
1804 1311 2020 1380 loquor,
2042 1323 2131 1363 as-

559 1418 808 1463 secutum
842 1420 966 1461 eum
1014 1403 1200 1459 fuisse.
1233 1402 1403 1473 quue
1431 1403 1739 1457 luculenter
1766 1416 1830 1456 eo
1860 1399 2126 1462 firmatur,

558 1496 705 1569 quod
767 1510 873 1550 non
938 1508 1153 1563 semper
1207 1502 1261 1548 et
1310 1492 1363 1547 in
1432 1491 1690 1547 omnibus
1751 1487 2128 1546 divinatricem

559 1589 721 1644 istam
756 1588 864 1642 vim
894 1587 1298 1642 conservaverit
1336 1605 1349 1641 :
1384 1601 1572 1640 verum
1629 1583 1828 1641 dubius
1867 1580 2030 1636 fuerit
2075 1579 2130 1633 in

558 1687 725 1745 quam
755 1670 1026 1742 plurimis,
1057 1671 1125 1725 de
1144 1669 1350 1730 multis,
1379 1668 1523 1739 quod
1546 1683 1612 1723 ea
1633 1668 1930 1738 ignoraret,
1956 1666 2128 1721 inter-

558 1761 837 1835 rogaverit
868 1780 881 1816 :
921 1760 975 1815 id
1005 1760 1151 1830 quod
1181 1759 1254 1822 ei,
1295 1760 1338 1813 si
1373 1758 1557 1812 divina
1586 1758 1791 1812 virtute
1819 1756 2126 1827 polluisset,

558 1829 880 1924 neutiquam
910 1829 1191 1921 obtingere
1222 1858 1454 1920 poterat.
1504 1849 1684 1919 Ipsum
1715 1864 1842 1904 vero
1867 1848 2031 1903 etiam
2066 1849 2121 1902 fi-
2163 1829 2200 1883 Β

559 1961 686 2002 nem
714 1943 856 2018 pesti
904 1943 1221 2013 impositum
1244 1942 1315 2007 ’7,
1346 1949 1508 2011 quem
1534 1948 1753 1996 nactum
1779 1940 1913 1995 illud
1941 1940 2131 1994 drama

557 2038 688 2104 fuit,
721 2051 926 2092 meram
958 2035 1341 2106 impostnram,
1367 2044 1739 2104 praetereaque
1767 2033 1901 2087 nihil
1934 2031 2128 2098 fuisse,

555 2131 669 2202 jam
692 2137 852 2185 antea
875 2143 904 2181 a
928 2127 1089 2183 nobis
1117 2133 1202 2181 est
1228 2124 1683 2179 demonstratum.
1726 2121 1830 2179 Sed
1873 2128 1927 2179 et
1947 2122 2133 2179 Achil-

558 2224 630 2280 lis
654 2222 861 2277 umbra:
888 2220 937 2253 “
969 2217 1112 2291 apud
1146 2219 1416 2272 tumulum
1448 2215 1622 2287 ipsius
1661 2214 1793 2286 quid
1819 2229 1986 2270 morae
2010 2231 2133 2272 esse

553 2315 757 2387 possit,
787 2313 996 2368 relictis
1045 2311 1155 2367 illis
1201 2310 1257 2364 in
1287 2309 1577 2365 beatorum
1610 2307 1829 2370 insulis,
1881 2315 1943 2362 ut
1994 2305 2133 2363 forte

561 2409 688 2481 quis
715 2412 956 2468 censeat,
988 2402 1335 2465 habitaculis,
1367 2400 1471 2455 nisi
1506 2400 1610 2454 hoc
1634 2414 1851 2470 quoque
1891 2413 2132 2470 praesen-

561 2501 634 2556 tis
665 2504 846 2554 actum
879 2496 951 2551 sit
988 2492 1253 2549 damonis
1303 2490 1688 2562 apparitione?
1715 2488 1889 2545 Porro
1928 2489 2135 2544 daemo-

558 2608 710 2655 nem,
740 2589 834 2662 qui
868 2596 1186 2659 protervum
1240 2584 1395 2639 illum
1451 2582 1747 2638 luculentis
1796 2581 2015 2637 indiciis
2044 2581 2135 2635 ob-

558 2682 778 2740 sidebat
809 2678 1211 2734 adolescentem
1236 2674 1305 2740 ",
1337 2680 1391 2728 et
1416 2685 1634 2729 rursum
1669 2671 1982 2741 Empusam,
2029 2667 2133 2722 La—

563 2774 822 2841 miamve,
844 2785 1007 2842 quam
1038 2766 1350 2835 Menippum
1384 2763 1460 2817 ait
1494 2764 1754 2833 agitasse,
1779 2760 2004 2829 majoris
2026 2760 2136 2814 dse-

492 2918 513 2933 ,,
563 2863 745 2919 monis
793 2875 897 2931 ope
943 2874 1068 2913 eum
1105 2854 1383 2926 expulisse
1407 2861 1492 2907 est
1521 2851 1858 2907 verosimile.
1893 2848 2135 2903 Pariter-

563 2971 673 3026 que
698 2952 942 3010 vicissim
969 2959 1149 3005 mente
1173 2954 1381 3002 motum
1407 2943 1812 3000 adolescentem
1842 2941 2020 2996 rabidi
2043 2957 2137 3009 ca-

2227 582 2470 653 είληπτο,
2527 581 2603 644 ὡς
2657 582 2819 646 αὐτὸς
2859 583 3078 653 Emam).
3130 584 3286 646 Ἰσως
3316 583 3373 636 δὲ
3422 584 3511 636 καὶ
3566 584 3682 639 αὐτὸ
3708 586 3758 651 ἐξ

2226 670 2442 742 ὁμιλίας
2467 671 2717 743 δαίμονος
2737 671 2885 743 αὐτῷ
2904 689 3037 743 προε
3044 689 3108 744 με
3117 673 3337 744 μήνυτο.
3356 674 3464 727 Καὶ
3489 673 3591 747 γὰρ
3607 675 3759 746 δήκαὶ

2227 762 2296 816 τὰ
2349 762 2530 823 λοιπὰ,
2584 764 2684 817 ὅσα
2733 762 2875 817 κατὰ
2925 763 3231 836 πρόγνωσιν
3276 763 3555 836 διειληφώς
3592 783 3646 821 τε
3683 767 3761 821 καὶ

2230 853 2574 925 προειρηκὼς
2624 856 2893 926 εἰσῆκται,
2938 858 2987 909 εἰ
3044 858 3137 912 καὶ
3195 856 3409 929 μυρίοις
3448 857 3670 928 ἐλέγχοις
3711 859 3760 925 ἐξ

2229 947 2399 1018 αὐτῆς
2452 948 2682 1018 πάρεστι
2732 948 2831 1018 τῆς
2890 946 2987 1000 τοῦ
3030 949 3389 1020 Φιλοστράτου
3434 949 3638 1019 γραφῆς
3685 949 3759 1002 εὐ-

2231 1037 2430 1103 θύνειν,
2469 1039 2616 1111 ὅμως
2646 1039 2732 1092 ἴνα
2778 1039 3155 1113 συγχωρηθείη
3190 1042 3283 1097 καὶ
3320 1040 3460 1095 τοῦτ’
3487 1037 3615 1095 εἶναι
3650 1042 3763 1114 ἁλη-

2231 1131 2339 1195 θὲς,
2377 1129 2518 1184 κατὰ
2558 1132 2847 1202 περίεργον
2883 1131 3145 1203 μηχανὴν,
3180 1132 3384 1203 εἴποιμ’
3410 1132 3475 1189 ἂν
3500 1133 3627 1205 πρὸς
3668 1136 3767 1190 δαί-

2232 1241 2393 1295 μονος
2440 1224 2588 1296 αὐτῷ
2640 1224 2911 1296 παρέδρου
2976 1225 3098 1280 τινὰ
3151 1225 3258 1279 τῶν
3309 1226 3628 1297 μελλόντων,
3665 1229 3767 1282 οὐδὲ

2230 1314 2340 1385 γὰρ
2391 1316 2587 1380 πάντα,
2630 1314 3009 1386 κατειλῆφθαι.
3056 1316 3229 1371 Τοῦτο
3259 1317 3316 1370 δὲ
3371 1319 3653 1390 παρίστησι
3687 1336 3766 1372 σα-

2232 1406 2351 1475 φὲς,
2404 1407 2466 1460 τὸ
2526 1407 2599 1478 μὴ
2651 1407 2718 1461 δι’
2751 1407 2872 1461 ὅλου
2917 1408 3010 1462 καὶ
3062 1409 3191 1481 περὶ
3245 1411 3461 1464 πάντων
3506 1412 3598 1481 τὴν
3649 1414 3767 1483 πρό·

2231 1510 2431 1562 γνωσιν
2462 1495 2622 1549 αὑτὸν
2666 1496 2997 1562 ἀποσώζειν·
3046 1498 3268 1570 ἀπορεῖν
3309 1499 3366 1553 δὲ
3402 1502 3460 1554 ὲν
3506 1500 3764 1566 πλείστοις,

2233 1584 2328 1638 καὶ
2372 1583 2738 1641 πυνθάνεσθαι
2774 1587 2840 1641 δι’
2883 1587 3127 1657 ἄγνοιαν,
3162 1589 3298 1661 ὅπερ
3327 1590 3428 1644 οὐκ
3457 1589 3541 1655 ἂν,
3570 1593 3615 1644 εί
3642 1591 3770 1656 θείας

2232 1678 2432 1749 ἀρετῆς
2464 1679 2630 1750 μετῆν
2661 1679 2828 1751 αὐτῷ,
2848 1681 3121 1735 πεπόνθοι.
3151 1683 3259 1736 Καὶ
3279 1682 3410 1736 αὐτὸ
3427 1682 3484 1736 δὲ
3509 1683 3567 1735 τὸ
3593 1682 3768 1737 παῦσαι

2230 1771 2323 1823 τὸν
2349 1771 2554 1842 λοιμὸν,
2590 1772 2770 1828 ὁποῖον
2798 1773 2980 1846 εἴληχε
3005 1775 3065 1828 τὸ
3091 1774 3296 1848 δρᾶμα,
3338 1776 3421 1829 ὅτι
3449 1776 3631 1846 φάσμα
3654 1774 3768 1846 (75),

2232 1864 2325 1917 καὶ
2372 1863 2522 1917 οὐδέν
2579 1883 2630 1919 τι
2689 1864 2847 1918 πλέον
2903 1862 2992 1937 ἦν,
3036 1866 3437 1939 προδεδήλωται
3496 1867 3772 1937 (76).⁹Λλλά

2233 1953 2326 2005 καὶ
2353 1953 2385 2023 ἡ
2417 1951 2562 2023 ψυχὴ
2599 1952 2709 2022 (77)
2754 1952 3035 2023 Ἀχιλλέως
3061 1954 3211 2027 παρὰ
3245 1954 3323 2026 τῷ
3356 1954 3522 2009 αὐτοῦ
3563 1957 3772 2027 μνήματι

2230 2042 2284 2095 τι
2323 2043 2389 2096 ἂν
2424 2043 2707 2114 διατρίϐοι,
2741 2044 2839 2108 τὰς
2871 2046 2929 2099 ὲν
2970 2046 3231 2117 μακάρων
3267 2048 3471 2117 νήσοις,
3500 2046 3574 2110 ὡς
3597 2044 3657 2099 ἂν
3688 2047 3773 2117 φή-

2234 2134 2344 2188 σειέ
2379 2152 2462 2199 τις
2494 2135 2624 2207 (78),
2648 2136 3014 2192 ἀπολειποῦσα
3048 2137 3179 2209 (78⁸)
3202 2138 3498 2208 διαγωγὰς,
3528 2140 3573 2192 εἰ
3605 2138 3671 2210 μὴ
3696 2138 3774 2191 xa‘.

2229 2225 2387 2280 τοῦτο
2431 2227 2683 2297 δαίμονος
2713 2222 2779 2299 ἦν
2830 2227 3146 2297 ἐπιφανείας
3202 2228 3514 2300 παρουσία;
3557 2230 3659 2283 Καὶ
3696 2227 3773 2281 τοῦ

2233 2313 2495 2383 ἀσελγοῦς
2525 2314 2582 2367 δὲ
2630 2315 2914 2387 μειρακίου
2959 2316 3145 2385 σαφῶς
3196 2315 3404 2371 ἔνοικον
3435 2317 3670 2388 δαίμονα,
3698 2318 3776 2371 καὶ

2234 2405 2393 2461 πάλιν
2430 2406 2499 2477 ἣν
2546 2405 2746 2477 ἔφησεν
2781 2407 3102 2477 Ἐμπουσάν
3130 2425 3188 2461 τε
3233 2409 3327 2462 καὶ
3376 2409 3587 2478 Λαμίαν
3628 2411 3775 2478 ἐμπε-

2234 2495 2618 2568 παρῳνηκέναι
2652 2496 2727 2566 τῷ
2756 2496 3045 2567 Μενίππῳ,
3082 2497 3286 2569 μείζονι
3315 2498 3437 2569 τάχ’
3467 2500 3592 2561 ἴσως
3621 2496 3777 2568 ἐξελή-

2233 2588 2364 2642 λακε
2387 2588 2617 2658 δαίμονι.
2635 2589 2861 2660 Ὁμοίως
2878 2606 2937 2643 τε
2964 2584 3031 2643 αὖ
3054 2591 3148 2643 καί⁸
3166 2590 3255 2643 τὸν
3275 2589 3374 2654 τὰς
3400 2591 3597 2662 φρένας
3629 2605 3780 2661 παρα-

2233 2678 2511 2748 τραπέντα
2554 2678 2766 2733 νεανίαν
2812 2679 2917 2732 ὑπὸ
2969 2677 3063 2732 τοῦ
3110 2679 3410 2744 λυττῶντος
3440 2680 3618 2744 κυνὸς,
3644 2680 3780 2733 αὐτόν

2233 2786 2294 2821 τε
2317 2768 2406 2822 τὸν
2436 2768 2770 2839 δαιμονῶντα
2797 2769 2954 2835 κύνα,
2985 2774 3049 2843 τῇ
3080 2773 3216 2843 αὐτῇ
3254 2772 3554 2845 μετήλλαξε
3579 2771 3779 2843 μεθόδῳ.

2238 2856 2380 2928 Ὅρα
2421 2857 2483 2929 δὴ
2515 2855 2628 2923 οὖν,
2662 2859 2737 2923 ὡς
2768 2858 2923 2930 ἔφην,
2967 2861 3066 2931 τὴν
3109 2862 3286 2914 πᾶσαν
3320 2861 3472 2933 αὐτῷ
3512 2860 3783 2935 παραδοξο-

2237 2947 2437 3013 ποιίαν,
2486 2949 2560 3013 ὡς
2617 2948 2704 3002 διὰ
2757 2950 3076 3021 δαιμονικῆς
3125 2951 3441 3006 ἀπετελεῖτο
3491 2952 3780 3025 ὑπουργίας.

563 3048 653 3103 nis
682 3059 868 3100 morsu
900 3044 942 3109 ‘,
991 3042 1280 3111 ipsumque
1320 3037 1566 3093 daamone
1598 3042 1914 3106 correptum
1946 3048 2133 3089 canem

2237 3035 2310 3090 Τὸ
2325 3036 2433 3109 γὰρ
2448 3038 2547 3108 τῆς
2574 3038 2951 3110 ἀναϐιωσάσης
2978 3038 3166 3110 κόρης,
3193 3040 3294 3093 εἴτ’
3313 3039 3557 3111 ἔμπνους
3578 3040 3783 3111 ὑπῆρχε,

560 3138 753 3195 eadem
801 3144 919 3191 arte
963 3133 1194 3188 curavit.
1249 3130 1497 3201 Agnosce
1528 3128 1715 3198 igitur,
1765 3134 1927 3196 prout
1977 3133 2134 3180 antea

2240 3128 2510 3202 σπινθῆρα
2542 3128 2738 3200 ψυχῆς,
2779 3130 2919 3184 κατὰ
2959 3131 3048 3184 τὸν
3092 3133 3430 3203 συγγραφέα,
3471 3133 3566 3187 καὶ
3613 3131 3786 3202 ἰκμάδα

564 3231 704 3294 dixi,
741 3227 925 3285 omnia
953 3225 1074 3294 ejus
1102 3230 1357 3295 portenta
1394 3220 1661 3274 malorum
1702 3218 2007 3273 daemonum
2037 3234 2135 3289 pa-

2242 3221 2334 3274 ἐπὶ
2380 3220 2474 3275 τοῦ
2522 3218 2814 3291 προσώπου
2858 3220 3095 3293 φέρουσα
3134 3221 3267 3293 (79),
3302 3223 3674 3295 περιαιρετέον
3705 3220 3786 3292 τῆς

565 3334 709 3382 trata
739 3318 1043 3378 ministerio
1070 3330 1212 3372 esse.
1243 3312 1375 3367 Nam
1399 3311 1544 3381 quod
1569 3310 1637 3364 ad
1667 3310 1901 3381 puellam
1925 3315 2135 3379 spectat

2240 3310 2684 3383 θαυματοποιίας.
2704 3315 2779 3367 Ού
2805 3311 2913 3386 γὰρ
2936 3313 3023 3378 ἂν,
3050 3312 3125 3376 ὼς
3150 3315 3243 3367 καὶ
3265 3314 3502 3386 πρόσθεν
3529 3316 3658 3386 ἔφην
3673 3314 3786 3382 (80),

567 3419 639 3475 ab
669 3415 858 3471 inferis
887 3416 1198 3468 revocatam
1230 3407 1275 3468 ',
1310 3404 1356 3459 si
1385 3404 1640 3475 spiritum
1675 3401 1856 3456 adhuc
1884 3416 1947 3457 ea
1987 3402 2136 3458 intus

2245 3406 2419 3475 σιωπῇ
2450 3405 2512 3458 τὸ
2557 3406 2872 3476 τηλικοῦτον
2912 3407 3205 3480 παρεδόθη,
3248 3409 3336 3463 ἐπ’
3378 3408 3553 3482 αὐτῆς
3600 3403 3789 3477 Ῥώμης

569 3507 826 3571 habebat,
857 3500 1042 3558 vitalis
1072 3512 1218 3553 aurae
1250 3493 1568 3558 scintillam,
1594 3489 1741 3561 quod
1771 3491 1847 3545 ait
1875 3490 2133 3561 scriptor,

2245 3492 2507 3565 βασιλέως
2538 3497 2628 3550 ἐπὶ
2650 3496 2913 3570 παρόντος
2938 3500 3319 3573 γεγενημένον.

570 3600 966 3669 humidumque
1003 3607 1260 3665 vaporem
1295 3590 1434 3645 facie
1482 3586 1662 3642 adhuc
1713 3583 2047 3656 preferens;
2084 3584 2137 3640 id
2175 3587 2394 3658 quidem
2461 3606 2690 3646 numero
2754 3592 3143 3649 miraculorum
3175 3601 3261 3649 est
3288 3593 3657 3649 eximendum.
3701 3587 3790 3643 Ne-

571 3711 677 3771 que
701 3692 868 3756 enim,
934 3689 1078 3745 sicut
1103 3692 1158 3741 et
1191 3691 1316 3738 ante
1342 3680 1551 3744 monui,
1585 3685 1696 3731 tam
1728 3676 1934 3748 grande
1990 3676 2210 3733 facinus
2253 3681 2468 3737 silentio
2511 3683 2780 3753 potuisset
2830 3685 3066 3748 involvi,
3100 3687 3155 3740 in
3208 3686 3328 3755 ipsa
3374 3686 3513 3741 urbe
3546 3683 3719 3738 Romae
3744 3681 3789 3734 in

570 3792 867 3858 conspectu
894 3781 1053 3854 quasi
1082 3775 1429 3850 imperatoris
1461 3780 1757 3844 patratum.

1012 3922 1171 4006 535
1209 3919 1442 3979 CAPUT
1482 3912 1725 3973 χχχιιι.

645 4044 908 4117 Equidem
940 4041 1046 4095 alia
1074 4041 1361 4093 innumera
1380 4049 1448 4091 ex
1477 4031 1670 4088 iisdem
1699 4029 1855 4087 libris
1883 4028 2141 4100 colligere

573 4140 781 4202 liceret,
813 4134 1015 4206 quibus
1036 4143 1200 4202 quam
1232 4126 1394 4183 facile
1422 4122 1699 4181 confutari
1729 4130 1953 4193 queant,
1978 4136 2141 4207 quam

571 4244 766 4304 parum
802 4226 1033 4284 invicem
1080 4222 1187 4280 sibi
1233 4216 1623 4289 respondentia
1668 4215 1925 4279 habeant,
1978 4229 2142 4304 quam

573 4303 685 4378 sint
707 4320 978 4392 fabulosa,
1018 4329 1182 4387 quam
1206 4312 1364 4384 plena
1391 4307 1654 4364 monstris
1680 4307 2019 4362 evincamus.
2047 4303 2145 4358 At-

570 4424 755 4479 tamen
778 4406 1220 4484 quandoquidem
1250 4420 1361 4460 non
1389 4407 1653 4457 accurato
1683 4398 1850 4454 nimis
1879 4396 2143 4452 adversus

573 4504 849 4561 hominem
876 4499 1065 4568 studio,
1086 4496 1245 4552 nobis
1264 4508 1404 4566 opus
1426 4499 1545 4558 est;
1577 4489 1725 4561 quod
1751 4495 1964 4543 tantum
2000 4485 2144 4541 absit

2752 3915 3145 3969 ΚΕΦΛΛΔΙΟΝ
3174 3916 3312 3983 Mr.

2316 4026 2498 4099 Μυρία
2529 4028 2628 4099 μὲν
2657 4024 2750 4082 οὖν
2780 4028 2875 4083 κα)⁵
2911 4028 3045 4083 ἄλλα
3090 4029 3351 4100 πάρεστιν
3391 4032 3459 4082 ἐκ
3501 4029 3611 4084 τῶν
3638 4023 3796 4083 αὑτῶν

2249 4118 2608 4185 ἀναλέξασθαι
2653 4121 3118 4192 συγγραμμάτων,
3185 4119 3246 4173 τό
3282 4136 3343 4173 τε
3388 4122 3449 4174 ἐν
3505 4122 3689 4182 αὐτοῖς
3723 4116 3796 4170 εὐ-

2247 4211 2520 4280 έλεγκτον,
2551 4213 2645 4266 καὶ
2669 4212 2986 4276 ἀσύστατον,
3018 4211 3260 4282 μυθῶδες
3288 4228 3348 4264 τε
3388 4212 3487 4266 καὶ
3522 4208 3797 4284 τερατόδες

2247 4302 2594 4357 ἀπευθύνειν·
2633 4303 2781 4376 ὅμως
2815 4303 2935 4357 ὲπεί
2975 4320 3036 4371 7s
3064 4303 3186 4356 οὐδὲ
3221 4301 3422 4374 πολλῆς
3454 4303 3526 4357 τὰ
3563 4301 3698 4357 κατὰ
3722 4299 3798 4353 τὸν

2246 4394 2416 4468 ἄνδρα
2443 4395 2609 4449 δεῖται
2650 4393 3109 4463 σπουδαιολογίας,
3133 4395 3232 4465 οὐχ
3259 4395 3341 4447 ὃτι
3369 4411 3434 4463 γε
3457 4396 3520 4448 ἐν
3541 4394 3697 4457 θεοῖς,
3718 4389 3800 4445 καὶ

2248 4485 2587 4559 παραδόξοις,
2622 4487 2716 4540 καὶ
2755 4485 3093 4557 θαυμασίοις,
3127 4484 3239 4541 ἀλλ’
3272 4478 3390 4539 οὐδ’
3429 4489 3492 4539 ὲν
3518 4483 3800 4555 φιλοσόφοις

574 4608 638 4654 ιιι
691 4595 834 4648 inter
880 4591 1013 4647 deos
1060 4585 1428 4658 stupendosve
1492 4583 1640 4637 viros
1687 4587 1742 4636 et
1794 4575 2136 4633 admirandos

2249 4579 2403 4653 παρά
2430 4595 2540 4632 τισι
2569 4578 2675 4632 τῶν
2702 4577 2798 4632 νῦν
2844 4578 3064 4650 μνήμης
3096 4576 3454 4650 ὑπαρχούσης
3491 4574 3677 4643 αὑτοῦ,
3706 4575 3800 4636 τοῖς

577 4684 757 4760 [locus
788 4682 892 4754 ipsi
929 4675 1244 4750 habeatur],
1279 4685 1340 4731 ut
1371 4689 1440 4729 ne
1473 4672 1615 4727 inter
1644 4666 1998 4760 phil050phos
2018 4665 2144 4760 qui-

2248 4669 2552 4742 είρημέθοις
2589 4668 2964 4741 ἀρκεσθέντες,
2997 4667 3268 4740 μετίωμεν
3306 4668 3400 4722 καὶ
3439 4669 3538 4724 ἐπὶ
3574 4668 3638 4723 τὸ
3676 4664 3804 4721 ἐσδο-

575 4757 703 4841 dem
733 4790 766 4830 a
790 4772 1117 4844 quibusdam
1154 4767 1325 4823 nostri
1351 4766 1450 4821 aevi
1474 4762 1788 4819 hominibus
1808 4759 2010 4814 mentio
2025 4757 2136 4826 ejus

2252 4778 2353 4833 μον
2382 4762 2510 4834 περὶ
2539 4759 2703 4816 αὐτοῦ
2734 4760 3092 4834 σύγγραμμα.

582 4869 707 4936 ﬁat;
742 4867 950 4923 idcirco
979 4863 1048 4919 iis
1082 4858 1325 4917 contenti
1354 4872 1476 4928 quae
1497 4855 1643 4911 dicta
1674 4859 1825 4916 sunt,
1859 4850 1927 4906 ad
1973 4848 2142 4920 septi-

578 4975 728 5016 mum
756 4972 973 5031 quoque
994 4955 1062 5009 de
1088 4969 1153 5007 eo
1185 4952 1384 5006 librum
1413 4944 1819 5019 progredimur.

645 5073 694 5113 '7
734 5076 828 5133 lib.
865 5092 951 5140 iv,
983 5090 1034 5128 c.
1068 5073 1156 5128 ll).
1231 5070 1277 5102 "
1317 5068 1411 5124 lib.
1447 5081 1536 5134 iv,
1569 5079 1622 5119 (ι.
1654 5062 1742 5118 16.
1816 5061 1862 5093 ⁸⁵
1904 5060 1998 5114 lib.
2033 5073 2122 5121 tv,

2239 5054 2331 5112 20.
2416 5052 2434 5084 ¹
2477 5052 2573 5107 lib.
2609 5066 2696 5115 vt,
2733 5064 2784 5104 c.
2818 5048 2907 5104 55.
2985 5048 3006 5080 ²
3044 5045 3141 5101 lib.
3179 5061 3267 5111 ιν,
3299 5060 3352 5101 c.
3379 5045 3477 5101 45.

649 5211 762 5284 (75)
802 5209 1035 5297 (Ixiona.
1076 5204 1213 5262 Vide
1255 5204 1324 5261 de
1364 5204 1466 5259 hac
1499 5216 1630 5257 voce
1655 5200 1943 5254 observata
1978 5207 2144 5265 supra

582 5281 648 5336 ad
677 5279 1272 5418 ggpdzgdsarjlmtm.
1312 5344 1517 5412 Nempe
1586 5340 1711 5394 aulo
1736 5345 1862 5392 ante
1901 5351 2022 5405 cap.
2050 5331 2141 5387 ‘26.

588 5492 593 5493 γ
652 5350 912 5493 ἓἹΊςμΚαὶ
940 5421 976 5493 ᾐ
1006 5417 1197 5493 ψυχή.
1221 5418 1347 5493 *Καὶ
1373 5416 1510 5484 ὅτιὴ
1543 5359 1686 5493 tinxi;
1718 5409 1921 5464 editum
1944 5406 2141 5493 fuerat;

580 5484 672 5544 ὅτι
699 5484 1050 5559 rejiciendum
1095 5484 1401 5559 videbatur,
1432 5484 1579 5559 quod
1621 5484 1685 5559 i_n_
1709 5495 1813 5559 ms.
1847 5493 1913 5559 ex
1941 5488 2146 5559 prame-

582 5547 911 5616 dente'linea
944 5559 1013 5614 ab
1037 5560 1307 5614 oscitante
1351 5547 1576 5612 librario
1599 5551 1812 5606 videtur
1840 5547 2144 5602 derivatum

582 5646 767 5771 0558.8)
817 5698 909 5764 Ὧς
940 5696 1017 5751 ἂν
1052 5696 1403 5771 φήσειέσις.
1447 5692 1571 5771 llaec
1606 5684 2001 5771 radditaxquod
2032 5682 2146 5771 rin-

581 5753 1070 5834 sulas'beatorum:
1099 5753 1151 5822 et
1186 5768 1240 5845 in
1276 5766 1342 5820 iis
1360 5753 1706 5818 'hahitantem
1752 5753 1977 5816 Achillis
2024 5753 2156 5831 anis

804 5406 912 5475 Καὶ
940 5421 976 5489 ή
1006 5406 1197 5492 plus.
1222 5418 1347 5492 Καὶ
1373 5406 1510 5484 ὃτίὴ
1543 5406 1686 5492 ψυχή
1718 5409 1921 5464 editum
1947 5406 2153 5492 fuerat;

2251 5205 2417 5253 mam,
2439 5204 2544 5243 non
2576 5187 2690 5258 ipse
2717 5184 2939 5257 quidem
2968 5190 3234 5256 agnoscat
3261 5177 3676 5258 Eusebius,sed
3699 5172 3806 5258 κατ’

2250 5247 2533 5331 ἄνθρωπον
2563 5247 2838 5331 loquatur,
2867 5270 2937 5311 ex
2965 5247 3145 5331 urente
3165 5253 3490 5331 gentilium,
3513 5253 3728 5331 heroem
3751 5247 3806 5298 il-

2255 5319 2368 5385 luni
2403 5330 2457 5383 in
2490 5319 2685 5383 insulis
2718 5319 2998 5381 beatorum
3036 5319 3296 5380 felicitate
3327 5323 3432 5377 frui
3469 5323 3633 5392 juxta
3668 5319 3807 5372 theo-

2248 5402 2403 5471 logia;
2432 5414 2544 5471 sua:
2578 5400 2771 5469 placita
2802 5397 3255 5471 esistimantium.

2321 5459 2454 5540 (78‘)
2489 5459 2953 5540 Ἀσέολειποῇσα.
2981 5465 3122 5540 Lege
3139 5459 3759 5540 ἀπολιποῦσα.Ιᾷιιιτἒ

2321 5523 2450 5610 ξἹθΥ
2472 5537 2762 5608 Φέρουσα.
2800 5536 2907 5593 Pro
2921 5523 3200 5610 pépobaav
3219 5533 3383 5603 (quod
3405 5538 3530 5586 erat
3556 5531 3614 5585 in
3636 5523 3805 5595 editis)

2249 5604 2561 5683 legendum'
2578 5610 2841 5683 putabant
2867 5604 3125 5683 φέρουσα.
3159 5604 3425 5683 Ηοξετειί.

2322 5669 2432 5752 (80)
2482 5669 2699 5747 Ὡς’καὶ
2727 5669 2991 5747 πρόοίθὲν
3010 5675 3186 5745 ἄμην.
3231 5672 3404 5745 Supra
3432 5685 3561 5743 cap.
3587 5669 3679 5726 99.
