4100 6474
272 395 401 460 848

813 522 1210 577 ΚΕΦΑΛΑῙΟΝ
1249 522 1367 577 AZ'.

357 606 768 682 Κατηγορεῖται
804 611 939 684 δῆτα
977 614 1233 685 γοητείαν
1276 615 1305 668 ό
1337 613 1494 686 ἀνήρ.
1530 607 1663 666 Εἶτα
1695 613 1878 684 Δημη-

270 697 435 771 τρίῳ
457 699 749 773 φιλοσόφῳ,
785 702 1148 775 ἀποτρέποντι
1181 704 1343 758 αὑτὸν
1368 704 1468 776 τῆς
1497 704 1589 756 ἐπὶ
1611 703 1710 776 τὴν
1745 703 1877 757 Ῥώ-

276 806 409 862 μην
445 792 702 864 παρόδου,
736 795 813 867 μὴ
845 796 1183 867 πειθόμενος,
1210 795 1419 867 ἐπαχθῆ
1446 813 1589 861 τινα,
1631 796 1726 850 καὶ
1748 813 1878 867 φορ-

269 881 424 935 τικά
455 884 583 956 περὶ
609 885 801 941 ἑαυτοῦ
831 881 934 943 ὧδέ
967 906 1084 953 πως
1112 889 1295 957 λέγει’
1331 909 1349 940 ι
1373 886 1514 959 Ἐγὼ
1536 887 1594 940 δὲ
1623 887 1877 958 γινώσκω

276 973 401 1045 μὲν
434 976 656 1031 πλεῖστα
691 979 1015 1051 ἀνθρώπων,
1064 980 1158 1035 ἆτε
1201 980 1264 1053 δὴ
1300 980 1408 1053 (81)
1459 979 1615 1044 είδὼς
1657 981 1833 1035 πάντα
1857 998 1871 1011 '

271 1060 410 1120 οῖδα
434 1066 492 1121 δὲ
521 1062 596 1123 ὧν
626 1066 746 1125 οἶδα
775 1070 845 1125 τὰ
886 1072 986 1144 μὲν
1015 1073 1346 1138 σπουδαίοις,
1378 1073 1445 1127 τὰ
1470 1072 1526 1126 δὲ
1572 1074 1774 1149 σοφοῖς,
1807 1072 1876 1126 τὰ

271 1154 340 1209 δὲ
374 1159 624 1230 ἐμαυτῷ,
657 1160 725 1214 τὰ
748 1162 805 1216 δὲ
828 1161 989 1228 θεοῖς.
1026 1183 1045 1216 ι
1084 1164 1193 1219 Καὶ
1216 1164 1279 1235 δὴ
1306 1166 1335 1218 ό
1362 1167 1419 1218 ὲν
1455 1164 1665 1229 τούτοις
1699 1164 1876 1219 πάντα

273 1245 494 1301 εἰδέναι
520 1249 1050 1324 μεγαλαυχούμενος,
1075 1253 1299 1326 προῖὼν,
1316 1256 1534 1324 ἄγνοιάν
1553 1272 1714 1309 τινων
1739 1256 1875 1330 πρὸς

271 1336 384 1390 τοῦ
410 1338 572 1407 λόγου
600 1346 1005 1415 κατηγορεῖται.
1036 1339 1171 1399 Εἶτα
1195 1344 1370 1418 Δάμις
1392 1346 1542 1418 αύτῷ
1573 1347 1877 1418 μεταπλάτ-

270 1444 467 1494 τεται,
499 1431 588 1485 διὰ
615 1432 843 1489 Θανάτου
890 1435 1060 1505 φόϐον
1096 1437 1188 1490 τὸν
1222 1438 1507 1508 φιλόσοφον
1536 1441 1875 1511 ἐπικρυπτό-

277 1539 476 1592 μενος.
509 1526 705 1580 ¹Ἄκουε
736 1528 783 1582 δ’
815 1524 907 1582 οὖν
948 1529 1040 1582 τοῦ
1082 1531 1461 1604 συγγραφέως,
1489 1532 1525 1587 ἃ
1553 1532 1682 1605 περὶ
1708 1532 1871 1588 αὐτοῦ

274 1633 459 1687 φησιν
494 1617 962 1692 ἀπολογούμενος·
1002 1641 1019 1674 ι
1065 1623 1223 1677 Atria
1253 1623 1353 1696 μὲν
1383 1623 1477 1696 ἥδε
1510 1624 1623 1696 (82)
1653 1623 1745 1678 τοῦ
1780 1641 1874 1696 με-

272 1705 543 1761 ταϐαλεῖν
567 1708 741 1781 Δάμιν
768 1712 830 1764 τὸ
857 1711 965 1765 τῶν
996 1712 1381 1786 Πυθαγορείων
1414 1714 1619 1786 σχῆμα.
1658 1715 1731 1769 Ού
1764 1716 1872 1788 γὰρ

272 1798 363 1863 ὡς
410 1802 589 1855 κακίω
634 1802 742 1874 (85)
793 1821 857 1873 γε
913 1807 1045 1862 αὐτὸ
1092 1808 1201 1878 (8i)
1240 1808 1477 1880 μετεῖναί
1522 1826 1706 1879 φησιν,
1753 1811 1872 1863 οὐδὲ

1436 403 1640 459 LIBER
1671 402 1950 460 comm
1985 388 2402 459 HlEROCLEM.

1912 527 1961 583 A
2517 516 2746 577 CAPUT
2787 517 3044 576 XXXVII.

3460 398 3564 455 850

2060 614 2250 687 Magia:
2286 613 2455 686 igitur
2508 613 2631 670 dica
2664 614 2956 685 Apollonio
2989 600 3270 669 scribitur.
3301 609 3433 666 inde
3459 624 3561 663 an.

1983 714 2094 763 tem
2125 706 2404 763 Demetrio
2429 705 2785 778 philosopho.
2808 694 3117 763 dehortanti
3138 716 3264 762 eum
3286 704 3353 759 ab
3368 702 3561 758 itinere

1984 798 2213 855 Romam
2245 798 2648 865 continuando,
2706 798 2930 855 minime
2958 797 3280 860 ohaudiens,
3312 793 3550 851 insolen-

1987 900 2073 947 ter
2105 891 2374 961 quaedam,
2408 906 2473 947 ac
2502 891 2740 962 superbe
2772 888 2840 945 de
2879 905 2938 945 se
2971 889 3090 961 ipso
3122 888 3207 944 his
3240 886 3352 943 fere
3376 886 3558 942 verbis

1987 980 2273 1051 profert':
2309 1001 2327 1034 ι
2358 980 2472 1053 Ego
2521 982 2829 1037 mortalium
2881 991 3201 1037 cunctorum
3235 980 3347 1035 scio
3386 979 3558 1051 pluri-

1990 1088 2136 1127 mum
2170 1092 2183 1129 :
2216 1074 2332 1130 scio
2375 1076 2520 1129 enim
2562 1073 2767 1129 omnia.
2804 1072 2937 1141 Quae
2983 1074 3111 1129 scio
3142 1070 3321 1128 a'utem
3361 1073 3558 1142 partim

1981 1164 2098 1217 scio
2149 1163 2310 1220 bonis
2362 1164 2520 1228 viris,
2558 1163 2754 1234 partim
2792 1162 3155 1234 sapientibus,
3202 1161 3399 1231 partim
3447 1158 3552 1231 ipsi

1981 1253 2136 1319 mihi,
2161 1254 2364 1325 partim
2386 1254 2511 1310 diis.
2553 1274 2572 1307 ι
2613 1252 2718 1309 Sed
2740 1255 2884 1310 enim
2910 1256 3003 1325 qui
3029 1252 3213 1309 verbis
3232 1251 3352 1308 istis
3371 1246 3553 1306 Omnia

1981 1361 2041 1401 se
2076 1361 2242 1403 nosse
2270 1346 2561 1418 magnifice
2594 1347 2882 1415 gloriatur,
2917 1345 3082 1414 paulo
3129 1347 3254 1416 poSt
3307 1342 3555 1417 ignoran-

1980 1438 2070 1493 tim‘
2112 1437 2167 1493 in
2211 1439 2543 1510 quibusdam
2602 1439 2658 1493 in
2705 1438 2823 1508 ipsa
2866 1437 2956 1492 illa
3004 1436 3237 1492 historia
3281 1433 3551 1506 arguitur.

1980 1529 2111 1587 Inde
2150 1546 2313 1603 porro
2358 1530 2545 1588 Darnis
2584 1529 3011 1585 transformatur
3045 1528 3221 1593 abeo,
3259 1527 3328 1582 ob
3360 1522 3553 1581 mortis

1979 1632 2183 1679 metum
2218 1623 2603 1694 philosophum
2652 1621 3019 1678 abscondens.
3071 1619 3178 1676 Sed
3218 1618 3345 1674 audi
3369 1608 3554 1673 Philo-

1980 1722 2188 1769 stratus
2221 1729 2342 1785 quze
2395 1714 2545 1770 dicat
2587 1714 2630 1778 ’⁵,
2682 1713 2735 1769 id
2784 1712 2989 1768 factum
3035 1711 3156 1783 ejus
3201 1710 3547 1767 defendens:

1940 1870 1943 1875 γ
1985 1822 2005 1856 ι
2048 1804 2113 1860 Et
2137 1820 2306 1862 causa
2333 1805 2554 1877 quidem
2603 1806 2813 1883 exstitit
2850 1804 2976 1870 ista,
3007 1819 3109 1859 cur
3153 1802 3548 1876 Pythagoreum

277 1891 595 1959 μεταγνοὺς
624 1891 774 1958 αὐτὸ,
801 1894 995 1969 τέχνην
1016 1897 1072 1950 δὲ
1104 1898 1420 1963 ἐπαινέσας,
1454 1898 1520 1969 ἢν
1551 1898 1789 1969 ὑπῆλθεν
1817 1900 1865 1963 ἐς

1975 1898 2158 1955 Damis
2185 1898 2429 1953 habitum
2479 1908 2744 1954 mutaret.
2776 1896 2965 1969 Neque
3011 1897 3159 1953 enim
3193 1896 3459 1969 abjecisse
3491 1910 3552 1951 se

272 1979 345 2033 τὸ
370 1979 647 2056 ξυμφέρον
675 1984 769 2039 τοῦ
806 1987 1019 2061 καιροῦ.
1064 2010 1083 2043 ο

1975 1990 2051 2044 ait
2080 2005 2229 2055 eum,
2262 1996 2322 2044 ut
2360 1991 2452 2063 qui
2482 1992 2607 2046 vita:
2653 1991 2966 2047 institutum
3015 1998 3283 2047 mutasset
3314 1991 3369 2045 in
3399 1990 3551 2045 dete-

274 2076 427 2141 rius,
497 2094 674 2149 neque
739 2081 887 2153 quod
940 2084 1065 2156 ejus
1103 2087 1282 2159 ipsum
1323 2086 1636 2158 pmniteret,
1672 2084 1767 2143 sed
1792 2082 1937 2157 quod
1976 2094 2157 2141 astum
2199 2086 2477 2157 probaret,
2511 2085 2601 2141 cui
2648 2100 2708 2141 se
2754 2080 3272 2150 accommodaverit,
3322 2084 3550 2155 tempori

275 2170 676 2231 inserviturus.
722 2195 741 2229 ο

796 2272 1194 2334 ΚΕΦΑΛΑΙΟΝ
1234 2277 1368 2330 ΑΠ’.

368 2360 495 2415 Ἐπὶ
533 2361 743 2429 τούτοις
775 2366 804 2419 ὁ
842 2366 1199 2439 Φιλόστρατος
1228 2369 1503 2441 τέσσαρας
1539 2368 1737 2434 αἰτίας,
1772 2368 1873 2432 τὰς

275 2451 350 2525 δὴ
389 2452 638 2527 εὐχερεῖς
670 2456 820 2529 αὐτῷ
857 2459 994 2532 πρὸς
1022 2459 1315 2529 ἀπολογίαν
1345 2460 1695 2532 νομισθείσας
1726 2463 1874 2516 ἐκτί-

280 2542 469 2617 θησιν,
520 2548 629 2602 ἀπὸ
680 2549 950 2606 πλείστων
1002 2552 1280 2623 ὁμολογῶν
1329 2554 1423 2608 καὶ
1475 2553 1648 2608 ἄλλων
1701 2555 1873 2619 αὐτάς

278 2633 613 2705 ἀνειλέχθαι.
645 2630 743 2693 Ὧν
781 2640 815 2711 ἡ
855 2639 954 2711 μέν
991 2656 1075 2703 τις
1106 2635 1194 2711 ἦν·
1236 2660 1255 2692 ι
1293 2640 1358 2694 Τί
1403 2641 1537 2714 δῆτα
1589 2639 1776 2712 μαθὼν
1807 2641 1868 2693 οὐ

278 2727 386 2799 τὴν
417 2728 589 2800 αὐτὴν
618 2731 821 2785 ἆπασιν
864 2731 977 2803 ἔχοι
1004 2732 1230 2804 στολήν;
1264 2752 1283 2785 ι
1328 2736 1360 2806 ἠ
1391 2733 1470 2788 δέ’
1506 2752 1525 2786 ι
1558 2732 1665 2787 Τοῦ
1708 2732 1867 2805 χάριν

276 2822 334 2875 οι
369 2820 645 2893 ἄνθρωποι
673 2821 803 2876 Θεὸν
834 2824 998 2880 αὑτὸν
1022 2824 1368 2896 νενομίκασι;
1406 2845 1424 2878 ι
1454 2827 1613 2899 τρίτη
1644 2842 1658 2856 ·
1699 2846 1717 2878 ι
1754 2828 1862 2881 Πό-

279 2914 380 2969 οεν
435 2918 682 2990 προείποι
718 2918 985 2988 Ἐφεσίοις
1032 2920 1123 2973 τὸν
1165 2919 1384 2992 λοιμόν;
1421 2939 1440 2973 ι
1475 2921 1569 2975 ἐπὶ
1613 2920 1858 2985 ταύταις·

282 3024 309 3059 ι
350 3006 469 3062 Τίνι
517 3007 626 3079 (85)
675 3008 896 3080 βαδίσας
930 3011 988 3076 ἐς
1034 3011 1201 3084 ἀγρὸν
1245 3012 1536 3082 άνατὲμνει
1575 3012 1666 3065 τὸν
1696 3012 1861 3066 παῖδα

276 3100 378 3155 τδν
424 3102 687 3174 Ἀρκάδα;
726 3124 746 3157 ι
784 3104 930 3177 Πρὸς
960 3104 1163 3170 ταύτας
1197 3105 1254 3160 δέ
1291 3123 1423 3177 φησι
1455 3108 1550 3160 καὶ
1589 3105 1687 3177 τὴν
1728 3106 1863 3160 ἀπο-

2485 2266 2722 2325 CAPUT
2758 2268 3025 2325 XXXVIII

2046 2358 2177 2416 Post
2209 2359 2324 2415 haec
2344 2359 2714 2417 Philostratus
2739 2372 2973 2433 quatuor
2999 2362 3368 2421 accusationis
3398 2364 3547 2436 capi-

1972 2458 2051 2516 ta,
2106 2468 2229 2523 quae
2277 2451 2439 2509 facile
2480 2467 2539 2509 se
2585 2453 2833 2525 apologia
2873 2454 3083 2509 diluere
3114 2469 3275 2525 posse
3307 2464 3543 2525 putaret,

1973 2543 2201 2614 exponit
2229 2544 2250 2575 ⁸
2275 2562 2289 2600 :
2322 2559 2387 2600 ex
2416 2544 2668 2615 pluribus
2696 2544 2820 2600 aliis
2856 2560 3048 2601 eorum
3081 2544 3354 2601 delectum
3385 2545 3545 2601 habi-

1972 2643 2087 2690 tum
2111 2651 2233 2691 esse
2264 2635 2537 2708 inquiens.
2566 2635 2772 2692 Ilorum
2806 2639 3040 2710 primum
3075 2645 3232 2694 erat:
3276 2656 3295 2690 ι
3334 2639 3451 2706 Qua
3479 2638 3544 2694 de

1974 2742 2143 2784 causa
2166 2728 2354 2785 eodem
2388 2745 2496 2801 quo
2520 2733 2702 2786 caueri
2727 2731 2914 2788 habitu
2953 2748 3065 2788 non
3094 2733 3314 2789 utatur?
3344 2753 3364 2787 ι
3396 2733 3547 2789 Alte-

1972 2837 2097 2878 rum
2126 2837 2293 2894 porro
2324 2840 2337 2877 :
2368 2842 2388 2875 ι
2427 2822 2607 2887 Ouare
2647 2825 2809 2880 deum
2864 2825 3044 2897 ipsum
3076 2825 3326 2882 homines
3354 2835 3546 2897 putent

1969 2914 2126 2971 esse?
2154 2936 2173 2968 ι
2195 2913 2470 2971 Tertium:
2494 2936 2511 2967 ι
2535 2915 2779 2984 Quanam
2810 2917 3025 2974 ratione
3056 2925 3267 2990 pestem
3294 2917 3542 2990 Ephesiis

1968 3007 2347 3063 imminentem
2397 3009 2749 3079 praedixerit?
2786 3031 2804 3064 ι
2840 3009 3109 3066 Ριοιειενεο
3144 3029 3158 3066 :
3194 3029 3214 3063 ι
3267 3011 3327 3066 In
3382 3011 3542 3083 cujus

1968 3098 2203 3171 gratiam
2238 3098 2294 3154 in
2328 3115 2520 3172 agrum
2543 3100 2845 3172 profectus,
2873 3101 3141 3158 Arcadem
3161 3119 3392 3173 puerum
3422 3103 3541 3159 dis-

278 3192 473 3263 λογίαν
512 3195 675 3250 αὐτὸν
713 3199 1066 3269 γεγραφέναι.
1121 3197 1393 3272 Πρότερον
1432 3198 1476 3252 δ’
1525 3198 1726 3270 ἱστορεῖ
1774 3197 1864 3251 δε-

1970 3191 2280 3263 cerpserit?
2318 3213 2337 3246 ι
2372 3192 2551 3264 Atque
2592 3193 2661 3249 ad
2715 3193 3036 3265 depellenda
3079 3194 3183 3250 ista
3234 3195 3538 3268 apologiam

282 3293 446 3359 σμοῖς
477 3291 639 3345 αὐτὸν
666 3293 1058 3365 παραδοθῆναι,
1091 3290 1185 3346 καί
1208 3308 1263 3345 τι
1293 3289 1606 3361 θαυμαστὸν
1630 3289 1865 3345 ἐνταῦθα

1968 3299 2189 3356 quoque
2221 3299 2347 3340 eum
2379 3287 2670 3357 scripsisse
2698 3286 2776 3340 ait
2806 3287 2846 3342 ⁸.
2879 3286 3020 3342 Ante
3048 3301 3178 3341 vero
3221 3285 3274 3340 in
3319 3287 3537 3342 vincula

279 3380 747 3451 κατεργάσασθαι.
793 3384 884 3455 Τῷ
909 3380 1017 3452 γάρ
1051 3401 1131 3438 τοι
1170 3382 1363 3455 Δάμιδι
1398 3382 1543 3454 μάλα
1581 3380 1861 3453 λυπηρῶς.

278 3470 362 3535 ὡς
394 3471 461 3526 ἂν
491 3473 585 3527 ἐπὶ
625 3476 878 3547 συμφορᾷ
919 3474 1013 3531 τοῦ
1042 3475 1364 3529 διδασκάλου
1394 3475 1742 3545 διακειμένῳ,
1768 3472 1865 3526 αύ-

277 3563 521 3634 τόματον
545 3563 807 3627 ἐπιδεῖξαι
848 3563 1138 3637 λελυμένον
1181 3565 1276 3619 τοῦ
1312 3565 1512 3636 δεσμοῦ
1558 3565 1621 3619 τὸ
1649 3562 1856 3626 σκέλος·

281 3650 407 3709 εἶτα
440 3652 601 3709 πάλιν
634 3654 949 3709 ἀναλαϐόντ’
984 3656 1145 3710 αὐτὸν
1181 3656 1281 3728 τῆς
1313 3655 1510 3726 λύπης,
1538 3655 1768 3711 ἐνθεῖναι
1805 3658 1863 3719 ἐς

280 3745 345 3801 τδ
372 3748 633 3820 πρότερον
666 3749 853 3821 σχῆμα
897 3748 988 3803 τὸν
1033 3749 1186 3804 πόδα.
1218 3748 1372 3803 Μετά
1403 3748 1582 3813 τοῦτο,
1608 3749 1863 3823 κρινόμε-

282 3857 376 3893 νον
405 3841 569 3895 αὑτὸν
610 3842 704 3895 ἐπὶ
747 3841 1012 3913 βασιλέως
1045 3841 1396 3912 Δομετιανοῦ,
1427 3842 1629 3913 γράφει
1654 3838 1773 3896 εἷτα
1797 3840 1861 3912 δὴ

278 3933 391 3986 τῶν
449 3933 812 4005 ἐγκλημάτων
867 3933 1224 4005 ἀπολυθῆναι,
1277 3935 1372 3989 καὶ
1423 3934 1561 4006 μετὰ
1607 3933 1704 4005 τὴν
1751 3932 1862 3985 τῶν

279 4025 643 4097 ἐγκλημάτων
672 4026 845 4095 λύσιν,
882 4027 983 4081 οὐκ
1028 4022 1125 4081 οἷδ’
1162 4028 1311 4092 ὅπως
1344 4026 1607 4099 ἀκαίρως,
1646 4026 1738 4097 μοὶ
1778 4024 1862 4078 δο-

278 4119 389 4180 κεῖ,
411 4118 470 4170 ὲν
508 4116 589 4187 τῷ
614 4118 955 4190 δικαστηρίῳ
983 4118 1121 4174 αὐτὰ
1162 4119 1226 4191 δὴ
1265 4118 1437 4173 ταῦτα
1465 4120 1817 4192 ἀναφωνῆσαι
1840 4136 1854 4148 ·

282 4222 304 4257 ι
345 4204 464 4270 Δὸς,
497 4208 547 4259 εἰ
570 4205 750 4277 βούλει
784 4207 916 4279 (86),
941 4209 1110 4280 κάμοὶ
1146 4209 1328 4263 τόπον.
1355 4210 1418 4263 Et
1449 4208 1506 4263 δὲ
1541 4209 1637 4282 μὴ,
1671 4209 1857 4281 πέμπε

274 4296 372 4350 τὸν
404 4295 709 4369 ληψόμενόν
743 4317 845 4370 μου
873 4300 936 4353 τὸ
962 4300 1151 4372 σῶμαο
1183 4300 1286 4372 τὴν
1318 4299 1427 4371 γὰρ
1456 4300 1634 4373 ψυχὴν
1661 4300 1858 4355 ἀδύνα-

273 4405 391 4453 τον,
424 4390 626 4462 μᾶλλον
663 4390 708 4445 δ’
749 4391 858 4446 οὐδ’
887 4390 955 4446 ἂν
987 4391 1048 4445 τὸ
1090 4391 1251 4464 σῶμα
1276 4392 1478 4465 τούμὸν
1514 4392 1716 4458 λάϐοις.
1761 4412 1781 4445 ο

349 4682 435 4736 Οὐ
465 4681 575 4751 γάρ
604 4699 682 4751 με
707 4683 982 4751 κτενέεις,
1013 4685 1141 4739 ἐπεὶ
1180 4686 1346 4741 οὔτοι
1380 4687 1675 4755 μόρσιμός
1711 4687 1847 4755 ειμι.

345 4790 459 4845 Καὶ
489 4791 555 4864 δὴ
598 4792 691 4846 ἐπὶ
728 4793 901 4867 τούτῳ
932 4794 1011 4866 τῷ
1055 4796 1365 4868 περιϐοήτῳ
1411 4797 1616 4867 ῥήματι
1662 4799 1854 4865 ἀφανιε-

276 4879 471 4949 σθῆναι
494 4881 590 4935 τοῦ
620 4882 969 4955 δικαστηρίου
1005 4886 1170 4957 φησὶν
1198 4885 1382 4940 αὐτόν.
1408 4887 1517 4940 Καὶ
1538 4889 1597 4940 ὲν
1622 4887 1852 4951 τούτοις,

272 4971 332 5027 τὲ
368 4973 497 5045 περὶ
527 4974 694 5029 αὑτοῦ
725 4976 1095 5049 καταστρέφει
1117 4977 1319 5050 δρᾶμα.

1966 3390 2094 3431 eum
2123 3376 2438 3447 conjectum
2468 3383 2755 3441 memorat,
2798 3385 2961 3449 atque
2983 3378 3039 3432 in
3075 3377 3143 3434 iis
3168 3378 3334 3433 etiam
3364 3377 3538 3435 admi—

1965 3467 2141 3523 randa
2195 3466 2444 3537 quaedam
2504 3469 2848 3539 praestitisse.
2899 3464 3109 3524 Damidi
3158 3470 3303 3525 enim
3354 3470 3538 3525 animo

1966 3560 2122 3615 valde
2161 3560 2383 3625 atllicto,
2418 3568 2477 3615 ut
2509 3575 2610 3632 par
2637 3567 2757 3617 erat
2807 3560 2862 3615 in
2915 3559 3020 3616 ista
3065 3560 3417 3633 pmceptoris
3448 3561 3536 3617 sui

1966 3647 2209 3713 fortuna,
2258 3656 2453 3720 sponte
2494 3649 2630 3721 pede
2672 3647 2896 3718 delapsa
2942 3647 3157 3702 vincula
3209 3662 3335 3702 eum
3378 3661 3537 3700 mon-

1965 3748 2171 3797 strasse
2201 3740 2246 3807 ",
2282 3740 2411 3796 inde
2438 3756 2590 3807 vero,
2627 3740 2721 3796 ubi
2748 3740 2870 3812 ejus
2900 3739 3184 3796 tristitiam
3207 3745 3354 3795 esset
3384 3735 3535 3793 sola-

1966 3840 2076 3895 tus,
2114 3833 2283 3903 priori
2324 3833 2494 3889 statui
2528 3834 2718 3904 pedem
2754 3833 3088 3890 restituisse.
3118 3831 3253 3887 Post
3300 3832 3414 3885 haec
3440 3845 3535 3885 co-

1964 3939 2080 3979 ram
2115 3922 2425 3979 Domitiano
2460 3924 2789 3995 imperatore
2825 3938 3047 3980 causam
3080 3923 3373 3985 dicentem,
3404 3936 3530 3979 mox

1961 4017 2191 4073 crimine
2239 4016 2551 4073 absolutum
2598 4016 2812 4081 scribit,
2842 4014 3138 4086 dilutisque
3169 4030 3290 4086 qua:
3317 4013 3531 4084 objecta

1964 4106 2179 4162 fuerant
2208 4107 2555 4171 criminibus,
2586 4107 2774 4162 nescio
2807 4105 3079 4177 quomodo
3107 4120 3296 4177 parum
3332 4120 3530 4176 oppor-

1962 4208 2093 4255 tune
2124 4200 2431 4271 sequentia,
2482 4199 2619 4270 ipsis
2669 4197 2870 4261 verbis,
2918 4197 2972 4251 in
3013 4196 3307 4273 dicasterio
3334 4210 3530 4267 magno

1960 4294 2199 4349 clamore
2223 4293 2515 4363 protulisse
2535 4293 2557 4323 ⁸
2594 4311 2607 4347 :
2651 4309 2669 4342 ι
2706 4289 2815 4345 Fac
2839 4295 2894 4346 et
2917 4290 3050 4345 mihi
3074 4286 3318 4363 [dicenti]
3343 4303 3528 4359 quaeso

1959 4385 2162 4438 locum.
2222 4381 2318 4437 Sin
2371 4383 2576 4444 minus,
2636 4381 2867 4437 immitte
2922 4380 3017 4451 qui
3072 4393 3275 4451 corpus
3325 4376 3529 4433 vinciat

1957 4490 2179 4542 meum;
2236 4473 2681 4545 quandoquidem
2726 4472 2885 4544 ligari
2929 4470 3111 4526 anima
3155 4469 3365 4540 nequit.
3413 4455 3559 4524 lnio.

1890 4578 1935 4633 Ι)
1963 4567 2145 4639 potius
2168 4582 2236 4623 ne
2263 4581 2464 4638 corpus
2493 4565 2711 4638 quidem
2738 4579 2919 4621 meum
2948 4564 3179 4620 vincias.
3227 4580 3246 4617 ι

1960 4678 2074 4735 Nec
2103 4696 2184 4734 me
2210 4680 2350 4735 enim
2394 4679 2621 4744 occides,
2673 4677 2865 4734 Parcis
2898 4694 2978 4733 me
3010 4676 3220 4747 auferre
3261 4686 3522 4747 negatum.

1957 4794 2205 4866 Dumque
2245 4795 2390 4852 istud
2419 4804 2528 4852 tam
2565 4796 2780 4852 celebre
2804 4794 3008 4850 dictum
3041 4792 3329 4864 proferret,
3369 4767 3548 4861 536‘

1957 4904 1988 4943 e
2012 4888 2312 4944 dicasterio
2341 4904 2467 4944 eum
2499 4888 2837 4961 diSparuisse
2863 4885 2961 4940 ait.
2992 4884 3169 4956 Atque
3188 4883 3305 4940 haec
3326 4891 3410 4940 est
3446 4882 3526 4937 l‘a-

1961 4978 2107 5035 bulae
2132 4980 2254 5050 ejus
2281 4979 2648 5050 catastrophe.

347 5127 369 5159 ³
409 5127 503 5204 lib.
537 5140 654 5189 vn,
689 5125 861 5204 c._I4.
940 5126 961 5158 ⁸
993 5127 1197 5204 lib.___vu
1220 5170 1235 5193 ,
1271 5144 1323 5184 c.
1358 5128 1445 5183 I6.
1481 5199 1500 5204 Α
1522 5131 1545 5163 ⁸
1584 5129 1816 5204 Ιὶδψιι,
1848 5149 1902 5189 c.
1935 5134 2047 5195 20;
2084 5132 2221 5188 adde
2250 5149 2302 5189 e.
2335 5136 2421 5189 II.
2453 5142 2509 5190 et
2538 5135 2635 5190 lib.
2670 5151 2803 5201 vm,
2838 5132 2889 5191 c.
2922 5133 2992 5199 5,
3024 5148 3186 5204 quem
3222 5131 3402 5188 locum
3431 5129 3521 5185 hic

206 5244 210 5247 .
273 5198 515 5253 maxime
564 5197 764 5268 respici
797 5204 950 5267 pulo.
1027 5199 1048 5229 ⁶
1086 5198 1180 5253 lib.
1219 5214 1355 5263 vnn,
1386 5214 1441 5255 c.
1471 5199 1525 5255 6.
1599 5209 1622 5242 ν
1664 5202 1761 5260 lib.
1795 5221 1904 5267 vu,
1940 5220 1989 5259 c.
2026 5205 2116 5260 59.
2195 5205 2217 5236 ⁸
2258 5205 2352 5259 lib.
2387 5220 2523 5270 vut,
2560 5221 2610 5260 c.
2649 5206 2702 5260 5.

1945 5328 2142 5378 strato.

2020 5391 2132 5460 (85)
2174 5391 2314 5445 Τίνι.
2358 5389 2556 5461 Notum
2587 5397 2671 5444 est
2695 5389 2840 5461 apud
2862 5389 3079 5461 Graecos
3104 5388 3311 5461 pariter
3328 5402 3393 5442 ac
3413 5385 3519 5461 La.

1946 5457 2094 5516 tinos
2114 5461 2300 5531 dativo
2317 5457 2862 5531 exprimipersoham
2880 5460 2947 5531 in
2978 5457 3139 5528 cujus
3161 5459 3390 5531 gratiam
3411 5458 3518 5531 _ali~

1948 5531 2080 5602 quid
2110 5533 2187 5586 tit.
2222 5527 2512 5602 Nempein
2543 5527 2733 5602 Nervae
2752 5528 2982 5602 gratiam
3014 5527 3377 5602 abominanda
3410 5528 3516 5582 ista

1949 5598 2108 5657 sacra
2160 5598 2379 5670 peracta
2431 5599 2604 5655 fuisse
2654 5598 2995 5655 Domitianus
3025 5598 3438 5670 suspicabatur,
3458 5603 3519 5670 ut

1948 5687 2017 5727 ex
2047 5666 2363 5726 Philostrati
2405 5670 2712 5725 clarissime
2750 5677 2967 5725 constat
3002 5666 3249 5726 historia.
3281 5666 3390 5724 Sed
3426 5666 3516 5723 hic

1948 5751 2129 5842 tamep
2158 5742 2323 5842 etiam
2350 5739 2608 5796 Acciolus
2640 5741 2882 5811 impegit.
2913 5738 3017 5795 Ubi
3048 5755 3179 5797 vero
3201 5754 3312 5795 non
3344 5738 3515 5813 impe-

1985 5812 2024 5864 it
2051 5812 2185 5865 iste?

1947 5828 2397 5951 “(eaeeae/tet.
2437 5881 2721 5951 Philostr.,
2756 5882 2974 5954 βούλοιο.

347 5312 460 5444 (ἓὲ)
500 5314 629 5401 ςΑτε
649 5313 745 5380 δή.
786 5315 1072 5399 omittitur
1097 5315 1160 5388 δή
1191 5315 1333 5386 apud
1360 5314 1768 5401 Philostratum.

446 5388 461 5444 )
517 5383 656 5438 Ηδε.
702 5386 936 5442 Οιηηιιιο
959 5387 1248 5444 legendum
1276 5386 1369 5444 ἥδε
1398 5403 1462 5442 ex
1488 5387 1768 5444 Philostrat

369 5382 461 5454 82)
500 5383 936 5458 Ἦδεείοιηηίιιο
959 5382 1248 5458 legendum
1276 5386 1369 5458 ἥδε
1398 5403 1462 5442 ex
1488 5387 1842 5453 Philostrato.

273 5454 783 5536 referturqueillud
811 5454 1100 5536 ﬁdead'ea
1138 5473 1259 5528 quae
1292 5454 1669 5536 praecedebant
1702 5461 1847 5536 apud

274 5529 441 5598 istum
477 5529 823 5598 scriptorem,
845 5529 1048 5598 quibus
1076 5542 1255 5585 causae
1283 5530 1477 5584 mutati
1505 5544 1539 5584 a
1565 5531 1718 5586 Dami
1739 5529 1848 5586 “ba-

274 5593 424 5648 bitus
455 5593 896 5655 continebantur.

351 5664 458 5734 (85)
508 5665 601 5730 Ὠς
618 5667 824 5725 κακίω.
862 5667 1049 5724 Lectio
1081 5667 1383 5725 indubitate
1420 5684 1562 5733 vera,
1595 5678 1656 5724 nt
1692 5685 1847 5727 naevo

275 5733 527 5807 iaborent
573 5735 708 5807 editi
739 5740 854 5807 qui.
887 5739 1093 5793 omisso
1119 5738 1215 5803 ὡς,
1245 5740 1445 5795 habent
1473 5740 1693 5806 κακίας.
1726 5740 1843 5796 Me-

274 5803 467 5860 liorem
496 5803 783 5861 lectioneni
810 5824 876 5864 ex
911 5807 1242 5864 Philostrato
1268 5803 1663 5867 revocavimus.

350 5872 462 5947 (84)
500 5876 679 5963 Λύτό.
720 5876 1027 5936 Pronomen
1074 5879 1177 5935 hoc
1225 5879 1534 5937 addidimus
1560 5897 1629 5939 ex
1658 5881 1841 5938 Philo-
