4054 6408
519 324 618 381 851

1055 434 1287 491 CAPUT
1326 435 1566 492 XXXIX.

594 547 851 606 Historia:
880 555 1060 602 autem
1097 547 1273 619 ipsius
1309 550 1569 620 scriptor,
1601 549 1729 603 dum
1763 548 2087 604 miraculum

518 641 571 696 in
622 655 846 696 carcere
896 647 1171 710 patratum
1216 642 1473 713 exponit,
1519 642 1664 711 quod
1697 640 1824 695 fuco
1855 640 2087 711 phanta-

521 734 652 798 siae,
686 740 745 786 ut
777 731 1002 789 credere
1032 748 1132 803 par
1162 745 1277 800 est,
1322 733 1502 799 facto,
1541 734 1827 790 familiaris
1860 732 2088 804 spiritus

517 840 620 895 ope
650 824 836 881 Darnis
870 826 1112 891 viderat,
1144 826 1259 882 haec
1288 828 1456 883 verba
1487 828 1769 898 subjungit
1799 828 1818 858 °
1851 842 1864 877 :
1894 844 1912 877 ι
1947 824 2087 880 Tum

519 915 753 985 primum
796 915 983 971 Damis
1025 916 1100 970 ait
1142 924 1396 973 naturam
1439 916 1709 988 Apollonii
1771 915 2087 971 accuratius

517 1007 907 1076 perspexisse,
951 1006 1135 1062 divina
1178 1007 1327 1077 quod
1375 1008 1482 1072 sit,
1518 1016 1573 1064 et
1606 1008 1843 1062 humana
1888 1006 2083 1077 major.

523 1093 710 1165 Neque
752 1096 896 1150 enim
941 1110 1099 1152 sacra
1142 1096 1253 1150 ulla
1298 1098 1589 1151 obeuntem
1675 1094 1799 1166 (qui
1842 1093 1987 1149 enim
2030 1093 2086 1146 in

520 1202 746 1242 carcere
798 1187 1183 1259 potuisset?),
1210 1202 1387 1256 neque
1433 1187 1840 1257 precationibus
1889 1201 2082 1251 usum,

516 1295 691 1350 neque
742 1280 969 1334 verbum
1021 1277 1389 1350 proferentem
1435 1278 1642 1342 ullum,
1686 1277 1907 1347 pedicas
1952 1292 2088 1331 con-

516 1374 744 1442 temptui
787 1371 1091 1428 habuisse:
1138 1385 1445 1441 rursusque
1488 1384 1651 1425 crure
1687 1369 1796 1423 illis
1825 1369 2074 1432 inserto,

515 1470 576 1514 ιιι
621 1460 856 1515 vinculis
898 1459 992 1530 qui
1029 1467 1174 1515 esset
1208 1459 1543 1514 constrictus
1564 1500 1578 1521 ,
1612 1473 1735 1513 sese
1765 1456 2021 1528 gessisse.
2058 1473 2077 1507 ι

516 1549 628 1619 Ego
686 1566 816 1606 vero
867 1549 1000 1607 vitio
1057 1557 1266 1605 vertere
1313 1548 1532 1618 quidem
1587 1547 1859 1617 discipulo
1914 1545 2083 1600 nolim

515 1641 824 1697 tarditatem
873 1657 1063 1708 suam,
1111 1641 1256 1711 quod
1290 1655 1450 1694 omne
1480 1655 1604 1694 cum
1644 1655 1711 1694 eo
1754 1653 2083 1693 consumens

513 1749 717 1797 aevum,
747 1741 800 1789 et
831 1733 1338 1803 superstitiosorum
1369 1731 1733 1802 quorumdam
1766 1729 1968 1783 rituum
1997 1728 2081 1781 in-

1155 317 1420 376 EUSEBII
1452 317 1929 376 CESARIENSIS
1961 317 2114 375 OPP.
2149 314 2331 372 PARS
2367 316 2435 373 li.
2472 348 2546 360 -—
2581 316 3082 375 APOLOGETICA.
3624 324 3706 380 832

2121 443 2169 496 A

2705 437 3104 491 ΚΕΦΑΛΑΙΟΝ
3139 436 3264 491 ΛΘ’.

2274 550 2331 603 Ὁ
2362 549 2460 620 μὲν
2488 545 2580 603 οὖν
2620 552 2964 620 συγγραφεὺς
2986 550 3079 603 ἐπὶ
3110 550 3204 604 τοῦ
3238 550 3376 604 κατά
3400 550 3457 603 τὸ
3477 551 3714 626 δεσμωτή-

2192 659 2306 714 ριον
2331 642 2625 713 θαύματος,
2660 641 2801 696 κατὰ
2834 643 3161 711 φαντασίαν,
3188 643 3263 706 ὡς
3287 643 3475 708 ἔοικεν,
3514 644 3604 697 ὑπὸ
3633 648 3714 698 τοῦ

2192 732 2459 805 παρέδρου
2486 733 2739 804 δαίμονος
2781 732 2859 804 τῷ
2898 732 3091 804 Δάμιδι
3129 734 3477 805 ἑωραμένον,
3501 736 3711 807 ἐπιφέρει

2188 823 2389 893 λέγων·
2417 843 2435 874 ι
2464 824 2597 877 Τότε
2642 823 2857 895 πρῶτον
2886 825 2914 876 ὁ
2943 825 3117 894 Δάμις
3155 824 3317 893 φησιν
3355 824 3577 896 ἀκριϐῶς
3616 824 3712 890 ξυν-

2186 922 2325 971 εῖναι
2363 919 2461 988 τῆς
2495 916 2848 970 Ἀπολλωνίου
2892 916 3133 986 φύσεως,
3180 917 3261 968 ὅτι
3302 915 3418 968 θεία
3447 934 3501 969 τε
3537 916 3611 987 εἴη
3636 918 3714 969 καὶ

2189 1011 2449 1082 κρείττων
2479 1009 2784 1082 ἀνθρώπου.
2817 1009 2902 1081 Μὴ
2928 1010 3035 1080 γὰρ
3077 1007 3316 1062 θύσαντά
3362 1025 3414 1060 τι
3452 1007 3549 1077 (87)
3594 1008 3716 1077 (πῶς

2188 1102 2297 1172 γὰρ
2320 1104 2376 1153 ἐν
2404 1101 2757 1173 δεσμωτηρίῳ
2776 1100 2837 1171 ;),
2869 1100 3001 1172 μηδὲ
3034 1099 3355 1170 εὐξάμενον,
3381 1099 3507 1169 μηδὲ
3527 1098 3715 1151 εἰπόντα

2188 1210 2259 1259 τι,
2288 1192 2653 1262 καταγελάσαι
2677 1192 2771 1244 τοῦ
2810 1190 3008 1262 δεσμοῦ
3030 1230 3045 1254 ,
3079 1192 3173 1244 καὶ
3206 1190 3567 1262 ὲναρμόσαντα
3592 1188 3718 1259 αὐτῷ

2185 1284 2245 1337 τὸ
2274 1283 2465 1347 σκέλος
2495 1282 2565 1337 τά
2599 1282 2692 1336 τοῦ
2737 1282 3014 1352 δεδεμένου
3045 1282 3323 1354 πράττειν.
3354 1299 3372 1331 ι
3412 1279 3542 1348 Ἐγὼ
3569 1280 3619 1334 δὲ
3639 1279 3711 1333 05-

2187 1375 2304 1426 ποτ’
2331 1373 2395 1427 ἂν
2429 1372 2756 1444 καταγνοίην
2800 1371 3103 1443 βραδύτητα
3132 1369 3227 1423 τοῦ
3274 1369 3541 1441 φοιτητοῦ,
3566 1370 3607 1422 si
3643 1367 3719 1422 τὸν

2187 1466 2365 1517 πάντα
2404 1463 2518 1534 βίον
2567 1463 2737 1517 συνὼν
2771 1462 2950 1533 αύτῷ,
2991 1463 3083 1515 καὶ
3123 1461 3211 1515 διά
3253 1478 3414 1513 τινων
3450 1460 3718 1531 περιέργων

2184 1554 2324 1627 ὁρῶν
2353 1556 2514 1609 αὐτὸν
2552 1555 2914 1609 ἀποτελοῦντα
2942 1554 3009 1607 τά
3052 1550 3348 1625 παράδοξα,
3382 1552 3525 1605 οὐδέν
3556 1570 3601 1604 τι
3629 1551 3722 1604 δια-

2187 1644 2371 1715 φέρειν
2425 1645 2589 1699 αὐτὸν
2624 1647 2806 1716 ἡγεῖτο
2835 1646 2932 1715 τῆς
2973 1644 3171 1715 θνητῆς
3216 1643 3444 1713 φύσεως.
3495 1641 3620 1693 Ἀλλ’
3655 1640 3722 1695 ἔτι

2188 1736 2282 1790 καὶ
2310 1735 2404 1790 νῦν
2435 1736 2571 1807 μετά
2605 1736 2872 1807 τοσαύτην
2901 1735 3343 1808 θαυματουργίαν
3367 1734 3436 1786 τὰ
3457 1735 3567 1786 κατ’
3590 1733 3723 1785 αὑτὸν

517 1832 764 1880 terventu
805 1826 1076 1880 mirabilia
1109 1840 1233 1880 eum
1274 1833 1490 1895 patrare
1524 1822 1716 1877 videns
1737 1860 1752 1884 ,
1789 1820 1925 1875 nihil
1957 1836 2078 1875 eum

2184 1826 2399 1894 ἀγνοεῖ·
2435 1789 2665 1891 εἰκότως
2690 1789 2745 1880 δὲ
2784 1789 3128 1897 ἀγωνιᾷικαὶ
3167 1789 3304 1879 δέδιε
3318 1789 3463 1895 *(88),
3502 1826 3571 1887 ὡς
3607 1822 3723 1893 ὑπέρ

513 1917 728 1973 mortali
763 1926 1024 1987 praestare
1051 1925 1248 1971 natura
1287 1915 1635 1971 existimarit.
1667 1917 1735 1968 At
1762 1929 1891 1968 vero
1920 1913 2082 1967 etiam

513 2018 636 2080 post
690 2018 898 2065 tantum
947 2026 1086 2081 opus
1129 2017 1441 2079 patratum,
1488 2008 1669 2077 qualis
1714 2007 1804 2061 ille
1849 2007 2079 2068 existat,

512 2102 766 2174 ignorat:
797 2111 887 2167 et,
933 2115 990 2158 ut
1035 2103 1117 2158 fas
1166 2103 1237 2158 sit
1284 2100 1589 2173 ignoranti,
1620 2101 1691 2155 oh
1722 2101 1898 2170 ipsum
1931 2098 2085 2169 angi-

512 2205 621 2259 tur.
652 2206 813 2269 atque
838 2200 1027 2267 timet,
1054 2198 1281 2269 perinde
1309 2212 1372 2250 ac
1402 2197 1447 2252 si
1477 2199 1640 2250 homo
1667 2195 1738 2249 sit
1768 2192 1949 2248 nudus
1970 2233 1984 2256 ,
2015 2207 2083 2246 ne

511 2291 638 2361 quid
668 2292 753 2355 ei,
783 2290 927 2361 quod
958 2290 1185 2345 minime
1210 2288 1375 2355 velit,
1407 2287 1645 2343 eveniat.
1676 2283 1850 2339 Porro
1875 2285 1923 2341 si
1959 2290 2083 2351 post

513 2385 724 2453 longam
761 2381 896 2436 adeo
926 2378 1402 2451 cpnversationem
1431 2377 1648 2431 demum
1680 2375 1924 2430 divinum
1956 2388 2079 2428 eum

508 2488 631 2529 esse
651 2514 666 2536 ,
695 2477 750 2527 et
777 2471 1212 2534 exeellenlioris,
1245 2484 1407 2540 quam
1441 2469 1677 2522 humana
1705 2466 1809 2530 sit,
1843 2464 2042 2519 indolis
2062 2502 2076 2528 ,

510 2564 776 2619 intellexit
802 2581 816 2629 ;
850 2562 968 2633 ejus
1000 2563 1079 2617 rei
1109 2562 1247 2617 ratio
1275 2568 1516 2616 meretur
1544 2557 1884 2622 examinari,
1916 2571 2079 2627 quam

510 2660 626 2726 ipse
676 2655 913 2724 scriptor
966 2655 1055 2709 ille
1109 2652 1319 2707 indicat
1370 2653 1559 2708 dicens
1590 2671 1604 2707 :
1636 2670 1653 2702 ι
1687 2648 1872 2719 Neque
1924 2661 2080 2701 sacra

507 2751 798 2804 obeuntem
840 2763 964 2803 eum
1014 2747 1160 2809 ulla,
1206 2761 1383 2816 neque
1423 2742 1835 2815 precationibus
1877 2754 2034 2795 usum
2059 2777 2076 2802 ,

509 2856 684 2912 neque
721 2840 909 2895 arcani
947 2838 1242 2910 quidquam
1281 2839 1658 2894 mussitantem
1690 2856 1709 2886 ι
1738 2834 1930 2889 Damin
1969 2832 2072 2886 mi-

509 2934 753 2989 raculum
787 2933 931 2989 istud
968 2944 1184 3004 patrare
1212 2932 1436 2987 vidisse.
1466 2930 1636 2984 Antea
1669 2929 1833 2998 igitur
1865 2934 2077 2996 patrata

509 3042 608 3098 per
648 3027 889 3098 magicas
935 3033 1083 3082 artes
1125 3024 1390 3094 quasdam
1430 3023 1499 3076 ab
1536 3021 1825 3092 Apollonio
1854 3027 2075 3089 peracta

508 3121 690 3184 fuere,
725 3129 1127 3192 proptereaque
1167 3131 1348 3185 neque
1388 3115 1736 3183 obstupuissc
1763 3129 1859 3174 ea,
1896 3127 2074 3181 neque
2103 3138 2147 3200 ο

507 3214 835 3272 admiratum
866 3225 988 3265 esse
1016 3208 1209 3262 Damin
1240 3205 1386 3279 [ait].
1434 3205 1625 3260 Merito
1657 3213 1836 3258 autem
1870 3201 1953 3274 [ut
1982 3202 2074 3255 ad-

507 3301 821 3377 miraretur]
854 3317 997 3356 nunc
1025 3299 1258 3371 primum
1293 3300 1342 3354 ei
1373 3297 1589 3362 evenit,
1618 3294 1763 3365 quod
1790 3294 2072 3349 insolitum

507 3393 638 3461 quid
689 3393 757 3446 ah
800 3391 1089 3462 Apollonio
1138 3398 1192 3445 et
1241 3397 1441 3460 prazter
1485 3403 1693 3442 morem
1743 3385 2068 3441 efﬁceretur.

507 3485 661 3550 Quod
710 3492 889 3540 autem
925 3482 1237 3556 [objectum
1270 3479 1519 3555 Damidi]
1554 3478 1758 3550 pedica:
1785 3485 2075 3548 spectacu-

508 3579 616 3630 lum
666 3576 894 3638 attinet,
939 3574 1362 3643 discessumque
1402 3587 1469 3627 ex
1516 3570 1844 3631 dicasterio,
1894 3567 2072 3636 ipsius

504 3683 569 3719 ea
606 3669 673 3721 de
713 3681 772 3720 re
807 3663 1078 3736 Apollonii
1116 3663 1180 3718 ad
1214 3663 1579 3717 Domitianum
1611 3674 1893 3716 sermones
1923 3657 2072 3712 haud

508 3757 710 3811 invitus
740 3770 1029 3827 apponam.
1060 3751 1311 3809 Vinculis
1355 3753 1501 3808 enim
1550 3767 1676 3807 cum
1728 3750 1879 3805 illum
1913 3748 2070 3819 ligari

504 3852 797 3919 imperator
820 3846 1110 3916 jussissct,
1141 3845 1347 3917 optimo
1377 3842 1796 3912 argumentandi
1824 3857 1966 3896 nexu
1997 3842 2072 3895 ita

505 3940 823 4011 Apollonius
845 3946 1132 4008 argutatus
1178 3937 1280 3992 fuit
1312 3938 1394 3992 “’z
1429 3955 1448 3988 ι
1481 3935 1538 3991 Si
1584 3951 1801 4006 magum
1832 3951 1918 3989 me
1949 3949 2072 3989 esse

502 4033 824 4099 arbitraris,
875 4045 1112 4101 quanam
1165 4032 1376 4085 ratione
1424 4027 1679 4083 vincies?
1719 4025 1815 4082 Sin
1863 4027 2072 4080 vincire

502 4142 587 4181 me
617 4128 820 4198 poteris
840 4166 855 4190 ,
886 4124 1159 4197 quomodo
1201 4138 1323 4179 esse
1366 4137 1583 4192 magum
1624 4118 1884 4191 putabis?
1914 4138 1931 4168 ι
1964 4116 2070 4171 Sed

500 4233 773 4288 opponere
813 4218 918 4288 ipsi
953 4218 1056 4272 hoc
1101 4216 1261 4271 modo
1293 4213 1493 4283 aliquis
1534 4221 1738 4282 posset,
1784 4209 2070 4265 occasione

498 4326 562 4363 ex
593 4310 713 4366 istis
737 4317 958 4381 accepta
985 4330 998 4365 :
1031 4307 1089 4363 Si
1121 4316 1181 4362 tu
1210 4321 1400 4378 magus
1426 4319 1533 4358 non
1563 4320 1641 4367 es,
1671 4302 1945 4373 quomodo
1971 4300 2068 4355 tibi

498 4413 628 4451 crus
654 4409 738 4454 est
764 4398 1003 4453 solutum
1026 4397 1049 4451 ?
1070 4397 1138 4450 At
1170 4396 1216 4452 si
1246 4396 1483 4451 solutum
1509 4403 1623 4457 est,
1657 4392 1931 4463 quomodo
1960 4406 2069 4445 non

496 4507 558 4546 es
584 4491 815 4563 magus?
843 4490 1011 4560 Sique
1033 4490 1170 4547 adeo
1195 4505 1261 4545 eo
1287 4487 1431 4559 quod
1460 4488 1513 4543 in
1543 4487 1756 4541 vincula
1785 4501 1843 4541 se
1868 4483 2069 4554 conjici

2182 1917 2491 1989 ἀνθρώπου,
2530 1921 2601 1991 μή
2638 1937 2689 1973 τι
2737 1920 2898 1973 πάθοι
2944 1919 3095 1991 παρά
3137 1918 3473 1990 προαίρεσιν.
3500 1917 3558 1970 El
3588 1915 3637 1969 δὲ
3672 1913 3725 1986 δὴ

2183 2009 2396 2080 πρῶτον
2426 2011 2548 2080 ἄρτι
2587 2010 2726 2081 μετά
2767 2011 2867 2080 τὴν
2898 2006 3167 2079 τοσαύτην
3206 2008 3483 2079 διατριϐὴν
3506 2047 3520 2069 ,
3560 2008 3631 2060 ὅτι
3671 2004 3724 2075 δὴ

2183 2097 2324 2161 θεῖος
2349 2098 2433 2168 εἴη
2477 2099 2570 2151 καὶ
2617 2100 2926 2170 κρείττονος
2956 2099 3241 2171 ἀνθρώπου
3278 2099 3511 2167 φύσεως,
3545 2096 3725 2166 ξυνίησι

2178 2191 2276 2262 τὴν
2302 2192 2490 2245 τούτου
2514 2193 2739 2258 ξυνιδεῖν
2765 2192 2912 2258 ἄξιον
2948 2195 3149 2257 αἰτίαν,
3174 2197 3238 2266 ἣν
3268 2196 3427 2258 αὐτὸς
3462 2197 3489 2248 ό
3522 2209 3727 2263 συγγρα-

2181 2287 2315 2354 φεὺς
2338 2286 2489 2357 δηλοῖ
2516 2287 2718 2355 λέγων’
2754 2307 2772 2338 ι
2798 2286 2888 2358 Μὴ
2923 2287 3030 2360 γὰρ
3061 2287 3297 2343 θύσαντά
3321 2306 3398 2351 τι,
3430 2288 3556 2359 μηδὲ
3589 2287 3729 2339 ἑπευ-

2180 2376 2440 2447 ξάμενον,
2492 2376 2625 2448 μηδέ
2670 2396 2723 2431 τι
2770 2379 2877 2432 τῶν
2924 2379 3249 2451 ἀπορρήτων
3294 2380 3577 2452 εἰῃκὸτα,
3620 2396 3636 2429 ι
3677 2376 3761 2427 τὸ.

2180 2470 2478 2541 παράδοξον
2512 2472 2641 2525 ἰδεῖν
2665 2472 2828 2528 αὑτὸν
2869 2475 3226 2545 πεποιηκότα.
3270 2473 3480 2527 Οὐκοῦν
3518 2471 3583 2525 τὰ
3619 2467 3730 2541 πρὸ-

2177 2578 2333 2633 τερον
2355 2561 2442 2615 διά
2484 2564 2779 2635 περιέργου
2815 2564 3062 2635 μηχανῆς
3086 2564 3320 2618 ἐτελεῖτο
3344 2565 3424 2636 τῷ
3458 2563 3629 2635 ἀνδρί·
3665 2560 3731 2613 διὸ

2182 2652 2317 2724 μηδὲ
2345 2653 2817 2724 καταπλήττεσθαι
2852 2653 2990 2707 αύτά
3024 2655 3160 2725 μηδὲ
3197 2654 3499 2726 θαυμάζειν
3532 2654 3615 2707 τὸν
3645 2649 3732 2704 Δά-

2182 2762 2295 2815 μιν.
2319 2746 2558 2809 Εἰκότως
2585 2746 2639 2798 δὲ
2662 2746 2757 2800 νῦν
2781 2746 2938 2799 τοῦτο
2960 2746 3176 2818 πρῶτον
3200 2746 3575 2810 πέπονθενμῦς
3601 2745 3731 2809 ξένον

2176 2834 2319 2897 τινὸς
2333 2834 2425 2886 ὑπ’
2439 2835 2602 2887 αὑτοῦ
2626 2836 2773 2907 παρά
2789 2836 2855 2888 τά
2878 2836 3079 2908 συνήθη
3101 2832 3731 2909 διαπεπραγμένουᾟρός

2176 2925 2236 2978 τὸ
2254 2926 2460 2997 δειχθὲν
2486 2927 2541 2980 δὲ
2556 2927 2650 2979 τοῦ
2672 2928 2871 2999 δεσμοῦ
2896 2930 3106 2999 φάσμα,
3124 2931 3218 2983 καὶ
3238 2930 3338 3001 τὴν
3363 2930 3471 2983 ἀπὸ
3489 2925 3578 2981 τοῦ
3602 2926 3733 2980 δικα-

2181 3035 2277 3090 στη
2287 3020 2400 3089 ρίου
2429 3020 2796 3093 ἀναχώρησιν,
2828 3023 2927 3085 τὰς
2954 3022 3091 3093 πρὸς
3123 3022 3451 3094 Δομετιανὸν
3477 3018 3628 3074 αὑτοῦ
3652 3012 3731 3069 τού

2192 3110 2544 3165 Ἀπολλωνίου
2570 3113 2752 3181 φωνὰς
2780 3112 3130 3185 παραθείμην
3174 3105 3258 3169 ἄν.
3297 3115 3527 3184 Δεσμοῖς
3566 3110 3734 3180 γάρτοι

2182 3203 2342 3256 αὑτὸν
2364 3204 2730 3275 παραδοθῆναι
2763 3206 3164 3277 προστάξαντος
3203 3204 3490 3276 βασιλέως.
3528 3203 3656 3256 πάνυ
3679 3215 3734 3267 γε

2182 3294 2487 3357 ἀκολούθως
2512 3296 2541 3347 ό
2574 3296 2926 3360 Ἀπολλώνιος
2954 3296 3333 3366 συνελογίσατο
3354 3295 3453 3348 ὡδί
3481 3311 3594 3357 πως
3614 3309 3628 3323 ο
3648 3312 3663 3342 ι
3683 3290 3735 3344 Εἰ

2184 3387 2283 3459 μὲν
2306 3387 2478 3458 γόητά
2505 3405 2571 3458 με
2612 3391 2741 3460 ἡγῇ,
2786 3389 2902 3454 πῶς
2939 3391 3156 3462 δήσειςς
3197 3389 3244 3441 εξ
3283 3388 3342 3441 δὲ
3384 3388 3591 3460 δήσεις,
3635 3381 3736 3443 πῶς

2180 3480 2352 3551 γόητα
2395 3478 2532 3534 εἶναι
2577 3484 2801 3554 (pacate;
2836 3502 2854 3535 ι
2912 3481 3280 3554 Ἀντικρούσει
3309 3479 3445 3549 γοῦν
3493 3475 3635 3547 αὐτῷ
3668 3490 3738 3533 τις

2179 3571 2277 3625 ὡδί
2323 3589 2458 3638 πως,
2500 3574 2566 3627 ἐκ
2596 3573 2801 3627 τούτων
2847 3573 3192 3645 ὁρμώμενος·
3244 3573 3307 3625 Ei
3351 3573 3450 3642 μὲν
3492 3570 3554 3621 οὐ
3601 3563 3736 3634 γόης.

2182 3660 2300 3723 πῶς
2331 3660 2546 3715 λέλυταί
2590 3679 2685 3717 σου
2718 3664 2780 3716 τὸ
2809 3662 3032 3728 σκέλος;
3073 3663 3121 3714 εί
3147 3662 3204 3714 δὲ
3247 3660 3502 3721 λέλυται,
3543 3655 3652 3717 πῶς
3685 3652 3741 3704 ού

2180 3752 2339 3825 γόης;
2382 3755 2491 3808 Καὶ
2529 3757 2577 3808 εί
2612 3755 2689 3827 τῷ
2715 3755 3005 3827 ὑπομεῖναι
3044 3753 3135 3807 τὸν
3163 3753 3360 3823 δεσμὸν
3396 3751 3459 3805 οὐ
3495 3748 3640 3820 γόης.
3671 3741 3739 3811 τῷ

2184 3844 2258 3916 μὴ
2304 3846 2629 3915 ὑπομεῖναι,
2664 3847 2783 3900 κατ’
2818 3847 3010 3911 αὐτὸν,
3070 3845 3420 3917 ὡμολόγηται
3455 3844 3606 3915 γόης.
3645 3839 3740 3892 Καὶ

2179 3932 2245 3989 αὖ
2290 3936 2489 4002 πάλιν,
2538 3940 2586 3992 εί
2636 3939 2939 4010 ὑπομείνας
2998 3938 3059 3991 τὸ
3095 3938 3448 4009 δικαστήριον
3500 3936 3559 3989 οὐ
3604 3932 3737 4002 γόης,

2177 4027 2256 4099 τῷ
2280 4028 2335 4080 δὲ
2362 4028 2644 4099 διαδρᾶναι
2670 4028 2847 4092 τοῦτο,
2874 4031 2967 4083 καὶ
3001 4031 3128 4094 τοὺς
3156 4030 3292 4099 ἀμφ’
3317 4028 3488 4082 αὐτὸν
3517 4022 3739 4099 βασιλέα,

2177 4118 2319 4185 λέγω
2347 4119 2441 4172 καὶ
2474 4121 2600 4182 τοὺς
2636 4120 2694 4172 ὲν
2719 4118 2904 4189 κύκλῳ
2940 4116 3298 4189 δορυφόρους,
3342 4114 3534 4186 σαφῶς
3570 4107 3741 4165 ἐναπὲ-

2177 4228 2345 4282 φηνεν
2379 4211 2514 4282 (δι’)
2545 4211 2574 4263 ό
2594 4211 2744 4282 γόης.
2767 4210 2947 4273 Ὅθεν,
2992 4213 3082 4281 μοι
3103 4208 3266 4270 δοκῶ,
3293 4203 3696 4280 συνῃσθημένος
3716 4200 3743 4251 ὁ

2174 4303 2349 4372 λόγος,
2380 4303 2672 4375 θεραπεύει
2710 4305 2771 4357 τὸ
2799 4306 3051 4374 γεγονὸς,
3080 4305 3157 4367 ὡς
3188 4302 3252 4374 δὴ
3276 4302 3407 4355 ἄνευ
3436 4297 3638 4354 θυσιῶν
3660 4292 3741 4347 καὶ

2175 4395 2400 4466 ἐπῳδῶν
2420 4396 2640 4468 ἀρρήτῳ
2668 4398 2776 4450 τινὶ
2809 4398 2901 4451 καὶ
2930 4398 3067 4470 ὑπὲρ
3085 4396 3370 4467 ἄνθρωπον
3403 4394 3628 4464 δυνάμει
3658 4382 3742 4442 τοῦ

2175 4485 2477 4558 παραδόξου
2502 4487 2818 4557 πεφηνότος.

498 4585 572 4640 sit
616 4601 837 4656 passus,
882 4600 1073 4657 magus
1115 4599 1224 4640 non
1267 4597 1392 4638 esse
1433 4581 1723 4643 evincitur,
1749 4573 1905 4646 537
1932 4585 2033 4633 hoc
2072 4577 2192 4648 ipso
2228 4581 2373 4650 quod
2412 4581 2628 4635 vincula
2676 4584 2863 4645 exuit,
2907 4598 3122 4653 magum
3169 4599 3292 4638 eum
3322 4581 3553 4653 proprio
3598 4574 3744 4633 οὕπιιο

495 4695 648 4746 esse,
683 4680 739 4736 in
768 4678 1026 4736 confesso
1053 4680 1178 4735 erit.
1213 4678 1278 4732 Et
1305 4678 1547 4734 vicissim
1571 4717 1585 4741 ,
1617 4677 1662 4732 si
1691 4691 1755 4730 ex
1786 4690 1872 4740 eo,
1905 4674 2051 4745 quod
2085 4676 2295 4744 judicio
2321 4693 2381 4733 se
2423 4677 2708 4742 submisit,
2738 4693 2952 4749 magum
2980 4695 3088 4733 non
3139 4695 3261 4734 esse
3323 4687 3511 4748 patet;
3541 4677 3594 4729 in
3650 4672 3745 4723 hoc

497 4777 618 4847 ipso
649 4785 799 4834 certe
827 4777 973 4849 quod
1006 4793 1074 4831 ex
1108 4791 1175 4831 eo
1205 4790 1325 4831 sese
1353 4774 1655 4844 surripuit,
1691 4773 1903 4842 ipsique
1937 4772 2250 4842 imperatori
2314 4787 2376 4829 se
2437 4774 2730 4837 subduxit,
2796 4773 2936 4826 addo
2967 4782 3021 4827 et
3048 4774 3376 4843 stipantibus
3441 4785 3569 4825 eum
3634 4776 3749 4821 cor-

495 4872 647 4943 poris
679 4872 1002 4929 custodibus
1024 4912 1040 4937 ,
1075 4872 1385 4926 luculenter
1416 4885 1539 4925 sese
1567 4866 1809 4938 prodidit
1839 4881 2050 4937 magus.
2093 4866 2458 4934 Quamobrem
2479 4908 2493 4931 ,
2524 4877 2587 4923 ut
2620 4869 2751 4922 mihi
2784 4868 3024 4932 videtur,
3055 4869 3172 4937 ipsa
3238 4864 3565 4922 Philostrati
3627 4873 3745 4915 ora-

494 4962 607 5025 tio,
638 4961 767 5016 dum
795 4976 915 5016 eam
981 4976 1096 5016 rem
1166 4960 1582 5023 animadvertit,
1635 4958 1781 5014 facto
1847 4957 1925 5012 illi
1959 4957 2283 5013 medicinam
2325 4966 2521 5029 parat,
2573 4957 2888 5031 [referens]
2943 4959 3088 5029 quod
3138 4959 3305 5015 nullis
3353 4959 3530 5013 obitis
3580 4950 3745 5010 sacris

495 5055 989 5126 incantamentisve
1056 5053 1351 5118 adhibitis,
1405 5053 1618 5109 occulta
1651 5050 1885 5123 quadam
1947 5058 2001 5109 et
2050 5049 2343 5105 humanam
2408 5050 2644 5109 indolem
2675 5059 2967 5122 superante
2992 5052 3228 5116 virtute,
3263 5050 3593 5106 miraculum
3626 5046 3747 5100 boc-

491 5160 556 5201 ce
583 5153 858 5216 patratum
892 5146 1077 5202 fuerit.

561 5262 583 5295 ⁸
619 5262 715 5315 lib.
750 5277 853 5325 vu,
887 5277 938 5317 c.
974 5261 1064 5323 '58.
1144 5263 1188 5295 ¹⁹
1231 5262 1327 5318 lib.
1370 5277 1444 5315 vlt
1472 5303 1487 5327 ,
1523 5277 1573 5317 c.
1608 5261 1698 5315 5L

560 5352 671 5424 (87)
709 5353 990 5425 Θύσαντά
1022 5371 1095 5409 τι.
1137 5354 1238 5425 Ap.
1273 5352 1534 5425 Philostr.
1572 5353 1689 5425 hoc_
1727 5351 1849 5425 loco
1895 5347 2064 5405 omis-

2182 5338 2432 5425 Dam'idis,
2462 5337 2565 5393 ista
2610 5339 2900 5425 occasione
2952 5338 3371 5425 natauminime
3424 5339 3741 5425 convenire.

491 5408 612 5478 sum
645 5408 731 5496 est
758 5424 831 5496 τί,
864 5434 923 5476 ιιι
954 5432 1008 5480 et
1032 5408 1165 5481 mox
1187 5408 1338 5496 ‘post
1386 5408 1627 5478 εἰπόντα.
1660 5422 1890 5477 Ponitur
1935 5437 2064 5475 vero

2182 5410 2314 5492 iuod
2347 5416 2535 5496 postea
2554 5411 2697 5496 apud
2731 5409 3082 5496 Demetrium,
3120 5410 3353 5496 libzviu,‘
3377 5424 3507 5496 cap.
3540 5411 3625 5471 Η,
3662 5408 3742 5466 12.

492 5479 974 5566 post_s-3&djievov_.
1109 5479 1141 5566 ἡ-
1170 5479 1232 5566 η’
1263 5479 1302 5480 id
1344 5563 1369 5566 A
2166 5479 2525 5566 ipsiuscapiti
2555 5480 3036 5566 metuatnperinde
3069 5496 3132 5534 ac
3168 5480 3213 5535 si
3247 5479 3427 5534 nudus
3464 5480 3631 5566 binim
3660 5492 3741 5562 es-

560 5564 672 5633 (88)
725 5549 961 5632 Morta
987 5566 1087 5620 και
1114 5563 1291 5618 δέδιε.
1332 5563 1794 5619 Contradictionis
1840 5565 2065 5619 convin-

2182 5549 2273 5633 εἰει,
2306 5550 2373 5605 de
2405 5565 2515 5631 quo
2540 5551 2753 5632 nullam
2790 5549 3013 5606 haberet
3060 5565 3289 5621 prorsus
3338 5549 3745 5615 excellentioris

488 5621 615 5688 cere
643 5621 1037 5690 i’hildstratum
1085 5637 1238 5704 cupit
1265 5635 1368 5702 hoc
1396 5643 1738 5704 argumento,
1776 5637 1919 5704 quod
1954 5634 2063 5690 Da-
2165 5630 2379 5704 ητιὲξιξξβ
2404 5621 2745 5704 ρρίηῖοᾳειη·

489 5705 689 5788 midetn
745 5689 1197 5788 dicatindiciui'n
1249 5689 1557 5788 dininitalt'is
1586 5689 2063 5788 Apoliin'ice‘pisse

2237 5692 2369 5764 (88')
2404 5689 2834 5760 Ἐναπέερηνεικ
2868 5689 3027 5747 Forte
3052 5693 3288 5765 ἀναπέῳ.
3318 5692 3487 5753 Ent'r.

488 5789 554 5831 ex
582 5773 716 5845 pede
747 5777 977 5831 vinculis
1008 5784 1202 5846 sponte
1238 5775 1435 5832 soluto.
1470 5773 1604 5831 Nam
1637 5773 1771 5829 huic
1817 5773 2060 5848 opinioni
