4054 6408
207 368 305 426 855

385 517 394 527 .
705 479 1096 536 ΚΕΦΑΛΑΙΟΝ
1132 483 1221 536 Μ’.

279 575 426 631 ’Δλλά
464 572 570 647 γάρ
612 573 711 628 οὐκ
763 576 822 637 ὲς
868 573 1087 645 μακρὰν
1129 569 1285 638 αὖθις
1332 576 1363 627 6
1402 574 1503 646 τῆς
1549 574 1762 645 φύσεως

212 668 557 743 παραϐήσεται
605 665 844 737 ἔλεγχος.
882 668 1091 722 Αὐτίκα
1121 668 1232 740 γάρ
1267 682 1412 731 τινος
1444 668 1761 733 ἐπιστάντος

212 684 557 743 ωραυησεται
605 684 844 737 ελεγχος.
882 684 1091 722 suam
1121 684 1232 740 γαρ
1267 684 1412 731 τινος
1444 684 1759 733 επισταντος

147 684 367 847 ἕαὺτῷ,
404 758 495 813 καὶ
538 759 810 830 φήσαντος
831 775 848 791 ο
896 778 915 811 ι
952 760 1168 831 ’Δφίησί
1202 776 1290 824 σε,
1332 754 1378 812 ὦ
1415 759 1759 824 Ἀπολλώνιε,

147 850 408 933 ξξτουτωνὶ
457 850 566 907 τῶν
629 851 843 924 δεσμῶν
884 855 915 907 6
965 853 1220 924 βασιλεὺς
1244 895 1260 920 ,
1315 855 1411 907 καὶ
1478 853 1760 925 ἐλεύθερον

196 946 548 1019 δεσμωτήριον
576 947 852 1017 συγχωρεῖ
868 947 1056 1011 οἰκεῖν,
1096 965 1114 996 ι
1139 948 1168 999 6
1193 945 1457 1018 κρείττων
1483 945 1518 1019 ἢ
1548 946 1759 1018 ἀνθρω-

134 1036 157 1071 λ
208 1054 309 1102 mg,
335 1037 424 1091 καὶ
449 1036 554 1090 τῶν
584 1036 884 1108 μελλόντων
910 1035 1297 1109 προγνώστηςν

205 1214 394 1284 κωφοῦ
419 1231 480 1268 τε
504 1213 734 1282 ξυνιεὶς
755 1214 890 1286 (89),
912 1215 1009 1269 καὶ
1044 1217 1117 1270 οὐ
1143 1216 1475 1283 λαλέοντος
1499 1216 1755 1279 ἀκούων,

197 1325 294 1379 ὑπὸ
318 1323 415 1394 τῆς
438 1322 599 1393 ἄγαν,
626 1324 703 1388 ὡς
743 1324 914 1388 εἰκὸς,
956 1324 1311 1397 περιχαρείας
1338 1325 1628 1379 ἀποπεσὼν
1659 1327 1760 1399 τῆς

200 1416 576 1490 προγνώσεως,
622 1418 947 1473 πυνθάνεται
979 1417 1154 1488 λέγων
1173 1436 1188 1451 ·
1218 1439 1236 1471 ι
1276 1417 1372 1483 Τίς
1410 1413 1503 1473 οὖν
1533 1420 1563 1473 6
1595 1436 1758 1492 μετα-

197 1509 463 1563 σκευάσων
505 1510 561 1582 μ’
596 1509 878 1576 ὲντεῦθεν;
914 1529 933 1562 ι
980 1511 1038 1564 '0
1079 1510 1170 1565 δέ’
1212 1528 1231 1562 ι
1287 1509 1461 1580 Ἐγὼ,
1500 1510 1625 1584 ἔφη,
1662 1514 1759 1569 καὶ

196 1598 340 1655 ἕπου.
368 1618 387 1651 ι

680 1715 1074 1769 ΚΕΦΑΛΔῙΟΝ
1114 1715 1249 1769 MA’.

1303 362 1507 419 LIBER
1535 361 1817 421 CONTRA
1853 360 2270 421 HIEROCLEM.

3324 356 3461 416 856‘

2446 476 2677 534 CAPUT
2716 475 2831 533 XL;

1935 569 2136 625 Verum
2176 584 2383 625 rursus
2418 584 2529 623 non
2574 567 2653 623 ita
2693 568 2866 623 multo
2906 577 3030 639 post
3062 573 3275 623 natura:
3306 565 3430 636 ejus

1861 662 2024 718 nobis
2075 660 2516 732 suppeditabitur
2555 667 2935 731 argumentum
2969 661 3038 716 ⁸⁸.
3071 661 3208 718 Cum
3241 676 3309 716 ex
3343 662 3433 716 in~

1860 761 2081 824 sperato
2094 752 2242 807 enim
2271 751 2337 807 ad
2366 765 2494 807 eum
2526 750 2815 807 accederet
2843 765 2955 807 non
2975 765 3160 816 nemo,
3192 751 3431 806 diceret-

1860 861 1966 917 que
1998 865 2013 901 :
2048 862 2069 898 ι
2092 843 2258 900 Hisce
2286 851 2339 897 te
2370 842 2638 909 vinculis,
2678 856 2713 896 o
2737 841 3027 919 Apolloni,
3067 842 3234 897 eximi
3272 841 3432 912 jubet

1859 939 2177 1008 imperator,
2230 942 2400 1005 utque
2458 933 2516 987 in
2547 933 2803 989 liberiore
2827 947 3051 989 carcere
3088 933 3255 1005 degas
3294 948 3424 1003 per-

1859 1031 2060 1098 mittit;
2085 1048 2104 1082 ι
2136 1036 2251 1084 tum
2294 1029 2436 1082 ultra
2476 1026 2760 1085 hominum
2802 1034 3007 1083 sortem
3052 1028 3266 1098 positus
3304 1026 3424 1090 ille,

1860 1121 2274 1191 futurorumque
2303 1126 2462 1173 antea
2497 1132 2726 1210 gnarus,

1928 1229 2070 1286 Muli
2102 1230 2399 1301 concipiens
2434 1227 2705 1293 animum,
2743 1243 3028 1299 sensusque
3063 1229 3305 1293 tacentis,

1859 1362 1971 1418 prae
2018 1345 2225 1413 nimio,
2271 1354 2331 1400 ut
2375 1344 2611 1408 videtur,
2659 1343 2861 1416 gaudio
2904 1343 3127 1398 fatidica
3176 1342 3434 1400 excidens

1856 1439 2057 1494 virtute
2079 1477 2091 1500 .
2132 1437 2382 1492 nuntium
2425 1445 2613 1509 rogat:
2643 1456 2661 1489 ι
2692 1435 2828 1503 Quis
2861 1451 2991 1492 vero
3024 1451 3111 1490 me
3146 1435 3324 1491 isthac
3351 1441 3436 1489 est

1856 1529 2252 1585 traducturus?
2291 1549 2311 1577 ι
2347 1527 2441 1585 ille
2492 1539 2673 1585 autem
2714 1548 2727 1584 :
2760 1547 2778 1580 ι
2817 1526 2961 1600 Ego,
3019 1526 3333 1599 respondit,
3376 1536 3436 1584 tu

1858 1623 2020 1679 modo
2058 1636 2310 1693 sequere.
2344 1640 2363 1674 ι

2447 1731 2678 1790 CAPUT
2725 1731 2861 1788 XLI.

256 1822 382 1880 Εἶτα
408 1827 503 1880 καὶ
526 1826 680 1896 λόγον
703 1827 997 1897 ἀπολογίας
1015 1828 1043 1880 6
1067 1825 1342 1891 θειότατος
1370 1829 1514 1900 μάλα
1540 1845 1603 1898 γε
1640 1844 1758 1882 συν-

1936 1827 2222 1884 Postremo
2281 1826 2324 1858 ι’
2381 1825 2687 1881 orationem
2746 1822 3145 1896 apologeticam
3221 1837 3439 1895 quoque

190 1920 362 1972 τάττει
387 1919 901 1991 πεφροντισμένως,
931 1921 1161 1991 ἀγνοῶν,
1194 1923 1273 1976 ὅτι
1313 1922 1449 1993 δῆτα
1494 1923 1552 1987 ἐς
1585 1922 1761 1993 μάτην

194 2011 330 2083 αὐτῷ
353 2012 827 2083 σπουδασθήσεται
848 2015 880 2085 η
902 2017 1111 2087 γραφή.
1141 2015 1326 2069 Οἴεται
1353 2016 1450 2087 μὲν
1470 2015 1579 2088 γάρ
1600 2018 1762 2069 ἀκουο

195 2102 473 2174 σθήσεσθαι
524 2103 690 2156 αὐτοῦ
740 2106 1179 2178 ἀπολογουμένου
1214 2106 1505 2177 βασιλέως⁹
1540 2107 1653 2168 καὶ,
1685 2105 1761 2169 ὼς

193 2193 549 2262 ἁκουσομένου
591 2211 655 2263 γε
719 2195 924 2267 σφόδρα
991 2196 1231 2261 πιθανῶς
1283 2196 1761 2268 παρασκευάζεται

186 2282 280 2354 τὴν
306 2283 603 2348 ἀπολογίαν
622 2302 635 2315 ⁸
665 2286 693 2338 6
716 2285 796 2349 δὲ,
831 2286 1033 2359 ταύτην
1064 2286 1138 2359 μὴ
1167 2287 1481 2359 ἀναμείνας,
1519 2287 1578 2350 ὲς
1608 2287 1761 2341 οὐδὲν

189 2377 341 2430 αὖτοῦ
366 2378 463 2450 τὴν
506 2379 746 2452 σπουδὴν
778 2382 1168 2450 κατεστήσατο.
1218 2382 1417 2433 ’Ἄκουε
1453 2380 1518 2453 δὴ
1546 2375 1638 2435 οὖν
1666 2382 1761 2436 καὶ

191 2468 306 2540 περὶ
342 2472 557 2525 τούτων
583 2466 674 2525 οἷά
708 2489 872 2544 φησιν
901 2474 929 2525 6
970 2472 1222 2543 ἐλεγχος·
1255 2491 1285 2524 r
1311 2472 1528 2545 Ἐπειδὴ
1571 2472 1627 2527 δὲ
1668 2474 1762 2527 καὶ

188 2558 334 2628 λόγος
373 2561 530 2633 αὐτῷ
568 2562 882 2635 συνεγράφη
914 2579 1033 2626 τις,
1062 2562 1138 2626 ὡς
1179 2562 1317 2635 πρὸς
1362 2561 1506 2635 ὕδωρ
1527 2561 1636 2634 (90)
1663 2564 1761 2634 τὴν

187 2652 466 2722 ἀπολογίαν
498 2655 770 2725 ἀφήσοντι
788 2654 920 2725 (91),
953 2652 1155 2719 ξυνεῖλε
1180 2652 1236 2706 δὲ
1269 2652 1428 2707 αὑτὸν
1451 2655 1481 2707 6
1502 2653 1762 2726 τύραννος

184 2748 240 2807 ἐς
260 2747 322 2812 ἀς
342 2748 549 2822 εἴρηκα
581 2751 899 2822 ἐρωτήσεις,
931 2747 1334 2819 ἀναγεγράφθω
1364 2749 1455 2801 καὶ
1477 2751 1505 2803 6
1530 2748 1705 2818 λόγος.
1735 2768 1754 2801 ι

189 2837 319 2909 Ὅρα
359 2840 421 2910 δὴ
459 2839 590 2903 πῶς
628 2840 723 2893 τοῦ
772 2839 1056 2912 μέλλοντος
1104 2839 1437 2911 πορρωτάτω
1477 2839 1761 2911 τυγχάνων

182 2924 211 2977 6
239 2924 408 2979 πάντα
446 2925 734 2991 θειότατος
756 2967 771 2992 ,
822 2928 959 2998 μετά
992 2926 1253 2998 πλείστης
1292 2928 1425 2998 ὅσης
1463 2929 1757 3000 φροντίδος,

182 3013 255 3079 ὡς
297 3018 429 3089 πρὸς
477 3018 634 3094 ὕδωρ
674 3020 775 3093 τὴν
820 3020 1115 3089 ἀπολογίαν
1166 3020 1525 3093 ποιησόμενος
1566 3021 1761 3077 ἐσπού-

181 3103 351 3172 δαξεν.

681 3377 1081 3449 κΕψΑΑΑιοΝ
1127 3379 1257 3434 MB‘.

258 3462 416 3520 Ἀλλά
449 3467 564 3540 γάρ
593 3466 919 3541 διεξιτητέον
950 3471 1044 3524 καὶ
1064 3469 1162 3541 τὴν
1199 3472 1256 3536 ὲς
1283 3471 1459 3543 μάτην
1494 3470 1643 3548 αὐτῷ
1669 3487 1760 3524 πε-

184 3553 481 3625 ποιημένην
510 3554 831 3626 ἀπολογίαν,
854 3556 909 3620 ἀ,
945 3559 1021 3624 ὡς
1059 3559 1229 3614 πολλά
1269 3560 1496 3633 καὶ
1533 3561 1666 3616 ἀλλα
1700 3564 1758 3617 ὲν

181 3641 342 3716 ταύτῃ
367 3646 691 3718 Δομετιανῷ
724 3649 1077 3720 προσφωνῶν,
1109 3651 1533 3718 ἀπαυθαδίζεται
1561 3653 1754 3722 λέγων’

186 3734 305 3798 «Ὦς
336 3737 445 3808 ἀρα
486 3739 900 3803 Οὐεσπασιανὸς
949 3741 1008 3794 σὲ
1058 3741 1155 3813 μὲν
1202 3740 1427 3813 βασιλέα
1480 3744 1756 3814 ἐποίησεν,

180 3818 265 3872 ὑπ’
295 3821 428 3892 ἐμοῦ
458 3823 518 3877 δὲ
544 3824 784 3894 ἐγένετο.
816 3845 834 3878 ι
860 3827 1033 3881 Βαϐαῖ
1053 3829 1151 3900 τῆς
1179 3829 1526 3896 ἀλαζονείαςῑ
1553 3832 1618 3901 ἢν
1640 3830 1758 3887 οὔτι

178 3928 236 3979 γε
263 3915 292 3965 6
315 3916 519 3987 τυχὼν,
555 3917 675 3971 ἀλλ’
706 3918 825 3973 οὐδὲ
871 3922 921 3973 εί
975 3920 1262 3992 φιλόσοφός
1290 3940 1375 3987 τις
1398 3923 1634 3996 ἀληθῶς,
1667 3927 1761 3979 κα)⁸

178 4005 309 4057 κατά
342 4006 701 4080 ἀνθρωπείαν
732 4011 1042 4083 ὑπεραίρων
1077 4013 1316 4082 ἐγεγόνει
1352 4014 1531 4084 φύσιν,
1565 4017 1758 4089 ἐτερα-

175 4094 398 4151 τεύσατο
424 4098 517 4164 ἂν,
559 4099 637 4171 μὴ
664 4100 786 4170 οὐχ).
823 4100 979 4172 δίκην
1013 4102 1198 4166 ἀνοίας
1230 4103 1382 4175 παρά
1418 4108 1530 4169 τοῖς
1556 4105 1762 4179 ἔμφρο-

176 4200 253 4238 σιν
280 4186 561 4260 ὐποσχών.
597 4186 730 4244 Εἶτα
751 4191 809 4245 δὲ
838 4192 937 4264 τῆς
962 4196 1085 4247 κατ’
1114 4194 1275 4248 αὐτὸν
1308 4195 1545 4265 ὑποψίας
1568 4198 1760 4252 ἑαυτὸν

171 4275 543 4350 ἀπολυόμενος
572 4280 708 4353 (95),
735 4282 908 4336 ταῦτα
939 4284 1068 4357 περὶ
1101 4287 1313 4357 γοήτων
1329 4287 1492 4358 φησίν
1511 4305 1525 4319 °
1558 4309 1577 4340 ι
1602 4289 1761 4344 Ἀλλά

169 4368 293 4434 τοὺς
315 4372 529 4444 γόητας
556 4374 920 4446 ψευδοσόφους
949 4377 1110 4448 φημί.
1144 4377 1225 4432 Τὰ
1256 4379 1367 4450 γὰρ
1396 4380 1500 4436 οὑκ
1525 4380 1654 4438 ὅντα
1684 4376 1762 4435 εῖ-

168 4474 255 4513 ναι
284 4466 419 4535 παρ’
447 4464 661 4529 αὐτοῖς,
688 4467 781 4519 καὶ
802 4466 872 4520 τά
898 4467 1047 4531 ὄντα,
1080 4469 1422 4525 ἀπιστεῖσθαι
1444 4470 1575 4543 (94).
1601 4494 1621 4527 δ
1645 4472 1759 4527 Κα-

1867 1920 2174 1989 composuit
2222 1917 2404 1974 studio
2449 1915 2663 1988 ingenti
2707 1915 2793 1971 vir
2840 1916 2932 1971 ille
2978 1916 3142 1987 plane
3181 1914 3436 1980 divinus,

1868 2014 2092 2083 ignarus
2137 2026 2333 2079 nempe
2376 2009 2594 2064 inanem
2644 2023 2865 2080 operam
2909 2007 2965 2062 in
3016 2022 3083 2062 eo
3131 2022 3189 2062 se
3232 2007 3439 2078 scripto

1866 2110 2345 2174 consumpturum.
2375 2100 2615 2156 Putabat
2644 2103 2788 2155 enim
2824 2116 2882 2156 se
2920 2101 2988 2155 ab
3014 2100 3343 2170 imperatore
3369 2099 3438 2153 iri

1867 2194 2115 2249 auditum
2151 2194 2474 2249 recitantem
2509 2191 2814 2263 apologiam
2843 2209 2860 2248 :
2891 2206 3066 2263 eoque
3100 2191 3245 2262 quod
3283 2190 3441 2245 audi-

1867 2293 2050 2340 turum
2084 2300 2207 2340 eum
2241 2289 2519 2355 speraret,
2562 2282 2631 2337 ad
2678 2282 3116 2354 persuadendum
3160 2297 3284 2338 cum
3326 2298 3443 2337 ma-

1871 2376 2017 2431 xime
2054 2376 2361 2430 orationem
2400 2375 2704 2446 componit.
2738 2373 2925 2431 Caesar
2958 2384 3137 2430 tamen
3173 2389 3293 2430 eam
3329 2389 3441 2431 non

1867 2466 2049 2523 ferens
2079 2466 2295 2521 irritum
2330 2465 2451 2535 ejus
2497 2464 2739 2521 studium
2794 2465 3048 2523 reddidit.
3092 2465 3233 2521 Audi
3274 2465 3442 2538 igitur

1866 2558 1933 2615 de
1962 2557 2048 2615 bis
2077 2560 2239 2614 etiam
2271 2557 2404 2629 quid
2436 2556 2583 2614 dicat
2612 2557 2715 2615 sibi
2746 2558 2852 2629 ipsi
2883 2558 3211 2617 adversante
3239 2560 3443 2614 oratio-

1868 2664 1936 2705 ne
1966 2648 2012 2681 "
2041 2667 2055 2704 :
2086 2666 2105 2700 ι
2136 2647 2409 2715 Quoniam
2461 2663 2592 2705 vero
2636 2648 2814 2704 oratio
2851 2649 3017 2703 etiam
3046 2648 3097 2704 ei
3128 2649 3441 2720 conscripta

1866 2746 1982 2803 est,
2019 2745 2079 2793 ut
2112 2740 2207 2809 qui
2237 2739 2304 2794 ad
2340 2738 2685 2811 clepsydram
2718 2754 2938 2794 causam
2970 2747 3116 2795 esset
3143 2740 3398 2796 dicturus
3422 2781 3438 2805 ,

1865 2848 1990 2887 eum
2057 2839 2237 2887 autem
2295 2840 2561 2904 tyrannus
2624 2832 2768 2886 intra
2833 2832 3239 2901 quaestionum,
3302 2848 3441 2904 quas

1866 2924 2020 2987 dixi,
2054 2924 2335 2994 angustias
2374 2924 2686 2989 conclusit,
2718 2924 2896 2978 oratio
2924 2938 3140 2995 quoque
3165 2924 3292 2980 huic
3326 2925 3445 2981 his-

1865 3016 2019 3072 toria:
2049 3017 2374 3072 inseratur.»
2404 3014 2539 3071 Vide
2568 3015 2735 3087 igitur
2756 3022 2817 3069 ut
2844 3031 2873 3069 a
2897 3013 3099 3074 futuris
3126 3016 3444 3086 longissime

1867 3108 2163 3173 aherrans,
2209 3108 2291 3164 vir
2336 3108 2429 3164 ille
2477 3108 2640 3178 plane
2680 3106 2937 3172 divinus,
2993 3121 3159 3178 quam
3204 3108 3442 3163 maxima

1792 3193 1837 3255 C
1868 3197 2046 3270 potuit
2073 3212 2206 3253 cura
2228 3237 2244 3264 ,
2270 3197 2422 3255 velut
2450 3196 2518 3253 ad
2550 3197 2898 3271 clepsydram
2929 3196 3181 3258 dicturus
3205 3239 3221 3265 ,
3252 3198 3442 3255 elabo-

1858 3291 2081 3348 raverit.

2416 3380 2649 3439 CAPUT
2685 3381 2852 3441 XLII.

1931 3475 1999 3531 At
2028 3484 2082 3532 et
2109 3477 2226 3549 ipsa
2250 3475 2625 3547 percensenda
2643 3484 2728 3533 est
2751 3475 2955 3532 frustra
2980 3475 3049 3531 ab
3073 3488 3139 3530 eo
3163 3474 3442 3531 elaborata

1860 3569 2142 3640 apologia,
2188 3575 2243 3625 et
2275 3582 2429 3639 quae,
2464 3568 2634 3625 multa
2685 3569 2793 3624 alia
2840 3569 3002 3635 inter,
3051 3562 3214 3636 538
3241 3568 3444 3640 quibus

1860 3660 2233 3716 Domitianum
2261 3658 2589 3730 compellat,
2641 3665 2964 3730 arroganter
3011 3658 3205 3729 jactat,
3239 3656 3446 3715 diserte

1860 3748 2112 3819 inquiens
2148 3747 2234 3803 “:
2274 3765 2294 3800 ‹
2329 3746 2407 3803 Te
2456 3748 2624 3819 igitur
2651 3748 3039 3820 imperatorem
3073 3746 3444 3820 Vespasianus

1861 3838 2007 3905 fecit,
2040 3840 2157 3910 ipse
2189 3855 2219 3894 a
2263 3855 2352 3896 me
2407 3846 2493 3895 est
2550 3839 2753 3896 factus.
2813 3859 2833 3893 ι
2874 3838 2991 3894 Vah
3042 3839 3439 3912 arrogantiam!

1859 3947 1963 4003 qua
1994 3948 2062 3987 ne
2106 3948 2171 3986 ex
2225 3932 2389 4002 vulgo
2421 3933 2642 4003 quidem
2699 3931 3009 4002 quispiam,
3066 3932 3265 3987 nedum
3317 3947 3445 3988 vere

1861 4020 2219 4091 philosophus
2249 4060 2264 4084 ,
2327 4020 2679 4089 humanaque
2724 4020 3087 4075 excellentior
3133 4028 3331 4076 natura
3385 4035 3444 4077 se

1855 4112 2089 4183 jactitet,
2120 4112 2227 4166 nisi
2265 4112 2494 4168 insania:
2522 4112 2701 4167 dicam
2749 4128 2780 4167 a
2834 4112 3287 4183 prudentioribus
3337 4113 3444 4170 sibi

1860 4203 2026 4259 scribi
2083 4203 2235 4257 vclit.
2277 4200 2482 4258 Deinde
2526 4217 2656 4257 vero
2708 4216 2739 4256 a
2794 4200 3145 4272 suspicione,
3181 4216 3287 4271 qua
3328 4215 3446 4271 pre-

1861 4295 2145 4358 mebatur,
2188 4309 2247 4350 se
2278 4293 2456 4364 ipsum
2490 4307 2764 4364 purgans,
2808 4293 3091 4363 sequentia
3136 4293 3344 4365 profert
3376 4293 3444 4349 de

1861 4380 2034 4451 magis
2064 4380 2146 4435 “:
2181 4398 2201 4432 ι
2244 4378 2508 4452 Equidem
2555 4395 2745 4451 magos
2797 4380 2950 4437 falsa:
2980 4381 3263 4452 sapientia
3313 4382 3444 4454 puto

1861 4471 2112 4528 alumnos
2144 4485 2288 4528 esse.
2321 4469 2458 4526 Nam
2487 4486 2610 4541 quae
2637 4487 2750 4527 non
2784 4481 2936 4539 sunt,
2964 4479 3025 4526 ut
3053 4487 3178 4530 esse
3219 4473 3444 4530 videan-

167 4550 399 4619 ταμάθοι
431 4553 481 4608 δ’
513 4549 613 4607 οὖν
640 4572 723 4619 τις
755 4554 819 4608 ἔκ
844 4572 904 4608 τε
930 4557 1029 4629 τῆς
1067 4558 1195 4629 ὅλης
1233 4535 1635 4631 πραγματείας,
1663 4562 1758 4616 καὶ

1861 4570 1970 4625 tur,
1994 4568 2048 4617 et
2070 4577 2193 4634 quae
2221 4572 2370 4629 sunt,
2408 4569 2469 4617 ut
2498 4535 2607 4617 non
2653 4577 2778 4619 esse
2826 4535 3117 4619 videantur
3148 4563 3378 4620 faciunt.
3414 4583 3436 4619 ι

165 4643 271 4698 τῶν
299 4648 357 4698 ὲν
386 4645 557 4719 μέρει
596 4645 998 4719 δεδηλωμένων,
1030 4651 1234 4723 πότερα
1258 4653 1317 4707 ὲν
1348 4652 1514 4718 θείοις
1542 4654 1635 4707 καὶ
1667 4671 1758 4723 φι-

168 4730 434 4805 λοσόφοις,
474 4737 510 4809 ἢ
543 4739 607 4791 ὲν
630 4738 818 4810 γόησιν
849 4740 1012 4794 αὐτὸν
1041 4743 1432 4809 κατατακτέον,
1461 4744 1757 4812 πιστεύσας

164 4819 242 4889 οἷς
272 4846 331 4881 τε
363 4829 541 4893 αὐτὸς
588 4831 716 4900 περὶ
760 4832 971 4904 γοήτων
1015 4834 1109 4887 καὶ
1160 4834 1505 4915 ψευδοσόφων
1541 4837 1753 4909 εἴρηκε,

165 4918 256 4975 καὶ
304 4916 387 4986 οἷς
436 4922 751 4994 δεδήλωκεν
802 4926 835 4996 ἠ
888 4928 1008 4978 κατ’
1033 4927 1193 4982 αὑτὸν
1240 4930 1466 5002 ἱστορία.
1494 4929 1665 5002 Δρῦἐς
1696 4947 1757 4984 τε

162 5007 287 5082 γὰρ,
319 5012 417 5066 καὶ
446 5011 704 5075 πτελέαι.
735 5014 981 5087 ἐνάρθρῳ
1017 5017 1112 5071 καὶ
1156 5017 1342 5092 θηλείᾳ
1372 5024 1524 5094 φωνῇ
1557 5020 1751 5075 λαλοῦ-

162 5114 271 5165 σαι,
304 5104 403 5156 καὶ
442 5102 705 5175 τρίποδες
737 5104 1028 5176 αὐτόματοι
1073 5107 1385 5177 φοιτῶντες,
1417 5111 1511 5163 καὶ
1534 5109 1752 5182 χάλκεοι

230 5255 271 5287 ¹¹
314 5256 417 5314 lib.
500 5274 585 5312 vn
613 5299 625 5322 ,
658 5274 707 5314 c.
738 5260 828 5318 40.

160 5322 204 5357 ⁸⁸
238 5324 336 5383 lib.
379 5344 477 5394 vr,
518 5345 579 5386 c.
618 5332 703 5384 l0.

244 5439 337 5585 89;
379 5442 616 5514 Κωφοῦ
643 5462 704 5499 τε
734 5444 870 5507 ευν.
912 5435 1048 5502 Vide
1073 5463 1238 5519 supra
1276 5462 1326 5503 ο.
1365 5448 1449 5506 id.

246 5510 317 5569 90
395 5515 497 5581 Ὡς
527 5515 686 5582 πρὸς
713 5515 889 5583 ὓδωρ.
933 5514 1025 5571 Sic
1077 5534 1144 5573 ex
1199 5534 1299 5572 ms.
1329 5526 1384 5574 et
1416 5519 1449 5573 P

933 5262 978 5294 ¹²
1017 5262 1113 5317 lib.
1146 5279 1246 5318 vm
1270 5303 1286 5329 ,
1321 5279 1371 5320 c.
1410 5264 1460 5319 7.

246 5510 337 5583 90)
395 5510 498 5581 Ὠςί
527 5515 686 5582 πρὸς
713 5515 889 5583 ὓδωρ.
933 5514 1025 5571 Sic
1077 5510 1161 5573 δι’
1199 5534 1299 5572 ms.
1329 5526 1384 5574 et
1416 5519 1752 5576 Philostrato

158 5585 371 5662 restitui
402 5605 424 5662 _:
463 5587 989 5662 antea__legebatur,
1013 5587 1202 5660 ὥσπερ
1251 5588 1394 5662 ὕδωρ
1426 5591 1526 5662 τὴν
1557 5591 1753 5645 ἀπολο-

154 5648 275 5726 γίαν
292 5656 618 5726 ᾲάφήαονᾼτι.
654 5648 929 5726 Ηοίετεη.

359 5722 759 5803 ξὶῃςρήργοννινι.Δ
787 5725 1043 5803 Rhilostr.
1079 5727 1240 5803 habet
1270 5730 1637 5803 ἀφηγήσαντι.

218 5793 334 5873 (9-2)
382 5793 483 5873 ⁸4,
518 5796 612 5859 ὡς
643 5796 843 5873 πουζλὰ
871 5797 990 5873 καί,
1018 5804 1126 5853 etc.
1151 5793 1562 5858 Distiuct'ionem
1590 5801 1746 5873 posui

151 5872 273 5931 post
304 5866 360 5935 ἆ,
403 5868 534 5922 sine
564 5881 681 5930 qua
718 5866 1005 5930 obscurior
1045 5884 1260 5925 sensus.

1561 5267 1606 5299 "
1644 5267 1740 5323 lib.
1777 5283 1903 5332 vm,
1968 5284 2019 5324 c.
2083 5268 2137 5325 6.

1859 4651 1938 4709 Ex
1961 4661 2078 4709 tota
2107 4654 2272 4726 igitur
2300 4655 2407 4710 ista
2440 4655 2795 4719 tractatione,
2826 4663 2881 4711 et
2914 4655 3197 4726 sigillatim
3224 4656 3445 4727 exposi-

1858 4748 1929 4804 tis
1953 4749 2231 4815 omnibus,
2257 4749 2442 4805 discas
2473 4748 2622 4812 licet,
2653 4764 2721 4802 an
2766 4748 2820 4803 in
2849 4746 2977 4815 diis,
3008 4763 3080 4804 an
3111 4749 3164 4803 in
3209 4747 3444 4819 philoso-

1859 4838 2003 4908 phis,
2038 4854 2109 4893 an
2142 4839 2196 4894 in
2223 4838 2396 4910 magis
2422 4838 2735 4893 censendus
2760 4837 2868 4902 sit,
2923 4837 2992 4893 iis
3042 4836 3301 4894 admissis
3323 4854 3445 4910 qua:

1859 4928 1974 4998 ipse
1995 4928 2063 4985 de
2094 4929 2270 5001 magis
2308 4936 2361 4984 et
2389 4930 2590 4999 spuria:
2621 4929 2907 5000 sapientiae
2938 4928 3249 4985 cultoribus
3278 4928 3439 4994 dixit,

1858 5029 1912 5076 et
1940 5036 2060 5092 qua:
2092 5022 2319 5077 historia
2378 5021 2499 5091 eius
2527 5020 2596 5077 de
2626 5021 2746 5091 ipso
2774 5019 2985 5075 retulit.
3023 5017 3159 5074 Nam
3204 5034 3443 5091 quercus

1858 5120 1912 5167 et
1942 5113 2072 5166 ulmi
2097 5114 2140 5144 ¹⁶
2168 5112 2460 5168 articulata
2493 5127 2558 5167 ac
2583 5112 2837 5167 muliebri
2864 5125 2998 5166 voce
3034 5111 3250 5177 locutae,
3281 5112 3471 5184 tripm'

2240 5269 2287 5300 “
2324 5268 2420 5323 lib.
2463 5285 2601 5333 vm,
2644 5284 2697 5325 c.
2740 5267 2791 5320 7.
2893 5268 2936 5300 "
2976 5267 3070 5323 lib.
3114 5283 3247 5333 vm,
3289 5283 3342 5325 c.
3385 5267 3439 5325 7.

1930 5453 2043 5525 (9⁸5)
2088 5453 2545 5525 Ἄπολυόμενος.
2592 5449 2684 5525 Sic
2735 5450 3041 5525 rescribere
3075 5466 3187 5506 non
3224 5450 3449 5506 dubita-

1856 5521 2051 5594 vi,‘pro
2081 5521 2473 5594 ἀπολυόμενον,
2492 5521 2640 5594 quod
2673 5523 2726 5577 in
2750 5521 2915 5594 editis
2947 5530 3083 5577 erat.

1929 5569 1931 5581 .
1990 5542 2051 5579 Ιύ
2081 5542 2473 5594 απολυομενον,
2492 5542 2640 5593 qUOU
2674 5542 2726 5577 ιη
2750 5542 2915 5575 CUIUS
2947 5542 3083 5577 erat.

1929 5542 2040 5665 (34)
2094 5592 2508 5665 Ἄπιοντεῒσθαι.
2557 5592 2629 5665 l_t_a
2659 5608 2724 5665 eat
2750 5591 3083 5665 Philostrato
3103 5591 3313 5665 restitui
3340 5602 3441 5661 pro

1855 5661 2082 5732 ἄπιστα,
2109 5663 2254 5733 quod
2295 5671 2413 5719 erat
2460 5666 2515 5717 in
2563 5661 2787 5733 Eusebii
2816 5662 3013 5728 editis;
3045 5664 3313 5733 rationem
3340 5675 3455 5733 cur

1855 5736 2093 5803 priorem
2130 5732 2418 5806 praeferam
2451 5732 2739 5790 lectionem
2776 5733 2987 5789 reddidi
3037 5732 3449 5790 ad’Pbilostrb

1857 5815 1993 5860 tum.
