4100 6474
619 383 689 440 55
1189 377 1463 436 EUSEBII
1502 377 1989 435 CESARIENSIS
2018 377 2170 436 OPP.
2207 378 2391 435 PARS
2429 377 2493 434 II.
2531 408 2603 421 —
2636 374 3135 435 APOLOGETICA.
3737 373 3852 430 856

577 502 675 556 dis
696 497 862 555 etiam
893 495 936 528 "
972 500 1277 566 spontaneo
1319 501 1470 550 motu
1532 493 1879 561 incedentes,
1931 494 2161 566 εποίησε

2268 491 2596 565 θεράποντες
2624 491 3052 563 διακονούμενοι,
3084 488 3232 545 πίθοι
3259 505 3319 543 τε
3349 487 3571 560 ὄμϐρων
3598 486 3692 541 καὶ
3718 487 3853 541 ἀνέ-

574 591 718 649 ειθτνί
752 587 1224 645 discumbentibus
1264 586 1641 643 ministrantes
1663 626 1680 650 ,
1735 587 1992 643 imbrium
2024 588 2154 642 item

2267 602 2403 656 μων,
2435 586 2530 640 καὶ
2563 586 2950 658 σανδαράκινον
2979 584 3141 655 ὕδωρ,
3165 582 3260 637 καὶ
3286 583 3388 636 ὅσα
3410 582 3546 637 ἀλλα
3570 579 3849 649 εἰσῆκται.

574 684 723 740 dolia
752 682 800 715 “
829 697 895 737 ac
919 689 1230 743 ventorum,
1268 688 1324 735 et
1356 678 1718 735 sandaracina
1747 694 1910 750 aqua,
1938 688 1994 735 et
2034 695 2157 749 qua:

574 776 677 830 alia
713 779 1172 845 repraesentantur
1201 771 1272 825 ab
1295 770 1387 834 iis,
1420 784 1562 841 quos
1612 770 1745 826 deos
1789 779 1874 827 est
1920 769 2157 825 arbitra-

574 873 665 921 tus
695 866 761 928 “,
786 873 841 921 et
876 878 1015 933 quos
1056 879 1129 920 ne
1173 870 1536 933 praaceptores
1579 862 1799 934 quidem
1859 854 2159 934 agnoscere

573 964 658 1012 est
689 957 1016 1027 dedignatus
1039 995 1055 1019 ,
1102 955 1158 1009 in
1196 968 1359 1025 quem
1395 954 1563 1008 alium
1616 962 1929 1025 competere
1966 961 2160 1024 putes.

572 1048 681 1103 nisi
711 1047 768 1102 in
800 1062 897 1102 eos
928 1046 1020 1118 qui
1062 1064 1081 1097 ι
1111 1060 1235 1115 qua:
1251 1059 1363 1100 non
1403 1052 1532 1100 sunt
1565 1044 1612 1075 ³ο
1637 1083 1654 1109 ,
1702 1051 1761 1097 ut
1791 1059 1915 1100 esse
1940 1044 2165 1099 videan-

573 1144 684 1201 tur,
710 1148 763 1193 et
795 1154 917 1209 qua:
938 1146 1085 1201 sunt,
1116 1142 1177 1190 ιιι
1207 1135 1495 1192 videantur
1524 1150 1635 1190 non
1662 1150 1806 1202 esse,
1838 1134 2121 1192 efﬁciunt?
2142 1154 2161 1188 ι

572 1245 711 1302 quos
748 1231 864 1301 ipse
895 1243 1088 1301 magos
1135 1228 1413 1299 appellans
1438 1267 1454 1292 ,
1506 1226 1709 1296 spurize
1738 1226 2024 1296 sapientiae
2052 1226 2163 1281 cul-

573 1333 719 1381 tores
741 1340 865 1380 esse
888 1324 1235 1379 demonstrat
1282 1320 1421 1377 Num
1456 1320 1624 1393 igitur
1658 1321 1781 1376 istis
1820 1322 2159 1392 argumentis

571 1417 788 1474 divinus
816 1415 926 1481 hic,
958 1416 1220 1483 omnique
1250 1415 1453 1469 virtute
1483 1414 1761 1476 excultus,
1787 1413 2028 1484 ipsisque
2052 1412 2159 1467 diis

572 1509 940 1581 gratissimus,
977 1507 1259 1578 sapientiae
1294 1513 1595 1562 coronatus
1638 1505 1860 1570 bravio,
1920 1506 2040 1575 ipso
2084 1504 2161 1560 di-

2264 678 2392 748 παρ⁹
2423 671 2506 740 οἷς
2536 678 2723 747 ἡγεῖτο
2753 675 2916 740 Θεοῖς,
2935 674 3029 739 οὓς
3061 675 3156 728 καὶ
3176 674 3276 727 οὐκ
3303 672 3466 726 ῶκνει
3490 671 3853 733 διδασκάλους

2263 767 2686 840 ἐπιγράφεσθαι,
2721 767 2863 832 τίνος
2893 766 2961 821 ἂν
2988 764 3096 821 εἷεν
3119 764 3500 837 παραστατικά
3527 764 3562 834 ἥ
3587 764 3696 817 τῶν
3730 781 3749 815 ι
3772 761 3852 815 τὰ

2264 862 2364 915 οὐκ
2407 861 2537 915 ὄντα
2586 856 2745 924 εἶναι,
2782 860 2878 914 καὶ
2906 860 2974 914 τά
3003 860 3134 914 ὄντα
3161 859 3366 913 ἄπιστα
3394 877 3412 911 ι
3452 856 3855 929 παραδεικνύν-

2264 971 2372 1008 των
2393 971 2406 1020 ;
2434 953 2527 1018 οὓς
2546 953 2708 1018 αὐτὸς
2732 954 2932 1024 γόητας
2957 950 3258 1023 ὀνομάζων,
3279 949 3640 1020 ψευδοσόφους
3668 948 3856 1019 ὑπάρ-

2264 1066 2380 1119 χειν
2420 1047 2968 1118 ἀποφαίνεται.Ἥτοι
2998 1040 3091 1100 οὖν
3119 1043 3213 1098 ἐπὶ
3251 1042 3463 1105 τούτοις
3490 1045 3519 1096 ὁ
3550 1040 3713 1105 θεῖος,
3747 1040 3857 1094 καὶ

2265 1142 2540 1213 ὲνάρετος,
2575 1140 2669 1195 καὶ¹
2700 1139 2842 1203 θεοῖς
2883 1137 3298 1211 κεχαρισμένος,
3329 1136 3393 1189 τὸ
3426 1134 3619 1204 σοφίας
3646 1135 3857 1204 ἀναδη-

2266 1235 2499 1306 σάμενος
2551 1233 2824 1307 βραϐεῖον,
2857 1231 3021 1286 αὐτοῦ
3067 1229 3384 1301 Πυθαγόρου
3433 1227 3526 1281 καὶ
3575 1225 3686 1280 τῶν
3727 1226 3856 1279 ὅσοι

2269 1329 2383 1398 μετ’
2407 1329 2613 1381 ἐκεῖνον
2644 1326 2915 1398 θειότερος
2946 1321 3161 1395 ἀληθῶς
3192 1321 3288 1376 καὶ
3312 1320 3506 1394 μακρῷ
3529 1319 3858 1389 εὐδαιμονέ-

2266 1435 2456 1491 στερος
2476 1418 2690 1490 κριθείη
2709 1436 2722 1449 ⁸
2742 1416 2775 1488 ἢ
2807 1415 3063 1487 ἔμπαλιν,
3090 1413 3449 1484 ψευδοσοφίας
3471 1412 3652 1476 ἀλοίλς,
3671 1426 3855 1464 κακο-

2266 1509 2536 1582 δαιμόνων
2571 1511 2680 1581 (95)
2712 1508 2995 1564 ἀποίσεται
3025 1505 3095 1560 τὰ
3122 1508 3383 1579 πρωτεῖα.

573 1603 750 1659 vinior
795 1600 1101 1673 Pythagora
1158 1599 1388 1669 ejusque
1454 1598 1778 1670 discipulis,
1832 1598 2152 1668 beatiorque
2187 1602 2497 1659 censendus
2532 1602 2670 1659 erit?
2706 1616 2774 1656 an
2829 1607 3022 1656 contra
3069 1600 3269 1670 spuria:
3306 1598 3585 1668 sapientia:
3611 1594 3858 1650 damna-

571 1712 656 1758 tus
677 1740 692 1767 ,
728 1700 871 1756 inter
894 1696 1303 1754 infelicissimos
1333 1695 1541 1766 primas
1576 1694 1713 1752 feret
1751 1695 1978 1766 potius?

1134 1808 1364 1867 CAPUT
1405 1807 1592 1864 XLIII.

641 1906 877 1962 Rursum
911 1905 966 1959 in
994 1902 1330 1974 apologetico
1355 1901 1449 1955 illo
1479 1902 1689 1971 scripto
1726 1916 1786 1955 se
1820 1900 1874 1955 in
1919 1901 2067 1955 lonia
2093 1900 2161 1957 de

570 1996 809 2053 fatorum
828 1995 882 2050 vi
914 1995 990 2050 ait
1013 1994 1325 2065 disputasse
1342 1994 1436 2056 ²⁰⁹,
1457 1990 1595 2048 adeo
1619 1992 1818 2046 mutari
1840 2006 1950 2046 non
1976 2007 2157 2063 posse,

571 2104 692 2159 qua:
719 2094 911 2144 texunt
967 2087 1106 2152 ista,
1138 2086 1458 2151 docentem,
1492 2090 1575 2148 ut,
1609 2083 1655 2138 si
1689 2083 1980 2154 imperium
2033 2083 2161 2138 huic

571 2178 891 2241 decernant.
916 2177 1060 2248 quod
1083 2177 1136 2231 in
1164 2176 1395 2230 alterius
1419 2188 1566 2229 nunc
1593 2171 1812 2244 quidem
1838 2173 2161 2244 sitpotcsta-

571 2280 646 2337 te,
678 2286 838 2326 nemo
864 2270 1018 2324 illum
1052 2268 1368 2324 interimere
1391 2266 1585 2337 possit,
1612 2281 1680 2322 ne
1706 2266 1773 2321 ab
1803 2266 1899 2320 illo
1923 2266 2027 2321 sibi
2059 2265 2163 2319 im-

572 2363 783 2433 perium
829 2361 1130 2431 eripiatur:
1165 2359 1276 2415 imo
1335 2360 1381 2413 si
1427 2358 1512 2413 vel
1559 2359 1920 2428 interemptus
1970 2357 2157 2420 fuerit,

572 2454 913 2511 revicturum
941 2459 1124 2507 tamen
1158 2466 1317 2515 eum,
1354 2459 1414 2505 ut
1452 2448 1580 2504 fatis
1618 2448 1837 2505 decreta
1882 2450 2158 2505 eveniant.

573 2543 786 2609 Quibus
834 2541 1120 2611 sequentia
1157 2541 1293 2611 ipsis
1328 2539 1522 2595 iisdem
1566 2538 1790 2609 syllabis
1819 2537 2102 2609 subjungit
2137 2557 2151 2593 :

578 2654 597 2687 ι
627 2634 947 2704 Cuicttnque
977 2631 1086 2688 fato
1119 2632 1397 2689 decretum
1432 2631 1595 2687 fuerit
1622 2630 1887 2701 lignarius
1907 2639 1968 2685 ut
1998 2628 2163 2701 539

574 2726 667 2785 sit,
700 2722 749 2777 is
780 2722 1034 2777 manibus
1064 2730 1353 2778 truncetur
1391 2722 1559 2785 licet,
1610 2721 1664 2775 in
1706 2720 1995 2791 lignarium
2033 2736 2162 2775 eva~

571 2814 686 2870 det.
726 2813 789 2867 Et
820 2814 907 2869 cui
941 2829 1109 2869 cursu
1142 2815 1362 2870 vincere
1407 2814 1463 2867 in
1498 2811 1746 2884 Olympia
1797 2810 2160 2883 [destinatum

572 2904 713 2977 est.)
743 2905 833 2960 hic
860 2946 875 2970 ,
921 2921 991 2962 ne
1019 2907 1266 2963 abscisso
1303 2909 1525 2979 quidem
1571 2908 1618 2964 si
1653 2908 1923 2963 claudicet
1961 2921 2123 2962 crure
2144 2946 2160 2973 ,

572 3000 800 3054 victoria
827 2997 1194 3056 fraudabitur.
1231 2999 1295 3053 Et
1325 3000 1414 3055 cui
1442 3008 1503 3055 ut
1532 2999 1826 3071 sagittandi
1848 2999 2025 3055 valeat
2045 3005 2161 3053 arte

573 3087 758 3144 Parca:
783 3088 1161 3154 decreverint,
1204 3090 1294 3145 hic
1336 3090 1419 3145 vel
1445 3100 1638 3160 captus
1675 3090 1853 3146 oculis
1896 3090 2097 3161 sagitta
2127 3104 2160 3143 a

2765 1805 3163 1861 ΚΕΦΑΛΑΙΟΝ
3201 1804 3329 1859 ΜΡ.

2298 1898 2504 1954 ’Πάλιν
2530 1898 2586 1952 δὲ
2613 1899 2677 1969 τῇ
2708 1899 2892 1970 γραφῇ
2937 1895 3065 1968 περὶ
3100 1893 3304 1968 μοιρῶν
3337 1893 3516 1965 ἰσχύος
3547 1893 3857 1965 φιλοσοφῆ-

2263 2010 2353 2047 σαι
2387 1991 2549 2045 αὑτὸν
2579 1992 2636 2043 ὲν
2677 1988 2853 2065 Ἰωνίᾳ
2881 1988 3034 2059 φησὶ,
3056 1985 3375 2040 διδάσκοντα
3401 1984 3571 2050 οὕτως
3599 1986 3857 2059 ἄτρεπτα

2261 2082 2420 2150 εἶναι,
2451 2084 2488 2139 ἃ
2519 2082 2841 2145 κλώθουσιν,
2865 2081 2960 2144 ὼς,
2994 2082 3041 2134 εί
3085 2080 3179 2133 xal
3221 2079 3493 2151 βασιλείαν
3529 2077 3704 2149 τούτῳ
3727 2079 3855 2149 (96)

2259 2177 2611 2249 ψηφίσαιντο,
2642 2175 2812 2247 ἑτέρῳ
2839 2172 2939 2244 ἤδη
2981 2172 3466 2244 ὑπάρχουσαν,ούκ
3497 2170 3563 2224 ἂν
3589 2171 3861 2225 ἀποκτείο

2260 2271 2371 2326 νειέ
2399 2288 2484 2334 τις
2508 2268 2717 2331 τοῦτον,
2748 2267 2825 2331 ὡς
2858 2265 2931 2338 μὴ
2960 2264 3284 2335 ἀφαιρεθείη
3315 2264 3441 2317 ποτὲ
3470 2264 3560 2318 ὑπ’
3595 2264 3756 2318 αὑτοῦ
3786 2263 3860 2317 τὸ

2260 2361 2449 2435 ἄρχειν
2468 2377 2484 2394 ·
2516 2358 2653 2414 ἀλλὰ
2684 2358 2779 2413 καὶ
2812 2357 3107 2412 ἀναϐιῶναι
3137 2353 3424 2410 ἀποθανὼν
3454 2356 3596 2427 ὑπὲρ
3614 2356 3722 2409 τῶν
3760 2355 3862 2409 δο-

2263 2453 2469 2520 ξάντων
2516 2456 2638 2517 ταῖς
2697 2450 2933 2523 μοίραις.
2986 2450 3096 2504 Καὶ
3138 2448 3348 2512 τούτοις
3378 2447 3620 2516 ἐπιλέγει
3656 2449 3860 2513 αὐταῖς

2263 2544 2582 2608 συλλαϐαῖς·
2639 2563 2656 2594 ι
2684 2544 2832 2613 Ὅτῳ
2877 2540 3163 2612 πέπρωται
3204 2539 3456 2609 γενέσθαι
3508 2540 3810 2610 τεκτονικῷ
3838 2580 3856 2604 ,

2259 2630 2416 2702 οὗτος
2460 2636 2562 2690 κᾶν
2612 2636 2863 2705 ἀποκοπῇ
2893 2631 2971 2687 τὼ
2999 2636 3169 2705 χεῖρε,
3192 2632 3501 2695 τεκτονικὸς
3528 2631 3697 2686 ἔσται.
3733 2633 3860 2685 Kal

2262 2731 2367 2801 "ctp
2408 2729 2566 2799 νίκην
2616 2729 2675 2779 ὲν
2715 2724 2986 2796 Ὀλυμπίᾳ
3030 2724 3231 2797 δρόμου
3284 2724 3537 2797 ἄρασθαι,
3572 2717 3725 2788 οὗτος
3775 2724 3854 2788 δ’,

2260 2821 2368 2875 οὐδ’
2395 2822 2443 2873 εί
2485 2818 2767 2892 πηρωθείη
2797 2817 2857 2871 τὸ
2887 2816 3096 2879 σκέλος,
3126 2817 3500 2888 ἁμαρτήσεται
3531 2816 3629 2886 τῆς
3664 2816 3853 2888 νίκης.

2261 2915 2372 2970 Kal
2420 2916 2528 2985 ὅτῳ
2571 2913 2794 2966 ἕνευσαν
2825 2913 3010 2982 μοῖραι
3035 2909 3097 2963 τὸ
3119 2910 3175 2961 ὲν
3198 2908 3385 2980 τοξικῇ
3418 2909 3638 2980 κράτος.
3667 2903 3854 2973 οὗτος,

2260 3007 2369 3062 οὐδ’
2397 3008 2446 3061 εί
2478 3004 2740 3060 ἀποϐάλοι
2774 3003 2885 3075 (97)
2916 3006 3015 3067 τὰς
3036 3001 3206 3071 ὄψεις,
3235 3002 3549 3054 ἐκπεσεῖται
3574 3000 3668 3056 τοῦ
3713 3017 3857 3054 σκο-

2262 3100 2365 3154 ποῖ’)
2396 3098 2527 3170 (98).
2562 3117 2580 3149 ι
2615 3096 2855 3161 Τούτοις,
2881 3094 2971 3148 τὸν
3014 3094 3247 3165 ἄρχοντα
3287 3092 3615 3155 κολακεύων,
3656 3093 3860 3162 ἐπιφέο

575 3195 744 3252 scepo
774 3195 886 3235 non
925 3180 1220 3236 aberrabit.
1253 3200 1271 3233 ι
1313 3180 1409 3235 His
1438 3196 1593 3246 vero,
1628 3181 1950 3238 adulaturus
1984 3182 2158 3253 impe-

2265 3208 2348 3263 ρει
2394 3189 2599 3258 λέγων·
2643 3207 2662 3239 ‹
2696 3186 2777 3240 Ta
2817 3185 2873 3241 δὲ
2920 3185 3027 3240 τῶν
3062 3183 3324 3255 βασιλέων
3378 3185 3581 3253 ἔλεγον,
3618 3186 3675 3248 ἐς
3717 3185 3858 3248 τοὺς

575 3272 767 3335 ratori,
804 3272 1082 3327 subnectit
1108 3279 1163 3327 et
1192 3271 1341 3326 ista:
1381 3290 1398 3322 ι
1443 3270 1653 3343 Regum
1680 3280 1867 3327 autem
1910 3275 2160 3345 exemplo

575 3378 711 3419 usus
735 3379 879 3431 sum,
910 3363 978 3418 ad
1009 3363 1260 3419 Acrisios
1306 3364 1611 3434 respiciens
1636 3374 1690 3420 et
1727 3363 1889 3420 Laios
1910 3406 1925 3429 ,
1964 3364 2163 3437 Astya-

577 3470 805 3526 gemque
834 3455 1070 3519 Medum,
1098 3463 1151 3511 et
1178 3455 1488 3525 complures
1505 3456 1666 3515 alios.
1686 3457 1779 3525 qui
1807 3456 1944 3511 bene
1972 3457 2073 3512 sibi
2105 3458 2160 3512 in

576 3546 893 3617 hujusmodi
925 3548 1090 3603 rebus
1114 3547 1459 3602 consuluisse
1490 3546 1597 3603 sibi
1625 3548 1973 3603 videbantur.
2007 3547 2161 3614 Quo-

575 3654 699 3695 rum
729 3640 820 3694 alii
858 3638 1022 3703 ﬁlios,
1058 3646 1285 3709 nepotes
1316 3638 1408 3694 alii
1451 3654 1485 3694 e
1526 3637 1707 3695 tnedio
1747 3639 1998 3695 sublatos
2038 3654 2162 3693 esse

576 3739 855 3801 putantes,
884 3731 955 3787 ab
995 3730 1188 3787 iisdem
1234 3730 1341 3786 illis
1372 3731 1591 3800 spoliati
1622 3739 1751 3787 sunt
1791 3732 2043 3803 imperio,
2075 3748 2163 3787 re-

574 3822 972 3878 viviscentibus
1004 3823 1185 3892 quasi,
1213 3829 1273 3877 ut
1304 3821 1355 3876 in
1381 3822 1532 3893 ipsos
1571 3824 1867 3890 insilirent,
1898 3823 2163 3893 adjuvan-

576 3913 723 3967 tibus
749 3911 896 3968 l‘atis.
940 3910 1100 3978 Quod
1135 3912 1183 3967 si
1218 3911 1476 3967 adulandi
1508 3913 1690 3969 studio
1717 3922 1952 3977 tcnerer,
1977 3914 2163 3969 dicere

579 4019 799 4075 possem
822 4006 987 4061 etiam
1022 4013 1146 4060 tuas
1174 4006 1357 4062 animo
1401 4022 1523 4062 meo
1550 4022 1639 4061 res
1662 4022 1785 4063 esse
1817 4007 2158 4072 obversatas,

578 4094 841 4165 quandoa
863 4095 1081 4152 Vitellio
1100 4098 1459 4162 obsidebaris,
1482 4100 1854 4170 templumque
1886 4098 2039 4157 Jovis
2062 4117 2162 4171 op-

580 4188 698 4243 timi
727 4188 1132 4245 accendebatur
1161 4190 1216 4245 in
1247 4205 1462 4246 summo
1478 4190 1634 4246 urbis
1661 4191 1884 4247 vertice.
1919 4190 2012 4248 llle
2034 4208 2165 4247 vero

579 4281 720 4336 bene
744 4296 803 4337 se
831 4296 920 4337 res
953 4296 1083 4337 suas
1134 4280 1417 4337 habituras
1462 4283 1719 4353 putabat,
1753 4283 1919 4338 modo
1946 4291 2007 4339 tu
2042 4285 2164 4355 ejus

581 4389 649 4429 ne
680 4373 939 4430 evaderes
972 4390 1190 4433 manus.
1246 4374 1425 4446 Atque
1456 4376 1781 4432 adolescens
1831 4386 1962 4437 tunc
2004 4378 2165 4447 plane

577 4481 740 4529 eras,
771 4482 950 4535 neque
998 4466 1127 4523 dum
1169 4467 1349 4538 qualis
1406 4484 1553 4523 nunc
1605 4483 1687 4525 es.
1736 4466 2160 4537 Verumtamen,

2277 3282 2581 3352 ’Δκρισίους
2620 3280 2792 3351 δήπου
2835 3277 2998 3350 ὁρῶν,
3034 3276 3275 3339 καὶτοὺς
3302 3278 3521 3340 Λαῖους,
3540 3275 3857 3346 Ἀστυάγην

2261 3391 2324 3428 τε
2350 3374 2440 3427 τὸν
2479 3372 2685 3442 Μῆδον,
2723 3370 2817 3425 καὶ
2851 3369 3079 3433 πολλοὺς
3112 3368 3303 3433 ἄλλους
3337 3367 3469 3439 (99),
3510 3363 3569 3422 εὖ
3601 3366 3858 3420 τίθεσθαι

2262 3467 2331 3521 τὰ
2360 3466 2585 3519 τοιαῦτα
2612 3464 2867 3532 δόξαντας
2898 3463 2974 3533 (ι)
2992 3480 3006 3493 ·
3039 3458 3113 3515 ὧν
3142 3464 3192 3515 οἱ
3224 3462 3320 3531 μὲν
3351 3461 3564 3525 παῖδας,
3591 3462 3639 3513 οἱ
3670 3459 3727 3514 δὲ
3753 3461 3857 3527 ἑτι

2263 3558 2455 3628 γόνους
2504 3555 2846 3611 ἀποκτείνειν
2898 3553 3193 3624 οἰηθέντες,
3225 3552 3580 3624 ἀφῃρέθησαν
3625 3550 3857 3605 ὑπἀὐο

2262 3648 2370 3703 τῶν
2399 3647 2461 3701 τὸ
2494 3645 2814 3717 βασιλεύειν,
2846 3645 3160 3713 ἀναφύντων
3181 3645 3267 3698 ἐπ’
3300 3643 3493 3706 αὐτοὺς
3517 3641 3576 3707 ἐξ
3606 3640 3858 3710 ἀφανοῦς

2264 3741 2362 3793 σὺν
2393 3736 2470 3808 τῷ
2503 3736 2872 3808 πεπρωμένῳ.
2903 3735 3012 3788 Kal
3046 3736 3097 3788 εί
3131 3734 3229 3805 μὲν
3253 3733 3483 3803 ἠγάπων
3522 3730 3854 3785 κολακευτι·

2264 3829 2366 3901 κὴν
2395 3828 2491 3899 (2),
2518 3824 2669 3881 εἷπον
2716 3827 2780 3880 ἂν
2814 3826 2909 3880 καὶ
2959 3824 3027 3880 τὰ
3078 3826 3146 3880 σά
3184 3824 3259 3896 (5)
3307 3823 3722 3895 ἐντεθυμῆσθαι,
3755 3825 3858 3879 ὅτι

2264 3921 2533 3991 ἀπείληψο
2570 3920 2668 3990 μὲν
2703 3918 2809 3973 ὑπὸ
2848 3917 3119 3973 Βιτελλίου
3157 3917 3254 3987 (4),
3285 3916 3705 3988 κατεπίμπρατο
3733 3916 3796 3972 δι
3822 3918 3859 3970 6

2265 4013 2398 4079 νεὼς
2426 4013 2516 4069 τοῦ
2544 4014 2664 4077 Διὸς
2690 4012 2819 4085 περὶ
2847 4011 2946 4076 τὰς
2969 4012 3140 4083 ὀφρῦς
3161 4011 3256 4064 τοῦ
3281 4010 3613 4074 ἀστεος.”Οδ“
3642 4005 3702 4064 εὖ
3728 4010 3856 4064 κεί-

2267 4100 2454 4154 σεσθαι
2497 4101 2566 4154 τὰ
2619 4102 2813 4154 ἑαυτοῦ
2858 4099 3113 4169 ἔφασκεν,
3142 4101 3191 4152 εί
3238 4098 3311 4170 μὴ
3349 4099 3630 4168 διαφύγοις
3659 4100 3853 4154 αὐτόν.

2266 4191 2458 4245 Καίτοι
2490 4191 2771 4263 μειράκιον
2808 4190 3007 4253 ἱκανῶς
3028 4186 3194 4261 ἦσθα,
3221 4191 3314 4244 καὶ
3342 4188 3493 4243 οὔπω
3516 4183 3685 4254 οὗτος.
3707 4189 3854 4245 Ἀλλ’

2265 4288 2414 4359 ὅμως
2446 4289 2538 4340 ἐπὶ
2566 4287 2781 4360 μοίραις
2804 4286 2977 4340 ἐδόκει
3008 4286 3190 4357 ἕτερα*
3217 4288 3245 4340 ό
3270 4287 3365 4357 μὲν
3393 4285 3639 4340 ἀπώλετο
3655 4288 3857 4352 αὐταῖς

2270 4378 2506 4451 βουλαῖς,
2538 4379 2602 4431 σὺ
2636 4379 2693 4432 δὲ
2724 4376 2793 4431 τὰ
2820 4377 3028 4431 ἐκείνου
3057 4364 3330 4447 νῦνῖχεις.
3351 4378 3503 4431 Ἐπεὶ
3532 4378 3591 4431 δὲ
3614 4379 3856 4452 ἁρμονίᾳ

2267 4470 2625 4540 κολακευτικῇ
2662 4467 2895 4538 ἄχθομαι
2939 4468 3120 4537 (δοκεῖ
3160 4466 3266 4539 γάρ
3300 4484 3388 4538 μοι
3419 4467 3526 4521 τῶν
3554 4468 3854 4541 ὲκρύθμων

581 4557 707 4629 quia
740 4556 927 4612 Parcis
981 4558 1141 4613 aliter
1192 4566 1277 4614 est
1325 4559 1545 4624 visum,
1598 4560 1851 4619 Vitellius
1904 4563 2161 4633 quidem,

2268 4579 2328 4615 τε
2363 4563 2456 4615 καὶ
2489 4562 2589 4614 οὐκ
2623 4559 2937 4629 εὐφθόγγων
2956 4560 3031 4630 (5)
3061 4556 3243 4633 εἶναι),
3261 4560 3549 4631 τετμήσθω
3577 4577 3669 4632 μοι
3696 4562 3795 4632 ἦδε
3816 4564 3850 4633 ὴ

654 4771 694 4802 ⁸⁷
737 4771 930 4852 lih._ut
955 4772 1188 4852 .3237.
1268 4773 1312 4805 "
1352 4773 1577 4852 lib._ttt,
1613 4791 1665 4832 c.
1706 4778 1792 4833 H.
1874 4781 1916 4814 ¹⁹
1955 4781 2048 4836 lib.
2088 4801 2139 4839 vt

2308 4787 2365 4840 Η
2401 4802 2417 4852 ;
2449 4793 2502 4841 et
2534 4785 2626 4839 lib.
2662 4800 2735 4839 vn
2772 4801 2823 4841 c.
2857 4785 2927 4840 3?.
2991 4783 3137 4841 conf.
3188 4794 3243 4840 et
3298 4800 3347 4841 ε.
3382 4803 3433 4841 c.
3469 4787 3559 4844 5t.

581 4855 707 4908 vttt,
741 4859 790 4899 c.
830 4843 881 4896 7.
956 4843 1025 4875 ²⁰’
1064 4843 1159 4898 lib.
1194 4860 1327 4909 vut,
1362 4858 1416 4899 c.
1455 4845 1505 4899 7.

652 5023 763 5096 (95)
804 5023 1284 5095 Κακοὸαιμόνων.
1314 5024 1558 5095 Infelices
1581 5025 1813 5079 Romani
1836 5040 2055 5096 quoque
2081 5042 2164 5081 so-

578 5097 693 5151 lent
716 5111 917 5151 vocare
937 5111 1053 5154 eos.
1073 5096 1274 5167 quibus
1296 5112 1454 5152 mens
1478 5105 1563 5151 est
1608 5097 1774 5167 laava;
1799 5095 2166 5167 κακοδαίμονα

578 5172 762 5221 autem
806 5176 862 5220 et
911 5167 1203 5239 εὐδαίμονα
1237 5165 1614 5239 Graecisesse,
1648 5166 1852 5236 quibus
1900 5165 2166 5239 beneuvel

581 5236 1078 5360 sectastconstituta'
1094 5253 1249 5292 mens
1269 5246 1375 5303 est,
1409 5237 1474 5292 ad
1499 5236 1889 5291 Philostratum
1919 5236 2166 5305 pluribus

581 5322 681 5360 nro
725 5322 752 5359 a
784 5323 895 5360 um.

620 5314 895 5361 robatttm.

580 5323 1140 5449 ρτῖἕὲἷἭάσιλείαν
1166 5380 1376 5446 τούτῳ.
1416 5378 1561 5449 (Ante
1590 5378 1856 5448 scriptum
1880 5384 1999 5433 erat
2019 5376 2170 5447 βασι-

578 5446 754 5520 λείαξ
789 5446 1060 5520 Eusebius
1091 5449 1254 5520 hath
1284 5448 1560 5520 βασιλείαν
1593 5466 1690 5520 τῳ.

655 5517 764 5585 (97)
818 5518 1150 5574 Ἀποϐάλοι.
1192 5516 1384 5575 Verior
1412 5519 1561 5575 baud
1583 5516 1749 5573 dubie
1792 5516 1979 5581 lectio,
2003 5534 2168 5585 quam

580 5598 635 5643 et
680 5585 940 5643 Philostr.
974 5592 1244 5657 agnoscit,
1278 5599 1333 5647 et
1383 5606 1486 5647 ms.
1524 5590 1747 5645 Morello
1796 5588 1995 5642 visum.
2023 5585 2169 5644 Editi

580 5658 856 5713 habebant
880 5658 1193 5715 ἀποϐάλλει.

655 5729 768 5787 (98)
811 5727 1069 5783 Σκοποῦ.
1115 5731 1189 5783 Ita
1221 5728 1481 5785 Philostr.
1515 5729 1987 5798 Εᾱίιί,εύσκόπου.

654 5800 765 5866 (9‘))
810 5801 1084 5865 Ἄλλους.
1128 5800 1678 5870 Ρῑιίιοειιοηὲτέρους,
1722 5816 1885 5869 quam
1920 5804 1974 5857 in
2018 5817 2163 5857 mar-

583 5872 705 5939 gine
734 5873 1018 5927 lectionem
1058 5874 1390 5944 ascripscrat
1421 5887 1637 5944 quoque
1678 5870 1885 5928 Morell.

3661 4787 3710 4818 “
3751 4786 3847 4843 lib.

2345 5027 2422 5098 (I)
2471 5031 2547 5085 Τὰ
2571 5031 2813 5087 τοιαῦτα
2844 5032 2973 5098 δόξ.
3017 5031 3301 5100 Philostr.,
3324 5039 3392 5089 τὰ
3418 5036 3597 5089 αὐτῶν
3623 5037 3851 5091 τοιαῦτα

2273 5101 2330 5153 ὲν
2351 5102 2492 5173 ἀρχῇ
2517 5101 2788 5166 δόξαντας.

2344 5170 2568 5247 (ἢξᾘαὶ
2618 5176 2669 5228 εί
2714 5174 2833 5247 μὲθζ
2878 5172 3124 5247 ἠγάπων
3176 5174 3634 5245 κολακευτικὴν.
3687 5176 3847 5247 Apud

2271 5239 2565 5298 Eusebium
2601 5239 2721 5299 erat
2757 5239 3156 5317 κολακευτικόν,
3192 5248 3332 5302 male
3370 5249 3532 5302 etiam
3556 5239 3681 5317 post
3710 5239 3853 5317 ἠγά-

2274 5329 2390 5365 πων
2438 5329 2649 5389 comma
2694 5316 3356 5389 poneliatur._L’~trumque
3405 5316 3661 5373 mendum
3709 5316 3852 5389 pne-

2272 5393 2435 5438 eunte
2468 5383 2801 5439 Philostrato
2835 5385 3053 5439 sustuli.

2350 5456 2425 5522 (5)
2472 5457 2549 5510 Τὰ
2572 5454 2674 5510 σά.
2717 5455 2906 5509 Melior
2935 5454 3079 5509 haud
3109 5456 3275 5513 dubie
3298 5463 3384 5512 est
3411 5457 3577 5514 lectio
3610 5459 3745 5519 haec.
3777 5476 3847 5514 ex

2278 5521 2613 5597 Philestrato
2662 5533 2937 5589 revocata,
2971 5542 3134 5596 quam
3167 5528 3312 5597 quod
3352 5528 3407 5582 in
3434 5529 3596 5583 editis
3626 5529 3844 5587 Eusebii

2276 5604 2359 5650 est
2389 5596 2535 5661 τάδε,
2572 5598 2651 5651 sic
2682 5596 3134 5667 enimsequentia
3169 5596 3351 5667 aptius
3377 5599 3668 5654 cohaerent.

2347 5666 2425 5733 (4)
2465 5667 2799 5721 Βιτελλίου.
2843 5666 3103 5722 Philostr.
3133 5666 3283 5723 addit
3311 5669 3561 5723 ἐνταῦθα.

2346 5738 2421 5803 (5)
2463 5737 3041 5808 Εὺςσϐόγγωνζᾼηῑεε
3063 5738 3351 5808 ἀφθόγγων
3382 5740 3541 5801 male,
3568 5738 3834 5797 Honsrezt.

2271 5804 2472 5879 Nempe
2493 5802 2808 5877 εὐεθόγγων
2835 5802 3150 5864 Philostrati
3181 5802 3343 5865 etiam
3372 5809 3587 5866 codices
3619 5812 3839 5867 habent.
