4054 6408
310 376 414 433 857

1437 385 1641 442 LIBER
1664 376 1958 445 CONTRA.
1994 387 2414 445 HIEROCLEM.

3467 389 3576 447 858

310 494 498 569 πυρά,
526 496 620 553 καὶ
664 498 832 570 μηδὲν
857 500 995 573 ήγοῦ
1024 502 1134 556 τῶν
1167 503 1277 558 σῶν
1306 506 1704 579 ὲντεθυμῆσθαί
1736 528 1825 581 με.
1868 530 1887 562 ι

1996 510 2125 563 dum
2159 508 2261 565 ista
2291 515 2475 579 ageret
2505 508 2733 564 consilia
2758 549 2775 575 ,
2826 508 2968 564 male
2996 506 3178 580 periit,
3203 515 3264 562 tu
3286 522 3419 562 vero
3456 522 3577 570 quite

309 586 409 639 Διά
435 584 642 642 τούτων
683 589 740 643 δὲ
764 591 900 661 όμοῦ
926 592 1016 646 τὸν
1047 592 1217 667 ἄνδρα
1244 596 1474 663 κόλακα,
1508 601 1604 653 καὶ⁵
1628 600 1889 671 ψεύστην,

309 676 403 731 καὶ
433 676 613 735 πάντα
641 680 841 752 μᾶλλον
866 683 899 754 ἢ
935 685 1241 756 φιλόσοφον,
1270 691 1300 743 ό
1335 690 1477 763 ὑπὲρ
1505 692 1602 763 τῆς
1631 692 1893 765 ἀληθείας

309 768 608 842 παρίστησι
654 770 807 843 λόγος
833 774 931 845 (6).
962 777 1213 834 Τοσαῦτα
1259 780 1368 852 γάρ
1416 782 1677 856 πρότερον
1721 784 1891 839 εἰπὼν

300 861 451 915 κατά
478 861 572 917 τοῦ
602 865 951 935 Δομετιανοῦ,
995 870 1280 926 κολακεύει
1315 874 1408 927 νῦν
1430 876 1458 928 ό
1482 876 1762 944 γεννάδας,
1797 878 1892 931 καὶ

307 953 790 1028 καθυποκρίνεται,
825 960 903 1023 ὡς
950 961 1105 1016 οὐδέν
1144 981 1197 1018 τι
1235 968 1353 1019 κατ’
1382 966 1569 1031 αὑτοῦ,
1606 969 1803 1039 μᾶλλον
1834 969 1891 1023 δὲ

308 1043 452 1116 ὑπὲρ
484 1045 672 1113 αὐτοῦ,
707 1048 814 1103 τῶν
853 1051 981 1125 περὶ
1015 1055 1220 1125 μοιρῶν
1251 1056 1399 1127 αὐτῷ
1430 1058 1524 1112 καὶ
1555 1059 1799 1131 ἀνάγκης
1832 1065 1890 1116 ἐν

318 1135 497 1210 Ἰωνίᾳ
534 1142 926 1212 κεκινημένων.
947 1146 1202 1201 Ἀνάλαὸε
1240 1149 1381 1219 δῆτα
1420 1152 1518 1222 τὴν
1554 1152 1814 1225 ἱστορίαν,
1844 1150 1890 1209 ὦ

309 1232 668 1302 συγγραφεῦ,
717 1235 810 1288 καὶ
865 1237 965 1307 τῆς
1012 1238 1268 1309 ἀληθείας
1322 1242 1586 1315 διανήψας
1641 1244 1768 1316 (7)
1821 1247 1892 1301 τὰ

309 1323 580 1396 πρότερόν
653 1342 736 1379 σοι
790 1329 1069 1401 γραφέντα
1137 1330 1368 1407 λαμπρᾷ
1431 1336 1525 1388 καὶ
1609 1335 1890 1409 φιλαλήθει

305 1413 481 1470 δίελθε
540 1416 615 1490 (8)
673 1422 737 1491 τῇ
786 1423 936 1492 φωνῇ
959 1462 975 1487 ,
1022 1423 1190 1495 μηδὲν
1241 1425 1731 1499 ύποστειλάμενος³
1779 1430 1888 1495 Ὧς,

307 1511 368 1563 ὲν
435 1511 645 1583 Ἐφέσῳ
710 1513 1026 1586 διατρίϐων,
1076 1534 1094 1568 ί
1155 1518 1361 1591 ἀφίστη
1419 1520 1748 1592 Δομετιανοῦ
1801 1521 1892 1577 άνο

306 1598 441 1671 δρας
474 1600 572 1673 (9),
600 1603 695 1657 καὶ
724 1604 865 1676 ὑπὲρ
899 1605 1151 1660 ἁπάντων
1175 1609 1444 1681 ὲρρώννυε
1476 1612 1769 1684 σωτηρίας·
1795 1615 1890 1669 καὶ

305 1692 408 1755 τὰς
456 1693 557 1764 μὲν
597 1695 1045 1767 επιστολιμαίους
1077 1699 1293 1770 ὁμιλίας
1334 1701 1446 1773 (10)
1478 1703 1580 1756 ούκ
1624 1704 1890 1773 ἀσφαλεῖς

306 1785 495 1850 αὐτοῖς
520 1785 690 1857 ᾤετο,
725 1789 832 1842 τῶν
863 1790 920 1845 δὲ
953 1792 1187 1864 ἑταίρων
1215 1796 1341 1857 τοὺς
1377 1795 1885 1867 σωφρονεστάτους,

1995 602 2145 657 illius
2168 608 2325 655 erant
2351 615 2500 655 nunc
2555 600 2828 670 possides.
2881 600 2988 656 Sed
3027 601 3284 672 quoniam
3326 599 3575 655 adulato-

1995 709 2116 748 rum
2154 701 2351 748 cantus
2388 708 2475 749 me
2505 693 2753 758 offendit,
2788 692 3027 756 (videtur
3048 693 3194 751 enim
3227 692 3361 747 mihi
3393 692 3574 749 disso-

1992 800 2100 840 nus
2124 800 2249 840 esse
2276 799 2340 839 ac
2367 782 2625 855 discors.)
2665 784 2965 854 rumpenda
3003 784 3133 838 mihi
3168 784 3273 839 ista
3300 790 3386 838 est
3411 783 3573 838 chor-

1992 878 2083 932 da.
2137 876 2325 947 Neque
2370 877 2531 933 velim
2578 885 2635 931 ut
2681 876 2966 933 arbitreris
3020 878 3089 931 de
3128 876 3241 931 tuis
3273 876 3438 931 rebus
3484 890 3573 931 me

1994 966 2291 1037 cogitasse.
2359 984 2378 1018 ι
2434 965 2533 1023 His
2588 973 2769 1021 autem
2820 966 3162 1035 Apollonium
3234 966 3569 1020 adulatoretn

1987 1057 2146 1128 juxta
2197 1065 2250 1112 et
2282 1058 2622 1123 mendacem,
2652 1065 2706 1113 et
2730 1058 2946 1128 quidvis
2978 1058 3158 1128 potius
3195 1071 3358 1127 quam
3394 1055 3571 1126 philo-

1991 1151 2247 1220 s0phum,
2283 1152 2443 1207 nobis
2486 1150 2634 1206 sistit
2685 1150 2915 1206 historia
2965 1151 3103 1214 ista,
3159 1149 3405 1205 veritatis
3433 1147 3571 1203 adeo

1992 1243 2260 1300 studiosa.
2289 1242 2537 1315 Namque
2563 1243 2705 1299 idem
2727 1283 2743 1309 ,
2774 1243 2869 1314 qui
2898 1244 3136 1314 graviter
3163 1243 3300 1298 adeo
3325 1244 3478 1314 prius
3512 1242 3570 1298 in

1995 1335 2363 1392 Domitianum
2416 1336 2596 1392 fuerat
2652 1336 2934 1401 invectus,
2990 1350 3137 1391 nunc
3187 1335 3440 1391 adulatur
3487 1336 3573 1390 vir

1992 1435 2273 1492 strenuus,
2301 1430 2632 1501 simulatque
2668 1444 2732 1486 ac
2771 1431 2819 1487 si
2853 1446 2963 1487 non
2995 1440 3188 1487 contra
3235 1431 3411 1501 ipsum
3461 1429 3573 1485 ullo

1990 1522 2176 1586 modo,
2215 1520 2310 1578 sed
2338 1537 2439 1591 pro
2470 1523 2590 1593 ipso
2633 1523 2816 1593 potius
2861 1520 3095 1587 faciant,
3133 1537 3273 1593 quos
3326 1521 3383 1576 in
3421 1518 3575 1575 lonia

1989 1614 2106 1682 ipse
2151 1613 2220 1670 de
2240 1613 2367 1669 fatis
2410 1622 2574 1685 atque
2614 1617 2943 1673 necessitate
2979 1626 3222 1675 moverat
3263 1618 3572 1674 discursus.

1992 1702 2159 1760 Sume
2193 1705 2362 1775 igitur
2387 1706 2444 1760 in
2470 1720 2665 1762 manus
2695 1716 2865 1772 tuam,
2901 1724 2937 1763 ο
2971 1710 3228 1779 scriptor,
3251 1709 3537 1765 historiam
3557 1747 3571 1771 ,

1988 1804 2046 1851 et
2101 1797 2317 1853 veritati
2359 1799 2701 1870 pervigilium
2751 1815 2938 1870 agens,
3001 1810 3158 1857 antea
3221 1801 3319 1855 tibi
3376 1800 3432 1854 in
3484 1798 3573 1853 lit-

305 1877 493 1932 ἄλλοτε
523 1878 681 1933 ἄλλον
713 1881 1137 1952 ἀπολαμϐάνων,
1169 1886 1445 1950 Διάκονον,
1474 1886 1622 1956 ἔλεγε
1649 1927 1664 1953 ,
1705 1888 1887 1941 ποιοῦ-

1995 1894 2140 1940 teras
2177 1884 2350 1940 relata
2390 1887 2537 1940 clara
2588 1903 2721 1943 voce
2770 1897 2826 1942 et
2870 1889 3118 1945 veritatis
3159 1890 3398 1945 studium
3438 1905 3577 1959 pra:-

308 1971 408 2039 μαί
458 1988 520 2024 σε
554 1972 867 2045 ἀπορρήτου
913 1974 1188 2047 λαμπροῦ.
1230 1975 1451 2031 Βαδίσαι
1496 1977 1555 2031 δέ
1590 1995 1650 2031 σε
1682 1978 1788 2051 χρὴ
1829 1979 1888 2044 ἐς

317 2060 538 2134 Ῥώμην
572 2064 723 2137 παρά
759 2066 851 2119 τὸν
884 2066 1059 2131 δεῖνα,
1098 2068 1192 2122 καὶ
1239 2069 1583 2140 διαλεχθῆναί
1614 2072 1684 2125 οἱ.
1719 2091 1739 2122 ι
1776 2071 1888 2126 Καὶ

301 2152 575 2222 διελέγετο
607 2155 708 2226 μὲν
762 2157 904 2228 ὑπὲρ
941 2158 1144 2229 μοιρῶν
1195 2161 1291 2214 καὶ
1329 2161 1608 2230 ἀνάγκης,
1665 2164 1759 2216 καὶ
1794 2164 1886 2217 τὸν

301 2244 460 2315 λόγον
483 2246 641 2319 διῄει,
669 2248 751 2302 ὅτι
782 2250 916 2322 μηδὲ
947 2253 997 2304 οἱ
1026 2252 1278 2325 τύραννοι
1304 2253 1373 2306 τά
1403 2254 1608 2325 μοιρῶν
1637 2248 1740 2307 οἷοι
1771 2254 1888 2326 βιά-

302 2338 513 2404 ζεσθαι.
551 2342 660 2395 Καὶ
691 2341 768 2406 ὡς
801 2341 1006 2415 χαλκῆς
1050 2345 1256 2409 εἰκόνος
1300 2346 1592 2417 ἱδρυμένης
1627 2350 1888 2418 Δομετια-

301 2432 398 2487 νοῦ
426 2434 565 2503 πρὸς
586 2433 664 2505 τῷ
697 2436 925 2508 Μέλητι,
946 2438 1277 2510 ἐπιστρέψας
1304 2442 1363 2502 ἐς
1394 2439 1564 2508 αὐτὴν
1594 2442 1721 2504 τοὺς
1742 2458 1884 2512 παρ-

300 2525 484 2589 όντας·
517 2546 535 2577 ι
563 2526 778 2599 Ἀνόητε
802 2567 818 2591 ,
851 2523 1024 2594 εἶπεν,
1052 2528 1128 2593 ὡς
1163 2530 1296 2584 πολὺ
1321 2531 1713 2603 διαμαρτάνεις
1765 2550 1885 2602 μοι·

304 2618 418 2692 ρῶν
448 2619 542 2672 καὶ
587 2620 852 2693 ἀνάγκης.
881 2614 952 2691 ᾯ
984 2620 1094 2693 γὰρ
1130 2621 1267 2692 μετά
1305 2622 1366 2675 σὲ
1395 2623 1752 2695 τυραννεῦσαι
1787 2625 1886 2677 πέ-

299 2727 553 2783 πρωται,
586 2712 775 2767 τοῦτον
821 2712 915 2765 καὶ
948 2714 997 2766 εί
1030 2714 1428 2780 ἀποκτείνειας,
1463 2715 1880 2771 ἀναδιώσεται.»

313 2804 373 2855 ’0
403 2803 467 2876 δὴ
497 2805 635 2876 μετά
666 2807 791 2871 τοὺς
818 2808 994 2871 τοίους
1018 2807 1296 2876 διαλόγους
1337 2807 1650 2862 κολακεύων
1680 2809 1772 2862 τὸν
1793 2808 1886 2862 τύ-

303 2914 522 2970 ραννον,
545 2899 640 2952 καὶ
672 2900 838 2970 μηδὲν
870 2917 922 2952 τι
948 2899 1153 2954 τούτων
1180 2900 1256 2963 ὡς
1284 2900 1423 2971 πρὸς
1447 2899 1612 2954 αὑτὸν
1636 2900 1886 2975 εἰρῆσθαι

299 2990 454 3062 αύτῷ
490 2994 1018 3064 κατειρωνευόμενος
1039 3033 1053 3057 ,
1090 2993 1207 3057 πῶς
1230 2994 1292 3047 ού
1323 2994 1626 3069 μοχθηρίας
1664 2994 1885 3065 ἀπάσης

300 3086 399 3138 καὶ
424 3083 803 3157 ἀνελευθερίας
826 3085 1069 3157 κριθείη;
1100 3088 1148 3139 εί
1179 3086 1253 3158 μὴ
1277 3088 1386 3159 ἄρα
1416 3087 1784 3161 ψευδηγόρους
1812 3105 1888 3141 τι-

300 3176 401 3239 νὰς
441 3176 538 3229 καὶ
586 3177 926 3247 κατηγόρους
978 3176 1073 3231 τοῦ
1120 3178 1340 3249 ἀνδρὸς,
1391 3179 1511 3250 οὐχὶ
1555 3179 1613 3234 δὲ
1665 3180 1886 3251 ἀληθεῖς

1988 1985 2153 2033 eunte
2184 1975 2346 2049 540
2368 1980 2565 2049 relege,
2598 1997 2697 2035 nec
2728 1990 2779 2036 te
2801 1981 3079 2037 subducas
3105 1982 3234 2037 huic
3265 1982 3420 2037 oneri
3452 1996 3464 2031 :
3500 1979 3571 2036 Ut

1989 2085 2186 2139 nempe
2218 2085 2600 2128 commoratus
2623 2072 2821 2144 Ephesi
2858 2075 2927 2139 “,
2960 2092 2980 2125 ι
3019 2088 3051 2128 a
3085 2072 3397 2128 Domitiano
3426 2072 3575 2128 viros

1990 2162 2405 2229 abalienaverit,
2469 2171 2524 2219 et
2556 2171 2615 2218 ut
2638 2179 2993 2220 communem
3043 2170 3329 2219 tuerentur
3355 2162 3578 2217 liberta-

1990 2262 2099 2309 tem
2151 2253 2601 2310 confirmaverit:
2636 2265 2802 2327 atque
2841 2254 3173 2311 commercia
3215 2253 3433 2325 quidem
3480 2266 3579 2324 per

1986 2348 2253 2417 epistolas
2287 2349 2475 2405 minus
2510 2359 2623 2403 tuta
2673 2349 2810 2419 ipsis
2843 2364 2965 2404 esse
2998 2347 3294 2421 putaverit,
3333 2345 3581 2417 adeoque

1990 2441 2258 2497 sodalium
2311 2442 2781 2513 prudentissimis,
2841 2441 3002 2496 modo
3025 2442 3130 2497 hoc
3180 2438 3347 2495 modo
3395 2438 3503 2495 alio
3542 2452 3580 2495 tt

1995 2534 2157 2588 turba
2192 2532 2443 2597 seducto,
2468 2534 2673 2590 dixerit
2698 2550 2712 2586 :
2744 2533 2922 2605 Magni
2957 2540 3009 2589 te
3035 2532 3175 2588 facio
3201 2531 3384 2587 arcani
3413 2530 3574 2585 mini-

1989 2633 2186 2681 strum.
2237 2623 2466 2695 Oportet
2497 2633 2680 2681 autem
2712 2624 2939 2678 Romam
2965 2632 3021 2680 te
3050 2625 3201 2680 abire
3228 2623 3295 2678 ad
3318 2624 3463 2678 hunc
3486 2624 3574 2678 vel

1991 2717 2171 2779 illum,
2205 2725 2369 2786 atque
2402 2732 2528 2771 cum
2576 2733 2643 2772 eo
2698 2716 2993 2773 disserere.
3027 2735 3046 2768 ι
3084 2714 3158 2771 Ut
3190 2716 3318 2771 item
3354 2714 3422 2771 de
3452 2714 3578 2773 fatis

1987 2819 2040 2864 et
2065 2810 2393 2865 necessitate
2408 2810 2623 2864 locutus
2637 2810 2707 2865 sit
2720 2811 2787 2875 “,
2805 2818 2966 2880 atque
2988 2807 3290 2863 ostenderit
3304 2807 3575 2873 oratione,

1987 2901 2134 2972 quod
2173 2917 2242 2956 ne
2288 2901 2507 2973 tyranni
2555 2901 2775 2971 quidem
2829 2900 3064 2956 fatorum
3109 2908 3324 2955 mutare
3361 2900 3578 2955 decreta

1987 2995 2227 3049 valeant.
2258 2991 2330 3047 Ut
2379 3008 2547 3063 porro
2590 3007 2743 3047 aenea
2796 3006 2922 3047 cum
2952 2998 3102 3047 esset
3149 2990 3461 3047 Domitiano
3509 2990 3579 3043 ad

1987 3085 2241 3142 Meletem
2269 3083 2496 3140 ﬂuvium
2528 3084 2710 3155 posita
2750 3090 2956 3146 statua,
2982 3083 3039 3137 in
3061 3098 3181 3139 eam
3214 3090 3274 3137 ut
3299 3084 3580 3138 intueren-

1986 3185 2080 3231 tur
2115 3217 2130 3243 ,
2189 3189 2491 3249 pra-sentes
2555 3192 2748 3233 omnes
2784 3175 3118 3246 permoverit
3149 3215 3165 3240 ,
3233 3174 3574 3246 dixeritque:

302 3268 657 3339 συγγραφέας
676 3309 691 3332 ,
727 3266 846 3341 θείη
880 3287 967 3333 τις
999 3271 1125 3333 τοὺς
1147 3269 1321 3324 ταῦτα
1354 3273 1539 3342 μνήμῃ
1568 3271 1885 3341 παραδεδω-

1996 3292 2015 3323 ι
2039 3271 2084 3327 Ο
2101 3273 2463 3341 stulte,quam
2478 3270 2715 3325 fatorum
2732 3270 2953 3341 ignoras
2968 3270 3206 3325 indolem
3224 3281 3386 3342 atque
3396 3284 3583 3325 neces-

302 3357 491 3422 κότας.
536 3359 645 3413 Καὶ
689 3359 793 3413 ποῦ
842 3360 934 3414 τοῦ
988 3360 1367 3428 Φιλαλήθους
1405 3382 1423 3412 ι
1454 3364 1503 3415 οἱ
1552 3362 1885 3426 παιδεύσεως

303 3450 409 3519 μὲν
447 3450 540 3502 ἐπὶ
590 3450 843 3504 πλεῖστον
888 3452 1147 3523 ἥκοντες,
1182 3454 1244 3505 τὸ
1293 3452 1337 3505 δ’
1377 3454 1575 3526 ἀληθὲς
1619 3454 1887 3525 τιμῶντες

302 3544 673 3612 συγγραφεῖςς
710 3562 728 3593 ι
762 3543 937 3616 Δάμις
974 3562 1034 3597 τε
1062 3546 1091 3598 ό
1126 3545 1414 3615 φιλόσοφος
1434 3586 1448 3609 ,
1484 3549 1514 3600 ὁ
1546 3548 1639 3600 καὶ
1673 3547 1887 3601 συνδια-

299 3633 503 3705 τρίψας
533 3632 612 3705 τῷ
638 3634 971 3706 δηλουμένῳ,
1007 3637 1101 3689 καὶ
1130 3636 1487 3709 Φιλόστρατος
1518 3639 1547 3690 ό
1584 3638 1884 3709 Ἀθηναῖος,

300 3728 398 3797 ἀφ’
429 3722 507 3783 ὧν
546 3728 721 3783 ταῦτα
760 3729 1118 3800 παρατίθεται
1140 3747 1152 3759 ·
1188 3729 1281 3794 οὓς
1314 3730 1499 3800 σαφῶς
1532 3730 1704 3795 οὕτως
1738 3732 1892 3785 ἐναν-

298 3819 703 3889 τιολογοῦντας,
739 3820 1124 3893 κομπάζοντάς
1154 3840 1217 3876 τε
1250 3822 1488 3895 ἀληθῶς,
1518 3823 1611 3876 καὶ
1644 3828 1758 3887 τοῖς
1795 3841 1892 3895 μα-

300 3912 554 3984 χομένοις
632 3915 1073 3986 παρισταμένους
1132 3913 1373 3985 ψεύστας
1438 3914 1717 3987 ἐναργῶς,
1797 3916 1890 3968 καὶ

299 4006 695 4075 ἀπαιδεύτους,
748 4008 845 4062 καὶ
886 4007 1089 4079 γόητας
1130 4008 1232 4079 τῆς
1282 4007 1539 4080 ἀληθείας
1580 4008 1641 4061 τὸ
1690 4007 1891 4078 φέγγος

298 4099 602 4171 διήλεγξεν.

300 4194 506 4246 rimum
579 4190 864 4262 profecere
894 4231 909 4255 ,

1995 3364 2194 3421 sitatis.
2222 3362 2324 3418 Cui
2358 3364 2505 3419 enim
2538 3364 2608 3419 ab
2631 3363 2734 3426 eis,
2759 3370 2961 3433 utpost
2983 3371 3036 3418 te
3068 3364 3319 3433 imperet,
3356 3361 3461 3418 fuit
3488 3362 3581 3419 de-

1990 3463 2224 3519 cretum,
2247 3454 2358 3519 ille,
2384 3456 2431 3510 si
2453 3457 2690 3524 perimas
2710 3456 2896 3520 etiam,
2914 3454 3253 3512 reviviscet.»
3285 3454 3406 3510 Iam
3421 3471 3573 3527 ergo,

1996 3547 2090 3619 qui
2134 3554 2257 3619 post
2290 3563 2576 3604 sermones
2597 3547 2875 3617 ejusmodi
2901 3548 3158 3603 adulatur
3205 3556 3462 3620 tyranno,
3494 3560 3577 3605 ato

1994 3655 2102 3710 que
2136 3640 2272 3694 nihil
2330 3656 2521 3696 eorum
2580 3640 2635 3694 in
2689 3641 2867 3711 ipsum
2922 3639 3129 3695 dictum
3164 3655 3289 3696 esse
3332 3641 3575 3708 simulat,

1992 3730 2268 3801 quomodo
2324 3731 2505 3787 omnis
2540 3732 2588 3787 is
2637 3730 2896 3801 nequitiae
2941 3730 3223 3801 animique
3287 3732 3576 3788 illiberalis

1992 3840 2121 3878 reus
2139 3837 2248 3877 non
2286 3823 2517 3894 agatur?
2549 3822 2661 3879 Nisi
2710 3822 2851 3879 forte
2888 3824 3181 3879 mendaces
3232 3824 3499 3894 quosdam
3522 3835 3579 3880 et

1993 3916 2423 3971 calumniatores
2452 3915 2728 3985 Apollonii
2792 3931 2916 3972 esse
2949 3924 3173 3979 statuat,
3212 3932 3326 3972 non
3355 3932 3576 3975 veraces

1994 4016 2268 4070 auctores,
2303 4008 2418 4062 haec
2462 4008 2556 4078 qui
2591 4009 2868 4063 memoriae
2906 4009 3289 4079 prodiderunt.
3328 4009 3432 4066 Ubi
3458 4011 3575 4080 jam

1994 4098 2160 4168 igitur
2188 4100 2264 4153 illi
2289 4098 2602 4153 Philaletliis
2638 4106 2911 4163 auctores,
2950 4118 2968 4150 ι
2992 4103 3083 4171 qui
3125 4101 3433 4158 eruditione
3457 4104 3585 4174 plu-'

984 4192 1338 4261 veritatisque
1372 4210 1391 4244 ι
1457 4190 1890 4247 studiosissimi?
1928 4188 2135 4255 Darnis,
2171 4190 2416 4261 inquam,
2471 4191 2961 4262 philosophus,qui
2988 4200 3044 4246 et
3104 4207 3289 4248 comes
3319 4194 3575 4251 assiduus

298 4288 375 4350 ei,
437 4286 507 4342 de
537 4303 649 4358 quo
680 4287 883 4357 agitur,
914 4286 1038 4350 fuit,
1080 4286 1544 4357 Atheuiensisque
1576 4284 1962 4350 Philostratus,
2008 4301 2038 4339 a
2070 4286 2272 4357 quibus
2324 4286 2428 4342 ista
2458 4286 2618 4341 nobis
2648 4295 3064 4357 proponuntur:
3096 4301 3235 4356 quos
3271 4287 3583 4342 luculenter

300 4386 441 4442 adeo
474 4385 579 4441 sibi
638 4400 946 4456 repugnare
1011 4384 1168 4454 ipsis,
1205 4384 1509 4453 jactatores
1558 4393 1707 4439 certe
1734 4384 2087 4451 vanissimos,
2146 4392 2201 4439 et
2264 4383 2794 4439 contradictionibus
2828 4382 2944 4438 suis
2981 4381 3284 4453 spissorum
3339 4382 3575 4437 menda~

299 4482 518 4537 ciorum
551 4480 857 4543 convictos,
889 4478 1142 4534 indoctos
1178 4479 1305 4533 item
1340 4485 1396 4533 et
1445 4493 1637 4549 magos
1674 4478 1765 4532 lux
1798 4479 2047 4533 veritatis
2077 4479 2497 4535 demonstravit.

804 4598 1201 4653 ΚΕΦΔΛΑΙΟΝ
1260 4599 1390 4652 MA'.

2567 4594 2800 4652 CAPUT
2859 4594 3041 4651 XLIV.

382 4714 510 4767 Ἐπὶ
560 4714 695 4768 πᾶσι
727 4712 820 4767 τὸν
867 4711 1243 4776 Ἀπολλώνιον,
1277 4712 1659 4781 ἀπαλλαγέντα
1683 4711 1778 4767 τοῦ
1812 4714 1887 4767 δι-

2072 4712 2356 4768 Postremo
2377 4711 2730 4784 Apollonium
2770 4713 2981 4783 judicio
3022 4710 3336 4767 absolutum
3370 4724 3492 4765 sese
3519 4709 3580 4764 in

298 4806 604 4880 καπηρίου
625 4846 640 4871 ,
676 4808 735 4861 ὲν
767 4804 1037 4877 Λεϐαδείᾳ
1074 4803 1249 4859 ἐλθεῖν
1287 4805 1512 4876 ἱστορεῖ.
1561 4804 1892 4876 Βουλόμενόν

2002 4796 2304 4861 Lebadeam
2358 4803 2631 4876 recepisse
2682 4814 2950 4860 memorat
2972 4804 3037 4860 ".
3065 4800 3312 4874 Cumque
3362 4801 3416 4856 in
3447 4799 3571 4857 Tro-

373 4992 417 5023 ⁸⁸
460 4990 556 5047 lib.
592 5007 708 5057 vlt,
735 5004 784 5046 c.
821 4989 876 5049 8.
954 4990 1000 5024 "
1041 4989 1137 5044 lib.
1176 5006 1288 5055 vn,
1320 5004 1369 5044 c.
1398 4989 1449 5045 9.
1530 4989 1576 5022 ¹³
1618 4989 1714 5045 lib.
1752 5005 1882 5054 vm,
1915 5003 1966 5045 c.
2004 4988 2095 5044 l9.

375 5146 455 5219 (6)
505 5146 762 5219 'Oht‘mrép
809 5144 922 5219 τῇς
964 5145 1253 5219 ἀληθείας
1305 5144 1655 5219 παρίσζῃορ,
1682 5145 1885 5219 λόγος.

300 5214 518 5274 lronice
541 5214 774 5273 dictum.
808 5216 1016 5285 Nempe
1050 5231 1081 5268 a
1112 5216 1361 5271 veritatis
1397 5215 1579 5270 studio
1600 5214 1892 5269 Philostra-

297 5299 441 5357 tum,
465 5299 630 5359 atque
674 5287 821 5344 istud
867 5286 1211 5359 σύγγραμμα
1260 5287 1380 5355 ejus
1407 5286 1891 5359 commendaverat

298 5357 609 5421 Hierocles,
643 5369 705 5413 ut
735 5359 921 5413 videre
952 5357 1036 5412 est
1068 5357 1233 5427 supra
1265 5373 1385 5427 cap.
1422 5357 1478 5410 2.

372 5433 451 5499 (7)
491 5430 824 5499 Διανήψας.
865 5428 1149 5483 Acc‘olum
1183 5430 1238 5482 in
1264 5431 1381 5484 suis
1411 5428 1657 5499 διανίψας
1688 5427 1886 5498 legisse

298 5498 513 5557 certum
544 5509 628 5556 est
658 5498 833 5555 {nam
857 5500 1134 5570 quomodo
1164 5508 1376 5554 vertere
1409 5498 1546 5554 alias
1564 5499 1879 5570 potuisset:

298 5575 411 5643 Age
442 5572 682 5627 veritatis
719 5569 1121 5643 {ante’dilutam
1151 5580 1320 5643 repete
1351 5570 1487 5643 hanc
1521 5569 1673 5643 clara
1716 5579 1766 5625 et
1811 5572 1887 5624 in.

298 5639 473 5708 qe'nua
521 5644 683 5698 race?
714 5644 783 5695 At
837 5643 941 5697 ista
996 5639 1251 5711 lectione,
1296 5639 1882 5711 fatendumringenue,

300 5730 417 5768 non
460 5715 693 5768 multum
734 5711 875 5767 lucis
902 5710 1116 5783 accedit
1152 5712 1271 5768 loco
1301 5712 1560 5768 obscuro.
1591 5710 1738 5767 Nihil
1786 5727 1888 5783 ego

303 5784 527 5838 invenio
574 5784 749 5846 magis
795 5782 1095 5851 probabile.
1121 5797 1285 5853 quam
1314 5782 1601 5853 legendum
1635 5798 1759 5838 esse
1791 5782 1887 5836 καὶ

302 5857 373 5924 τῇ
404 5854 634 5927 aliqua;
667 5853 953 5924 διανήψας,
986 5854 1065 5910 sic
1114 5852 1257 5910 enim
1303 5852 1441 5910 satis
1481 5854 1644 5926 plana
1677 5852 1884 5920 omnia,

1996 5160 2306 5216 sensusque
2355 5143 2585 5214 emergit
2629 5159 2738 5216 non
2787 5142 2977 5216 clarus
3021 5149 3254 5207 tantum,
3287 5158 3477 5199 verum
3519 5153 3580 5216 et

1998 5213 2242 5285 elegans,
2280 5232 2440 5285 quem
2474 5213 2725 5285 proinde,
2753 5229 2879 5269 cum
2910 5213 3076 5267 alium
3109 5228 3218 5268 non
3249 5229 3488 5284 possem,
3519 5214 3581 5269 in

1996 5288 2252 5342 versione
2280 5288 2443 5341 etiam
2475 5285 2742 5355 expressi.

2070 5358 2149 5425 (δ)
2190 5356 2503 5425 Γραφέντα
2527 5350 2769 5425 λαμπρᾷ
2796 5353 2897 5409 καὶ
2912 5353 3230 5424 spumeos:
3250 5353 3466 5425 δίελθε.
3494 5350 3582 5425 Ex

1995 5423 2100 5481 ms.
2147 5423 2389 5497 reposui.
2426 5423 2830 5497 Prior'editio,
2890 5423 3170 5497 γραφέντα
3222 5423 3452 5497 λαμπρά
3480 5424 3581 5478 καὶ

1994 5495 2262 5569 φιλαλήθη
2299 5496 2495 5561 δίελθε,
2524 5498 2747 5551 alteram
2781 5495 2964 5569 autem
2999 5496 3283 5569 lectionem
3303 5503 3357 5549 et
3378 5495 3579 5550 distin-

1993 5565 2229 5623 ctionem
2251 5565 2537 5637 interpres
2565 5582 2782 5637 quoque
2815 5567 3081 5636 sequitur.
3116 5565 3393 5637 ῌοιετιςιι.

2064 5639 2141 5703 (9)
2187 5633 2456 5706 Ἀνδραῄ
2496 5633 2749 5699 Nervam,
2794 5633 3012 5692 Rullum
3044 5646 3098 5692 et
3125 5635 3376 5699 Orfitum,
3407 5634 3475 5690 de
3502 5633 3581 5690 iis.

1992 5709 2139 5765 enim
2171 5710 2351 5779 agitur
2379 5724 2445 5764 eo
2470 5723 2631 5779 quem
2672 5708 2897 5778 respicit
2922 5706 3240 5779 Philostrati
3274 5706 3411 5779 loco.

2067 5779 2181 5855 th)
2218 5778 2513 5855 Ὀμιλίας.
2558 5778 2818 5838 Philoslr.
2852 5778 3180 5852 ξυμϐουλίας
3205 5778 3389 5841 habet.
3426 5782 3571 5855 quod
3584 5796 3589 5801 ‘

1992 5851 2167 5925 magis
2189 5850 2437 5921 probem.
