  <div class='ocr_page' id='page_1' title='image "/cluster/home/n/w/nwhite01/storage/ocr_20150623/22/hvd.32044073501140/437.png"; bbox 0 0 4054 6408; ppageno 0'>
   <div class='ocr_carea' id='block_1_1' title="bbox 514 363 623 425">
    <p class='ocr_par' dir='ltr' id='par_1_1' title="bbox 514 363 623 425">
     <span class='ocr_line' id='line_1_1' title="bbox 514 363 623 425; baseline 0 0"><span class='ocrx_word' id='word_1_1' title='bbox 514 363 623 425; x_wconf 74' lang='lat'><strong>859</strong></span> 
     </span>
    </p>
   </div>
   <div class='ocr_carea' id='block_1_2' title="bbox 1190 372 3134 439">
    <p class='ocr_par' dir='ltr' id='par_1_2' title="bbox 1190 372 3134 439">
     <span class='ocr_line' id='line_1_2' title="bbox 1190 372 3134 439; baseline 0.004 -12"><span class='ocrx_word' id='word_1_2' title='bbox 1190 372 1462 429; x_wconf 80' lang='lat' dir='ltr'><strong>EUSEBH</strong></span> <span class='ocrx_word' id='word_1_3' title='bbox 1498 373 1981 434; x_wconf 65' lang='lat' dir='ltr'><strong>CESABIENSIS</strong></span> <span class='ocrx_word' id='word_1_4' title='bbox 2018 378 2171 436; x_wconf 87' lang='lat' dir='ltr'><strong>OPP.</strong></span> <span class='ocrx_word' id='word_1_5' title='bbox 2211 379 2396 437; x_wconf 77' lang='lat' dir='ltr'><strong>PARS</strong></span> <span class='ocrx_word' id='word_1_6' title='bbox 2424 379 2497 439; x_wconf 84' lang='grc' dir='ltr'><strong>ιι.</strong></span> <span class='ocrx_word' id='word_1_7' title='bbox 2528 410 2598 423; x_wconf 91' lang='grc'><strong>--</strong></span> <span class='ocrx_word' id='word_1_8' title='bbox 2635 378 3134 439; x_wconf 78' lang='lat' dir='ltr'><strong>APOLOGETICA.</strong></span> 
     </span>
    </p>
   </div>
   <div class='ocr_carea' id='block_1_3' title="bbox 3640 384 3728 438">
    <p class='ocr_par' dir='ltr' id='par_1_3' title="bbox 3640 384 3728 438">
     <span class='ocr_line' id='line_1_3' title="bbox 3640 384 3728 438; baseline 0.011 -1"><span class='ocrx_word' id='word_1_9' title='bbox 3640 384 3728 438; x_wconf 71' lang='grc'><strong>860</strong></span> 
     </span>
    </p>
   </div>
   <div class='ocr_carea' id='block_1_4' title="bbox 515 480 2081 570">
    <p class='ocr_par' dir='ltr' id='par_1_4' title="bbox 515 480 2081 558">
     <span class='ocr_line' id='line_1_4' title="bbox 515 480 2081 558; baseline 0.01 -23"><span class='ocrx_word' id='word_1_10' title='bbox 515 480 705 551; x_wconf 87' lang='lat' dir='ltr'><strong>phonii</strong></span> <span class='ocrx_word' id='word_1_11' title='bbox 753 498 977 554; x_wconf 78' lang='lat' dir='ltr'><strong>specum</strong></span> <span class='ocrx_word' id='word_1_12' title='bbox 1026 485 1360 545; x_wconf 84' lang='lat' dir='ltr'><strong>descendere</strong></span> <span class='ocrx_word' id='word_1_13' title='bbox 1409 487 1711 558; x_wconf 75' lang='lat' dir='ltr'><strong>aﬂectaret,</strong></span> <span class='ocrx_word' id='word_1_14' title='bbox 1756 495 2081 552; x_wconf 77' lang='lat' dir='ltr'><strong>prohibitum</strong></span> 
     </span>
    </p>
   </div>
   <div class='ocr_carea' id='block_1_5' title="bbox 2182 480 3731 570">
    <p class='ocr_par' dir='ltr' id='par_1_5' title="bbox 2195 492 3731 570">
     <span class='ocr_line' id='line_1_5' title="bbox 2195 492 3731 570; baseline 0 -20"><span class='ocrx_word' id='word_1_15' title='bbox 2195 514 2256 551; x_wconf 85' lang='grc' dir='ltr'><strong>τε</strong></span> <span class='ocrx_word' id='word_1_16' title='bbox 2302 500 2360 561; x_wconf 81' lang='grc' dir='ltr'><strong>ές</strong></span> <span class='ocrx_word' id='word_1_17' title='bbox 2407 495 2719 570; x_wconf 83' lang='grc' dir='ltr'><strong>Τροφωνίου</strong></span> <span class='ocrx_word' id='word_1_18' title='bbox 2754 494 3053 560; x_wconf 84' lang='grc' dir='ltr'>κατελθεῖν,</span> <span class='ocrx_word' id='word_1_19' title='bbox 3108 495 3182 569; x_wconf 78' lang='grc' dir='ltr'>μὴ</span> <span class='ocrx_word' id='word_1_20' title='bbox 3219 492 3587 566; x_wconf 74' lang='grc' dir='ltr'>ἐπιτρέπεσθαι</span> <span class='ocrx_word' id='word_1_21' title='bbox 3613 498 3731 568; x_wconf 73' lang='grc' dir='ltr'>πρὸς</span> 
     </span>
    </p>
   </div>
   <div class='ocr_carea' id='block_1_6' title="bbox 513 573 2093 653">
    <p class='ocr_par' dir='ltr' id='par_1_6' title="bbox 513 573 2093 653">
     <span class='ocr_line' id='line_1_6' title="bbox 513 573 2093 653; baseline 0.008 -26"><span class='ocrx_word' id='word_1_22' title='bbox 513 573 583 629; x_wconf 90' lang='lat' dir='ltr'><strong>ab</strong></span> <span class='ocrx_word' id='word_1_23' title='bbox 612 574 809 630; x_wconf 84' lang='lat' dir='ltr'><strong>incolis</strong></span> <span class='ocrx_word' id='word_1_24' title='bbox 828 591 971 643; x_wconf 89' lang='lat' dir='ltr'><strong>esse,</strong></span> <span class='ocrx_word' id='word_1_25' title='bbox 1012 578 1097 634; x_wconf 88' lang='lat' dir='ltr'><strong>his</strong></span> <span class='ocrx_word' id='word_1_26' title='bbox 1130 595 1349 650; x_wconf 89' lang='lat' dir='ltr'><strong>quoque</strong></span> <span class='ocrx_word' id='word_1_27' title='bbox 1405 595 1623 653; x_wconf 84' lang='lat' dir='ltr'><strong>magum</strong></span> <span class='ocrx_word' id='word_1_28' title='bbox 1645 598 1771 639; x_wconf 90' lang='lat' dir='ltr'><strong>eum</strong></span> <span class='ocrx_word' id='word_1_29' title='bbox 1794 600 1918 642; x_wconf 88' lang='lat' dir='ltr'><strong>esse</strong></span> <span class='ocrx_word' id='word_1_30' title='bbox 1961 600 2093 641; x_wconf 90' lang='lat' dir='ltr'><strong>cen-</strong></span> 
     </span>
    </p>
   </div>
   <div class='ocr_carea' id='block_1_7' title="bbox 512 666 2088 746">
    <p class='ocr_par' dir='ltr' id='par_1_7' title="bbox 512 666 2088 746">
     <span class='ocr_line' id='line_1_7' title="bbox 512 666 2088 746; baseline 0.006 -25"><span class='ocrx_word' id='word_1_31' title='bbox 512 666 780 723; x_wconf 79' lang='lat' dir='ltr'><strong>sentibus.</strong></span> <span class='ocrx_word' id='word_1_32' title='bbox 812 668 975 739; x_wconf 90' lang='lat' dir='ltr'><strong>Atqui</strong></span> <span class='ocrx_word' id='word_1_33' title='bbox 1006 672 1203 726; x_wconf 91' lang='lat' dir='ltr'><strong>merito</strong></span> <span class='ocrx_word' id='word_1_34' title='bbox 1252 672 1373 740; x_wconf 85' lang='lat' dir='ltr'><strong>ejus</strong></span> <span class='ocrx_word' id='word_1_35' title='bbox 1417 674 1495 728; x_wconf 85' lang='lat' dir='ltr'><strong>rei</strong></span> <span class='ocrx_word' id='word_1_36' title='bbox 1532 675 1775 746; x_wconf 88' lang='lat' dir='ltr'><strong>suspicio</strong></span> <span class='ocrx_word' id='word_1_37' title='bbox 1825 677 2088 741; x_wconf 88' lang='lat' dir='ltr'><strong>obtineat,</strong></span> 
     </span>
    </p>
   </div>
   <div class='ocr_carea' id='block_1_8' title="bbox 511 758 2091 836">
    <p class='ocr_par' dir='ltr' id='par_1_8' title="bbox 511 758 2091 836">
     <span class='ocr_line' id='line_1_8' title="bbox 511 758 2091 836; baseline 0.006 -22"><span class='ocrx_word' id='word_1_38' title='bbox 511 758 558 814; x_wconf 86' lang='lat' dir='ltr'><strong>si</strong></span> <span class='ocrx_word' id='word_1_39' title='bbox 588 759 714 829; x_wconf 89' lang='lat' dir='ltr'><strong>quis</strong></span> <span class='ocrx_word' id='word_1_40' title='bbox 743 762 1043 816; x_wconf 89' lang='lat' dir='ltr'><strong>contulerit</strong></span> <span class='ocrx_word' id='word_1_41' title='bbox 1072 764 1142 819; x_wconf 91' lang='lat' dir='ltr'><strong>ab</strong></span> <span class='ocrx_word' id='word_1_42' title='bbox 1168 764 1325 818; x_wconf 89' lang='lat' dir='ltr'><strong>initio</strong></span> <span class='ocrx_word' id='word_1_43' title='bbox 1349 763 1687 821; x_wconf 71' lang='lat' dir='ltr'><strong>Philostrato</strong></span> <span class='ocrx_word' id='word_1_44' title='bbox 1719 767 1868 825; x_wconf 90' lang='lat' dir='ltr'><strong>dicta</strong></span> <span class='ocrx_word' id='word_1_45' title='bbox 1904 769 1972 836; x_wconf 75' lang='lat'><strong>“,</strong></span> <span class='ocrx_word' id='word_1_46' title='bbox 1998 771 2091 827; x_wconf 90' lang='lat' dir='ltr'><strong>ubi</strong></span> 
     </span>
    </p>
   </div>
   <div class='ocr_carea' id='block_1_9' title="bbox 509 850 2089 926">
    <p class='ocr_par' dir='ltr' id='par_1_9' title="bbox 509 850 2089 926">
     <span class='ocr_line' id='line_1_9' title="bbox 509 850 2089 926; baseline 0.006 -21"><span class='ocrx_word' id='word_1_47' title='bbox 509 866 653 921; x_wconf 66' lang='lat' dir='ltr'><strong>aegre</strong></span> <span class='ocrx_word' id='word_1_48' title='bbox 675 850 877 915; x_wconf 80' lang='lat' dir='ltr'><strong>ferens,</strong></span> <span class='ocrx_word' id='word_1_49' title='bbox 924 854 1293 925; x_wconf 86' lang='lat' dir='ltr'><strong>suspicionem</strong></span> <span class='ocrx_word' id='word_1_50' title='bbox 1337 857 1665 926; x_wconf 82' lang='lat' dir='ltr'><strong>quibusdam</strong></span> <span class='ocrx_word' id='word_1_51' title='bbox 1716 875 1840 915; x_wconf 91' lang='lat' dir='ltr'><strong>esse</strong></span> <span class='ocrx_word' id='word_1_52' title='bbox 1889 870 2089 926; x_wconf 87' lang='lat' dir='ltr'><strong>ortam,</strong></span> 
     </span>
    </p>
   </div>
   <div class='ocr_carea' id='block_1_10' title="bbox 510 945 2090 1023">
    <p class='ocr_par' dir='ltr' id='par_1_10' title="bbox 510 945 2090 1023">
     <span class='ocr_line' id='line_1_10' title="bbox 510 945 2090 1023; baseline 0.008 -27"><span class='ocrx_word' id='word_1_53' title='bbox 510 959 702 1014; x_wconf 87' lang='lat' dir='ltr'><strong>magus</strong></span> <span class='ocrx_word' id='word_1_54' title='bbox 724 945 869 1015; x_wconf 89' lang='lat' dir='ltr'><strong>quod</strong></span> <span class='ocrx_word' id='word_1_55' title='bbox 901 946 993 1011; x_wconf 85' lang='lat' dir='ltr'><strong>sit,</strong></span> <span class='ocrx_word' id='word_1_56' title='bbox 1021 947 1073 1002; x_wconf 90' lang='lat' dir='ltr'><strong>id</strong></span> <span class='ocrx_word' id='word_1_57' title='bbox 1107 948 1285 1018; x_wconf 90' lang='lat' dir='ltr'><strong>ipsum</strong></span> <span class='ocrx_word' id='word_1_58' title='bbox 1329 951 1633 1007; x_wconf 84' lang='lat' dir='ltr'><strong>admiratus</strong></span> <span class='ocrx_word' id='word_1_59' title='bbox 1663 953 1876 1023; x_wconf 87' lang='lat' dir='ltr'><strong>inquit:</strong></span> <span class='ocrx_word' id='word_1_60' title='bbox 1918 973 1937 1006; x_wconf 76' lang='grc' dir='ltr'>ι</span> <span class='ocrx_word' id='word_1_61' title='bbox 1960 954 2090 1008; x_wconf 90' lang='lat' dir='ltr'><strong>Em-</strong></span> 
     </span>
    </p>
   </div>
   <div class='ocr_carea' id='block_1_11' title="bbox 511 1035 2091 1117">
    <p class='ocr_par' dir='ltr' id='par_1_11' title="bbox 511 1035 2091 1117">
     <span class='ocr_line' id='line_1_11' title="bbox 511 1035 2091 1117; baseline 0.008 -27"><span class='ocrx_word' id='word_1_62' title='bbox 511 1035 787 1105; x_wconf 87' lang='lat' dir='ltr'><strong>pedoclem</strong></span> <span class='ocrx_word' id='word_1_63' title='bbox 836 1045 1001 1108; x_wconf 88' lang='lat' dir='ltr'><strong>atque</strong></span> <span class='ocrx_word' id='word_1_64' title='bbox 1060 1037 1423 1111; x_wconf 83' lang='lat' dir='ltr'><strong>Pythagoram</strong></span> <span class='ocrx_word' id='word_1_65' title='bbox 1453 1042 1959 1117; x_wconf 85' lang='lat' dir='ltr'><strong>Detnocritumque,</strong></span> <span class='ocrx_word' id='word_1_66' title='bbox 1994 1048 2091 1117; x_wconf 93' lang='lat' dir='ltr'><strong>qui</strong></span> 
     </span>
    </p>
   </div>
   <div class='ocr_carea' id='block_1_12' title="bbox 508 1127 2089 1207">
    <p class='ocr_par' dir='ltr' id='par_1_12' title="bbox 508 1127 2089 1207">
     <span class='ocr_line' id='line_1_12' title="bbox 508 1127 2089 1207; baseline 0.005 -25"><span class='ocrx_word' id='word_1_67' title='bbox 508 1127 825 1182; x_wconf 89' lang='lat' dir='ltr'><strong>eorumdem</strong></span> <span class='ocrx_word' id='word_1_68' title='bbox 847 1145 1127 1199; x_wconf 86' lang='lat' dir='ltr'><strong>magorum</strong></span> <span class='ocrx_word' id='word_1_69' title='bbox 1152 1131 1464 1187; x_wconf 82' lang='lat' dir='ltr'><strong>exstiterint</strong></span> <span class='ocrx_word' id='word_1_70' title='bbox 1489 1133 1768 1203; x_wconf 88' lang='lat' dir='ltr'><strong>discipuli,</strong></span> <span class='ocrx_word' id='word_1_71' title='bbox 1806 1152 2089 1207; x_wconf 87' lang='lat' dir='ltr'><strong>nunquam</strong></span> 
     </span>
    </p>
   </div>
   <div class='ocr_carea' id='block_1_13' title="bbox 506 1220 2090 1297">
    <p class='ocr_par' dir='ltr' id='par_1_13' title="bbox 506 1220 2090 1297">
     <span class='ocr_line' id='line_1_13' title="bbox 506 1220 2090 1297; baseline 0.006 -26"><span class='ocrx_word' id='word_1_72' title='bbox 506 1227 687 1275; x_wconf 85' lang='lat' dir='ltr'><strong>tamen</strong></span> <span class='ocrx_word' id='word_1_73' title='bbox 709 1220 763 1274; x_wconf 91' lang='lat' dir='ltr'><strong>in</strong></span> <span class='ocrx_word' id='word_1_74' title='bbox 781 1221 917 1276; x_wconf 92' lang='lat' dir='ltr'><strong>artis</strong></span> <span class='ocrx_word' id='word_1_75' title='bbox 936 1221 1084 1278; x_wconf 89' lang='lat' dir='ltr'><strong>illius</strong></span> <span class='ocrx_word' id='word_1_76' title='bbox 1107 1223 1477 1293; x_wconf 88' lang='lat' dir='ltr'><strong>suspicionem</strong></span> <span class='ocrx_word' id='word_1_77' title='bbox 1513 1226 1761 1293; x_wconf 78' lang='lat' dir='ltr'><strong>venisse;</strong></span> <span class='ocrx_word' id='word_1_78' title='bbox 1784 1224 1942 1297; x_wconf 59' lang='lat'><strong>55],</strong></span> <span class='ocrx_word' id='word_1_79' title='bbox 1969 1228 2090 1281; x_wconf 88' lang='lat' dir='ltr'><strong>Pla-</strong></span> 
     </span>
    </p>
   </div>
   <div class='ocr_carea' id='block_1_14' title="bbox 506 1312 2088 1387">
    <p class='ocr_par' dir='ltr' id='par_1_14' title="bbox 506 1312 2088 1387">
     <span class='ocr_line' id='line_1_14' title="bbox 506 1312 2088 1387; baseline 0.006 -23"><span class='ocrx_word' id='word_1_80' title='bbox 506 1316 688 1365; x_wconf 91' lang='lat' dir='ltr'><strong>tonem</strong></span> <span class='ocrx_word' id='word_1_81' title='bbox 704 1325 942 1381; x_wconf 86' lang='lat' dir='ltr'><strong>quoque,</strong></span> <span class='ocrx_word' id='word_1_82' title='bbox 964 1314 1180 1369; x_wconf 87' lang='lat' dir='ltr'><strong>tametsi</strong></span> <span class='ocrx_word' id='word_1_83' title='bbox 1201 1315 1269 1369; x_wconf 90' lang='lat' dir='ltr'><strong>ab</strong></span> <span class='ocrx_word' id='word_1_84' title='bbox 1285 1312 1556 1386; x_wconf 67' lang='lat' dir='ltr'><strong>Egyptiis</strong></span> <span class='ocrx_word' id='word_1_85' title='bbox 1572 1315 1947 1372; x_wconf 85' lang='lat' dir='ltr'><strong>sacerdotibus</strong></span> <span class='ocrx_word' id='word_1_86' title='bbox 1963 1333 2088 1387; x_wconf 83' lang='lat' dir='ltr'><strong>pro—</strong></span> 
     </span>
    </p>
   </div>
   <div class='ocr_carea' id='block_1_15' title="bbox 507 1402 2090 1477">
    <p class='ocr_par' dir='ltr' id='par_1_15' title="bbox 507 1402 2090 1477">
     <span class='ocr_line' id='line_1_15' title="bbox 507 1402 2090 1477; baseline 0.005 -21"><span class='ocrx_word' id='word_1_87' title='bbox 507 1402 793 1473; x_wconf 84' lang='lat' dir='ltr'><strong>phetisque</strong></span> <span class='ocrx_word' id='word_1_88' title='bbox 822 1404 992 1457; x_wconf 91' lang='lat' dir='ltr'><strong>multa</strong></span> <span class='ocrx_word' id='word_1_89' title='bbox 1024 1405 1351 1476; x_wconf 87' lang='lat' dir='ltr'><strong>accepisset,</strong></span> <span class='ocrx_word' id='word_1_90' title='bbox 1377 1422 1550 1477; x_wconf 86' lang='lat' dir='ltr'><strong>eaque</strong></span> <span class='ocrx_word' id='word_1_91' title='bbox 1578 1408 1696 1463; x_wconf 90' lang='lat' dir='ltr'><strong>suis</strong></span> <span class='ocrx_word' id='word_1_92' title='bbox 1727 1407 1883 1463; x_wconf 87' lang='lat' dir='ltr'><strong>libris</strong></span> <span class='ocrx_word' id='word_1_93' title='bbox 1909 1408 2090 1464; x_wconf 89' lang='lat' dir='ltr'><strong>inser-</strong></span> 
     </span>
    </p>
   </div>
   <div class='ocr_carea' id='block_1_16' title="bbox 506 1495 2083 1573">
    <p class='ocr_par' dir='ltr' id='par_1_16' title="bbox 506 1495 2083 1573">
     <span class='ocr_line' id='line_1_16' title="bbox 506 1495 2083 1573; baseline 0.006 -24"><span class='ocrx_word' id='word_1_94' title='bbox 506 1495 699 1560; x_wconf 80' lang='lat' dir='ltr'><strong>uisset,</strong></span> <span class='ocrx_word' id='word_1_95' title='bbox 724 1512 1067 1567; x_wconf 87' lang='lat' dir='ltr'><strong>nequaquam</strong></span> <span class='ocrx_word' id='word_1_96' title='bbox 1092 1505 1272 1555; x_wconf 88' lang='lat' dir='ltr'><strong>tamen</strong></span> <span class='ocrx_word' id='word_1_97' title='bbox 1296 1500 1554 1571; x_wconf 87' lang='lat' dir='ltr'><strong>cuiquam</strong></span> <span class='ocrx_word' id='word_1_98' title='bbox 1576 1503 1769 1573; x_wconf 72' lang='lat' dir='ltr'><strong>magiae</strong></span> <span class='ocrx_word' id='word_1_99' title='bbox 1802 1503 2083 1558; x_wconf 85' lang='lat' dir='ltr'><strong>addictum</strong></span> 
     </span>
    </p>
   </div>
   <div class='ocr_carea' id='block_1_17' title="bbox 502 1587 2087 1659">
    <p class='ocr_par' dir='ltr' id='par_1_17' title="bbox 502 1587 2087 1659">
     <span class='ocr_line' id='line_1_17' title="bbox 502 1587 2087 1659; baseline 0.008 -20"><span class='ocrx_word' id='word_1_100' title='bbox 502 1588 682 1642; x_wconf 88' lang='lat' dir='ltr'><strong>visum</strong></span> <span class='ocrx_word' id='word_1_101' title='bbox 722 1603 865 1642; x_wconf 88' lang='lat' dir='ltr'><strong>esse.</strong></span> <span class='ocrx_word' id='word_1_102' title='bbox 896 1587 973 1643; x_wconf 89' lang='lat' dir='ltr'><strong>De</strong></span> <span class='ocrx_word' id='word_1_103' title='bbox 1003 1588 1294 1659; x_wconf 85' lang='lat' dir='ltr'><strong>Apollonio</strong></span> <span class='ocrx_word' id='word_1_104' title='bbox 1323 1602 1506 1649; x_wconf 88' lang='lat' dir='ltr'><strong>autem</strong></span> <span class='ocrx_word' id='word_1_105' title='bbox 1538 1594 1786 1650; x_wconf 92' lang='lat' dir='ltr'><strong>nondum</strong></span> <span class='ocrx_word' id='word_1_106' title='bbox 1823 1596 1959 1653; x_wconf 88' lang='lat' dir='ltr'><strong>satis</strong></span> <span class='ocrx_word' id='word_1_107' title='bbox 1987 1597 2087 1651; x_wconf 85' lang='lat' dir='ltr'><strong>ho-</strong></span> 
     </span>
    </p>
   </div>
   <div class='ocr_carea' id='block_1_18' title="bbox 502 1676 2086 1758">
    <p class='ocr_par' dir='ltr' id='par_1_18' title="bbox 502 1676 2086 1758">
     <span class='ocr_line' id='line_1_18' title="bbox 502 1676 2086 1758; baseline 0.009 -27"><span class='ocrx_word' id='word_1_108' title='bbox 502 1676 743 1732; x_wconf 80' lang='lat' dir='ltr'><strong>minibus</strong></span> <span class='ocrx_word' id='word_1_109' title='bbox 783 1679 1112 1744; x_wconf 88' lang='lat' dir='ltr'><strong>innotuisse,</strong></span> <span class='ocrx_word' id='word_1_110' title='bbox 1153 1683 1300 1752; x_wconf 88' lang='lat' dir='ltr'><strong>quod</strong></span> <span class='ocrx_word' id='word_1_111' title='bbox 1349 1684 1600 1755; x_wconf 72' lang='lat' dir='ltr'><strong>ingenuae</strong></span> <span class='ocrx_word' id='word_1_112' title='bbox 1635 1688 1918 1758; x_wconf 77' lang='lat' dir='ltr'><strong>sapientia:</strong></span> <span class='ocrx_word' id='word_1_113' title='bbox 1950 1705 2086 1745; x_wconf 91' lang='lat' dir='ltr'><strong>usus</strong></span> 
     </span>
    </p>
   </div>
   <div class='ocr_carea' id='block_1_19' title="bbox 503 1772 2084 1851">
    <p class='ocr_par' dir='ltr' id='par_1_19' title="bbox 503 1772 2084 1851">
     <span class='ocr_line' id='line_1_19' title="bbox 503 1772 2084 1851; baseline 0.005 -24"><span class='ocrx_word' id='word_1_114' title='bbox 503 1775 575 1827; x_wconf 87' lang='lat' dir='ltr'><strong>sit</strong></span> <span class='ocrx_word' id='word_1_115' title='bbox 597 1772 948 1841; x_wconf 89' lang='lat' dir='ltr'><strong>adjumentis,</strong></span> <span class='ocrx_word' id='word_1_116' title='bbox 985 1790 1313 1848; x_wconf 87' lang='lat' dir='ltr'><strong>magumque</strong></span> <span class='ocrx_word' id='word_1_117' title='bbox 1341 1777 1608 1833; x_wconf 89' lang='lat' dir='ltr'><strong>creditum</strong></span> <span class='ocrx_word' id='word_1_118' title='bbox 1631 1795 1755 1835; x_wconf 91' lang='lat' dir='ltr'><strong>esse</strong></span> <span class='ocrx_word' id='word_1_119' title='bbox 1770 1795 1916 1842; x_wconf 86' lang='lat' dir='ltr'><strong>eum,</strong></span> <span class='ocrx_word' id='word_1_120' title='bbox 1937 1781 2084 1851; x_wconf 89' lang='lat' dir='ltr'><strong>quod</strong></span> 
     </span>
    </p>
   </div>
   <div class='ocr_carea' id='block_1_20' title="bbox 500 1848 2160 1944">
    <p class='ocr_par' dir='ltr' id='par_1_20' title="bbox 500 1848 2160 1944">
     <span class='ocr_line' id='line_1_20' title="bbox 500 1848 2160 1944; baseline 0.008 -25"><span class='ocrx_word' id='word_1_121' title='bbox 500 1865 923 1939; x_wconf 85' lang='lat' dir='ltr'><strong>Babyloniorum</strong></span> <span class='ocrx_word' id='word_1_122' title='bbox 948 1874 1120 1943; x_wconf 87' lang='lat' dir='ltr'><strong>magis</strong></span> <span class='ocrx_word' id='word_1_123' title='bbox 1150 1871 1694 1944; x_wconf 88' lang='lat' dir='ltr'><strong>Brachmanibusque</strong></span> <span class='ocrx_word' id='word_1_124' title='bbox 1717 1848 1994 1939; x_wconf 81' lang='lat' dir='ltr'><strong>Indorum,</strong></span> <span class='ocrx_word' id='word_1_125' title='bbox 2018 1891 2082 1931; x_wconf 89' lang='lat' dir='ltr'><strong>ac</strong></span> <span class='ocrx_word' id='word_1_126' title='bbox 2120 1848 2160 1901; x_wconf 77' lang='grc' dir='ltr'><strong><em>Β</em></strong></span> 
     </span>
    </p>
   </div>
   <div class='ocr_carea' id='block_1_21' title="bbox 501 1955 2079 2031">
    <p class='ocr_par' dir='ltr' id='par_1_21' title="bbox 501 1955 2079 2031">
     <span class='ocr_line' id='line_1_21' title="bbox 501 1955 2079 2031; baseline 0.005 -20"><span class='ocrx_word' id='word_1_127' title='bbox 501 1955 775 2028; x_wconf 65' lang='grc' dir='ltr'>Ᾰζεγριίἰε</span> <span class='ocrx_word' id='word_1_128' title='bbox 807 1956 979 2014; x_wconf 85' lang='lat' dir='ltr'><strong>Nudis</strong></span> <span class='ocrx_word' id='word_1_129' title='bbox 1002 1975 1061 2015; x_wconf 90' lang='lat' dir='ltr'><strong>se</strong></span> <span class='ocrx_word' id='word_1_130' title='bbox 1111 1961 1167 2015; x_wconf 92' lang='lat' dir='ltr'><strong>in</strong></span> <span class='ocrx_word' id='word_1_131' title='bbox 1220 1961 1567 2031; x_wconf 89' lang='lat' dir='ltr'><strong>disciplinam</strong></span> <span class='ocrx_word' id='word_1_132' title='bbox 1610 1962 1869 2018; x_wconf 89' lang='lat' dir='ltr'><strong>dedisset.</strong></span> <span class='ocrx_word' id='word_1_133' title='bbox 1893 1984 1911 2015; x_wconf 77' lang='grc' dir='ltr'>ι</span> <span class='ocrx_word' id='word_1_134' title='bbox 1940 1962 2079 2030; x_wconf 84' lang='lat' dir='ltr'><strong>Quid</strong></span> 
     </span>
    </p>
   </div>
   <div class='ocr_carea' id='block_1_22' title="bbox 500 2049 2084 2124">
    <p class='ocr_par' dir='ltr' id='par_1_22' title="bbox 500 2049 2084 2124">
     <span class='ocr_line' id='line_1_22' title="bbox 500 2049 2084 2124; baseline 0.004 -21"><span class='ocrx_word' id='word_1_135' title='bbox 500 2049 667 2119; x_wconf 84' lang='lat' dir='ltr'><strong>igitur</strong></span> <span class='ocrx_word' id='word_1_136' title='bbox 714 2049 1046 2107; x_wconf 88' lang='lat' dir='ltr'><strong>Philostrato</strong></span> <span class='ocrx_word' id='word_1_137' title='bbox 1104 2054 1463 2124; x_wconf 87' lang='lat' dir='ltr'><strong>responderi,</strong></span> <span class='ocrx_word' id='word_1_138' title='bbox 1521 2056 1716 2119; x_wconf 86' lang='lat' dir='ltr'><strong>amice,</strong></span> <span class='ocrx_word' id='word_1_139' title='bbox 1780 2057 2084 2111; x_wconf 84' lang='lat' dir='ltr'><strong>convenit?</strong></span> 
     </span>
    </p>
   </div>
   <div class='ocr_carea' id='block_1_23' title="bbox 497 2139 2083 2217">
    <p class='ocr_par' dir='ltr' id='par_1_23' title="bbox 497 2139 2083 2217">
     <span class='ocr_line' id='line_1_23' title="bbox 497 2139 2083 2217; baseline 0.006 -21"><span class='ocrx_word' id='word_1_140' title='bbox 497 2139 702 2212; x_wconf 86' lang='lat' dir='ltr'><strong>Nempe</strong></span> <span class='ocrx_word' id='word_1_141' title='bbox 727 2143 811 2197; x_wconf 91' lang='lat' dir='ltr'><strong>vir</strong></span> <span class='ocrx_word' id='word_1_142' title='bbox 837 2144 941 2199; x_wconf 88' lang='lat' dir='ltr'><strong>iste</strong></span> <span class='ocrx_word' id='word_1_143' title='bbox 988 2144 1109 2214; x_wconf 83' lang='lat' dir='ltr'><strong>ejus</strong></span> <span class='ocrx_word' id='word_1_144' title='bbox 1134 2146 1351 2217; x_wconf 86' lang='lat' dir='ltr'><strong>generis</strong></span> <span class='ocrx_word' id='word_1_145' title='bbox 1374 2162 1465 2203; x_wconf 90' lang='lat' dir='ltr'><strong>res</strong></span> <span class='ocrx_word' id='word_1_146' title='bbox 1489 2148 1709 2202; x_wconf 88' lang='lat' dir='ltr'><strong>molitus</strong></span> <span class='ocrx_word' id='word_1_147' title='bbox 1751 2147 1874 2213; x_wconf 77' lang='lat' dir='ltr'><strong>fuit,</strong></span> <span class='ocrx_word' id='word_1_148' title='bbox 1910 2157 1968 2202; x_wconf 90' lang='lat' dir='ltr'><strong>ut</strong></span> <span class='ocrx_word' id='word_1_149' title='bbox 1992 2166 2083 2205; x_wconf 91' lang='lat' dir='ltr'><strong>so-</strong></span> 
     </span>
    </p>
   </div>
   <div class='ocr_carea' id='block_1_24' title="bbox 497 2232 2075 2311">
    <p class='ocr_par' dir='ltr' id='par_1_24' title="bbox 497 2232 2075 2311">
     <span class='ocr_line' id='line_1_24' title="bbox 497 2232 2075 2311; baseline 0.005 -24"><span class='ocrx_word' id='word_1_150' title='bbox 497 2232 587 2289; x_wconf 91' lang='lat' dir='ltr'><strong>lus</strong></span> <span class='ocrx_word' id='word_1_151' title='bbox 617 2241 671 2289; x_wconf 90' lang='lat' dir='ltr'><strong>et</strong></span> <span class='ocrx_word' id='word_1_152' title='bbox 688 2234 817 2289; x_wconf 75' lang='lat' dir='ltr'><strong>olim</strong></span> <span class='ocrx_word' id='word_1_153' title='bbox 853 2244 906 2291; x_wconf 86' lang='lat' dir='ltr'><strong>et</strong></span> <span class='ocrx_word' id='word_1_154' title='bbox 934 2246 1124 2291; x_wconf 89' lang='lat' dir='ltr'><strong>nostra</strong></span> <span class='ocrx_word' id='word_1_155' title='bbox 1183 2247 1341 2294; x_wconf 71' lang='lat' dir='ltr'><strong>:ctate</strong></span> <span class='ocrx_word' id='word_1_156' title='bbox 1398 2237 1562 2293; x_wconf 82' lang='lat' dir='ltr'><strong>fuerit</strong></span> <span class='ocrx_word' id='word_1_157' title='bbox 1593 2238 1813 2295; x_wconf 90' lang='lat' dir='ltr'><strong>habitus</strong></span> <span class='ocrx_word' id='word_1_158' title='bbox 1863 2256 2075 2311; x_wconf 90' lang='lat' dir='ltr'><strong>magus,</strong></span> 
     </span>
    </p>
   </div>
   <div class='ocr_carea' id='block_1_25' title="bbox 498 2324 2077 2402">
    <p class='ocr_par' dir='ltr' id='par_1_25' title="bbox 498 2324 2077 2402">
     <span class='ocr_line' id='line_1_25' title="bbox 498 2324 2077 2402; baseline 0.006 -25"><span class='ocrx_word' id='word_1_159' title='bbox 498 2338 608 2394; x_wconf 76' lang='lat' dir='ltr'><strong>pne</strong></span> <span class='ocrx_word' id='word_1_160' title='bbox 636 2324 969 2394; x_wconf 88' lang='lat' dir='ltr'><strong>ejuscemodi</strong></span> <span class='ocrx_word' id='word_1_161' title='bbox 1030 2327 1183 2392; x_wconf 90' lang='lat' dir='ltr'><strong>viris,</strong></span> <span class='ocrx_word' id='word_1_162' title='bbox 1237 2329 1331 2398; x_wconf 91' lang='lat' dir='ltr'><strong>qui</strong></span> <span class='ocrx_word' id='word_1_163' title='bbox 1374 2329 1500 2384; x_wconf 90' lang='lat' dir='ltr'><strong>licet</strong></span> <span class='ocrx_word' id='word_1_164' title='bbox 1546 2331 1791 2395; x_wconf 89' lang='lat' dir='ltr'><strong>eosdem,</strong></span> <span class='ocrx_word' id='word_1_165' title='bbox 1829 2331 1975 2402; x_wconf 87' lang='lat' dir='ltr'><strong>quod</strong></span> <span class='ocrx_word' id='word_1_166' title='bbox 2018 2340 2077 2386; x_wconf 93' lang='lat' dir='ltr'><strong>tu</strong></span> 
     </span>
    </p>
   </div>
   <div class='ocr_carea' id='block_1_26' title="bbox 498 2416 2081 2492">
    <p class='ocr_par' dir='ltr' id='par_1_26' title="bbox 498 2416 2081 2492">
     <span class='ocr_line' id='line_1_26' title="bbox 498 2416 2081 2492; baseline 0.005 -21"><span class='ocrx_word' id='word_1_167' title='bbox 498 2416 719 2486; x_wconf 89' lang='lat' dir='ltr'><strong>quidem</strong></span> <span class='ocrx_word' id='word_1_168' title='bbox 745 2418 848 2481; x_wconf 86' lang='lat' dir='ltr'><strong>ais,</strong></span> <span class='ocrx_word' id='word_1_169' title='bbox 881 2420 1091 2489; x_wconf 83' lang='lat' dir='ltr'><strong>experti</strong></span> <span class='ocrx_word' id='word_1_170' title='bbox 1140 2418 1376 2475; x_wconf 84' lang='lat' dir='ltr'><strong>fuissent</strong></span> <span class='ocrx_word' id='word_1_171' title='bbox 1417 2422 1733 2492; x_wconf 85' lang='lat' dir='ltr'><strong>magistros,</strong></span> <span class='ocrx_word' id='word_1_172' title='bbox 1769 2430 1823 2479; x_wconf 90' lang='lat' dir='ltr'><strong>et</strong></span> <span class='ocrx_word' id='word_1_173' title='bbox 1844 2440 1944 2479; x_wconf 94' lang='lat' dir='ltr'><strong>suo</strong></span> <span class='ocrx_word' id='word_1_174' title='bbox 1995 2432 2081 2479; x_wconf 82' lang='lat' dir='ltr'><strong>ta-</strong></span> 
     </span>
    </p>
   </div>
   <div class='ocr_carea' id='block_1_27' title="bbox 499 2510 2081 2587">
    <p class='ocr_par' dir='ltr' id='par_1_27' title="bbox 499 2510 2081 2587">
     <span class='ocr_line' id='line_1_27' title="bbox 499 2510 2081 2587; baseline 0.007 -25"><span class='ocrx_word' id='word_1_175' title='bbox 499 2522 622 2565; x_wconf 89' lang='lat' dir='ltr'><strong>men</strong></span> <span class='ocrx_word' id='word_1_176' title='bbox 642 2524 757 2563; x_wconf 55' lang='lat' dir='ltr'><strong>arvo</strong></span> <span class='ocrx_word' id='word_1_177' title='bbox 786 2510 928 2565; x_wconf 90' lang='lat' dir='ltr'><strong>bona</strong></span> <span class='ocrx_word' id='word_1_178' title='bbox 962 2510 1104 2565; x_wconf 83' lang='lat' dir='ltr'><strong>fama</strong></span> <span class='ocrx_word' id='word_1_179' title='bbox 1131 2513 1303 2581; x_wconf 87' lang='lat' dir='ltr'><strong>gavisi</strong></span> <span class='ocrx_word' id='word_1_180' title='bbox 1330 2520 1480 2577; x_wconf 86' lang='lat' dir='ltr'><strong>sunt,</strong></span> <span class='ocrx_word' id='word_1_181' title='bbox 1506 2522 1561 2569; x_wconf 91' lang='lat' dir='ltr'><strong>et</strong></span> <span class='ocrx_word' id='word_1_182' title='bbox 1602 2515 1837 2585; x_wconf 83' lang='lat' dir='ltr'><strong>posteris</strong></span> <span class='ocrx_word' id='word_1_183' title='bbox 1859 2532 2081 2587; x_wconf 88' lang='lat' dir='ltr'><strong>quoque</strong></span> 
     </span>
    </p>
   </div>
   <div class='ocr_carea' id='block_1_28' title="bbox 494 2601 2077 2672">
    <p class='ocr_par' dir='ltr' id='par_1_28' title="bbox 494 2601 2077 2672">
     <span class='ocr_line' id='line_1_28' title="bbox 494 2601 2077 2672; baseline 0.005 -17"><span class='ocrx_word' id='word_1_184' title='bbox 494 2602 838 2671; x_wconf 89' lang='lat' dir='ltr'><strong>temporibus</strong></span> <span class='ocrx_word' id='word_1_185' title='bbox 856 2601 1214 2672; x_wconf 67' lang='lat' dir='ltr'><strong>phi|050phiaa</strong></span> <span class='ocrx_word' id='word_1_186' title='bbox 1253 2619 1367 2659; x_wconf 73' lang='lat' dir='ltr'><strong>suae</strong></span> <span class='ocrx_word' id='word_1_187' title='bbox 1417 2606 1669 2661; x_wconf 86' lang='lat' dir='ltr'><strong>virtutem</strong></span> <span class='ocrx_word' id='word_1_188' title='bbox 1721 2608 2077 2665; x_wconf 86' lang='lat' dir='ltr'><strong>commenda-</strong></span> 
     </span>
    </p>
   </div>
   <div class='ocr_carea' id='block_1_29' title="bbox 493 2693 2079 2769">
    <p class='ocr_par' dir='ltr' id='par_1_29' title="bbox 493 2693 2079 2769">
     <span class='ocr_line' id='line_1_29' title="bbox 493 2693 2079 2769; baseline 0.004 -20"><span class='ocrx_word' id='word_1_189' title='bbox 493 2693 765 2751; x_wconf 69' lang='lat' dir='ltr'><strong>tissimam</strong></span> <span class='ocrx_word' id='word_1_190' title='bbox 794 2695 1084 2765; x_wconf 84' lang='lat' dir='ltr'><strong>reliquere.</strong></span> <span class='ocrx_word' id='word_1_191' title='bbox 1119 2697 1317 2752; x_wconf 85' lang='lat' dir='ltr'><strong>Annon</strong></span> <span class='ocrx_word' id='word_1_192' title='bbox 1345 2698 1514 2768; x_wconf 82' lang='lat' dir='ltr'><strong>igitur</strong></span> <span class='ocrx_word' id='word_1_193' title='bbox 1543 2699 1683 2753; x_wconf 91' lang='lat' dir='ltr'><strong>ultra</strong></span> <span class='ocrx_word' id='word_1_194' title='bbox 1713 2715 1876 2769; x_wconf 90' lang='lat' dir='ltr'><strong>quam</strong></span> <span class='ocrx_word' id='word_1_195' title='bbox 1908 2700 1991 2756; x_wconf 82' lang='lat' dir='ltr'><strong>fas</strong></span> <span class='ocrx_word' id='word_1_196' title='bbox 2007 2702 2079 2757; x_wconf 88' lang='lat' dir='ltr'><strong>sit</strong></span> 
     </span>
    </p>
   </div>
   <div class='ocr_carea' id='block_1_30' title="bbox 493 2787 2078 2863">
    <p class='ocr_par' dir='ltr' id='par_1_30' title="bbox 493 2787 2078 2863">
     <span class='ocr_line' id='line_1_30' title="bbox 493 2787 2078 2863; baseline 0.003 -20"><span class='ocrx_word' id='word_1_197' title='bbox 493 2802 618 2843; x_wconf 84' lang='lat' dir='ltr'><strong>eum</strong></span> <span class='ocrx_word' id='word_1_198' title='bbox 679 2787 1054 2844; x_wconf 88' lang='lat' dir='ltr'><strong>molitionibus</strong></span> <span class='ocrx_word' id='word_1_199' title='bbox 1105 2790 1222 2846; x_wconf 89' lang='lat' dir='ltr'><strong>suis</strong></span> <span class='ocrx_word' id='word_1_200' title='bbox 1273 2791 1635 2861; x_wconf 88' lang='lat' dir='ltr'><strong>processisse,</strong></span> <span class='ocrx_word' id='word_1_201' title='bbox 1698 2793 1899 2863; x_wconf 89' lang='lat' dir='ltr'><strong>quibus</strong></span> <span class='ocrx_word' id='word_1_202' title='bbox 1945 2810 2078 2849; x_wconf 69' lang='lat' dir='ltr'><strong>satia</strong></span> 
     </span>
    </p>
   </div>
   <div class='ocr_carea' id='block_1_31' title="bbox 493 2883 2079 2956">
    <p class='ocr_par' dir='ltr' id='par_1_31' title="bbox 493 2883 2079 2956">
     <span class='ocr_line' id='line_1_31' title="bbox 493 2883 2079 2956; baseline 0.003 -20"><span class='ocrx_word' id='word_1_203' title='bbox 493 2898 650 2938; x_wconf 83' lang='lat' dir='ltr'><strong>mens</strong></span> <span class='ocrx_word' id='word_1_204' title='bbox 679 2890 765 2937; x_wconf 87' lang='lat' dir='ltr'><strong>est</strong></span> <span class='ocrx_word' id='word_1_205' title='bbox 793 2883 1050 2939; x_wconf 92' lang='lat' dir='ltr'><strong>omnibus</strong></span> <span class='ocrx_word' id='word_1_206' title='bbox 1079 2883 1433 2939; x_wconf 82' lang='lat' dir='ltr'><strong>manifestum</strong></span> <span class='ocrx_word' id='word_1_207' title='bbox 1457 2885 1567 2940; x_wconf 86' lang='lat' dir='ltr'><strong>sit?</strong></span> <span class='ocrx_word' id='word_1_208' title='bbox 1610 2883 1858 2956; x_wconf 88' lang='lat' dir='ltr'><strong>Suntque</strong></span> <span class='ocrx_word' id='word_1_209' title='bbox 1883 2888 2079 2941; x_wconf 86' lang='lat' dir='ltr'><strong>etiam-</strong></span> 
     </span>
    </p>
   </div>
   <div class='ocr_carea' id='block_1_32' title="bbox 493 2973 2080 3047">
    <p class='ocr_par' dir='ltr' id='par_1_32' title="bbox 493 2973 2080 3047">
     <span class='ocr_line' id='line_1_32' title="bbox 493 2973 2080 3047; baseline 0.003 -20"><span class='ocrx_word' id='word_1_210' title='bbox 493 2988 625 3027; x_wconf 89' lang='lat' dir='ltr'><strong>num</strong></span> <span class='ocrx_word' id='word_1_211' title='bbox 660 2973 822 3029; x_wconf 87' lang='lat' dir='ltr'><strong>hodie</strong></span> <span class='ocrx_word' id='word_1_212' title='bbox 852 2975 945 3044; x_wconf 92' lang='lat' dir='ltr'><strong>qui</strong></span> <span class='ocrx_word' id='word_1_213' title='bbox 1004 2976 1246 3046; x_wconf 90' lang='lat' dir='ltr'><strong>magicas</strong></span> <span class='ocrx_word' id='word_1_214' title='bbox 1298 2976 1608 3039; x_wconf 88' lang='lat' dir='ltr'><strong>machinas,</strong></span> <span class='ocrx_word' id='word_1_215' title='bbox 1645 2992 1767 3047; x_wconf 65' lang='lat' dir='ltr'><strong>qua:</strong></span> <span class='ocrx_word' id='word_1_216' title='bbox 1796 2978 1901 3032; x_wconf 83' lang='lat' dir='ltr'><strong>viri</strong></span> <span class='ocrx_word' id='word_1_217' title='bbox 1931 2978 2080 3032; x_wconf 88' lang='lat' dir='ltr'><strong>illius</strong></span> 
     </span>
    </p>
   </div>
   <div class='ocr_carea' id='block_1_33' title="bbox 492 3066 2078 3139">
    <p class='ocr_par' dir='ltr' id='par_1_33' title="bbox 492 3066 2078 3139">
     <span class='ocr_line' id='line_1_33' title="bbox 492 3066 2078 3139; baseline 0.002 -19"><span class='ocrx_word' id='word_1_218' title='bbox 492 3080 617 3121; x_wconf 89' lang='lat' dir='ltr'><strong>esse</strong></span> <span class='ocrx_word' id='word_1_219' title='bbox 653 3066 929 3128; x_wconf 86' lang='lat' dir='ltr'><strong>dicantur,</strong></span> <span class='ocrx_word' id='word_1_220' title='bbox 967 3081 1091 3123; x_wconf 92' lang='lat' dir='ltr'><strong>sese</strong></span> <span class='ocrx_word' id='word_1_221' title='bbox 1120 3067 1305 3122; x_wconf 85' lang='lat' dir='ltr'><strong>dicant</strong></span> <span class='ocrx_word' id='word_1_222' title='bbox 1361 3069 1654 3139; x_wconf 89' lang='lat' dir='ltr'><strong>reperisse.</strong></span> <span class='ocrx_word' id='word_1_223' title='bbox 1704 3069 1774 3122; x_wconf 83' lang='lat' dir='ltr'><strong>At</strong></span> <span class='ocrx_word' id='word_1_224' title='bbox 1807 3069 1928 3126; x_wconf 90' lang='lat' dir='ltr'><strong>istis</strong></span> <span class='ocrx_word' id='word_1_225' title='bbox 1959 3071 2078 3124; x_wconf 87' lang='lat' dir='ltr'><strong>ani-</strong></span> 
     </span>
    </p>
   </div>
   <div class='ocr_carea' id='block_1_34' title="bbox 493 3158 2077 3230">
    <p class='ocr_par' dir='ltr' id='par_1_34' title="bbox 493 3158 2077 3230">
     <span class='ocr_line' id='line_1_34' title="bbox 493 3158 2077 3230; baseline 0.004 -19"><span class='ocrx_word' id='word_1_226' title='bbox 493 3172 642 3211; x_wconf 75' lang='lat' dir='ltr'><strong>mum</strong></span> <span class='ocrx_word' id='word_1_227' title='bbox 672 3158 955 3214; x_wconf 86' lang='lat' dir='ltr'><strong>advertere</strong></span> <span class='ocrx_word' id='word_1_228' title='bbox 980 3173 1127 3214; x_wconf 90' lang='lat' dir='ltr'><strong>nunc</strong></span> <span class='ocrx_word' id='word_1_229' title='bbox 1147 3159 1368 3229; x_wconf 92' lang='lat' dir='ltr'><strong>quidem</strong></span> <span class='ocrx_word' id='word_1_230' title='bbox 1404 3160 1546 3214; x_wconf 90' lang='lat' dir='ltr'><strong>haud</strong></span> <span class='ocrx_word' id='word_1_231' title='bbox 1579 3160 1773 3230; x_wconf 85' lang='lat' dir='ltr'><strong>placet.</strong></span> <span class='ocrx_word' id='word_1_232' title='bbox 1796 3159 1868 3217; x_wconf 88' lang='lat' dir='ltr'><strong>De</strong></span> <span class='ocrx_word' id='word_1_233' title='bbox 1905 3172 2077 3217; x_wconf 85' lang='lat' dir='ltr'><strong>morte</strong></span> 
     </span>
    </p>
   </div>
   <div class='ocr_carea' id='block_1_35' title="bbox 494 3249 2075 3321">
    <p class='ocr_par' dir='ltr' id='par_1_35' title="bbox 494 3249 2075 3321">
     <span class='ocr_line' id='line_1_35' title="bbox 494 3249 2075 3321; baseline 0.003 -18"><span class='ocrx_word' id='word_1_234' title='bbox 494 3257 676 3303; x_wconf 85' lang='lat' dir='ltr'><strong>autem</strong></span> <span class='ocrx_word' id='word_1_235' title='bbox 709 3249 872 3305; x_wconf 90' lang='lat' dir='ltr'><strong>etiam</strong></span> <span class='ocrx_word' id='word_1_236' title='bbox 909 3250 1010 3305; x_wconf 91' lang='lat' dir='ltr'><strong>viri</strong></span> <span class='ocrx_word' id='word_1_237' title='bbox 1043 3250 1323 3321; x_wconf 89' lang='lat' dir='ltr'><strong>prioribus</strong></span> <span class='ocrx_word' id='word_1_238' title='bbox 1366 3257 1737 3307; x_wconf 86' lang='lat' dir='ltr'><strong>consentanea</strong></span> <span class='ocrx_word' id='word_1_239' title='bbox 1778 3251 1908 3306; x_wconf 92' lang='lat' dir='ltr'><strong>dum</strong></span> <span class='ocrx_word' id='word_1_240' title='bbox 1940 3268 2075 3308; x_wconf 72' lang='lat' dir='ltr'><strong>coa-</strong></span> 
     </span>
    </p>
   </div>
   <div class='ocr_carea' id='block_1_36' title="bbox 494 3340 2075 3411">
    <p class='ocr_par' dir='ltr' id='par_1_36' title="bbox 494 3340 2075 3411">
     <span class='ocr_line' id='line_1_36' title="bbox 494 3340 2075 3411; baseline 0.005 -18"><span class='ocrx_word' id='word_1_241' title='bbox 494 3340 705 3405; x_wconf 87' lang='lat' dir='ltr'><strong>cinnat,</strong></span> <span class='ocrx_word' id='word_1_242' title='bbox 764 3340 914 3395; x_wconf 72' lang='lat' dir='ltr'><strong>nulla</strong></span> <span class='ocrx_word' id='word_1_243' title='bbox 971 3351 1124 3411; x_wconf 89' lang='lat' dir='ltr'><strong>parte</strong></span> <span class='ocrx_word' id='word_1_244' title='bbox 1171 3342 1455 3397; x_wconf 88' lang='lat' dir='ltr'><strong>veritatem</strong></span> <span class='ocrx_word' id='word_1_245' title='bbox 1510 3342 1587 3397; x_wconf 91' lang='lat' dir='ltr'><strong>rei</strong></span> <span class='ocrx_word' id='word_1_246' title='bbox 1618 3342 1724 3398; x_wconf 90' lang='lat' dir='ltr'><strong>sibi</strong></span> <span class='ocrx_word' id='word_1_247' title='bbox 1767 3342 2075 3401; x_wconf 91' lang='lat' dir='ltr'><strong>innotuisse</strong></span> 
     </span>
    </p>
   </div>
   <div class='ocr_carea' id='block_1_37' title="bbox 493 3430 2074 3506">
    <p class='ocr_par' dir='ltr' id='par_1_37' title="bbox 493 3430 2074 3506">
     <span class='ocr_line' id='line_1_37' title="bbox 493 3430 2074 3506; baseline 0.003 -20"><span class='ocrx_word' id='word_1_248' title='bbox 493 3430 754 3486; x_wconf 86' lang='lat' dir='ltr'><strong>ostendit.</strong></span> <span class='ocrx_word' id='word_1_249' title='bbox 784 3431 935 3487; x_wconf 87' lang='lat' dir='ltr'><strong>Alios</strong></span> <span class='ocrx_word' id='word_1_250' title='bbox 965 3431 1111 3485; x_wconf 90' lang='lat' dir='ltr'><strong>enim</strong></span> <span class='ocrx_word' id='word_1_251' title='bbox 1148 3430 1344 3501; x_wconf 85' lang='lat' dir='ltr'><strong>Ephesi</strong></span> <span class='ocrx_word' id='word_1_252' title='bbox 1370 3432 1576 3487; x_wconf 74' lang='lat' dir='ltr'><strong>exitum</strong></span> <span class='ocrx_word' id='word_1_253' title='bbox 1628 3434 1752 3502; x_wconf 83' lang='lat' dir='ltr'><strong>ejus</strong></span> <span class='ocrx_word' id='word_1_254' title='bbox 1776 3435 2074 3506; x_wconf 86' lang='lat' dir='ltr'><strong>contigisse</strong></span> 
     </span>
    </p>
   </div>
   <div class='ocr_carea' id='block_1_38' title="bbox 493 3519 2135 3592">
    <p class='ocr_par' dir='ltr' id='par_1_38' title="bbox 493 3519 2135 3592">
     <span class='ocr_line' id='line_1_38' title="bbox 493 3519 2135 3592; baseline 0.001 -18"><span class='ocrx_word' id='word_1_255' title='bbox 493 3521 569 3574; x_wconf 90' lang='lat' dir='ltr'><strong>ait</strong></span> <span class='ocrx_word' id='word_1_256' title='bbox 607 3520 812 3575; x_wconf 80' lang='lat' dir='ltr'><strong>referre</strong></span> <span class='ocrx_word' id='word_1_257' title='bbox 841 3522 910 3585; x_wconf 79' lang='lat'><strong>&quot;,</strong></span> <span class='ocrx_word' id='word_1_258' title='bbox 942 3520 1080 3574; x_wconf 91' lang='lat' dir='ltr'><strong>alios</strong></span> <span class='ocrx_word' id='word_1_259' title='bbox 1114 3528 1294 3574; x_wconf 89' lang='lat' dir='ltr'><strong>autem</strong></span> <span class='ocrx_word' id='word_1_260' title='bbox 1324 3519 1550 3574; x_wconf 87' lang='lat' dir='ltr'><strong>Lindiin</strong></span> <span class='ocrx_word' id='word_1_261' title='bbox 1576 3520 1828 3576; x_wconf 71' lang='lat' dir='ltr'><strong>Minerva:</strong></span> <span class='ocrx_word' id='word_1_262' title='bbox 1850 3523 2072 3590; x_wconf 84' lang='lat' dir='ltr'><strong>templo,</strong></span> <span class='ocrx_word' id='word_1_263' title='bbox 2125 3584 2135 3592; x_wconf 32' lang='grc' dir='ltr'>ι</span> 
     </span>
    </p>
   </div>
   <div class='ocr_carea' id='block_1_39' title="bbox 494 3609 2074 3683">
    <p class='ocr_par' dir='ltr' id='par_1_39' title="bbox 494 3609 2074 3683">
     <span class='ocr_line' id='line_1_39' title="bbox 494 3609 2074 3683; baseline 0.001 -17"><span class='ocrx_word' id='word_1_264' title='bbox 494 3611 634 3666; x_wconf 84' lang='lat' dir='ltr'><strong>alios</strong></span> <span class='ocrx_word' id='word_1_265' title='bbox 666 3612 718 3665; x_wconf 92' lang='lat' dir='ltr'><strong>in</strong></span> <span class='ocrx_word' id='word_1_266' title='bbox 753 3610 914 3667; x_wconf 87' lang='lat' dir='ltr'><strong>Creta</strong></span> <span class='ocrx_word' id='word_1_267' title='bbox 937 3611 1137 3666; x_wconf 86' lang='lat' dir='ltr'><strong>insula.</strong></span> <span class='ocrx_word' id='word_1_268' title='bbox 1170 3609 1383 3665; x_wconf 85' lang='lat' dir='ltr'><strong>Etcum</strong></span> <span class='ocrx_word' id='word_1_269' title='bbox 1411 3618 1623 3665; x_wconf 88' lang='lat' dir='ltr'><strong>tantum</strong></span> <span class='ocrx_word' id='word_1_270' title='bbox 1653 3612 1904 3683; x_wconf 87' lang='lat' dir='ltr'><strong>caliginis</strong></span> <span class='ocrx_word' id='word_1_271' title='bbox 1926 3612 2074 3667; x_wconf 86' lang='lat' dir='ltr'><strong>illius</strong></span> 
     </span>
    </p>
   </div>
   <div class='ocr_carea' id='block_1_40' title="bbox 495 3702 2073 3773">
    <p class='ocr_par' dir='ltr' id='par_1_40' title="bbox 495 3702 2073 3773">
     <span class='ocr_line' id='line_1_40' title="bbox 495 3702 2073 3773; baseline 0.001 -16"><span class='ocrx_word' id='word_1_272' title='bbox 495 3705 657 3757; x_wconf 87' lang='lat' dir='ltr'><strong>morti</strong></span> <span class='ocrx_word' id='word_1_273' title='bbox 686 3702 947 3768; x_wconf 74' lang='lat' dir='ltr'><strong>oﬂundat,</strong></span> <span class='ocrx_word' id='word_1_274' title='bbox 984 3705 1099 3758; x_wconf 87' lang='lat' dir='ltr'><strong>vult</strong></span> <span class='ocrx_word' id='word_1_275' title='bbox 1126 3712 1307 3759; x_wconf 92' lang='lat' dir='ltr'><strong>tamen</strong></span> <span class='ocrx_word' id='word_1_276' title='bbox 1343 3703 1594 3759; x_wconf 89' lang='lat' dir='ltr'><strong>eumdem</strong></span> <span class='ocrx_word' id='word_1_277' title='bbox 1638 3720 1765 3759; x_wconf 88' lang='lat' dir='ltr'><strong>cum</strong></span> <span class='ocrx_word' id='word_1_278' title='bbox 1803 3705 1923 3773; x_wconf 88' lang='lat' dir='ltr'><strong>ipso</strong></span> <span class='ocrx_word' id='word_1_279' title='bbox 1950 3721 2073 3759; x_wconf 82' lang='lat' dir='ltr'><strong>cor-</strong></span> 
     </span>
    </p>
   </div>
   <div class='ocr_carea' id='block_1_41' title="bbox 496 3793 2076 3866">
    <p class='ocr_par' dir='ltr' id='par_1_41' title="bbox 496 3793 2076 3866">
     <span class='ocr_line' id='line_1_41' title="bbox 496 3793 2076 3866; baseline 0.002 -20"><span class='ocrx_word' id='word_1_280' title='bbox 496 3810 626 3864; x_wconf 88' lang='lat' dir='ltr'><strong>pore</strong></span> <span class='ocrx_word' id='word_1_281' title='bbox 651 3793 715 3848; x_wconf 86' lang='lat' dir='ltr'><strong>ad</strong></span> <span class='ocrx_word' id='word_1_282' title='bbox 752 3810 980 3864; x_wconf 83' lang='lat' dir='ltr'><strong>superos</strong></span> <span class='ocrx_word' id='word_1_283' title='bbox 995 3796 1262 3851; x_wconf 86' lang='lat' dir='ltr'><strong>evolasse.</strong></span> <span class='ocrx_word' id='word_1_284' title='bbox 1289 3793 1423 3848; x_wconf 80' lang='lat' dir='ltr'><strong>Nam</strong></span> <span class='ocrx_word' id='word_1_285' title='bbox 1458 3810 1581 3850; x_wconf 92' lang='lat' dir='ltr'><strong>cum</strong></span> <span class='ocrx_word' id='word_1_286' title='bbox 1615 3796 2076 3866; x_wconf 87' lang='lat' dir='ltr'><strong>templum,prout</strong></span> 
     </span>
    </p>
   </div>
   <div class='ocr_carea' id='block_1_42' title="bbox 495 3883 2073 3957">
    <p class='ocr_par' dir='ltr' id='par_1_42' title="bbox 495 3883 2073 3957">
     <span class='ocr_line' id='line_1_42' title="bbox 495 3883 2073 3957; baseline 0.004 -20"><span class='ocrx_word' id='word_1_287' title='bbox 495 3883 585 3939; x_wconf 90' lang='lat' dir='ltr'><strong>ille</strong></span> <span class='ocrx_word' id='word_1_288' title='bbox 613 3885 712 3945; x_wconf 91' lang='lat' dir='ltr'><strong>ait,</strong></span> <span class='ocrx_word' id='word_1_289' title='bbox 746 3885 1029 3955; x_wconf 89' lang='lat' dir='ltr'><strong>ingressus</strong></span> <span class='ocrx_word' id='word_1_290' title='bbox 1081 3895 1249 3950; x_wconf 87' lang='lat' dir='ltr'><strong>esset,</strong></span> <span class='ocrx_word' id='word_1_291' title='bbox 1304 3888 1495 3943; x_wconf 86' lang='lat' dir='ltr'><strong>valvas</strong></span> <span class='ocrx_word' id='word_1_292' title='bbox 1538 3898 1763 3957; x_wconf 88' lang='lat' dir='ltr'><strong>repente</strong></span> <span class='ocrx_word' id='word_1_293' title='bbox 1800 3888 2073 3952; x_wconf 79' lang='lat' dir='ltr'><strong>ocrlusas,</strong></span> 
     </span>
    </p>
   </div>
   <div class='ocr_carea' id='block_1_43' title="bbox 494 3968 2122 4047">
    <p class='ocr_par' dir='ltr' id='par_1_43' title="bbox 494 3968 2122 4047">
     <span class='ocr_line' id='line_1_43' title="bbox 494 3968 2122 4047; baseline 0.004 -20"><span class='ocrx_word' id='word_1_294' title='bbox 494 3973 1037 4047; x_wconf 76' lang='lat' dir='ltr'><strong>inexspectatumque</strong></span> <span class='ocrx_word' id='word_1_295' title='bbox 1071 3977 1344 4047; x_wconf 90' lang='lat' dir='ltr'><strong>virginum</strong></span> <span class='ocrx_word' id='word_1_296' title='bbox 1384 3988 1606 4032; x_wconf 89' lang='lat' dir='ltr'><strong>cantum</strong></span> <span class='ocrx_word' id='word_1_297' title='bbox 1648 3995 1714 4033; x_wconf 86' lang='lat' dir='ltr'><strong>ex</strong></span> <span class='ocrx_word' id='word_1_298' title='bbox 1740 3994 1806 4033; x_wconf 91' lang='lat' dir='ltr'><strong>eo</strong></span> <span class='ocrx_word' id='word_1_299' title='bbox 1829 3978 2075 4033; x_wconf 88' lang='lat' dir='ltr'><strong>auditum</strong></span> <span class='ocrx_word' id='word_1_300' title='bbox 2115 3968 2122 3977; x_wconf 70' lang='grc'><em>’</em></span> 
     </span>
    </p>
   </div>
   <div class='ocr_carea' id='block_1_44' title="bbox 492 4068 2074 4141">
    <p class='ocr_par' dir='ltr' id='par_1_44' title="bbox 492 4068 2074 4141">
     <span class='ocr_line' id='line_1_44' title="bbox 492 4068 2074 4141; baseline 0.005 -20"><span class='ocrx_word' id='word_1_301' title='bbox 492 4084 634 4123; x_wconf 84' lang='lat' dir='ltr'><strong>esse.</strong></span> <span class='ocrx_word' id='word_1_302' title='bbox 663 4068 1007 4141; x_wconf 83' lang='lat' dir='ltr'><strong>Cantumque</strong></span> <span class='ocrx_word' id='word_1_303' title='bbox 1045 4073 1216 4130; x_wconf 80' lang='lat' dir='ltr'><strong>fuisse</strong></span> <span class='ocrx_word' id='word_1_304' title='bbox 1242 4075 1445 4129; x_wconf 87' lang='lat' dir='ltr'><strong>istum:</strong></span> <span class='ocrx_word' id='word_1_305' title='bbox 1484 4093 1503 4126; x_wconf 87' lang='grc' dir='ltr'>ι</span> <span class='ocrx_word' id='word_1_306' title='bbox 1542 4073 1699 4139; x_wconf 78' lang='lat' dir='ltr'><strong>Veni,</strong></span> <span class='ocrx_word' id='word_1_307' title='bbox 1726 4076 1848 4130; x_wconf 89' lang='lat' dir='ltr'><strong>veni</strong></span> <span class='ocrx_word' id='word_1_308' title='bbox 1870 4077 1924 4129; x_wconf 91' lang='lat' dir='ltr'><strong>in</strong></span> <span class='ocrx_word' id='word_1_309' title='bbox 1955 4089 2074 4129; x_wconf 56' lang='lat' dir='ltr'><strong>nte.</strong></span> 
     </span>
    </p>
   </div>
   <div class='ocr_carea' id='block_1_45' title="bbox 491 4159 2067 4239">
    <p class='ocr_par' dir='ltr' id='par_1_45' title="bbox 491 4159 2067 4239">
     <span class='ocr_line' id='line_1_45' title="bbox 491 4159 2067 4239; baseline 0.006 -26"><span class='ocrx_word' id='word_1_310' title='bbox 491 4159 627 4224; x_wconf 88' lang='lat' dir='ltr'><strong>lum,</strong></span> <span class='ocrx_word' id='word_1_311' title='bbox 649 4164 791 4219; x_wconf 86' lang='lat' dir='ltr'><strong>veni.</strong></span> <span class='ocrx_word' id='word_1_312' title='bbox 816 4183 835 4215; x_wconf 85' lang='grc'>›</span> <span class='ocrx_word' id='word_1_313' title='bbox 871 4164 1035 4219; x_wconf 83' lang='lat' dir='ltr'><strong>Addit</strong></span> <span class='ocrx_word' id='word_1_314' title='bbox 1060 4168 1206 4237; x_wconf 89' lang='lat' dir='ltr'><strong>quod</strong></span> <span class='ocrx_word' id='word_1_315' title='bbox 1244 4185 1312 4224; x_wconf 86' lang='lat' dir='ltr'><strong>ne</strong></span> <span class='ocrx_word' id='word_1_316' title='bbox 1344 4167 1401 4222; x_wconf 92' lang='lat' dir='ltr'><strong>in</strong></span> <span class='ocrx_word' id='word_1_317' title='bbox 1429 4168 1813 4238; x_wconf 87' lang='lat' dir='ltr'><strong>cenotaphium</strong></span> <span class='ocrx_word' id='word_1_318' title='bbox 1846 4168 2067 4239; x_wconf 87' lang='lat' dir='ltr'><strong>quidem</strong></span> 
     </span>
    </p>
   </div>
   <div class='ocr_carea' id='block_1_46' title="bbox 489 4254 2062 4331">
    <p class='ocr_par' dir='ltr' id='par_1_46' title="bbox 489 4254 2062 4331">
     <span class='ocr_line' id='line_1_46' title="bbox 489 4254 2062 4331; baseline 0.003 -23"><span class='ocrx_word' id='word_1_319' title='bbox 489 4254 609 4321; x_wconf 85' lang='lat' dir='ltr'><strong>ejus</strong></span> <span class='ocrx_word' id='word_1_320' title='bbox 639 4254 911 4322; x_wconf 87' lang='lat' dir='ltr'><strong>inciderit,</strong></span> <span class='ocrx_word' id='word_1_321' title='bbox 945 4272 1070 4313; x_wconf 88' lang='lat' dir='ltr'><strong>cum</strong></span> <span class='ocrx_word' id='word_1_322' title='bbox 1117 4269 1297 4315; x_wconf 89' lang='lat' dir='ltr'><strong>tamen</strong></span> <span class='ocrx_word' id='word_1_323' title='bbox 1328 4259 1446 4331; x_wconf 89' lang='lat' dir='ltr'><strong>ipse</strong></span> <span class='ocrx_word' id='word_1_324' title='bbox 1480 4259 1798 4315; x_wconf 89' lang='lat' dir='ltr'><strong>universum</strong></span> <span class='ocrx_word' id='word_1_325' title='bbox 1850 4260 2062 4319; x_wconf 90' lang='lat' dir='ltr'><strong>orbem.</strong></span> 
     </span>
    </p>
   </div>
   <div class='ocr_carea' id='block_1_47' title="bbox 488 4346 2067 4421">
    <p class='ocr_par' dir='ltr' id='par_1_47' title="bbox 488 4346 2067 4421">
     <span class='ocr_line' id='line_1_47' title="bbox 488 4346 2067 4421; baseline 0.005 -25"><span class='ocrx_word' id='word_1_326' title='bbox 488 4358 594 4413; x_wconf 85' lang='lat' dir='ltr'><strong>qua</strong></span> <span class='ocrx_word' id='word_1_327' title='bbox 643 4346 750 4400; x_wconf 90' lang='lat' dir='ltr'><strong>late</strong></span> <span class='ocrx_word' id='word_1_328' title='bbox 781 4355 948 4415; x_wconf 86' lang='lat' dir='ltr'><strong>patet,</strong></span> <span class='ocrx_word' id='word_1_329' title='bbox 991 4358 1357 4419; x_wconf 88' lang='lat' dir='ltr'><strong>peragrasset.</strong></span> <span class='ocrx_word' id='word_1_330' title='bbox 1404 4348 1635 4421; x_wconf 84' lang='lat' dir='ltr'><strong>Vultque</strong></span> <span class='ocrx_word' id='word_1_331' title='bbox 1679 4350 1783 4404; x_wconf 89' lang='lat' dir='ltr'><strong>hoc</strong></span> <span class='ocrx_word' id='word_1_332' title='bbox 1812 4350 1918 4420; x_wconf 90' lang='lat' dir='ltr'><strong>ipsi</strong></span> <span class='ocrx_word' id='word_1_333' title='bbox 1946 4350 2067 4404; x_wconf 90' lang='lat' dir='ltr'><strong>ani-</strong></span> 
     </span>
    </p>
   </div>
   <div class='ocr_carea' id='block_1_48' title="bbox 487 4439 2061 4512">
    <p class='ocr_par' dir='ltr' id='par_1_48' title="bbox 487 4439 2061 4512">
     <span class='ocr_line' id='line_1_48' title="bbox 487 4439 2061 4512; baseline 0.005 -25"><span class='ocrx_word' id='word_1_334' title='bbox 487 4450 630 4497; x_wconf 86' lang='lat' dir='ltr'><strong>mus.</strong></span> <span class='ocrx_word' id='word_1_335' title='bbox 685 4439 909 4494; x_wconf 88' lang='lat' dir='ltr'><strong>omnino</strong></span> <span class='ocrx_word' id='word_1_336' title='bbox 960 4448 1188 4495; x_wconf 88' lang='lat' dir='ltr'><strong>mortem</strong></span> <span class='ocrx_word' id='word_1_337' title='bbox 1232 4441 1407 4494; x_wconf 89' lang='lat' dir='ltr'><strong>virum</strong></span> <span class='ocrx_word' id='word_1_338' title='bbox 1436 4441 1587 4495; x_wconf 87' lang='lat' dir='ltr'><strong>illum</strong></span> <span class='ocrx_word' id='word_1_339' title='bbox 1618 4456 1728 4495; x_wconf 91' lang='lat' dir='ltr'><strong>nou</strong></span> <span class='ocrx_word' id='word_1_340' title='bbox 1776 4443 2061 4512; x_wconf 87' lang='lat' dir='ltr'><strong>attingere.</strong></span> 
     </span>
    </p>
   </div>
   <div class='ocr_carea' id='block_1_49' title="bbox 484 4522 2066 4604">
    <p class='ocr_par' dir='ltr' id='par_1_49' title="bbox 484 4522 2066 4604">
     <span class='ocr_line' id='line_1_49' title="bbox 484 4522 2066 4604; baseline 0.006 -25"><span class='ocrx_word' id='word_1_341' title='bbox 484 4522 620 4580; x_wconf 88' lang='lat' dir='ltr'><strong>Cum</strong></span> <span class='ocrx_word' id='word_1_342' title='bbox 653 4529 798 4582; x_wconf 91' lang='lat' dir='ltr'><strong>enim</strong></span> <span class='ocrx_word' id='word_1_343' title='bbox 828 4530 982 4585; x_wconf 89' lang='lat' dir='ltr'><strong>initio</strong></span> <span class='ocrx_word' id='word_1_344' title='bbox 1003 4530 1215 4586; x_wconf 89' lang='lat' dir='ltr'><strong>dubitet</strong></span> <span class='ocrx_word' id='word_1_345' title='bbox 1264 4531 1333 4585; x_wconf 91' lang='lat' dir='ltr'><strong>de</strong></span> <span class='ocrx_word' id='word_1_346' title='bbox 1369 4533 1530 4589; x_wconf 87' lang='lat' dir='ltr'><strong>modo</strong></span> <span class='ocrx_word' id='word_1_347' title='bbox 1563 4549 1672 4604; x_wconf 90' lang='lat' dir='ltr'><strong>quo</strong></span> <span class='ocrx_word' id='word_1_348' title='bbox 1704 4533 1841 4587; x_wconf 91' lang='lat' dir='ltr'><strong>vivis</strong></span> <span class='ocrx_word' id='word_1_349' title='bbox 1874 4548 2066 4588; x_wconf 83' lang='lat' dir='ltr'><strong>exces-</strong></span> 
     </span>
    </p>
   </div>
   <div class='ocr_carea' id='block_1_50' title="bbox 2192 585 3727 662">
    <p class='ocr_par' dir='ltr' id='par_1_50' title="bbox 2192 585 3727 662">
     <span class='ocr_line' id='line_1_50' title="bbox 2192 585 3727 662; baseline -0.001 -19"><span class='ocrx_word' id='word_1_350' title='bbox 2192 589 2307 643; x_wconf 84' lang='grc' dir='ltr'>τῶν</span> <span class='ocrx_word' id='word_1_351' title='bbox 2333 588 2664 662; x_wconf 70' lang='grc' dir='ltr'>ἐπιχωρίων,</span> <span class='ocrx_word' id='word_1_352' title='bbox 2688 589 2860 660; x_wconf 85' lang='grc' dir='ltr'>γόητα</span> <span class='ocrx_word' id='word_1_353' title='bbox 2886 588 2982 641; x_wconf 76' lang='grc' dir='ltr'>καὶ</span> <span class='ocrx_word' id='word_1_354' title='bbox 3009 586 3215 641; x_wconf 88' lang='grc' dir='ltr'>τούτων</span> <span class='ocrx_word' id='word_1_355' title='bbox 3239 585 3544 658; x_wconf 75' lang='grc' dir='ltr'>ἡγουμένων</span> <span class='ocrx_word' id='word_1_356' title='bbox 3573 587 3727 643; x_wconf 70' lang='grc' dir='ltr'>αὐτόν.</span> 
     </span>
    </p>
   </div>
   <div class='ocr_carea' id='block_1_51' title="bbox 2193 676 3729 751">
    <p class='ocr_par' dir='ltr' id='par_1_51' title="bbox 2193 676 3729 751">
     <span class='ocr_line' id='line_1_51' title="bbox 2193 676 3729 751; baseline -0.001 -17"><span class='ocrx_word' id='word_1_357' title='bbox 2193 680 2387 734; x_wconf 82' lang='grc' dir='ltr'>Καίτοι</span> <span class='ocrx_word' id='word_1_358' title='bbox 2420 679 2568 746; x_wconf 78' lang='grc' dir='ltr'>ἄξιον</span> <span class='ocrx_word' id='word_1_359' title='bbox 2612 679 2923 751; x_wconf 84' lang='grc' dir='ltr'>ἀπορῆσαι,</span> <span class='ocrx_word' id='word_1_360' title='bbox 2972 677 3350 750; x_wconf 80' lang='grc' dir='ltr'>παραθέμενον</span> <span class='ocrx_word' id='word_1_361' title='bbox 3378 676 3476 741; x_wconf 83' lang='grc' dir='ltr'>τὰς</span> <span class='ocrx_word' id='word_1_362' title='bbox 3513 678 3567 729; x_wconf 80' lang='grc' dir='ltr'>ὲν</span> <span class='ocrx_word' id='word_1_363' title='bbox 3608 679 3729 748; x_wconf 80' lang='grc' dir='ltr'>ἀρχῇ</span> 
     </span>
    </p>
   </div>
   <div class='ocr_carea' id='block_1_52' title="bbox 2189 762 3731 842">
    <p class='ocr_par' dir='ltr' id='par_1_52' title="bbox 2189 762 3731 842">
     <span class='ocr_line' id='line_1_52' title="bbox 2189 762 3731 842; baseline -0.001 -18"><span class='ocrx_word' id='word_1_364' title='bbox 2189 770 2284 824; x_wconf 78' lang='grc' dir='ltr'>τοῦ</span> <span class='ocrx_word' id='word_1_365' title='bbox 2319 770 2687 842; x_wconf 80' lang='grc' dir='ltr'><strong>Φιλοστράτου</strong></span> <span class='ocrx_word' id='word_1_366' title='bbox 2715 767 2908 834; x_wconf 81' lang='grc' dir='ltr'>λέξεις,</span> <span class='ocrx_word' id='word_1_367' title='bbox 2935 768 2994 821; x_wconf 81' lang='grc' dir='ltr'>ὲν</span> <span class='ocrx_word' id='word_1_368' title='bbox 3021 762 3109 831; x_wconf 82' lang='grc' dir='ltr'>αἶς</span> <span class='ocrx_word' id='word_1_369' title='bbox 3129 766 3349 839; x_wconf 79' lang='grc' dir='ltr'>ἀπορῶν</span> <span class='ocrx_word' id='word_1_370' title='bbox 3373 767 3402 821; x_wconf 86' lang='grc' dir='ltr'><strong>ὃ</strong></span> <span class='ocrx_word' id='word_1_371' title='bbox 3423 784 3474 819; x_wconf 83' lang='grc' dir='ltr'><strong>τι</strong></span> <span class='ocrx_word' id='word_1_372' title='bbox 3496 767 3557 839; x_wconf 79' lang='grc' dir='ltr'>δὴ</span> <span class='ocrx_word' id='word_1_373' title='bbox 3585 767 3731 838; x_wconf 70' lang='grc' dir='ltr'>γόητα</span> 
     </span>
    </p>
   </div>
   <div class='ocr_carea' id='block_1_53' title="bbox 2137 859 3730 940">
    <p class='ocr_par' dir='ltr' id='par_1_53' title="bbox 2137 859 3730 940">
     <span class='ocr_line' id='line_1_53' title="bbox 2137 859 3730 940; baseline -0.003 -24"><span class='ocrx_word' id='word_1_374' title='bbox 2137 935 2143 940; x_wconf 27' lang='grc'><em>“</em></span> <span class='ocrx_word' id='word_1_375' title='bbox 2192 862 2351 916; x_wconf 82' lang='grc' dir='ltr'>αὐτὸν</span> <span class='ocrx_word' id='word_1_376' title='bbox 2378 862 2758 933; x_wconf 78' lang='grc' dir='ltr'><strong>ὑπειλήφασιν,</strong></span> <span class='ocrx_word' id='word_1_377' title='bbox 2789 861 2927 915; x_wconf 80' lang='grc' dir='ltr'>αὐτὰ</span> <span class='ocrx_word' id='word_1_378' title='bbox 2956 859 3021 931; x_wconf 81' lang='grc' dir='ltr'>δὴ</span> <span class='ocrx_word' id='word_1_379' title='bbox 3045 859 3217 914; x_wconf 79' lang='grc' dir='ltr'>ταῦτα</span> <span class='ocrx_word' id='word_1_380' title='bbox 3247 859 3510 930; x_wconf 75' lang='grc' dir='ltr'>θαυμάζει</span> <span class='ocrx_word' id='word_1_381' title='bbox 3547 859 3730 927; x_wconf 82' lang='grc' dir='ltr'>λέγων·</span> 
     </span>
    </p>
   </div>
   <div class='ocr_carea' id='block_1_54' title="bbox 2200 951 3733 1025">
    <p class='ocr_par' dir='ltr' id='par_1_54' title="bbox 2200 951 3733 1025">
     <span class='ocr_line' id='line_1_54' title="bbox 2200 951 3733 1025; baseline 0.001 -19"><span class='ocrx_word' id='word_1_382' title='bbox 2200 973 2218 1006; x_wconf 77' lang='grc' dir='ltr'>ί</span> <span class='ocrx_word' id='word_1_383' title='bbox 2260 953 2629 1025; x_wconf 87' lang='grc' dir='ltr'>Ἐμπεδοκλέα</span> <span class='ocrx_word' id='word_1_384' title='bbox 2666 954 2764 1023; x_wconf 88' lang='grc' dir='ltr'>μὲν</span> <span class='ocrx_word' id='word_1_385' title='bbox 2789 953 2884 1006; x_wconf 77' lang='grc' dir='ltr'>καὶ</span> <span class='ocrx_word' id='word_1_386' title='bbox 2914 951 3257 1025; x_wconf 79' lang='grc' dir='ltr'>Πυθαγόραν,</span> <span class='ocrx_word' id='word_1_387' title='bbox 3287 953 3383 1005; x_wconf 77' lang='grc' dir='ltr'>καὶ</span> <span class='ocrx_word' id='word_1_388' title='bbox 3406 951 3733 1023; x_wconf 81' lang='grc' dir='ltr'>Δημόκριτον,</span> 
     </span>
    </p>
   </div>
   <div class='ocr_carea' id='block_1_55' title="bbox 2191 1041 3731 1117">
    <p class='ocr_par' dir='ltr' id='par_1_55' title="bbox 2191 1041 3731 1117">
     <span class='ocr_line' id='line_1_55' title="bbox 2191 1041 3731 1117; baseline -0.001 -19"><span class='ocrx_word' id='word_1_389' title='bbox 2191 1050 2307 1110; x_wconf 82' lang='grc' dir='ltr'>τοῖς</span> <span class='ocrx_word' id='word_1_390' title='bbox 2333 1048 2518 1110; x_wconf 78' lang='grc' dir='ltr'>αὐτοῖς</span> <span class='ocrx_word' id='word_1_391' title='bbox 2544 1045 2738 1117; x_wconf 81' lang='grc' dir='ltr'><strong>μάγοις</strong></span> <span class='ocrx_word' id='word_1_392' title='bbox 2762 1042 3128 1115; x_wconf 79' lang='grc' dir='ltr'>ὡμιληκότας,</span> <span class='ocrx_word' id='word_1_393' title='bbox 3144 1041 3296 1096; x_wconf 78' lang='grc' dir='ltr'>ούπω</span> <span class='ocrx_word' id='word_1_394' title='bbox 3317 1041 3550 1113; x_wconf 76' lang='grc' dir='ltr'><strong>ὑπῆχθαι</strong></span> <span class='ocrx_word' id='word_1_395' title='bbox 3571 1041 3731 1116; x_wconf 64' lang='grc' dir='ltr'><strong>τέχνῃ⁹</strong></span> 
     </span>
    </p>
   </div>
   <div class='ocr_carea' id='block_1_56' title="bbox 2192 1132 3736 1204">
    <p class='ocr_par' dir='ltr' id='par_1_56' title="bbox 2192 1132 3736 1204">
     <span class='ocr_line' id='line_1_56' title="bbox 2192 1132 3736 1204; baseline -0.002 -15"><span class='ocrx_word' id='word_1_396' title='bbox 2192 1136 2456 1190; x_wconf 85' lang='grc' dir='ltr'>Πλάτωνά</span> <span class='ocrx_word' id='word_1_397' title='bbox 2485 1153 2545 1189; x_wconf 83' lang='grc' dir='ltr'><strong>τε</strong></span> <span class='ocrx_word' id='word_1_398' title='bbox 2570 1176 2584 1200; x_wconf 90' lang='grc'><strong>,</strong></span> <span class='ocrx_word' id='word_1_399' title='bbox 2619 1134 2771 1204; x_wconf 84' lang='grc' dir='ltr'>παρὰ</span> <span class='ocrx_word' id='word_1_400' title='bbox 2801 1135 2910 1187; x_wconf 85' lang='grc' dir='ltr'><strong>τῶν</strong></span> <span class='ocrx_word' id='word_1_401' title='bbox 2962 1135 3019 1187; x_wconf 78' lang='grc' dir='ltr'>ὲν</span> <span class='ocrx_word' id='word_1_402' title='bbox 3053 1132 3313 1203; x_wconf 73' lang='grc' dir='ltr'>Αἰγύπτῳ</span> <span class='ocrx_word' id='word_1_403' title='bbox 3346 1132 3530 1204; x_wconf 77' lang='grc' dir='ltr'>ἱερέων</span> <span class='ocrx_word' id='word_1_404' title='bbox 3563 1149 3618 1185; x_wconf 87' lang='grc' dir='ltr'><strong>τε</strong></span> <span class='ocrx_word' id='word_1_405' title='bbox 3656 1133 3736 1187; x_wconf 77' lang='grc' dir='ltr'>καὶ</span> 
     </span>
    </p>
   </div>
   <div class='ocr_carea' id='block_1_57' title="bbox 2193 1224 3737 1313">
    <p class='ocr_par' dir='ltr' id='par_1_57' title="bbox 2193 1224 3737 1313">
     <span class='ocr_line' id='line_1_57' title="bbox 2193 1224 3737 1313; baseline -0.003 -31"><span class='ocrx_word' id='word_1_406' title='bbox 2193 1228 2491 1300; x_wconf 81' lang='grc' dir='ltr'>προφητῶν</span> <span class='ocrx_word' id='word_1_407' title='bbox 2525 1226 2694 1281; x_wconf 86' lang='grc' dir='ltr'>πολλὰ</span> <span class='ocrx_word' id='word_1_408' title='bbox 2720 1225 3114 1313; x_wconf 64' lang='grc' dir='ltr'>παρειληφότα,</span> <span class='ocrx_word' id='word_1_409' title='bbox 3150 1227 3245 1280; x_wconf 76' lang='grc' dir='ltr'><strong>καὶ</strong></span> <span class='ocrx_word' id='word_1_410' title='bbox 3271 1224 3443 1279; x_wconf 79' lang='grc' dir='ltr'>ταῦτα</span> <span class='ocrx_word' id='word_1_411' title='bbox 3472 1226 3580 1289; x_wconf 85' lang='grc' dir='ltr'>τοῖς</span> <span class='ocrx_word' id='word_1_412' title='bbox 3608 1224 3737 1289; x_wconf 84' lang='grc' dir='ltr'>ίδίοις</span> 
     </span>
    </p>
   </div>
   <div class='ocr_carea' id='block_1_58' title="bbox 2189 1316 3732 1391">
    <p class='ocr_par' dir='ltr' id='par_1_58' title="bbox 2189 1316 3732 1391">
     <span class='ocr_line' id='line_1_58' title="bbox 2189 1316 3732 1391; baseline -0.002 -17"><span class='ocrx_word' id='word_1_413' title='bbox 2189 1320 2531 1391; x_wconf 80' lang='grc' dir='ltr'>ἁναμίξαντα</span> <span class='ocrx_word' id='word_1_414' title='bbox 2574 1320 2786 1388; x_wconf 82' lang='grc' dir='ltr'>λόγοις,</span> <span class='ocrx_word' id='word_1_415' title='bbox 2833 1318 3083 1389; x_wconf 77' lang='grc' dir='ltr'>οὐδαμῶς</span> <span class='ocrx_word' id='word_1_416' title='bbox 3130 1317 3277 1384; x_wconf 79' lang='grc' dir='ltr'>δόξαι</span> <span class='ocrx_word' id='word_1_417' title='bbox 3320 1317 3428 1370; x_wconf 77' lang='grc' dir='ltr'>τισὶ</span> <span class='ocrx_word' id='word_1_418' title='bbox 3482 1316 3732 1389; x_wconf 83' lang='grc' dir='ltr'>μαγεύειν.</span> 
     </span>
    </p>
   </div>
   <div class='ocr_carea' id='block_1_59' title="bbox 2192 1409 3735 1483">
    <p class='ocr_par' dir='ltr' id='par_1_59' title="bbox 2192 1409 3735 1483">
     <span class='ocr_line' id='line_1_59' title="bbox 2192 1409 3735 1483; baseline -0.002 -17"><span class='ocrx_word' id='word_1_419' title='bbox 2192 1412 2419 1467; x_wconf 66' lang='grc' dir='ltr'><strong>Τουτονλ⁵</strong></span> <span class='ocrx_word' id='word_1_420' title='bbox 2451 1412 2509 1466; x_wconf 78' lang='grc' dir='ltr'>δὲ</span> <span class='ocrx_word' id='word_1_421' title='bbox 2539 1411 2693 1466; x_wconf 80' lang='grc' dir='ltr'>οὕπω</span> <span class='ocrx_word' id='word_1_422' title='bbox 2721 1410 3085 1481; x_wconf 84' lang='grc' dir='ltr'>γινώσκεσθαι</span> <span class='ocrx_word' id='word_1_423' title='bbox 3132 1412 3261 1482; x_wconf 81' lang='grc' dir='ltr'>παρ’</span> <span class='ocrx_word' id='word_1_424' title='bbox 3306 1409 3604 1483; x_wconf 84' lang='grc' dir='ltr'>ἀνθρώποις</span> <span class='ocrx_word' id='word_1_425' title='bbox 3623 1452 3638 1477; x_wconf 95' lang='grc'><strong>,</strong></span> <span class='ocrx_word' id='word_1_426' title='bbox 3666 1412 3735 1464; x_wconf 85' lang='grc' dir='ltr'>δ;ι</span> 
     </span>
    </p>
   </div>
   <div class='ocr_carea' id='block_1_60' title="bbox 2187 1501 3737 1577">
    <p class='ocr_par' dir='ltr' id='par_1_60' title="bbox 2187 1501 3737 1577">
     <span class='ocr_line' id='line_1_60' title="bbox 2187 1501 3737 1577; baseline -0.001 -19"><span class='ocrx_word' id='word_1_427' title='bbox 2187 1504 2254 1577; x_wconf 85' lang='grc' dir='ltr'>δὴ</span> <span class='ocrx_word' id='word_1_428' title='bbox 2288 1505 2396 1559; x_wconf 83' lang='grc' dir='ltr'><strong>ἀπὸ</strong></span> <span class='ocrx_word' id='word_1_429' title='bbox 2427 1504 2530 1573; x_wconf 80' lang='grc' dir='ltr'><strong>τῆς</strong></span> <span class='ocrx_word' id='word_1_430' title='bbox 2581 1504 2843 1574; x_wconf 76' lang='grc' dir='ltr'>ἀληθινῆς</span> <span class='ocrx_word' id='word_1_431' title='bbox 2869 1504 3096 1577; x_wconf 82' lang='grc' dir='ltr'>ὡρμᾶτο</span> <span class='ocrx_word' id='word_1_432' title='bbox 3126 1505 3345 1574; x_wconf 81' lang='grc' dir='ltr'>σοφίας,</span> <span class='ocrx_word' id='word_1_433' title='bbox 3386 1505 3552 1576; x_wconf 81' lang='grc' dir='ltr'>μάγον</span> <span class='ocrx_word' id='word_1_434' title='bbox 3581 1503 3632 1556; x_wconf 79' lang='grc' dir='ltr'>δὲ</span> <span class='ocrx_word' id='word_1_435' title='bbox 3654 1501 3737 1556; x_wconf 67' lang='lat' dir='ltr'><strong>air</strong></span> 
     </span>
    </p>
   </div>
   <div class='ocr_carea' id='block_1_61' title="bbox 2189 1594 3738 1667">
    <p class='ocr_par' dir='ltr' id='par_1_61' title="bbox 2189 1594 3738 1667">
     <span class='ocr_line' id='line_1_61' title="bbox 2189 1594 3738 1667; baseline -0.001 -18"><span class='ocrx_word' id='word_1_436' title='bbox 2189 1596 2279 1650; x_wconf 83' lang='grc' dir='ltr'>τὸν</span> <span class='ocrx_word' id='word_1_437' title='bbox 2328 1596 2677 1667; x_wconf 82' lang='grc' dir='ltr'>νενομίσθαι,</span> <span class='ocrx_word' id='word_1_438' title='bbox 2724 1595 2803 1667; x_wconf 81' lang='grc' dir='ltr'>τῷ</span> <span class='ocrx_word' id='word_1_439' title='bbox 2837 1596 3031 1666; x_wconf 83' lang='grc' dir='ltr'>μάγοις</span> <span class='ocrx_word' id='word_1_440' title='bbox 3064 1594 3447 1659; x_wconf 80' lang='grc' dir='ltr'>Βαϐυλωνίων,</span> <span class='ocrx_word' id='word_1_441' title='bbox 3498 1594 3661 1649; x_wconf 81' lang='grc' dir='ltr'>Ἰνδῶν</span> <span class='ocrx_word' id='word_1_442' title='bbox 3686 1610 3738 1648; x_wconf 80' lang='grc' dir='ltr'><strong>τε</strong></span> 
     </span>
    </p>
   </div>
   <div class='ocr_carea' id='block_1_62' title="bbox 2188 1685 3735 1759">
    <p class='ocr_par' dir='ltr' id='par_1_62' title="bbox 2188 1685 3735 1759">
     <span class='ocr_line' id='line_1_62' title="bbox 2188 1685 3735 1759; baseline -0.002 -19"><span class='ocrx_word' id='word_1_443' title='bbox 2188 1687 2478 1759; x_wconf 86' lang='grc' dir='ltr'>Βραχμᾶσι</span> <span class='ocrx_word' id='word_1_444' title='bbox 2513 1687 2607 1741; x_wconf 76' lang='grc' dir='ltr'><strong>καὶ</strong></span> <span class='ocrx_word' id='word_1_445' title='bbox 2637 1689 2752 1752; x_wconf 83' lang='grc' dir='ltr'>τοῖς</span> <span class='ocrx_word' id='word_1_446' title='bbox 2779 1686 3092 1756; x_wconf 79' lang='grc' dir='ltr'>Αἰγυπτίων</span> <span class='ocrx_word' id='word_1_447' title='bbox 3114 1688 3343 1758; x_wconf 81' lang='grc' dir='ltr'>Γυμνοῖς</span> <span class='ocrx_word' id='word_1_448' title='bbox 3373 1685 3735 1758; x_wconf 76' lang='grc' dir='ltr'><strong>ὡμιληκέναι.»</strong></span> 
     </span>
    </p>
   </div>
   <div class='ocr_carea' id='block_1_63' title="bbox 2189 1773 3739 1852">
    <p class='ocr_par' dir='ltr' id='par_1_63' title="bbox 2189 1773 3739 1852">
     <span class='ocr_line' id='line_1_63' title="bbox 2189 1773 3739 1852; baseline 0 -20"><span class='ocrx_word' id='word_1_449' title='bbox 2189 1780 2253 1833; x_wconf 90' lang='grc' dir='ltr'>Τί</span> <span class='ocrx_word' id='word_1_450' title='bbox 2298 1780 2434 1851; x_wconf 76' lang='grc' dir='ltr'>δῆτα</span> <span class='ocrx_word' id='word_1_451' title='bbox 2484 1776 2578 1834; x_wconf 78' lang='grc' dir='ltr'>οὖν</span> <span class='ocrx_word' id='word_1_452' title='bbox 2608 1781 2889 1851; x_wconf 79' lang='grc' dir='ltr'>εἰρήσεται</span> <span class='ocrx_word' id='word_1_453' title='bbox 2923 1779 3060 1852; x_wconf 77' lang='grc' dir='ltr'>πρὸς</span> <span class='ocrx_word' id='word_1_454' title='bbox 3092 1779 3284 1844; x_wconf 78' lang='grc' dir='ltr'>αὐτὸν,</span> <span class='ocrx_word' id='word_1_455' title='bbox 3314 1773 3360 1832; x_wconf 81' lang='grc' dir='ltr'>ὧ</span> <span class='ocrx_word' id='word_1_456' title='bbox 3400 1773 3579 1843; x_wconf 51' lang='grc' dir='ltr'>οὗτος</span> <span class='ocrx_word' id='word_1_457' title='bbox 3611 1777 3739 1847; x_wconf 70' lang='grc' dir='ltr'>Τῷδε</span> 
     </span>
    </p>
   </div>
   <div class='ocr_carea' id='block_1_64' title="bbox 2187 1870 3739 1945">
    <p class='ocr_par' dir='ltr' id='par_1_64' title="bbox 2187 1870 3739 1945">
     <span class='ocr_line' id='line_1_64' title="bbox 2187 1870 3739 1945; baseline -0.002 -19"><span class='ocrx_word' id='word_1_458' title='bbox 2187 1870 2268 1942; x_wconf 80' lang='grc' dir='ltr'>τῷ</span> <span class='ocrx_word' id='word_1_459' title='bbox 2313 1871 2467 1943; x_wconf 73' lang='grc' dir='ltr'>άνδρὶ</span> <span class='ocrx_word' id='word_1_460' title='bbox 2499 1872 2816 1945; x_wconf 78' lang='grc' dir='ltr'>τηλικοῦτον</span> <span class='ocrx_word' id='word_1_461' title='bbox 2858 1874 3192 1944; x_wconf 80' lang='grc' dir='ltr'>ἐπεχειρεῖτο</span> <span class='ocrx_word' id='word_1_462' title='bbox 3216 1912 3230 1935; x_wconf 90' lang='grc'><strong>,</strong></span> <span class='ocrx_word' id='word_1_463' title='bbox 3275 1871 3350 1935; x_wconf 88' lang='grc' dir='ltr'><strong>ὡς</strong></span> <span class='ocrx_word' id='word_1_464' title='bbox 3396 1871 3552 1942; x_wconf 86' lang='grc' dir='ltr'>μόνον</span> <span class='ocrx_word' id='word_1_465' title='bbox 3590 1870 3739 1940; x_wconf 72' lang='grc' dir='ltr'><strong>γόητισ⁵</strong></span> 
     </span>
    </p>
   </div>
   <div class='ocr_carea' id='block_1_65' title="bbox 2189 1959 3741 2033">
    <p class='ocr_par' dir='ltr' id='par_1_65' title="bbox 2189 1959 3741 2033">
     <span class='ocr_line' id='line_1_65' title="bbox 2189 1959 3741 2033; baseline -0.002 -19"><span class='ocrx_word' id='word_1_466' title='bbox 2189 1961 2356 2015; x_wconf 89' lang='grc' dir='ltr'>πάλαι</span> <span class='ocrx_word' id='word_1_467' title='bbox 2379 1980 2435 2015; x_wconf 89' lang='grc' dir='ltr'><strong>τε</strong></span> <span class='ocrx_word' id='word_1_468' title='bbox 2454 1962 2545 2016; x_wconf 69' lang='grc' dir='ltr'><strong>καὶ</strong></span> <span class='ocrx_word' id='word_1_469' title='bbox 2563 1961 2658 2015; x_wconf 77' lang='grc' dir='ltr'>νῦν</span> <span class='ocrx_word' id='word_1_470' title='bbox 2680 1962 2992 2032; x_wconf 84' lang='grc' dir='ltr'>νενομίσθαι</span> <span class='ocrx_word' id='word_1_471' title='bbox 3023 1961 3189 2015; x_wconf 80' lang='grc' dir='ltr'>εἰσέτι</span> <span class='ocrx_word' id='word_1_472' title='bbox 3209 1961 3358 2033; x_wconf 81' lang='grc' dir='ltr'>παρὰ</span> <span class='ocrx_word' id='word_1_473' title='bbox 3380 1961 3503 2024; x_wconf 74' lang='grc' dir='ltr'>τοὺς</span> <span class='ocrx_word' id='word_1_474' title='bbox 3518 1959 3741 2031; x_wconf 79' lang='grc' dir='ltr'>τηλικού-</span> 
     </span>
    </p>
   </div>
   <div class='ocr_carea' id='block_1_66' title="bbox 2185 2050 3742 2125">
    <p class='ocr_par' dir='ltr' id='par_1_66' title="bbox 2185 2050 3742 2125">
     <span class='ocr_line' id='line_1_66' title="bbox 2185 2050 3742 2125; baseline -0.003 -17"><span class='ocrx_word' id='word_1_475' title='bbox 2185 2072 2309 2118; x_wconf 84' lang='grc' dir='ltr'>τους</span> <span class='ocrx_word' id='word_1_476' title='bbox 2326 2054 2545 2125; x_wconf 82' lang='grc' dir='ltr'>ἄνδρας,</span> <span class='ocrx_word' id='word_1_477' title='bbox 2563 2056 2612 2108; x_wconf 76' lang='grc' dir='ltr'>οἳ</span> <span class='ocrx_word' id='word_1_478' title='bbox 2630 2054 2740 2107; x_wconf 80' lang='grc' dir='ltr'>τῶν</span> <span class='ocrx_word' id='word_1_479' title='bbox 2756 2052 2956 2117; x_wconf 80' lang='grc' dir='ltr'>αὐτῶν,</span> <span class='ocrx_word' id='word_1_480' title='bbox 2975 2053 3047 2116; x_wconf 80' lang='grc' dir='ltr'><strong>ὡς</strong></span> <span class='ocrx_word' id='word_1_481' title='bbox 3071 2054 3197 2124; x_wconf 75' lang='grc' dir='ltr'>φῂς,</span> <span class='ocrx_word' id='word_1_482' title='bbox 3214 2050 3544 2105; x_wconf 80' lang='grc' dir='ltr'>διδασκάλων</span> <span class='ocrx_word' id='word_1_483' title='bbox 3573 2067 3742 2103; x_wconf 88' lang='grc' dir='ltr'>πεπει-</span> 
     </span>
    </p>
   </div>
   <div class='ocr_carea' id='block_1_67' title="bbox 2186 2142 3742 2219">
    <p class='ocr_par' dir='ltr' id='par_1_67' title="bbox 2186 2142 3742 2219">
     <span class='ocr_line' id='line_1_67' title="bbox 2186 2142 3742 2219; baseline -0.002 -20"><span class='ocrx_word' id='word_1_484' title='bbox 2186 2146 2444 2219; x_wconf 84' lang='grc' dir='ltr'>ρασμένοι</span> <span class='ocrx_word' id='word_1_485' title='bbox 2475 2146 2630 2216; x_wconf 73' lang='lat' dir='ltr'><strong>(i0&#39;),</strong></span> <span class='ocrx_word' id='word_1_486' title='bbox 2676 2145 2972 2218; x_wconf 75' lang='grc' dir='ltr'>διέπρεψαν</span> <span class='ocrx_word' id='word_1_487' title='bbox 3008 2146 3105 2217; x_wconf 81' lang='grc' dir='ltr'>μὲν</span> <span class='ocrx_word' id='word_1_488' title='bbox 3134 2147 3227 2199; x_wconf 75' lang='grc' dir='ltr'>καὶ</span> <span class='ocrx_word' id='word_1_489' title='bbox 3264 2143 3387 2197; x_wconf 85' lang='grc' dir='ltr'>καθ’</span> <span class='ocrx_word' id='word_1_490' title='bbox 3418 2142 3512 2208; x_wconf 74' lang='grc' dir='ltr'>οὓς</span> <span class='ocrx_word' id='word_1_491' title='bbox 3542 2142 3742 2214; x_wconf 68' lang='grc' dir='ltr'>ὲγνωρίυ</span> 
     </span>
    </p>
   </div>
   <div class='ocr_carea' id='block_1_68' title="bbox 2185 2234 3741 2310">
    <p class='ocr_par' dir='ltr' id='par_1_68' title="bbox 2185 2234 3741 2310">
     <span class='ocr_line' id='line_1_68' title="bbox 2185 2234 3741 2310; baseline -0.003 -19"><span class='ocrx_word' id='word_1_492' title='bbox 2185 2237 2339 2303; x_wconf 78' lang='grc' dir='ltr'>ζοντο</span> <span class='ocrx_word' id='word_1_493' title='bbox 2365 2238 2590 2310; x_wconf 82' lang='grc' dir='ltr'>χρόνους</span> <span class='ocrx_word' id='word_1_494' title='bbox 2609 2280 2623 2303; x_wconf 93' lang='grc'><strong>,</strong></span> <span class='ocrx_word' id='word_1_495' title='bbox 2670 2238 2766 2292; x_wconf 64' lang='grc' dir='ltr'><strong>καλ⁵</strong></span> <span class='ocrx_word' id='word_1_496' title='bbox 2808 2240 2867 2302; x_wconf 75' lang='grc' dir='ltr'>ἐς</span> <span class='ocrx_word' id='word_1_497' title='bbox 2907 2237 3032 2300; x_wconf 79' lang='grc' dir='ltr'>τοὺς</span> <span class='ocrx_word' id='word_1_498' title='bbox 3078 2237 3372 2307; x_wconf 88' lang='grc' dir='ltr'>μετέπειτα</span> <span class='ocrx_word' id='word_1_499' title='bbox 3404 2235 3461 2290; x_wconf 81' lang='grc' dir='ltr'>δὲ</span> <span class='ocrx_word' id='word_1_500' title='bbox 3492 2236 3586 2307; x_wconf 88' lang='grc' dir='ltr'><strong>τῆς</strong></span> <span class='ocrx_word' id='word_1_501' title='bbox 3613 2234 3741 2305; x_wconf 74' lang='grc' dir='ltr'>σφῶν</span> 
     </span>
    </p>
   </div>
   <div class='ocr_carea' id='block_1_69' title="bbox 2185 2328 3743 2401">
    <p class='ocr_par' dir='ltr' id='par_1_69' title="bbox 2185 2328 3743 2401">
     <span class='ocr_line' id='line_1_69' title="bbox 2185 2328 3743 2401; baseline -0.004 -16"><span class='ocrx_word' id='word_1_502' title='bbox 2185 2331 2504 2400; x_wconf 64' lang='grc' dir='ltr'>φιλοσοςρίας</span> <span class='ocrx_word' id='word_1_503' title='bbox 2537 2331 2779 2401; x_wconf 83' lang='grc' dir='ltr'>ἀοίδιμον</span> <span class='ocrx_word' id='word_1_504' title='bbox 2832 2329 3251 2386; x_wconf 86' lang='grc' dir='ltr'>καταλελοίπασι</span> <span class='ocrx_word' id='word_1_505' title='bbox 3291 2328 3392 2400; x_wconf 86' lang='grc' dir='ltr'>τὴν</span> <span class='ocrx_word' id='word_1_506' title='bbox 3441 2329 3667 2400; x_wconf 82' lang='grc' dir='ltr'>ἀρετήν·</span> <span class='ocrx_word' id='word_1_507' title='bbox 3700 2328 3743 2379; x_wconf 79' lang='grc' dir='ltr'><strong>εί</strong></span> 
     </span>
    </p>
   </div>
   <div class='ocr_carea' id='block_1_70' title="bbox 2187 2408 3740 2493">
    <p class='ocr_par' dir='ltr' id='par_1_70' title="bbox 2187 2408 3740 2493">
     <span class='ocr_line' id='line_1_70' title="bbox 2187 2408 3740 2493; baseline -0.003 -18"><span class='ocrx_word' id='word_1_508' title='bbox 2187 2422 2262 2493; x_wconf 83' lang='grc' dir='ltr'><strong>μὴ</strong></span> <span class='ocrx_word' id='word_1_509' title='bbox 2305 2422 2414 2493; x_wconf 80' lang='grc' dir='ltr'>ἄρα</span> <span class='ocrx_word' id='word_1_510' title='bbox 2461 2421 2604 2493; x_wconf 85' lang='grc' dir='ltr'>πέρα</span> <span class='ocrx_word' id='word_1_511' title='bbox 2650 2408 2758 2475; x_wconf 73' lang='grc' dir='ltr'><strong>τῶν</strong></span> <span class='ocrx_word' id='word_1_512' title='bbox 2806 2420 3193 2491; x_wconf 84' lang='grc' dir='ltr'>προσηκόντων</span> <span class='ocrx_word' id='word_1_513' title='bbox 3234 2418 3506 2491; x_wconf 80' lang='grc' dir='ltr'>ἐγχειρῶν</span> <span class='ocrx_word' id='word_1_514' title='bbox 3547 2419 3653 2481; x_wconf 81' lang='grc' dir='ltr'>τοῖς</span> <span class='ocrx_word' id='word_1_515' title='bbox 3689 2411 3740 2470; x_wconf 78' lang='grc' dir='ltr'><strong>εὗ</strong></span> 
     </span>
    </p>
   </div>
   <div class='ocr_carea' id='block_1_71' title="bbox 2183 2506 3745 2583">
    <p class='ocr_par' dir='ltr' id='par_1_71' title="bbox 2183 2506 3745 2583">
     <span class='ocr_line' id='line_1_71' title="bbox 2183 2506 3745 2583; baseline -0.003 -19"><span class='ocrx_word' id='word_1_516' title='bbox 2183 2510 2438 2583; x_wconf 74' lang='grc' dir='ltr'>φρονοῦσι</span> <span class='ocrx_word' id='word_1_517' title='bbox 2472 2511 2703 2583; x_wconf 73' lang='grc' dir='ltr'>φανερὸς</span> <span class='ocrx_word' id='word_1_518' title='bbox 2751 2509 3136 2581; x_wconf 80' lang='grc' dir='ltr'>καθειστήκει;</span> <span class='ocrx_word' id='word_1_519' title='bbox 3179 2508 3389 2562; x_wconf 81' lang='grc' dir='ltr'>Αὐτίκα</span> <span class='ocrx_word' id='word_1_520' title='bbox 3431 2508 3540 2561; x_wconf 83' lang='grc' dir='ltr'>τῶν</span> <span class='ocrx_word' id='word_1_521' title='bbox 3565 2506 3653 2561; x_wconf 84' lang='grc' dir='ltr'>νῦν</span> <span class='ocrx_word' id='word_1_522' title='bbox 3681 2508 3745 2560; x_wconf 77' lang='grc' dir='ltr'>εί-</span> 
     </span>
    </p>
   </div>
   <div class='ocr_carea' id='block_1_72' title="bbox 2184 2597 3746 2673">
    <p class='ocr_par' dir='ltr' id='par_1_72' title="bbox 2184 2597 3746 2673">
     <span class='ocr_line' id='line_1_72' title="bbox 2184 2597 3746 2673; baseline -0.003 -18"><span class='ocrx_word' id='word_1_523' title='bbox 2184 2618 2289 2665; x_wconf 86' lang='grc' dir='ltr'>σιν,</span> <span class='ocrx_word' id='word_1_524' title='bbox 2311 2602 2360 2655; x_wconf 81' lang='grc' dir='ltr'>οἳ</span> <span class='ocrx_word' id='word_1_525' title='bbox 2386 2600 2714 2673; x_wconf 79' lang='grc' dir='ltr'>περιέργους</span> <span class='ocrx_word' id='word_1_526' title='bbox 2748 2599 2996 2673; x_wconf 78' lang='grc' dir='ltr'>μηχανάς</span> <span class='ocrx_word' id='word_1_527' title='bbox 3027 2600 3159 2670; x_wconf 86' lang='grc' dir='ltr'>(Η),</span> <span class='ocrx_word' id='word_1_528' title='bbox 3191 2603 3254 2670; x_wconf 77' lang='grc' dir='ltr'><strong>τῇ</strong></span> <span class='ocrx_word' id='word_1_529' title='bbox 3286 2597 3384 2653; x_wconf 72' lang='grc' dir='ltr'><strong>τοῦ</strong></span> <span class='ocrx_word' id='word_1_530' title='bbox 3425 2598 3615 2671; x_wconf 81' lang='grc' dir='ltr'>ἀνδρὸς</span> <span class='ocrx_word' id='word_1_531' title='bbox 3638 2600 3746 2651; x_wconf 84' lang='grc' dir='ltr'>ἁνα-</span> 
     </span>
    </p>
   </div>
   <div class='ocr_carea' id='block_1_73' title="bbox 2183 2687 3744 2766">
    <p class='ocr_par' dir='ltr' id='par_1_73' title="bbox 2183 2687 3744 2766">
     <span class='ocr_line' id='line_1_73' title="bbox 2183 2687 3744 2766; baseline -0.004 -19"><span class='ocrx_word' id='word_1_532' title='bbox 2183 2694 2441 2766; x_wconf 81' lang='grc' dir='ltr'>κειμένας</span> <span class='ocrx_word' id='word_1_533' title='bbox 2474 2692 2845 2766; x_wconf 77' lang='grc' dir='ltr'>προσηγορίᾳ,</span> <span class='ocrx_word' id='word_1_534' title='bbox 2895 2691 3279 2762; x_wconf 70' lang='grc' dir='ltr'>κατειληφέναι</span> <span class='ocrx_word' id='word_1_535' title='bbox 3312 2691 3583 2760; x_wconf 86' lang='grc' dir='ltr'>λέγουσιν.</span> <span class='ocrx_word' id='word_1_536' title='bbox 3624 2687 3744 2743; x_wconf 80' lang='grc' dir='ltr'>Ἀλλ’</span> 
     </span>
    </p>
   </div>
   <div class='ocr_carea' id='block_1_74' title="bbox 2183 2780 3745 2857">
    <p class='ocr_par' dir='ltr' id='par_1_74' title="bbox 2183 2780 3745 2857">
     <span class='ocr_line' id='line_1_74' title="bbox 2183 2780 3745 2857; baseline -0.004 -18"><span class='ocrx_word' id='word_1_537' title='bbox 2183 2787 2283 2839; x_wconf 78' lang='grc' dir='ltr'>οὐκ</span> <span class='ocrx_word' id='word_1_538' title='bbox 2326 2786 2514 2857; x_wconf 73' lang='grc' dir='ltr'>ἔμοιγε</span> <span class='ocrx_word' id='word_1_539' title='bbox 2556 2784 2708 2854; x_wconf 84' lang='grc' dir='ltr'>φίλον</span> <span class='ocrx_word' id='word_1_540' title='bbox 2752 2784 2963 2848; x_wconf 77' lang='grc' dir='ltr'>τούτοις</span> <span class='ocrx_word' id='word_1_541' title='bbox 3003 2784 3291 2856; x_wconf 85' lang='grc' dir='ltr'>προσέχειν</span> <span class='ocrx_word' id='word_1_542' title='bbox 3320 2784 3415 2836; x_wconf 79' lang='grc' dir='ltr'>τὸν</span> <span class='ocrx_word' id='word_1_543' title='bbox 3443 2782 3598 2837; x_wconf 78' lang='grc' dir='ltr'>νοῦν·</span> <span class='ocrx_word' id='word_1_544' title='bbox 3627 2780 3745 2834; x_wconf 61' lang='grc' dir='ltr'>ἀλλὰ</span> 
     </span>
    </p>
   </div>
   <div class='ocr_carea' id='block_1_75' title="bbox 2181 2873 3748 2950">
    <p class='ocr_par' dir='ltr' id='par_1_75' title="bbox 2181 2873 3748 2950">
     <span class='ocr_line' id='line_1_75' title="bbox 2181 2873 3748 2950; baseline -0.003 -19"><span class='ocrx_word' id='word_1_545' title='bbox 2181 2879 2293 2950; x_wconf 79' lang='grc' dir='ltr'><strong>γάρ</strong></span> <span class='ocrx_word' id='word_1_546' title='bbox 2324 2877 2416 2932; x_wconf 74' lang='grc' dir='ltr'>καὶ</span> <span class='ocrx_word' id='word_1_547' title='bbox 2443 2878 2571 2950; x_wconf 78' lang='grc' dir='ltr'>περὶ</span> <span class='ocrx_word' id='word_1_548' title='bbox 2598 2877 2701 2947; x_wconf 78' lang='grc' dir='ltr'><strong>τῆς</strong></span> <span class='ocrx_word' id='word_1_549' title='bbox 2730 2876 2990 2945; x_wconf 82' lang='grc' dir='ltr'>τελευτῆς</span> <span class='ocrx_word' id='word_1_550' title='bbox 3022 2876 3115 2930; x_wconf 74' lang='grc' dir='ltr'>τοῦ</span> <span class='ocrx_word' id='word_1_551' title='bbox 3143 2876 3337 2947; x_wconf 75' lang='grc' dir='ltr'>ἀνδρὸς</span> <span class='ocrx_word' id='word_1_552' title='bbox 3366 2873 3634 2929; x_wconf 77' lang='grc' dir='ltr'>ἀκόλουθα</span> <span class='ocrx_word' id='word_1_553' title='bbox 3652 2875 3748 2938; x_wconf 76' lang='grc' dir='ltr'>τοῖς</span> 
     </span>
    </p>
   </div>
   <div class='ocr_carea' id='block_1_76' title="bbox 2182 2964 3747 3039">
    <p class='ocr_par' dir='ltr' id='par_1_76' title="bbox 2182 2964 3747 3039">
     <span class='ocr_line' id='line_1_76' title="bbox 2182 2964 3747 3039; baseline -0.001 -19"><span class='ocrx_word' id='word_1_554' title='bbox 2182 2968 2467 3039; x_wconf 82' lang='grc' dir='ltr'>προτέροις</span> <span class='ocrx_word' id='word_1_555' title='bbox 2510 2968 2847 3031; x_wconf 82' lang='grc' dir='ltr'>συντάττων,</span> <span class='ocrx_word' id='word_1_556' title='bbox 2894 2966 3044 3019; x_wconf 77' lang='grc' dir='ltr'>οὐδὲν</span> <span class='ocrx_word' id='word_1_557' title='bbox 3078 2966 3275 3037; x_wconf 74' lang='grc' dir='ltr'>ἀληθὲς</span> <span class='ocrx_word' id='word_1_558' title='bbox 3323 2966 3590 3036; x_wconf 76' lang='grc' dir='ltr'>ἐξέφηνεν</span> <span class='ocrx_word' id='word_1_559' title='bbox 3628 2964 3747 3019; x_wconf 81' lang='grc' dir='ltr'>εἰδέ-</span> 
     </span>
    </p>
   </div>
   <div class='ocr_carea' id='block_1_77' title="bbox 2181 3056 3751 3130">
    <p class='ocr_par' dir='ltr' id='par_1_77' title="bbox 2181 3056 3751 3130">
     <span class='ocr_line' id='line_1_77' title="bbox 2181 3056 3751 3130; baseline -0.006 -16"><span class='ocrx_word' id='word_1_560' title='bbox 2181 3077 2288 3114; x_wconf 89' lang='grc' dir='ltr'>ναι.</span> <span class='ocrx_word' id='word_1_561' title='bbox 2326 3060 2465 3123; x_wconf 76' lang='grc' dir='ltr'>Τοὺς</span> <span class='ocrx_word' id='word_1_562' title='bbox 2500 3059 2598 3129; x_wconf 84' lang='grc' dir='ltr'>μὲν</span> <span class='ocrx_word' id='word_1_563' title='bbox 2623 3057 2730 3130; x_wconf 82' lang='grc' dir='ltr'>γὰρ</span> <span class='ocrx_word' id='word_1_564' title='bbox 2757 3059 2816 3110; x_wconf 84' lang='grc' dir='ltr'><strong>έν</strong></span> <span class='ocrx_word' id='word_1_565' title='bbox 2848 3056 3060 3127; x_wconf 75' lang='grc' dir='ltr'>Ἐφέσῳ</span> <span class='ocrx_word' id='word_1_566' title='bbox 3088 3056 3414 3128; x_wconf 86' lang='grc' dir='ltr'>τελευτῆσαι</span> <span class='ocrx_word' id='word_1_567' title='bbox 3448 3056 3606 3110; x_wconf 79' lang='grc' dir='ltr'>αὐτὸν</span> <span class='ocrx_word' id='word_1_568' title='bbox 3627 3057 3751 3108; x_wconf 79' lang='grc' dir='ltr'>ἱστο-</span> 
     </span>
    </p>
   </div>
   <div class='ocr_carea' id='block_1_78' title="bbox 2183 3147 3748 3225">
    <p class='ocr_par' dir='ltr' id='par_1_78' title="bbox 2183 3147 3748 3225">
     <span class='ocr_line' id='line_1_78' title="bbox 2183 3147 3748 3225; baseline -0.004 -20"><span class='ocrx_word' id='word_1_569' title='bbox 2183 3154 2286 3225; x_wconf 85' lang='grc' dir='ltr'>ρεῖ,</span> <span class='ocrx_word' id='word_1_570' title='bbox 2315 3152 2440 3216; x_wconf 69' lang='grc' dir='ltr'>τοὺς</span> <span class='ocrx_word' id='word_1_571' title='bbox 2470 3151 2526 3204; x_wconf 81' lang='grc' dir='ltr'>δὲ</span> <span class='ocrx_word' id='word_1_572' title='bbox 2553 3154 2611 3205; x_wconf 85' lang='grc' dir='ltr'><strong>έν</strong></span> <span class='ocrx_word' id='word_1_573' title='bbox 2636 3149 2812 3220; x_wconf 84' lang='grc' dir='ltr'>Λίνδῳ</span> <span class='ocrx_word' id='word_1_574' title='bbox 2840 3151 2899 3214; x_wconf 81' lang='grc' dir='ltr'><strong>ές</strong></span> <span class='ocrx_word' id='word_1_575' title='bbox 2922 3149 2982 3204; x_wconf 81' lang='grc' dir='ltr'>τὸ</span> <span class='ocrx_word' id='word_1_576' title='bbox 3009 3148 3151 3221; x_wconf 81' lang='grc' dir='ltr'>ἱερὸν</span> <span class='ocrx_word' id='word_1_577' title='bbox 3168 3149 3267 3220; x_wconf 88' lang='grc' dir='ltr'><strong>τῆς</strong></span> <span class='ocrx_word' id='word_1_578' title='bbox 3305 3147 3748 3222; x_wconf 76' lang='grc' dir='ltr'>Ἀθηνᾶς,άλλους</span> 
     </span>
    </p>
   </div>
   <div class='ocr_carea' id='block_1_79' title="bbox 2179 3238 3749 3316">
    <p class='ocr_par' dir='ltr' id='par_1_79' title="bbox 2179 3238 3749 3316">
     <span class='ocr_line' id='line_1_79' title="bbox 2179 3238 3749 3316; baseline -0.004 -17"><span class='ocrx_word' id='word_1_579' title='bbox 2179 3245 2236 3299; x_wconf 86' lang='grc' dir='ltr'>δὲ</span> <span class='ocrx_word' id='word_1_580' title='bbox 2265 3247 2323 3299; x_wconf 81' lang='grc' dir='ltr'>ὲν</span> <span class='ocrx_word' id='word_1_581' title='bbox 2364 3246 2577 3316; x_wconf 80' lang='grc' dir='ltr'>Κρήτῃ.</span> <span class='ocrx_word' id='word_1_582' title='bbox 2623 3243 2734 3298; x_wconf 76' lang='grc' dir='ltr'><strong>Καὶ</strong></span> <span class='ocrx_word' id='word_1_583' title='bbox 2762 3241 3031 3314; x_wconf 83' lang='grc' dir='ltr'>τοσαύτην</span> <span class='ocrx_word' id='word_1_584' title='bbox 3063 3243 3285 3311; x_wconf 80' lang='grc' dir='ltr'>ἄγνοιαν</span> <span class='ocrx_word' id='word_1_585' title='bbox 3308 3241 3405 3296; x_wconf 80' lang='grc' dir='ltr'><strong>τοῦ</strong></span> <span class='ocrx_word' id='word_1_586' title='bbox 3439 3242 3569 3314; x_wconf 77' lang='grc' dir='ltr'>περὶ</span> <span class='ocrx_word' id='word_1_587' title='bbox 3605 3238 3749 3297; x_wconf 62' lang='lat' dir='ltr'><strong>absint</strong></span> 
     </span>
    </p>
   </div>
   <div class='ocr_carea' id='block_1_80' title="bbox 2176 3333 3750 3409">
    <p class='ocr_par' dir='ltr' id='par_1_80' title="bbox 2176 3333 3750 3409">
     <span class='ocr_line' id='line_1_80' title="bbox 2176 3333 3750 3409; baseline -0.003 -18"><span class='ocrx_word' id='word_1_588' title='bbox 2176 3337 2361 3400; x_wconf 83' lang='grc' dir='ltr'>τέλους</span> <span class='ocrx_word' id='word_1_589' title='bbox 2380 3335 2813 3398; x_wconf 81' lang='grc' dir='ltr'>κατασκεδάσας,</span> <span class='ocrx_word' id='word_1_590' title='bbox 2833 3334 3081 3406; x_wconf 87' lang='grc' dir='ltr'>βούλεται</span> <span class='ocrx_word' id='word_1_591' title='bbox 3102 3336 3264 3390; x_wconf 78' lang='grc' dir='ltr'>αὐτὸν</span> <span class='ocrx_word' id='word_1_592' title='bbox 3281 3337 3338 3400; x_wconf 82' lang='grc' dir='ltr'><strong>ές</strong></span> <span class='ocrx_word' id='word_1_593' title='bbox 3367 3337 3598 3409; x_wconf 75' lang='grc' dir='ltr'>οὐρανὸν</span> <span class='ocrx_word' id='word_1_594' title='bbox 3619 3333 3750 3405; x_wconf 75' lang='grc' dir='ltr'>αὐτῷ</span> 
     </span>
    </p>
   </div>
   <div class='ocr_carea' id='block_1_81' title="bbox 2183 3424 3749 3497">
    <p class='ocr_par' dir='ltr' id='par_1_81' title="bbox 2183 3424 3749 3497">
     <span class='ocr_line' id='line_1_81' title="bbox 2183 3424 3749 3497; baseline -0.002 -18"><span class='ocrx_word' id='word_1_595' title='bbox 2183 3426 2392 3497; x_wconf 86' lang='grc' dir='ltr'>σώματι</span> <span class='ocrx_word' id='word_1_596' title='bbox 2434 3424 2702 3497; x_wconf 86' lang='grc' dir='ltr'>χωρῆσαι.</span> <span class='ocrx_word' id='word_1_597' title='bbox 2756 3424 3150 3497; x_wconf 84' lang='grc' dir='ltr'>Ἑσδραμόντος</span> <span class='ocrx_word' id='word_1_598' title='bbox 3188 3424 3298 3497; x_wconf 80' lang='grc' dir='ltr'><strong>γὰρ</strong></span> <span class='ocrx_word' id='word_1_599' title='bbox 3338 3426 3398 3489; x_wconf 86' lang='grc' dir='ltr'>ὲς</span> <span class='ocrx_word' id='word_1_600' title='bbox 3435 3426 3602 3497; x_wconf 83' lang='grc' dir='ltr'>ἱερὸν,</span> <span class='ocrx_word' id='word_1_601' title='bbox 3632 3424 3749 3496; x_wconf 71' lang='grc' dir='ltr'>φησὶ</span> 
     </span>
    </p>
   </div>
   <div class='ocr_carea' id='block_1_82' title="bbox 2180 3516 3748 3588">
    <p class='ocr_par' dir='ltr' id='par_1_82' title="bbox 2180 3516 3748 3588">
     <span class='ocr_line' id='line_1_82' title="bbox 2180 3516 3748 3588; baseline -0.001 -17"><span class='ocrx_word' id='word_1_602' title='bbox 2180 3517 2495 3587; x_wconf 78' lang='grc' dir='ltr'>κλεισθῆναι</span> <span class='ocrx_word' id='word_1_603' title='bbox 2525 3516 2622 3580; x_wconf 79' lang='grc' dir='ltr'><strong>τὰς</strong></span> <span class='ocrx_word' id='word_1_604' title='bbox 2648 3516 2841 3580; x_wconf 81' lang='grc' dir='ltr'>πύλας,</span> <span class='ocrx_word' id='word_1_605' title='bbox 2878 3516 2971 3570; x_wconf 91' lang='grc' dir='ltr'><strong>καί</strong></span> <span class='ocrx_word' id='word_1_606' title='bbox 2995 3534 3115 3570; x_wconf 89' lang='grc' dir='ltr'>τινα</span> <span class='ocrx_word' id='word_1_607' title='bbox 3146 3516 3290 3588; x_wconf 78' lang='grc' dir='ltr'>ᾠδὴν</span> <span class='ocrx_word' id='word_1_608' title='bbox 3324 3517 3592 3587; x_wconf 78' lang='grc' dir='ltr'>ἀδόκητον</span> <span class='ocrx_word' id='word_1_609' title='bbox 3621 3532 3748 3588; x_wconf 85' lang='grc' dir='ltr'>παρ·</span> 
     </span>
    </p>
   </div>
   <div class='ocr_carea' id='block_1_83' title="bbox 2181 3604 3748 3680">
    <p class='ocr_par' dir='ltr' id='par_1_83' title="bbox 2181 3604 3748 3680">
     <span class='ocr_line' id='line_1_83' title="bbox 2181 3604 3748 3680; baseline -0.003 -17"><span class='ocrx_word' id='word_1_610' title='bbox 2181 3609 2350 3664; x_wconf 87' lang='grc' dir='ltr'>θένων</span> <span class='ocrx_word' id='word_1_611' title='bbox 2380 3612 2650 3663; x_wconf 80' lang='grc' dir='ltr'>ἐκπεσεῖν.</span> <span class='ocrx_word' id='word_1_612' title='bbox 2683 3610 2756 3662; x_wconf 82' lang='grc' dir='ltr'>Τὸ</span> <span class='ocrx_word' id='word_1_613' title='bbox 2783 3608 2839 3662; x_wconf 81' lang='grc' dir='ltr'>δὲ</span> <span class='ocrx_word' id='word_1_614' title='bbox 2882 3604 3033 3680; x_wconf 83' lang='grc' dir='ltr'>ᾆσμα</span> <span class='ocrx_word' id='word_1_615' title='bbox 3065 3604 3235 3663; x_wconf 77' lang='grc' dir='ltr'>εἶναι·</span> <span class='ocrx_word' id='word_1_616' title='bbox 3278 3628 3296 3660; x_wconf 77' lang='lat' dir='ltr'><strong>t</strong></span> <span class='ocrx_word' id='word_1_617' title='bbox 3322 3610 3513 3679; x_wconf 86' lang='grc' dir='ltr'>Στεῖχε</span> <span class='ocrx_word' id='word_1_618' title='bbox 3532 3650 3546 3672; x_wconf 94' lang='grc'><strong>,</strong></span> <span class='ocrx_word' id='word_1_619' title='bbox 3590 3610 3748 3678; x_wconf 76' lang='grc' dir='ltr'>στεῖχε</span> 
     </span>
    </p>
   </div>
   <div class='ocr_carea' id='block_1_84' title="bbox 2181 3698 3749 3774">
    <p class='ocr_par' dir='ltr' id='par_1_84' title="bbox 2181 3698 3749 3774">
     <span class='ocr_line' id='line_1_84' title="bbox 2181 3698 3749 3774; baseline -0.003 -19"><span class='ocrx_word' id='word_1_620' title='bbox 2181 3704 2238 3766; x_wconf 79' lang='grc' dir='ltr'>ἐς</span> <span class='ocrx_word' id='word_1_621' title='bbox 2264 3701 2512 3774; x_wconf 81' lang='grc' dir='ltr'>οὐρανὸν,</span> <span class='ocrx_word' id='word_1_622' title='bbox 2556 3703 2755 3772; x_wconf 85' lang='grc' dir='ltr'>στεῖχε.</span> <span class='ocrx_word' id='word_1_623' title='bbox 2787 3720 2806 3753; x_wconf 72' lang='grc' dir='ltr'>ι</span> <span class='ocrx_word' id='word_1_624' title='bbox 2843 3700 3005 3770; x_wconf 87' lang='grc' dir='ltr'>Λέγει</span> <span class='ocrx_word' id='word_1_625' title='bbox 3045 3698 3102 3753; x_wconf 85' lang='grc' dir='ltr'>δὲ</span> <span class='ocrx_word' id='word_1_626' title='bbox 3122 3740 3137 3765; x_wconf 93' lang='grc'><strong>,</strong></span> <span class='ocrx_word' id='word_1_627' title='bbox 3185 3700 3260 3764; x_wconf 86' lang='grc' dir='ltr'><strong>ὡς</strong></span> <span class='ocrx_word' id='word_1_628' title='bbox 3292 3702 3432 3773; x_wconf 80' lang='grc' dir='ltr'>μήτε</span> <span class='ocrx_word' id='word_1_629' title='bbox 3464 3698 3749 3769; x_wconf 73' lang='grc' dir='ltr'>κενοταφίῳ</span> 
     </span>
    </p>
   </div>
   <div class='ocr_carea' id='block_1_85' title="bbox 2179 3792 3744 3865">
    <p class='ocr_par' dir='ltr' id='par_1_85' title="bbox 2179 3792 3744 3865">
     <span class='ocr_line' id='line_1_85' title="bbox 2179 3792 3744 3865; baseline -0.004 -18"><span class='ocrx_word' id='word_1_630' title='bbox 2179 3794 2273 3848; x_wconf 80' lang='grc' dir='ltr'>τοῦ</span> <span class='ocrx_word' id='word_1_631' title='bbox 2294 3794 2483 3865; x_wconf 85' lang='grc' dir='ltr'>ἀνδρός</span> <span class='ocrx_word' id='word_1_632' title='bbox 2510 3812 2595 3848; x_wconf 88' lang='grc' dir='ltr'><strong>πω</strong></span> <span class='ocrx_word' id='word_1_633' title='bbox 2617 3792 2919 3864; x_wconf 78' lang='grc' dir='ltr'>περιτύχοι,</span> <span class='ocrx_word' id='word_1_634' title='bbox 2935 3792 3114 3845; x_wconf 91' lang='grc' dir='ltr'>καίτοι</span> <span class='ocrx_word' id='word_1_635' title='bbox 3139 3792 3241 3863; x_wconf 86' lang='grc' dir='ltr'><strong>τῆς</strong></span> <span class='ocrx_word' id='word_1_636' title='bbox 3267 3792 3373 3863; x_wconf 86' lang='grc' dir='ltr'><strong>γῆς</strong></span> <span class='ocrx_word' id='word_1_637' title='bbox 3395 3794 3574 3864; x_wconf 82' lang='grc' dir='ltr'>ὁπόση</span> <span class='ocrx_word' id='word_1_638' title='bbox 3596 3792 3744 3850; x_wconf 76' lang='grc' dir='ltr'>ἐστὶν,</span> 
     </span>
    </p>
   </div>
   <div class='ocr_carea' id='block_1_86' title="bbox 2180 3881 3748 3956">
    <p class='ocr_par' dir='ltr' id='par_1_86' title="bbox 2180 3881 3748 3956">
     <span class='ocr_line' id='line_1_86' title="bbox 2180 3881 3748 3956; baseline -0.003 -17"><span class='ocrx_word' id='word_1_639' title='bbox 2180 3886 2371 3940; x_wconf 79' lang='grc' dir='ltr'>ἑαυτὸν</span> <span class='ocrx_word' id='word_1_640' title='bbox 2402 3885 2714 3940; x_wconf 76' lang='grc' dir='ltr'>ἐπελθόντα.</span> <span class='ocrx_word' id='word_1_641' title='bbox 2745 3883 2851 3938; x_wconf 71' lang='grc' dir='ltr'><strong>Καὶ</strong></span> <span class='ocrx_word' id='word_1_642' title='bbox 2884 3884 3132 3956; x_wconf 87' lang='grc' dir='ltr'>βούλεται</span> <span class='ocrx_word' id='word_1_643' title='bbox 3158 3884 3307 3954; x_wconf 77' lang='grc' dir='ltr'>αὐτῷ</span> <span class='ocrx_word' id='word_1_644' title='bbox 3335 3881 3604 3956; x_wconf 75' lang='grc' dir='ltr'>η’διάνοια</span> <span class='ocrx_word' id='word_1_645' title='bbox 3630 3882 3748 3955; x_wconf 74' lang='grc' dir='ltr'>μηδὲ</span> 
     </span>
    </p>
   </div>
   <div class='ocr_carea' id='block_1_87' title="bbox 2179 3972 3749 4048">
    <p class='ocr_par' dir='ltr' id='par_1_87' title="bbox 2179 3972 3749 4048">
     <span class='ocr_line' id='line_1_87' title="bbox 2179 3972 3749 4048; baseline -0.004 -16"><span class='ocrx_word' id='word_1_646' title='bbox 2179 3978 2316 4041; x_wconf 83' lang='grc' dir='ltr'>ὅλως</span> <span class='ocrx_word' id='word_1_647' title='bbox 2356 3977 2584 4032; x_wconf 86' lang='grc' dir='ltr'>θανάτου</span> <span class='ocrx_word' id='word_1_648' title='bbox 2620 3977 2712 4030; x_wconf 79' lang='grc' dir='ltr'><strong>τὸν</strong></span> <span class='ocrx_word' id='word_1_649' title='bbox 2754 3976 2921 4047; x_wconf 81' lang='grc' dir='ltr'>ἄνδρα</span> <span class='ocrx_word' id='word_1_650' title='bbox 2954 3975 3149 4045; x_wconf 89' lang='grc' dir='ltr'>θίγειν.</span> <span class='ocrx_word' id='word_1_651' title='bbox 3203 3975 3478 4048; x_wconf 85' lang='grc' dir='ltr'>Πρότερον</span> <span class='ocrx_word' id='word_1_652' title='bbox 3517 3977 3614 4047; x_wconf 82' lang='grc' dir='ltr'>μὲν</span> <span class='ocrx_word' id='word_1_653' title='bbox 3654 3972 3749 4045; x_wconf 72' lang='grc' dir='ltr'><strong>γὰρ</strong></span> 
     </span>
    </p>
   </div>
   <div class='ocr_carea' id='block_1_88' title="bbox 2183 4068 3748 4143">
    <p class='ocr_par' dir='ltr' id='par_1_88' title="bbox 2183 4068 3748 4143">
     <span class='ocr_line' id='line_1_88' title="bbox 2183 4068 3748 4143; baseline -0.004 -17"><span class='ocrx_word' id='word_1_654' title='bbox 2183 4070 2535 4143; x_wconf 67' lang='grc' dir='ltr'>ἀμφιϐάλλων</span> <span class='ocrx_word' id='word_1_655' title='bbox 2591 4072 2718 4142; x_wconf 79' lang='grc' dir='ltr'>περὶ</span> <span class='ocrx_word' id='word_1_656' title='bbox 2768 4069 2859 4124; x_wconf 83' lang='grc' dir='ltr'>τοῦ</span> <span class='ocrx_word' id='word_1_657' title='bbox 2903 4071 3137 4140; x_wconf 88' lang='grc' dir='ltr'>τρόπου,</span> <span class='ocrx_word' id='word_1_658' title='bbox 3189 4068 3307 4124; x_wconf 81' lang='grc' dir='ltr'>καθ’</span> <span class='ocrx_word' id='word_1_659' title='bbox 3356 4069 3417 4123; x_wconf 82' lang='grc' dir='ltr'>ὃν</span> <span class='ocrx_word' id='word_1_660' title='bbox 3471 4068 3748 4128; x_wconf 77' lang='grc' dir='ltr'>ἐτελεύτα.</span> 
     </span>
    </p>
   </div>
   <div class='ocr_carea' id='block_1_89' title="bbox 2178 4160 3750 4236">
    <p class='ocr_par' dir='ltr' id='par_1_89' title="bbox 2178 4160 3750 4236">
     <span class='ocr_line' id='line_1_89' title="bbox 2178 4160 3750 4236; baseline -0.004 -18"><span class='ocrx_word' id='word_1_661' title='bbox 2178 4163 2403 4236; x_wconf 75' lang='grc' dir='ltr'>ὕστερον</span> <span class='ocrx_word' id='word_1_662' title='bbox 2434 4164 2490 4217; x_wconf 81' lang='grc' dir='ltr'>δὲ</span> <span class='ocrx_word' id='word_1_663' title='bbox 2518 4162 2813 4236; x_wconf 75' lang='grc' dir='ltr'>διαρρήδην</span> <span class='ocrx_word' id='word_1_664' title='bbox 2847 4161 2943 4216; x_wconf 70' lang='grc' dir='ltr'>καὶ</span> <span class='ocrx_word' id='word_1_665' title='bbox 2983 4164 3042 4226; x_wconf 83' lang='grc' dir='ltr'><strong>ές</strong></span> <span class='ocrx_word' id='word_1_666' title='bbox 3071 4160 3300 4232; x_wconf 80' lang='grc' dir='ltr'>οὐρανὸν</span> <span class='ocrx_word' id='word_1_667' title='bbox 3329 4162 3495 4217; x_wconf 66' lang='grc' dir='ltr'>αὐτὴν</span> <span class='ocrx_word' id='word_1_668' title='bbox 3520 4161 3750 4234; x_wconf 85' lang='grc' dir='ltr'>χωρῆσαι</span> 
     </span>
    </p>
   </div>
   <div class='ocr_carea' id='block_1_90' title="bbox 2174 4253 3752 4327">
    <p class='ocr_par' dir='ltr' id='par_1_90' title="bbox 2174 4253 3752 4327">
     <span class='ocr_line' id='line_1_90' title="bbox 2174 4253 3752 4327; baseline -0.003 -16"><span class='ocrx_word' id='word_1_669' title='bbox 2174 4257 2393 4327; x_wconf 80' lang='grc' dir='ltr'>φάσκει.</span> <span class='ocrx_word' id='word_1_670' title='bbox 2418 4255 2600 4314; x_wconf 87' lang='grc' dir='ltr'>Ὅθεν.</span> <span class='ocrx_word' id='word_1_671' title='bbox 2627 4255 2703 4319; x_wconf 86' lang='grc' dir='ltr'><strong>ὡς</strong></span> <span class='ocrx_word' id='word_1_672' title='bbox 2727 4254 2791 4325; x_wconf 81' lang='grc' dir='ltr'>δὴ</span> <span class='ocrx_word' id='word_1_673' title='bbox 2821 4253 3062 4308; x_wconf 83' lang='grc' dir='ltr'>τοιοῦτον</span> <span class='ocrx_word' id='word_1_674' title='bbox 3086 4256 3236 4319; x_wconf 70' lang='grc' dir='ltr'>ὄντα,</span> <span class='ocrx_word' id='word_1_675' title='bbox 3255 4256 3348 4308; x_wconf 81' lang='grc' dir='ltr'>καὶ</span> <span class='ocrx_word' id='word_1_676' title='bbox 3377 4257 3525 4309; x_wconf 79' lang='grc' dir='ltr'>κατὰ</span> <span class='ocrx_word' id='word_1_677' title='bbox 3551 4255 3610 4308; x_wconf 86' lang='grc' dir='ltr'>τὸ</span> <span class='ocrx_word' id='word_1_678' title='bbox 3634 4270 3752 4325; x_wconf 82' lang='grc' dir='ltr'>προ-</span> 
     </span>
    </p>
   </div>
   <div class='ocr_carea' id='block_1_91' title="bbox 2170 4345 3751 4421">
    <p class='ocr_par' dir='ltr' id='par_1_91' title="bbox 2170 4345 3751 4421">
     <span class='ocr_line' id='line_1_91' title="bbox 2170 4345 3751 4421; baseline -0.001 -20"><span class='ocrx_word' id='word_1_679' title='bbox 2170 4348 2345 4419; x_wconf 87' lang='grc' dir='ltr'>οίμιον</span> <span class='ocrx_word' id='word_1_680' title='bbox 2369 4387 2385 4409; x_wconf 90' lang='grc'><strong>,</strong></span> <span class='ocrx_word' id='word_1_681' title='bbox 2429 4348 2523 4401; x_wconf 80' lang='grc' dir='ltr'>καὶ</span> <span class='ocrx_word' id='word_1_682' title='bbox 2565 4346 2686 4400; x_wconf 79' lang='grc' dir='ltr'>καθ’</span> <span class='ocrx_word' id='word_1_683' title='bbox 2723 4345 2851 4417; x_wconf 79' lang='grc' dir='ltr'>ὅλην</span> <span class='ocrx_word' id='word_1_684' title='bbox 2883 4346 2986 4419; x_wconf 84' lang='grc' dir='ltr'>τὴν</span> <span class='ocrx_word' id='word_1_685' title='bbox 3028 4347 3283 4419; x_wconf 80' lang='grc' dir='ltr'>γραφὴν,</span> <span class='ocrx_word' id='word_1_686' title='bbox 3314 4348 3638 4421; x_wconf 87' lang='grc' dir='ltr'>Πυθαγόρου</span> <span class='ocrx_word' id='word_1_687' title='bbox 3668 4345 3751 4400; x_wconf 77' lang='grc' dir='ltr'>καὶ</span> 
     </span>
    </p>
   </div>
   <div class='ocr_carea' id='block_1_92' title="bbox 2184 4436 3750 4513">
    <p class='ocr_par' dir='ltr' id='par_1_92' title="bbox 2184 4436 3750 4513">
     <span class='ocr_line' id='line_1_92' title="bbox 2184 4436 3750 4513; baseline -0.001 -20"><span class='ocrx_word' id='word_1_688' title='bbox 2184 4436 2607 4510; x_wconf 83' lang='grc' dir='ltr'>Ἐμπεδοκλέους</span> <span class='ocrx_word' id='word_1_689' title='bbox 2652 4438 2920 4512; x_wconf 87' lang='grc' dir='ltr'>θειότερόν</span> <span class='ocrx_word' id='word_1_690' title='bbox 2969 4455 3137 4511; x_wconf 81' lang='grc' dir='ltr'>φησι,</span> <span class='ocrx_word' id='word_1_691' title='bbox 3191 4441 3286 4493; x_wconf 79' lang='grc' dir='ltr'>καὶ</span> <span class='ocrx_word' id='word_1_692' title='bbox 3329 4438 3750 4513; x_wconf 84' lang='grc' dir='ltr'>παρεληλυθέναι</span> 
     </span>
    </p>
   </div>
   <div class='ocr_carea' id='block_1_93' title="bbox 2173 4532 2482 4606">
    <p class='ocr_par' dir='ltr' id='par_1_93' title="bbox 2173 4532 2482 4606">
     <span class='ocr_line' id='line_1_93' title="bbox 2173 4532 2482 4606; baseline 0.006 -21"><span class='ocrx_word' id='word_1_693' title='bbox 2173 4532 2482 4606; x_wconf 76' lang='grc' dir='ltr'>φιλοσοφίᾳ.</span> 
     </span>
    </p>
   </div>
   <div class='ocr_carea' id='block_1_94' title="bbox 483 4608 3748 4697">
    <p class='ocr_par' dir='ltr' id='par_1_94' title="bbox 483 4608 3748 4697">
     <span class='ocr_line' id='line_1_94' title="bbox 483 4608 3748 4697; baseline 0.001 -20"><span class='ocrx_word' id='word_1_694' title='bbox 483 4620 578 4684; x_wconf 81' lang='lat' dir='ltr'><strong>sit,</strong></span> <span class='ocrx_word' id='word_1_695' title='bbox 602 4618 802 4674; x_wconf 87' lang='lat' dir='ltr'><strong>diserte</strong></span> <span class='ocrx_word' id='word_1_696' title='bbox 826 4620 1021 4677; x_wconf 89' lang='lat' dir='ltr'><strong>deinde</strong></span> <span class='ocrx_word' id='word_1_697' title='bbox 1069 4621 1204 4675; x_wconf 89' lang='lat' dir='ltr'><strong>dicit</strong></span> <span class='ocrx_word' id='word_1_698' title='bbox 1242 4622 1295 4675; x_wconf 91' lang='lat' dir='ltr'><strong>in</strong></span> <span class='ocrx_word' id='word_1_699' title='bbox 1338 4623 1536 4677; x_wconf 75' lang='lat' dir='ltr'><strong>caelum</strong></span> <span class='ocrx_word' id='word_1_700' title='bbox 1596 4624 1914 4681; x_wconf 82' lang='lat' dir='ltr'><strong>ascendisse</strong></span> <span class='ocrx_word' id='word_1_701' title='bbox 1972 4639 2120 4679; x_wconf 88' lang='lat' dir='ltr'><strong>eum.</strong></span> <span class='ocrx_word' id='word_1_702' title='bbox 2167 4624 2539 4691; x_wconf 82' lang='lat' dir='ltr'><strong>Quamobrem</strong></span> <span class='ocrx_word' id='word_1_703' title='bbox 2573 4608 2734 4690; x_wconf 84' lang='lat' dir='ltr'><strong>eum,</strong></span> <span class='ocrx_word' id='word_1_704' title='bbox 2772 4630 2957 4678; x_wconf 88' lang='lat' dir='ltr'><strong>tantus</strong></span> <span class='ocrx_word' id='word_1_705' title='bbox 2981 4620 3073 4693; x_wconf 90' lang='lat' dir='ltr'><strong>qui</strong></span> <span class='ocrx_word' id='word_1_706' title='bbox 3098 4623 3191 4690; x_wconf 92' lang='lat' dir='ltr'><strong>sit,</strong></span> <span class='ocrx_word' id='word_1_707' title='bbox 3225 4635 3279 4678; x_wconf 91' lang='lat' dir='ltr'><strong>et</strong></span> <span class='ocrx_word' id='word_1_708' title='bbox 3311 4624 3368 4679; x_wconf 92' lang='lat' dir='ltr'><strong>in</strong></span> <span class='ocrx_word' id='word_1_709' title='bbox 3394 4625 3664 4697; x_wconf 72' lang='lat' dir='ltr'><strong>prommio</strong></span> <span class='ocrx_word' id='word_1_710' title='bbox 3688 4623 3748 4688; x_wconf 78' lang='lat'><strong>&quot;,</strong></span> 
     </span>
    </p>
   </div>
   <div class='ocr_carea' id='block_1_95' title="bbox 554 4733 2179 4808">
    <p class='ocr_par' dir='ltr' id='par_1_95' title="bbox 554 4733 2179 4808">
     <span class='ocr_line' id='line_1_95' title="bbox 554 4733 2179 4808; baseline 0.007 -22"><span class='ocrx_word' id='word_1_711' title='bbox 554 4733 604 4766; x_wconf 73' lang='lat'><strong>“</strong></span> <span class='ocrx_word' id='word_1_712' title='bbox 642 4735 736 4789; x_wconf 92' lang='lat' dir='ltr'><strong>lib.</strong></span> <span class='ocrx_word' id='word_1_713' title='bbox 772 4753 813 4799; x_wconf 88' lang='grc' dir='ltr'>ι,</span> <span class='ocrx_word' id='word_1_714' title='bbox 857 4751 906 4790; x_wconf 92' lang='lat' dir='ltr'><strong>e.</strong></span> <span class='ocrx_word' id='word_1_715' title='bbox 940 4735 994 4791; x_wconf 77' lang='lat'><strong>2.</strong></span> <span class='ocrx_word' id='word_1_716' title='bbox 1073 4737 1120 4768; x_wconf 83' lang='lat'>&quot;</span> <span class='ocrx_word' id='word_1_717' title='bbox 1161 4737 1254 4793; x_wconf 90' lang='lat' dir='ltr'><strong>lib.</strong></span> <span class='ocrx_word' id='word_1_718' title='bbox 1294 4753 1421 4803; x_wconf 85' lang='lat' dir='ltr'><strong>vin,</strong></span> <span class='ocrx_word' id='word_1_719' title='bbox 1460 4753 1509 4793; x_wconf 93' lang='lat' dir='ltr'><strong>c.</strong></span> <span class='ocrx_word' id='word_1_720' title='bbox 1544 4737 1637 4794; x_wconf 78' lang='lat'><strong>29.</strong></span> <span class='ocrx_word' id='word_1_721' title='bbox 1712 4741 1757 4772; x_wconf 82' lang='lat'><strong>&quot;</strong></span> <span class='ocrx_word' id='word_1_722' title='bbox 1799 4740 1894 4796; x_wconf 91' lang='lat' dir='ltr'><strong>lib.</strong></span> <span class='ocrx_word' id='word_1_723' title='bbox 1934 4758 1984 4808; x_wconf 87' lang='grc' dir='ltr'>ι,</span> <span class='ocrx_word' id='word_1_724' title='bbox 2039 4758 2092 4798; x_wconf 94' lang='lat' dir='ltr'><strong>c.</strong></span> <span class='ocrx_word' id='word_1_725' title='bbox 2123 4742 2179 4797; x_wconf 75' lang='lat'><strong>2.</strong></span> 
     </span>
    </p>
   </div>
   <div class='ocr_carea' id='block_1_96' title="bbox 553 4848 2081 4929">
    <p class='ocr_par' dir='ltr' id='par_1_96' title="bbox 553 4848 2067 4929">
     <span class='ocr_line' id='line_1_96' title="bbox 553 4848 2067 4929; baseline 0.004 -24"><span class='ocrx_word' id='word_1_726' title='bbox 553 4853 688 4921; x_wconf 74' lang='lat'><strong>(20‘)</strong></span> <span class='ocrx_word' id='word_1_727' title='bbox 730 4848 1221 4929; x_wconf 63' lang='lat' dir='ltr'><strong>llsaslpitcyérot.</strong></span> <span class='ocrx_word' id='word_1_728' title='bbox 1263 4853 1404 4927; x_wconf 84' lang='lat' dir='ltr'><strong>Lege</strong></span> <span class='ocrx_word' id='word_1_729' title='bbox 1444 4856 1855 4929; x_wconf 84' lang='grc' dir='ltr'>πεπειραμένοι,</span> <span class='ocrx_word' id='word_1_730' title='bbox 1890 4872 1920 4912; x_wconf 92' lang='lat' dir='ltr'><strong>a</strong></span> <span class='ocrx_word' id='word_1_731' title='bbox 1948 4875 2067 4911; x_wconf 71' lang='grc' dir='ltr'>πειι-</span> 
     </span>
    </p>
   </div>
   <div class='ocr_carea' id='block_1_97' title="bbox 2182 4848 3749 4929">
    <p class='ocr_par' dir='ltr' id='par_1_97' title="bbox 2182 4856 3749 4929">
     <span class='ocr_line' id='line_1_97' title="bbox 2182 4856 3749 4929; baseline 0.001 -18"><span class='ocrx_word' id='word_1_732' title='bbox 2182 4860 2400 4929; x_wconf 73' lang='lat' dir='ltr'><strong>losmata</strong></span> <span class='ocrx_word' id='word_1_733' title='bbox 2420 4856 2685 4912; x_wconf 84' lang='lat' dir='ltr'><strong>adversus</strong></span> <span class='ocrx_word' id='word_1_734' title='bbox 2718 4856 2981 4918; x_wconf 87' lang='lat' dir='ltr'><strong>ciconias.</strong></span> <span class='ocrx_word' id='word_1_735' title='bbox 3003 4856 3130 4929; x_wconf 79' lang='lat' dir='ltr'><strong>Lyci</strong></span> <span class='ocrx_word' id='word_1_736' title='bbox 3167 4857 3313 4929; x_wconf 84' lang='lat' dir='ltr'><strong>ﬂuvii</strong></span> <span class='ocrx_word' id='word_1_737' title='bbox 3339 4858 3749 4914; x_wconf 60' lang='lat' dir='ltr'><strong>exund..tiones.</strong></span> 
     </span>
    </p>
   </div>
   <div class='ocr_carea' id='block_1_98' title="bbox 554 4925 901 4978">
    <p class='ocr_par' dir='ltr' id='par_1_98' title="bbox 554 4925 901 4978">
     <span class='ocr_line' id='line_1_98' title="bbox 554 4925 901 4978; baseline 0 -1"><span class='ocrx_word' id='word_1_738' title='bbox 554 4941 705 4978; x_wconf 77' lang='grc' dir='ltr'>ομαι.</span> <span class='ocrx_word' id='word_1_739' title='bbox 742 4925 901 4978; x_wconf 85' lang='grc' dir='ltr'>Ευιτ.</span> 
     </span>
    </p>
   </div>
   <div class='ocr_carea' id='block_1_99' title="bbox 484 4923 2065 5068">
    <p class='ocr_par' dir='ltr' id='par_1_99' title="bbox 484 4923 2065 5068">
     <span class='ocr_line' id='line_1_99' title="bbox 484 4923 2065 5068; baseline 0.004 -21"><span class='ocrx_word' id='word_1_740' title='bbox 484 4923 581 5064; x_wconf 62' lang='grc' dir='ltr'><strong>ράῗ</strong></span> <span class='ocrx_word' id='word_1_741' title='bbox 584 4925 1148 5068; x_wconf 51' lang='grc' dir='ltr'><strong>ᾕῗι’01ἓι2ἔριέργους</strong></span> <span class='ocrx_word' id='word_1_742' title='bbox 1172 4994 1473 5068; x_wconf 77' lang='grc' dir='ltr'>μηχανάς.</span> <span class='ocrx_word' id='word_1_743' title='bbox 1514 4995 1896 5064; x_wconf 77' lang='lat' dir='ltr'><strong>lntelliguntur</strong></span> <span class='ocrx_word' id='word_1_744' title='bbox 1917 5000 2065 5053; x_wconf 88' lang='grc' dir='ltr'>τελε-</span> 
     </span>
    </p>
   </div>
   <div class='ocr_carea' id='block_1_100' title="bbox 480 5066 2068 5136">
    <p class='ocr_par' dir='ltr' id='par_1_100' title="bbox 480 5066 2068 5136">
     <span class='ocr_line' id='line_1_100' title="bbox 480 5066 2068 5136; baseline 0.005 -18"><span class='ocrx_word' id='word_1_745' title='bbox 480 5066 664 5129; x_wconf 81' lang='grc' dir='ltr'>στικά,</span> <span class='ocrx_word' id='word_1_746' title='bbox 687 5080 808 5136; x_wconf 58' lang='lat' dir='ltr'><strong>quae</strong></span> <span class='ocrx_word' id='word_1_747' title='bbox 826 5069 1029 5136; x_wconf 88' lang='lat' dir='ltr'><strong>passim</strong></span> <span class='ocrx_word' id='word_1_748' title='bbox 1062 5067 1114 5120; x_wconf 92' lang='lat' dir='ltr'><strong>in</strong></span> <span class='ocrx_word' id='word_1_749' title='bbox 1154 5066 1384 5123; x_wconf 86' lang='lat' dir='ltr'><strong>urbibus</strong></span> <span class='ocrx_word' id='word_1_750' title='bbox 1417 5068 1561 5122; x_wconf 71' lang='lat' dir='ltr'><strong>Asia:</strong></span> <span class='ocrx_word' id='word_1_751' title='bbox 1587 5077 1640 5122; x_wconf 90' lang='lat' dir='ltr'><strong>et</strong></span> <span class='ocrx_word' id='word_1_752' title='bbox 1671 5068 1892 5125; x_wconf 66' lang='lat' dir='ltr'><strong>Graecia:</strong></span> <span class='ocrx_word' id='word_1_753' title='bbox 1921 5071 2068 5126; x_wconf 83' lang='lat' dir='ltr'><strong>inve-</strong></span> 
     </span>
    </p>
   </div>
   <div class='ocr_carea' id='block_1_101' title="bbox 480 5137 2067 5208">
    <p class='ocr_par' dir='ltr' id='par_1_101' title="bbox 480 5137 2067 5208">
     <span class='ocr_line' id='line_1_101' title="bbox 480 5137 2067 5208; baseline 0.004 -18"><span class='ocrx_word' id='word_1_754' title='bbox 480 5137 794 5208; x_wconf 82' lang='lat' dir='ltr'><strong>niebantur,</strong></span> <span class='ocrx_word' id='word_1_755' title='bbox 827 5152 951 5208; x_wconf 77' lang='lat' dir='ltr'><strong>quae</strong></span> <span class='ocrx_word' id='word_1_756' title='bbox 997 5138 1269 5207; x_wconf 83' lang='lat' dir='ltr'><strong>Apollonii</strong></span> <span class='ocrx_word' id='word_1_757' title='bbox 1314 5140 1476 5208; x_wconf 88' lang='lat' dir='ltr'><strong>vulgo</strong></span> <span class='ocrx_word' id='word_1_758' title='bbox 1517 5138 1735 5195; x_wconf 88' lang='lat' dir='ltr'><strong>Eusebii</strong></span> <span class='ocrx_word' id='word_1_759' title='bbox 1788 5156 1902 5195; x_wconf 64' lang='lat' dir='ltr'><strong>aevo</strong></span> <span class='ocrx_word' id='word_1_760' title='bbox 1944 5157 2067 5196; x_wconf 89' lang='lat' dir='ltr'><strong>esse</strong></span> 
     </span>
    </p>
   </div>
   <div class='ocr_carea' id='block_1_102' title="bbox 478 5206 2065 5277">
    <p class='ocr_par' dir='ltr' id='par_1_102' title="bbox 478 5206 2065 5277">
     <span class='ocr_line' id='line_1_102' title="bbox 478 5206 2065 5277; baseline 0.001 -16"><span class='ocrx_word' id='word_1_761' title='bbox 478 5206 868 5273; x_wconf 88' lang='lat' dir='ltr'><strong>credebantur,</strong></span> <span class='ocrx_word' id='word_1_762' title='bbox 908 5206 1137 5277; x_wconf 81' lang='lat' dir='ltr'><strong>ejusque</strong></span> <span class='ocrx_word' id='word_1_763' title='bbox 1193 5211 1328 5265; x_wconf 86' lang='lat' dir='ltr'><strong>adeo</strong></span> <span class='ocrx_word' id='word_1_764' title='bbox 1387 5206 1711 5264; x_wconf 71' lang='lat' dir='ltr'><strong>dicebantur</strong></span> <span class='ocrx_word' id='word_1_765' title='bbox 1763 5227 1926 5276; x_wconf 83' lang='lat' dir='ltr'><strong>esse;</strong></span> <span class='ocrx_word' id='word_1_766' title='bbox 1965 5213 2065 5264; x_wconf 85' lang='lat' dir='ltr'><strong>hoc</strong></span> 
     </span>
    </p>
   </div>
   <div class='ocr_carea' id='block_1_103' title="bbox 479 5277 2068 5353">
    <p class='ocr_par' dir='ltr' id='par_1_103' title="bbox 479 5277 2068 5353">
     <span class='ocr_line' id='line_1_103' title="bbox 479 5277 2068 5353; baseline 0.003 -22"><span class='ocrx_word' id='word_1_767' title='bbox 479 5277 623 5331; x_wconf 89' lang='lat' dir='ltr'><strong>enim</strong></span> <span class='ocrx_word' id='word_1_768' title='bbox 682 5284 784 5353; x_wconf 39' lang='lat' dir='ltr'><strong>est.</strong></span> <span class='ocrx_word' id='word_1_769' title='bbox 812 5279 1272 5353; x_wconf 63' lang='lat' dir='ltr'><strong>qtt2d__addi_t,&#39;rﬁ</strong></span> <span class='ocrx_word' id='word_1_770' title='bbox 1326 5280 1421 5353; x_wconf 78' lang='grc' dir='ltr'><strong>τοῦ</strong></span> <span class='ocrx_word' id='word_1_771' title='bbox 1476 5280 1669 5353; x_wconf 78' lang='grc' dir='ltr'>άνδρὸς</span> <span class='ocrx_word' id='word_1_772' title='bbox 1700 5281 2068 5352; x_wconf 79' lang='grc' dir='ltr'>ἀνακειμένας</span> 
     </span>
    </p>
   </div>
   <div class='ocr_carea' id='block_1_104' title="bbox 481 5346 2068 5419">
    <p class='ocr_par' dir='ltr' id='par_1_104' title="bbox 481 5346 2068 5419">
     <span class='ocr_line' id='line_1_104' title="bbox 481 5346 2068 5419; baseline 0.006 -23"><span class='ocrx_word' id='word_1_773' title='bbox 481 5346 841 5419; x_wconf 65' lang='grc' dir='ltr'>προσηγορίᾳ.</span> <span class='ocrx_word' id='word_1_774' title='bbox 880 5346 1090 5419; x_wconf 86' lang='lat' dir='ltr'><strong>Talium</strong></span> <span class='ocrx_word' id='word_1_775' title='bbox 1125 5350 1179 5403; x_wconf 84' lang='lat' dir='ltr'><strong>in</strong></span> <span class='ocrx_word' id='word_1_776' title='bbox 1214 5346 1316 5405; x_wconf 77' lang='lat' dir='ltr'><strong>hac</strong></span> <span class='ocrx_word' id='word_1_777' title='bbox 1354 5351 1471 5419; x_wconf 82' lang='lat' dir='ltr'><strong>ipsa</strong></span> <span class='ocrx_word' id='word_1_778' title='bbox 1496 5346 1722 5406; x_wconf 84' lang='lat' dir='ltr'><strong>historia</strong></span> <span class='ocrx_word' id='word_1_779' title='bbox 1756 5354 1814 5406; x_wconf 85' lang='lat' dir='ltr'><strong>ﬁt</strong></span> <span class='ocrx_word' id='word_1_780' title='bbox 1841 5346 2068 5414; x_wconf 81' lang='lat' dir='ltr'><strong>mentio,</strong></span> 
     </span>
    </p>
   </div>
   <div class='ocr_carea' id='block_1_105' title="bbox 481 5417 2071 5486">
    <p class='ocr_par' dir='ltr' id='par_1_105' title="bbox 481 5417 2071 5486">
     <span class='ocr_line' id='line_1_105' title="bbox 481 5417 2071 5486; baseline 0.006 -17"><span class='ocrx_word' id='word_1_781' title='bbox 481 5417 578 5470; x_wconf 87' lang='lat' dir='ltr'><strong>lib.</strong></span> <span class='ocrx_word' id='word_1_782' title='bbox 618 5432 691 5475; x_wconf 79' lang='lat' dir='ltr'><strong>tv,</strong></span> <span class='ocrx_word' id='word_1_783' title='bbox 738 5434 859 5486; x_wconf 88' lang='lat' dir='ltr'><strong>cap.</strong></span> <span class='ocrx_word' id='word_1_784' title='bbox 896 5419 982 5473; x_wconf 84' lang='grc'>10.</span> <span class='ocrx_word' id='word_1_785' title='bbox 1016 5418 1176 5474; x_wconf 89' lang='lat' dir='ltr'><strong>Plura</strong></span> <span class='ocrx_word' id='word_1_786' title='bbox 1222 5417 1402 5476; x_wconf 86' lang='lat' dir='ltr'><strong>autem</strong></span> <span class='ocrx_word' id='word_1_787' title='bbox 1433 5423 1501 5477; x_wconf 86' lang='lat' dir='ltr'><strong>de</strong></span> <span class='ocrx_word' id='word_1_788' title='bbox 1531 5422 1599 5475; x_wconf 90' lang='lat' dir='ltr'><strong>iis</strong></span> <span class='ocrx_word' id='word_1_789' title='bbox 1633 5422 1795 5476; x_wconf 88' lang='lat' dir='ltr'><strong>habet</strong></span> <span class='ocrx_word' id='word_1_790' title='bbox 1829 5420 2071 5478; x_wconf 78' lang='lat' dir='ltr'><strong>Joannes</strong></span> 
     </span>
    </p>
   </div>
   <div class='ocr_carea' id='block_1_106' title="bbox 480 5486 2062 5563">
    <p class='ocr_par' dir='ltr' id='par_1_106' title="bbox 480 5486 2062 5563">
     <span class='ocr_line' id='line_1_106' title="bbox 480 5486 2062 5563; baseline 0.003 -23"><span class='ocrx_word' id='word_1_791' title='bbox 480 5486 857 5563; x_wconf 71' lang='lat' dir='ltr'><strong>Antiocltenus</strong></span> <span class='ocrx_word' id='word_1_792' title='bbox 909 5490 963 5563; x_wconf 87' lang='lat' dir='ltr'><strong>in</strong></span> <span class='ocrx_word' id='word_1_793' title='bbox 1010 5490 1336 5563; x_wconf 74' lang='lat' dir='ltr'><strong>Cltronogr.._</strong></span> <span class='ocrx_word' id='word_1_794' title='bbox 1361 5507 1483 5563; x_wconf 88' lang='lat' dir='ltr'><strong>pag.</strong></span> <span class='ocrx_word' id='word_1_795' title='bbox 1517 5491 1643 5555; x_wconf 64' lang='grc'>542,</span> <span class='ocrx_word' id='word_1_796' title='bbox 1674 5508 1835 5563; x_wconf 83' lang='lat' dir='ltr'><strong>quem</strong></span> <span class='ocrx_word' id='word_1_797' title='bbox 1883 5493 2062 5548; x_wconf 88' lang='lat' dir='ltr'><strong>locum</strong></span> 
     </span>
    </p>
   </div>
   <div class='ocr_carea' id='block_1_107' title="bbox 481 5558 2066 5625">
    <p class='ocr_par' dir='ltr' id='par_1_107' title="bbox 481 5558 2066 5625">
     <span class='ocr_line' id='line_1_107' title="bbox 481 5558 2066 5625; baseline 0.004 -14"><span class='ocrx_word' id='word_1_798' title='bbox 481 5558 831 5625; x_wconf 73' lang='lat' dir='ltr'><strong>transcripsit</strong></span> <span class='ocrx_word' id='word_1_799' title='bbox 879 5561 1040 5613; x_wconf 72' lang='lat' dir='ltr'><strong>etiam</strong></span> <span class='ocrx_word' id='word_1_800' title='bbox 1076 5558 1268 5616; x_wconf 83' lang='lat' dir='ltr'><strong>auctor</strong></span> <span class='ocrx_word' id='word_1_801' title='bbox 1298 5558 1546 5617; x_wconf 66' lang='lat' dir='ltr'><strong>Chronici</strong></span> <span class='ocrx_word' id='word_1_802' title='bbox 1584 5558 1740 5617; x_wconf 55' lang='lat' dir='ltr'><strong>Alei.</strong></span> <span class='ocrx_word' id='word_1_803' title='bbox 1775 5562 1852 5616; x_wconf 88' lang='lat' dir='ltr'><strong>En</strong></span> <span class='ocrx_word' id='word_1_804' title='bbox 1901 5564 2066 5619; x_wconf 82' lang='lat' dir='ltr'><strong>verba</strong></span> 
     </span>
    </p>
   </div>
   <div class='ocr_carea' id='block_1_108' title="bbox 482 5624 2065 5705">
    <p class='ocr_par' dir='ltr' id='par_1_108' title="bbox 482 5624 2065 5705">
     <span class='ocr_line' id='line_1_108' title="bbox 482 5624 2065 5705; baseline 0.004 -24"><span class='ocrx_word' id='word_1_805' title='bbox 482 5629 604 5705; x_wconf 78' lang='lat' dir='ltr'><strong>ejus</strong></span> <span class='ocrx_word' id='word_1_806' title='bbox 638 5624 855 5705; x_wconf 53' lang='lat' dir='ltr'><strong>:‘Hvot</strong></span> <span class='ocrx_word' id='word_1_807' title='bbox 886 5632 999 5705; x_wconf 72' lang='grc' dir='ltr'>τοῖς</span> <span class='ocrx_word' id='word_1_808' title='bbox 1031 5632 1253 5705; x_wconf 67' lang='grc' dir='ltr'>χρόνοις</span> <span class='ocrx_word' id='word_1_809' title='bbox 1268 5632 1531 5702; x_wconf 88' lang='grc' dir='ltr'>βασιλέως</span> <span class='ocrx_word' id='word_1_810' title='bbox 1563 5636 1892 5705; x_wconf 82' lang='grc' dir='ltr'>Δομετιανοῦ</span> <span class='ocrx_word' id='word_1_811' title='bbox 1923 5637 1952 5688; x_wconf 88' lang='grc' dir='ltr'>ὁ</span> <span class='ocrx_word' id='word_1_812' title='bbox 1975 5652 2065 5688; x_wconf 88' lang='grc' dir='ltr'>σο-</span> 
     </span>
    </p>
   </div>
   <div class='ocr_carea' id='block_1_109' title="bbox 484 5695 2070 5778">
    <p class='ocr_par' dir='ltr' id='par_1_109' title="bbox 484 5695 2070 5778">
     <span class='ocr_line' id='line_1_109' title="bbox 484 5695 2070 5778; baseline 0.007 -29"><span class='ocrx_word' id='word_1_813' title='bbox 484 5695 729 5778; x_wconf 66' lang='grc' dir='ltr'>φὼτατος</span> <span class='ocrx_word' id='word_1_814' title='bbox 770 5695 1183 5778; x_wconf 50' lang='grc' dir='ltr'>Ἀπολλὼνὶοἱό</span> <span class='ocrx_word' id='word_1_815' title='bbox 1213 5695 1475 5778; x_wconf 68' lang='grc' dir='ltr'>Τυανεὺς,</span> <span class='ocrx_word' id='word_1_816' title='bbox 1498 5695 1602 5778; x_wconf 32' lang='grc' dir='ltr'>,καὶ</span> <span class='ocrx_word' id='word_1_817' title='bbox 1638 5695 2070 5778; x_wconf 12' lang='grc' dir='ltr'>’ἠκμαξεξπερι-</span> 
     </span>
    </p>
   </div>
   <div class='ocr_carea' id='block_1_110' title="bbox 483 5767 2070 5841">
    <p class='ocr_par' dir='ltr' id='par_1_110' title="bbox 483 5767 2070 5841">
     <span class='ocr_line' id='line_1_110' title="bbox 483 5767 2070 5841; baseline 0.005 -20"><span class='ocrx_word' id='word_1_818' title='bbox 483 5767 722 5841; x_wconf 71' lang='grc' dir='ltr'>πολεύων</span> <span class='ocrx_word' id='word_1_819' title='bbox 751 5771 845 5824; x_wconf 80' lang='grc' dir='ltr'>καὶ</span> <span class='ocrx_word' id='word_1_820' title='bbox 876 5770 1153 5841; x_wconf 80' lang='grc' dir='ltr'>πανταχοῦ</span> <span class='ocrx_word' id='word_1_821' title='bbox 1181 5773 1350 5827; x_wconf 80' lang='grc' dir='ltr'>ποιῶν</span> <span class='ocrx_word' id='word_1_822' title='bbox 1392 5767 1696 5841; x_wconf 75' lang='grc' dir='ltr'>τελέσματα</span> <span class='ocrx_word' id='word_1_823' title='bbox 1725 5767 1941 5841; x_wconf 45' lang='lat' dir='ltr'><strong>sine;</strong></span> <span class='ocrx_word' id='word_1_824' title='bbox 1972 5767 2070 5829; x_wconf 76' lang='grc' dir='ltr'>πό-</span> 
     </span>
    </p>
   </div>
   <div class='ocr_carea' id='block_1_111' title="bbox 482 5836 2068 5917">
    <p class='ocr_par' dir='ltr' id='par_1_111' title="bbox 482 5836 2068 5917">
     <span class='ocr_line' id='line_1_111' title="bbox 482 5836 2068 5917; baseline 0.008 -25"><span class='ocrx_word' id='word_1_825' title='bbox 482 5836 596 5904; x_wconf 65' lang='lat' dir='ltr'><strong>tu;</strong></span> <span class='ocrx_word' id='word_1_826' title='bbox 614 5839 799 5907; x_wconf 72' lang='grc' dir='ltr'>καὶςίς</span> <span class='ocrx_word' id='word_1_827' title='bbox 822 5841 921 5906; x_wconf 77' lang='grc' dir='ltr'><strong>τὰς</strong></span> <span class='ocrx_word' id='word_1_828' title='bbox 946 5836 1150 5914; x_wconf 62' lang='grc' dir='ltr'>χώρας.</span> <span class='ocrx_word' id='word_1_829' title='bbox 1175 5843 1303 5901; x_wconf 87' lang='lat' dir='ltr'><strong>Inde</strong></span> <span class='ocrx_word' id='word_1_830' title='bbox 1328 5855 1515 5900; x_wconf 88' lang='lat' dir='ltr'><strong>narrat</strong></span> <span class='ocrx_word' id='word_1_831' title='bbox 1545 5836 1802 5917; x_wconf 74' lang='lat' dir='ltr'><strong>Byzantii</strong></span> <span class='ocrx_word' id='word_1_832' title='bbox 1824 5836 1948 5905; x_wconf 77' lang='lat' dir='ltr'><strong>eum</strong></span> <span class='ocrx_word' id='word_1_833' title='bbox 1989 5855 2068 5905; x_wconf 86' lang='lat' dir='ltr'><strong>te-</strong></span> 
     </span>
    </p>
   </div>
   <div class='ocr_carea' id='block_1_112' title="bbox 2170 4928 3752 4997">
    <p class='ocr_par' dir='ltr' id='par_1_112' title="bbox 2170 4928 3752 4997">
     <span class='ocr_line' id='line_1_112' title="bbox 2170 4928 3752 4997; baseline -0.001 -14"><span class='ocrx_word' id='word_1_834' title='bbox 2170 4928 2475 4983; x_wconf 82' lang='lat' dir='ltr'><strong>tcstudiues</strong></span> <span class='ocrx_word' id='word_1_835' title='bbox 2487 4929 2875 4997; x_wconf 83' lang='lat' dir='ltr'><strong>itetu.etequos</strong></span> <span class='ocrx_word' id='word_1_836' title='bbox 2891 4928 3214 4984; x_wconf 77' lang='lat' dir='ltr'><strong>ferocientes</strong></span> <span class='ocrx_word' id='word_1_837' title='bbox 3230 4928 3444 4985; x_wconf 82' lang='lat' dir='ltr'><strong>fecisse.</strong></span> <span class='ocrx_word' id='word_1_838' title='bbox 3464 4930 3752 4983; x_wconf 74' lang='lat' dir='ltr'><strong>Antiochia:</strong></span> 
     </span>
    </p>
   </div>
   <div class='ocr_carea' id='block_1_113' title="bbox 2173 4999 3752 5069">
    <p class='ocr_par' dir='ltr' id='par_1_113' title="bbox 2173 4999 3752 5069">
     <span class='ocr_line' id='line_1_113' title="bbox 2173 4999 3752 5069; baseline 0.001 -17"><span class='ocrx_word' id='word_1_839' title='bbox 2173 5002 2239 5052; x_wconf 87' lang='lat' dir='ltr'><strong>ad</strong></span> <span class='ocrx_word' id='word_1_840' title='bbox 2275 5008 2485 5069; x_wconf 83' lang='lat' dir='ltr'><strong>portam</strong></span> <span class='ocrx_word' id='word_1_841' title='bbox 2518 4999 2668 5054; x_wconf 90' lang='lat' dir='ltr'><strong>urbis</strong></span> <span class='ocrx_word' id='word_1_842' title='bbox 2700 5000 3022 5069; x_wconf 73' lang='lat' dir='ltr'><strong>orientalem</strong></span> <span class='ocrx_word' id='word_1_843' title='bbox 3064 5001 3287 5054; x_wconf 75' lang='lat' dir='ltr'><strong>telesma</strong></span> <span class='ocrx_word' id='word_1_844' title='bbox 3318 5008 3515 5055; x_wconf 88' lang='lat' dir='ltr'><strong>contra</strong></span> <span class='ocrx_word' id='word_1_845' title='bbox 3543 5009 3752 5056; x_wconf 85' lang='lat' dir='ltr'><strong>ventum</strong></span> 
     </span>
    </p>
   </div>
   <div class='ocr_carea' id='block_1_114' title="bbox 2174 5067 3752 5139">
    <p class='ocr_par' dir='ltr' id='par_1_114' title="bbox 2174 5067 3752 5139">
     <span class='ocr_line' id='line_1_114' title="bbox 2174 5067 3752 5139; baseline 0 -16"><span class='ocrx_word' id='word_1_846' title='bbox 2174 5067 2546 5139; x_wconf 83' lang='lat' dir='ltr'><strong>aquilonarcm</strong></span> <span class='ocrx_word' id='word_1_847' title='bbox 2587 5071 2858 5139; x_wconf 83' lang='lat' dir='ltr'><strong>posuisse.</strong></span> <span class='ocrx_word' id='word_1_848' title='bbox 2894 5067 3097 5125; x_wconf 85' lang='lat' dir='ltr'><strong>Fusum</strong></span> <span class='ocrx_word' id='word_1_849' title='bbox 3148 5071 3273 5124; x_wconf 91' lang='lat' dir='ltr'><strong>ilem</strong></span> <span class='ocrx_word' id='word_1_850' title='bbox 3314 5087 3379 5124; x_wconf 80' lang='lat' dir='ltr'><strong>ex</strong></span> <span class='ocrx_word' id='word_1_851' title='bbox 3426 5088 3556 5127; x_wconf 80' lang='lat' dir='ltr'><strong>nere</strong></span> <span class='ocrx_word' id='word_1_852' title='bbox 3606 5085 3752 5125; x_wconf 77' lang='lat' dir='ltr'><strong>seor-</strong></span> 
     </span>
    </p>
   </div>
   <div class='ocr_carea' id='block_1_115' title="bbox 2175 5139 3752 5211">
    <p class='ocr_par' dir='ltr' id='par_1_115' title="bbox 2175 5139 3752 5211">
     <span class='ocr_line' id='line_1_115' title="bbox 2175 5139 3752 5211; baseline -0.001 -17"><span class='ocrx_word' id='word_1_853' title='bbox 2175 5143 2322 5211; x_wconf 89' lang='lat' dir='ltr'><strong>pium</strong></span> <span class='ocrx_word' id='word_1_854' title='bbox 2356 5142 2409 5194; x_wconf 90' lang='lat' dir='ltr'><strong>in</strong></span> <span class='ocrx_word' id='word_1_855' title='bbox 2444 5140 2572 5211; x_wconf 83' lang='lat' dir='ltr'><strong>urbe</strong></span> <span class='ocrx_word' id='word_1_856' title='bbox 2598 5140 2772 5194; x_wconf 87' lang='lat' dir='ltr'><strong>media</strong></span> <span class='ocrx_word' id='word_1_857' title='bbox 2801 5139 3094 5199; x_wconf 78' lang='lat' dir='ltr'><strong>defodisse.</strong></span> <span class='ocrx_word' id='word_1_858' title='bbox 3120 5143 3545 5210; x_wconf 88' lang='lat' dir='ltr'><strong>columnamque</strong></span> <span class='ocrx_word' id='word_1_859' title='bbox 3573 5143 3619 5197; x_wconf 88' lang='lat' dir='ltr'><strong>ei</strong></span> <span class='ocrx_word' id='word_1_860' title='bbox 3640 5155 3752 5211; x_wconf 76' lang='lat' dir='ltr'><strong>par-</strong></span> 
     </span>
    </p>
   </div>
   <div class='ocr_carea' id='block_1_116' title="bbox 2174 5210 3753 5281">
    <p class='ocr_par' dir='ltr' id='par_1_116' title="bbox 2174 5210 3753 5281">
     <span class='ocr_line' id='line_1_116' title="bbox 2174 5210 3753 5281; baseline 0 -16"><span class='ocrx_word' id='word_1_861' title='bbox 2174 5210 2295 5265; x_wconf 82' lang='lat' dir='ltr'><strong>vam</strong></span> <span class='ocrx_word' id='word_1_862' title='bbox 2336 5210 2684 5280; x_wconf 86' lang='lat' dir='ltr'><strong>imposuisse,</strong></span> <span class='ocrx_word' id='word_1_863' title='bbox 2715 5211 2859 5280; x_wconf 89' lang='lat' dir='ltr'><strong>quod</strong></span> <span class='ocrx_word' id='word_1_864' title='bbox 2890 5227 3083 5266; x_wconf 88' lang='lat' dir='ltr'><strong>omnes</strong></span> <span class='ocrx_word' id='word_1_865' title='bbox 3110 5211 3358 5280; x_wconf 85' lang='lat' dir='ltr'><strong>scorpius</strong></span> <span class='ocrx_word' id='word_1_866' title='bbox 3384 5214 3655 5281; x_wconf 76' lang='lat' dir='ltr'><strong>rugaverit</strong></span> <span class='ocrx_word' id='word_1_867' title='bbox 3681 5219 3753 5281; x_wconf 49' lang='lat' dir='ltr'><strong>te:</strong></span> 
     </span>
    </p>
   </div>
   <div class='ocr_carea' id='block_1_117' title="bbox 2179 5280 3750 5351">
    <p class='ocr_par' dir='ltr' id='par_1_117' title="bbox 2179 5280 3750 5351">
     <span class='ocr_line' id='line_1_117' title="bbox 2179 5280 3750 5351; baseline -0.002 -16"><span class='ocrx_word' id='word_1_868' title='bbox 2179 5281 2368 5337; x_wconf 88' lang='lat' dir='ltr'><strong>lesma.</strong></span> <span class='ocrx_word' id='word_1_869' title='bbox 2408 5281 2567 5333; x_wconf 81' lang='lat' dir='ltr'><strong>Aliud</strong></span> <span class='ocrx_word' id='word_1_870' title='bbox 2618 5282 2743 5335; x_wconf 90' lang='lat' dir='ltr'><strong>item</strong></span> <span class='ocrx_word' id='word_1_871' title='bbox 2797 5282 3059 5337; x_wconf 85' lang='lat' dir='ltr'><strong>adversus</strong></span> <span class='ocrx_word' id='word_1_872' title='bbox 3103 5283 3309 5337; x_wconf 82' lang='lat' dir='ltr'><strong>culices</strong></span> <span class='ocrx_word' id='word_1_873' title='bbox 3338 5280 3585 5351; x_wconf 79' lang='lat' dir='ltr'><strong>parasse,</strong></span> <span class='ocrx_word' id='word_1_874' title='bbox 3618 5280 3750 5350; x_wconf 89' lang='lat' dir='ltr'><strong>quod</strong></span> 
     </span>
    </p>
   </div>
   <div class='ocr_carea' id='block_1_118' title="bbox 2219 5351 3751 5422">
    <p class='ocr_par' dir='ltr' id='par_1_118' title="bbox 2219 5351 3751 5422">
     <span class='ocr_line' id='line_1_118' title="bbox 2219 5351 3751 5422; baseline 0 -17"><span class='ocrx_word' id='word_1_875' title='bbox 2219 5352 2446 5406; x_wconf 75' lang='lat' dir='ltr'><strong>rolixius</strong></span> <span class='ocrx_word' id='word_1_876' title='bbox 2474 5351 2825 5415; x_wconf 83' lang='lat' dir='ltr'><strong>describitur,</strong></span> <span class='ocrx_word' id='word_1_877' title='bbox 2855 5368 3019 5422; x_wconf 87' lang='lat' dir='ltr'><strong>quam</strong></span> <span class='ocrx_word' id='word_1_878' title='bbox 3076 5361 3133 5406; x_wconf 91' lang='lat' dir='ltr'><strong>ut</strong></span> <span class='ocrx_word' id='word_1_879' title='bbox 3185 5353 3273 5405; x_wconf 91' lang='lat' dir='ltr'><strong>hic</strong></span> <span class='ocrx_word' id='word_1_880' title='bbox 3306 5364 3557 5420; x_wconf 87' lang='lat' dir='ltr'><strong>repetere</strong></span> <span class='ocrx_word' id='word_1_881' title='bbox 3586 5359 3751 5406; x_wconf 73' lang='lat' dir='ltr'><strong>vacet.</strong></span> 
     </span>
    </p>
   </div>
   <div class='ocr_carea' id='block_1_119' title="bbox 2204 5422 3753 5492">
    <p class='ocr_par' dir='ltr' id='par_1_119' title="bbox 2204 5422 3753 5492">
     <span class='ocr_line' id='line_1_119' title="bbox 2204 5422 3753 5492; baseline -0.001 -18"><span class='ocrx_word' id='word_1_882' title='bbox 2204 5423 2573 5492; x_wconf 13' lang='lat' dir='ltr'><strong>Eademgvero</strong></span> <span class='ocrx_word' id='word_1_883' title='bbox 2617 5422 2775 5490; x_wconf 81' lang='lat' dir='ltr'><strong>juxta</strong></span> <span class='ocrx_word' id='word_1_884' title='bbox 2820 5437 2943 5476; x_wconf 87' lang='lat' dir='ltr'><strong>euut</strong></span> <span class='ocrx_word' id='word_1_885' title='bbox 2996 5423 3120 5477; x_wconf 87' lang='lat' dir='ltr'><strong>aliis</strong></span> <span class='ocrx_word' id='word_1_886' title='bbox 3152 5423 3421 5492; x_wconf 83' lang='lat' dir='ltr'><strong>Apollonii</strong></span> <span class='ocrx_word' id='word_1_887' title='bbox 3459 5422 3753 5492; x_wconf 85' lang='grc' dir='ltr'>τελέσμασι</span> 
     </span>
    </p>
   </div>
   <div class='ocr_carea' id='block_1_120' title="bbox 2173 5490 3752 5550">
    <p class='ocr_par' dir='ltr' id='par_1_120' title="bbox 2173 5490 3752 5550">
     <span class='ocr_line' id='line_1_120' title="bbox 2173 5490 3752 5550; baseline -0.002 -3"><span class='ocrx_word' id='word_1_888' title='bbox 2173 5494 2336 5547; x_wconf 82' lang='lat' dir='ltr'><strong>etiam</strong></span> <span class='ocrx_word' id='word_1_889' title='bbox 2388 5490 2615 5547; x_wconf 86' lang='lat' dir='ltr'><strong>Tzetzes</strong></span> <span class='ocrx_word' id='word_1_890' title='bbox 2660 5501 2908 5549; x_wconf 86' lang='lat' dir='ltr'><strong>recenset</strong></span> <span class='ocrx_word' id='word_1_891' title='bbox 2942 5492 3176 5549; x_wconf 79' lang='lat' dir='ltr'><strong>Chiliad.</strong></span> <span class='ocrx_word' id='word_1_892' title='bbox 3203 5490 3271 5550; x_wconf 70' lang='lat' dir='ltr'><strong>it.</strong></span> <span class='ocrx_word' id='word_1_893' title='bbox 3315 5494 3446 5549; x_wconf 90' lang='lat' dir='ltr'><strong>hist.</strong></span> <span class='ocrx_word' id='word_1_894' title='bbox 3485 5493 3576 5549; x_wconf 85' lang='lat'><strong>60.</strong></span> <span class='ocrx_word' id='word_1_895' title='bbox 3610 5490 3752 5545; x_wconf 77' lang='lat' dir='ltr'><strong>Adde</strong></span> 
     </span>
    </p>
   </div>
   <div class='ocr_carea' id='block_1_121' title="bbox 2171 5562 3755 5634">
    <p class='ocr_par' dir='ltr' id='par_1_121' title="bbox 2171 5562 3755 5634">
     <span class='ocr_line' id='line_1_121' title="bbox 2171 5562 3755 5634; baseline 0 -16"><span class='ocrx_word' id='word_1_896' title='bbox 2171 5562 2656 5633; x_wconf 81' lang='lat' dir='ltr'><strong>Joan.Gregorium</strong></span> <span class='ocrx_word' id='word_1_897' title='bbox 2680 5563 2735 5617; x_wconf 92' lang='lat' dir='ltr'><strong>in</strong></span> <span class='ocrx_word' id='word_1_898' title='bbox 2762 5564 2975 5620; x_wconf 83' lang='lat' dir='ltr'><strong>Observ.</strong></span> <span class='ocrx_word' id='word_1_899' title='bbox 3001 5564 3084 5628; x_wconf 89' lang='lat' dir='ltr'><strong>S.,</strong></span> <span class='ocrx_word' id='word_1_900' title='bbox 3112 5580 3163 5619; x_wconf 91' lang='lat' dir='ltr'><strong>c.</strong></span> <span class='ocrx_word' id='word_1_901' title='bbox 3184 5563 3418 5618; x_wconf 85' lang='lat' dir='ltr'><strong>vm.Hic</strong></span> <span class='ocrx_word' id='word_1_902' title='bbox 3444 5566 3633 5634; x_wconf 88' lang='lat' dir='ltr'><strong>itaque</strong></span> <span class='ocrx_word' id='word_1_903' title='bbox 3658 5580 3755 5633; x_wconf 80' lang='grc' dir='ltr'>μη-</span> 
     </span>
    </p>
   </div>
   <div class='ocr_carea' id='block_1_122' title="bbox 2172 5634 3754 5706">
    <p class='ocr_par' dir='ltr' id='par_1_122' title="bbox 2172 5634 3754 5706">
     <span class='ocr_line' id='line_1_122' title="bbox 2172 5634 3754 5706; baseline -0.001 -18"><span class='ocrx_word' id='word_1_904' title='bbox 2172 5636 2335 5705; x_wconf 77' lang='grc' dir='ltr'>χαναὶ</span> <span class='ocrx_word' id='word_1_905' title='bbox 2362 5637 2427 5705; x_wconf 84' lang='grc' dir='ltr'>τῇ</span> <span class='ocrx_word' id='word_1_906' title='bbox 2455 5634 2548 5687; x_wconf 82' lang='grc' dir='ltr'>τοῦ</span> <span class='ocrx_word' id='word_1_907' title='bbox 2582 5634 2774 5705; x_wconf 76' lang='grc' dir='ltr'>ἀνδρὸς</span> <span class='ocrx_word' id='word_1_908' title='bbox 2795 5636 3154 5706; x_wconf 65' lang='grc' dir='ltr'>άνακείμεναι</span> <span class='ocrx_word' id='word_1_909' title='bbox 3184 5634 3549 5706; x_wconf 74' lang='grc' dir='ltr'>προσηγορίᾳ.</span> <span class='ocrx_word' id='word_1_910' title='bbox 3568 5634 3754 5706; x_wconf 71' lang='lat' dir='ltr'><strong>Accio-</strong></span> 
     </span>
    </p>
   </div>
   <div class='ocr_carea' id='block_1_123' title="bbox 2174 5704 3752 5776">
    <p class='ocr_par' dir='ltr' id='par_1_123' title="bbox 2174 5704 3752 5776">
     <span class='ocr_line' id='line_1_123' title="bbox 2174 5704 3752 5776; baseline -0.003 -16"><span class='ocrx_word' id='word_1_911' title='bbox 2174 5704 2259 5761; x_wconf 89' lang='lat' dir='ltr'><strong>lus</strong></span> <span class='ocrx_word' id='word_1_912' title='bbox 2292 5704 2432 5759; x_wconf 84' lang='lat' dir='ltr'><strong>male</strong></span> <span class='ocrx_word' id='word_1_913' title='bbox 2460 5704 2698 5759; x_wconf 82' lang='lat' dir='ltr'><strong>verterat</strong></span> <span class='ocrx_word' id='word_1_914' title='bbox 2731 5724 2744 5760; x_wconf 91' lang='lat'>:</span> <span class='ocrx_word' id='word_1_915' title='bbox 2783 5704 2963 5775; x_wconf 77' lang='lat' dir='ltr'><strong>Neque</strong></span> <span class='ocrx_word' id='word_1_916' title='bbox 2992 5704 3107 5759; x_wconf 63' lang='lat' dir='ltr'><strong>vero</strong></span> <span class='ocrx_word' id='word_1_917' title='bbox 3140 5704 3292 5760; x_wconf 79' lang='lat' dir='ltr'><strong>hodie</strong></span> <span class='ocrx_word' id='word_1_918' title='bbox 3317 5704 3528 5767; x_wconf 69' lang='lat' dir='ltr'><strong>desunt,</strong></span> <span class='ocrx_word' id='word_1_919' title='bbox 3552 5704 3644 5776; x_wconf 73' lang='lat' dir='ltr'><strong>qui</strong></span> <span class='ocrx_word' id='word_1_920' title='bbox 3664 5716 3752 5756; x_wconf 72' lang='lat' dir='ltr'><strong>ea:-</strong></span> 
     </span>
    </p>
   </div>
   <div class='ocr_carea' id='block_1_124' title="bbox 2173 5776 3753 5845">
    <p class='ocr_par' dir='ltr' id='par_1_124' title="bbox 2173 5776 3753 5845">
     <span class='ocr_line' id='line_1_124' title="bbox 2173 5776 3753 5845; baseline -0.001 -15"><span class='ocrx_word' id='word_1_921' title='bbox 2173 5786 2347 5838; x_wconf 74' lang='lat' dir='ltr'><strong>pertos</strong></span> <span class='ocrx_word' id='word_1_922' title='bbox 2376 5792 2433 5830; x_wconf 77' lang='lat' dir='ltr'><strong>se</strong></span> <span class='ocrx_word' id='word_1_923' title='bbox 2461 5776 2643 5828; x_wconf 83' lang='lat' dir='ltr'><strong>dicant</strong></span> <span class='ocrx_word' id='word_1_924' title='bbox 2676 5777 2789 5845; x_wconf 78' lang='lat' dir='ltr'><strong>ejus</strong></span> <span class='ocrx_word' id='word_1_925' title='bbox 2820 5777 3019 5829; x_wconf 82' lang='lat' dir='ltr'><strong>nomini</strong></span> <span class='ocrx_word' id='word_1_926' title='bbox 3043 5780 3284 5831; x_wconf 80' lang='lat' dir='ltr'><strong>invocato</strong></span> <span class='ocrx_word' id='word_1_927' title='bbox 3322 5777 3561 5845; x_wconf 77' lang='lat' dir='ltr'><strong>magicas</strong></span> <span class='ocrx_word' id='word_1_928' title='bbox 3589 5777 3753 5831; x_wconf 66' lang='lat' dir='ltr'><strong>inea-.0</strong></span> 
     </span>
    </p>
   </div>
   <div class='ocr_carea' id='block_1_125' title="bbox 2175 5846 3544 5919">
    <p class='ocr_par' dir='ltr' id='par_1_125' title="bbox 2175 5846 3544 5919">
     <span class='ocr_line' id='line_1_125' title="bbox 2175 5846 3544 5919; baseline 0.001 -17"><span class='ocrx_word' id='word_1_929' title='bbox 2175 5850 2411 5912; x_wconf 76' lang='lat' dir='ltr'><strong>virtutes,</strong></span> <span class='ocrx_word' id='word_1_930' title='bbox 2443 5847 2512 5900; x_wconf 84' lang='lat' dir='ltr'><strong>ad</strong></span> <span class='ocrx_word' id='word_1_931' title='bbox 2541 5847 2912 5916; x_wconf 69' lang='lat' dir='ltr'><strong>superstitiosa</strong></span> <span class='ocrx_word' id='word_1_932' title='bbox 2939 5849 3197 5918; x_wconf 74' lang='lat' dir='ltr'><strong>qua&#39;piam</strong></span> <span class='ocrx_word' id='word_1_933' title='bbox 3224 5846 3544 5919; x_wconf 73' lang='lat' dir='ltr'><strong>peragenda.</strong></span> 
     </span>
    </p>
   </div>
  </div>
