4100 6474
549 364 655 424 863

1185 358 1461 417 EUSEBH
1497 356 1981 414 CESARIENSIS
2021 356 2173 415 OPP.
2208 354 2390 412 PARS
2425 356 2491 413 ll.
2532 387 2603 399 —
2637 353 3118 411 APOLOGETICA

3706 353 3835 411 εει

550 483 750 540 mentis
778 482 997 540 deditus
1024 488 1132 548 est,
1165 489 1228 537 ut
1257 496 1450 553 magus
1491 480 1688 537 evadat
1720 478 1775 553 [a
1809 480 1936 537 fatis
1963 482 2128 537 obve-

2230 479 2433 534 νοστῶν
2475 452 2587 543 τοῖς
2632 477 2706 550 μῆ
2741 479 2874 541 οἵοις
2930 495 2993 531 τε
3042 478 3227 548 τυχεῖν
3245 474 3585 547 διορθώσεως
3606 475 3819 543 ἀρετὴν

549 575 717 649 niet];
746 576 1109 648 similiterque
1142 577 1344 634 sicario
1377 578 1530 644 item,
1560 576 1837 639 nebuloni,
1863 576 2127 645 superbo;

549 681 663 725 tum
691 667 917 725 omnino
952 684 1021 725 ex
1073 672 1406 726 necessitate
1454 670 1580 725 talis
1634 669 1759 723 erit.
1792 667 1933 733 Quid
1963 667 2131 737 igitur

546 763 811 818 oberrans
841 762 1239 819 emendationis
1267 778 1375 818 non
1400 762 1694 833 capacibus
1725 763 1976 818 virtutem
2000 777 2128 831 pro-

547 853 743 924 ponis?
762 852 871 907 Aut
893 853 1025 923 quid
1060 853 1116 909 in
1160 869 1256 909 eos
1286 853 1695 917 animadvertis,
1726 868 1959 923 quorum
1995 852 2126 918 lata,

546 957 659 997 non
689 958 819 998 vero
856 944 1110 1000 voluntas
1145 951 1451 1000 monstrum
1485 943 1679 999 alunt?
1720 944 1835 1000 lino
1894 945 2048 1014 quid.
2080 946 2127 1000 si

546 1034 653 1107 ipsi
678 1035 776 1090 tibi
807 1035 935 1092 fatis
956 1044 1041 1094 est
1067 1037 1425 1101 destinatum,
1458 1044 1518 1092 nt
1544 1036 1729 1094 divina
1763 1037 2024 1109 praeditus
2045 1039 2128 1093 in-

544 1121 671 1179 dole
700 1124 1085 1194 imperatorem
1116 1133 1300 1180 mente
1334 1126 1553 1182 sublimi
1606 1127 1915 1197 despicias;
1951 1128 2124 1199 magi—

546 1224 788 1270 strorum
812 1217 1029 1272 scholas
1053 1215 1451 1288 frequentasti?
1476 1217 1615 1284 Quid
1632 1218 1865 1280 Arabas,
1897 1218 2129 1291 Babylo-

545 1307 872 1377 niorumque
918 1323 1130 1379 magos,
1186 1317 1241 1363 et
1296 1308 1551 1362 ludonun
1604 1310 1879 1379 sapientes
1908 1312 2127 1366 curiose

542 1399 767 1456 obiisti?
794 1398 991 1454 Omnia
1012 1400 1157 1455 enim
1184 1400 1265 1454 vel
1287 1399 1426 1453 citra
1454 1400 1601 1455 illam
1626 1402 2122 1468 conversationem,

543 1504 664 1559 qua:
714 1490 839 1547 fatis
891 1498 1077 1547 essent
1104 1490 1344 1555 decreta,
1399 1492 1494 1547 tibi
1554 1508 1814 1565 peragere
1854 1494 2121 1551 licuisset.

543 1580 683 1647 Quid
706 1581 773 1637 iis
812 1583 939 1636 item
977 1598 1118 1652 quos
1151 1582 1331 1637 credis
1363 1582 1469 1638 diis
1501 1584 1734 1641 mellitas
1756 1586 2122 1658 nequidquam

542 1675 819 1741 placentas
858 1673 1127 1743 thuraque
1176 1672 1464 1742 profundis
1522 1677 1587 1744 ”,
1633 1686 1687 1732 et
1749 1678 1967 1747 pietatis
2036 1678 2122 1733 in-

542 1762 717 1819 duens
743 1765 946 1818 larvam
964 1764 1266 1837 discipulos
1297 1766 1361 1821 ad
1386 1783 1577 1837 preces
1616 1776 1933 1824 convertere
1970 1768 2124 1825 labo-

2232 571 2630 644 προκηρύττοις
2649 570 2805 639 (18');
2824 570 2895 623 Ἥ
2908 570 2961 623 τί
2990 568 3328 643 καταμέμφῃ
3345 571 3460 634 τοῖς
3472 569 3573 641 τὴν
3593 571 3816 640 μοῖραν,

2229 661 2343 716 ἀλλ’
2369 662 2432 715 οὐ
2483 662 2584 733 τὴν
2644 663 2988 733 προαίρεσιν,
3022 659 3426 725 ἀτοπωτάτοις;
3465 660 3515 713 τί
3546 659 3735 721 δὲκαὶ.
3761 662 3819 713 εί

2230 753 2380 824 αὐτῷ
2424 770 2506 806 σοι
2540 753 2817 825 πέπρωτο,
2852 751 2983 823 θείῳ
3023 751 3135 805 ὄντι
3167 750 3266 821 τὴν
3293 750 3475 821 φύσιν,
3534 752 3818 822 ὑπερᾶραι

2174 852 2183 859 ‘
2231 845 2496 915 βασιλέως
2524 844 2683 915 δόξης
2732 842 2865 913 (l9),
2897 846 2955 907 ὲς
2988 842 3324 897 διδασκάλων
3356 842 3574 913 ἐφοίτας
3596 843 3692 897 καὶ
3720 860 3822 913 φι-

2227 937 2469 1008 λοσὲφων
2492 954 2507 1004 ;
2558 934 2843 1009 Ἀραϐίους
2868 935 2980 1007 (9.0)
3010 953 3071 989 τε
3094 935 3187 990 καὶ
3202 934 3555 990 Βαϐυλωνίων
3577 936 3817 1007 μάγους,

2228 1032 2323 1085 καὶ
2358 1030 2556 1100 σοφοὺς
2587 1028 2763 1083 Ἰνδῶν
2783 1028 3323 1099 ὲπολυπραγμόνεις;
3356 1029 3539 1082 Πάντα
3564 1028 3675 1099 (21)
3696 1028 3821 1099 γάρ

2228 1142 2330 1178 που
2382 1125 2477 1177 καὶ
2541 1124 2640 1195 τῆς
2684 1123 2891 1178 τούτων
2928 1122 3050 1194 δίχα
3079 1121 3365 1184 κοινωνίας
3390 1120 3461 1174 τὰ
3501 1123 3567 1175 ἐκ
3602 1122 3821 1194 μοιρῶν

2226 1213 2463 1268 ὲτελεῖτό
2503 1230 2605 1267 σοι.
2661 1212 2725 1266 Τί
2758 1212 2814 1265 δὲ
2842 1213 2937 1265 καὶ
2962 1206 3044 1273 οἷς
3081 1209 3327 1283 νομίζεις
3348 1211 3492 1275 θεοῖς
3522 1211 3591 1266 τὰ
3622 1212 3821 1283 μελιτ-

2224 1306 2441 1369 τοῦντα,
2482 1306 2577 1359 καὶ
2611 1305 2719 1358 τὸν
2758 1303 3051 1358 λιϐανωτὸν
3088 1306 3145 1367 ὲς
3178 1304 3355 1375 μάτην
3388 1303 3615 1375 ῥίπτεις,
3646 1304 3819 1357 εὐσέ-

2226 1397 2378 1453 ϐειάν
2408 1415 2467 1451 τε
2500 1394 3029 1470 ὲπιμορφαζόμενος,
3060 1396 3145 1451 ἐπ’
3175 1397 3338 1467 εὑχάς
3368 1395 3662 1469 τρέπεσθαι
3680 1396 3822 1460 τοὺς

2229 1490 2479 1562 ἑταίρους
2539 1491 2862 1562 παρορμᾷς;
2915 1489 3077 1553 αὑτός
3126 1506 3185 1542 τε
3225 1488 3541 1561 εὐχόμενος,
3574 1491 3629 1541 τί
3655 1488 3822 1559 παρὰ

2226 1583 2364 1638 θεῶν
2390 1585 2560 1647 αἰτεῖς
2580 1627 2595 1649 ,
2629 1583 2794 1636 ὁπότε
2820 1582 2915 1635 καί⁸
2941 1581 3147 1635 τούτων
3178 1582 3277 1653 τὴν
3314 1582 3652 1653 εἱμαρμένην
3677 1584 3823 1653 ὁμο-

2224 1674 2400 1745 λογεῖς
2452 1678 2711 1746 κρατεῖν;
2769 1675 2878 1728 Καὶ
2934 1675 3041 1746 μὴν
3093 1673 3219 1739 ἔδει,
3266 1676 3392 1738 τοὺς
3424 1673 3613 1737 ἄλλους
3649 1673 3821 1736 θεοὺς

2226 1766 2736 1839 παραμειψάμενον,
2787 1765 2999 1842 ἀνάγκῃ
3046 1766 3206 1837 μόνον
3239 1766 3333 1819 καὶ
3383 1766 3603 1837 μοίραις
3631 1765 3817 1829 θύειν,

542 1871 632 1912 ras
667 1857 751 1911 "?
790 1856 902 1913 lmo
940 1864 995 1913 et
1033 1858 1151 1929 ipse
1190 1866 1443 1929 precatus
1490 1860 1622 1931 quid
1656 1860 1791 1916 deos
1826 1861 2081 1931 exposcis
2104 1902 2121 1926 ,

2227 1858 2439 1914 καὶτοῦ
2479 1860 2602 1923 Διὸς
2655 1859 2819 1913 αὑτοῦ
2875 1858 3074 1931 μᾶλλον
3122 1858 3222 1930 τὴν
3249 1858 3587 1930 εἱμαρμένην
3622 1874 3822 1929 προτι-

540 1947 982 2018 quandoquidem
1011 1948 1097 2004 bis
1135 1962 1355 2019 quoque
1383 1948 1489 2003 fata
1513 1950 1783 2020 imperare
1804 1949 2127 2005 existimas?

541 2037 705 2108 Atqui
746 2038 1067 2108 oportebat,
1099 2038 1313 2093 cmteris
1342 2038 1449 2093 diis
1502 2038 1745 2101 omissis,
1778 2038 1871 2092 uni
1909 2045 2121 2091 tantum

539 2128 867 2184 Necessitati
897 2129 1200 2200 Parcisque
1230 2148 1344 2187 rem
1379 2130 1620 2185 divinam
1683 2140 1735 2185 te
1792 2130 1991 2193 facere,
2025 2146 2121 2186 su-

538 2235 744 2291 praque
781 2220 969 2277 Jovem
1000 2223 1182 2293 ipsum
1225 2224 1475 2279 venerari
1510 2222 1705 2279 fatum.
1765 2220 1843 2276 lta
1883 2237 2011 2278 vero
2040 2222 2116 2277 dii

538 2312 673 2366 nulli
704 2311 800 2366 tibi
825 2313 1061 2383 amplius
1092 2313 1314 2380 fuerint,
1349 2322 1403 2370 et
1431 2314 1626 2369 merito
1651 2313 1892 2383 quidem,
1927 2319 1987 2367 ut
2023 2312 2117 2383 qui

535 2402 800 2475 prodesse
823 2404 1141 2460 hominibus
1160 2406 1377 2461 valeant
1393 2405 1549 2460 nihil.
1574 2403 1843 2460 Praeterea
1863 2403 1911 2459 si
1940 2402 2120 2461 decre-

533 2507 651 2554 tum
686 2498 810 2565 fuit,
844 2507 903 2555 ut
961 2501 1111 2558 cives
1166 2500 1388 2572 Ephesii
1432 2511 1585 2573 peste
1641 2499 2014 2570 corripiantur
2050 2499 2116 2565 ",

531 2595 664 2667 quid
698 2596 971 2651 contraria
1002 2597 1257 2653 sanciens
1303 2596 1414 2653 fato
1452 2605 1503 2651 te
1535 2595 1746 2666 praebes
1785 2593 2071 2650 adversum
2092 2594 2117 2646 Ἰ

532 2692 645 2749 Ιιηο
675 2693 949 2762 quomodo
976 2694 1158 2750 vicisti
1190 2693 1385 2761 fatum,
1422 2703 1684 2763 tropaeum
1725 2690 1885 2761 quasi
1924 2690 1991 2744 de
2022 2688 2117 2743 illo

530 2785 819 2841 statuens?
849 2783 905 2839 Si
934 2801 1099 2855 porro
1120 2786 1175 2840 in
1205 2786 1385 2857 puella
1414 2784 1647 2840 Clotbus
1676 2782 1787 2853 jam
1818 2780 2055 2836 stamina
2074 2780 2118 2810 ³⁸

2231 1954 2358 2023 μᾷν.
2395 1951 2549 2006 Οὕτω
2592 1950 2636 2004 δ⁴
2691 1950 2755 2005 ἄν
2790 1968 2872 2004 σοι
2914 1949 3027 2004 θεοὶ
3072 1950 3171 2021 μὲν
3203 1949 3381 2003 οὐκέτ’
3413 1950 3479 2003 ἂν
3521 1944 3683 2021 ἦσαν,
3712 1950 3820 2003 καὶ

2224 2044 2469 2106 εἰκότως,
2496 2043 2590 2096 ἀτε
2628 2043 2763 2114 μηδὲ
2790 2041 3109 2115 ἀνθρώπους
3137 2036 3316 2096 οἷοίτε
3349 2041 3595 2111 ὠφελεῖν.
3642 2041 3819 2095 ’Δλλά

2224 2135 2319 2189 καὶ
2342 2136 2392 2188 εἰ
2424 2134 2711 2206 ἐπέπρωτο
2742 2135 2867 2199 τοὺς
2909 2132 3188 2204 Ἐφεσίους
3219 2133 3422 2187 ἁλῶναι
3455 2132 3627 2205 λοιμῷ
3650 2133 3820 2187 πολί-

2222 2245 2340 2293 τας,
2363 2227 2435 2290 τί,
2454 2227 2711 2280 τάναντία
2739 2225 3066 2298 νομοθετῶν,
3090 2223 3458 2297 παρακρούεις
3485 2224 3583 2296 τὴν
3609 2225 3821 2296 εἱμαρ-

2227 2319 2430 2391 μένην;
2457 2317 2671 2372 Μᾶλλον
2703 2317 2763 2372 δὲ
2798 2318 2915 2382 πῶς
2962 2317 3243 2389 ὑπερῆρας
3283 2315 3381 2387 τὴν
3415 2318 3630 2388 μοῖραν,
3676 2316 3819 2389 396—

2224 2428 2384 2464 παιον
2427 2409 2615 2481 ὥσπερ
2669 2413 2786 2464 κατ’
2825 2409 2997 2480 αὐτῆς
3053 2409 3358 2481 ἀράμενοςς
3400 2410 3463 2462 Εἰ
3499 2409 3554 2464 δὲ
3578 2408 3674 2463 καὶ
3699 2408 3819 2482 τῆς

2225 2502 2483 2566 Κλωθοῦς
2530 2503 2625 2555 ἐπὶ
2659 2505 2725 2574 τῇ
2760 2502 2898 2575 κόρῃ
2920 2503 2979 2556 τὸ
3004 2503 3152 2574 νῆμα
3182 2502 3355 2573 πέρας
3377 2501 3601 2573 εἰλήχει,
3637 2502 3819 2559 πόθεν

2222 2594 2283 2659 ἐξ
2310 2594 2561 2666 ὑπαρχῆς
2585 2595 2726 2664 μετὰ
2754 2594 2981 2649 θάνατον
3014 2594 3419 2666 ἀναδησάμενος
3446 2599 3525 2666 τῷ
3553 2596 3689 2668 μίτῳ
3709 2596 3816 2651 τὸν

2224 2688 2514 2757 ἄτρακτον,
2561 2688 2823 2752 ζωοποιδς
2862 2688 2998 2760 αὐτῇ
3031 2688 3465 2759 παραπέφηναςς
3509 2688 3644 2743 Ἀλλ’
3670 2690 3814 2755 ίσως

2231 2782 2411 2849 μοῖραι
2439 2780 2533 2833 καὶ
2574 2780 2797 2832 σεαυτὸν
2829 2781 2922 2834 ἐπὶ
2959 2780 3111 2833 ταῦτ’
3138 2776 3292 2852 ἦγον.

527 2881 688 2931 erant
727 2874 1038 2946 absumpta,
1070 2892 1177 2947 quo
1226 2885 1285 2931 tu
1318 2884 1476 2946 pacto
1504 2874 1683 2930 denuo
1725 2881 1849 2944 post
1914 2880 2145 2926 mortem
2184 2870 2305 2940 ejus
2336 2886 2478 2927 novo
2507 2872 2689 2925 colum
2726 2870 2952 2928 induere
2981 2871 3070 2927 filo
3091 2912 3108 2937 _.
3143 2872 3327 2942 illique
3358 2887 3483 2927 esse
3517 2873 3642 2928 vita;
3706 2887 3811 2926 re-

528 2966 756 3025 deuntis
785 2976 981 3023 auctor
1003 2968 1271 3039 potuisti?
1293 2966 1401 3022 Sed
1424 2975 1477 3021 te
1507 2965 1762 3020 fortassis
1780 2964 1984 3020 eadem
2018 2961 2206 3017 Parca:
2237 2960 2304 3015 ad
2336 2962 2451 3016 haec
2475 2962 2683 3033 agenda
2716 2962 3010 3019 ducebant.

1095 3083 1326 3139 CAPUT
1365 3080 1551 3138 XLVI.

601 3177 750 3234 Nihil
792 3178 1007 3249 profers
1059 3176 1206 3247 quod
1238 3175 1309 3230 ad
1360 3184 1509 3231 tuam
1558 3173 1725 3230 faciat
1771 3174 2113 3246 dignitatem,

534 3269 807 3343 (multum
872 3268 1102 3337 abest,)
1159 3269 1253 3339 qui
1308 3275 1599 3336 antequam
1653 3266 1709 3321 in
1756 3281 1959 3336 corpus
2016 3266 2120 3321 hoc

454 3376 455 3379 ‘
532 3376 685 3417 esses
712 3361 925 3417 delatus
947 3360 1014 3424 “,
1048 3359 1104 3414 in
1135 3374 1349 3423 eorum,
1403 3361 1497 3427 qui
1534 3359 1588 3412 in
1634 3359 1793 3424 mari,
1830 3367 1884 3414 et
1921 3358 2119 3416 fluctus

533 3452 677 3508 inter
728 3459 946 3508 atatem
1005 3458 1383 3513 consumunt,
1449 3458 1502 3505 te
1558 3449 1728 3506 fuisse
1783 3465 1948 3506 censu
2011 3452 2113 3506 ais.

531 3542 737 3615 Nempe
764 3542 1133 3602 necessitatis.
1163 3550 1222 3599 ut
1255 3542 1584 3607 verosimile,
1614 3549 1669 3598 et
1707 3542 1810 3598 hoc
1839 3550 1945 3599 est.
1970 3542 2117 3598 Nihil

533 3652 665 3708 ergo
722 3651 833 3706 quo
884 3634 1303 3689 admirationem
1338 3647 1604 3697 mereare,
1636 3648 1814 3703 neque
1844 3633 2055 3688 natales
2071 3633 2113 3664 ⁸⁷

528 3730 690 3806 5M
717 3726 794 3780 tui
819 3732 875 3782 et
902 3724 1178 3788 educatio,
1220 3737 1398 3793 neque
1429 3721 1706 3793 encyclios
1736 3720 2025 3791 disciplina
2046 3721 2113 3788 ³⁸,

533 3831 715 3886 neque
752 3817 879 3871 vitae
910 3830 1083 3886 genus
1102 3814 1663 3884 temperantissimum
1685 3812 1753 3877 ³⁹,
1796 3827 1973 3882 neque
2001 3813 2117 3883 phi-

532 3905 815 3977 losophica
854 3906 1177 3962 exercitatio
1200 3906 1269 3958 ⁵ο.
1301 3903 1507 3975 Nempe
1541 3903 1724 3960 fatalis
1762 3904 1927 3959 etiam
1964 3920 2115 3974 quaso

534 3999 663 4056 dam
709 4009 827 4055 erat
856 4000 1181 4063 necessitas,
1213 4014 1355 4068 quae,
1396 3997 1464 4052 ad
1491 3996 1819 4068 Babylonios
1858 4004 1916 4051 ut
1946 3998 2112 4065 proli-

534 4090 825 4155 ciscerere,
861 4102 912 4145 te
934 4090 1198 4160 compulit
1225 4089 1291 4145 δι.
1319 4088 1384 4143 Vi
1422 4089 1551 4143 item
1582 4099 1741 4144 actus
1766 4089 1923 4159 quasi
1954 4088 2113 4144 lndo-

534 4198 655 4238 rum
699 4197 917 4253 quoque
968 4180 1145 4235 factus
1192 4180 1500 4252 discipulus
1527 4194 1588 4235 es
1609 4181 1655 4211 δ’
1686 4189 1779 4236 :ct
1828 4179 1896 4234 ad
1943 4178 2114 4252 Aigy-

536 4274 774 4346 ptiorum
792 4271 979 4327 Nudos
1002 4287 1111 4325 non
1131 4271 1327 4327 electio
1340 4267 1442 4324 ‘tua
1471 4277 1524 4325 et
1542 4270 1823 4341 sapientia:
1844 4261 2109 4336 studium,

535 4366 630 4421 sed
670 4363 840 4418 fatum
876 4372 929 4418 te
957 4364 1087 4434 egit,
1120 4363 1264 4418 collo
1296 4372 1349 4418 te
1371 4363 1596 4433 adigens
1623 4363 1839 4418 obtorto
1868 4362 2111 4420 Gadibus

2717 3079 3114 3132 ΚΕΦᾹΛΑΙΟΝ
3157 3079 3305 3146 Μετ’.

2288 3170 2418 3225 Οὕτι
2438 3188 2524 3225 πω
2549 3172 2740 3243 φήσεις
2751 3171 2870 3224 κατ’
2896 3170 3073 3238 ἀξίαν,
3094 3170 3288 3225 πολλοῦ
3309 3187 3372 3241 γε
3387 3170 3485 3236 δεῖ,
3502 3171 3560 3235 ὃς
3574 3170 3679 3240 πρὸ
3699 3172 3815 3243 τῆς

2218 3264 2276 3327 ἐς
2304 3262 2463 3316 τοῦτο
2497 3262 2557 3316 τὸ
2595 3261 2754 3333 σῶμα
2793 3262 3023 3335 παρόδου
3052 3262 3160 3315 τῶν
3190 3265 3246 3316 ὲν
3283 3262 3519 3337 θαλάττῃ
3560 3264 3653 3317 καὶ
3696 3263 3809 3318 κῦο

2220 3372 2352 3427 μασι
2382 3354 2767 3426 διατριϐόντων
2781 3355 3062 3424 γεγονέναι
3084 3356 3307 3409 σεαυτὸν
3330 3355 3532 3426 λέγεις.
3577 3358 3717 3411 ’Δλν
3736 3356 3812 3428 ἐξ

2219 3447 2486 3517 ἀνάγκης,
2539 3446 2616 3509 ὡς
2673 3446 2838 3510 εἰκὸς,
2891 3447 2988 3499 καὶ
3017 3446 3193 3501 τοῦτο.
3224 3446 3433 3502 Οῦκουν
3478 3448 3807 3520 θαυμάσιοςς

2214 3537 2337 3592 οὔτε
2388 3539 2486 3609 τῆς
2538 3536 2759 3609 πρώτης
2803 3539 3071 3607 γενέσεως
3129 3539 3222 3593 καὶ
3263 3539 3491 3611 τροφῆς,
3537 3539 3665 3593 οὔτε
3701 3542 3808 3613 τῆς

2217 3629 2509 3699 ἐγκυκλίου
2536 3629 2804 3695 παιδείας,
2827 3629 2951 3683 οὔτε
2973 3631 3072 3702 τῆς
3097 3631 3157 3683 ὲν
3185 3631 3335 3702 ἀκμῇ
3362 3630 3631 3703 σώφρονος
3654 3634 3808 3701 ἀγω-
3848 3644 3855 3659 '

2214 3723 2341 3793 γῆς,
2396 3722 2495 3776 οὐκ
2546 3724 2828 3795 ἀσκήσεως
2872 3723 2971 3795 τῆς
3018 3725 3075 3777 ὲν
3122 3723 3407 3794 φιλοσοφίᾳ
3447 3724 3580 3797 (22).
3614 3721 3724 3778 Ἦν
3755 3726 3807 3779 δ’

2214 3816 2324 3887 ἄρα
2361 3832 2444 3878 τις
2495 3814 2700 3887 μοιρῶν
2735 3815 2949 3886 ἀνάγκη
2991 3816 3088 3869 καὶ
3126 3817 3184 3879 ὲς
3222 3814 3595 3880 Βαϐυλωνίους
3635 3817 3807 3870 ἐλαύ-

2215 3923 2406 3961 νουσα·
2448 3906 2757 3978 ὠθούμενος
2782 3906 2826 3959 δ’
2858 3906 3050 3978 ὥσπερ
3087 3907 3180 3961 καὶ
3223 3906 3332 3961 τῶν
3376 3908 3552 3963 Ἰνδῶν
3574 3908 3808 3980 ώμίλεις

2217 4001 2421 4067 σοφοῖς,
2459 3999 2553 4052 καὶ
2598 3999 2693 4051 ἐπὶ
2738 4000 2864 4063 τοὺς
2910 3999 3221 4068 Αἰγυπτίων
3253 3999 3310 4053 δὲ
3356 4001 3602 4072 Γυμνοὺς
3630 4003 3729 4072 οὐχ
3763 4006 3800 4075 ἡ

2216 4090 2553 4162 προαίρεσις,
2592 4091 2698 4143 οὐδ’
2731 4091 2759 4142 δ
2786 4090 3105 4161 φιλοσοφίας
3138 4090 3320 4156 πόθος,
3356 4095 3517 4163 μοῖρα
3551 4092 3609 4145 δὲ
3642 4088 3805 4164 ἦγεν,

2214 4181 2455 4252 ἄγχουσα
2503 4183 2598 4235 καὶ
2628 4184 2721 4237 ἐπὶ
2760 4183 2827 4236 τὰ
2874 4182 3124 4255 Γάδειρα,
3170 4184 3264 4237 καὶ
3303 4183 3403 4247 τὰς
3442 4183 3806 4255 Ἡρακλείους

2217 4274 2437 4346 στήλας,
2468 4275 2602 4346 ἑῷόν
2623 4292 2682 4329 τε
2721 4277 2815 4329 καὶ
2844 4277 3096 4348 ἑσπέριον
3135 4277 3385 4330 Ὠκεανὸν
3408 4276 3670 4331 ἀλᾶσθαι·
3705 4280 3804 4332 καὶ

2215 4370 2405 4432 αὑταῖς
2446 4370 2736 4440 ἀτράκτοις
2773 4369 2831 4432 ὲς
2870 4369 3044 4440 μάτην
3084 4367 3391 4434 ἐξεϐιάζετο
3431 4368 3803 4440 περιστρέφε-

537 4455 696 4510 etiam
729 4454 1090 4525 Herculisque
1120 4455 1394 4510 columnis
1417 4454 1483 4521 “,
1526 4468 1735 4524 eooque
1751 4453 1798 4487 “
1824 4464 1988 4525 atque
2017 4470 2111 4510 oc-

2220 4459 2360 4513 σθαι.
2386 4426 2451 4513 ί·ὶί
2484 4426 2540 4514 δέ
2567 4460 2631 4531 δὴ
2664 4426 3041 4531 μετειληφέναι
3073 4426 3143 4514 τι⁷
3172 4426 3362 4530 σοφίας
3391 4426 3553 4515 αὐτόν
3583 4426 3648 4516 hac.
3674 4426 3805 4517 τού-

537 4548 701 4603 ciduo
730 4546 947 4603 Oceano
966 4548 1011 4578 ⁸⁸
1034 4555 1091 4601 ιιι
1125 4549 1415 4604 oberrares
1442 4568 1456 4602 :
1484 4549 1714 4618 ipsoque
1748 4547 1876 4603 fuso
1904 4562 2025 4613 suo,
2052 4559 2112 4605 ut

536 4639 688 4695 nullo
716 4640 1085 4694 emolumento
1119 4648 1215 4695 tuo
1244 4640 1372 4695 hinc
1396 4640 1524 4696 inde
1548 4655 1719 4712 vagus
1740 4641 2107 4711 discurreres,

535 4737 590 4788 te
627 4732 827 4802 coegit.
873 4731 1032 4798 Quod
1086 4733 1130 4787 si
1180 4735 1305 4803 quis
1340 4735 1621 4804 sapientiae
1662 4735 1985 4806 participem
2025 4738 2110 4790 fa-

535 4830 682 4877 ctum
713 4823 943 4878 istorum
969 4837 1073 4893 ope
1098 4823 1246 4878 dicat
1273 4838 1430 4891 esse;
1454 4823 1574 4894 ejus
1597 4839 1814 4894 quoque
1835 4825 1910 4882 rei
1937 4841 2107 4883 causa

534 4913 704 4968 fatum
745 4914 870 4979 erit,
915 4928 1093 4984 neque
1139 4915 1374 4985 amplius
1408 4916 1491 4969 vir
1535 4916 1623 4970 ille
1673 4917 1727 4970 in
1756 4917 1845 4980 iis,
1886 4918 1980 4988 qui
2028 4920 2108 4974 di-

533 5004 721 5061 scendi
771 5004 955 5060 studio
1013 5004 1246 5072 fervent,
1307 5006 1647 5073 censebitur,
1683 5022 1859 5078 neque
1909 5010 2106 5064 merito

2216 4569 2324 4606 των
2364 4553 2506 4605 εἴποι
2552 4569 2656 4616 τις,
2703 4555 2866 4624 μοῖρα
2910 4554 3004 4606 καὶ
3045 4553 3249 4607 τούτων
3288 4553 3455 4615 αἰτία,
3492 4555 3585 4608 καὶ
3616 4555 3800 4609 οὐκέτ’

2213 4644 2280 4698 ἂν
2311 4646 2368 4698 ἐν
2398 4643 2746 4715 φιλομαθέσιν
2774 4647 2813 4697 δ’
2835 4644 2970 4717 ἀνὴρ
3012 4645 3383 4718 καταλεχθείη,
3410 4646 3517 4699 οὐδ’
3558 4646 3625 4700 ἂν
3646 4646 3802 4701 εὐλό-

2213 4755 2326 4808 γως
2369 4738 2731 4810 θαυμασθείη,
2772 4739 2872 4809 τῆς
2919 4741 2980 4793 οὐ
3016 4739 3158 4794 κατὰ
3197 4738 3444 4811 γνώμην,
3479 4740 3617 4795 ἀλλά
3654 4742 3797 4796 κατά

2214 4830 2457 4899 ἀνάγκην
2505 4828 2654 4901 αὐτῷ
2702 4829 3056 4901 πορισθείσης
3106 4830 3442 4900 φιλοσοφίας.
3482 4833 3570 4885 Ἐν
3621 4834 3722 4904 ἴσῳ
3749 4833 3797 4886 δ’

2215 4920 2282 4975 ἂν
2329 4920 2748 4990 συγκρινόμενος
2793 4921 2878 4991 εἴη
2929 4923 3048 4973 κατ’
3077 4923 3239 4976 αὐτὸν
3282 4923 3605 4997 Πυθαγόρας
3634 4926 3799 4992 αὐτὸς

2215 5011 2308 5065 καί
2359 5028 2411 5065 τι
2463 5010 2766 5083 τερατῶδες
2817 5014 2920 5065 ⁶καὶ
2971 5013 3379 5085 ἀπερριμμένον
3435 5015 3796 5088 ἀνδράποδον⁸

603 5183 784 5263 ':_lib.
806 5201 863 5263 _t_,
893 5200 951 5263 ο,
986 5185 1076 5241 51.
1104 5186 1233 5263 coll:
1260 5187 1366 5263 lib.
1392 5203 1454 5263 ι,
1478 5203 1541 5263 _c_.
1578 5188 1628 5242 l.
1705 5188 1751 5219 ³³
1771 5188 1884 5263 _lib.
1903 5206 2080 5263 ~tv,c.

2220 5234 2226 5247 .
2303 5192 2359 5263 "7
2390 5193 2485 5247 lib.
2524 5210 2607 5257 Iv,
2637 5209 2687 5248 c.
2731 5195 2814 5249 Η).
2892 5196 2939 5227 ³³
2977 5196 3070 5250 lib.
3107 5211 3196 5259 tv,
3231 5211 3281 5251 c.
3317 5198 3407 5254 45.
3484 5200 3530 5231 ⁸⁸
3567 5200 3661 5254 lib.
3697 5215 3754 5253 tu
3778 5242 3795 5263 ,

534 5267 585 5334 οε
803 5255 847 5287 ³⁷
891 5256 1077 5334 lib._r,
1113 5272 1163 5311 c.
1390 5251 1447 5290 ³⁸⁷
1477 5260 1568 5312 lib.
1604 5275 1653 5334 _t,
1684 5258 1865 5334 c.77.___
1899 5261 1942 5293 ”
1984 5262 2077 5315 lib.
2132 5280 2133 5313 ;

2241 5277 2291 5317 c.
2345 5262 2531 5317 12-15.
2595 5251 2654 5296 ’⁸ο
2720 5265 2815 5319 lib.
2851 5280 2899 5330 ι,
2935 5281 2986 5321 c.
3018 5266 3051 5321 8
3078 5279 3132 5323 et
3165 5251 3253 5321 Π.
3327 5269 3371 5300 ⁸⁸
3395 5251 3510 5324 lib.
3542 5251 3667 5334 ιζῖτζ
3700 5251 3793 5326 l8:

534 5324 579 5355 “
619 5323 715 5377 lib.
752 5340 851 5391 tu,
903 5341 955 5382 c.
988 5325 1078 5381 16.

608 5504 657 5587 ί
669 5504 747 5587 θ’)
766 5509 1231 5587 ,ζζροκηρύττοέᾳ
1258 5509 1421 5587 Forte
1434 5528 1627 5587 390m
1637 5512 1869 5587 ρύττεις.
1902 5513 2057 5587 Eutr.

611 5575 736 5655 (ιιιγ
764 5575 1081 5655 ξΥπερᾶραι
1120 5581 1335 5655 βασιλ.
1373 5575 1800 5655 δόξξήιὶὲὲρίοἰι
1830 5575 1914 5638 ad
1962 5597 2112 5655 gesta

538 5645 810 5725 imprimis
836 5663 961 5725 eum
984 5645 1460 5725 Domiti_a_no,_vide
1490 5652 1613 5707 libri
1637 5645 1751 5720 vin,
1782 5669 1905 5725 cap.
1938 5645 2111 5710 l'ct‘Z.

466 5770 481 5777 ,
553 5717 1084 5842 Ἂῗέίὲίᾶραϐίους.
1173 5720 1380 5776 Morell.
1447 5722 1502 5777 in
1557 5717 1803 5795 margine
1851 5717 2115 5798 Inscripsit

618 5803 845 5858 ραοιων.

1191 5326 1237 5358 ⁸³
1276 5327 1370 5382 lib.
1407 5346 1470 5393 v,
1507 5345 1557 5385 c.
1597 5330 1621 5382 1
1726 5328 1773 5359 ⁸⁵
1811 5330 1907 5385 lib.
1940 5347 2036 5396 ιιι,
2071 5348 2121 5388 c.
2154 5332 2244 5389 66.
2320 5334 2365 5365 ⁸⁸
2408 5334 2503 5388 lib.
2536 5350 2597 5403 v,
2632 5349 2681 5389 c.
2721 5334 2811 5390 47.

2291 5520 2404 5593 (2t)
2434 5520 2657 5593 Πάντα.
2690 5521 2899 5593 Morell.
2934 5523 2990 5576 in
3026 5521 3268 5593 margine
3294 5523 3457 5580 habet
3484 5524 3719 5590 πάντως.

2296 5591 2405 5663 (‘22)
2454 5592 2795 5660 Ἀσκήσεως
2819 5592 2930 5660 τῆς
2957 5593 3027 5646 ἐν
3052 5591 3401 5663 φιλοσοφίᾳ.
3436 5596 3665 5651 Maxime
3703 5609 3789 5651 re-

2222 5662 2360 5734 spici
2397 5669 2528 5734 puto
2555 5662 2621 5734 a_d
2659 5665 2979 5734 exercitium
3043 5662 3313 5734 perpetuée
3353 5662 3713 5731 abstinentiae,
3739 5672 3789 5720 et

2223 5677 2360 5728 SplCl
2435 5677 2528 5715 ιιιο
2555 5677 2621 5716 an
2659 5677 2979 5717 exercitium
3043 5677 3313 5734 perpetua
3353 5677 3713 5731 abstinentiae,
3739 5677 3789 5720 el

2223 5677 2969 5813 exspugfaghPythagorica},
3018 5735 3085 5791 de
3131 5734 3332 5806 quibus
3384 5737 3505 5794 vide
3556 5739 3673 5793 loca
3735 5735 3793 5791 iu

2226 5810 2465 5871 margine
2494 5810 2676 5857 citata.
