4054 6408
265 332 363 389 355
1390 324 1591 379 LIBER
1629 323 1907 380 CONTRA
1947 324 2366 383 IIIEROCLEM.
2630 360 2637 365 ι
3424 338 3529 395 866

279 446 565 519 Σωκράτης
606 445 651 498 δ’
683 446 845 511 αὐτὸς
877 446 1195 516 φιλοσοφίας
1225 444 1729 518 ὑπεραποθνήσκων
1759 462 1825 499 κα

1954 446 2413 502 existimationem
2460 459 2834 521 consequetur
2867 452 2941 510 ob
2974 454 3323 524 sapientiam,
3359 473 3524 529 quam

283 543 328 593 οί
356 538 532 592 τοῦτον
561 536 787 590 Θανάτου
809 538 958 602 ἄξιον
981 536 1352 609 γραψάμενον
1376 536 1635 606 Διογένης
1661 552 1719 589 τε
1755 538 1825 589 κα

1953 552 2063 591 non
2092 537 2362 593 electione
2388 553 2510 602 sua,
2540 541 2633 595 sed
2667 542 2994 609 necessitate
3014 543 3214 601 ductus
3249 546 3352 602 sibi
3385 564 3531 603 com-

281 631 344 685 τὰ
391 629 680 700 Ἀθηναίων
730 630 1009 701 μειράκια.
1043 630 1155 683 Κα)⁸
1187 628 1373 692 ἁπλῶς
1401 631 1576 682 εἰπεῖν
1603 630 1630 681 6
1671 627 1825 699 σοφώ

1953 630 2185 700 paravit.
2215 629 2547 701 Eademque,
2566 631 2723 701 juxta
2758 648 2882 688 eum
2913 635 2961 690 si
2990 638 3330 706 comparatio
3363 639 3525 693 insti-

278 739 431 786 τατος
459 722 555 775 οὐκ
577 720 644 775 ἂν
675 720 918 794 διαφέροι
947 721 1041 775 τοῦ
1084 722 1505 795 ἀφρονεστάτου,
1547 723 1641 777 καὶ
1667 727 1696 777 6
1728 725 1825 777 ἀδιι

1950 728 2155 784 tuatur,
2199 723 2335 807 ratio
2379 723 2484 776 erit
2525 723 2697 793 ipsius
2740 723 3103 796 Pythagoras,
3152 737 3206 783 et
3260 730 3524 801 mancipii

279 813 508 874 κώτατος
533 810 626 864 τοῦ
657 811 1019 877 δικαιοτάτου,
1056 814 1084 867 ὅ
1107 830 1165 867 τε
1193 813 1485 877 ἀκόλαστος
1511 812 1604 867 τοῦ
1631 831 1825 885 σωερρο

1949 814 2183 881 alicujus
2208 814 2499 884 pmstigiis
2528 815 2721 879 dediti,
2761 824 2814 871 et
2844 818 3048 872 nullius
3082 819 3241 889 pretii
3276 838 3289 872 :
3323 820 3526 889 ipsius-

277 902 543 965 νεστάτου,
572 902 665 955 καὶ
689 904 717 955 6
746 902 1049 968 δειλότατος
1080 904 1173 958 τοῦ
1216 905 1612 977 ἀνδρειοτάτου,
1647 907 1825 977 εἱμαρ·

1946 920 2054 976 que
2091 904 2337 959 Socratis
2364 916 2591 960 mortem
2628 923 2726 976 pro
2753 909 3097 979 philosophia
3126 912 3438 980 oppetentis
3470 920 3526 966 et

279 992 437 1063 μένης
467 992 560 1045 καὶ
594 993 797 1065 μοιρῶν
843 995 1110 1064 παιγνίων
1141 994 1345 1049 τούτων
1374 996 1630 1050 ἁπάντων
1654 996 1815 1050 ἀναδε

1946 1011 2135 1052 eorum
2164 997 2256 1067 qui
2284 1012 2408 1051 eum
2431 998 2650 1068 capitali
2677 1001 2943 1070 supplicio
2966 1001 3307 1056 aﬂicicndum
3332 1004 3525 1059 decre-

274 1083 582 1155 δειγμένων.
1944 1096 2141 1142 verunt
2168 1105 2181 1142 :
2211 1085 2466 1158 Diogenis
2490 1089 2619 1143 item
2652 1096 2704 1143 et
2736 1090 3039 1145 Atticorum
3083 1092 3523 1150 adolescentulo-

274 1191 407 1231 rum.
455 1174 630 1248 thue
685 1181 877 1249 paucis
919 1182 1195 1238 absolvam
1226 1223 1243 1248 ,
1302 1182 1740 1253 sapientissimus
1787 1191 1841 1237 et
1898 1179 2292 1236 stolidissimus
2353 1182 2663 1236 mortalium
2732 1183 2869 1237 mbil
2943 1183 3214 1250 diﬂ‘erent,
3250 1187 3386 1241 nihil
3436 1189 3522 1242 in-

267 1271 601 1341 justissimus
667 1277 1008 1344 tuatimeque
1044 1278 1251 1349 justus,
1286 1279 1526 1334 lascivus
1593 1278 1826 1334 maxime
1856 1284 1911 1333 et
1948 1276 2480 1342 continentissimus,
2543 1278 2923 1336 timidissimus
2972 1288 3028 1337 et
3058 1282 3391 1341 fortissimus
3435 1285 3521 1341 di-

271 1366 504 1432 stabunt,
538 1368 584 1424 si
632 1385 729 1425 eos
770 1386 961 1427 omnes
1010 1372 1357 1428 necessitatis
1405 1381 1457 1427 et
1490 1371 1586 1426 fati
1624 1386 1833 1426 merum
1874 1378 2090 1426 constet
2118 1385 2242 1427 esse
2274 1371 2594 1426 ludibrium.

773 1484 1168 1538 ΚΕΦΑΔΑῘΟΝ
1201 1483 1335 1541 ΜΖ’.

343 1569 500 1623 Ἀλλά
533 1569 642 1644 γὰρ
670 1575 804 1646 πρὸς
838 1575 1009 1629 ταῦτα
1037 1578 1066 1629 6
1096 1576 1270 1647 κῆρυξ
1295 1576 1395 1647 τῆς
1426 1574 1682 1647 ἀληθείας
1711 1573 1836 1647 βοή-

269 1676 429 1733 σεται,
481 1662 689 1733 λέγων·
725 1662 795 1719 Ὦ
840 1667 1134 1740 ἄνθρωποι,
1174 1669 1365 1740 θνητὸν
1409 1671 1503 1722 καὶ
1549 1668 1836 1739 ἐπίκαιρον

2473 1480 2700 1537 CAPUT
2740 1482 2948 1539 XLVII.

2014 1571 2119 1628 Sed
2148 1573 2292 1629 enim
2334 1581 2525 1627 contra
2568 1574 2684 1629 haec
2706 1590 2885 1645 praeco
2916 1575 3165 1631 veritatis
3204 1576 3520 1636 inclamabit

1934 1662 2164 1719 dicens:
2200 1661 2345 1717 Heus
2372 1662 2642 1728 homines,
2681 1665 2912 1720 mortale
2954 1675 3008 1720 et
3042 1668 3222 1738 exigui
3259 1671 3517 1737 temporis

265 1752 429 1821 γένος,
471 1759 567 1809 ποῖ
597 1755 659 1828 δὴ
713 1758 963 1830 φέρεσθε,
1011 1760 1102 1814 τὸν
1148 1761 1250 1832 τῆς
1298 1762 1566 1834 ἀκρασίας
1605 1763 1825 1834 ἄκρατοι

1942 1768 2134 1821 genus,
2168 1766 2278 1822 quo
2313 1752 2553 1806 l'erimini
2586 1754 3000 1810 incontinentiae
3042 1773 3193 1813 mero
3218 1758 3391 1814 ebrii?
3421 1760 3517 1817 de-

263 1844 574 1916 ὲμπιόντεςς
613 1846 807 1919 λήξατέ
858 1868 1008 1915 ποτε,
1041 1853 1133 1905 καὶ
1177 1852 1472 1926 διανήψατε
1505 1855 1601 1926 τῆς
1648 1855 1837 1924 μέθης,

263 1937 351 1989 καὶ
375 1936 616 2001 διανοίας
659 1939 839 2011 ὀρθοῖς
870 1941 1078 2012 ὄμμασι
1116 1944 1179 1997 τὸ
1220 1945 1413 2016 σεμνὸν
1445 1947 1543 2018 τῆς
1585 1946 1841 2018 ἀληθείας

261 2027 645 2099 ὲνοπτρίσασθε
670 2031 979 2102 πρόσωπον.
1009 2034 1083 2087 Οὐ
1109 2034 1264 2105 θέμις
1291 2036 1547 2106 ἀλήθειαν
1585 2036 1840 2108 πολεμεῖν

261 2120 418 2192 ἑαυτῇ
452 2123 552 2175 καὶ
587 2122 854 2193 μάχεσθαι
878 2141 892 2154 ·
929 2125 1050 2178 οὐδὲ
1097 2125 1241 2180 δυοῖν
1271 2128 1679 2183 ὲναντιωτάτοιν
1711 2131 1839 2200 μίαν

260 2204 552 2280 ὑφεστάναι
589 2214 683 2266 καὶ
720 2215 818 2285 τὴν
852 2215 1020 2287 αὐτὴν
1050 2218 1245 2271 αἰτίαν.
1275 2220 1385 2290 Τῆς
1412 2218 1505 2273 τοῦ
1538 2218 1673 2273 Θεοῦ
1707 2239 1841 2293 προ-

258 2301 398 2365 νοίας
425 2303 493 2356 τὰ
536 2302 713 2358 πάντα
745 2306 1070 2378 κρατούσης,
1097 2307 1258 2373 θείοις
1293 2309 1405 2381 (25)
1436 2310 1622 2380 νόμοις
1661 2311 1840 2365 διατέ-

257 2409 442 2447 τακται
476 2394 544 2447 τὸ
577 2398 705 2450 πᾶν.
752 2396 1081 2469 Ἀνθρώπων
1111 2414 1169 2451 τε
1204 2398 1380 2471 ψυχῆς
1410 2401 1536 2471 ὅρος
1582 2401 1843 2473 αὐτοκρά-

257 2485 380 2556 τορά
410 2501 468 2537 τε
525 2487 623 2540 καὶ¹
667 2489 884 2561 κριτὴν,
928 2489 1167 2560 ἡγεμόνα
1215 2507 1274 2543 τε
1310 2491 1404 2544 καὶ
1447 2491 1633 2563 κύριον
1678 2492 1839 2546 αὑτὸν

256 2576 439 2630 ἑαυτοῦ
491 2579 817 2652 καθίστησι·
852 2585 1101 2651 φυσικοῖς
1151 2583 1334 2653 νόμοις
1393 2584 1489 2637 καὶ
1538 2585 1838 2653 φιλοσόφων

253 2665 508 2738 δόγμασιν
535 2670 887 2733 ἐκδιδάσκων,
914 2673 990 2737 ὡς
1008 2673 1115 2746 ἄρα
1136 2675 1242 2728 τῶν
1271 2675 1437 2729 ὄντων
1462 2675 1530 2728 τὸ.
1556 2676 1657 2746 μὲν
1689 2675 1836 2729 ἔστιν

253 2761 332 2829 ἐφ’
353 2764 501 2834 ἡμῖν,
545 2763 615 2817 τά
650 2764 707 2818 δὲ
750 2764 848 2819 οὐκ
883 2766 967 2835 ἐφ’
1001 2768 1149 2836 ἡμῖν.
1186 2767 1296 2819 Καὶ
1337 2766 1418 2836 ἐφ’
1449 2769 1581 2838 ἡμῖν
1615 2768 1711 2837 μὲν
1737 2767 1836 2820 ὅσα

251 2851 436 2918 γένοιτ’
464 2854 541 2908 ἂν
566 2855 708 2908 κατά
734 2856 1052 2928 προαίρεσίν
1074 2874 1133 2909 τε
1165 2856 1261 2910 καὶ
1292 2856 1491 2929 πρᾶξιν
1518 2856 1652 2927 (24),
1686 2856 1718 2909 ἀ
1743 2857 1836 2909 καὶ

252 2940 400 3011 φύσει
429 2944 702 3017 ἐλεύθερα
730 2945 862 3017 (25),
898 2947 1171 3011 άκώλυτα,
1211 2946 1664 3018 άπαρεμπόδιστα
1703 2961 1835 3013 τυγ-

250 3032 414 3102 χάνειν
434 3036 505 3090 τά
522 3036 588 3090 δὲ
607 3038 707 3091 οὐκ
728 3038 811 3106 ἐφ’
827 3041 961 3108 ἡμῖν
980 3038 1200 3109 ἀσθενῆ,
1217 3037 1398 3102 δοῦλα,
1422 3036 1657 3101 ωλυτά,
1681 3036 1836 3089 ἀλλό-

1942 1845 2105 1900 sinite
2143 1844 2384 1910 demum,
2413 1859 2445 1899 e
2472 1847 2696 1917 crapula
2729 1848 3193 1919 expergiscimini,
3237 1854 3517 1925 rectisque

1941 1937 2140 1993 mentis
2171 1936 2348 1992 oculis
2373 1945 2662 2007 augustam
2696 1939 2945 1994 veritatis
2974 1940 3263 1996 intuemini
3296 1945 3512 2001 faciem.

1938 2024 2046 2082 Fas
2076 2027 2221 2083 enim
2249 2043 2359 2084 non
2386 2038 2466 2085 est
2507 2029 2609 2084 sibi
2637 2030 2736 2099 ipsi
2771 2044 3075 2102 repugnare
3102 2034 3413 2100 veritatem,
3449 2051 3515 2091 ac

1940 2133 1970 2172 a
1995 2134 2055 2175 se
2077 2119 2392 2177 dissentire.
2417 2118 2604 2192 Neque
2627 2121 2840 2176 duobus
2863 2122 3007 2177 inter
3035 2138 3094 2178 se
3122 2125 3358 2181 maxime
3377 2142 3513 2181 con-

1938 2211 2127 2266 trariis
2159 2226 2322 2266 unam
2356 2210 2713 2284 eamdemque
2761 2228 2984 2268 causam
3029 2215 3276 2272 subesse.
3310 2216 3515 2273 Divina:

1949 2301 2311 2359 Providentiae
2337 2305 2518 2359 omnia
2548 2304 3128 2376 continentis-legibus
3168 2308 3366 2364 divinis
3400 2311 3514 2366 uni-

1940 2411 2161 2451 versum
2194 2397 2298 2451 hoc
2338 2396 2566 2467 regitur.
2601 2396 2830 2452 Detinita
2860 2406 3040 2453 autem
3085 2401 3280 2457 animae
3320 2402 3515 2457 huma-

1939 2500 2025 2541 nat
2075 2490 2354 2557 potentia,
2398 2487 2701 2558 principem
2744 2503 2868 2543 eum
2911 2504 2974 2544 ac
3007 2489 3287 2560 judicem,
3341 2503 3515 2549 recto-

1938 2594 2053 2633 rem
2111 2588 2166 2634 et
2214 2578 2496 2634 dominum
2528 2580 2613 2634 sui
2644 2580 2817 2650 ipsius
2862 2583 3148 2637 constituit
3178 2584 3371 2653 :juxta
3412 2601 3512 2640 na-

1938 2678 2076 2724 tura:
2104 2671 2252 2740 leges
2280 2677 2334 2724 et
2380 2670 2829 2741 philosriphorum
2882 2674 3080 2744 placita
3128 2691 3250 2730 eum
3280 2677 3508 2742 docens.

1936 2777 2120 2816 rerum
2170 2762 2307 2815 alias
2353 2776 2477 2817 esse
2511 2763 2567 2817 in
2616 2770 2887 2834 potestate
2929 2774 3141 2833 nostra,
3204 2769 3342 2826 alias
3380 2786 3511 2826 vero

1938 2863 2046 2903 non
2078 2865 2222 2905 esse.
2255 2846 2415 2922 545
2430 2848 2494 2904 Ει
2517 2849 2572 2905 in
2596 2861 2784 2907 nostra
2827 2854 3046 2923 quidem
3079 2863 3348 2926 potestate
3379 2875 3503 2917 esse

1937 2944 2115 3012 posita
2148 2942 2329 2996 omnia
2358 2957 2481 3013 qua:
2511 2943 2579 2997 ab
2611 2944 2875 3000 electione
2904 2954 3093 3001 nostra
3115 2958 3165 3003 et
3193 2950 3510 3019 Operatione

1938 3032 2198 3103 pendent,
2229 3048 2354 3087 cum
2392 3036 2593 3104 quibus
2618 3043 2672 3089 et
2706 3036 2779 3089 ita
2813 3052 2844 3090 a
2885 3045 3082 3092 natura
3126 3048 3505 3110 comparatum

249 3140 386 3195 τρια,
404 3125 440 3178 ἃ
469 3127 576 3179 καὶ
600 3127 727 3198 περὶ
753 3127 814 3179 τὸ
839 3127 1017 3198 σῶμα,
1035 3129 1128 3181 καὶ
1149 3127 1216 3180 τά
1236 3127 1410 3194 ἐκτὸς,
1433 3127 1616 3199 ἄψυχά
1628 3144 1686 3179 τε
1707 3126 1825 3180 ὄντα

1937 3133 2041 3192 est,
2094 3134 2155 3179 ut
2196 3126 2366 3181 libera
2419 3129 2552 3196 sint,
2603 3144 2702 3183 nec
2739 3129 3014 3199 prohiberi
3046 3146 3077 3184 a
3128 3134 3384 3204 qu0piam
3421 3135 3505 3190 vel

246 3218 334 3270 καὶ
352 3218 519 3287 ἄλογα
532 3257 550 3280 ,
570 3218 663 3271 καὶ
676 3219 850 3290 πάντη
867 3219 965 3289 τῆς
987 3217 1123 3282 ἰδίας
1132 3217 1226 3271 τοῦ
1238 3218 1454 3286 λογικοῦ
1472 3219 1609 3284 ζώου
1624 3220 1837 3288 φύσεως

250 3308 527 3383 ἀλλοτρίαν
561 3309 978 3380 τὴν,ὑπόστασιν
1006 3310 1140 3380 ἔχει.
1162 3309 1280 3363 Τῶν
1308 3310 1351 3363 δ’
1374 3309 1504 3381 ἐφ’ίὴ
1515 3313 1605 3381 μῖν
1621 3312 1718 3382 τὴν
1743 3311 1836 3365 ἐπὶ

252 3402 441 3477 θάτερα
467 3405 651 3478 ὁρμὴν
677 3406 878 3478 ἀρετῆς
910 3423 969 3459 τε
998 3406 1093 3458 καὶ
1123 3406 1323 3469 κακίας
1347 3406 1578 3469 ἕκαστος
1602 3408 1659 3459 ἐν
1692 3406 1832 3479 αὐτῇ

250 3496 501 3570 κέκτηται
529 3499 868 3570 προαιρέσει.
901 3499 1009 3551 Καὶ
1041 3498 1103 3550 τὸ
1135 3498 1234 3569 μὲν
1270 3497 1378 3551 τῶν
1403 3498 1539 3552 ὅλων
1569 3498 1832 3564 δεσπόζον

247 3604 301 3641 τε
335 3591 425 3644 καὶ
454 3589 761 3661 ἡγεμονοῦν
801 3588 1003 3648 εὐθέως
1043 3590 1289 3660 περαίνει
1318 3589 1453 3661 (26),
1490 3590 1632 3644 κατά
1665 3591 1827 3661 φύσιν

249 3681 768 3753 περιπορευόμενον·
800 3678 923 3749 τῷδ’
944 3678 1052 3731 αἰεὶ
1080 3680 1367 3733 συνέπεται
1391 3680 1536 3751 δίκη,
1565 3680 1675 3733 τῶν
1699 3683 1829 3737 ἀπο-

247 3767 580 3842 λειπομένων
609 3769 704 3823 τοῦ
735 3768 879 3822 θείου
902 3768 1066 3840 νόμου
1101 3769 1341 3840 τιμωρός
1360 3785 1374 3801 ’
1409 3767 1518 3821 τῶν
1545 3769 1589 3822 δ’
1614 3771 1707 3823 ὲπὶ
1726 3772 1826 3835 τάς

247 3863 463 3933 πράξεις
514 3861 706 3934 ὁρμῶν
756 3860 817 3915 οὐ
867 3861 1087 3932 μοίρας,
1136 3860 1258 3914 οὐδὲ
1301 3860 1661 3932 εἱμαρμένης,
1714 3862 1823 3915 οὐδ’

244 3951 480 4026 ἀνάγκης
526 3953 679 4007 αἰτία
715 3952 801 4023 (27
810 3966 846 4020 )’
883 3953 1033 4004 αίτία
1071 3950 1325 4023 ἑλομένου
1350 3965 1363 3980 ⁶
1400 3950 1531 4014 Θεὸς
1559 3950 1819 4015 ἀναίτιος.

1936 3214 2185 3285 impediri
2216 3224 2441 3286 queant.
2481 3218 2612 3284 Quae
2638 3234 2767 3274 vero
2797 3219 2851 3274 in
2884 3228 3153 3291 potestate
3181 3231 3370 3279 nostra
3394 3240 3504 3281 non

1932 3316 2084 3372 sunt,
2115 3325 2178 3363 ea
2220 3310 2434 3364 inlirma
2480 3319 2630 3378 sunt,
2677 3312 2911 3367 obnoxia
2957 3314 3227 3376 servituti.
3261 3316 3505 3388 nihilque

1931 3398 2000 3453 ad
2025 3414 2126 3454 nos
2152 3401 2404 3467 attinent,
2432 3402 2500 3457 ad
2531 3418 2732 3474 corpus
2760 3405 3090 3475 pertinentia
3117 3413 3173 3461 et
3203 3422 3292 3463 res
3321 3396 3503 3463 exter-

1929 3506 2050 3553 nas,
2089 3493 2270 3548 animo
2300 3501 2356 3549 ct
2402 3497 2615 3550 ratione
2645 3496 2927 3563 destituta,
2962 3507 3124 3567 atque
3172 3500 3395 3554 omnino
3418 3501 3502 3555 di-

1928 3599 2143 3640 versam
2182 3601 2213 3640 a
2244 3595 2440 3642 natura
2469 3588 2722 3645 animalis
2763 3590 2972 3644 ratione
3002 3592 3218 3661 prazditi
3247 3599 3499 3650 naturam

1934 3675 2207 3735 habentia.
2245 3677 2305 3733 In
2337 3680 2417 3736 eis
2443 3695 2575 3735 vero
2600 3697 2723 3751 quae
2749 3690 2878 3737 sunt
2913 3683 2966 3736 in
2994 3691 3261 3753 potestate
3287 3692 3498 3751 nostra,

1928 3767 1995 3821 ad
2038 3770 2357 3824 alterutram
2389 3779 2596 3842 partem
2629 3772 3069 3841 propensionem,
3099 3774 3185 3828 vel
3229 3789 3352 3829 cum
3380 3776 3497 3830 vir-

1927 3868 2060 3923 tute.
2111 3862 2195 3916 vel
2233 3876 2357 3917 cum
2388 3862 2521 3917 vitio
2572 3862 2941 3931 coniunctam,
2983 3863 3040 3918 in
3085 3864 3350 3922 electione
3397 3880 3497 3923 sua

1926 3953 2306 4022 unusquisque
2326 3954 2559 4023 positam
2590 3951 2772 4007 habet.
2806 3951 2980 4008 Porro
3023 3962 3201 4011 autem
3234 3956 3497 4012 Dominus

244 4056 295 4100 et
322 4055 523 4102 rector.
559 4047 807 4101 omnium
850 4057 997 4103 recta
1027 4048 1243 4101 ratione
1291 4044 1506 4115 singula
1572 4044 1846 4115 transigit,
1888 4061 1985 4116 per
2052 4046 2367 4101 universam
2413 4061 2729 4102 commeans
2770 4053 3044 4102 naturam.
3075 4046 3234 4104 Hunc
3276 4051 3496 4107 assidue

243 4139 482 4208 sequitur
518 4136 796 4202 Nemesis,
830 4153 1018 4193 eorum
1086 4137 1178 4208 qui
1222 4151 1250 4190 a
1295 4135 1480 4189 divina
1541 4135 1659 4205 lege
1710 4134 2071 4190 discesserint
2108 4135 2328 4190 vindex.
2361 4135 2444 4190 Ad
2480 4136 2749 4207 agendum
2801 4145 2978 4191 autem
3020 4136 3165 4206 quod
3229 4136 3493 4208 feramur,

243 4243 345 4284 non
380 4230 435 4284 in
464 4228 662 4286 Parcis
697 4226 873 4284 fatove
917 4236 971 4284 et
1014 4228 1348 4284 necessitate
1378 4234 1462 4282 est
1491 4227 1672 4296 culpa,
1717 4225 1813 4281 sed
1851 4226 2010 4299 culpa
2035 4235 2120 4284 est
2149 4227 2204 4282 in
2236 4227 2505 4299 eligente;
2538 4227 2682 4284 Deus
2710 4229 2860 4283 omni
2894 4228 3055 4298 culpa
3088 4238 3266 4286 vacat.

744 4340 1138 4394 ΚΕΦΑΛΑΙΟΝ
1169 4340 1310 4394 MH'.

2439 4339 2670 4397 CAPUT
2709 4340 2942 4398 XLVIII.

305 4454 367 4507 Εί
397 4454 464 4525 δὴ
496 4453 820 4526 θρασύνοιτό
847 4471 951 4518 τις,
982 4452 1090 4506 τῶν
1117 4454 1202 4522 ἐφ’
1236 4454 1365 4524 ἡμῖν
1386 4452 1509 4524 ἄρτι
1537 4448 1814 4521 πολεμῶν,

1991 4451 2146 4519 Quod
2176 4453 2219 4508 si
2257 4452 2423 4523 igitur
2452 4453 2651 4524 aliquis
2678 4453 2905 4508 nimium
2937 4455 3195 4511 audacter
3222 4470 3282 4510 se
3310 4465 3486 4527 gerat,

242 4544 313 4618 μὴ
363 4545 897 4618 παρακαλυπτέσθω.
958 4537 1127 4607 Οὗτος
1191 4544 1458 4614 ἀθεότητα
1514 4540 1815 4611 ἀναφανδὸν

237 4636 629 4709 ὲξαγορευέτω,
681 4637 755 4708 μὴ
803 4636 1077 4709 πρόνοιαν,
1108 4635 1182 4707 μὴ
1218 4635 1372 4701 Θεὸν,
1408 4633 1542 4706 μηδέ
1579 4651 1633 4687 τι
1664 4632 1813 4701 ἄλλο,

304 4792 415 4873 (25)
440 4793 670 4873 Αίτίιξν.
693 4791 888 4873 Τῇςᾼτ.
925 4792 1070 4873 Θεοῦ
1094 4806 1267 4860 aper.
1287 4809 1345 4873 Δτ.
1368 4804 1432 4873 at.
1452 4791 1808 4873 xpatgﬁang,

237 4861 410 4928 θείοις
456 4873 571 4917 etc.
602 4861 677 4914 Ita
716 4863 1156 4932 distinguendum
1208 4863 1537 4931 putavimus.
1591 4861 1722 4932 Nam
1756 4863 1810 4916 in
1861 4909 1867 4916 .

235 4932 392 5053 cedittis
420 4941 543 4988 erat
576 4930 971 5002 αίτίαν,τῆς’τ.
1008 4931 1071 4984 Θ.
1111 4930 1268 5003 προν.
1304 4948 1354 4986 τ.
1391 4949 1453 4985 π.
1479 4930 1805 5003 κρατούσης.

278 5019 302 5053 ε
326 5018 406 5053 ou:
432 5012 548 5053 etc.

278 5012 406 5056 είοις
432 5012 548 5056 etc.

302 5020 412 5142 (ᾗ
432 5020 614 5126 {Igitr}
641 5071 993 5142 προαίρεσίν
1019 5068 1477 5142 τεηκαὶλπρᾶξιν.
1511 5068 1669 5142 Prior
1691 5068 1809 5142 edi-

235 5138 318 5213 ιίο
339 5138 404 5196 ut
430 5153 486 5197 et
516 5157 623 5195 ms.
660 5138 934 5213 Βεεζκαὶ
966 5140 1164 5212 πρᾶξιν
1215 5138 1305 5195 hic
1353 5142 1570 5194 habent.
1619 5138 1685 5191 Et
1732 5140 1807 5194 ita

236 5209 501 5289 interpres
542 5213 599 5265 in
634 5209 968 5266 suo'codice
1013 5209 1562 5289 repererat,_vertens
1588 5224 1704 5289 qua:
1740 5223 1806 5263 ea:

233 5279 498 5337 electione
535 5290 773 5350 actuque
825 5279 1167 5350 proveniunt.
1199 5280 1283 5350 At,
1307 5279 1375 5335 de
1422 5279 1805 5350 emendatione

233 5360 415 5406 nostra
432 5352 585 5431 _(qua
614 5348 903 5431 ’ὄρεξιςςῂι
937 5352 1121 5431 locum
1152 5348 1400 5431 πράξεως
1429 5348 1802 5431 substituitur)

234 5434 387 5476 nemo
412 5420 821 5492 (IleUlNLQIII
853 5420 1155 5491 Epictetum
1188 5420 1793 5492 ejusquecommenta-

233 5496 402 5568 torem
430 5487 777 5568 Simplicium
816 5487 915 5546 vel'
943 5507 971 5545 a
1018 5487 1492 5568 limine’iuspexit.
1523 5488 1797 5568 llotsa'siv.

299 5562 405 5616 Sed
446 5577 554 5627 ego
594 5564 683 5630 qui
715 5571 1007 5631 utrumque
1040 5562 1275 5631 inspexi,
1309 5561 1377 5614 de
1419 5561 1800 5631 emendatione

232 5635 408 5685 tamen
458 5631 813 5686 Holsteniana
842 5629 1054 5688 dubito.
1083 5629 1448 5699 Praeterquam
1478 5629 1621 5683 enim
1650 5629 1799 5698 quod

232 5703 553 5773 προαίρεσις
594 5710 646 5773 et
682 5703 880 5773 πρᾶξις
925 5702 1303 5773 ιοὴεθγοριὶιιδ
1338 5699 1443 5754 sibi
1479 5707 1667 5773 mutuo
1698 5715 1796 5773 _re-

232 5768 560 5833 attondeant.
588 5770 701 5830 ipse
725 5768 1002 5837 Epictetus
1026 5768 1113 5837 ἐφ’
1141 5768 1268 5838 ἡμῖν
1293 5786 1414 5828 esse
1445 5769 1517 5824 ait
1544 5770 1624 5823 ἐνὶ
1651 5768 1795 5841 λόγῳ

1920 4546 1977 4600 in
2008 4552 2279 4616 potestate
2311 4555 2500 4599 nostra
2537 4561 2658 4616 quae
2691 4554 2820 4601 sunt
2857 4548 3207 4618 impugnans,
3237 4563 3365 4603 eum
3409 4550 3489 4603 la-

1916 4643 2031 4692 tere
2061 4650 2173 4690 non
2214 4635 2488 4705 patiamur
2520 4637 2772 4692 ulterius.
2823 4636 2936 4692 lmo
2980 4637 3312 4709 impietatem
3361 4640 3486 4697 talis

1910 4784 2012 4857 δσα
2037 4784 2279 4857 ἡμέτερα
2312 4784 2532 4838 ἘΡΓΑ.
2562 4783 2735 4854 Igitur
2763 4784 2960 4857 πρᾶξιν
2986 4786 3093 4841 ﬁde
3122 4787 3365 4842 omnium
3388 4804 3484 4844 co-

1910 4856 2092 4910 dicum
2126 4855 2212 4907 hic
2249 4857 2481 4909 retinere
2511 4871 2620 4909 non
2655 4855 2862 4909 dubito.

1984 4923 2222 5006 (2$)__j4
2273 4925 2371 4978 καὶ
2422 4926 2602 5006 φύσει
2646 4926 2952 5006 ρςλειξθερα.
2980 4925 3129 5006 Ilaec
3177 4928 3363 5006 itidem
3417 4945 3481 5006 ex

1911 4993 2139 5065 Epicteti
2156 4995 2490 5065 [deprompta
2523 4994 2829 5048 Enchiridio
2858 4993 3015 5060 sunt,
3049 4997 3192 5065 quod
3219 4999 3339 5052 vide
3359 4998 3479 5054 ε.2.

1979 5064 2093 5134 (26)
2120 5065 2411 5138 Περαίνει.
2439 5064 2603 5138 lta_e1_r
2632 5064 3340 5138 conjecturahres’tituebam
3383 5085 3482 5138 pro

1908 5133 2165 5208 παραινεί
2187 5135 2332 5208 quod
2382 5135 2436 5208 in
2468 5133 2629 5189 editis
2656 5142 2774 5188 erat
2807 5135 3081 5208 omnibus.
3114 5137 3178 5189 Et
3209 5150 3357 5193 certe
3383 5133 3482 5195 ve.-

1906 5205 2023 5276 ram
2073 5206 2361 5276 lectionem
2420 5205 2700 5276 invenerat
2730 5208 2889 5276 etiam
2931 5206 2992 5276 in
3043 5208 3159 5263 suis
3189 5208 3478 5276 Acciolus;

1907 5273 1980 5327 ita
1999 5275 2142 5330 enim
2158 5274 2398 5330 vertebat
2417 5293 2431 5328 :
2458 5274 2593 5328 Deus
2609 5290 2765 5343 porro
2785 5275 3040 5329 Dominus
3056 5294 3227 5329 rerum
3244 5273 3478 5333 omnium

1904 5346 2261 5417 princepsque,
2294 5345 2664 5417 recta_r_ation_e
2695 5345 2904 5414 singula
2933 5348 3199 5417 transigit.
3231 5347 3386 5413 Quod
3421 5356 3477 5402 et

1906 5430 2006 5469 nos
2052 5413 2403 5484 retinuimus.
2426 5413 2498 5465 Τὸ
2527 5413 2723 5477 ὲνθέως
2769 5413 3061 5484 apponitur
3091 5413 3259 5473 caecis
3295 5416 3476 5475 fatalis

1903 5487 2250 5539 necessitatis
2280 5483 2539 5537 motibus.

1974 5554 2086 5625 (27)
2118 5555 2304 5609 Αὶτία.
2334 5552 2532 5625 Vocem
2573 5567 2693 5625 qua:
2742 5555 3094 5610 librariorum
3144 5557 3278 5612 vitio
3326 5557 3473 5613 exci-

1902 5624 2078 5688 derat,
2110 5626 2409 5698 oscitanter
2456 5624 2571 5678 haec
2627 5624 3079 5698 describentium,
3124 5636 3311 5698 atque,
3342 5641 3474 5685 voce

1902 5698 1986 5752 bis
2013 5697 2236 5771 repetita
2287 5693 2650 5760 turbatorum,
2674 5697 2924 5769 restitui,
2955 5713 3064 5755 non
3091 5698 3148 5754 itt
3176 5693 3391 5771 gratiis,
3412 5702 3470 5754 ttt

1901 5761 2140 5831 conﬁdo,
2180 5761 2478 5821 Musarum.
