4054 6408
339 337 429 396 sss
1400 339 1488 394 DE
1527 338 1741 397 CUBIS
1778 340 2064 396 meucls
2103 341 2392 420 EUSEBII.
2745 303 2750 308 ’
3475 355 3581 412 sm

347 543 1474 572 natm:

412 544 1862 566 mw
1949 554 2888 566 ”———————--——-————_

1480 559 1706 576 ~—-—.’
1656 559 1665 560 ί
1672 559 1843 577 ίέ--
1849 559 2497 579 _———~——_'————__—
2479 559 3567 587 ._..—-——-_—____—-—-——-—————n___
3120 575 3279 584 __._..
3286 575 3347 586 ,,,
3360 574 3390 587 _

647 799 1706 1019 EUSEBII
1865 743 3193 1033 PAMPHILI

1201 1259 2008 1356 CAESARIENSIS
2086 1267 2638 1362 EPISCOPI

395 1565 1181 1728 OPERUM
1283 1569 2047 1730 OMNIUM
2144 1575 2630 1735 PARS
2746 1580 3457 1740 TERTIA

1524 2068 2334 2187 EXEGETICA

1279 2424 1396 2485 DE
1439 2425 1680 2487 CURIS
1723 2425 2096 2488 BIBLICIS
2139 2425 2505 2488 EUSEBII.

930 2637 1152 2703 (Angela
1173 2636 1289 2697 MAI,
1320 2633 1612 2686 Bibliotheca
1637 2647 1758 2686 nova
1787 2637 2010 2697 Patrum,
2035 2641 2068 2685 t.
2097 2635 2176 2697 IV,
2203 2649 2252 2698 p.
2276 2635 2352 2684 66.
2401 2637 2568 2688 Roma
2593 2639 2732 2700 1847,
2758 2638 2904 2704 in-l.)

339 2994 481 3052 Dum
538 2993 770 3049 Eusebii
800 2991 1026 3062 reliquis
1051 2989 1240 3046 sedulo
1266 2989 1586 3068 colligendis
1618 3006 1807 3046 curam
1840 2993 2235 3064 impcnderem,
2265 2993 2378 3048 ﬁeri
2409 3007 2518 3048 non
2550 3001 2764 3064 poterat
2804 2999 2934 3066 quin
2967 2997 3033 3055 ad
3063 2998 3306 3056 codicem
3333 3017 3555 3076 quoque

262 3091 410 3148 illum
445 3091 728 3160 insignem
766 3087 1093 3157 respicerem
1120 3086 1249 3140 olim
1281 3086 1335 3139 in
1369 3083 1542 3140 Gallia
1574 3085 2090 3152 Claromontanum,
2124 3104 2272 3143 nunc
2296 3087 2644 3152 Vaticanum,
2671 3091 2966 3161 prophetas
2997 3108 3208 3160 Omnes,
3234 3113 3357 3151 cum
3387 3097 3553 3154 Pam-

260 3187 389 3258 phili
425 3184 772 3254 Ensebiique
801 3182 1140 3246 recensione,
1178 3182 1579 3247 continentem;
1606 3182 1673 3236 de
1705 3199 1816 3254 quo
1843 3185 1973 3238 olim
2009 3184 2293 3239 Curterius
2323 3184 2377 3238 in
2413 3184 2735 3254 przel'atione
2766 3186 2832 3240 ad
2861 3185 3187 3258 Proc0pium
3219 3191 3272 3245 in
3310 3192 3548 3258 Esaiam,

256 3290 308 3335 et
330 3280 533 3336 deinde
563 3278 804 3350 peritius
846 3274 1288 3330 Montl'aucunius
1318 3275 1371 3328 in
1407 3271 1593 3327 Grazca
1623 3274 2042 3346 palwographia,
2073 3292 2128 3346 p.
2170 3275 2275 3328 224
2307 3291 2485 3345 seqq.,
2517 3277 2730 3333 locutus
2760 3285 2864 3332 est.
2903 3278 2952 3332 Is
2992 3281 3185 3343 codex,
3223 3285 3412 3339 nescio
3442 3301 3553 3356 quo

255 3390 436 3428 rerum
463 3381 703 3433 eventu,
733 3388 876 3425 anno
922 3370 1060 3426 1785
1100 3369 1327 3424 Romam
1373 3369 1606 3430 delatus,
1644 3371 1830 3440 palatii
1867 3371 2150 3440 apostolici
2185 3373 2452 3442 impensa.
2487 3374 2718 3427 scutatis
2762 3376 3001 3431 nunnnis
3033 3381 3290 3434 trecentis
3334 3389 3553 3451 emptus

255 3467 376 3530 fuit,
424 3477 482 3522 et
525 3465 882 3521 bibliotheca:
908 3463 1185 3517 Vaticanm
1231 3462 1503 3524 addictus,
1556 3461 1969 3515 bibliothecario
2017 3462 2170 3516 card.
2208 3461 2427 3525 Zelada,
2459 3463 2717 3533 prmfctrto
2749 3463 2986 3536 Josepho
3027 3468 3215 3538 Regio,
3253 3479 3310 3524 ut
3353 3473 3406 3526 in
3452 3491 3551 3528 au-

252 3561 498 3615 thentica
531 3558 872 3615 venditionis
924 3555 1232 3626 syngrapha
1269 3554 1484 3622 legitur.
1525 3551 1739 3618 Quanta
1787 3554 1858 3608 sit
1895 3554 2106 3608 codicis
2145 3556 2500 3625 calligraphia
2540 3566 2595 3610 et
2629 3559 2951 3627 antiquitas,
2976 3560 3306 3629 judicabunt
3349 3565 3549 3621 eruditi

250 3668 312 3708 es
343 3653 666 3726 specimine
727 3632 1067 3711 fidelissimi,
1116 3646 1262 3717 quod
1295 3646 1444 3716 ligno
1464 3661 1729 3700 excusum
1785 3646 1875 3700 hic
1911 3649 2257 3716 apponimus.
2291 3647 2424 3700 Nam
2477 3647 2571 3703 fol.
2619 3649 2688 3704 84
2729 3661 2855 3705 ante
2904 3651 3116 3708 Esaiam
3156 3656 3362 3720 Graece,
3398 3669 3456 3712 ut
3491 3659 3548 3715 in

251 3754 442 3800 nostro
472 3760 620 3800 cuso
652 3743 954 3814 specimine
989 3741 1308 3797 scribuntur
1335 3755 1420 3803 ea,
1460 3755 1581 3809 quia
1619 3738 1811 3794 Latine
1842 3740 1921 3795 sic
1953 3739 2189 3794 habent:
2230 3740 2546 3810 Desumptus
2570 3742 2672 3811 fuit
2704 3742 2900 3798 Esaias
2938 3748 3000 3798 ab
3036 3751 3327 3816 exemplari
3362 3751 3548 3807 Patris

244 3842 582 3912 Apollinarii
619 3837 1020 3902 ca’nobiarcha’,
1059 3838 1145 3890 cui
1175 3835 1284 3891 hate
1313 3847 1463 3889 erant
1493 3835 1815 3904 subjuncta:
1847 3834 2151 3903 desumptus
2183 3835 2284 3906 fuit
2319 3835 2511 3890 Esaias
2555 3853 2620 3890 ea:
2649 3839 2962 3894 editionibus
3002 3842 3396 3910 ltexaplaribus.
3421 3828 3550 3901 Gol-

246 3939 388 3992 latus
410 3949 492 3993 est
532 3947 718 3991 autem
747 3935 908 3990 etiam
934 3950 1052 3988 cum
1087 3933 1255 3986 altera
1282 3931 1562 4001 hexaplari
1596 3932 1770 3985 codice
1799 3931 1936 3984 hanc
1964 3931 2361 3985 adnotationem
2396 3932 2618 3986 habente
2649 3950 2666 3987 :
2706 3934 2997 3988 emendata:
3023 3936 3237 4005 fuerunt
3265 3939 3549 4010 diligenter

241 4047 447 4090 cuncta:
483 4035 787 4095 editiones;
826 4032 1015 4085 etenim
1066 4029 1277 4083 collata:
1318 4028 1462 4096 fuere
1492 4044 1610 4081 cum
1643 4026 1809 4080 Esaia
1841 4027 2140 4094 tetraplari,
2172 4044 2264 4080 nec
2293 4045 2396 4081 non
2431 4045 2550 4080 cum
2595 4027 2890 4097 liexaplari.
2927 4029 3057 4082 Tum
3103 4033 3267 4084 etiam
3295 4032 3360 4086 ab
3390 4035 3548 4088 initio

240 4145 403 4199 usque
443 4130 524 4182 ad
561 4129 820 4182 visionem
847 4126 996 4196 Tyri,
1034 4125 1339 4179 accuratius
1374 4122 1544 4177 adhuc
1576 4123 1885 4177 emendatus
1919 4124 2043 4192 fuit.
2080 4123 2299 4191 Copiam
2337 4125 2479 4178 enim
2507 4123 2810 4191 habuimus,
2849 4141 3010 4195 usque
3045 4125 3114 4178 ad
3144 4113 3302 4196 ﬁnem
3325 4129 3544 4184 uisionis

242 4223 389 4296 Tyri,
427 4235 710 4278 tomorum
739 4224 791 4276 in
821 4221 1040 4277 Esaiam
1070 4221 1452 4292 exegeticorum
1487 4218 1728 4290 Origcnis
1759 4235 1777 4272 :
1808 4219 2090 4291 seduloque
2128 4221 2622 4283 animaduertentes,
2657 4239 2760 4291 quo
2785 4239 2941 4275 sensu
2975 4224 3064 4277 ille
3091 4225 3329 4292 singulas
3353 4225 3548 4280 dictio-

237 4335 324 4375 nes
351 4337 455 4389 pro
498 4318 712 4374 viribus
735 4317 1118 4386 explicavisset,
1165 4332 1370 4370 omnem
1415 4313 1812 4384 ambiguitatem
1855 4314 2140 4369 secundum
2190 4315 2336 4369 illius
2375 4327 2599 4369 mentem
2631 4318 2978 4370 correximus.
3015 4317 3283 4372 Prwterea
3326 4335 3544 4388 compa-

234 4419 447 4472 ratione
480 4417 743 4472 instituta
768 4431 884 4468 cum
917 4411 1262 4483 Septuaginta
1298 4411 1531 4466 virorum
1574 4411 1820 4473 editione.
1851 4421 1901 4465 et
1942 4428 2058 4465 cum
2089 4411 2361 4464 adnotatis
2392 4411 2458 4465 ab
2501 4411 2728 4466 Eusebio
2753 4412 2821 4466 ad
2854 4412 3096 4472 Esaiam.
3127 4415 3182 4468 in
3217 4413 3545 4469 dissonanti-

235 4512 328 4566 bus
363 4514 502 4567 locis
539 4526 763 4565 sensum
814 4509 996 4562 rimati
1037 4525 1240 4570 sumus,
1281 4516 1436 4578 atque
1465 4507 1534 4560 ad
1565 4507 1710 4560 illius
1759 4524 2000 4561 normam
2052 4507 2473 4561 emendationem
2505 4511 2824 4563 curavimus.
2885 4509 3023 4564 Tum
3072 4511 3166 4565 fol.
3214 4511 3322 4566 280
3354 4513 3386 4566 ι)
3416 4520 3544 4566 ante

230 4607 595 4664 Ezechielcm
632 4606 831 4676 legitur
855 4603 1060 4666 Grmce,
1091 4613 1149 4657 ut
1185 4604 1387 4673 pariter
1422 4605 1474 4656 in
1506 4611 1694 4657 nostro
1718 4603 2036 4673 specimine,
2081 4603 2225 4674 quod
2260 4603 2452 4657 Latine
2479 4604 2557 4658 sic
2594 4603 3038 4673 interpretamur.
3076 4605 3397 4676 Desumptus
3440 4607 3543 4676 fuit

228 4703 547 4770 (Ezechiel)
586 4703 657 4754 ab
703 4699 994 4767 exemplari
1039 4697 1219 4752 Patris
1248 4698 1569 4766 Apollinarii
1609 4699 2020 4763 caenobiarclue,
2072 4701 2127 4753 in
2157 4716 2258 4769 quo
2287 4698 2399 4754 hate
2445 4709 2598 4754 erant
2635 4700 2958 4770 subjuncta:
3001 4703 3304 4771 desumptus
3336 4703 3544 4771 [uitet

221 4795 568 4850 editionibus
597 4791 1000 4862 hexaplaribus,
1049 4790 1457 4860 emendatusque
1492 4789 1560 4844 ad
1615 4789 1847 4859 ejusdem
1886 4791 2127 4861 Origenis
2157 4791 2404 4862 tetrapla,
2437 4809 2554 4863 qua:
2607 4809 2766 4846 manu
2804 4793 2969 4862 ipsius
3011 4794 3286 4848 emendata
3330 4795 3542 4864 fuerant

221 4902 268 4943 et
300 4891 537 4946 scholiis
572 4891 830 4960 prwdita.
875 4886 1022 4941 Unde
1053 4903 1146 4958 ego
1176 4885 1435 4940 Eusebius
1469 4886 1674 4939 scholia
1698 4886 1900 4942 addidi.
1938 4887 2245 4956 Pamphilus
2276 4897 2327 4942 et
2362 4885 2621 4942 Eusebius
2654 4891 3077 4944 emendaverunt.
3543 4959 3567 4996 ν

289 5029 470 5087 Vides
506 5008 772 5085 codiceni
820 5027 1025 5098 adepol
1059 5028 1594 5098 praestantissimum.
1630 5027 1794 5082 Vides
1819 5028 2039 5082 Eusebii
2070 5044 2196 5099 erga
2231 5029 2448 5085 divinos
2474 5030 2641 5086 libros
2674 5031 2888 5091 merita,
2924 5039 2977 5085 et
3005 5046 3164 5100 quam
3199 5041 3347 5087 recte
3377 5033 3446 5088 de
3475 5051 3541 5090 eo

217 5119 617 5198 Hieronymus
654 5122 730 5177 De
763 5127 858 5177 uir.
896 5125 978 5178 ill.
1009 5138 1129 5194 cap.
1159 5124 1223 5178 81
1263 5124 1464 5179 dixerit
1491 5144 1502 5178 :
1535 5124 1790 5177 Eusebius
1821 5122 2083 5177 Cwsarea:
2111 5122 2420 5180 Pala'stina:
2459 5127 2733 5196 episcopus
2766 5128 2819 5179 in
2855 5128 3147 5194 Scripturis
3195 5128 3385 5183 divinis
3425 5140 3540 5184 stu-

214 5225 608 5284 diosissimus,
647 5230 698 5274 et
732 5220 1054 5276 bibliotheca:
1079 5221 1291 5286 divinae,
1337 5237 1454 5274 cum
1489 5220 1770 5289 Pamphilo
1812 5229 2071 5289 martyre,
2105 5220 2542 5290 diligentissimus
2579 5223 2977 5292 pervestigator.
3025 5221 3230 5278 Revera
3266 5209 3554 5282 Constans

211 5320 369 5375 tinus
398 5321 527 5392 ipse
577 5319 885 5386 imperator
925 5315 1065 5388 (Vit.
1097 5317 1192 5370 lib.
1233 5333 1306 5379 tv,
1339 5317 1430 5379 56,
1463 5316 1552 5386 57)
1587 5314 1827 5370 Eusebio
1865 5329 2068 5368 munus
2098 5313 2361 5383 imposuit
2392 5314 2848 5384 praestantissima
2881 5313 2980 5368 SS.
3017 5315 3318 5369 Bibliorum
3354 5333 3570 5392 exem-r

213 5416 393 5484 plaria
418 5387 850 5485 auinquaginta
901 5412 1250 5476 conﬁciendi,
1289 5428 1412 5482 qua:
1441 5411 1678 5466 diversis
1718 5409 1980 5464 Ecclesiis
2009 5410 2303 5464 distributa
2339 5409 2582 5465 fuerunt.
2615 5408 2736 5462 Jam
2780 5410 2825 5465 si
2857 5411 3065 5466 codicis
3103 5413 3404 5481 pleniorem
3439 5387 3570 5467 ηοε-ι

209 5511 394 5566 titiam
431 5519 638 5581 optas,
669 5524 790 5563 eam
824 5509 1065 5564 breviter
1111 5510 1189 5564 sic
1221 5510 1526 5564 trademus.
1557 5507 1678 5563 Fol.
1730 5508 1837 5570 1-5,
1871 5506 2009 5562 Vita:
2051 5507 2243 5561 breves
2271 5507 2658 5577 prophetarum
2685 5515 2909 5561 auctore
2937 5508 3256 5560 nominatim
3278 5507 3536 5571 Eusebio,

209 5617 351 5672 quas
383 5602 710 5658 Curterius
747 5602 937 5656 edidit.
983 5601 1102 5658 Fol.
1129 5602 1284 5665 5-H,
1316 5601 1514 5657 Obitus
1543 5609 1597 5656 et
1619 5603 1915 5671 sepultura:
1947 5603 2360 5671 prophetarum,
2389 5601 2508 5654 sine
2551 5599 2795 5655 auctoris
2825 5603 3066 5666 nomine,
3103 5602 3170 5656 de
3203 5603 3403 5672 quibus
3433 5615 3536 5670 p0-

210 5703 329 5752 stea
367 5699 680 5754 dicemus.
708 5694 824 5750 Fol.
853 5695 1044 5759 12-83,
1074 5695 1355 5765 Prophetas
1378 5696 1620 5751 minores
1647 5695 1959 5750 duodecim.
1992 5692 2110 5748 Ful.
2143 5692 2232 5748 84.
2267 5692 2358 5746 Illa
2395 5693 2681 5764 inscriptio
2716 5701 2840 5748 ante
2862 5692 3076 5749 Esaiam
3110 5710 3231 5766 qua:
3261 5695 3315 5748 in
3347 5701 3538 5748 nostro

209 5792 534 5848 soecimine
594 5787 780 5849 prima
810 5796 914 5844 est.
956 5786 1220 5843 Praecedit
1266 5788 1376 5844 illic
1404 5787 1598 5843 notitia
1637 5788 1702 5844 de
1735 5786 1915 5855 Esaia,
1955 5787 2186 5858 ejusque
2219 5785 2464 5858 parentis
2513 5787 2700 5844 Δηιοεὶ
2741 5787 2982 5856 nomine,
3020 5795 3075 5842 et
3118 5797 3360 5858 tempore
3399 5783 3539 5840 vati-
