4100 6474
530 360 624 425 871
1222 354 1496 414 EUSEBII
1529 348 2002 410 CESARIENSIS
2038 349 2189 407 OPP.
2228 347 2411 404 PARS
2444 347 2623 405 HL—
2658 346 3062 405 EXEGETICA.
3692 346 3803 407 873

530 478 681 534 cinii.
709 475 824 532 Fol.
875 474 1091 542 85466,
1117 472 1331 531 Esaias.
1360 472 1479 528 Fol.
1511 471 1770 538 168-280,
1795 470 2116 534 Hieremias,
2167 468 2402 535 Baruch,
2435 467 2659 524 Threni.
2688 467 2805 524 Fol.
2852 467 2963 523 280
2998 467 3036 524 b
3083 474 3168 523 est
3218 466 3505 537 inscriptio
3549 477 3803 521 secunda

530 570 704 626 nostri
733 570 1070 639 speciminis,
1102 569 1385 639 pertinens
1416 567 1485 621 ad
1508 565 1866 621 Ezechielem.
1908 562 2027 618 Fol.
2062 560 2325 618 281—576.
2362 561 2633 616 Ezechiel.
2663 560 2781 615 Fol.
2810 560 3070 627 577—612,
3115 559 3167 614 id
3197 567 3283 615 est
3322 574 3499 629 usque
3523 557 3593 612 ad
3625 559 3795 612 linem

531 664 757 729 codicis,
784 662 1030 729 Danihel,
1059 664 1115 718 in
1137 678 1248 734 quo
1274 663 1510 736 hymnus
1543 677 1760 733 quoque
1785 661 1952 715 trium
1978 674 2269 730 puerorum
2307 659 2566 713 scribitur
2595 656 2634 713 f.
2661 658 2803 725 590;
2835 666 2889 712 et
2922 656 3099 719 initio,
3136 657 3189 711 id
3219 664 3304 712 est
3333 657 3427 711 fol.
3458 656 3588 720 581,
3624 658 3805 711 histo—

531 754 614 809 ria
646 753 929 811 Susannae.
967 754 1171 812 Textus
1215 755 1460 810 omnium
1501 754 1889 826 prophetarum
1919 752 2304 824 integerrimus
2333 758 2435 806 est.
2460 749 2623 805 Juxta
2655 759 2766 804 tam
2800 751 3162 805 venerabilem
3200 751 3526 822 antiquitate
3558 750 3808 807 criticiS.

530 862 638 916 quc
685 848 886 918 regulis
927 854 1157 912 textum,
1197 854 1416 904 exstant
1448 848 1504 900 in
1548 846 1793 915 margine
1821 845 2064 915 antiquis
2095 859 2249 914 aeque
2283 843 2536 898 litterulis
2569 843 2786 912 scripta:
2818 843 3080 898 lectiones
3111 844 3275 898 variae
3300 844 3620 915 hexaplares
3650 840 3804 897 LXX

528 936 809 1005 Virorum,
844 944 1071 1013 Aquilae,
1110 941 1446 1014 Symmachi,
1479 939 1889 1004 Theodotionis,
1922 949 1974 995 et
2002 941 2234 995 aliorum
2267 939 2493 1008 aliquot,
2526 944 2655 1008 puta
2694 935 2968 1007 Origenis.
3002 936 3129 992 Haec
3175 937 3405 1001 scholia,
3454 936 3616 991 modo
3643 951 3799 995 rare-

531 1046 714 1102 scunt,
746 1040 907 1092 modo
946 1040 1092 1092 nulla
1117 1048 1266 1103 sunt,
1302 1038 1464 1092 modo
1491 1039 1625 1091 adeo
1654 1035 1960 1106 frequentia
1983 1043 2037 1090 et
2061 1036 2305 1105 copiosa,
2339 1041 2397 1087 ut
2426 1032 2659 1102 alicujus
2689 1032 3020 1102 quandoque
3048 1032 3366 1101 interpretis
3398 1033 3561 1085 latam
3594 1030 3805 1085 sectio-

528 1146 655 1187 nem
687 1133 1001 1188 habeamus.
1031 1133 1234 1188 Horum
1259 1149 1360 1188 nos
1392 1132 1727 1188 scholiorum
1754 1132 1861 1185 alio
1885 1140 2127 1200 tempore
2154 1131 2427 1199 specimen
2458 1143 2653 1183 cusum
2687 1127 3093 1182 exhibebimus.
3132 1125 3338 1181 Practer
3361 1142 3489 1182 vero
3521 1126 3636 1180 haec
3659 1132 3806 1179 Sane

529 1227 788 1297 pretiosa.
816 1228 921 1280 alia
954 1227 1159 1297 passim
1195 1226 1469 1296 margines
1497 1226 1737 1280 obruunt
1761 1223 1968 1279 scholia
2003 1223 2332 1284 recentiora,
2368 1235 2599 1291 quorum
2641 1236 2789 1275 nunc
2824 1220 3051 1281 nullam,
3084 1226 3247 1289 atque
3286 1219 3429 1273 haud
3463 1219 3580 1273 scio
3614 1232 3688 1270 an
3729 1232 3805 1270 ne

530 1329 715 1388 postea
755 1318 992 1388 quidem,
1024 1319 1289 1373 rationem
1327 1318 1684 1373 habebimus:
1716 1315 1879 1373 sicuti
1908 1330 1978 1370 ne
2020 1313 2266 1371 brevium
2307 1313 2527 1384 quidem
2561 1314 2932 1368 recentiorum
2967 1311 3096 1366 vitis
3144 1310 3478 1365 additionem
3511 1311 3567 1364 in
3599 1309 3801 1380 spatiis

525 1414 719 1471 vacuis
745 1414 868 1467 rudi
895 1428 1060 1467 manu
1081 1414 1456 1467 obtrusarum.

596 1575 739 1647 Ergo
773 1576 840 1630 ad
870 1574 1162 1630 Eusebium
1198 1558 1318 1644 quae
1344 1573 1638 1644 pertinent,
1674 1572 1742 1628 de
1782 1586 1891 1643 quo
1921 1585 2069 1627 nunc
2092 1571 2325 1642 agimus,
2362 1571 2466 1626 tria
2493 1572 2547 1626 in
2568 1571 2757 1626 codice
2783 1579 2911 1627 sunt
2936 1592 2948 1627 :
2979 1572 3031 1626 l.
3062 1570 3221 1627 Sacri
3251 1578 3432 1629 textus
3459 1573 3599 1628 facta
3624 1574 3695 1627 ab
3725 1588 3800 1629 eo

525 1683 651 1722 cum
681 1668 962 1738 Pamphilo
1001 1667 1329 1735 emendatio,
1361 1667 1419 1723 2.
1470 1666 1817 1723 Scholiorum
1863 1667 2118 1737 adjectio,
2145 1667 2200 1724 ὅ,
2246 1665 2643 1737 Prophetarum
2676 1669 2820 1723 Viue.
2848 1666 2916 1719 Et
2971 1667 3193 1721 tertium
3229 1668 3448 1737 quidem
3497 1667 3800 1724 Curterius

527 1761 683 1826 satis,
715 1768 772 1814 ut
794 1774 958 1829 supra
981 1760 1240 1825 diximus,
1293 1760 1528 1827 curavit,
1560 1761 1689 1816 vitis
1718 1761 1829 1817 illis
1868 1761 2258 1831 prophetarum
2307 1760 2563 1815 brevibus
2592 1760 2776 1815 editis.
2813 1758 3056 1813 Primum
3084 1774 3149 1813 ac
3196 1760 3496 1815 secundum
3526 1776 3557 1813 τι
3584 1776 3694 1827 me,
3733 1769 3801 1816 ut

524 1863 707 1921 spero,
735 1860 999 1922 quantum
1031 1867 1168 1922 opus
1212 1852 1337 1917 erit,
1371 1854 1740 1922 praestabitur,
1764 1868 1887 1908 cum
1945 1854 2089 1906 hunc
2114 1859 2320 1906 textum
2362 1853 2417 1907 in
2450 1854 2585 1907 meis
2615 1852 2830 1907 biblicis
2871 1852 3365 1917 lucubrationibus,
3399 1853 3483 1907 vel
3515 1851 3795 1924 integrum

523 1944 607 2000 vel
642 1954 897 1999 accurate
926 1947 1206 2010 collatum,
1249 1948 1587 2013 exscribam;
1625 1947 1834 2002 scholia
1889 1954 2092 2011 autem,
2122 1946 2207 1999 vel
2251 1946 2434 2015 potius
2466 1946 2788 2013 hcxaplares
2838 1945 3119 2009 lectiones,
3150 1953 3424 2014 quatenus
3468 1946 3663 2000 saltem
3706 1946 3803 1999 in-

524 2038 756 2108 cognitae
789 2038 968 2092 adhuc
1022 2038 1243 2106 fuerint,
1273 2055 1381 2094 non
1416 2041 1855 2110 praetermittam.
1908 2038 2045 2093 Nam
2089 2038 2530 2101 Montfauconius
2563 2038 2817 2110 (Hexapl.
2856 2047 2898 2095 t.
2929 2037 2991 2102 ll,
3021 2056 3075 2109 p.
3108 2039 3225 2110 87)‘
3256 2038 3532 2110 quatridui
3578 2047 3798 2095 tantum

522 2131 700 2199 spatio
726 2144 1049 2186 concessum
1083 2133 1188 2188 sibi
1232 2133 1437 2190 codicis
1472 2150 1632 2190 usum
1670 2132 1842 2191 fuisse
1885 2133 2079 2190 dolens
2107 2134 2203 2189 ait.
2235 2132 2365 2206 (Sed
2394 2141 2575 2190 tamen
2620 2133 2834 2189 Esaiam
2877 2133 3165 2189 Curtcrius
3210 2142 3369 2189 antea
3424 2135 3792 2203 contulerat.)

522 2217 707 2292 Itaque
734 2222 1058 2278 festinanter
1097 2224 1417 2296 trepideque
1453 2226 1524 2281 ob
1579 2227 1862 2297 angustias
1911 2226 2173 2296 temporis
2203 2226 2426 2280 nonnisi
2451 2242 2516 2280 ex
2554 2226 2730 2281 tribus
2765 2225 3069 2295 majoribus
3094 2225 3398 2297 prophetis,
3433 2227 3644 2283 omisso
3678 2226 3795 2281 Da-

519 2313 662 2367 niele
687 2321 740 2368 et
768 2315 1016 2385 reliquis,
1046 2316 1333 2371 lectionem
1362 2317 1737 2388 hexaplarium
1760 2319 2082 2373 varietatem
2108 2318 2401 2388 excerpsit.
2430 2316 2650 2373 Interim
2675 2334 2777 2375 nos
2804 2335 2914 2373 uno
2953 2320 3138 2374 oblato
3166 2320 3317 2386 folio,
3343 2334 3461 2375 rem
3498 2320 3797 2392 philologis

517 2404 917 2475 philocalisque
950 2416 1263 2478 pergratam
1290 2407 1469 2464 facere
1498 2409 1725 2465 scimus.

584 2573 704 2628 Jam
741 2591 866 2631 vero
897 2576 1023 2646 quia
1055 2576 1186 2645 dixi,
1217 2586 1343 2634 ante
1391 2578 1607 2636 Esaiam
1656 2583 1711 2637 in
1742 2583 1932 2640 codice
1978 2586 2263 2658 prologum
2293 2586 2580 2657 quemdam
2632 2601 2773 2645 esse.
2806 2584 2853 2640 is
2886 2584 2960 2638 ita
2995 2600 3055 2640 sc
3075 2585 3272 2640 habet:
3310 2585 3539 2656 Ὄρασις
3583 2583 3649 2655 ἢν
3679 2582 3795 2640 ἴδεν

526 2665 755 2732 Ἡσαΐας
786 2670 899 2733 υἱὸς
943 2669 1139 2740 Ἀμώς.
1170 2672 1393 2745 Οἱηθεῖη
1426 2675 1524 2745 μὲν
1556 2677 1621 2730 ἄν
1644 2694 1729 2741 τις
1758 2678 1847 2730 τὸν
1893 2678 2073 2750 Ἀμὼς
2092 2679 2303 2745 τοῦτον,
2338 2682 2455 2751 ἤτοι
2488 2678 2776 2751 ὁμώνυμον
2806 2676 2943 2733 εἶναι
2977 2678 3072 2732 τοῦ
3120 2681 3176 2731 ὲν
3223 2682 3333 2742 τοῖς
3360 2677 3589 2742 δώδεκα,
3630 2678 3665 2749 ἢ
3695 2679 3796 2733 τὸν

514 2758 676 2813 αὐτὸν
709 2763 942 2815 ἐκεῖνον·
970 2764 1076 2835 χρὴ
1103 2764 1161 2817 δὲ
1181 2765 1397 2833 εἰδέναι,
1431 2769 1511 2822 ὅτι
1542 2772 1570 2824 6
1607 2772 1704 2842 μὲν
1741 2772 1921 2845 πατὴρ
1960 2775 2201 2839 Ἡσαΐου,
2236 2778 2365 2847 παρ’
2397 2778 2525 2847 ἡμῖν
2553 2775 2858 2828 τελευταῖον
2891 2778 3059 2847 σῖγμα
3082 2774 3214 2846 ἔχει,
3247 2773 3309 2827 τὸ
3338 2776 3468 2845 παρ’
3514 2772 3797 2845 Ἑϐραίοις

512 2849 842 2922 καλούμενον
866 2854 978 2919 σὲν,
1002 2856 1138 2929 ὅπερ
1160 2859 1323 2912 οἱονεὶ
1339 2859 1471 2914 δασύ
1499 2864 1615 2916 ἐστι
1644 2867 1837 2937 σῖγμα·
1864 2869 1892 2920 ὁ
1916 2867 1972 2921 δὲ
2012 2870 2069 2921 ὲν
2108 2872 2218 2933 τοῖς
2245 2868 2470 2933 δώδεκα,
2500 2870 2655 2940 λήγει
2683 2872 2764 2935 εἰς
2787 2868 3096 2924 τελευταῖον
3133 2871 3390 2940 στοιχεῖον
3418 2868 3481 2922 τὸ
3518 2866 3792 2940 καλούμε-

511 2957 600 3035 νον
640 2943 793 3014 σαδὴ,
816 2945 951 3018 ὅπερ
987 2948 1147 3001 οἱονεὶ
1181 2949 1501 3022 φιλούμενόν
1536 2956 1652 3009 ἐστι
1698 2960 1868 3029 σῖγμα
1904 2959 2002 3030 (a)°
2040 2960 2220 3031 ἔχουσι
2257 2962 2313 3014 δὲ
2351 2962 2589 3033 Ἑϐραῖοι
2623 2963 2717 3017 καὶ
2750 2962 2954 3035 τρίτον,
2987 2962 3141 3035 παρὰ
3162 2962 3232 3016 τὰ
3266 2962 3358 3016 δύο
3384 2961 3579 3027 ταῦτα,
3619 2964 3795 3032 σῖγμα

508 3033 570 3087 τὸ
596 3035 927 3108 καλούμενον
952 3040 1191 3111 σαμχὰθ,
1219 3043 1355 3114 ὅπερ
1391 3045 1503 3099 ἴσον
1534 3046 1754 3101 δύναται
1784 3048 1859 3121 τῷ
1893 3054 2067 3105 εἰπεῖν
2104 3055 2292 3124 σῖγμα.
2323 3085 2394 3094 —
2423 3054 2665 3126 Ἤρξατο
2691 3055 2791 3126 μὲν
2825 3057 2882 3109 ὲν
2930 3055 3177 3128 βασιλείᾳ
3210 3056 3383 3121 Ὀςίου
3420 3053 3793 3127 προφητεύειν

507 3126 537 3221 ἦ
577 3126 820 3221 Ἡσαΐας,
844 3132 937 3184 καὶ
962 3135 1278 3204 παρατείνει
1310 3137 1470 3209 μέχρι
1518 3139 1777 3204 Ἐζεκίουο
1808 3146 1876 3197 τὰ
1903 3145 1958 3199 δὲ
1991 3147 2205 3200 τούτων
2220 3147 2314 3219 ἔτη
2359 3149 2466 3201 ἀπὸ
2492 3149 2591 3219 τῆς
2629 3149 2895 3221 τετάρτης
2926 3147 3033 3202 τῶν
3062 3126 3355 3202 Βαοιλειῶν
3383 3149 3400 3179 ⁸
3428 3126 3544 3201 itm
3569 3147 3742 3202 ταῦτα
3767 3164 3785 3177 ·

520 3219 700 3315 road;
732 3224 760 3275 6
794 3225 886 3278 καὶ
917 3225 1169 3299 Ἀζαρίας
1197 3229 1269 3300 (b)
1309 3230 1402 3303 ἔτη
1449 3236 1787 3307 πεντήκοντα
1830 3238 1941 3293 δύο·
1980 3240 2117 3311 μετὰ
2166 3242 2355 3295 τοῦτον
2414 3242 2650 3314 Ἰωάθαμ
2692 3219 2785 3315 ἔτή
2830 3242 3055 3308 δεκαέξ·
3102 3246 3217 3314 μετ’
3262 3243 3424 3298 αὑτὸν
3465 3244 3643 3313 Ἀχαζ
3687 3242 3789 3314 ἐτη

506 3310 730 3409 δεκαέξ]
776 3316 893 3409 μετ’
932 3318 1091 3372 αὐτὸν
1132 3321 1376 3387 Ἐζεκίας
1402 3325 1431 3377 6
1481 3326 1593 3390 υἱὸς
1641 3328 1804 3383 αὐτοῦ
1845 3330 1936 3404 ἔτη
1968 3310 2329 3389 εἰκοσιεννέαο
2366 3335 2555 3405 ἐπειδὴ
2600 3310 2823 3407 (peperat
2878 3310 3183 3409 προφητεία
3228 3337 3449 3391 Ἡσαΐου
3493 3310 3790 3391 tesca;

508 3404 911 3503 Ρεσκαιξξκάτῳ
938 3409 1047 3503 ἕτεξ
1091 3411 1330 3477 Ἐζεκίου
1373 3417 1658 3491 εἰρημένη,
1694 3423 1864 3495 χωρὶς
1902 3424 2009 3479 τῶν
2033 3443 2097 3496 γε
2138 3427 2311 3492 Ὀζίου
2344 3429 2550 3501 χρόνων
2583 3404 2792 3501 ἀδήλων
2827 3404 3017 3496 ὅντιυνς
3050 3404 3146 3483 οιαὶ
3172 3430 3280 3484 τῶν
3317 3429 3457 3503 μετὰ
3488 3429 3548 3484 τὸ
3579 3444 3783 3482 τεσσα-

507 3496 925 3596 ρεσκαιξξκατον
969 3501 1230 3596 Ἐζεκίου,
1265 3506 1332 3560 τὰ
1379 3508 1580 3578 μεταξὺ
1622 3513 1824 3569 τούτων
1856 3517 1953 3590 τῆς
1984 3520 2319 3592 προφητείας
2339 3521 2435 3594 ἐτη
2473 3522 2685 3592 γίνεται
2722 3524 3225 3596 τεσσαρακονταὲξ·
3261 3527 3319 3577 ὲν
3350 3525 3563 3589 τούτοις
3595 3524 3652 3578 δὲ
3686 3523 3783 3576 καὶ

496 3588 542 3660 ,ἡ
575 3587 672 3642 τοῦ
711 3590 865 3663 Ὠσηὲ
894 3594 1183 3666 γεγένηται
1220 3599 1549 3672 προφητεία.

587 3753 742 3865 νίδίο¹
761 3758 1075 3865 quamvidit
1107 3759 1299 3817 Esaias
1325 3764 1474 3865 filius
1498 3765 1682 3824 Amos.
1711 3769 2050 3828 Existimabit
2076 3776 2304 3845 fortasse
2325 3780 2536 3850 aliquis,
2572 3780 2707 3836 hunc
2733 3782 2895 3838 Amos
2926 3787 3004 3839 vel
3032 3787 3402 3860 homonymum
3432 3808 3544 3846 esse
3569 3793 3653 3847 illi
3683 3796 3781 3865 qui

505 3856 584 3951 est
612 3864 678 3951 ea;
704 3850 981 3951 duodecim
1017 3871 1255 3951 numero,
1327 3862 1405 3914 rel
1440 3862 1545 3917 imo
1593 3866 1832 3920 eumdem
1880 3869 2165 3926 hominem.
2204 3872 2488 3929 Sciendum
2518 3894 2633 3931 vero
2661 3889 2760 3945 est,
2796 3878 2976 3935 Esaia:
3015 3886 3183 3951 patris
3226 3850 3416 3940 nomen
3448 3850 3778 3947 desinere'in

506 3939 645 4048 illud.
669 3943 858 4048 sigma,
889 3944 1029 4048 quod
1059 3946 1271 4004 Helmri
1311 3954 1580 4023 appellant
1615 3958 1721 4021 sin,
1753 3959 1989 4030 quodque
2026 3973 2104 4016 est
2140 3965 2298 4020 veluti
2327 3984 2566 4037 asperum
2591 3939 2781 4042 sigma.
2816 3971 2981 4027 Illum
3013 3939 3187 4030 autem
3215 3980 3305 4048 qui
3334 3939 3411 4034 est

503 4037 799 4140 duodecim,
829 4039 1019 4140 hahere
1057 4054 1387 4140 postremum
1415 4048 1727 4105 elementum
1774 4054 1912 4125 quod
1940 4057 2067 4111 sade
2113 4058 2332 4125 dicitur,
2369 4063 2612 4133 quodque
2639 4037 2823 4120 instar
2854 4067 2983 4121 lenis
3010 4037 3250 4140 sigmatis
3290 4081 3388 4128 est.
3432 4072 3638 4129 Habent
3668 4037 3776 4131 He-

507 4128 656 4238 ﬁrmi,
682 4141 873 4237 praeter
901 4132 1011 4238 haec
1033 4133 1157 4201 duo,
1185 4138 1395 4191 tertium
1416 4156 1616 4213 quoque
1642 4144 1835 4214 sigma,
1867 4147 2068 4202 dictum
2099 4128 2399 4217 samchath,
2430 4128 2571 4226 quod
2599 4157 2735 4213 idem
2763 4168 2840 4214 est
2862 4177 2925 4215 ac
2955 4162 3002 4216 si
3023 4128 3173 4217 dicas
3198 4165 3386 4235 sigma.
3409 4196 3481 4207 —
3506 4128 3773 4238 Regnante

506 4220 644 4329 'szia
677 4227 827 4329 erepit
854 4228 1162 4329 prophetare
1193 4231 1407 4297 Esaias,
1438 4238 1768 4310 pervenitque
1816 4257 1978 4311 usque
2009 4244 2079 4296 ad
2111 4244 2414 4305 Ezechiam.
2455 4249 2581 4305 lam
2612 4252 2798 4307 horum
2826 4247 2954 4309 ἁηηί
2991 4256 3047 4310 in
3080 4220 3271 4328 quarto
3303 4220 3604 4329 Regnorun:
3633 4262 3769 4316 libro

500 4313 558 4413 hi
582 4327 725 4413 sunt.
779 4316 962 4413 Gaius,
990 4322 1079 4392 qui
1133 4333 1183 4375 et
1215 4324 1466 4393 Azarias,
1501 4331 1657 4385 annis
1690 4334 2073 4406 quinquaginta
2125 4338 2351 4398 duobus.
2407 4342 2539 4399 Post
2577 4345 2717 4401 hunc
2748 4346 3003 4404 Joatham
3056 4313 3210 4408 annis
3246 4313 3530 4409 sexdecim.

498 4404 680 4521 ﬁdis:
703 4411 1308 4521 annisitemsexdecim.
1341 4417 1539 4521 Postea
1572 4421 1828 4481 Ezechias
1861 4427 2007 4498 ﬁlius
2040 4432 2154 4502 ejus
2187 4437 2343 4491 anilis
2380 4439 2563 4508 viginti
2604 4457 2805 4495 novem.
2847 4442 3110 4509 Quoniam
3147 4448 3307 4518 igitur
3342 4444 3521 4505 Esaia:
3548 4454 3769 4521 prophe-

498 4506 574 4614 tia
586 4499 714 4614 ﬁeri
728 4501 897 4556 adhuc
911 4502 1267 4614 diciturdum
1297 4512 1690 4581 quartodecimo
1720 4518 1980 4591 Ezechiaz,
2011 4527 2210 4582 omissa
2238 4532 2398 4585 etiam
2427 4531 2575 4587 Oziaz
2602 4544 2753 4603 parte
2782 4536 2880 4591 illa
2922 4499 3192 4594 annorum,
3211 4559 3328 4613 quae
3366 4499 3761 4614 incognitarest,

493 4601 545 4646 ιι
578 4593 687 4703 illis
709 4612 914 4709 «tulique.
932 4597 1172 4654 Ezechiae
1200 4605 1352 4709 annis
1379 4607 1472 4709 qui
1498 4619 1618 4677 post
1639 4624 1885 4681 quartum
1923 4617 2185 4676 decimum
2217 4623 2383 4693 fuere,
2404 4593 2688 4697 prophetia:
2713 4629 2810 4684 hoc
2845 4593 3157 4688 intermedio

496 4690 624 4743 anni
653 4690 1009 4763 quadraginta
1047 4711 1158 4749 sex.
1199 4695 1352 4753 Intra
1376 4700 1475 4755 hoc
1508 4715 1685 4759 autem
1717 4713 1949 4778 spatium
1985 4711 2136 4770 Oscae
2172 4690 2374 4787 quoque
2392 4690 2597 4775 exstitit
2637 4723 2937 4793 prophetia.

1469 4858 1840 4966 adnotandum
1885 4880 2155 4966 superest.
2206 4873 2337 4932 Post
2378 4877 2716 4937 Eusebianas
2771 4884 3158 4956 prophetarum
3190 4852 3365 4956 Vitas,
3403 4907 3544 4964 quas
3593 4911 3757 4966 supra

490 4951 939 5013 memoravimus,
969 4955 1274 5017 sequuntur
1322 4951 1442 5006 alite
1470 4956 1786 5013 eorumdem
1836 4964 2148 5033 ampliores,
2194 4977 2254 5022 ut
2286 4970 2417 5026 item
2464 4972 2725 5043 diximus,
2767 4951 2957 5034 eadem
3008 4995 3171 5035 manu
3206 4951 3757 5058 vetera-iisdemque

562 5115 581 5148 ⁸
608 5114 654 5171 ll
682 5116 866 5177 Paral.
903 5136 1031 5178 xxv:
1064 5138 1180 5196 seq.

493 5717 505 5729 .
658 5651 997 5737 Cod..prima
1027 5672 1212 5740 manu,
1246 5664 1323 5715 Ζα
1362 5664 1542 5737 αρξας,
1571 5683 1698 5727 mox
1740 5673 1814 5732 ibi
1841 5674 2107 5733 emendati

488 5733 594 5789 ipse
614 5732 691 5776 est
725 5737 813 5793 qui
847 5732 896 5778 et
916 5728 1166 5799 Azartas,
1199 5681 1403 5804 duph‘ci
1426 5741 1651 5799 nomine.

2116 5693 2187 5735 im
2230 5678 2504 5754 Ἀζαρίας.
2540 5682 2757 5758 Reapse
2796 5687 2856 5748 S.
2893 5687 3259 5767 Hieronymus
3287 5695 3393 5754 loc.
3429 5699 3559 5756 cit.:
3592 5699 3735 5760 03in
