4054 6408
235 378 338 436 373
1354 360 1442 415 DE
1483 358 1692 418 CURIS
1736 357 2020 415 BlBLlCIS
2055 357 2344 416 EUSEBII.
3369 363 3475 419 su

234 499 536 554 litterarum
592 488 809 555 formis,
829 503 952 543 cum
1001 485 1155 540 titulo
1195 531 1202 534 .
1248 482 1513 552 Ὀνόματα
1546 480 1835 552 προφητῶν

1887 481 1979 532 καὶ
2015 478 2174 532 πόθεν
2204 478 2330 541 εἰσὶ,
2357 480 2450 530 καὶ
2505 477 2604 529 ποῦ
2635 478 2921 545 ἀπέθανον,
2966 482 3058 534 καὶ
3097 480 3210 544 πῶς
3246 483 3340 536 καὶ
3367 481 3473 536 ποῦ

235 594 439 646 κεῖνται
459 605 474 620 ·
509 584 744 639 Nomina
772 583 1162 652 prophetarum,
1193 586 1240 629 et
1263 577 1492 645 ipsorum
1525 574 1734 642 patriae,
1764 583 1812 627 et
1839 573 2055 625 ubinam
2086 571 2300 634 mortui,
2330 579 2377 624 et
2413 570 2672 639 quomodo
2697 580 2743 625 et
2771 588 2872 641 quo
2912 573 3022 630 loco
3045 573 3236 640 sepulti
3255 573 3476 639 fuerim,

237 684 430 739 Mirum
470 693 635 750 porro
663 685 748 732 est
777 672 921 744 quod
949 686 1124 741 neque
1173 665 1456 724 Curterius
1486 681 1672 752 neque
1713 660 2150 720 Montfauconius
2198 664 2363 718 ullam
2415 662 2579 734 hujus
2629 666 2819 735 scripti
2867 666 3197 722 mentionem
3248 667 3480 725 fecerim

237 775 474 846 (diversa
506 770 650 825 enim
699 773 826 822 sunt
850 765 1103 820 lemmata
1142 760 1233 815 illa
1271 774 1392 830 quae
1423 772 1590 812 manu
1613 759 1915 814 recentiore
1955 761 2160 829 scripta
2190 758 2628 814 Moutiauconius
2673 763 2915 831 neglecta
2953 775 2982 814 a
3018 760 3270 818 Curterio
3299 763 3478 837 dicit).

234 863 540 934 Caeteroqui
582 861 777 932 legenti
813 858 945 911 mihi
981 854 1123 910 haud
1151 867 1292 924 aegre
1347 851 1605 916 innotuit,
1647 853 1746 908 has
1773 868 1896 909 esse
1933 853 2055 908 illas
2096 853 2483 924 prophetarum
2533 852 2708 916 Vitas,
2748 869 2978 923 quarum
3028 855 3226 910 cinnus
3259 857 3480 926 quidam

234 963 490 1029 peractus
516 953 617 1008 fuit
651 953 708 1006 in
746 950 902 1005 libris
931 948 1125 1013 editis;
1156 956 1272 1000 tum
1293 943 1544 998 videlicet
1566 942 1853 1015 Epiphanii
1882 945 1937 999 in
1966 945 2201 1000 editione
2238 944 2532 1000 Petaviana
2561 944 2654 998 Gr.
2684 945 2803 1001 Ιιαι.
2831 953 2871 1000 t.
2899 944 2962 1010 ll,
2996 955 3106 1000 tum
3138 947 3192 1002 in
3221 947 3482 1004 Chronico

232 1047 472 1119 paschali
516 1046 605 1101 ed.
652 1043 854 1108 Paris.,
889 1056 944 1112 ι).
982 1040 1085 1094 146
1137 1054 1327 1108 seqq.:
1359 1051 1669 1108 quanquam
1714 1035 1936 1092 Graecus
1979 1045 2161 1093 textus
2189 1047 2244 1092 et
2276 1037 2332 1092 in
2379 1038 2634 1122 σιω-ο]ιὶοο
2667 1038 2822 1093 valde
2857 1048 2938 1094 est
2993 1041 3307 1106 mendosus,
3341 1051 3394 1098 et
3428 1044 3486 1097 in

234 1139 538 1213 Epiphanio
572 1153 681 1192 non
708 1150 895 1206 parum
926 1133 1118 1187 variat.
1159 1131 1400 1200 Denique
1418 1130 1502 1186 hae
1531 1129 1667 1184 Vitae
1699 1131 1802 1185 sub
1832 1129 2090 1186 Dorothei
2116 1128 2264 1202 Tyrii
2298 1131 2518 1186 nomine
2540 1139 2754 1186 exstant
2792 1131 2845 1186 in
2869 1131 3223 1203 Lugdunensi
3254 1134 3485 1190 Patrum

232 1233 581 1297 Bibliotheca,
622 1237 664 1284 t.
688 1226 774 1291 Ill,
807 1243 861 1299 p.
898 1225 1024 1290 422,
1052 1224 1242 1280 Latine
1290 1223 1690 1278 tantummodo.
1713 1221 2015 1294 Czeteroqui
2060 1223 2266 1279 frustra
2295 1224 2694 1294 tpropemodum
2728 1224 2804 1280 ait
2833 1225 3056 1280 Canens
3087 1225 3336 1281 Graecum
3375 1227 3490 1282 ῡοα

234 1327 411 1381 rothei
435 1330 644 1380 textum
683 1336 805 1376 esse
827 1319 1111 1383 ineditum,
1140 1317 1581 1388 quandoquidem
1610 1318 1668 1372 in
1694 1317 1936 1387 paschali
1963 1318 2224 1374 Chronico
2261 1334 2396 1388 pene
2417 1327 2562 1374 totus
2591 1318 2812 1389 legitur.
2842 1317 2998 1374 Nunc
3026 1326 3249 1390 propter
3277 1320 3489 1378 codicis

234 1417 486 1472 Vaticani
539 1415 918 1484 antiquitatem
968 1427 1031 1467 ac
1059 1411 1380 1475 bonitatem,
1408 1410 1554 1466 haud
1580 1411 1697 1467 scio
1726 1427 1795 1467 an
1836 1412 2024 1484 scripti
2078 1412 2242 1483 hujus
2282 1427 2420 1467 nova
2451 1412 2618 1468 editio
2667 1412 2967 1483 meliorque
3025 1413 3318 1484 aliquando
3371 1432 3491 1470 m0~

235 1510 414 1566 lienda
454 1510 543 1566 sit.
581 1507 838 1577 Exemplo
864 1506 1156 1578 gustuique
1181 1503 1252 1560 sit
1291 1503 1532 1559 narratio
1561 1505 1949 1560 miraculorum
1985 1504 2184 1570 Elismi,
2214 1521 2336 1575 qua:
2361 1505 2513 1560 deest
2552 1504 2607 1558 in
2643 1502 2900 1558 Chronico
2927 1521 2981 1576 p.
3019 1505 3141 1570 161,
3179 1506 3271 1561 ubi
3309 1508 3491 1564 brevis

235 1605 478 1676 ejusdem
509 1603 633 1658 Vita
666 1604 880 1674 legitur,
912 1607 1072 1672 prout
1101 1603 1156 1656 in
1180 1601 1370 1656 codice
1403 1608 1595 1656 nostro
1619 1609 1725 1667 est,
1758 1601 1854 1657 sed
1882 1602 2090 1671 reliqua
2123 1618 2231 1656 non
2254 1603 2403 1665 item,
2429 1615 2549 1671 qua:
2572 1609 2698 1654 sunt
2727 1601 2778 1654 in
2805 1601 2994 1655 codice
3018 1600 3112 1656 fol.
3145 1601 3232 1664 10,
3260 1602 3346 1662 ii,
3373 1604 3488 1659 sic:

236 1698 317 1752 Τά
338 1698 402 1751 δὲ
432 1699 630 1767 σημεῖα
655 1694 690 1748 ἃ
720 1693 993 1764 εποίησεν,
1021 1692 1128 1746 είσὶ
1145 1691 1337 1746 ταῦτα.
1380 1691 1647 1757 Ἐπάταξε
1669 1693 1763 1746 καὶ
1791 1693 1952 1756 αὐτὸς
1992 1693 2082 1745 τὸν
2132 1692 2401 1764 Ἰορδάνην
2431 1695 2497 1763 τῇ
2540 1690 2758 1762 μηλωτῇ
2791 1692 2856 1762 τῇ
2901 1690 3100 1755 Ἠλιοῦ,
3134 1692 3230 1745 καὶ
3267 1693 3492 1766 διῃρέθη

233 1789 295 1842 τὸ
332 1789 494 1860 ὕδωρ,
535 1788 628 1840 καὶ
647 1785 796 1858 διέϐη
826 1786 918 1840 καὶ
943 1784 1105 1848 αὐτὸς
1134 1783 1282 1857 ξηρῷ
1313 1783 1390 1855 τῷ
1419 1784 1558 1839 ποδί.
1591 1785 1672 1839 Td:
1697 1783 1867 1839 ὕδατα
1908 1787 1965 1838 ὲν
2017 1785 2225 1857 Ὶεριχὼ
2256 1786 2466 1857 πονηρὰ
2495 1781 2560 1856 ἦν
2600 1785 2691 1838 καὶ
2732 1784 2900 1853 ἄγονα
2919 1802 2931 1814 ·
2963 1785 3055 1839 καὶ
3079 1785 3316 1849 ἀκούσας
3341 1790 3493 1859 παρά

232 1880 343 1934 τῶν
369 1880 468 1950 τῆς
486 1880 711 1943 πόλεως,
730 1877 1096 1932 ἐπεκαλέσατο
1121 1877 1213 1930 τὸν
1236 1878 1389 1941 Θεὸν,
1411 1879 1506 1932 καὶ
1533 1873 1703 1933 εἶπεν·
1732 1897 1750 1932 ι
1777 1881 1966 1952 Ἰαμαι
1997 1881 2066 1935 τὰ
2092 1881 2258 1935 ὕδατα
2285 1880 2476 1944 ταῦτα,
2505 1879 2598 1933 καὶ
2613 1879 2712 1933 οὐκ
2745 1879 2895 1932 ἔσται
2922 1879 3000 1932 ἔτι
3027 1880 3237 1933 ἐκεῖθεν
3266 1881 3491 1946 θάνατος

235 1975 332 2026 καὶ
350 1969 734 2041 ἀτεκνουμένη’
760 1988 778 2021 ι
804 1969 897 2023 καὶ
915 1969 1141 2040 ἰάθησαν
1168 1968 1238 2023 τά
1264 1967 1431 2023 ὕδατα
1443 1969 1547 2034 ἕως
1571 1971 1673 2041 τῆς
1697 1969 1915 2043 ἡμέρας
1938 1972 2156 2044 ταύτης.
2177 1971 2388 2026 Παίδων
2403 1971 2668 2026 ἀτακτούν
2683 1989 2778 2024 εων
2807 1970 2925 2024 κατ’
2950 1970 3116 2024 αὐτοῦ
3147 1973 3492 2044 κατηράσατο

234 2068 293 2119 ὲν
323 2067 523 2129 αὐτοῖς,
540 2065 633 2119 καὶ⁸
658 2064 968 2130 ἐξελθοῦσαι
993 2063 1086 2117 δύο
1112 2064 1303 2136 ἄρκτοι
1331 2063 1629 2136 ἐνέρῤηξαν
1646 2064 1704 2131 ἐξ
1728 2063 1905 2118 αὐτῶν
1939 2065 2046 2137 μϐ’.
2079 2067 2222 2137 Γυνὴ
2257 2066 2537 2138 προφήτου
2565 2063 2983 2136 τελευτήσαντος
3013 2064 3313 2135 ὀχλουμένη
3346 2068 3494 2137 παρά

232 2159 545 2225 δανειστῶν,
562 2158 742 2230 καὶμὴ
771 2157 968 2229 ἔχουσα
993 2158 1303 2223 ἀποδοῦναι,
1335 2157 1608 2230 προσῆλθε
1629 2157 1707 2229 τῷ
1754 2153 2021 2230 Ἑλισαίῳ,
2055 2160 2150 2212 καὶ
2182 2157 2483 2212 ἐνετείλατο
2509 2159 2644 2229 αὐτῇ
2680 2160 2998 2226 συναγαγεῖν
3024 2157 3191 2226 ἀγγία
3213 2157 3374 2210 καινά
3395 2159 3494 2212 ὅσα

233 2251 477 2317 δύναται,
515 2250 608 2303 καὶ
639 2251 700 2303 τὸ
722 2249 844 2321 ἔχον
865 2250 1137 2317 ὀλιγοστὸν
1159 2250 1335 2303 ἔλαιον
1363 2247 1618 2303 ἐκκενοῦν
1641 2251 1719 2313 εἰς
1747 2248 1886 2303 αὐτά
1910 2250 2014 2313 ἕως
2043 2251 2252 2320 ἀποσχῇ
2283 2249 2350 2303 τά
2380 2247 2567 2317 ἀγγία,
2602 2249 2695 2302 καὶ
2721 2248 2878 2302 τοῦτο
2913 2251 3184 2320 ποιήσασα
3207 2247 3493 2319 ἐπλήρωσε

232 2344 304 2397 τὰ
345 2340 531 2411 ἀγγία,
558 2342 652 2396 καὶ
690 2341 993 2396 ἀποδέδωκε
1034 2343 1146 2406 τοῖς
1174 2339 1496 2404 δανεισταῖς,
1522 2343 1617 2396 καὶ
1647 2343 1708 2397 τὸ
1746 2343 2068 2415 περισσεῦον
2109 2345 2264 2414 ἔσχεν
2311 2345 2390 2407 είς
2431 2343 2724 2415 διατροφὴν
2755 2342 2863 2396 τῶν
2905 2342 3128 2397 παίδων.
3165 2337 3260 2405 Εἰς
3281 2342 3496 2414 Σουμᾶν

233 2434 488 2489 ἀπελθὼν
518 2434 695 2506 ἔμεινε
734 2435 884 2505 παρά
909 2449 1014 2488 τινι
1046 2434 1285 2503 γυναικὶ,
1317 2434 1414 2488 καὶ
1457 2433 1532 2507 μὴ
1574 2435 1834 2488 ποιοῦσαν
1887 2435 2057 2506 αὐτὴν
2089 2434 2323 2500 παιδίον,
2354 2433 2723 2506 ἐπιθυμοῦσαν
2767 2434 2825 2487 δὲ
2868 2437 3036 2504 σχεῖν,
3073 2434 3367 2504 εὐξάμενος
3396 2453 3494 2488 πε-

233 2528 436 2600 ποίηκε
461 2525 743 2579 συλλαϐεῖν
772 2525 865 2579 καὶ⁵
892 2527 1072 2580 τεκεῖν
1091 2543 1105 2556 ·
1137 2522 1256 2580 εἶτα
1283 2524 1623 2580 ἀποθανόντα
1661 2525 1750 2578 τὸν
1792 2525 1978 2590 παῖδα,
2017 2525 2309 2597 εὐξάμενος
2346 2526 2506 2580 πάλιν
2529 2525 2746 2597 ἤγειρεν
2779 2526 2842 2578 ὲκ
2870 2526 3099 2597 νεκρῶν.
3130 2525 3223 2589 Et;
3248 2525 3498 2594 Γάλγαλα

232 2619 410 2673 ἐλθὼν
439 2618 684 2690 κατήχθη
709 2633 782 2672 πα
793 2616 859 2688 ρά
879 2620 990 2682 τοῖς
1011 2618 1149 2682 υἱοῖς
1161 2615 1268 2670 τῶν
1286 2617 1598 2690 προφητῶν,
1621 2619 1715 2672 καὶ
1729 2614 2012 2687 ἑψεθέντος
2036 2618 2397 2692 προσφαγίου,
2427 2619 2521 2672 καὶ
2544 2617 2835 2688 θανατικῆς
2865 2617 3092 2688 βοτάνης
3114 2617 3494 2689 συνεψεθείσης

230 2709 314 2782 τῷ
347 2709 689 2783 προσφαγίῳ,
718 2711 810 2763 καὶ
833 2712 965 2782 παρ’
990 2709 1169 2779 ὀλίγον
1204 2710 1618 2765 κινδυνευόντων
1643 2711 1878 2775 πάντων,
1902 2713 2198 2782 πεποίηκεν
2228 2711 2459 2776 ἀϐλαϐὲς
2499 2711 2593 2765 καὶ
2618 2712 2714 2782 ἡδὺ
2747 2711 2806 2765 τὸ
2834 2712 3047 2784 βρῶμα.
3081 2712 3202 2765 Τῶν
3235 2712 3366 2766 υἱῶν
3386 2714 3494 2767 τῶν

232 2801 537 2874 προφητῶν
563 2802 864 2856 κοπτόντων
889 2799 1020 2869 ξύλα
1049 2802 1200 2875 παρά
1218 2790 1308 2856 τὸν
1349 2802 1636 2874 Ἰορδάνην,
1671 2801 1893 2867 ἐξέπεσε
1926 2803 1986 2856 τὸ
2020 2804 2282 2876 δρέπανον
2301 2803 2394 2858 καὶ
2423 2803 2816 2887 κατεποντίσθη
2835 2804 2907 2891 ’.ὁ
2945 2803 3002 2857 δὲ
3043 2801 3306 2867 Ἐλισαῖος
3343 2795 3497 2876 εὐχό-

232 2911 402 2965 μενος
441 2893 737 2964 πεποίηκεν
760 2893 1082 2949 ὲπιπολᾶσαι
1111 2897 1172 2949 τὸ
1202 2894 1488 2967 δρέπανον.
1516 2896 1713 2967 Ναμᾶν
1741 2897 1770 2950 ὁ
1801 2895 1972 2969 Σύρος
1997 2896 2063 2949 δι’
2087 2896 2254 2950 αὑτοῦ
2284 2895 2617 2968 ἐκαθαρίσθη
2643 2899 2663 2928 ³
2691 2884 2798 2950 ἀπὸ
2825 2884 2921 2967 τῆς
2943 2896 3159 2967 λέπρας.
3199 2896 3302 2950 Τὸν
3331 2891 3497 2952 παῖδα

229 2985 407 3040 αὑτοῦ
445 2987 704 3050 Ἐλισαῖος
726 2987 1011 3059 λεγόμενον
1037 2988 1233 3054 Γιεζεὶ,
1260 2986 1558 3043 ἀπελθόντα
1580 2988 1765 3060 κρυφᾶ
1793 2989 1945 3061 παρά
1963 2988 2187 3061 γνώμην
2215 2975 2533 3060 αὐτοῦςπρὸς
2559 2988 2758 3056 Ναμᾶν
2775 2987 2868 3041 καὶ
2891 2989 3188 3060 αἰτήσαντα
3215 2990 3496 3062 ἀργύριον,

229 3077 469 3150 ὕστερον
497 3079 716 3133 ἐλθόντα
756 3081 848 3134 καὶ
879 3078 1208 3152 ἀρνούμενον
1244 3082 1435 3152 ἤλεγξε
1461 3082 1555 3136 καὶ
1588 3082 1936 3155 κατηράσατο
1969 3084 2150 3150 αὐτὸν,
2176 3084 2270 3138 καὶ
2305 3083 2509 3152 ,γέγονε
2538 3082 2738 3153 λεπρός
2759 3098 2774 3112 °
2807 3081 3065 3152 βασιλέως
3097 3082 3294 3155 Συρίας
3338 3081 3495 3136 πολε-

230 3171 472 3242 μοῦντος
491 3171 582 3224 τὸν
625 3171 857 3244 Ἰσραὴλ,
889 3173 1218 3243 ἠσφαλίζετο
1251 3172 1342 3227 τὸν
1375 3173 1596 3244 βασιλέα
1635 3173 1852 3247 Ἰσραὴλ
1879 3174 2232 3244 ἀπαγγέλλων
2275 3173 2423 3245 αὑτῷ
2451 3173 2549 3238 τὰς
2577 3173 2795 3243 σκέψεις
2819 3173 2913 3227 τοῦ
2953 3173 3146 3245 ἐχθροῦ
3166 3190 3180 3203 ο
3208 3173 3364 3227 τοῦτο
3395 3189 3498 3244 μα-

228 3264 350 3318 θὼν
376 3265 404 3317 ὁ
435 3263 685 3333 βασιλεὺς
715 3264 909 3335 Συρίας
939 3264 1144 3337 πέμπει
1173 3265 1400 3337 δύναμιν
1424 3267 1650 3335 ἀγαγεῖν
1676 3265 1766 3319 τὸν
1791 3268 2104 3338 προφήτηνθ
2133 3267 2161 3320 ὁ
2189 3267 2244 3320 δὲ
2263 3265 2560 3336 εὐξάμενος
2601 3264 2897 3335 πεποίηκεν
2936 3264 3133 3328 αὐτοὺς
3157 3263 3498 3333 παταχθῆναι

223 3355 498 3428 ἀορασιᾳ,
525 3355 618 3409 καὶ
641 3357 926 3427 ἀπήγαγεν
946 3358 1025 3420 είς
1051 3357 1362 3430 Σαμάρειαν
1392 3358 1542 3429 παρά
1561 3359 1686 3422 τοὺς
1709 3359 1954 3432 ἐχθροὺς,
1996 3359 2251 3424 ἀϐλαϐεῖς
2275 3377 2332 3414 τε
2365 3361 2562 3422 αὐτοὺς
2621 3359 2860 3429 φυλάξας
2889 3357 3112 3412 διέσωσε
3144 3359 3237 3411 καὶ
3269 3357 3462 3429 ἔθρεψε
3479 3372 3493 3388 ·

223 3450 400 3504 τοῦτο
424 3448 610 3518 μαθὼν
644 3450 673 3502 ὁ
695 3449 945 3522 βασιλεὺς
967 3452 1166 3522 Συρίας
1194 3453 1470 3507 ἐπαύσατο
1491 3451 1586 3507 τοῦ
1622 3454 1892 3524 πολεμεῖν.
1913 3454 2070 3508 Μετά
2099 3454 2327 3508 θάνατον
2365 3453 2634 3512 ,Ἐλισαίου
2666 3449 2952 3508 ἀποθανών
2979 3467 3064 3514 τις
3103 3451 3198 3504 καὶ
3229 3450 3500 3521 θαιιττόμε⁴

223 3557 321 3604 νος
345 3540 556 3613 ἐρρίφη
587 3541 680 3595 ἐπὶ
702 3542 769 3596 τὰ
787 3544 918 3598 ὀστᾶ
942 3541 1129 3611 αὐτοῦ,
1152 3545 1247 3598 καὶ
1273 3544 1432 3615 μόνον
1455 3544 1529 3610 ὡς
1555 3544 1730 3616 ἥψατο
1755 3546 1860 3601 τῶν
1882 3547 2054 3602 ὀστῶν
2077 3545 2172 3600 τοῦ
2215 3545 2503 3611 Ἐλισαίου,
2534 3547 2563 3599 ὁ
2584 3543 2776 3614 νεκρὸς
2805 3541 2964 3607 εὐθὺς
2990 3541 3270 3614 ἀνέζησεν.

304 3727 328 3759 ²
360 3723 534 3792 Cod.,
564 3726 911 3798 ἐκαθερίσθη.

535 5859 808 5917 Pyrum.
846 5857 962 5917 Gn.
999 5854 1194 5918 XXII.
