4100 6474
364 355 483 412 sn
966 355 1429 426 QUAESTIONES
1468 351 1931 410 EVANGELICAS
1971 371 1983 406 ι

1988 352 2063 406 Π)
2101 351 2542 410 STEPIIANUM.
2585 385 2651 394 —
2690 349 3029 412 MONITUM.
3503 357 3607 414 878

365 534 2446 566 Μ

2417 527 3604 565 mm

1029 709 1206 820 DE
1283 705 2082 821 NOMINIBUS
2162 706 2966 819 HEBRAICIS.

767 925 898 982 Vide
921 925 1241 998 Patrologiw
1264 924 1472 981 Latinae
1498 935 1624 982 tom.
1653 924 1850 994 XXIII,
1873 925 2100 995 Operum
2133 923 2192 981 S.
2227 923 2537 997 Hieronymi
2567 935 2693 980 tom.
2718 924 2806 993 III,
2833 926 2934 980 col.
2967 925 3221 982 {21-190.

697 1213 1949 1395 QUZESTIONES
2037 1216 3298 1380 EVANGELICXE

1315 1481 1536 1546 (Angelo
1558 1480 1676 1543 Mn,
1712 1478 1936 1532 Biblioth.
1960 1493 2082 1532 nova
2105 1483 2330 1545 Patrum,
2357 1481 2442 1544 ιν,
2464 1495 2515 1547 p.
2541 1483 2673 1547 217.)

382 1074 3605 1118 W

1350 1715 1933 1810 EDITOBIS
2004 1715 2630 1808 MONI'I‘UM.

1976 1901 2048 1914 -η

448 1988 557 2045 Cur
592 1987 871 2053 Eusebius,
901 1989 976 2043 rei
1015 1986 1334 2044 Christianae
1363 1986 1610 2058 defensor
1665 1988 1952 2043 acerrimus
1980 2029 1994 2053 ,
2048 2002 2174 2055 opus
2223 1984 2320 2039 hoc
2359 1983 2689 2040 scribendum
2716 1988 3041 2056 susceperit,
3076 1997 3297 2040 causam
3354 1986 3508 2056 facile
3538 1999 3619 2043 est

365 2081 613 2137 divinare
633 2123 646 2144 ,
676 2082 801 2150 quia
834 2081 1015 2134 multa:
1058 2089 1338 2135 occurrunt
1372 2096 1554 2149 reapse
1583 2080 1725 2151 apud
1773 2079 2122 2150 evangelistas
2157 2080 2436 2133 varietates
2455 2117 2470 2143 ,
2509 2077 2697 2149 quibus
2727 2079 2922 2133 ethnici
2951 2081 3028 2135 vel
3068 2080 3300 2134 haeretici
3325 2080 3618 2135 abuteban-

370 2189 483 2244 tur,
518 2189 576 2232 ut
608 2177 904 2231 divinorum
952 2176 1207 2231 librorum
1237 2177 1505 2230 veritatem
1539 2187 1806 2246 negarent.
1849 2173 1985 2230 Hinc
2047 2183 2123 2229 tot
2180 2175 2470 2228 harmoniae
2499 2174 2809 2244 evangelica:
2852 2175 2970 2245 jam
3032 2175 3152 2230 inde
3178 2193 3210 2229 a
3243 2175 3460 2231 Tatiani
3494 2176 3620 2248 Syri

370 2272 694 2342 temporibus
720 2289 882 2342 usque
911 2271 980 2326 ad
1003 2281 1185 2325 nostra
1201 2281 1536 2325 constructa'.
1559 2257 1692 2340 ipse
1722 2271 1974 2325 Eusebius
1991 2270 2085 2325 sub
2105 2271 2269 2325 initiis
2294 2285 2493 2340 quoque
2515 2268 2772 2326 Historiae
2800 2287 2910 2325 sua:
2943 2270 3340 2328 Ecclesiasticae
3369 2273 3461 2328 lib.
3487 2289 3530 2337 ι,
3565 2277 3619 2343 7,

379 2367 678 2420 necessario
724 2365 1190 2420 demonstrandam
1229 2365 1427 2434 putavit
1487 2363 1889 2434 Evangeliorum
1936 2364 2072 2418 inter
2127 2380 2181 2418 se
2238 2363 2660 2428 consensionem,
2699 2363 2905 2434 quodet
2935 2362 3076 2432 fecit,
3100 2365 3263 2420 citato
3287 2367 3448 2422 etiam
3472 2371 3509 2424 Α
3521 2371 3623 2441 fri-

368 2458 498 2511 cani
525 2457 757 2525 exemplo
783 2459 849 2512 in
871 2458 1060 2512 litteris
1083 2456 1150 2510 ad
1177 2457 1466 2511 Aristidem
1488 2456 1552 2510 de
1583 2458 2027 2528 evangelistarum
2057 2459 2110 2511 in
2149 2457 2424 2511 narranda
2462 2456 2661 2512 Christi
2689 2456 2993 2528 genealogia
3022 2474 3296 2514 consensu.
3323 2458 3446 2515 lam
3470 2461 3626 2534 quale

371 2549 535 2619 fuerit
555 2551 661 2615 hoc
706 2550 917 2605 Eusebii
947 2550 1010 2605 de
1049 2549 1454 2621 Evangeliorum
1503 2549 1790 2620 diaphonia
1841 2567 1932 2604 seu
1965 2549 2321 2618 discrepantia
2349 2547 2726 2618 (concilianda)
2757 2563 2908 2616 opus,
2939 2547 3087 2602 docet
3116 2551 3414 2605 authentico
3467 2555 3618 2608 testi-

375 2643 554 2696 monio
581 2651 766 2696 auctor
793 2643 845 2694 in
875 2641 1283 2712 praefatiuncula
1313 2639 1380 2695 ad
1405 2638 1696 2694 Marinum.
1734 2658 1752 2689 ι
1773 2638 2155 2710 Ambiguorum
2179 2639 2526 2708 qua'stionum
2561 2653 2622 2690 ac
2645 2637 2991 2700 solutionum,
3017 2655 3134 2706 qua:
3163 2640 3302 2694 circa
3324 2641 3622 2697 divinorum

376 2729 782 2803 Evangeliorum
802 2733 954 2786 initia
984 2741 1285 2796 occurrunt,
1309 2747 1427 2784 cum
1441 2731 1560 2801 jam
1585 2729 1717 2784 duos
1751 2730 2053 2799 scripserim
2079 2729 2266 2792 libros,
2299 2730 2444 2782 venio
2465 2745 2622 2786 nunc.
2659 2729 2842 2782 met/iis
2877 2732 3246 2796 pra'terntissis
3280 2733 3353 2785 ad
3390 2744 3624 2790 extrema

377 2837 493 2889 qua:
521 2839 722 2892 semper
755 2821 891 2891 apud
939 2838 1116 2874 omnes
1167 2830 1498 2874 controversa
1553 2820 1785 2889 fuerunt.
1833 2838 1852 2872 ι
1893 2817 2106 2872 Priores
2143 2829 2316 2873 autem
2362 2817 2466 2871 duo
2496 2817 2616 2872 libri
2657 2819 2841 2888 scripti
2872 2832 3022 2873 erant
3057 2821 3128 2874 ad
3179 2822 3530 2894 Stephanum;
3565 2843 3624 2880 us

377 2915 544 2970 codex
578 2917 862 2972 Vaticanus
890 2917 1238 2978 demonstrat,
1275 2917 1458 2969 tertius
1493 2916 1560 2969 ad
1589 2913 1880 2968 Marinum.
1935 2913 2076 2986 Ergo
2111 2913 2366 2969 Eusebius
2397 2915 2709 2984 qurestiones
2740 2917 3106 2970 tantummodo
3147 2919 3289 2973 circa
3318 2921 3526 2976 initium
3575 2933 3629 2978 et

380 3010 537 3079 ﬁnem
571 3010 972 3083 Evangeliorum
1005 3012 1216 3065 obortas
1269 3020 1608 3072 tractaverat,
1642 3010 1827 3064 mediis
1857 3011 2061 3064 cunctis
2095 3011 2346 3072 omissis;
2381 3027 2512 3080 quas
2536 3009 2717 3064 deinde
2769 3027 2944 3065 omnes
2979 3015 3346 3081 operasissima
3373 3016 3625 3072 lucubra-

381 3105 520 3159 tione
561 3105 624 3158 de
671 3121 924 3159 consensu
953 3104 1392 3174 evangelistarum
1415 3103 1712 3171 complexus
1743 3112 1820 3156 est
1858 3111 2072 3155 sanctus
2104 3101 2464 3171 Augustinus,
2520 3101 2610 3170 qui
2664 3101 2793 3156 dicti
2831 3103 3002 3171 operis
3048 3103 3198 3158 libris
3257 3121 3318 3169 ll,
3354 3122 3412 3160 ιιι
3445 3116 3494 3160 et
3548 3124 3625 3174 tv,

379 3195 723 3264 difﬁcultates
750 3194 1012 3263 plurimas
1040 3211 1130 3264 per
1167 3204 1333 3247 totum
1364 3193 1807 3263 evangelistarum
1837 3202 2138 3246 contextum
2167 3207 2262 3259 pro
2295 3208 2390 3245 suo
2422 3193 2618 3260 ingenii
2650 3193 2892 3246 acumine
2926 3195 3236 3248 enucleavit.
3270 3195 3339 3249 Et
3368 3199 3576 3268 quidem
3605 3240 3620 3263 ,

377 3287 520 3357 quod
551 3287 672 3358 jure
699 3288 863 3342 miror
893 3286 1166 3358 (quodque
1194 3302 1337 3354 spem
1362 3284 1748 3355 quodammodo
1789 3284 1906 3346 alit,
1935 3299 2203 3350 superesse
2232 3284 2430 3337 alicubi
2471 3298 2598 3349 opus
2629 3283 2841 3338 Eusebii
2871 3285 3099 3352 fortasse
3128 3287 3384 3358 integrum
3413 3332 3427 3353 ,
3472 3291 3629 3353 cuius

383 3383 595 3438 nonnisi
624 3381 988 3452 compendium
1017 3381 1102 3433 hic
1123 3378 1480 3439 exhibemus),
1500 3377 1725 3431 Latinus
1751 3376 1998 3430 Latinius
2027 3374 2160 3443 Opp.
2179 3386 2217 3428 t.
2242 3373 2324 3436 II,
2353 3391 2406 3443 p.
2440 3373 2562 3435 H6.
2581 3377 2655 3428 sic
2685 3375 2752 3428 od
2773 3377 3038 3430 Andream
3072 3377 3302 3452 Masium
3331 3384 3586 3439 scribebat
3610 3397 3632 3437 :

388 3496 409 3530 ι
455 3475 680 3531 Sirletus
711 3450 1069 3546 (cardinalis)
1103 3475 1236 3527 scire
1293 3481 1340 3524 te
1391 3472 1530 3532 vult.
1584 3472 1637 3524 in
1694 3470 1883 3526 Sicilia
1925 3471 2158 3523 inventos
2188 3485 2300 3522 esse
2332 3468 2494 3522 libros
2540 3478 2642 3522 tres
2676 3468 2893 3522 Eusebii
2919 3450 3262 3546 Cwsariensis
3293 3473 3359 3527 de
3394 3474 3634 3548 Evange-

383 3573 577 3625 liorum
615 3569 921 3638 diaphonia,
945 3567 1034 3637 qui
1065 3576 1121 3618 ut
1144 3567 1250 3634 ipse
1278 3575 1451 3632 sperat
1487 3564 1624 3618 brevi
1664 3564 1714 3616 in
1735 3565 1900 3616 lucem
1931 3560 2170 3616 edentur.
2206 3579 2224 3612 ι
2261 3560 2387 3614 Tres
2413 3577 2535 3631 ergo
2553 3561 2671 3630 jam
2699 3572 2810 3615 tum
2838 3562 3149 3617 dicebantur
3169 3563 3224 3619 hi
3249 3564 3462 3622 Eusebii
3489 3569 3631 3641 libri,

383 3676 442 3719 ut
473 3665 612 3734 apud
641 3681 735 3718 nos
758 3673 935 3732 postea
959 3664 1013 3714 in
1041 3661 1256 3730 prologo
1286 3659 1354 3712 ad
1386 3658 1658 3712 Marinum
1683 3645 1947 3726 apparuit.
1994 3655 2106 3711 Nec
2142 3671 2256 3710 vero
2281 3656 2559 3726 quisquam
2587 3657 2818 3710 codicem
2847 3668 3086 3712 nostrum
3112 3675 3177 3713 ea:
3197 3659 3386 3716 Sicilia
3409 3665 3634 3721 allatum

387 3758 607 3813 Romam
630 3765 801 3825 putet;
833 3765 910 3808 est
947 3753 1083 3805 enim
1115 3752 1157 3805 is
1189 3766 1324 3803 unus
1345 3751 1408 3803 de
1450 3748 1713 3802 Palatinis
1748 3746 2298 3818 Heidelbergensibus,
2352 3757 2408 3798 ut
2439 3746 2553 3816 ejus
2586 3748 2861 3818 inscriptio
2905 3749 3254 3819 demonstrat,
3293 3771 3492 3811 necnon
3523 3757 3636 3812 Sil-

389 3850 560 3920 burgii
587 3850 868 3916 impressus
898 3844 1096 3898 Cra'ca’
1120 3844 1264 3896 illius
1313 3841 1635 3895 bibliothecae
1664 3840 1961 3909 catalogus,
1989 3839 2078 3908 qui
2115 3848 2238 3892 ante
2265 3847 2476 3906 captam
2512 3836 2912 3910 Heidelbergam
2955 3840 3346 3912 translatosque
3378 3846 3497 3901 illos
3536 3846 3637 3902 Ro-

387 3957 528 3994 mam
558 3940 757 3994 codices
782 3941 1045 4008 confectus
1076 3937 1196 3992 fuit.
1229 3935 1382 4002 Quod
1415 3936 1460 3987 si
1483 3934 1778 4003 Silburgius
1803 3941 2040 4004 nonqtres
2072 3931 2201 3984 dicit
2227 3930 2412 3995 libros,
2442 3930 2531 3985 sed
2561 3933 2713 3996 duos,
2738 3932 2794 3986 id
2822 3933 2960 3988 brevi
2984 3935 3394 3994 hallucinatione
3416 3941 3633 4006 accidit,

385 4034 512 4104 quia
542 4049 720 4102 nempe
751 4033 884 4087 duas
925 4043 1129 4086 tantum
1159 4031 1328 4100 operis
1359 4031 1612 4084 sectiones
1653 4027 1858 4082 videbat
1896 4027 1952 4081 in
1980 4025 2180 4092 codice,
2214 4025 2282 4080 ad
2315 4027 2638 4095 Stephanum
2667 4037 2717 4082 et
2747 4027 2815 4082 ad
2855 4027 3146 4097 Marinum,
3177 4034 3328 4104 cujus
3356 4048 3635 4106 postrema:

384 4131 691 4200 procemium
723 4147 825 4183 non
855 4130 996 4200 legit.
1078 4173 1081 4175 .

461 4223 596 4276 Mihi
625 4225 678 4278 in
709 4223 885 4277 codice
930 4223 1046 4276 Vat.
1094 4221 1274 4276 Palat.
1326 4219 1478 4276 CXX
1525 4219 1898 4290 pulcherrimo.
1940 4219 2124 4273 steculi
2177 4217 2338 4290 ferme
2371 4234 2437 4285 x,
2497 4218 2661 4272 trium
2697 4217 3073 4287 praedictorum
3125 4221 3381 4277 librorum
3410 4226 3636 4296 epitome

386 4323 653 4382 comperta
687 4322 794 4380 est,
837 4323 892 4365 ut
941 4314 1131 4367 diserte
1180 4313 1488 4367 inscribitur
1540 4312 1768 4382 Ἐκλογὴ
1809 4311 1868 4364 ἐν
1899 4310 2152 4382 συντόμῳ
2183 4351 2196 4374 ,
2232 4320 2371 4372 etc.,
2425 4323 2583 4380 prout
2613 4326 2678 4364 ex
2723 4313 2900 4366 codice
2937 4313 2992 4366 in
3033 4314 3246 4367 titulum
3289 4315 3411 4370 libri
3439 4317 3539 4370 mei
3566 4317 3636 4372 ad

388 4405 598 4458 verbum
627 4406 915 4459 transtuli:
943 4407 993 4458 in
1022 4407 1144 4460 aliis
1179 4423 1295 4460 vero
1342 4404 1611 4460 Vaticanis
1647 4415 1951 4460 catenarum
1983 4405 2251 4458 codicibus
2291 4414 2468 4473 partes
2521 4405 2682 4459 etiam
2717 4406 2907 4478 integri
2930 4408 3101 4477 operis
3132 4418 3317 4463 nactus
3342 4426 3480 4475 sum,
3503 4426 3634 4480 quas

386 4507 506 4568 post
555 4498 809 4567 epitomen
844 4497 1092 4552 recitabo.
1153 4497 1309 4552 Nunc
1353 4499 1524 4568 operis
1567 4514 1658 4568 per
1697 4515 1752 4552 se
1796 4498 2082 4551 certissimi
2138 4508 2291 4550 testes
2341 4496 2682 4550 nihilominus
2713 4507 2907 4553 veteres
2957 4498 3243 4569 producere
3286 4517 3492 4572 cequum
3534 4512 3635 4557 est.

387 4591 444 4646 1.
485 4589 728 4661 Namque
762 4589 1019 4644 Eusebius
1048 4591 1355 4645 Demonslr.
1388 4592 1591 4660 Evang.
1637 4589 1727 4643 lib.
1771 4604 1877 4653 vn,
1917 4587 1986 4652 5,

2027 4588 2142 4641 ait:
2170 4587 2287 4640 Τίνι
2314 4587 2372 4641 δὲ
2396 4587 2536 4658 λόγῳ
2583 4589 2676 4643 τὸν
2718 4588 2913 4660 Ἰωσὴφ
2956 4590 3367 4660 γενεαλογοῦσιν
3407 4594 3455 4646 οἱ
3502 4593 3639 4664 ἱεροὶ

388 4683 794 4753 εὐαγγελισταὶ,
859 4685 1060 4756 καίπερ
1105 4684 1178 4756 μὴ
1211 4683 1363 4748 ὄντος
1395 4683 1488 4737 τοῦ
1543 4683 1794 4755 Σωτῆρος
1834 4680 1989 4754 ἡμῶν
2023 4680 2082 4748 ἐξ
2111 4680 2298 4745 αὐτοῦ,
2335 4679 2448 4734 ἀλλ’
2501 4680 2561 4745 ἐξ
2614 4681 2772 4750 ἁγίου
2804 4680 3121 4752 Πνεύματος
3179 4683 3272 4736 καὶ
3327 4683 3428 4752 τῆς
3474 4684 3635 4750 ἁγίας

387 4777 687 4848 Παρθένου,
717 4779 862 4841 ὅπως
887 4796 945 4831 τε
968 4779 1060 4831 καὶ
1096 4776 1232 4847 aii-J1
1274 4781 1307 4848 ὴ
1345 4777 1438 4832 τοῦ
1478 4778 1681 4848 Κυρίου
1721 4777 1916 4848 Μήτηρ
1947 4774 2056 4828 ἀπὸ
2092 4776 2281 4844 γένους
2313 4774 2406 4829 καὶ
2438 4774 2749 4846 σπέρματος
2781 4774 3156 4828 ἀποδείκνυται
3190 4770 3327 4828 εἶναι
3359 4775 3542 4840 Δαϐὶδ,
3577 4775 3639 4830 ἐν

387 4869 467 4940 τῷ
493 4868 693 4941 πρώτῳ
719 4871 826 4922 τῶν
854 4874 932 4931 εἰς
968 4873 1064 4942 τὴν
1099 4871 1444 4938 γενεαλογίαν
1465 4869 1560 4923 τοῦ
1585 4869 1835 4940 Σωτῆρος
1859 4866 2015 4938 ἡμῶν
2044 4867 2386 4937 ζητημάτων
2416 4868 2514 4921 καὶ
2538 4868 2778 4921 λύσεων
2805 4865 3159 4939 διειληφότες,
3191 4867 3277 4919 ἐπ’
3304 4867 3482 4919 ἐκεῖνα
3511 4867 3636 4929 τοὺς

390 4958 707 5030 φιλομαθεῖς
727 4961 1145 5030 ἀποπέμπομεν.
1184 4979 1202 5010 ‹
1245 4959 1354 5015 Cur
1387 4959 1603 5029 Iosephi
1631 4977 1790 5030 genus
1829 4961 1972 5014 sacri
2004 4987 2009 5013 ι

2015 4959 2335 5030 evangelista:
2363 4957 2665 5013 describant
2689 4999 2706 5025 ,
2725 4961 2962 5029 quamvis
2996 4957 3246 5013 Servator
3274 4969 3451 5014 noster
3477 4975 3541 5013 ex
3571 4975 3634 5014 ea

389 5061 548 5104 natus
577 5067 679 5104 non
706 5053 796 5116 sit,
827 5054 914 5105 sed
940 5052 1003 5106 de
1042 5051 1245 5120 Spiritu
1283 5064 1466 5107 sancto
1496 5063 1545 5106 et
1584 5063 1771 5106 sancta
1803 5051 2050 5123 Virgine;
2080 5067 2240 5122 quove
2269 5049 2425 5105 modo
2457 5051 2576 5120 ipsa
2613 5049 2830 5106 Domini
2854 5050 3027 5105 Mater
3053 5051 3116 5105 de
3139 5068 3324 5122 genere
3355 5051 3638 5108 ac'seminc

387 5146 610 5202 Davidis
635 5147 798 5216 fuisse
819 5149 1166 5213 ostendatur;
1197 5150 1252 5202 in
1279 5150 1450 5218 primo
1478 5150 1827 5218 quwstionum
1859 5159 1908 5202 et
1953 5147 2279 5202 solutionum
2312 5146 2375 5200 de
2413 5147 2709 5202 Servatoris
2741 5147 2911 5200 nostri
2951 5149 3203 5216 prosapia
3233 5147 3636 5216 explicavimus.
3707 5177 3713 5200 ς

393 5239 537 5297 Illuc
574 5243 736 5313 igitur
763 5245 839 5297 rei
869 5244 1134 5298 studiosos
1158 5244 1535 5299 amandamus.
1579 5264 1597 5296 ι
1631 5243 1801 5298 Porro
1828 5244 2012 5297 titulun

2019 5261 2040 5296 ο
2088 5243 2223 5298 hunc
2257 5243 2587 5314 ζητημάτων
2618 5242 2711 5294 καὶ
2759 5240 2987 5305 λύσεων,
3022 5242 3373 5312 quaestionum
3399 5251 3450 5295 et
3482 5241 3638 5295 solu-

391 5335 612 5397 tionum,
643 5336 925 5404 genuinum
955 5351 1068 5390 esse
1101 5334 1479 5399 Eusebianum,
1511 5336 1659 5390 docet
1691 5335 1772 5388 hic
1797 5346 1985 5387 auctor
2009 5373 2023 5396 ,
2071 5343 2119 5388 et
2151 5334 2348 5388 codicis
2395 5334 2563 5386 nostri
2593 5332 2833 5386 Palatini
2864 5333 3135 5401 inscriptio
3183 5332 3484 5400 conﬁrmat.
3525 5330 3636 5385 Alii

387 5427 565 5496 itaque
597 5438 858 5489 auctores,
884 5444 933 5482 v.
967 5444 1046 5498 gr.
1067 5439 1280 5481 sanctus
1309 5427 1681 5497 Hieronymus,
1718 5437 1774 5480 ut
1806 5443 1926 5480 mox
1950 5426 2205 5486 dicemus.
2232 5425 2448 5480 liberius
2478 5425 2641 5478 locuti
2672 5433 2816 5490 sunt,
2847 5441 2967 5479 cum
3015 5426 3174 5493 paulo
3205 5423 3392 5493 aliter,
3440 5435 3498 5478 ut
3530 5425 3595 5496 [it
3614 5463 3634 5489 ,

390 5537 572 5574 sensus
605 5521 968 5574 tantummodo
993 5523 1195 5575 ratione
1223 5521 1426 5586 habita,
1457 5520 1830 5587 inscripserunt
1857 5534 1878 5572 :
1907 5534 2023 5588 qua:
2066 5518 2294 5572 varietas
2325 5517 2379 5570 in
2412 5515 2564 5568 titulo
2592 5529 2793 5585 quoque
2815 5514 3212 5571 Chronicorum
3254 5514 3470 5570 Eusebii
3514 5517 3632 5585 jam

390 5615 483 5670 diu
514 5615 788 5671 observata
824 5615 946 5686 fuit.
985 5615 1041 5669 2.
1077 5613 1304 5670 Sanctus
1337 5631 1458 5684 ergo
1487 5613 1837 5683 Hieronymus
1867 5610 1943 5667 De
1965 5612 2154 5683 script.
2181 5612 2379 5668 iIIustr.
2416 5626 2538 5679 cap.
2583 5609 2645 5664 8!
2669 5649 2683 5674 ,
2726 5610 2801 5663 ait
2854 5625 2872 5663 :
2936 5629 2954 5660 ι
2990 5609 3248 5666 Eusebius
3287 5609 3634 5666 Ctesariensis

390 5707 553 5762 edidit
577 5710 641 5764 de
661 5707 1067 5777 Evangeliorum
1091 5706 1395 5774 diaphonia.
1431 5725 1450 5758 ι
1494 5706 1546 5761 5.
1578 5702 1778 5758 Rursus
1807 5705 1945 5759 idem
1973 5704 2328 5774 Hieronymus
2357 5704 2413 5757 in
2439 5702 2649 5756 Comm.
2682 5700 2750 5755 ad
2772 5699 2960 5755 Matth.
2983 5718 3022 5768 ι,
3067 5702 3133 5757 16
3160 5721 3173 5756 :
3222 5720 3240 5756 ι
3281 5700 3449 5772 Super
3470 5702 3636 5756 hocet

392 5803 678 5867 Alricanus
704 5813 992 5873 temporum
1024 5802 1268 5870 scriptor,
1294 5814 1342 5856 et
1372 5798 1629 5854 Eusebius
1669 5797 2011 5855 Ctesariensis

2048 5797 2100 5852 in
2121 5795 2267 5852 libris
2281 5795 2583 5866 Δεαφωνίας
2614 5793 2962 5864 Εὑαγγελίων
2982 5795 3184 5866 plenius
3210 5795 3571 5852 disoutarunt.
3606 5812 3651 5874 ι,
