  <div class='ocr_page' id='page_1' title='image "/cluster/home/n/w/nwhite01/storage/ocr_20150623/22/hvd.32044073501140/447.png"; bbox 0 0 4054 6408; ppageno 0'>
   <div class='ocr_carea' id='block_1_1' title="bbox 535 405 2125 480">
    <p class='ocr_par' dir='ltr' id='par_1_1' title="bbox 535 407 2122 480">
     <span class='ocr_line' id='line_1_1' title="bbox 535 407 2122 480; baseline -0.001 -16"><span class='ocrx_word' id='word_1_1' title='bbox 535 409 639 465; x_wconf 82' lang='lat'><strong><em>879</em></strong></span> <span class='ocrx_word' id='word_1_2' title='bbox 1180 408 1443 480; x_wconf 75' lang='lat' dir='ltr'><strong><em>EUSEBII</em></strong></span> <span class='ocrx_word' id='word_1_3' title='bbox 1483 409 1954 465; x_wconf 63' lang='lat' dir='ltr'><strong><em>CrESAﬂIENSiS</em></strong></span> <span class='ocrx_word' id='word_1_4' title='bbox 1993 407 2122 465; x_wconf 81' lang='lat' dir='ltr'><strong><em>OPP</em></strong></span> 
     </span>
    </p>
   </div>
   <div class='ocr_carea' id='block_1_2' title="bbox 2209 405 3724 480">
    <p class='ocr_par' dir='ltr' id='par_1_2' title="bbox 2209 405 3724 467">
     <span class='ocr_line' id='line_1_2' title="bbox 2209 405 3724 467; baseline 0.003 -4"><span class='ocrx_word' id='word_1_5' title='bbox 2209 406 2361 463; x_wconf 70' lang='grc' dir='ltr'><strong><em>ἈΚΒ</em></strong></span> <span class='ocrx_word' id='word_1_6' title='bbox 2402 407 2490 462; x_wconf 81' lang='lat' dir='ltr'><strong><em>lll.</em></strong></span> <span class='ocrx_word' id='word_1_7' title='bbox 2529 436 2599 448; x_wconf 87' lang='grc'><strong><em>--</em></strong></span> <span class='ocrx_word' id='word_1_8' title='bbox 2640 405 3050 462; x_wconf 66' lang='grc' dir='ltr'><strong><em>ΕΧΕΕΪΣΤΙΟΑ.</em></strong></span> <span class='ocrx_word' id='word_1_9' title='bbox 3634 410 3724 467; x_wconf 79' lang='lat'><strong><em>880</em></strong></span> 
     </span>
    </p>
   </div>
   <div class='ocr_carea' id='block_1_3' title="bbox 536 516 3726 590">
    <p class='ocr_par' dir='ltr' id='par_1_3' title="bbox 536 516 3726 590">
     <span class='ocr_line' id='line_1_3' title="bbox 536 516 3726 590; baseline 0.002 -18"><span class='ocrx_word' id='word_1_10' title='bbox 536 517 705 573; x_wconf 83' lang='lat' dir='ltr'><strong><em>Porro</em></strong></span> <span class='ocrx_word' id='word_1_11' title='bbox 735 516 1075 588; x_wconf 74' lang='lat' dir='ltr'><strong><em>Sopltrontus,</em></strong></span> <span class='ocrx_word' id='word_1_12' title='bbox 1111 517 1420 590; x_wconf 83' lang='lat' dir='ltr'><strong><em>llierongms</em></strong></span> <span class='ocrx_word' id='word_1_13' title='bbox 1453 522 1727 589; x_wconf 71' lang='lat' dir='ltr'><strong><em>interpres,</em></strong></span> <span class='ocrx_word' id='word_1_14' title='bbox 1755 520 1971 586; x_wconf 87' lang='lat' dir='ltr'><strong><em>Suidas,</em></strong></span> <span class='ocrx_word' id='word_1_15' title='bbox 2024 518 2296 575; x_wconf 78' lang='lat' dir='ltr'><strong><em>Honorius</em></strong></span> <span class='ocrx_word' id='word_1_16' title='bbox 2330 519 2839 590; x_wconf 80' lang='lat' dir='ltr'><strong><em>Augustodunensis,</em></strong></span> <span class='ocrx_word' id='word_1_17' title='bbox 2870 518 3189 573; x_wconf 83' lang='lat' dir='ltr'><strong><em>Trithemiu-s</em></strong></span> <span class='ocrx_word' id='word_1_18' title='bbox 3219 560 3231 581; x_wconf 89' lang='lat'><strong><em>,</em></strong></span> <span class='ocrx_word' id='word_1_19' title='bbox 3291 520 3510 590; x_wconf 77' lang='lat' dir='ltr'><strong><em>aliique,</em></strong></span> <span class='ocrx_word' id='word_1_20' title='bbox 3544 526 3726 580; x_wconf 80' lang='lat' dir='ltr'><strong><em>nonnisi</em></strong></span> 
     </span>
    </p>
   </div>
   <div class='ocr_carea' id='block_1_4' title="bbox 532 611 3729 684">
    <p class='ocr_par' dir='ltr' id='par_1_4' title="bbox 532 611 3729 684">
     <span class='ocr_line' id='line_1_4' title="bbox 532 611 3729 684; baseline 0.002 -19"><span class='ocrx_word' id='word_1_21' title='bbox 532 611 785 679; x_wconf 80' lang='lat' dir='ltr'><strong><em>prtrdicta</em></strong></span> <span class='ocrx_word' id='word_1_22' title='bbox 820 614 1115 667; x_wconf 86' lang='lat' dir='ltr'><strong><em>testimonia</em></strong></span> <span class='ocrx_word' id='word_1_23' title='bbox 1152 615 1515 683; x_wconf 85' lang='lat' dir='ltr'><strong><em>repetiverunt.</em></strong></span> <span class='ocrx_word' id='word_1_24' title='bbox 1557 615 1609 668; x_wconf 70' lang='grc'><strong>4.</strong></span> <span class='ocrx_word' id='word_1_25' title='bbox 1654 613 1910 669; x_wconf 88' lang='lat' dir='ltr'><strong><em>Ebediesu</em></strong></span> <span class='ocrx_word' id='word_1_26' title='bbox 1941 614 1995 667; x_wconf 88' lang='lat' dir='ltr'><strong><em>in</em></strong></span> <span class='ocrx_word' id='word_1_27' title='bbox 2042 613 2298 668; x_wconf 84' lang='lat' dir='ltr'><strong><em>librorum</em></strong></span> <span class='ocrx_word' id='word_1_28' title='bbox 2328 612 2583 684; x_wconf 86' lang='lat' dir='ltr'><strong><em>Syrorum</em></strong></span> <span class='ocrx_word' id='word_1_29' title='bbox 2622 614 2885 683; x_wconf 75' lang='lat' dir='ltr'><strong><em>catalogo,</em></strong></span> <span class='ocrx_word' id='word_1_30' title='bbox 2910 614 2985 668; x_wconf 90' lang='lat' dir='ltr'><strong><em>sic</em></strong></span> <span class='ocrx_word' id='word_1_31' title='bbox 3010 630 3029 667; x_wconf 87' lang='lat'><strong><em>:</em></strong></span> <span class='ocrx_word' id='word_1_32' title='bbox 3072 630 3089 664; x_wconf 78' lang='grc' dir='ltr'>ι</span> <span class='ocrx_word' id='word_1_33' title='bbox 3130 613 3384 668; x_wconf 76' lang='lat' dir='ltr'><strong><em>L&#39;usebius</em></strong></span> <span class='ocrx_word' id='word_1_34' title='bbox 3417 613 3729 673; x_wconf 77' lang='lat' dir='ltr'><strong><em>Ca‘sariensis</em></strong></span> 
     </span>
    </p>
   </div>
   <div class='ocr_carea' id='block_1_5' title="bbox 532 702 3735 777">
    <p class='ocr_par' dir='ltr' id='par_1_5' title="bbox 532 702 3735 777">
     <span class='ocr_line' id='line_1_5' title="bbox 532 702 3735 777; baseline 0.001 -20"><span class='ocrx_word' id='word_1_35' title='bbox 532 704 819 771; x_wconf 87' lang='lat' dir='ltr'><strong><em>composuit</em></strong></span> <span class='ocrx_word' id='word_1_36' title='bbox 843 702 1034 758; x_wconf 88' lang='lat' dir='ltr'><strong><em>librum</em></strong></span> <span class='ocrx_word' id='word_1_37' title='bbox 1063 704 1342 759; x_wconf 79' lang='lat' dir='ltr'><strong><em>solutionis</em></strong></span> <span class='ocrx_word' id='word_1_38' title='bbox 1371 705 1849 761; x_wconf 88' lang='lat' dir='ltr'><strong><em>contradictionum</em></strong></span> <span class='ocrx_word' id='word_1_39' title='bbox 1878 705 2173 777; x_wconf 84' lang='lat' dir='ltr'><strong><em>Evangelii.</em></strong></span> <span class='ocrx_word' id='word_1_40' title='bbox 2214 726 2232 759; x_wconf 76' lang='grc' dir='ltr'><strong><em>ι</em></strong></span> <span class='ocrx_word' id='word_1_41' title='bbox 2268 706 2465 776; x_wconf 87' lang='lat' dir='ltr'><strong><em>Reapse</em></strong></span> <span class='ocrx_word' id='word_1_42' title='bbox 2492 707 2549 761; x_wconf 88' lang='lat' dir='ltr'><strong><em>in</em></strong></span> <span class='ocrx_word' id='word_1_43' title='bbox 2588 705 2710 760; x_wconf 86' lang='lat' dir='ltr'><strong><em>Vat.</em></strong></span> <span class='ocrx_word' id='word_1_44' title='bbox 2749 704 2875 775; x_wconf 85' lang='lat' dir='ltr'><strong><em>Syr.</em></strong></span> <span class='ocrx_word' id='word_1_45' title='bbox 2906 704 3081 758; x_wconf 77' lang='lat' dir='ltr'><strong><em>codice</em></strong></span> <span class='ocrx_word' id='word_1_46' title='bbox 3104 702 3269 771; x_wconf 84' lang='lat' dir='ltr'><strong><em>CIII,</em></strong></span> <span class='ocrx_word' id='word_1_47' title='bbox 3290 720 3341 774; x_wconf 89' lang='lat' dir='ltr'><strong><em>p.</em></strong></span> <span class='ocrx_word' id='word_1_48' title='bbox 3371 705 3493 770; x_wconf 76' lang='lat'><strong><em>302,</em></strong></span> <span class='ocrx_word' id='word_1_49' title='bbox 3516 716 3735 775; x_wconf 71' lang='lat' dir='ltr'><strong><em>excerpta</em></strong></span> 
     </span>
    </p>
   </div>
   <div class='ocr_carea' id='block_1_6' title="bbox 535 794 3734 869">
    <p class='ocr_par' dir='ltr' id='par_1_6' title="bbox 535 794 3734 869">
     <span class='ocr_line' id='line_1_6' title="bbox 535 794 3734 869; baseline 0.002 -22"><span class='ocrx_word' id='word_1_50' title='bbox 535 794 737 864; x_wconf 87' lang='lat' dir='ltr'><strong><em>aliquot</em></strong></span> <span class='ocrx_word' id='word_1_51' title='bbox 770 810 835 849; x_wconf 72' lang='lat' dir='ltr'><strong><em>ex</em></strong></span> <span class='ocrx_word' id='word_1_52' title='bbox 859 794 951 850; x_wconf 86' lang='lat' dir='ltr'><strong><em>illo</em></strong></span> <span class='ocrx_word' id='word_1_53' title='bbox 976 810 1124 865; x_wconf 88' lang='lat' dir='ltr'><strong><em>opere</em></strong></span> <span class='ocrx_word' id='word_1_54' title='bbox 1153 797 1286 865; x_wconf 82' lang='lat' dir='ltr'><strong><em>ﬁunt</em></strong></span> <span class='ocrx_word' id='word_1_55' title='bbox 1309 837 1324 861; x_wconf 95' lang='lat'><strong><em>,</em></strong></span> <span class='ocrx_word' id='word_1_56' title='bbox 1347 813 1463 850; x_wconf 88' lang='lat' dir='ltr'><strong><em>cum</em></strong></span> <span class='ocrx_word' id='word_1_57' title='bbox 1492 797 1645 851; x_wconf 84' lang='lat' dir='ltr'><strong><em>titulo</em></strong></span> <span class='ocrx_word' id='word_1_58' title='bbox 1666 816 1684 851; x_wconf 88' lang='lat'><strong><em>:</em></strong></span> <span class='ocrx_word' id='word_1_59' title='bbox 1718 817 1736 849; x_wconf 76' lang='grc' dir='ltr'>ι</span> <span class='ocrx_word' id='word_1_60' title='bbox 1778 796 1989 853; x_wconf 84' lang='lat' dir='ltr'><strong><em>Eusebii</em></strong></span> <span class='ocrx_word' id='word_1_61' title='bbox 2019 799 2361 853; x_wconf 77' lang='lat' dir='ltr'><strong><em>Cwsariensis</em></strong></span> <span class='ocrx_word' id='word_1_62' title='bbox 2386 815 2449 854; x_wconf 73' lang='lat' dir='ltr'><strong><em>ea:</em></strong></span> <span class='ocrx_word' id='word_1_63' title='bbox 2480 799 2610 853; x_wconf 89' lang='lat' dir='ltr'><strong><em>libro</em></strong></span> <span class='ocrx_word' id='word_1_64' title='bbox 2637 800 2981 869; x_wconf 66' lang='lat' dir='ltr'><strong><em>quaestionum</em></strong></span> <span class='ocrx_word' id='word_1_65' title='bbox 3020 799 3077 853; x_wconf 90' lang='lat' dir='ltr'><strong><em>in</em></strong></span> <span class='ocrx_word' id='word_1_66' title='bbox 3116 796 3473 866; x_wconf 80' lang='lat' dir='ltr'><strong><em>Erangelium.</em></strong></span> <span class='ocrx_word' id='word_1_67' title='bbox 3503 817 3522 850; x_wconf 72' lang='grc' dir='ltr'>ι</span> <span class='ocrx_word' id='word_1_68' title='bbox 3560 800 3609 854; x_wconf 83' lang='lat'><strong><em>5.</em></strong></span> <span class='ocrx_word' id='word_1_69' title='bbox 3645 797 3734 854; x_wconf 82' lang='lat' dir='ltr'><strong><em>Ni-</em></strong></span> 
     </span>
    </p>
   </div>
   <div class='ocr_carea' id='block_1_7' title="bbox 534 885 2125 961">
    <p class='ocr_par' dir='ltr' id='par_1_7' title="bbox 534 885 2123 961">
     <span class='ocr_line' id='line_1_7' title="bbox 534 885 2123 961; baseline 0.003 -21"><span class='ocrx_word' id='word_1_70' title='bbox 534 885 779 954; x_wconf 82' lang='lat' dir='ltr'><strong><em>cephorus</em></strong></span> <span class='ocrx_word' id='word_1_71' title='bbox 804 903 1005 958; x_wconf 87' lang='lat' dir='ltr'><strong><em>quoque</em></strong></span> <span class='ocrx_word' id='word_1_72' title='bbox 1037 887 1292 944; x_wconf 86' lang='lat' dir='ltr'><strong><em>Callistus</em></strong></span> <span class='ocrx_word' id='word_1_73' title='bbox 1332 888 1474 945; x_wconf 84' lang='lat' dir='ltr'><strong><em>Hist.</em></strong></span> <span class='ocrx_word' id='word_1_74' title='bbox 1512 907 1552 955; x_wconf 89' lang='grc' dir='ltr'><strong><em>ι,</em></strong></span> <span class='ocrx_word' id='word_1_75' title='bbox 1594 890 1681 954; x_wconf 83' lang='grc' dir='ltr'><strong><em>Η,</em></strong></span> <span class='ocrx_word' id='word_1_76' title='bbox 1729 907 1858 961; x_wconf 85' lang='lat' dir='ltr'><strong><em>opus</em></strong></span> <span class='ocrx_word' id='word_1_77' title='bbox 1897 891 1992 945; x_wconf 86' lang='lat' dir='ltr'><strong><em>hoc</em></strong></span> <span class='ocrx_word' id='word_1_78' title='bbox 2040 889 2123 944; x_wconf 85' lang='lat' dir='ltr'><strong><em>Eu</em></strong></span> 
     </span>
    </p>
   </div>
   <div class='ocr_carea' id='block_1_8' title="bbox 2209 885 3735 961">
    <p class='ocr_par' dir='ltr' id='par_1_8' title="bbox 2209 887 3735 961">
     <span class='ocr_line' id='line_1_8' title="bbox 2209 887 3735 961; baseline 0 -18"><span class='ocrx_word' id='word_1_79' title='bbox 2209 891 2254 944; x_wconf 81' lang='lat' dir='ltr'><strong><em>ii</em></strong></span> <span class='ocrx_word' id='word_1_80' title='bbox 2283 892 2415 946; x_wconf 86' lang='lat' dir='ltr'><strong><em>satis</em></strong></span> <span class='ocrx_word' id='word_1_81' title='bbox 2460 892 2632 946; x_wconf 87' lang='lat' dir='ltr'><strong><em>innuit</em></strong></span> <span class='ocrx_word' id='word_1_82' title='bbox 2675 891 2888 946; x_wconf 87' lang='lat' dir='ltr'><strong><em>dicens:</em></strong></span> <span class='ocrx_word' id='word_1_83' title='bbox 2930 890 3066 961; x_wconf 79' lang='grc' dir='ltr'>Περὶ</span> <span class='ocrx_word' id='word_1_84' title='bbox 3115 887 3211 959; x_wconf 82' lang='grc' dir='ltr'>τὴν</span> <span class='ocrx_word' id='word_1_85' title='bbox 3251 887 3509 942; x_wconf 82' lang='grc' dir='ltr'><strong><em>δοκοῦσαν</em></strong></span> <span class='ocrx_word' id='word_1_86' title='bbox 3558 890 3735 959; x_wconf 74' lang='grc' dir='ltr'><strong><em>διαφω-</em></strong></span> 
     </span>
    </p>
   </div>
   <div class='ocr_carea' id='block_1_9' title="bbox 533 976 2125 1051">
    <p class='ocr_par' dir='ltr' id='par_1_9' title="bbox 533 976 2125 1051">
     <span class='ocr_line' id='line_1_9' title="bbox 533 976 2125 1051; baseline 0.006 -25"><span class='ocrx_word' id='word_1_87' title='bbox 533 976 651 1030; x_wconf 83' lang='grc' dir='ltr'>νίαν</span> <span class='ocrx_word' id='word_1_88' title='bbox 688 979 790 1032; x_wconf 83' lang='grc' dir='ltr'>οὐκ</span> <span class='ocrx_word' id='word_1_89' title='bbox 813 978 984 1049; x_wconf 78' lang='grc' dir='ltr'><strong>ὀλίγοι</strong></span> <span class='ocrx_word' id='word_1_90' title='bbox 1019 978 1235 1051; x_wconf 76' lang='grc' dir='ltr'><strong><em>βίϐλους</em></strong></span> <span class='ocrx_word' id='word_1_91' title='bbox 1263 980 1389 1046; x_wconf 82' lang='grc' dir='ltr'><strong><em>ὅλας</em></strong></span> <span class='ocrx_word' id='word_1_92' title='bbox 1412 980 1699 1046; x_wconf 75' lang='grc' dir='ltr'><strong><em>ἐξέδωκαν·</em></strong></span> <span class='ocrx_word' id='word_1_93' title='bbox 1737 1000 1755 1033; x_wconf 73' lang='grc' dir='ltr'>ι</span> <span class='ocrx_word' id='word_1_94' title='bbox 1786 981 1944 1036; x_wconf 89' lang='lat' dir='ltr'><strong><em>Circa</em></strong></span> <span class='ocrx_word' id='word_1_95' title='bbox 1991 997 2125 1051; x_wconf 89' lang='lat' dir='ltr'><strong><em>appa</em></strong></span> 
     </span>
    </p>
   </div>
   <div class='ocr_carea' id='block_1_10' title="bbox 2209 976 3736 1051">
    <p class='ocr_par' dir='ltr' id='par_1_10' title="bbox 2209 978 3736 1050">
     <span class='ocr_line' id='line_1_10' title="bbox 2209 978 3736 1050; baseline -0.001 -14"><span class='ocrx_word' id='word_1_96' title='bbox 2209 991 2327 1037; x_wconf 76' lang='lat' dir='ltr'><strong><em>item</em></strong></span> <span class='ocrx_word' id='word_1_97' title='bbox 2349 980 2737 1036; x_wconf 83' lang='lat' dir='ltr'><strong><em>dissonantium</em></strong></span> <span class='ocrx_word' id='word_1_98' title='bbox 2790 996 2893 1035; x_wconf 89' lang='lat' dir='ltr'><strong><em>non</em></strong></span> <span class='ocrx_word' id='word_1_99' title='bbox 2932 979 3088 1047; x_wconf 85' lang='lat' dir='ltr'><strong><em>pauci</em></strong></span> <span class='ocrx_word' id='word_1_100' title='bbox 3130 978 3295 1032; x_wconf 90' lang='lat' dir='ltr'><strong><em>libros</em></strong></span> <span class='ocrx_word' id='word_1_101' title='bbox 3345 979 3564 1050; x_wconf 86' lang='lat' dir='ltr'><strong><em>integros</em></strong></span> <span class='ocrx_word' id='word_1_102' title='bbox 3590 978 3736 1035; x_wconf 75' lang='lat' dir='ltr'><strong><em>edide-</em></strong></span> 
     </span>
    </p>
   </div>
   <div class='ocr_carea' id='block_1_11' title="bbox 532 1070 3735 1145">
    <p class='ocr_par' dir='ltr' id='par_1_11' title="bbox 532 1070 3735 1145">
     <span class='ocr_line' id='line_1_11' title="bbox 532 1070 3735 1145; baseline 0.001 -22"><span class='ocrx_word' id='word_1_103' title='bbox 532 1080 673 1124; x_wconf 81' lang='lat' dir='ltr'><strong><em>runt.</em></strong></span> <span class='ocrx_word' id='word_1_104' title='bbox 696 1090 716 1124; x_wconf 71' lang='grc' dir='ltr'><strong><em>ι</em></strong></span> <span class='ocrx_word' id='word_1_105' title='bbox 740 1072 793 1127; x_wconf 88' lang='grc'><strong><em>6.</em></strong></span> <span class='ocrx_word' id='word_1_106' title='bbox 830 1071 1044 1127; x_wconf 86' lang='lat' dir='ltr'><strong><em>Eusebii</em></strong></span> <span class='ocrx_word' id='word_1_107' title='bbox 1086 1072 1181 1128; x_wconf 86' lang='lat' dir='ltr'><strong><em>hoc</em></strong></span> <span class='ocrx_word' id='word_1_108' title='bbox 1215 1089 1343 1143; x_wconf 87' lang='lat' dir='ltr'><strong><em>opus</em></strong></span> <span class='ocrx_word' id='word_1_109' title='bbox 1365 1073 1427 1128; x_wconf 90' lang='lat' dir='ltr'><strong><em>de</em></strong></span> <span class='ocrx_word' id='word_1_110' title='bbox 1447 1070 1886 1145; x_wconf 78' lang='lat' dir='ltr'><strong><em>evangelistarum</em></strong></span> <span class='ocrx_word' id='word_1_111' title='bbox 1907 1074 2266 1144; x_wconf 85' lang='lat' dir='ltr'><strong><em>discrepantia</em></strong></span> <span class='ocrx_word' id='word_1_112' title='bbox 2291 1073 2539 1144; x_wconf 81' lang='lat' dir='ltr'><strong><em>permulti</em></strong></span> <span class='ocrx_word' id='word_1_113' title='bbox 2565 1073 2766 1127; x_wconf 85' lang='lat' dir='ltr'><strong><em>codices</em></strong></span> <span class='ocrx_word' id='word_1_114' title='bbox 2788 1082 3099 1136; x_wconf 84' lang='lat' dir='ltr'><strong><em>memorant,</em></strong></span> <span class='ocrx_word' id='word_1_115' title='bbox 3122 1071 3414 1139; x_wconf 72' lang='lat' dir='ltr'><strong><em>prwsertim</em></strong></span> <span class='ocrx_word' id='word_1_116' title='bbox 3436 1079 3735 1136; x_wconf 85' lang='lat' dir='ltr'><strong><em>catenarum,</em></strong></span> 
     </span>
    </p>
   </div>
   <div class='ocr_carea' id='block_1_12' title="bbox 532 1162 3738 1237">
    <p class='ocr_par' dir='ltr' id='par_1_12' title="bbox 532 1162 3738 1237">
     <span class='ocr_line' id='line_1_12' title="bbox 532 1162 3738 1237; baseline 0.001 -22"><span class='ocrx_word' id='word_1_117' title='bbox 532 1176 651 1216; x_wconf 85' lang='lat' dir='ltr'><strong><em>cum</em></strong></span> <span class='ocrx_word' id='word_1_118' title='bbox 676 1163 826 1230; x_wconf 87' lang='lat' dir='ltr'><strong><em>alibi,</em></strong></span> <span class='ocrx_word' id='word_1_119' title='bbox 855 1174 965 1219; x_wconf 89' lang='lat' dir='ltr'><strong><em>tum</em></strong></span> <span class='ocrx_word' id='word_1_120' title='bbox 986 1165 1146 1225; x_wconf 85' lang='lat' dir='ltr'><strong><em>etiam</em></strong></span> <span class='ocrx_word' id='word_1_121' title='bbox 1185 1166 1239 1220; x_wconf 88' lang='lat' dir='ltr'><strong><em>in</em></strong></span> <span class='ocrx_word' id='word_1_122' title='bbox 1276 1165 1586 1220; x_wconf 82' lang='lat' dir='ltr'><strong><em>bibliotheca</em></strong></span> <span class='ocrx_word' id='word_1_123' title='bbox 1618 1164 1898 1232; x_wconf 83' lang='lat' dir='ltr'><strong><em>Vaticana,</em></strong></span> <span class='ocrx_word' id='word_1_124' title='bbox 1930 1177 1986 1220; x_wconf 90' lang='lat' dir='ltr'><strong><em>ut</em></strong></span> <span class='ocrx_word' id='word_1_125' title='bbox 2013 1166 2185 1237; x_wconf 85' lang='lat' dir='ltr'><strong><em>legens</em></strong></span> <span class='ocrx_word' id='word_1_126' title='bbox 2215 1166 2465 1236; x_wconf 87' lang='lat' dir='ltr'><strong><em>comperi.</em></strong></span> <span class='ocrx_word' id='word_1_127' title='bbox 2494 1164 2626 1221; x_wconf 87' lang='lat' dir='ltr'><strong><em>Ecce</em></strong></span> <span class='ocrx_word' id='word_1_128' title='bbox 2661 1167 2798 1221; x_wconf 91' lang='lat' dir='ltr'><strong><em>enim</em></strong></span> <span class='ocrx_word' id='word_1_129' title='bbox 2827 1174 2878 1219; x_wconf 88' lang='lat' dir='ltr'><strong><em>et</em></strong></span> <span class='ocrx_word' id='word_1_130' title='bbox 2906 1162 3252 1233; x_wconf 82' lang='lat' dir='ltr'><strong><em>Combeﬁsius</em></strong></span> <span class='ocrx_word' id='word_1_131' title='bbox 3287 1179 3353 1217; x_wconf 77' lang='lat' dir='ltr'><strong><em>ea:</em></strong></span> <span class='ocrx_word' id='word_1_132' title='bbox 3371 1173 3549 1218; x_wconf 71' lang='lat' dir='ltr'><strong><em>catena</em></strong></span> <span class='ocrx_word' id='word_1_133' title='bbox 3568 1164 3738 1219; x_wconf 80' lang='lat' dir='ltr'><strong><em>codicis</em></strong></span> 
     </span>
    </p>
   </div>
   <div class='ocr_carea' id='block_1_13' title="bbox 535 1254 3741 1329">
    <p class='ocr_par' dir='ltr' id='par_1_13' title="bbox 535 1254 3741 1329">
     <span class='ocr_line' id='line_1_13' title="bbox 535 1254 3741 1329; baseline -0.001 -18"><span class='ocrx_word' id='word_1_134' title='bbox 535 1255 820 1317; x_wconf 82' lang='lat' dir='ltr'><strong><em>Gallicani,</em></strong></span> <span class='ocrx_word' id='word_1_135' title='bbox 854 1255 1108 1311; x_wconf 87' lang='lat' dir='ltr'><strong><em>Latinum</em></strong></span> <span class='ocrx_word' id='word_1_136' title='bbox 1137 1274 1169 1311; x_wconf 92' lang='lat' dir='ltr'><strong><em>a</em></strong></span> <span class='ocrx_word' id='word_1_137' title='bbox 1189 1274 1244 1312; x_wconf 87' lang='lat' dir='ltr'><strong><em>se</em></strong></span> <span class='ocrx_word' id='word_1_138' title='bbox 1276 1256 1536 1312; x_wconf 87' lang='lat' dir='ltr'><strong><em>redditum</em></strong></span> <span class='ocrx_word' id='word_1_139' title='bbox 1561 1257 1730 1312; x_wconf 84' lang='lat' dir='ltr'><strong><em>edidit</em></strong></span> <span class='ocrx_word' id='word_1_140' title='bbox 1758 1258 1815 1313; x_wconf 90' lang='lat' dir='ltr'><strong><em>in</em></strong></span> <span class='ocrx_word' id='word_1_141' title='bbox 1852 1258 1989 1315; x_wconf 83' lang='lat' dir='ltr'><strong><em>Bibl.</em></strong></span> <span class='ocrx_word' id='word_1_142' title='bbox 2019 1259 2271 1315; x_wconf 90' lang='lat' dir='ltr'><strong><em>concion.</em></strong></span> <span class='ocrx_word' id='word_1_143' title='bbox 2305 1268 2345 1313; x_wconf 78' lang='grc' dir='ltr'><strong><em>ι.</em></strong></span> <span class='ocrx_word' id='word_1_144' title='bbox 2392 1257 2559 1325; x_wconf 85' lang='lat' dir='ltr'><strong><em>VIII,</em></strong></span> <span class='ocrx_word' id='word_1_145' title='bbox 2585 1273 2639 1327; x_wconf 91' lang='lat' dir='ltr'><strong><em>p.</em></strong></span> <span class='ocrx_word' id='word_1_146' title='bbox 2673 1259 2771 1321; x_wconf 72' lang='grc'><em>15,</em></span> <span class='ocrx_word' id='word_1_147' title='bbox 2805 1258 2968 1312; x_wconf 82' lang='lat' dir='ltr'><strong><em>latum</em></strong></span> <span class='ocrx_word' id='word_1_148' title='bbox 2997 1257 3352 1329; x_wconf 75' lang='lat' dir='ltr'><strong><em>fragmentum</em></strong></span> <span class='ocrx_word' id='word_1_149' title='bbox 3374 1296 3389 1323; x_wconf 91' lang='lat'><strong><em>,</em></strong></span> <span class='ocrx_word' id='word_1_150' title='bbox 3427 1255 3561 1324; x_wconf 85' lang='lat' dir='ltr'><strong><em>quod</em></strong></span> <span class='ocrx_word' id='word_1_151' title='bbox 3587 1254 3741 1309; x_wconf 76' lang='lat' dir='ltr'><strong><em>Crtece</em></strong></span> 
     </span>
    </p>
   </div>
   <div class='ocr_carea' id='block_1_14' title="bbox 533 1344 3743 1418">
    <p class='ocr_par' dir='ltr' id='par_1_14' title="bbox 533 1344 3743 1418">
     <span class='ocr_line' id='line_1_14' title="bbox 533 1344 3743 1418; baseline -0.001 -15"><span class='ocrx_word' id='word_1_152' title='bbox 533 1346 672 1416; x_wconf 71' lang='lat' dir='ltr'><strong><em>apud</em></strong></span> <span class='ocrx_word' id='word_1_153' title='bbox 702 1362 796 1401; x_wconf 90' lang='lat' dir='ltr'><strong><em>nos</em></strong></span> <span class='ocrx_word' id='word_1_154' title='bbox 825 1347 1069 1402; x_wconf 81' lang='lat' dir='ltr'><strong><em>recurrit.</em></strong></span> <span class='ocrx_word' id='word_1_155' title='bbox 1101 1352 1264 1417; x_wconf 81' lang='lat' dir='ltr'><strong><em>Atque</em></strong></span> <span class='ocrx_word' id='word_1_156' title='bbox 1289 1344 1399 1400; x_wconf 79' lang='lat' dir='ltr'><strong><em>luec</em></strong></span> <span class='ocrx_word' id='word_1_157' title='bbox 1430 1344 1682 1402; x_wconf 86' lang='lat' dir='ltr'><strong><em>librorum</em></strong></span> <span class='ocrx_word' id='word_1_158' title='bbox 1711 1348 1780 1402; x_wconf 83' lang='lat' dir='ltr'><strong><em>ad</em></strong></span> <span class='ocrx_word' id='word_1_159' title='bbox 1810 1347 2129 1418; x_wconf 77' lang='lat' dir='ltr'><strong><em>Stephanum</em></strong></span> <span class='ocrx_word' id='word_1_160' title='bbox 2162 1348 2464 1403; x_wconf 80' lang='lat' dir='ltr'><strong><em>testimonia</em></strong></span> <span class='ocrx_word' id='word_1_161' title='bbox 2490 1356 2632 1403; x_wconf 84' lang='lat' dir='ltr'><strong><em>sunt.</em></strong></span> <span class='ocrx_word' id='word_1_162' title='bbox 2676 1347 2728 1402; x_wconf 89' lang='lat'><strong><em>7.</em></strong></span> <span class='ocrx_word' id='word_1_163' title='bbox 2760 1347 2918 1402; x_wconf 85' lang='lat' dir='ltr'><strong><em>Libro</em></strong></span> <span class='ocrx_word' id='word_1_164' title='bbox 2949 1363 3121 1402; x_wconf 89' lang='lat' dir='ltr'><strong><em>autem</em></strong></span> <span class='ocrx_word' id='word_1_165' title='bbox 3147 1345 3217 1401; x_wconf 89' lang='lat' dir='ltr'><strong><em>ad</em></strong></span> <span class='ocrx_word' id='word_1_166' title='bbox 3237 1344 3507 1401; x_wconf 82' lang='lat' dir='ltr'><strong><em>Marinum</em></strong></span> <span class='ocrx_word' id='word_1_167' title='bbox 3534 1348 3743 1401; x_wconf 81' lang='lat' dir='ltr'><strong><em>testimo.</em></strong></span> 
     </span>
    </p>
   </div>
   <div class='ocr_carea' id='block_1_15' title="bbox 466 1437 3742 1513">
    <p class='ocr_par' dir='ltr' id='par_1_15' title="bbox 466 1437 3742 1513">
     <span class='ocr_line' id='line_1_15' title="bbox 466 1437 3742 1513; baseline -0.002 -17"><span class='ocrx_word' id='word_1_168' title='bbox 466 1450 469 1453; x_wconf 46' lang='grc' dir='ltr'>λ</span> <span class='ocrx_word' id='word_1_169' title='bbox 532 1442 683 1496; x_wconf 87' lang='lat' dir='ltr'><strong><em>nium</em></strong></span> <span class='ocrx_word' id='word_1_170' title='bbox 708 1440 836 1495; x_wconf 88' lang='lat' dir='ltr'><strong><em>dant</em></strong></span> <span class='ocrx_word' id='word_1_171' title='bbox 871 1440 1188 1494; x_wconf 82' lang='lat' dir='ltr'><strong><em>Anastasius</em></strong></span> <span class='ocrx_word' id='word_1_172' title='bbox 1219 1438 1432 1496; x_wconf 88' lang='lat' dir='ltr'><strong><em>Sinaita</em></strong></span> <span class='ocrx_word' id='word_1_173' title='bbox 1465 1442 1518 1496; x_wconf 90' lang='lat' dir='ltr'><strong><em>in</em></strong></span> <span class='ocrx_word' id='word_1_174' title='bbox 1546 1442 1947 1513; x_wconf 74' lang='lat' dir='ltr'><strong><em>quiestionibus,</em></strong></span> <span class='ocrx_word' id='word_1_175' title='bbox 1979 1443 2032 1506; x_wconf 91' lang='lat'><strong><em>8,</em></strong></span> <span class='ocrx_word' id='word_1_176' title='bbox 2067 1442 2192 1509; x_wconf 73' lang='grc'><strong><em>148,</em></strong></span> <span class='ocrx_word' id='word_1_177' title='bbox 2226 1442 2359 1509; x_wconf 75' lang='grc'><em>155,</em></span> <span class='ocrx_word' id='word_1_178' title='bbox 2399 1440 2671 1496; x_wconf 78' lang='lat' dir='ltr'><strong><em>Macarius</em></strong></span> <span class='ocrx_word' id='word_1_179' title='bbox 2702 1440 3149 1513; x_wconf 80' lang='lat' dir='ltr'><strong><em>Chrysocephalus</em></strong></span> <span class='ocrx_word' id='word_1_180' title='bbox 3180 1440 3234 1493; x_wconf 91' lang='lat' dir='ltr'><strong><em>in</em></strong></span> <span class='ocrx_word' id='word_1_181' title='bbox 3261 1437 3545 1509; x_wconf 76' lang='lat' dir='ltr'><strong><em>Florilegio</em></strong></span> <span class='ocrx_word' id='word_1_182' title='bbox 3567 1455 3583 1505; x_wconf 89' lang='lat'><strong>;</strong></span> <span class='ocrx_word' id='word_1_183' title='bbox 3607 1437 3742 1491; x_wconf 85' lang='lat' dir='ltr'><strong><em>chro-</em></strong></span> 
     </span>
    </p>
   </div>
   <div class='ocr_carea' id='block_1_16' title="bbox 534 1532 3744 1608">
    <p class='ocr_par' dir='ltr' id='par_1_16' title="bbox 534 1532 3744 1608">
     <span class='ocr_line' id='line_1_16' title="bbox 534 1532 3744 1608; baseline -0.001 -18"><span class='ocrx_word' id='word_1_184' title='bbox 534 1535 785 1606; x_wconf 83' lang='lat' dir='ltr'><strong><em>nographi</em></strong></span> <span class='ocrx_word' id='word_1_185' title='bbox 837 1532 1088 1604; x_wconf 84' lang='lat' dir='ltr'><strong><em>Georgius</em></strong></span> <span class='ocrx_word' id='word_1_186' title='bbox 1145 1532 1496 1591; x_wconf 84' lang='lat' dir='ltr'><strong><em>Hamartolus</em></strong></span> <span class='ocrx_word' id='word_1_187' title='bbox 1528 1574 1543 1599; x_wconf 91' lang='lat'><strong><em>,</em></strong></span> <span class='ocrx_word' id='word_1_188' title='bbox 1589 1533 1824 1592; x_wconf 80' lang='lat' dir='ltr'><strong><em>Joannes</em></strong></span> <span class='ocrx_word' id='word_1_189' title='bbox 1858 1534 2093 1603; x_wconf 89' lang='lat' dir='ltr'><strong><em>Siculus,</em></strong></span> <span class='ocrx_word' id='word_1_190' title='bbox 2119 1545 2170 1590; x_wconf 86' lang='lat' dir='ltr'><strong><em>et</em></strong></span> <span class='ocrx_word' id='word_1_191' title='bbox 2198 1534 2465 1592; x_wconf 86' lang='lat' dir='ltr'><strong><em>Cedrenus</em></strong></span> <span class='ocrx_word' id='word_1_192' title='bbox 2487 1553 2616 1608; x_wconf 85' lang='lat' dir='ltr'><strong><em>quos</em></strong></span> <span class='ocrx_word' id='word_1_193' title='bbox 2651 1536 2799 1606; x_wconf 82' lang='lat' dir='ltr'><strong><em>infra</em></strong></span> <span class='ocrx_word' id='word_1_194' title='bbox 2820 1536 3181 1592; x_wconf 82' lang='lat' dir='ltr'><strong><em>laudabimus.</em></strong></span> <span class='ocrx_word' id='word_1_195' title='bbox 3199 1535 3334 1589; x_wconf 85' lang='lat' dir='ltr'><strong><em>Item</em></strong></span> <span class='ocrx_word' id='word_1_196' title='bbox 3348 1544 3531 1590; x_wconf 87' lang='lat' dir='ltr'><strong><em>auctor</em></strong></span> <span class='ocrx_word' id='word_1_197' title='bbox 3544 1533 3744 1588; x_wconf 80' lang='lat' dir='ltr'><strong><em>scholia-</em></strong></span> 
     </span>
    </p>
   </div>
   <div class='ocr_carea' id='block_1_17' title="bbox 534 1623 3745 1697">
    <p class='ocr_par' dir='ltr' id='par_1_17' title="bbox 534 1623 3745 1697">
     <span class='ocr_line' id='line_1_17' title="bbox 534 1623 3745 1697; baseline -0.001 -16"><span class='ocrx_word' id='word_1_198' title='bbox 534 1643 652 1681; x_wconf 90' lang='lat' dir='ltr'><strong><em>rum</em></strong></span> <span class='ocrx_word' id='word_1_199' title='bbox 678 1626 747 1680; x_wconf 90' lang='lat' dir='ltr'><strong><em>ad</em></strong></span> <span class='ocrx_word' id='word_1_200' title='bbox 780 1624 810 1680; x_wconf 94' lang='grc'><strong><em>1</em></strong></span> <span class='ocrx_word' id='word_1_201' title='bbox 840 1625 962 1696; x_wconf 86' lang='lat' dir='ltr'><strong><em>Reg.</em></strong></span> <span class='ocrx_word' id='word_1_202' title='bbox 1001 1642 1116 1695; x_wconf 86' lang='lat' dir='ltr'><strong><em>cap.</em></strong></span> <span class='ocrx_word' id='word_1_203' title='bbox 1143 1641 1202 1688; x_wconf 84' lang='grc' dir='ltr'><strong><em>ιι,</em></strong></span> <span class='ocrx_word' id='word_1_204' title='bbox 1230 1635 1372 1680; x_wconf 87' lang='lat' dir='ltr'><strong><em>cant.</em></strong></span> <span class='ocrx_word' id='word_1_205' title='bbox 1413 1625 1580 1681; x_wconf 74' lang='lat' dir='ltr'><strong><em>Anna:</em></strong></span> <span class='ocrx_word' id='word_1_206' title='bbox 1606 1627 1662 1681; x_wconf 90' lang='lat' dir='ltr'><strong><em>in</em></strong></span> <span class='ocrx_word' id='word_1_207' title='bbox 1684 1624 1898 1682; x_wconf 74' lang='lat' dir='ltr'><strong><em>Sixtina</em></strong></span> <span class='ocrx_word' id='word_1_208' title='bbox 1926 1626 2018 1682; x_wconf 85' lang='lat' dir='ltr'><strong><em>Gr.</em></strong></span> <span class='ocrx_word' id='word_1_209' title='bbox 2048 1625 2308 1693; x_wconf 84' lang='lat' dir='ltr'><strong><em>editione;</em></strong></span> <span class='ocrx_word' id='word_1_210' title='bbox 2340 1638 2449 1680; x_wconf 88' lang='lat' dir='ltr'><strong><em>tum</em></strong></span> <span class='ocrx_word' id='word_1_211' title='bbox 2481 1635 2701 1691; x_wconf 79' lang='lat' dir='ltr'><strong><em>catente,</em></strong></span> <span class='ocrx_word' id='word_1_212' title='bbox 2738 1625 2953 1681; x_wconf 84' lang='lat' dir='ltr'><strong><em>Possini</em></strong></span> <span class='ocrx_word' id='word_1_213' title='bbox 2972 1627 3179 1697; x_wconf 87' lang='lat' dir='ltr'><strong><em>quidem</em></strong></span> <span class='ocrx_word' id='word_1_214' title='bbox 3209 1626 3263 1679; x_wconf 88' lang='lat' dir='ltr'><strong><em>in</em></strong></span> <span class='ocrx_word' id='word_1_215' title='bbox 3289 1623 3531 1680; x_wconf 80' lang='lat' dir='ltr'><strong><em>Marcum</em></strong></span> <span class='ocrx_word' id='word_1_216' title='bbox 3560 1640 3612 1694; x_wconf 89' lang='lat' dir='ltr'><strong><em>p.</em></strong></span> <span class='ocrx_word' id='word_1_217' title='bbox 3632 1624 3745 1679; x_wconf 75' lang='grc'><strong><em>543-</em></strong></span> 
     </span>
    </p>
   </div>
   <div class='ocr_carea' id='block_1_18' title="bbox 534 1716 3746 1787">
    <p class='ocr_par' dir='ltr' id='par_1_18' title="bbox 534 1716 3746 1787">
     <span class='ocr_line' id='line_1_18' title="bbox 534 1716 3746 1787; baseline -0 -15"><span class='ocrx_word' id='word_1_218' title='bbox 534 1717 660 1781; x_wconf 65' lang='grc'><strong><em>564,</em></strong></span> <span class='ocrx_word' id='word_1_219' title='bbox 688 1717 928 1772; x_wconf 89' lang='lat' dir='ltr'><strong><em>Corderii</em></strong></span> <span class='ocrx_word' id='word_1_220' title='bbox 955 1726 1127 1770; x_wconf 90' lang='lat' dir='ltr'><strong><em>autem</em></strong></span> <span class='ocrx_word' id='word_1_221' title='bbox 1159 1718 1215 1770; x_wconf 91' lang='lat' dir='ltr'><strong><em>in</em></strong></span> <span class='ocrx_word' id='word_1_222' title='bbox 1241 1716 1501 1772; x_wconf 78' lang='lat' dir='ltr'><strong><em>Joannem</em></strong></span> <span class='ocrx_word' id='word_1_223' title='bbox 1520 1732 1573 1786; x_wconf 88' lang='lat' dir='ltr'><strong><em>p.</em></strong></span> <span class='ocrx_word' id='word_1_224' title='bbox 1604 1716 1795 1772; x_wconf 64' lang='lat'><strong><em>436-8.</em></strong></span> <span class='ocrx_word' id='word_1_225' title='bbox 1832 1717 2061 1773; x_wconf 88' lang='lat' dir='ltr'><strong><em>Sanctus</em></strong></span> <span class='ocrx_word' id='word_1_226' title='bbox 2094 1717 2426 1782; x_wconf 83' lang='lat' dir='ltr'><strong><em>Ambrosius,</em></strong></span> <span class='ocrx_word' id='word_1_227' title='bbox 2463 1718 2565 1772; x_wconf 90' lang='lat' dir='ltr'><strong><em>etsi</em></strong></span> <span class='ocrx_word' id='word_1_228' title='bbox 2604 1716 2890 1772; x_wconf 88' lang='lat' dir='ltr'><strong><em>Eusebium</em></strong></span> <span class='ocrx_word' id='word_1_229' title='bbox 2912 1717 3224 1771; x_wconf 89' lang='lat' dir='ltr'><strong><em>nominatim</em></strong></span> <span class='ocrx_word' id='word_1_230' title='bbox 3259 1733 3359 1771; x_wconf 88' lang='lat' dir='ltr'><strong><em>non</em></strong></span> <span class='ocrx_word' id='word_1_231' title='bbox 3382 1716 3625 1786; x_wconf 82' lang='lat' dir='ltr'><strong><em>appellat,</em></strong></span> <span class='ocrx_word' id='word_1_232' title='bbox 3649 1717 3746 1787; x_wconf 75' lang='lat' dir='ltr'><strong><em>ejus</em></strong></span> 
     </span>
    </p>
   </div>
   <div class='ocr_carea' id='block_1_19' title="bbox 536 1796 3747 1882">
    <p class='ocr_par' dir='ltr' id='par_1_19' title="bbox 536 1796 3747 1882">
     <span class='ocr_line' id='line_1_19' title="bbox 536 1796 3747 1882; baseline -0.001 -17"><span class='ocrx_word' id='word_1_233' title='bbox 536 1822 711 1866; x_wconf 85' lang='lat' dir='ltr'><strong><em>tamen</em></strong></span> <span class='ocrx_word' id='word_1_234' title='bbox 747 1827 896 1882; x_wconf 88' lang='lat' dir='ltr'><strong><em>opere</em></strong></span> <span class='ocrx_word' id='word_1_235' title='bbox 926 1797 1182 1866; x_wconf 81' lang='lat' dir='ltr'><strong><em>latissime</em></strong></span> <span class='ocrx_word' id='word_1_236' title='bbox 1208 1812 1377 1865; x_wconf 88' lang='lat' dir='ltr'><strong><em>utitur</em></strong></span> <span class='ocrx_word' id='word_1_237' title='bbox 1400 1812 1453 1865; x_wconf 91' lang='lat' dir='ltr'><strong><em>in</em></strong></span> <span class='ocrx_word' id='word_1_238' title='bbox 1484 1811 1889 1867; x_wconf 84' lang='lat' dir='ltr'><strong><em>Commentario</em></strong></span> <span class='ocrx_word' id='word_1_239' title='bbox 1913 1812 1981 1868; x_wconf 86' lang='lat' dir='ltr'><strong><em>ad</em></strong></span> <span class='ocrx_word' id='word_1_240' title='bbox 2012 1796 2213 1867; x_wconf 81' lang='lat' dir='ltr'><strong><em>Lucam</em></strong></span> <span class='ocrx_word' id='word_1_241' title='bbox 2245 1828 2322 1867; x_wconf 78' lang='lat' dir='ltr'><strong><em>lx.</em></strong></span> <span class='ocrx_word' id='word_1_242' title='bbox 2361 1810 2551 1867; x_wconf 84' lang='lat' dir='ltr'><strong><em>Utrum</em></strong></span> <span class='ocrx_word' id='word_1_243' title='bbox 2576 1800 2792 1866; x_wconf 78' lang='lat' dir='ltr'><strong><em>sanctus</em></strong></span> <span class='ocrx_word' id='word_1_244' title='bbox 2820 1803 3169 1882; x_wconf 76' lang='lat' dir='ltr'><strong><em>Augustinus,</em></strong></span> <span class='ocrx_word' id='word_1_245' title='bbox 3192 1810 3282 1880; x_wconf 90' lang='lat' dir='ltr'><strong><em>qui</em></strong></span> <span class='ocrx_word' id='word_1_246' title='bbox 3301 1825 3397 1862; x_wconf 89' lang='lat' dir='ltr'><strong><em>suo</em></strong></span> <span class='ocrx_word' id='word_1_247' title='bbox 3426 1807 3644 1878; x_wconf 85' lang='lat' dir='ltr'><strong><em>quodam</em></strong></span> <span class='ocrx_word' id='word_1_248' title='bbox 3668 1824 3747 1877; x_wconf 87' lang='lat' dir='ltr'><strong><em>pe-</em></strong></span> 
     </span>
    </p>
   </div>
   <div class='ocr_carea' id='block_1_20' title="bbox 535 1899 3748 1977">
    <p class='ocr_par' dir='ltr' id='par_1_20' title="bbox 535 1899 3748 1977">
     <span class='ocr_line' id='line_1_20' title="bbox 535 1899 3748 1977; baseline -0.001 -20"><span class='ocrx_word' id='word_1_249' title='bbox 535 1903 725 1957; x_wconf 80' lang='lat' dir='ltr'><strong><em>culiari</em></strong></span> <span class='ocrx_word' id='word_1_250' title='bbox 755 1901 905 1955; x_wconf 90' lang='lat' dir='ltr'><strong><em>modo</em></strong></span> <span class='ocrx_word' id='word_1_251' title='bbox 933 1903 1235 1973; x_wconf 86' lang='lat' dir='ltr'><strong><em>ingenioque</em></strong></span> <span class='ocrx_word' id='word_1_252' title='bbox 1258 1903 1508 1972; x_wconf 89' lang='lat' dir='ltr'><strong><em>loquitur,</em></strong></span> <span class='ocrx_word' id='word_1_253' title='bbox 1544 1903 1613 1957; x_wconf 86' lang='lat' dir='ltr'><strong><em>ad</em></strong></span> <span class='ocrx_word' id='word_1_254' title='bbox 1644 1902 1928 1959; x_wconf 88' lang='lat' dir='ltr'><strong><em>Eusebium</em></strong></span> <span class='ocrx_word' id='word_1_255' title='bbox 1954 1915 2199 1960; x_wconf 88' lang='lat' dir='ltr'><strong><em>nostrum</em></strong></span> <span class='ocrx_word' id='word_1_256' title='bbox 2230 1907 2534 1977; x_wconf 77' lang='lat' dir='ltr'><strong><em>respexerit,</em></strong></span> <span class='ocrx_word' id='word_1_257' title='bbox 2558 1921 2663 1959; x_wconf 87' lang='lat' dir='ltr'><strong><em>non</em></strong></span> <span class='ocrx_word' id='word_1_258' title='bbox 2688 1903 2916 1975; x_wconf 80' lang='lat' dir='ltr'><strong><em>deﬁnio;</em></strong></span> <span class='ocrx_word' id='word_1_259' title='bbox 2953 1920 3078 1957; x_wconf 88' lang='lat' dir='ltr'><strong><em>nam</em></strong></span> <span class='ocrx_word' id='word_1_260' title='bbox 3122 1901 3274 1957; x_wconf 88' lang='lat' dir='ltr'><strong><em>modo</em></strong></span> <span class='ocrx_word' id='word_1_261' title='bbox 3300 1902 3572 1973; x_wconf 83' lang='lat' dir='ltr'><strong><em>congruit,</em></strong></span> <span class='ocrx_word' id='word_1_262' title='bbox 3612 1899 3748 1955; x_wconf 84' lang='lat' dir='ltr'><strong><em>modo</em></strong></span> 
     </span>
    </p>
   </div>
   <div class='ocr_carea' id='block_1_21' title="bbox 535 1992 3749 2069">
    <p class='ocr_par' dir='ltr' id='par_1_21' title="bbox 535 1992 3749 2069">
     <span class='ocr_line' id='line_1_21' title="bbox 535 1992 3749 2069; baseline 0 -22"><span class='ocrx_word' id='word_1_263' title='bbox 535 1994 782 2056; x_wconf 84' lang='lat' dir='ltr'><strong><em>dissidet,</em></strong></span> <span class='ocrx_word' id='word_1_264' title='bbox 837 1995 974 2064; x_wconf 91' lang='lat' dir='ltr'><strong><em>quod</em></strong></span> <span class='ocrx_word' id='word_1_265' title='bbox 1006 1995 1105 2049; x_wconf 90' lang='lat' dir='ltr'><strong><em>tali</em></strong></span> <span class='ocrx_word' id='word_1_266' title='bbox 1135 1996 1190 2050; x_wconf 92' lang='lat' dir='ltr'><strong><em>in</em></strong></span> <span class='ocrx_word' id='word_1_267' title='bbox 1221 2012 1372 2066; x_wconf 85' lang='lat' dir='ltr'><strong><em>opere</em></strong></span> <span class='ocrx_word' id='word_1_268' title='bbox 1424 1997 1541 2066; x_wconf 78' lang='lat' dir='ltr'><strong><em>ﬁeri</em></strong></span> <span class='ocrx_word' id='word_1_269' title='bbox 1585 2014 1788 2053; x_wconf 88' lang='lat' dir='ltr'><strong><em>necesse</em></strong></span> <span class='ocrx_word' id='word_1_270' title='bbox 1819 2008 1917 2054; x_wconf 91' lang='lat' dir='ltr'><strong><em>est.</em></strong></span> <span class='ocrx_word' id='word_1_271' title='bbox 1959 1998 2012 2054; x_wconf 94' lang='lat'><strong><em>9.</em></strong></span> <span class='ocrx_word' id='word_1_272' title='bbox 2062 1998 2289 2054; x_wconf 84' lang='lat' dir='ltr'><strong><em>Sanctus</em></strong></span> <span class='ocrx_word' id='word_1_273' title='bbox 2325 1999 2677 2069; x_wconf 83' lang='lat' dir='ltr'><strong><em>Hieronymus</em></strong></span> <span class='ocrx_word' id='word_1_274' title='bbox 2727 1997 2783 2051; x_wconf 93' lang='lat' dir='ltr'><strong><em>in</em></strong></span> <span class='ocrx_word' id='word_1_275' title='bbox 2809 1997 3020 2052; x_wconf 89' lang='lat' dir='ltr'><strong><em>Comm.</em></strong></span> <span class='ocrx_word' id='word_1_276' title='bbox 3051 1994 3120 2050; x_wconf 84' lang='lat' dir='ltr'><strong><em>ad</em></strong></span> <span class='ocrx_word' id='word_1_277' title='bbox 3148 1992 3339 2048; x_wconf 82' lang='lat' dir='ltr'><strong><em>Matth.</em></strong></span> <span class='ocrx_word' id='word_1_278' title='bbox 3364 2034 3381 2060; x_wconf 93' lang='lat'><strong><em>,</em></strong></span> <span class='ocrx_word' id='word_1_279' title='bbox 3419 1992 3514 2047; x_wconf 87' lang='lat' dir='ltr'><strong><em>sub</em></strong></span> <span class='ocrx_word' id='word_1_280' title='bbox 3544 1993 3681 2047; x_wconf 86' lang='lat' dir='ltr'><strong><em>initio</em></strong></span> <span class='ocrx_word' id='word_1_281' title='bbox 3706 2002 3749 2047; x_wconf 89' lang='lat' dir='ltr'><strong><em>et</em></strong></span> 
     </span>
    </p>
   </div>
   <div class='ocr_carea' id='block_1_22' title="bbox 537 2082 3749 2162">
    <p class='ocr_par' dir='ltr' id='par_1_22' title="bbox 537 2082 3749 2162">
     <span class='ocr_line' id='line_1_22' title="bbox 537 2082 3749 2162; baseline 0 -22"><span class='ocrx_word' id='word_1_282' title='bbox 537 2089 659 2156; x_wconf 75' lang='lat' dir='ltr'><strong><em>ﬁne,</em></strong></span> <span class='ocrx_word' id='word_1_283' title='bbox 680 2099 744 2140; x_wconf 76' lang='lat' dir='ltr'><strong><em>ex</em></strong></span> <span class='ocrx_word' id='word_1_284' title='bbox 776 2082 1087 2140; x_wconf 85' lang='lat' dir='ltr'><strong><em>Eusebianis</em></strong></span> <span class='ocrx_word' id='word_1_285' title='bbox 1108 2088 1485 2156; x_wconf 65' lang='lat' dir='ltr'><strong><em>quaestionibus</em></strong></span> <span class='ocrx_word' id='word_1_286' title='bbox 1512 2088 1713 2155; x_wconf 86' lang='lat' dir='ltr'><strong><em>haurit,</em></strong></span> <span class='ocrx_word' id='word_1_287' title='bbox 1752 2099 1801 2144; x_wconf 91' lang='lat' dir='ltr'><strong><em>et</em></strong></span> <span class='ocrx_word' id='word_1_288' title='bbox 1829 2092 2039 2162; x_wconf 88' lang='lat' dir='ltr'><strong><em>quidem</em></strong></span> <span class='ocrx_word' id='word_1_289' title='bbox 2068 2105 2132 2145; x_wconf 75' lang='lat' dir='ltr'><strong><em>ex</em></strong></span> <span class='ocrx_word' id='word_1_290' title='bbox 2152 2090 2263 2147; x_wconf 88' lang='lat' dir='ltr'><strong><em>illis</em></strong></span> <span class='ocrx_word' id='word_1_291' title='bbox 2294 2092 2362 2146; x_wconf 90' lang='lat' dir='ltr'><strong><em>ad</em></strong></span> <span class='ocrx_word' id='word_1_292' title='bbox 2393 2091 2664 2146; x_wconf 78' lang='lat' dir='ltr'><strong><em>Marinum</em></strong></span> <span class='ocrx_word' id='word_1_293' title='bbox 2695 2087 3024 2143; x_wconf 82' lang='lat' dir='ltr'><strong><em>abundanter</em></strong></span> <span class='ocrx_word' id='word_1_294' title='bbox 3046 2088 3100 2143; x_wconf 92' lang='lat' dir='ltr'><strong><em>in</em></strong></span> <span class='ocrx_word' id='word_1_295' title='bbox 3132 2086 3353 2157; x_wconf 87' lang='lat' dir='ltr'><strong><em>epistola</em></strong></span> <span class='ocrx_word' id='word_1_296' title='bbox 3387 2086 3515 2149; x_wconf 71' lang='lat'><strong><em>120,</em></strong></span> <span class='ocrx_word' id='word_1_297' title='bbox 3537 2101 3675 2157; x_wconf 89' lang='lat' dir='ltr'><strong><em>capp.</em></strong></span> <span class='ocrx_word' id='word_1_298' title='bbox 3699 2087 3749 2152; x_wconf 75' lang='lat'><strong><em>5,</em></strong></span> 
     </span>
    </p>
   </div>
   <div class='ocr_carea' id='block_1_23' title="bbox 535 2175 3748 2255">
    <p class='ocr_par' dir='ltr' id='par_1_23' title="bbox 535 2175 3748 2255">
     <span class='ocr_line' id='line_1_23' title="bbox 535 2175 3748 2255; baseline 0.002 -24"><span class='ocrx_word' id='word_1_299' title='bbox 535 2178 590 2242; x_wconf 71' lang='grc'><strong><em>4,</em></strong></span> <span class='ocrx_word' id='word_1_300' title='bbox 632 2177 684 2242; x_wconf 84' lang='grc'><strong><em>5,</em></strong></span> <span class='ocrx_word' id='word_1_301' title='bbox 707 2177 761 2242; x_wconf 88' lang='lat'><strong><em>6,</em></strong></span> <span class='ocrx_word' id='word_1_302' title='bbox 795 2177 846 2243; x_wconf 88' lang='lat'><strong><em>7,</em></strong></span> <span class='ocrx_word' id='word_1_303' title='bbox 880 2177 933 2231; x_wconf 90' lang='lat'><strong><em>9.</em></strong></span> <span class='ocrx_word' id='word_1_304' title='bbox 975 2175 1271 2252; x_wconf 79' lang='lat' dir='ltr'><strong><em>theroqui</em></strong></span> <span class='ocrx_word' id='word_1_305' title='bbox 1295 2179 1502 2237; x_wconf 67' lang='lat' dir='ltr'><strong><em>Graecos</em></strong></span> <span class='ocrx_word' id='word_1_306' title='bbox 1540 2182 1833 2254; x_wconf 71' lang='lat' dir='ltr'><strong><em>praesertim</em></strong></span> <span class='ocrx_word' id='word_1_307' title='bbox 1865 2182 2175 2238; x_wconf 89' lang='lat' dir='ltr'><strong><em>biblicarum</em></strong></span> <span class='ocrx_word' id='word_1_308' title='bbox 2204 2186 2552 2255; x_wconf 65' lang='lat' dir='ltr'><strong><em>quastionum</em></strong></span> <span class='ocrx_word' id='word_1_309' title='bbox 2582 2193 2844 2249; x_wconf 87' lang='lat' dir='ltr'><strong><em>auctores,</em></strong></span> <span class='ocrx_word' id='word_1_310' title='bbox 2879 2198 3102 2255; x_wconf 83' lang='lat' dir='ltr'><strong><em>quorum</em></strong></span> <span class='ocrx_word' id='word_1_311' title='bbox 3132 2182 3317 2253; x_wconf 88' lang='lat' dir='ltr'><strong><em>longus</em></strong></span> <span class='ocrx_word' id='word_1_312' title='bbox 3344 2179 3616 2252; x_wconf 78' lang='lat' dir='ltr'><strong><em>catalogus</em></strong></span> <span class='ocrx_word' id='word_1_313' title='bbox 3641 2196 3748 2238; x_wconf 83' lang='lat' dir='ltr'><strong><em>cou-</em></strong></span> 
     </span>
    </p>
   </div>
   <div class='ocr_carea' id='block_1_24' title="bbox 540 2267 2207 2362">
    <p class='ocr_par' dir='ltr' id='par_1_24' title="bbox 540 2267 2207 2362">
     <span class='ocr_line' id='line_1_24' title="bbox 540 2267 2207 2362; baseline 0.006 -39"><span class='ocrx_word' id='word_1_314' title='bbox 540 2269 644 2323; x_wconf 73' lang='lat' dir='ltr'><strong><em>tezi</em></strong></span> <span class='ocrx_word' id='word_1_315' title='bbox 676 2277 865 2337; x_wconf 91' lang='lat' dir='ltr'><strong><em>potest,</em></strong></span> <span class='ocrx_word' id='word_1_316' title='bbox 894 2267 1178 2326; x_wconf 87' lang='lat' dir='ltr'><strong><em>Eusebium</em></strong></span> <span class='ocrx_word' id='word_1_317' title='bbox 1205 2288 1315 2343; x_wconf 66' lang='lat' dir='ltr'><strong><em>prce</em></strong></span> <span class='ocrx_word' id='word_1_318' title='bbox 1341 2275 1508 2331; x_wconf 90' lang='lat' dir='ltr'><strong><em>oculis</em></strong></span> <span class='ocrx_word' id='word_1_319' title='bbox 1532 2271 1807 2362; x_wconf 65' lang='lat' dir='ltr'><strong><em>habuisse,</em></strong></span> <span class='ocrx_word' id='word_1_320' title='bbox 1831 2278 1945 2347; x_wconf 89' lang='lat' dir='ltr'><strong><em>quis</em></strong></span> <span class='ocrx_word' id='word_1_321' title='bbox 1967 2277 2207 2333; x_wconf 83' lang='lat' dir='ltr'><strong><em>dubitet?</em></strong></span> 
     </span>
    </p>
   </div>
   <div class='ocr_carea' id='block_1_25' title="bbox 1551 2624 2775 2763">
    <p class='ocr_par' dir='ltr' id='par_1_25' title="bbox 1551 2624 2775 2763">
     <span class='ocr_line' id='line_1_25' title="bbox 1551 2624 2775 2763; baseline 0.004 -54"><span class='ocrx_word' id='word_1_322' title='bbox 1551 2624 2007 2710; x_wconf 82' lang='grc' dir='ltr'><strong><em>ΕΚΛΟΓΗ</em></strong></span> <span class='ocrx_word' id='word_1_323' title='bbox 2045 2626 2188 2712; x_wconf 90' lang='grc' dir='ltr'><strong><em>ΕΝ</em></strong></span> <span class='ocrx_word' id='word_1_324' title='bbox 2242 2627 2775 2763; x_wconf 76' lang='grc' dir='ltr'><strong><em>ΣΥΝΤΟΜῼ</em></strong></span> 
     </span>
    </p>
   </div>
   <div class='ocr_carea' id='block_1_26' title="bbox 1763 2802 2570 2861">
    <p class='ocr_par' dir='ltr' id='par_1_26' title="bbox 1763 2802 2570 2861">
     <span class='ocr_line' id='line_1_26' title="bbox 1763 2802 2570 2861; baseline 0.005 -4"><span class='ocrx_word' id='word_1_325' title='bbox 1763 2802 1858 2859; x_wconf 77' lang='grc' dir='ltr'><strong><em>ΕΚ</em></strong></span> <span class='ocrx_word' id='word_1_326' title='bbox 1894 2803 2030 2857; x_wconf 82' lang='grc' dir='ltr'><strong><em>ΤΩΝ</em></strong></span> <span class='ocrx_word' id='word_1_327' title='bbox 2068 2804 2570 2861; x_wconf 82' lang='grc' dir='ltr'><strong><em>ΣΥΝΤΕΘΕΝΤΩΝ</em></strong></span> 
     </span>
    </p>
   </div>
   <div class='ocr_carea' id='block_1_27' title="bbox 793 2967 3531 3121">
    <p class='ocr_par' dir='ltr' id='par_1_27' title="bbox 793 2967 3531 3121">
     <span class='ocr_line' id='line_1_27' title="bbox 793 2967 3531 3121; baseline 0.009 -26"><span class='ocrx_word' id='word_1_328' title='bbox 793 2967 1143 3102; x_wconf 75' lang='grc' dir='ltr'><strong><em>ΥΠο</em></strong></span> <span class='ocrx_word' id='word_1_329' title='bbox 1219 2970 2020 3105; x_wconf 83' lang='grc' dir='ltr'><strong><em>ΕΥΣΕΒΙΟΥ</em></strong></span> <span class='ocrx_word' id='word_1_330' title='bbox 2096 2973 2559 3107; x_wconf 86' lang='grc' dir='ltr'><strong><em>ΠΡΟΣ</em></strong></span> <span class='ocrx_word' id='word_1_331' title='bbox 2641 2973 3531 3121; x_wconf 82' lang='grc' dir='ltr'><strong><em>ΣΤΕΦΑΝΟΝ</em></strong></span> 
     </span>
    </p>
   </div>
   <div class='ocr_carea' id='block_1_28' title="bbox 1664 3199 2680 3263">
    <p class='ocr_par' dir='ltr' id='par_1_28' title="bbox 1664 3199 2680 3263">
     <span class='ocr_line' id='line_1_28' title="bbox 1664 3199 2680 3263; baseline 0.007 -8"><span class='ocrx_word' id='word_1_332' title='bbox 1664 3199 1850 3256; x_wconf 82' lang='grc' dir='ltr'><strong><em>ΠΕΡΙ</em></strong></span> <span class='ocrx_word' id='word_1_333' title='bbox 1891 3202 2031 3258; x_wconf 85' lang='grc' dir='ltr'><strong><em>ΤΩΝ</em></strong></span> <span class='ocrx_word' id='word_1_334' title='bbox 2056 3204 2161 3258; x_wconf 85' lang='grc' dir='ltr'><strong><em>ΕΝ</em></strong></span> <span class='ocrx_word' id='word_1_335' title='bbox 2187 3203 2680 3263; x_wconf 78' lang='grc' dir='ltr'><strong><em>ΕΥΑΓΓΕΛΙΟῙΣ</em></strong></span> 
     </span>
    </p>
   </div>
   <div class='ocr_carea' id='block_1_29' title="bbox 1152 3359 3158 3494">
    <p class='ocr_par' dir='ltr' id='par_1_29' title="bbox 1152 3359 3158 3494">
     <span class='ocr_line' id='line_1_29' title="bbox 1152 3359 3158 3494; baseline 0.008 -19"><span class='ocrx_word' id='word_1_336' title='bbox 1152 3359 2099 3486; x_wconf 84' lang='grc' dir='ltr'><strong><em>ΖΗΤΗΜΑΤΩΝ</em></strong></span> <span class='ocrx_word' id='word_1_337' title='bbox 2173 3373 2447 3484; x_wconf 87' lang='grc' dir='ltr'><strong><em>ΚΑΙ</em></strong></span> <span class='ocrx_word' id='word_1_338' title='bbox 2539 3368 3158 3494; x_wconf 89' lang='grc' dir='ltr'><strong><em>ΛΥΣΕΩΝ.</em></strong></span> 
     </span>
    </p>
   </div>
   <div class='ocr_carea' id='block_1_30' title="bbox 1488 3686 2824 3817">
    <p class='ocr_par' dir='ltr' id='par_1_30' title="bbox 1488 3686 2824 3817">
     <span class='ocr_line' id='line_1_30' title="bbox 1488 3686 2824 3817; baseline 0.013 -19"><span class='ocrx_word' id='word_1_339' title='bbox 1488 3686 2114 3807; x_wconf 86' lang='grc' dir='ltr'><strong><em>ΕΡΙΤΟΜΕ</em></strong></span> <span class='ocrx_word' id='word_1_340' title='bbox 2193 3695 2622 3814; x_wconf 89' lang='lat' dir='ltr'><strong><em>SELEC</em></strong></span> <span class='ocrx_word' id='word_1_341' title='bbox 2641 3702 2824 3817; x_wconf 94' lang='lat' dir='ltr'><strong>TA</strong></span> 
     </span>
    </p>
   </div>
   <div class='ocr_carea' id='block_1_31' title="bbox 1916 3933 2417 3983">
    <p class='ocr_par' dir='ltr' id='par_1_31' title="bbox 1916 3933 2417 3983">
     <span class='ocr_line' id='line_1_31' title="bbox 1916 3933 2417 3983; baseline 0.016 -8"><span class='ocrx_word' id='word_1_342' title='bbox 1916 3933 2004 3976; x_wconf 70' lang='lat' dir='ltr'><strong><em>EX</em></strong></span> <span class='ocrx_word' id='word_1_343' title='bbox 2043 3933 2417 3983; x_wconf 79' lang='lat' dir='ltr'><strong><em>COMPOSITIS</em></strong></span> 
     </span>
    </p>
   </div>
   <div class='ocr_carea' id='block_1_32' title="bbox 1010 4088 3290 4246">
    <p class='ocr_par' dir='ltr' id='par_1_32' title="bbox 1010 4088 3290 4246">
     <span class='ocr_line' id='line_1_32' title="bbox 1010 4088 3290 4246; baseline 0.012 -30"><span class='ocrx_word' id='word_1_344' title='bbox 1010 4088 1211 4219; x_wconf 82' lang='lat' dir='ltr'><strong>AB</strong></span> <span class='ocrx_word' id='word_1_345' title='bbox 1289 4093 1951 4228; x_wconf 87' lang='lat' dir='ltr'><strong><em>EUSEBIO</em></strong></span> <span class='ocrx_word' id='word_1_346' title='bbox 2041 4103 2249 4230; x_wconf 87' lang='lat' dir='ltr'><strong>AD</strong></span> <span class='ocrx_word' id='word_1_347' title='bbox 2329 4104 3290 4246; x_wconf 86' lang='lat' dir='ltr'><strong><em>STEPHANUM</em></strong></span> 
     </span>
    </p>
   </div>
   <div class='ocr_carea' id='block_1_33' title="bbox 1836 4331 2490 4397">
    <p class='ocr_par' dir='ltr' id='par_1_33' title="bbox 1836 4331 2490 4397">
     <span class='ocr_line' id='line_1_33' title="bbox 1836 4331 2490 4397; baseline 0.012 -8"><span class='ocrx_word' id='word_1_348' title='bbox 1836 4331 2043 4391; x_wconf 80' lang='lat' dir='ltr'><strong><em>CIRCA</em></strong></span> <span class='ocrx_word' id='word_1_349' title='bbox 2098 4335 2490 4397; x_wconf 76' lang='lat' dir='ltr'><strong><em>EVANGELIA</em></strong></span> 
     </span>
    </p>
   </div>
   <div class='ocr_carea' id='block_1_34' title="bbox 1078 4500 3256 4616">
    <p class='ocr_par' dir='ltr' id='par_1_34' title="bbox 1078 4500 3256 4616">
     <span class='ocr_line' id='line_1_34' title="bbox 1078 4500 3256 4616; baseline 0.013 -27"><span class='ocrx_word' id='word_1_350' title='bbox 1078 4500 1870 4608; x_wconf 65' lang='lat' dir='ltr'><strong><em>QUIESTIONIB</em></strong></span> <span class='ocrx_word' id='word_1_351' title='bbox 1893 4508 2027 4597; x_wconf 90' lang='lat' dir='ltr'><strong><em>US</em></strong></span> <span class='ocrx_word' id='word_1_352' title='bbox 2096 4508 2234 4600; x_wconf 89' lang='lat' dir='ltr'><strong><em>AC</em></strong></span> <span class='ocrx_word' id='word_1_353' title='bbox 2306 4512 3256 4616; x_wconf 79' lang='lat' dir='ltr'><strong><em>SOLUTIONIBUS.</em></strong></span> 
     </span>
    </p>
   </div>
   <div class='ocr_carea' id='block_1_35' title="bbox 1304 4798 3038 4876">
    <p class='ocr_par' dir='ltr' id='par_1_35' title="bbox 1304 4798 3038 4876">
     <span class='ocr_line' id='line_1_35' title="bbox 1304 4798 3038 4876; baseline 0.014 -25"><span class='ocrx_word' id='word_1_354' title='bbox 1304 4798 1342 4852; x_wconf 85' lang='grc'><em>1.</em></span> <span class='ocrx_word' id='word_1_355' title='bbox 2960 4824 3038 4876; x_wconf 81' lang='lat' dir='ltr'><strong><em>A&#39;.</em></strong></span> 
     </span>
    </p>
   </div>
   <div class='ocr_carea' id='block_1_36' title="bbox 538 4904 2125 4989">
    <p class='ocr_par' dir='ltr' id='par_1_36' title="bbox 538 4904 2103 4989">
     <span class='ocr_line' id='line_1_36' title="bbox 538 4904 2103 4989; baseline 0.006 -25"><span class='ocrx_word' id='word_1_356' title='bbox 538 4904 647 4964; x_wconf 81' lang='lat' dir='ltr'><strong><em>Cur</em></strong></span> <span class='ocrx_word' id='word_1_357' title='bbox 696 4907 1026 4978; x_wconf 75' lang='lat' dir='ltr'><strong><em>euangelista:</em></strong></span> <span class='ocrx_word' id='word_1_358' title='bbox 1077 4907 1463 4989; x_wconf 83' lang='lat' dir='ltr'><strong><em>Josephi,__non</em></strong></span> <span class='ocrx_word' id='word_1_359' title='bbox 1492 4922 1664 4967; x_wconf 86' lang='lat' dir='ltr'><strong><em>autem</em></strong></span> <span class='ocrx_word' id='word_1_360' title='bbox 1705 4907 1916 4986; x_wconf 60' lang='lat' dir='ltr'><strong><em>Maria},</em></strong></span> <span class='ocrx_word' id='word_1_361' title='bbox 1942 4934 2103 4986; x_wconf 87' lang='lat' dir='ltr'><strong><em>genus</em></strong></span> 
     </span>
    </p>
   </div>
   <div class='ocr_carea' id='block_1_37' title="bbox 2209 4904 3712 4989">
    <p class='ocr_par' dir='ltr' id='par_1_37' title="bbox 2285 4904 3712 4989">
     <span class='ocr_line' id='line_1_37' title="bbox 2285 4904 3712 4989; baseline 0.015 -33"><span class='ocrx_word' id='word_1_362' title='bbox 2285 4904 2387 4958; x_wconf 77' lang='grc' dir='ltr'><strong><em>Διὰ</em></strong></span> <span class='ocrx_word' id='word_1_363' title='bbox 2418 4905 2475 4958; x_wconf 85' lang='grc' dir='ltr'><em>τι</em></span> <span class='ocrx_word' id='word_1_364' title='bbox 2507 4905 2613 4960; x_wconf 81' lang='grc' dir='ltr'><strong><em>τὸν</em></strong></span> <span class='ocrx_word' id='word_1_365' title='bbox 2658 4909 2894 4979; x_wconf 73' lang='grc' dir='ltr'><strong><em>Ἰωσὴφ,</em></strong></span> <span class='ocrx_word' id='word_1_366' title='bbox 2932 4912 3072 4967; x_wconf 71' lang='grc' dir='ltr'><strong><em>ἀλλ’</em></strong></span> <span class='ocrx_word' id='word_1_367' title='bbox 3106 4910 3178 4969; x_wconf 84' lang='grc' dir='ltr'>οὐ</span> <span class='ocrx_word' id='word_1_368' title='bbox 3224 4913 3338 4985; x_wconf 80' lang='grc' dir='ltr'><strong><em>τὴν</em></strong></span> <span class='ocrx_word' id='word_1_369' title='bbox 3369 4919 3628 4989; x_wconf 69' lang='grc' dir='ltr'>Μαρίαν,</span> <span class='ocrx_word' id='word_1_370' title='bbox 3658 4922 3712 4976; x_wconf 86' lang='grc' dir='ltr'>οι</span> 
     </span>
    </p>
   </div>
   <div class='ocr_carea' id='block_1_38' title="bbox 1218 4981 2125 5078">
    <p class='ocr_par' dir='ltr' id='par_1_38' title="bbox 1218 4981 1961 5036">
     <span class='ocr_line' id='line_1_38' title="bbox 1218 4981 1961 5036; baseline 0.005 -1"><span class='ocrx_word' id='word_1_371' title='bbox 1218 4981 1474 5036; x_wconf 85' lang='lat' dir='ltr'><strong><em>scribant.</em></strong></span> <span class='ocrx_word' id='word_1_372' title='bbox 1902 4981 1910 4986; x_wconf 77' lang='grc'><em>’</em></span> <span class='ocrx_word' id='word_1_373' title='bbox 1943 4981 1961 4986; x_wconf 64' lang='grc'>⁷</span> 
     </span>
    </p>
   </div>
   <div class='ocr_carea' id='block_1_39' title="bbox 2209 4981 3466 5078">
    <p class='ocr_par' dir='ltr' id='par_1_39' title="bbox 2535 4981 3466 5078">
     <span class='ocr_line' id='line_1_39' title="bbox 2535 4981 3466 5078; baseline 0.012 -24"><span class='ocrx_word' id='word_1_374' title='bbox 2535 5000 2945 5070; x_wconf 68' lang='grc' dir='ltr'>εὐαγγελισται</span> <span class='ocrx_word' id='word_1_375' title='bbox 2979 4981 3466 5078; x_wconf 57' lang='grc' dir='ltr'>γενεαλογοῦσιν,</span> 
     </span>
    </p>
   </div>
   <div class='ocr_carea' id='block_1_40' title="bbox 605 5067 2125 5171">
    <p class='ocr_par' dir='ltr' id='par_1_40' title="bbox 605 5067 2107 5144">
     <span class='ocr_line' id='line_1_40' title="bbox 605 5067 2107 5144; baseline 0.005 -20"><span class='ocrx_word' id='word_1_376' title='bbox 605 5067 713 5137; x_wconf 72' lang='lat' dir='ltr'><strong><em>Qm&#39;</em></strong></span> <span class='ocrx_word' id='word_1_377' title='bbox 738 5069 816 5135; x_wconf 83' lang='lat' dir='ltr'><strong><em>ﬁt,</em></strong></span> <span class='ocrx_word' id='word_1_378' title='bbox 849 5079 909 5125; x_wconf 89' lang='lat' dir='ltr'><strong><em>ut</em></strong></span> <span class='ocrx_word' id='word_1_379' title='bbox 937 5069 1217 5127; x_wconf 89' lang='lat' dir='ltr'><strong><em>Christum</em></strong></span> <span class='ocrx_word' id='word_1_380' title='bbox 1248 5073 1598 5143; x_wconf 54' lang='lat' dir='ltr'><strong><em>evangelista:</em></strong></span> <span class='ocrx_word' id='word_1_381' title='bbox 1627 5083 1884 5144; x_wconf 85' lang='lat' dir='ltr'><strong><em>tanquam</em></strong></span> <span class='ocrx_word' id='word_1_382' title='bbox 1930 5092 1961 5131; x_wconf 88' lang='lat' dir='ltr'><strong><em>a</em></strong></span> <span class='ocrx_word' id='word_1_383' title='bbox 2001 5077 2107 5132; x_wconf 88' lang='lat' dir='ltr'><strong><em>Da-</em></strong></span> 
     </span>
    </p>
   </div>
   <div class='ocr_carea' id='block_1_41' title="bbox 2209 5067 3768 5171">
    <p class='ocr_par' dir='ltr' id='par_1_41' title="bbox 2284 5067 3768 5171">
     <span class='ocr_line' id='line_1_41' title="bbox 2284 5067 3768 5171; baseline 0.011 -33"><span class='ocrx_word' id='word_1_384' title='bbox 2284 5086 2452 5141; x_wconf 86' lang='grc' dir='ltr'>Πόθεν</span> <span class='ocrx_word' id='word_1_385' title='bbox 2500 5089 2592 5143; x_wconf 82' lang='grc' dir='ltr'>τὸν</span> <span class='ocrx_word' id='word_1_386' title='bbox 2632 5067 2865 5163; x_wconf 83' lang='grc' dir='ltr'>Χριστὸν</span> <span class='ocrx_word' id='word_1_387' title='bbox 2903 5067 3128 5158; x_wconf 62' lang='grc' dir='ltr'>ιῦςύἱὸν</span> <span class='ocrx_word' id='word_1_388' title='bbox 3166 5067 3332 5153; x_wconf 57' lang='grc' dir='ltr'><strong><em>Δείόὶδ</em></strong></span> <span class='ocrx_word' id='word_1_389' title='bbox 3369 5102 3768 5171; x_wconf 74' lang='grc' dir='ltr'>γενεαλογούσις</span> 
     </span>
    </p>
   </div>
   <div class='ocr_carea' id='block_1_42' title="bbox 533 5159 2125 5265">
    <p class='ocr_par' dir='ltr' id='par_1_42' title="bbox 533 5159 2107 5240">
     <span class='ocr_line' id='line_1_42' title="bbox 533 5159 2107 5240; baseline 0.004 -22"><span class='ocrx_word' id='word_1_390' title='bbox 533 5160 658 5218; x_wconf 85' lang='lat' dir='ltr'><strong><em>vide</em></strong></span> <span class='ocrx_word' id='word_1_391' title='bbox 680 5178 853 5232; x_wconf 81' lang='lat' dir='ltr'><strong><em>genus</em></strong></span> <span class='ocrx_word' id='word_1_392' title='bbox 887 5164 1173 5219; x_wconf 86' lang='lat' dir='ltr'><strong><em>ducentem</em></strong></span> <span class='ocrx_word' id='word_1_393' title='bbox 1198 5159 1459 5220; x_wconf 73' lang='lat' dir='ltr'><strong><em>narrent?</em></strong></span> <span class='ocrx_word' id='word_1_394' title='bbox 1495 5164 1732 5222; x_wconf 88' lang='lat' dir='ltr'><strong><em>Prorsus</em></strong></span> <span class='ocrx_word' id='word_1_395' title='bbox 1763 5178 1988 5240; x_wconf 84' lang='lat' dir='ltr'><strong><em>propter</em></strong></span> <span class='ocrx_word' id='word_1_396' title='bbox 2013 5169 2107 5225; x_wconf 85' lang='lat' dir='ltr'><strong><em>Jo-</em></strong></span> 
     </span>
    </p>
   </div>
   <div class='ocr_carea' id='block_1_43' title="bbox 2209 5159 3769 5265">
    <p class='ocr_par' dir='ltr' id='par_1_43' title="bbox 2214 5159 3769 5265">
     <span class='ocr_line' id='line_1_43' title="bbox 2214 5159 3769 5265; baseline 0.014 -36"><span class='ocrx_word' id='word_1_397' title='bbox 2214 5176 2429 5242; x_wconf 83' lang='grc' dir='ltr'><strong><em>πάντως</em></strong></span> <span class='ocrx_word' id='word_1_398' title='bbox 2452 5181 2534 5233; x_wconf 80' lang='grc' dir='ltr'><strong><em>ὅτι</em></strong></span> <span class='ocrx_word' id='word_1_399' title='bbox 2559 5181 2645 5236; x_wconf 77' lang='grc' dir='ltr'><strong><em>διὰ</em></strong></span> <span class='ocrx_word' id='word_1_400' title='bbox 2675 5159 2765 5237; x_wconf 57' lang='grc' dir='ltr'><strong><em>’ξὺν</em></strong></span> <span class='ocrx_word' id='word_1_401' title='bbox 2816 5185 3013 5257; x_wconf 80' lang='grc' dir='ltr'><strong><em>Ἰωσὴφ</em></strong></span> <span class='ocrx_word' id='word_1_402' title='bbox 3056 5188 3149 5242; x_wconf 84' lang='grc' dir='ltr'>τὸν</span> <span class='ocrx_word' id='word_1_403' title='bbox 3178 5191 3242 5243; x_wconf 81' lang='grc' dir='ltr'>ἐκ</span> <span class='ocrx_word' id='word_1_404' title='bbox 3280 5159 3441 5247; x_wconf 67' lang='grc' dir='ltr'>Δαέὶδ</span> <span class='ocrx_word' id='word_1_405' title='bbox 3475 5159 3769 5265; x_wconf 47' lang='grc' dir='ltr'>γεγονόταί</span> 
     </span>
    </p>
   </div>
   <div class='ocr_carea' id='block_1_44' title="bbox 535 5253 2125 5358">
    <p class='ocr_par' dir='ltr' id='par_1_44' title="bbox 535 5253 2103 5330">
     <span class='ocr_line' id='line_1_44' title="bbox 535 5253 2103 5330; baseline 0.007 -21"><span class='ocrx_word' id='word_1_406' title='bbox 535 5253 764 5318; x_wconf 83' lang='lat' dir='ltr'><strong><em>sephum</em></strong></span> <span class='ocrx_word' id='word_1_407' title='bbox 815 5253 1035 5311; x_wconf 80' lang='lat' dir='ltr'><strong><em>Davidis</em></strong></span> <span class='ocrx_word' id='word_1_408' title='bbox 1062 5254 1318 5327; x_wconf 70' lang='lat' dir='ltr'><strong><em>prosapia</em></strong></span> <span class='ocrx_word' id='word_1_409' title='bbox 1364 5260 1627 5329; x_wconf 82' lang='lat' dir='ltr'><strong><em>genitum.</em></strong></span> <span class='ocrx_word' id='word_1_410' title='bbox 1671 5262 1831 5330; x_wconf 85' lang='lat' dir='ltr'><strong><em>Atqui</em></strong></span> <span class='ocrx_word' id='word_1_411' title='bbox 1866 5278 1971 5317; x_wconf 89' lang='lat' dir='ltr'><strong><em>non</em></strong></span> <span class='ocrx_word' id='word_1_412' title='bbox 2006 5264 2103 5320; x_wconf 84' lang='lat' dir='ltr'><strong><em>abs</em></strong></span> 
     </span>
    </p>
   </div>
   <div class='ocr_carea' id='block_1_45' title="bbox 2209 5253 3772 5358">
    <p class='ocr_par' dir='ltr' id='par_1_45' title="bbox 2210 5253 3772 5358">
     <span class='ocr_line' id='line_1_45' title="bbox 2210 5253 3772 5358; baseline 0.013 -35"><span class='ocrx_word' id='word_1_413' title='bbox 2210 5271 2322 5324; x_wconf 88' lang='grc' dir='ltr'>ἀλλ’</span> <span class='ocrx_word' id='word_1_414' title='bbox 2354 5272 2454 5326; x_wconf 83' lang='grc' dir='ltr'><strong><em>οὐκ</em></strong></span> <span class='ocrx_word' id='word_1_415' title='bbox 2476 5274 2541 5327; x_wconf 62' lang='grc' dir='ltr'><strong><em>ὲκ</em></strong></span> <span class='ocrx_word' id='word_1_416' title='bbox 2564 5274 2659 5328; x_wconf 84' lang='grc' dir='ltr'><strong><em>τοῦ</em></strong></span> <span class='ocrx_word' id='word_1_417' title='bbox 2700 5276 2898 5349; x_wconf 81' lang='grc' dir='ltr'><strong><em>Ἰωσὴφ</em></strong></span> <span class='ocrx_word' id='word_1_418' title='bbox 2916 5281 2944 5334; x_wconf 84' lang='grc' dir='ltr'>ὁ</span> <span class='ocrx_word' id='word_1_419' title='bbox 2961 5253 3223 5349; x_wconf 19' lang='grc' dir='ltr'><strong><em>τΧριστὸς,</em></strong></span> <span class='ocrx_word' id='word_1_420' title='bbox 3248 5282 3362 5336; x_wconf 78' lang='grc' dir='ltr'>ἀλλ’</span> <span class='ocrx_word' id='word_1_421' title='bbox 3383 5285 3447 5338; x_wconf 80' lang='grc' dir='ltr'><strong>ἐκ</strong></span> <span class='ocrx_word' id='word_1_422' title='bbox 3470 5253 3772 5358; x_wconf 56' lang='lat' dir='ltr'><strong><em>instituto;</em></strong></span> 
     </span>
    </p>
   </div>
   <div class='ocr_carea' id='block_1_46' title="bbox 532 5343 2125 5451">
    <p class='ocr_par' dir='ltr' id='par_1_46' title="bbox 532 5343 2105 5419">
     <span class='ocr_line' id='line_1_46' title="bbox 532 5343 2105 5419; baseline 0.004 -20"><span class='ocrx_word' id='word_1_423' title='bbox 532 5343 774 5415; x_wconf 81' lang='lat' dir='ltr'><strong><em>Joscpho</em></strong></span> <span class='ocrx_word' id='word_1_424' title='bbox 799 5345 1052 5403; x_wconf 86' lang='lat' dir='ltr'><strong><em>Christus</em></strong></span> <span class='ocrx_word' id='word_1_425' title='bbox 1085 5355 1192 5413; x_wconf 88' lang='lat' dir='ltr'><strong><em>est,</em></strong></span> <span class='ocrx_word' id='word_1_426' title='bbox 1240 5348 1337 5403; x_wconf 87' lang='lat' dir='ltr'><strong><em>sed</em></strong></span> <span class='ocrx_word' id='word_1_427' title='bbox 1381 5364 1411 5402; x_wconf 85' lang='lat' dir='ltr'><strong><em>a</em></strong></span> <span class='ocrx_word' id='word_1_428' title='bbox 1446 5358 1639 5404; x_wconf 84' lang='lat' dir='ltr'><strong><em>sancto</em></strong></span> <span class='ocrx_word' id='word_1_429' title='bbox 1671 5348 1877 5419; x_wconf 81' lang='lat' dir='ltr'><strong><em>Spiritu</em></strong></span> <span class='ocrx_word' id='word_1_430' title='bbox 1910 5358 1963 5404; x_wconf 88' lang='lat' dir='ltr'><strong><em>et</em></strong></span> <span class='ocrx_word' id='word_1_431' title='bbox 1994 5350 2105 5405; x_wconf 80' lang='lat' dir='ltr'><strong><em>Ma-</em></strong></span> 
     </span>
    </p>
   </div>
   <div class='ocr_carea' id='block_1_47' title="bbox 2209 5343 3773 5451">
    <p class='ocr_par' dir='ltr' id='par_1_47' title="bbox 2210 5343 3773 5451">
     <span class='ocr_line' id='line_1_47' title="bbox 2210 5343 3773 5451; baseline 0.011 -36"><span class='ocrx_word' id='word_1_432' title='bbox 2210 5363 2363 5431; x_wconf 81' lang='grc' dir='ltr'>ἁγίου</span> <span class='ocrx_word' id='word_1_433' title='bbox 2398 5366 2493 5418; x_wconf 74' lang='grc' dir='ltr'>καὶ</span> <span class='ocrx_word' id='word_1_434' title='bbox 2522 5368 2759 5439; x_wconf 80' lang='grc' dir='ltr'><strong><em>Μαρίας,</em></strong></span> <span class='ocrx_word' id='word_1_435' title='bbox 2793 5343 3060 5442; x_wconf 61' lang='grc' dir='ltr'><strong><em>ὤξφησίν</em></strong></span> <span class='ocrx_word' id='word_1_436' title='bbox 3092 5375 3125 5443; x_wconf 87' lang='grc' dir='ltr'><strong>ἡ</strong></span> <span class='ocrx_word' id='word_1_437' title='bbox 3160 5343 3348 5447; x_wconf 54' lang='grc' dir='ltr'>Ϋραφή</span> <span class='ocrx_word' id='word_1_438' title='bbox 3368 5393 3383 5408; x_wconf 74' lang='grc' dir='ltr'><strong><em>ο</em></strong></span> <span class='ocrx_word' id='word_1_439' title='bbox 3420 5343 3773 5451; x_wconf 75' lang='grc' dir='ltr'>ἐχρῆν</span> 
     </span>
    </p>
   </div>
   <div class='ocr_carea' id='block_1_48' title="bbox 533 5443 2103 5525">
    <p class='ocr_par' dir='ltr' id='par_1_48' title="bbox 533 5443 2103 5525">
     <span class='ocr_line' id='line_1_48' title="bbox 533 5443 2103 5525; baseline 0.006 -25"><span class='ocrx_word' id='word_1_440' title='bbox 533 5443 637 5512; x_wconf 87' lang='lat' dir='ltr'><strong><em>ria,</em></strong></span> <span class='ocrx_word' id='word_1_441' title='bbox 677 5453 737 5499; x_wconf 92' lang='lat' dir='ltr'><strong><em>ut</em></strong></span> <span class='ocrx_word' id='word_1_442' title='bbox 780 5445 856 5501; x_wconf 89' lang='lat' dir='ltr'><strong><em>ait</em></strong></span> <span class='ocrx_word' id='word_1_443' title='bbox 887 5446 1195 5518; x_wconf 82' lang='lat' dir='ltr'><strong><em>Scriptura.</em></strong></span> <span class='ocrx_word' id='word_1_444' title='bbox 1234 5446 1579 5519; x_wconf 87' lang='lat' dir='ltr'><strong><em>Oportuisset</em></strong></span> <span class='ocrx_word' id='word_1_445' title='bbox 1605 5450 1772 5521; x_wconf 83' lang='lat' dir='ltr'><strong><em>igitur</em></strong></span> <span class='ocrx_word' id='word_1_446' title='bbox 1800 5450 1983 5507; x_wconf 68' lang='lat' dir='ltr'><strong><em>Maria:</em></strong></span> <span class='ocrx_word' id='word_1_447' title='bbox 2011 5469 2103 5525; x_wconf 84' lang='lat' dir='ltr'><strong><em>ge-</em></strong></span> 
     </span>
    </p>
   </div>
   <div class='ocr_carea' id='block_1_49' title="bbox 532 5535 2106 5607">
    <p class='ocr_par' dir='ltr' id='par_1_49' title="bbox 532 5535 2106 5607">
     <span class='ocr_line' id='line_1_49' title="bbox 532 5535 2106 5607; baseline 0.008 -19"><span class='ocrx_word' id='word_1_448' title='bbox 532 5550 640 5589; x_wconf 88' lang='lat' dir='ltr'><strong><em>nus</em></strong></span> <span class='ocrx_word' id='word_1_449' title='bbox 669 5535 936 5599; x_wconf 83' lang='lat' dir='ltr'><strong><em>enarrari,</em></strong></span> <span class='ocrx_word' id='word_1_450' title='bbox 972 5536 1239 5607; x_wconf 83' lang='lat' dir='ltr'><strong><em>siquidem</em></strong></span> <span class='ocrx_word' id='word_1_451' title='bbox 1272 5539 1475 5594; x_wconf 85' lang='lat' dir='ltr'><strong><em>Christi</em></strong></span> <span class='ocrx_word' id='word_1_452' title='bbox 1534 5548 1767 5596; x_wconf 87' lang='lat' dir='ltr'><strong><em>stemma</em></strong></span> <span class='ocrx_word' id='word_1_453' title='bbox 1800 5557 1911 5597; x_wconf 89' lang='lat' dir='ltr'><strong><em>non</em></strong></span> <span class='ocrx_word' id='word_1_454' title='bbox 1949 5540 2106 5600; x_wconf 74' lang='lat' dir='ltr'><strong><em>lose-</em></strong></span> 
     </span>
    </p>
   </div>
   <div class='ocr_carea' id='block_1_50' title="bbox 414 5627 2103 5700">
    <p class='ocr_par' dir='ltr' id='par_1_50' title="bbox 414 5627 2103 5700">
     <span class='ocr_line' id='line_1_50' title="bbox 414 5627 2103 5700; baseline 0.008 -23"><span class='ocrx_word' id='word_1_455' title='bbox 414 5662 423 5670; x_wconf 90' lang='lat'><strong><em>.</em></strong></span> <span class='ocrx_word' id='word_1_456' title='bbox 532 5627 624 5698; x_wconf 86' lang='lat' dir='ltr'><strong><em>phi</em></strong></span> <span class='ocrx_word' id='word_1_457' title='bbox 656 5628 1072 5692; x_wconf 81' lang='lat' dir='ltr'><strong><em>contexebatur,</em></strong></span> <span class='ocrx_word' id='word_1_458' title='bbox 1098 5630 1165 5683; x_wconf 82' lang='lat' dir='ltr'><strong><em>ad</em></strong></span> <span class='ocrx_word' id='word_1_459' title='bbox 1201 5646 1362 5700; x_wconf 85' lang='lat' dir='ltr'><strong><em>quem</em></strong></span> <span class='ocrx_word' id='word_1_460' title='bbox 1401 5629 1608 5687; x_wconf 87' lang='lat' dir='ltr'><strong><em>Christi</em></strong></span> <span class='ocrx_word' id='word_1_461' title='bbox 1634 5632 1874 5688; x_wconf 85' lang='lat' dir='ltr'><strong><em>humana</em></strong></span> <span class='ocrx_word' id='word_1_462' title='bbox 1904 5642 2103 5691; x_wconf 84' lang='lat' dir='ltr'><strong><em>natura</em></strong></span> 
     </span>
    </p>
   </div>
   <div class='ocr_carea' id='block_1_51' title="bbox 534 5718 2105 5791">
    <p class='ocr_par' dir='ltr' id='par_1_51' title="bbox 534 5718 2105 5791">
     <span class='ocr_line' id='line_1_51' title="bbox 534 5718 2105 5791; baseline 0.008 -20"><span class='ocrx_word' id='word_1_463' title='bbox 534 5718 671 5774; x_wconf 79' lang='lat' dir='ltr'><strong><em>nihil</em></strong></span> <span class='ocrx_word' id='word_1_464' title='bbox 694 5720 948 5791; x_wconf 82' lang='lat' dir='ltr'><strong><em>pertinet,</em></strong></span> <span class='ocrx_word' id='word_1_465' title='bbox 984 5720 1114 5790; x_wconf 84' lang='lat' dir='ltr'><strong><em>quia</em></strong></span> <span class='ocrx_word' id='word_1_466' title='bbox 1149 5722 1367 5791; x_wconf 81' lang='lat' dir='ltr'><strong><em>genitus</em></strong></span> <span class='ocrx_word' id='word_1_467' title='bbox 1404 5722 1474 5778; x_wconf 86' lang='lat' dir='ltr'><strong><em>ab</em></strong></span> <span class='ocrx_word' id='word_1_468' title='bbox 1520 5739 1586 5779; x_wconf 90' lang='lat' dir='ltr'><strong><em>eo</em></strong></span> <span class='ocrx_word' id='word_1_469' title='bbox 1636 5740 1745 5780; x_wconf 87' lang='lat' dir='ltr'><strong><em>non</em></strong></span> <span class='ocrx_word' id='word_1_470' title='bbox 1813 5724 1935 5783; x_wconf 77' lang='lat' dir='ltr'><strong><em>fuit.</em></strong></span> <span class='ocrx_word' id='word_1_471' title='bbox 1984 5726 2105 5783; x_wconf 89' lang='lat' dir='ltr'><strong><em>Jam</em></strong></span> 
     </span>
    </p>
   </div>
   <div class='ocr_carea' id='block_1_52' title="bbox 532 5809 2104 5886">
    <p class='ocr_par' dir='ltr' id='par_1_52' title="bbox 532 5809 2104 5886">
     <span class='ocr_line' id='line_1_52' title="bbox 532 5809 2104 5886; baseline 0.009 -23"><span class='ocrx_word' id='word_1_472' title='bbox 532 5825 664 5866; x_wconf 77' lang='lat' dir='ltr'><strong><em>vero</em></strong></span> <span class='ocrx_word' id='word_1_473' title='bbox 712 5810 759 5867; x_wconf 80' lang='lat' dir='ltr'><strong><em>si</em></strong></span> <span class='ocrx_word' id='word_1_474' title='bbox 805 5809 967 5867; x_wconf 86' lang='lat' dir='ltr'><strong><em>Jcsus</em></strong></span> <span class='ocrx_word' id='word_1_475' title='bbox 1002 5828 1031 5867; x_wconf 87' lang='lat' dir='ltr'><strong><em>a</em></strong></span> <span class='ocrx_word' id='word_1_476' title='bbox 1059 5809 1296 5886; x_wconf 79' lang='lat' dir='ltr'><strong><em>Josepho</em></strong></span> <span class='ocrx_word' id='word_1_477' title='bbox 1344 5830 1455 5870; x_wconf 91' lang='lat' dir='ltr'><strong><em>non</em></strong></span> <span class='ocrx_word' id='word_1_478' title='bbox 1504 5815 1683 5872; x_wconf 88' lang='lat' dir='ltr'><strong><em>oritur</em></strong></span> <span class='ocrx_word' id='word_1_479' title='bbox 1724 5817 1820 5874; x_wconf 88' lang='lat' dir='ltr'><strong><em>sed</em></strong></span> <span class='ocrx_word' id='word_1_480' title='bbox 1852 5834 1883 5875; x_wconf 88' lang='lat' dir='ltr'><strong><em>a</em></strong></span> <span class='ocrx_word' id='word_1_481' title='bbox 1932 5818 2104 5877; x_wconf 79' lang='lat' dir='ltr'><strong><em>Maria</em></strong></span> 
     </span>
    </p>
   </div>
   <div class='ocr_carea' id='block_1_53' title="bbox 2205 5457 3770 5540">
    <p class='ocr_par' dir='ltr' id='par_1_53' title="bbox 2205 5457 3770 5540">
     <span class='ocr_line' id='line_1_53' title="bbox 2205 5457 3770 5540; baseline 0.011 -32"><span class='ocrx_word' id='word_1_482' title='bbox 2205 5458 2303 5525; x_wconf 76' lang='grc' dir='ltr'>τὴν</span> <span class='ocrx_word' id='word_1_483' title='bbox 2336 5457 2552 5529; x_wconf 81' lang='grc' dir='ltr'>Μαρίαν</span> <span class='ocrx_word' id='word_1_484' title='bbox 2581 5462 2945 5530; x_wconf 75' lang='grc' dir='ltr'>γενεαλογεῖν,</span> <span class='ocrx_word' id='word_1_485' title='bbox 2980 5463 3138 5536; x_wconf 79' lang='grc' dir='ltr'>εἴπερ</span> <span class='ocrx_word' id='word_1_486' title='bbox 3164 5465 3254 5520; x_wconf 79' lang='grc' dir='ltr'><strong><em>τὸν</em></strong></span> <span class='ocrx_word' id='word_1_487' title='bbox 3275 5468 3511 5540; x_wconf 71' lang='grc' dir='ltr'>Χριστὸν</span> <span class='ocrx_word' id='word_1_488' title='bbox 3531 5468 3770 5539; x_wconf 75' lang='grc' dir='ltr'>γενεαλο-</span> 
     </span>
    </p>
   </div>
   <div class='ocr_carea' id='block_1_54' title="bbox 2210 5548 3773 5631">
    <p class='ocr_par' dir='ltr' id='par_1_54' title="bbox 2210 5548 3773 5631">
     <span class='ocr_line' id='line_1_54' title="bbox 2210 5548 3773 5631; baseline 0.009 -31"><span class='ocrx_word' id='word_1_489' title='bbox 2210 5550 2327 5615; x_wconf 88' lang='grc' dir='ltr'>γεῖν</span> <span class='ocrx_word' id='word_1_490' title='bbox 2362 5548 2665 5617; x_wconf 75' lang='grc' dir='ltr'>ἐϐούλοντο,</span> <span class='ocrx_word' id='word_1_491' title='bbox 2709 5551 2823 5605; x_wconf 84' lang='grc' dir='ltr'><strong><em>ἀλλ’</em></strong></span> <span class='ocrx_word' id='word_1_492' title='bbox 2866 5554 2928 5607; x_wconf 82' lang='grc' dir='ltr'>οὐ</span> <span class='ocrx_word' id='word_1_493' title='bbox 2960 5553 3052 5609; x_wconf 78' lang='grc' dir='ltr'><strong><em>τὸν</em></strong></span> <span class='ocrx_word' id='word_1_494' title='bbox 3092 5553 3309 5630; x_wconf 81' lang='grc' dir='ltr'><strong><em>Ἰωσὴφ,</em></strong></span> <span class='ocrx_word' id='word_1_495' title='bbox 3341 5552 3387 5628; x_wconf 80' lang='grc' dir='ltr'><strong>ᾧ</strong></span> <span class='ocrx_word' id='word_1_496' title='bbox 3422 5560 3590 5631; x_wconf 82' lang='grc' dir='ltr'><strong><em>μηδὲν</em></strong></span> <span class='ocrx_word' id='word_1_497' title='bbox 3617 5573 3773 5631; x_wconf 73' lang='grc' dir='ltr'>προσ-</span> 
     </span>
    </p>
   </div>
   <div class='ocr_carea' id='block_1_55' title="bbox 2210 5640 3776 5722">
    <p class='ocr_par' dir='ltr' id='par_1_55' title="bbox 2210 5640 3776 5722">
     <span class='ocr_line' id='line_1_55' title="bbox 2210 5640 3776 5722; baseline 0.008 -30"><span class='ocrx_word' id='word_1_498' title='bbox 2210 5640 2359 5711; x_wconf 83' lang='grc' dir='ltr'>ήκων</span> <span class='ocrx_word' id='word_1_499' title='bbox 2391 5640 2649 5712; x_wconf 79' lang='grc' dir='ltr'>τυγχάνει</span> <span class='ocrx_word' id='word_1_500' title='bbox 2683 5643 2825 5697; x_wconf 76' lang='grc' dir='ltr'>κατὰ</span> <span class='ocrx_word' id='word_1_501' title='bbox 2856 5644 3035 5717; x_wconf 79' lang='grc' dir='ltr'>σάρκα</span> <span class='ocrx_word' id='word_1_502' title='bbox 3072 5648 3102 5701; x_wconf 87' lang='grc' dir='ltr'>ὁ</span> <span class='ocrx_word' id='word_1_503' title='bbox 3123 5648 3385 5719; x_wconf 82' lang='grc' dir='ltr'><strong><em>Χριστὸς,</em></strong></span> <span class='ocrx_word' id='word_1_504' title='bbox 3423 5651 3497 5722; x_wconf 85' lang='grc' dir='ltr'>μὴ</span> <span class='ocrx_word' id='word_1_505' title='bbox 3534 5650 3595 5716; x_wconf 75' lang='grc' dir='ltr'><strong><em>ἐξ</em></strong></span> <span class='ocrx_word' id='word_1_506' title='bbox 3618 5645 3776 5705; x_wconf 67' lang='grc' dir='ltr'><strong><em>αξιςῶ</em></strong></span> 
     </span>
    </p>
   </div>
   <div class='ocr_carea' id='block_1_56' title="bbox 2210 5734 3774 5812">
    <p class='ocr_par' dir='ltr' id='par_1_56' title="bbox 2210 5734 3774 5812">
     <span class='ocr_line' id='line_1_56' title="bbox 2210 5734 3774 5812; baseline 0.009 -29"><span class='ocrx_word' id='word_1_507' title='bbox 2210 5734 2623 5804; x_wconf 70' lang='grc' dir='ltr'>γεγεννημένος·</span> <span class='ocrx_word' id='word_1_508' title='bbox 2662 5737 2708 5788; x_wconf 76' lang='grc' dir='ltr'>εἰ</span> <span class='ocrx_word' id='word_1_509' title='bbox 2737 5735 2793 5789; x_wconf 84' lang='grc' dir='ltr'><strong><em>δὲ</em></strong></span> <span class='ocrx_word' id='word_1_510' title='bbox 2834 5736 2909 5809; x_wconf 81' lang='grc' dir='ltr'>μὴ</span> <span class='ocrx_word' id='word_1_511' title='bbox 2942 5736 3003 5802; x_wconf 80' lang='grc' dir='ltr'>ἐξ</span> <span class='ocrx_word' id='word_1_512' title='bbox 3034 5738 3200 5794; x_wconf 80' lang='grc' dir='ltr'>αὐτοῦ</span> <span class='ocrx_word' id='word_1_513' title='bbox 3230 5744 3485 5812; x_wconf 77' lang='grc' dir='ltr'><strong><em>τυγχάνει</em></strong></span> <span class='ocrx_word' id='word_1_514' title='bbox 3518 5739 3627 5807; x_wconf 82' lang='grc' dir='ltr'>ὢν,</span> <span class='ocrx_word' id='word_1_515' title='bbox 3664 5737 3774 5796; x_wconf 72' lang='lat' dir='ltr'><strong><em>m‘</em></strong></span> 
     </span>
    </p>
   </div>
   <div class='ocr_carea' id='block_1_57' title="bbox 2211 5824 3776 5904">
    <p class='ocr_par' dir='ltr' id='par_1_57' title="bbox 2211 5824 3776 5904">
     <span class='ocr_line' id='line_1_57' title="bbox 2211 5824 3776 5904; baseline 0.006 -27"><span class='ocrx_word' id='word_1_516' title='bbox 2211 5824 2274 5878; x_wconf 81' lang='grc' dir='ltr'>ἐκ</span> <span class='ocrx_word' id='word_1_517' title='bbox 2292 5826 2459 5898; x_wconf 81' lang='grc' dir='ltr'><strong><em>μόνης</em></strong></span> <span class='ocrx_word' id='word_1_518' title='bbox 2486 5827 2584 5898; x_wconf 79' lang='grc' dir='ltr'><strong><em>τῆς</em></strong></span> <span class='ocrx_word' id='word_1_519' title='bbox 2611 5830 2847 5901; x_wconf 79' lang='grc' dir='ltr'>Μαρίας,</span> <span class='ocrx_word' id='word_1_520' title='bbox 2874 5831 2974 5885; x_wconf 81' lang='grc' dir='ltr'><strong><em>οὐκ</em></strong></span> <span class='ocrx_word' id='word_1_521' title='bbox 2999 5830 3066 5886; x_wconf 83' lang='grc' dir='ltr'>ἂν</span> <span class='ocrx_word' id='word_1_522' title='bbox 3091 5831 3176 5904; x_wconf 75' lang='grc' dir='ltr'><strong><em>εἴη</em></strong></span> <span class='ocrx_word' id='word_1_523' title='bbox 3196 5834 3259 5887; x_wconf 81' lang='grc' dir='ltr'><strong><em>ἐκ</em></strong></span> <span class='ocrx_word' id='word_1_524' title='bbox 3274 5835 3368 5890; x_wconf 79' lang='grc' dir='ltr'><strong><em>τοῦ</em></strong></span> <span class='ocrx_word' id='word_1_525' title='bbox 3380 5833 3566 5901; x_wconf 71' lang='grc' dir='ltr'><strong><em>Δαόὶδ,</em></strong></span> <span class='ocrx_word' id='word_1_526' title='bbox 3594 5830 3776 5903; x_wconf 68' lang='grc' dir='ltr'><strong><em>ἐπειδὴ</em></strong></span> 
     </span>
    </p>
   </div>
  </div>
