4054 6408
374 318 472 374 881

904 306 1363 380 ΩυᾸὶδῑιοΝΕΒ
1397 302 1855 361 EVANGELKIIE
1890 301 1955 355 Al

2054 297 2459 355 .TEPHANUMt
2497 328 2567 339 —
2601 294 2928 363 QUAES'I‘IO
2964 293 3006 351 ι.

3476 290 3582 349 882

367 433 469 503 τὴν
496 430 712 502 Μαρίαν
732 430 906 492 οὐδεὶς
932 428 1084 497 λόγος
1108 426 1484 481 ἀποδείκνυσιν
1515 424 1622 478 ἀπὸ
1649 420 1813 477 Δαῦὶδ
1838 437 1930 489 γε·

2054 417 2433 484 antummodo,
2463 417 2512 473 is
2535 430 2603 471 ue
2627 429 2657 470 a
2680 414 2886 471 Davide
2912 412 3133 485 quidem
3171 420 3256 467 est
3291 428 3306 465 :
3339 408 3585 503 quando—

370 519 622 592 νομένηνο
657 520 832 591 μάτην
853 518 960 589 ἄρα
979 518 1069 571 τὸν
1093 516 1323 588 Χριστὸν
1351 516 1416 569 ἐκ
1445 513 1753 586 σπέρματος
1771 510 1932 565 Δαϐὶδ

370 607 676 682 θρυλλοῦσι,
718 610 854 680 μήτε
879 607 971 662 τοῦ
1001 608 1198 678 Ἰωσὴφ
1226 607 1354 660 ὄντα
1382 605 1516 669 υἱὸν,
1540 605 1674 676 μήτε
1698 602 1797 673 τῆς
1814 602 1933 656 Μα-

373 702 495 775 ρίας
527 701 634 756 ἀπὸ
664 700 825 755 Δαθὶδ
860 699 1356 770 γενεαλογουμένης
1375 715 1389 728 ⁸
1418 696 1638 751 τοιαῦτα
1684 694 1781 766 μέν
1811 711 1936 748 τινα

370 795 433 848 τὸ
460 793 674 866 πρῶτον
699 792 806 847 τῶν
833 792 1193 864 ἠπορημένων
1222 791 1459 862 περιεῖχε
1480 805 1494 819 ο
1520 788 1671 852 λύσις
1693 788 1737 841 δ’
1766 786 1934 857 ἂνεῖη

370 886 523 959 αὐτῷ
550 885 668 957 ῆδε.

443 1065 514 1115 α’.
563 1059 683 1113 Τῶν
708 1059 801 1114 τοῦ
845 1060 1094 1133 Σωτῆρος
1135 1060 1292 1132 ἡμῶν
1332 1060 1504 1133 Ἰησοῦ
1532 1060 1768 1132 Χριστοῦ
1800 1060 1941 1132 πρά-

376 1150 532 1218 ξεων,
561 1151 631 1206 τὰ
660 1152 759 1222 μὲν
786 1151 1088 1206 σιωπᾶσθαι
1123 1152 1415 1221 ἀναγκαῖον
1440 1146 1508 1223 ῆν
1534 1154 1645 1216 τοῖς
1674 1152 1796 1205 τότε
1814 1191 1831 1217 ,
1872 1152 1940 1207 τὰ

375 1243 434 1296 δέ
461 1245 541 1307 είς
580 1242 790 1297 πολλῶν
836 1244 1004 1308 ἀκοὰς
1043 1242 1324 1307 διεδίδοτο,
1356 1243 1457 1296 ὅσα
1499 1242 1635 1315 πρὸς
1678 1241 1941 1312 ὠφέλειαν

376 1335 578 1407 ῆμελλε
620 1334 1018 1407 συμϐάλλεσθαι
1052 1336 1162 1398 τοῖς
1192 1333 1578 1407 ἀκροωμένοις*
1606 1328 1718 1388 οἷον
1750 1322 1824 1394 ῶς
1852 1334 1945 1387 ἐπὶ

379 1426 819 1500 παραδείγματος
837 1426 1152 1499 τριακοστὸν
1173 1426 1321 1494 ἄγων
1334 1426 1434 1497 τῆς
1445 1418 1539 1480 τοῦ
1561 1425 1810 1498 σώματος
1825 1426 1942 1499 ἠλι-

378 1518 505 1583 κίας
534 1517 673 1583 ἔτος,
703 1518 950 1590 πάρεισιν
986 1519 1078 1573 ἐπὶ
1104 1518 1165 1572 τὸ
1201 1517 1352 1590 παρὰ
1386 1518 1463 1589 τῷ
1501 1518 1721 1591 Ἰωάννῃ
1748 1518 1944 1589 βάπτι-

382 1627 527 1682 σμα·
574 1612 669 1665 καὶ
701 1609 947 1665 ἐντεῦθεν
986 1609 1289 1682 ἀπάρχεται
1324 1610 1426 1681 τῆς
1467 1610 1814 1674 διδασκαλίας
1850 1597 1956 1664 καί

380 1700 492 1754 τῶν
518 1699 812 1773 τεραστίων
835 1700 1008 1770 ἔργων
1024 1718 1038 1732 ·
1069 1700 1187 1755 τίνα
1220 1701 1278 1755 δὲ
1301 1701 1370 1755 τὰ
1396 1701 1503 1774 πρὸ
1525 1701 1615 1756 τοῦ
1644 1701 1946 1773 βαπτίσμα-

2032 511 2250 583 quidem
2300 509 2525 565 Mariam
2550 508 2718 579 nulla
2762 507 2996 562 historia
3042 502 3247 559 Davide
3298 502 3585 558 oriundam

2034 606 2393 661 demonstrat.
2432 599 2663 658 Temere
2709 600 2879 671 igitur
2905 595 3256 669 evangelista:
3304 593 3587 650 Christum

2034 692 2258 751 Davidis
2288 706 2489 764 genere
2517 697 2699 747 ortum
2736 690 3037 751 celebrant,
3060 701 3184 742 cum
3215 700 3393 756 neque
3424 686 3474 741 is
3496 682 3589 739 Jo-
3640 674 3648 681 ’

2034 783 2189 855 sephi
2228 784 2300 839 sit
2346 782 2514 851 illius,
2562 795 2741 851 neque
2769 779 2997 834 Mariam
3041 779 3099 834 in
3132 776 3335 832 familia
3369 774 3591 838 Davidis

2036 875 2211 932 fuisse
2227 873 2536 931 docuerint.
2563 870 2953 945 Hujuscemodi
2983 876 3105 926 erat
3130 868 3364 940 quastio
3388 867 3586 940 prima,

2037 981 2160 1038 qua:
2180 964 2263 1023 sic
2291 964 2630 1023 dissolvitur.

2109 1058 2163 1114 Ι.
2204 1056 2317 1113 Res
2360 1054 2493 1113 Jcsu
2533 1055 2737 1112 Christi
2795 1052 3102 1110 Senatoris
3157 1050 3336 1107 nostri
3388 1048 3591 1120 partim

2037 1151 2176 1207 clam
2210 1148 2413 1205 habere
2448 1148 2733 1219 oportebat
2761 1148 2977 1202 illorum
3004 1155 3305 1215 temporum
3355 1140 3592 1196 homini—

2039 1243 2181 1307 bus;
2211 1239 2411 1311 partim
2448 1254 2580 1296 vero
2622 1239 2691 1294 ad
2733 1252 3077 1295 communem
3126 1235 3373 1293 notitiam
3405 1230 3595 1288 θίγοι-ο-

2040 1331 2264 1399 bantur,
2308 1344 2647 1402 quaecunque
2697 1328 3047 1384 audientibus
3097 1327 3386 1383 utilitatem
3439 1328 3597 1379 erant

2042 1425 2308 1483 allatura.
2344 1421 2524 1479 Veluti
2554 1420 2742 1485 Jesus,
2794 1429 2854 1476 ut
2887 1419 3090 1490 aliquid
3138 1417 3370 1488 exempli
3429 1430 3597 1473 causa

2041 1515 2244 1583 dicam,
2299 1514 2548 1570 mortalis
2581 1514 2755 1568 aatatis
2796 1513 3131 1568 tricesimum
3182 1523 3385 1564 annum
3429 1522 3599 1579 agens

2044 1609 2266 1665 stititse
2296 1607 2511 1679 publice
2543 1606 2611 1661 ad
2650 1604 2882 1660 Joannis
2909 1604 3203 1674 baptisma,
3258 1610 3423 1672 atque
3471 1601 3600 1655 hinc

2049 1700 2177 1758 fecit
2206 1700 2424 1756 initium
2452 1697 2756 1771 magisterii
2810 1698 2894 1754 sui
2929 1711 2994 1752 ac
3023 1695 3432 1769 prodigiorum:
3469 1694 3601 1765 quid

383 1812 477 1860 τος
510 1769 658 1858 ἐντὸς
685 1794 821 1848 ὅλων
846 1769 981 1848 ἐτῶν
1004 1795 1296 1866 τριάκοντα
1326 1769 1831 1866 πραγθένταήαῠτῷ,
1847 1769 1948 1849 ὀὺ-

2054 1800 2233 1851 tamen
2260 1791 2400 1848 citra
2426 1769 2771 1847 tricesimum
2811 1804 3014 1844 annum
3042 1787 3295 1860 gesserit,
3325 1787 3474 1841 nulla
3518 1786 3603 1839 hi-

384 1883 545 1954 δεμία
571 1882 779 1954 ἱστορία
810 1882 958 1954 δηλοῖ
978 1923 992 1947 ,
1019 1884 1125 1938 οὐδ’
1159 1884 1303 1937 ἐστιν
1332 1885 1440 1938 ἀπό
1470 1901 1611 1947 τινος
1634 1885 1782 1949 θείας
1811 1885 1950 1957 Γρα-

386 1974 494 2044 φῆς
520 1974 611 2029 τὸν
629 1974 732 2048 πρὸ
750 1975 938 2029 τούτου
968 1977 1301 2048 καταμαθεῖν
1329 1976 1492 2031 αὐτοῦ
1519 1975 1651 2048 βίον.
1676 1974 1836 2031 Ἀλλὰ
1855 1976 1950 2030 καὶ

386 2066 448 2134 ἐξ
465 2060 634 2139 οὗπερ
664 2068 744 2132 είς
772 2069 979 2133 πάντας
1009 2068 1273 2140 ἐγνώσθη,
1289 2070 1357 2124 τὰ
1386 2070 1486 2140 μὲν
1512 2070 1592 2133 είς
1621 2069 1789 2134 ἀκοὰς
1816 2069 1953 2127 πάν-

387 2173 498 2211 των
527 2158 807 2229 ἐκήρυττε,
823 2159 892 2212 τὰ
908 2159 963 2212 δὲ
987 2160 1178 2231 μόνους
1205 2161 1329 2224 τοὺς
1352 2159 1519 2216 αὑτοῦ
1548 2159 1790 2231 μαθητὰς
1816 2160 1952 2231 ἐμυ-

390 2248 661 2318 σταγώγει
679 2266 694 2283 ο
730 2250 825 2304 καὶ
850 2250 978 2304 ποτὲ
1008 2251 1108 2322 μὲν
1135 2249 1572 2321 παραδοξοποιῶν
1594 2251 1824 2322 παρῄνει
1852 2267 1955 2321 μη-

389 2337 503 2392 δενὶ
524 2338 723 2406 λέγειν,
759 2340 888 2393 ποτὲ
914 2339 973 2393 δέ
989 2340 1117 2394 ἄνευ
1133 2340 1233 2409 τῆς
1257 2338 1465 2393 τοιᾶσδε
1492 2324 1864 2411 παραινέσεως
1883 2339 1954 2393 τὰ

392 2429 669 2502 θαυμάσια
698 2431 1107 2503 ωτειργάζετο.
1140 2433 1234 2485 ’Ἐν
1264 2431 1327 2503 δὴ
1348 2427 1439 2485 οὖν
1476 2431 1707 2499 μάλιστα
1731 2430 1838 2484 τῶν
1869 2448 1955 2483 σε-

394 2518 651 2590 σιγῆσθαι
694 2520 1064 2592 δεδογμένων,
1095 2520 1158 2575 τὸ
1209 2521 1347 2576 κατὰ
1391 2523 1490 2593 τὴν
1536 2521 1745 2591 γένεσιν
1790 2520 1955 2575 αὐτοῦ

392 2611 579 2683 θαῦμα
608 2608 696 2685 ἦν·
726 2614 937 2677 οὐδενὸς
966 2613 1073 2667 τῶν
1100 2613 1220 2667 καθ’
1252 2614 1311 2669 ὃν
1348 2613 1726 2685 ἐνηνθρὼπησε
1747 2614 1954 2684 χρόνον,

392 2702 589 2772 ὀλίγων
615 2704 771 2769 ἐκτὸς
800 2703 991 2768 τούτου
1022 2706 1221 2775 γνείςιν
1250 2703 1607 2775 κεκτημένου.

467 2879 531 2950 β’.
564 2879 770 2951 Φησὶδέ
790 2897 891 2934 που
907 2882 935 2933 ὀ
951 2860 1102 2949 ἅγιος
1120 2880 1259 2953 ἀνὴρ
1275 2880 1294 2951 (
1308 2881 1559 2964 Ἰγνάτιος
1580 2879 1751 2952 ὄνομα
1767 2878 1955 2950 αὐτῷ),

392 2971 495 3041 τῆς
549 2971 861 3044 Ἀντιοχέων
889 2971 1208 3042 Ἐκκλησίας
1255 2970 1501 3043 δεύτερος
1539 2970 1775 3041 γεγονὼς
1821 2970 1959 3041 μετὰ

2046 1887 2219 1945 storia
2263 1885 2458 1949 docet;
2513 1899 2690 1954 neque
2738 1899 2805 1942 ex
2855 1882 2965 1939 ulla
3016 1881 3215 1935 divinae
3259 1878 3603 1934 auctoritatis

2050 1974 2332 2051 Scriptura
2359 1978 2697 2047 superiorem
2729 1975 2895 2029 vitam
2924 1971 3043 2042 ejus
3081 1971 3294 2026 discere
3320 1968 3466 2024 licet.
3497 1965 3610 2023 Sed.

2048 2070 2194 2127 enim
2245 2079 2534 2141 postquam
2583 2068 2749 2125 etiam
2790 2065 2992 2121 nemini
3043 2065 3262 2134 ignotus
3310 2068 3449 2124 erat,
3496 2059 3607 2115 alia

2051 2161 2271 2233 quidem
2301 2160 2653 2221 audientibus
2683 2157 2940 2214 omnibus
2968 2153 3323 2227 pmdicabat;
3354 2152 3477 2219 aliis
3500 2165 3605 2207 au-

2050 2260 2183 2317 tem,
2230 2261 2486 2324 tanquam
2531 2248 2828 2322 mysteriis,
2874 2245 3176 2316 discipulos
3227 2239 3617 2297 tantummodo,

2053 2361 2184 2404 suos
2233 2344 2523 2401 initiabat:
2563 2357 2628 2398 ac
2655 2341 2817 2397 modo
2848 2338 3095 2412 prodigia
3124 2337 3193 2392 ab
3225 2350 3286 2391 se
3333 2333 3478 2390 edita
3523 2333 3608 2388 die

2054 2436 2265 2507 vulgari
2315 2434 2553 2499 nolebat,
2587 2433 2749 2491 modo
2797 2434 2916 2489 sine
2962 2430 3075 2486 ullo
3124 2427 3396 2500 ejusmodi
3440 2425 3608 2481 vetito

2054 2527 2317 2584 miracula
2352 2526 2608 2583 faciebat.
2660 2523 2781 2581 Jam
2830 2525 2886 2580 in
2933 2524 3025 2589 iis,
3072 2536 3196 2594 quae
3235 2518 3453 2577 silentio
3486 2532 3610 2589 pre-

2055 2635 2204 2681 mere
2231 2621 2454 2691 placuit,
2488 2619 2812 2676 miraculum
2842 2618 2962 2688 ejus
2996 2609 3303 2670 nativitatis
3349 2617 3490 2673 erat,
3534 2609 3610 2662 ita

2056 2720 2116 2765 ut
2140 2710 2377 2774 illorum,
2405 2711 2498 2780 qui
2524 2710 2744 2765 mortali
2779 2709 2901 2779 ejus
2948 2707 3074 2762 vita:
3103 2704 3488 2768 interfuerunt,
3516 2714 3611 2757 ue-

2054 2815 2169 2868 mo,
2200 2802 2390 2872 paucis
2423 2802 2691 2871 exceptis,
2720 2803 2799 2856 rei
2830 2800 3088 2855 conscius
3115 2796 3302 2853 fuerit.

2126 2889 2183 2948 2.
2222 2890 2363 2946 Dicit
2392 2899 2573 2947 autem
2598 2891 2691 2946 vir.
2710 2899 2959 2955 sanctus,
2984 2888 3207 2945 nomine
3232 2885 3496 2958 lgnatius,
3517 2886 3611 2955 qui

2054 2983 2407 3043 Antiochena:
2436 2983 2697 3040 Ecclesia:
2728 2982 3006 3039 secundus
3034 2981 3140 3037 fuit
3177 2988 3303 3051 post
3331 2978 3614 3049 apostolos

394 3064 521 3125 τοὺς
552 3063 879 3127 ἀποστόλους
903 3062 1215 3128 ἐπίσκοπος,
1247 3063 1323 3126 ὡς
1341 3063 1447 3135 ἄρα
1482 3065 1576 3117 καὶ
1601 3065 1694 3117 τὸν
1725 3065 1955 3135 ἄρχοντα

2056 3077 2369 3148 episcopus,
2400 3077 2578 3148 ipsum
2604 3076 2791 3133 saeculi
2827 3075 3131 3146 principem
3168 3072 3396 3128 latuisse
3425 3069 3616 3126 Maria

397 3152 491 3207 τοῦ
514 3153 706 3218 αίῶνος
736 3153 925 3213 τούτου
955 3155 1140 3210 ἔλαθεν
1172 3157 1205 3226 ἡ
1234 3157 1499 3230 παρθενία
1530 3156 1767 3229 Μαρίας,
1800 3156 1893 3211 καὶ
1920 3158 1952 3228 ἡ

395 3244 492 3299 τοῦ
508 3246 757 3318 Σωτῆρος
785 3245 853 3314 ἐξ⁴
870 3246 1037 3317 αὐτῆς
1051 3247 1287 3315 γένεσις’
1328 3248 1473 3316 λέγει
1511 3247 1555 3301 δ’
1584 3248 1776 3326 οὕτως’
1800 3266 1818 3299 ι
1847 3247 1956 3313 Καὶ

399 3336 556 3391 ἔλαθε
577 3338 668 3392 τὸν
692 3337 924 3410 ἄρχοντα
944 3337 1036 3392 τοῦ
1068 3338 1259 3403 αἰῶνος
1281 3338 1466 3393 τούτου
1498 3341 1531 3411 ἡ
1567 3338 1826 3413 παρθενία
1840 3339 1956 3393 Μα-

402 3430 543 3502 ρίας,
574 3429 670 3483 καὶ
691 3432 720 3484 ὁ
749 3429 965 3493 τοκετὸς
991 3431 1181 3503 αὐτῆς,
1210 3431 1409 3501 ὁμοίως
1438 3432 1535 3485 καὶ
1556 3433 1586 3485 ὁ
1613 3431 1838 3495 θάνατος
1864 3430 1956 3485 τοῦ

397 3520 662 3592 Χριστοῦο
707 3520 836 3591 τρία
873 3521 1141 3592 μυστήρια
1180 3521 1421 3593 κραυγῆς
1447 3560 1462 3585 ,
1498 3522 1653 3575 ἅτινα
1679 3522 1738 3574 ἐν
1762 3522 1961 3593 ἡσυχίᾳ

397 3613 533 3667 Θεοῦ
564 3612 828 3684 ἐπράχθη.
859 3633 877 3665 ι
910 3614 1063 3666 Ἐστι
1093 3612 1148 3665 δέ
1170 3613 1264 3666 καὶ
1284 3613 1526 3684 λογισμῷ
1545 3613 1745 3679 λαόεἷν,
1772 3614 1853 3667 ὅτι
1884 3614 1958 3685 μὴ

402 3703 618 3759 πάντων
646 3699 714 3774 ἦν
732 3704 840 3757 τῶν
867 3705 925 3757 ἐν
963 3704 1126 3775 σαρκὶ
1156 3703 1410 3775 βιούντων
1440 3705 1530 3759 τὸν
1555 3705 1786 3777 Χριστὸν
1825 3704 1958 3759 Θεοῦ

398 3794 492 3848 καὶ
522 3795 616 3848 σὺν
643 3794 944 3866 ἀνθρώποις
958 3796 1363 3868 ἀναστραφέντα
1374 3790 1463 3851 οἷα
1482 3797 1655 3851 κοινὸν
1682 3797 1967 3869 ἄνθρωπον

399 3887 669 3959 ὁρώντων,
694 3888 755 3942 τὸ
782 3887 1036 3943 δύνασθαι
1065 3889 1337 3943 πιστεύειν
1378 3889 1438 3957 ἐξ
1464 3889 1837 3962 ἀπειρογάμου
1868 3889 1963 3944 κόο

406 3996 507 4049 ρης
531 3978 693 4032 αὖτδν
717 3979 845 4050 δίχαε
864 3979 1067 4052 πατρὸς
1093 3980 1372 4050 γεγονέναι
1398 3980 1505 4035 οὐδ’
1530 3982 1609 4044 εἰς
1626 3980 1851 4045 πολλοὺς
1871 3983 1962 4035 ἐκ·

402 4071 607 4143 φέρειν,
647 4072 729 4124 ὅτι
764 4070 838 4142 μὴ
878 4073 941 4126 ἐκ
971 4070 1065 4125 τοῦ
1104 4073 1301 4144 Ἰωσὴφ
1338 4074 1371 4144 ή
1413 4074 1600 4145 Μαρία
1631 4073 1964 4127 συλλαϐοῦσα

402 4162 494 4217 τὸν
538 4162 747 4234 Ἰησοῦν
779 4164 990 4233 ἐγέννα,
1016 4164 1283 4228 λυσιτιλές
1303 4159 1389 4236 ἦν·
1418 4161 1454 4236 ἦ
1477 4165 1585 4238 γὰρ
1612 4166 1675 4221 ἂν
1698 4168 1789 4221 καὶ
1810 4166 1964 4237 δίκην

404 4253 545 4308 κατὰ
577 4253 667 4307 τὸν
698 4254 973 4318 Μωῡσέως
1002 4255 1164 4324 νόμον
1198 4256 1233 4325 ἡ
1271 4255 1534 4326 παρθένος
1575 4256 1843 4327 ὑπέσχεν,
1890 4257 1966 4321 ὡς

402 4344 511 4416 πρὸ
539 4344 688 4416 ὧρας
713 4345 889 4415 γάμου
914 4344 1263 4418 διαφθαρεῖσα
1298 4346 1396 4417 τὴν
1426 4346 1717 4418 παρθενίαν
1737 4363 1751 4378 '
1780 4346 1967 4419 διόπερ

2055 3169 2446 3241 virginitatem,
2475 3183 2541 3225 ac
2566 3168 2876 3225 Senatoris
2913 3182 2981 3223 ex
3026 3181 3091 3222 ea
3120 3165 3484 3221 nativitatem.
3519 3161 3614 3217 Sic

2056 3261 2201 3316 enim
2261 3261 2338 3316 ait
2386 3261 2464 3332 (l)
2498 3280 2515 3315 :
2566 3278 2587 3314 ι
2622 3258 2809 3315 Latuit
2860 3246 3163 3331 principem
3211 3256 3376 3322 hujus
3428 3253 3615 3311 saaculi

2056 3353 2342 3424 virginitas
2370 3352 2573 3419 Mariae,
2604 3352 2834 3424 ejusque
2862 3358 3072 3423 partus,
3119 3349 3361 3418 itemque
3405 3346 3614 3403 Christi
3648 3418 3649 3421 η

2056 3459 2207 3502 mors
2237 3445 2542 3517 amysteria
2587 3445 2691 3499 tria
2725 3444 2991 3511 clamosa,
3027 3458 3151 3514 qua:
3184 3451 3367 3497 tamen
3399 3440 3502 3496 sub
3530 3438 3614 3493 di-

2056 3538 2185 3594 vino
2233 3536 2453 3594 silentio
2496 3542 2720 3607 peracta
2762 3535 3003 3591 fuerunt.
3047 3552 3068 3587 ι
3100 3532 3223 3589 Jam
3263 3534 3383 3603 ipso
3413 3530 3619 3586 mentis

2056 3626 2349 3684 ratiocinio
2393 3626 2696 3698 intelligere
2721 3627 2871 3694 licet,
2905 3626 3049 3681 haud
3085 3625 3202 3681 ﬁeri
3253 3624 3522 3695 potuisse,
3556 3628 3618 3676 nt

2056 3719 2316 3776 mortales
2360 3734 2573 3784 omnes,
2619 3720 2716 3790 qui
2759 3719 2852 3775 Dei
2904 3726 3130 3774 unctum
3178 3717 3322 3773 inter
3368 3715 3617 3772 homines

2058 3812 2333 3868 communi
2357 3812 2594 3868 hominis
2624 3811 2800 3868 forma
2830 3818 3141 3867 versantem
3177 3809 3498 3871 cernebant.
3519 3820 3617 3862 na-

2057 3907 2175 3955 tum
2223 3900 2513 3957 crederent
2542 3915 2575 3957 e
2620 3901 2801 3972 puella
2846 3900 3165 3971 nuptiarum
3204 3900 3418 3970 ignara,
3466 3906 3621 3968 patre

2059 3993 2233 4049 nullo.
2262 3991 2452 4064 Neque
2500 4006 2669 4063 porro
2714 3992 3058 4064 expediebat,
3099 3999 3159 4046 ut
3188 3991 3346 4045 multi
3375 4005 3623 4060 comper-

2060 4092 2176 4139 tum
2207 4084 2490 4152 haberent,
2519 4083 2745 4139 Mariam
2773 4083 2919 4139 haud
2947 4098 3017 4139 ex
3038 4082 3276 4154 Josepho
3297 4091 3621 4153 conceptum

2061 4173 2340 4246 peperisse
2367 4171 2555 4231 Iesum
2585 4191 2601 4229 :
2642 4186 2872 4244 prorsus
2906 4173 3052 4227 enim
3082 4186 3257 4242 pmnae
3284 4170 3480 4225 luisset
3516 4169 3622 4225 ob-

2064 4264 2227 4320 noxia
2253 4265 2322 4320 de
2349 4263 2602 4320 Mosaicae
2631 4262 2768 4334 legis
2791 4261 3054 4321 mandato
3080 4261 3255 4332 virgo,
3292 4274 3391 4315 ceu
3422 4258 3472 4314 si
3492 4264 3621 4312 ante

2062 4358 2375 4428 nuptiarum
2402 4370 2619 4427 tempus
2650 4354 3017 4427 virginitatem
3052 4351 3383 4409 violavisset.
3420 4349 3624 4415 Quam-

404 4437 630 4499 εἰκότως
680 4438 1095 4507 ἐπισημαίνεται
1122 4438 1360 4510 ἀκριϐῶς
1394 4440 1611 4509 φήσασα
1652 4441 1685 4511 ἡ
1730 4439 1955 4511 Γραφὴι

2066 4452 2251 4507 obrem
2283 4451 2480 4507 merito
2512 4448 2955 4506 animadversum
2985 4453 3094 4512 est,
3121 4444 3410 4516 vigilanter
3432 4442 3622 4497 admo-

409 4548 429 4578 ι
456 4528 590 4600 Πρὶν
614 4528 646 4600 ἢ
676 4529 943 4582 συνελθεῖν
958 4530 1171 4594 αὐτοὺς,
1194 4529 1386 4603 εὑρέθη
1404 4532 1460 4593 ἐν
1476 4531 1670 4602 γαστρὶ
1700 4531 1893 4603 ἔχουσα
1910 4549 1921 4559 ·
1938 4550 1957 4585 ι

408 4620 689 4691 μονονουχὶ
713 4621 1030 4676 διδάσκουσα
1075 4624 1156 4676 ὅτι
1200 4623 1274 4694 μὴ
1312 4622 1418 4695 πρὸ
1447 4624 1621 4695 γάμου
1655 4625 1960 4697 συνείληφε,

407 4713 544 4784 μηδέ
575 4712 679 4784 πρὸ
694 4712 788 4766 τοῦ
842 4713 988 4786 παρὰ
1012 4715 1102 4767 τὸν
1130 4714 1295 4783 ἄνδρα
1319 4715 1508 4769 ἐλθεῖν·
1532 4716 1666 4787 μετὰ
1693 4717 1828 4771 δὲτὸ
1845 4734 1966 4770 συν-

404 4804 643 4876 αφθῆναι
679 4805 768 4859 τὸν
801 4805 995 4877 Ἰωσὴφ
1030 4806 1124 4860 καὶ
1154 4808 1280 4877 παρ’
1310 4804 1453 4878 αὐτῷ
1507 4807 1777 4877 γενέσθαι,
1815 4809 1963 4880 παρὰ

405 4897 542 4952 πᾶσί
561 4915 621 4950 τε
647 4900 875 4966 γυναῖκκ
907 4897 1069 4951 αὐτοῦ
1112 4900 1466 4971 χρηματίσαι,
1503 4900 1767 4953 συνόντων
1799 4901 1961 4971 ἀλλή-

402 4990 538 5054 λοις,
567 4991 662 5043 καὶ
693 4990 790 5061 τῆς
846 4992 1085 5059 γαμικῆς
1133 4991 1342 5060 ὁμιλίας
1383 4992 1645 5045 ἅπτεσθαι
1692 4994 1791 5064 ῆδη
1836 4992 1963 5061 γοῦν

408 5079 738 5152 μελλόντων,
789 5080 958 5150 αὐτῆς
992 5082 1067 5143 ὠς
1104 5082 1271 5134 εἰπεῖν
1298 5080 1445 5152 ὥρας
1478 5082 1661 5153 πρὶνῆ
1698 5082 1963 5138 συνελθεῖν

406 5171 622 5237 αὐτοὺς,
649 5171 845 5243 εὑρέθη
867 5171 923 5223 ἐν
942 5173 1136 5243 γαστρὶ
1157 5172 1352 5244 ἔχουσα
1380 5174 1442 5225 ἐκ
1462 5174 1600 5226 Πνεύ
1610 5192 1773 5244 ματος
1788 5174 1960 5243 ἁγίου.

405 5262 517 5317 Καὶ
536 5261 692 5316 τοῦτό
721 5278 787 5331 γε
813 5263 1205 5335 παγχρησίμως
1231 5265 1310 5327 εἰς
1336 5262 1395 5316 τὸ
1412 5263 1591 5317 λαθεῖν
1605 5266 1727 5328 τοὺς
1742 5265 1966 5329 πολλοὺς

477 5463 554 5588 (13
594 5462 765 5534 Epist.
797 5463 987 5532 lgnatii
1014 5463 1079 5517 ad
1106 5462 1365 5534 Ephesios
1392 5479 1512 5535 cap.
1548 5480 1660 5531 nx,
1695 5467 1787 5521 ubi
1815 5467 1965 5522 vide-

477 5553 484 5588 ;
556 5534 827 5588 octissimi
857 5532 1111 5588 Cotelerii
1148 5535 1575 5588 adnotationem.
1625 5537 1764 5588 anud
1801 5550 1961 5588 auem

405 5532 492 5606 sis
517 5532 827 5606 doctissimi
857 5532 1575 5606 Cpteleriiadnotationem,
1606 5537 1764 5606 apud
1801 5550 1961 5606 quem

406 5604 665 5660 Usscrius
696 5604 859 5659 verba
890 5603 1003 5657 haec
1035 5602 1221 5657 eadem
1256 5605 1448 5659 recitat
1488 5621 1555 5659 ex
1589 5602 1962 5661 Atidrea'llie-

406 5676 572 5749 roso].
618 5674 867 5749 Cretensi
914 5672 1194 5749 episcopo,
1243 5674 1345 5749 nisi
1394 5676 1536 5749 quod
1588 5691 1685 5749 pm
1723 5679 1963 5749 κραυγῆς

406 5745 672 5799 scribitur
707 5745 778 5797 ibi
815 5742 1034 5810 φρικτὰ,
1084 5759 1201 5811 qua:
1237 5742 1472 5798 deterior
1521 5742 1676 5800 lec'tio
1702 5742 1802 5809 esi,
1837 5742 1962 5816 quia

2066 4544 2192 4598 dum
2228 4541 2568 4613 Scripturam
2604 4539 2788 4596 dicere
2826 4557 2840 4594 :
2879 4554 2900 4590 ι
2950 4537 3254 4607 Antequam
3287 4533 3392 4604 ipsi
3424 4545 3624 4588 conve—

2066 4636 2266 4698 nirent,
2302 4634 2520 4689 inventa
2550 4640 2637 4688 est
2668 4631 2725 4688 in
2750 4639 2907 4688 utero
2931 4630 3173 4695 habens;
3229 4645 3247 4677 ι
3281 4633 3542 4695 tanquam
3569 4621 3625 4677 ei

2067 4736 2250 4799 aperte
2278 4727 2507 4791 diceret,
2559 4740 2679 4781 eam
2722 4732 2848 4780 ante
2882 4724 3100 4793 nuptias
3128 4736 3239 4776 non
3281 4717 3620 4788 concepisse.

2065 4831 2241 4884 neque
2282 4815 2434 4885 prius
2466 4830 2626 4884 quam
2662 4813 2731 4869 ad
2757 4814 2937 4869 virum
2971 4809 3256 4868 accederet
3299 4827 3313 4863 :
3346 4807 3444 4864 sed
3477 4813 3627 4876 post-

2065 4918 2227 4971 quam
2257 4918 2377 4957 cum
2412 4900 2646 4973 Josepho
2674 4902 2965 4972 conjugata
2983 4900 3106 4967 luit,
3140 4908 3301 4970 atque
3331 4896 3473 4969 apud
3497 4910 3623 4955 eum

2066 4995 2329 5052 diversari
2364 4997 2528 5068 cmpit
2564 4997 2663 5068 (2),
2696 5008 2749 5052 et
2775 4997 2845 5051 ab
2869 4996 3125 5052 omnibus
3152 4994 3354 5065 conjux
3380 4992 3501 5062 ejus
3525 5006 3624 5061 ap-

2066 5089 2256 5159 pellari
2291 5111 2305 5143 -.
2336 5106 2459 5144 cum
2509 5105 2616 5145 una
2665 5089 2998 5154 habitarent,
3033 5103 3097 5143 ac
3127 5086 3355 5156 nuptiali
3386 5098 3626 5141 consue-

2066 5181 2255 5236 tudine
2304 5182 2417 5251 jam
2468 5181 2619 5236 usuri
2671 5179 3010 5245 viderentur,
3053 5181 3174 5249 ipsa
3231 5162 3623 5248 propemodum

2067 5275 2204 5329 hora
2260 5281 2554 5344 antequam
2617 5272 2998 5337 convenirent,
3060 5271 3331 5326 inventam
3386 5280 3512 5324 esse
3567 5266 3623 5319 in

2066 5483 2174 5523 non
2204 5467 2493 5536 opponitur
2526 5464 2792 5536 vocabulo
2809 5463 3085 5536 κραυγῆς.

2138 5538 2212 5606 (2)
2242 5525 2457 5606 'DeAltac
2491 5533 2765 5606 communi
2804 5525 3155 5606 SS.AI_’at'rUtn
3178 5525 3625 5606 opinioneCom—

2071 5598 2292 5661 liciisius
2314 5604 2457 5658 Bibl.
2490 5621 2638 5658 conc.
2668 5611 2711 5658 t.
2745 5602 2787 5666 l,
2820 5620 2873 5674 p.
2899 5602 2992 5668 22,
3016 5598 3550 5674 contra'Suaregjum
3572 5608 3626 5674 et

2068 5660 2425 5746 Raynaldum.
2464 5660 3066 5745 Nicephorus'quoque
3096 5672 3355 5727 Callistus
3401 5660 3544 5722 Hist.
3582 5664 3623 5731 l,

2070 5749 2123 5812 8,
2155 5743 2278 5800 eum
2322 5743 2561 5800 Eusebio
2586 5745 2879 5799 consentit.
2976 5743 2989 5745 ⁷
3646 5756 3660 5771 τ’
