4100 6474
451 269 560 324 883

1135 269 1223 326 ΕΙ]
1231 270 1406 329 SEBlI
1436 267 1920 332 CESABIENSIS
1951 275 2014 332 Ol

2143 275 2325 333 PARS
2357 275 2446 334 111.
2485 307 2550 320 —-
2592 275 3000 336 EXEGETICA.

3572 277 3679 334 884

451 390 608 436 utero
641 379 926 436 habentem
957 381 1024 438 de
1051 390 1244 437 sancto
1273 381 1503 453 Spiritu.
1534 384 1717 458 Atque
1742 386 1857 443 haec
1890 403 2013 458 per-

2112 390 2455 463 ᾠκονόμητο·
2484 392 2534 444 εί
2571 389 2679 463 γὰρ
2699 391 2763 463 δὴ
2797 390 2946 461 παρὰ
2975 393 3089 455 τοῖς
3115 391 3285 464 αὑτῆς
3310 392 3569 461 ’γονεῦσιν
3587 389 3682 448 οὗ·

450 470 736 526 commode
767 469 839 525 ob
861 472 1136 526 vitandam
1174 473 1323 544 vulgi
1359 476 1606 530 notitiam
1635 486 1826 532 curata
1860 489 2008 534 sunt.

449 558 584 614 Nam
614 563 660 615 si
697 557 880 615 Mariae
900 575 930 614 a
957 562 1276 632 parentibus
1308 565 1550 620 nondum
1582 565 1862 638 digressae,
1890 584 2014 640 gra-

451 652 588 706 vidae
616 650 730 706 fieri
762 652 1118 724 contigisset;
1144 655 1271 723 quia
1302 671 1527 712 necesse
1548 665 1666 712 erat
1696 674 1809 714 rem
1833 660 2011 728 palam

447 743 781 814 famigerari,
814 759 1008 814 nempe
1039 747 1183 815 quod
1219 747 1336 816 ipsa
1367 747 1513 802 haud
1544 764 1608 804 ex
1639 751 1856 820 publice
1881 761 2013 809 noto

446 836 567 889 viro
595 850 700 890 suo
728 836 1089 906 concepisset,
1119 839 1371 908 protinus
1396 841 1723 910 supplicium
1749 859 1814 898 ex
1839 843 2014 900 forma

441 925 586 994 juris
618 926 636 958 ¹
665 927 926 983 subiisset
961 947 974 983 :
1033 929 1082 984 si
1137 930 1340 996 minus,
1379 939 1527 988 certe
1573 936 1748 1005 stupri
1796 938 2012 992 macula

446 1031 558 1071 non
585 1029 838 1074 vacasset
873 1038 890 1074 :
919 1035 1098 1090 neque
1128 1022 1275 1078 enim
1311 1023 1428 1093 ipsa
1453 1025 1558 1081 sibi
1582 1027 1743 1084 testis
1769 1043 1891 1084 esse
1917 1044 2015 1098 po-

446 1115 610 1172 terat,
643 1123 822 1179 neque
848 1109 918 1164 ad
952 1109 1114 1166 fidem
1158 1111 1467 1168 faciendam
1521 1131 1712 1172 eorum
1743 1133 1863 1188 quae
1907 1119 2013 1173 sibi

447 1199 763 1261 acciderant
801 1208 919 1255 erat
968 1201 1164 1258 idonea
1218 1223 1233 1259 :
1281 1219 1384 1260 nec
1431 1206 1720 1278 quisquam
1774 1208 1878 1265 sibi
1918 1217 2014 1264 aut

444 1290 627 1360 angeli
656 1291 837 1347 visum
868 1293 1189 1363 persuaderi
1215 1310 1416 1365 passus
1435 1308 1603 1364 esset,
1635 1307 1730 1354 aut
1773 1300 1850 1355 illi
1883 1315 2012 1356 nar-

444 1382 594 1436 ranti
626 1383 949 1440 credidisset
983 1401 1104 1456 qua:
1150 1386 1324 1442 eidem
1351 1403 1382 1442 a
1422 1388 1671 1447 Gabriele
1704 1391 1850 1447 dicta
1893 1391 2013 1448 fue-

354 1500 368 1534 γε,
444 1484 569 1529 rant
622 1495 635 1529 :
672 1491 848 1546 neque
883 1493 1002 1551 eam
1034 1477 1146 1546 jam
1193 1488 1561 1550 praegnantem
1593 1480 1742 1536 domi
1777 1499 1890 1538 sua:
1919 1479 2007 1539 Jo-

356 1557 362 1591 ῖ
445 1566 651 1636 sephus
675 1567 995 1637 recepisset,
1021 1583 1181 1638 quem
1208 1568 1436 1638 iustitiae
1459 1572 1738 1642 publicum
1762 1575 2012 1630 testimo-

446 1659 596 1713 nium
628 1659 879 1715 ornabat.
904 1658 1048 1716 Bene
1074 1662 1238 1732 igitur
1260 1678 1367 1717 non
1393 1665 1535 1734 apud
1560 1667 1710 1737 ipsos
1730 1675 2007 1738 parentes,

2116 502 2213 539 σαν
2251 486 2333 540 ἐτι
2373 485 2569 556 συνέϐη
2600 486 2739 540 κατά
2778 487 3015 559 γαστρὸς
3047 487 3262 546 λαϐεῖν,
3293 488 3395 542 κᾶν
3439 489 3585 553 είκὸς
3611 485 3684 560 ἦν

2114 576 2370 648 βοηθῆναι
2393 577 2453 631 τὸ
2480 578 2710 648 πρᾶγμα
2735 578 2816 631 ὅτι
2842 578 2914 649 μὴ
2943 578 3006 630 ὲκ
3035 578 3296 649 προδήλου
3315 579 3501 652 ἀνδρὸς
3523 582 3687 633 ὲκυο-

2115 666 2346 739 φορήθη,
2371 666 2562 720 θᾶττον
2587 667 2631 720 δ’
2658 665 2724 720 ἂν
2748 666 2842 720 καὶ
2871 665 3108 737 ἀνῄρητο
3129 667 3270 719 κατὰ
3299 667 3390 720 τὸν
3431 669 3616 738 νόμον·
3647 669 3682 739 ἢ

2113 759 2162 812 εί
2189 759 2263 830 μὴ
2285 758 2460 822 τοῦτο,
2476 761 2704 830 αἰσχρᾶς
2717 759 2760 811 δ’
2775 755 2868 812 οὖν
2883 759 2983 812 oin:
2997 758 3062 811 ἂν
3089 757 3426 829 ἠλευθέρωτο
3444 759 3682 832 ὕϐρεωςο

2111 849 2174 903 ού
2201 849 2309 921 γὰρ
2336 849 2508 921 δήπου
2543 850 2748 920 μάρτυς
2776 849 2909 920 αὑτὴ
2938 850 3134 920 ἑαυτῆς
3151 849 3374 902 καὶτῶν
3399 851 3526 922 περὶ
3546 850 3685 920 αὐτῇ

2112 941 2518 1011 πεπραγμένων
2549 939 2858 1005 ἀξιόπιστος
2893 936 2980 1011 ἦν’
3018 940 3127 993 οὐδ’
3159 940 3225 993 ἂν
3265 940 3488 1007 ἐπείσθη
3533 957 3618 1004 τις
3651 940 3686 1010 ἦ

2112 1032 2342 1101 ἀγγέλου
2365 1031 2702 1100 ἐπιφάνειαν,
2723 1031 2815 1084 καὶ
2827 1031 2895 1084 τὰ
2923 1031 3059 1101 πρὸς
3078 1030 3246 1101 αὐτὴν
3269 1030 3530 1102 εἰρημένα
3548 1028 3692 1101 πρὸς

2111 1124 2204 1177 τοῦ
2237 1122 2474 1193 Γαϐριὴλ
2504 1122 2640 1192 αὐτῇ
2673 1120 3029 1194 διηγουμένη,
3063 1121 3171 1175 οὐδ’
3204 1121 3271 1174 ἂν
3316 1121 3553 1175 κύουσαν
3585 1120 3691 1191 ἤδη

2113 1215 2427 1286 προσήκατο
2458 1214 2538 1276 είς
2553 1213 2642 1266 τὸν
2670 1211 2863 1265 ἑαυτοῦ
2883 1207 3030 1265 οἶκον
3076 1211 3447 1282 ’1ωσὴφ,άνὴρ
3478 1210 3692 1274 δίκαιος

2112 1298 2250 1356 εἶναι
2289 1300 2796 1373 μεμαρτυρημένοςο
2826 1300 3013 1372 διόπερ
3039 1300 3265 1364 είκότως
3292 1301 3354 1353 ού
3396 1298 3546 1371 παρὰ
3575 1303 3693 1363 τοῖς

2111 1395 2286 1464 αὐτῆς
2319 1391 2586 1462 γονεῦσιν,
2613 1391 2724 1445 ἀλλ’
2755 1391 2855 1462 ἤδη
2892 1393 3019 1462 παρ’
3043 1389 3190 1461 αὐτῷ
3219 1391 3483 1462 γενομένη
3517 1389 3692 1458 ἐγκύ-

2115 1503 2231 1557 μων
2263 1486 2365 1538 σὺν
2375 1483 2521 1554 αύτῷ
2555 1483 2842 1554 γενομένη,
2860 1483 2988 1552 παρ’
3008 1481 3174 1550 αὐτὴν
3190 1481 3266 1545 ὡς
3279 1484 3448 1534 είπείν
3463 1482 3564 1552 τὴν
3591 1477 3691 1532 τοῦ

2110 1575 2293 1646 γάμου
2326 1573 2498 1639 τάξιν·
2547 1571 2654 1643 πρὸ
2683 1571 2790 1642 γὰρ
2834 1571 2927 1626 τοῦ
2972 1572 3246 1624 συνελθεῖν
3292 1572 3508 1635 αὐτοὺς,
3535 1569 3614 1634 ὡς
3655 1572 3690 1641 ἡ

2110 1664 2298 1736 Γραφὴ
2329 1665 2612 1734 μαρτυρεῖ,
2643 1660 2840 1733 εὑρέθη
2873 1661 2930 1713 ὲν
2955 1663 3151 1730 γαστρὶ
3185 1660 3401 1730 ἔχουσα.

444 1754 538 1810 sed
567 1752 712 1823 apud
769 1753 1064 1826 J-osephum
1129 1759 1354 1828 gravida
1403 1759 1544 1816 facta
1589 1773 1694 1828 est,
1733 1779 1799 1820 ac
1834 1763 2074 1818 maritali
2111 1759 2508 1832 propemodum
2544 1771 2734 1812 more:
2769 1765 3062 1826 antequam
3094 1755 3240 1810 enim
3305 1754 3691 1816 convenirent,

446 1856 503 1902 ut
561 1846 846 1919 Scriptura
893 1859 1160 1918 testatur,
1214 1853 1273 1908 in
1317 1864 1475 1912 utero
1522 1857 1731 1915 habens
1783 1859 2006 1915 inventa
2042 1868 2147 1915 est.

512 1941 568 1997 ὅ.
609 1939 709 1995 Cui
739 1956 905 2010 porro
935 1942 1154 1998 inventa
1181 1952 1286 2011 est,
1312 1947 1417 2002 nisi
1444 1947 1718 2020 Josepho?
1764 1952 1880 2008 Cur
1905 1968 2008 2008 au-

2173 1954 2243 2017 γ’,
2278 1946 2394 2000 Τίνι
2419 1946 2462 1999 δ’
2492 1944 2598 2017 ἄρα
2631 1943 2848 2016 εὑρέθη,
2871 1942 2985 1995 ἀλλ’
3018 1941 3053 2013 ἢ
3083 1940 3162 2012 τῷ
3204 1941 3435 2012 Ἰωσήφς
3474 1937 3594 2002 πῶς
3630 1938 3692 1992 δὲ

443 2039 552 2087 tem
597 2037 652 2087 et
701 2033 977 2103 quomodo
1027 2050 1118 2092 res
1184 2035 1424 2108 Josepho
1479 2052 1758 2112 comperta
1816 2044 2003 2111 fuerit,

444 2121 728 2193 Scriptura
759 2127 918 2180 docet
944 2125 1074 2180 dum
1109 2127 1207 2192 ait,
1242 2143 1272 2182 a
1317 2139 1511 2186 sancto
1544 2133 1752 2204 Spiritu
1799 2136 2010 2206 patefa-

441 2223 585 2269 ctam
613 2231 736 2272 esse
761 2215 1000 2290 Josepho
1022 2220 1174 2288 justo
1196 2222 1433 2290 homini;
1466 2225 1560 2296 qui
1587 2227 1657 2282 ob
1679 2229 2005 2298 hancipsam

437 2305 710 2374 justitiam
741 2323 899 2362 suam
932 2311 1009 2364 nil
1040 2311 1241 2366 mirum
1274 2327 1358 2370 est
1405 2315 1452 2370 si
1505 2331 1537 2369 a
1579 2317 1767 2372 divino
1795 2317 2005 2389 Spiritu

319 2461 327 2470 γ
442 2397 687 2466 adjutus,
721 2399 972 2471 conjugis
1005 2417 1130 2456 mox
1165 2401 1368 2460 futura:
1411 2409 1794 2477 conceptiones
1844 2410 2006 2466 intel-

443 2487 594 2552 lexit,
631 2494 796 2558 atque
825 2504 856 2542 a
906 2491 1140 2546 maritali
1174 2506 1471 2563 congressu
1522 2498 1810 2553 abstinuit.
1858 2500 2008 2556 Ilico

441 2579 610 2648 igitur
640 2596 698 2635 re
744 2582 962 2652 cognita
1007 2585 1234 2642 territus
1267 2587 1440 2642 voluit
1486 2592 1702 2646 occulte
1734 2591 2010 2650 dimittere

443 2668 666 2724 Mariam
705 2690 720 2722 :
747 2687 867 2742 quae
896 2674 1210 2730 acciderant
1238 2679 1444 2748 majora
1474 2681 1819 2746 existimans,
1844 2701 2006 2754 quam

444 2769 502 2815 ut
547 2763 664 2833 ipse
715 2779 842 2820 cum
892 2781 954 2820 ea
1000 2767 1250 2836 posthinc
1273 2781 1605 2829 versaretur.
1664 2776 1840 2846 Atque
1894 2778 2010 2833 haec

442 2869 611 2910 causa
646 2861 769 2923 fuit,
801 2861 1152 2929 quamobrem
1177 2863 1363 2932 justus
1393 2882 1518 2920 cum
1545 2876 1713 2933 esset,
1764 2870 1906 2924 haud
1937 2886 2011 2926 ae-

440 2963 609 3018 quum
643 2949 906 3020 judicavit
950 2969 1069 3008 eam
1108 2955 1390 3014 diﬂ'amare
1427 2978 1440 3013 :
1475 2961 1671 3015 maluit
1701 2968 1880 3017 autem
1910 2977 2010 3016 oc-

442 3040 587 3096 culte
615 3040 860 3098 canidem
887 3043 1181 3102 dimittere.
1217 3046 1467 3104 Profecto
1487 3050 1556 3114 is,
1589 3052 1694 3107 nisi
1728 3051 1832 3108 sibi
1882 3068 2010 3122 ρει-α

441 3133 737 3197 suasisset,
769 3149 890 3189 eam
941 3136 1011 3190 de
1038 3151 1229 3195 sancte
1264 3138 1472 3210 Spiritu
1503 3143 1856 3213 concepisse;
1884 3160 2010 3198 cum

441 3223 612 3296 probe
635 3225 803 3282 simul
829 3228 994 3284 sciret
1021 3231 1265 3286 eamdem
1299 3247 1329 3284 a
1357 3247 1415 3287 se
1437 3233 1558 3288 viro
1618 3245 1836 3290 uterum
1894 3251 2004 3290 non

441 3332 664 3387 gerere;
697 3320 792 3389 qui
833 3321 1053 3376 tandem
1087 3323 1202 3378 fieri
1241 3334 1475 3396 poterat,
1513 3334 1573 3382 ut
1603 3342 1734 3392 non,
1774 3343 1876 3398 pro
1898 3342 2010 3382 suae
2037 3301 2080 3360 ε

437 3407 671 3478 iustitiae
703 3426 948 3481 munere,
988 3423 1115 3470 ante
1161 3419 1384 3486 nuptias
1431 3429 1746 3489 corruptam
1794 3419 2012 3490 publice

439 3500 702 3569 ediceret,
739 3512 904 3574 atque
933 3506 1005 3562 ob
1053 3509 1110 3562 id
1155 3509 1570 3580 magistratibus
1619 3512 1833 3568 idoneis
1860 3512 2012 3582 judi-

441 3592 672 3648 caudam
703 3595 941 3652 traderet
963 3614 1026 3654 ac
1049 3599 1434 3656 diil‘amandam
1452 3603 1476 3657 ?
1494 3605 1713 3673 Alioqui
1737 3606 2015 3674 quomodo

437 3683 624 3752 justus
656 3694 824 3751 esset,
873 3690 968 3760 qui
998 3691 1065 3746 de
1105 3707 1166 3747 re
1211 3693 1380 3764 impia
1420 3698 1645 3765 tegenda
1674 3696 2012 3768 celaudaque

441 3777 754 3847 satageret?
799 3779 962 3837 Certe
1009 3781 1308 3854 Josephurn
1365 3785 1442 3839 ita
1494 3801 1554 3841 se
1606 3795 1904 3856 gerentem,
1942 3788 2011 3843 ab

439 3869 774 3939 evangelista
820 3871 1024 3942 justum
1063 3876 1346 3946 appellari.
1396 3894 1506 3933 non
1551 3886 1671 3932 erat
1720 3886 2012 3934 consenta-

441 3973 628 4013 neum.
661 3958 766 4016 Sed
811 3963 963 4018 enim.
987 3966 1117 4036 quia
1152 3968 1269 4036 ipse
1313 3965 1642 4024 diviniorem
1672 3967 1912 4041 Virginis
1943 3970 2011 4026 de

442 4056 635 4105 sancto
664 4049 868 4121 Spiritu
898 4064 1226 4127 conceptum
1254 4060 1435 4127 novit;
1489 4068 1544 4115 et
1591 4061 1722 4130 quia
1761 4060 2008 4116 eamdem

441 4146 815 4217 augustiorem
847 4151 1202 4220 existimavit,
1228 4172 1393 4226 quam
1418 4166 1476 4211 ut
1507 4158 1612 4213 sibi
1647 4157 1858 4214 diutius
1881 4157 2012 4212 lice-

441 4244 524 4291 ret
553 4252 678 4294 cum
727 4241 819 4296 illa
876 4243 1163 4314 habitare;
1219 4259 1368 4304 recte
1410 4249 1620 4306 idcirco
1670 4249 2009 4320 evangelista

440 4324 599 4392 dicit,
628 4343 661 4382 a
688 4327 928 4402 Josepho
953 4342 1177 4405 captum
1202 4353 1328 4394 esse
1349 4339 1640 4394 consilium
1676 4339 1817 4392 clam
1847 4354 2017 4408 spon-

441 4432 556 4474 sam
588 4419 901 4478 dimittendi
922 4441 1102 4497 neque
1131 4427 1466 4484 diffamatam
1498 4446 1530 4485 a
1563 4447 1622 4486 se
1655 4445 1834 4501 neque
1860 4431 2012 4500 obje-

438 4520 590 4568 ctam
619 4516 767 4586 vulgi
794 4521 1162 4576 sermonibus.
1193 4521 1338 4578 Bene
1366 4523 1534 4593 igitur
1573 4524 1642 4579 ab
1672 4523 2008 4594 evangelista

2111 2039 2206 2094 καὶ
2233 2038 2352 2091 τίνα
2383 2037 2579 2108 τρόπον
2605 2036 2832 2108 εὓρηται
2852 2034 3010 2087 τοῦτο
3028 2033 3106 2104 τῷ
3145 2033 3362 2102 Ἰωσὴφ,
3379 2031 3580 2100 ὁλόγος
3605 2030 3692 2084 δι-

2108 2131 2254 2194 δάξει
2285 2129 2412 2197 φὰς,
2436 2130 2500 2180 ὲκ
2533 2126 2849 2196 Πνεύματος
2873 2125 3026 2192 ἁγίου
3039 2122 3279 2183 γνωστὸν
3307 2121 3528 2191 γέγονεν
3546 2119 3694 2174 οὕτω

2110 2223 2204 2276 καὶ
2235 2221 2312 2292 τῷ
2352 2220 2568 2291 Ἰωσήφο
2596 2217 2799 2279 δίκαιος
2813 2208 2920 2285 γὰρ
2942 2210 3030 2285 ἦν*
3059 2214 3266 2276 δίκαιος
3290 2213 3347 2265 δὲ
3377 2213 3688 2283 τυγχάνων,

2109 2317 2170 2368 οὐ
2200 2315 2505 2384 θαυμαστὸν
2537 2315 2584 2366 εί
2613 2313 2706 2366 καὶ
2728 2312 2872 2366 θείου
2900 2310 3215 2381 Πνεύματος
3243 2310 3442 2378 ἠξίωτο
3473 2307 3692 2380 πρὸςτὸ

2111 2409 2346 2460 συνεῖναι
2371 2405 2466 2476 μὲν
2494 2404 2595 2474 τῆς
2623 2403 2918 2475 μελλούσης
2933 2401 3181 2474 γαμετῆς
3208 2400 3421 2470 κύησιν,
3438 2401 3690 2471 ἐπισχεῖν

2108 2498 2164 2551 δὲ
2193 2499 2290 2568 τὴν
2311 2498 2449 2551 κατὰ
2470 2496 2636 2567 ἄνδρα
2669 2495 2968 2549 κοινωνίαν.
3012 2494 3218 2547 Αὐτίκα
3249 2491 3429 2555 συνεὶς
3463 2493 3560 2545 καὶ
3584 2509 3690 2545 κα-

2108 2589 2406 2657 ταπλαγεὶς
2436 2587 2698 2660 ἐϐουλήθη
2724 2587 2897 2658 λάθρα
2935 2586 3202 2640 ἀπολῦσαι
3237 2586 3436 2657 αὐτήν·
3466 2584 3691 2655 μείζονα

2110 2681 2141 2751 ἢ
2166 2683 2304 2734 κατὰ
2333 2681 2430 2752 τὴν
2458 2681 2553 2734 σὺν
2582 2679 2736 2750 αύτῷ
2765 2679 3046 2752 διατριϐὴν
3069 2679 3139 2732 τά
3168 2676 3528 2748 πεπραγμένα
3545 2672 3688 2728 εἶναι

2109 2773 2462 2842 λογισάμενος
2482 2813 2494 2824 .
2517 2771 2626 2825 Καὶ
2651 2771 2807 2824 τοῦτο
2843 2771 2951 2842 ἄρα
2978 2766 3047 2841 ἦν
3082 2769 3144 2822 τὸ
3174 2768 3375 2831 αἴτιον,
3409 2768 3476 2821 δι’
3506 2768 3554 2833 ὃ,
3603 2768 3689 2821 δί-

2111 2881 2264 2927 καιος
2292 2862 2386 2926 ὢν,
2441 2864 2541 2916 οὐκ
2579 2863 2761 2934 ἔκρινε
2805 2862 2902 2932 μὲν
2933 2860 3139 2914 δίκαιον
3171 2856 3307 2914 εἶναι
3340 2859 3688 2930 δειγματίσαι

2111 2955 2298 3026 αὐτὴν,
2337 2954 2600 3025 ἐϐουλήθη
2627 2953 2684 3006 δὲ
2714 2952 2888 3024 λάθρα
2913 2949 3183 3005 ἀπολῦσαι
3216 2949 3406 3019 αὐτήν·
3456 2949 3548 3002 καὶ
3579 2948 3689 3018 μὴν

2112 3050 2159 3100 εί
2187 3047 2260 3118 μὴ
2287 3048 2344 3114 ὲξ
2377 3048 2533 3115 ἁγίου
2567 3045 2878 3116 Πνεύματος
2925 3045 3185 3097 πέπειστο
3227 3041 3394 3111 αὐτὴν
3444 3039 3688 3108 συνειλη-

2113 3141 2292 3208 φέναι,
2319 3138 2557 3207 άκριϐῶς
2589 3138 2742 3202 εἰδὼς
2766 3139 2846 3191 ὅτι
2880 3135 3014 3208 μηδέ
3045 3135 3103 3202 ἐξ
3149 3134 3312 3188 αὐτοῦ
3337 3133 3396 3187 τὸ
3421 3131 3563 3186 κατὰ
3586 3149 3689 3199 γα-

2116 3232 2274 3303 στρὸς
2307 3231 2489 3301 ἔφερε,
2523 3231 2576 3283 τί
2596 3230 2730 3301 δῆτα
2760 3229 2967 3291 δίκαιος
2993 3227 3112 3280 ὣνό
3133 3227 3292 3296 ἀνὴρ,
3324 3227 3424 3279 οὐκ
3455 3226 3534 3287 είς
3555 3223 3691 3277 πάν.

2113 3340 2208 3385 τας
2241 3321 2448 3390 ἐξάγων
2479 3323 2578 3393 τὴν
2610 3320 2994 3392 διαφθαρεῖσαν
3028 3319 3134 3391 πρὸ
3165 3319 3344 3389 γάμου
3374 3317 3472 3389 τὴν
3513 3316 3685 3386 ὥραν,

2111 3417 2223 3479 τοῖς
2249 3416 2314 3468 τὰ
2347 3415 2570 3468 τοιαῦτα
2598 3414 2804 3485 κρίνειν
2836 3412 3130 3484 παρεδίδου
3153 3412 3428 3484 δράσασαν
3455 3410 3688 3479 δειγμα-

2111 3505 2290 3570 τίσαι;
2319 3506 2435 3570 πῶς
2461 3505 2516 3558 δὲ
2550 3504 2755 3567 δίκαιος
2787 3505 2816 3556 ὀ
2851 3504 2949 3574 τὴν
2978 3503 3292 3575 παράνομον
3324 3500 3521 3572 πρᾶξιν
3565 3503 3691 3553 ἐπι-

2115 3596 2356 3661 σκιάζειν
2403 3597 2496 3650 καὶ
2540 3596 2896 3667 ἐπικρύπτειν
2936 3595 3417 3668 προθυμούμενος;
3445 3593 3560 3646 ἀλλ’
3586 3594 3690 3646 οὐκ

2111 3691 2258 3754 εἰκὸς
2285 3689 2375 3742 τὸν
2395 3689 2776 3761 εύαγγελιστὴν
2807 3689 3012 3742 δίκαιον
3043 3688 3202 3742 αὑτὸν
3225 3688 3316 3740 ἐπὶ
3343 3684 3549 3750 τούτοις
3584 3686 3691 3754 φά-

2112 3799 2217 3848 ναι,
2235 3781 2370 3835 ἁλλά
2392 3781 2500 3853 γὰρ
2524 3779 2941 3850 συναισθόμενον
2964 3780 3051 3834 διὰ
3074 3779 3230 3848 ἁγίου
3253 3778 3393 3832 Πνεύ
3401 3795 3566 3848 ματος
3585 3778 3690 3848 τὴν

2113 3873 2389 3946 θειοτέραν
2421 3873 2521 3943 τῆς
2563 3872 2840 3944 Παρθένου
2880 3871 2979 3941 (2‘)
3015 3871 3295 3941 γεγονέναι
3333 3870 3546 3941 κύησιν,
3595 3871 3692 3923 καὶ

2110 3967 2393 4040 κρείττονα
2405 3966 2502 4035 τῆς
2518 3966 2612 4019 σὺν
2626 3964 2771 4035 αύτῷ
2783 3965 3066 4036 διατριϐῆς
3077 3963 3420 4036 ἡγησάμενον
3435 3959 3572 4016 εἶναι
3589 3963 3692 4035 τὴν

2109 4058 2440 4128 οἰκονομίαν,
2470 4059 2694 4114 εἰκότως
2734 4059 2897 4130 φησὶν
2926 4057 3087 4111 αὑτὸν
3114 4055 3483 4126 διανενοῆσθάι
3511 4055 3690 4126 λάθρα

2109 4151 2379 4205 ἀπολῦσαι
2411 4150 2580 4221 αὐτὴν
2606 4150 2679 4222 μὴ
2709 4150 3179 4221 δειγματισθείσαν
3206 4151 3298 4203 ὑπ’
3319 4149 3506 4213 αύτοῦ,
3553 4148 3688 4220 μηδὲ

2108 4248 2222 4308 τοῖς
2253 4243 2467 4306 πολλοῖς
2490 4243 2726 4313 φανερὰν
2751 4241 3048 4312 γενομένην
3070 4257 3084 4270 ο
3117 4236 3174 4294 εὖ
3222 4239 3353 4308 γοῦν
3383 4239 3477 4292 καί
3529 4239 3590 4291 τὸ
3611 4240 3686 4310 μὴ

2112 4335 2282 4389 θέλων
2316 4334 2483 4404 αὑτὴν
2517 4332 2862 4404 δειγματίσαι
2892 4331 3145 4404 εἰρῆσθαι
3168 4331 3315 4383 δοκεῖ
3341 4329 3446 4382 ύπὸ
3477 4328 3571 4382 τοῦ
3597 4329 3689 4380 εύ-

2114 4427 2458 4498 αγγελιστοῦο
2489 4427 2549 4478 ού
2580 4426 2688 4496 γὰρ
2725 4424 2891 4496 ἔφησε
2930 4423 3003 4495 μὴ
3030 4421 3198 4476 θέλων
3241 4421 3408 4492 αὐτὴν
3442 4421 3694 4493 παραδειο

2110 4520 2396 4592 γματίσαι,
2412 4519 2548 4574 ἀλλὰ
2571 4519 2644 4590 μὴ
2658 4518 3002 4588 δειγματίσαι
3017 4517 3088 4587 (⁸5)
3107 4516 3292 4570 θέλων·
3309 4514 3507 4585 πολλῆς
3520 4512 3690 4584 οῦσης

436 4602 549 4660 dici
595 4607 832 4674 videtur,
878 4613 1024 4682 quod
1072 4629 1193 4670 eam
1241 4615 1527 4672 diﬂ'amare
1579 4617 1837 4673 noluerit.
1887 4616 2009 4671 Non

2114 4616 2172 4667 ὲν
2198 4614 2404 4677 τούτοις
2430 4614 2693 4684 διαφορᾶς
2713 4629 2730 4642 ο
2754 4612 2830 4674 ὠς
2865 4611 2971 4684 γὰρ
3000 4611 3060 4664 ού
3095 4609 3291 4663 ταυτὸν
3343 4607 3593 4679 σημαίνει
3625 4606 3690 4661 τὺ

439 4699 586 4754 enim
621 4702 699 4756 ait
726 4703 921 4759 nolens
955 4720 1074 4760 eam
1119 4705 1410 4772 infamare,
1443 4708 1538 4764 sed
1571 4725 1593 4758 ε
1629 4708 1948 4773 dill‘amare;
1987 4727 2005 4760 ι

439 4807 673 4865 quorum
707 4797 1098 4853 vocabulorum
1151 4801 1322 4855 multa
1353 4810 1437 4858 est
1485 4801 1812 4858 differentia.
1852 4799 2010 4854 Sicut

437 4888 584 4941 enim
618 4903 726 4944 non
776 4888 918 4944 idem
961 4891 1234 4962 significat
1268 4894 1510 4950 scribere
1552 4903 1607 4951 et
1643 4895 2007 4966 proscribere,

439 4986 635 5050 putare
657 4987 714 5036 et
746 4980 1036 5052 imputare,
1069 4999 1263 5056 rogare
1295 4993 1351 5042 et
1377 4988 1676 5058 abrogare;
1707 4987 1788 5042 sic
1831 5001 2008 5058 neque

325 5076 331 5082 “
438 5067 726 5126 diﬂ'amare
752 5080 808 5128 et
838 5072 1107 5128 infamare
1140 5092 1157 5128 :
1187 5090 1425 5147 namque
1468 5077 1739 5132 infamare
1780 5076 1912 5132 facit
1950 5083 2010 5131 ut

439 5159 746 5231 cogitemus
776 5161 846 5219 de
871 5164 1089 5234 publica
1120 5164 1357 5224 hominis
1382 5168 1612 5224 maleﬁci
1643 5167 2010 5240 patefactione

2117 4707 2322 4779 γράψαι
2349 4705 2443 4759 καὶ
2467 4703 2849 4775 παραγράψαι,
2878 4704 2972 4756 καὶ
2992 4701 3051 4754 τὸ
3087 4699 3404 4769 λογίσασθαι
3445 4700 3539 4752 καὶ
3577 4716 3688 4752 πα-

2121 4799 2527 4872 ραλογίσασθαι,
2566 4799 2660 4850 καὶ
2691 4797 2924 4868 ψηφίσαι
2957 4797 3050 4849 καὶ
3081 4793 3477 4866 παραψηφίσαισ
3518 4793 3690 4858 οὕτως

2116 4890 2235 4945 οὐδὲ
2253 4891 2314 4943 τὸ
2344 4888 2686 4960 δειγματίσαι
2711 4890 2803 4941 καί
2830 4887 3342 4959 παραδειγματίσαιο
3370 4884 3430 4938 τὺ
3459 4884 3557 4954 μὲν
3579 4886 3691 4958 γὰρ

2117 4982 2634 5056 παραδειγματίσαι,
2664 4981 2764 5053 τὴν
2781 4981 2872 5034 ἐπὶ
2892 4979 3076 5043 κακῶς
3099 4979 3363 5051 πράξαντι
3387 4980 3466 5042 είς
3481 4978 3691 5044 πάντας

2116 5075 2418 5146 φανέρωσίν
2475 5091 2535 5128 τε
2572 5075 2667 5128 καὶ
2712 5072 2964 5142 διαϐολὴν
3008 5071 3298 5125 ὑποϐάλλει
3329 5073 3489 5125 νοεῖψ
3523 5071 3585 5125 τὸ
3631 5071 3688 5124 δὲ

2110 5167 2470 5238 δειγματίσαι,
2507 5167 2567 5221 τὸ
2598 5165 2830 5236 φανερὸν
2852 5162 3038 5226 ἁπλῶς
3066 5164 3308 5235 ποιῆσαι.

441 5264 508 5304 ac
559 5251 870 5322 delatione;
919 5255 1200 5314 diffamare
1249 5267 1430 5314 autem
1475 5261 1836 5331 patefaciendi
1887 5260 2268 5316 tantummodo
2296 5262 2592 5315 notionem
2626 5258 2812 5312 habet.

512 5343 531 5377 ⁸
573 5343 730 5401 Deut.
767 5363 918 5415 χιιι,
951 5349 1042 5406 25.

509 5436 608 5513 (3')
657 5439 776 5505 Τὴν
819 5441 1122 5513 θειοτέραν
1171 5443 1282 5511 τῆς
1328 5445 1656 5510 Παρθένου.
1702 5443 2017 5513 Legendum

436 5508 652 5577 videtur
703 5524 848 5574 esse,
884 5508 1076 5567 leviter
1122 5508 1427 5568 immutatu'
1458 5515 1747 5570 verborum
1784 5508 2010 5577 brdinc,

437 5576 681 5655 Ostofpaj
702 5578 798 5655 τὴν
835 5581 944 5655 τῆς,
966 5583 1263 5655 Παρθένου.
1299 5587 1459 5655 Eutr.

1290 5623 1520 5709 {nimim
1561 5654 1848 5709 lectionem
1895 5653 2004 5706 δει-

441 5721 732 5788 γματίσαι,
757 5737 920 5792 quam
951 5722 1114 5779 habet
1141 5727 1304 5778 etiam
1325 5725 1742 5796 antiquissimus
1763 5726 2004 5779 omnium

2127 5440 2298 5496 codex
2348 5440 2581 5496 biblicus
2630 5440 2946 5497 Vaticanus.
3006 5454 3107 5493 nec
3153 5455 3259 5494 non
3297 5439 3684 5510 palimpsestus

2122 5511 2487 5566 Dublinensis.
2519 5512 2675 5580 Apud
2704 5511 3044 5566 Sabaterium
3072 5508 3376 5564 consonant
3397 5510 3516 5564 cod.
3530 5508 3684 5580 [Ian-

2115 5583 2313 5654 tabi-ig.
2354 5577 2670 5654 prwpalure.
2710 5581 2769 5638 S.
2806 5579 3170 5654 Augustinus,
3202 5580 3492 5646 divulqare,
3529 5577 3681 5652 Vigi-

2115 5654 2219 5708 lius
2254 5652 2442 5723 Taps.,
2474 5653 2727 5724 detegere.
