4100 6474
396 244 568 310 885
1011 254 1467 316 OUA'SSTIONES
1503 258 1960 315 EVANGELICAE

2087 284 2088 289 η
2128 257 2566 316 STEPHANUM.
2605 287 2675 301 --
2711 258 3038 316 OUAESTIO
3076 259 3117 314 Ι.
3574 259 3681 316 886

509 363 589 419 δ’.
637 366 851 436 Ἐπειδὴ
871 365 926 418 δὲ
959 367 1147 421 τούτου
1178 369 1488 440 γενομένου,
1525 371 1573 422 εί
1594 370 1689 424 καὶ
1720 369 1893 441 λάθρα
1921 371 1984 423 αύ

2087 423 2092 432 ,
2189 371 2243 425 6.
2288 367 2395 426 Sed
2428 371 2556 440 quia
2585 378 2763 428 tamen
2816 372 2931 427 lteri
2980 387 3089 427 non
3131 377 3345 441 poterat
3373 380 3431 427 ut
3472 374 3678 434 multos

397 453 554 525 τὴν
575 456 910 520 ἀπολελύκει,
945 459 1123 529 μεῖξον
1153 456 1221 532 ἦν
1245 460 1306 514 τὸ
1333 462 1584 531 πρᾶγμα,
1612 462 1646 531 ἧ
1669 463 1807 516 κατὰ
1829 462 1892 515 τὸ
1917 461 1984 516 λα

2116 475 2180 515 ea
2209 475 2298 515 res
2318 460 2534 526 lateret,
2565 462 2782 517 etiamsi
2801 462 3036 527 Mariam
3058 459 3329 532 Iosephus
3358 462 3499 519 clam
3526 463 3677 522 dese-

398 542 567 599 θεῖν
589 548 715 610 τοὺς
746 546 990 614 πολλοὺς,
1021 550 1245 613 εἰκότως
1281 549 1507 613 ἐπιστάς
1546 549 1676 622 δναρ
1720 554 1751 606 6‘
1784 552 1982 622 ἄγγελο

2114 552 2336 616 ruisset,
2367 553 2654 608 commode
2680 554 2908 624 angelus
2933 569 3029 625 per
3071 553 3346 609 somnium
3373 554 3503 612 huic
3523 557 3675 613 obla-

400 632 553 708 ἔφη
573 638 651 709 τῷ
682 640 897 709 Ἰωσήφ·
930 659 948 692 ι
992 642 1184 713 Ἰωσὴφ
1229 644 1425 714 Ἰωσὴφ
1452 643 1568 707 υίὸς
1591 644 1774 709 Δαδὶδ,
1813 647 1887 719 μὴ
1918 664 1984 716 φο

2115 650 2207 699 tus
2232 645 2308 698 ait
2343 662 2357 698 :
2410 661 2429 695 ι
2470 641 2673 713 Ioseph
2708 641 2911 714 Ioseph
2960 643 3033 698 ﬁli
3082 642 3323 708 Davidis,
3479 645 3675 704 timeas

404 722 623 797 σηθῇς
649 728 979 797 παραλαϐεῖν
1007 731 1238 802 Μαριάμ
1269 731 1366 803 τὴν
1397 732 1639 801 γυναῖκά
1655 751 1748 788 σου
1772 751 1786 765 ο
1808 735 1872 789 τδ
1903 735 1984 808 γὰι

2111 736 2363 806 accipere
2395 734 2619 790 Mariam
2639 735 2920 806 conjugem
2954 744 3100 790 tuam
3128 756 3141 790 :
3167 737 3309 807 quod
3338 737 3482 792 enim
3520 738 3577 793 in
3608 754 3671 794 ea

408 812 506 865 ἐν
532 817 669 887 αὐτῇ
708 816 963 887 γεννηθὲν
988 820 1059 871 ὲκη
1083 819 1395 890 Πνεύματός
1438 824 1587 875 ἐστιν
1623 822 1798 892 ἁγίου.
1839 844 1857 875 ι
1898 826 1984 880 Κα

2108 837 2296 883 natum
2320 835 2426 891 est.
2454 827 2523 884 de
2545 828 2754 900 Spiritu
2776 839 2968 884 sancto
2995 836 3080 885 est
3103 830 3145 881 ³.
3181 848 3199 879 ι
3227 828 3295 883 Ει
3319 828 3519 886 videsis
3554 837 3611 885 ut
3640 847 3671 884 a

409 899 544 955 θέα
579 921 643 972 γε
671 906 748 970 ὡς
781 906 994 979 πρῶτον
1019 908 1133 963 υἱὸν
1172 910 1335 964 Δαδὶδ
1364 911 1643 974 ἀνακαλεῖ,
1670 914 1984 984 ἀναπέμπω

2111 920 2381 989 principio
2402 920 2572 976 lilium
2592 899 2825 977 Davidis
2848 920 2995 975 hunc
3021 920 3276 990 appellat,
3300 921 3511 977 scilicet
3524 936 3672 977 eum-

1011 254 1467 324 QUA'SSTIONES
1503 258 1960 315 EVANGELICAE
1997 258 2088 313 AD
2128 257 2566 316 STEPHANUM.
2605 287 2675 301 --
2711 258 3038 327 ρυΑΞΞΤιο
3076 259 3117 314 l.

413 993 535 1046 ἐπὶ
557 994 650 1049 τὸν
682 998 1021 1071 προπάτορα,
1045 999 1131 1053 διὰ
1161 1000 1251 1054 τὸν
1280 1002 1345 1056 ὲκ
1365 1003 1678 1074 σπέρματος
1709 1004 1872 1059 Δασιδ
1897 1009 2007 1071 τοῖς

413 1088 577 1140 πᾶσι
606 1088 1068 1161 προσδοκώμενονο
1093 1091 1214 1144 ἐπεὶ
1228 1092 1317 1145 διά
1348 1092 1400 1147 τί
1437 1095 1511 1165 μὴ
1542 1095 1656 1148 υἱὸν
1686 1095 1845 1148 αύτδν
1870 1095 2005 1168 ἔφη·

418 1191 534 1228 σεν
571 1177 788 1243 Ἰακώδς
818 1174 971 1243 οὗτος
996 1179 1104 1251 γὰρ
1123 1176 1192 1252 ἦν
1213 1181 1377 1235 αύτοῦ
1415 1182 1558 1237 κατὰ
1594 1184 1769 1257 σάρκα
1800 1187 2004 1259 πατὴρ,

418 1265 515 1329 ὡς
550 1271 816 1340 μαρτυρεῖ
845 1270 874 1321 6
904 1270 1312 1343 εὐαγγελιστής’
1352 1292 1371 1325 ι
1401 1273 1627 1329 Ματθὰν
1651 1276 1709 1329 δὲ
1752 1277 2001 1350 ἐγέννησε

416 1356 529 1409 τὴν
577 1357 768 1411 Ἰακώδ
789 1376 809 1389 ι
849 1360 1039 1414 Ἰακὼὸ
1058 1362 1114 1416 δὲ
1137 1363 1389 1436 ἐγέννησε
1418 1364 1508 1418 τὸν
1546 1366 1760 1437 Ἰωσήφο
1788 1386 1809 1419 ι
1833 1367 1929 1421 νῦν
1944 1370 2002 1423 δὲ

421 1449 635 1520 ’παρεὶς
663 1449 758 1504 τοῦ
793 1453 998 1523 πατρὸς
1045 1453 1142 1525 τὴν
1196 1458 1416 1526 μνήμην
1447 1498 1462 1522 ,
1511 1455 1605 1509 τοῦ
1660 1459 2002 1535 προπάτορος

424 1540 863 1613 ὑπομιμνήσκει*
893 1544 1171 1614 μονονουχὶ
1210 1546 1487 1617 σημαίνων
1518 1548 1594 1611 ὡς
1630 1547 1738 1620 ἄρα
1767 1551 1796 1602 6
1826 1551 1998 1620 ἐπηγ-

424 1630 691 1702 γελμένος
718 1631 791 1703 τῷ
819 1634 1001 1699 Δαὸὶδ,
1023 1630 1175 1698 οὗτος
1187 1630 1255 1704 ἦν
1285 1639 1314 1691 6
1339 1638 1653 1709 παραδόξως
1673 1641 1702 1692 6
1726 1640 1799 1711 μὴ
1818 1638 1878 1705 ἐξ
1901 1641 1998 1695 αὐ·-

2107 1009 2241 1063 dem
2259 1022 2527 1065 revocans
2565 1010 2632 1064 ad
2673 1010 3077 1080 progeniturem
3109 1023 3211 1078 ope
3258 1008 3406 1065 illius
3447 1024 3606 1080 quem
3638 1026 3667 1063 a

2093 1098 2331 1156 ‘Davidis
2383 1116 2582 1171 genere
2627 1116 2821 1157 omnes
2865 1099 3278 1171 exspectabant.
3315 1100 3529 1172 Alioqui
3568 1118 3669 1157 cur

2107 1207 2213 1247 non
2255 1207 2381 1248 eum
2410 1191 2600 1248 Iacobi
2633 1192 2800 1247 lilium
2833 1193 3111 1248 dixisset?.
3147 1192 3249 1248 Hic
3284 1193 3429 1247 enim
3458 1202 3576 1249 erat
3602 1194 3669 1248 il-

2104 1284 2215 1341 lius
2261 1291 2456 1339 natura
2511 1284 2802 1354 proximus
2840 1293 3015 1355 pater,
3071 1293 3209 1341 teste
3261 1286 3594 1357 evangelista
3647 1305 3661 1342 :

2110 1394 2129 1426 σ
2171 1374 2483 1431 Matthanus
2515 1384 2697 1429 autem
2747 1377 2936 1446 genuit
2965 1374 3267 1445 Iacobum;
3295 1376 3534 1434 Iacobus
3566 1395 3666 1437 au-

2101 1473 2209 1521 tem
2255 1465 2442 1536 genuit
2483 1464 2800 1536 Iosephum.
2841 1486 2867 1518 ι
2914 1465 3069 1521 Nunc
3110 1483 3263 1533 ver-0,
3292 1470 3664 1538 praetermissa

2101 1558 2276 1629 patris
2306 1560 2602 1626 mentione,
2630 1559 3029 1629 progenitorem
3069 1568 3488 1629 commemorat;
3531 1577 3661 1631 pro~

2100 1651 2389 1721 pemodum
2418 1651 2752 1723 signiﬁcans,
2783 1651 2876 1721 qui
2902 1650 3090 1706 Davidi
3124 1653 3430 1722 promissus
3457 1652 3659 1719 fuerat,

422 1723 548 1790 τοῦ,
579 1724 645 1777 ὲκ
667 1724 981 1793 Πνεύματος
1005 1725 1060 1779 δὲ
1081 1727 1236 1796 ἁγίου
1271 1729 1376 1782 ύπδ
1394 1729 1494 1800 τῆς
1521 1730 1739 1800 Μαρίας
1768 1730 1984 1804 κυούμει

2102 1745 2249 1800 hunc
2288 1760 2411 1802 esse
2456 1760 2619 1815 quem
2665 1744 2976 1816 prodigiose
3022 1755 3076 1799 et
3125 1744 3245 1799 sine
3280 1746 3391 1800 ullo
3436 1747 3662 1818 Iosephi

422 1830 540 1878 tm."
574 1815 763 1871 ἔπειτα
788 1818 844 1871 δὲ
860 1817 1006 1889 αὐτῷ
1032 1818 1252 1891 θαρσεῖν
1283 1821 1717 1893 παρακελεύεται
1744 1823 1826 1878 δι“
1839 1825 1901 1879 δν
1922 1823 1998 1880 εἷ-

422 1924 525 1976 χεν
541 1906 721 1976 φόϐον·
756 1910 854 1980 οὐχ
880 1910 909 1962 6
939 1909 1118 1981 τυχὼν
1146 1909 1256 1982 γάρ
1278 1910 1440 1980 φόδος
1459 1908 1527 1984 ἦν
1547 1911 1696 1986 αύτῷ
1714 1916 1996 1972 συναισθο-

423 1996 577 2067 pm.
611 1999 685 2069 μὴ
713 1999 771 2067 ἐξ
798 2000 990 2072 ἀνδρὸς
1016 2002 1350 2073 κεκυηκέναιτ
1369 2001 1467 2074 τὴν
1490 2004 1728 2077 Μαρίαν·
1761 2007 1996 2063 κᾶπειτα.

419 2087 590 2141 αὑτὸν
618 2089 855 2144 διδάσκει
896 2092 993 2162 οὔχ
1023 2092 1053 2145 6
1081 2092 1156 2165 μὴ
1195 2094 1399 2164 ἠγνόει,
1442 2094 1578 2150 ἀλλὰ
1610 2096 1705 2150 τοῦ
1735 2099 1829 2153 καὶ
1860 2101 1994 2172 πρό-

414 2195 579 2249 τερον
610 2184 1046 2253 γιγνωσκομένου
1081 2183 1180 2254 τὴν
1211 2185 1410 2240 αἰτίαν·
1446 2186 1595 2257 λέγει
1634 2188 1680 2242 δ’
1710 2186 1824 2243 οὖν·
1864 2209 1884 2243 ι
1920 2191 1994 2245 Τδ

414 2270 530 2341 τὰρ
561 2274 619 2325 ἐν
646 2275 783 2347 αὐτῇ
812 2277 1086 2348 γεννηθὲν,
1116 2279 1181 2332 ὲκ
1214 2279 1528 2352 Πνεύματός
1548 2285 1693 2338 ἐστιν
1721 2284 1893 2352 ἁγίου.
1930 2304 1955 2337 ι

488 2492 552 2549 ε’.
598 2493 827 2569 Τοιαύτη
873 2515 958 2562 τις
997 2500 1091 2554 καὶ
1132 2500 1367 2573 τοσαύτη
1406 2504 1657 2573 γενέσθαι
1710 2508 1986 2579 οἰκονομία

413 2586 556 2658 ὑπὲρ
584 2586 677 2640 τοῦ
714 2587 894 2643 λαθεῖν
920 2591 1017 2663 τὴν
1043 2595 1143 2664 τῆς
1177 2593 1444 2666 παρθένου
1476 2595 1668 2668 κύησιν
1700 2599 1825 2661 τοὺς
1855 2598 1983 2652 ἀπί-

415 2694 594 2743 στους,
621 2680 685 2734 ἐκ
707 2680 806 2751 τῆς
821 2680 969 2746 θείας
986 2684 1343 2753 ύποφαίνεταί
1374 2705 1465 2759 μοι
1491 2687 1729 2761 Γραφῆς·
1760 2690 1855 2743 καὶ
1877 2690 1982 2763 γὰρ

411 2765 515 2819 οὐκ
554 2766 620 2820 ἂν
667 2768 956 2843 ἐπιστεύθη
989 2773 1189 2844 ῥαδίως
1213 2778 1241 2829 6
1268 2775 1425 2846 λόγος
1470 2777 1622 2850 παρά
1665 2781 1779 2843 τοῖς
1825 2779 1983 2833 τοῦτο

413 2857 722 2925 ἀκούουσιν,
754 2860 922 2934 ἄνδρα
957 2881 1019 2917 τε
1045 2866 1205 2920 αὐτὸν
1229 2868 1358 2938 ἡμῖν
1374 2867 1679 2939 ὁμοιοπαθῆ
1706 2868 1768 2922 τὸ
1799 2868 1977 2940 σῶμα,

413 2951 507 3003 καὶ
526 2952 645 3005 κατ’
672 2952 823 3006 οὐδὲν
856 2955 963 3027 τὴν.
987 2955 1184 3028 θνητὴν
1203 2958 1360 3027 φύσιν
1380 2959 1823 3032 παραλλάττοντα
1843 2960 1977 3014 θεω-

413 3040 623 3109 μένοις·
661 3042 714 3095 τί
749 3043 857 3117 γάρ
905 3046 955 3098 εί
1010 3046 1103 3100 καὶ
1138 3047 1277 3118 μετὰ
1318 3048 1490 3103 ταῦτα
1539 3048 1977 3121 παραδοξοποιῶν

2099 1835 2295 1902 ollicio,
2344 1837 2440 1893 sed
2472 1836 2541 1892 de
2585 1835 2793 1906 Spiritu
2843 1844 3036 1892 saneto
3091 1836 3261 1892 Maria
3312 1849 3659 1909 conceperat.

2097 1926 2305 1983 Deinde
2345 1943 2469 1984 eum
2499 1927 2661 1999 jubet
2707 1928 2983 1992 timorem,
3034 1943 3145 1998 quo
3187 1936 3474 2000 correptus
3512 1937 3654 1994 erat,

2095 2018 2389 2075 dimittere.
2421 2016 2540 2073 Non
2568 2019 2714 2075 enim
2746 2018 2803 2073 in
2832 2018 3096 2074 mediocri
3126 2018 3447 2073 versabatur
3469 2018 3657 2074 formi-

2093 2110 2243 2172 dine,
2296 2109 2428 2165 dum
2476 2118 2757 2180 reputaret
2783 2109 2928 2164 haud
2959 2125 3023 2163 ex
3054 2109 3174 2163 viro
3213 2106 3490 2179 gravidam
3531 2123 3656 2166 csse

2094 2198 2341 2256 Mariam.
2366 2198 2502 2255 Exin
2524 2198 2774 2255 eumdem
2797 2199 2959 2255 ducet
2980 2214 3095 2253 non
3119 2197 3271 2269 quod
3295 2213 3406 2253 non
3437 2199 3656 2270 ignora-

2092 2289 2206 2355 bat,
2229 2289 2325 2345 sed
2354 2290 2667 2361 νηλεοεηίιί
2699 2305 2943 2346 causam.
2977 2288 3067 2344 Ait
3111 2290 3276 2362 igitur
3304 2309 3317 2344 :
3358 2308 3377 2341 ι
3412 2290 3571 2358 Quod
3596 2293 3652 2349 in

2090 2396 2153 2437 ea
2173 2388 2360 2436 natum
2389 2391 2492 2448 est,
2520 2382 2588 2437 de
2612 2380 2817 2453 Spiritu
2843 2390 3031 2436 sancto
3051 2389 3155 2438 est.
3188 2400 3208 2433 ι

2160 2493 2212 2548 5.
2253 2491 2385 2548 Tale
2422 2493 2557 2549 mihi
2605 2501 2926 2564 tantumque
2953 2494 3214 2564 agitatum
3257 2493 3551 2548 consilium
3580 2509 3650 2549 ex

2086 2584 2287 2641 divinis
2310 2584 2506 2639 litteris
2531 2594 2774 2655 apparet,
2795 2595 3016 2655 propter
3061 2586 3451 2641 occultandum
3476 2587 3650 2642 incre-

2084 2676 2230 2733 dulis
2258 2684 2581 2747 conceptum
2607 2677 2853 2748 virginis.
2890 2677 3078 2749 Neque
3108 2679 3254 2733 enim
3280 2679 3439 2735 facile
3467 2679 3650 2736 credi-

2083 2767 2195 2823 turi
2237 2775 2417 2831 erant,
2470 2767 2565 2838 qui
2618 2782 2922 2824 sermonem
2968 2768 3239 2839 ejusmodi
3297 2770 3549 2826 audircnt
3578 2771 3648 2827 de

2080 2858 2302 2915 homine
2322 2859 2461 2913 mira
2484 2867 2817 2924 narrantem,
2848 2875 3009 2930 quem
3038 2876 3191 2932 atque
3220 2877 3284 2917 ac
3306 2877 3409 2919 nos
3433 2863 3651 2919 inlirmu

2080 2965 2311 3021 corpore
2349 2958 2652 3021 naturaque
2678 2951 2825 3006 haud
2855 2951 3109 3008 dissimili
3151 2953 3441 3025 praeditum
3493 2955 3647 3011 vide-

2078 3053 2220 3099 rent.
2251 3043 2435 3111 Quid?
2457 3044 2669 3100 etiamsi
2691 3043 2950 3116 deinceps
2972 3041 3134 3101 Iesus
3160 3045 3423 3100 miracula
3450 3046 3640 3110 edens,

410 3133 504 3186 καὶ
536 3134 635 3200 τὰς
657 3136 872 3195 ἐνθέους
898 3139 1217 3212 εὐεργεσίας
1236 3142 1319 3205 είς,
1344 3142 1570 3208 πολλοὺς
1594 3144 1849 3199 ἐκτείνων
1889 3144 1978 3212 ἑξ-

2087 3134 2429 3207 divinamque
2456 3136 2567 3192 vim
2596 3135 2898 3192 beneﬁcam
2924 3151 3054 3207 erga
3084 3137 3285 3193 multos
3315 3152 3647 3208 exprontens

407 3225 637 3300 έπληττε
670 3230 796 3293 τοὺς
834 3230 1103 3303 δρῶντας;
1151 3232 1271 3304 οὐχὶ⁸
1309 3232 1366 3286 δὲ
1398 3224 1491 3289 καὶ
1522 3237 1760 3309 Μωῦσῆς
1804 3239 1975 3297 πολλὰ

406 3318 914 3393 θαυματουργήσας,
934 3323 1032 3393 τῆς
1054 3323 1237 3395 κοινῆς
1260 3325 1408 3397 ὅμως
1423 3326 1687 3394 γενέσεως
1707 3331 1807 3384 οὐκ
1821 3332 1977 3403 ἡμοί-

405 3426 519 3481 pst;
556 3410 737 3485 Ἱξλίας
768 3415 963 3480 τε,κώ
990 3416 1310 3481 Ἐλισσαῖος,
1328 3419 1419 3472 καὶ
1450 3420 1478 3471 6
1508 3419 1695 3485 καθεῖς
1718 3421 1825 3476 τῶν
1843 3442 1975 3496 προ-

402 3500 618 3572 (equina;
652 3504 802 3558 οὐδὲν
833 3501 927 3559 οὖν
959 3507 1094 3578 πρὸς
1122 3507 1185 3561 τὸ
1219 3508 1293 3579 μὴ
1327 3509 1388 3573 ἐξ
1443 3511 1634 3581 ἀνδρὸς
1661 3515 1973 3584 νομίζεσθαι

398 3593 491 3646 τὸν
535 3594 739 3665 Ἰησοῦν
776 3599 810 3669 ἡ
842 3597 949 3652 τῶν
987 3600 1287 3672 τεραστίων
1319 3600 1499 3672 ἔργων
1533 3604 1788 3671 ἐπίδειξις
1822 3608 1970 3681 αὐτῷ

398 3685 769 3742 συνεδάλλετοο
805 3690 1000 3743 αὐτίκα
1036 3693 1084 3744 οί
1120 3693 1238 3747 κατ’
1269 3692 1430 3747 αὐτὸν
1461 3694 1568 3747 οὐδ’
1606 3695 1732 3750 ἄλλο
1760 3715 1813 3752 τι
1842 3700 1971 3770 περὶ

398 3776 501 3847 τῆς
544 3778 807 3846 γενέσεως
838 3780 1000 3834 αὑτοῦ
1050 3781 1461 3854 φανταζόμενοι,
1496 3786 1695 3858 καίπερ
1725 3786 1795 3841 τά
1831 3788 1969 3861 δρώ-

402 3883 538 3937 μενα
560 3868 650 3921 ὑπ’
667 3869 829 3923 αὑτοῦ
854 3871 1104 3943 ὁρῶντες,
1140 3872 1324 3943 ελεγον
1349 3874 1486 3945 πρὸς
1509 3874 1787 3945 ἀλλήλους’
1826 3895 1845 3928 ι
1864 3878 1967 3932 [16’-

2078 3229 2309 3299 perculit
2335 3227 2676 3285 cernentium
2728 3228 2972 3294 animos;
3021 3244 3203 3286 nonne
3251 3227 3487 3301 Moyses,
3541 3230 3640 3301 qui

2077 3324 2247 3378 multa
2280 3322 2416 3377 mira
2449 3320 2597 3386 fecit,
2629 3327 2811 3376 tamen
2844 3320 3151 3376 communis
3183 3321 3487 3377 nativitatis
3515 3338 3640 3393 par-

2078 3416 2256 3485 ticeps
2298 3413 2445 3469 fuit?
2499 3414 2739 3483 itemque
2785 3410 2933 3465 Elias
2972 3419 3136 3483 atque
3178 3411 3425 3478 Elisaeus,
3479 3422 3642 3484 atque

2075 3507 2350 3578 propheta:
2370 3505 2608 3577 singuli?
2628 3503 2772 3559 Nihil
2796 3503 2964 3574 igitur
2988 3504 3244 3574 proderat
3264 3503 3639 3576 prodigiorum

2070 3597 2262 3662 editio,
2312 3597 2615 3668 quominus
2650 3593 2811 3651 Iesus
2862 3595 3179 3651 crederetur
3231 3597 3369 3651 viro-
3399 3595 3636 3668 genitus.

2074 3690 2285 3761 Reapse
2330 3689 2581 3745 homines
2632 3688 2779 3744 illius
2811 3689 3013 3753 aetatis,
3064 3688 3199 3743 nihil
3235 3688 3517 3743 insolitum
3570 3690 3639 3746 de

2070 3782 2355 3838 nativitate
2402 3780 2525 3849 ejus
2582 3779 2973 3849 suspicantes,
3020 3792 3332 3850 quanquam
3386 3778 3636 3849 ejusdem

2068 3874 2213 3928 facta
2236 3871 2596 3942 aspiciebant,
2624 3871 2701 3924 ita
2722 3870 3177 3941 colloquebantur
3214 3888 3229 3926 :
3265 3889 3283 3922 ι
3319 3868 3474 3928 Unde
3507 3872 3638 3929 huic

398 3957 490 4011 θεν
517 3959 689 4030 τούτῳ
721 3963 869 4013 πᾶσα
899 3963 931 4032 ὴ
967 3961 1127 4031 σοφία
1153 3961 1292 4035 αὕτη
1322 3964 1415 4017 καὶ
1461 3966 1514 4018 αἱ
1541 3964 1828 4035 δυνάμεις;
1866 3966 1964 4038 οὐχ

2087 3966 2246 4022 minis
2276 3964 2545 4034 sapientia
2573 3962 2688 4017 haec
2718 3969 2773 4016 et
2801 3961 3072 4017 virtutes?
3107 3977 3289 4017 nonne
3321 3962 3409 4017 hic
3438 3971 3524 4019 est
3554 3963 3638 4018 fa-

393 4041 547 4113 οῧτός
566 4051 710 4104 ἐστιν
731 4052 759 4105 ὁ
780 4050 876 4104 τοῦ
914 4052 1160 4116 τέκτονος
1187 4054 1329 4121 υίός;
1367 4056 1487 4127 οὐχὶ
1519 4057 1553 4127 ἡ
1589 4057 1771 4127 μήτηρ
1800 4057 1963 4110 αὑτοῦ

2087 4057 2149 4114 πὶ
2182 4055 2368 4113 illius?
2388 4068 2572 4109 nonne
2596 4062 2772 4107 mater
2811 4053 2934 4124 ejus
2964 4053 3171 4107 dicitur
3205 4052 3411 4120 Maria;
3442 4062 3497 4109 et
3521 4054 3633 4108 fra-

391 4138 607 4209 λέγεται
650 4142 869 4212 Μαρία;
897 4144 989 4197 καὶ
1019 4145 1069 4197 οί
1105 4144 1323 4215 ἀδελφοὶ
1353 4144 1541 4209 αὐτοῦ,
1576 4145 1830 4212 Ἰάκωϐος
1867 4148 1962 4201 καὶ

2088 4161 2177 4203 res
2208 4145 2329 4216 ejus
2354 4143 2593 4199 Iacobus
2635 4150 2691 4198 et
2722 4142 2995 4214 Iosephus
3019 4148 3074 4197 et
3105 4139 3294 4223 Simon
3320 4148 3378 4196 et
3417 4139 3634 4197 Iudas!

402 4230 595 4305 Ἰωσὴφ
613 4235 706 4288 καὶ
729 4232 912 4305 Σίμων
937 4237 1030 4290 καὶ
1061 4236 1294 4303 Ἰούδας;
1328 4238 1421 4291 καὶ
1450 4238 1506 4290 αί
1540 4237 1763 4308 ἀδελφαὶ
1794 4239 1959 4293 αὑτοῦ

2087 4246 2302 4309 temque
2331 4251 2550 4292 sorores
2575 4235 2709 4306 ejus.
2723 4250 2902 4292 nonne
2916 4249 3108 4291 omnes
3130 4224 3275 4304 apud
3296 4249 3398 4291 nos
3415 4237 3580 4291 sunt?
3606 4254 3626 4287 ι

387 4325 510 4395 οὐχὶ
537 4325 705 4379 πᾶσαι
732 4326 867 4397 πρὸς
896 4328 1043 4398 ἡμᾶς
1076 4330 1182 4382 είσι
1206 4346 1222 4396 ;
1260 4348 1279 4381 ι
1318 4329 1429 4383 Καὶ
1458 4328 1643 4383 ἄλλοτε
1671 4330 1831 4384 πάλιν
1857 4330 1958 4403 τῆς

2087 4338 2281 4387 tursus
2308 4330 2446 4386 alias
2470 4336 2646 4384 matre
2673 4329 2795 4400 ejus
2827 4326 3197 4397 fratribusque
3219 4334 3378 4383 extra
3408 4326 3631 4382 concio-

392 4417 596 4489 μητρὸς
612 4417 705 4470 καὶ
727 4417 835 4471 τῶν
857 4419 1100 4488 ἀδελφῶν
1129 4419 1377 4475 ἑστώτων
1411 4419 1515 4487 ἔξω
1545 4421 1638 4475 καὶ
1653 4422 1957 4495 ζητούντων

2087 4437 2183 4478 tem
2214 4421 2509 4485 stantibus,
2563 4434 2689 4474 cum
2741 4434 2916 4490 eoque
2956 4418 3106 4489 loqui
3158 4417 3492 4483 volentibus,
3552 4418 3643 4475 ait

385 4508 611 4580 λαλῆσαι
631 4509 799 4581 αὐτῷ,
834 4506 953 4564 εἶπέ
989 4530 1072 4576 τις
1096 4512 1245 4583 αὐτῷ
1286 4531 1299 4544 ·
1352 4532 1372 4565 ι
1415 4515 1544 4571 Ἰδοὺ
1576 4519 1610 4588 ἡ
1642 4517 1825 4589 μήτηρ
1863 4533 1958 4571 σου

2087 4512 2283 4585 [uictam
2316 4531 2332 4568 :
2378 4529 2411 4563 ι»
2437 4510 2519 4566 En
2547 4525 2759 4582 parens.
2787 4517 2881 4565 tua
2909 4507 3218 4580 fratresque
3245 4511 3324 4565 tul
3363 4507 3500 4565 foris
3531 4510 3630 4565 ad-

385 4600 482 4654 καὶ
504 4601 555 4654 oi.
584 4601 800 4671 ἀδελφοί
833 4621 925 4656 σου
952 4606 1246 4676 ἑστήκασιν
1277 4606 1401 4673 ἔξω,
1425 4608 1550 4663 ἰδεῖν
1574 4626 1632 4664 σε
1653 4608 1914 4673 θέλοντες.
1931 4629 1949 4663 ι

2087 4615 2211 4673 υιιι,
2238 4613 2402 4676 teque
2435 4605 2614 4661 visere
2668 4603 2958 4675 cupiunt’.
2992 4623 3011 4655 ι
3044 4601 3155 4658 Nec
3184 4602 3424 4669 mirum;
3460 4602 3630 4674 siquis

386 4692 499 4745 Καὶ
516 4692 569 4745 τί
603 4692 1026 4764 θαυμαπὸνκὸτε
1060 4698 1154 4752 καὶ
1176 4700 1223 4751 ot
1245 4698 1409 4752 αύτοῦ
1443 4700 1682 4771 μαθηταὶ
1697 4703 1791 4755 καὶ
1821 4702 1955 4755 ἀπό-

2087 4699 2182 4754 lem
2230 4699 2394 4754 etiam
2447 4694 2704 4767 discipuli
2760 4704 2924 4767 atque
2974 4697 3207 4766 apostoli
3258 4695 3435 4767 rogati
3464 4695 3533 4751 ab
3560 4711 3627 4752 eo

370 4786 562 4839 -στολοι
593 4787 976 4859 ἐρωτηθέντες,
1005 4811 1023 4842 ι
1052 4791 1182 4845 Τίνα
1227 4809 1292 4863 με
1313 4832 1327 4855 ,
1364 4795 1555 4865 φησὶν,
1588 4797 1637 4849 οἱ
1680 4794 1953 4868 ἄνθρωποι

2087 4806 2219 4862 luem
2261 4806 2323 4852 se
2367 4805 2491 4846 esse
2534 4790 2786 4845 homines
2836 4788 3104 4854 dicerent,
3152 4787 3569 4858 responderunt»
3606 4806 3633 4843 ετ

383 4876 625 4947 λέγουσιν
645 4895 659 4944 ;
687 4899 704 4931 ι
725 4880 1109 4953 ἀπεκρίναντο,
1126 4884 1202 4948 ὡς
1218 4883 1325 4955 ἄρα
1341 4888 1387 4940 οἱ
1409 4886 1507 4956 μὲν
1523 4887 1773 4959 Ἰωάννην
1791 4888 1951 4943 αὐτὸν

2122 4886 2260 4942 Aliis
2283 4898 2408 4941 eum
2435 4883 2608 4939 videri
2629 4880 2917 4945 Joannem,
2943 4879 3066 4935 aliis
3085 4879 3279 4944 Eliam,
3311 4877 3436 4934 aliis
3471 4876 3627 4935 Iere-

382 4964 521 5022 εἶναι
550 4969 829 5040 ἡγοῦνται,
859 4975 908 5025 οί
938 4972 995 5027 δὲ
1039 4974 1246 5038 Ἠλίαν,
1278 4976 1329 5029 οἱ
1360 4978 1458 5047 μὲν
1494 4979 1783 5050 Ἰερεμίαν,
1816 4981 1867 5033 oi
1894 4981 1952 5034 δὲ

384 5061 568 5132 ἕτερόν
613 5080 736 5118 τινα
780 5064 891 5118 τῶν
955 5067 1267 5138 προφητῶν·
1337 5069 1680 5141 ἐρωτώμενοι
1725 5072 1782 5125 δὲ
1829 5072 1952 5128 τίνα

2087 5061 2179 5113 ati-
2197 5075 2361 5131 quem
2392 5069 2449 5116 et
2467 5060 2573 5131 ipsi
2603 5076 2664 5116 se
2691 5075 2816 5116 esse
2844 5064 3124 5129 putarent,
3147 5057 3383 5113 silebant
3409 5058 3620 5125 cuncti,

385 5151 511 5205 ποτὲ
537 5155 631 5207 καὶ
667 5156 819 5210 αὐτοὶ
858 5157 1015 5222 δόξαν
1049 5159 1229 5229 ἔχουσι
1267 5160 1394 5232 περὶ
1428 5162 1617 5227 αὑτοῦ,
1656 5165 1707 5217 οἱ
1750 5163 1950 5229 πάντες

2087 5153 2191 5207 ihil
2223 5152 2408 5208 dicere
2463 5152 2730 5207 habentes
2776 5169 2791 5205 :
2843 5166 3096 5222 unusque
3138 5147 3336 5203 Betrus
3367 5148 3464 5211 ait,
3494 5164 3619 5204 eum

379 5241 792 5315 άπεσιὼπησαν,
814 5245 891 5309 ὡς
914 5248 1012 5300 οὒκ
1037 5247 1454 5319 ἔχοντεςείπείνθ
1477 5251 1636 5321 μόνου
1659 5252 1715 5305 δὲ
1741 5251 1945 5325 Πέτρου

2087 5262 2176 5302 sse
2196 5246 2480 5302 Christum
2508 5244 2606 5300 Dei
2646 5242 3132 5300 viventis-Filium.
3158 5240 3372 5311 Quippe
3403 5249 3458 5296 et
3490 5241 3618 5295 huic

378 5334 664 5403 φήσαντος,
693 5336 768 5399 ὡς
789 5336 898 5409 ἄρα
918 5339 1078 5404 αὐτὸς
1093 5340 1179 5410 εἴη
1197 5342 1226 5394 ὀ
1242 5342 1473 5414 Χριστὸς
1496 5343 1524 5394 δ
1554 5341 1682 5406 Υίδς
1697 5341 1792 5396 τοῦ
1808 5340 1941 5395 Θεοῦ

2092 5339 2170 5402 ni,
2210 5335 2574 5406 tanquam'rei
2596 5335 2846 5400 conscio,
2876 5332 3162 5405 respondit
3191 5330 3353 5389 Iesus
3388 5352 3400 5386 :
3434 5352 3453 5384 ι
3485 5332 3621 5386 Bea-

372 5422 468 5476 τοῦ
501 5421 719 5489 ζῶντος,
754 5427 851 5479 ἅτε
881 5428 1026 5499 μόνῳ
1067 5430 1212 5501 αὐτῷ
1242 5430 1398 5485 τοῦτο
1429 5429 1723 5499 γνωσθέντι
1754 5430 1945 5499 ἐπιφέ-

2087 5446 2141 5484 us
2173 5444 2255 5492 es,
2286 5427 2473 5482 Simon
2503 5427 2791 5491 bar-Iona,
2821 5427 2950 5499 quia
2984 5441 3117 5483 caro
3158 5433 3212 5482 et
3242 5425 3468 5498 sanguis
3506 5442 3614 5481 nun

376 5531 457 5587 ρει
480 5514 649 5583 λέγων
669 5534 682 5546 ·
717 5536 734 5568 ι
758 5518 1040 5590 Μακάριος
1064 5517 1140 5575 πῖ.
1172 5523 1353 5576 Σίμων
1381 5522 1672 5594 βὰρἸωνᾶ,
1690 5523 1770 5576 ὅτι
1807 5521 1944 5595 σὰρξ

2087 5519 2311 5577 evolavit
2340 5519 2458 5583 tibi,
2495 5517 2590 5573 sed
2611 5517 2777 5575 Pater
2803 5534 2956 5575 meus
2979 5519 3073 5590 qui
3103 5519 3159 5574 in
3188 5517 3343 5573 ccelis
3381 5526 3465 5573 cst
3499 5518 3541 5573 '.
3588 5537 3609 5571 ι

2057 4975 2246 5038 miam,
2276 4974 2399 5030 aliis
2432 4973 2601 5027 alium
2634 4973 2704 5028 de
2730 4969 3012 5044 prophetis
3035 4970 3081 5024 ‘.
3124 4988 3143 5020 ι
3175 4966 3501 5038 Rursusque
3531 4983 3626 5023 ro-

446 5673 465 5704 ³
505 5670 688 5730 Matth.
729 5691 763 5746 ι,
792 5678 883 5734 9.0.
1048 5675 1069 5706 ³
1107 5674 1292 5732 Matth.
1329 5693 1442 5743 xu,
1480 5676 1565 5734 l7.
1645 5680 1663 5709 ⁸
1705 5676 1895 5734 Matth.
1935 5695 1984 5735 ιι

2100 5679 2185 5733 15.
2262 5680 2281 5710 ⁵
2326 5675 2514 5731 Matth.
2555 5692 2642 5730 xvt
2671 5716 2685 5740 ,
2725 5676 2813 5734 l7.
