4054 6408
567 295 675 353 88Ί

1222 292 1496 352 EUSEBII
1532 292 2019 351 CESARIENSIS
2053 292 2206 350 OPP.
2246 290 2426 349 PARS
2465 291 2554 349 lll.
2581 324 2649 335 -—-
2686 289 3096 351 EXEGE'I‘ICA.

3664 303 3748 361 888

564 411 746 479 Testis
780 414 908 469 item
942 414 1136 480 Maria,
1168 429 1229 471 se
1254 414 1496 485 cogitatu
1515 422 1733 472 secreto
1762 415 1909 486 apud
1934 430 1996 472 se
2015 428 2117 485 qua

2243 413 2336 466 καὶ
2366 409 2507 487 αἷμα
2535 413 2636 467 οὐκ
2659 412 2973 484 ἀπεκάλυψέ
3000 430 3103 478 σοι,
3140 413 3250 467 ἀλλ’
3279 416 3308 468 6
3345 414 3526 488 Πατήρ
3551 433 3636 488 μου
3661 420 3686 471 6
3705 422 3752 473 ὲν

561 517 713 577 gesta
752 505 971 562 fuerant
1001 508 1365 564 continuisse.
1418 507 1512 563 Ait
1556 509 1743 578 itaque
1778 507 2062 579 Scriptura
2113 524 2130 564 :

2236 506 2351 568 τοῖς
2376 505 2641 577 οὐρανοῖς.
2676 523 2696 558 ι
2728 506 3013 579 Μαρτυρεῖ
3039 506 3099 561 δὲ
3130 507 3225 560 καί
3251 507 3286 577 ἡ
3317 508 3500 578 Μαρία
3528 507 3659 577 βαθεί
3681 511 3752 565 λο-
3846 541 3850 545 <

568 619 591 650 ι
631 598 801 655 Maria
833 608 1015 657 autem
1046 603 1417 666 conservabat
1445 604 1630 659 omnia
1654 602 1820 659 verba
1850 601 1968 671 haec
1997 615 2117 665 con-

2235 594 2421 681 γισμῷ
2475 596 2607 667 παρ’
2648 597 2819 670 ἑαυτῇ
2859 596 3107 668 κατέχειν
3149 596 3220 652 τά
3270 599 3609 670 γεγενημένα·
3645 604 3754 673 φησὶ

560 695 743 751 ferens
767 695 826 748 in
847 693 1011 749 corde
1039 709 1142 749 suo
1164 696 1205 748 ⁸.
1247 715 1265 746 ο

630 869 686 926 6.
730 868 907 941 igitur
932 869 1370 935 demonstratum
1398 879 1506 938 est,
1536 872 1747 927 utiliter
1776 887 1874 946 per
1902 871 1959 928 id
1986 879 2129 931 tem-

559 977 664 1034 pus
685 962 1104 1033 conceptionem
1125 962 1257 1019 Jesu
1285 962 1355 1020 de
1376 971 1571 1021 sancto
1602 962 1812 1035 Spiritu
1849 963 1992 1034 apud
2009 963 2129 1019 vul-

554 1069 659 1125 gus
685 1052 855 1110 fuisse
881 1054 1134 1110 celatam.
1170 1053 1440 1132 Josephus
1471 1063 1649 1111 autem
1682 1056 1739 1110 in
1777 1055 2020 1126 parentis
2040 1055 2128 1110 lo-

556 1160 685 1201 cum
713 1154 1036 1217 assumptus
1070 1154 1176 1212 est,
1212 1147 1288 1202 ita
1336 1156 1398 1204 ut
1449 1149 1648 1207 merito
1677 1156 1940 1220 tanquam
1971 1151 2127 1221 pueri

555 1240 773 1311 genitor
808 1238 863 1301 in
898 1238 1218 1311 genealogis
1275 1248 1595 1310 poneretur.
1662 1241 1723 1296 Id
1772 1242 1878 1301 nisi
1937 1240 2124 1307 fiebat,

554 1329 714 1385 nullo
767 1337 996 1401 parente
1024 1339 1344 1386 censeretur
1376 1346 1533 1401 puer,
1572 1331 1736 1402 cujus
1777 1340 2011 1388 stemma
2057 1332 2126 1388 ab

554 1421 652 1477 illo
690 1438 800 1478 non
829 1422 1228 1479 deduceretur:
1273 1439 1395 1495 quae
1424 1439 1513 1480 res
1543 1424 1600 1479 in
1624 1423 1959 1495 impietatem
1991 1425 2126 1490 mul-

553 1522 643 1571 tos
680 1516 1062 1585 pertraxisset,
1099 1516 1146 1575 si
1196 1515 1268 1571 ob
1316 1517 1395 1572 rei
1447 1532 1591 1573 vera:
1629 1518 2022 1590 ignorantiam,
2057 1517 2126 1581 de

552 1606 833 1662 natalibus
880 1607 1002 1677 ejus
1040 1607 1184 1669 haud
1244 1607 1476 1665 honeste
1544 1610 1835 1668 sentirent.
1902 1608 2125 1667 Utiliter

551 1698 738 1768 itaque
764 1708 819 1754 et
850 1698 989 1754 fabri
1021 1699 1257 1767 ﬁlius,et
1275 1698 1669 1772 appellatorum
1693 1704 1929 1759 liliorum
1951 1703 2123 1760 frater

2231 684 2364 755 γοῦν
2396 688 2430 759 ἡ
2462 687 2716 759 Γραφήθο
2745 707 2766 742 ι
2807 689 2872 743 Ἠ
2903 687 2961 743 δὲ
2991 690 3180 762 Μαρία
3212 691 3391 745 πάντα
3426 693 3675 763 συνετήρει
3697 694 3754 749 τὰ

2233 776 2454 848 ῥήματα
2488 776 2661 832 ταῦτα
2691 777 3073 849 συμϐάλλουσα
3092 781 3151 833 ὲν
3178 783 3244 851 τῇ
3270 779 3464 851 καρδία
3486 780 3653 852 αὐτῆς.
3679 802 3695 835 ι

2302 875 2376 934 ς’.
2410 869 2618 924 Οὐκοῦν
2645 870 3020 925 ἀποδέδεικται
3055 872 3138 925 ὃτι
3176 872 3458 944 χρησίμως
3481 875 3588 928 κατ’
3611 875 3754 929 έκεῖνο

2229 958 2445 1032 καιροῦ,
2474 963 2506 1032 ὴ
2535 962 2631 1033 μὲν
2656 960 2717 1030 ἐξ
2743 961 2899 1032 ἁγίου
2921 962 3235 1035 Πνεύματος
3257 963 3353 1018 τοῦ
3385 964 3550 1037 Ἰησοῦ
3576 965 3755 1034 γένεσις

2229 1050 2383 1124 παρά
2411 1055 2524 1118 τοῖς
2552 1052 2766 1126 πολλοῖς
2797 1054 3168 1121 ἀπεσιωπάτο,
3190 1059 3220 1111 6
3243 1055 3300 1109 δὲ
3341 1056 3530 1128 Ἰωσὴφ
3555 1058 3607 1111 ὲν
3630 1057 3757 1131 χώρα

2228 1145 2435 1216 πατρὸς
2473 1144 2952 1223 παρελαμϐάνετο’
2984 1148 3206 1212 εἰκότως
3262 1143 3355 1204 οὖν
3405 1150 3435 1202 6
3477 1150 3643 1221 πατὴρ
3677 1149 3754 1206 τοῦ

2226 1237 2417 1301 παιδὸς
2444 1237 2847 1309 ὲγενεαλογεῖτο
2863 1255 2879 1271 σ
2921 1240 2970 1293 εί
3013 1239 3071 1294 δὲ
3102 1235 3196 1295 οὖν
3234 1242 3311 1313 μὴ
3339 1240 3495 1295 τοῦτο
3531 1242 3753 1311 ἐγεγόνει,

2225 1329 2455 1403 ἀπάτωρ
2488 1330 2555 1385 ἂν
2576 1330 2836 1404 ἐνομίσθη
2867 1333 2897 1387 6
2928 1333 3057 1397 παῖς
3088 1334 3162 1404 μὴ
3206 1334 3273 1388 ὲκ
3312 1334 3516 1406 πατρὸς
3545 1335 3757 1403 γενεαλο-

2223 1421 2521 1494 γούμενος·
2569 1422 2727 1493 τοῦτο
2769 1423 2830 1479 δὲ
2877 1424 2960 1488 είς
3005 1424 3258 1479 ἀσέϐειαν
3307 1427 3511 1497 ἤγαγεν
3555 1426 3616 1481 ἄν
3653 1426 3756 1488 τοὺς

2224 1515 2472 1581 πολλοὺς,
2495 1516 2546 1570 οἳ
2572 1516 2641 1570 δι’
2669 1515 2888 1585 ἄγνοιαν
2912 1515 3012 1587 τῆς
3042 1517 3170 1590 περὶ
3194 1518 3255 1570 τὸ
3280 1519 3509 1589 πρᾶγμα
3536 1518 3755 1589 ἀληθείας

2222 1603 2563 1676 ὲδυσφήμουν
2587 1603 2688 1676 τὴν
2718 1605 2963 1673 γένεσιν⁸
3001 1604 3283 1678 χρησίμως
3308 1601 3402 1660 οὖν
3447 1607 3540 1661 καὶ
3574 1606 3659 1660 τοῦ
3682 1606 3756 1661 τό·

2223 1711 2411 1759 κτονος
2444 1695 2600 1767 (υἱὸς)
2632 1694 2728 1765 καὶ
2759 1695 2867 1750 τῶν
2898 1694 3301 1767 ὠνομασμένων
3332 1697 3534 1751 τέκνων
3564 1696 3756 1767 ἀδελφὸς

550 1764 769 1853 habitus
797 1799 900 1845 est.
956 1788 1024 1843 Et
1050 1764 1269 1861 quidem
1312 1764 1443 1864 ipse
1482 1793 1628 1851 Deus
1684 1792 1925 1851 Verbum
1971 1796 2117 1856 haud

2221 1764 2617 1857 ἐχρημάτιζεν·
2669 1784 2791 1839 ἐπεὶ
2845 1786 2942 1840 καὶ
2988 1764 3322 1856 ΘεὸςνΛόγος
3351 1785 3450 1855 ὣν,
3480 1787 3576 1841 οὐκ
3608 1764 3757 1860 ἀπηρ-

549 1895 610 1936 se
641 1880 912 1939 hominem
955 1896 1079 1939 esse
1128 1884 1393 1953 negabat:
1448 1886 1559 1942 imo
1598 1885 1888 1959 discipulis
1924 1888 2119 1959 praeci-

549 1970 752 2040 piebat,
787 1988 860 2029 ne
908 1976 998 2028 cui
1051 1975 1299 2031 dicereut
1327 1991 1453 2037 eum
1509 1993 1570 2034 se
1612 1994 1757 2043 esse,
1792 1995 1954 2050 quem
1990 1996 2120 2052 pro-

548 2062 725 2132 phetae.
761 2074 1056 2125 venturum
1100 2068 1441 2134 cecinerant,
1481 2077 1706 2126 unctum
1738 2070 1911 2128 Dei’:
1942 2089 2119 2146 neque

547 2153 694 2208 enim
727 2153 886 2210 [idem
919 2157 1166 2228 plerique
1201 2169 1358 2233 erant
1386 2163 1714 2236 arrogaturi,
1743 2166 1836 2234 qui
1866 2178 1990 2219 eum
2016 2164 2119 2233 hu-

547 2245 663 2300 mili
697 2246 950 2306 indutum
1008 2250 1194 2320 specie
1247 2250 1526 2307 videbant.
1596 2250 1688 2309 Sic
1728 2253 1784 2308 in
1824 2254 1916 2311 illa
1949 2255 2117 2312 etiam

546 2346 812 2394 montana
842 2339 1331 2412 transﬁguratione
1357 2357 1577 2398 rursum
1626 2345 1905 2400 mandavit
1950 2347 2118 2403 disci-

547 2429 694 2511 pulis
743 2436 803 2484 ut
827 2430 1008 2495 visum
1037 2431 1245 2500 nemini
1285 2432 1552 2500 dicerent,
1601 2434 1776 2492 donec
1808 2435 1982 2492 Filius
2014 2438 2116 2494 bo-

546 2519 715 2576 minis
763 2535 795 2574 a
855 2520 1094 2581 mortuis
1165 2523 1549 2600 resurgeret‘.
1616 2523 1857 2582 Pronum
1916 2529 2118 2599 quippe

543 2618 664 2683 erat
697 2620 758 2666 ut
794 2611 952 2671 multi
976 2611 1045 2667 de
1072 2614 1367 2679 coaetaneis
1392 2629 1462 2671 ne
1490 2614 1544 2670 id
1590 2615 1809 2687 quidem
1849 2617 1954 2673 sibi
1994 2632 2117 2689 per.

545 2704 767 2771 suaderi
799 2712 1138 2775 paterentur.
1197 2704 1358 2773 Quod
1387 2707 1436 2773 si
1472 2707 1588 2768 base
1614 2723 1726 2771 non
1754 2710 1967 2779 putavit
1998 2713 2117 2766 vul-

551 2796 756 2867 ganda,
813 2798 989 2855 multo
1043 2799 1223 2872 magis
1255 2801 1500 2875 oportuit
1549 2802 1753 2859 natalia
1798 2805 1866 2859 de
1906 2803 2119 2874 virgine

543 2897 680 2947 tunc
709 2889 767 2947 in
794 2892 998 2962 populo
1028 2892 1281 2949 reticeri:
1301 2908 1423 2964 quae
1445 2894 1737 2949 commodo
1757 2893 1953 2953 deinde
1975 2904 2117 2952 tem-

543 2998 679 3056 pore
734 2999 953 3041 omnem
1002 2984 1071 3041 de
1130 3000 1197 3042 eo
1242 2986 1528 3047 veritatem
1588 2995 1749 3043 erant
1799 2995 2113 3055 ostensura.

551 3074 799 3159 Tempus
836 3085 1021 3134 autem
1075 3078 1424 3135 commodum
1482 3078 1727 3145 futurum
1781 3089 1922 3146 erat,
1989 3097 2181 3161 cumc

542 3168 663 3240 ipse
694 3184 725 3224 a
757 3170 993 3228 mortuis
1037 3179 1372 3241 resurgeret,
1410 3180 1465 3227 et
1511 3187 1639 3226 cum
1669 3172 1727 3227 in
1766 3174 1968 3241 cmlum
2018 3190 2113 3236 as-

548 3270 876 3329 sumeretur,
904 3270 960 3319 et
992 3277 1119 3318 cum
1150 3264 1341 3320 orbem
1371 3271 1645 3320 terrarum
1676 3265 1823 3334 fama
1851 3267 1972 3338 ejus
1993 3277 2113 3324 tan-

544 3371 713 3427 quam
743 3355 836 3410 Dei
872 3354 1042 3411 Verbi
1074 3355 1437 3425 pervaderet;
1486 3372 1611 3412 cum
1655 3358 1891 3429 denique
1922 3368 2111 3433 gentes

539 3455 894 3513 vocarentur,
942 3462 1005 3503 ac
1049 3448 1233 3505 divina
1270 3449 1419 3506 illius
1468 3451 1695 3507 oracula
1726 3453 1933 3508 exitum
1972 3469 2109 3509 nan-

540 3539 904 3606 ciscerentur;
932 3553 1120 3593 rerum
1168 3539 1383 3599 scilicet
1413 3550 1614 3603 eventu
1656 3544 1938 3615 praesagiis
1962 3546 2112 3618 ejus:

540 3629 665 3685 dem
727 3643 793 3684 ac
842 3628 1291 3701 praedictionibus
1350 3629 1512 3687 ﬁdem
1561 3632 1905 3709 perspicuam
1972 3634 2111 3705 adji-

539 3719 741 3774 ciente.

613 3809 663 3862 7.
703 3809 884 3881 Atque
922 3810 1067 3881 apud
1107 3819 1312 3866 nostrae
1346 3812 1567 3882 quidem
1610 3814 1790 3872 aetatis
1835 3815 2109 3889 homines,

539 3901 635 3972 qui
669 3917 852 3957 rerum
891 3902 1052 3956 ﬁdem
1092 3917 1123 3956 a
1171 3903 1475 3972 majoribus
1514 3914 1865 3976 acceperunt,
1907 3907 2110 3978 quique

538 3993 746 4057 Christi
793 3995 1166 4052 conditionem
1215 3997 1340 4066 plus
1386 4010 1550 4066 quam
1604 3997 1893 4055 mortalem
1937 3998 2110 4056 fuisse

539 4086 749 4153 sciunt,
800 4086 1011 4157 reliqua
1042 4103 1264 4158 quoque
1302 4088 1501 4144 merito
1548 4089 1605 4144 in
1653 4088 1910 4149 confesso
1955 4100 2106 4157 sunt,

539 4176 740 4234 nedum
784 4177 1086 4241 nativitatis
1121 4177 1862 4249 mysteriumwerumtamen
1918 4181 2109 4253 inclyti

538 4268 890 4340 evangelista;
925 4271 1240 4327 necessario
1277 4277 1410 4331 tunc
1445 4267 1743 4341 Josephum
1803 4272 1860 4327 in
1905 4288 2106 4344 geneaf

537 4362 683 4429 logia
735 4368 1060 4432 posuerunt,
1108 4365 1202 4433 qui
1250 4361 1508 4432 videlicet
1550 4362 1621 4419 ab
1665 4363 1923 4427 omnibus
1974 4365 2105 4423 Jesu

2221 1878 2363 1929 νεῖτο
2394 1875 2583 1930 ἑαυτὸν
2618 1871 2758 1931 εἶναι
2796 1875 3101 1948 ἄνθρωπον,
3132 1878 3268 1935 ἀλλά
3310 1878 3407 1945 καὶ
3453 1877 3755 1951 παρήγγελλε

2218 1971 2330 2032 τοῖς
2382 1966 2573 2023 ἑαυτοῦ
2609 1968 2879 2040 μαθηταῖς
2917 1970 3002 2024 ἵνα
3036 1970 3224 2043 μηδενὶ
3248 1971 3493 2035 εἴπωσιν,
3519 1972 3594 2025 ὅτι
3622 1971 3757 2034 αὐτὸς

2219 2059 2305 2129 εἴη
2347 2061 2376 2114 6
2423 2058 2588 2114 πάλαι
2630 2059 2766 2133 πρὸς
2796 2062 2906 2115 τῶν
2950 2061 3243 2133 προφητῶν
3278 2062 3435 2134 ἥξειν
3468 2060 3758 2135 βοώμενοςό

2216 2151 2449 2223 Χριστὸς
2464 2151 2557 2206 τοῦ
2585 2151 2741 2206 Θεοῦ·
2771 2154 2831 2206 οὐ
2862 2152 2970 2225 γάρ
3013 2152 3080 2225 ᾃν
3105 2154 3226 2209 οὐδὲ
3255 2155 3574 2211 ἐπίστευσαν
3588 2157 3632 2209 οἱ
3651 2155 3758 2209 πολ-

2217 2244 2300 2300 λοὶ
2326 2244 2435 2299 τῶν
2480 2244 2602 2299 τότε
2650 2244 2936 2316 θεωμένων
2980 2247 3143 2301 αὐτὸν
3170 2247 3384 2313 εὐτελὲς
3414 2249 3595 2320 σχῆμα
3629 2265 3760 2320 περι-

2217 2337 2579 2408 ϐεϐλημένον·
2607 2335 2751 2392 οὕτω
2781 2337 2839 2392 δὲ
2866 2337 2962 2392 καὶ
3002 2339 3095 2392 ἐπὶ
3137 2338 3235 2411 τῆς
3268 2340 3333 2397 ὲν
3371 2338 3452 2410 τῷ
3487 2339 3597 2411 ὄρει
3622 2356 3760 2412 μετα-

2221 2429 2553 2501 μορφώσεως
2578 2430 2880 2484 ἐνετείλατο
2930 2430 3092 2486 πάλιν
3136 2434 3250 2495 τοῖς
3287 2431 3483 2486 ἑαυτοῦ
3526 2432 3759 2504 μαθηταῖς

2216 2520 2419 2590 λέγων·
2450 2539 2469 2573 ι
2506 2520 2711 2591 Μηδενὶ
2754 2522 2948 2593 εἴπητε
2962 2520 3023 2574 τὸ
3046 2520 3227 2593 ὅραμα
3258 2521 3364 2586 ἕως
3389 2515 3453 2576 οὗ
3484 2524 3513 2576 6
3543 2522 3661 2586 Υἱὸς
3681 2519 3759 2574 τοῦ

2216 2610 2501 2683 ἀνθρώπου
2519 2612 2582 2665 ὲκ
2598 2613 2805 2685 νεκρῶν
2829 2613 3036 2684 ἀναστῇ
3054 2629 3069 2643 ·
3110 2632 3129 2664 ι
3162 2613 3309 2678 εἰκὸς
3333 2613 3446 2686 γάρ
3476 2612 3606 2685 μηδὲ
3629 2612 3760 2666 τοῦτο

2218 2702 2500 2757 πιστεῦσαι
2525 2701 2636 2758 τῶν
2664 2702 2783 2779 τότε
2810 2705 2937 2768 τοὺς
2969 2704 3223 2768 πολλούς·
3254 2706 3301 2758 εί
3331 2704 3388 2775 δὲ
3413 2704 3582 2759 ταῦτα
3607 2703 3673 2776 μὴ
3695 2703 3761 2767 είς

2218 2792 2447 2866 φανερὸν
2472 2794 2626 2865 ἥκειν
2657 2793 2889 2865 ἔκρινεν,
2918 2790 2954 2868 ἦ
2980 2794 3082 2848 πού
3116 2812 3180 2865 γε
3202 2796 3272 2850 τά
3302 2797 3405 2867 τῆς
3432 2798 3498 2849 ὲκ
3521 2794 3761 2867 παρθένου

2216 2886 2481 2954 γενέσεως
2540 2886 2958 2942 ἀποσιωπᾶσθαι
3000 2888 3062 2942 τὸ
3109 2889 3409 2960 τηνικαῦτα
3472 2888 3619 2961 παρά
3667 2888 3762 2950 τοῖς

2218 2975 2429 3039 πολλοῖς
2458 2975 2644 3048 ἐχρῆν,
2679 2977 2758 3041 εἰς
2787 2976 3085 3048 ἐπιτήδειον
3115 2977 3303 3048 καιρὸν
3330 2978 3430 3050 τῆς
3464 2979 3588 3048 περὶ
3619 2972 3760 3031 αὐτοῦ

2217 3065 2473 3137 ἀληθείας
2499 3066 2977 3140 ἀναφανησόμενα*
3023 3062 3175 3132 οὗτος
3219 3068 3277 3122 δὲ
3324 3064 3392 3142 ἦν
3421 3070 3451 3121 6
3478 3069 3575 3141 τῆς
3601 3069 3659 3121 ὲκ
3687 3082 3764 3122 νε·

2215 3157 2362 3229 κρῶν
2400 3158 2747 3222 ἀναστάσεως
2784 3156 2969 3225 αὑτοῦ,
2996 3159 3092 3212 καὶ
3123 3158 3224 3229 τῆς
3249 3160 3328 3223 είς
3366 3159 3622 3227 οὐρανοὺς
3647 3159 3759 3211 ἀνσ-

2214 3250 2448 3320 λήψεως,
2477 3250 2578 3320 τῆς
2620 3268 2680 3306 τε
2712 3253 2793 3314 εἰς
2835 3250 3011 3325 πάντα
3046 3251 3135 3303 τὸν
3179 3251 3380 3321 κόσμον
3432 3252 3510 3316 ὡς
3550 3250 3612 3305 ἂν
3649 3247 3761 3318 περὶ

2212 3341 2382 3410 Λόγου
2415 3340 2547 3395 Θεοῦ
2577 3341 2974 3414 διαδραμούσης
3020 3342 3148 3413 περὶ
3194 3342 3358 3397 αὑτοῦ
3409 3345 3618 3416 φήμης·
3650 3343 3676 3394 ὅ
3711 3356 3761 3394 τε

2212 3432 2310 3503 τῆς
2332 3430 2441 3486 τῶν
2472 3431 2639 3487 ὲθνῶν
2668 3432 2931 3504 κλήσεως,
2961 3431 3080 3486 καθ’
3126 3432 3184 3485 ὃν
3221 3433 3315 3486 καὶ
3343 3435 3398 3486 αἱ
3436 3433 3578 3509 θεῖαι
3618 3428 3761 3484 αὐτοῦ

2213 3523 2387 3593 φωναὶ
2416 3523 2569 3587 τέλος
2601 3522 2922 3594 ἐλάμϐανον,
2953 3522 3020 3578 τὰ
3069 3523 3175 3577 τῶν
3225 3523 3586 3595 προγνώσεων
3621 3518 3763 3576 αὐτοῦ

2211 3616 2306 3671 καὶ
2336 3616 2693 3690 προρρήσεων
2736 3613 2824 3669 διὰ
2858 3615 2958 3685 τῆς
2994 3612 3102 3668 τῶν
3142 3615 3483 3685 πραγμάτων
3513 3612 3763 3673 ἐκϐάσεως

2210 3715 2455 3786 ἐναργῶς
2484 3715 2674 3770 πιστού
2683 3733 2859 3777 μεναι.

2210 3828 2224 3861 μ
2281 3807 2345 3871 ζ’.
2395 3807 2521 3871 Τοῖς
2568 3810 2699 3879 γοῦν
2745 3808 2865 3864 καθ’
2914 3810 3060 3881 ἡμᾶς
3100 3811 3270 3864 ταῦτα
3325 3808 3765 3881 παραδεξαμένθις

2211 3898 2304 3952 καὶ
2333 3899 2431 3971 τὴν
2474 3900 2613 3971 ὑπὲρ
2655 3900 2939 3973 ἄνθρωπον
2987 3901 3150 3955 αὑτοῦ
3194 3902 3354 3970 φύσιν
3397 3898 3765 3970 ὲπεγνωκόσιν,

2210 3992 2433 4057 εἰκότως
2461 3994 2531 4049 τά
2558 4011 2618 4047 τε
2640 3993 2801 4049 λοιπά
2823 3995 2917 4049 καὶ
2940 3994 3010 4049 τὰ
3031 3995 3131 4066 τῆς
3154 3995 3421 4064 γενέσεως
3453 3993 3619 4049 πιστὰ
3646 3987 3767 4043 εἶναι

2208 4086 2576 4158 ὁμολογεῖται·
2613 4086 2749 4158 πλὴν
2798 4086 2912 4141 ἀλλ’
2961 4087 3011 4142 ot
3062 4084 3354 4157 θαυμάσιοι
3404 4080 3768 4155 εὐαγγελισταὶ

2208 4177 2517 4245 ἀναγκαίως
2546 4176 2669 4231 τότε
2699 4177 2848 4250 παρά
2862 4176 3133 4240 Ἰουδαίοις
3162 4178 3251 4231 τὸν
3286 4177 3487 4249 Ἰωσὴφ
3515 4171 3768 4245 ἐγενεαλό-

2208 4286 2339 4338 γουν
2368 4268 2528 4342 αὑτὸν
2555 4270 2758 4323 ἐκεῖνον
2785 4270 2877 4323 τὸν
2903 4269 3052 4342 παρά
3084 4270 3215 4323 πᾶσι
3249 4267 3529 4340 βοώμενον¹
3557 4266 3648 4325 τοῦ
3678 4265 3770 4334 ’ῐηο

2210 4357 2305 4413 σοῦ
2342 4340 2550 4430 πατέρα
2569 4376 2583 4390 ο
2631 4359 2682 4413 εἰ
2725 4359 2835 4431 γὰρ
2874 4340 3030 4423 τοῦτο
3072 4358 3430 4431 παρελθόντες
3450 4399 3465 4420 ,
3524 4352 3769 4427 μητρόθεν

536 4454 737 4521 parens
767 4451 1166 4523 appellabatur.
1199 4451 1356 4519 Quod
1389 4452 1436 4509 si
1468 4453 1571 4507 hac
1604 4454 1820 4511 ratione
1838 4457 2105 4527 neglecta,

2216 4448 2371 4502 αὑτὸν
2392 4449 2793 4519 ἐγενεαλόγουν,
2811 4449 2946 4522 πρὸς
2965 4449 3042 4521 τῷ
3065 4449 3158 4505 καὶ
3180 4451 3430 4524 ἀπρεπὲς
3444 4446 3586 4505 εἶναι
3608 4446 3769 4506 τοῦτον

542 4560 571 4596 a
605 4552 780 4600 matre
828 4560 1001 4616 genus
1053 4546 1175 4615 ejus
1220 4548 1662 4616 ordinavissent;
1708 4556 1906 4619 praeter
1941 4565 2106 4620 quam

536 4636 687 4707 quod
721 4637 773 4691 id
828 4637 1146 4693 indecorum
1189 4646 1330 4703 erat,
1382 4648 1439 4696 et
1483 4639 1794 4698 divinarum
1862 4641 2108 4712 Scriptu-

537 4740 726 4782 rarum
770 4725 1121 4796 simplicitate
1157 4728 1421 4792 alienum,
1477 4728 1607 4800 quia
1656 4730 1893 4788 neminis
1948 4742 2105 4787 antea

532 4832 632 4888 per
655 4827 884 4875 matrem
935 4832 1106 4888 genus
1134 4817 1472 4890 descriptum
1499 4821 1713 4889 fertur;
1747 4823 1794 4878 is
1826 4823 1984 4891 cujus
2017 4840 2107 4894 ge-

531 4910 783 4981 nealogia
816 4910 1124 4977 texebatur,
1151 4914 1364 4967 incerto
1406 4923 1561 4983 patre
1601 4914 1789 4974 nescio
1819 4914 1944 4985 quis
1992 4923 2106 4969 ter-

530 5016 716 5072 raeque
745 5001 892 5058 illius
930 5002 1085 5067 visus
1111 5011 1279 5063 esset.
1353 5005 1413 5060 ld
1446 5013 1649 5075 autem,
1688 5015 1747 5061 ut
1789 5006 1926 5075 dixi,
1959 5008 2102 5063 haud

528 5093 797 5150 mediocri
820 5094 1134 5166 ignominia:
1171 5104 1227 5151 et
1246 5097 1617 5153 criminationi
1646 5100 1941 5155 obnoxium
1964 5108 2100 5155 erat.

527 5186 827 5242 Commode
849 5188 1016 5260 igitur
1048 5188 1176 5243 dum
1203 5186 1503 5260 Josephum
1528 5190 1847 5261 pmdictam
1876 5192 1948 5247 ob
1973 5206 2103 5246 cau-

527 5290 645 5330 sam
679 5291 709 5331 a
746 5276 968 5336 Davidis
1004 5280 1173 5350 stirpe
1205 5280 1477 5346 derivant,
1509 5282 1737 5337 Mariam
1784 5283 1948 5338 simul
1996 5282 2102 5337 Da-

530 5366 656 5421 vide
688 5369 977 5424 oriundam
1028 5373 1407 5443 comprobant,
1455 5389 1655 5445 genere
1706 5375 1959 5445 conjugis
1999 5389 2095 5444 per

529 5474 794 5528 sponsum
839 5461 1235 5521 demonstrato.
1295 5464 1498 5537 Moysis
1576 5466 1775 5536 quippe
1823 5467 1939 5538 lege
1984 5466 2103 5531 edi-

530 5557 712 5615 ccnte,
748 5559 805 5605 ut
839 5569 905 5607 ne
936 5554 1155 5611 aliunde
1182 5556 1370 5611 liceret
1397 5557 1617 5626 nuptias
1661 5558 1762 5612 sibi
1790 5556 2093 5615 conciliare

2213 4544 2429 4615 καὶτῆς
2465 4544 2572 4599 τῶν
2615 4544 2773 4600 θείων
2819 4542 3050 4616 Γραφῶν
3082 4543 3334 4615 εὐηθείας
3370 4541 3670 4624 ἀλλότριον,
3698 4539 3771 4591 ὅτι

2214 4634 2401 4705 μηδεὶς
2431 4635 2491 4688 τὸ
2519 4634 2779 4709 πρότερον
2810 4636 2873 4689 ὲκ
2904 4634 3153 4703 γυναικὸς
3192 4634 3611 4706 γενεαλογηθεὶς
3643 4634 3773 4685 ίστο·

2216 4728 2406 4795 ρεῖται,
2449 4727 2624 4792 ἔδοξεν
2672 4728 2738 4784 ἂν
2777 4728 3005 4803 ἀπάτωρ
3048 4746 3131 4791 τις
3162 4723 3298 4781 εἶναι
3334 4726 3428 4781 καὶ
3468 4722 3722 4794 δυσγενὴς
3746 4722 3774 4773 6
3848 4729 3856 4738 '

2214 4817 2714 4890 γενεαλογούμενος⁸
2732 4819 2889 4875 τοῦτο
2901 4819 2978 4885 δὲ,
3004 4820 3078 4883 ὡς
3093 4818 3247 4891 ἔφην,
3268 4818 3328 4870 οὐ
3357 4819 3564 4889 μικρᾶς
3579 4813 3645 4887 ἦν
3662 4815 3775 4868 δυσ⁹

2211 4909 2419 4980 φημίας
2462 4909 2596 4980 ὁμοῦ
2648 4910 2745 4964 καὶ
2799 4910 3159 4983 κατηγορίας·
3214 4909 3293 4966 διὸ
3338 4908 3629 4980 χρησίμως
3691 4902 3773 4958 τὸν

2225 5000 2419 5074 Ἰωσὴφ
2449 5000 2555 5055 ἀπὸ
2582 5003 2746 5057 Δαϐὶδ
2776 5002 2863 5057 διὰ
2890 5003 2987 5075 τὴν
3018 5002 3367 5057 ἀποδοθεῖσαν
3392 5001 3577 5056 αἰτίαν
3606 5014 3775 5069 γενεαμ

2203 5094 2503 5165 λογοῦντες,
2537 5097 2595 5149 ὲν
2627 5093 2810 5166 ταυτῷ
2839 5094 2933 5149 καὶ
2964 5094 3061 5166 τὴν
3092 5093 3322 5166 Μαριὰμ
3342 5093 3407 5146 ὲκ
3433 5093 3604 5148 Δαῦὶδ
3628 5106 3771 5160 γεγο-

2202 5189 2349 5242 νέναι
2404 5188 2683 5253 συνίστων,
2712 5187 2797 5243 διὰ
2826 5186 2922 5242 τοῦ
2954 5189 3259 5259 μνηστῆρος
3292 5185 3351 5239 τὸ
3391 5185 3493 5251 τῆς
3539 5182 3773 5256 γαμετῆς

2202 5283 2593 5351 ὑποφαίνοντες
2641 5281 2794 5351 γένος
2819 5296 2832 5311 ’
2892 5279 3057 5349 νόμου
3092 5277 3200 5351 γὰρ
3260 5276 3545 5340 Μωῦσέως
3601 5276 3772 5342 διαγο-

2207 5371 2452 5447 ρεύοντος
2485 5372 2559 5445 μὴ
2579 5371 2797 5425 ἄλλοθεν
2820 5369 3014 5435 ἐξεῖναι
3030 5369 3163 5443 πρὸς
3194 5370 3368 5439 γάμον
3391 5365 3709 5437 λαμῶνειν,
3739 5362 3772 5432 ἦ

2204 5465 2270 5519 ὲκ
2299 5463 2394 5517 τοῦ
2424 5462 2610 5532 γένους
2647 5461 2741 5516 τοῦ
2777 5460 2976 5515 οἰκείου
3025 5460 3117 5513 καὶ
3153 5458 3250 5530 τῆς
3296 5457 3431 5521 ἰδίας
3469 5457 3670 5527 φυλῆς,
3703 5453 3773 5514 ὡς

2204 5555 2269 5611 ἂν
2300 5557 2371 5629 μὴ
2406 5554 2813 5628 περιστρέφοιτο
2833 5553 2924 5607 τοῦ
2955 5554 3141 5622 γένους
3172 5554 3199 5605 ὁ
3229 5550 3425 5622 κλῆρος
3464 5547 3578 5601 ἀπὸ
3611 5542 3773 5617 φυλῆς

602 5738 619 5767 ⁸
659 5734 788 5792 Luc.
834 5756 909 5805 ιι,
944 5739 1031 5793 2|.
1112 5742 1132 5775 "
1173 5741 1359 5796 Matth.
1398 5759 1518 5810 xw,
1556 5742 1643 5799 20.
1720 5745 1737 5775 ⁸
1782 5742 1970 5798 Matth.
2009 5756 2153 5810 ιιι-ηε
2190 5741 2240 5796 9.
