4100 6474
870 292 1335 364 ΟυτΕὸΤΙΟΝΕὸ
1375 291 1842 351 ΕἾΔΝΕΕῌΟᾸΞ
1881 323 1891 347 Α

2011 289 2454 349 STEPHANUM.
2494 325 2560 334 --
2597 291 2925 360 QUAESTIO
2964 295 3004 347 l.

3450 294 3554 353 890

314 410 393 474 tl;
418 407 609 480 φυλὴν,
638 405 917 479 αὐτάρκης
942 404 1012 479 ἦν
1034 408 1069 478 ὴ
1095 407 1225 478 περὶ
1253 403 1348 458 τοῦ
1379 405 1572 477 ἀνδρὸς
1600 403 1889 477 ἀναγραφὴ

1991 417 2151 473 quam
2183 416 2250 459 ex
2280 417 2478 474 genere
2510 404 2734 474 proprio
2770 419 2981 474 suaque
3010 402 3177 473 tribu,
3207 417 3278 460 ne
3305 403 3556 461 videlicet

314 501 411 555 καὶ
457 499 556 571 τὴν
595 502 830 569 γυναῖκα
867 499 1138 571 δηλῶσαι·
1175 496 1414 571 νομικῶς
1444 495 1554 569 γὰρ
1600 496 1748 568 βιοὺς
1784 495 1890 549 οὐδ’

314 591 539 647 ἂλλοθεν
586 591 790 662 ἐμνᾶτο
831 590 928 664 τὴν
964 593 1216 659 γυναῖκα,
1255 592 1290 663 ἢ
1333 589 1524 661 πρῶτα
1558 589 1656 660 μὲν
1688 590 1755 642 ὲκ
1792 588 1890 660 τῆς

315 683 491 754 φυλῆς
517 683 617 754 τῆς
644 682 914 754 πατρικῆς
944 682 1132 749 αὑτοῦ,
1163 681 1302 755 αὕτη
1332 682 1390 735 δὲ
1416 676 1484 755 ἦν
1513 682 1547 752 ή
1575 680 1669 735 τοῦ
1694 678 1887 734 Ἰούδα·

313 774 507 828 ἔπειτα
551 775 618 828 ὲκ
650 772 745 828 τοῦ
783 774 956 844 δήμου
996 775 1091 829 καὶ
1122 775 1221 846 τῆς
1256 774 1427 845 αὐτῆς
1464 773 1716 845 πατριᾶς,
1750 770 1890 842 αὕτη

314 866 373 920 δὲ
414 862 482 938 ἦν
521 866 556 937 ἡ
615 866 712 920 τοῦ
757 867 953 921 Δαδίδ·
997 867 1225 922 τοιαῦτα
1254 868 1361 939 γὰρ
1390 860 1460 937 ῆν
1501 866 1570 921 τὰ
1599 865 1693 920 τοῦ
1726 865 1889 937 νόμου

316 958 785 1030 παραγγέλματα’
818 961 905 1014 ὅτε
947 960 1124 1015 τοίνυν
1162 964 1190 1012 6
1237 961 1433 1031 Ἰωσὴφ
1462 958 1634 1030 φυλῆς
1653 956 1890 1028 γεγονὼς

314 1050 696 1104 ἀποδείκνυται
737 1048 924 1116 Ἰούδα,
956 1051 1158 1122 κλήρου
1188 1067 1249 1103 τε
1291 1050 1386 1106 καὶ
1430 1049 1661 1120 πατριᾶς
1705 1047 1887 1112 Δαϐὶδ,

315 1138 436 1203 πῶς
473 1143 573 1211 οὐχ
616 1141 806 1195 ἕπεται
843 1140 939 1194 καὶ
980 1144 1047 1213 τῇ
1084 1141 1273 1213 Μαρίᾳ
1308 1142 1374 1194 ὲκ
1404 1139 1513 1196 τῶν
1549 1138 1726 1194 αὐτῶν
1762 1139 1891 1210 ὁρᾶ·

318 1234 443 1290 σθαι
464 1252 481 1305 ;

385 1436 459 1503 η’.
484 1431 548 1485 Et
568 1432 626 1483 δὲ
645 1429 854 1500 λέγοιτο
879 1428 1143 1501 ὑπάρχειν
1168 1427 1436 1500 συγγενὴς
1459 1427 1559 1498 τῆς
1591 1425 1888 1493 Ἐλισάδετ,

312 1522 491 1595 αὐτῆς
520 1524 618 1595 μὲν
636 1521 802 1594 οὔσης
828 1523 893 1577 ὲκ
909 1520 1081 1592 φυλῆς
1096 1521 1285 1583 Ἰούδα.
1302 1520 1400 1592 τῆς
1418 1538 1480 1574 τε
1495 1521 1595 1591 (5‘)
1611 1518 1889 1574 Ἐλισάϐετ

313 1617 383 1670 ὲκ
422 1617 525 1687 τῆς
565 1616 657 1671 τοῦ
707 1615 858 1679 Λευῒ,
895 1614 968 1687 μὴ
1007 1613 1323 1687 θαυμάσῃς·
1371 1614 1478 1668 πᾶν
1508 1613 1617 1685 γάρ
1657 1612 1719 1666 τὸ
1760 1613 1891 1665 ’ἰου-

312 1708 483 1762 δαξων
520 1707 669 1771 ἔθνος
695 1706 812 1770 ἑνὸς
839 1702 909 1779 ἦν
934 1706 1143 1775 γένους,
1185 1705 1246 1759 αῖ
1282 1722 1342 1759 τε
1390 1704 1555 1774 φυλαὶ
1588 1705 1755 1759 πᾶσαι
1791 1704 1889 1759 ἀλ-

312 1797 497 1868 λήλων
526 1799 834 1866 συγγενεῖς·
872 1797 1024 1851 ἔνθεν
1056 1797 1151 1851 καὶ⁵
1181 1798 1209 1850 6
1235 1795 1378 1860 θεῖος
1393 1795 1718 1860 Ἀπόστολος
1756 1812 1891 1865 συγ·-

314 1892 495 1958 γενεῖς
548 1888 713 1943 αὑτοῦ
756 1888 961 1952 πάντας
1013 1872 1269 1959 ὀνομάζει
1307 1886 1588 1951 Ἰουδαίους
1612 1926 1628 1953 ,
1685 1886 1856 1956 λέγων
1872 1904 1888 1921 ο

321 1998 342 2030 ι
390 1979 649 2052 Ηὺχόμην
698 1978 810 2050 γὰρ
850 1977 1104 2049 ἀνάθημα
1143 1973 1283 2032 εἶναι
1324 1976 1463 2050 ὑπὲρ
1501 1976 1610 2031 τῶν
1648 1976 1891 2047 ἀδελφῶν

322 2086 446 2139 μου,
471 2068 579 2122 τῶν
615 2067 892 2139 συγγενῶν
921 2085 1023 2139 μου
1072 2066 1215 2122 κατὰ
1262 2065 1462 2138 σάρκα,
1515 2066 1711 2131 οἵτινές
1756 2069 1891 2123 εἰσιν

330 2159 688 2230 Ἰσραηλῖταιο
751 2178 771 2212 ι
819 2159 997 2213 καίτοι
1057 2159 1337 2227 συγγενεῖς
1391 2154 1552 2211 αὑτοῦ
1599 2157 1892 2229 ἐτύγχανον

321 2253 471 2323 μόνοι
494 2252 559 2305 ὲκ
592 2251 762 2322 φυλῆς
785 2250 1040 2322 Βενιαμίν
1059 2267 1074 2281 ο
1101 2249 1294 2305 οὐκοῦν
1322 2250 1527 2312 πάντας
1553 2248 1740 2313 ἁπλῶς
1766 2251 1894 2314 τοὺς

318 2343 380 2409 ἐξ
415 2342 631 2415 Ἰσραὴλ
686 2341 945 2411 ἀδελφοὺς
987 2341 1081 2394 καὶ
1121 2343 1400 2410 συγγενεῖς
1446 2339 1640 2393 ἑαυτοῦ
1679 2344 1895 2412 προσεῑρ

319 2449 421 2487 πεν
445 2433 475 2485 ὁ
506 2430 747 2495 Παῦλος-
778 2432 919 2486 οὕτω
960 2432 1006 2485 δ’
1038 2426 1130 2485 οὖν
1170 2430 1266 2484 καὶ
1305 2430 1403 2502 τὴν
1450 2429 1723 2487 Ἐλισάϐετ
1766 2447 1895 2501 συγ.⁹

319 2523 508 2592 γενίδα
528 2525 820 2594 προσεῖπεν
850 2525 880 2577 6
906 2523 1133 2592 ἄγγελος
1150 2525 1215 2595 τῇ
1244 2522 1495 2595 Μαριὰμ,
1523 2521 1615 2593 διὰ
1642 2522 1703 2576 τὸ
1727 2522 1895 2592 ἄμφω

334 2612 720 2684 Ἰσραηλίτιδας
752 2608 915 2666 εἶναι·
952 2612 1045 2664 καὶ
1077 2610 1249 2674 ἄλλως
1291 2610 1350 2665 δὲ
1394 2609 1540 2673 είκὸς
1585 2609 1694 2662 ἀπὸ
1725 2607 1894 2661 τόπου

320 2704 611 2775 συγγενίδα
641 2703 738 2775 τῆς
764 2703 983 2775 Μαρίας
1016 2702 1311 2773 κεκλῆσθαι
1341 2701 1440 2774 τὴν
1478 2700 1776 2765 Ἐλισάϐετ,
1804 2700 1894 2757 διὰ

317 2796 383 2851 τὸ
414 2799 582 2851 οίκεῖν
605 2797 698 2851 ἐπι
726 2798 825 2869 τῆς
856 2796 1023 2859 Ἰούδα
1046 2796 1219 2867 φυλῆς
1250 2795 1344 2865 ἀφ’
1374 2790 1442 2869 ἦς
1467 2793 1690 2865 ὡρμᾶτο
1716 2795 1750 2864 ὴ
1782 2794 1897 2849 Μα-

324 2888 450 2961 pia“
491 2890 755 2960 μαρτυρεῖ
796 2886 924 2956 γοῦν
967 2889 996 2941 6
1035 2887 1248 2950 Λουκᾶς
1280 2885 1485 2954 λέγων⁹
1525 2904 1544 2937 ι
1594 2884 1895 2938 Ἀναστᾶσα

317 2981 379 3036 δὲ
421 2979 654 3052 Μαριὰμ
703 2980 759 3033 ὲν
803 2983 922 3044 ταῖς
957 2980 1189 3052 ἡμέραις
1225 2977 1471 3041 ταύταις,
1504 2974 1771 3048 ἐπορεύθη
1814 2976 1895 3039 είς

316 3072 420 3143 τὴν
440 3070 654 3143 ὀρεινὴν
691 3070 828 3142 μετὰ
864 3070 1095 3141 σπουδῆς
1120 3071 1201 3133 είς
1239 3069 1391 3123 πόλιν
1433 3067 1618 3131 Ἰούδα,
1645 3067 1740 3122 καὶ
1783 3068 1895 3121 είσ-

318 3162 480 3233 ῆλθεν
509 3163 587 3226 είς
611 3161 700 3215 τὸν
725 3156 870 3216 οἷκον
901 3160 1166 3233 Ζαχαρίου
1194 3160 1288 3220 καὶ
1311 3160 1592 3230 ἠσπάσατο
1618 3158 1714 3230 τὴν
1753 3156 1889 3211 Ἐλι-

321 3254 521 3309 σάσετ·
558 3274 578 3306 ι
609 3252 704 3308 τοῦ
748 3255 856 3325 γὰρ
905 3253 1182 3318 Μωῦσέως
1227 3254 1393 3326 νόμου
1428 3252 1502 3325 μὴ
1535 3252 1891 3324 ἀφορίσαντος

317 3349 387 3418 τῇ
420 3345 527 3399 τῶν
558 3345 746 3417 ίερὲων
772 3346 908 3416 φυλῇ
940 3346 1158 3418 κλῆρον,
1181 3347 1263 3400 ὅτι
1284 3345 1488 3417 Κύριος
1514 3348 1543 3400 6
1564 3345 1695 3408 θεὸς
1735 3344 1892 3416 μερὶς

321 3433 520 3499 αὐτῶν,
551 3435 939 3506 διαταξαμένου
980 3434 1037 3489 δὲ
1076 3434 1278 3506 μεταξὺ
1320 3434 1430 3489 τῶν
1468 3432 1669 3491 λοιπῶν
1710 3433 1891 3504 φυλῶν

319 3526 489 3579 οἰκεῖν
530 3526 744 3590 αὐτοὺς,
791 3525 883 3579 τοῦ
930 3542 989 3579 τε
1028 3526 1293 3599 Ζαχαρίου
1343 3527 1436 3581 καὶ
1473 3528 1572 3598 τῆς
1615 3523 1892 3579 Ἑλισάϐετ

323 3615 474 3669 πόλιν
522 3614 693 3686 φυλῆς
739 3615 908 3671 Ἰούδα
933 3617 1392 3687 κατοικησάντων,
1435 3619 1530 3687 ἀφ’
1572 3610 1641 3690 ἦς
1671 3616 1893 3689 ὡρμᾶτο

319 3704 527 3777 Μαρία,
554 3705 698 3769 είκὸς
716 3705 812 3763 καί
844 3703 1046 3777 ταύτης
1072 3706 1258 3760 ἕνεκεν
1278 3707 1376 3777 τῆς
1400 3705 1577 3768 αίτίας
1616 3707 1894 3774 συγγενεῖς

320 3796 490 3861 αὑτὰς
517 3796 831 3869 ἁνειρῆσθαι
849 3812 865 3828 ·
891 3797 992 3850 ούκ
1020 3797 1244 3862 ἀπεικὸς
1274 3796 1331 3850 δὲ
1364 3798 1456 3850 καὶ
1491 3796 1588 3868 τῆς
1616 3799 1893 3867 δμοιοτρο-

319 3886 452 3952 πίας
493 3889 673 3960 χάριν,
711 3887 777 3942 δι’
817 3882 885 3960 ἧς
932 3887 1099 3959 ἄμφω
1142 3883 1241 3959 τῆς
1275 3886 1543 3958 σωτηρίου
1585 3886 1895 3957 οἰκονομίας

319 3976 653 4050 ⁴Ιιξιοῖιθησαν,
695 3982 728 4051 ή
765 3981 864 4052 μὲν
905 3979 998 4033 τὸν
1035 3981 1282 4052 Σωτῆρα,
1317 3981 1349 4050 ἡ
1381 3979 1439 4032 δὲ
1469 3979 1560 4032 τὸν
1591 3979 1895 4052 πρόδρομον

319 4069 415 4123 τοῦ
445 4071 692 4142 Σωτῆρος
734 4069 1149 4142 ύποδεξάμεναι,
1186 4071 1304 4134 ἑνός
1346 4087 1405 4123 τε
1453 4071 1548 4124 καὶ
1590 4068 1685 4123 τοῦ
1727 4067 1892 4122 αὐτοῦ

319 4161 478 4230 ἁγίου
510 4160 824 4232 Πνεύματος
856 4161 1219 4233 μετασχοῦσαι
1237 4179 1249 4191 ·
1279 4160 1359 4216 διὸ
1386 4161 1479 4215 καὶ
1505 4159 1736 4232 μάλιστα
1767 4162 1893 4231 μιᾶς

316 4254 418 4324 τῆς
440 4253 585 4307 κατὰ
612 4253 745 4308 Θεὸν
769 4256 1084 4324 συγγενείας
1131 4256 1393 4326 μετεῖχον.
1426 4253 1586 4307 Ἀλλὰ
1609 4253 1767 4311 τοῦτο
1795 4253 1893 4323 μὲν

319 4343 495 4410 οὕτως
518 4345 834 4401 ἅπολυτέον.
1053 4329 1065 4341 ’

389 4551 453 4605 θ’.
477 4552 541 4605 El
578 4551 634 4604 δὲ
670 4551 874 4623 κεφαλὴ
902 4552 999 4624 τῆς
1028 4553 1280 4622 γυναικὸς
1300 4552 1551 4625 τυγχάνει
1573 4552 1601 4605 6
1625 4549 1699 4605 ὢν
1726 4550 1887 4623 ἀνὴρ,

318 4643 461 4698 κατὰ
482 4644 572 4696 τὸν
590 4644 730 4697 θεῖον
744 4644 1082 4709 Ἀπόστολον,
1098 4646 1191 4699 καὶ
1212 4644 1421 4700 ἔσονται
1438 4646 1488 4698 οἱ
1508 4642 1601 4698 δύο
1614 4644 1694 4709 είς
1713 4642 1890 4715 σάρκα

323 4735 473 4805 μίαν.
508 4735 650 4790 κατὰ
672 4735 764 4789 τὸν
781 4736 1057 4802 Μωῦσέως
1081 4737 1260 4809 νόμον,
1291 4738 1326 4809 ἧ
1355 4754 1414 4790 τε
1441 4735 1889 4808 μεμνηπευμένη

318 4824 869 4901 ἀνδρὶδιαμαρτοῦσα
902 4828 1143 4899 μοιχείας
1179 4827 1319 4882 κατὰ
1354 4828 1415 4881 τὸ
1451 4827 1580 4881 αὐτὸ
1631 4825 1888 4898 τιμωρίαν

319 4914 599 4985 ὑπομένει,
632 4916 709 4981 ὡς
732 4916 831 4988 ἤδη
856 4916 948 4970 τοῦ
980 4917 1285 4989 μνηστῆρος
1322 4917 1479 4989 σῶμα
1505 4916 1766 4988 γενομένη
1794 4916 1889 4969 καὶ⁴

318 5008 560 5082 κεφαλὴν
587 5008 1001 5082 ὲπιγραψαμένη
1034 5010 1125 5065 τὸν
1154 5010 1339 5077 ἄνδρα,
1371 5008 1488 5074 πῶς
1530 5010 1649 5081 οὐχὶ
1668 5010 1767 5080 τῆς
1797 5027 1889 5062 κε-

320 5101 494 5171 φαλῆς
520 5101 1031 5174 γενεαλογουμένης,
1061 5101 1251 5157 ἕπεται
1291 5101 1382 5156 καὶ
1416 5101 1477 5154 τὸ
1506 5100 1665 5173 σῶμα
1687 5104 1754 5173 τῇ
1797 5118 1888 5154 κε-

319 5194 460 5266 φαλῇ
513 5192 988 5265 συναριθμεῖσθαι;
1042 5192 1182 5247 ὥστε
1235 5194 1327 5247 καὶ
1378 5192 1475 5265 τὴν
1520 5192 1734 5265 Μαρίαν
1787 5191 1885 5264 ἤδη

389 5349 411 5379 ⁸
448 5347 604 5406 llom.
640 5364 724 5412 Ix,
760 5350 813 5404 5.
890 5350 934 5381 ³ο
973 5348 1171 5421 Ephes.
1208 5365 1259 5418 ιν,
1292 5349 1382 5405 23.
1460 5350 1503 5382 “
1541 5347 1675 5405 Gen.
1712 5363 1789 5411 ιι,
1815 5347 1912 5404 24.

393 5505 493 5573 (3‘)
534 5506 624 5575 Τε.
658 5504 799 5575 Lege
819 5472 1086 5560 δὲξΕωτ.

396 5572 481 5643 (ι)
514 5572 755 5643 Quaestio
782 5577 890 5630 1133c
913 5576 979 5631 de
1004 5575 1327 5645 cognatione
1352 5573 1532 5645 Mariae
1557 5572 1750 5645 matris
1773 5572 1878 5628 Do-

325 5644 454 5698 mini
484 5661 605 5699 cum
642 5645 975 5711 Elisabetha,
1030 5643 1205 5699 exstat
1248 5646 1350 5700 sub
1383 5643 1620 5711 ejusdem
1660 5643 1879 5698 Eusebii

1991 494 2211 565 generis
2241 493 2539 550 haereditas
2563 510 2627 553 ex
2656 511 2764 551 una
2794 496 2850 550 in
2891 496 3052 550 aliam
3084 494 3556 565 tribumlcommo-

1991 594 2248 655 veretur;
2281 589 2421 645 satis
2442 595 2567 643 erat
2588 588 2690 644 viri
2716 587 3012 659 descriptio
3049 588 3117 645 ad
3142 589 3427 660 coniugem
3453 587 3554 645 de-

1998 677 2410 733 monstrandam
2436 698 2448 732 :
2481 693 2609 732 nam
2645 677 2740 748 qui
2785 677 2853 733 ad
2882 679 3015 750 legis
3047 694 3296 735 normam
3324 680 3554 749 viveret,

1991 766 2140 822 haud
2193 767 2358 823 aliam
2410 768 2517 825 sibi
2569 783 2804 823 uxorem
2852 769 3237 839 copulavisset,
3282 770 3392 825 nisi
3437 786 3558 841 qua:

1990 860 2231 932 primum
2254 867 2402 916 esset
2424 875 2492 915 ex
2518 861 2644 932 ejus
2669 860 2851 931 patria
2882 860 3078 930 tribuj
3090 858 3243 916 Iuda:
3271 861 3556 932 'videlicet;

1991 948 2186 1013 deinde
2211 965 2281 1006 ex
2303 949 2494 1007 eadem
2526 958 2687 1022 gente
2716 949 3054 1021 familiaque,
3087 966 3282 1022 nempe
3310 950 3555 1008 Davidis.

1989 1039 2249 1103 Illateuus
2276 1040 2424 1095 enim
2459 1041 2544 1095 lex
2580 1039 2832 1110 jubebat.
2888 1037 2945 1093 Si
2980 1038 3252 1112 Josephus
3294 1041 3461 1112 igitur
3490 1041 3560 1098 de

1989 1129 2144 1187 ιυάω
2182 1133 2333 1188 tribu
2385 1131 2559 1204 deque
2601 1132 2823 1188 Davidis
2875 1139 3034 1204 gente
3065 1143 3120 1188 et
3155 1132 3359 1189 familia
3388 1134 3560 1192 fuisse

1990 1222 2422 1289 demonstratur,
2467 1236 2568 1277 cur
2611 1236 2723 1281 non
2762 1222 3016 1293 sequitur
3058 1230 3118 1278 ut
3146 1222 3317 1279 Maria
3351 1239 3420 1280 ex
3457 1225 3557 1282 iis-

1990 1314 2113 1370 dem
2142 1314 2449 1387 originibus
2480 1313 2700 1386 prodire
2735 1313 3030 1370 videatur?

2060 1429 2114 1483 8.
2165 1428 2322 1495 Quod
2357 1428 2405 1484 si
2443 1428 2635 1484 eadem
2680 1428 2886 1485 dicitur
2914 1426 3248 1484 Elisabetbze
3292 1437 3556 1499 cognata;

1991 1535 2115 1576 cum
2141 1528 2324 1579 tamen
2356 1519 2450 1575 illa
2485 1520 2554 1577 de
2589 1521 2735 1576 tribu
2758 1518 2931 1586 Judae,
2962 1519 3278 1578 Elisabetba
3303 1520 3370 1576 de
3396 1520 3559 1579 Levi-

1993 1613 2101 1671 tica
2141 1610 2336 1681 fuerit;
2379 1627 2450 1668 ne
2496 1612 2760 1670 mireris:
2800 1612 3056 1669 universa
3101 1613 3303 1685 quippe
3345 1611 3561 1669 Judmo-

1991 1718 2114 1760 rum
2144 1719 2278 1775 gens
2330 1719 2442 1760 uno
2485 1718 2686 1776 genere
2730 1706 3083 1770 censebatur,
3117 1714 3434 1777 cunctaeque
3462 1707 3563 1762 tri-

1989 1797 2093 1872 bus
2122 1796 2356 1855 invicem
2383 1807 2628 1868 cognata:
2647 1807 2823 1854 erant.
2868 1797 3007 1855 Hinc
3029 1799 3194 1855 etiam
3229 1799 3388 1857 divus
3414 1801 3563 1872 Apo-

1990 1887 2164 1945 stolus
2189 1886 2409 1946 Iudaeos
2447 1903 2641 1945 omnes
2672 1890 2911 1960 appellat
2942 1899 3207 1962 cognatos
3238 1906 3393 1958 suos,
3429 1890 3564 1947 dum

1990 1977 2095 2031 ait:
2158 1975 2462 2048 «Optabam
2512 1993 2615 2051 ego
2661 1980 2956 2035 anathema
2999 1994 3124 2036 esse
3156 1995 3255 2051 pro
3297 1979 3563 2037 fratribus

1989 2067 2151 2133 meis,
2181 2067 2276 2139 qui
2326 2067 2462 2123 mihi
2504 2070 2810 2127 secundum
2862 2084 3120 2126 carneam
3161 2080 3415 2126 naturam
3466 2086 3564 2128 co-

1990 2157 2140 2229 gnati
2198 2163 2349 2223 sunt,
2404 2157 2758 2218 lsraelitis'.»
2809 2159 2978 2231 Atqui
3020 2160 3237 2232 cognati
3274 2160 3410 2232 .‘ejus
3457 2161 3561 2218 soli

1991 2263 2181 2305 revera
2212 2256 2370 2304 erant
2406 2247 2758 2318 Benjamitae:
2799 2258 2855 2306 et
2904 2259 3085 2307 tamen
3117 2266 3311 2308 omnes
3341 2251 3563 2310 Israeli-

1991 2344 2078 2391 tas
2111 2336 2346 2392 fratrum
2379 2338 2694 2397 nominibus
2737 2346 2795 2394 et
2837 2348 3196 2410 cognatorum
3222 2338 3428 2395 Paulus
3475 2340 3559 2396 in-

1992 2427 2205 2500 digitat.
2252 2428 2345 2485 Sic
2371 2416 2504 2500 ergo
2542 2430 2768 2502 angelus
2790 2430 3160 2487 Elisabetham
3198 2431 3337 2487 dixit
3371 2430 3557 2490 Mariae

1992 2527 2299 2592 cognatam,
2349 2527 2638 2599 propterea
2687 2521 2833 2592 quod
2882 2523 3056 2579 amba:
3106 2523 3441 2581 lsraelitides
3471 2539 3564 2582 es-

1993 2619 2135 2669 sent.
2177 2611 2406 2685 Insuper
2423 2627 2493 2681 ex
2518 2612 2640 2685 ipso
2667 2612 2790 2667 loco
2815 2612 2952 2669 satis
2976 2612 3159 2668 decuit
3187 2611 3562 2670 Elisabetham

1994 2701 2259 2772 appellari
2291 2700 2478 2756 Mariae
2503 2711 2811 2773 cognatam,
2858 2702 2987 2773 quia
3038 2704 3299 2759 nimirum
3348 2703 3565 2760 habita-

1991 2792 2086 2847 bat
2128 2792 2188 2847 in
2210 2790 2366 2848 Juda:
2394 2792 2565 2859 tribu,
2604 2792 2751 2848 unde
2795 2808 2967 2863 genus
2997 2794 3166 2849 traxit
3208 2792 3399 2849 Maria.
3462 2792 3563 2851 Rei

1994 2882 2148 2938 testis
2173 2880 2370 2949 Lucas,
2406 2884 2501 2957 qui
2524 2883 2629 2938 ait:
2662 2900 2682 2935 ι
2708 2882 3017 2957 Exsurgens
3050 2891 3230 2941 autem
3254 2886 3339 2941 his
3367 2885 3562 2945 diebus

1993 2970 2164 3028 Maria
2195 2975 2332 3030 abiit
2360 2976 2416 3033 in
2445 2983 2701 3030 montana
2728 2989 2855 3031 cum
2884 2976 3259 3045 festinatione,
3291 2979 3345 3034 in
3370 2980 3561 3036 urbem

1991 3063 2164 3131 Iudae,
2199 3073 2254 3123 et
2282 3067 2530 3140 ingressa
2559 3075 2645 3124 est
2691 3068 2916 3123 domum
2962 3069 3265 3135 Zachariae,
3314 3086 3379 3126 ac
3405 3071 3561 3126 salu-

1990 3157 2122 3212 tavit
2143 3156 2528 3214 Elisabetham.
2555 3177 2576 3212 ι
2618 3157 2827 3215 Etenim
2851 3175 2976 3218 cum
3000 3162 3085 3217 lex
3111 3160 3346 3218 Mosaica
3375 3176 3562 3218 sacer-

1991 3247 2161 3304 dotali
2204 3250 2370 3305 tribui
2418 3252 2803 3321 possessiones
2830 3269 2944 3310 non
2979 3254 3390 3326 assignavisset,
3425 3255 3557 3326 quia

1991 3339 2257 3397 Dominus
2302 3340 2447 3398 Deus
2487 3357 2616 3412 pars
2660 3343 2782 3413 ejus
2813 3353 2920 3412 est,
2973 3346 3342 3413 mandavisset
3375 3356 3558 3404 autem

1997 3442 2058 3489 ut
2085 3433 2229 3489 inter
2259 3445 2484 3489 caeteras
2507 3437 2684 3492 tribus
2728 3436 3018 3504 incoleret;
3067 3452 3304 3507 cumque
3345 3436 3559 3493 Zacha-

1991 3526 2106 3581 rias
2139 3534 2194 3581 et
2218 3524 2529 3581 Elisabetba
2559 3527 2792 3597 quadam
2817 3528 2874 3582 in
2906 3527 3040 3583 urbe
3080 3529 3256 3585 tribus
3284 3528 3436 3584 Iuda:
3463 3532 3561 3586 ha-

1992 3616 2247 3682 bitarent,
2301 3617 2447 3672 unde
2486 3616 2714 3674 oriunda
2769 3625 2889 3673 erat
2933 3617 3141 3688 Maria;
3183 3635 3284 3690 par
3328 3619 3431 3676 fuit
3464 3637 3560 3679 eas

1992 3708 2064 3765 ob
2091 3708 2233 3763 hane
2259 3724 2482 3765 causam
2516 3718 2784 3780 cognatas
2811 3710 3107 3779 appellari:
3137 3727 3313 3783 neque
3347 3713 3402 3768 id
3433 3729 3560 3768 rur-

1994 3815 2089 3856 sus
2131 3801 2405 3855 immerito
2432 3811 2656 3871 propter
2684 3815 2897 3855 morum
2948 3802 3382 3868 similitudinem,
3422 3820 3559 3873 quo.

1992 3905 2116 3945 rum
2152 3891 2327 3962 gratia
2361 3901 2593 3963 utraque
2622 3892 2819 3945 mulier
2860 3890 3122 3962 mysterio
3155 3893 3348 3948 salutis
3396 3895 3559 3967 digna

1994 3981 2131 4040 fuit:
2176 3990 2231 4037 et
2256 3984 2426 4039 altera
2454 3984 2677 4055 quidem
2722 3981 3096 4048 Servatorem,
3138 3985 3307 4039 altera
3354 3982 3553 4040 Serva-

1993 4069 2131 4126 toris
2167 4085 2556 4139 praecursorem
2588 4071 2799 4128 sinibus
2839 4071 2955 4127 suis
3002 4079 3343 4143 receperunt,
3387 4073 3554 4128 unius

1996 4159 2245 4214 videlicet
2269 4160 2623 4230 ejusdemque
2670 4162 2846 4217 sancti
2876 4161 3111 4231 Spiritus
3144 4161 3313 4230 gratia
3352 4163 3553 4232 potitae.

1998 4247 2176 4319 Atque
2218 4249 2323 4305 hoc
2372 4250 2455 4305 vel
2484 4250 2718 4307 maxime
2766 4252 2983 4308 nomine
3038 4251 3338 4307 secundum
3385 4250 3555 4306 Deum

1994 4348 2239 4410 cognatae
2286 4340 2503 4411 fuerunt
2536 4340 2634 4413 (4).
2695 4341 2820 4401 llaec
2865 4340 3149 4414 praesentis
3190 4339 3552 4396 dubitationis

1912 4442 1958 4515 1)
1986 4434 2187 4499 solutio
2215 4440 2320 4490 est.

2063 4549 2118 4605 9.
2151 4548 2307 4615 Quod
2333 4548 2381 4605 si
2409 4555 2592 4605 autem
2614 4555 2777 4620 caput
2799 4548 3045 4605 mulieris
3073 4548 3154 4602 vir
3198 4554 3301 4611 est,
3322 4547 3390 4603 de
3410 4545 3556 4618 Apo-

1992 4641 2120 4699 stoli
2168 4640 2280 4695 divi
2315 4641 2670 4707 sententia“,
2701 4641 2924 4711 duoque
2970 4649 3102 4697 sunt
3134 4641 3189 4695 in
3233 4655 3399 4695 carne
3444 4654 3553 4693 una

1993 4749 2059 4789 ex
2099 4731 2349 4791 Mosaicae
2382 4734 2519 4805 legis
2566 4733 2847 4805 regula“;
2881 4733 3009 4791 etsi
3053 4743 3216 4802 nupta
3247 4733 3386 4794 viro,
3429 4747 3550 4801 qua:

1991 4824 2256 4897 ﬂagitium
2288 4825 2596 4891 admiserit,
2642 4826 2893 4882 adulterii
2938 4839 3154 4897 pinnam
3182 4825 3252 4879 ob
3282 4824 3335 4879 id
3376 4824 3554 4893 ipsum

1994 4918 2140 4973 subit
2158 4935 2172 4984 ;
2189 4931 2289 4972 ceu
2308 4932 2428 4988 quae
2443 4917 2555 4988 jam
2580 4918 2766 4988 sponsi
2790 4933 2993 4990 corpus
3015 4915 3155 4970 facta
3186 4923 3324 4979 erat,
3340 4915 3555 4986 sibique

1993 5017 2154 5080 caput
2181 5009 2515 5081 imposuerat
2548 5010 2765 5077 virum;
2801 5024 2901 5065 cur
2928 5008 2975 5063 si
3008 5004 3208 5079 capitis
3238 5007 3555 5077 genealogia

1994 5103 2288 5168 scribatur,
2344 5117 2546 5174 corpus
2600 5118 2729 5157 cum
2764 5101 2941 5173 capite
3000 5098 3385 5154 connumerari
3442 5112 3556 5169 non

1976 5191 2067 5248 .sit
2093 5190 2554 5249 consectaneum?
2583 5189 2948 5260 Quamobrem
2982 5186 3152 5242 Maria
3182 5185 3553 5259 Josephojam

1990 5504 2106 5572 Vat.
2137 5500 2435 5572 palatinum
2466 5495 2734 5572 epitomate.
2754 5495 2916 5572 etiam
2942 5495 3003 5572 _i_n
3034 5493 3243 5572 catenis
3263 5491 3547 5572 yaticayis

1982 5561 2182 5626 Nicetie
2212 5571 2336 5624 cod.
2372 5570 2434 5621 Α.
2473 5561 2516 5621 ίξ
2541 5566 2634 5629 ‘22,
2670 5577 2725 5621 et
2758 5565 2987 5621 Macarii
3011 5565 3135 5619 cod.
3171 5561 3234 5619 E.
3261 5561 3300 5617 ί.
3336 5562 3424 5619 50.
3452 5561 3549 5618 Se-

1981 5639 2655 5713 quensitainonquinquc
2699 5638 2985 5693 verborum
3030 5634 3276 5692 clausula
3326 5631 3545 5691 nonnisi

326 5715 565 5781 uoiniuc,
604 5718 688 5772 vix
730 5717 913 5787 paucis
950 5708 1128 5772 l’Bl'MS
1166 5708 1618 5786 aru-iatis,'pr:eicr
1642 5714 1882 5770 codicem
1980 5708 2036 5768 in
2071 5712 2259 5769 codice
2284 5712 2346 5765 Α.
2381 5708 2597 5780 legitur.
