4100 6474
579 285 678 342 891
1291 285 1557 342 EUSEBII
1590 284 2068 342 CESARIENSIS
2104 285 2255 342 OPP.
2292 284 2472 341 PARS
2499 285 2586 342 Ill.
2627 313 2695 325 —
2723 283 3129 340 EXECETICA.
3717 283 3829 337 892

581 417 772 477 nupta,
806 405 1002 462 merito
1037 407 1091 460 in
1135 405 1255 476 ejus
1289 408 1606 479 genealogia
1644 409 1996 479 intelligenda
2021 417 2100 464 est

2242 409 2591 479 συνημμένην
2616 407 2692 478 τῷ
2724 408 2942 479 Ἰωσὴφ,
2987 407 3209 468 εἰκότως
3242 403 3827 475 συναντιλαμϐάνεσθαι

578 512 702 553 cum
740 498 1044 568 prasertim
1090 499 1378 568 perspicue
1430 498 1868 554 demonstratum
1919 501 1988 553 sit
2036 515 2113 552 n01

2246 501 2344 570 τῆς
2370 499 2715 568 γενεαλογίας
2747 500 2833 552 ὅτε
2872 497 3101 568 μάλιστα
3139 498 3230 567 τῆς
3266 497 3434 566 αὐτῆς
3476 496 3622 565 αύτῷ
3650 496 3825 566 φυλῆς

579 590 758 646 solum
794 605 862 644 ex
901 589 1022 658 ejus
1053 590 1198 644 tribu
1257 591 1450 654 fuisse,
1489 608 1677 646 verum
1710 592 1872 646 etiam
1908 601 2065 663 gente
2091 607 2113 646 c

2244 592 2304 644 ού
2337 591 2516 662 μόνον,
2552 590 2687 645 ἀλλά
2712 591 2805 645 καὶ
2837 591 3010 662 δήμου
3046 591 3139 642 καὶ
3184 591 3417 661 πατριᾶς
3448 589 3827 642 ἀποδέδεικται

578 681 804 735 familia.
863 679 1068 736 Praater
1093 698 1257 752 quam
1290 684 1433 754 quod
1484 687 1646 739 etiam
1693 683 1913 739 Gabriel
1948 685 2003 738 in
2049 685 2143 740 illo

579 790 706 829 cum
749 774 920 828 Maria
977 776 1253 846 colloquio
1284 777 1588 831 vaticinans
1619 777 1760 831 inter
1791 783 1985 831 caetera
2026 777 2140 832 ait:

581 866 782 922 «Dabit
842 869 919 922 illi
977 867 1122 926 Deus
1167 871 1351 926 sedem
1419 870 1641 926 Davidis
1697 872 1867 940 patris
1921 872 2135 941 cjusn

574 969 758 1026 aperte
788 960 1018 1024 docens,
1055 961 1176 1024 ejus
1213 962 1306 1031 qui
1347 979 1414 1018 ex
1470 964 1588 1033 ipsa
1633 965 1950 1019 nasciturus
2000 975 2138 1031 erat,

571 1046 830 1104 Davidem
858 1066 981 1107 esse
1017 1054 1443 1123 progenitorem.
1495 1054 1754 1125 Alioquin
1793 1057 1889 1127 qui
1917 1056 2138 1113 decuis-

569 1149 656 1195 set
683 1141 796 1196 haec
841 1144 910 1197 ab
941 1144 1132 1214 angelo
1172 1146 1279 1200 dici
1328 1145 1470 1216 apud
1513 1148 1801 1218 virginem,
1843 1149 1951 1203 nisi
1990 1165 2140 1203 eam-

568 1231 691 1287 dem
744 1232 812 1288 de
842 1233 1061 1289 Davidis
1102 1252 1300 1305 genere
1348 1254 1471 1294 esse
1500 1240 1898 1293 conﬁteretur?
1952 1239 2138 1310 Neque

567 1339 700 1379 sane
725 1325 942 1380 femina
980 1329 1172 1382 aliena:
1214 1345 1242 1382 a
1286 1329 1508 1386 Davidis
1540 1333 1710 1402 stirpe
1744 1333 1954 1386 dictum
2008 1333 2136 1388 fuis-

564 1422 668 1479 set,
725 1417 915 1472 «dabit
948 1420 1025 1473 illi
1064 1419 1207 1476 Deus
1238 1422 1422 1476 sedem
1470 1423 1692 1478 Davidis
1739 1425 1910 1495 patris
1955 1425 2127 1494 ejus.»

563 1505 736 1571 Quem
795 1510 940 1563 enim
1004 1525 1198 1565 narras
1261 1521 1492 1580 patrem,
1544 1515 1698 1586 virgo
1761 1517 2132 1585 respondisset

561 1597 704 1666 (qua:
733 1600 954 1668 quidem
1013 1599 1290 1655 fatebatur
1334 1619 1393 1658 se
1442 1605 1620 1658 virum
1681 1607 1915 1668 nescire,
1977 1607 2133 1661 intel-

560 1687 765 1743 lexerat
799 1699 979 1746 autem
1028 1691 1145 1747 fore
1179 1703 1239 1746 ut
1280 1692 1348 1748 de
1382 1693 1589 1765 Spiritu
1632 1705 1825 1752 sancto
1869 1699 2126 1768 concipe-

2244 682 2506 754 γενομένη
2530 700 2542 712 ·
2595 683 2687 736 καὶ
2729 683 2901 745 άλλως
2936 683 2992 735 δὲ
3036 683 3092 735 ὲν
3138 681 3217 752 τῷ
3249 680 3381 752 πρὸς
3404 680 3570 752 αὐτὴν
3599 697 3826 751 χρημα-

2241 773 2420 844 τισμῷ
2448 773 2714 838 θεσπίζων
2747 775 2774 826 6
2807 772 3045 844 Γαϐριὴλ
3078 773 3213 843 μετά
3257 771 3365 824 τῶν
3394 771 3566 826 ἄλλων
3599 773 3823 843 εἴρηκε·

2249 885 2266 916 ι
2305 865 2411 918 Καὶ
2437 865 2590 918 δώσει
2627 865 2776 936 αὐτῷ
2809 867 2836 918 6
2869 865 2999 928 Θεὸς
3031 864 3120 918 τὸν
3157 865 3342 936 θρόνον
3380 864 3541 916 Δαϐὶδ
3579 863 3671 917 τοῦ
3713 881 3826 917 ιιι-ιι·⁵

2239 957 2367 1027 τρδς
2394 957 2555 1010 αὐτοῦ
2577 977 2591 986 ο
2629 977 2647 1009 ι
2678 956 2863 1026 σαφῶς
2898 957 3159 1012 διδάσκων
3187 957 3268 1009 ὄτι
3300 956 3392 1009 τοῦ
3429 955 3488 1021 ἐξ
3516 957 3686 1026 αῦίῆς
3731 972 3825 1024 γε-

2239 1047 2534 1118 νησομένου
2571 1048 2870 1120 προπάτωρ
2913 1043 2980 1118 ἦν
3027 1049 3055 1099 6
3099 1047 3292 1100 Δαϐίδ’
3339 1046 3455 1109 πῶς
3495 1046 3602 1118 γὰρ
3640 1046 3824 1108 ἄλλως

2239 1140 2383 1202 εἰκὸς
2408 1135 2475 1210 ἦν
2497 1139 2666 1193 ταῦτα
2689 1142 2754 1210 τῇ
2782 1139 3035 1210 παρθένῳ
3056 1139 3216 1207 φάναι
3241 1139 3329 1192 τὸν
3356 1137 3603 1206 ἄγγελον,
3626 1138 3660 1208 ἦ
3692 1155 3824 1190 συν-

2237 1231 2599 1301 ομολογοῦντα
2644 1233 2708 1285 ὲκ
2747 1231 2840 1284 τοῦ
2891 1229 3052 1283 Δαϐὶδ
3094 1225 3266 1294 εἷναις
3309 1229 3368 1282 οὐ
3411 1230 3517 1299 γὰρ
3549 1229 3614 1282 ἂν
3650 1230 3725 1300 μὴ
3752 1232 3822 1281 ἐκ

2240 1321 2406 1375 Δαϐὶδ
2420 1321 2759 1396 τυγχανούσῃ
2779 1321 3083 1393 είρήκειτδ,
3109 1341 3127 1372 ι
3146 1320 3313 1373 Δὼσει
3329 1320 3474 1391 αὐτῷ
3503 1323 3530 1373 6
3562 1320 3696 1382 Θεὸς
3724 1321 3820 1373 τὸν

2235 1413 2421 1484 θρόνον
2459 1414 2619 1467 Δαϐὶδ
2675 1414 2769 1468 τοῦ
2829 1413 3033 1485 πατρὸς
3091 1411 3286 1466 αὑτοῦ⁸
3320 1433 3338 1465 ι
3367 1414 3516 1466 ποίου
3549 1413 3659 1485 γάρ
3703 1428 3819 1466 πα·-

2233 1505 2394 1574 τρόςς
2432 1506 2652 1570 εἰκότως
2673 1506 2737 1559 ἂν
2777 1507 2940 1578 ἦρετο
2971 1507 3004 1577 ἡ
3034 1505 3317 1579 παρθένος,
3353 1503 3686 1574 ὁμολογοῦσα
3712 1503 3819 1574 μὲν

2232 1597 2310 1648 ὅτι
2339 1595 2505 1666 ἄνδρα
2545 1597 2620 1649 οὐ¹
2648 1595 2922 1664 γινώσκει,
2958 1597 3201 1668 μαθοῦσα
3233 1595 3292 1648 δὲ
3323 1596 3404 1648 ὅτι
3451 1597 3514 1647 ὲκ
3556 1595 3808 1666 Πνεύμαο

2230 1704 2321 1750 τος
2357 1688 2513 1756 ἁγίου
2561 1687 2904 1759 συλλήψεται,
2935 1690 2984 1740 εί
3027 1689 3101 1759 μὴ
3147 1689 3227 1740 ὄτι
3269 1687 3442 1759 σαφὴς
3478 1683 3545 1758 ἦν
3585 1689 3614 1740 6
3651 1687 3814 1757 λόγος

557 1779 708 1850 ret),
765 1782 872 1836 nisi
918 1783 1142 1838 omnino
1199 1785 1245 1840 is
1293 1801 1475 1842 sermo
1505 1787 1650 1857 apud
1695 1787 1913 1846 Davidis
1961 1790 2113 1845 ﬁliam

2228 1779 2362 1849 πρὸς
2402 1778 2673 1851 θυγατέρα
2715 1779 2879 1833 Δαϐὶδ
2913 1779 3231 1850 λεγόμενος·
3267 1778 3417 1832 ἔνθεν
3455 1780 3677 1843 είκότως
3703 1797 3815 1850 φη-

557 1870 746 1926 ﬁeret?
786 1871 924 1927 llinc
962 1882 1086 1943 apte
1131 1873 1307 1931 Lucas
1340 1877 1452 1932 ait:
1494 1897 1512 1928 ι
1537 1877 1799 1934 Ascendit
1825 1889 2005 1935 autem
2030 1881 2126 1936 Jo-

558 1963 761 2032 sephus
796 1963 864 2018 de
897 1963 1117 2019 Galilaea
1156 1982 1224 2032 ex
1276 1968 1410 2024 urbe
1460 1968 1732 2026 Nazareth
1761 1972 1817 2026 in
1856 1971 2121 2036 Judzeam,

556 2061 618 2106 ut
645 2069 843 2108 nomen
890 2071 1050 2110 suum
1087 2059 1439 2126 proﬁteretur
1471 2059 1525 2114 in
1575 2061 1711 2117 urbe
1759 2061 1982 2119 Davidis
2036 2067 2122 2121 cui

554 2157 757 2197 nomen
791 2142 1128 2210 Bethlehem,
1169 2158 1454 2218 pr0pterea
1492 2151 1633 2220 quod
1669 2161 1813 2207 esset
1857 2154 1922 2208 de
1960 2153 2123 2209 domo

555 2230 870 2302 familiaque
905 2232 1123 2291 Davidis
1153 2251 1274 2290 cum
1301 2237 1470 2293 Maria
1500 2241 1826 2311 desponsata
1850 2243 1955 2298 sibi
1987 2260 2121 2314 pra:-

553 2329 808 2391 gnante.»
880 2319 1036 2378 Haud
1063 2341 1191 2397 ergo
1231 2327 1458 2385 ulterius
1486 2346 1610 2384 cum
1651 2332 2006 2402 perplexitate
2045 2335 2121 2389 le-

551 2427 742 2482 gemus
792 2413 937 2469 hunc
994 2415 1269 2488 Evangelii
1321 2419 1525 2486 locum,
1577 2437 1676 2477 ceu
1720 2423 1764 2478 si
1823 2423 1993 2478 Maria
2049 2424 2118 2478 ad

550 2503 915 2572 proﬁtendum
966 2508 1349 2563 tantummodo
1407 2526 1604 2566 nomen
1668 2512 1944 2579 venisset;
2019 2513 2115 2568 sed

548 2592 727 2662 ipsam
757 2609 978 2663 quoque
1021 2596 1356 2665 putabimus,
1392 2599 1538 2654 haud
1565 2615 1726 2656 secus
1759 2615 1924 2671 quam
1959 2600 2116 2657 Jose-

547 2682 740 2754 phum,
773 2682 838 2740 de
893 2685 1057 2740 domo
1107 2686 1422 2764 familiaque
1492 2690 1713 2748 Davidis
1750 2709 1902 2750 esse;
1954 2709 2113 2764 quam

551 2771 897 2842 Scripturam
945 2783 1004 2830 ut
1050 2777 1124 2830 ita
1167 2761 1609 2850 interpretemur,
1657 2761 1993 2854 argumentis
2047 2787 2114 2841 iis

547 2864 756 2919 utimur
782 2882 911 2936 qua:
953 2869 1221 2928 hactenus
1252 2874 1599 2943 protulimus.
1638 2875 1778 2946 Ergo
1805 2878 2111 2946 perspicue,

547 2967 608 3012 ut
639 2957 851 3026 opinor,
882 2960 1312 3019 demonstratum
1343 2973 1447 3027 est,
1483 2965 1626 3020 haud
1658 2975 1864 3022 temere
1891 2966 2111 3038 Josephi

543 3046 916 3118 genealogiam
958 3051 1025 3105 ab
1055 3051 1272 3124 inrlytis
1313 3056 1574 3124 apostolis
1607 3055 1777 3111 fuisse
1804 3069 2105 3126 narratam,

544 3145 599 3192 et
631 3135 854 3190 Mariam
879 3138 946 3192 de
989 3155 1186 3210 genere
1228 3142 1449 3198 Davidis
1494 3160 1622 3201 vere
1655 3147 1914 3216 derivari,
1949 3152 2108 3207 item-

545 3244 651 3299 que
683 3243 829 3293 eum,
862 3229 955 3299 qui
994 3247 1057 3286 ex
1087 3234 1204 3303 ipsa
1244 3246 1406 3294 natus
1445 3247 1557 3303 est,
1604 3237 1790 3295 Jesum
1847 3241 1940 3296 Dei
2001 3260 2103 3297 un-

543 3330 712 3375 ctum.

543 3523 654 3580 Cur
714 3526 855 3602 alter
905 3531 1220 3602 evangelista
1269 3549 1488 3602 superne
1545 3536 1607 3588 ab
1658 3536 1961 3595 Abrahamo
2009 3557 2109 3595 ex-

613 3613 765 3672 orsus
821 3599 1052 3654 deducat
1105 3599 1495 3672 genealogiam;
1572 3608 1707 3660 alter
1777 3624 1952 3664 autem
2023 3614 2103 3666 in-

620 3666 768 3748 ferne
799 3666 1428 3748 .subgrediat'urAnEque
1471 3666 1528 3729 in
1577 3678 1880 3733 Abrahamo
1925 3683 2104 3748 sistat,

611 3737 701 3791 sed
741 3737 810 3790 ad
837 3737 1102 3795 Adamum
1132 3760 1194 3796 ac
1227 3737 1391 3796 Deum
1422 3761 1582 3815 usque
1614 3747 1873 3808 deveniat.

612 3827 665 3883 1.
700 3826 1075 3894 Quaestionum
1111 3847 1140 3885 a
1175 3844 1226 3887 te
1255 3836 1655 3904 propositarum
1699 3841 1940 3895 secunda
1990 3843 2105 3898 haec

539 3915 666 3972 fuit.
721 3918 1102 3993 Genealogiam
1154 3923 1440 3980 Matthaaus
1491 3941 1558 3980 ex
1602 3927 1913 3984 Abrahamo
1960 3932 2106 3986 deri-

540 4014 671 4073 vat;
711 4007 890 4065 Lucas
921 4022 1102 4066 autem
1135 4016 1467 4068 contrariam
1509 4016 1636 4071 huic
1669 4019 1814 4072 viam
1848 4022 2104 4079 insistens

538 4096 733 4168 incipit
783 4101 882 4155 abs
937 4101 1199 4173 Josepho,
1257 4105 1540 4176 tenditque
1596 4107 1663 4162 ad
1716 4109 1984 4166 Adamum
2041 4128 2103 4168 ac

537 4185 730 4243 Deum.
769 4190 928 4260 Atqui
959 4195 1263 4262 oportebat,
1305 4195 1573 4265 siquidem
1631 4198 1685 4251 hi
1732 4215 1978 4255 consona
2019 4203 2104 4257 in-

535 4280 710 4336 vicem
754 4289 809 4337 et
868 4294 1235 4340 consentanea
1267 4287 1602 4352 scribebant,
1647 4291 1731 4344 vel
1766 4290 1966 4347 Lucam
2013 4311 2102 4352 as-

2229 1870 2311 1922 crlv
2349 1871 2377 1923 6
2412 1872 2648 1934 Λουκᾶς·
2685 1889 2702 1923 ι
2745 1871 2932 1942 Ἀνέϐη
2974 1871 3032 1924 δὲ
3068 1872 3162 1925 καὶ
3203 1872 3397 1942 Ἰωσὴφ
3427 1872 3490 1924 ἐκ
3523 1872 3618 1942 τῆς
3647 1872 3814 1925 Γαλι-

2224 1961 2377 2026 λαίας
2404 1963 2468 2016 ὲκ
2495 1963 2699 2027 πόλεως
2739 1962 2990 2034 Ναζαρὲθ
3031 1966 3110 2027 εἰς
3141 1963 3237 2035 τὴν
3271 1963 3525 2016 Ἰουδαίαν
3556 1965 3812 2034 ἀπογρά-

2221 2052 2421 2122 ψασθαι
2452 2056 2529 2118 είς
2564 2055 2714 2108 πόλιν
2738 2055 2902 2108 Δαϐἱδ
2925 2055 3046 2125 ἥτις
3073 2055 3311 2108 καλεῖται
3335 2055 3598 2126 Βηθλεὲμ,
3625 2055 3716 2108 διά
3739 2058 3808 2109 τὸ

2222 2140 2358 2199 εἶναι
2392 2147 2550 2199 αὑτὸν
2584 2145 2641 2213 ἐξ
2675 2145 2824 2200 οἴκου
2869 2147 2961 2199 καὶ
2997 2148 3230 2217 πατριᾶς
3273 2147 3436 2200 Δαϐὶδ
3479 2149 3572 2200 σὺν
3609 2149 3807 2219 Μαρίᾳ

2218 2240 2284 2307 τῇ
2316 2239 2767 2310 μεμνηστευμένῃ
2812 2238 2959 2308 αὐτῷ
2991 2237 3126 2312 οὔσῃ
3173 2240 3373 2310 ἐγκύῳ.
3407 2259 3425 2291 ι
3463 2240 3656 2293 Οὐκέτι
3691 2241 3804 2309 γάρ

2218 2327 2527 2397 ἀμφιϐόλως
2547 2329 2969 2399 ἁναγνωσὸμεθα
2990 2330 3086 2400 τὴν
3103 2331 3380 2402 παροῦσαν
3408 2331 3573 2398 λέξιν,
3597 2331 3674 2394 ὡς
3697 2332 3801 2402 τῆς

2219 2418 2436 2488 Μαρίας
2483 2419 2900 2490 ἀπογράψασθαι
2943 2419 3108 2489 μόνης
3151 2419 3527 2491 συνελθούσης,
3573 2419 3686 2473 ἀλλ’
3720 2421 3802 2484 ὡς

2217 2509 2310 2560 καὶ
2344 2509 2511 2580 αὐτῆς
2537 2511 2632 2562 σὺν
2653 2509 2732 2580 τῷ
2769 2510 2966 2580 Ἰωσὴφ
2995 2510 3052 2576 ἐξ
3075 2508 3345 2564 οἴκουνκαὶ
3383 2515 3615 2582 πατριᾶς
3635 2511 3802 2564 Δαϐλό

2216 2597 2563 2669 ὑπαρχούσης
2588 2638 2602 2662 ,
2647 2599 2746 2662 τάς
2789 2600 3089 2666 ἀποδείξεις
3143 2602 3356 2671 ἔχοντες
3400 2603 3498 2673 τῆς
3538 2603 3801 2674 τοιαύτης

2216 2688 2506 2760 ἑρμηνείας
2533 2689 2627 2742 τοῦ
2670 2689 2826 2759 λόγου
2870 2692 2935 2744 ὲκ
2975 2692 3082 2746 τῶν
3127 2693 3660 2765 προαποδεδομένων.
3695 2698 3795 2746 Aa-

2213 2779 2418 2849 δεῖχθαι
2450 2781 2628 2834 τοίνυν
2667 2782 2852 2850 σαφῶς
2892 2784 3150 2854 ἠγοῦμαι,
3180 2785 3261 2836 δτι
3299 2784 3372 2855 μὴ
3418 2785 3593 2854 μάτην
3620 2787 3648 2838 6
3686 2787 3797 2845 Ἰω-

2217 2873 2322 2942 σὴφ
2345 2873 2740 2943 ἐγενεαλογείτο
2764 2874 2915 2947 παρὰ
2936 2879 3047 2940 τοῖς
3077 2875 3398 2946 θαυμασίοις
3423 2875 3514 2928 τοῦ
3540 2875 3798 2947 Σωτῆρος

2214 2962 2370 3032 ἡμῶν
2403 2965 2737 3029 ἀποστόλοις,
2772 2967 2866 3019 καὶ
2905 2968 3052 3030 ὅπως
3091 2969 3122 3036 ἡ
3165 2967 3350 3038 Μαρία
3384 2971 3445 3020 ἐκ
3481 2968 3796 3038 σπέρματος

2212 3050 2345 3108 οὖσα
2389 3056 2482 3109 τοῦ
2526 3057 2686 3110 Δαϐὶδ
2721 3060 3053 3122 συνίσταται,
3087 3060 3115 3111 ὅ
3143 3076 3202 3111 τε
3241 3059 3298 3123 ἐξ
3329 3059 3499 3128 αὐτῆς
3528 3077 3792 3130 γεγεννη-

2217 3147 2374 3218 μένος
2415 3147 2622 3218 Ἰησοῦς
2651 3151 2679 3202 6
2710 3151 2942 3222 Χριστὸς
2975 3151 3067 3205 τοῦ
3102 3151 3257 3206 Θεοῦ.

2962 3439 3036 3490 B'.

2209 3549 2311 3602 Διὰ
2342 3549 2460 3626 τίιὸ
2477 3548 2592 3626 per
2618 3550 2842 3604 ἄνωθεν
2874 3551 3010 3626 ,ἀπό
3037 3553 3141 3607 τοῦ
3185 3554 3427 3626 Ἀϐραὰμ
3452 3555 3788 3626 ἀρξάμενος

2266 3620 2503 3689 κατάγει
2536 3621 2651 3688 τὴν
2675 3623 3063 3690 γενεαλογίαν
3079 3640 3094 3654 ο
3123 3626 3156 3677 ὀ
3177 3624 3243 3676 δὲ
3269 3620 3536 3680 κάτωθεν
3562 3620 3785 3690 ἄπεισι,

2279 3693 2427 3762 κοιξκ
2476 3691 2595 3762 ἐπὶ-
2623 3690 2729 3762 τὸν
2768 3692 3024 3762 Ἀϐραὰμ
3079 3695 3335 3758 laturas,
3368 3695 3505 3749 ἀλλ’
3541 3696 3641 3748 ἐπὶ
3679 3699 3790 3751 τὸν

2293 3759 2471 3828 Ἀδὰμ
2503 3760 2602 3813 καὶ
2631 3761 2736 3814 τὸν
2770 3765 2938 3816 Θεόν.

2279 3860 2344 3905 α’.
2377 3854 2447 3904 Τὸ
2490 3851 2738 3922 δεύτερον
2777 3854 2883 3906 τῶν
2922 3855 3025 3908 ὑπὸ
3071 3855 3166 3908 σοῦ
3214 3857 3588 3928 προταθέντων
3627 3860 3786 3915 τοῦτο

2204 3939 2304 4014 ἦν·
2339 3945 2366 3996 6
2395 3943 2492 4014 μὲν
2520 3944 2794 4008 Ματθαῐος
2829 3947 2936 4000 ἀπὸ
2973 3948 3065 4000 τοῦ
3109 3947 3356 4020 ’Δϐραάμ
3405 3952 3630 4020 κατάγει
3685 3954 3784 4024 τὴν

2205 4036 2569 4106 γενεαλογίαν,
2597 4037 2624 4088 6
2655 4036 2710 4088 δὲ
2739 4039 2952 4102 Λουκᾶς
2989 4039 3087 4110 τὴν
3129 4041 3376 4095 ἐναντίαν
3417 4045 3604 4098 τούτου
3637 4044 3785 4114 βαδί-

2207 4145 2323 4190 σας,
2353 4127 2554 4200 ἤρξατο
2589 4129 2689 4199 μὲν
2719 4129 2824 4182 ἀπὸ
2855 4129 2948 4182 τοῦ
2991 4131 3424 4216 Ἰωσὴφηάνάγει
3459 4134 3516 4186 δὲ
3557 4135 3649 4186 ἐπὶ
3689 4136 3783 4188 τὸν

2218 4218 2386 4289 Ἀδάμ
2432 4219 2526 4272 καὶ
2565 4219 2656 4272 τὸν
2702 4220 2864 4273 Θεόψ
2899 4219 3036 4285 δέον,
3069 4220 3182 4290 εἴγε
3227 4222 3491 4293 σύμφωνα
3530 4226 3624 4278 καὶ
3658 4243 3784 4278 συν-

2203 4310 2312 4380 ῳδά
2357 4310 2604 4380 ἀλλήλοις
2631 4310 2885 4381 ἔγραφον,
2916 4311 2948 4382 ἢ
2984 4312 3075 4365 τὸν
3110 4314 3324 4366 Λουκᾶν
3355 4315 3572 4370 ἀνιόντα
3600 4316 3783 4387 ,μέχρι

537 4372 859 4428 cendentem
897 4375 952 4428 in
982 4376 1292 4431 Ahrahamo
1319 4381 1651 4449 consistere;
1682 4385 1766 4438 vel
1793 4384 2098 4441 Matthzeum

2216 4372 2294 4452 τοῦ
2353 4372 2598 4470 Ἀϐραὰμ
2637 4372 2844 4471 στῆναι,
2937 4372 3051 4454 ’τὸν
3091 4403 3364 4456 Ματθαῖον
3411 4404 3484 4476 μὴ
3683 4372 3780 4460 τοῦ

533 4461 678 4518 haud
701 4481 766 4518 ex
778 4465 1083 4522 Abrahamo
1098 4470 1463 4541 genealogiam
1482 4474 1673 4539 ordiri,
1697 4476 1790 4530 sed
1808 4493 1873 4531 ex
1893 4479 2100 4533 Adamo

2216 4449 2908 4561 ¥i'6,;;';,';ix'a;{;oa
2950 4449 3143 4564 is;
3177 4495 3255 4556 είς
3301 4492 3359 4545 ὃν
3409 4449 3704 4566 ξέτέληξεν
3749 4498 3781 4550 6

534 4552 594 4608 in
625 4568 785 4623 quem
820 4552 997 4610 Lucas
1025 4556 1240 4612 desivit.
1267 4590 1337 4598 —
1374 4559 1574 4618 Facilis
1617 4572 1701 4619 est
1743 4565 1909 4636 hujus
1964 4584 2100 4636 quo-

533 4658 641 4712 que
664 4645 984 4712 quaastionis
1015 4647 1334 4717 explicatio,
1381 4667 1559 4722 neque
1602 4657 1775 4710 multo
1819 4661 2095 4715 sermonis

533 4734 764 4790 artiﬁcio
823 4737 1063 4808 indiget:
1113 4749 1340 4812 uterque
1396 4745 1541 4799 enim
1604 4750 1939 4820 evangelista
1989 4768 2098 4806 una

531 4828 618 4879 via
660 4827 928 4898 graditur.
967 4826 1101 4884 Nam
1143 4841 1197 4888 et
1225 4833 1348 4891 illos
1392 4839 1486 4906 qui
1547 4853 1802 4908 prorsum
1847 4857 2098 4898 sursum-

529 4935 636 4990 que
659 4921 982 4988 ascendunt,
1019 4924 1256 4997 itemque
1289 4927 1411 4984 illos
1445 4932 1538 5002 qui
1581 4935 1873 4992 adversum
1905 4939 2094 4993 eadem

530 5011 617 5064 via
676 5011 1039 5083 descendunt,
1085 5017 1229 5072 haud
1291 5021 1579 5092 quisquam
1625 5023 1832 5082 diceret
1882 5027 2096 5084 diverso

529 5103 748 5160 tramite
795 5106 1062 5163 incedere.
1137 5111 1261 5180 quia
1289 5113 1502 5169 scilicet
1543 5132 1650 5171 una
1695 5119 1765 5173 ab
1808 5121 2090 5191 ,utrisque,

532 5193 589 5250 id
637 5203 721 5251 est
776 5198 845 5252 ab
897 5201 1321 5258 ascendentibus
1371 5205 1962 5282 descendentibusque,
2009 5213 2094 5266 via

532 5287 749 5344 teritur.
790 5288 993 5346 Eadem
1043 5292 1206 5363 igitur
1244 5297 1388 5351 ratio
1416 5310 1501 5354 est
1534 5301 1589 5354 in
1617 5303 1835 5372 generis
1871 5320 2092 5360 succes-

533 5377 804 5435 sionibus.
865 5381 1042 5452 Atque
1069 5383 1159 5438 hic
1195 5401 1314 5442 mos
1354 5390 1659 5460 antiquitus
1699 5392 1940 5451 Hebraeis
1977 5399 2093 5466 pla-

530 5468 667 5532 cuit,
698 5471 838 5525 etin
884 5471 1082 5528 divinis
1131 5471 1430 5546 Scripturis
1479 5482 1741 5540 solemnis
1784 5493 1890 5542 est.
1951 5487 2092 5544 Ecce

529 5558 672 5613 enim
712 5559 764 5613 in
787 5557 980 5615 Rutha:
1002 5562 1216 5632 quidem
1248 5565 1385 5622 libro
1411 5584 1584 5640 genus
1609 5570 1826 5628 Davidis
1856 5590 2090 5644 superne

602 5693 682 5763 (5)
720 5693 853 5750 Cod.
888 5695 952 5761 A,
988 5697 1025 5754 f.
1055 5697 1143 5767 63,
1175 5699 1335 5758 habet
1359 5703 1530 5767 οὕτως
1563 5721 1658 5776 pro
1683 5706 1768 5761 διὰ
1793 5707 2013 5766 τούτων.

2201 4581 2446 4643 Λουκᾶς,
2500 4581 2843 4653 ἀπάρξασθαι
2873 4582 2970 4653 τῆς
3003 4582 3370 4652 γενεαλογίας.
3404 4615 3471 4622 -
3504 4584 3691 4656 Ῥαδία
3721 4589 3779 4641 δὲ

2201 4673 2293 4724 καὶ
2336 4671 2538 4726 τούτων
2583 4675 2616 4745 ἡ
2667 4673 2837 4738 λύσις,
2884 4676 2978 4728 καὶ
3026 4676 3144 4729 οὐδὲ
3196 4675 3393 4746 πολλῆς
3429 4682 3778 4750 κατασκευῆς

2200 4762 2444 4834 δεομένη,
2501 4765 2627 4835 μίαν
2671 4767 3002 4837 ἀμφοτέροις
3052 4768 3170 4820 666v
3222 4769 3590 4840 πορευθεῖσιν·
3653 4774 3778 4827 ἐπεὶ

2199 4855 2293 4907 καὶ
2339 4856 2464 4918 τοὺς
2504 4857 2702 4927 ἀνάντη
2751 4859 2842 4910 καὶ
2883 4858 3064 4930 ὄρθιον
3099 4860 3318 4930 πορείαν
3364 4863 3631 4927 ἀνιόντας,
3682 4868 3777 4918 καὶ

2197 4947 2322 5008 τοὺς
2351 4945 2583 5015 ἔμπαλιν
2610 4947 2697 5000 διά
2733 4951 2832 5019 τῆς
2874 4949 3044 5016 αὐτῆς
3089 4950 3392 5016 κατιόντας,
3433 4953 3532 5006 οὑκ
3577 4954 3642 5006 ἄν
3693 4972 3777 5019 τις

2198 5035 2387 5106 ἑτέραν
2429 5037 2559 5108 φαίη
2608 5037 2869 5107 βαδίζειν,
2905 5041 3030 5109 μιᾶς
3069 5041 3398 5113 ἀμφοτέροις
3429 5045 3774 5116 ἐγκειμένης,

2195 5130 2307 5190 τοῖς
2335 5136 2394 5180 τε
2429 5128 2636 5182 ἀνιοῦσι
2667 5131 2759 5184 καὶ
2787 5133 2896 5194 τοίς
2939 5131 3212 5197 κατιοῦσι,
3243 5135 3428 5205 τρίϐου
3449 5154 3463 5167 ο
3494 5137 3585 5189 τὸν
3613 5139 3775 5191 αὐτὸν

2197 5215 2326 5286 γοῦν
2357 5220 2553 5287 τρόπον
2590 5222 2682 5274 καὶ
2724 5222 2816 5273 ἐπὶ
2848 5222 2946 5292 τῆς
2985 5221 3090 5274 τῶν
3123 5225 3295 5291 γενῶν
3328 5227 3578 5298 διαδοχῆς
3629 5230 3772 5300 πάρ-

2196 5326 2360 5363 εστιν·
2391 5304 2545 5374 οὗτος
2567 5311 2621 5364 δὲ
2649 5310 2925 5383 πόρρωθεν
2949 5314 3218 5384 Ἑϐραίοις
3239 5316 3389 5384 φίλος
3413 5313 3481 5389 ἦν
3503 5320 3532 5372 6
3552 5320 3770 5390 τρόπος,

2194 5401 2419 5455 καὶτῶν
2451 5403 2607 5456 θείων
2642 5403 2876 5474 συνήθης
2900 5404 3158 5476 Γραφῶν·
3189 5407 3387 5461 αὐτίκα
3411 5409 3542 5477 γοῦν
3575 5413 3632 5465 ὲν
3673 5413 3771 5482 μὲν

2192 5495 2256 5562 τῇ
2282 5491 2445 5564 βίϐλῳ
2469 5494 2568 5563 τῆς
2601 5495 2752 5548 Ῥοῦθ
2794 5495 2955 5548 Δαϐὶδ
2985 5496 3192 5550 ἄνωθεν
3219 5499 3325 5551 ἀπὸ
3352 5500 3446 5553 τοῦ
3482 5502 3652 5556 Ἰούδα
3673 5521 3768 5571 γεο

2192 5580 2519 5650 νεαλογεῖται
2542 5583 2623 5636 διὰ
2657 5585 2856 5637 τούτων
2889 5584 2994 5655 (5)⁶
3025 5605 3043 5638 ι
3083 5587 3191 5640 Καὶ
3227 5583 3380 5642 αῦται
3428 5593 3480 5643 αἱ
3526 5592 3770 5660 γενέσεις
