4100 6474
203 301 320 360 895

758 296 1222 368 QUESTIONES
1259 300 1716 359 EVANGELICAZ
1754 300 1846 357 AD
1885 298 2325 358 STEPHANUM.
2365 332 2434 344 -—
2471 298 2793 368 QUIESTlO
2833 296 2916 354 Ill.

3346 299 3450 355 ΒΜ

199 415 386 486 θαρδς
425 414 473 485 (6
495 411 554 468 δὲ
588 407 658 486 ἦν
696 413 865 468 Ἰούδα
906 413 1000 468 τοῦ
1036 414 1335 488 ἁρχιφύλου
1379 417 1574 489 παῖς)ο
1615 419 1775 489 Φαρὲς

1889 430 1918 469 a
1939 414 2080 470 Juda
2105 415 2374 470 evolvitur
2407 413 2489 468 sic
2516 432 2534 467 τ
2569 432 2586 463 ι
2617 412 2709 468 Hae
2745 420 2874 469 sunt
2900 411 3281 484 generationes
3305 409 3450 467 Pha-

201 508 463 578 ἐγέννησε
517 507 608 559 τὸν
661 505 907 578 Ἑσρώμ*
967 507 1062 560 καὶ
1116 507 1332 578 Ἐσρὼμ
1381 510 1634 579 ἐγέννησε
1691 511 1781 564 τὸν

213 595 428 668 Ἀράμο
484 597 574 651 καὶ
632 595 810 668 Ἀρὰμ
859 595 1118 668 ἐγέννησε
1159 597 1252 650 τὸν
1303 597 1629 670 Ἀμιναδάὸο
1687 600 1782 653 καὶ

213 688 512 760 ’Δμιναδὰὸ
562 689 818 759 ἐγέννησε
877 689 968 742 τὸν
1017 691 1318 745 Ναασσών⁴
1369 692 1463 745 καὶ
1513 691 1781 746 Ναασσὼν

199 783 461 854 ἐγέννησε
504 783 594 836 τὸν
639 781 897 853 Σαλμών·
949 783 1043 836 καὶ
1101 784 1329 856 Σαλμὼν
1385 786 1642 856 ἐγέννησε
1690 784 1780 838 τὸν

197 872 338 938 Βοός⁹
358 890 372 903 ο
399 873 494 926 καὶ
523 871 658 938 Βοὸζ
687 871 944 945 ἐγέννησε
977 874 1069 928 τὸν
1097 875 1254 947 Ὠὀήδ
1270 894 1284 906 ·
1309 877 1406 930 καὶ
1435 876 1592 948 Ὠϐὴδ
1631 875 1782 944 ἐγέν-

195 981 333 1034 νησε
363 965 454 1018 τὸν
488 964 719 1017 Ἰεσσαί·
752 965 846 1019 καὶ
886 965 1080 1018 Ἰεσσαὶ
1118 967 1372 1038 ἐγέννησε
1411 967 1503 1021 τὸν
1539 967 1718 1021 Δαὸἱδ.
1756 987 1774 1017 ι

198 1054 408 1108 Τοῦτον
428 1054 473 1107 δ’
495 1049 588 1108 οὖν
611 1054 773 1109 αὐτὸν
796 1055 1029 1110 τέθειται
1054 1057 1146 1111 καὶ
1165 1060 1194 1111 6
1216 1058 1490 1124 Ματθαίος
1520 1061 1612 1114 τὸν
1653 1061 1778 1131 τρό-

200 1159 306 1196 πον
341 1142 440 1214 (6)..

171 1243 180 1263 ι
273 1235 346 1305 βα,
386 1237 450 1288 Ἢ
471 1235 527 1290 δέ
549 1253 614 1307 γε
629 1237 824 1309 πρώτη
835 1238 944 1293 τῶν
964 1238 1258 1294 Βασιλειῶν
1278 1241 1402 1313 ἑξῆς
1423 1241 1776 1312 διαδεξαμένη

165 1327 297 1414 ,τῆς
338 1327 496 1380 Ῥοὺθ
540 1328 644 1401 την
685 1330 926 1401 γραφὴν,
955 1329 1065 1384 ἀπὸ
1108 1331 1218 1386 τῶν
1262 1332 1504 1385 κάτωθεν
1551 1334 1773 1410 ἄνεισιν,

194 1418 391 1491 ὥσπερ
413 1417 507 1476 οῦν
541 1422 839 1494 πεποίηκεν
871 1424 901 1477 6
921 1425 1162 1488 Λουκᾶςο
1186 1425 1277 1478 τὸν
1301 1423 1432 1494 γοῦν
1451 1423 1660 1497 πατέρα
1682 1423 1777 1477 τοῦ

195 1511 452 1583 Σαμουὴλ
483 1513 575 1566 τὸν
613 1512 842 1567 Ἐλκανᾶ
870 1514 1273 1584 γενεαλογοῦσα
1299 1507 1403 1568 ὧδέ
1438 1532 1592 1587 φησιο
1624 1532 1642 1563 ι
1669 1515 1779 1568 Καὶ

194 1603 416 1672 ἐγένετο
460 1603 740 1675 ἄνθρωπος
787 1605 847 1672 ἐξ
885 1606 1198 1677 ’Δρμαθαὶμ
1247 1607 1479 1678 Σουφεὶρ
1523 1605 1582 1672 ἐξ
1620 1605 1779 1674 ὅρους

211 1693 457 1765 Ἑτρραῖμ
478 1711 491 1724 ·
529 1695 622 1749 καὶ
657 1696 828 1766 ὄνομα
867 1697 1017 1768 αὐτῷ
1061 1696 1311 1761 Ἑλκανᾶ,
1339 1697 1454 1760 υἱὸς
1490 1695 1775 1768 Ἱερεμιὴλ,

1882 523 1971 562 res
2033 505 2144 577 (hic
2177 514 2293 560 erat
2333 505 2488 559 Judze
2512 505 2836 574 patriarcha:
2871 504 3068 574 ﬁlius).
3107 503 3312 559 Phares
3355 521 3450 574 ge-

1882 599 2001 652 nuit
2063 597 2385 663 Esronem;,
2415 595 2590 652 Esron
2632 597 2819 667 genuit
2869 596 3170 663 Aramum;
3214 596 3449 652 Aramus

1881 691 2069 762 genuit
2104 689 2539 754 Aminadabum;
2600 688 2973 742 Aminadabus
3006 688 3194 758 genuit
3247 687 3451 744 Nasso-

1881 799 2039 848 nem;
2099 781 2315 836 Nasson
2363 783 2550 852 genuit
2602 779 2949 842 Salmonem;
2996 778 3218 834 Salmon
3264 780 3452 850 genuit

1880 872 2158 933 Boozum;
2223 869 2435 925 Boozus
2501 870 2689 940 genuit
2757 868 3038 934 Obedum;
3099 867 3318 924 Obedus
3358 885 3452 940 ge-

1881 963 1998 1016 nuit
2028 961 2324 1027 Jcssazum;
2354 959 2590 1015 Jessaeus
2632 961 2819 1030 genuit
2866 958 3124 1013 Davidem
3151 961 3247 1012 ι’.»
3298 957 3450 1012 Hanc

1881 1055 2047 1125 igitur
2076 1054 2369 1109 Matthzeus
2403 1069 2620 1124 quoque
2665 1053 2994 1124 genealogize
3031 1052 3335 1107 scribenda:
3367 1067 3450 1107 ra-

1879 1148 2085 1201 tionem
2124 1154 2364 1202 sectatus
2397 1154 2501 1199 est.

1947 1238 2002 1293 2.
2040 1237 2108 1291 At
2141 1237 2351 1309 primus
2389 1235 2602 1308 Regum
2630 1236 2787 1299 liber,
2817 1237 2909 1310 qui
2944 1234 3137 1290 Rutilae
3166 1235 3449 1294 historiam

1880 1330 2256 1401 subsequitur,
2294 1329 2507 1384 inferne
2538 1329 2804 1394 ascendit,
2836 1337 2895 1382 ut
2939 1328 2995 1383 ﬁt
3041 1328 3182 1399 apud
3224 1327 3447 1381 Lucam.

1879 1422 2090 1493 Quippe
2145 1421 2417 1485 llelcanae,
2463 1420 2556 1490 qui
2590 1427 2744 1490 pater
2794 1419 2897 1474 fuit
2941 1418 3231 1481 Samuelis.
3281 1433 3453 1489 genus

1877 1531 2194 1580 recensens,
2231 1515 2307 1569 ait
2336 1534 2350 1569 :
2381 1533 2401 1565 ι
2434 1513 2537 1568 fuit
2565 1515 2651 1567 vir
2679 1529 2745 1569 ex
2793 1513 3108 1567 Armathem
3153 1509 3357 1581 Suphir
3383 1509 3454 1566 de

1878 1614 2062 1661 monte
2094 1604 2404 1676 Ephraimi;
2437 1619 2637 1660 nomen
2677 1603 2798 1672 ejus
2845 1603 3106 1666 Helcana,
3157 1602 3297 1656 ﬁlius
3336 1600 3458 1656 Hie-

1881 1698 2137 1762 remielis,
2186 1696 2280 1751 ﬁlii
2334 1695 2485 1762 Eliae,
2545 1697 2636 1750 lilii
2689 1695 2847 1760 Thoi,
2904 1695 3003 1749 ﬁlii
3047 1695 3194 1759 Suri,
3241 1693 3452 1764 Ephra-

197 1786 320 1838 υἱοῦ
337 1786 534 1850 Ἡλίου,
562 1786 677 1840 υἱοῦ
705 1787 860 1853 Θοοῦ,
889 1789 1005 1842 υἱοῦ
1035 1788 1196 1860 Σοῦρ,
1227 1789 1600 1860 Ἑφραταῖος.)
1621 1787 1775 1841 Ἀλλὰ

1883 1797 2018 1844 unus
2039 1789 2106 1843 ¹³.
2132 1807 2151 1840 ι
2190 1786 2295 1843 Sed
2324 1796 2378 1842 et
2410 1789 2465 1842 in
2497 1787 2929 1858 Paralipomenis
2958 1787 3120 1841 modo
3150 1802 3179 1840 a
3208 1786 3456 1856 superio-

196 1879 298 1931 καὶ
343 1880 406 1932 ὲν
445 1881 555 1943 τοῖς
589 1880 1087 1952 Παραλειπομένοις
1115 1883 1192 1953 (7)
1237 1882 1372 1937 ποτὲ
1406 1883 1506 1953 μὲν
1531 1882 1641 1936 ἀπὸ
1669 1881 1780 1935 τῶν

198 1969 442 2042 πρώτων
480 1971 574 2032 ἐπὶ
611 1971 742 2036 τοὺς
765 1972 1046 2045 δευτέρους
1091 1973 1325 2044 καθεξῆς
1365 1973 1610 2046 πρόεισιν
1634 1975 1664 2026 6
1693 1973 1780 2026 λό-

197 2077 318 2130 γος,
344 2064 414 2133 τῇ
439 2061 539 2115 τοῦ
571 2062 851 2117 Ματθαὶου
889 2066 1073 2136 γραφῇ
1113 2063 1528 2136 παραπλησίως,
1561 2063 1690 2117 ποτε
1721 2064 1780 2118 δὲ

197 2153 464 2226 ἐμφερῶς
510 2153 586 2226 τῷ
633 2156 817 2226 Λουκᾷ
857 2155 1199 2224 γενεαλογεῖο
1232 2156 1460 2211 ἄκουσον
1508 2155 1639 2225 γοῦν
1684 2156 1780 2210 καὶ

193 2246 390 2299 τῶνδε·
427 2265 446 2297 ι
475 2245 656 2310 Δαδὶδ,
688 2247 874 2318 φησὶν,
907 2242 977 2318 ἦν
1025 2247 1138 2312 υἱὸς
1185 2245 1452 2317 Σολομῶν,
1481 2247 1594 2312 υίὸς
1624 2239 1780 2302 Σολο-

203 2337 326 2409 μῶν
369 2337 793 2408 Ῥοδοάμ,Ἀ6ιὰ
823 2337 934 2402 υἱὸς
962 2337 1150 2402 αὐτοῦ,
1169 2338 1299 2392 Ἀσὰ
1320 2339 1433 2402 υἱὸς
1463 2338 1650 2402 αὐτοῦ,
1667 2341 1781 2393 Ἰω-

201 2429 386 2498 animi“:
428 2429 541 2492 υἱὸς
587 2428 994 2502 αὑτοῦ,’ῐωρὰμ
1039 2429 1154 2493 υἱὸς
1186 2428 1635 2500 αὑτοῦ,’οχοζὶας
1665 2431 1778 2495 υἱὸς

197 2520 560 2585 αὐτοῦ,“1ωάς
607 2521 721 2584 υἱὸς
753 2519 940 2586 αὑτοῦ,
958 2521 1222 2592 Ἀμασίας
1253 2521 1365 2585 υἱὸς
1394 2520 1560 2575 αὑτοῦ
1579 2539 1592 2552 ·
1626 2541 1646 2576 ι
1683 2523 1777 2576 καὶ

194 2612 345 2665 οὕτω
394 2612 623 2683 καθεξῆς
668 2613 879 2666 κάτεισι
947 2612 1108 2685 μέχρι
1141 2613 1235 2666 τοῦ
1274 2614 1522 2686 Ἰεχονίου
1549 2615 1643 2668 καὶ
1679 2616 1776 2686 τῆς

193 2706 279 2767 εἱς
320 2705 612 2758 Βαϐυλῶνα
640 2705 1036 2776 αἰχμαλωσίας,
1064 2706 1139 2771 ὡς
1173 2706 1206 2759 6
1235 2705 1638 2770 Ματθαῶς.Ὢς
1665 2707 1720 2760 δὲ
1747 2710 1776 2760 6

190 2796 435 2859 Λουκᾶς,
465 2797 498 2867 ἡ
521 2795 659 2867 αὑτὴ
683 2796 842 2849 πάλιν
872 2796 1046 2850 ἄνεισι
1072 2796 1261 2868 Γραφὴ
1293 2797 1384 2850 τὸν
1417 2797 1668 2868 Σαμουὴλ
1690 2813 1776 2864 γε·

193 2886 564 2956 νεικλιογοῦσα⁸
612 2889 746 2959 φησι
796 2887 959 2956 γοῦψ
1011 2907 1029 2938 ι
1059 2887 1310 2959 Σαμουὴλ
1365 2887 1482 2942 υἱοῦ
1522 2888 1772 2952 Ἐλκανᾶ,

191 2978 318 3033 υἱοῦ
363 2979 642 3051 Ἰεροόοὰμ
692 2979 766 3051 (8)
793 3018 810 3045 ,
854 2978 970 3032 υἱοῦ
1015 2979 1223 3052 Ἦλιὴλ,
1273 2980 1387 3034 υἱοῦ
1449 2981 1604 3048 Θοοῦ,
1655 2980 1773 3034 υἱοῦ

1881 1879 2034 1934 ribus
2085 1878 2152 1932 ad
2205 1887 2455 1949 posteros
2499 1877 2619 1932 ﬁuit
2669 1892 2890 1942 sermo,
2936 1885 2998 1930 ut
3048 1876 3104 1929 ﬁt
3135 1875 3275 1946 apud
3321 1875 3454 1929 Mat-

1881 1972 2101 2037 thaaum,
2134 1971 2297 2026 modo
2329 1985 2484 2040 atque
2518 1985 2583 2024 ac
2614 1969 2758 2040 apud
2786 1969 2990 2025 Lucam
3023 1969 3294 2038 prosapia:
3317 1969 3456 2023 scri-

1885 2059 2114 2116 buntur.
2153 2059 2296 2115 Audi
2329 2075 2460 2131 ergo
2492 2066 2546 2116 et
2581 2059 2696 2114 haec
2728 2078 2741 2115 :
2777 2077 2795 2111 ι
2832 2058 3074 2126 Davidis,
3113 2059 3289 2128 inquit
3318 2073 3455 2130 prte-

1879 2151 2062 2209 dictus
2085 2153 2242 2218 liber,
2274 2154 2421 2210 ﬁlius
2477 2161 2596 2208 erat
2648 2151 2943 2217 Salomon;
2976 2152 3140 2222 hujus
3168 2153 3310 2206 ﬁlius
3342 2150 3454 2208 Ro-

1878 2245 2138 2314 boamus;
2164 2247 2327 2317 hujus
2353 2247 2496 2303 ﬁlius
2519 2246 2694 2310 Abia;
2727 2247 2889 2318 hujus
2921 2246 3083 2316 ﬁlius;
3110 2245 3250 2314 Osa;
3288 2246 3452 2315 hujus

1879 2340 2022 2396 ﬁlius
2048 2339 2408 2412 Josapbatus;
2434 2340 2598 2408 hujus
2623 2340 2766 2394 ﬁlius
2789 2339 3077 2404 Joramus;
3115 2340 3278 2410 hujus
3304 2340 3450 2395 ﬁlius

1878 2427 2178 2497 Ochozias;
2230 2431 2396 2501 hujus
2446 2431 2590 2487 ﬁlius
2621 2429 2855 2497 Joasus;
2886 2430 3052 2500 hujus
3092 2430 3235 2486 ﬁlius
3281 2431 3450 2484 Ama-

1878 2523 1990 2578 sias
2018 2523 2082 2555 “°
2117 2543 2135 2575 ι
2162 2523 2340 2594 Atque
2379 2524 2456 2578 ita
2494 2538 2561 2578 ex
2597 2524 2788 2580 ordine
2837 2522 3119 2578 descendit
3166 2539 3341 2594 usque
3381 2523 3449 2577 ad

1875 2613 2188 2670 Jechoniam
2221 2624 2383 2685 atque
2408 2614 2477 2669 ad
2505 2614 2891 2686 Babylonicam
2915 2615 3306 2685 captivitatem,
3337 2631 3444 2669 non

1877 2721 2038 2762 secus
2081 2714 2244 2777 atque
2275 2706 2577 2762 Mattheus.
2625 2706 2848 2772 Contra,
2884 2707 2962 2762 uti
3008 2705 3206 2770 Lucas,
3253 2705 3444 2761 eadem

1876 2813 2072 2855 rursus
2119 2801 2368 2855 ascendit
2424 2799 2708 2870 Scriptura
2759 2800 2888 2854 dum
2949 2798 3221 2854 Samuelis
3274 2815 3448 2870 genus

1874 2900 2114 2946 enarrat.
2157 2892 2246 2947 Ait
2293 2891 2480 2946 enim:
2512 2909 2530 2941 ι
2565 2889 2839 2948 Samuelis
2887 2892 2980 2945 ﬁlii
3033 2890 3316 2954 Helcanm,
3353 2890 3448 2944 ﬁlii

1874 2979 2241 3044 Hieroboami,
2274 2981 2367 3036 ﬁlii
2409 2979 2650 3046 Helielis,
2689 2981 2781 3035 ﬁlii
2827 2981 2985 3046 Thoi,
3025 2981 3117 3036 ﬁlii
3157 2980 3311 3044 Suri,
3350 2980 3448 3036 ﬁlii

191 3075 341 3147 Σοὺρ
367 3075 466 3144 (9).
511 3074 627 3128 υἱοῦ
667 3075 916 3137 Ἐλκανᾶ,
959 3074 1076 3128 υἱοῦ
1115 3075 1288 3146 Ἰωὴλ,
1339 3073 1457 3127 υἱοῦ
1500 3074 1770 3146 Ἀζαρίου,

1878 3071 2144 3138 Helcanaz,
2171 3074 2262 3128 ﬁlii
2283 3074 2510 3138 Johelis,
2535 3073 2629 3128 ﬁlii
2649 3074 2876 3140 Azariae,
2911 3073 3001 3127 ﬁlii
3027 3072 3333 3144 Sophoniaa,
3354 3073 3449 3129 ﬁlii

192 3166 317 3220 υἱοῦ
373 3165 647 3235 Σοφονίου,
695 3165 812 3219 υἱοῦ
863 3165 1037 3236 Θαὰρ,
1071 3165 1189 3219 υἱοῦ
1236 3166 1416 3238 Ἀσεὶρ
1467 3165 1598 3237 (10),
1655 3163 1772 3218 υἱοῦ

1877 3165 2099 3230 Thaari,
2141 3166 2234 3220 ﬁlii
2278 3165 2444 3229 Asiri,
2499 3165 2592 3219 ﬁlii
2637 3165 2937 3229 Abiasaris,
2983 3165 3076 3219 ﬁlii
3121 3164 3295 3228 Corae,
3355 3165 3447 3220 ﬁlii

207 3259 496 3330 ’Δσιάσαρ,
535 3259 648 3312 υἱοῦ
679 3259 844 3333 Κορὲ,
878 3258 994 3312 υἱοῦ
1031 3259 1270 3330 Ίσσαὰρ,
1305 3257 1422 3310 υἱοῦ
1453 3257 1631 3322 Καὰθ,
1654 3255 1776 3310 υἱοῦ

189 3351 349 3416 Acut,
395 3350 518 3404 υἱοῦ
551 3350 793 3424 Ἰσραήλ·
833 3371 852 3404 ι
890 3353 982 3406 καὶ
1025 3352 1126 3423 ὅρα
1173 3354 1220 3405 εἱ
1263 3351 1336 3423 μὴ
1388 3351 1642 3423 ἄντικρυς
1682 3353 1774 3404 τὸν

194 3444 383 3514 ὅμοιον
409 3442 617 3507 τούτοις
645 3443 950 3514 μεμίμηται
985 3443 1188 3516 τρόπον
1213 3445 1241 3496 6
1266 3445 1476 3506 Λουκᾶς
1495 3461 1509 3474 ο
1538 3444 1706 3514 μυρία
1729 3442 1773 3495 δ’

196 3529 265 3584 ἃν
310 3530 407 3584 καὶ
453 3530 614 3594 αὐτὸς
645 3530 825 3603 εὕροις
856 3532 1078 3585 τοιαῦτα
1099 3547 1113 3560 °
1145 3533 1237 3602 ἀφ’
1270 3527 1345 3586 ὧν
1377 3533 1616 3585 λείπεται
1647 3535 1774 3602 611.0-

199 3624 404 3692 λογεῖν,
434 3625 594 3695 μηδὲν
622 3623 824 3689 ξενίζον
856 3627 1210 3697 πεποιηκέναι
1241 3629 1365 3690 τοὺς
1400 3626 1491 3680 τοῦ
1523 3627 1774 3697 Σωτῆρος

200 3716 358 3787 ἡμῶν
381 3716 792 3785 εὐαγγελιστὰςο
819 3720 917 3771 οὐκ
943 3717 1118 3788 ὀρθῶς
1140 3718 1246 3790 γὰρ
1274 3719 1443 3771 οἴεταί
1470 3737 1553 3782 τις
1579 3719 1772 3780 αὐτοὺς

197 3809 486 3877 διαφωνεῖν
504 3824 517 3838 ’
546 3808 801 3880 ἑκάτερος
825 3807 934 3878 γὰρ
957 3808 1140 3879 οἰκείῳ
1168 3808 1410 3880 λογισμῷ
1437 3810 1534 3880 τὴν
1559 3809 1772 3862 ἔνθεσιν

195 3903 493 3974 πεποίηται
535 3903 635 3974 τῆς
672 3905 910 3973 γραφῆς,
943 3903 978 3954 6
1009 3903 1110 3972 μὲν
1134 3904 1242 3957 ἀπὸ
1268 3904 1361 3957 τοῦ
1405 3903 1653 3975 Ἀϐραὰμ
1677 3906 1774 3975 ἁρ-

191 3992 429 4065 ξάμενος
461 3996 548 4050 διὰ
572 3995 668 4066 τὴν
699 3994 1010 4065 οἰκονομίαν
1049 3995 1146 4048 τοῦ
1172 3998 1302 4066 παρ’
1326 3995 1473 4067 αὑτῷ
1505 3996 1683 4064 λόγου,
1713 3997 1772 4050 ὃν

189 4085 256 4138 οὐ
282 4086 472 4156 καιρὸς
490 4087 584 4141 νῦν
609 4085 958 4157 ἑρμηνεύεινο
981 4086 1009 4138 6
1028 4085 1084 4138 δὲ
1104 4086 1198 4139 καὶ
1221 4087 1309 4140 τὸν
1341 4088 1587 4159 Ἀϐραὰμ
1607 4088 1773 4159 ὑπερ-

192 4176 299 4242 ϐὰς
334 4178 428 4230 ἐπί
454 4195 511 4232 τε
543 4178 633 4231 τὸν
658 4177 873 4249 πρῶτον
901 4177 1187 4250 ἄνθρωπον
1220 4178 1483 4233 ἀνελθών·
1511 4181 1606 4234 καὶ
1638 4181 1770 4250 μηδὲ

196 4269 361 4340 μέχρι
395 4269 584 4322 τούτου
619 4271 769 4334 στὰς,
799 4270 891 4323 τὸν
920 4270 1097 4325 πάντα
1133 4271 1189 4324 δὲ
1223 4271 1377 4340 λόγον
1404 4273 1496 4324 ἐπὶ
1528 4271 1618 4326 τὸν
1641 4271 1772 4324 Θεὸν

193 4363 528 4434 ἀναρτήσας,
557 4362 643 4417 διὰ
668 4367 764 4435 τῆς
797 4365 854 4416 ἐν
883 4365 1102 4437 Χριστῷ
1129 4366 1542 4435 παλιγγενεσίας
1571 4367 1771 4438 μυστή-

195 4472 314 4528 ριον
335 4456 672 4521 ἁναόιὸἀζει.

951 4571 1026 4624 Γ’.

191 4676 327 4743 Πῶς
355 4681 388 4731 ὀ
411 4677 530 4752 jus):
551 4679 846 4752 Mat0a70g;
871 4679 988 4733 ἀπὸ
1005 4680 1122 4752 -τοῦ
1145 4681 1323 4752 Δᾳὸἱδ
1363 4681 1460 4752 καὶ
1498 4681 1770 4752 Σολομῶ-

263 4765 372 4814 νος
398 4748 836 4847 ριαδόγὶρηλέεξὶ
879 4749 1086 4847 Ὶιιειὼιξι
1121 4751 1470 4847 σεαὶΔἸᾟὴφ

262 4818 502 4888 κατάγει
526 4834 538 4847 '
595 4823 627 4872 ό
657 4818 740 4902 ἰξὲ
774 4818 1012 4885 Λουκᾶς
1050 4821 1167 4874 ἀπὸ
1214 4821 1393 4874 Δαϐἱδ
1429 4818 1530 4875 καὶ
1566 4818 1770 4876 Νάθαν

263 4887 495 4969 εξαίιξων
528 4888 657 4969 {gul
685 4889 937 4969 H._li_xal
968 4889 1199 4958 Ἰωσὴφ,
1242 4891 1524 4958 ἐναντίως
1567 4901 1769 4961 γενεα-

262 4961 463 5027 λογῶν
492 4961 570 5025 τῷ
599 4961 890 5028 Ματθαίῳ.

261 5057 332 5105 α’.
379 5049 452 5105 T6
481 5051 661 5123 τρίτον
699 5052 804 5105 τῶν
831 5051 1208 5124 προταθέντων
1250 5053 1440 5123 καιρὸς
1469 5055 1756 5125 ἐπισκέψα-

192 5143 317 5198 σθαι
337 5161 348 5173 ·
379 5143 563 5208 ἀτενὲς
584 5141 676 5197 οῦν
701 5147 817 5209 ταῖς
836 5144 1044 5211 λέξεσιν
1072 5147 1261 5210 αὐταῖς
1282 5147 1649 5218 ἐπερεὶσωμεν
1669 5149 1767 5218 τὴν

189 5235 398 5290 ἑαυτῶν
419 5233 682 5290 διάνοιαν·
718 5233 914 5306 ῐδωμεν
941 5234 996 5288 δὲ
1024 5235 1076 5288 τί
1106 5254 1269 5307 φησιν
1290 5239 1318 5290 6
1340 5239 1550 5303 Λουκᾶς
1569 5255 1583 5268 ο
1619 5257 1637 5291 ι
1660 5240 1770 5293 Καὶ⁸

1876 3258 2097 3322 lssaari,
2152 3257 2240 3312 ﬁlii
2282 3257 2493 3317 Caathi,
2546 3255 2639 3309 ﬁlii
2685 3254 2894 3319 Levini,
2947 3255 3040 3310 ﬁlii
3082 3254 3298 3310 lsraelis
3326 3256 3390 3310 ”.
3421 3274 3441 3307 ι

1875 3349 2047 3404 Porro
2072 3350 2225 3405 vides
2255 3362 2311 3404 ut
2342 3351 2498 3420 plane
2528 3348 2673 3403 hunc
2716 3364 2921 3403 morem
2966 3347 3141 3404 Lucas
3182 3347 3444 3404 imitetur.

1878 3439 2142 3496 Sexcenta
2171 3443 2438 3512 ejusmodi
2465 3443 2709 3512 exempla
2736 3442 2963 3513 ipsemet
2990 3442 3234 3496 invenies
3261 3460 3272 3494 :
3299 3440 3444 3494 unde

1875 3537 2120 3602 sequitur
2145 3541 2204 3587 ut
2252 3532 2539 3598 fateamur,
2579 3534 2718 3589 nihil
2759 3534 3039 3589 insolitum
3073 3532 3268 3588 iecisse
3313 3531 3440 3588 Ser-

1871 3627 2078 3680 vatoris
2102 3627 2273 3681 nostri
2301 3629 2666 3699 evangelistas
2690 3647 2702 3682 :
2729 3643 2905 3699 neque
2927 3627 3123 3682 merito
3154 3627 3442 3696 quisquam

1873 3717 2085 3788 putabit
2113 3734 2207 3773 eos
2240 3719 2472 3773 invicem
2521 3719 2810 3774 dissidere.
2845 3719 3086 3789 Uterque
3133 3719 3276 3772 enim
3316 3732 3446 3788 pro-

1873 3809 1993 3878 prio
2023 3811 2233 3864 calculo
2257 3810 2678 3878 descriptionem
2703 3811 2941 3866 instituit
2968 3830 2981 3864 :
3014 3810 3150 3865 alter
3172 3810 3238 3864 ab
3267 3809 3446 3864 Abra-

1874 3900 2036 3954 hamo
2065 3901 2279 3954 initium
2314 3901 2562 3970 capiens,
2587 3901 2657 3956 ob
2683 3904 2768 3956 sui
2814 3902 3084 3957 sermonis
3113 3901 3444 3971 peculiarem

1871 3992 2160 4055 rationem,
2193 4007 2355 4062 quam
2388 3993 2444 4047 in
2491 3993 2748 4063 prwsenti
2780 4009 2890 4048 non
2922 4002 3078 4048 vacat
3126 4008 3440 4063 exponere:

1873 4084 2010 4138 alter
2033 4084 2208 4152 ipsum
2233 4082 2601 4138 Ahrahamum
2635 4092 3078 4155 przetergressus,
3110 4083 3176 4137 ad
3206 4084 3442 4153 primum

1873 4192 2046 4247 usque
2098 4177 2368 4230 hominem
2419 4176 2815 4248 venitzneque
2853 4177 2907 4230 in
2959 4177 3060 4230 hoc
3115 4175 3290 4240 sistit,
3347 4176 3442 4231 sed

1875 4283 2031 4323 suam
2065 4283 2280 4323 omnem
2308 4268 2593 4324 historiam
2624 4284 2747 4323 cum
2795 4268 2906 4324 Deo
2948 4269 3138 4333 nectit,
3162 4267 3292 4322 dum
3323 4284 3441 4321 eam

1871 4357 2124 4414 videlicet
2165 4373 2262 4430 per
2296 4359 2726 4428 regenerationis
2761 4359 2818 4414 in
2855 4359 3076 4415 Christo
3123 4358 3442 4430 mysterium

1797 4451 1842 4507 Ι)
1871 4450 1926 4506 in
1962 4451 2195 4507 sublime
2223 4452 2422 4508 evehit.

2609 4565 2698 4622 111.

1872 4681 2145 4749 Quomodo
2186 4679 2470 4752 Mattheus
2502 4682 2713 4752 quidem
2752 4700 2785 4736 a
2828 4680 3033 4752 Davide
3074 4680 3290 4752 ejusque
3319 4699 3440 4736 suc-

1940 4769 2144 4807 cessore
2174 4751 2455 4806 Salomone
2486 4753 2555 4805 ad
2583 4752 2840 4807 Iacobum
2862 4762 2910 4805 et
2939 4751 3225 4819 Josephum
3252 4769 3441 4820 prosa-

1939 4825 2054 4892 pia:
2099 4823 2322 4877 deducat
2350 4838 2368 4875 :
2397 4822 2570 4877 Lucas
2603 4833 2776 4877 autem
2820 4839 2853 4876 a
2887 4821 3084 4876 Davide
3122 4833 3276 4892 atque
3325 4821 3440 4876 Na-

1943 4894 2096 4947 thane
2125 4903 2278 4964 atque
2301 4911 2334 4946 a
2360 4893 2536 4964 iiberis
2557 4893 2712 4963 hujus
2748 4893 2816 4946 ad
2852 4892 3025 4946 "etim
3054 4901 3100 4946 et
3131 4891 3437 4964 Joseplmm,

1939 4962 2205 5017 contraria
2253 4963 2506 5018 Matt/two
2543 4962 2748 5018 ratione
2794 4964 3150 5033 genealogiam
3181 4962 3436 5017 scribens.

1942 5059 1994 5111 l.
2039 5057 2222 5114 'l‘ertia
2255 5057 2368 5128 jam
2408 5059 2638 5126 quaestio
2688 5055 3088 5112 consideranda
3135 5062 3238 5110 est.
3269 5053 3440 5110 Porro

1870 5149 2008 5218 ipsis
2050 5150 2233 5204 verbis
2279 5158 2439 5205 acute
2486 5157 2723 5204 mentem
2776 5159 3019 5204 nostram
3068 5146 3436 5202 intendamus.

1869 5240 2063 5311 Agesis
2094 5239 2378 5296 videamus
2407 5240 2537 5312 quid
2570 5239 2746 5297 Lucas
2770 5239 2941 5295 dicat.
2983 5258 3001 5290 ι
3036 5238 3102 5292 Et
3134 5239 3250 5308 ipse
3276 5234 3439 5294 Iesus

194 5392 243 5421 η
278 5389 444 5448 Ruth.
475 5406 550 5454 tv,
584 5389 773 5447 18-22.
851 5391 894 5423 ¹³
933 5389 951 5444 1
983 5390 1117 5462 Reg.
1155 5407 1205 5454 ι,
1242 5393 1294 5446 ἱ.
1372 5393 1416 5426 ί*
1455 5391 1474 5446 1
1504 5392 1631 5452 Par.
1662 5410 1758 5461 ur,

1876 5438 1882 5451 .
1961 5397 2009 5428 η
2041 5396 2061 5450 1
2091 5395 2218 5454 Par.
2250 5413 2342 5464 vr,
2377 5397 2470 5456 34.

264 5545 342 5608 (6)
374 5545 516 5621 βοᾷ.
549 5545 615 5607 Α,
646 5545 834 5603 τοῦτον
861 5548 924 5620 δὴ
958 5545 1051 5604 οὖν
1084 5549 1176 5603 τὸν
1196 5549 1398 5621 τρόπον
1432 5550 1525 5603 καὶ
1550 5550 1576 5602 6
1607 5551 1764 5605 Ματ-

192 5617 344 5680 θαίος
370 5617 640 5686 ἐξιοίησεν.

262 5688 343 5761 (7)
383 5684 522 5761 Tam
552 5688 604 5740 in
636 5688 870 5761 epitome
889 5704 1051 5760 quam
1077 5690 1132 5745 in
1164 5690 1286 5748 cod.
1321 5690 1385 5758 Α,
1414 5692 1471 5745 ἐν
1500 5693 1617 5756 ταῖς
1649 5691 1760 5746 [Ια-

194 5755 628 5832 ριιλειπομέναις.

1942 5552 2018 5624 (8)
2059 5553 2192 5608 Cod.
2227 5553 2293 5613 Α.
2337 5550 2633 5624 Ὶερρμιήλ,
2669 5561 2720 5608 et
2754 5568 2880 5610 mox
2925 5550 3122 5611 Ἐλίου.

1942 5623 2021 5692 (9)
2063 5624 2204 5693 Epit.
2231 5624 2422 5692 Σουφέ.

1941 5693 2051 5766 (ιο)
2091 5694 2224 5750 (20d.
2260 5695 2326 5760 A,
2379 5695 2564 5766 Ἀσήρ.
