4100 6474
638 294 747 353 895

1385 296 1651 355 EUSEBlI
1691 297 2168 357 CESARIENSIS
2204 297 2355 357 OPP.
2392 298 2572 355 PARS
2606 298 2693 356 lll.
2728 330 2800 340 —
2836 294 3242 354 EXEGETICA.

3771 292 3891 352 896

635 418 754 468 erat
784 410 1051 483 incipiens
1097 412 1257 485 quasi
1284 428 1554 470 annorum
1605 416 1852 488 triginta,
1881 424 1944 474 ut
1972 419 2203 491 putaba-

2310 417 2467 481 αὐτὸς
2510 418 2541 470 ό
2580 416 2784 490 Ἰησοῦς
2808 411 2879 489 ἦν
2899 414 3199 488 ἀρχόμενος
3225 413 3358 466 ὡσεὶ
3397 411 3537 465 ἐτῶν
3560 410 3883 483 τριάκοντα.

635 510 746 567 tur,
779 502 921 559 (ilius
947 502 1190 574 Iosephi,
1223 505 1318 561 lilii
1348 504 1491 573 Heli,
1516 507 1613 563 lilii
1640 508 1857 566 Melchi.
1886 530 1905 563 ι
1935 509 2088 566 Haud
2119 521 2202 566 ta-

2308 507 2385 563 ὣν
2406 507 2539 572 υίὸς,
2568 507 2957 578 ὼςένομίζετο,
2989 505 3082 559 τοῦ
3097 504 3315 575 Ἰωσὴφ,
3337 500 3432 556 τοῦ
3447 501 3587 566 Ἠλὶ,
3613 500 3709 553 τοῦ
3731 500 3889 554 Μελ-

634 608 760 648 men
789 594 1073 653 Matthteus
1098 612 1232 654 usus
1259 609 1344 655 est
1359 609 1495 655 voce
1530 618 1551 659 ι
1573 609 1639 665 ut
1657 603 1973 672 putabatur.
2008 623 2028 656 ι
2059 602 2201 670 Quid

2310 600 2376 672 χί.
2393 620 2411 654 ι
2432 599 2693 670 Ἀλλόὺχέ
2718 600 2747 653 ὅ
2771 615 2836 668 γε
2861 598 3136 661 Ματθαῖος
3159 597 3427 669 ἐχρήσατο
3452 596 3541 666 τῇ,
3558 611 3577 643 t
3598 594 3676 657 ὡς
3698 593 3887 663 ἐνομί·⁵

635 701 801 758 porro
844 688 961 743 ait?
1006 706 1025 740 ι
1050 689 1361 748 Matthanus
1408 692 1596 762 genuit
1636 692 1936 763 Iacobum;
1966 695 2203 754 Iacobus

634 784 819 835 autem
853 781 1041 852 genuit
1069 779 1391 854 Josepbum.
1424 804 1443 837 ι
1491 785 1655 841 Aliud
1699 802 1829 842 vero
1874 795 1957 843 est
1984 795 2197 857 putare,

633 868 782 923 aliud
816 884 916 925 ceu
946 885 1037 927 res
1064 871 1140 925 ita
1170 886 1231 927 se
1256 872 1454 927 habeat
1480 871 1768 930 aﬂirmare.
1803 871 1860 929 Si
1881 872 2047 944 igitur
2067 872 2205 929 Mat-

633 960 778 1016 tbteo
828 960 1128 1018 afﬁrmante
1166 960 1466 1033 Josephum
1517 962 1689 1027 tilium
1732 979 1856 1020 esse
1905 962 2098 1020 Jacobi
2149 972 2205 1020 et

636 1051 925 1118 Matthani,
960 1053 1137 1111 Lucas
1179 1055 1433 1131 similiter
1476 1056 1832 1112 contenderet
1858 1056 2032 1112 lilium
2081 1071 2204 1114 esse

632 1140 752 1197 Heli
805 1158 869 1197 ac
908 1142 1125 1211 Melchi,
1170 1160 1298 1201 vere
1342 1161 1521 1218 pugna
1558 1146 1807 1218 quaedam
1855 1155 2001 1205 esset
2042 1156 2206 1219 atque

631 1232 943 1299 conﬂictus,
968 1243 1133 1306 atque
1174 1250 1314 1306 opus
1349 1248 1495 1294 esset
1534 1240 1765 1296 arbitrio
1801 1241 1895 1310 qui
1926 1241 2205 1309 evangeli-

635 1333 751 1382 stas
791 1334 1167 1397 componeret.
1206 1327 1365 1384 Nunc
1410 1337 1591 1387 autem
1624 1347 1748 1388 cum
1787 1331 2075 1389 Mattha’us
2116 1331 2207 1388 ﬂr-

632 1418 794 1472 miter
850 1426 1147 1485 assereret,
1189 1418 1370 1477 Lucas
1412 1408 1545 1477 vero
1589 1422 1738 1480 haud
1785 1423 1841 1479 id
1886 1423 2205 1493 contendat,

633 1509 731 1566 sed
769 1511 1085 1581 Opinionem
1125 1514 1508 1571 tantummodo
1546 1515 1785 1587 proferat
1821 1516 1966 1587 apud
2007 1517 2209 1573 multos

631 1608 1004 1673 pervagatam,
1054 1617 1166 1658 non
1215 1618 1335 1679 qum
1367 1605 1513 1675 apud
1564 1621 1624 1664 se
1655 1607 1887 1678 vigeret,
1921 1606 2096 1673 nulla,
2149 1614 2210 1661 ut

630 1694 850 1764 Opinor,
881 1694 1113 1764 qutestio
1145 1702 1416 1765 superest.

2301 692 2424 759 ζετο
2450 712 2469 746 ι
2494 695 2675 764 φωνῇ’
2703 691 2838 745 ἀλλὰ
2853 691 2905 749 τί
2934 688 3097 761 «pnas;
3129 707 3149 741 ι
3175 687 3399 743 Maer
3428 685 3483 740 δὲ
3511 685 3775 757 ἐγέννησε
3793 682 3887 739 νῦν

2314 781 2532 847 Ἰακὼϐ,
2549 780 2743 846 Ἰακὼὸ
2773 782 2831 852 δὲ
2855 781 3110 852 ἐγέννησε
3140 780 3232 833 τὸν
3246 779 3508 849 Ἰωσήφ-ι
3539 776 3669 830 ἄλλο
3699 776 3763 829 δὲ
3790 774 3887 845 Si).

2305 892 2408 929 που
2436 874 2553 928 ἐστὶ
2577 873 2637 929 τὸ
2667 873 2927 944 νομίζειν,
2959 872 3054 927 καὶ
3084 870 3213 926 ἄλλο
3236 870 3298 925 τὸ
3328 869 3503 934 οὕτως
3529 867 3677 939 ἔχειν
3699 865 3889 922 διαει·

2305 966 2589 1024 ὁαιοῦσθαι
2606 985 2620 998 ·
2644 968 2693 1020 εί
2721 966 2819 1038 μὲν
2844 965 2907 1038 δὴ
2932 963 3024 1018 τοῦ
3047 962 3326 1018 Ματθαίου
3346 958 3892 1030 διαϐεϐαιωσαμὲνου

2303 1059 2397 1114 τὸν
2428 1059 2628 1131 Ἰωσὴφ
2655 1058 2770 1112 υίδν
2794 1052 2933 1111 εἶναι
2954 1053 3147 1110 Ἰακὼὸ
3173 1055 3270 1110 καὶ
3293 1053 3389 1107 τοῦ
3416 1052 3668 1117 Ματθὰν,
3697 1054 3728 1106 ὁ
3754 1053 3896 1106 Δω-

2302 1154 2406 1215 κᾶς
2452 1153 2653 1223 ὁμοίως
2697 1149 3070 1222 διισχυρισατο
3108 1148 3200 1202 τὸν
3234 1147 3434 1218 Ἰωσὴφ
3458 1144 3748 1216 γεγονέναι
3778 1142 3893 1199 ob:

2303 1241 2398 1297 τοῦ
2435 1242 2556 1296 Ἥλὶ
2592 1242 2687 1296 καὶ
2709 1240 2803 1295 τοῦ
2833 1240 3027 1311 Μελχὶ,
3054 1237 3269 1312 άληθῶς
3299 1238 3448 1310 μάχη
3472 1255 3556 1301 τις
3574 1232 3646 1308 ἦν
3674 1235 3777 1291 καὶ
3797 1237 3896 1291 πό-

2305 1334 2493 1407 λεμος,
2529 1334 2624 1389 καὶ
2669 1329 2739 1406 ἦν
2783 1332 2891 1387 τῶν
2939 1332 3322 1405 διαιτησόντων
3353 1332 3540 1394 αὐτοῖς
3568 1330 3764 1402 χρείαν
3795 1329 3897 1384 νῦν

2306 1428 2363 1483 δὲ
2383 1429 2493 1494 ὅτε,
2521 1427 2615 1481 τοῦ
2645 1424 2928 1483 Ματθαίου
2950 1423 3504 1496 διαϐεϐαιωσαμένου,
3529 1425 3560 1477 ὁ
3588 1424 3813 1486 Λουκᾶς
3830 1424 3895 1478 οὗ

2306 1520 2646 1589 διατείνεται,
2671 1519 2830 1587 δόξαν
2850 1520 2909 1574 δὲ
2934 1518 3085 1592 παρὰ
3110 1521 3223 1582 τοῖς
3250 1517 3463 1582 πολλοῖς
3490 1514 3897 1587 νενομισμένην

2306 1613 2539 1685 τίθησιν,
2568 1614 2628 1667 οὗ
2668 1612 2768 1684 τὴν
2817 1612 2948 1684 παρ’
2978 1610 3129 1683 αὐτῷ
3158 1608 3483 1680 κρατοῦσαν,
3516 1603 3671 1680 οἶμαι
3722 1604 3899 1679 μηδ’

2312 1704 2442 1776 μίαν
2472 1703 2858 1759 ὑπολείπεσθαι
2885 1686 3131 1775 ζήτησιν.

703 1785 758 1840 2.
798 1784 936 1841 Nam
989 1800 1117 1841 cum
1156 1787 1321 1843 variae
1367 1787 1436 1844 de
1476 1788 1703 1845 Christo
1742 1789 1901 1846 famae
1940 1789 2083 1846 inter
2113 1786 2211 1844 Ju-

2384 1798 2449 1870 β’.
2489 1798 2773 1869 Διαφόρων
2796 1796 2907 1869 γὰρ
2931 1794 3086 1867 παρὰ
3111 1794 3383 1858 Ἰουδαίοις
3408 1792 3731 1865 ὕπολήψεων
3762 1790 3900 1864 περὶ

633 1876 786 1933 dmos
813 1887 1174 1935 versarentur
1192 1918 1209 1946 ,
1236 1887 1292 1936 et
1328 1879 1517 1936 cuncti
1551 1881 1773 1953 quidem
1804 1880 2153 1937 concorditer
2178 1897 2209 1937 a

633 1967 840 2025 Davide
879 1985 1005 2026 eum
1050 1978 1378 2041 repeterent,
1408 1981 1636 2044 propter
1684 1971 1779 2030 Dei
1810 1973 2210 2043 promissiones

634 2060 826 2117 Davidi
854 2061 1232 2135 signiﬁcatas;
1267 2064 1488 2120 interim
1516 2074 1700 2121 tamen
1727 2065 1824 2121 alii
1860 2080 1892 2120 a
1923 2064 2126 2121 Davide
2154 2072 2211 2121 et

642 2153 936 2211 Salomone
985 2155 1248 2227 regioque
1286 2162 1573 2212 stemmate
1630 2164 1883 2228 putarent
1931 2157 2210 2213 Christum

641 2244 871 2314 adfore;
915 2246 1008 2301 alii
1047 2247 1116 2303 ab
1168 2248 1273 2304 hac
1309 2249 1579 2304 sententia
1606 2247 1946 2316 recederent,
1991 2257 2212 2320 propter

636 2342 841 2398 multas
886 2342 1108 2413 regibus
1159 2342 1371 2398 inustas
1421 2340 1863 2407 criminationes,
1906 2352 1961 2397 et
1992 2351 2211 2412 propter

639 2434 1007 2504 proscriptum
1090 2434 1162 2491 ab
1241 2434 1481 2491 Jeremia
1528 2433 1797 2505 propheta
1854 2431 2207 2496 Jechoniam,

635 2539 763 2581 cum
807 2523 886 2580 ait
931 2538 1043 2579 non
1090 2532 1473 2581 surrecturum
1520 2539 1588 2579 ex
1636 2522 1760 2593 ejus
1807 2522 1981 2592 stirpe
2012 2521 2105 2592 qui
2152 2521 2211 2577 in

634 2614 861 2672 Davidis
890 2616 1091 2672 throno
1125 2614 1360 2683 sederet,
1391 2630 1626 2686 cumque
1645 2615 1717 2672 ob
1746 2614 1801 2670 id
1837 2613 1943 2669 alia
1974 2615 2060 2670 via
2084 2630 2211 2686 per-

638 2716 830 2781 gerent
859 2729 873 2765 :
901 2716 956 2765 et
982 2724 1107 2766 cum
1141 2709 1197 2764 in
1234 2707 1455 2764 Davidis
1504 2706 1823 2762 allirmando
1852 2722 2050 2778 genere
2076 2723 2211 2762 con-

640 2801 941 2873 spirarent,
970 2815 1081 2856 non
1115 2808 1300 2856 tamen
1337 2814 1436 2875 per
1462 2796 1832 2863 Salomonem,
1858 2799 1953 2855 sed
1982 2813 2079 2869 per
2105 2798 2211 2853 Na-

636 2893 869 2948 tbanum
894 2891 1116 2948 Davidis
1150 2891 1281 2948 item
1308 2893 1500 2959 lilium,
1530 2890 1861 2947 deducerent
1900 2891 2017 2961 (qui
2068 2891 2209 2948 idem

636 2983 928 3042 Nathanus
982 2984 1250 3056 propheta
1298 2982 1471 3039 fuisse
1524 2982 1748 3047 dicitur,
1804 2982 2105 3039 secundum
2144 2995 2212 3041 ea

640 3092 763 3149 qua:
791 3076 1041 3132 feruntur
1066 3076 1123 3135 in
1152 3074 1359 3137 Regum
1394 3072 1604 3142 libris);
1637 3082 1800 3143 atque
1816 3073 1884 3129 ab
1912 3073 2077 3142 hujus
2112 3087 2210 3142 po-

642 3171 812 3229 steris
855 3178 1150 3227 venturum
1203 3168 1483 3224 Christum
1530 3174 1867 3234 assererent;
1922 3166 2213 3236 ipsumque

640 3262 865 3334 .Iosephi
911 3277 1083 3334 genus
1118 3260 1245 3317 inde
1283 3276 1461 3334 usque
1507 3267 1844 3330 repeterent;
1896 3258 2212 3329 necessario

642 3354 825 3411 Lucas
856 3355 950 3425 qui
980 3354 1198 3413 illorum
1228 3353 1539 3424 opinionem
1564 3350 1756 3417 refert,
1782 3360 1891 3406 non
1913 3365 2090 3415 suam,
2116 3349 2213 3405 ad-

638 3446 775 3517 jecit
799 3445 1103 3510 narrationi
1145 3463 1164 3501 t
1194 3453 1251 3498 ut
1283 3444 1611 3514 putabatur;
1648 3462 1666 3494 ι
1697 3442 1950 3498 Matthzeo
1988 3443 2214 3513 permit-

642 3544 770 3594 tens
806 3552 1036 3592 narrare
1083 3552 1192 3592 non
1240 3544 1300 3591 ut
1329 3534 1641 3605 putabatur,
1674 3534 1769 3590 sed
1798 3535 1876 3589 uti
1910 3550 2101 3590 revera
2152 3548 2215 3590 se

645 3615 882 3685 habebat
926 3629 1080 3700 origo
1120 3627 1358 3700 generis.
1388 3625 1565 3697 Atque
1608 3627 1725 3682 haec
1758 3626 1937 3697 prima
1975 3635 2097 3683 esto
2128 3641 2215 3682 re-

645 3723 891 3792 sponsio.

714 3816 769 3870 5.
810 3816 932 3870 Alia
961 3832 1180 3888 quoque
1227 3817 1499 3889 profunda
1544 3824 1601 3874 et
1644 3830 1845 3872 arcana
1891 3831 2015 3872 esse
2036 3818 2215 3885 potest

648 3907 773 3976 ejus
795 3908 1132 3971 narrationis
1162 3911 1323 3964 ratio.
1353 3909 1565 3965 Etenim
1603 3907 1891 3967 Mattbteus
1919 3906 2214 3960 humanam

645 3998 855 4054 Christi
878 3999 1219 4057 nativitatem
1250 4002 1454 4058 diserte
1476 4001 1817 4064 describens,
1849 4011 2085 4068 vereque
2117 4011 2215 4051 vo-

648 4089 771 4147 lens
804 4088 1099 4162 Josephum
1138 4090 1342 4149 Davide
1372 4092 1668 4148 oriundum
1713 4094 2114 4156 demonstrare,
2147 4106 2215 4147 eo

656 4196 769 4255 quo
796 4196 897 4253 par
929 4192 1048 4238 erat
1084 4185 1356 4241 sermonis
1387 4186 1640 4255 ingressu
1667 4184 1871 4251 utitur;
1915 4183 2091 4240 Lucas
2119 4198 2217 4245 au-

646 4280 781 4338 tem,
814 4280 876 4328 ut
920 4273 1137 4344 opinor,
1169 4273 1298 4346 quia
1327 4275 1495 4331 nollet
1527 4289 1786 4332 carneam
1832 4273 2039 4328 Christi
2075 4273 2218 4329 nati-

646 4365 872 4420 vitatem
904 4365 1240 4430 describere,
1270 4367 1345 4421 ita
1373 4382 1522 4423 nunc
1545 4382 1605 4423 se
1632 4366 1824 4438 gessit.
1857 4364 1991 4420 Nam
2024 4365 2073 4421 si
2113 4364 2216 4419 hoc

2311 1890 2404 1945 τοῦ
2426 1887 2662 1963 Χριστοῦ
2688 1888 3132 1959 κεκρατημένων,
3155 1888 3247 1949 καὶ
3279 1886 3497 1941 πάντων
3534 1886 3634 1957 μὲν
3664 1883 3903 1955 συμφῶ-

2309 2000 2417 2047 νως
2445 1982 2538 2036 ἐπὶ
2565 1982 2657 2036 τὸν
2677 1980 2841 2034 Δαϐὶδ
2868 1980 3197 2049 ἀναγόντων,
3218 1979 3307 2034 διὰ
3328 1977 3429 2043 τὰς
3450 1976 3585 2049 πρὸς
3608 1978 3708 2031 τὸν
3726 1974 3903 2031 Aa“

2309 2074 2403 2128 τοῦ
2426 2072 2561 2128 Θεοῦ
2590 2071 2939 2142 ἐπαγγελίας,
2975 2071 3077 2144 ήδη
3104 2071 3164 2127 δὲ
3189 2071 3299 2125 τῶν
3335 2071 3432 2142 μὲν
3464 2069 3573 2124 άπὸ
3601 2068 3773 2129 Δαῶδ
3801 2068 3902 2123 καὶ

2310 2166 2621 2238 Σολομῶνος
2649 2165 2741 2219 καὶ
2768 2162 2862 2218 τοῦ
2890 2162 3170 2235 βασιλικοῦ
3198 2162 3389 2232 γένους
3417 2161 3759 2233 πειθομένων
3778 2160 3903 2214 ἔσε-

2311 2260 2434 2314 σθαι
2464 2258 2555 2312 τὸν
2585 2256 2842 2329 Χριστὸν,
2873 2254 2980 2309 τῶν
3001 2254 3059 2308 δὲ
3092 2253 3298 2326 ταύτην
3328 2254 3423 2327 μὲν
3448 2253 3764 2323 φευγόντων
3793 2252 3901 2323 τὴν

2308 2352 2486 2418 δόξαν,
2506 2348 2595 2405 διὰ
2626 2349 2687 2403 τὸ
2717 2349 2973 2419 πλείστην
3008 2346 3342 2420 ὲμφέρεσθαι
3369 2346 3479 2400 τῶν
3507 2345 3903 2417 βεϐασιλευκό-

2308 2461 2415 2503 των
2440 2442 2794 2516 κατηγορίαν,
2822 2442 2913 2496 διά
2949 2459 3012 2495 τε
3040 2441 3103 2495 τὸ
3135 2441 3474 2512 ὲκκήρυκτον
3501 2440 3606 2493 ὑπὸ
3630 2439 3730 2493 τοῦ
3756 2457 3903 2511 προο

2310 2536 2481 2606 φήτου
2519 2535 2784 2607 Ἱερεμίου
2821 2533 3100 2603 γεγονέναι
3139 2533 3228 2587 τὸν
3272 2531 3547 2603 Ἰεχονίαν,
3577 2529 3675 2584 καὶ
3713 2530 3807 2584 διὰ
3835 2530 3903 2583 τὸ

2310 2626 2560 2697 εἰρῆσθαι
2582 2627 2655 2699 μὴ
2670 2625 3069 2696 ἀναστήσεσθαι
3085 2622 3147 2689 ἐξ
3161 2624 3324 2679 αὐτοῦ
3343 2624 3565 2695 σήρμα
3585 2622 3905 2692 καθήμενον

2310 2720 2403 2773 ἐπὶ
2448 2718 2638 2791 θρόνου
2661 2717 2846 2778 Δασὶδ,
2880 2716 2969 2771 διὰ
3003 2716 3061 2769 δὲ
3084 2713 3179 2769 οὖν
3218 2714 3411 2778 ταῦτα,
3440 2714 3633 2785 ἑτέραν
3676 2713 3899 2766 ὁδευόν-

2309 2828 2437 2877 των,
2463 2812 2558 2866 καὶ
2581 2810 2688 2867 άπὸ
2717 2810 2815 2880 μὲν
2842 2808 3005 2863 Δαόὶδ
3026 2808 3449 2881 ὁμολογούντων,
3476 2806 3537 2859 οὐ
3561 2805 3669 2876 μὴν
3690 2804 3781 2857 διὰ
3808 2804 3905 2856 Στ-

2310 2902 2571 2974 λομῶνος,
2590 2901 2725 2956 ἀλλὰ
2747 2900 2834 2955 διὰ
2857 2891 3064 2965 Νάθαῖο,
3082 2899 3141 2965 ὃς
3162 2895 3230 2971 ἦν
3251 2898 3345 2952 τοῦ
3378 2896 3545 2951 Δασὶδ
3594 2899 3726 2959 παῖς
3767 2895 3901 2964 (φα-

2314 2996 2369 3049 σὶ
2399 2995 2456 3049 δὲ
2486 2996 2577 3049 τὸν
2607 2993 2794 3050 Νάθαν
2825 2995 2919 3049 καὶ
2963 2992 3335 3064 προφητεῦσαι
3379 2991 3521 3044 κατὰ
3563 2990 3631 3042 τὰ
3674 2991 3732 3042 ὲν
3770 2990 3901 3052 ταῖς

2237 3122 2279 3180 C
2310 3087 2618 3152 Βασιλείαις
2650 3087 2924 3157 φερόμενα
2952 3084 3112 3158 μη),
3148 3084 3254 3138 ἀπό
3284 3101 3346 3136 τε
3372 3082 3466 3135 τοῦ
3495 3081 3683 3137 Νάθαν
3712 3079 3899 3135 διαδό-

2312 3198 2423 3252 χων
2448 3179 2869 3252 προελεύσεσθαι
2898 3177 2990 3231 τὸν
3013 3174 3247 3250 Χριστὸν
3269 3173 3781 3244 διαϐεϐαιουμένων,
3798 3173 3901 3226 καὶ

2310 3272 2400 3326 τόν
2426 3288 2490 3341 γε
2517 3271 2714 3342 Ἰωσὴφ
2748 3269 2955 3327 ἐκεῖθέν
2984 3268 3153 3322 ποθεν
3180 3266 3664 3337 γενεαλογούντων,
3684 3265 3901 3337 σφόδρα

2312 3364 2625 3432 ἀναγκαίως
2667 3364 2697 3416 ό
2738 3362 2950 3425 Λουκᾶς
3000 3359 3099 3435 τὴν
3147 3359 3350 3414 τούτων
3382 3356 3681 3428 άνιστοριῖιν
3709 3356 3896 3423 δόξαν,

2310 3456 2424 3510 ἀλλ’
2448 3458 2510 3509 οὐ
2545 3456 2644 3527 τὴν
2669 3453 2857 3521 αὐτοῦ,
2892 3452 3199 3524 προσέθηκε
3232 3455 3295 3523 τῇ
3331 3451 3453 3506 κατ’
3484 3451 3644 3505 αὑτὸν
3679 3450 3902 3521 ἱστορίᾳ.

2310 3546 2373 3600 τὸ
2396 3565 2416 3598 ι
2436 3546 2511 3611 ὡς
2530 3544 2808 3617 ἐνομίζετο
2825 3562 2840 3579 ο
2855 3563 2873 3596 ι
2894 3543 2973 3616 τῷ
2995 3542 3259 3613 Ματθαίῳ
3273 3542 3681 3614 παραχωρήσας
3705 3542 3782 3613 μὴ
3812 3541 3899 3604 τὸ,

2313 3637 2388 3702 ὡς
2416 3635 2715 3707 ἐνομίζετο,
2747 3637 3000 3708 ἱστορεῖν,
3019 3635 3133 3688 ἀλλ’
3150 3634 3225 3697 ὼς
3251 3630 3394 3704 εἶχεν
3418 3632 3675 3703 ἀληθείας
3699 3632 3768 3693 τὰ
3797 3633 3902 3703 τῆς

2313 3729 2608 3797 γενέσεως
2636 3725 2772 3798 αὕτη
2810 3726 2909 3797 μὲν
2936 3721 3028 3779 οὖν
3050 3726 3084 3795 ἡ
3117 3722 3304 3797 πρώτη
3345 3723 3618 3785 ἀπόδοσις.

2383 3827 2454 3889 γ’.
2497 3819 2595 3891 Είη
2633 3818 2675 3871 δ’
2700 3819 2764 3872 ἄν
2793 3835 2878 3882 τις
2909 3818 3001 3871 καὶ
3035 3815 3194 3880 ἄλλος
3240 3814 3407 3885 βαθὺς
3447 3814 3541 3868 καὶ
3581 3814 3902 3885 ἀπόρρητος

2314 3910 2372 3964 ὲν
2396 3912 2507 3973 τοῖς
2539 3907 2923 3979 προκειμένοις
2951 3907 3108 3976 λόγος
3127 3922 3141 3937 ι
3182 3904 3460 3969 Ματθαϊος
3495 3906 3593 3976 μὲν
3623 3904 3738 3976 γὰρ
3764 3908 3900 3977 ὁμο-

2313 4002 2654 4073 λογουμένως
2683 4001 2781 4073 τὴν
2814 4000 3076 4071 ἔνσαρκον
3108 3999 3321 4068 γένεσιν
3370 3998 3596 4070 ἱστορῶν
3621 3998 3718 4053 τοῦ
3759 4000 3903 4071 Χρι-

2316 4093 2463 4159 στοῦ,
2496 4094 2591 4146 καὶ
2636 4093 2730 4145 τὸν
2772 4090 2969 4162 Ἰωσὴφ
3016 4089 3291 4153 ἀποδεῖξαι
3325 4088 3642 4160 βουλόμενος
3677 4089 3903 4160 ἀληθῶς

2315 4188 2381 4239 ὲκ
2406 4185 2587 4249 Δασὶδ,
2614 4183 2736 4238 ὅθεν
2759 4185 2925 4255 ἐχρῆν
2951 4184 3017 4254 τῇ
3044 4181 3259 4252 εἰσϐολῇ
3288 4180 3555 4253 κέχρηται
3581 4180 3679 4235 τοῦ
3710 4182 3896 4250 λόγοψ

2315 4276 2405 4335 τὸν
2454 4276 2513 4329 δὲ
2548 4275 2763 4330 Δουκᾶν
2795 4271 3036 4345 ἡγοῦμαι
3062 4272 3138 4345 μὴ
3168 4272 3265 4344 τὴν
3298 4272 3439 4326 κατὰ
3470 4271 3647 4344 σάρκα
3680 4273 3904 4342 γένεσιν

2317 4370 2409 4426 τοῦ
2444 4368 2618 4441 Ἰησοῦ
2646 4367 2985 4437 γενεαλογεῖν
2999 4366 3270 4431 ἐθέλοντα,
3290 4367 3393 4420 νῦν
3416 4365 3574 4420 τοῦτο
3596 4367 3904 4436 πεποιηκέ-

646 4455 699 4512 ci
738 4456 1085 4528 propositum
1135 4457 1351 4524 fuisset,
1399 4474 1512 4514 non
1544 4459 1853 4531 ignorabat,
1906 4472 2046 4529 opus
2094 4472 2212 4513 esse

2319 4480 2406 4516 ναι
2430 4477 2446 4493 ⁸
2477 4460 2636 4515 τοῦτο
2682 4459 2778 4531 μὲν
2818 4458 2926 4528 γὰρ
2973 4459 3023 4511 εἰ
3055 4458 3195 4511 κατὰ
3226 4456 3451 4528 γνώμην
3476 4456 3768 4530 ἔπραττεν,
3798 4456 3901 4511 οὐκ

647 4550 918 4621 originem
982 4550 1254 4622 ejusmodi
1309 4567 1602 4624 exponere.
1670 4550 1778 4606 Sed
1838 4550 2095 4622 quoniam
2149 4563 2215 4605 eo

646 4636 928 4710 Evangelii
955 4640 1076 4695 loco
1106 4642 1535 4712 regenerationis
1558 4658 1654 4712 per
1676 4641 1953 4696 lavacrum
1986 4641 2217 4695 mentio-

647 4744 777 4786 nem
817 4730 969 4799 facit,
1005 4731 1303 4803 Jesumque
1354 4742 1414 4787 ut
1457 4731 1550 4787 Dei
1586 4731 1783 4786 Filium
1830 4731 2087 4796 exhibet;
2133 4731 2217 4786 id-

650 4820 803 4883 circo
833 4823 938 4881 hoc
959 4824 1126 4880 veluti
1149 4824 1396 4892 exemplo
1417 4823 1798 4883 demonstrare
1818 4821 2012 4877 nititur
2033 4835 2220 4892 quem-

651 4913 783 4969 libet
812 4914 1088 4970 hominem
1108 4916 1164 4969 in
1195 4913 1307 4970 Deo
1322 4921 1724 4985 regeneratum,
1754 4913 1967 4970 etiamsi
2005 4928 2133 4968 vere
2156 4911 2220 4967 ﬁ-

652 5006 760 5064 lius
809 5008 1093 5064 hominum
1143 5009 1409 5064 habeatur
1452 5008 1524 5063 ob
1572 5023 1793 5063 carnem
1837 5022 1943 5079 qua
1994 5007 2220 5062 indutus

653 5108 759 5165 est,
794 5115 905 5155 non
935 5110 1116 5157 tamen
1146 5115 1271 5156 cum
1310 5116 1409 5157 sua
1445 5107 1642 5157 natura
1669 5101 1726 5155 in
1764 5101 1981 5156 carneis
2009 5100 2222 5171 genito-

654 5190 810 5249 ribus
841 5192 1059 5258 sistere,
1090 5209 1267 5265 neque
1302 5210 1409 5249 non
1441 5194 1585 5249 ultra
1628 5193 1877 5265 corporis
1907 5200 2222 5264 procreato-

655 5299 749 5341 res
783 5301 1075 5343 excurrere
1101 5304 1114 5342 :
1138 5302 1329 5342 verum
1376 5286 1592 5344 etiamsi
1640 5286 1786 5343 illius
1824 5286 2107 5341 hominum
2141 5285 2223 5340 vi-

656 5378 853 5435 deatur
872 5381 944 5435 ob
968 5380 1217 5450 corporis
1240 5380 1664 5451 generationem,
1696 5378 2055 5442 nihilominus
2077 5376 2223 5432 haud

658 5468 898 5531 alienum
943 5487 975 5527 a
1007 5471 1102 5527 Dei
1145 5473 1436 5544 adoptione
1485 5473 1717 5529 censeri.
1771 5471 2221 5541 Quandoquidem

658 5577 792 5635 ergo
821 5562 997 5621 Lucas
1024 5564 1168 5621 haud
1197 5566 1498 5623 secundum
1526 5565 1766 5622 Matthaei
1787 5573 2022 5622 mentem
2046 5565 2222 5620 histo-

2317 4552 2499 4622 ἠγνόει
2542 4551 2624 4603 ὅτι
2674 4549 2842 4621 ὲχρῆν
2869 4548 3069 4619 ταύτην
3107 4546 3456 4601 ὲκθέσεσθαιο
3490 4548 3677 4619 ἐπειδὴ
3709 4549 3767 4601 δὲ
3803 4549 3900 4603 νῦν

2315 4643 2416 4715 τῆς
2456 4643 2544 4699 διὰ
2579 4640 2804 4713 λουτροῦ
2831 4642 3237 4713 άναγεννήσεως
3270 4641 3561 4711 μέμνηται,
3586 4640 3703 4694 υἱὸν
3734 4640 3900 4695 αὑτὸν

2317 4736 2551 4805 εἰσάγων
2576 4732 2733 4799 Θεοῦ,
2770 4732 3016 4803 βούλεται
3041 4733 3117 4798 ὡς
3138 4736 3195 4786 ἐν
3225 4733 3582 4804 ὑποδείγματι
3607 4732 3898 4804 παραστῆ-

2320 4842 2410 4878 σαι
2440 4826 2522 4878 ὃτι
2551 4824 2614 4895 δὴ
2645 4825 2753 4887 πᾶς
2778 4825 2807 4881 ό
2840 4825 2899 4877 ὲν
2919 4821 3037 4894 Θεῷ
3059 4820 3520 4893 άναγεννώμενος,
3550 4819 3653 4873 κᾶν
3675 4819 3897 4891 άληθῶς

2320 4920 2432 4985 υἱὸς
2461 4906 2598 4974 εἶναι
2620 4918 2920 4991 ἀνθρώπων
2948 4917 3219 4989 νομίζοιτο
3250 4916 3316 4970 δι’
3341 4916 3409 4987 ἣν
3433 4914 3737 4987 περίκειται
3765 4914 3899 4986 σάρ-

2319 5029 2412 5075 κα,
2441 5012 2553 5066 άλλ’
2578 5012 2677 5082 οὐχ
2722 5009 2936 5065 ἵσταταί
2982 5024 3047 5077 γε
3097 5007 3234 5077 αὐτῇ
3284 5006 3352 5059 τὰ
3400 5003 3499 5074 τῆς
3521 5004 3793 5074 γενέσεως
3816 5004 3893 5067 εἰς

2320 5108 2445 5170 τοὺς
2478 5104 2616 5159 κατὰ
2655 5104 2831 5175 σάρκα
2855 5105 3052 5172 γονεῖς,
3087 5100 3207 5154 οὐδὲ
3254 5100 3416 5172 μέχρι
3445 5099 3552 5152 τῶν
3579 5097 3673 5151 τοῦ
3704 5098 3892 5168 σώμα-

2320 5219 2413 5265 τος
2455 5198 2815 5272 προπατόρων
2859 5196 3079 5267 φθάνεισ
3114 5193 3227 5247 ἀλλ’
3256 5195 3303 5247 εί
3352 5192 3445 5248 καὶ
3485 5192 3757 5263 νομίζοιτο
3799 5190 3895 5243 ἀν-

2323 5290 2553 5362 θρώπων
2583 5288 2720 5343 εἶναι
2753 5288 2866 5351 υίὸς
2901 5286 2989 5339 διὰ
3032 5284 3129 5357 τὴν
3172 5282 3266 5338 τοῦ
3322 5283 3574 5354 σώματος
3617 5281 3891 5349 γέννησιν,

2325 5385 2474 5455 ὅμως
2521 5383 2564 5437 δ’
2597 5378 2688 5437 οῦν
2732 5382 2831 5434 οὐκ
2880 5378 3156 5451 ἀλλότριος
3189 5378 3287 5450 τῆς
3333 5375 3426 5431 τοῦ
3453 5373 3587 5427 θεοῦ
3622 5371 3895 5435 υίοθεσὺις

2328 5474 2629 5546 ὑφέστηκεν
2647 5490 2660 5504 ·
2686 5471 2870 5543 ἐπειδὴ
2892 5471 2949 5533 δὲ
2969 5465 3062 5523 οῦν
3086 5470 3146 5522 οὐ
3165 5468 3305 5521 κατὰ
3328 5468 3426 5539 τὴν
3453 5465 3621 5537 αὐτὴν
3642 5463 3721 5534 τῷ
3741 5463 3897 5517 Ματ-

2327 5564 2463 5635 θαίῳ
2499 5564 2735 5618 διάνοιαν
2783 5559 3050 5629 ἐξετίθετο
3095 5558 3195 5628 τὴν
3243 5557 3514 5628 διήγησιν,
3544 5553 3772 5618 είκότως
3803 5549 3899 5607 σὺν

735 5742 848 5818 (Η)
891 5746 1095 5801 Desunt
1129 5746 1242 5825 haec
1278 5750 1333 5804 in
1360 5749 1459 5805 cod
1510 5749 1572 5817 Α,
1606 5749 1693 5813 64,
1728 5764 1753 5801 a
1786 5765 1891 5821 quo
1924 5747 2210 5818 cmicroqui
2254 5748 2505 5802 meliores
2541 5744 2812 5800 interdum
2851 5742 3109 5797 lectiones
3147 5737 3499 5807 sumpsimus.
