4100 6474
197 337 346 394 897

826 342 1284 412 QUJESTIONES
1322 345 1780 404 EV'ANGELICIE
1821 345 1911 400 AD
1954 346 2482 407 STEPHANUM.—-
2522 354 2848 422 QUIESTIO
2889 360 2975 416 lli.

3403 366 3510 425 898

202 459 429 515 cf:th
459 462 650 533 ἐκείνῳ
692 463 879 533 καιρὸν
922 463 1180 535 ὑπερϐἀς,
1216 466 1308 518 ὲπί
1348 466 1447 537 τὴν
1489 467 1838 538 ἀναγέννησιν

1942 468 2076 522 riam
2111 485 2266 525 suam
2308 471 2521 537 scribit,
2551 482 2980 531 consentaneum
3013 488 3130 533 erat
3165 488 3225 535 ut
3266 479 3508 538 Matthxi

202 551 350 621 τὴν
381 553 475 608 διὰ
505 553 727 625 λουτροῦ
755 555 1147 626 παραγίνεται·
1177 557 1269 610 καὶ
1301 557 1532 612 ἐνταῦθα
1562 558 1659 630 τὴν
1687 561 1839 615 ἐναν-

204 644 385 699 τίαν
408 647 680 701 ἐκτίθεται
705 647 812 702 τῶν
838 648 1010 717 γενῶν
1035 649 1285 721 διαδοχήν
1304 668 1318 682 ·
1350 649 1487 721 ὁμοῦ
1510 651 1603 704 καὶ
1622 651 1838 721 ἀνάγων

208 736 370 791 ἃ.τώ
403 739 512 792 τῶν
549 740 792 794 ὑστάτων
825 741 917 794 ἐπὶ
946 741 1015 796 τὰ
1042 741 1256 814 πρῶτα,
1283 742 1418 814 ὁμοῦ
1445 744 1539 796 καὶ
1569 743 1667 815 τὴν
1701 746 1839 816 μνή-

214 846 375 900 μην
395 831 505 885 τῶν
531 833 678 904 παρά
701 832 779 904 τῷ
797 832 1062 905 Ματθαίῳ
1091 835 1354 890 ὑπαιτίων
1383 837 1474 889 καὶ
1503 836 1839 908 ἁμαρτωλῶν

209 919 477 993 ἀνδρῶν
521 923 941 996 ἀποσειόμενοςο
995 928 1291 1000 ἐπειδήπερ
1339 930 1368 982 6
1412 928 1563 1001 παρὰ
1599 929 1676 1000 τῷ
1721 929 1840 1002 Θεῷ

211 1011 782 1089 ἁναγεγεννημένος,
814 1018 1091 1091 ἀλλότριος
1135 1020 1453 1075 καθίσταται
1504 1025 1603 1094 τῆς
1647 1023 1841 1096 ἐνσάρ-

223 1122 362 1159 κου
390 1108 658 1175 γενέσεως
684 1110 777 1164 καὶ
805 1111 913 1165 τῶν
943 1112 1081 1167 κατὰ
1114 1112 1290 1185 σάρκα
1311 1115 1645 1186 ἁμαρτωλῶν
1675 1117 1840 1171 πατέρ

225 1216 396 1268 ρων,
429 1203 544 1265 υἰὸς
571 1204 1007 1276 ἀποφαινόμενος
1029 1206 1186 1271 Θεοῦ,
1217 1209 1312 1263 καὶ
1332 1209 1549 1264 πάντων
1571 1211 1679 1264 τῶν
1698 1213 1840 1266 κατά

219 1292 393 1346 Θεὸν
429 1294 810 1367 ἀνεπιλήπτως
844 1297 1201 1368 βεϐιωκότων.

321 1406 395 1461 δ’.
436 1403 583 1470 Οίον.
603 1409 678 1473 ὡς
705 1411 796 1465 ἐπὶ
822 1413 1280 1485 παραδείγματος,
1303 1416 1514 1482 Παῦλος
1549 1420 1578 1473 6
1609 1419 1840 1476 ἀπόστο-

223 1499 349 1563 λος
378 1501 552 1571 ἐχέτω
594 1503 692 1573 μὲν
732 1504 872 1559 κατά
909 1506 1088 1577 σάρκα
1121 1508 1335 1582 πατέρα
1381 1509 1626 1566 Ἰουδαῖον
1659 1515 1839 1569 ὅντινα

226 1589 333 1655 ὡς
365 1593 518 1658 εἰκὸς
563 1596 789 1649 ἄπιστον
808 1614 820 1626 ·
850 1597 1020 1668 ἐχέτω
1050 1597 1105 1651 δὲ
1130 1599 1227 1652 καὶ
1255 1602 1394 1656 κατὰ
1425 1603 1574 1669 Θεὸν,
1609 1598 1669 1659 οῦ
1699 1607 1840 1661 κατὰ

228 1684 388 1747 τοὺς
417 1686 653 1759 τρόπους
675 1687 819 1741 ἐϐίου
841 1706 854 1720 ’
881 1691 929 1743 εἰ
961 1690 1018 1744 δέ
1045 1687 1138 1745 οῦν
1179 1693 1361 1763 μέλλει
1387 1713 1473 1759 τις
1501 1696 1662 1750 αὑτὸν
1697 1698 1838 1752 κατά

239 1779 443 1850 σάρκα
494 1781 856 1850 γενεαλογεῖν,
900 1782 1044 1846 τίνος
1091 1787 1318 1852 εἰκότως
1374 1788 1440 1842 ἂν
1494 1791 1760 1864 ἐμνήσθη.
1802 1793 1912 1872 ﬁt;

239 1870 484 1936 πάντως
512 1891 615 1928 που
649 1874 739 1927 τοῦ
767 1875 910 1930 κατά
944 1877 1121 1948 σάρκα
1153 1879 1391 1950 πατρός;
1427 1877 1491 1934 Εἰ
1518 1881 1562 1934 δ’
1584 1877 1649 1936 αὖ
1679 1882 1839 1936 πάλιν

236 1961 448 2035 ἕτερος
476 1965 576 2035 τὴν
608 1966 666 2017 ἐν
707 1967 927 2039 Χριστῷ
958 1969 1170 2037 γένεσιν
1203 1970 1367 2025 αὑτοῦ
1409 1972 1601 2043 δηλοῦν
1644 1973 1836 2040 ἐθέλοι,

240 2055 406 2118 τίνος
434 2057 502 2110 ἂν
528 2058 626 2130 τὴν
652 2059 873 2130 μνήμην
907 2060 1022 2133 θείη
1059 2061 1125 2116 ἂν
1161 2063 1404 2128 εἰκότως,
1436 2065 1470 2135 ἢ
1501 2065 1718 2131 πάντως
1743 2067 1838 2121 τοῦ

245 2147 402 2200 κατά
463 2147 596 2201 Θεὸν
643 2149 805 2204 αὑτὸν
853 2152 1346 2224 ἀναγεννήσαντοςς
1402 2154 1558 2210 Οὕτω
1611 2159 1707 2212 καὶ
1764 2159 1838 2232 τῷ

261 2235 527 2308 ’Δϐραὰμ
555 2236 802 2308 εἴρηται*
841 2259 859 2292 ι
892 2242 963 2296 Σὺ
997 2243 1053 2296 δέ
1086 2245 1361 2319 ἀπελεύσῃ
1405 2247 1542 2318 πρὸς
1572 2249 1698 2312 τοὺς
1736 2267 1841 2305 πα-

246 2326 427 2399 τέρας
452 2345 545 2382 σου
563 2332 790 2402 τραφεὶς
809 2335 866 2388 ἐν
889 2332 1034 2406 γήρᾳ
1062 2335 1226 2407 καλῷ·
1242 2338 1332 2390 »οὑ
1353 2338 1522 2410 δήπου
1547 2341 1671 2405 τοὺς
1701 2343 1841 2398 κατὰ

255 2421 445 2492 σάρκα
477 2422 718 2496 πατέρας
743 2425 1027 2496 δηλοῦντος
1059 2428 1152 2482 τοῦ
1189 2429 1369 2500 λόγου,
1401 2433 1448 2484 εἰ
1479 2431 1552 2504 μή
1586 2433 1681 2487 καὶ
1715 2434 1837 2488 θεο-

255 2514 441 2577 σεϐεῖς
486 2514 726 2583 λέγοιντο
769 2517 1068 2586 γεγονέναι,
1103 2520 1228 2586 τοὺς
1269 2522 1327 2574 δέ
1371 2523 1430 2575 ἐν
1455 2523 1573 2596 Θεῷ
1599 2526 1840 2599 πατέρας

250 2603 345 2658 διὰ
383 2607 485 2677 τὴν
527 2607 627 2679 τῆς
671 2607 954 2673 εὐσεϐείας
1000 2611 1382 2684 ὀμοιοτροπίαν
1425 2615 1795 2688 αἰνιττομένου
1821 2635 1836 2648 ⁸

251 2696 403 2750 οὕτω
422 2699 517 2752 καὶ
537 2700 586 2751 οἰ
606 2698 666 2764 ἐξ
689 2700 958 2774 Ἀϐραὰμ,
975 2704 1189 2768 ἀσεϐεῖς
1211 2701 1352 2778 ἦσαν
1378 2707 1476 2778 μὲν
1497 2709 1638 2764 κατὰ
1663 2711 1841 2783 σάρκα

252 2789 309 2842 οἱ
359 2790 466 2843 υἱοί
503 2791 770 2864 Ἀϐραὰμ,
804 2794 949 2847 κατά
987 2795 1043 2849 δὲ
1088 2797 1181 2850 τὸν
1209 2799 1428 2871 τρόπον,
1457 2801 1562 2854 υἰοὶ
1593 2802 1840 2874 Σοδόμων

253 2884 354 2936 καὶ
377 2884 690 2957 Γομόρρας·
723 2886 803 2940 διὸ
827 2887 1043 2957 λέγεται
1081 2891 1217 2962 πρὸς
1249 2891 1473 2957 αὐτούς·
1505 2911 1523 2942 ι
1549 2895 1838 2950 ’Λκούσατε

250 2973 416 3042 λόγον
446 2975 670 3048 Κυρίου,
716 2978 973 3050 ἄρχοντες
1027 2981 1293 3053 Σοδόμων,
1343 2984 1635 3056 προσέχετε
1679 2988 1839 3059 νόμον

258 3066 420 3132 Θεοῦ,
451 3067 578 3131 λαὸς
613 3070 925 3142 Γομόρραςο
963 3092 982 3124 ι
1019 3073 1094 3139 ὡς
1126 3071 1192 3128 αὖ
1227 3077 1389 3132 πάλιν
1417 3077 1474 3144 ἐξ
1503 3071 1578 3132 ὧν
1608 3079 1839 3150 ἤμελλεν

1942 563 2187 628 tempora
2218 565 2663 632 praetergressus,
2705 564 2772 620 ad
2807 569 3270 637 regenerationem
3301 587 3399 642 per
3425 573 3502 627 la-

1939 663 2163 704 vacrum
2190 651 2421 719 veniret,
2456 654 2638 725 ibique
2669 660 3001 714 contrariam
3042 672 3269 732 poneret
3306 679 3500 734 prosa-

1939 739 2150 807 piarum
2193 743 2596 798 successionem
2629 763 2641 798 :
2669 745 2833 801 simul
2881 763 3113 820 pergens
3155 767 3186 805 a
3216 753 3510 822 postremis

1940 830 2006 884 ad
2033 830 2206 897 initia,
2232 833 2504 904 simulque
2530 837 2848 891 memoriam
2880 840 3119 894 sontium
3149 857 3213 897 ac
3243 843 3508 900 scelesto-

1939 939 2082 990 rum,
2122 925 2217 995 qui
2266 936 2396 982 sunt
2435 929 2576 998 apud
2627 929 2939 985 Matthteum
2969 932 3251 988 hominum
3291 937 3506 992 vitans:

1940 1017 2065 1086 quia
2113 1028 2468 1090 regeneratus
2500 1023 2643 1092 apud
2673 1023 2841 1079 Deum
2883 1023 3096 1082 alienus
3146 1028 3207 1080 ﬁt
3239 1043 3270 1081 a
3309 1044 3511 1084 carnea

1939 1117 2158 1174 natura,
2195 1120 2249 1167 et
2277 1128 2306 1166 a
2335 1116 2714 1184 peccatoribus
2747 1118 3051 1173 secundum
3080 1135 3300 1175 carnem
3336 1121 3510 1190 patri-

1941 1201 2064 1265 bus,
2097 1201 2193 1258 Dei
2233 1204 2493 1262 nimirum
2525 1206 2840 1264 declaratus
2867 1210 3036 1277 ﬁlius,
3063 1219 3118 1267 et
3145 1212 3390 1272 omnium
3413 1214 3510 1285 qui

1940 1294 2240 1350 secundum
2274 1296 2445 1353 Deum
2476 1299 2595 1355 sine
2625 1303 2786 1372 culpa
2814 1303 3085 1359 vixerunt.

2012 1409 2063 1463 4.
2100 1407 2346 1482 Exempli
2385 1413 2559 1484 gratia
2603 1412 2808 1470 Paulus
2854 1417 3137 1485 apostolus
3171 1425 3380 1488 patrem
3426 1433 3513 1474 se-

1946 1500 2189 1554 cundum
2223 1517 2445 1557 carnem
2498 1505 2688 1558 habuit
2717 1503 2986 1572 Judaeum,
3018 1515 3076 1560 ut
3105 1509 3364 1563 credibile
3403 1516 3510 1572 est,

1941 1605 1971 1644 a
2003 1591 2107 1647 [ide
2141 1593 2380 1650 alienum
2415 1612 2428 1648 :
2464 1594 2652 1648 habuit
2687 1609 2906 1666 quoque
2952 1605 3160 1667 patrem
3204 1600 3512 1654 secundum

1940 1682 2134 1748 Deum,
2193 1686 2351 1756 cujus
2405 1687 2659 1742 videlicet
2704 1689 2831 1744 vitae
2872 1691 3183 1745 institutum
3230 1692 3514 1761 amplexus

1939 1777 2064 1832 fuit.
2117 1776 2174 1832 Si
2203 1779 2329 1849 quis
2374 1793 2504 1849 ergo
2538 1778 2691 1834 Pauli
2729 1781 3030 1836 secundum
3074 1796 3294 1838 carnem
3341 1799 3514 1854 genus

1940 1883 2169 1924 narrare
2205 1870 2360 1934 velit,
2398 1886 2688 1941 quemnam
2721 1873 2916 1927 merito
2945 1884 3152 1943 patrem
3188 1875 3514 1929 memorabit

1939 1962 2048 2017 nisi
2069 1962 2382 2016 carnalem?
2417 1961 2515 2016 Sin
2543 1979 2764 2019 rursum
2797 1964 2996 2034 aliquis
3021 1964 3176 2019 Pauli
3209 1966 3264 2018 in
3289 1965 3513 2021 Christo

1940 2054 2281 2110 nativitatem
2307 2057 2594 2112 ostendere
2631 2057 2782 2124 velit,
2819 2057 3107 2126 cujusnam
3141 2057 3326 2126 potius
3360 2073 3514 2111 men-

1940 2144 2144 2199 tionem
2174 2147 2416 2216 parentis
2452 2145 2634 2210 faciet,
2668 2161 2831 2217 quam
2859 2147 2978 2217 ejus
3005 2162 3036 2200 a
3067 2161 3177 2218 quo
3208 2146 3512 2202 secundum

1940 2235 2111 2292 Deum
2154 2246 2508 2309 regeneratus
2557 2240 2674 2295 est?
2701 2239 2795 2294 Sic
2826 2240 3137 2294 Abrahamo
3166 2255 3386 2311 quoque
3428 2241 3514 2294 di-

1940 2332 2264 2387 ctnm'fuit:
2299 2351 2315 2383 ι
2346 2331 2428 2386 Tu
2474 2348 2602 2387 vero
2645 2333 2821 2388 abibis
2866 2333 2932 2387 ad
2980 2339 3162 2403 patres
3195 2341 3319 2388 tuos
3368 2333 3513 2388 bona

1941 2429 2224 2478 saturatus
2271 2432 2552 2480 senectute
2575 2425 2638 2476 ¹⁶.
2673 2442 2691 2476 ι
2723 2424 2827 2491 Qui
2862 2424 3109 2496 profecto
3142 2440 3326 2480 sermo
3365 2425 3512 2480 haud

1941 2529 2169 2570 carneos
2216 2522 2402 2585 patres
2435 2515 2798 2582 demonstrat,
2832 2517 2938 2573 nisi
2989 2517 3045 2571 hi
3086 2517 3228 2571 forte
3263 2517 3341 2588 pii
3375 2531 3514 2586 quo-

1941 2622 2047 2676 que
2079 2607 2252 2664 fuisse
2287 2609 2615 2679 credantur;
2669 2609 2765 2666 sed
2804 2611 2870 2666 de
2915 2610 3164 2681 patribus
3210 2610 3512 2665 secundum

1947 2699 2116 2754 Deum
2152 2701 2414 2771 loquitur,
2449 2711 2674 2772 propter
2697 2702 2916 2774 pietatis
2947 2701 3388 2757 similitudinem.
3421 2699 3513 2756 Sic

1940 2790 2234 2846 Abrahami
2258 2800 2444 2848 sontes
2471 2793 2586 2858 lilii,
2618 2793 2783 2862 hujus
2807 2792 3024 2863 quidem
3049 2790 3352 2846 secundum
3388 2805 3512 2844 car-

1940 2895 2064 2936 nem
2120 2881 2215 2936 [ilii
2259 2889 2446 2947 erant,
2502 2883 2748 2938 moribus
2770 2890 2950 2937 autem
3001 2880 3363 2935 Sodomorum
3413 2880 3513 2934 filii

1940 2981 2106 3045 atque
2155 2973 2493 3030 Gomorrhae.
2548 2974 2756 3029 idcirco
2803 2974 3007 3029 dicitur
3060 2974 3215 3028 illis:
3263 2992 3282 3023 ι
3312 2972 3513 3028 Audite

1941 3080 2250 3122 sermonem
2273 3064 2485 3120 Domini
2517 3065 2794 3136 principes
2822 3063 3186 3119 Sodomorum
3206 3104 3221 3128 ,
3249 3064 3514 3120 attendite

259 3159 370 3210 υἱοὶ
416 3159 668 3230 Ἀϐραὰμ
717 3160 1030 3229 γίγνεσθαι·
1081 3165 1131 3218 oi
1184 3165 1314 3234 γοῦν
1342 3166 1416 3232 ἐξ
1447 3167 1613 3222 ἐθνῶν
1644 3170 1724 3233 είς
1746 3169 1836 3224 τὸν

1940 3157 2044 3230 legi
2072 3157 2188 3223 Dei,
2224 3173 2257 3213 o
2278 3159 2476 3229 popule
2505 3157 2823 3213 Gomorrhze
2848 3158 2887 3189 ιτ
2923 3176 2935 3212 :
2967 3176 2984 3208 ι
3024 3165 3284 3226 tanquam
3317 3158 3360 3212 si
3386 3171 3515 3211 rur-

258 3249 304 3301 Χ
311 3250 496 3320 ριστὸν
533 3251 626 3305 τοῦ
660 3251 795 3305 Θεοῦ
823 3257 1263 3321 πεπιστευκότες,
1291 3259 1433 3312 κατά
1460 3259 1636 3325 σάρκα
1665 3262 1834 3315 πατέ-

257 3361 374 3412 ρων
422 3343 734 3416 ἀλλοφύλων
789 3346 1004 3416 φύντες,
1059 3350 1165 3402 υἱοὶ
1215 3352 1518 3423 γεγόναμεν
1562 3351 1831 3425 Ἀϐραὰμ,

257 3435 499 3507 Χριστοῦ
528 3436 809 3509 γενόμενοι
841 3440 1030 3503 παῖδες
1073 3442 1168 3495 καὶ
1213 3441 1322 3496 τῶν
1368 3443 1604 3514 Χριστοῦ
1658 3446 1834 3516 μαθη-

251 3528 370 3581 τῶν
391 3547 403 3559 ν
438 3528 578 3582 ὥστε
619 3530 714 3583 καί
752 3530 1009 3602 δευτέραν
1045 3533 1191 3604 ήμᾶς
1216 3534 1613 3606 ἐπιγράφεσθαι
1644 3536 1834 3604 γένους

251 3619 510 3691 διαδοχὴν
541 3620 676 3675 πολὺ
704 3622 988 3695 κρείττονα
1012 3624 1109 3694 τῆς
1139 3623 1278 3679 κατὰ
1306 3626 1482 3696 σάρκα
1509 3625 1594 3681 διὰ
1614 3627 1721 3698 τὴν
1742 3647 1835 3683 κα-

252 3712 328 3766 τὰ
348 3713 583 3783 Χριστὸν
609 3714 982 3786 ἀναγέννησιν.

332 4000 393 4053 ε’.
435 3999 672 4065 Εἰκότως
696 4003 986 4076 τοιγαροῦν
1017 4007 1111 4061 καὶ
1129 4005 1158 4060 δ
1187 4009 1420 4075 Λουκᾶς,
1457 4010 1552 4064 ἆτε
1583 4010 1679 4082 τὴν
1704 4013 1834 4066 ἀνα-

261 4090 515 4161 γέννησιν
539 4093 786 4163 ἱστορῶν,
827 4097 886 4148 οὐ
912 4096 1009 4169 τὴν
1041 4099 1207 4170 αὑτήν
1239 4101 1407 4154 ὁδεύει
1441 4101 1518 4173 τῷ
1549 4103 1828 4174 Ματθαίῳ,

259 4181 320 4233 εὑ
350 4183 442 4235 τοῦ
478 4184 788 4256 Σολομῶνος
827 4189 920 4242 καὶ
965 4189 1064 4261 τῆς
1108 4191 1202 4245 τοῦ
1253 4191 1470 4265 Οὑρίου,
1504 4196 1564 4248 οὐ
1594 4195 1692 4267 τῆς
1721 4197 1830 4250 Θά-

261 4292 398 4347 μαρ,
435 4277 496 4329 οὑ
521 4278 619 4350 τῆς
658 4279 837 4344 Ῥοὺθ,
863 4281 923 4334 οὑ
951 4282 1044 4336 τοῦ
1095 4285 1338 4356 Ἰεχονίου
1368 4287 1462 4340 καί
1493 4288 1599 4342 τῶν
1630 4289 1834 4360 μεταξὺ

256 4369 697 4443 διαϐεϐλημένων
753 4375 961 4447 ἀνδρῶν
1013 4377 1112 4448 τὴν
1163 4380 1464 4452 παράθεσιν
1518 4384 1831 4454 πεποίηται,

1937 3264 2034 3305 sus
2074 3265 2143 3305 ex
2191 3249 2280 3305 his
2321 3259 2506 3305 essent
2551 3249 2847 3304 Abrahami
2891 3248 2986 3302 ﬁlii
3029 3247 3370 3318 proventuri.
3405 3247 3516 3316 Qui

1937 3340 2102 3412 igitur
2131 3355 2198 3396 ex
2235 3341 2488 3412 gentibus
2538 3340 2758 3396 Christo
2806 3338 2902 3394 Dei
2938 3338 3291 3402 credidimus,
3333 3352 3513 3409 quan-

1934 3449 2096 3506 quam
2127 3433 2437 3490 iniidelihus
2461 3433 2763 3490 secundum
2786 3447 3007 3488 carnem
3038 3432 3203 3502 geniti
3235 3432 3511 3502 patribus.

1936 3525 1991 3579 in
2019 3525 2313 3581 Abrahami
2361 3525 2582 3581 domum
2618 3525 2996 3596 migravimus,
3043 3523 3252 3578 Christi
3283 3523 3515 3594 ejusque

1934 3617 2330 3687 discipulorum
2373 3619 2518 3672 nacti
2543 3617 2890 3688 adoptionem
2920 3636 2932 3670 :
2968 3624 3131 3685 atque
3161 3615 3234 3669 ita
3267 3615 3320 3669 in
3347 3615 3512 3669 aliam

1937 3717 2150 3764 nosmet
2190 3707 2576 3779 inscripsimus
2610 3709 2828 3780 generis
2873 3709 3309 3770 successionem,
3339 3707 3514 3762 multo

1935 3815 2135 3857 carnea
2198 3803 2475 3858 meliorem
2538 3809 2762 3872 propter
2816 3801 2873 3856 in
2943 3798 3166 3855 Christo
3225 3812 3514 3869 regenera-

1934 3895 2157 3949 tionem.

2005 4009 2057 4064 5.
2096 4008 2288 4063 Merito
2337 4007 2503 4079 igitur
2547 4006 2761 4070 Lucas,
2809 4021 2934 4062 cum
2980 4005 3048 4062 de
3094 4003 3512 4077 regeneratione
3619 4069 3622 4071 Α

1936 4101 2198 4171 loquitur,
2249 4100 2395 4155 haud
2436 4101 2626 4154 eadem
2667 4115 2774 4169 qua
2820 4097 3104 4153 Matthmu's
3154 4098 3350 4153 semita
3383 4113 3509 4167 per-

1938 4197 2014 4265 git
2045 4213 2056 4247 :
2093 4206 2285 4262 nempe
2311 4208 2418 4246 non
2450 4193 2781 4258 Salomonis,
2814 4207 2920 4246 non
2968 4190 3156 4243 uxoris
3200 4187 3364 4254 Uriae,
3397 4204 3509 4243 non

1936 4285 2241 4351 Thamaraa,
2293 4301 2402 4340 non
2458 4285 2672 4348 Ruthze,
2727 4300 2833 4339 non
2888 4282 3182 4347 Jechonize,
3229 4297 3331 4338 nec
3374 4298 3511 4353 quo-

1936 4379 2145 4435 rumvis
2180 4387 2377 4450 praater
2406 4379 2508 4433 hos
2557 4391 2776 4432 reorum
2822 4375 3154 4431 mentionem
3201 4374 3366 4444 facit;
3413 4376 3510 4431 sed

258 4461 396 4515 ἀλλὰ
427 4463 492 4516 δι’
533 4465 737 4536 ἑτέρων
766 4467 1146 4539 ἀνεπιλήπτων
1179 4470 1374 4536 ἄνεισι,
1405 4474 1498 4527 καὶ
1536 4474 1599 4546 δὴ
1633 4476 1727 4529 καὶ
1768 4478 1833 4530 ἐκ

1940 4486 2034 4540 per
2075 4471 2212 4527 alios
2258 4469 2686 4539 reprehensione
2735 4476 2987 4522 carentes
3036 4465 3306 4537 graditur;
3351 4466 3514 4521 Chri-

256 4552 354 4606 τοῦ
399 4557 670 4627 προφήτου
719 4557 904 4611 Νάθαν
944 4559 1444 4634 ἀναγεγεννημένον
1474 4565 1707 4634 εἰσάγει·
1739 4569 1833 4620 καὶ

256 4648 286 4698 6
319 4646 418 4716 μὲν
450 4648 601 4720 παρὰ
625 4647 701 4719 τῷ
723 4651 987 4723 Ματθαίῳ
1021 4654 1160 4708 κατά
1197 4654 1376 4726 σάρκα
1416 4657 1831 4729 γεγεννημένος,

258 4738 372 4802 υίὸς
415 4735 482 4810 ἦν
525 4741 770 4813 Ἀϐραάμ
802 4743 1048 4799 ἐντεῦθεν
1083 4746 1586 4817 γενεαλογούμενος,
1619 4749 1836 4818 ἐπειδή-

259 4849 366 4903 περ
394 4831 469 4903 τῷ
510 4834 759 4906 ’Λϐραάμ
788 4834 988 4907 πρώτῳ
1021 4837 1054 4908 ή
1086 4839 1385 4906 ἐπαγγελία
1405 4839 1583 4892 δέδοτο
1605 4840 1706 4911 τῆς
1725 4842 1833 4894 τῶν

259 4924 427 4979 ἐθνῶν
459 4925 725 4996 εὐλογίας,
752 4928 850 4980 οὑκ
883 4927 1056 4991 ἄλλως
1103 4928 1136 4999 ἦ
1182 4929 1270 4983 διὰ
1300 4931 1393 4983 τοῦ
1424 4933 1488 4984 ἐκ
1520 4932 1834 5003 σπέρματος

257 5015 424 5071 αὑτοῦ
455 5018 916 5090 προελευσομένου
944 5020 1311 5093 γενησομένης
1327 5040 1339 5051 ·
1359 5024 1387 5075 ὀ
1410 5023 1466 5075 δὲ
1486 5023 1542 5075 ἐν
1562 5022 1679 5094 Θεῷ
1699 5024 1832 5076 ἀνα-ι

258 5111 670 5182 γεγεννημένος,
703 5112 920 5185 ἐτέρους
953 5115 1191 5186 πατέρας
1230 5115 1354 5179 τοὺς
1389 5114 1524 5168 κατά
1553 5114 1684 5169 Θεὸν
1714 5117 1836 5170 ἐπι-

259 5202 628 5274 γραψάμενος,
665 5205 773 5258 οὐδ’
805 5207 1002 5271 αὐτοὺς
1051 5207 1266 5279 ἀληθῶς
1314 5207 1580 5278 ἐσχηκὼς,
1611 5208 1726 5262 ἀλλ’
1760 5211 1836 5275 ὡς

259 5295 538 5366 ἐνομίζετο
579 5297 668 5350 διὰ
715 5297 813 5368 τὴν
859 5298 967 5352 τῶν
1011 5298 1159 5369 ήθῶν
1189 5299 1594 5372 δμοιοτροπίαν,
1628 5302 1834 5357 ἄνεισιν

260 5387 353 5440 ἐπὶ
395 5387 487 5441 τὸν
530 5389 702 5461 ἀληθῆ
747 5390 996 5463 πατέρα,
1046 5391 1185 5461 μετὰ
1229 5393 1440 5458 πάντας
1490 5397 1835 5468 χρηματίσας

264 5486 387 5553 Tib;
419 5488 513 5542 τοῦ
545 5489 700 5543 Θεοῦ.

331 5643 378 5675 ¹⁶
415 5641 554 5700 Gen.
591 5662 682 5711 xv,
719 5645 806 5704 i7.
887 5647 927 5679 ¹⁷
968 5646 1072 5704 lsa.
1110 5663 1160 5714 1,
1199 5645 1287 5705 10.

1939 4573 2193 4633 stumque
2227 4578 2255 4616 a
2288 4562 2548 4633 propheta
2581 4559 2831 4616 Nathano
2860 4560 3209 4631 progenitum
3249 4559 3507 4613 exhibet.

1940 4661 2014 4712 ita
2047 4667 2105 4711 ut
2135 4658 2229 4728 qui
2254 4657 2398 4726 apud
2421 4654 2731 4709 Matthaeum
2761 4653 3060 4708 carnaliter
3081 4651 3344 4723 gignitur,
3368 4650 3509 4705 idem

1939 4749 2085 4822 apud
2109 4749 2312 4804 Lucam
2355 4749 2524 4804 veluti
2556 4746 2850 4801 Abrahami
2882 4745 3026 4800 ﬁlius
3060 4751 3319 4814 ponatur.
3351 4742 3513 4797 Certe

1938 4843 2250 4898 Abrahamo
2282 4840 2427 4896 haud
2462 4840 2620 4894 aliter
2639 4838 2948 4896 benedictio
2970 4836 3209 4907 gentium
3239 4835 3511 4906 promissa
3567 4835 3569 4838 ⁴

1940 4934 2064 4998 fuit,
2109 4950 2270 5007 quam
2306 4934 2451 5002 quod
2485 4949 2547 4988 ea
2579 4933 2762 4986 futura
2804 4937 2921 4985 erat
2964 4929 3035 4983 ob
3076 4925 3403 4998 gignendum
3443 4925 3514 4982 de

1939 5042 2136 5097 genere
2167 5027 2306 5095 ejus.
2341 5028 2518 5097 Atque
2551 5025 2640 5079 hic
2667 5032 2772 5087 est,
2793 5022 2885 5092 qui
2921 5022 2974 5076 in
3004 5020 3111 5075 Deo
3133 5026 3508 5089 regeneratus,

1940 5127 2102 5189 atque
2133 5120 2271 5175 alios
2312 5126 2492 5189 patres
2529 5117 2832 5172 secundum
2870 5113 3035 5168 Deum
3078 5120 3297 5175 nactus,
3329 5126 3388 5166 re
3429 5120 3514 5164 ta-

1939 5229 2062 5268 men
2099 5229 2227 5269 vera
2264 5212 2410 5268 haud
2456 5214 2604 5282 ipsos
2642 5209 2805 5264 habet
2831 5213 3040 5278 patres,
3091 5205 3185 5260 sed
3215 5204 3290 5258 ita
3324 5203 3514 5258 crede-

1937 5306 2098 5362 batur
2131 5312 2353 5377 propter
2387 5319 2600 5360 morum
2630 5299 3048 5358 similitudinem
3088 5315 3100 5351 :
3130 5311 3237 5366 qua
3259 5296 3514 5350 videlicet

1937 5399 2003 5454 ad
2053 5405 2332 5470 parentem
2385 5411 2574 5452 verum
2598 5390 2922 5451 conscendit
2967 5396 3094 5462 post
3131 5402 3324 5444 omnes
3365 5387 3514 5444 exsi-

1939 5500 2090 5550 stcns
2119 5490 2293 5548 Filius
2319 5489 2436 5548 Dei.
