4100 6474
620 363 726 422 899

1344 477 1434 533 ιν.

610 591 860 663 Africani
890 607 1046 661 super
1088 592 1544 733 θειιεαέοηὶῗῶιῖω
1593 592 1648 646 in
1677 593 1847 646 sacris
1881 589 2180 660 Erangeliis

1288 681 1311 717 δ
1496 705 1508 717 .

681 753 736 808 1.
769 749 1026 808 Nonnulli
1071 767 1169 808 seu
1220 752 1588 823 evangelicum
1618 751 1898 806 historiam
1932 747 2183 806 nescien-

609 853 693 902 tes
736 861 833 900 seu
890 844 1195 917 intelligere
1250 851 1628 915 nequeuntes,
1677 842 1956 898 laudativo
1996 858 2183 898 errore

610 937 882 992 insciiiam
910 937 1192 992 cumulant
1223 935 1491 1002 dicentes,
1534 935 1734 990 merito
1765 935 1883 990 fieri
1915 934 2184 991 differen—

609 1037 718 1084 tem
749 1029 1030 1083 nominum
1065 1028 1462 1093 recensionem,
1487 1027 1904 1098 mistionemque
1935 1027 2184 1083 sacerdo-

607 1121 798 1174 talium
851 1134 976 1174 cum
1032 1119 1328 1189 regalibus,
1362 1125 1421 1172 ut
1468 1119 1593 1188 jure
1622 1118 1876 1174 Christus
1923 1120 2181 1175 sacerdos

608 1220 775 1281 atque
811 1226 908 1266 rex
937 1209 1344 1267 demonstretur
1377 1230 1390 1266 :
1428 1212 1586 1281 quasi
1614 1211 1816 1281 aliquis
1850 1211 1917 1266 de
1951 1212 2050 1266 hoc
2074 1211 2182 1266 du—

608 1303 762 1368 bitet,
804 1309 897 1356 aut
943 1301 1103 1356 aliam
1145 1318 1296 1374 spem
1338 1303 1574 1370 habeat;
1613 1318 1808 1374 nempe
1848 1303 1981 1373 quin
2022 1303 2182 1358 Chri-

609 1403 731 1450 stus
757 1401 994 1449 azternus
1027 1394 1098 1450 sit
1133 1393 1277 1465 apud
1313 1392 1530 1449 Patrem
1563 1394 1828 1465 pontifex,
1866 1403 2086 1452 nostras
2130 1395 2182 1450 ei

619 1502 814 1559 preces
846 1488 1107 1544 exhibens
1145 1504 1159 1539 :
1196 1503 1289 1543 rex
1315 1494 1495 1541 autem
1524 1488 2008 1558 supermundialis,
2043 1503 2182 1558 quos

613 1576 869 1633 liberavit
895 1592 1128 1648 pascens
1156 1576 1388 1648 Spiritu,
1415 1579 1600 1633 socius
1620 1578 1846 1633 etl‘ectus
1865 1578 1917 1631 in
1939 1579 2183 1632 omnium

610 1681 794 1722 rerum
826 1669 1241 1739 gubernatione.
1276 1669 1439 1738 Atqui
1468 1684 1565 1724 eos
1596 1669 1848 1739 ignorare
1876 1685 1985 1723 non
2019 1685 2183 1739 Opor-

609 1760 777 1824 tebat,
817 1768 1112 1830 utrumque
1145 1770 1558 1816 numeraturum
1588 1763 1836 1818 ordinem
1870 1779 2042 1834 genus
2061 1779 2184 1820 esse

609 1849 853 1914 Davidis,
878 1866 974 1908 seu
1005 1851 1158 1906 Juda:
1188 1853 1393 1924 regiam
1424 1853 1649 1910 tribum.
1681 1853 1926 1924 Namque
1954 1864 2012 1909 ut
2046 1855 2184 1911 forte

609 1943 871 2014 propheta
917 1942 1202 1998 Natbanus
1252 1944 1437 2010 fuerit,
1483 1954 1536 1999 et
1569 1945 1786 2016 quidem
1819 1947 1982 2001 etiam
2025 1947 2184 2004 Salo-

610 2049 759 2096 mon,
795 2041 849 2088 et
884 2034 1081 2088 horum
1118 2035 1404 2103 utriusque
1441 2050 1660 2104 parens,
1700 2043 1862 2106 atque
1893 2052 1958 2091 ex
1999 2039 2184 2093 multis

609 2121 862 2177 tribubus
889 2122 1198 2192 propheta};
1247 2129 1394 2176 certe
1441 2123 1753 2177 sacerdotes
1784 2122 1927 2175 haud
1959 2123 2186 2191 quilibet

609 2220 766 2266 erant
796 2212 862 2266 de
896 2213 1180 2268 duodecim
1216 2212 1487 2278 tribubus,
1521 2211 1614 2268 sed
1646 2213 1748 2267 soli
1798 2213 1995 2268 levita).
2048 2212 2186 2268 Fru-

609 2310 722 2355 stra
753 2301 917 2372 igitur
937 2303 1302 2373 compositum
1324 2311 1410 2357 est
1431 2302 1808 2370 mendacium;
1843 2320 2020 2374 neque
2047 2320 2186 2374 prae-

624 2394 826 2448 valebit
857 2394 946 2448 hic
977 2408 1156 2448 sermo
1192 2393 1246 2448 in
1279 2393 1522 2449 Ecclesia
1555 2393 1756 2449 Christi
1785 2402 1839 2449 et
1873 2393 1964 2448 Dei
1995 2404 2186 2450 contra

624 2493 898 2540 accuratae
927 2484 1174 2540 veritatis
1196 2492 1408 2556 patres;
1439 2486 1515 2539 ita
1536 2495 1594 2539 ut
1613 2485 1746 2540 falsa
1760 2485 1936 2539 oratio
1967 2501 2186 2542 consar-

617 2577 832 2632 cinetur
863 2578 918 2632 in
947 2577 1149 2634 Christi
1187 2578 1401 2632 laudem
1432 2585 1594 2646 atque
1627 2577 1979 2646 praeconium.

683 2671 738 2721 ‘2.
771 2666 951 2734 Quare
993 2676 1050 2722 ut
1081 2676 1136 2722 et
1179 2668 1254 2722 ita
1292 2668 1632 2738 loquentium
1669 2682 1960 2740 coarguam
2015 2667 2184 2725 insci-

610 2759 760 2826 tiam,
787 2768 840 2816 et
865 2763 919 2815 in
951 2770 1230 2832 posterum
1259 2775 1484 2816 caveam
1521 2775 1590 2815 ne
1617 2761 1741 2831 quis
1774 2760 1828 2815 in
1863 2759 2185 2830 hujusmodi

611 2851 939 2924 imperitiam
975 2853 1244 2916 incurrat,
1272 2867 1459 2907 veram
1490 2860 1766 2922 gestarum
1801 2866 1983 2905 rerum
2014 2850 2187 2904 histo-

611 2945 747 2999 riam
781 2943 1074 3015 proferam.
1131 2943 1354 2998 Scilicet
1403 2943 1547 3014 apud
1586 2943 1859 3000 lsraelitas
1900 2944 2186 3014 prosapia-

611 3053 731 3090 rum
781 3040 1002 3090 nomina
1035 3045 1128 3089 aut
1164 3046 1357 3089 natura
1404 3035 1839 3091 numerabantur
1882 3043 1975 3090 aut
2030 3035 2184 3107 lege;

609 3137 808 3185 natura
838 3128 1082 3200 quidem.
1114 3128 1337 3199 genuini
1368 3128 1584 3198 generis
1613 3128 1998 3194 successione;
2042 3128 2180 3198 lege,

611 3237 734 3277 cum
767 3221 908 3275 alius
942 3221 1200 3291 gignebat
1233 3220 1434 3275 liberos
1463 3221 1649 3276 fratris
1671 3220 1908 3284 nomine,
1932 3220 2025 3290 qui
2059 3235 2185 3290 pro-

610 3314 678 3368 lis
710 3329 904 3383 expers
937 3315 1167 3369 obiisset
1213 3331 1225 3368 :
1259 3328 1385 3367 nam
1424 3314 1550 3383 quia
1598 3317 1841 3367 nondum
1889 3313 2022 3383 ipsis
2060 3327 2185 3383 per-

611 3408 801 3476 spicua
854 3406 1280 3462 resurrectionis
1340 3421 1465 3477 spes
1513 3407 1639 3461 data
1689 3406 1887 3473 fuerat,
1943 3407 2185 3462 futuram

615 3497 1036 3567 promissionem
1082 3495 1440 3550 imitabantur
1487 3496 1893 3552 resurrectione
1945 3496 2180 3562 mortali,

611 3605 679 3644 ne
710 3588 954 3644 defuncti
1001 3603 1198 3642 nomen
1240 3588 1700 3660 exstingueretur.
1729 3586 1842 3661 Age
1888 3603 2018 3643 vero
2047 3604 2186 3659 quo-

612 3682 761 3737 niam
800 3682 869 3747 ii,
912 3681 1004 3752 qui
1053 3681 1155 3734 hac
1188 3681 1504 3751 genealogia
1571 3682 1942 3746 continentur,
1984 3681 2184 3752 partim

610 3789 870 3846 germano
901 3773 1127 3828 traduce
1153 3771 1298 3828 illius
1336 3781 1544 3843 patrem
1571 3780 1901 3829 consecutus
1929 3781 2034 3838 est,
2060 3787 2185 3842 par-

613 3866 708 3920 tim
744 3866 948 3920 abaliis
972 3865 1165 3936 geniti,
1197 3856 1374 3935 neque
1406 3872 1586 3919 tamen
1609 3865 1846 3919 naturali
1870 3864 1963 3920 sed
1998 3865 2186 3920 aliena:

612 3955 963 4028 appellationi
1013 3954 1213 4010 addicti
1249 3953 1500 4022 fuerunt;
1531 3963 1887 4026 utrorumque
1918 3953 2057 4009 facta
2100 3961 2186 4009 est

610 4049 840 4112 mentio,
867 4063 1061 4118 nempe
1098 4055 1152 4102 et
1191 4063 1379 4103 eorum
1414 4048 1504 4117 qui
1538 4031 1862 4119 genuerunt,
1910 4058 1963 4103 et
1995 4061 2185 4103 eorum

612 4141 740 4194 item
770 4139 862 4210 qui
894 4154 993 4209 pro
1023 4139 1372 4211 gignentibus
1415 4139 1585 4194 habiti
1623 4147 1770 4194 sunt.
1815 4137 1894 4191 lta
1931 4146 2184 4194 neutrum

611 4232 965 4304 Evangelium
993 4232 1274 4297 mentitur,
1310 4233 1440 4287 dum
1471 4239 1722 4286 naturam
1745 4237 1996 4288 numerat
2025 4241 2187 4303 atque

685 4389 796 4460 (l2)
820 4388 893 4445 De
913 4389 1015 4444 hac
1039 4389 1240 4445 celebri
1274 4388 1516 4443 Africani
1543 4390 1607 4444 ad
1631 4390 1923 4446 Aristidem
1955 4389 2184 4458 epistola

611 4460 881 4541 videndus
912 4461 968 4514 in
1004 4461 1195 4541 primis
1242 4460 1512 4541 Eusebius
1547 4460 1723 4541 _llis_t‘.'
1757 4464 1884 4541 εδει.
1923 4460 2019 4514 lib.
2056 4477 2105 4541 ι,
2127 4460 2178 4522 7,

612 4549 703 4585 ιιιιι
729 4545 849 4585 81118

612 4549 703 4599 qui
729 4546 849 4599 eius
867 4546 1072 4653 partem
1099 4546 1372 4600 ingentem
1397 4546 1584 4594 reiert,
1610 4547 1640 4584 a
1665 4546 1970 4601 mccpuoro
1995 4546 2179 4599 p05tea

612 4603 838 4671 Callisto
891 4601 1008 4655 list.
1041 4601 1132 4654 lib.
1166 4617 1203 4663 ι,
1237 4601 1324 4662 ll,
1361 4603 1669 4670 repetitam.
1697 4599 1927 4656 Videndi
1957 4601 2180 4671 insuper

615 4670 977 4741 llicronymus
1003 4681 1297 4726 comment.
1329 4674 1394 4723 ad
1431 4671 1620 4725 Matth.
1647 4687 1686 4734 ι,
1714 4672 1814 4733 16ς
1843 4671 2182 4739 Augustinus

612 4741 846 4796 Retract.
884 4743 976 4797 lib.
1015 4759 1072 4803 ιι,
1104 4741 1170 4809 7;
1203 4741 1433 4796 Photius
1464 4741 1585 4796 cod.
1613 4741 1702 4805 34,
1731 4758 1786 4811 p.
1812 4741 2183 4811 22:7denique

612 4812 777 4883 etiam
840 4811 1132 4868 Zacharias
1187 4813 1514 4883 Chrysopol.
1568 4812 1623 4865 in
1678 4810 1799 4868 Bib.
1853 4810 2178 4883 PP.VLugd.

613 4891 656 4938 t.
695 4882 836 4946 XIX,
879 4900 933 4953 p.
976 4883 1098 4944 751,
1141 4883 1195 4938 in
1233 4882 1326 4937 fin.
1366 4883 1671 4952 Caeteroqui
1718 4899 1880 4937 verus
1913 4882 2178 4952 epistola,

613 4969 924 5024 quanquam
952 4954 1092 5007 haud
1129 4956 1372 5024 integrae,
1409 4965 1761 5024 conservator
1795 4953 1971 5024 fuerat
1997 4954 2183 5008 hacte-

612 5023 719 5079 nus
748 5023 800 5078 in
841 5025 1080 5078 Historia
1105 5023 1462 5081 ecclesiastica
1503 5023 1792 5080 Eusebius.
1835 5023 1990 5078 Nunc
2025 5025 2182 5080 nobis

614 5095 848 5152 feliciter
873 5097 1094 5157 accidit,
1133 5106 1189 5149 ut
1232 5097 1284 5149 in
1315 5096 1417 5151 hac
1437 5095 1800 5166 quaestionum
1830 5094 2048 5150 Eusebii
2072 5095 2182 5164 epi-

614 5173 761 5220 tome
784 5181 910 5235 pars
940 5168 1186 5237 quaedam
1211 5167 1358 5237 prior
1373 5166 1617 5237 ejusdem
1639 5167 1882 5237 epistola:
1893 5173 2181 5237 comperta

615 5235 974 5320 primuin‘sit‘,
1002 5235 1287 5320 nempeiab
1318 5235 1727 5320 hoéjnitiogx’ia
1744 5235 1994 5320 ἀκριδῴξ
2010 5251 2183 5306 usque

615 5308 681 5360 ad
701 5306 886 5378 ἐπειδὴ
910 5310 1017 5381 γὰρ
1121 5306 1357 5381 ὀνόματα
1381 5308 1486 5381 τῷν
1507 5308 1676 5381 γενῶν
1691 5311 1756 5381 Δὲν
1788 5306 2033 5381 Ἰσραήλ,
2050 5316 2178 5369 etc.,

615 5393 736 5446 qua:
769 5384 822 5431 in
855 5376 1008 5448 parte
1036 5379 1126 5432 illa
1158 5376 1225 5434 ab
1250 5379 1517 5433 historico
1541 5376 1777 5434 Eusebio
1806 5376 1974 5433 relata
2005 5379 2178 5448 deest,

613 5449 756 5520 apud
781 5447 941 5518 quem
975 5450 1165 5520 incipit
1198 5449 1383 5519 ἐπειδὴ
1419 5450 1546 5520 γάρ,
1577 5458 1680 5520 etc.
1712 5449 1778 5502 Et
1804 5448 2022 5518 quidem
2048 5447 2179 5500 illud

613 5519 742 5590 γάρ,
766 5520 924 5590 enim,
949 5520 1003 5573 in
1026 5519 1309 5575 codicibus
1332 5519 1572 5574 historia:
1593 5519 2178 5590 Eusebianaeexstare,

613 5588 849 5644 testatur
879 5589 1144 5652 Valesius.
1178 5591 1252 5644 ita
1278 5599 1337 5643 ut
1361 5591 1678 5660 acephaluin
1718 5591 1886 5646 fuisse
1916 5588 2183 5658 fragmen-

613 5667 728 5714 tum
769 5661 904 5715 satis
952 5668 1262 5726 constaret;
1307 5676 1451 5714 nunc
1493 5676 1621 5716 vero
1655 5677 1686 5714 a
1724 5669 1908 5715 nostra
1946 5661 2182 5728 epitome

613 5741 839 5800 prorsus
870 5730 1294 5785 demonstratur.
1329 5731 1468 5796 Quid
1505 5732 1648 5801 quod
1684 5733 1738 5784 in
1772 5732 1874 5785 hoc
1904 5745 2047 5801 novo
2070 5729 2181 5783 fra-

607 5799 828 5874 gmento
861 5817 922 5856 ea
963 5815 1190 5872 prorsus
1221 5799 1788 5869 exhibetur‘materia,
1813 5816 1978 5869 quam
2011 5799 2178 5856 Euse-

1295 358 1567 419 EUSEBll
1604 357 2087 419 CESARIENSIS
2125 356 2275 416 OPP.
2308 352 2491 413 PARS
2525 353 3125 415 lll.—EXEGETICA.

2206 490 2255 543 Δ

905 4519 1072 4586 artem
1099 4533 1372 4600 ingentem
1397 4531 1584 4594 refert,
1610 4547 1640 4584 a
1665 4529 1970 4601 Nicephoro
1995 4519 2179 4599 postea
2212 4519 2257 4574 Ῐ)

3750 349 3871 408 900

3022 478 3092 528 A'.

2294 582 2646 653 Ἀφρικανοῦ
2677 584 2807 654 περὶ
2860 583 2973 650 τῆς
3004 583 3074 636 ἐν
3105 582 3228 649 τοῖς
3254 580 3432 649 ἱεροῖς
3463 580 3862 651 Εὺαπτελιοις

2797 655 3182 725 γενεαλογίας
3204 654 3334 723 (ιε).

2351 751 2423 799 α’.
2480 746 2547 800 οἱ
2594 744 2691 816 μὲν
2725 740 2818 798 οὖν
2878 745 2996 816 ἦτοι
3038 745 3136 815 τὴν
3186 741 3549 812 εύαγγελικὴν
3615 738 3864 811 ἱστορίαν

2279 835 2608 908 ἠγνοηκότες
2656 835 2689 906 ἢ
2725 837 2961 889 συνεῖναι
3013 834 3087 904 μὴ
3118 832 3454 904 δυνηθέντες,
3502 828 3868 901 δοξολογούσῃ

2282 929 2459 1000 πλάνῃ
2487 927 2583 999 τὴν
2608 927 2879 996 ἀγνωσίαν
2901 925 3218 980 ἐπύκνωσαν
3243 925 3487 987 εἰπόντες
3521 925 3603 976 ὅτι
3634 921 3866 984 δικαίως

2281 1023 2558 1093 γέγονενὴ
2588 1020 2844 1092 διάφορος
2895 1019 3034 1090 αῦτη
3064 1019 3172 1072 τῶν
3200 1018 3477 1089 ὀνομάτων
3511 1017 3867 1088 καταρίθμη-

2283 1114 2367 1177 σίς
2397 1129 2457 1167 τε
2484 1114 2577 1167 καὶ
2613 1113 2861 1183 ἐπιμιξία
2886 1111 2993 1165 τῶν
3031 1128 3090 1164 τε
3115 1110 3402 1182 ίερατικῶν
3434 1111 3511 1174 ὡς
3535 1104 3647 1162 οἷόν
3671 1125 3735 1162 τε
3768 1108 3869 1162 καὶ

2279 1204 2388 1258 τῶν
2411 1204 2735 1275 βασιλικῶν·
2773 1204 2860 1256 ἴνα
2886 1202 3070 1275 δειχθῇ
3096 1202 3321 1265 δικαίως
3351 1203 3381 1255 ὁ
3411 1200 3647 1272 Χριστὸς
3680 1199 3868 1270 ἱερεύς

2279 1312 2339 1348 τε
2373 1295 2467 1349 καὶ
2495 1295 2746 1366 βασιλεὺς
2765 1296 3083 1366 γενόμενος·
3115 1293 3301 1365 ὥσπερ
3329 1294 3472 1358 τινὸς
3505 1291 3869 1356 ἀπειθοῦντος

2281 1387 2314 1460 ἢ
2345 1387 2538 1459 ἑτέραν
2585 1388 2879 1460 ἐσχηκότος
2916 1387 3105 1441 ἐλπίδα
3128 1406 3140 1417 ·
3169 1389 3250 1441 ὃτι
3288 1385 3519 1456 Χριστὸς
3557 1385 3731 1448 ἀΐδιος
3764 1385 3868 1454 μὲν

2280 1481 2569 1552 ἀρχιερεὺς
2625 1480 2858 1553 Πατρὸς,
2901 1478 3000 1542 τὰς
3045 1479 3315 1551 ἡμετέρας
3344 1476 3479 1550 πρὸς
3509 1476 3672 1530 αὐτὸν
3693 1473 3870 1543 εύχάς

2282 1573 2587 1644 ἀναφέρων,
2621 1573 2869 1643 βασιλεὺς
2896 1573 2940 1626 δ’
2974 1572 3357 1643 ύπερκόσμιος,
3391 1568 3483 1632 οὓς
3516 1566 3868 1638 ἡλευθέριιηε

2284 1665 2460 1736 νέμων
2504 1665 2582 1736 τῷ
2615 1666 2912 1736 Πνεύματι,
2974 1665 3231 1736 συνεργὸς
3266 1666 3344 1726 εἰς
3369 1662 3464 1733 τὴν
3498 1660 3870 1728 διακόσμησιν

2282 1753 2389 1808 τῶν
2435 1755 2568 1808 ὅλων
2623 1755 2908 1824 γενόμενος
2930 1771 2944 1784 ⁸
3011 1755 3187 1808 καίτοι
3253 1753 3466 1820 ἀγνοεῖν
3507 1751 3702 1812 αὐτοὺς
3761 1748 3872 1800 οὐκ

2219 1843 2258 1898 Β
2288 1848 2452 1918 ἐχρῆν
2481 1848 2556 1911 ὡς
2589 1846 2822 1918 ἑκατέρα
2847 1845 2954 1900 τῶν
2975 1843 3473 1916 κατηριθμημένων
3505 1840 3658 1906 τάξις
3685 1839 3747 1891 τὸ
3766 1838 3869 1890 τοῦ

2284 1940 2448 1994 Δαὸίδ
2477 1942 2592 1992 ἐστι
2620 1940 2828 2010 γένοςη
2859 1938 2955 1992 τοῦ
2995 1937 3166 1991 Ἰούδα
3190 1935 3331 2006 φυλὴ
3356 1935 3607 2006 βασιλική
3632 1950 3646 1963 ·
3682 1935 3734 1985 εί
3755 1931 3871 2002 γὰρ

2285 2034 2570 2106 προφήτης
2608 2035 2636 2085 ὁ
2655 2032 2859 2095 Νάθαν,
2891 2031 3004 2085 ἀλλ’
3031 2031 3180 2101 ὅμως
3209 2030 3300 2082 καὶ
3334 2025 3581 2098 Σολομῶν
3606 2028 3636 2080 ὅ
3654 2043 3713 2078 τε
3736 2024 3867 2077 τού-

2283 2142 2391 2178 των
2423 2125 2604 2196 πατὴρ
2638 2123 2897 2194 ἑκατέρου
2916 2139 2929 2153 ο
2956 2124 3020 2176 ὲκ
3061 2119 3272 2175 πολλῶν
3301 2121 3357 2174 δὲ
3396 2118 3578 2190 φυλῶν
3614 2119 3872 2186 ἐγένοντο

2285 2215 2582 2286 προφῆται,
2641 2215 2804 2284 ἱερεῖς
2840 2212 2895 2266 δὲ
2933 2212 2994 2265 ού
3039 2211 3209 2275 δεῖνες
3261 2209 3370 2264 τῶν
3400 2208 3610 2263 δώδεκα
3653 2206 3868 2277 φυλῶν,

2289 2307 2438 2377 μόνοι
2468 2305 2523 2358 δὲ
2537 2303 2758 2358 Λευῖται
2777 2322 2790 2334 ·
2829 2305 3002 2376 μάτην
3027 2304 3134 2375 ἄρα
3164 2301 3471 2356 πέπλασται
3501 2301 3562 2353 τὸ
3588 2299 3869 2370 ἐψευσμέ-

2285 2417 2374 2454 νον
2396 2417 2408 2431 ’
2437 2398 2510 2470 μὴ
2537 2398 2601 2469 δὴ
2627 2399 2855 2470 κρατοίη
2883 2397 3121 2460 τοιοῦτος
3148 2395 3304 2464 λόγος
3336 2396 3394 2447 ὲν
3411 2393 3708 2462 Ἐκκλησία
3722 2393 3768 2444 Χ
3777 2408 3866 2461 ρι-

2287 2488 2412 2542 στοῦ
2442 2489 2534 2541 καὶ
2557 2487 2692 2541 Θεοῦ
2729 2486 2982 2558 πατέρων
3016 2485 3278 2556 ἀκριϐοῦς
3305 2483 3585 2554 ἀληθείας,
3620 2481 3702 2533 ὅτι
3731 2479 3872 2547 ψεῦ-

2285 2581 2370 2646 δος
2405 2581 2686 2649 σύγκειται
2715 2580 2794 2642 είς
2821 2573 2968 2631 αἶνον
2986 2578 3080 2631 καὶ
3102 2575 3408 2644 δοξολογίαν
3435 2572 3692 2646 Χριστοῦ.

2357 2674 2421 2746 β’.
2452 2675 2569 2728 Ἵνα
2612 2668 2705 2727 οῦν
2745 2675 2841 2728 καὶ
2870 2670 3030 2726 τοῦτο
3064 2671 3163 2742 μὲν
3193 2669 3288 2724 τοῦ
3328 2669 3608 2741 εἰρηκότος
3633 2666 3873 2735 ἐλέγξω-

2290 2783 2388 2845 μεν
2441 2767 2539 2839 τὴν
2585 2763 2856 2837 ἀμαθίαν,
2914 2761 3216 2833 παύσωμεν
3273 2761 3330 2814 δὲ
3371 2759 3465 2814 τοῦ
3522 2758 3726 2829 μηδένα
3773 2758 3869 2810 ὑπ’

2285 2859 2509 2928 ἀγνοίας
2559 2858 3030 2930 σκανδαλισθῆναι,
3081 2856 3176 2928 τὴν
3221 2854 3398 2925 ἀληθῆ
3423 2853 3532 2907 τῶν
3561 2851 3870 2920 γεγονότων

2289 2952 2530 3025 ἱστορίαν
2573 2951 2896 3024 ἐκθήσομαι.
2965 2949 3182 3020 Ἐπειδὴ
3236 2946 3344 3018 γάρ
3391 2945 3459 2999 τά
3495 2945 3734 3015 ὀνόματα
3757 2943 3872 2997 τῶν

2287 3045 2460 3114 γενῶν
2509 3048 2565 3098 ὲν
2599 3044 2813 3116 Ἰσραὴλ
2854 3043 3135 3114 ἠριθμεῖτο
3173 3043 3205 3113 ἢ
3237 3040 3395 3110 φύσει
3421 3039 3454 3110 ἦ
3483 3039 3666 3110 νόμῳ·
3701 3037 3871 3108 φύσει

2211 3180 2253 3236 C
2291 3137 2408 3208 μὲν,
2439 3136 2664 3209 γνησίου
2710 3136 3020 3208 σπέρματος
3066 3133 3282 3204 διαδοχῇ
3308 3149 3321 3162 ·
3369 3132 3518 3203 νόμῳ
3549 3129 3656 3236 δὲ,’

2287 3225 2770 3296 παιδοποιουμένου
2811 3227 2890 3289 εἰς
2952 3225 3122 3296 ὄνομα
3169 3223 3592 3292 τελευτήσαντος
3632 3216 3869 3288 ἀδελφοῦ

2287 3317 2514 3372 ἀτέκνου
2535 3335 2548 3348 ⁸
2575 3319 2657 3371 ὅτι
2684 3317 2792 3388 γάρ
2813 3316 3023 3370 οὐδέπω
3045 3316 3227 3379 αὐτοῖς
3246 3314 3425 3368 δέδοτο
3453 3313 3606 3376 ἐλπὶς
3627 3311 3868 3366 ἀναστά-

2290 3429 2427 3475 σεως
2465 3411 2658 3482 σαφὴς,
2711 3409 2808 3482 τὴν
2851 3409 3145 3482 μέλλουσαν
3195 3407 3522 3476 ἐπαγγελίαν
3567 3405 3869 3460 ἀναστάσει

2293 3505 2585 3578 ἐμιμοῦντο
2612 3505 2800 3577 θνητῇ,
2823 3502 2911 3558 ἵνα
2931 3503 3280 3558 ἀνέκλειπτον
3303 3501 3363 3555 τὸ
3391 3501 3562 3572 ὄνομα
3592 3500 3753 3572 μείνῃ
3771 3497 3867 3551 τοῦ

2299 3595 2688 3669 μετηλλαχότος
2707 3612 2720 3625 ·
2776 3595 2898 3648 ἐπεὶ
2965 3589 3058 3647 οῦν
3107 3596 3154 3647 οἱ
3212 3596 3277 3664 τῇ
3327 3590 3646 3662 γενεαλογίᾳ
3697 3589 3869 3661 ταύτῃ

2293 3689 2677 3762 ὲμφερόμενοι,
2705 3688 2752 3739 oi
2777 3687 2874 3757 μὲν
2906 3684 3206 3750 διεδέξαντο
3232 3686 3359 3747 παῖς
3377 3681 3590 3752 πατέρα
3604 3680 3866 3750 γνησίως,

2286 3784 2335 3837 οἱ
2372 3783 2428 3836 δὲ
2469 3782 2674 3854 ἑτέροις
2726 3780 2824 3852 μὲν
2893 3778 3298 3850 ἐγεννήθησαν,
3346 3775 3553 3847 ἑτέροις
3598 3775 3656 3828 δὲ
3699 3791 3872 3845 προσ-

2286 3875 2546 3945 ετέθησαν
2600 3875 2810 3946 κλήσει,
2847 3873 3172 3944 ἀμφοτέρων
3219 3871 3488 3940 γέγονενὴ
3533 3868 3725 3939 μνήμη
3775 3869 3874 3922 καὶ

2286 3969 2394 4022 τῶν
2443 3966 2848 4040 γεγεννηκότων
2888 3965 2984 4021 καὶ
3021 3964 3130 4018 τῶν
3172 3963 3249 4027 ὡς
3287 3959 3695 4031 γεγεννηκότων
3715 3975 3731 3990 ο
3779 3958 3874 4013 οὖ-

2285 4078 2394 4124 τως
2458 4060 2736 4132 οὐδέτερον
2796 4058 2906 4112 τῶν
2959 4056 3303 4126 Εὐαγγελίων
3335 4052 3587 4123 ψεύδεται
3617 4051 3716 4107 καὶ
3767 4052 3872 4121 φύς

2289 4169 2372 4204 σιν
2433 4149 2700 4223 ἁριθμοῦν
2761 4151 2855 4204 καὶ
2905 4147 3068 4219 νόμον
3095 4163 3106 4177 ·
3175 4146 3458 4218 ὲπεπλάκη
3523 4145 3632 4217 γὰρ
3694 4141 3866 4213 ἀλλή-

2287 4241 2398 4306 λοις
2458 4243 2528 4296 τά
2564 4243 2697 4311 γένη
2746 4241 2814 4295 τά
2853 4257 2912 4294 τε
2962 4239 3070 4293 ἀπὸ
3111 4237 3421 4310 Σολομῶνος
3462 4238 3556 4291 καὶ
3601 4234 3698 4288 τοῦ
3744 4234 3866 4288 Νά-

2289 4401 2412 4473 bius
2442 4398 2516 4473 in_
2533 4396 2743 4473 integra
2794 4394 3026 4473 epistola
3052 4409 3138 4473 _se
3178 4393 3377 4473 legisse
3421 4389 3735 4473 signiﬁcat?
3782 4386 3862 4473 lin

2290 4471 2451 4525 verba
2478 4460 2695 4523 Eusebii
2728 4460 2842 4520 loc:
2864 4468 2982 4528 cit.,
3014 4465 3066 4518 id
3095 4473 3202 4526 est,
3236 4460 3363 4518 Hist
3419 4479 3457 4526 1,
3484 4460 3515 4516 7
3543 4480 3556 4515 :
3592 4460 3730 4532 Φέρε
3763 4460 3867 4532 την

2287 4540 2414 4606 περὶ
2444 4537 2647 4592 τούτων
2670 4536 3033 4590 κατελθοῦσαν
3063 4537 3142 4598 εἰς
3165 4536 3310 4606 ἡμᾶς
3336 4533 3574 4606 ἱστορίαν
3603 4529 3869 4606 παραθῶ-

2288 4558 2351 4594 πε
2399 4558 2414 4591 ι
2444 4558 2647 4592 τουτων
2670 4558 3033 4590 κατεΑυουσαν
3063 4558 3142 4598 εις
3165 4558 3310 4606 ημας
3336 4558 3574 4604 ιστυριαν
3603 4558 3866 4600 παρανομι-

2288 4558 2444 4682 μεεα,
2476 4607 2637 4682 ’ἣν-δι’
2653 4607 2949 4682 ἐπιστολῆς
2993 4605 3296 4682 Ἀριστείδῃ
3315 4604 3540 4682 γράφων
3563 4602 3866 4682 περισαμ-

2285 4672 2616 4750 ξρωνίας’τῆς
2648 4681 2704 4750 ὲν
2723 4681 2836 4740 τοῖς
2875 4672 3646 4750 εύαλγγέλίοις’γενεαλογίξιιξὅ
3679 4672 3868 4750 ᾎφεί·

2284 4741 2446 4814 iam;
2470 4741 2858 4821 ‘épvqpéveuce
2875 4764 2888 4777 ο
2910 4741 3033 4821 τᾶς
3057 4741 3475 4821 μὲν-δηλοιπῷν
3503 4741 3765 4821 δύξαίὼς
3797 4741 3867 4792 ἂν

2287 4811 2491 4893 βιαίοῦς
2517 4811 3021 4893 καὶ’διεψευσμένας
3051 4811 3376 4893 ἀπελέγξαςΣ
3411 4813 3543 4893 ἥνδ
3567 4811 3730 4872 αὐτὸς
3759 4827 3867 4893 πα·-

2286 4882 2536 4964 ρείληφ-εν
2577 4882 3110 4964 ίστορίανίτούτοιςΔ
3133 4882 3314 4950 αὐτοῖς
3335 4882 3705 4964 ’ἐκτιθέμενος
3750 4883 3865 4964 τοὶς

2286 4949 2543 5035 mpsim;
2574 4949 2768 5035 ⁸ὲπέίδὴ
2789 4949 2898 5032 γάρ
2929 4959 2997 5035 τρι
3024 4949 3262 5029 ὀνόματα
3293 4949 3756 5035 τῷνιγενῶνηθιο.
3789 4949 3868 5006 De

2283 5024 2372 5087 his
2399 5031 2738 5086 traditionem
2758 5024 2878 5100 qua?
2905 5029 2970 5082 ad
3005 5046 3098 5082 nos
3120 5024 3295 5099 'usque
3323 5024 3548 5078 deducta
3578 5032 3868 5145 utﬁt-opo-

2283 5121 2471 5145 nnnme
2527 5119 2684 5145 natam
2727 5102 3006 5145 Africanus
3039 5101 3092 5145 in
3123 5099 3346 5145 ριιὶςιοιιι
3381 5096 3448 5145 ad
3482 5095 3648 5145 Aristi
3721 5110 3768 5143 ιιι
3799 5092 3866 5145 de

2283 5121 2492 5168 namus,
2527 5119 2684 5174 quam
2722 5092 3006 5174 Africanus
3026 5101 3092 5174 in
3123 5092 3457 5174 (εμιᾶςιοίιιῆᾳά⁸
3482 5092 3768 5174 Aristidem
3799 5092 3866 5174 de

2283 5163 2550 5230 consensu'
2583 5163 2992 5244 evangeliorum
3019 5171 3068 5223 in
3120 5171 3311 5244 stirpe-
3331 5166 3532 5244 Christi
3565 5163 3862 5244 _narranda

2283 5236 2735 5316 commemoravit:
2777 5240 2876 5316 Ubi
2908 5240 3147 5316 aliorum
3185 5236 3394 5309 quidem
3433 5236 3705 5316 opiniones
3737 5243 3861 5284 tan-

2281 5332 2442 5386 quam
2475 5314 2730 5369 violentas
2761 5321 2812 5366 et
2841 5311 2978 5386 falso
3009 5312 3264 5386 conﬁctas
3295 5309 3533 5386 coarguit
3552 5309 3861 5386 ;_ipse_aero

2281 5371 2441 5456 quam
2485 5392 2809 5454 compererat
2841 5371 3134 5456 'historian't
3171 5381 3252 5435 his
3293 5371 3453 5456 refert
3483 5377 3673 5456 uerbis.
3713 5371 3862 5456 Nam

2282 5444 2406 5524 quia
2443 5444 2839 5528 generationum
2870 5455 3105 5517 noniina,
3144 5461 3252 5528 _et_c.
3305 5444 3469 5504 Vides
3501 5444 3861 5528 itaque_a_|ie‘

2283 5515 2474 5582 narum
2509 5527 2849 5598 opinionum,
2892 5532 3081 5598 utpote
3093 5515 3465 5598 violentaer
3498 5526 3660 5587 atque
3686 5515 3860 5595 falsa-.-

2282 5613 2425 5659 rum,
2479 5591 2885 5666 coargutionem
2939 5591 3008 5648 :ib
3056 5593 3321 5666 Africano
3367 5591 3587 5666 factam,
3637 5591 3859 5666 nonnisi

2282 5657 2425 5738 apud
2459 5657 2704 5722 nostram
2736 5665 3047 5736 epitomen,
3086 5664 3272 5720 statim
3310 5662 3486 5727 initio,
3532 5665 3591 5712 ut
3641 5657 3863 5722 debuit,

2283 5755 2532 5794 lllvenll‘l.
