4100 6474
351 317 450 372 901

917 315 1378 383 ρυΑιετιοΝεε
1416 319 1872 376 ΕἾΑΝΟΕΙᾸΟᾸΞ

2044 321 2484 380 STEPHANUM.
2524 355 2594 366 -—
2632 326 2961 392 QUA-ZSTIO
3001 325 3061 383 V.

3511 330 3618 386 902

349 437 481 500 θαν,
527 436 886 490 ἀναστάσεσιν
928 437 1170 491 ἀτέκνων
1213 440 1308 493 καὶ
1352 439 1801 513 δευτερογαμίαις
1839 460 1909 496 κα

2038 444 2228 513 legem.
2255 442 2681 513 Implicabantur
2709 448 2853 501 enim
2884 448 3026 503 inter
3052 462 3110 503 se
3142 463 3340 520 genera
3376 446 3617 502 Sulomo-

347 529 640 583 ἀναστάσει
663 529 993 599 σπερμάτων
1017 547 1029 559 ο
1060 531 1136 594 ὡς
1150 530 1372 594 δικαίως
1395 532 1521 596 τοὺς
1536 534 1732 597 αὐτοὺς
1748 534 1937 588 ἄλλοτε

346 619 522 673 ἄλλων
549 619 863 690 νομίζεσθαι
887 636 900 650 ⁸
929 619 1037 673 τῶν
1076 623 1172 692 μὲν
1197 622 1496 675 δοκούντων
1526 624 1804 695 πατέρων,
1825 625 1937 680 τῶν

344 711 402 763 δὲ
425 709 783 781 ὑπαρχόντων
804 728 817 740 °
845 712 938 764 καὶ
959 713 1386 797 ἀμφοτέραςντὰς
1421 715 1698 786 διηγήσεις
1731 719 1936 789 κυρίως

347 802 567 872 ἀληθεῖς
600 799 762 864 οὔσας
789 803 883 855 ἐπὶ
916 803 1005 856 τὸν
1044 805 1240 876 Ἰωσὴφ
1268 806 1622 870 πολυπλόκως
1655 809 1772 879 μὲν,
1820 810 1934 863 ἀλλ’

343 893 590 964 ἀκριϐῶς
623 894 922 948 κατελθεῖν.
950 896 1066 949 Ἵνα
1088 895 1144 948 δὲ
1173 898 1340 966 σαφὲς
1431 899 1490 951 τὸ
1509 898 1814 970 λεγόμενον,
1835 901 1934 973 τὴν

345 986 658 1057 ἐπαλλαγὴν
688 987 796 1040 τῶν
829 987 1002 1056 γενῶν
1030 988 1364 1060 διηγήσομαι
1392 991 1528 1060 (15).
1564 991 1629 1043 'H
1664 991 1805 1044 κατὰ
1835 993 1934 1061 φύ-

345 1095 430 1131 σιν
451 1079 663 1146 γένεσις
691 1079 809 1132 ἔστι
857 1079 1136 1135 Ματθαίου
1161 1098 1174 1110 ·
1207 1084 1239 1150 ἡ
1273 1083 1414 1135 κατὰ
1446 1082 1608 1153 νόμον
1638 1084 1934 1150 ἀνάστασις

343 1170 552 1237 γένους,
585 1171 730 1225 ἔστιν
761 1176 793 1244 ἡ
829 1173 922 1226 τοῦ
967 1175 1176 1227 Λουκᾶ·
1211 1175 1437 1229 Ματθὰν
1475 1178 1504 1229 6
1537 1176 1648 1230 ἀπὸ
1680 1177 1933 1246 Σολομῶ-

341 1279 450 1326 νος,
468 1265 723 1336 ἐγέννησε
743 1265 834 1318 τὸν
851 1265 1044 1319 Ἰακώὸ
1059 1284 1072 1297 ο
1099 1266 1324 1321 Ματθὰν
1345 1268 1729 1334 ἀποθανόντος,
1754 1269 1932 1342 Μελχ)⁸

339 1357 368 1406 6
417 1357 528 1409 ἀπὸ
568 1358 752 1411 Νάθαν
795 1360 859 1411 ὲκ
889 1360 988 1430 τῆς
1027 1360 1196 1431 αὐτῆς
1247 1361 1505 1430 γυναικὸς
1554 1362 1808 1434 ἐγέννησε
1841 1363 1930 1418 τὸν

349 1448 504 1500 Ἢλί’
554 1451 881 1522 ὁμομήτριοι
935 1452 1045 1524 ἄρα
1091 1452 1334 1521 ἀδελφοὶ,
1379 1453 1500 1506 Ἠλὶ
1552 1455 1646 1508 καὶ
1702 1455 1926 1508 Ίακώ6’

352 1541 468 1594 Ἠλὶ
490 1542 720 1596 ἀτέκνου
750 1543 1133 1609 ἀποθανόντος,
1162 1547 1190 1598 6
1229 1544 1420 1600 Ἰακὼό
1456 1545 1749 1618 ἀνέστησεν
1782 1547 1928 1618 αὑτῴ

341 1630 604 1702 σπέρμα,
662 1633 931 1704 γεννήσας
980 1634 1070 1687 τὸν
1142 1635 1364 1706 Ἰωσὴφ,
1429 1636 1568 1690 κατά
1617 1637 1775 1706 φύσιν
1831 1641 1927 1710 μὲν

341 1722 542 1794 ὲαντῷ,
593 1725 734 1777 κατὰ
763 1725 926 1795 νόμον
977 1727 1034 1780 δὲ
1084 1726 1162 1797 τῷ
1206 1727 1353 1780 Ἦλί·
1385 1727 1558 1793 οὕτως
1603 1730 1926 1803 ἀμφοτέρων

340 1813 450 1877 υίὸς
491 1815 686 1886 Ἰωσήφ
723 1814 770 1885 (1
780 1815 854 1886 ὁ).

1089 2014 1162 2068 κ’.

336 2126 442 2179 Διὰ
488 2126 545 2178 τί
569 2128 622 2195 rd
668 2124 967 2195 Ματθαῖος
1012 2125 1118 2178 τοῦ
1179 2125 1426 2195 Ἀϐραὰμ
1454 2125 1766 2193 προτάττει
1795 2124 1918 2178 τὸν

409 2194 587 2248 Δαϐὶδ
607 2195 678 2247 ἐν
719 2195 797 2267 τῇ
823 2194 930 2248 τοῦ
981 2196 1242 2267 Χριστοῦ
1283 2194 1633 2267 γενέαλογίᾳ
1676 2196 1911 2267 φήσαςι

405 2267 620 2330 Βίϐλος
667 2265 955 2334 γενέσεως
1000 2265 1195 2332 Ἰησοῦ
1239 2265 1516 2334 Χριστοῦ,
1545 2265 1687 2320 vim?
1718 2265 1913 2328 Δαϐὶδ,

410 2336 546 2389 υἱοῦ
603 2334 865 2403 Ἀϐραάμ.

406 2448 476 2500 α’.
510 2447 726 2518 Ἐπειδὴ
758 2445 958 2517 πρώτῳ
989 2447 1082 2500 καὶ
1109 2448 1256 2518 μόνῳ
1285 2448 1361 2519 τῷ
1399 2448 1564 2502 Δαόὶδ
1597 2447 1715 2520 μεθ’
1754 2449 1914 2520 ὅρκου

334 2538 788 2605 διαδεδαιὼσεως,
830 2541 888 2607 ἐξ
943 2541 1109 2594 αὑτοῦ
1148 2541 1290 2596 κατὰ
1329 2543 1508 2614 σάρκα
1540 2542 1701 2611 φῦναι
1728 2545 1756 2595 6
1784 2544 1918 2614 Χρι·

336 2631 462 2694 στὸς
485 2629 802 2694 ὲθεσπίζετο
829 2647 841 2660 ’
879 2631 1190 2702 γέγραπται
1225 2629 1345 2686 οὖν·
1386 2653 1402 2684 ι
1455 2634 1547 2686 Ἐκ
1584 2633 1796 2705 καρποῦ
1819 2635 1916 2705 τῆς

329 2722 540 2784 κοιλίας
599 2739 693 2775 σου
759 2721 992 2794 θήσομαι
1055 2725 1146 2776 ἐπὶ
1194 2724 1288 2777 τὸν
1349 2725 1536 2796 θρόνον
1577 2743 1690 2778 σου.
1745 2743 1761 2776 ι
1806 2725 1915 2776 Καὶ

333 2814 532 2868 πάλων
589 2831 606 2862 ι
648 2810 914 2882 Διεθέμην
971 2813 1233 2886 διαθήκην
1285 2817 1399 2879 τοῖς
1447 2815 1720 2878 ἐκλεκτοῖς
1777 2833 1910 2886 μου·

331 2905 522 2976 ῶμοσα
575 2909 738 2961 Δασὶδ
787 2908 863 2980 τῷ
901 2907 1070 2978 δούλῳ
1129 2924 1261 2978 μου’
1294 2907 1399 2970 ἕως
1431 2909 1524 2960 τοῦ
1565 2907 1756 2970 αίῶνςς
1779 2909 1914 2960 ἑτοι-

335 2996 494 3066 μάσω
518 2997 578 3049 τὸ
618 2999 840 3070 σπέρμα
874 3016 990 3063 σου,
1018 2998 1107 3052 καὶ
1139 2998 1480 3069 οἰκοδομήσω
1501 2999 1581 3060 είς
1609 2997 1800 3067 γενεὰν
1821 2998 1913 3050 καὶ

328 3089 523 3157 γενεὰν
561 3089 651 3143 τὸν
679 3090 868 3162 θρόνον
916 3107 1030 3144 σου.
1067 3109 1084 3142 ι
1111 3089 1219 3142 Καὶ
1243 3089 1311 3142 τὰ
1339 3089 1440 3159 μὲν
1467 3091 1562 3160 τῆς
1584 3090 1911 3158 ἐπαγγελίας

2039 533 2221 588 nicum
2257 544 2311 590 et
2344 533 2707 591 Natbanicum
2761 538 3202 608 reparationibus
3249 539 3516 595 sterilium
3559 546 3617 596 et

2038 625 2294 682 secundis
2332 627 2541 697 nuptiis
2571 634 2627 683 et
2660 629 2927 684 seminum
2967 631 3326 686 suscitatione
3380 645 3394 682 :
3443 629 3517 684 ita
3550 639 3610 685 ut

2039 716 2234 771 merito
2262 716 2424 773 iidem
2457 718 2706 774 homines
2736 720 2873 776 alias
2902 722 3023 777 aliis
3043 724 3294 792 patribus
3323 724 3608 779 ascriban—

2040 815 2148 870 tur,
2185 822 2380 877 nempe
2407 816 2460 864 et
2482 809 2551 865 iis
2583 811 2675 882 qui
2704 812 2908 882 specie,
2937 821 2990 867 et
3021 829 3214 869 rursus
3251 815 3319 870 iis
3354 817 3447 885 qui
3481 831 3606 871 rea-

2047 914 2146 968 pse
2167 901 2441 970 genitores
2464 911 2592 957 sunt
2623 923 2635 958 :
2674 913 2836 974 atque
2861 905 3034 959 ambae
3060 906 3403 962 narrationes
3426 908 3610 978 appri-

2034 1004 2122 1043 me
2152 1004 2295 1044 vera:
2341 990 2408 1044 ad
2469 990 2764 1062 Josephum
2802 995 2953 1049 varie
3003 995 3220 1064 quidem
3280 997 3375 1052 sed
3431 1012 3613 1056 tamen

2035 1079 2100 1130 ad
2142 1081 2402 1135 amussim
2435 1081 2745 1138 deveniant.
2775 1082 2844 1138 Ut
2878 1093 3056 1140 autem
3082 1085 3228 1156 quod
3267 1087 3358 1142 aio
3402 1094 3610 1158 persmv

2038 1184 2201 1224 cuum
2233 1172 2346 1237 ﬁat,
2371 1177 2824 1243 permutationem
2848 1193 3114 1246 generum
3133 1177 3477 1248 patefaciant.
3505 1179 3610 1234 Ge-

2032 1263 2247 1317 neratio
2275 1265 2542 1320 naturalis
2571 1275 2656 1320 est
2682 1266 2773 1319 illa
2808 1266 3046 1322 Matthxi
3083 1287 3096 1324 :
3127 1269 3344 1338 generis
3373 1272 3609 1325 suscita-

2032 1353 2108 1408 tio
2140 1355 2328 1425 legalis
2351 1363 2432 1412 est
2459 1357 2548 1410 illa
2571 1357 2748 1412 Lucae.
2777 1357 3086 1416 Matthanus
3108 1359 3396 1415 Salomone
3419 1363 3607 1417 oriun-

2029 1445 2132 1502 dus
2191 1450 2378 1518 genuit
2437 1448 2722 1504 Jacobum.
2767 1451 3045 1506 Matthano
3086 1451 3366 1518 defuncto,
3410 1453 3604 1511 Melchi

2028 1537 2278 1592 Nathano
2310 1539 2599 1606 oriundus,
2628 1555 2659 1594 e
2691 1539 2950 1596 Matthani
2991 1559 3161 1598 uxore
3203 1543 3378 1597 llelim
3413 1560 3605 1601 susce-

2027 1629 2126 1700 pit.
2171 1628 2336 1699 lgitur
2377 1631 2576 1684 uterini
2635 1631 2830 1687 fratres
2889 1631 3007 1688 l‘leli
3071 1642 3125 1689 et
3169 1633 3430 1690 Jacobus.
3480 1636 3602 1693 Heli

2026 1720 2242 1765 mortuo
2277 1713 2396 1767 sine
2439 1714 2647 1777 liberis,
2679 1713 2918 1771 Jacobus
2967 1719 3227 1772 excitavit
3258 1719 3307 1773 ei
3357 1723 3599 1778 sobolem

1937 1809 1985 1867 Β
2013 1804 2195 1874 genito
2217 1803 2474 1876 Josepho,
2499 1823 2600 1862 suo
2627 1809 2956 1864 naturaliter
2984 1809 3114 1876 lilio,
3146 1827 3212 1866 ex
3240 1812 3377 1883 legis
3407 1823 3601 1872 autem

2021 1893 2194 1951 forma
2222 1896 2340 1953 Heli
2376 1899 2504 1954 lilio.
2541 1899 2631 1954 Sic
2661 1901 2948 1972 utriusque
2980 1902 3120 1959 ﬁlius
3149 1901 3447 1975 Iosephus.

2772 2012 2837 2068 V.

2019 2125 2456 2200 CurMattharus
2509 2139 2630 2183 ante
2670 2130 3035 2200 Abrahamum
3065 2143 3224 2200 ponat
3256 2132 3506 2188 Davidem
3543 2137 3598 2190 in

2088 2197 2285 2271 C_I_tristi
2314 2200 2614 2271 genealogia
2641 2199 2819 2254 dicens
2849 2217 2866 2253 :
2895 2197 3073 2255 Liber'
3093 2205 3442 2271 generationis
3467 2204 3598 2261 Jeatt

2088 2257 2436 2338 Claram/sui
2461 2257 2704 2335 pavidis,
2736 2271 2838 2340 ﬁlii
2863 2257 3174 2328 Abrahami.

2089 2444 2138 2498 i.
2174 2443 2271 2500 Rei
2308 2459 2474 2500 causa
2498 2453 2582 2500 est
2607 2445 2735 2515 quia
2773 2446 2950 2516 primo
2981 2446 3191 2517 solique
3221 2428 3413 2502 Davidi
3454 2448 3599 2503 vati-

2016 2535 2220 2589 cinium
2271 2536 3053 2605 jurejurando-conﬁrmatum
3094 2539 3214 2604 fuit,
3265 2539 3379 2595 fore
3419 2548 3477 2594 ut
3525 2556 3596 2596 ex

2016 2641 2081 2681 eo
2121 2625 2374 2682 Christus
2425 2628 2744 2684 humanitus
2800 2637 3138 2685 nasceretur.
3187 2629 3462 2702 Scriptum
3507 2641 3595 2687 est

2015 2717 2159 2772 enim
2201 2735 2214 2770 :
2251 2736 2270 2768 ι
2305 2717 2380 2774 De
2416 2718 2596 2774 fructu
2628 2721 2834 2776 ventris
2865 2722 2942 2775 tui
2987 2738 3184 2792 ponam
3217 2739 3382 2794 super
3411 2724 3595 2779 sedem

2016 2817 2166 2862 tuam
2209 2810 2273 2865 ⁸⁸.
2317 2829 2335 2861 ι
2374 2808 2739 2882 Rursusque:
2774 2831 2794 2864 ι
2844 2812 3015 2868 Posui
3055 2823 3437 2870 testamentum
3484 2815 3594 2870 ele-

2014 2901 2118 2956 ctis
2158 2902 2326 2969 meis;
2348 2902 2530 2971 juravi
2556 2902 2743 2956 Davidi
2773 2918 2931 2958 servo
2961 2920 3103 2969 meo,
3145 2921 3319 2976 usque
3346 2911 3402 2960 in
3433 2913 3594 2961 aeter-

2013 3009 2141 3046 num
2179 2996 2495 3065 praeparabo
2523 3011 2708 3050 semen
2742 3003 2926 3062 tuum;
2957 3004 3010 3050 et
3039 2997 3318 3052 aedificabo
3342 2999 3397 3052 in
3423 3015 3590 3067 gene-

2013 3082 2280 3138 rationem
2308 3091 2362 3138 et
2392 3085 2802 3154 generationem
2845 3085 3031 3140 sedem
3068 3095 3216 3141 tuam
3253 3088 3315 3142 η.
3367 3108 3385 3141 ι
3413 3089 3590 3161 Atque

326 3177 421 3230 τοῦ
457 3157 954 3250 προφητεθομένου,
1004 3178 1228 3232 τοιαῦτα
1257 3157 1358 3249 ἦνλ
1393 3178 1486 3231 τοῦ
1521 3157 1577 3231 δὲ
1605 3157 1910 3250 Σολομῶνος

2014 3172 2097 3228 ba:
2118 3181 2246 3228 sunt
2268 3173 2336 3229 de
2362 3175 2620 3245 praedicto
2650 3177 3062 3246 promissiones.
3091 3177 3262 3250 Regni
3288 3189 3466 3237 autem
3495 3157 3590 3240 Sa-

328 3270 427 3338 τῆς
469 3270 743 3339 βασιλείας
782 3273 882 3325 οὐκ
923 3270 1116 3342 ἄδηλος
1147 3271 1175 3322 6
1207 3269 1432 3342 χρόνος”
1473 3270 1690 3339 λέγεται
1731 3271 1788 3324 δὲ
1819 3268 1912 3326 οὖν

327 3361 421 3412 ἐπὶ
444 3360 628 3429 μόνοις
678 3362 822 3415 ἔτεσι
876 3363 1284 3432 τεσσαράκοντα
1328 3361 1642 3432 βασιλεῦσαι
1690 3363 1780 3414 ἐπὶ
1823 3363 1912 3418 τὸν

339 3449 586 3520 Ἰσραήλ·
642 3451 757 3514 πῶς
801 3447 893 3504 οὖν
918 3453 1114 3520 γένοιτ’
1147 3452 1212 3505 ἂν
1240 3451 1440 3524 ἀληθὲς
1466 3455 1545 3516 είς
1580 3452 1739 3505 αὐτὸν
1777 3456 1910 3506 ἁνα-

326 3542 653 3613 φερόμενον·
721 3563 739 3594 ι
795 3544 1110 3616 Ἀνορθώσω
1173 3546 1264 3598 τὸν
1339 3544 1528 3614 θρόνον
1603 3544 1765 3598 αὐτοῦ
1830 3549 1908 3610 είς

323 3634 416 3688 τὸν
447 3632 652 3700 αίῶνα;
693 3653 711 3686 ι
759 3634 898 3688 Ἀλλ’
931 3636 980 3687 εί
1015 3635 1159 3704 λέγοι
1197 3652 1281 3699 τις
1307 3637 1434 3707 περὶ
1488 3636 1585 3706 τῆς
1634 3636 1693 3702 ἐξ
1740 3634 1904 3689 αὐτοῦ

323 3726 576 3798 διαδοχῆς
629 3728 881 3800 εἰρῆσθαι
941 3729 1148 3795 ταῦτα,
1189 3730 1289 3782 οὐκ
1336 3729 1623 3800 ἀγνοητέον
1682 3729 1763 3783 ὅτι
1807 3729 1902 3799 μέ-

320 3835 442 3888 χρις
502 3817 747 3888 Ἰεχονίου
810 3819 903 3871 καὶ
959 3820 1056 3890 τῆς
1110 3819 1191 3882 είς
1259 3818 1554 3872 Βαόυλῶνα
1617 3817 1898 3888 αίχμαλω-

323 3909 464 3973 σίας,
502 3910 595 3963 καὶ
641 3913 673 3981 ἡ
708 3910 816 3963 ἀπὸ
866 3910 1028 3964 Δαὸὶδ
1071 3915 1165 3963 καὶ
1209 3909 1520 3980 Σολομῶνος
1556 3909 1769 3981 διαδοχὴ
1803 3911 1901 3982 τῆς

320 4000 596 4070 βασιλείας
625 4001 907 4073 διήρκησε,
943 4001 1171 4072 μηδενὸς
1199 4001 1342 4072 μετὰ
1376 4003 1467 4054 τὸν
1511 4003 1766 4074 Ἰεχονίαν
1806 4005 1900 4057 ἐπὶ

316 4089 408 4142 τὸν
435 4090 621 4160 θρόνον
665 4090 758 4144 τοῦ
811 4090 972 4143 Δαεὶδ
1028 4092 1413 4157 καταστάντος.
1449 4092 1557 4147 Θέα
1595 4093 1652 4146 δὲ
1700 4094 1775 4156 ὼς
1807 4096 1898 4148 καὶ

315 4183 472 4236 τοῦτο
490 4183 826 4255 προσέθηκεν
845 4187 878 4255 ή
908 4185 1210 4256 προφητεία
1234 4186 1363 4256 περὶ
1389 4185 1480 4239 τοῦ
1504 4185 1894 4258 θεσπιζομένου

2017 3263 2269 3318 lomonici
2306 3265 2541 3334 spatium
2568 3280 2676 3318 non
2709 3274 2795 3320 est
2831 3267 3127 3321 obscurum
3161 3269 3400 3324 :dicitur
3437 3273 3586 3328 enim

2012 3354 2374 3426 quadraginta
2413 3358 2793 3413 tantummodo
2824 3358 2984 3415 annis
3041 3359 3260 3416 lsraelis
3303 3372 3585 3434 sceptrum

2013 3447 2274 3503 tenuisse.
2303 3448 2405 3514 Qui
2429 3464 2559 3520 ergo
2583 3448 2697 3504 ﬁeri
2729 3458 2908 3520 potest
2939 3460 3000 3506 ut
3019 3468 3145 3508 vere
3174 3454 3241 3508 ad
3259 3455 3405 3511 hunc
3443 3457 3586 3514 refe-

2011 3547 2203 3592 rantur
2247 3540 2456 3594 verba:
2497 3563 2514 3592 ι
2573 3539 2790 3612 Erigam
2841 3543 3097 3599 thronum
3145 3544 3267 3614 ejus
3325 3547 3381 3602 in
3424 3557 3583 3605 aeter-

2008 3645 2137 3684 num
2166 3631 2252 3685 "?
2288 3651 2306 3683 ›
2336 3631 2491 3697 Quod
2524 3633 2568 3687 si
2601 3633 2727 3702 quis
2772 3634 2938 3698 dicat,
2977 3636 3092 3691 haec
3150 3637 3218 3692 de
3253 3640 3398 3710 regia
3435 3640 3580 3698 illius

2008 3723 2357 3779 successione
2382 3722 2553 3778 Deum
2597 3741 2721 3781 esse
2749 3726 3022 3794 locutum;
3058 3744 3168 3784 non
3205 3739 3290 3786 est
3322 3731 3580 3802 ignoran-

2005 3813 2155 3877 dum,
2190 3830 2363 3884 usque
2393 3816 2771 3872 tantummodo
2801 3817 2868 3872 ad
2906 3816 3222 3874 Jechoniam
3247 3829 3302 3876 et
3343 3821 3576 3894 Babylo-

2003 3905 2182 3958 nicam
2213 3906 2602 3975 captivitatem,
2651 3905 2894 3964 Davidici
2941 3923 3006 3963 ac
3053 3908 3386 3966 Salomonici
3416 3913 3573 3984 regni

2003 3998 2407 4053 successionem
2455 3999 2913 4068 perseveravisse.
2949 4000 3166 4056 nemine
3210 4010 3333 4072 post
3373 4001 3569 4058 Jecho—

2000 4091 2143 4144 niam
2184 4090 2238 4144 in
2281 4093 2427 4158 regia
2461 4091 2676 4148 Davidis
2721 4091 2850 4148 sede
2881 4093 3204 4148 constituto.
3228 4095 3292 4149 Et
3322 4097 3570 4151 animad-

1997 4194 2145 4239 verte
2166 4184 2242 4238 uti
2270 4185 2370 4239 boc
2393 4185 2554 4239 etiam
2579 4183 2848 4240 addiderit
2874 4186 3159 4256 prepbetia
3193 4185 3260 4242 de
3296 4189 3567 4258 promisso

318 4277 541 4347 φήσασα
560 4293 573 4306 ο
614 4294 634 4328 ι
678 4275 818 4346 Ἐγὼ
845 4275 1036 4346 ἔσομαι
1065 4276 1212 4347 αὐτῷ
1239 4278 1322 4340 είς
1346 4277 1555 4350 πατέρα
1578 4294 1593 4309 °
1627 4280 1716 4333 καὶ
1736 4280 1897 4343 αὐτὸς

2011 4272 2238 4343 germine
2273 4273 2460 4328 dicens
2489 4292 2504 4328 :
2539 4293 2557 4324 ι
2598 4273 2710 4345 Ego
2735 4289 2831 4330 ero
2861 4275 2937 4329 illi
2977 4277 3032 4329 in
3073 4283 3316 4346 patrem;
3363 4288 3416 4333 ct
3452 4279 3566 4349 ipse

315 4369 467 4422 ἐσται
518 4386 608 4440 μοι
649 4371 729 4433 είς
769 4368 902 4422 υἱόν.
943 4387 960 4418 ι
994 4369 1102 4421 Καὶ
1129 4370 1188 4421 ὲν
1225 4371 1394 4442 ἑτέρῳ
1427 4371 1589 4425 πάλιν
1612 4388 1624 4401 '
1667 4390 1686 4423 ι
1722 4371 1892 4436 Αὐτὸς

2011 4364 2098 4417 erit
2123 4365 2254 4418 mihi
2291 4364 2346 4418 in
2379 4364 2548 4418 (ilium
2578 4365 2643 4422 “.
2679 4385 2699 4417 ›
2733 4364 3054 4437 Rursusque
3080 4367 3208 4422 alibi
3238 4385 3252 4423 :
3291 4387 3309 4420 ι
3338 4369 3458 4439 Ipse
3483 4371 3564 4424 in-

312 4461 690 4514 ὲπικαλέσεταί
731 4476 821 4531 με’
865 4461 1054 4532 Πατήρ
1090 4477 1190 4532 μου
1215 4457 1268 4514 εἴ
1298 4462 1361 4514 σύ
1384 4479 1398 4493 ο
1431 4461 1586 4531 κάγὼ
1617 4463 1888 4535 πρωτότο-

2011 4453 2208 4508 vocabit
2238 4469 2344 4518 me,
2367 4453 2528 4508 Pater
2550 4470 2701 4511 meus
2725 4471 2785 4511 es
2817 4464 2872 4510 tu
2894 4473 2908 4523 ;
2931 4463 2986 4508 et
3012 4471 3112 4527 ego
3142 4456 3561 4528 primogenitum

309 4569 407 4605 κον
456 4551 688 4624 θήσομαι
719 4551 910 4604 αὐτόν·
951 4570 970 4603 ι
1000 4552 1137 4622 ὅπερ
1169 4551 1434 4605 ἀνοίκειον
1476 4551 1669 4622 γένοιτ’
1697 4551 1762 4606 ἂν
1794 4551 1890 4603 Σοο

309 4643 535 4715 λομῶνι.

381 4735 445 4806 β’.
478 4735 818 4809 Παραθετέον
837 4735 893 4788 δὲ
920 4737 988 4789 τὰ
1009 4755 1072 4790 πε
1083 4738 1133 4809 pi.
1148 4738 1310 4791 αὐτοῦ
1331 4740 1388 4793 ὲν
1405 4739 1709 4804 Βασιλείαις
1741 4740 1885 4794 ίστο-

307 4829 548 4900 ροὺμενα
576 4830 633 4883 ὲν
666 4828 906 4892 τούτοιςο
954 4848 972 4881 ι
1016 4830 1125 4884 Καὶ
1171 4833 1197 4883 6
1234 4831 1484 4901 βασιλεὺς
1532 4832 1781 4902 Σολομῶν
1815 4828 1884 4906 ἦν

305 4921 599 4993 φιλογύνης
625 4939 637 4952 ·
680 4923 773 4974 καὶ
808 4921 965 4974 ἔλαϐε
1006 4925 1269 4990 γυναῖκας
1313 4923 1599 4994 ἀλλοτρίας
1643 4923 1842 4989 πολλάς
1867 4939 1880 4954 '

301 5014 396 5067 καὶ
425 5013 524 5084 τὴν
558 5013 830 5086 θυγατέρα
868 5014 1084 5085 Φαραὼ,
1118 5015 1487 5078 Μωαϐίτιδας,
1526 5016 1619 5068 καὶ
1661 5016 1876 5085 Ἀμμα-

299 5105 522 5172 νίτιδας,
551 5106 644 5159 καὶ
688 5107 1008 5178 Ἰδουμαίας,
1029 5107 1530 5179 Σύρας,Χετταίας,
1563 5109 1656 5161 καὶ⁵
1684 5109 1878 5179 Ἀμορ-

1993 4563 2190 4618 ponam
2230 4549 2380 4602 illum
2413 4549 2458 4580 "
2495 4567 2507 4602 :
2562 4566 2580 4600 ι
2619 4563 2741 4618 quae
2779 4548 3192 4619 incongruentia
3236 4557 3364 4604 sunt
3408 4548 3562 4605 Salo-

1990 4641 2161 4696 moni.

2057 4732 2113 4787 2.
2145 4731 2500 4804 Adjungenda
2532 4737 2662 4787 sunt
2691 4729 2856 4786 etiam
2886 4745 3008 4801 quae
3034 4730 3102 4786 de
3131 4730 3321 4786 eodem
3366 4731 3420 4786 in
3452 4731 3556 4788 Re—

1987 4843 2112 4898 gum
2154 4826 2308 4880 libris
2335 4831 2626 4880 narrantur
2665 4821 2746 4878 sic
2793 4841 2807 4878 :
2854 4841 2873 4875 ι
2933 4822 3106 4878 Porro
3158 4838 3252 4878 rex
3299 4823 3554 4879 Salomon

1988 4922 2315 4976 mulierosus
2357 4927 2512 4985 erat;
2546 4918 2810 4988 duxitque
2840 4933 3042 4973 uxores
3063 4917 3396 4987 alienigenas
3415 4919 3552 4972 mul-

1983 5023 2101 5079 tas;
2131 5011 2294 5066 ﬁliam
2326 5011 2647 5076 Pharaonis,
2671 5019 2724 5066 et
2751 5009 3098 5074 Moabitidas,
3131 5010 3552 5078 Ammonitidas,

1983 5105 2267 5170 Idumaeas,
2308 5103 2492 5174 Syras,
2532 5101 2821 5164 Cltettatas,
2853 5101 3194 5156 Amorrltaeas
3225 5119 3239 5154 :
3271 5100 3338 5155 de
3371 5100 3549 5172 genti-
3580 5172 3587 5178 ἤ

371 5311 418 5346 ³⁸
453 5308 596 5367 Psal.
630 5325 828 5376 cxxn,
861 5311 914 5366 2.
993 5311 1036 5344 ¹⁹
1073 5309 1217 5366 Psal.
1249 5325 1521 5375 uxxmt,
1557 5309 1612 5364 4.
1690 5308 1736 5340 ⁸⁸
1773 5305 1819 5362 ll
1846 5304 1982 5376 Reg.
2004 5305 2210 5369 vu,l'5.
2286 5305 2326 5334 "
2353 5302 2394 5355 ll
2435 5302 2565 5372 Reg.
2601 5318 2696 5364 vn,
2741 5301 2826 5355 Μ.
2904 5301 2947 5332 ⁸⁸
2988 5299 3128 5355 Psal.
3153 5316 3421 5368 Lxxxvm,
3456 5303 3545 5363 27.

367 5489 480 5556 (ίὸὶ
518 5490 729 5545 Abhinc
765 5497 972 5560 partem
1006 5506 1114 5546 non
1144 5491 1412 5546 modicam
1445 5488 1688 5558 epistolae
1721 5502 1860 5557 prae-

302 5560 529 5614 termisit
553 5562 801 5630 epitomae
837 5561 1152 5615 Eusebianae
1176 5571 1389 5615 auctor.

1968 5485 2166 5558 μῶνος,
2196 5495 2330 5558 etc.,
2374 5498 2549 5558 usque
2590 5481 2655 5558 ad
2698 5480 3226 5558 oﬁtwg_dugor§peiv
3260 5481 3373 5544 υἱὸς
3411 5476 3480 5558 ἤν
3517 5483 3544 5538 6

1979 5551 2188 5628 Ἰωσήφ.
2223 5555 2405 5628 Ταῦτα
2427 5554 2490 5628 δὴ
2519 5555 2546 5606 6
2591 5551 2954 5628 ’qutxav6g._
2975 5551 3038 5604 1η
3067 5554 3170 5628 [ine
3197 5564 3371 5628 autem
3399 5551 3542 5628 citis-

370 5631 481 5698 (H)
522 5621 678 5684 Hdnc
713 5632 882 5687 fuisse
911 5631 1152 5700 epistolae
1191 5630 1432 5685 Africani
1481 5628 1664 5700 linem,
1703 5629 1858 5700 testis
1967 5627 2083 5680 dem
2110 5621 2348 5692 epistola:
2371 5621 2661 5700 Africanus
2693 5621 2802 5700 lucc
2828 5623 2975 5700 addit
3005 5639 3022 5674 :
3054 5621 3365 5700 Mattlmnus
3389 5621 3428 5676 a7
3451 5621 3541 5700 $0-

301 5695 564 5755 I‘IitSebitts
593 5702 696 5754 loc.
718 5702 808 5754 cit.
835 5695 1023 5755 dicens
1050 5720 1061 5754 :
1086 5702 1193 5754 Καὶ
1219 5703 1309 5754 ἐπὶ
1331 5701 1472 5754 τέλει
1497 5699 1553 5752 δὲ
1571 5697 1670 5768 τῆς
1692 5699 1860 5767 αὐτῆς

294 5770 601 5844 ἐπιστολῆς,
650 5771 969 5843 προστίθησι
1013 5769 1214 5826 ταῦτα·
1260 5771 1485 5826 Ματθὰν
1514 5772 1540 5823 6
1574 5769 1680 5824 ἀπὸ
1709 5769 1862 5822 Σολοο

1970 5691 2193 5760 lomone,
2214 5707 2340 5760 etc.,
2370 5691 2544 5766 uSque
2580 5693 2669 5757 ad,
2710 5698 2785 5747 sic
2824 5694 3098 5763 utriusque
3130 5692 3275 5761 ﬁlius
3301 5709 3415 5747 erat
3443 5691 3540 5747 Jo-

1969 5767 2178 5837 seplma.
