4100 6474
543 5925 551 5970 l

577 344 682 402 905

1279 337 1544 397 EUSEBII
1582 335 2059 398 CAESARIENSIS
2096 327 2240 401 ΟΡῬ.
2290 342 2466 398 PARS
2499 341 2591 398 Ill.
2619 373 2684 384 »-
2708 341 3118 400 EX’EGETICA.

3712 350 3824 404 τοι

572 461 680 518 bus
709 459 936 526 scilicet,
968 458 1167 531 quibus
1195 459 1479 515 interdixit
1511 460 1769 516 Dominus
1803 460 1929 516 ﬁliis
1957 459 2134 515 Israe-

2243 460 2419 529 ραίας,
2453 460 2518 510 ἐκ
2546 458 2653 514 τῶν
2679 459 2845 512 ἐθνῶν
2877 453 2951 514 ὧν
2985 460 3216 514 ἀπεῖπεν
3240 459 3441 528 Κύριος
3477 461 3504 512 ὁ
3541 459 3680 524 Θεὸς,
3703 467 3825 526 τοῖς

572 555 642 610 lis
672 570 740 609 ne
765 553 1110 610 sociarentur
1145 552 1228 608 eis
1251 553 1320 608 “.
1357 571 1375 606 ι
1411 553 1639 623 lnsuper
1685 554 1904 608 additur
1948 572 1960 606 :
2015 570 2033 604 ι
2077 551 2142 606 Et

570 660 681 701 non
706 653 822 701 erat
844 660 940 700 cor
969 645 1090 716 ejus
1117 643 1418 715 perfectum
1447 659 1572 700 cum
1607 628 1839 698 Domino
1868 642 1981 699 Deo
2018 659 2140 710 suo,

574 739 736 794 sicuti
765 752 862 793 cor
885 737 1104 792 Davidis
1133 737 1306 807 patris
1350 737 1469 807 ejus
1499 736 1564 790 ’δε
1597 754 1616 788 ι
1666 734 1944 808 Pauloque
1970 744 2094 806 post
2124 753 2138 791 :

579 846 600 879 ι
637 826 790 882 Tunc
811 826 1097 882 aediﬁcavit
1114 825 1368 882 Salomon
1396 826 1672 881 excelsum
1695 825 1968 880 Cbamoso
1997 825 2143 880 idolo

572 919 934 975 Moabitarum
965 919 1020 974 in
1061 926 1247 974 monte
1275 918 1367 988 qui
1394 925 1478 974 est
1513 933 1544 973 e
1575 917 1796 988 regione
1827 915 2141 988 Hierosoly-

572 1027 785 1065 morum
819 1029 834 1062 τ
867 1010 1104 1080 itemque
1138 1009 1390 1064 Molocho
1428 1008 1573 1063 idolo
1601 1008 2056 1076 Ammonitarum,
2087 1013 2144 1062 et

569 1103 804 1156 Astartae
847 1100 1148 1170 impuritati
1198 1099 1568 1154 Sidoniorum.
1602 1098 1780 1168 Atque
1829 1100 1904 1153 ita
1935 1113 2141 1154 morem

571 1190 740 1262 gessit
771 1192 985 1247 cunctis
1039 1189 1257 1246 feminis
1295 1191 1411 1246 suis
1459 1190 1801 1261 alienigenis,
1831 1205 1953 1262 quae
1980 1190 2143 1247 thura

569 1285 859 1340 adolebant
892 1283 998 1339 diis
1027 1283 1221 1355 patriis
1254 1291 1308 1338 et
1332 1281 1734 1338 sacriﬁcabant.
1765 1280 1939 1336 Porro
1968 1280 2141 1337 iratus

568 1385 652 1432 est
683 1376 948 1432 Dominus
998 1374 1278 1430 Salomoni
1332 1374 1481 1445 quod
1543 1385 1794 1428 aversum
1863 1379 2011 1428 esset
2043 1387 2141 1428 cor

568 1469 687 1538 ejus
726 1483 756 1522 a
793 1467 1021 1522 Domino
1054 1465 1162 1521 Deo
1195 1465 1413 1521 Israelis
1447 1465 1514 1519 “.
1559 1482 1578 1515 ι
1611 1461 1691 1516 En
1723 1463 1836 1518 haec
1869 1464 2051 1518 omnia
2083 1465 2141 1519 in

570 1558 878 1614 Salomonis
917 1557 1356 1611 criminationem
1401 1554 1677 1611 dicuntur.
1710 1553 2141 1626 Quomodoergo

569 1649 1012 1705 aceommodabis
1036 1649 1086 1704 ei
1112 1647 1524 1719 jusjurandum,
1567 1647 1620 1701 in
1657 1664 1766 1719 quo
1810 1656 2004 1717 praeter
2033 1663 2140 1703 ca:-

566 1750 684 1797 tera
715 1743 920 1797 dictum
949 1751 1033 1797 est
1083 1761 1096 1796 :
1146 1759 1164 1792 ι
1205 1739 1270 1793 Ει
1297 1755 1397 1812 ego
1426 1755 1522 1794 ero
1548 1740 1626 1794 illi
1657 1739 1711 1793 in
1741 1737 1980 1803 Patrem,
2024 1739 2141 1810 ipse

2242 553 2378 614 υἱοῖς
2393 551 2630 624 Ἰσραήλ·
2659 552 2770 604 Οὐκ
2791 553 3161 605 εἰσελεύσεσθε
3189 553 3268 616 εἷς
3292 552 3504 616 αὐτούς.
3541 571 3558 603 ι
3583 548 3674 617 Οἷς
3699 555 3815 606 ἐπι-

2242 642 2429 714 φέρει·
2467 661 2485 694 ι
2523 644 2633 695 Καὶ
2696 644 2795 697 οὐκ
2832 639 2901 715 ἦν
2937 646 2970 716 ἡ
3029 643 3226 715 καρδία
3270 644 3434 697 αὑτοῦ
3463 645 3636 698 τελτῖα
3677 646 3826 717 μετὰ

2241 735 2448 807 Κυρίου
2487 735 2621 788 Θεοῦ
2667 736 2856 802 αὐτοῦ,
2885 737 3067 801 καθὼς
3098 739 3131 809 ἡ
3174 737 3368 808 καρδία
3395 739 3557 792 Δαοῖδ
3585 738 3675 791 τοῦ
3709 740 3825 793 Πα-

2242 825 2367 896 τρὸς
2391 825 2576 880 αὐτοῦ.
2613 845 2631 878 ι
2665 827 2775 880 Καὶ
2798 827 2932 897 μετά
2963 826 3132 899 βραχύ
3157 846 3168 856 ·
3189 847 3206 878 ι
3233 827 3365 881 Τότε
3383 829 3696 898 ιξαςᾷόμησε
3715 831 3824 882 Σο-

2241 917 2420 988 λομῶν
2451 917 2651 989 ὑψηλὸν
2705 918 2784 990 τῷ
2815 919 3020 990 Χαμὼς
3067 920 3270 990 εἰδώλῳ
3295 921 3468 973 Μωὰὸ
3497 923 3556 976 ἐν
3586 921 3666 991 τῷ
3695 922 3823 992 ὄρει

2241 1009 2334 1061 ἐπὶ
2361 1008 2646 1080 πρόσωπον
2696 1009 3046 1082 Ἰερουσαλήμ
3065 1029 3078 1042 ·
3116 1011 3312 1082 καὶτῷ
3349 1010 3576 1081 Μολχὼν
3608 1011 3824 1083 εἰδώλῳ

2240 1099 2370 1154 υἱῶν
2426 1100 2671 1171 ’Λμμὼν,
2706 1103 2800 1155 καὶ
2843 1105 2910 1173 τῇ
2970 1103 3236 1175 Ἀστάρτη
3281 1103 3605 1175 βδελυγματι
3643 1105 3822 1158 Σιδω-

2240 1192 2367 1248 νίων
2384 1210 2397 1222 ο
2425 1195 2518 1247 καὶ
2545 1193 2718 1258 οὕτως
2749 1195 2972 1266 ἐποίησε
2997 1196 3199 1259 πάσαις
3225 1199 3342 1260 ταῖς
3371 1198 3613 1266 γυναιξὶν
3642 1195 3820 1252 αὑτοῦ

2236 1287 2358 1348 ταῖς
2386 1285 2715 1358 ἀλλοτρίαις,
2750 1286 2804 1340 αἳ
2838 1285 3077 1356 ἐθυμίων
3119 1285 3214 1340 καὶ
3245 1285 3400 1339 ἐθυον
3431 1290 3542 1351 τοῖς
3572 1286 3820 1350 εἰδώλοις

2239 1377 2450 1431 αὐτῶν·
2477 1379 2572 1432 καὶ
2616 1377 2859 1450 ὠργίσθη
2907 1378 3111 1451 Κύριος
3150 1379 3243 1431 ἐπὶ
3282 1379 3550 1448 Σολομῶν,
3583 1378 3665 1431 ὅτι
3721 1379 3822 1443 ἐξ-

2239 1468 2413 1522 έκλινε
2433 1469 2654 1540 καρδίαν
2679 1468 2844 1522 αὑτοῦ
2876 1468 2983 1522 ἀπὸ
3011 1469 3217 1540 Κυρίου
3249 1468 3383 1522 Θεοῦ
3421 1469 3657 1541 Ἰσραήλ.
3695 1488 3714 1521 ι
3745 1468 3842 1532 ΙΞίΒ

2238 1558 2295 1612 δὲ
2322 1560 2392 1614 τὰ
2409 1560 2630 1615 τοιαῦτα
2658 1560 2752 1614 τοῦ
2790 1560 3098 1631 Σολομῶνος
3132 1563 3534 1632 κατηγορεῖται,
3575 1560 3690 1624 πῶς
3713 1555 3820 1614 οὖν

2239 1649 2567 1722 ἐφαρμόσεις
2606 1650 2756 1720 αὐτῷ
2789 1650 2857 1704 τά
2879 1649 2973 1704 τοῦ
3005 1651 3192 1722 ὅρκου,
3222 1651 3306 1718 ἐφ’
3331 1645 3376 1718 ᾧ
3408 1649 3616 1722 εἴρηται
3672 1649 3821 1721 πρὸς

2239 1741 2349 1802 τοῖς
2378 1739 2558 1803 ἄλλοις
2580 1739 2674 1792 καὶ
2720 1739 2800 1792 τόο
2832 1757 2851 1790 ι
2887 1739 3028 1808 Ἐγὼ
3057 1740 3250 1812 ἔσομαι
3292 1741 3437 1812 αὐτῷ
3466 1745 3545 1805 είς
3575 1742 3816 1812 πατέρα,

566 1836 671 1890 erit
721 1835 854 1889 mihi
909 1833 965 1887 in
1016 1831 1237 1885 ﬁlium?
1299 1850 1318 1882 ι
1388 1831 1501 1885 lmo
1533 1845 1662 1886 vero
1705 1830 1992 1885 manifeste
2024 1828 2135 1884 haec

2239 1829 2332 1882 καὶ
2350 1829 2508 1893 αὐτὸς
2527 1829 2678 1884 ἔσται
2705 1847 2794 1900 μοι
2820 1831 2901 1893 είς
2921 1829 3034 1884 υἱόν
3057 1847 3070 1895 ;
3097 1849 3115 1882 ι
3140 1830 3273 1884 ἀλλά
3294 1831 3401 1902 γὰρ
3428 1832 3682 1904 ἄντικρυς
3713 1833 3823 1885 Σο.

569 1927 743 1980 aliena
773 1940 803 1978 a
843 1922 1133 1978 Salomone
1163 1928 1292 1977 sunt
1327 1940 1340 1976 :
1374 1923 1632 1990 praeclare
1675 1927 1855 1974 autem
1889 1919 2135 1976 referun-

567 2023 660 2072 tur
691 2018 756 2072 ad
796 2031 943 2083 eum,
998 2015 1159 2085 cujus
1213 2014 1281 2069 de
1329 2028 1528 2084 genere
1582 2012 1801 2068 Davidis
1848 2013 2139 2084 praedictus

569 2107 750 2162 fuerat
789 2105 1080 2171 adventus,
1130 2104 1334 2175 quique
1375 2116 1566 2172 reapse
1602 2116 1633 2158 e
1672 2099 1930 2157 Davidico
1972 2111 2139 2160 stem-

567 2205 713 2251 male
743 2195 988 2252 emersit.

1314 2304 1404 2360 Vl.

566 2419 676 2477 Cur
708 2418 999 2474 Hatthams
1028 2427 1146 2488 post
1176 2417 1430 2490 Davidem
1475 2417 1544 2472 ad
1589 2425 1956 2490 consectatrer
1985 2435 2138 2490 gene-

634 2493 710 2544 ris
759 2506 1084 2544 successores
1151 2506 1254 2543 non
1317 2489 1530 2552 veniat,
1585 2488 1674 2542 sed
1733 2488 2000 2542 transiliat
2067 2491 2136 2543 ad

632 2561 1017 2623 Abrahamum,
1055 2576 1155 2613 non
1192 2570 1363 2613 tamen
1409 2558 1810 2629 ad'Adamum,
1857 2576 2016 2629 neque
2065 2561 2136 2614 ad

632 2632 800 2752 aliut:
851 2631 1129 2700 quemlibet
1183 2644 1249 2683 ea:
1303 2629 1536 2699 antiquis
1606 2628 1717 2682 Deo
1773 2628 1979 2684 dilectis
2043 2630 2136 2686 Ito-

635 2718 767 2752 mmi
805 2717 888 2752 us.

635 2717 888 2755 murinus.

634 2789 773 2858 Quia
803 2791 980 2860 primo
1008 2789 1262 2846 similiter
1301 2787 1615 2844 Abrahamo
1646 2788 1798 2844 varia
1835 2789 1980 2845 edita
2018 2787 2137 2845 fue-

563 2890 688 2939 rant
728 2882 796 2938 de
827 2882 1110 2938 vocatione
1146 2880 1390 2951 gentium
1433 2881 1678 2937 oracula.
1723 2879 1969 2951 Namque
2010 2885 2136 2937 ante

565 2970 858 3027 Mosaicam
922 2970 1320 3040 legislationem
1351 3007 1368 3034 ,
1425 2977 1590 3040 atque
1649 2979 1773 3026 ante
1822 2968 2134 3025 Judzorum

566 3062 744 3135 ipsum
785 3077 973 3133 genus,
1015 3065 1129 3116 imo
1158 3067 1211 3115 et
1242 3068 1369 3117 ante
1396 3060 1896 3126 circumcisionem,
1940 3061 2133 3116 alieni-

563 3169 702 3228 gena
750 3153 852 3209 fuit
883 3154 1229 3210 Abrahamus
1258 3169 1271 3206 :
1303 3154 1396 3224 qui
1440 3155 1663 3226 regione
1708 3152 2002 3209 Chaldaica
2033 3155 2134 3208 mi-

563 3215 753 3318 grans,
791 3246 966 3316 patria
1005 3245 1255 3300 instituta
1295 3215 1560 3308 deseruit,
1610 3259 1975 3315 supremoque
2023 3243 2133 3300 Deo
2160 3215 2206 3275 Ο

564 3341 770 3411 agnito,
816 3337 1191 3394 testimonium
1229 3337 1414 3393 retulit
1445 3335 1592 3408 quod
1639 3334 1752 3391 Deo
1795 3333 2131 3402 crediderit;

563 3430 730 3501 idque
760 3428 839 3482 illi
867 3435 1176 3499 reputatum
1209 3434 1295 3482 est
1325 3426 1395 3482 ad
1420 3426 1693 3496 justitiam
1722 3425 1790 3486 ³⁸.
1820 3424 2011 3482 Justus
2043 3439 2138 3480 au-

563 3530 674 3578 tem
707 3522 938 3592 piusque
960 3520 1112 3576 visus
1141 3526 1225 3575 est
1246 3534 1359 3574 non
1387 3519 1456 3574 ob
1486 3518 1732 3590 corporis
1754 3519 2134 3574 circumcisio.

563 3627 712 3678 nem,
741 3627 920 3683 neque
958 3611 1028 3666 ob
1069 3609 1294 3665 Sabbati
1325 3609 1728 3665 observantiam
1752 3615 1846 3664 aut
1873 3607 2135 3664 festorum

563 3711 659 3760 aut
689 3703 1066 3768 kalendarum.
1109 3717 1286 3773 neque
1337 3701 1410 3757 ob
1441 3701 1786 3772 quaslibet‘a
1824 3699 2008 3772 Moyse
2051 3700 2136 3754 in-

562 3804 747 3852 vectas
787 3794 1078 3864 religiones
1108 3811 1124 3860 ;
1164 3793 1261 3850 sed
1291 3792 1364 3848 ob
1395 3793 1594 3848 summi
1621 3791 1715 3848 Dei
1742 3793 2129 3863 cognitionem,

563 3894 726 3956 atque
757 3885 828 3940 ob
869 3883 1110 3951 Domini,
1151 3885 1246 3956 qui
1285 3884 1364 3938 illi
1411 3883 1629 3939 oblatus
1670 3891 1773 3946 est,
1801 3881 2135 3939 manifesta-

561 3977 764 4032 tionem
804 3975 939 4048 (qui
981 3974 1200 4047 quidem
1229 3983 1347 4032 erat
1379 3974 1637 4031 Servator
1665 3982 1871 4040 noster,
1904 3973 2000 4031 Dei
2026 3975 2134 4031 sci-

561 4069 688 4124 licet
719 4066 954 4122 Verbum
978 4067 997 4134 )
1025 4073 1079 4121 et
1101 4067 1172 4122 ob
1203 4082 1360 4122 suam
1395 4067 1633 4137 denique
1661 4072 1906 4121 sanctam
1934 4079 1999 4119 ac
2022 4065 2134 4119 vir-

559 4160 768 4217 tutibus
798 4159 1084 4231 praeditam
1112 4161 1302 4215 vitam.
1332 4158 1469 4214 Huic
1517 4159 1684 4230 igitur
1724 4157 1818 4229 qui
1862 4156 2134 4231 ejusmodi

560 4255 777 4324 pietatis
814 4269 987 4324 genus
1035 4259 1278 4309 sectatus
1309 4252 1505 4317 fuerat,
1540 4251 1684 4306 facta
1730 4250 2022 4321 promissio
2048 4257 2134 4305 est

560 4346 629 4402 de
654 4347 928 4417 gentibus,
951 4345 1117 4400 veluti
1156 4360 1276 4415 quae
1303 4343 1595 4415 aliquando
1628 4342 1926 4400 secundum
1958 4343 2132 4397 Abra-

560 4439 706 4494 hami
736 4440 911 4494 zelum
945 4438 1047 4508 piae
1077 4437 1274 4493 futura;
1313 4447 1491 4502 erant,
1541 4451 1833 4508 paremque
1874 4435 2130 4507 religioso

2239 1918 2478 1990 λομῶνος
2531 1920 2630 1990 μὲν
2677 1920 2933 1992 ἀλλότρια
2977 1921 3183 1974 ταῦτα·
3221 1921 3474 1991 ἀνάγοιτο
3529 1923 3576 1976 δ’
3617 1924 3684 1977 ἂν
3717 1925 3817 1976 ἐπὶ

2237 2010 2328 2063 τὸν
2359 2012 2422 2063 ἐκ
2452 2010 2760 2083 σπέρματος
2793 2009 2956 2065 Δαὸὶδ
2983 2011 3132 2082 ἥξειν
3165 2011 3553 2084 θεσπιζόμενον
3577 2013 3808 2084 Χριστὺτ

2237 2099 2331 2153 τοῦ
2353 2100 2509 2167 Θεοῦ,
2540 2101 2598 2164 ὃς
2625 2103 2689 2154 ἐκ
2713 2100 3024 2171 σπέρματος
3053 2101 3216 2154 Δαεὶδ
3235 2101 3455 2171 ἀνέστη.

2237 2413 2340 2466 Διά
2368 2413 2425 2466 τί
2472 2414 2624 2486 μετὰ
2651 2415 2758 2486 τὸν
2797 2415 2975 2470 Δαϐὶδ
3005 2417 3118 2470 οὐκ
3149 2415 3248 2469 ἐπὶ
3273 2416 3415 2484 τοὺς
3439 2415 3585 2486 ἑξῆς
3611 2417 3814 2471 suae

2308 2501 2454 2556 χους
2485 2483 2591 2556 τοῦ
2612 2484 2824 2554 τένους
2856 2486 3115 2556 κατάγει,
3147 2486 3459 2556 ἀνατρέχει
3488 2483 3676 2544 eam
3699 2489 3814 2542 τὸν

2323 2555 2584 2628 Ἀϐραὰμ,
2643 2556 2779 2628 ἀλλ’
2834 2559 2945 2628 οὐκ
2993 2555 3091 2609 ἐπὶ
3142 2557 3249 2612 τὸν
3293 2555 3506 2628 ᾖἎδὰμ,
3553 2557 3680 2628 ςὺδ¹
3709 2559 3814 2624 g5,-

2307 2625 2512 2692 ἕτερόν
2538 2643 2673 2679 τινα
2701 2625 2820 2680 τῶν
2856 2626 3043 2681 πάλαι
3067 2626 3360 2696 θεοφιλῶν
3389 2625 3645 2697 ἁὺδρῶν.

2319 2780 2534 2852 Ἐπειδὴ
2561 2782 2762 2854 πρώτῳ
2797 2781 2959 2836 πάλιν
2997 2783 3075 2854 τῷ
3118 2781 3364 2856 Ἀϐραὰμ
3393 2785 3521 2858 περὶ
3551 2786 3648 2858 τῆς
3679 2787 3817 2859 add}-

2237 2889 2374 2935 σεως
2403 2873 2510 2926 τῶν
2539 2872 2709 2927 ἐθνῶν
2741 2874 2988 2946 διάφοροι
3007 2875 3242 2930 ἐδέδοντο
3261 2879 3536 2948 χρησμοί·
3566 2879 3670 2950 πρὸ
3697 2881 3816 2951 γὰρ

2235 2963 2332 3033 τῆς
2381 2963 2659 3027 Μωῦσέως
2687 2965 3041 3036 νομοθεσίας,
3107 2967 3201 3019 καὶ
3251 2966 3357 3039 πρὸ
3397 2967 3490 3022 τοῦ
3538 2969 3816 3024 Ἰουδαίων

2237 3054 2438 3118 ἔθνους,
2461 3055 2520 3108 οὐ
2548 3054 2652 3127 μὴν
2681 3055 2815 3110 ἀλλά
2854 3057 2947 3110 καὶ
2979 3058 3086 3128 πρὸ
3137 3057 3236 3128 τῆς
3276 3063 3596 3133 περιτομῆς,
3646 3062 3814 3116 ἀλλο-

2235 3145 2391 3217 εθνὴς
2420 3146 2494 3200 ῶν
2521 3148 2549 3199 ὁ
2577 3147 2843 3220 Ἀϐραὰμ,
2877 3151 3090 3222 καὶτῆς
3115 3151 3392 3206 Χαλδαίων
3420 3154 3522 3223 γῆς
3548 3154 3811 3226 ὁρμώμε-

2235 3255 2342 3302 νος,
2400 3237 2682 3292 ἀπολείπει
2719 3239 2815 3310 μὲν
2856 3239 2924 3293 τὰ
2972 3241 3220 3312 πατρῷα,
3254 3241 3389 3296 Θεὸν
3427 3243 3485 3295 δὲ
3521 3245 3681 3312 γνοὺς
3715 3245 3812 3298 τὸν

2235 3331 2327 3384 ἐπὶ
2377 3331 2614 3394 πάντων,
2671 3332 3085 3406 μεμαρτύρηται
3126 3334 3203 3398 ῶς
3251 3335 3356 3406 ἄρα
3403 3337 3689 3391 ἐπίστευσε
3728 3337 3813 3408 τῷ

2234 3417 2374 3490 Θεῷ,
2405 3421 2499 3473 καὶ
2535 3421 2785 3494 ἐλογίσθη
2829 3423 2977 3494 αὐτῷ
3002 3427 3082 3489 είς
3111 3427 3454 3500 δικαιοσύνην
3478 3446 3492 3461 ο
3515 3431 3722 3496 δίκαιός
3747 3449 3813 3486 τε

2234 3511 2331 3564 καὶ
2361 3509 2613 3583 θεοφιλὴς
2656 3514 3058 3582 ἀποπέφανται,
3083 3517 3144 3571 οὐ
3176 3519 3264 3571 διὰ
3291 3521 3593 3592 περιτομὴν
3621 3524 3815 3595 σώμα-

2234 3615 2345 3664 τος,
2377 3601 2500 3654 οὑδέ
2541 3601 2628 3655 διὰ
2675 3603 2921 3674 φυλακὴν
2959 3606 3172 3678 ἡμέρας
3206 3609 3553 3683 σαϋδάτου,ἢ
3585 3614 3811 3685 ἑορτῶν,

2236 3693 2561 3764 νουμηνιῶν,
2601 3695 2720 3748 οὐδέ
2771 3713 2835 3765 γε
2883 3697 2948 3750 δι’
2991 3699 3157 3770 ἄλλης
3200 3701 3342 3767 τινὸς
3391 3705 3542 3776 παρὰ
3586 3708 3816 3763 Μωῦσεῖ

2235 3785 2541 3856 φερομένης
2571 3785 3040 3860 ἐθελοθρησκείας,
3076 3791 3211 3845 ἀλλὰ
3243 3794 3307 3846 δι’
3325 3796 3673 3864 ἐπιγνώσεως
3713 3801 3812 3854 τοῦ

2237 3875 2328 3928 ἐπὶ
2355 3875 2572 3963 πάντων
2616 3876 2771 3944 Θεοῦ,
2814 3879 3136 3950 ἐπιφανείας
3160 3883 3218 3936 δὲ
3255 3884 3350 3938 τοῦ
3381 3885 3636 3955 ὀφθέντος
3657 3890 3816 3963 αὒτῷ

2236 3968 2439 4039 Κυρίου
2487 3962 2660 4038 (οὗτος
2691 3969 2748 4023 δὲ
2775 3965 2842 4042 ἦν
2866 3973 2894 4025 ό
2918 3974 3183 4046 ἡμέτερος
3239 3977 3450 4051 Σωτὴρ,
3484 3982 3512 4031 ὁ
3536 3980 3632 4035 τοῦ
3670 3962 3814 4038 Θεοῦ

2235 4059 2463 4131 Λόγος),
2501 4060 2590 4114 διά
2646 4079 2705 4116 τε
2753 4065 2951 4134 σεμνοῦ
2995 4067 3088 4119 καὶ
3145 4069 3402 4140 ἐναρέτου
3438 4070 3551 4142 βίου
3576 4088 3592 4102 ⁸
3619 4074 3815 4130 τοῦτον

2233 4151 2277 4204 δ’
2307 4147 2396 4206 οὖν
2419 4152 2568 4223 αὑτῷ
2596 4155 2946 4227 κατορθοῦντι
2979 4159 3076 4229 τῆς
3117 4159 3425 4227 θεοσεϐείας
3456 4163 3546 4219 τὸν
3584 4167 3810 4238 τρόπον,

2234 4245 2266 4313 ἡ
2294 4244 2554 4316 περὶτῶν
2605 4246 2774 4301 ἐθνῶν
2821 4247 2999 4302 δέδοτο
3033 4254 3350 4321 ἐπαγγελία,
3389 4256 3464 4320 ὡς
3495 4259 3592 4311 καὶ
3628 4260 3812 4314 αὐτῶν

2235 4355 2363 4391 ποτε
2411 4339 2552 4392 κατά
2591 4341 2682 4393 τὸν
2713 4340 2805 4394 τοῦ
2848 4342 3095 4415 ’Λϐραάμ
3123 4344 3283 4419 ζῆλον
3325 4347 3591 4405 θεοσεϐῶν
3635 4353 3810 4409 ὄντων

2234 4432 2439 4502 καὶτῆς
2466 4431 2588 4504 tan:
2603 4433 2680 4503 τῷ
2698 4433 2932 4503 θεοφιλεῖ
2947 4436 3500 4512 καταξιωθησομένων
3529 4444 3808 4514 εὐλογίας

558 4529 884 4602 patriarcha:
925 4527 1360 4585 benedictionem
1391 4538 1789 4586 consecutum.
1820 4527 1954 4595 Quae
2003 4542 2126 4582 cum

2234 4515 2303 4575 ὧν
2329 4522 2500 4587 οὕτως
2531 4525 2781 4594 ἐχόντων.
2811 4526 3101 4582 ἀκόλουθον
3130 4524 3198 4601 ἦν
3225 4530 3324 4601 τῆς
3348 4532 3458 4586 τῶν
3474 4534 3646 4590 ἐθνῶν
3672 4539 3809 4611 κλή-

560 4623 635 4676 ita
669 4637 726 4676 se
759 4621 1016 4685 habeant,
1052 4632 1479 4676 consentaneum
1507 4631 1644 4689 erat,
1681 4629 1739 4675 ut
1781 4619 2127 4677 Abrahamus

2234 4631 2369 4676 σεως
2391 4614 2710 4686 προπάτορα
2731 4616 2859 4670 ὄντα
2888 4618 2978 4672 τὸν
3019 4618 3290 4693 Ἀϐραὰμ,
3323 4625 3425 4678 ὑπὸ
3456 4625 3548 4679 τοῦ
3575 4629 3811 4699 εὐαγγε-

556 4721 875 4770 vocatarum
917 4713 1159 4783 gentium
1188 4714 1464 4784 princepS,
1496 4714 1565 4768 ab
1594 4714 1931 4786 evangelista
1964 4728 2124 4769 assu-

557 4813 799 4862 meretur
833 4803 1106 4860 secundus
1145 4809 1269 4873 post
1308 4801 1586 4860 Davidem.
1621 4803 1867 4876 Namque
1910 4803 1966 4858 bi
2015 4804 2126 4859 duo

558 4892 778 4950 fuerunt
803 4893 1046 4947 illustres
1075 4891 1198 4954 viri,
1225 4894 1386 4962 queis
1411 4892 1604 4964 primis
1634 4893 1777 4949 Deus
1803 4892 2006 4950 Christi
2037 4892 2126 4946 ad-

555 4996 778 5044 ventum
839 4985 1192 5058 gentiumque
1247 4987 1589 5044 vocationem
1647 4987 1935 5058 dignanter
1999 4997 2126 5043 ante

557 5079 902 5150 signiﬁcavit.
937 5078 1044 5134 Par
1064 5087 1243 5136 autem
1273 5079 1394 5143 fuit,
1433 5088 1493 5135 ut
1517 5080 1564 5136 is
1585 5080 1672 5135 cui
1707 5079 1964 5136 nativitas
1993 5067 2122 5135 Ser-

556 5172 764 5228 vatoris
816 5171 1060 5226 omnium
1114 5171 1398 5227 hominum
1444 5172 1714 5242 promissa
1756 5171 1880 5239 fuit,
1921 5185 2126 5241 prapo-

557 5269 778 5316 neretnr
818 5262 895 5316 illi
922 5263 1012 5332 qui
1059 5261 1125 5317 de
1155 5261 1416 5318 vocandis
1451 5263 1702 5334 gentibus
1731 5263 2123 5334 promissiones

557 5352 770 5420 accepit
804 5371 816 5406 :
845 5353 1120 5408 secundus
1145 5365 1326 5410 tamen
1361 5354 1416 5409 in
1444 5355 1759 5426 genealogia
1793 5354 2124 5411 scriberetur

555 5443 797 5511 gentium
867 5444 1109 5514 ipsarum
1166 5447 1498 5517 patriarcha.
1565 5445 1746 5513 Quare
1801 5447 1938 5502 liber
1987 5445 2118 5503 Jesu

555 5534 759 5591 Christi
809 5535 957 5606 capit
990 5537 1232 5607 auspicia
1277 5539 1511 5607 primum
1557 5539 1776 5610 quidem
1811 5539 1878 5594 ab
1929 5554 1994 5594 eo
2025 5540 2118 5609 qui

555 5626 658 5682 fuit
705 5627 943 5684 carnalis
987 5625 1114 5685 Iesu
1167 5627 1368 5686 Christi
1412 5631 1765 5702 progenitor;
1811 5629 2006 5687 deinde
2052 5633 2118 5686 ab

2231 4705 2411 4759 λιστοῦ
2476 4706 2725 4780 δεύτερον
2781 4709 3199 4784 παραληφθῆναι
3249 4714 3388 4784 μετά
3448 4717 3541 4769 τὸν
3598 4717 3808 4773 Δαϐίδ-

2229 4793 2371 4849 δυοῖν
2396 4798 2504 4868 γὰρ
2524 4799 2727 4852 τούτων
2755 4800 3034 4872 ἐπιφανῶν
3060 4803 3268 4876 ἀνδρῶν
3297 4807 3530 4878 πρώτων
3563 4811 3806 4884 ἠξιωμέ-

2231 4906 2335 4942 νων
2361 4890 2458 4960 τῆς
2501 4889 2594 4944 τοῦ
2621 4891 2756 4945 Θεοῦ
2808 4894 3140 4964 ἐπαγγελίας
3177 4897 3301 4967 περί
3335 4914 3393 4950 τε
3422 4899 3519 4970 τῆς
3543 4900 3639 4954 τοῦ
3668 4903 3810 4974 Χρι-

2232 4981 2357 5035 στοῦ
2414 4982 2676 5051 γενέσεως
2727 4987 2823 5038 καὶ
2876 4987 3129 5058 περὶτῆς
3172 4987 3415 5059 κλήσεως
3459 4991 3566 5044 τῶν
3611 4991 3810 5058 ἐθνῶν,

2231 5073 2423 5143 χρῆναι
2446 5073 2616 5144 δήπου
2657 5073 2718 5127 τὸ
2753 5075 2850 5145 μὲν
2875 5093 2938 5126 πῖ
2950 5076 3002 5147 ρ).
3046 5077 3146 5146 τῆς
3179 5078 3441 5146 γενέσεως
3465 5080 3556 5134 τοῦ
3585 5081 3807 5138 πάντων

2227 5163 2528 5236 ἀνθρώπιον
2576 5167 2826 5238 Σωτῆρος
2867 5168 2964 5231 τὰς
2998 5169 3316 5241 ὑποσχέσεις
3360 5174 3636 5245 εἰληφότα,
3673 5195 3808 5250 προ-

2227 5257 2518 5329 τιμηθῆναι
2547 5262 2612 5330 τῇ
2640 5259 2788 5324 τάξει
2809 5261 2902 5314 τοῦ
2927 5263 3025 5326 τὰς
3062 5264 3188 5336 περὶ
3223 5265 3334 5318 τῶν
3371 5265 3540 5322 ἐθνῶν
3561 5271 3804 5340 ἐπαγγε-

2199 5349 2346 5413 ’λίας
2395 5352 2832 5424 καταδεξαμένου
2857 5370 2869 5383 '
2899 5355 3150 5428 δεύτερον
3208 5357 3265 5412 δὲ
3297 5359 3355 5411 ἐν
3376 5363 3442 5432 τῇ
3478 5363 3804 5436 γενεαλογίᾳ

2227 5445 2649 5519 παραληφθῆναι
2678 5447 2768 5500 τὸν
2810 5448 2919 5501 τῶν
2949 5450 3116 5503 ἐθνῶν
3153 5452 3421 5524 ἀρχηγόν·
3453 5454 3693 5526 διόπερὴ
3718 5456 3801 5526 βί-

2225 5537 2350 5600 ϐλος
2392 5537 2562 5610 Ἰησοῦ
2611 5538 2842 5612 Χριστοῦ
2880 5542 3081 5613 πρώτῳ
3129 5545 3227 5614 μὲν
3254 5547 3534 5600 ἀνάκειται
3556 5549 3634 5619 τῷ
3658 5549 3803 5603 κατὰ
3866 5547 3872 5552 ’

2228 5631 2404 5702 σάρκα
2461 5634 2632 5704 Ἰησοῦ
2686 5636 2921 5705 Χριστοῦ
2969 5639 3293 5711 προπάτορι,
3339 5640 3589 5711 δεύτερον
3627 5641 3685 5697 δὲ
3721 5641 3804 5712 δή»

626 5786 671 5818 ’³
707 5783 774 5840 lll
806 5785 938 5859 Reg.
976 5801 1062 5855 ιι,
1101 5785 1215 5855 1,2.
1291 5787 1336 5818 ’⁸
1374 5785 1502 5842 ibid.
1541 5788 1592 5842 4.
1672 5788 1716 5820 ³⁸
1758 5785 2048 5860 ίωηῦ-θ.
2125 5789 2135 5820 ¹

2234 5788 2364 5844 tom.
2404 5805 2475 5859 iv,
2512 5791 2563 5846 5.

3833 2035 3858 2124 ξ
