4054 6408
343 331 446 387 905

863 330 1318 399 QUASSTIONES
1352 331 1806 389 EVANGELICAS
1843 330 1935 385 AD
1975 326 2412 384 STEPHANUM.
2451 358 2521 368 —
2557 326 2887 396 QUASSTIO
2929 326 3036 384 νη.

3462 333 3568 391 906

343 455 482 508 κατά
510 452 723 523 πνεῦμα
754 452 926 523 Πατρὶ
953 452 1060 506 τῶν
1086 452 1172 507 διὰ
1207 452 1441 522 Χριστοῦ
1480 451 1892 523 σωθησομένων

2009 449 2101 501 illo
2134 448 2225 517 qui
2259 448 2455 518 spiritu
2510 446 2668 501 Pater
2700 455 2818 501 erat
2860 446 3251 503 servandorum
3286 464 3384 519 per
3408 449 3570 508 Chri-

339 546 524 618 ήγείτο
547 547 652 616 γὰρ
674 545 701 597 ὀ
729 544 912 609 σώζων
939 544 1044 598 τῶν
1082 545 1398 616 σωζομένων
1427 544 1615 599 ἐθνῶν.

1086 700 1158 756 Ζ⁸.

341 791 443 845 Διὰ
477 791 536 843 τί
558 790 665 878 τῇς
696 790 914 861 Θάμαρ,
945 792 1077 861 οὐχὶ
1100 792 1168 844 δὲ
1193 793 1287 878 καὶ
1314 792 1511 860 ἐτέρας
1541 792 1633 878 ἐπί
1659 792 1902 877 ἀγαθοῖς

338 884 341 885 ν
408 864 813 930 κατορθώμασι
838 864 1346 933 μαρτυρουμένης
1393 864 1676 933 γυναικὸς
1727 865 1903 932 ἐμνηο

400 934 705 1000 μόνευσεν
731 936 762 986 ὀ
796 932 1106 998 ιυατθαῖος.

407 1028 478 1076 α’.
522 1023 629 1094 Τὴν
661 1024 855 1097 Θάμαρ
893 1025 1055 1088 εἴτις
1094 1025 1168 1089 ὡς
1217 1026 1417 1097 πόρνην
1444 1025 1745 1080 διαϐάλλειν
1784 1042 1902 1078 πει-

343 1115 508 1187 ρῷτο,
551 1115 715 1169 αὐτοῦ
758 1116 820 1187 δὴ
876 1115 967 1169 τοῦ
1008 1117 1175 1171 Ἰούδα
1218 1119 1575 1173 ἐπακουσάτω
1621 1120 1899 1187 λέγοντος’

346 1226 364 1259 ι
394 1208 741 1262 Δεδικαίωται
786 1208 982 1280 Θάμαρ
1012 1211 1044 1280 ῆ
1085 1209 1224 1278 ἐγὼ,
1276 1202 1335 1262 οὗ
1381 1211 1564 1264 ἕνεκεν
1601 1213 1700 1265 οὐκ
1731 1211 1904 1266 ἔδωκα

340 1301 507 1373 αὐτὴν
532 1300 713 1370 Σιλὼμ
760 1300 837 1370 τῷ
877 1301 977 1370 υἱῷ
1020 1318 1153 1370 μουο
1192 1322 1213 1353 ι
1262 1304 1320 1355 ού
1369 1303 1475 1374 γὰρ
1518 1303 1580 1374 δὴ
1624 1304 1902 1375 πορνεύειν

340 1389 644 1461 προθεμένη
674 1390 766 1443 ἐπὶ
797 1389 888 1442 τοῦ
924 1389 1114 1458 τέγους
1147 1390 1298 1462 ἔστη,
1329 1391 1570 1464 λογισμῷ
1618 1394 1675 1446 δὲ
1722 1395 1903 1465 σεμνῷ

339 1479 679 1542 παιδοποιΐας
705 1478 863 1551 χάριν
909 1480 997 1533 τὸν
1036 1479 1234 1532 Ἰούδαν
1267 1479 1529 1551 θηρᾶται·
1569 1482 1668 1534 οὐκ
1711 1482 1903 1552 ἄδηλος

338 1569 394 1624 δὲ
421 1569 569 1640 καὶὴ
605 1570 752 1623 αἰτία
777 1587 791 1600 ο
822 1571 850 1623 ό
885 1571 981 1641 μὲν
1007 1570 1117 1641 γὰρ
1157 1571 1294 1641 αὐτῇ
1335 1569 1765 1640 παρακελεύεται
1801 1571 1898 1642 μέ-

340 1677 446 1713 νειν
489 1660 575 1713 ἐπ’
620 1660 798 1725 οἴκου,
846 1661 949 1724 εωξ
1000 1662 1171 1732 μέγας
1219 1662 1443 1732 γένηται
1488 1660 1670 1732 Σιλὼμ
1712 1664 1743 1714 ὁ
1788 1660 1901 1723 υίὸς

339 1750 523 1815 αὐτοῦ,
553 1751 627 1815 ὡς
672 1752 834 1815 αὐτὸς
885 1752 1184 1823 ληψόμενος
1236 1753 1434 1824 αὐτὴν
1472 1754 1504 1822 ἠ
1558 1752 1613 1804 δὲ
1656 1750 1900 1802 ἐπείθετο

337 1840 650 1911 προθύμως,
685 1841 849 1904 ἄπαις
885 1842 1119 1912 μένουσα
1150 1841 1241 1894 καὶ
1270 1842 1432 1913 χήρα.
1466 1841 1562 1903 τὰς
1602 1839 1695 1892 τοῦ
1734 1838 1901 1892 Ἰούδα

339 1931 651 2003 ωρεγγυὰς
678 1932 1008 2003 ἐκδεχομένη
1029 1948 1041 1961 ·
1075 1932 1149 1994 ὡς
1180 1932 1233 1985 δὲ
1257 1933 1356 1983 οὐκ
1384 1930 1555 2000 ὲπῆγε
1586 1932 1705 1991 ταῖς
1728 1932 1901 1996 ἐπαγ-

338 2023 546 2089 γελίαις
570 2023 742 2086 τέλος,
778 2023 871 2075 τοῦ
907 2024 1031 2095 περὶ¹
1064 2022 1257 2086 παῖδας
1299 2022 1464 2075 πόθου
1503 2023 1614 2083 τοῖς
1646 2021 1765 2073 τότε
1806 2021 1900 2074 ἀν-

337 2106 573 2187 θρώποις
600 2116 688 2169 διὰ
722 2115 958 2185 σπουδῆς
986 2114 1275 2184 ἀγομένου,
1304 2114 1397 2167 καὶ
1436 2115 1534 2185 τῆς
1561 2113 1812 2178 ἀτεκνίας
1843 2115 1900 2167 ὲν

335 2208 581 2284 ἐσχάτοις
610 2211 795 2271 κακοῖς
847 2207 996 2280 παρά
1027 2210 1157 2260 πᾶσι
1188 2208 1307 2260 τότε
1333 2207 1748 2278 λελογισμένης,
1784 2209 1900 2261 δια-

333 2297 668 2366 ψευσάμενον
696 2298 830 2368 αὐτῇ
866 2296 1147 2349 συνιδοῦσα
1171 2297 1262 2350 τὸν
1306 2297 1523 2358 Ἰούδαν,
1548 2297 1642 2350 καὶ
1666 2296 1764 2360 τὰς
1793 2297 1900 2350 ἀπὸ

332 2388 426 2441 τοῦ
458 2388 646 2453 παιδὸς
674 2388 894 2450 ἐλπίδας
931 2390 1011 2452 εἰς
1050 2389 1224 2459 μάτην
1262 2388 1725 2460 παραληφθείσας,
1759 2388 1896 2460 αῦτη

334 2482 633 2533 ἐπιτίθεται
677 2481 753 2551 τῷ
786 2481 937 2553 ἀνδρί
953 2499 965 2511 ’
1012 2482 1071 2534 ού
1124 2480 1343 2534 πώποτε
1374 2478 1552 2552 ’νόμου
1600 2481 1895 2542 Μωῦσέως,

331 2571 453 2624 esse
483 2589 546 2640 γε
580 2572 892 2644 προφητῶν,
927 2572 1045 2625 οὐδὲ
1074 2572 1260 2643 ἐτέρου
1292 2573 1435 2636 τινὸς
1463 2570 1899 2642 ἀπαγορεύοντος

331 2663 643 2718 τὰτοιαῦτα
664 2682 676 2695 ·
716 2665 949 2718 κᾶπειτα
980 2665 1256 2734 σοφίζεται
1290 2663 1387 2735 τὴν
1422 2664 1481 2728 ἐξ
1518 2663 1681 2718 αὑτοῦ
1718 2664 1899 2717 παιδοσ

332 2754 542 2809 ποιῒανο
579 2754 651 2825 μὴ
693 2754 910 2820 δείξασα
953 2755 1091 2822 γοῦν
1115 2754 1311 2825 ἑαυτὴν
1342 2753 1425 2815 τίς
1460 2769 1590 2805 ποτε
1633 2749 1721 2825 ἦν,
1772 2768 1896 2805 συν-

330 2846 503 2900 ελθεῖν
536 2847 683 2917 αὐτῷ
712 2849 1045 2918 μηχανᾶταισ
1082 2845 1214 2913 ὁμοῦ
1248 2846 1308 2898 τὸ
1343 2845 1555 2917 σῶφρον
1583 2845 1644 2899 τὸ
1677 2845 1892 2916 ἑαυτῆς,

329 2940 580 2993 κάκείνου
620 2939 682 2991 τὸ
723 2940 958 3011 ἀκρατὲς
998 2939 1403 3009 ἀπελέγχουσαο
1436 2939 1470 3010 ἡ
1520 2938 1618 3008 μὲν
1650 2938 1758 3008 γὰρ
1789 2955 1894 3008 μα-

327 3033 480 3103 κροῖς
554 3029 728 3084 ἐτεσιν
772 3030 919 3102 αὐτῷ
981 3031 1312 3101 πειθομένη,
1380 3032 1522 3101 χήρα
1591 3030 1683 3083 καὶ
1729 3028 1894 3093 ἄπαις

2002 544 2164 593 stum.
2193 534 2449 590 Servator
2495 537 2638 591 enim
2686 538 2917 594 servatis
2951 538 3204 608 gentibus
3241 552 3572 611 praevertere-

2001 630 2105 683 dus
2145 634 2279 683 erat.

2727 697 2840 753 VII.

2003 787 2111 863 Cur
2141 788 2419 843 Thomam
2450 790 2597 860 facta
2628 794 2906 863 mentione,
2939 794 3141 863 nullam
3170 804 3426 863 prteterea
3451 814 3569 852 mtt-

2072 860 2252 982 litlzrem
2285 863 2767 915 commemorauerit
2797 861 3083 919 Matthwus
3114 860 3378 934 factorum
3412 869 3584 940 laude,

2072 946 2087 982 ι
2138 940 2354 984 mtrem.
2824 945 2835 955 δ

2072 1023 2124 1075 1.
2154 1022 2477 1078 Thamaram
2526 1025 2572 1080 si
2613 1024 2738 1094 quis
2774 1038 2873 1081 ceu
2904 1025 3246 1082 meretricem
3281 1028 3569 1086 traducere

2003 1112 2204 1175 studet,
2262 1112 2310 1168 is
2359 1114 2543 1169 audiat
2598 1113 2794 1170 Judam
2846 1116 3115 1172 dicentem
3159 1137 3172 1171 :
3220 1135 3240 1169 ι
3292 1115 3569 1177 Thamara

1997 1202 2200 1269 justior
2227 1218 2314 1258 me
2348 1212 2455 1271 est,
2490 1206 2584 1275 qui
2635 1222 2744 1261 non
2787 1222 2904 1262 eam
2960 1208 3157 1265 tradidi
3206 1210 3413 1266 Silomo
3458 1212 3569 1268 ﬁlio

2004 1307 2124 1347 meo
2164 1294 2230 1346 ".
2269 1312 2287 1345 ι
2318 1292 2473 1349 Haud
2506 1297 2650 1350 enim
2697 1295 3000 1353 fornicandi
3033 1314 3197 1356 causa
3245 1305 3485 1372 prostitit
3510 1306 3569 1361 in

2003 1381 2161 1445 cella,
2197 1383 2291 1437 sed
2326 1385 2524 1453 pudico
2555 1388 2788 1442 consilio
2832 1398 2885 1444 et
2934 1390 3227 1446 liberorum
3266 1396 3439 1462 gratia
3470 1392 3570 1451 Ju-

2002 1472 2125 1526 dam
2156 1486 2348 1529 venata
2376 1486 2481 1531 est.
2516 1478 2703 1547 Neque
2726 1480 2798 1533 rei
2821 1494 2987 1535 causa
3026 1481 3175 1537 latet.
3200 1482 3338 1539 Huic
3366 1487 3571 1557 quippe

2000 1560 2170 1620 Judas
2194 1566 2547 1622 mandaverat
2573 1568 2721 1623 domi
2752 1578 2810 1623 ut
2828 1578 3096 1634 maneret,
3117 1572 3293 1629 donec
3328 1573 3568 1631 Silomus

2000 1652 2336 1709 adolesceret
2365 1655 2510 1712 ﬁlius
2541 1659 2822 1727 suus,.qui
2846 1674 2965 1713 eam
2996 1660 3198 1716 deinde
3220 1677 3445 1719 uxorem
3467 1664 3570 1719 du-

2001 1753 2166 1799 ceret.
2201 1748 2321 1814 lpsa
2343 1762 2473 1801 vero
2500 1749 2756 1804 alacriter
2784 1751 3272 1821 obtemperaverat,
3307 1757 3571 1813 sterilita-

2005 1835 2074 1888 tis
2095 1837 2306 1905 patiens
2329 1844 2492 1906 atque
2519 1838 2825 1900 viduitatis,
2850 1838 3006 1895 Iudae
3039 1845 3429 1911 sponsionibus
3456 1848 3568 1904 fre-

2003 1934 2077 1980 ta.
2105 1925 2212 1982 Sed
2242 1929 2388 1983 enim
2416 1944 2540 1984 cum
2567 1931 2657 1986 hic
2688 1931 2957 2000 promissa
2982 1948 3092 1988 non
3125 1934 3352 2000 faceret,
3387 1938 3479 1992 illa
3504 1939 3570 1992 li-

2001 2018 2254 2073 berorum
2295 2012 2568 2076 desiderio
2597 2025 2824 2092 percita,
2855 2026 2997 2094 quod
3025 2041 3214 2081 eorum
3260 2037 3569 2100 temporum

2002 2110 2248 2167 homines
2283 2115 2517 2169 maxime
2548 2116 2795 2185 urgebat,
2840 2119 3180 2173 sterilitatem
3238 2119 3293 2175 in
3339 2127 3573 2181 suminis

2002 2203 2162 2257 malis
2196 2204 2357 2274 vulgo
2399 2221 2600 2276 ponere
2630 2208 2857 2275 solitos;
2886 2225 3055 2279 seque
3090 2227 3119 2266 a
3159 2209 3298 2267 Juda
3320 2214 3567 2271 delusani

2002 2295 2264 2359 sentiens,
2298 2294 2612 2367 frustraque
2648 2297 2797 2368 spem
2825 2301 2879 2354 in
2910 2302 3029 2369 cjus
3062 2302 3173 2359 ﬁlio
3207 2306 3564 2375 collocatam;

2000 2385 2117 2455 ipsa
2146 2385 2250 2440 sibi
2287 2387 2464 2441 virum
2496 2391 2775 2455 conciliat,
2809 2392 2959 2445 nulla
3002 2394 3181 2449 adhuc
3210 2396 3327 2468 lege
3366 2397 3569 2471 Moysis

2000 2485 2090 2530 aut
2117 2479 2506 2547 prophetarum
2541 2490 2637 2536 aut
2655 2483 2950 2553 cujuslibet
2978 2485 3215 2542 hominis
3242 2488 3297 2543 id
3327 2499 3565 2547 vetante.

1998 2569 2135 2624 Tum
2171 2573 2403 2629 solerter
2430 2576 2704 2645 excogitat
2733 2592 2973 2646 quanam
3013 2579 3226 2635 ratione
3251 2594 3317 2636 ex
3351 2581 3473 2653 ipso
3501 2585 3569 2638 li-

1998 2663 2160 2719 beros
2194 2666 2480 2736 suscipiat.
2516 2666 2658 2738 Ergo
2684 2670 2859 2723 celata
2919 2670 3233 2727 conditione
3264 2689 3363 2729 sua
3402 2677 3567 2731 struit

1996 2753 2226 2811 insidias
2249 2763 2307 2810 ut
2330 2772 2453 2812 cum
2477 2773 2542 2812 eo
2571 2774 2683 2813 rem
2710 2760 2938 2828 habeat,
2963 2763 3124 2817 simul
3151 2768 3566 2836 temperantiam

1997 2861 2150 2901 suam
2179 2855 2343 2919 atque
2367 2850 2516 2906 illius
2539 2852 2991 2909 incontinentiam
3026 2866 3373 2927 coargutura.
3398 2859 3569 2914 Nam-

1996 2952 2101 3007 que
2131 2938 2248 3008 ipsa
2278 2939 2407 2994 dum
2442 2943 2631 2997 multis
2674 2944 2833 2999 annis
2877 2945 2954 2998 illi
3006 2946 3564 3018 ohtemperat,_vidua

1997 3030 2309 3101 sterilisque
2358 3042 2735 3101 permanserat
2770 3054 2783 3089 :
2819 3052 3053 3107 cumque
3080 3038 3130 3093 ei
3161 3037 3392 3097 facultas
3419 3055 3566 3100 esset

325 3121 603 3192 διέμενεν·
660 3121 793 3175 ἀλλὰ
836 3123 930 3175 καὶ
983 3122 1155 3192 παρὸν
1206 3118 1485 3192 γήμασθαι
1532 3120 1736 3192 ἑτέρῳ,
1797 3120 1891 3175 καὶ

1995 3123 2232 3178 nubendi
2269 3124 2447 3189 alteri,
2475 3128 2744 3196 matrique
2791 3126 2905 3183 ﬁeri
2945 3130 3243 3187 liberorum
3280 3148 3347 3188 ex
3368 3135 3565 3205 quovis

324 3214 529 3267 τέκνων
582 3214 792 3284 μητέρα
844 3212 907 3266 ἐκ
961 3230 1105 3275 τινος
1177 3210 1495 3279 ἀλλογενοῦς
1560 3210 1892 3280 καταστῆναι

323 3303 535 3375 ἀνδρὸς,
556 3305 616 3356 οὐ
640 3305 781 3356 ποιεῖ
804 3300 960 3355 τοῦτο
981 3318 994 3331 ’
1029 3300 1130 3370 τῆς
1153 3300 1258 3353 τῶν
1285 3299 1560 3372 προγόνων
1584 3298 1676 3353 τοῦ
1707 3299 1891 3363 Ἰούδα,

336 3394 588 3468 Ἀϐραὰμ
639 3396 731 3448 καὶ
772 3393 973 3459 Ἰσαὰκ,
1024 3394 1116 3447 καὶ
1142 3393 1206 3463 δὴ
1256 3393 1348 3446 καὶ
1386 3392 1490 3462 τῆς
1546 3390 1641 3445 τοῦ
1681 3391 1895 3462 Ἰσραὴλ

323 3487 643 3555 συγγενείας
675 3485 952 3556 ἐφιεμένη·
988 3487 1016 3538 ό
1044 3484 1099 3535 δὲ
1127 3482 1379 3555 χηρεύειν
1406 3483 1503 3554 τὴν
1527 3481 1690 3535 παῖδα
1724 3498 1894 3534 κατα-

318 3577 494 3631 λιπὼν
518 3617 531 3641 ,
570 3577 663 3630 καὶ
709 3576 875 3647 κόρην
926 3575 1129 3630 ἄπαιδα
1169 3574 1263 3628 ἐπὶ
1298 3574 1543 3647 μακροὺς
1584 3573 1893 3643 ἀναρτήσας

320 3671 567 3742 χρόνους,
598 3671 695 3740 οὐχ
727 3663 837 3731 οἷός
867 3686 927 3722 τε
957 3664 1024 3739 ἧν
1049 3669 1267 3739 κρατεῖν
1292 3666 1483 3720 ἑαυτοῦ
1510 3665 1645 3737 μετά
1667 3664 1763 3736 τὴν
1790 3664 1892 3735 τῆς

317 3763 579 3832 γυναικὸς
610 3762 893 3832 τελευτήν·
937 3759 1052 3813 ἀλλ’
1087 3761 1201 3830 ἅμα
1244 3760 1470 3831 τελευτᾷ
1507 3761 1540 3830 ἡ
1588 3758 1683 3812 τοῦ
1726 3756 1891 3811 Ἰούδα

318 3855 481 3926 γυνὴ,
521 3855 550 3907 ό
578 3855 656 3917 δὲ,
694 3852 918 3925 μηδενός
953 3869 1068 3914 πως
1101 3851 1265 3922 νόμου
1297 3848 1406 3904 τῶν
1446 3849 1662 3904 τοιῶνδε
1702 3847 1894 3920 ἀπείρ-

316 3962 536 4012 γοντος,
572 3945 773 4016 πόρνην
822 3940 1106 3995 ὑπολαϐὼν
1138 3941 1234 4012 τὴν
1281 3939 1595 4012 εἰρημένην,
1639 3938 1892 4010 ἡλίσκετο

319 4038 459 4107 πρὸς
492 4035 659 4106 αὐτῆς
686 4032 963 4089 οὐοδίκαια
1008 4032 1261 4105 πράττων
1281 4053 1293 4064 ’
1328 4033 1410 4086 ὅτι
1440 4031 1502 4101 δὴ
1533 4030 1770 4096 τοιοῦτος
1817 4030 1892 4084 ὣν

267 4187 276 4193 _
320 4127 486 4191 αὐτὸς
535 4126 632 4197 τὴν
683 4126 774 4179 ἐπὶ
809 4128 1036 4198 μακροῖς
1077 4125 1220 4177 ἔτεσι
1248 4123 1347 4188 τὰς
1386 4123 1703 4193 ὑποσχέσεις
1736 4123 1889 4177 ἐκδε-

322 4220 563 4290 ξαμένην
591 4217 687 4281 τὰς
721 4217 905 4282 αὐτοῦ,
942 4216 1225 4286 φιλόσοφόν
1262 4232 1321 4269 τε
1353 4216 1447 4269 καὶ
1498 4213 1747 4287 σώφρονα
1781 4214 1891 4285 βίον

318 4309 781 4379 ὲπιδεδειγμένην,
822 4309 1111 4380 ἀπεστέρει
1142 4306 1233 4361 τοῦ
1267 4307 1394 4380 περὶ
1433 4305 1526 4377 τὴν
1552 4304 1894 4361 παιδοποιῖαν

319 4400 558 4476 καρποῦ.

1995 3214 2318 3284 alienigena,
2353 3231 2461 3269 non
2495 3217 2727 3285 tulerat;
2759 3219 2855 3275 sed
2881 3219 3037 3277 Iudae
3060 3223 3352 3294 majorum,
3383 3226 3562 3284 Abra-

1993 3305 2138 3360 hami
2151 3321 2367 3376 nempe,
2382 3306 2550 3362 lsaaci
2566 3316 2727 3379 atque
2742 3309 3337 3387 lsraelis,eognationes
3352 3321 3565 3377 malue-

1992 3402 2099 3450 rat.
2144 3396 2350 3452 Contra
2393 3397 2442 3453 is
2474 3399 2565 3468 qui
2623 3399 2787 3455 ﬁliam
2839 3401 2895 3456 in
2928 3403 3198 3461 viduitate
3241 3407 3560 3478 reliquerat,

1992 3485 2346 3557 sterilemque
2398 3488 2629 3557 puellam
2662 3490 2718 3545 in
2748 3492 2969 3562 longum
3004 3502 3220 3565 tempus
3249 3497 3562 3564 distulerat,

1989 3588 2297 3649 temperare
2322 3581 2427 3636 sibi
2464 3597 2573 3637 non
2596 3585 2772 3653 potuit
2797 3594 2919 3656 post
2951 3589 3141 3645 uxoris
3169 3591 3402 3649 obitum.
3426 3591 3571 3647 Nam

1993 3673 2177 3727 statim
2213 3688 2276 3728 ac
2303 3672 2458 3728 Iudae
2482 3690 2618 3730 uxor
2637 3675 2894 3733 defuncta
2930 3688 3036 3747 est,
3053 3680 3104 3737 is
3132 3683 3281 3737 nulla
3329 3684 3563 3741 fortasse

1990 3761 2109 3833 lege
2137 3777 2252 3817 rem
2286 3763 2558 3833 ejusmodi
2607 3767 2928 3836 prohibente
2965 3769 3100 3842 (15),
3127 3772 3255 3827 dum
3299 3772 3560 3831 feminam

1992 3855 2336 3911 meretricem
2370 3871 2495 3912 esse
2525 3857 2827 3923 existimat,
2860 3861 2929 3915 ab
2956 3876 3043 3924 ea,
3085 3863 3175 3917 cui
3205 3862 3386 3919 fuerat
3409 3864 3560 3935 injw-

1991 3948 2126 4011 rius,
2150 3948 2410 4019 deceptus
2434 3958 2560 4006 est:
2602 3953 2692 4022 qui
2720 3963 2827 4007 tam
2858 3955 3071 4011 lubrico
3099 3961 3316 4028 ingenio
3362 3959 3559 4030 praedi-

1991 4046 2104 4103 tus,
2135 4041 2372 4110 puellam
2396 4050 2476 4097 tot
2517 4042 2631 4113 jam
2676 4046 2837 4100 annis
2867 4048 3323 4116 promissionibus
3345 4051 3468 4121 ejus
3491 4042 3565 4105 ίὶ-’ν

1991 4128 2231 4192 dentem,
2260 4138 2314 4185 et
2344 4132 2603 4187 solitariae
2650 4136 3079 4206 temperantique
3116 4139 3240 4195 vitae
3289 4138 3554 4205 deditam,

1992 4220 2288 4276 liberorum
2316 4221 2497 4278 fructu
2526 4224 2793 4295 privahat.

391 4496 457 4566 β’.
489 4492 672 4565 Ταύτῃ
695 4489 787 4547 οὖν
813 4493 905 4545 τὸν
942 4492 1110 4563 ἄνδρα
1140 4490 1397 4556 ὑποδῦσα,
1427 4494 1489 4545 ἐκ
1517 4489 1738 4564 πρώτης
1762 4491 1885 4560 ὁμι-

2057 4492 2113 4547 2.
2141 4491 2233 4547 Sic
2284 4510 2414 4565 ergo
2464 4492 2757 4559 Thamara,
2790 4497 3027 4567 peractis
3073 4498 3301 4569 nuptiis,
3326 4499 3556 4570 gemina:

314 4588 436 4650 λίας
467 4585 687 4658 διδύμου
717 4585 880 4655 γονῆς
924 4583 984 4649 ἐξ
1024 4582 1186 4638 αὐτοῦ
1215 4584 1421 4652 γίνεται
1470 4586 1671 4654 μήτηρ,
1700 4580 1888 4634 τοῦτον

318 4681 459 4751 αὐτῇ
491 4677 586 4730 τοῦ
611 4674 746 4730 Θεοῦ
776 4675 984 4747 καρπὸν
1014 4675 1112 4746 τῆς
1138 4673 1349 4745 ἀγαθῆς
1376 4674 1683 4745 προθέσεως
1728 4673 1886 4727 ἕνεκα

316 4768 727 4842 δεδωρημένουο
779 4765 954 4839 παρὸν
1003 4766 1111 4837 γὰρ
1161 4764 1338 4828 ἄλλοις
1384 4765 1581 4837 ἑαυτὴν
1623 4765 1883 4834 ἀγαγεῖν,

316 4863 411 4917 καὶ
432 4861 637 4931 ἑτέροις
662 4855 975 4926 ἀλλοφύλοις
998 4855 1091 4908 καὶ
1118 4852 1336 4907 ἀσεϐέσι
1360 4854 1710 4927 συναφθῆναι,
1729 4855 1886 4909 τοῦτο

319 4956 421 5025 μὲν
457 4954 520 5006 οὺ
554 4950 801 5023 διενοήθη
821 4965 836 4978 °
870 4948 963 5001 τοῦ
992 4946 1049 5001 δὲ
1074 4945 1180 4999 τῶν
1217 4945 1475 5015 θεοφιλῶν
1507 4947 1694 5016 γένους
1721 4949 1885 5021 εὐχὴν

316 5046 521 5117 θεμένη
553 5041 975 5112 καταξιωθῆναι,
1028 5041 1228 5112 καίπερ
1270 5036 1403 5095 οὖσα
1443 5039 1756 5111 ἀλλόφυλος,
1786 5041 1883 5113 τὴν

312 5137 583 5207 τοσαύτην
618 5133 1049 5188 συνεσκευάσατο
1097 5132 1565 5205 δραματουργίαν·
1621 5134 1683 5186 οὐ
1746 5132 1883 5204 πρό-

313 5245 474 5302 τερον
517 5228 573 5281 δὲ
620 5230 653 5299 ὴ
702 5227 899 5298 Θάμαρ
932 5225 1130 5296 ἐτόλμα
1186 5228 1437 5296 παρεῖναι
1491 5224 1584 5277 ἐπὶ
1627 5223 1724 5295 τὴν
1786 5224 1881 5278 τοῦ

386 5366 435 5399 ⁸⁷
472 5363 611 5420 Gen.
646 5379 852 5418 xxxvm
874 5403 888 5425 .
919 5361 1009 5418 ΞΘ.

387 5474 517 5601 (Ιὸζ
546 5473 699 5540 Quod
727 5473 802 5526 ait
830 5472 1099 5529 Eusebius
1124 5471 1273 5527 nulla
1306 5471 1537 5555 fortasse
1566 5469 1742 5553 adhuc
1765 5472 1878 5543 lege

387 5548 474 5601 olli
520 5546 652 5600 itum
688 5543 855 5600 fuisse
879 5559 907 5598 a
934 5542 1227 5599 scortando
1255 5540 1469 5601 Judam,
1497 5543 1547 5596 ιι]
1576 5542 1878 5601 intelligen-

316 5540 652 5617 prombitu‘m
673 5543 855 5617 fuisse
879 5559 907 5598 a
934 5542 1227 5617 scortando
1255 5540 1474 5617 ludam,
1497 5543 1547 5596 id
1576 5540 1879 5612 intelligen-

318 5612 449 5671 dum
472 5626 555 5671 est
578 5613 645 5671 de
673 5615 787 5684 lege
812 5614 955 5685 apud
974 5613 1294 5685 Palaestinos
1328 5612 1565 5685 publica,
1596 5628 1715 5682 qua:
1740 5629 1876 5685 none

317 5688 448 5763 dum
504 5682 744 5740 fortasse
790 5682 1070 5755 proposita
1129 5682 1703 5763 fuerat.rCaeteroquin
1730 5684 1873 5763 apud

320 5758 614 5829 plerasque
664 5753 851 5825 gentes
896 5753 1069 5822 atque
1120 5753 1270 5806 omni
1320 5762 1561 5825 tempore
1610 5754 1871 5808 scortatio

632 5847 903 5907 ΡΑτιιοι..
934 5847 1052 5907 Gn.
1088 5845 1291 5906 XXII.

1989 4584 2172 4639 statim
2203 4585 2373 4654 prolis
2419 4594 2594 4642 mater
2618 4587 2824 4655 eyasit;
2860 4588 2963 4643 hoc
3003 4589 3078 4644 illi
3102 4591 3383 4660 praemium
3422 4591 3552 4648 boni

1989 4677 2253 4747 propositi
2290 4678 2555 4749 largiente
2585 4678 2716 4734 Deo.
2751 4678 2882 4747 Quae
2920 4682 3066 4736 enim
3095 4682 3219 4738 aliis
3238 4697 3299 4738 se
3338 4682 3553 4738 tradere

1988 4775 2270 4837 potuerat,
2321 4776 2487 4839 atque
2550 4771 2775 4827 amasiis
2842 4773 3162 4843 alienigenis
3207 4773 3553 4845 ethnicisquo

1988 4858 2092 4914 frui
2118 4898 2133 4924 ,
2158 4860 2291 4914 nihil
2310 4860 2584 4931 ejusmodi
2625 4863 2812 4919 molita
2840 4871 2964 4920 est:
2999 4864 3094 4920 sed
3121 4865 3307 4935 potius
3341 4867 3553 4938 rogavit

1986 4956 2046 5004 ut
2072 4950 2287 5021 piorum
2319 4952 2601 5008 hominum
2629 4970 2825 5025 genere
2851 4957 3014 5026 digna
3041 4956 3210 5013 ﬁeret.
3234 4956 3301 5011 Et
3329 4957 3551 5028 quidem

1985 5054 2107 5094 cum
2130 5041 2247 5110 ipsa
2283 5051 2429 5098 esset
2451 5044 2620 5114 stirpe
2650 5044 2973 5116 alienigena,
3002 5045 3162 5101 talem
3186 5053 3413 5118 tamque“
3432 5047 3552 5102 lau-

1983 5131 2218 5188 dabilem
2274 5149 2560 5203 personam
2639 5137 2919 5193 sustinuit.
2980 5135 3346 5210 Praeterquam
3403 5138 3557 5210 quod-

1984 5225 2253 5282 Thamara
2279 5226 2425 5283 haud
2451 5221 2607 5298 prius
2639 5242 2773 5285 ausa
2794 5237 2881 5285 est
2916 5243 3031 5286 rem
3060 5228 3261 5286 habere
3287 5244 3413 5286 cum
3447 5227 3546 5287 lu-

2019 5470 2308 5542 ropndiosa
2342 5470 2444 5525 fuit
2476 5479 2530 5527 et
2552 5470 2771 5542 illicita.
2804 5469 2991 5542 Neque
3015 5472 3066 5528 id
3089 5487 3309 5538 mirum,
3332 5472 3548 5529 dicente

2000 5540 2147 5597 ’aulo
2174 5540 2192 5593 Ι
2228 5541 2355 5596 Cor.
2408 5557 2481 5605 vr,
2506 5541 2590 5607 l8,
2630 5543 2716 5613 qui
2746 5540 3061 5613 fornicatur,
3091 5545 3144 5597 in
3176 5556 3365 5613 corpus
3390 5557 3551 5613 suum

1980 5559 2147 5597 ramo
2174 5559 2191 5593 Ι
2228 5559 2355 5596 μοι’.
2408 5559 2481 5605 γι,
2506 5559 2590 5607 ιδ,
2698 5559 2716 5594 ι
2746 5559 3061 5611 jar-meatur,
3091 5560 3144 5597 tn
3176 5559 3365 5613 corpus
3390 5559 3546 5597 suum

1975 5622 2202 5686 peccat,
2238 5627 2563 5686 quo‘supet'
2619 5559 2768 5669 (Ἐθιο
2816 5612 3015 5686 legesis
3070 5614 3248 5669 sancti
3297 5612 3546 5686 Gregorii

1975 5681 2205 5738 stscni
2242 5682 2561 5737 orationem.

3148 5846 3225 5906 29
