4054 6408
497 335 600 392 907

1217 329 1487 391 EUSEBII
1525 334 2005 392 CASSARIENSIS
2043 334 2193 391 OPP.
2237 335 2417 391 PARS
2451 333 2541 390 111.
2575 368 2647 379 -‹
2684 335 3093 398 EXEGETICA.

3617 350 3704 408 903

495 455 587 518 da,
620 469 784 524 quam
829 452 992 523 hujus
1017 469 1155 508 uxor
1189 453 1326 509 obiit
1360 475 1372 510 :
1417 471 1523 527 qua
1569 456 1812 512 nondum
1870 457 2066 511 exstin-

2193 456 2358 510 Ἰούδα
2385 458 2695 522 κοινωνίαν,
2725 459 2758 530 ἢ
2798 458 3040 513 ἐκποδὼν
3072 459 3323 529 γενέσθαι
3357 463 3449 534 τὴν
3478 469 3707 539 προτέραν

495 553 604 608 cta,
632 543 739 598 tale
777 543 909 613 quid
934 541 1152 614 aggredi
1187 543 1341 600 nefas
1359 561 1481 602 esse
1507 553 1812 617 putaverat.
1849 545 2079 602 Mansis-

495 639 578 686 set
609 631 794 701 itaque
844 633 1022 702 patria
1072 631 1126 686 in
1161 633 1324 688 domo
1352 635 1437 690 vel
1469 644 1735 706 perpetuo
1782 637 2077 692 liberorum

493 738 714 793 expers,
764 723 873 778 nisi
914 725 1265 780 occasionem
1317 727 1424 782 sibi
1469 727 1652 784 favere
1700 730 2073 800 cognovisset;

493 815 748 886 ideoque,
778 823 839 870 ut
862 816 997 882 dixi,
1039 817 1150 874 Deo
1181 833 1279 874 usa
1319 828 1405 876 est
1433 822 1704 891 adjutore,
1735 826 1827 894 qui
1861 839 1925 879 ex
1965 841 2077 880 uno

493 922 618 960 cum
650 905 678 960 J
689 907 790 961 uda
822 923 1121 978 congressu
1155 911 1397 980 gemellae
1440 912 1608 981 prolis
1663 914 1997 970 cumulatum
2027 915 2076 971 ei

493 999 725 1070 largitus
747 1009 830 1056 est
858 1000 1132 1056 fructum:
1163 1003 1327 1058 simul
1359 1003 1414 1058 in
1436 1003 1734 1061 liberorum
1771 1008 2077 1077 generatio-

493 1109 563 1148 ne
619 1109 876 1149 arcanam
933 1095 1258 1150 machinans
1310 1097 1710 1166 providentiam
1754 1118 1767 1153 :
1805 1099 1874 1154 ob
1910 1115 2073 1170 quam

491 1185 842 1256 potissimum
876 1188 1130 1242 existimo
1159 1188 1228 1242 ab
1261 1188 1467 1260 inclyte
1490 1191 1820 1262 evangelista
1855 1206 2072 1247 omnem

489 1278 660 1347 hujus
689 1279 770 1333 rei
799 1279 1130 1334 mentionem
1165 1279 1218 1334 in
1268 1280 1580 1337 Servatoris
1616 1283 1791 1338 nostri
1817 1285 2073 1354 genealo-

491 1367 579 1439 gia
604 1369 775 1425 fuisse
803 1371 1280 1440 comprehensam.
1309 1370 1568 1430 Gemellis
1599 1375 1746 1430 enim
1773 1391 1804 1430 e
1837 1373 2074 1430 Thama-

490 1478 552 1516 ra
583 1463 728 1517 natis
758 1462 949 1518 liberis
981 1462 1118 1517 Zara
1141 1470 1197 1518 et
1221 1463 1450 1530 Phares,
1477 1481 1586 1520 non
1625 1467 1880 1538 vulgares
1909 1482 2073 1523 even-

489 1563 584 1609 tus
623 1553 840 1610 videtur
874 1555 1006 1608 mihi
1040 1571 1102 1608 ex
1145 1555 1342 1610 horum
1374 1559 1731 1627 generatione
1787 1559 2070 1632 Scriptura

490 1645 839 1715 portendere.
872 1648 1049 1716 Atque
1079 1646 1285 1701 idcirco
1319 1647 1604 1706 Mattlmus
1635 1653 1921 1707 amborum
1945 1668 2068 1708 cum

489 1744 665 1790 matre
707 1736 956 1790 meminit
987 1736 1073 1791 his
1097 1735 1278 1792 verbis
1306 1756 1318 1792 :
1347 1755 1365 1788 ‹
1383 1737 1555 1793 Judas
1577 1742 1764 1810 genuit
1783 1740 1989 1797 Phares
2015 1752 2069 1799 et

2180 548 2344 602 αὑτοῦ
2385 550 2664 621 γαμετήν·
2702 551 2808 622 πρὸ
2841 551 2934 605 τοῦ
2975 551 3179 624 ταύτης
3221 551 3441 609 Θανάτου
3479 556 3567 628 οὐχ
3587 560 3708 618 ὅσιον

2179 640 2457 712 ἡγουμένη
2491 641 2551 694 τὸ
2579 642 2917 714 ἐπιχείρημα
2940 660 2952 672 ·
2988 643 3150 715 ἔμενε
3179 645 3310 716 γοῦν
3347 649 3469 720 παρ’
3493 650 3638 723 ἑαυτῇ
3661 654 3709 707 ἐν

2178 732 2256 803 τῷ
2287 734 2420 804 οἴκῳ
2450 731 2544 786 τοῦ
2569 734 2776 808 πατρὸς
2802 735 2988 807 αὐτῆς,
3020 737 3219 810 καίπερ
3245 735 3378 795 οὖσα
3403 741 3605 808 ἄτεκνος
3624 744 3708 798 κᾶν

2181 823 2342 896 μέχρι
2373 825 2558 890 τέλους
2583 825 2750 891 ἄπαις
2777 827 3042 899 διέμενεν,
3083 832 3132 883 εί
3167 831 3243 904 μή
3274 833 3364 886 τὸν
3395 834 3569 906 καιρὸν
3594 837 3708 908 αὐτῇ

2180 915 2536 971 συλλαϐέσθαι
2586 918 2859 990 ἡγήσατο·
2898 921 2979 975 διὸ
3024 922 3111 993 δὴ,
3158 923 3234 986 ὼς
3263 923 3415 994 ἔφην,
3448 925 3569 979 Θεοῦ
3603 944 3710 981 κατ-

2178 1007 2419 1072 αξιοῦται
2458 1011 2742 1082 συνεργοῦ,
2773 1013 2830 1076 ὃς
2862 1015 2925 1066 ἐκ
2964 1015 3091 1085 μιᾶς
3124 1014 3219 1068 τοῦ
3253 1016 3418 1069 Ἰούδα
3446 1019 3708 1083 κοινωνίας,

2176 1100 2383 1154 παίδων
2432 1103 2572 1175 αὐτῇ
2625 1103 2818 1158 διττῶν
2868 1106 3080 1178 ἀθρόως
3130 1109 3440 1180 ἐδωρήσατο
3493 1113 3708 1185 καρπόν·

2175 1191 2309 1262 ὁμοῦ
2359 1194 2489 1264 περὶ
2535 1193 2632 1266 τὴν
2667 1194 2778 1250 τῶν
2825 1196 3029 1250 παίδων
3083 1199 3294 1266 γένεσιν
3355 1201 3712 1274 μυστηριώδεις

2175 1283 2432 1338 ἐπιτελῶν
2466 1287 2807 1360 οἰκονομίας·
2849 1289 2916 1343 δι’
2949 1289 3016 1354 ἃς
3058 1291 3154 1344 καὶ
3186 1287 3339 1365 οἶμαι
3381 1293 3598 1364 μάλιστα
3636 1296 3712 1348 τὸν

2175 1373 2472 1447 θαυμάσιον
2520 1379 2907 1453 εύαγγελιστὴν
2941 1383 3039 1454 τὴν
3089 1385 3266 1438 πᾶσαν
3321 1387 3531 1458 μνήμην
3560 1387 3712 1440 αὐτῶν

2173 1471 2238 1539 τῇ
2281 1469 2374 1523 τοῦ
2424 1471 2672 1544 ἃυτῆρος
2717 1472 2877 1543 ήμῶν
2928 1476 3354 1548 συμπεριλαϐεῖν
3395 1477 3709 1551 γενεαλογίαο

2172 1559 2409 1632 διδύμων
2438 1563 2546 1634 γὰρ
2595 1565 2801 1618 παίδων
2859 1565 2916 1632 ἐξ
2970 1568 3140 1640 αὐτῆς
3193 1571 3620 1641 γενομένων,τοῦ
3663 1589 3714 1627 τι

2173 1653 2322 1724 Ζαρᾶ
2351 1658 2446 1710 καὶ
2475 1656 2569 1710 τοῦ
2598 1657 2791 1729 Φαρὲς,
2824 1658 2884 1712 ού
2906 1657 2972 1712 τὰ
2997 1661 3224 1732 τυχόντα
3254 1680 3345 1734 μοι
3375 1663 3517 1718 δοκεί
3540 1658 3600 1718 ἐκ
3630 1665 3712 1737 τῆς

2172 1743 2376 1797 τούτων
2416 1746 2682 1813 γενέσεως
2719 1751 2748 1802 6
2780 1749 2880 1820 τῆς
2923 1750 3146 1824 Γραφῆς
3179 1755 3506 1810 αἰνίττεσθαι
3551 1757 3711 1824 λόγος·

492 1825 686 1880 Zaram
708 1825 774 1879 de
789 1825 1049 1880 Thamar.
1076 1826 1226 1880 i-Cur
1247 1827 1396 1882 enim
1413 1829 1462 1882 ei
1484 1845 1590 1884 non
1623 1829 1835 1885 suffecit
1862 1831 2066 1897 dicere,

2171 1833 2252 1887 διὸ
2288 1835 2382 1888 καὶ
2427 1812 2626 1906 ἀμφοῖν
2679 1812 3061 1912 μνημονεῦσαι·
3221 1846 3495 1901 Ματθαίον
3541 1812 3629 1920 τῆς
3665 1812 3714 1902 τε

489 1917 514 1971 J
526 1918 660 1973 udas
693 1919 880 1988 genuit
919 1917 1166 1974 Phares?
1193 1921 1561 1989 prmtermisso
1593 1921 1730 1975 Zara
1757 1963 1772 1988 ,
1799 1924 1946 1994 quod
1992 1924 2062 1979 fe-

491 2014 566 2065 cit
600 2013 654 2066 in
703 2010 930 2078 Iacobo,
963 2026 1072 2083 quo
1128 2028 1237 2066 uno
1287 2022 1610 2080 memorato,
1669 2010 1904 2070 Esavum
1947 2017 2069 2070 reti-

492 2105 625 2159 cuit.

560 2378 613 2431 3.
646 2375 810 2432 Addit
836 2377 999 2432 etiam
1031 2392 1097 2433 ex
1131 2391 1240 2447 qua
1271 2383 1450 2431 matre
1481 2373 1594 2430 sint
1621 2375 1758 2439 nati,
1792 2390 1985 2445 nempe
2003 2391 2069 2430 ex

490 2469 762 2525 Thamara
806 2490 818 2526 ε
876 2469 1077 2540 quibus
1130 2469 1313 2524 verbis
1365 2468 1614 2522 hortatur
1671 2466 2072 2537 quodammodo

489 2577 590 2618 nos
628 2563 693 2616 ad
719 2561 1177 2617 considerandam
1227 2561 1421 2615 horum
1473 2559 1786 2614 historiam.
1826 2559 1938 2630 Age
1986 2575 2072 2614 ve-

489 2669 553 2708 ro
614 2653 669 2708 in
730 2653 929 2710 Genesi
983 2653 1196 2725 Moyses
1243 2653 1359 2708 haec
1405 2653 1524 2706 ait:
1559 2669 1577 2702 ι
1611 2649 1747 2706 Cum
1783 2651 1897 2720 jam
1927 2658 2072 2707 esset

490 2747 737 2818 paritura
785 2746 1079 2810 Thamara,
1133 2746 1347 2815 gemelli
1393 2751 1551 2800 erant
1593 2744 1648 2797 in
1698 2752 1855 2797 utero
1903 2743 2067 2812 ejus:

488 2840 730 2909 dumque
752 2846 1149 2908 pareret,unus
1175 2837 1403 2907 protulit
1429 2851 1676 2900 manum,
1709 2851 1816 2906 qua
1853 2842 2071 2905 arrepta

489 2932 760 2987 obstetrix
808 2931 1052 3002 alligavit
1085 2930 1133 2984 ei
1190 2930 1479 2986 coccinum
1513 2930 1706 2984 dicens
1738 2949 1750 2985 :
1791 2927 1890 2983 Hic
1921 2929 2072 2999 prior

488 3024 678 3079 exibit.
715 3021 820 3078 Sed
851 3023 996 3079 enim
1027 3037 1094 3078 eo
1113 3023 1426 3078 retrahente
1451 3038 1694 3086 manum,
1730 3021 1913 3078 statim
1938 3020 2072 3076 exiit

488 3118 658 3172 frater
679 3114 819 3184 ejus.
850 3115 1047 3184 Aitque
1099 3114 1333 3169 mulier:
1366 3113 1477 3168 Cur
1511 3112 1686 3176 divisa
1724 3118 1810 3168 est
1847 3119 2071 3182 propter

488 3217 544 3265 te
578 3209 850 3264 maceria?
895 3207 1144 3278 dixitque
1179 3221 1376 3262 nomen
1416 3205 1538 3276 ejus
1587 3203 1818 3260 Phares.
1861 3203 2066 3258 Deinde

486 3317 744 3372 egressus
793 3309 874 3356 est
906 3301 1073 3355 frater
1101 3299 1244 3369 ejus,
1277 3301 1332 3353 in
1353 3298 1513 3369 cujus
1541 3312 1706 3351 manu
1741 3305 1858 3349 erat
1881 3296 2065 3350 cocci-

486 3410 620 3450 num
653 3414 668 3448 :
710 3393 1038 3462 vocavitque
1085 3407 1284 3447 nomen
1317 3391 1443 3460 ejus
1499 3389 1694 3444 Zaram
1725 3389 1792 3444 ’⁸,
1825 3407 1844 3440 ι
1901 3386 2065 3443 Vides

486 3486 768 3559 generatio
798 3485 1186 3556 praedictorum
1239 3491 1441 3554 quanta
1499 3481 1797 3548 contineat,
1831 3496 2064 3552 quorum

487 3593 654 3634 causa
677 3577 872 3650 opinor
903 3592 1009 3631 non
1042 3593 1165 3632 esse
1198 3576 1417 3632 silentio
1450 3590 1638 3646 pressa
1666 3591 1786 3646 quae
1817 3575 1956 3645 apud
1982 3575 2066 3629 iu-

489 3673 694 3744 clytum
728 3669 1119 3740 evangelistam
1151 3667 1536 3737 signiﬁcantur
1566 3667 1635 3722 ab
1668 3667 1754 3722 his
1781 3666 2061 3746 mysteria.

489 3763 675 3832 Itaque
701 3776 860 3818 sacer
887 3760 1186 3830 Apostolus
1217 3759 1543 3814 vocabulum
1589 3758 1844 3814 maceria:
1896 3759 2065 3813 inter-

485 3865 709 3927 pretans
756 3855 831 3925 (et
875 3852 1096 3924 quidem
1138 3851 1372 3907 fortasse
1409 3866 1520 3922 quo
1567 3851 1690 3906 loco
1717 3851 1924 3906 dictum
1956 3859 2060 3916 est,

486 3963 587 4003 cur
618 3945 792 4001 divisa
819 3951 903 4001 est
936 3951 1160 4014 propter
1193 3951 1244 3997 te
1298 3941 1596 4013 maceria)?
1630 3942 1710 3997 sic
1740 3943 1817 3996 ait
1845 3943 1902 3996 in
1939 3940 2064 4011 Epi-

487 4039 628 4093 stola
659 4038 727 4092 ad
758 4036 1024 4106 Ephesios
1059 4054 1073 4090 :
1118 4053 1136 4086 ‹
1169 4034 1287 4104 Ipse
1311 4034 1457 4089 enim
1483 4043 1569 4090 est
1598 4048 1703 4104 pax
1723 4043 1925 4098 vestra,
1967 4032 2060 4103 qui

487 4131 617 4186 fecit
664 4137 894 4198 utraque
922 4143 1113 4191 unum,
1143 4134 1199 4182 et
1226 4127 1466 4181 medium
1502 4125 1766 4194 parietem
1813 4125 2063 4180 maceria:

489 4223 727 4286 solvens,
756 4219 1074 4274 inimicitias
1107 4220 1161 4272 in
1207 4232 1373 4273 carne
1413 4233 1535 4282 sua,
1567 4217 1740 4286 legem
1776 4217 2062 4271 mandato-

486 4331 609 4370 rum
645 4314 882 4369 decretis
915 4327 1212 4377 evacuans,
1249 4318 1308 4364 ut
1342 4311 1482 4365 duos
1509 4311 1711 4365 condat
1760 4310 1814 4363 in
1860 4320 2054 4365 semet-

485 4410 605 4479 ipso
637 4407 691 4460 in
723 4421 889 4460 unum
929 4419 1127 4459 novum
1166 4403 1474 4466 hominem;
1503 4411 1557 4457 et
1586 4402 1905 4458 reconciliet
1946 4417 2061 4457 am-

485 4500 586 4559 bos
614 4502 668 4556 in
701 4515 808 4555 uno
832 4513 1060 4568 corpore
1093 4495 1287 4552 Deo".
1328 4516 1346 4547 ›

555 4680 610 4734 4.
647 4677 766 4733 Jam
793 4692 920 4732 vero
945 4675 1029 4730 his
1073 4681 1308 4728 mentem
1353 4673 1661 4738 intendens,
1697 4675 1901 4730 videsis
1930 4692 2060 4730 num

486 4771 628 4826 forte
696 4768 931 4823 duorum
991 4765 1376 4836 pradictorum
1429 4765 1723 4835 conjuncta
1783 4767 2058 4832 nativitas,

487 4879 684 4935 nempe
715 4871 769 4918 et
799 4861 1004 4916 Phares
1037 4867 1258 4930 propter
1306 4874 1466 4927 quem
1523 4857 1666 4913 facta
1724 4869 1808 4916 est
1840 4860 2057 4928 divisio,

487 4969 541 5013 et
592 4956 794 5029 prioris
842 4955 932 5023 qui
975 4968 1194 5006 manum
1233 4951 1528 5022 protendit,
1581 4953 1852 5022 posterior
1879 4964 2058 5008 autem

488 5051 643 5115 exiit,
672 5047 942 5120 signiﬁcet
973 5046 1204 5099 duarum
1237 5045 1473 5099 vitarum
1496 5061 1717 5116 genera,
1743 5048 1946 5117 quibus
1970 5049 2057 5103 usi

488 5151 615 5197 sunt
647 5142 726 5196 illi
757 5140 1005 5194 homines
1033 5137 1125 5207 qui
1153 5136 1318 5191 Deum
1343 5135 1557 5192 Patrem
1602 5139 1802 5194 habere
1848 5155 2061 5195 merue-

488 5233 868 5302 runt;.partim
900 5231 956 5285 in
1000 5228 1314 5301 Evangelio,
1351 5231 1547 5300 partim
1588 5230 1644 5284 in
1673 5232 1788 5302 lege
1823 5231 2059 5288 Mosaica

489 5328 822 5383 victitantes.
852 5327 911 5379 ln
947 5326 1030 5386 his
1067 5325 1216 5393 prior
1247 5337 1466 5378 manum
1501 5323 1730 5394 protulit
1755 5325 1862 5379 vita
1894 5341 2061 5380 evan-

487 5421 694 5491 gelica;
720 5434 895 5488 neque
931 5425 1111 5472 tamen
1158 5415 1345 5471 eadem
1395 5416 1452 5471 in
1497 5417 1674 5472 lucem
1716 5419 1868 5489 prior
1895 5421 2061 5490 exiit;

490 5511 585 5567 sed
615 5524 778 5564 manu
815 5517 1071 5572 retracta,
1118 5507 1240 5561 vita:
1296 5505 1568 5571 Mosaicae,
1624 5523 1745 5578 qua:
1793 5512 2064 5578 posterior

487 5606 625 5665 erat,
659 5597 900 5668 permisit
939 5597 1126 5666 prima:
1162 5595 1331 5652 exire.
1371 5595 1462 5652 Sic
1493 5595 1582 5652 illa
1609 5613 1729 5668 qua:
1755 5601 1908 5670 prior
1922 5611 2059 5670 erat,

558 5777 602 5808 "
677 5774 811 5831 Gen.
847 5788 1084 5837 xxxviii,
1125 5771 1312 5829 27-50.
1389 5775 1432 5807 ¹⁹
1473 5773 1670 5845 Ephes.
1713 5791 1786 5841 ιι,
1829 5777 2016 5836 M-IG.

2096 3165 2136 3220 C

2094 4506 2135 4559 D

2172 1925 2377 1980 τούτων
2434 1929 2638 2000 μητρὸς
2683 1931 2902 1986 εἰπόντα
2943 1954 2961 1987 ι
3007 1937 3206 2002 Ἰούδας
3256 1939 3312 1992 δὲ
3353 1941 3596 2012 ἐγέννησε
3640 1941 3716 1995 τὸν

2171 2020 2322 2090 Ζαρᾶ
2351 2021 2415 2073 ἐκ
2436 2020 2534 2091 τῆς
2560 2021 2776 2096 Θάμαρο
2804 2044 2821 2075 ι
2854 2024 2940 2079 διὰ
2963 2029 3015 2080 τί
3047 2029 3155 2100 γὰρ
3185 2032 3285 2084 ούκ
3301 2033 3539 2107 ἠρκέσθη
3556 2035 3714 2104 φάναι,

2185 2111 2382 2175 Ἰούδας
2427 2113 2684 2186 ἐγέννησε
2717 2117 2808 2170 τὸν
2837 2119 3040 2191 Φαρὲς,
3089 2124 3412 2192 παραλιπὼν
3441 2126 3528 2183 τὸν
3570 2131 3715 2200 Ζαρᾶ,

2171 2205 2308 2276 ὅπερ
2363 2206 2658 2276 πεποίηκεν
2708 2211 2801 2263 ἐπὶ
2841 2212 2936 2264 τοῦ
2995 2215 3222 2283 ’1ακὼϐ;
3278 2219 3443 2289 μόνου
3494 2222 3592 2294 γὰρ
3639 2223 3715 2276 τοῦ

2184 2295 2374 2350 Ἰακὼϐ
2401 2297 2679 2369 μνησθεὶς,
2715 2301 3007 2376 ἀποσιωπᾷ
3025 2307 3116 2360 τὸν
3157 2308 3347 2363 Ἠσαῦ.

2239 2386 2306 2456 γ’.
2349 2390 2678 2462 Προστίθησι
2710 2393 2766 2446 δὲ
2789 2395 2882 2448 acati.
2905 2397 3011 2450 ἀπὸ
3043 2399 3188 2464 τίνος
3227 2403 3455 2474 μητρὸς,
3487 2403 3645 2472 λέγων
3665 2407 3717 2456 ἐκ

2170 2480 2270 2550 τῆς
2296 2481 2509 2555 Θάμαρ,
2543 2486 2875 2556 παρακαλῶν
2909 2491 3305 2560 ἐπισκέψασθαι
3341 2496 3438 2568 τὴν
3469 2498 3588 2569 περὶ
3615 2498 3718 2549 τού-

2171 2591 2277 2626 των
2311 2576 2551 2647 ίστορίαν
2571 2594 2584 2608 ·
2627 2579 2824 2650 γράφει
2846 2581 2976 2650 γοῦν
3005 2584 3033 2636 6
3058 2585 3302 2657 Μωῦσῆς
3331 2588 3403 2640 ἐν.
3430 2591 3495 2660 τῇ
3531 2589 3719 2642 Γενέσει

2171 2664 2372 2733 λέγων·
2408 2685 2426 2718 ι
2465 2667 2711 2736 Ἐγένετο
2747 2669 2803 2723 δὲ
2837 2671 3000 2742 ήνίκα
3028 2673 3206 2728 ἔτικτε
3236 2675 3457 2749 Θάμαρ,
3487 2678 3577 2731 καί
3613 2677 3720 2750 τῇδε

2169 2753 2236 2828 ἦν
2266 2757 2462 2829 δίδυμα
2519 2760 2576 2812 ἐν
2608 2764 2673 2833 τῇ
2719 2765 2919 2836 γαστρὶ
2965 2765 3169 2836 αὐτῆς·
3217 2768 3440 2837 ἐγένετο
3477 2769 3531 2824 δέ
3581 2769 3721 2842 ἐντῷ

2171 2850 2376 2905 τίκτειν
2403 2851 2590 2923 αὐτὴν,
2616 2856 2645 2906 6
2669 2848 2747 2918 εἷς
2773 2856 3138 2928 προεξήνεγκε
3162 2860 3262 2931 τὴν
3295 2867 3456 2936 χεῖρα
3475 2880 3487 2893 ³
3511 2861 3722 2917 λαϐοῦσα

2169 2935 2225 2988 δὲ
2259 2937 2291 3008 ή
2329 2939 2486 3008 μαῖα,
2522 2939 2711 3010 ἔδησεν
2759 2944 2850 2996 ἐπὶ
2900 2945 2998 3018 τὴν
3051 2951 3208 3020 χεῖρα
3261 2935 3429 3006 αὑτοῦ
3475 2953 3719 3015 κόκκινον,

2170 3027 2421 3097 λέγουσα,
2456 3026 2608 3097 οὗτος
2640 3035 3086 3106 προεξελεύσεται
3110 3043 3377 3114 πρότερος
3397 3063 3410 3076 ·
3437 3047 3510 3110 ὼς
3540 3047 3593 3100 δὲ
3619 3047 3721 3099 ἐπι-

2173 3122 2446 3191 συνήγαγε
2472 3123 2570 3194 τὴν
2601 3128 2776 3195 χεῖρα,
2808 3128 2967 3194 εὐθὺς
2991 3129 3210 3202 ἐξῆλθεν
3228 3135 3256 3186 6
3282 3135 3510 3206 ἀδελφὸς
3541 3136 3718 3191 αὑτοῦ·

2169 3213 2200 3281 ή
2234 3211 2289 3264 δὲ
2321 3209 2474 3266 εἶπεν
2498 3229 2510 3244 ·
2541 3216 2594 3268 τί
2626 3215 2850 3289 διεκόπη
2881 3219 2969 3273 διὰ
2997 3223 3055 3274 σὲ
3089 3227 3380 3296 φραγμὸς;
3406 3231 3499 3282 καὶ
3521 3227 3723 3282 ἐκάλεσε

2167 3303 2228 3355 τὸ
2272 3304 2439 3375 ὄνομα
2472 3306 2635 3359 αὑτοῦ
2670 3309 2875 3380 Φαρέςο
2908 3314 3001 3366 καὶ
3050 3316 3190 3384 μετὰ
3233 3318 3396 3372 τοῦτο
3447 3320 3658 3390 ἐξῆλθεν
3699 3320 3725 3374 6

2167 3394 2394 3463 ἀδελφὸς
2425 3397 2610 3464 αὑτοῦ,
2643 3400 2729 3468 ἐφ’
2763 3394 2807 3469 ᾧ
2831 3403 2923 3455 ἐπὶ
2959 3407 3023 3476 τῇ
3058 3408 3203 3477 χειρὶ
3247 3410 3417 3463 αὐτοῦ
3464 3412 3720 3466 κόκκινον·

2167 3490 2261 3542 καὶ
2294 3489 2518 3543 ἐκάλεσε
2538 3491 2598 3544 τὸ
2624 3491 2793 3564 ὄνομα
2825 3494 2987 3549 αύτοῦ
3014 3499 3215 3570 Ζαρᾶ.»
3252 3501 3419 3574 Ὁρᾷς
3445 3505 3611 3560 ὁπόσα
3634 3503 3727 3558 τῶν

2167 3581 2469 3652 εἰρημένων
2501 3585 2534 3654 ή
2566 3583 2778 3652 γένεσις
2804 3589 3081 3659 περιέχει;
3110 3585 3184 3646 ὧν
3213 3591 3377 3648 ἕνεκα
3403 3597 3635 3668 ἠγοῦμαι
3663 3595 3726 3668 μὴ

2167 3676 2693 3748 παρασεσιωπῆσθαι
2747 3678 2813 3732 τὰ
2847 3682 2996 3753 παρὰ
3049 3683 3128 3755 τῷ
3185 3686 3477 3759 Θαυμασίῳ
3523 3691 3725 3758 εὐαγγε-

2165 3766 2317 3838 λιστῇ
2349 3768 2417 3821 τὰ
2458 3771 2516 3823 ἐν
2549 3770 2758 3838 τούτοις
2811 3775 3135 3846 αἰνίγματα·
3183 3780 3350 3850 φησὶν
3395 3778 3487 3837 οὖν
3521 3785 3549 3836 6
3601 3780 3724 3856 ίερὸς

2178 3860 2487 3926 Ἀπόστολος
2513 3864 2881 3937 διερμηνεύων
2914 3868 2984 3921 τὰ
3015 3872 3143 3942 περὶ
3175 3871 3268 3924 τοῦ
3299 3875 3555 3946 φραγμοῦ
3584 3875 3726 3946 (τάχα

2164 3968 2266 4039 που
2299 3954 2426 4025 περὶ
2459 3948 2519 4007 οὗ
2565 3955 2814 4029 εἴρηται,
2850 3960 2902 4012 τί
2945 3961 3168 4033 διεκόπη
3218 3963 3306 4017 διὰ
3363 3968 3428 4020 σὲ
3462 3965 3724 4039 φραγμὸς)

2161 4035 2264 4096 ὧδέ
2300 4061 2415 4109 πως
2448 4048 2506 4100 ἐν
2537 4051 2603 4119 τῇ
2651 4049 2786 4120 πρὸς
2843 4051 3124 4120 Ἐφεσίους
3165 4054 3452 4128 Ἐπιστολῇ
3476 4035 3549 4108 ι’(
3575 4035 3727 4118 Αὐτὸς

2162 4134 2270 4206 γάρ
2294 4136 2439 4190 ἐστιν
2466 4139 2498 4208 ή
2532 4140 2723 4209 είρήνη
2758 4140 2931 4210 ὑμῶν,
2962 4144 3192 4214 ποιήσας
3223 4143 3290 4197 τὰ
3335 4145 3619 4219 ἀμφότερα
3647 4146 3722 4198 ἕν’

2163 4227 2255 4279 καὶ
2276 4227 2336 4279 τὸ
2363 4228 2676 4299 μεσότοιχον
2699 4229 2793 4283 τοῦ
2827 4234 3084 4304 φραγμοῦ
3111 4233 3296 4299 λύσας,
3327 4237 3430 4309 τὴν
3459 4238 3650 4310 ἔχθραν
3677 4239 3728 4289 ἐν

2161 4322 2226 4389 τῇ
2261 4321 2426 4391 σαρκὶ
2458 4321 2621 4373 αὑτοῦ
2644 4361 2658 4384 ,
2690 4323 2780 4374 τὸν
2820 4325 2980 4394 νόμον
3014 4325 3120 4377 τῶν
3159 4327 3388 4381 ἐντολῶν
3415 4330 3474 4382 ἐν
3515 4329 3725 4398 δόγμασι

2163 4413 2537 4482 καταργήσας,
2573 4413 2658 4466 ἵνα
2702 4414 2828 4477 τοὺς
2873 4415 2966 4468 δύο
3005 4417 3165 4489 κτίσῃ
3212 4418 3269 4471 ἐν
3299 4418 3484 4490 ἐαυτῷ
3531 4422 3606 4482 εἰς
3646 4418 3727 4471 ἕνα

2165 4503 2348 4557 καινὸν
2381 4504 2685 4577 ἄνθρωπον,
2714 4509 2807 4559 καί¹
2840 4507 3121 4580 ἀπαλλάξῃ
3155 4511 3279 4574 τοὺς
3308 4511 3647 4583 ἀμφοτέρους
3679 4511 3727 4561 ἐν

2170 4595 2250 4646 ἐνὶ
2279 4594 2486 4666 σώματι
2509 4597 2586 4669 τῷ
2615 4598 2751 4670 Θεῷ.
2786 4618 2803 4650 ι

2237 4687 2298 4742 6'.
2342 4688 2564 4754 Τούτοις
2617 4687 2709 4746 οὖν
2747 4692 2845 4765 τὴν
2889 4692 3125 4747 διάνοιαν
3157 4695 3483 4769 ἐπιστήσας,
3515 4699 3607 4752 Οέα
3641 4697 3730 4767 μή-

2171 4785 2353 4854 ποτεὴ
2383 4783 2490 4835 τῶν
2522 4784 2666 4838 δυοῖν
2716 4785 2823 4837 τῶν
2865 4787 3168 4859 εἰρημένων
3222 4788 3320 4859 μία
3362 4791 3597 4858 γένεσις,
3625 4792 3728 4860 ἥτε

2167 4874 2261 4927 τοῦ
2288 4876 2460 4946 Φαρὲς
2479 4876 2547 4930 δι’
2580 4877 2636 4929 ὃν
2667 4879 2890 4951 διεκόπη
2919 4881 3188 4952 φραγμὸς,
3220 4883 3316 4935 καὶ
3342 4885 3374 4954 ή
3400 4883 3496 4936 τοῦ
3531 4883 3727 4954 πρώτου

2173 4968 2270 5036 μὲν
2302 4967 2399 5038 τὴν
2434 4971 2592 5041 χεῖρα
2631 4971 3041 5042 προϐάλλοντος,
3071 4974 3323 5047 δευτέρου
3351 4976 3408 5030 δὲ
3459 4975 3730 5049 προελθόν-

2167 5075 2277 5122 τος,
2303 5060 2595 5115 αἰνίττεται
2623 5063 2716 5116 δύο
2754 5063 2882 5135 βίων
2911 5066 3144 5136 τρόπους
3167 5066 3272 5120 τῶν
3292 5067 3616 5139 ἠξιωμένων
3642 5065 3728 5134 τῆς

2169 5150 2317 5222 παρὰ
2350 5151 2427 5222 τῷ
2459 5152 2578 5224 Θεῷ
2598 5158 2902 5228 γεννήσεως
2922 5177 2933 5187 ⁸
2961 5153 3034 5211 ὧν
3061 5162 3090 5213 6
3124 5159 3222 5230 μὲν
3253 5161 3394 5213 κατὰ
3424 5162 3487 5214 τὸ
3508 5157 3728 5228 Εύαγγέ·

2166 5239 2299 5303 λιον,
2325 5243 2352 5294 ό
2373 5242 2428 5294 δὲ
2451 5245 2592 5298 κατά
2619 5247 2710 5299 τὸν
2726 5249 3003 5313 Μωῦσέως
3025 5251 3232 5321 ὑπέστη
3267 5251 3432 5321 νόμον
3453 5269 3465 5282 ’
3485 5251 3619 5304 ἀλλὰ
3636 5248 3729 5316 γὰρ

2165 5331 2366 5385 τούτων
2399 5335 2610 5406 πρῶτος
2641 5339 2738 5408 μὲν
2765 5339 2862 5410 τὴν
2883 5343 3042 5413 χεῖρα
3088 5341 3426 5414 προϐέϐλητο
3451 5345 3481 5396 6
3518 5340 3656 5395 κατὰ
3679 5337 3732 5390 τὸ

2166 5425 2495 5494 Εύαγγέλιον
2517 5445 2528 5457 ο
2577 5431 2637 5482 οὐ
2673 5431 2777 5502 μὴν
2810 5434 2904 5486 καὶ
2949 5433 3163 5505 πρῶτος
3185 5435 3435 5506 πρόεισιν
3475 5437 3555 5499 είς
3589 5431 3694 5502 φῶς
3715 5448 3728 5462 ⁹

2167 5519 2486 5585 ὑποστείλας
2511 5523 2567 5576 δὲ
2610 5526 2708 5596 τὴν
2745 5529 2922 5598 χεῖρα,
2949 5527 3027 5600 τῷ
3069 5529 3209 5583 κατὰ
3256 5530 3466 5601 Μωῡσῆ
3509 5525 3735 5596 δευτέρῳ

2171 5611 2301 5663 ἰόντι
2334 5613 2614 5683 προελθεῖν
2650 5617 2933 5687 ἐπιτρέπει
2976 5619 3202 5692 πρώτῳ·
3245 5613 3343 5674 εἶθ’
3384 5619 3559 5684 οὕτως
3583 5615 3734 5680 αὐτὸς
