4054 6408
389 385 493 442 809

909 382 1368 452 QUASSTIONES
1406 380 1863 439 EVANGELICIE
1903 379 1992 435 AD
2031 378 2550 436 STEPIIANUM.—
2585 378 2917 448 ΟΠᾸΞΞΤΙΟ
2955 379 3071 434 VII.

3535 376 3644 432 910

393 502 605 573 πρῶτος
629 501 724 566 ὢν,
760 502 984 568 ὕστατος
1006 504 1192 569 ἔξεισι,
1227 506 1364 576 μετὰ
1393 505 1486 558 τοῦ
1515 505 1639 577 περὶ
1671 506 1767 577 τὴν
1810 506 1958 576 χεῖρα

2070 503 2258 556 ultima
2285 501 2437 565 exiit,
2473 501 2630 572 signo
2653 502 2836 556 manui
2864 501 3105 572 alligato,
3139 515 3168 552 a
3201 513 3308 570 quo
3342 498 3493 570 prior
3522 513 3646 554 esse

391 593 661 665 συμϐόλου
693 595 785 648 τοῦ
821 597 1031 668 πρῶτον
1051 597 1213 652 αὐτὸν
1243 596 1613 661 συνιστῶντοςο
1639 593 1706 668 ἦν
1736 597 1778 649 δ’
1811 599 1840 650 6
1861 596 1966 649 τῶν

393 687 496 760 πρὸ
519 688 792 752 Μωῦσέως
807 689 1066 759 θεοφιλῶν
1085 689 1290 763 ἀνδρῶν
1312 689 1424 760 βίος
1443 691 1471 742 ὁ
1488 690 1630 743 κατὰ.
1652 690 1711 742 τὸ
1725 688 1818 742 τοῦ
1838 691 1966 760 Χρι-

393 779 518 834 στοῦ
533 781 879 850 Εὐαγγέλιον,
905 782 1026 836 καθ’
1055 783 1114 836 ὃν
1137 782 1431 856 διαπρέψαι
1465 784 1890 855 μνημονεύονται
1918 785 1965 835 οἱ

390 871 534 942 ἀμφὶ
558 871 648 924 τὸν
662 872 931 943 Ἀϐραὰμ,
962 873 1274 938 καὶἸσαὰκ,
1299 873 1620 936 καὶΊακῶϐ,
1637 873 1966 943 Μελχισεδέκ

391 980 451 1016 τε
497 965 590 1017 καὶ
630 963 772 1029 Ἰὼϐ,
793 965 886 1017 καὶ
913 965 1044 1019 πολὺ
1071 966 1274 1019 τούτων
1319 966 1572 1038 πρότεροι
1593 967 1641 1019 οἱ
1672 965 1813 1036 ἀμφὶ
1843 964 1964 1018 Νῶε

392 1055 484 1109 καὶ
510 1056 652 1127 Σὴμ,
675 1057 766 1109 καὶ
795 1056 994 1126 ’1ἁφεθ,
1025 1057 1192 1127 Ἑνώχ
1218 1075 1276 1110 τε
1323 1059 1415 1112 καὶ
1441 1059 1554 1111 ὅσοι
1577 1058 1724 1112 ἄλλοι
1757 1057 1966 1121 τούτοις

389 1146 642 1216 γεγόνασι
673 1145 1067 1218 παραπλήσιον
1101 1147 1299 1202 δίκαιοι
1326 1148 1457 1216 γοῦν
1480 1147 1587 1202 οἵδε
1616 1147 1838 1212 πάντες,
1872 1149 1966 1202 καὶ

392 1239 634 1304 εὐσεϐεῖς
673 1240 766 1293 καὶ
799 1239 1098 1308 θεοφιλεῖςο
1131 1242 1180 1293 εί
1227 1239 1318 1293 καί
1349 1257 1492 1304 τινες
1535 1239 1712 1312 ἕτεροι
1759 1259 1967 1312 μαρτυ-

393 1329 668 1401 ρηθέντες,
700 1329 800 1399 τῆς
838 1329 935 1400 μὲν
959 1329 1098 1382 κατὰ
1123 1329 1362 1407 Μωῦσέα
1393 1329 1711 1401 νομοθεσίας
1733 1331 1965 1401 πάμπαν

393 1422 637 1494 ὑπῆρχον
661 1420 924 1493 ἀλλότριοι
949 1437 962 1452 ·
993 1420 1352 1492 προλαϐόντες
1379 1421 1435 1477 δὲ
1453 1422 1542 1476 τὸν
1569 1422 1713 1477 κατὰ
1728 1423 1965 1478 Μωῦσέα

390 1514 612 1585 τρόπον,
661 1515 790 1585 ἡμῖν
834 1513 1035 1585 ὁμοίως
1067 1515 1133 1584 τῇ
1184 1513 1324 1568 κατὰ
1357 1515 1416 1568 τὸ
1461 1515 1792 1585 Εὑαγγέλιον
1819 1515 1965 1586 φιλο-

390 1607 555 1678 σοφίᾳ
585 1606 906 1677 διέλαμψαν.

457 1719 520 1776 ε’.
569 1722 626 1776 '0
662 1723 761 1794 μὲν
793 1720 884 1778 οῦν
910 1723 1142 1796 πρῶτος,
1177 1724 1264 1779 διὰ
1295 1723 1387 1778 τοῦ
1414 1725 1564 1796 Ζαρᾶ
1597 1725 1871 1796 ἐδηλοῦτο,
1905 1726 1963 1791 ὃς

389 1817 747 1890 ἑρμηνεύεται
819 1820 1132 1887 Ἄνατολήο
1184 1819 1362 1890 φωτὸς
1408 1819 1516 1888 γὰρ
1582 1816 1860 1880 εὐσεϐείας
1905 1817 1963 1870 αἱ

389 1908 605 1978 πρῶται
655 1909 752 1981 τῆς
799 1909 1066 1981 ἀνατολῆς
1111 1911 1314 1980 αὐγαὶ,
1344 1910 1431 1963 διὰ
1474 1909 1582 1964 τῶν
1629 1908 1860 1981 πρώτων
1907 1910 1964 1962 ἐν

389 1999 696 2072 ἀνθρώποις
733 2002 1145 2076 εὐσεϐησάντων
1169 2003 1508 2074 ἐξέλαμψαν
1537 1997 1638 2056 οἷοί
1678 2020 1785 2074 περ
1824 1997 1964 2074 ἦσαν

387 2094 438 2145 οῖ
485 2093 592 2164 πρὸ
619 2093 894 2158 Μωῦσέως
937 2096 1002 2147 ὲκ
1035 2093 1258 2166 πρώτης
1298 2095 1600 2166 ἀνθρώπων
1655 2093 1967 2156 συστάσεως

388 2182 657 2253 θεοφιλεῖς
703 2184 1104 2254 ἀποφανθέντες
1127 2202 1141 2215 ο
1169 2187 1218 2238 οἱ
1247 2185 1311 2257 δὴ
1357 2185 1453 2239 καὶ
1480 2183 1558 2256 τῷ
1606 2185 1754 2256 Ζαρᾷ
1787 2201 1966 2255 παρα-

389 2273 652 2345 πλησίως,
687 2275 892 2346 πρῶτοι
948 2276 1053 2348 μὴν
1098 2275 1196 2347 τὴν
1251 2279 1408 2349 χεῖρα
1457 2277 1820 2349 προεϐάλοντο
1874 2278 1964 2332 τὸν

387 2364 691 2435 πρακτικὸν
725 2365 842 2436 βίον
877 2364 1272 2436 ἐνδειξάμενον
1327 2366 1387 2419 ού
1427 2365 1533 2437 μὴν
1565 2367 1658 2420 καὶ
1701 2366 1964 2437 έκράτυνέ

387 2474 451 2524 γε
477 2456 662 2511 τοῦτον
682 2477 694 2487 ·
727 2457 822 2512 τοῦ
857 2458 913 2512 δὲ
959 2459 1081 2512 κατ’
1109 2459 1305 2522 αὐτοὺς
1349 2458 1552 2530 τρόπου
1601 2461 1659 2512 ὲν
1694 2459 1962 2531 ύποστολῇ

386 2550 676 2622 γενομένου
701 2567 715 2581 ·
748 2550 840 2604 καὶ
881 2551 1069 2622 ὥσπερ
1110 2550 1253 2615 τινὸς
1293 2549 1548 2622 φραγμοῦ
1593 2550 1962 2614 διακοπέντος,

385 2639 608 2719 ἐξῆλθεν
633 2641 661 2692 6
692 2634 918 2709 ἀδελφὸς
951 2639 1114 2693 αὐτοῦ
1146 2641 1174 2692 6
1200 2638 1342 2694 κατὰ
1373 2639 1611 2693 Μωῦσέα
1639 2639 1780 2710 βίος·
1811 2639 1870 2693 ὃν
1898 2640 1962 2712 δὴ

389 2731 700 2802 μεσότοιχον
728 2730 978 2802 φραγμὸν
1007 2731 1272 2801 κέκληκεν
1311 2731 1340 2784 6
1376 2729 1677 2802 θαυμάσιος
1711 2729 1966 2784 Ἀπόστρ-

385 2823 506 2886 λος·
540 2822 620 2876 διὸ
652 2824 745 2876 καὶ
775 2823 1066 2895 ὠνομάσθη
1095 2823 1292 2896 Φαρὲς,
1320 2822 1420 2894 τῆς
1450 2824 1545 2876 τοῦ
1573 2823 1829 2896 φραγμοῦ
1851 2825 1966 2879 δια-

386 2916 564 2986 κοπῆς
591 2915 876 2986 ὲπώνυμος
897 2934 909 2945 ·
934 2916 1296 2989 ἑρμηνεύεται
1317 2916 1446 2986 γοῦν
1466 2918 1638 2988 Φαρὲς
1652 2919 1960 2988 μερισμός

385 3007 538 3061 ἔνθεν
564 3009 658 3062 καὶ
697 3010 978 3080 Φαρισαῖοι
1009 3010 1139 3082 παρ’
1173 3010 1354 3074 αὐτοῖς
1382 3010 1694 3082 διέπρεπον,
1725 3011 1876 3084 παρὰ
1906 3011 1965 3066 τὺ

388 3099 632 3171 μερίζειν
657 3102 751 3154 καὶ
777 3102 1056 3171 ἀφορίζειν
1081 3102 1307 3166 ἑαυτοὺς
1337 3101 1438 3172 τῆς
1469 3101 1577 3155 τῶν
1606 3102 1818 3157 πολλῶν
1846 3104 1964 3156 ἐπι-

2070 592 2478 663 comprobatur.
2519 591 2646 645 Erat
2668 602 2850 647 autem
2882 601 3010 647 ante
3040 590 3280 664 Moysem
3310 591 3522 661 piorum
3547 590 3647 644 ho-

2069 687 2275 740 minum
2300 685 2410 738 vita
2444 685 2743 740 secundum
2788 684 2994 739 Christi
3031 683 3419 754 Evangelium;
3449 682 3504 736 in
3536 699 3645 754 qua

2068 778 2390 833 cxcelluisse
2418 777 2710 832 traduntur
2733 777 3102 842 Ahrahamus,
3130 773 3644 839 lsaacus,Jacobus,

2069 870 2496 926 Ilelchisedecus
2535 879 2698 942 atque
2723 869 2896 926 Jobus
2926 891 2938 926 :
2973 879 3027 927 et
3073 872 3246 925 multo
3297 869 3384 927 his
3432 869 3646 940 priores

2067 962 2345 1024 Noachus,
2395 961 2613 1028 Scmus,
2645 973 2812 1033 atque
2865 963 3153 1034 Japhetus,
3183 971 3239 1018 et
3277 962 3558 1028 Enochus,
3590 971 3645 1018 et

2068 1064 2334 1126 quotquot
2358 1055 2444 1112 his
2474 1057 2682 1112 similes
2719 1056 2961 1112 fuerunt.
2998 1054 3140 1110 Justi
3172 1056 3340 1128 igitur
3361 1056 3418 1111 hi
3449 1072 3652 1112 omnes

2067 1157 2123 1204 et
2153 1148 2229 1220 pii
2262 1162 2327 1204 ac
2347 1147 2459 1204 Deo
2487 1149 2674 1205 dilecti
2699 1168 2712 1205 :
2754 1157 2807 1205 et
2849 1149 3068 1220 quidem
3097 1148 3305 1219 aliquot
3335 1149 3426 1205 alii
3457 1149 3648 1206 ferun-

2068 1249 2178 1303 tur,
2208 1255 2347 1309 quos
2387 1254 2418 1294 a
2454 1239 2690 1296 Mosaica
2722 1241 2839 1312 lege
2869 1239 3040 1296 fuisse
3072 1239 3280 1296 alienos
3309 1242 3363 1296 in
3388 1241 3644 1299 confesso

2067 1334 2169 1383 est.
2197 1325 2466 1384 Nimirum
2519 1329 2572 1383 hi
2620 1336 3008 1400 praevertentcs
3063 1327 3358 1383 Mosaicum
3411 1343 3640 1389 morem.

2067 1421 2184 1492 pari
2241 1421 2531 1478 nobiscum
2592 1422 2937 1494 philosophia
2976 1421 3288 1493 evangelica
3350 1421 3643 1492 splendue-

2067 1521 2214 1569 runt.

2137 1724 2190 1779 5.
2216 1721 2280 1777 Et
2312 1723 2402 1778 illa
2429 1721 2647 1794 quidem
2678 1723 2830 1794 prior
2865 1723 2973 1776 vita
3005 1736 3036 1775 a
3086 1720 3224 1776 Zara
3276 1721 3642 1792 portendeba-

2068 1820 2180 1880 tur,
2216 1828 2378 1884 quem
2435 1813 2709 1868 Orientem
2737 1813 3186 1882 interpretamur.
3238 1809 3448 1868 Pietate
3495 1813 3641 1867 enim

1997 1880 2039 1935 Β
2069 1909 2312 1965 lucentes
2342 1907 2502 1979 primi
2541 1907 2774 1964 orientis
2804 1906 2941 1961 radii
2984 1922 3079 1978 per
3102 1920 3221 1971 eos,
3246 1907 3338 1978 qui
3359 1905 3518 1976 primi
3558 1905 3648 1960 in-

2067 2011 2151 2058 ter
2179 2002 2431 2057 homines
2460 1999 2702 2072 religiosi
2725 1999 2900 2061 fuere.
2923 1999 3265 2055 emicuerunt
3288 2017 3304 2054 :
3330 1997 3641 2068 cuiusmodi

2066 2102 2225 2152 erant
2272 2093 2308 2147 ii
2333 2093 2426 2163 qui
2457 2101 2582 2148 ante
2612 2092 2850 2164 Moysem
2881 2092 2994 2162 jam
3026 2091 3155 2148 inde
3184 2105 3215 2146 a
3243 2091 3421 2162 prima
3460 2090 3640 2146 homi—

2067 2201 2197 2242 num
2233 2184 2510 2241 creatione
2537 2193 2788 2241 sanctum
2809 2182 2901 2239 Dei
2925 2182 3134 2238 cultum
3165 2197 3276 2254 prae
3291 2199 3352 2240 se
3374 2184 3639 2240 tulerunt.

2065 2280 2244 2353 Atque
2276 2278 2332 2333 hi
2364 2292 2474 2332 non
2504 2292 2664 2334 secus
2697 2284 2863 2348 atque
2894 2275 3034 2330 Zara
3065 2275 3228 2346 primi
3265 2291 3486 2332 manum
3517 2291 3641 2348 pro-

2067 2369 2384 2435 tenderunt,
2420 2369 2638 2426 solertis
2684 2369 2811 2424 vita:
2856 2367 3064 2423 indicio
3103 2367 3269 2435 iacto,
3300 2385 3407 2438 qua
3460 2379 3640 2425 tamen

2067 2475 2176 2514 non
2206 2467 2335 2515 sunt
2377 2459 2559 2530 potiti,
2592 2459 2838 2514 moribus
2881 2472 3070 2514 eorum
3121 2473 3181 2514 se
3212 2459 3639 2517 retrahentibus.

2068 2553 2243 2622 Atque
2286 2552 2504 2608 interim
2559 2552 2799 2614 maceria
2853 2551 3020 2608 veluti
3066 2550 3266 2615 divisa,
3295 2554 3427 2608 exiit
3473 2553 3648 2609 frater

2066 2643 2208 2714 ejus,
2232 2644 2355 2699 vita:
2391 2644 2648 2700 nimirum
2674 2644 2977 2702 secundum
3017 2644 3258 2716 Moysem
3280 2661 3474 2717 genus,
3497 2651 3642 2718 quod

2067 2735 2308 2790 medium
2364 2737 2627 2807 parietem
2663 2736 2930 2794 miriﬁcus
2959 2737 3258 2808 Apostolus
3303 2739 3596 2810 appellavit
3627 2762 3644 2794 :

2067 2841 2238 2897 quare
2269 2834 2325 2882 et
2357 2827 2448 2882 ille
2485 2826 2694 2883 Phares
2719 2834 2948 2884 vocatus
2979 2826 3102 2893 fuit,
3129 2828 3351 2884 nomine
3370 2838 3642 2899 sumptoa

2067 2915 2318 2970 maceria:
2347 2915 2616 2972 divisione
2641 2935 2653 2970 :
2688 2914 2894 2972 Phares
2915 2916 3116 2987 quippe
3145 2916 3447 2988 explicatur
3474 2920 3646 2986 parti-

2070 3008 2167 3060 tio.
2190 3006 2328 3062 Hinc
2349 3018 2403 3062 et
2427 3007 2689 3064 Pharisaii
2711 3009 2854 3078 apud
2878 3007 3099 3064 Iudaeos
3128 3008 3488 3074 excellebant,
3512 3011 3653 3080 quia

2069 3115 2128 3156 se
2156 3115 2252 3170 per
2289 3101 2581 3171 quamdam
2611 3100 2898 3156 factionem
2933 3115 2963 3154 a
3018 3101 3384 3157 multitudinis
3413 3105 3643 3158 commi-

387 3190 600 3263 μιξίας·
637 3194 902 3266 μακάριον
939 3194 1038 3264 μὲν
1073 3191 1164 3248 οὖν
1198 3195 1291 3248 καὶ
1334 3193 1468 3248 πολὺ
1512 3196 1760 3265 κρεῖττον
1783 3189 1851 3265 ἦν
1886 3194 1958 3266 μὴ

2068 3192 2246 3248 stione
2268 3193 2643 3264 scjunxerant.
2671 3193 2890 3249 Beatius
2923 3193 3091 3264 igitur
3118 3195 3401 3268 multoque
3445 3197 3646 3254 melius

383 3285 706 3357 διακοπῆναι
728 3287 820 3339 τὸν
847 3288 1118 3361 φραγμὸν,
1148 3287 1242 3341 ἕνα
1269 3286 1326 3340 δὲ
1356 3287 1518 3340 αὐτὸν
1545 3287 1641 3340 καὶ
1669 3287 1964 3341 άδιάκοπον

387 3380 600 3447 μεῖναι·
632 3377 790 3431 τοῦτο
819 3380 864 3432 δ’
893 3379 960 3432 ἂν
989 3379 1212 3448 γέγονεν
1236 3381 1285 3432 εἰ
1327 3378 1407 3450 τῷ
1441 3379 1542 3450 τὴν
1571 3381 1730 3450 χεῖρα
1762 3378 1960 3449 προϐε-

382 3469 639 3542 ϐλημένῳ
679 3469 912 3542 πρώτῳ,
965 3469 1434 3543 συνακολουθήσας
1465 3473 1493 3523 6
1536 3469 1820 3541 δεύτερος,
1869 3469 1961 3524 τὸν

381 3561 544 3616 αὑτὸν
593 3563 790 3634 τρόπον
843 3561 1257 3615 ὲπολιτεύσατο’
1300 3561 1436 3614 πολὺ
1474 3560 1583 3633 γὰρ
1628 3557 1696 3633 ἦν
1754 3559 1961 3630 βέλτιον

379 3655 496 3718 τοῖς
523 3655 589 3707 ὲκ
623 3655 922 3725 περιτομῆς
967 3655 1015 3706 εί
1052 3652 1192 3707 κατὰ
1223 3653 1313 3706 τὸν
1360 3652 1473 3722 βίον
1518 3651 1628 3706 τῶν
1684 3652 1960 3724 πρόπαλαι

383 3745 646 3815 θεοφιλῶν
675 3745 976 3818 ἀνθρώπων
1008 3746 1302 3817 ἐτύγχανον
1347 3744 1795 3815 πεπολιτευμένοι
1819 3761 1832 3774 °
1868 3746 1960 3798 καὶ

380 3838 524 3892 οῦτω
557 3838 665 3916 γᾲρ
697 3834 766 3910 ἦν
791 3832 869 3902 εἷς
899 3840 927 3891 6
957 3839 1231 3910 φραγμὸς,
1261 3838 1354 3891 καὶ
1376 3837 1475 3910 μία
1500 3839 1534 3906 ἡ
1565 3838 1820 3909 οἰκοδομὴ
1850 3837 1958 3891 τῶν

379 3945 440 3981 τε
467 3928 698 3999 πρώτων
731 3928 824 3982 καὶ¹
848 3927 957 3982 τῶν
983 3929 1249 3982 ὑστάτων.

453 4019 528 4086 ς’.
582 4021 797 4093 Ἐπειδὴ
825 4021 881 4074 δὲ
919 4020 994 4092 μὴ
1017 4021 1108 4077 τὸν
1141 4021 1355 4093 πρῶτον
1388 4021 1661 4093 κρατῆσαι
1694 4022 1889 4093 τρόπον
1923 4023 1955 4093 ἡ

377 4114 489 4168 τῶν
522 4114 784 4184 δευτέρων
813 4113 1188 4186 συνεχώρησεν
1218 4114 1491 4180 ἀσθένεια,
1525 4116 1789 4186 διακοπῆς
1815 4117 1956 4170 είκό-

374 4223 486 4269 τως
510 4205 603 4258 τοῦ
637 4205 777 4259 κατὰ
815 4206 945 4259 Θεὸν
967 4205 1222 4278 φραγμοῦ
1251 4207 1566 4279 γενομένης,
1593 4207 1685 4260 τοῦ
1705 4224 1762 4259 τε
1793 4225 1953 4278 μεσο-

374 4297 556 4366 τοίχου
583 4297 676 4350 τοῦ
704 4295 959 4368 φραγμοῦ
993 4296 1451 4368 παραϐληθέντος,
1482 4298 1510 4350 6
1537 4299 1704 4352 πάλαι
1741 4299 1956 4370 πρῶτος

373 4387 474 4459 τὴν
506 4390 662 4459 χεῖρα
712 4387 1021 4459 προτείνας,
1055 4388 1304 4460 δεύτερος
1335 4387 1530 4454 ἔξεισιν
1579 4390 1660 4452 είς
1688 4390 1823 4459 φῶς,
1866 4392 1955 4446 διὰ

371 4480 467 4534 τοῦ
505 4469 755 4552 Σωτῆρος
784 4480 940 4552 ἡμῶν
985 4479 1159 4553 Ἰησοῦ
1211 4481 1446 4552 Χριστοῦ
1492 4481 1586 4534 τοῦ
1625 4482 1715 4534 τὸν
1755 4481 1952 4536 παλαί-

2072 3285 2266 3343 fuisset
2295 3303 2404 3342 non
2427 3286 2633 3342 difﬁndi
2662 3286 2980 3351 maceriam,
3008 3285 3104 3342 sed
3135 3303 3302 3343 unum
3335 3289 3470 3360 quid
3497 3289 3644 3346 indi-

2069 3379 2361 3449 visumque
2397 3393 2633 3433 manere.
2678 3377 2734 3432 1d
2786 3389 2966 3434 autem
3002 3380 3312 3444 accidisset,
3346 3382 3392 3437 si
3447 3383 3496 3437 ei
3547 3384 3643 3454 qui

2069 3470 2222 3542 prior
2252 3485 2472 3524 manum
2504 3469 2768 3534 extendit,
2793 3471 3138 3543 subsequens
3168 3472 3308 3528 alter
3343 3473 3534 3530 eodem
3562 3475 3644 3530 vi-

2066 3571 2138 3618 ta:
2160 3579 2361 3634 genere
2392 3563 2644 3620 vixisset.
2677 3562 2860 3635 Longe
2899 3565 3043 3620 enim
3087 3573 3205 3620 erat
3232 3567 3428 3622 melius
3454 3567 3500 3622 si
3533 3568 3644 3622 cir-

2067 3655 2424 3711 cumcisionis
2445 3656 2668 3712 assecla:
2689 3670 2870 3713 mores
2903 3657 3254 3728 antiquorum
3279 3657 3391 3715 Deo
3409 3659 3640 3716 dilecto-

2066 3762 2187 3803 rum
2213 3747 2495 3802 hominum
2527 3747 2764 3817 amplexi
2788 3747 3062 3804 fuissent:
3089 3764 3216 3804 nam
3249 3750 3330 3806 sic
3361 3765 3471 3806 una
3504 3751 3641 3808 fuis-

2064 3845 2150 3894 set
2174 3838 2445 3905 maceria,
2478 3853 2594 3893 una
2627 3839 2919 3894 aediﬁcatio
2953 3840 3256 3911 primorum
3287 3850 3343 3898 et
3366 3849 3640 3899 extremo-

2065 3946 2208 3988 rum.

2137 4023 2192 4078 6°.
2224 4021 2379 4079 Nunc
2421 4023 2560 4095 quia
2595 4023 2830 4096 primum
2878 4041 3086 4082 morem
3133 4041 3484 4098 perseverare
3525 4042 3638 4084 non

2062 4115 2191 4170 sivit
2219 4116 2586 4172 secundorum
2609 4115 2935 4182 inﬁrmitas,
2961 4119 3230 4175 divisione
3268 4119 3466 4178 merito
3494 4119 3639 4184 facta

2062 4211 2312 4264 maceria:
2338 4223 2459 4279 quae
2480 4208 2779 4264 secundum
2804 4207 2975 4266 Deum
3005 4217 3111 4278 est,
3135 4208 3425 4281 medioque
3456 4211 3637 4282 parie-

2062 4307 2115 4356 te
2144 4301 2394 4357 maceriae
2416 4301 2723 4370 interiecto,
2751 4300 2852 4370 qui
2873 4299 3001 4354 olim
3022 4299 3173 4370 prior
3199 4315 3422 4354 manum
3445 4308 3633 4356 exten-

2060 4391 2236 4454 derat,
2273 4393 2544 4462 posterior
2590 4392 2644 4446 in
2690 4391 2865 4448 lucem
2922 4391 3123 4464 prodiit
3157 4407 3252 4463 per
3286 4391 3638 4448 Servatorern

2062 4494 2310 4540 nostrum
2369 4483 2558 4540 Jesum
2603 4485 2909 4550 Christum,
2936 4485 3036 4556 qui
3081 4484 3523 4556 antiquissimam
3579 4493 3636 4540 et

370 4589 536 4627 τατον
563 4573 658 4627 καὶ
690 4573 915 4645 ἀρχαῖον
947 4573 1199 4644 φραγμὸν
1225 4573 1672 4646 ἀνακτησαμένου
1696 4589 1709 4601 ⁸
1750 4573 1831 4628 διὸ
1861 4575 1954 4628 καί

2062 4579 2394 4649 primitivam
2421 4579 2711 4634 maceriam
2753 4577 3118 4648 recuperavit.
3153 4575 3342 4644 Quare
3361 4583 3421 4632 et-
3443 4574 3512 4630 de
3541 4576 3637 4631 illo

372 4682 540 4737 φησιν
570 4667 650 4729 εἰς
691 4665 852 4718 αὑτὸν
883 4666 916 4735 ἡ
963 4665 1266 4737 προφητεία
1285 4683 1298 4696 ·
1349 4685 1366 4716 ι
1397 4665 1492 4719 καὶ
1537 4665 1783 4739 κληθήσῃ
1813 4669 1953 4721 οίκο-

368 4757 533 4831 δόμος
571 4757 876 4830 φραγμῶν·
918 4777 934 4809 ι
966 4752 1116 4821 οὗτος
1141 4756 1206 4828 δὴ
1253 4757 1348 4810 καὶ
1394 4758 1454 4811 τὸ
1503 4757 1738 4830 δηλωθὲν
1790 4759 1951 4830 μεσό-

367 4867 550 4922 τοιχον
576 4851 782 4904 ἀνεῖλεν
801 4867 815 4883 ο
841 4850 900 4914 ὃς
929 4850 1130 4922 Κύριος
1159 4848 1233 4901 ῶν
1262 4849 1357 4902 καὶ
1383 4850 1478 4904 τοῦ
1507 4851 1777 4905 σαϐϐάτου
1809 4855 1952 4905 ποιεῖ

366 4942 438 4996 τὰ
471 4943 755 5014 ἀμφότερα
791 4941 869 5006 ἓν,
907 4942 1047 4996 κατὰ
1061 4941 1154 4994 τὸν
1191 4941 1334 5012 ἱερὸν
1374 4942 1692 4997 Ἀπόστολον
1723 4945 1945 4998 εἰπόντα

373 5054 392 5085 ι
431 5034 604 5097 Αὐτὸς
654 5035 762 5107 γάρ
812 5036 957 5088 ἐστιν
989 5036 1023 5106 ἡ
1074 5035 1264 5105 εἰρήνη
1307 5034 1464 5105 ἡμῶν
1512 5037 1541 5088 6
1589 5037 1818 5108 ποιήσας
1876 5037 1943 5091 τὰ

366 5126 655 5199 ἀμφότερα
675 5126 754 5191 ἓν,
775 5126 869 5180 καλ⁵
891 5127 950 5180 τὸ
975 5126 1281 5196 μεσότοιχον
1302 5125 1396 5178 τοῦ
1427 5127 1679 5200 φραγμοῦ
1707 5127 1873 5191 λύσας
1891 5145 1938 5180 ἰ

367 5219 463 5272 καὶ
502 5219 552 5272 τί
611 5219 672 5272 τὸ
723 5219 1033 5290 μεσότοιχον
1083 5218 1399 5288 διασαφῶν,
1448 5220 1720 5290 ἐπιλέγει⁹
1781 5239 1800 5271 ι
1853 5220 1944 5274 τὸν

365 5313 531 5384 νόμον
551 5312 658 5365 τῶν
678 5311 906 5366 ἐντολῶν
933 5312 990 5364 ἐν
1017 5310 1249 5382 δόγμασι
1271 5313 1624 5384 καταργήσας
1654 5331 1671 5364 ι
1702 5312 1943 5366 ἐκποδὼν

367 5404 847 5477 μεταστησάμενος
875 5404 934 5455 τὸ
969 5401 1276 5473 μεσότοιχον
1309 5402 1402 5456 τοῦ
1446 5403 1724 5468 Μωῦσέως
1753 5405 1941 5474 νόμου,

364 5502 507 5572 ὅπερ
544 5500 692 5570 ἡμᾶς
722 5499 846 5560 τοὺς
891 5496 949 5564 ἐξ
998 5497 1164 5550 ἐθνῶν
1196 5497 1294 5568 τῆς
1341 5497 1484 5551 κατὰ
1515 5497 1646 5550 Θεὸν
1693 5498 1944 5569 ἀπείργει

365 5593 646 5656 εὐσεϐείας
675 5633 690 5656 ,
739 5592 825 5645 διὰ
872 5591 930 5644 τὸ
982 5591 1117 5662 μηδὲ
1152 5589 1498 5663 βουλομένοις
1541 5589 1764 5644 δυνατὸν
1803 5585 1941 5644 εἶναι

368 5689 500 5741 πᾶσι
534 5689 645 5749 τοῖς
676 5685 852 5738 ἔθνεσι
882 5683 1020 5738 κατὰ
1052 5682 1292 5737 Μωῦσέα
1323 5680 1762 5736 πολιτεύσασθαι.

439 5863 488 5895 ³⁸
524 5863 627 5918 lsa.
665 5880 834 5924 uin,
872 5863 955 5917 12.
1030 5860 1073 5891 ³¹
1116 5859 1313 5931 Ephes.
1351 5877 1421 5928 ιι,
1462 5861 1546 5916 Η.
1628 5861 1669 5891 ²¹
1712 5858 1840 5915 ibid.
1881 5859 1967 5914 15.

2063 4665 2347 4738 prophetia
2378 4665 2511 4721 dicit
2543 4685 2556 4720 :
2601 4682 2619 4715 ι
2648 4665 2714 4719 Et
2747 4665 3033 4721 vocaberis
3053 4664 3351 4720 aediﬁcator
3371 4665 3634 4722 maceria-

2059 4775 2180 4815 rum
2210 4759 2278 4812 ".
2325 4779 2344 4811 ι
2378 4757 2477 4814 llic
2500 4759 2664 4814 etiam
2713 4757 3033 4829 praedictum
3087 4757 3350 4826 parietem
3393 4755 3632 4811 medium

2057 4853 2317 4920 abstulit;
2354 4853 2482 4923 quia
2529 4867 2654 4907 cum
2687 4853 2758 4908 sit
2807 4850 3030 4907 Sabbati
3079 4864 3298 4920 quoque
3344 4831 3628 4911 Dominus,

2054 4946 2185 5002 facit
2239 4955 2472 5016 utraque
2524 4960 2692 5000 unum
2724 4962 2739 4998 :
2770 4944 2914 5000 sicut
2953 4944 3032 4998 ait
3081 4957 3239 4998 sacer
3285 4941 3634 5018 Apostolus:

2057 5057 2076 5092 ι
2106 5040 2227 5110 Ipse
2251 5039 2396 5096 enim
2429 5047 2515 5094 est
2547 5053 2652 5108 pax
2677 5045 2890 5099 nostra,
2911 5035 3007 5106 qui
3039 5034 3167 5090 fecit
3190 5043 3421 5103 utraque
3437 5049 3630 5100 unum,

2051 5142 2106 5188 et
2133 5132 2371 5189 medium
2395 5132 2658 5204 parietem
2695 5131 2946 5186 maceria:
2975 5130 3138 5186 solvit
3163 5129 3229 5182 ³¹.
3264 5148 3283 5180 ι
3319 5127 3385 5182 Ει
3408 5127 3628 5199 quidem

2052 5223 2291 5279 medium
2357 5223 2623 5294 parietem
2675 5221 3065 5292 interpretans,
3133 5219 3364 5283 subdit,
3397 5239 3415 5270 ι
3453 5219 3630 5290 legem

2050 5315 2430 5369 mandatorum
2484 5312 2721 5368 decretis
2764 5327 3039 5368 evacuans
3069 5312 3136 5374 ³¹.
3175 5331 3193 5364 ι
3231 5311 3445 5367 sublato
3496 5311 3635 5382 legis

2052 5404 2304 5461 Mosaicae
2341 5404 2522 5460 medio
2553 5404 2789 5475 pariete;
2817 5403 2911 5473 qui
2960 5417 3062 5457 nos
3087 5402 3324 5457 ethnicis
3361 5402 3633 5457 oriundos

2049 5498 2370 5568 parentibus
2399 5495 2724 5551 excludebat
2766 5510 2796 5548 a
2852 5493 2946 5549 Dei
2976 5495 3236 5564 religione
3268 5514 3280 5549 :
3315 5494 3447 5565 quia
3479 5509 3549 5548 ne
3581 5495 3629 5548 si

2050 5591 2355 5646 voluissent
2383 5588 2628 5659 quidem,
2671 5587 2786 5642 fieri
2839 5595 3052 5657 poterat
3085 5593 3145 5640 ut
3183 5596 3396 5647 cunctae
3441 5596 3639 5660 gentes

2052 5700 2118 5739 ex
2151 5681 2405 5738 Mosaicae
2434 5681 2569 5753 legis
2599 5678 2836 5736 formula
2869 5681 3036 5735 vitam
3069 5680 3364 5750 agitarent.
