4100 6474
469 304 592 390 ’9η

1124 334 1392 391 EUSEBII
1430 336 1901 393 CESARIENSIS
1937 337 2088 394 OPP.
2129 336 2306 392 PARS
2341 335 2427 392 lll.
2466 368 2535 378 -—
2574 333 2981 393 EXEGETICA.

3616 334 3727 390 9|!

565 450 616 505 7.
649 424 793 506 Deus
840 450 1029 521 igitur,
1063 458 1121 505 ut
1172 452 1227 505 in
1276 450 1596 522 Evangelica
1646 452 2040 508 demonstratio-

2225 451 2289 516 ζ’.
2336 452 2545 524 Ὥσπερ
2582 447 2674 505 οὖν
2732 452 3139 523 συνεστήσαμεν
3189 452 3246 504 ὲν
3294 453 3415 514 ταῖς
3465 452 3728 521 Euant-

492 556 554 596 ne
585 538 697 611 (16)
726 540 837 609 jam
863 541 1223 605 asseruimus,
1252 543 1618 612 evangelicam
1652 546 1818 599 vitam
1841 547 2050 601 cunctis

490 632 798 702 proposuit,
825 630 901 685 ita
930 639 990 685 ut
1024 632 1407 703 primigenium
1462 634 1598 688 illud
1643 636 1925 707 religionis
1963 653 2052 707 ge-

489 736 594 776 nus
622 722 917 793 perfectam
962 730 1125 794 atque
1160 725 1511 781 illustriorem
1559 728 1821 799 originem
1865 730 2053 785 redde-

488 822 592 879 ret,
628 816 755 870 dum
786 830 947 869 manu
983 818 1200 888 praefert
1238 819 1607 874 testimonium
1650 821 1914 891 primatus
1941 822 2045 877 sui.

487 903 851 972 Quamobrem
880 907 991 961 vita
1034 924 1131 978 per
1154 909 1395 966 salutare
1436 909 1786 983 Evangelium
1836 914 2049 969 cunctis

486 998 737 1069 gentibus
775 999 996 1064 tradita,
1031 1001 1217 1056 eadem
1271 1009 1390 1057 erat
1437 1011 1601 1074 atque
1643 1005 1736 1060 illa
1775 1021 1895 1076 quae
1925 1017 2050 1062 ante

484 1088 725 1162 Moyscm
756 1107 979 1147 manum
1024 1095 1373 1164 protenderat
1406 1115 1420 1152 :
1449 1098 1606 1169 cujus
1631 1099 1755 1152 vita:
1784 1101 2049 1155 exercita-

482 1181 560 1236 tio
592 1181 646 1236 in
677 1182 868 1253 primis
894 1184 1001 1239 illis
1035 1183 1144 1240 Deo
1179 1185 1391 1242 dilectis
1423 1185 1735 1244 hominibus
1767 1198 2047 1260 perspecta

484 1280 571 1328 est
613 1293 626 1328 :
668 1274 1023 1346 eamdemque
1060 1276 1328 1349 ﬁgurabat
1363 1279 1452 1334 hic
1475 1278 1634 1344 Zara,
1686 1281 1779 1351 qui
1813 1283 2045 1352 primum

481 1361 681 1419 divina
724 1365 866 1419 inter
922 1364 1168 1424 homines
1220 1368 1529 1438 reipublicae
1577 1377 1757 1425 ortum
1794 1374 1986 1427 extulit
2031 1393 2043 1427 :

483 1455 697 1526 fuitque
732 1456 874 1512 idem
924 1458 1253 1529 principium
1302 1467 1355 1515 et
1408 1460 1551 1527 linis,
1585 1463 1794 1532 primus
1841 1473 1895 1519 et
1921 1465 2049 1519 ulti-

483 1564 649 1614 mus;
690 1557 845 1606 ortus
867 1550 1049 1606 brevis
1082 1552 1173 1622 qui
1204 1562 1481 1623 postremo
1502 1555 1717 1609 cunctis
1741 1571 1935 1610 rursus
1968 1554 2047 1610 cf.

484 1637 639 1694 fulsit
669 1639 1002 1697 hominibus.
1037 1642 1142 1697 Sed
1181 1644 1325 1697 enim
1354 1651 1409 1699 et
1440 1645 1574 1699 illud
1607 1653 1733 1701 ante
1774 1647 1934 1702 dictis
1961 1646 2049 1701 ad-

481 1729 720 1785 dendum
746 1740 852 1798 est,
887 1732 942 1786 in
980 1734 1122 1788 libro
1151 1735 1517 1804 generationis
1537 1735 1666 1792 Jesu
1697 1737 1899 1795 Christi
1935 1755 2047 1795 non

2148 542 2347 609 λικαῖς
2391 543 2769 607 ἀποδείξεσι,
2818 544 2917 614 τὴν
2946 544 3085 598 κατὰ
3135 544 3194 597 τὸ
3246 542 3577 612 Εὐαγγέλιον
3608 545 3727 607 τοῖς

2150 638 2283 690 πᾶσι
2328 637 2656 708 προεϐάλετο
2703 639 2976 692 πολιτείαν
3000 678 3015 703 ,
3050 638 3141 691 τοῦ
3193 637 3409 710 πρώτου
3439 639 3535 710 τῆς
3569 638 3729 691 εὐσε-

2151 729 2301 793 ϐείας
2328 731 2526 803 τρόπου
2571 732 2782 786 τελείαν
2827 732 2921 786 καὶ
2954 731 3336 802 λαμπροτέραν
3378 732 3477 802 τὴν
3508 731 3725 800 γένεσιν

2150 821 2551 891 πεποιημένου,
2607 823 2743 893 μετὰ
2792 823 2883 877 τοῦ
2927 826 2991 893 τῇ
3025 822 3165 893 χειρὶ
3209 820 3607 890 συνεπάγεσθαι
3659 821 3727 873 τὸ

2151 911 2446 985 μαρτύριον
2476 912 2567 966 τοῦ
2618 914 2827 985 πρῶτον
2857 914 3017 968 αὐτὸν
3046 915 3358 983 γεγονέναι·
3394 915 3423 966 ό
3467 912 3600 981 γοῦν
3632 912 3728 966 διὰ

2145 1001 2240 1055 τοῦ
2269 1003 2533 1076 σωτηρίου
2567 1004 2893 1074 Εὐαγγελίου
2939 1007 3072 1059 πᾶσι
3116 1007 3227 1069 τοῖς
3275 1004 3450 1058 ἔθνεσι
3484 1005 3727 1075 παραδο-

2148 1093 2262 1157 θεὶς
2298 1093 2429 1165 βίος,
2463 1091 2617 1159 οὗτος
2643 1092 2710 1168 ἦν
2743 1099 2945 1161 ἐκεῖνος
2977 1099 3005 1150 ὁ
3035 1098 3128 1149 καὶ
3170 1096 3276 1166 πρὸ
3315 1097 3593 1159 Μωῦσέως
3621 1095 3726 1167 τὴν

2146 1188 2301 1257 χεῖρα
2348 1186 2652 1259 προτείνας,
2687 1189 2780 1241 καὶ
2825 1187 2920 1259 τὴν
2950 1188 3147 1260 πρᾶξιν
3202 1190 3290 1243 διὰ
3330 1188 3437 1241 τῶν
3486 1188 3727 1257 πρώτων

2146 1278 2403 1349 θεοφιλῶν
2436 1280 2641 1353 ἀνδρῶν
2682 1280 3138 1352 ἐπιδεδειγμένος·
3189 1274 3341 1345 οὗτός
3370 1298 3431 1334 τε
3468 1274 3623 1344 οὗτος
3651 1276 3727 1351 ἦν

2145 1368 2175 1419 ό
2208 1370 2357 1440 Ζαρᾶ
2384 1369 2485 1440 τῆς
2508 1369 2688 1423 ἐνθέου
2719 1370 2989 1434 πολιτείας
3020 1372 3118 1443 τὴν
3149 1368 3371 1441 πρώτην
3407 1371 3466 1422 ὲν
3503 1369 3721 1440 ἀνθρώ-

2149 1473 2271 1522 ποις
2310 1460 2569 1531 ἀνατολὴν
2618 1460 2921 1532 καταϐεϐλη
2933 1460 3117 1531 μένος·
3149 1461 3340 1529 γέγονέ
3369 1458 3448 1513 τε’
3472 1463 3502 1514 ὁ
3534 1461 3721 1524 αὐτὸς,

2148 1549 2289 1621 ἀρχὴ
2323 1552 2414 1604 καὶ
2440 1553 2610 1617 τέλος,
2648 1553 2861 1624 πρῶτός
2893 1571 2950 1606 τε
2983 1554 3077 1606 καὶ
3119 1553 3365 1617 ὕστατος,
3399 1552 3630 1624 ἀνατολή
3660 1569 3721 1605 τε

2150 1641 2319 1712 μικρὰ
2374 1644 2466 1697 καὶ
2534 1645 2736 1715 ὑστάτη
2785 1645 2944 1698 πάλιν
2998 1647 3077 1709 είς
3127 1646 3332 1709 πάντας
3391 1646 3721 1716 ἐκλάμψασα

2147 1733 2480 1807 ἀνθρώπους.
2516 1735 2660 1807 Πλὴν
2703 1736 2837 1789 ἀλλὰ
2868 1738 3089 1790 κάκεῖνο
3118 1739 3382 1809 προσήκει
3418 1741 3530 1801 τοῖς
3563 1738 3721 1809 είρη-

481 1835 514 1875 a
541 1820 716 1892 primo
744 1838 808 1878 ex
851 1823 1087 1892 duobus,
1135 1842 1328 1898 nempe
1366 1827 1526 1896 Zara,
1571 1829 1678 1884 dici
1704 1833 2040 1902 progenitum

2148 1825 2327 1896 μένοις
2361 1825 2647 1889 ἐπιθεῖναι,
2682 1826 2755 1890 ὡς
2791 1829 2822 1898 ὴ
2863 1827 3039 1896 βίϐλος
3081 1828 3181 1899 τῆς
3221 1829 3485 1897 γενέσεως
3542 1827 3719 1901 Ἰησοῦ

478 1929 605 1968 eum
631 1914 791 1984 cujus
822 1916 1023 1971 texitur
1044 1918 1357 1989 genealogia
1382 1936 1396 1986 ;
1421 1919 1518 1975 sed
1544 1932 1575 1972 a
1607 1920 1867 1988 secundo,
1895 1922 2046 1979 vide-

481 2005 606 2061 licet
634 2004 861 2064 Phares.
884 2008 1022 2063 Nam
1055 2023 1244 2080 reapse
1264 2010 1563 2066 secundum
1587 2026 1807 2069 carnem
1830 2016 2042 2086 genitus

480 2097 584 2153 fuit
608 2097 677 2154 de
696 2107 856 2171 gente
881 2107 935 2156 et
967 2116 1165 2173 genere
1214 2103 1461 2169 secundi,
1491 2117 1667 2174 neque
1706 2113 1918 2161 tantum
1942 2123 2042 2162 na-

480 2196 571 2246 tus
596 2206 627 2247 e
663 2192 910 2259 muliere,
945 2193 1040 2249 sed
1084 2192 1263 2249 factus
1315 2196 1418 2252 sub
1449 2196 1600 2270 lege,
1636 2206 1697 2253 ut
1737 2208 1791 2254 et
1833 2215 1928 2254 eos
1948 2200 2042 2270 qui

480 2280 585 2335 sub
618 2281 733 2352 lege
752 2291 907 2338 erant
935 2284 1225 2341 redimeret
1255 2286 1321 2353 ³³,
1346 2290 1645 2347 secundum
1666 2290 1914 2362 Apostoli
1941 2291 2042 2347 hac

478 2372 644 2429 etiam
678 2374 747 2430 de
772 2389 833 2431 re
854 2376 1245 2433 testimonium.

1184 2622 1320 2678 νηί.

478 2753 588 2811 Cur
605 2757 786 2811 uxoris
806 2755 948 2814 Uria:
969 2759 1261 2813 meminerit
1289 2761 1343 2815 in
1371 2762 1677 2834 genealogia
1696 2767 2031 2837 evangelista.

561 2934 613 2990 1.
653 2933 819 2990 Liber
861 2936 1230 3007 generationis
1275 2936 1406 2996 Jesu
1465 2938 1693 3009 Christi,
1723 2943 1853 2998 dum
1912 2945 2033 3002 ait:

482 3044 503 3078 ι
538 3025 710 3085 David
760 3042 857 3083 rex
913 3030 1100 3099 genuit
1151 3029 1498 3088 Salomonem
1549 3049 1615 3089 ex
1657 3049 1722 3089 ea
1768 3050 1889 3106 quae
1934 3038 2037 3094 fuit

478 3117 643 3189 Uriae,
672 3137 693 3171 ι
721 3118 1002 3178 declarare
1028 3124 1417 3194 propemodum
1442 3140 1505 3181 ac
1524 3127 1778 3184 nuntiare
1797 3128 2032 3197 videtur,

2148 1917 2383 1990 Χριστοῦ
2411 1918 2510 1971 οὐκ
2537 1917 2644 1971 ἀπὸ
2680 1918 2772 1970 τοῦ
2802 1919 2909 1972 τῶν
2933 1920 3077 1973 δυοῖν
3105 1919 3344 1992 πρώτου,
3375 1919 3517 1989 λέγω
3541 1920 3596 1973 δὲ
3620 1920 3718 1973 τοῦ

2147 2008 2326 2078 Ζαρᾶ,
2363 2007 2452 2060 τὸν
2484 2006 2969 2077 γενεαλογούμενον
2998 2009 3159 2077 φῦναι
3192 2011 3418 2079 εἰσάγει,
3461 2009 3573 2063 ἀλλ’
3609 2009 3721 2064 ἀπὸ

2146 2097 2239 2151 τοῦ
2264 2098 2514 2170 δευτέρου
2541 2098 2633 2151 τοῦ
2666 2100 2839 2171 Φαρές
2860 2119 2872 2130 ·
2907 2099 3026 2153 ἐπεὶ
3054 2100 3245 2168 γέγονε
3280 2101 3420 2155 κατὰ
3450 2102 3628 2175 σάρκα
3652 2104 3720 2155 ὲκ

2148 2188 2318 2259 φυλῆς
2346 2191 2438 2241 καὶ
2469 2188 2777 2260 σπέρματος
2805 2190 2899 2243 τοῦ
2923 2190 3171 2261 δευτέρου
3197 2210 3210 2222 ·
3244 2193 3304 2245 οὐ
3338 2193 3494 2263 μόνον
3518 2191 3720 2261 γεννώ-

2149 2298 2308 2352 μενος
2332 2284 2396 2335 ὲκ
2431 2284 2684 2351 γυναικὸς
2708 2325 2723 2350 ,
2764 2282 2899 2337 ἀλλὰ
2943 2285 3036 2338 καὶ
3066 2285 3354 2356 γενόμενος
3385 2285 3488 2339 ὑπὸ
3516 2286 3714 2356 νόμον,

2145 2372 2233 2425 ἵνα
2274 2372 2517 2436 καὶτοὺς
2569 2374 2673 2426 ὑπὸ
2721 2373 2883 2445 νόμον
2924 2375 3250 2449 ἐξαγοράσῃ,
3283 2377 3423 2431 κατὰ
3470 2376 3570 2449 την
3619 2374 3715 2429 τοῦ

2159 2464 2481 2517 Ἀποστόλου
2510 2466 2603 2519 καὶ
2625 2466 2752 2538 περὶ
2773 2465 2965 2520 τούτου
2993 2468 3322 2540 μαρτυρίαν.

2877 2623 2957 2675 H'.

2141 2755 2241 2811 Διὰ
2285 2756 2344 2808 τί
2387 2754 2497 2836 τῇς
2549 2755 2654 2809 τοῦ
2707 2757 2921 2836 ρίιοίου
2969 2759 3262 2836 furat.qu
3302 2758 3575 2836 ἐμιςήσθδη
3614 2759 3716 2813 ἐπὶ

2390 2828 2495 2895 τῆς
2522 2828 2913 2897 γενεαλογίας
2948 2831 2980 2882 ό
3013 2829 3463 2899 εὐαγγελιστής.

2210 2946 2281 2993 α’.
2315 2940 2612 3010 Μονονουχὶ
2641 2938 2727 2993 διὰ
2765 2936 2858 2991 τοῦ
2907 2938 3102 3008 φάναι,
3138 2958 3156 2990 ι
3186 2937 3349 2991 Δαϐὶδ
3391 2940 3420 2991 ὁ
3459 2937 3716 3008 βασιλεὺς

2140 3030 2395 3102 ἐγέννησε
2422 3030 2512 3083 τὸν
2532 3026 2817 3099 Σολομῶνα
2840 3029 2902 3080 ὲκ
2931 3029 3030 3097 τῆς
3054 3028 3150 3081 τοῦ
3183 3028 3402 3099 Οὐρίου,
3432 3046 3449 3080 ι
3475 3027 3718 3082 τοιοῦτόν

2141 3138 2196 3174 τι
2230 3121 2372 3174 ἔοικε
2421 3119 2611 3191 δηλοῦν
2641 3124 2675 3192 ἠ
2731 3120 2908 3191 βίϐλος
2942 3120 3078 3191 αὕτη
3112 3120 3210 3190 τῆς
3252 3119 3424 3190 Ἰησοῦ
3473 3120 3712 3191 Χριστοῦ

477 3209 594 3269 fore
642 3219 704 3274 ut
731 3227 858 3270 mox
886 3229 1078 3284 preces
1123 3214 1344 3272 Davidis
1386 3232 1451 3272 ac
1503 3220 1932 3289 supplicationes
1979 3227 2040 3280 re

2144 3211 2424 3280 γενέσεως,
2452 3210 2549 3275 τὰς
2572 3211 2844 3276 λιτανείας
2889 3212 2981 3265 καὶ
3023 3211 3121 3275 τὰς
3158 3211 3366 3273 ἱκεσίας
3409 3211 3503 3264 τοῦ
3548 3212 3716 3266 Δαϐὶδ

475 3308 664 3375 optata
696 3306 995 3375 potiantur.
1042 3308 1298 3364 Continct
1327 3310 1469 3364 enim
1516 3312 1657 3367 liber
1704 3314 2037 3371 incarnatio-

473 3409 601 3450 nem
652 3394 789 3451 Jesu.
829 3396 1035 3454 Christi
1085 3397 1396 3457 Servatoris
1432 3404 1677 3459 omnium
1718 3415 1771 3460 et
1816 3408 2036 3476 medici,

477 3485 639 3557 cujus
666 3487 831 3548 unius
854 3502 1020 3559 opera
1049 3490 1306 3559 sperabat
1343 3491 1514 3547 David
1550 3510 1609 3550 se
1644 3496 2037 3553 absolvendum

477 3593 654 3635 essea
687 3579 919 3636 crimine
939 3583 1087 3637 circa
1138 3581 1324 3638 Uriam
1358 3586 1587 3659 ejusque
1614 3603 1838 3643 uxorem
1863 3630 1879 3656 ,
1913 3597 1968 3645 et
2005 3605 2036 3644 a

474 3670 671 3725 mortis
707 3671 922 3727 calculo
968 3673 1385 3744 expediendum.
1430 3677 1505 3734 De
1563 3680 1667 3734 hoc
1711 3682 1876 3752 igitur
1907 3681 2035 3739 Jesu

473 3759 694 3817 Christo
741 3778 931 3819 necem
977 3765 1248 3823 subeunte
1290 3767 1491 3839 (cujus
1536 3770 1805 3826 beneficio
1854 3773 2035 3827 anima

472 3866 690 3922 quoque
716 3851 935 3910 Davidis
964 3854 1242 3911 liberanda
1272 3859 1412 3929 erat)
1445 3859 1745 3915 vaticinans
1790 3860 1845 3915 in
1880 3861 2035 3917 Psal-

473 3943 579 3998 mis
609 3942 750 3999 idem
778 3943 947 4002 David
968 3988 983 4013 ,
1012 3946 1333 4003 descensum
1371 3948 1678 4006 Servatoris
1710 3952 1779 4007 ad
1830 3951 2034 4008 inferos

474 4049 741 4107 suamque
769 4037 942 4108 ipsius
971 4040 1200 4095 salutem
1235 4041 1581 4113 signiﬁcavit,
1614 4044 1806 4100 dicens
1840 4064 1853 4100 :
1887 4063 1906 4097 ι
1931 4044 2037 4100 Do-

473 4124 641 4190 mine,
670 4126 908 4183 eduxisti
936 4143 1002 4183 ex
1030 4128 1221 4185 inferis
1271 4132 1512 4187 animam
1570 4149 1768 4201 meam,
1801 4135 2034 4191 servasti

473 4230 563 4272 me
613 4231 644 4269 a
693 4217 1150 4276 descendentibus
1200 4222 1254 4277 in
1297 4222 1560 4277 lacum“.
1601 4243 1620 4276 ι
1655 4224 1828 4281 item:
1871 4244 1890 4278 ι
1932 4224 2034 4291 Qui

471 4308 681 4364 exaltas
710 4325 796 4366 me
825 4309 892 4367 de
925 4312 1097 4381 portis
1121 4314 1316 4369 mortis
1337 4314 1402 4368 ³³.
1445 4333 1465 4367 ι
1498 4313 1630 4371 item
1662 4335 1675 4369 :
1715 4335 1735 4368 ι
1768 4315 1888 4371 Non
1940 4318 2037 4373 de-

472 4400 749 4471 relinques
805 4402 1044 4458 animam
1110 4420 1283 4458 meam
1335 4405 1390 4460 in
1444 4406 1736 4462 inferno".
1771 4426 1790 4459 ι
1847 4406 2029 4463 Item:

478 4510 499 4545 ι
534 4491 846 4549 Conversus
897 4495 1185 4550 viviﬁcasti
1223 4512 1344 4563 me;
1375 4503 1431 4551 et
1481 4513 1548 4552 ex
1600 4498 1815 4570 abyssis
1877 4508 2035 4555 terra:

2140 3304 2263 3357 ὅσον
2295 3302 2446 3357 οὔπω
2506 3306 2878 3376 προχωρήσειν
2935 3306 3009 3368 εἰς
3061 3304 3213 3368 τέλος
3268 3305 3709 3373 εὐαγγελίζεταιο

2142 3395 2383 3466 περιέχει
2436 3395 2560 3463 γοῦν
2617 3395 2714 3465 τὴν
2756 3395 3066 3466 οἰκονομίαν
3123 3394 3297 3467 Ἰησοῦ
3344 3396 3582 3467 Χριστοῦ
3615 3396 3711 3450 τοῦ

2142 3488 2391 3559 Σωτῆρος
2421 3486 2529 3540 τῶν
2558 3488 2693 3540 ὅλων
2715 3487 2809 3541 καὶ
2842 3487 3048 3560 ἰατροῦ,
3077 3487 3143 3541 δι’
3187 3480 3247 3540 οὗ
3276 3489 3435 3558 μόνου
3463 3489 3620 3553 ἐλπὶς
3646 3485 3714 3561 ἦν

2140 3581 2235 3633 καὶ
2278 3579 2355 3650 τῷ
2388 3579 2552 3633 Δαϐὶδ
2594 3580 2693 3649 τῆς
2721 3579 2861 3633 κατὰ
2899 3580 2989 3632 τὸν
3017 3580 3219 3652 Οὐρίαν
3254 3580 3346 3632 καὶ
3380 3580 3475 3651 τὴν
3517 3579 3710 3633 τούτου

2140 3675 2371 3742 γυναῖκα
2420 3672 2691 3742 ἁμαρτίας
2741 3671 3204 3742 ἀπολυθήσεσθαι,
3241 3673 3335 3726 καὶ
3384 3673 3484 3743 τῆς
3516 3674 3588 3725 Δὲν
3632 3672 3713 3743 τῷ

2144 3763 2358 3834 θανάτῳ
2383 3761 2711 3835 καθείρξεως
2735 3762 3266 3835 ὲλευθερωθήσεσθαι
3291 3781 3305 3795 ο
3354 3763 3543 3817 τούτου
3580 3764 3712 3833 γοῦν

2155 3850 2326 3927 Ἰησοῦ
2357 3853 2591 3926 Χριστοῦ
2617 3854 2715 3924 τὴν
2749 3854 2909 3926 μέχρι
2936 3854 3166 3909 θανάτου
3200 3854 3524 3925 παρουσίαν,
3545 3855 3613 3908 δι’
3641 3852 3711 3928 ἧς

2140 3946 2338 4017 ἤμελλε
2362 3946 2456 4000 καὶ
2481 3947 2514 4017 ἡ
2538 3944 2632 3999 τοῦ
2656 3945 2820 3999 Δαϐὶδ
2854 3945 3286 4017 άπολυτροῦσθαι
3309 3945 3453 4018 ψυχὴ
3480 3984 3494 4009 ,
3522 3945 3712 3999 θεσπί-

2141 4036 2249 4101 ζων
2281 4039 2337 4091 ἐν
2370 4040 2482 4101 τοῖς
2522 4037 2770 4109 Ψαλμοῖς
2825 4038 2981 4101 αὐτὸς
3019 4038 3048 4090 ὁ
3079 4038 3276 4104 Δαϐὶδ,
3313 4037 3382 4092 τὰ
3434 4037 3565 4109 περὶ
3608 4037 3710 4107 τῆς

2140 4132 2317 4183 ἐκεῖσε
2350 4129 2574 4184 καθόδου
2596 4130 2689 4184 τοῦ
2720 4130 2991 4201 Σωτῆρος,
3020 4132 3089 4184 τά
3124 4147 3183 4183 τε
3218 4131 3344 4202 περὶ
3383 4130 3483 4200 τῆς
3513 4129 3709 4183 ἑαυτοῦ

2143 4220 2410 4291 σωτηρίας
2448 4220 2636 4291 ἐδήλου
2660 4220 2728 4273 δι’
2756 4214 2830 4275 ὧν
2864 4219 3099 4289 ἔφασκε·
3137 4237 3154 4270 ι
3198 4218 3390 4288 Κύριε,
3434 4219 3708 4289 ἀνήγαγες

2145 4310 2205 4376 ἐξ
2236 4310 2361 4382 ᾅδου
2394 4312 2490 4383 τὴν
2523 4312 2699 4384 ψυχήν
2731 4329 2833 4383 μου
2855 4351 2870 4375 ,
2901 4311 3109 4374 ἔσωσάς
3155 4328 3221 4381 με
3266 4310 3374 4364 άπὸ
3403 4308 3510 4363 τῶν
3542 4326 3709 4364 κατα·

2143 4401 2433 4456 ϐαινόντων
2467 4406 2544 4468 εἰς
2563 4403 2783 4458 λάκκον.
2811 4423 2828 4454 ι
2858 4401 2968 4455 Καὶ
2991 4402 3081 4455 τό·
3117 4421 3135 4454 ι
3158 4402 3214 4455 '0
3239 4400 3387 4471 ὑψῶν
3420 4417 3486 4471 με
3508 4401 3574 4453 ὲκ
3599 4400 3709 4454 τῶν

2142 4493 2323 4548 πυλῶν
2348 4493 2443 4547 τοῦ
2474 4495 2703 4548 θανάτου
2731 4533 2744 4547 .
2780 4513 2800 4545 ›
2828 4493 2937 4547 Καὶ
2964 4493 3062 4569 τό*
3094 4511 3117 4543 ι
3146 4491 3259 4544 Οὐκ
3299 4490 3710 4560 ἐγκαταλείψεις

473 4584 672 4639 iterum
706 4585 972 4641 reduxisti
995 4601 1082 4641 me
1105 4586 1171 4640 ⁸⁷.
1213 4606 1232 4640 ι
1268 4585 1403 4653 Quis
1435 4595 1615 4643 autem
1650 4597 1767 4645 erat
1803 4588 2031 4645 descen-

2144 4585 2229 4657 τὴν
2276 4586 2453 4658 ψυχήν
2501 4603 2602 4657 μου
2641 4587 2720 4650 είς
2755 4584 2939 4657 ᾅδην.»
2996 4584 3106 4640 Καὶ
3147 4584 3236 4639 τό·
3267 4582 3302 4635 Δι
3347 4585 3708 4656 Ἐπιστρέψας

474 4678 610 4732 dens
662 4677 1051 4749 reducensque,‘
1083 4693 1209 4733 eum
1252 4694 1317 4736 ex
1365 4679 1613 4750 abyssis?
1640 4680 1764 4752 quis
1812 4697 2036 4739 servans

470 4785 598 4825 eum
648 4784 681 4824 a
722 4769 1177 4827 descendentibus
1211 4772 1267 4827 in
1299 4771 1523 4826 lacum?
1549 4772 1656 4829 nisi
1679 4772 1789 4838 hic,
1820 4773 1888 4830 de
1928 4790 2034 4844 quo

472 4862 671 4916 librum
700 4863 1067 4934 generationis
1094 4862 1362 4920 mirabilis
1403 4864 1738 4936 evangelista
1789 4866 2035 4922 conscri-

471 4954 593 5009 bit:
625 4954 768 5011 inter
821 4955 929 5011 alia
972 4956 1117 5011 bona
1147 4970 1363 5028 quoque
1408 4955 1633 5013 Davidis
1670 4957 1828 5015 nobis
1889 4974 2033 5014 nun-

470 5043 639 5100 tians.

539 5318 594 5373 2.
626 5316 894 5374 Existimo
929 5328 1109 5375 autem
1154 5320 1211 5374 in
1267 5318 1320 5373 id
1369 5317 1686 5377 barathrum
1745 5317 2030 5387 delapsum

473 5409 643 5467 fuisse
686 5410 943 5468 Davidem
969 5412 1040 5467 ob
1067 5411 1229 5468 unius
1266 5411 1472 5466 vocula:
1519 5424 1742 5476 noxam,
1769 5425 1934 5481 quam
1965 5410 2022 5463 in

2142 4675 2512 4748 ὲξωοποίησάς
2542 4694 2629 4748 με,
2663 4677 2759 4731 καὶ
2782 4678 2845 4730 ὲκ
2863 4674 2969 4728 τῶν
3003 4675 3253 4729 ἀϐύσσων
3286 4674 3386 4744 τῆς
3422 4677 3523 4747 γῆς
3546 4676 3706 4730 πάλιν

2141 4768 2415 4839 ἀνήγαγές
2448 4787 2537 4840 με.
2580 4788 2597 4821 ι
2638 4769 2733 4835 Τίς
2769 4769 2814 4825 δ’
2846 4766 2960 4842 ἦνό
3012 4768 3250 4831 καταϐὰς
3282 4767 3378 4821 καὶ
3416 4769 3708 4837 ἀναγαγὼν

2140 4859 2301 4914 αὑτὸν
2332 4861 2397 4914 ὲκ
2426 4861 2534 4915 τῶν
2578 4862 2869 4926 άϐύσσων;
2917 4863 3000 4926 τίς
3031 4861 3075 4914 δ’
3114 4862 3142 4914 ό
3179 4859 3356 4925 σώσας
3393 4861 3554 4914 αὐτὸν
3600 4862 3708 4914 ἀπὸ

2138 4952 2246 5005 τῶν
2277 4954 2711 5008 καταϐαινόντων
2734 4956 2812 5019 είς
2835 4955 3035 5009 λάκκον
3059 4972 3075 5021 ;
3104 4953 3216 5007 ἀλλ’
3239 4947 3391 5017 οὗτος
3421 4946 3467 5021 ᾧ
3498 4953 3594 5024 τῆς
3622 4970 3707 5022 γε·

2140 5046 2340 5109 νέσεως
2368 5047 2466 5117 τὴν
2516 5046 2697 5117 βίϐλον
2727 5048 2756 5099 ό
2794 5045 3092 5118 θαυμάσιος
3137 5044 3529 5116 εὐαγγελισεὴς
3572 5046 3705 5098 ἀνα-

2138 5134 2359 5207 γράφει,
2389 5137 2526 5208 μετὰ
2544 5137 2653 5191 τῶν
2676 5137 2849 5191 ἄλλων
2869 5138 2963 5192 καὶ
2985 5135 3052 5191 τά
3066 5138 3194 5209 περὶ
3211 5137 3307 5191 τοῦ
3333 5137 3497 5191 Δαϐὶδ
3523 5136 3704 5204 ἀγαθὰ

2136 5229 2302 5280 πᾶσιν
2329 5229 2460 5299 ἡμῖν
2492 5223 2989 5298 εὐαγγελιζόμενος.

2209 5317 2274 5388 β’.
2309 5314 2474 5389 Οἶμαι
2526 5317 2582 5371 δὲ
2607 5317 2780 5388 τούτῳ
2830 5315 2906 5388 τῷ
2954 5315 3204 5388 πτώματι
3256 5315 3567 5388 περιπεσεῖν
3611 5311 3702 5367 τὸν

2136 5409 2301 5463 Δαϐὶδ
2329 5409 2417 5464 διά
2445 5409 2574 5482 μίαν
2594 5408 2799 5481 ταύτην
2832 5408 3034 5480 φωνὴν,
3063 5408 3129 5479 ἢν
3159 5410 3217 5463 ὲν
3244 5408 3322 5479 τῷ
3354 5403 3579 5478 εἰκοστῷ
3604 5419 3699 5459 και

541 5586 585 5618 ³³
622 5584 740 5643 Gal.
774 5602 846 5651 iv,
882 5585 936 5642 5.
1011 5586 1057 5618 “
1094 5583 1239 5644 Psal.
1271 5601 1431 5652 xxix,
1468 5586 1521 5643 4.
1604 5585 1648 5618 ⁸⁸
1687 5582 1832 5642 Psal.
1866 5599 1954 5651 ix,
1994 5582 2040 5640 ιε

2164 5583 2208 5617 ⁸⁸
2244 5582 2391 5642 Psal.
2426 5601 2516 5653 xv,
2554 5585 2639 5643 10.
2717 5586 2760 5619 ³⁷
2802 5582 2949 5643 Psal.
2986 5600 3087 5640 Lxx
3111 5628 3125 5656 ,
3158 5585 3249 5645 20.

543 5761 655 5839 (ιδ)
695 5759 815 5817 hib.
847 5777 886 5828 ι,
916 5761 969 5816 3.
