4054 6408
529 300 635 359 915

1245 309 1514 374 EUSEBII
1553 317 2032 379 CESARIENSIS
2067 322 2218 380 OPP.
2261 324 2443 383 PARS
2478 324 2568 383 lll.
2610 320 3107 386 —EXEGETICA.
3626 329 3715 387 916

530 417 744 487 psalmo
774 396 881 488 est,
912 423 1098 481 emisit
1126 443 1140 481 :
1179 445 1198 479 ι
1241 427 1363 485 Tibi
1409 432 1511 488 soli
1538 435 1780 502 peccavi,
1813 442 1867 492 et
1895 437 2085 494 malum

2207 439 2352 514 μόνῳ
2382 442 2648 514 ἥμαρτον,
2671 442 2765 498 καὶ
2783 443 2846 496 τὸ
2865 442 3098 516 πονηρὸν
3123 440 3350 496 ἐνώπιόν
3370 456 3455 494 σου
3474 441 3723 513 ἐποίησαοι.

528 522 717 566 coram
763 522 817 570 te
848 512 976 573 ieci.
1016 535 1038 571 ι
1071 515 1210 574 Dum
1248 535 1382 578 vero
1427 525 1527 593 ait,
1569 526 1667 582 tibi
1711 528 1815 584 soli
1856 533 2100 600 peccavi,

529 596 640 657 non
672 603 881 663 idcirco
904 607 986 665 sic
1001 609 1266 682 loquitur,
1300 615 1460 685 quasi
1491 616 1548 673 in
1582 617 1759 674 solum
1782 596 1951 677 Deum
1982 637 2105 693 pecs

529 692 770 750 cavisset
803 714 818 752 :
852 712 979 754 nam
1027 716 1207 773 neque
1248 703 1589 776 blasphemia
1631 726 1811 782 neque
1859 692 2103 785 perjurio

529 794 706 851 neque
731 785 898 842 simili
928 788 1209 861 impietate
1234 808 1295 851 se
1313 794 1705 867 obstrinxerat,
1729 810 1789 857 ut
1809 804 2100 875 quisquam

530 873 725 930 merito
764 877 1107 939 existimaret
1142 884 1213 940 ab
1262 900 1330 942 eo
1374 888 1640 949 adversus
1691 873 1864 951 Deum
1927 873 2101 954 fuisse

528 971 834 1030 peccatum.
880 964 1105 1036 Verum,
1131 971 1178 1029 si
1203 974 1367 1044 plane
1396 977 1544 1050 loqui
1577 981 1738 1050 licet,
1766 1000 2101 1059 magnopere

528 1063 849 1121 peccaverat
893 1056 950 1113 in
1000 1057 1351 1134 Bersabeam,
1399 1069 1635 1127 maxime
1670 1071 1727 1127 in
1780 1056 1990 1143 Uriam,
2040 1075 2098 1132 in

523 1144 720 1214 primis
761 1163 891 1206 vero
933 1163 1127 1209 contra
1180 1171 1338 1213 suam
1388 1161 1649 1218 animam.
1694 1161 1808 1219 Cur
1848 1182 1981 1240 ergo
2007 1167 2098 1226 hic

524 1240 623 1304 ait,
654 1240 755 1297 tibi
786 1243 890 1299 soli
910 1248 1174 1314 peccavi?
1201 1248 1409 1324 Nempe
1439 1254 1694 1313 existimo
1732 1272 1859 1314 eum
1899 1260 2100 1318 intelli-

523 1344 650 1400 gere
675 1351 689 1388 :
717 1332 816 1389 tibi
846 1335 951 1391 soli
981 1345 1172 1394 notum
1220 1340 1325 1397 fuit
1370 1354 1655 1415 peccatum
1679 1364 1882 1406 meum.
1920 1351 2097 1410 Mani-

524 1423 719 1481 festius
747 1425 917 1496 igitur
953 1428 1105 1485 addit
1134 1450 1146 1487 :
1176 1452 1194 1484 ι
1223 1441 1278 1490 et
1308 1436 1514 1493 malum
1567 1454 1748 1497 meum
1797 1458 1985 1501 coram
2044 1455 2097 1506 te

522 1514 649 1571 feci.
687 1536 708 1570 ι
748 1517 1043 1579 Hominum
1083 1526 1284 1598 quippe
1337 1529 1524 1588 nullus
1562 1533 1700 1589 mihi
1750 1535 1920 1593 timor
1955 1552 2094 1611 erat,

522 1609 629 1665 nisi
649 1616 778 1667 tuus
824 1612 1147 1686 ingruisset.
1197 1618 1565 1680 Prosternens
1606 1625 1776 1697 igitur
1824 1629 1977 1687 humi
2014 1609 2096 1688 fa;

520 1701 683 1769 ciem,
718 1703 860 1760 haud
892 1715 1021 1764 ante
1046 1718 1426 1768 surrecturum
1461 1731 1522 1772 se
1547 1717 1643 1785 ait,
1675 1734 1838 1790 quam
1862 1725 2091 1795 gratiam

2205 533 2383 603 λέγων
2411 535 2488 600 δὲ,
2520 536 2602 590 σοὶ
2637 536 2782 608 μόνῳ
2806 536 3076 610 ἦμᾳρτον,
3106 534 3168 588 οὐ
3201 532 3358 589 τοῦτό
3385 550 3531 606 φησιν
3554 535 3624 588 ὃτι
3650 537 3714 599 εἰς

2202 627 2295 683 τὸν
2322 627 2456 683 Θεὸν
2481 629 2727 701 ἥμαρτον
2753 629 2913 701 μόνον
2930 647 2944 661 ·
2978 628 3103 693 οὔτε
3124 628 3234 701 γάρ
3264 627 3598 699 βλασφημίας,
3615 626 3715 681 οὔτε

2201 719 2505 792 ἐπιορκίας,
2532 718 2654 774 οὕτε
2686 720 2941 793 τοιαύτης
2959 720 3103 785 τινὸς
3130 719 3381 783 ἀσεϐείας
3403 718 3431 771 6
3449 717 3622 790 τρόπος
3640 718 3718 771 αύ-

2198 809 2294 864 τοῦ
2320 812 2423 883 τῆς
2456 813 2749 885 ἁμαρτίας,
2780 813 2868 867 ἵνα
2899 830 2984 877 τις
3024 812 3283 867 ὑπολάϐοι
3321 810 3473 866 αὐτὸν
3515 813 3585 874 εἰς
3609 810 3718 864 Θεὸν

2201 901 2579 973 ἡμαρτηκέναι
2605 917 2621 933 ο
2649 902 2763 957 ἀλλ’
2793 904 2841 956 εί
2869 902 2976 975 χρὴ
3005 904 3209 969 εἰπεῖν,
3241 900 3311 955 τὰ
3345 895 3539 973 μέγὰλα
3565 900 3717 970 ἦμαρ-

2197 1010 2290 1049 τεν
2315 995 2396 1059 εἰς
2426 994 2522 1067 τὴν
2544 995 2845 1069 Βηρσαϐεέ,
2870 996 2941 1050 τά
2969 995 3200 1068 μέγιστα
3228 994 3285 1048 δὲ
3314 993 3408 1048 καὶ
3437 995 3511 1056 εἰς
3529 992 3608 1046 τὸν
3635 992 3721 1045 Οὐ-

2203 1085 2355 1157 ρίαν,
2387 1086 2529 1160 ύπὲρ
2559 1089 2737 1142 πάντα
2766 1088 2824 1143 δὲ
2855 1089 2935 1152 εἰς
2955 1087 3054 1159 τὴν
3079 1084 3270 1141 ἐαυτοῦ
3290 1084 3487 1156 ψυχήν·
3521 1082 3623 1147 πῶς
3642 1078 3721 1136 οὖν

2199 1177 2434 1233 ἐνταῦθά
2462 1196 2615 1251 φησι,
2647 1180 2730 1233 σοὶ
2770 1179 2914 1252 μόνῳ
2950 1180 3227 1252 ἦμαρτον;
3275 1177 3389 1231 ἀλλ’
3423 1171 3563 1247 οἶμαι
3600 1173 3721 1227 τοῦτ’

2196 1267 2359 1322 αὐτὸν
2385 1268 2583 1339 λέγειν,
2614 1271 2696 1324 ὅτι
2745 1286 2827 1323 σοι
2888 1269 3033 1341 μόνῳ
3063 1269 3330 1338 ἔγνωσται
3363 1265 3421 1319 τὸ
3458 1264 3722 1336 ἁμάρτημᾶ

2200 1376 2323 1431 μου.
2375 1360 2656 1433 Ἐπιφέρει
2705 1360 2836 1431 γοῦν
2883 1361 2946 1415 τὸ
2997 1360 3330 1432 σαφέστερον
3363 1359 3419 1412 ἐν
3448 1356 3548 1428 τῷ·
3583 1376 3599 1407 ι
3633 1355 3724 1408 Καὶ

2196 1450 2256 1503 τὸ
2281 1451 2513 1524 πονηρὸν
2542 1449 2770 1507 ἐνώπιόν
2809 1470 2902 1507 σου
2940 1453 3191 1524 ἐποίησα.
3228 1469 3247 1503 ι
3290 1446 3595 1521 Ἀνθρώπων
3634 1447 3723 1518 γὰρ

2195 1542 2367 1607 οὐδείς
2418 1561 2507 1615 μοι
2563 1543 2725 1614 φόϐος
2751 1539 2841 1618 ἦν,
2874 1546 2923 1598 εί
2976 1544 3051 1617 μὴ
3080 1546 3110 1598 6
3141 1542 3230 1607 σὸς
3279 1540 3523 1597 ἐπέκειτο
3568 1537 3722 1609 φόϐος.

2208 1634 2397 1705 Ῥίψας
2423 1634 2554 1705 γοῦν
2576 1635 2765 1691 ἑαυτὸν
2786 1636 2880 1690 ἐπὶ
2904 1636 3219 1709 πρόσωπον,
3247 1634 3308 1688 οὐ
3333 1632 3583 1704 πρότερον
3616 1629 3726 1682 ἀνα-

2197 1725 2493 1799 στήσεσθαί
2526 1745 2691 1799 φησιν
2712 1769 2726 1795 ,
2763 1729 2799 1801 ἢ
2834 1730 3018 1800 τυχεῖν
3045 1728 3142 1799 τῆς
3175 1724 3471 1792 ἀξιώσεως.
3504 1722 3607 1776 Καὶ
3630 1736 3728 1773 συν-

518 1804 911 1867 consequatur.
944 1797 1012 1854 Et
1038 1812 1464 1873 comprecantur
1491 1808 1541 1863 ei
1569 1811 1885 1885 quicunque
1909 1816 2085 1874 favent

2192 1797 2440 1890 εὔχονταί
2471 1797 2549 1889 γε
2748 1797 2949 1884 πάντες
2969 1820 3018 1874 οἰ
3047 1797 3268 1888 ἀγαθῶν
3296 1813 3559 1889 συνεργοὶ,
3579 1828 3727 1883 ’παρα⁸

518 1886 771 1942 felicitati
804 1890 946 1961 ejus,
981 1904 1249 1965 orantque
1283 1904 1340 1951 ut
1372 1899 1483 1954 voti
1526 1914 1752 1974 compos
1788 1905 1903 1962 ﬁat.
1956 1907 2092 1966 Pro-

517 1987 704 2050 pterea
725 1980 931 2039 dictum
956 1993 1041 2042 est
1070 1986 1126 2042 in
1157 1990 1436 2048 tricesimo
1462 1993 1639 2064 primo
1683 1999 1894 2067 psalmo
1914 2016 2083 2073 supra

516 2074 873 2131 centesimum
905 2096 917 2131 :
952 2095 971 2129 ι
1010 2076 1316 2149 Memento,
1358 2083 1587 2141 Domine
1614 2127 1628 2151 ,
1682 2086 1852 2145 David
1882 2101 1935 2148 et
1971 2109 2092 2149 om-

517 2165 605 2221 nis
665 2169 1110 2228 mansuetudinis
1161 2173 1302 2245 ejus.
1365 2173 1520 2232 Sicut
1568 2179 1776 2250 juravit
1836 2179 2088 2253 Domino,

515 2265 705 2313 votum
733 2260 884 2316 vovit
910 2260 1023 2318 Deo
1057 2262 1248 2321 Jacob.
1292 2265 1350 2322 Si
1380 2269 1644 2327 introiere
1671 2271 1724 2326 in
1759 2273 2090 2331 tabernacu-

515 2352 629 2407 lum
691 2352 889 2431 domus
943 2360 1170 2423 meaz,si
1225 2364 1526 2421 ascendero
1585 2366 1639 2422 in
1683 2369 1886 2424 lectum
1930 2374 2090 2428 strati

515 2444 661 2512 mei;
719 2445 769 2501 si
810 2446 954 2503 dabo
1006 2464 1260 2506 somnum
1315 2455 1491 2511 oculis
1537 2459 1674 2513 meis
1716 2466 1771 2515 et
1811 2460 2088 2532 palpebris

514 2536 651 2593 meis
701 2538 1168 2609 dormitationem,
1205 2544 1379 2601 donec
1430 2546 1706 2604 inveniam
1760 2551 1938 2609 locum
1981 2552 2089 2610 Do-

513 2630 684 2697 mino,
717 2633 1130 2690 tabernaculum
1159 2635 1270 2694 Deo
1299 2635 1470 2696 Iacob
1487 2640 1555 2698 “.
1591 2662 1610 2695 ι

581 2743 637 2798 ι.
681 2743 820 2800 Dum
852 2746 945 2803 ille
977 2747 1060 2804 sic
1090 2757 1212 2805 orat
1245 2759 1408 2824 atque
1439 2751 1669 2811 afﬁrmat
1708 2772 1768 2815 se
1810 2775 1921 2815 non
1959 2767 2087 2819 ante

512 2852 872 2894 ascensurum
925 2840 981 2896 in
1038 2842 1241 2898 lectum
1287 2846 1447 2901 strati
1476 2848 1585 2916 sui,
1637 2864 1816 2922 neque
1863 2853 2086 2910 domum

512 2942 668 2981 suam
695 2927 1094 2999 ingressurum,
1128 2932 1354 3004 insuper
1379 2949 1440 2992 se
1465 2952 1574 2993 non
1605 2938 1863 2996 daturum
1897 2945 2082 3016 palpe-

513 3017 628 3074 bris
662 3020 779 3076 suis
811 3019 1283 3093 dormitationem,
1314 3026 1490 3084 donec
1527 3029 1799 3086 invenerit
1840 3032 2083 3091 futurum

513 3111 725 3169 Domini
762 3115 980 3184 locum;
1016 3115 1356 3174 demonstrat
1384 3120 1435 3176 ei
1478 3121 1743 3178 Dominus
1791 3125 2077 3184 Betblche-

2193 1911 2484 1977 καλοῦντες
2505 1911 2924 1983 εἰσακουσθῆναι
2958 1912 3120 1968 αὐτόν
3139 1930 3150 1944 ο
3182 1910 3264 1966 διὸ
3293 1909 3506 1982 εἴρηται
3546 1908 3599 1960 ἐν
3618 1904 3730 1958 ἔκαε

2189 2009 2363 2081 τοστῷ
2389 2006 2695 2080 τριακοστῷ
2717 2005 2916 2078 πρώτῳ
2936 2005 3136 2078 ψαλμῷ
3154 2023 3169 2037 ·
3193 2025 3211 2057 ι
3239 2004 3540 2077 Μνήσθητι,
3560 2002 3727 2072 Κύριε,

2190 2099 2284 2154 τοῦ
2310 2099 2473 2155 Δαϐὶδ
2492 2101 2586 2155 καὶ
2612 2099 2794 2169 πάσης
2817 2099 2916 2171 τῆς
2938 2098 3245 2171 πραότητος
3263 2095 3430 2151 αὐτοῦ
3444 2112 3457 2126 ⁸
3479 2095 3549 2157 ὡς
3574 2091 3731 2163 ὤμοσε

2189 2192 2268 2264 τῷ
2304 2192 2514 2264 Κυρίῳ,
2543 2188 2745 2262 ηὖξατο
2776 2189 2854 2262 τῷ
2874 2189 2994 2262 Θεῷ
3038 2187 3248 2244 Ἰακώϐ.
3284 2189 3350 2242 Εἰ
3390 2184 3729 2253 εἰσελεύσομαι

2187 2285 2269 2349 εἰς
2328 2285 2590 2356 σκήνωμα
2619 2283 2770 2338 οἴκου
2802 2300 2926 2355 μου,
2963 2285 3013 2337 εί
3046 2283 3387 2356 ἀναϐήσομαι
3440 2281 3530 2335 ἐπὶ
3571 2276 3731 2345 κλίνης

2192 2378 2483 2452 στρωμνῆς
2543 2395 2665 2450 μου,
2706 2379 2755 2431 εί
2793 2376 2950 2431 δώσω
2976 2376 3142 2431 ὕπνον
3168 2378 3281 2440 τοῖς
3307 2372 3599 2476 ὀφθαλμοῖς
3645 2383 3730 2476 μου

2190 2475 2285 2527 καὶ
2307 2475 2415 2537 τοῖς
2448 2470 2735 2544 βλεφάροις
2776 2487 2877 2542 μου
2902 2470 3235 2541 νυσταγμὸν,
3273 2469 3381 2533 ἕως
3408 2461 3470 2521 οὗ
3497 2463 3631 2536 εὕρω
3655 2461 3731 2515 τό·

2190 2581 2289 2619 πον
2320 2563 2398 2635 τῷ
2428 2562 2637 2635 Κυρίῳ,
2675 2563 2937 2635 σκήνωμα
2963 2560 3043 2632 τῷ
3075 2561 3194 2633 Θεῷ
3244 2557 3460 2614 Ἰακώϐ.
3495 2577 3514 2609 ι

2256 2763 2318 2818 δ’.
2347 2762 2532 2829 Οὕτως
2555 2763 2613 2817 δὲ
2641 2762 2790 2835 αὐτῷ
2810 2765 3090 2835 εὐξαμένῳ
3104 2762 3200 2817 καὶ
3223 2753 3734 2829 διαϐεϐαιωσαμένῳ,

2186 2859 2270 2912 ὅτι
2306 2856 2381 2929 μὴ
2426 2857 2690 2929 πρότερον
2745 2855 3073 2928 ἀναϐήσεται
3117 2854 3210 2908 ἐπὶ
3241 2853 3442 2946 κλίνης
3478 2846 3734 2946 mpm-tul?

2186 2948 2374 3016 αὐτοῦ,
2413 2950 2496 3003 ὅτι
2524 2966 2582 3002 τε
2611 2949 2712 3003 οὐκ
2738 2946 3105 3002 εἰσελεύσεται
3151 2946 3230 3010 εἰς
3266 2944 3360 2999 τὸν
3391 2939 3537 2997 οἷκον
3566 2939 3733 2998 αὐτου,

2186 3040 2280 3094 καὶ
2313 3039 2393 3093 ἔτι
2422 3039 2482 3093 οὐ
2514 3038 2674 3093 δώσει
2707 3041 2820 3105 τοῖς
2867 3037 3155 3111 βλεφάροις
3211 3035 3380 3090 αὑτοῦ
3432 3026 3736 3100 νυσταγμδν,

2185 3130 2290 3196 ἕως
2307 3124 2368 3185 οὗ
2394 3131 2531 3205 εὕρῃ
2566 3131 2657 3186 τὸν
2696 3131 2959 3203 μέλλοντα
2984 3130 3078 3184 τοῦ
3106 3130 3315 3202 Κυρίου
3339 3128 3524 3194 τόπον,
3550 3124 3735 3179 δείκνυ-

511 3221 681 3261 mum.
722 3205 1017 3279 Propterea
1065 3218 1190 3278 post
1234 3211 1355 3282 ejus
1398 3228 1615 3282 precem
1661 3215 1697 3269 ii
1749 3217 1844 3287 qui
1895 3234 2081 3275 secum

2188 3241 2271 3279 σιν
2292 3223 2322 3276 ό
2349 3222 2553 3297 Κύριος
2573 3222 2723 3295 αὐτῷ
2747 3224 2847 3295 τὴν
2876 3220 3150 3294 Βηθλεέμ·
3180 3220 3262 3276 διδ
3299 3219 3440 3292 μετά
3478 3216 3572 3290 τήν
3596 3211 3737 3285 εὐχὴν

508 3304 671 3351 orant
699 3298 877 3353 sancti
906 3298 1084 3371 angeli
1116 3298 1211 3356 Dei
1239 3301 1448 3358 addunt
1484 3321 1499 3358 :
1538 3322 1557 3355 ι
1590 3302 1732 3361 Ecce
1768 3307 2081 3365 audivimus

2191 3315 2575 3387 συνευξάμενοι
2610 3314 2759 3387 αὐτῷ
2803 3315 2936 3389 ἱεροὶ
2976 3313 3194 3383 ἄγγελοι
3241 3312 3377 3367 Θεοῦ
3426 3309 3739 3377 ἐπιλέγουσιν
3769 3374 3774 3379 θ

508 3398 629 3437 eam
658 3384 717 3439 in
744 3384 1043 3456 Epliratba.
1082 3410 1101 3439 ι
1136 3386 1311 3445 Porro
1359 3389 1639 3461 prratha
1695 3392 2081 3455 Bethlebemus

507 3484 611 3539 est,
647 3477 723 3532 uti
751 3485 942 3532 narrat
990 3477 1205 3551 Moyses
1238 3481 1331 3538 ubi
1362 3482 1479 3539 ait:
1518 3503 1536 3536 ι
1566 3484 1779 3541 Mortua
1836 3496 1921 3545 est
1967 3490 2081 3546 Ra-

507 3565 649 3630 cbel,
678 3575 732 3623 et
764 3566 979 3638 sepulta
1014 3575 1100 3624 est
1132 3568 1187 3623 in
1221 3569 1308 3625 via
1337 3585 1459 3641 quae
1510 3570 1662 3627 ducit
1710 3571 2077 3644 Ephratham;

506 3659 627 3731 ipsa
673 3666 759 3716 est
786 3658 1175 3717 Bethlehemus
1196 3660 1262 3714 “.
1307 3681 1326 3714 ι
1367 3661 1475 3719 Sed
1502 3673 1558 3720 et
1587 3662 1842 3722 Micbzeas
1873 3665 2080 3739 prra-

505 3751 656 3808 tham
695 3751 771 3806 ait
808 3766 931 3807 esse
974 3750 1381 3809 Bethlebemum
1414 3775 1479 3810 :1
1514 3754 1581 3811 Et
1610 3764 1670 3812 tu
1693 3796 1709 3822 ,
1761 3757 2075 3818 Bethlehem

503 3844 701 3902 domus
725 3843 1035 3915 Ephrathaa,
1063 3860 1405 3917 nequaquam
1431 3848 1657 3904 minima
1680 3864 1741 3906 es
1789 3852 1843 3904 in
1874 3852 2079 3922 princi-

501 3939 665 4011 pibus
688 3936 927 4002 Judae“.
968 3956 987 3991 ι
1030 3935 1233 3994 Deinde
1255 3947 1375 3995 orat
1432 3939 1598 3995 David
1654 3956 1763 3997 non
1807 3944 1986 3999 solum
2018 3954 2077 4000 ut

502 4037 797 4109 cognoscat
831 4027 1046 4087 Domini
1067 4029 1271 4096 locum,
1305 4030 1402 4086 sed
1438 4035 1602 4087 etiam
1655 4033 1876 4089 ubinam
1936 4035 2078 4091 futu-

503 4140 625 4181 rum
681 4123 755 4180 sit
797 4121 1212 4179 tabernaculum
1259 4122 1398 4194 ejus.
1451 4122 1888 4181 Tabernaculum
1940 4143 2074 4183 vero

501 4224 632 4272 sunt
666 4215 877 4281 exuviae
914 4223 969 4272 et
1024 4230 1248 4286 corpus,
1295 4215 1442 4286 quod
1504 4217 1606 4273 sibi
1669 4217 1762 4274 Dei
1837 4218 2071 4276 Verbum

500 4308 716 4364 ascivit.
748 4306 814 4373 Et
848 4307 916 4363 de
961 4306 1084 4362 loco
1108 4306 1326 4377 quidem
1373 4316 1520 4364 recte
1570 4309 2073 4380 prtenuntiaverunt

498 4400 746 4458 dicentes
778 4419 792 4454 :
824 4418 844 4453 ι
886 4397 1027 4457 Ecce
1057 4397 1369 4463 audivimus
1394 4413 1516 4458 eam
1547 4400 1602 4454 in
1634 4400 1996 4471 Epliratha".
2046 4422 2064 4455 ι

502 4491 575 4548 De
624 4490 976 4549 tabernaculo
1015 4497 1197 4547 autem
1234 4505 1362 4549 mox
1429 4491 1771 4562 subjiciunt:
1802 4513 1821 4546 ι
1856 4492 2069 4550 Juravit

2189 3408 2343 3480 ἐξῆςο
2372 3428 2391 3461 ι
2431 3408 2562 3463 Ἰδοὺ
2579 3407 2890 3478 ἠκούσαμεν
2919 3405 3086 3478 αὐτὴν
3121 3406 3178 3458 ἐν
3209 3403 3475 3475 Ἐφραθᾷ.
3507 3420 3525 3453 ι
3566 3398 3741 3468 Ἐφρα-

2188 3498 2259 3552 θὰ
2291 3497 2349 3552 δέ
2384 3500 2533 3552 ἐστιν
2566 3496 2885 3569 ήΒηθλεὲμ,
2917 3496 2993 3560 ὡς
3033 3496 3238 3567 ἱστορεῖ
3267 3492 3514 3564 Μωῦσῆς
3553 3488 3738 3556 λέγων·

2192 3609 2211 3641 ι
2244 3589 2507 3644 Ἀπέθανε
2529 3588 2583 3644 δέ
2648 3587 2872 3662 Ῥαχὴλ,
2911 3588 3007 3643 καὶ
3050 3586 3223 3658 ἐτάφη
3244 3586 3304 3639 ἐν
3329 3583 3438 3656 ὁδῷ
3484 3577 3737 3653 Ἑφραθᾶ·

2185 3682 2322 3754 αὕτη
2349 3682 2465 3735 ἐστὶ
2505 3680 2775 3753 Βηθλεέμ.
2834 3701 2853 3734 ι
2906 3679 3064 3733 Ἀλλά
3096 3679 3191 3733 καὶ
3215 3677 3462 3778 Μιχαίας
3492 3668 3741 3778 φησξςτῂγ

2198 3773 2438 3846 Ἐφραθά
2466 3767 2606 3827 εἶναι
2644 3764 2911 3845 Βηθλεέμ,
2946 3770 3151 3841 λέγων’
3193 3789 3213 3822 ι
3253 3770 3366 3824 Καὶ
3399 3768 3490 3834 σὺ,
3522 3761 3743 3836 Βηθλεὲμ

2183 3863 2328 3932 οἶκος
2353 3866 2447 3921 τοῦ
2484 3865 2748 3939 Ἐφραθᾶ,
2774 3864 3022 3937 οὐδαμῶς
3047 3859 3098 3918 εἶ
3122 3863 3383 3935 ἐλαχίστη
3407 3863 3469 3917 ἐν
3496 3860 3607 3922 τοῖς
3638 3855 3744 3926 ἡγε-

2185 3959 2344 4030 μόσιν
2374 3958 2564 4013 Ἰούδα.
2609 3977 2628 4011 ι
2651 3954 2787 4011 Εἶτα
2813 3957 3079 4023 ἐπεύξατο
3107 3957 3136 4010 ό
3166 3954 3331 4009 Δαϐὶδ
3369 3955 3436 4008 ού
3479 3951 3635 4025 μόνον
3663 3944 3743 3999 τὸν

2180 4050 2343 4103 τόπον
2373 4049 2573 4119 γνῶναι
2604 4047 2700 4102 ’τοῦ
2735 4046 2965 4118 Κυρίου,
3001 4046 3139 4100 ἀλλά
3166 4044 3262 4100 καὶ
3291 4045 3355 4099 τὸ
3381 4045 3646 4115 σκήνωμα
3661 4036 3746 4092 αὖ·

2179 4140 2274 4194 τοῦ
2303 4140 2496 4194 ὁπόθεν
2520 4139 2672 4193 ἔσται
2689 4155 2705 4171 ’
2731 4140 2994 4211 σκήνωμα
3016 4138 3073 4192 δὲ
3096 4138 3157 4190 τὸ
3174 4136 3374 4209 σκῆνος
3400 4136 3497 4191 καὶ
3521 4134 3580 4188 τό
3604 4129 3746 4202 σῶμα

2179 4234 2207 4287 ὃ
2235 4234 2521 4306 ἀνείληφεν
2547 4235 2576 4287 6
2599 4231 2693 4287 τοῦ
2722 4229 2857 4285 Θεοῦ
2880 4230 3050 4299 Λόγος
3073 4228 3353 4301 τυγχάνει*
3382 4228 3612 4289 εἰκότως

2183 4325 2280 4398 μὲν
2332 4326 2424 4380 τοῦ
2472 4325 2636 4380 τόπου
2688 4322 3136 4399 προαπήγγειλαν
3194 4321 3524 4420 φήσαᾲντεςί
3567 4336 3586 4369 ‹
3628 4314 3746 4420 Ἰδοὺ

2178 4416 2491 4489 ἠκούσαμεν
2520 4416 2689 4489 αὐτὴν
2713 4419 2770 4471 ὲν
2812 4414 3074 4487 Ἐφραθᾷ.
3108 4433 3126 4467 ι
3164 4412 3302 4507 Περὶ
3329 4412 3389 4466 δὲ
3428 4410 3526 4507 τού
3556 4410 3747 4507 σκηνώί

2180 4528 2348 4582 ματος
2394 4510 2522 4581 ἑξῆς
2546 4511 2886 4578 ἐπιλέγουσιν
2914 4507 3095 4578 αὐτῷ·
3135 4525 3154 4559 ι
3190 4506 3397 4576 Ὠμοσε
3428 4504 3635 4574 Κύριος
3678 4504 3747 4566 τῷ

499 4583 765 4641 Dominus
821 4582 1012 4639 Davidi
1061 4584 1385 4650 veritatem,
1441 4595 1495 4640 et
1544 4600 1653 4640 non
1706 4585 2066 4643 frustrabitur

2187 4602 2333 4655 ὶαϐὶδ
2363 4601 2640 4674 ἀλήθειαν,
2670 4602 2763 4655 καὶ
2794 4601 2854 4654 οὐ
2894 4599 2969 4672 μὴ
3002 4598 3241 4669 ἀθετήσῃ
3278 4597 3459 4667 αὐτήν
3484 4612 3496 4625 ·
3526 4597 3591 4648 ἐκ
3622 4607 3747 4661 καρ-

494 4694 653 4754 eam;
681 4678 749 4733 de
797 4676 980 4732 fructu
1024 4676 1237 4738 ventris
1281 4678 1359 4739 tui
1413 4693 1611 4748 ponam
1669 4695 1836 4750 super
1882 4680 2066 4736 sedem

2187 4692 2275 4746 ποῦ
2308 4692 2408 4763 τῆς
2436 4692 2643 4756 κοιλίας
2680 4710 2774 4746 σου
2805 4691 3042 4763 θήσομαι
3070 4689 3160 4743 ἐπὶ
3187 4688 3278 4742 τὸν
3329 4688 3530 4762 θρόνον
3556 4701 3691 4782 ⁸σου.
3721 4698 3745 4782 ἶ

495 4735 667 4830 tuam.
712 4791 732 4824 ι
765 4768 978 4837 Quibus
1007 4768 1191 4826 verbis
1215 4768 1545 4829 admonetur
1577 4770 1751 4831 David
1774 4813 1789 4838 ,
1846 4773 1965 4835 fore
2009 4784 2069 4831 ut

880 4860 1107 4882 πψτη
1164 4863 1547 4882 .-μμημ
1613 4865 1635 4882 ρ
1736 4876 1747 4882 -
1907 4869 1938 4882 --

2187 4735 2708 4839 ξῖὦῖέιὲἆξξξξαξ
2731 4785 2761 4838 ό
2808 4735 2983 4837 Δέαῖ
3000 4784 3082 4836 ὅτι
3107 4780 3166 4835 τὸ
3198 4735 3394 4851 μέλλον
3416 4770 3746 4882 ἔσεσθαιθτού

499 4864 834 4936 destinatum
880 4860 1115 4917 Domino
1164 4863 1578 4919 tabernaculum
1611 4865 1823 4929 fructus
1875 4869 1946 4935 sit
1999 4885 2066 4925 ex

2187 4875 2376 4947 (υρίου
2406 4876 2699 4946 σκήνωμα,
2733 4876 2764 4928 6
2812 4871 3023 4946 καρπὸς
3048 4868 3117 4943 ἦν
3143 4873 3172 4925 6
3209 4874 3273 4926 ἐκ
3318 4870 3540 4934 κοιλίας
3592 4861 3745 4923 αὐτοῦ

491 4957 612 5026 ejus
643 4957 812 5027 stirpe
843 4955 1147 5028 gignendus

1233 5096 1320 5152 IX.

753 5212 862 5271 Cur
891 5212 1080 5268 Rutlue
1114 5213 1410 5268 meminerit
1443 5214 1787 5284 evangelista.

562 5329 617 5385 Ι.
658 5327 863 5395 Quidni
890 5329 1053 5385 divus
1094 5328 1425 5400 Apostolus,
1483 5328 1577 5401 qui
1631 5330 2060 5401 alienigenarum

488 5423 732 5495 gentium
771 5424 1115 5480 vocationem
1141 5423 1340 5496 spiritu
1370 5422 1704 5495 praevidebat
1729 5438 1828 5494 per
1875 5422 2057 5478 Evan~

2168 4967 2549 5039 γενησόμενος.

2908 5105 2964 5156 Θ¹

2164 5219 2268 5273 Διὰ
2296 5219 2354 5273 τί
2389 5216 2499 5287 τῆς
2548 5217 2714 5272 Ῥοὺο
2752 5217 3206 5288 ἐμνημόνευσεν
3227 5219 3259 5270 ὁ
3287 5208 3743 5286 εὐαγγελιπιὶςι

2236 5340 2304 5388 α’.
2338 5334 2447 5386 Καὶ
2480 5332 2597 5396 πῶς
2641 5332 2740 5386 οὐκ
2784 5331 3010 5403 ἔμελλεν
3050 5333 3079 5386 6
3106 5331 3246 5395 θεῖος
3278 5327 3630 5392 Απόστολος,
3655 5323 3746 5394 τὴν

2163 5424 2272 5478 τῶν
2297 5424 2608 5495 ἀλλοφύλων
2646 5424 2816 5479 ἐθνῶν
2854 5424 3046 5495 κλῆσιν
3076 5424 3156 5496 τῷ
3189 5423 3466 5494 πνεύματι
3508 5417 3742 5492 προθεωο

489 5515 689 5583 gelium
722 5529 883 5569 suum
915 5513 1177 5583 futuram,
1209 5515 1427 5586 quidni,
1458 5516 1707 5587 inquam,
1745 5516 2062 5588 alienigena:

2187 5516 2285 5571 σῶν
2327 5516 2417 5571 διὰ
2446 5515 2540 5571 τοῦ
2573 5516 2775 5571 οἰκείου
2812 5516 3146 5587 Εὑαγγελίου
3187 5514 3606 5587 γενησομένην,
3654 5506 3746 5578 τῆς

487 5606 704 5667 femina:
740 5606 1117 5664 meminisset?
1145 5606 1465 5680 Alienigena
1510 5623 1644 5665 sane
1688 5618 1808 5666 erat
1858 5607 2060 5679 Rutba,

564 5762 607 5803 θ’
650 5759 797 5831 Psal,
824 5779 1006 5834 cum,
1040 5764 1152 5819 ιδ.
1222 5764 1263 5796 ⁵³
1292 5763 1424 5821 Gen.
1463 5779 1623 5831 xxxv,
1666 5764 1747 5822 l9.
1828 5765 1870 5800 η
1909 5765 2097 5823 Matth.
2141 5782 2199 5832 ιι,
2237 5768 2287 5824 6.

2168 5608 2466 5679 ἀλλοφύλου
2493 5609 2885 5682 μνημονεύειν;
2921 5609 3214 5680 ἀλλόφυλος
3237 5609 3341 5683 γὰρ
3377 5611 3413 5679 ἡ
3464 5604 3623 5662 Ῥοὺθ
3656 5600 3746 5658 καὶ

2369 5767 2411 5799 ⁸⁵
2452 5764 2598 5831 Psal.
2634 5782 2816 5827 «ιλιι.
2852 5767 2906 5825 6.
