4054 6408
332 357 440 416 917
878 347 1346 420 QUASSTIONES
1380 344 1843 406 EVANGELICAB
1881 346 1922 400 A

2022 341 2452 401 STEPHANUM.
2490 371 2561 383 --
2597 337 2929 409 QUA'ISTIO
2964 338 3037 408 Χ,
3470 336 3582 395 918
3676 416 3681 429 τ

332 477 396 544 ἑξ
447 474 759 545 ἀλλοφύλων
809 472 919 528 τῶν
968 471 1438 545 ἀπηγορευμένων
1485 471 1638 544 παρὰ
1687 471 1913 525 Μωῦσετ

2022 476 2067 525 et
2113 467 2340 539 quidem
2376 481 2444 523 ex
2476 466 2550 522 iis
2593 464 2921 538 alienigenis
2966 476 3201 536 quorum
3251 462 3586 519 commercio

332 567 672 624 Μωαδιτῶν·
706 585 725 620 ι
757 564 1043 620 Μωαϐῖται
1072 564 1202 636 γάρ,
1228 564 1362 635 φησί
1380 601 1397 625 ,
1440 563 1537 617 καὶ
1580 562 1906 632 Ἀμμανῖται

2022 559 2228 633 Moyses
2270 558 2651 620 interdixerat,
2690 572 2888 628 nempe
2918 554 3194 612 Moabitis.
3235 572 3256 606 ι
3292 551 3545 608 Moabitae
3566 590 3587 618 ,

335 661 435 715 οὐκ
463 658 856 713 εἰσελεύσονται
888 658 968 721 εἰς
1003 655 1326 727 Ἐκκλησίαν
1356 654 1563 725 Κυρίου
1594 652 1697 718 1έως
1719 652 1909 725 τρίτης

2022 652 2215 723 inquit,
2245 660 2303 708 et
2326 649 2651 706 Ammonita
2694 664 2805 706 non
2856 648 3143 704 intrabunt
3189 647 3247 702 in
3270 645 3367 703 Dei
3399 644 3590 702 Eccle-

337 751 431 805 καί⁸
451 750 719 821 τετάρτης
745 749 957 817 γενεᾶς,
988 748 1082 802 καὶ
1105 746 1210 810 ἕως
1237 747 1319 810 εἰς
1355 744 1447 799 τὸν
1479 743 1680 799 αἰῶναο
1727 763 1749 796 ι
1770 743 1910 812 πλὴν

2022 747 2154 802 siam
2186 759 2365 816 usque
2393 744 2462 800 ad
2504 743 2725 799 tertiam
2778 752 2831 799 et
2874 751 3126 813 quartam
3155 739 3589 812 generationem,

337 840 473 894 ἀλλά
500 839 595 893 καὶ
616 841 862 911 κρεῖττον
889 836 982 891 τοῦ
1010 836 1176 907 νόμου
1201 835 1468 907 γενομένη
1492 833 1766 905 θεοφιλὴς,
1801 835 1913 887 είσ-

336 932 496 1003 ἦλθεν
547 933 628 995 εἰς
672 931 993 1001 Ἐκκλησίαν
1035 931 1240 1002 Κυρίου
1260 946 1274 960 ’
1304 928 1534 1000 ἐπείπερ
1561 929 1591 980 ὀ
1615 927 1777 999 νόμος
1801 929 1914 1003 τοῖς

338 998 395 1078 ἐν
420 1023 497 1095 τῷ
528 1023 677 1095 νόμῳ
706 998 887 1077 λαλεῖ-ο
928 1042 946 1075 ι
978 998 1181 1094 Δικαίῳ
1212 1022 1270 1076 δὲ
1294 1021 1458 1093 νόμος
1474 998 1536 1074 ού
1569 1022 1765 1083 κεῖται,
1799 998 1912 1072 ἀλλ’

337 1113 558 1183 ἀνόμοις
590 1112 684 1166 καὶ
705 1112 1117 1177 ἀνυποτάκτοις,
1139 1111 1361 1166 ἀσεϐέσι
1391 1112 1485 1165 καί
1510 1109 1872 1183 ἁμαρτωλοῖς.
1888 1129 1904 1161 ι

350 1202 413 1255 Ἡ
446 1202 504 1256 δὲ
545 1202 701 1256 Ῥοὺθ
730 1203 791 1255 ού
836 1202 1088 1274 τοιαύτη,
1121 1204 1168 1255 εἰ
1203 1201 1298 1255 καὶ
1326 1201 1385 1255 τὸ
1409 1200 1567 1270 γένος
1619 1200 1913 1269 ἀλλόφυλος

337 1291 425 1367 ἦν,
452 1294 735 1367 ύπερὸἄσα
757 1295 813 1349 δὲ
841 1295 932 1349 τὸν
949 1294 1225 1368 διορισμὸν
1245 1293 1338 1348 τοῦ
1366 1294 1555 1365 νόμου,
1584 1294 1679 1346 καὶ
1704 1293 1909 1365 εἰσελή-

338 1386 497 1439 λυθεν
551 1388 631 1450 εἰς
682 1386 780 1458 τὴν
825 1385 1152 1456 Ἐκκλησίαν
1181 1384 1409 1456 Κυρίου,
1456 1385 1550 1437 καὶ
1599 1382 1694 1437 τοῦ
1724 1382 1914 1452 γένους

339 1480 674 1551 ἐχρημάτισε
702 1479 795 1534 τοῦ
841 1476 1255 1551 Ἰσραηλιτικοῦ,
1280 1479 1373 1531 καί
1403 1479 1461 1530 ὲν
1482 1477 1764 1548 προγόνοις
1786 1477 1915 1529 ἀνα-

290 1619 311 1635 ,
340 1569 608 1642 ληφθῆναι
635 1569 730 1624 τοῦ
758 1570 1007 1643 Σωτῆρος
1031 1569 1186 1642 ἡμῶν
1213 1568 1545 1640 κατηξιώθη,
1572 1567 1660 1621 διὰ
1686 1567 1783 1639 τὴν
1806 1567 1914 1622 τῶν

339 1662 592 1732 τρόπων,
637 1663 752 1718 ἀλλ’
782 1665 844 1717 οὐ
879 1664 968 1718 διὰ
1009 1663 1106 1735 τὴν
1158 1662 1252 1718 τοῦ
1303 1662 1550 1735 σώματος
1593 1663 1872 1732 εὐγένειαν
1896 1680 1910 1693 ·

342 1751 475 1805 πᾶσί
526 1770 585 1807 τε
618 1756 752 1825 ἡμῖν
800 1756 915 1818 τοῖς
966 1752 1026 1819 ἐξ
1075 1753 1243 1809 ἐθνῶν
1289 1753 1606 1823 ἀλλοφύλοις
1660 1753 1914 1824 μέγιστον

343 1841 646 1913 ὑπόδειγμα
672 1845 932 1915 κατέστη,
965 1844 1047 1897 ὅτι
1086 1843 1151 1915 δὴ
1195 1844 1357 1915 ὃμοια
1404 1842 1707 1914 πράξαντες
1754 1843 1912 1914 αὐτῇ,
1946 1877 1988 1930 Β

341 1934 448 1990 τῶν
473 1934 603 1988 ἰσων
637 1935 788 2007 παρά
817 1934 894 2006 τῷ
914 1934 1034 2006 Θεῷ
1053 1934 1375 2006 τευξόμεθα.

414 2026 479 2096 β’.
514 2027 755 2092 Εἰκότως
780 2024 872 2082 οὖν
903 2028 999 2099 τὴν
1028 2028 1135 2082 τῶν
1159 2027 1471 2097 ἀλλοφύλων
1505 2028 1694 2101 κλῆσίν
1733 2047 1794 2083 τε
1825 2030 1918 2084 καὶ

341 2119 646 2189 εἰσποίησιν
682 2118 889 2189 μέλλων
940 2118 1426 2189 εὐαγγελίζεσθαι,
1473 2123 1541 2192 τῇ
1595 2121 1918 2193 γενεαλογίᾳ

341 2209 512 2283 αὐτὴν
546 2210 787 2265 τέθεικεν
807 2229 820 2242 ’
848 2211 993 2281 ἡμᾶς
1019 2212 1146 2275 τοὺς
1175 2210 1233 2278 ἐξ
1271 2210 1440 2265 ἐθνῶν
1466 2210 1794 2283 ἀλλοφύλους
1825 2230 1918 2283 μο-

341 2303 552 2373 νονουχὶ
577 2301 846 2356 παιδεύων
864 2301 932 2356 δι’
965 2302 1156 2373 αὐτῆς,
1187 2303 1267 2356 ὅτι
1295 2302 1359 2375 δὴ
1400 2303 1471 2357 τά
1505 2304 1709 2376 πάτρια
1752 2322 1920 2359 κατα-

343 2395 611 2461 λιπόντες,
636 2396 861 2459 εἰκότως
889 2395 985 2449 καὶ
1011 2396 1081 2449 τὰ
1112 2394 1380 2449 ἀκόλουθα
1409 2398 1492 2460 εἰς
1524 2397 1670 2469 ἡμᾶς
1698 2398 1918 2471 πληρω-

341 2487 569 2559 θήσεται
592 2505 606 2518 ·
638 2486 821 2540 ούκέτι
853 2485 962 2560 γὰρ
990 2487 1048 2541 ὲν
1071 2486 1390 2556 ἀλλοφύλοις
1414 2488 1917 2562 καταλεγησόμεθα,

345 2577 452 2631 τύδ’
477 2576 539 2642 ἐξ
565 2576 883 2647 ἀλλοφύλων
906 2577 1340 2650 χρηματίσομεν,
1367 2578 1482 2632 ἀλλ’
1506 2581 1573 2633 ἐκ
1609 2580 1704 2634 τοῦ
1732 2581 1922 2650 ἀληθι-

344 2668 438 2723 νοῦ
485 2668 701 2741 Ἰσραὴλ
741 2668 838 2722 καὶ
886 2667 981 2721 τοῦ
1042 2667 1171 2721 λαοῦ
1205 2667 1301 2721 τοῦ
1350 2668 1552 2741 κλήρου
1600 2668 1694 2724 τοῦ
1745 2671 1880 2724 Θεοῦ
1904 2689 1920 2705 '

342 2762 659 2831 ἀναγκαίως
684 2761 741 2815 δὲ
769 2755 837 2815 αὖ
863 2760 1025 2816 πάλιν
1054 2761 1300 2833 ἐμνήσθη
1332 2765 1430 2834 τῆς
1472 2763 1649 2828 Ῥοὺθ,
1679 2764 1748 2818 τά
1772 2766 1923 2818 αἴτια

343 2852 435 2907 διὰ
455 2851 556 2922 τῆς
581 2851 702 2905 κατ’
734 2852 895 2905 αὑτὸν
928 2852 1167 2925 ἱστορίας
1204 2851 1419 2920 διδάξας
1464 2854 1586 2908 τίνα
1619 2850 1689 2926 ἦν
1726 2856 1793 2909 τὰ
1825 2855 1921 2909 λύ-

347 2961 520 3000 σαντα
573 2944 672 3016 τὴν
724 2944 1094 3016 ἀπαγόρευσιν
1141 2943 1235 3000 τοῦ
1281 2945 1447 3017 νόμου
1500 2945 1600 3017 τὴν
1650 2948 1918 3017 φήσασαν,

353 3057 373 3091 ι
413 3037 697 3093 Μωαϐῖται
727 3039 825 3092 οὐκ
872 3037 1268 3092 εἰσελεύσονται
1304 3039 1385 3102 είς
1437 3038 1761 3109 Ἐκκλησίαν
1810 3040 1922 3092 Κυ-

349 3128 489 3200 ρίου.
526 3147 546 3181 ι
577 3128 771 3198 Γέγονε
801 3128 969 3200 γάρὴ
1009 3129 1291 3193 Μωαϐῖτις
1334 3129 1409 3194 ὡς
1454 3130 1654 3202 Ῥαχὴλ
1704 3132 1798 3185 καί⁵
1842 3132 1916 3197 ὡς

2019 839 2128 893 imo
2162 838 2216 892 in
2242 845 2507 893 aetenium
2523 836 2590 891 “.
2630 854 2650 889 ι
2689 834 2796 891 Sed
2832 842 3013 889 tamen
3038 833 3155 888 haec
3178 832 3249 888 ob
3263 830 3589 902 religionem

2020 942 2174 982 suam
2202 926 2346 981 facta
2391 927 2498 998 legi
2527 926 2781 996 superior
2806 924 3055 995 ingressa
3088 930 3174 980 est
3200 924 3258 978 in
3283 921 3589 978 Ecclesiam
3666 990 3672 996 l

2020 1015 2114 1072 Dei
2145 1034 2158 1071 :
2193 1016 2456 1088 quoniam
2508 1017 2594 1071 lex
2634 1031 2730 1072 eos
2757 1016 2851 1085 qui
2889 1013 2996 1070 sub
3031 1014 3151 1085 lege
3174 1020 3305 1070 sunt
3350 1011 3589 1083 alloqui-

2020 1116 2110 1163 tur
2138 1126 2152 1163 :
2189 1127 2208 1160 ι
2240 1106 2400 1164 Justo
2430 1117 2611 1163 autem
2644 1121 2755 1162 non
2781 1115 2867 1163 est
2887 1106 3187 1163 constituta
3218 1105 3326 1174 lex,
3368 1103 3467 1161 sed
3504 1103 3591 1161 ino-

2015 1200 2185 1269 justis
2214 1207 2269 1256 et
2292 1198 2632 1256 refractariis
2663 1205 2719 1255 et
2744 1198 2929 1270 impiis
2969 1205 3026 1253 et
3058 1194 3524 1268 peccatoribus".
3564 1212 3585 1249 ι

2019 1291 2200 1348 Rutha
2234 1308 2364 1348 vero
2379 1307 2488 1348 non
2515 1299 2635 1349 erat
2663 1291 2968 1363 ejusmodi,
2995 1288 3215 1346 etiamsi
3259 1293 3422 1361 gente
3457 1287 3590 1342 alie-

2021 1385 2215 1455 nigena
2243 1402 2256 1437 :
2288 1384 2385 1439 sed
2417 1397 2770 1455 supergressa
2821 1382 2958 1453 legis
3000 1380 3138 1437 ﬁnes
3180 1379 3239 1435 in
3288 1377 3592 1433 Ecclesiam

2020 1475 2117 1530 Dei
2149 1475 2418 1540 introivit,
2453 1481 2509 1531 et
2555 1474 2624 1531 de
2654 1489 2855 1547 genere
2897 1473 3086 1529 habita
3135 1478 3221 1530 est
3266 1468 3591 1535 Israelitico,

2021 1574 2187 1635 atque
2210 1565 2350 1620 inter
2375 1563 2756 1636 progenitores
2775 1561 3086 1619 Servatoris
3109 1560 3286 1619 nostri
3304 1559 3594 1633 dignanter

2021 1665 2302 1725 assumpta
2333 1661 2560 1726 pr0pter
2585 1666 2821 1717 morum,
2858 1666 2969 1707 non
3012 1652 3264 1722 corporis
3287 1687 3303 1717 ,
3334 1649 3594 1705 nobilita-

2022 1757 2128 1802 tem
2154 1765 2169 1802 :
2198 1745 2466 1817 nobisque
2496 1743 2753 1800 omnibus
2782 1758 2982 1816 genere
3005 1742 3226 1797 ethnico
3250 1741 3398 1796 natis
3426 1738 3597 1794 maxi-

2018 1854 2163 1893 mum
2192 1837 2467 1909 objectum
2494 1842 2581 1892 est
2610 1835 2946 1907 exemplum,
2977 1835 3096 1891 fore
3127 1841 3187 1888 ut
3215 1834 3261 1889 si
3282 1832 3435 1903 paria
3462 1830 3594 1886 huic

2020 1930 2235 1985 femina:
2262 1928 2553 1992 faciamus,
2578 1942 2766 1998 parem
2804 1927 3037 1998 gratiam
3067 1942 3100 1981 a
3131 1924 3245 1981 Deo
3267 1923 3591 1980 referamus.

2084 2023 2141 2079 2.
2180 2020 2355 2079 Recte
2406 2022 2577 2094 igitur
2623 2020 2719 2092 qui
2767 2019 3200 2087 alienigenarum
3249 2017 3595 2073 vocationem

2018 2119 2181 2182 atque
2209 2111 2557 2183 adoptionem
2583 2110 2940 2167 nuntiaturus
2961 2104 3102 2176 erat,
3136 2109 3282 2164 hanc
3307 2108 3362 2163 in
3394 2121 3596 2180 genea-

2018 2203 2163 2273 logia
2208 2201 2495 2257 mulierem
2548 2201 2765 2272 posuit;
2792 2216 2894 2256 nos
2948 2216 3017 2256 ex
3066 2199 3392 2272 alienigenis
3442 2206 3595 2255 ortos

2019 2294 2423 2365 quodammodo
2445 2311 2544 2366 per
2570 2310 2692 2352 eam
2728 2294 2988 2351 erudiens
3019 2293 3223 2349 fore'ut
3242 2334 3257 2359 ,
3311 2295 3358 2350 si
3385 2292 3595 2363 patrios

2019 2402 2200 2443 mores
2235 2387 2573 2454 deseramus,
2593 2387 2722 2458 jure
2747 2388 2955 2459 optimo
2974 2394 3346 2443 consentanea
3382 2387 3595 2443 meritis

2022 2480 2162 2536 bona
2186 2495 2594 2553 consequamur
2629 2497 2645 2535 :
2682 2495 2862 2552 neque
2883 2480 3032 2536 enim
3074 2479 3288 2535 diutius
3332 2478 3597 2551 alienige-

2022 2574 2109 2629 nis
2140 2575 2648 2642 annumerabimur,
2676 2590 2857 2646 neque
2893 2574 2982 2629 his
3021 2572 3242 2628 oriundi
3294 2571 3595 2644 appellabi-

2023 2678 2167 2728 mur,
2196 2663 2292 2719 sed
2330 2679 2398 2720 ex
2420 2678 2554 2719 vero
2581 2662 2787 2719 lsraele
2831 2677 2896 2718 ac
2925 2662 3130 2733 populo
3162 2662 3258 2733 qui
3299 2670 3385 2718 est
3421 2660 3597 2717 haere-

2021 2754 2164 2812 ditas
2207 2754 2441 2811 Domini.
2480 2753 2695 2812 Rursus
2743 2754 3063 2812 necessario
3111 2752 3310 2812 Rutha:
3346 2752 3599 2809 meminit

2022 2847 2371 2918 evangelista,
2407 2846 2536 2902 dum
2560 2846 2617 2902 in
2642 2847 2875 2901 historia
2898 2862 2999 2903 sua
3034 2861 3234 2904 causas
3264 2846 3454 2912 tradit,
3472 2859 3595 2917 qua:

2024 2936 2161 3008 legis
2212 2938 2480 2993 tollebant
2537 2938 2889 2996 interdictum
2939 2939 3208 3010 ejusmodi
3242 2958 3256 2994 :
3293 2959 3311 2991 ι
3345 2937 3599 2994 Moabitae

2025 3043 2134 3083 non
2181 3029 2467 3085 intrabunt
2515 3030 2571 3085 in
2614 3029 2921 3087 Ecclesiam
2966 3031 3084 3088 Dei.
3118 3052 3139 3087 ι
3173 3031 3400 3088 Femina
3447 3033 3596 3091 enim

2024 3119 2279 3179 Hoahitis
2311 3121 2380 3177 ad
2411 3121 2782 3179 conditionem
2802 3123 3029 3179 transiit
3055 3122 3314 3181 Rachelis
3362 3132 3418 3182 et
3459 3125 3592 3190 Lize,

345 3220 501 3285 Λεία,
536 3221 593 3274 αἳ
621 3219 977 3292 ᾠκοδόμησαν
1012 3221 1317 3292 ἀμφότεραι
1349 3221 1441 3275 τὸν
1472 3218 1619 3277 οἶκον
1664 3224 1880 3296 Ἰσραήλ
1903 3241 1918 3257 ·

2022 3227 2257 3284 quarum
2306 3222 2542 3286 utraque
2586 3214 2876 3271 aediﬁcavit
2920 3215 3143 3271 domum
3190 3215 3430 3275 lsraelis.
3485 3218 3598 3275 Cur

345 3311 468 3375 πῶς
494 3311 551 3393 δὲ
581 3311 703 3382 οὐχί
727 3313 992 3384 χρήσιμος
1022 3308 1091 3383 ἦν
1117 3316 1185 3385 τῇ
1203 3313 1296 3367 τοῦ
1338 3314 1589 3389 Σωτῆρος
1622 3315 1778 3389 ἡμῶν
1818 3317 1921 3388 Ἰη-

347 3403 444 3457 σοῦ
470 3403 706 3476 Χριστοῦ
741 3404 1062 3477 γενεαλογίᾳ
1091 3407 1124 3477 ὴ
1161 3408 1347 3479 μνήμη
1380 3409 1477 3479 τῆς
1512 3408 1692 3473 Ῥούθ,
1723 3410 1810 3477 ἐφ’
1852 3409 1920 3480 ἢν

346 3492 565 3565 εἴρηται
598 3510 616 3544 ι
643 3493 735 3546 καὶ
767 3493 827 3547 τὸ
868 3494 1087 3565 ποιῆσαι
1112 3494 1339 3565 δύναμιν
1373 3496 1430 3548 ὲν
1468 3494 1731 3566 Ἐφραθᾷ,
1769 3495 1922 3549 ἔσται

345 3585 518 3654 ὄνομα
546 3585 604 3636 ὲν
617 3584 862 3656 Βηθλεέμ
886 3602 900 3650 ;
927 3604 946 3637 ι
968 3586 1298 3657 προφητείας
1312 3585 1422 3657 γάρ
1450 3585 1707 3657 ἄντικρυς
1721 3587 1921 3651 ταύτας

346 3676 573 3739 εἰκότως
600 3675 665 3730 ἀν
696 3694 781 3740 τις
806 3676 941 3747 φαίη
969 3678 1273 3748 τυγχάνειν,
1303 3678 1365 3731 τὸ
1389 3679 1454 3732 ὲκ
1484 3677 1728 3750 Βηθλεὲμ
1750 3680 1921 3750 ὄνομα

344 3768 410 3821 τὸ
433 3766 583 3839 παρά
611 3767 689 3839 τῷ
714 3768 973 3840 Ματθαίῳ
994 3770 1467 3841 γενεαλογουμένῳ
1500 3771 1675 3842 Ἰησοῦ
1703 3773 1924 3844 Χριστῷ

345 3858 671 3926 ἐξάκουστον
691 3861 772 3923 είς
796 3862 902 3913 πᾶν
923 3861 1078 3930 γένος
1105 3862 1408 3933 ἀνθρώπων
1438 3862 1678 3936 θεωρῶν,
1706 3865 1801 3918 καὶ
1824 3864 1923 3936 τὴν

347 3952 408 4005 ἐν
468 3950 709 4023 Ἐφραθᾷ
757 3952 1053 4024 γενομένην
1106 3952 1373 4023 δύναμιν·
1425 3954 1491 4008 δι’
1520 3951 1588 4026 ἦς
1641 3955 1922 4027 δυνάμεως

347 4041 527 4096 πάντα
572 4041 640 4095 τὰ
669 4042 795 4114 ἔθνη
827 4042 919 4096 τὸν
956 4045 1019 4096 ἐκ
1063 4044 1163 4115 τῆς
1227 4044 1381 4098 Ῥούθ
1433 4047 1922 4118 γενεαλογούμενον

348 4133 583 4204 Χριστὸν
614 4132 708 4187 τοῦ
740 4133 877 4187 Θεοῦ
905 4136 1212 4204 ἐπιγνόντα,
1253 4137 1324 4191 δι’
1361 4137 1524 4190 αὐτοῦ
1557 4139 1658 4209 τῆς
1694 4140 1790 4210 μὲν
1819 4157 1924 4193 πα-

346 4222 531 4294 τρῴας
556 4223 788 4293 ἀπέστη,
809 4226 906 4295 τῆς
950 4224 1104 4280 Ῥοὺθ
1141 4228 1535 4300 παραπλησίως
1559 4270 1574 4294 ,
1618 4228 1695 4300 τῷ
1717 4229 1774 4282 δὲ
1806 4230 1924 4301 Θεῷ

348 4313 444 4367 τοῦ
491 4314 705 4387 Ἰσραὴλ
731 4316 897 4370 ἑαυτά
934 4317 1290 4382 ἐπιδέδωκεν,
1325 4320 1528 4391 ὁμοίως
1558 4322 1693 4392 αὐτῇ
1730 4321 1919 4375 πάλινο

349 4399 426 4459 ὧν
480 4405 643 4459 ’ἐνεκά
679 4423 768 4478 μοι
805 4407 952 4461 δοκεῖ
995 4409 1095 4462 οὐκ
1145 4409 1525 4480 ἀσυλλόγιστος
1557 4414 1589 4482 ή
1625 4411 1923 4483 παράθεσις

349 4496 450 4566 τῆς
497 4495 649 4550 Ῥούθ
677 4498 737 4554 ἐν
767 4502 833 4570 τῇ
872 4499 965 4553 τοῦ
1006 4498 1285 4556 Ματθαίου
1324 4501 1688 4575 παρειλῆφθαι
1737 4519 1924 4572 γενεα-

350 4587 532 4658 λογίᾳ.

622 4752 631 4759 .
1100 4708 1164 4760 l'.

348 4813 453 4870 Διὰ
491 4815 548 4869 τί
574 4813 680 4869 τὸν
713 4816 979 4888 Ἰωακείμ
1016 4820 1307 4944 Emoriar
1333 4821 1597 4893 ὀνομάζει
1624 4826 1656 4878 ὀ
1681 4826 1922 4895 εἰσαγγε-

1064 4906 1254 4944 torno.

1064 4906 1254 4956 ιστιις.

419 5002 499 5049 α’.
535 4997 811 5069 Διώνυμος
842 4994 993 5064 οὗτος
1018 4996 1086 5072 ἦν
1105 5017 1119 5030 ο
1144 5000 1257 5054 ἀλλ’
1282 5002 1404 5055 ἐπεὶ
1432 5004 1573 5057 κατά
1594 5005 1682 5058 τὸν
1705 5006 1918 5076 προφή-

346 5104 447 5157 την
488 5085 754 5160 Ἰερεμίαν
795 5090 1046 5164 Ἰεχονίας
1078 5091 1397 5164 ὀνομασθεὶς
1432 5094 1779 5165 διακέκληται
1805 5134 1819 5159 ε
1850 5094 1919 5147 δι’

345 5172 423 5231 ὧν
444 5195 628 5249 φησιν,
659 5196 678 5232 ι
702 5182 976 5255 Ἠτιμὼοη
1009 5185 1261 5257 Ἰεχονίας
1276 5185 1351 5250 ὡς
1372 5187 1562 5250 σκεῦος
1578 5182 1637 5240 οὗ
1653 5187 1752 5240 οὐκ
1772 5186 1918 5240 ἔστιν

344 5269 514 5323 αὐτοῦ
555 5272 746 5343 χρεία·
787 5273 918 5328 διότι
958 5276 1233 5349 ἀπερρίφη
1267 5275 1429 5340 αὐτὸς
1467 5278 1560 5332 καί
1600 5278 1659 5330 τὸ
1702 5276 1921 5347 σπέρμα

343 5362 515 5418 αὐτοῦ
530 5381 542 5393 ·
563 5365 656 5437 γῆ,
680 5366 774 5437 γῆ,
795 5366 958 5421 ἀκουε
977 5367 1134 5437 λόγον
1152 5369 1352 5441 Κυρίου
1372 5387 1386 5400 ’
1410 5369 1616 5442 γράψον
1638 5370 1726 5423 τὸν
1754 5369 1922 5440 ἄνδρα

343 5454 535 5510 τοῦτον
560 5458 896 5529 ὲκκήρυκτον
916 5501 933 5526 ,
975 5462 1057 5514 ὅτι
1085 5462 1145 5515 ού
1187 5462 1260 5533 μὴ
1295 5464 1500 5533 ἀναστῇ
1539 5464 1602 5515 ὲκ
1633 5461 1722 5515 τοῦ
1757 5463 1922 5534 σπέρ-

348 5562 521 5614 ματος
546 5547 711 5600 αὐτοῦ
737 5548 1044 5622 καθήμενος
1069 5551 1162 5604 ἐπὶ
1196 5551 1382 5624 θρόνου
1409 5550 1572 5605 Δαὸὶδ
1590 5591 1605 5615 ,
1632 5550 1814 5623 ἄρχων
1840 5551 1919 5604 ἔτι

346 5636 406 5686 ἐν
434 5635 510 5706 τῷ
552 5636 754 5708 Ἰούδᾳο
778 5658 797 5690 ι
828 5640 921 5692 καὶ
950 5639 1135 5712 ἐπειδὴ
1166 5641 1369 5694 τούτων
1396 5640 1557 5693 ἕνεκα
1592 5640 1789 5711 συνέϐη
1821 5641 1918 5712 τὴν

423 5791 466 5821 δ’
507 5790 661 5845 Deut.
700 5806 867 5857 XXIII,
903 5794 984 5860 3;
1025 5791 1219 5849 llEsdr
1277 5811 1403 5861 xm,
1446 5796 1494 5853 Ι.
1570 5798 1613 5828 ⁸⁷
1652 5794 1842 5852 ΙΤίιη.
1883 5813 1933 5863 1»
1969 5796 2016 5851 9-

2024 3311 2207 3361 autem
2233 3319 2345 3361 non
2376 3306 2655 3363 decuisset
2684 3307 3056 3379 genealogiam
3080 3307 3391 3366 Servatoris
3418 3310 3596 3365 nostri

2021 3391 2154 3450 Jesu
2198 3395 2405 3453 Christi
2448 3398 2656 3453 mentio
2708 3396 2946 3455 Ruthae?
2979 3398 3049 3456 de
3098 3414 3206 3470 qua
3237 3407 3293 3456 et
3328 3400 3463 3457 illud
3512 3400 3598 3456 di-

2023 3494 2173 3542 ctum
2226 3486 2332 3543 fuit
2378 3507 2398 3542 ι
2436 3489 2621 3546 facere
2666 3490 2931 3547 virtutem
2989 3494 3047 3547 in
3108 3491 3384 3564 Ephratha
3413 3532 3429 3557 ,
3489 3495 3597 3549 erit

2023 3591 2223 3634 nomen
2249 3578 2306 3633 in
2322 3578 2636 3637 Bethlehem
2652 3582 2774 3636 ‘7'.»
2807 3579 3131 3654 Prophetias
3160 3585 3305 3638 enim
3346 3599 3469 3641 esse
3496 3584 3598 3643 has

2024 3671 2343 3743 perspicuas
2374 3674 2653 3746 quispiam
2681 3676 2863 3745 dicet;
2891 3678 3146 3735 videlicet
3177 3694 3210 3734 e
3244 3678 3597 3735 Bethlehemo

2024 3777 2223 3819 nomen
2250 3762 2457 3822 Christi
2478 3763 2632 3831 Jesu,
2661 3768 2822 3837 cujus
2837 3770 3207 3840 genealogiam
3246 3770 3421 3826 texuit
3456 3769 3597 3824 Mat-

2025 3852 2221 3921 thaeus,
2249 3870 2347 3924 per
2377 3858 2665 3913 universas
2695 3869 2884 3929 gentes
2913 3859 3173 3916 diﬂ‘usum
3205 3875 3460 3925 cernens,
3485 3860 3597 3915 vir-

2026 3952 2306 4017 tutemque
2331 3947 2389 4003 in
2423 3946 2701 4018 Ephratha
2734 3957 3001 4020 patratam
3041 3971 3054 4006 :
3091 3952 3163 4007 ob
3204 3968 3369 4023 quam
3414 3954 3597 4009 virtu.

2026 4044 2135 4090 tem
2164 4052 2357 4093 omnes
2390 4048 2581 4110 gentes
2620 4038 2900 4096 Christum
2948 4041 3044 4097 Dei
3082 4056 3114 4096 a
3153 4041 3349 4099 Rutha:
3398 4058 3596 4115 genere

2024 4126 2318 4182 deductum
2344 4137 2724 4200 agnoscentes,
2741 4130 2985 4200 ejusdem
3008 4146 3174 4188 causa
3196 4148 3226 4186 a
3252 4133 3446 4203 patriis
3473 4133 3596 4187 riti-

2025 4219 2127 4275 bus
2153 4235 2307 4291 aeque
2345 4236 2410 4277 ac
2439 4219 2623 4277 Rutha
2647 4231 3018 4288 recesserunt,
3058 4239 3227 4295 seque
3274 4223 3385 4279 Deo
3421 4224 3596 4281 lsrae-

2027 4310 2117 4377 lis,
2156 4310 2286 4367 item
2333 4320 2392 4367 ut
2430 4312 2545 4381 illa,
2576 4312 2940 4370 tradiderunt.
2986 4314 3137 4380 Quas
3184 4314 3253 4370 ob
3300 4329 3389 4371 res
3446 4314 3595 4369 haud

2027 4412 2231 4459 temere
2259 4404 2394 4459 mihi
2421 4404 2636 4462 videtur
2664 4405 2733 4461 ad
2764 4405 2969 4463 Christi
2992 4407 3362 4481 genealogiam
3388 4408 3596 4464 mentio

2030 4492 2221 4551 Rutha:
2240 4495 2475 4568 adjecta.
2728 4502 2731 4505 ’

2772 4698 2842 4754 Χ.

2024 4812 2134 4869 Cur
2175 4812 2475 4869 Joacimum
2514 4814 2719 4867 nomine
2755 4812 3025 4886 Jechonim
3068 4813 3409 4886 appellaverit
3437 4829 3594 4868 evan-

2696 4884 2903 4954 getiam.

2094 4998 2144 5054 l.
2188 4996 2485 5052 Binominis
2515 4996 2604 5052 hic
2624 5004 2757 5052 erat.
2826 4995 2932 5052 Sed
2963 4995 3221 5067 quoniam
3267 4994 3407 5064 apud
3441 4993 3593 5051 Jere-

2022 5088 2185 5143 miam
2216 5088 2536 5159 prophetam
2563 5090 2632 5152 is,
2677 5104 2768 5159 qui
2798 5089 3090 5145 Jechonias
3118 5074 3420 5158 appellatur
3439 5128 3453 5150 ,
3480 5104 3594 5150 ma-

2022 5178 2219 5235 ledicto
2249 5178 2524 5251 appetitur
2550 5178 2636 5232 his
2667 5179 2846 5234 verbis
2885 5198 2897 5233 :
2938 5198 2955 5229 ι
2977 5176 3239 5233 Ludibrio
3263 5177 3482 5232 habitus
3510 5185 3595 5233 est

2022 5271 2314 5327 Jechonias
2335 5278 2596 5339 tanquam
2629 5285 2725 5326 vas
2755 5270 2914 5340 cujus
2945 5285 3053 5327 non
3088 5277 3172 5326 est
3206 5285 3362 5325 usus.
3389 5268 3594 5336 Quam-

2023 5365 2210 5420 obrem
2235 5364 2481 5434 abjectus
2510 5369 2595 5418 est
2625 5362 2740 5433 ipse
2772 5372 2826 5418 ct
2850 5378 3022 5434 genus
3047 5362 3199 5434 ejus;
3236 5370 3399 5428 terra,
3424 5370 3601 5428 terra,

2024 5458 2150 5513 audi
2181 5471 2487 5515 sermonem
2520 5454 2734 5511 Domini
2772 5476 2783 5511 :
2814 5457 2962 5512 Pone
2990 5457 3134 5511 hunc
3154 5457 3330 5512 virum
3355 5455 3594 5528 proscri-

2023 5561 2197 5621 ptum,
2232 5549 2359 5620 quia
2389 5563 2498 5603 non
2543 5548 2909 5603 constituetur
2953 5548 3021 5603 de
3049 5564 3247 5619 genere
3280 5549 3400 5619 ejus
3430 5561 3599 5618 super

2021 5642 2275 5695 thronum
2308 5638 2552 5704 Davidis,
2584 5638 2676 5708 qui
2712 5638 2917 5693 diutius
2955 5639 3010 5693 in
3040 5637 3179 5693 Juda
3206 5640 3433 5710 imperet
3464 5638 3509 5671 ⁸⁸
3531 5654 3546 5701 ;
3568 5654 3589 5689 ι

2096 5798 2159 5828 ⁸⁷⁸
2203 5796 2343 5850 Ruth
2382 5811 2455 5861 ιν,
2499 5796 2579 5849 ll.
2657 5795 2703 5829 ⁸⁸
2744 5795 2847 5853 Jcr.
2888 5812 3032 5862 xm,
3065 5792 3261 5850 285οέ
