4054 6408
532 322 637 381 919

1186 320 1462 381 ΕυὸΕΒΙΙ
1498 323 1977 382 οιελιαωιειδ
2013 326 2163 384 01³1⁵.
2204 325 2387 384 PARS
2425 326 2512 383 111.
2546 358 2612 370 -
2640 325 3052 385 ΕΧΕὒΕἸῚϐΔ.
3402 334 3407 339 ’
3618 331 3701 387 990

528 446 586 503 et
611 437 867 510 quoniam
904 438 1101 494 borum
1145 452 1313 494 causa
1358 438 1620 508 praedicto
1648 439 1765 511 regi
1791 441 2019 514 contigit
2045 449 2100 496 ut

2205 442 2286 504 είς
2316 440 2610 495 Βαϐυλῶνα
2646 438 3022 511 αἰχμαλωσίαν
3061 439 3178 512 ἅμα
3208 444 3288 511 τῷ
3324 441 3431 512 λαῷ
3458 447 3703 515 ὕποστῆνσι

530 529 912 603 Babylonicam
939 546 1062 586 cum
1087 531 1287 601 populo
1308 533 1674 602 captivitatem
1715 536 1944 597 subiret.
1987 550 2102 590 me-

528 623 636 677 rito
660 621 900 691 inclytus
925 622 1278 691 evangelista,
1302 621 1680 696 Redemptoris
1701 627 1944 683 omnium
1976 625 2102 681 Ser-

527 712 845 782 vatorisque
894 712 1145 773 scribens
1192 715 1620 783 generationem,
1670 716 1835 785 hujus
1882 732 2102 790 quoque

526 804 775 861 meminit
824 804 1126 875 contempti
1175 811 1229 859 et
1278 804 1502 875 projecti
1551 822 1675 861 cum
1717 822 1816 863 sua
1845 809 2014 879 stirpe
2045 810 2100 864 in

526 892 911 966 Babylonicam
938 904 1162 960 terram,
1205 895 1437 966 ideoque
1463 898 1753 968 proscripti
1775 906 1830 954 et
1851 900 2049 969 captivi
2084 918 2098 955 :

2201 534 2292 587 τὸν
2315 534 2602 604 εἰρημένον
2617 573 2631 597 ,
2654 533 2875 597 εἰκότως
2899 534 2927 585 6
2946 532 3246 603 Θαυμάσιος
3268 533 3614 605 smmum;
3628 537 3706 590 τοῦ

2201 622 2489 695 Λυτρωτοῦ
2516 624 2609 677 καὶ
2635 624 2885 695 Σωτῆρος
2916 623 3168 677 ἁπάντων
3192 622 3505 696 ὑπογράφων
3528 624 3611 695 τήν
3636 626 3708 693 γέ.

2201 733 2366 778 νεσιν,
2406 717 2500 768 καὶ
2531 714 2683 769 τοῦδε
2711 714 2956 785 ἐμνήσθη
2979 713 3074 767 τοῦ
3100 714 3436 785 ἠτιμωμένον
3460 715 3543 768 τοῦ
3571 717 3710 787 dmp-

2201 807 2450 879 ῥιφέντος
2475 806 2589 877 ἅμα
2616 806 2693 877 τῷ
2727 804 3002 878 σπέρματι
3030 807 3109 868 είς
3132 805 3229 876 τὴν
3259 805 3585 858 Βαϐυλωνίων
3607 807 3707 876 γῆν,

2197 897 2292 951 τοῦ
2331 898 2669 968 έκκηρύκτου
2703 897 2996 967 γενομένου
3015 936 3032 962 ,
3072 895 3168 951 τοῦ
3201 894 3555 966 αἰχμαλώτου·
3595 896 3710 951 διδάο

523 984 654 1039 hinc
679 985 933 1039 videlicet
958 985 1185 1048 docens,
1219 986 1313 1055 qui
1341 986 1410 1042 ad
1441 988 1842 1056 praedicandam
1869 991 2099 1060 captivis

524 1076 837 1147 libertatem
865 1074 1072 1131 missus
1103 1074 1278 1130 fuerat
1308 1092 1339 1130 a
1370 1076 1552 1143 Patre,
1598 1078 1746 1134 hunc
1771 1095 1892 1137 esse
1913 1079 2099 1137 Jesum

2199 1005 2344 1042 σκων
2370 989 2452 1042 ὅτι
2480 987 2714 1060 κηρῦξαι
2745 987 3110 1058 αἰχμαλώτοις
3135 987 3325 1056 ἄφεσιν
3361 987 3711 1057 ἀπεσταλμένος

2200 1079 2303 1132 ὑπὸ
2336 1080 2427 1133 τοῦ
2463 1079 2709 1152 Πατρὸς,
2758 1075 2910 1143 οῦτος
2941 1076 3011 1150 ἦν
3052 1078 3257 1149 Ἰησοῦς
3286 1079 3531 1151 Χριστὸς,
3555 1074 3609 1132 οῦ
3631 1080 3710 1148 τὴν

2199 1172 2376 1243 βίϐλον
2394 1172 2730 1243 ἀναγράφει,
2751 1174 2831 1235 εἰς
2855 1171 2915 1224 ὃν
2940 1170 3269 1240 ἀναφέρεται
3299 1170 3357 1222 τὸ
3378 1170 3565 1239 φάσκον
3581 1170 3629 1222 έν
3651 1169 3713 1240 τῷ

2199 1264 2449 1335 προφήτῃ
2476 1263 2653 1331 λόγιον
2673 1281 2686 1294 ·
2724 1282 2742 1312 ι
2765 1263 2987 1333 Πνεῦμα
3021 1263 3226 1333 Κυρίου
3260 1262 3343 1313 ἐπ’
3369 1262 3490 1330 ἐμὲ,
3521 1256 3574 1315 οὗ
3601 1262 3712 1313 εἵνε-

2197 1372 2289 1408 κεν
2307 1354 2487 1425 ἔχρισέ
2511 1372 2575 1425 με
2593 1395 2607 1417 ,
2627 1354 3077 1423 εὐαγγελίσασθαι
3099 1356 3331 1423 πτωχοῖς
3346 1352 3626 1406 ἀπέσταλκε
3643 1370 3713 1421 με,

2198 1448 2429 1520 κηρύξαι
2461 1447 2822 1517 αἰχμαλώτοις
2855 1448 3046 1517 ἄφεσιν
3066 1464 3079 1477 ·
3110 1465 3129 1498 ι
3158 1446 3285 1517 περὶ
3310 1439 3369 1498 οῦ
3391 1444 3480 1498 καὶ
3505 1446 3557 1497 ὲν
3576 1445 3716 1515 ἑτέρῳ

2198 1540 2361 1611 φησὶν
2397 1542 2427 1593 6
2462 1537 2623 1602 αὐτὸς
2657 1541 2972 1611 προφήτης·
3039 1559 3057 1591 ι
3085 1531 3254 1601 Οὗτος
3287 1537 3608 1609 οἰκοδομήσει
3639 1535 3717 1606 τὴν

2197 1631 2351 1685 πόλιν
2394 1649 2496 1702 μου
2521 1670 2536 1694 ,
2571 1632 2664 1685 καὶ
2693 1631 2794 1703 τὴν
2824 1629 3196 1702 αἰχμαλωσίαν
3222 1629 3315 1683 τοῦ
3347 1629 3472 1683 λαοῦ
3505 1645 3595 1700 μου
3623 1630 3719 1681 tm-

518 1169 831 1239 Christum,
884 1169 955 1229 de
999 1184 1110 1241 quo
1144 1170 1341 1227 librum
1372 1172 1583 1238 scribit,
1614 1180 1668 1228 ct
1688 1172 1756 1228 ad
1785 1190 1943 1244 quem
1976 1191 2101 1245 spe-

514 1269 639 1319 .ctat
682 1260 833 1331 quod
882 1263 1026 1332 apud
1066 1260 1389 1334 praphetam
1443 1265 1703 1320 recitatur
1748 1268 2029 1322 oraculum
2082 1288 2095 1323 :

528 1371 548 1405 ι
588 1350 826 1424 Spiritus
849 1353 1065 1409 Domini
1092 1368 1261 1424 super
1285 1371 1391 1422 me,
1420 1371 1486 1412 eo
1514 1358 1657 1426 quod
1687 1360 1841 1413 unxit
1873 1375 1960 1415 me
1986 1379 1998 1414 :
2031 1361 2098 1415 ad

524 1445 960 1503 annuntiandum
987 1448 1317 1517 pauperibus
1339 1449 1489 1505 misit
1512 1466 1598 1505 me
1614 1490 1630 1515 ,
1672 1451 2100 1521 praedicandam-

524 1551 634 1607 que
656 1536 890 1608 captivis
927 1537 1229 1595 libertatem
1260 1539 1327 1594 δ’.
1360 1558 1381 1590 ι
1421 1538 1495 1595 De
1522 1554 1632 1610 quo
1660 1541 1768 1595 alio
1799 1542 1927 1596 item
1976 1542 2100 1596 loco

516 1628 602 1685 ait
624 1628 888 1699 propheta
915 1648 929 1683 :
967 1649 986 1681 ‹
1017 1629 1138 1699 Ipse
1160 1630 1450 1686 mdilicabit
1474 1633 1662 1688 urbem
1692 1649 1865 1688 meam
1884 1673 1900 1700 ,
1935 1642 2098 1705 atque

525 1736 556 1781 ιι
580 1720 897 1790 captivitate
918 1721 1176 1790 populum
1207 1736 1387 1777 meum
1423 1723 1700 1777 revocabit
1728 1724 1795 1776 ⁵ο.
1839 1743 1859 1777 ι

2202 1720 2436 1792 στρέψει.
2468 1742 2485 1773 ι

593 1810 650 1868 2.
692 1809 1036 1883 Tempestive
1080 1812 1250 1885 igitur
1275 1811 1550 1870 Jecltonia:
1585 1824 1640 1871 et
1668 1815 1830 1884 hujus
1884 1815 2097 1877 animm.

2273 1816 2349 1885 β’.
2396 1812 2553 1867 Κατά
2587 1813 2774 1884 καιρὸν
2820 1812 3106 1885 τοιγαροῦν
3138 1812 3284 1884 αὐτῷ
3316 1830 3377 1865 τε
3414 1810 3622 1881 ,Ἰεχονίᾳ
3647 1810 3721 1863 καὶ

520 1911 689 1975 mque
714 1905 784 1961 iis
810 1905 903 1975 qui
936 1907 1170 1962 similem
1202 1907 1279 1962 illi
1308 1908 1455 1978 passi
1499 1908 1713 1963 fuerant
1745 1908 2099 1979 ignominiam

2202 1908 2262 1977 τῇ
2297 1905 2486 1959 τούτου
2531 1905 2675 1976 ψυχῇ
2701 1943 2716 1967 .
2762 1907 2874 1968 τοῖς
2908 1923 2967 1959 τε
2994 1905 3091 1976 τὴν
3123 1906 3244 1977 ἴσην
3270 1904 3419 1975 αὐτῷ
3444 1901 3724 1957 πεπονθόσιν

522 2004 580 2051 et
608 1996 914 2061 animarum
944 1999 1316 2069 captivitatem
1339 2039 1356 2064 ,
1388 1999 1768 2071 Redemptoris
1807 2001 2097 2056 adventum

2202 1997 2416 2067 ἀτιμίαν
2434 2014 2492 2049 τε
2509 1997 2602 2050 καὶ
2624 1994 2809 2065 ψυχῶν
2828 1997 3217 2067 αἰχμαλωσίαν,
3243 1995 3342 2067 τὴν
3361 1995 3454 2049 τοῦ
3478 1992 3723 2065 Λυτρωτοῦ

520 2095 742 2144 nuntiat
770 2090 1078 2153 Matllizeus.
1113 2089 1207 2162 qui
1237 2089 1360 2147 Filii
1393 2090 1486 2146 Dei
1509 2092 1901 2163 genealogiam,
1941 2093 2099 2147 item-

2202 2091 2496 2161 παρουσίαν
2525 2090 2932 2159 εὐαγγελίζεται
2951 2088 3224 2153 Ματθαϊος
3244 2092 3272 2142 6
3295 2090 3395 2159 τὴν
3434 2088 3628 2157 γένεσιν
3650 2086 3726 2140 τοῦ

522 2196 633 2251 que
694 2182 925 2238 aliorum
986 2184 1225 2239 sontium
1282 2193 1739 2254 peccatorumque
1795 2184 2096 2247 hominum,

2202 2179 2329 2232 Υίοῦ
2352 2178 2444 2232 τοῦ
2467 2177 2601 2232 Θεοῦ
2623 2218 2637 2240 ,
2658 2179 2751 2233 καὶ
2774 2178 2838 2250 δὴ
2864 2179 2969 2232 τῶν
2992 2178 3167 2231 ἄλλων
3187 2178 3451 2231 ὑπαιτίων
3470 2178 3558 2229 καὶ
3580 2178 3729 2247 ἀμαρ-

522 2273 734 2329 scribit.
771 2272 926 2330 Unus
953 2276 1097 2329 enim
1127 2276 1381 2346 idemque
1402 2291 1583 2333 sermo
1609 2283 1726 2340 est,
1752 2278 1845 2347 qui
1877 2275 2097 2332 Davidis

2202 2269 2380 2323 τωλῶν
2424 2268 2631 2343 ἀνδρῶν
2663 2269 3020 2337 καταγαγών·
3052 2263 3134 2333 εἷς
3171 2271 3281 2341 γὰρ
3310 2264 3381 2340 ἦν
3423 2268 3513 2324 καὶ
3540 2269 3567 2321 6
3594 2267 3729 2329 αὐτὸς

522 2367 732 2422 crimen
762 2367 907 2422 circa
936 2365 1081 2422 Uria:
1104 2383 1350 2433 uxorem,
1397 2377 1452 2425 et
1472 2367 1627 2424 ludat
1656 2368 2095 2433 fornicationem,

2202 2364 2381 2431 λόγος,
2417 2362 2483 2416 δι’
2516 2362 2574 2415 ὃν
2606 2362 2699 2416 καί¹
2732 2362 2832 2433 τῆς
2858 2360 2951 2415 τοῦ
2977 2361 3141 2415 Δαὸὶδ
3167 2378 3232 2414 πε
3243 2361 3296 2432 pi.
3317 2361 3419 2430 τὴν
3442 2359 3532 2413 τοῦ
3561 2358 3728 2430 Οὐρίου

520 2464 578 2511 et
606 2458 966 2528 alienigenam
1002 2474 1100 2516 seu
1130 2459 1479 2517 Moabitidem
1504 2459 1764 2526 Rutham,
1810 2469 2095 2517 memorat.

2202 2456 2428 2522 γυναῖκα
2459 2452 2818 2523 παρανομίας,
2844 2452 2943 2521 τῆς
2968 2469 3025 2505 τε
3046 2450 3139 2504 τοῦ
3175 2449 3344 2504 Ἰούδα
3370 2449 3629 2521 πορνείας,
3650 2448 3731 2517 τῆς

522 2547 668 2605 Idem
697 2567 881 2608 sermo
909 2551 1094 2608 Jesum
1128 2568 1252 2608 cum
1282 2553 1590 2622 publicanis
1613 2555 2099 2624 peccatoribusque

2202 2560 2255 2596 τε
2277 2541 2572 2611 ἀλλοφύλου
2596 2541 2688 2595 καὶ
2711 2541 3050 2606 Μωαϐίτιδος
3074 2541 3229 2595 Ῥοῦθ
3259 2540 3503 2612 ἐμνήσθη
3519 2555 3535 2573 θ
3554 2542 3580 2593 6
3597 2537 3731 2601 αὐτὸς

526 2643 818 2707 viventem,
868 2652 924 2700 et
963 2645 1283 2716 turpissima
1314 2646 1383 2701 ab
1413 2645 1724 2700 hominibus
1754 2661 2095 2716 perpessum,

2202 2634 2252 2686 δὲ
2279 2633 2532 2703 τυγχάνει
2554 2634 2675 2689 καθ’
2696 2634 2755 2688 ὃν
2776 2634 2868 2687 καὶ
2890 2632 3146 2697 τελώναις
3165 2634 3258 2686 καὶ
3276 2629 3607 2704 ἁμαρτωλοῖς
3627 2646 3734 2699 συμ·

522 2743 579 2792 et
608 2735 842 2807 denique
876 2752 1000 2791 cum
1033 2736 1293 2793 maleﬁcis
1324 2736 1642 2792 cruciﬁxum
1673 2738 1909 2793 exhibet.
1970 2736 2099 2793 Erat

2202 2725 2415 2779 ϐιοῦντα
2435 2766 2449 2789 ,
2475 2725 2568 2787 καὶ
2592 2724 2844 2794 αἴσχιστά
2862 2741 2925 2793 γε
2954 2724 3058 2778 ὑπὸ
3086 2724 3389 2796 ἀνθρώπων
3411 2721 3731 2794 ὑπομένοντα,

526 2844 658 2885 vero
689 2830 735 2886 is
775 2844 957 2885 sermo
993 2846 1103 2900 quo
1131 2831 1337 2886 dictum
1367 2838 1451 2886 est
1481 2849 1494 2885 :
1538 2849 1556 2882 ι
1591 2829 1731 2886 Ecce
1759 2830 1947 2901 Agnus
1980 2831 2095 2896 Dei,

2202 2818 2290 2871 mi.
2328 2816 2480 2880 τέλος
2520 2817 2635 2888 ἅμα
2667 2821 2776 2881 τοῖς
2812 2816 3136 2888 κακούργοις
3180 2816 3570 2887 σταυρούμενον
3597 2811 3734 2866 αὑτὸν

525 2922 621 2992 qui
674 2922 817 2976 tollit
875 2932 1158 2992 peccatum
1208 2922 1395 2978 mundi
1424 2924 1495 2978 ".
1532 2942 1550 2975 ι
1606 2920 1904 2993 Oportebat
1953 2925 2097 2978 enim

2202 2910 2405 2977 εἰσάγει
2432 2928 2442 2940 ·
2471 2905 2537 2979 ἦν
2566 2910 2611 2963 δ’
2642 2904 2793 2973 οὗτος
2821 2911 2848 2961 6
2881 2910 3035 2976 λόγος
3065 2908 3183 2962 καθ’
3212 2909 3271 2963 ὃν
3303 2908 3545 2979 εἴρηταισ
3568 2905 3688 2958 (Ἴδε
3711 2904 3736 2955 6

527 3029 652 3070 eum
674 3057 689 3081 ,
724 3016 817 3086 qui
850 3014 1068 3072 futurus
1092 3022 1212 3071 erat
1238 3015 1485 3085 expiator
1507 3022 1748 3069 veterum
1779 3016 2098 3085 quarumvis

2202 2999 2365 3068 ἀμνὸς
2392 2999 2482 3052 τοῦ
2510 2999 2643 3054 Θεοῦ
2681 3002 2709 3053 6
2737 3002 2905 3072 αἴρων
2932 2999 3029 3073 τὴν
3063 3001 3332 3072 ἁμαρτίαν
3354 3000 3455 3053 τοῦ
3492 2998 3693 3067 κόσμου.
3714 3012 3732 3046 ι

528 3106 819 3162 criminum
856 3123 919 3162 ac
944 3105 1271 3173 futurorum,
1310 3107 1510 3176 quique
1552 3107 1788 3160 animam
1819 3109 2098 3177 positurus

2211 3091 2406 3163 Ἐχρῆν
2426 3092 2534 3164 γὰρ
2563 3092 2652 3145 τὸν
2678 3091 2933 3162 μέλλοντα
2954 3093 3248 3164 καθάρσιον
3266 3091 3514 3159 γίνεσθαι
3535 3089 3634 3142 τῶν
3652 3086 3739 3177 παρ

526 3208 648 3258 erat
674 3215 773 3269 pro
803 3199 1083 3253 hominum
1116 3199 1433 3261 animabus;
1464 3199 1630 3262 hunc,
1667 3198 1909 3268 inquam,
1937 3214 2097 3268 opor-

2202 3184 2288 3236 λαι
2318 3183 2533 3237 πώποτε
2564 3184 3100 3255 πεπλημμεληκότων
3132 3183 3224 3236 καὶ
3250 3183 3354 3236 τῶν
3376 3200 3443 3251 γε
3476 3182 3604 3253 μετά
3626 3175 3736 3232 ταῦθ

3952 1458 3955 1531 l

3956 1594 3957 1649 ι

531 3294 681 3350 tebat
710 3307 773 3347 ea
807 3291 948 3345 mala
982 3292 1163 3345 Omnia
1198 3291 1424 3362 perpeti,
1455 3300 1507 3345 et
1533 3300 1877 3360 peccatorum
1910 3293 2097 3362 impio-

528 3400 762 3455 rumque
810 3399 1000 3454 pinnas
1048 3384 1223 3453 ipsum
1266 3384 1558 3437 innocuum
1590 3382 1882 3448 sustinuere,
1925 3382 2097 3439 donec

529 3478 753 3537 oracula
793 3476 861 3532 de
900 3491 966 3531 eo
1013 3474 1179 3537 dicta,
1231 3484 1285 3528 et
1327 3473 1532 3543 reliqua
1578 3473 1780 3527 exitum
1815 3474 2094 3530 haberent.

531 3568 611 3626 De
632 3568 823 3624 eodem
849 3581 1066 3638 quoque
1095 3566 1358 3620 miriﬁcus
1387 3565 1462 3619 ait
1490 3564 1659 3620 Isaias
1687 3582 1700 3619 :
1740 3583 1758 3614 ι
1790 3563 1887 3619 Hic
1914 3574 2098 3620 nostra

534 3667 759 3734 peccata
793 3659 1016 3732 perfert,
1043 3666 1096 3714 et
1121 3673 1219 3728 pro
1251 3658 1412 3712 nobis
1438 3656 1642 3727 patitur
1667 3676 1682 3712 :
1711 3657 1826 3727 ipse
1850 3656 2100 3713 vulnera»

534 3760 623 3806 tus
672 3759 754 3807 cst
793 3758 1014 3821 propter
1055 3749 1369 3820 iniquitates
1417 3759 1655 3811 nostras,
1690 3749 1994 3805 inﬁrmatus
2014 3757 2098 3804 est

533 3852 755 3916 propter
779 3844 985 3899 scelera
1011 3851 1218 3911 nostra,
1248 3845 1416 3900 livore
1437 3844 1555 3915 ejus
1578 3843 1752 3899 sanati
1785 3858 1886 3898 nos
1910 3857 2100 3897 omnes

534 3938 738 3993 fuimus
760 3937 826 3990 ⁸³.
859 3957 879 3990 ι

2197 3291 2267 3330 τοι
2294 3274 2667 3347 γενησομένων
2689 3315 2704 3339 ,
2739 3276 3025 3347 ἀντίψυχόν
3062 3291 3120 3328 τε
3155 3274 3263 3329 τῶν
3286 3273 3633 3347 ἀνθρωπίνων
3654 3269 3740 3339 4r:-

2198 3369 2308 3439 χῶν
2324 3408 2338 3431 ,
2362 3368 2446 3421 διὰ
2470 3368 2683 3433 πάντων
2700 3367 2808 3421 τῶν
2829 3367 3128 3438 εἰρημένων
3149 3365 3373 3419 διελθεῖν
3397 3363 3604 3428 καὶτὰς
3624 3358 3742 3414 κατὰ

2199 3460 2305 3514 τῶν
2335 3459 2672 3529 ἁμαρτωλῶν
2694 3459 2787 3511 καί
2816 3458 3025 3511 ἀσεϐῶν
3049 3459 3315 3529 τιμωρίας
3336 3458 3501 3510 αὐτὸν
3526 3453 3744 3523 ἀναμαρ-

2199 3569 2358 3622 τητον
2400 3550 2527 3604 ὄντα
2569 3550 2887 3620 ὑπομείναι,
2926 3549 3001 3613 ώς
3031 3548 3096 3603 ἂν
3135 3548 3451 3621 πληρωθείη
3490 3549 3568 3609 είς
3604 3543 3743 3598 αὐτὸν

2199 3643 2265 3696 τὰ
2296 3641 2637 3710 θεσπίσματα
2657 3680 2670 3704 ,
2705 3640 2775 3693 τά
2798 3657 2855 3692 τε
2883 3639 3016 3694 ἄλλα
3034 3656 3046 3668 ·
3084 3638 3176 3692 καὶ
3205 3639 3269 3692 δι’
3295 3640 3357 3692 ὃν
3387 3655 3550 3710 φησιν
3585 3638 3612 3689 6
3635 3635 3745 3687 θαυ-

2204 3730 2394 3801 μάσιος
2438 3729 2693 3791 Ἠσαῖαςο
2739 3747 2756 3780 ι
2783 3721 2954 3791 Οὗτος
2981 3727 3077 3790 τὰς
3105 3728 3381 3799 ἁμαρτίας
3418 3727 3571 3799 ήμῶν
3601 3723 3744 3793 αἴρει.

2202 3823 2295 3876 καὶ
2320 3822 2443 3893 περὶ
2467 3821 2620 3892 ήμῶν
2645 3820 2893 3874 ὀδυνᾶται
2911 3837 2924 3850 ·
2948 3819 3109 3882 αὐτὸς
3130 3819 3540 3891 ἐτραυματίσθη
3564 3816 3646 3870 διὰ
3663 3812 3749 3875 τᾶς

2201 3912 2473 3985 ἁμαρτίας
2506 3914 2536 3982 ἡ
2547 3912 2660 3983 μῶν
2681 3951 2695 3977 ,
2733 3912 2826 3964 καὶ
2861 3910 3259 3982 μεμαλάκισται
3292 3909 3379 3962 διὰ
3414 3909 3516 3971 τὰς
3546 3904 3749 3975 ἀνομίας

2202 4005 2385 4075 ἡμῶν·
2424 4002 2501 4073 τῷ
2536 4002 2760 4074 μώλωπι
2791 4000 2953 4054 αὐτοῦ
2987 4004 3144 4072 ἡμεῖς
3174 4001 3373 4063 πάντες
3409 4000 3649 4069 ίάθημεν.
3673 4016 3690 4048 ι

604 4111 659 4167 5.
700 4109 856 4177 Quod
884 4110 930 4167 si
955 4110 1212 4181 propheta
1237 4109 1303 4164 de
1317 4106 1576 4164 Jeehonia
1592 4108 1666 4163 ait
1690 4114 1847 4162 terra!
1870 4126 1893 4161 ἐ
1926 4101 2100 4160 «Pone

2272 4096 2347 4164 γ’.
2387 4096 2446 4148 Εἰ
2467 4095 2521 4147 δὲ
2549 4094 2693 4163 λέγοι
2721 4097 2749 4147 6
2770 4095 3051 4165 προφήτης
3077 4093 3203 4163 περὶ
3223 4091 3315 4146 τοῦ
3352 4091 3575 4163 Ἰεχονία
3595 4088 3749 4158 τῇτῇ,

534 4204 681 4261 hunc
713 4204 889 4259 virum
920 4200 1446 4274 proscriptum,quia
1473 4214 1582 4254 non
1612 4208 1795 4269 surget
1817 4199 1884 4254 de
1907 4211 2100 4269 genere

2209 4206 2226 4236 ι
2253 4186 2461 4257 Γράψον
2502 4185 2592 4239 τὸν
2630 4186 2797 4257 ἄνδρα
2842 4183 3028 4238 τοῦτον
3068 4185 3441 4255 ὲκκήρυκτον,
3484 4184 3564 4236 ὅτι
3605 4179 3661 4234 οὐ
3689 4175 3752 4248 μὴ

535 4297 656 4366 ejus
685 4297 776 4367 qui
808 4271 993 4354 sedeat
1022 4271 1186 4365 super
1212 4294 1467 4350 thronum
1516 4291 1755 4357 Davidis,
1808 4297 2100 4361 regnetque

2204 4281 2406 4351 ἀναστῇ
2432 4282 2494 4332 ὲκ
2516 4278 2609 4332 τοῦ
2630 4278 2939 4348 σπέρματος
2957 4275 3118 4330 αὑτοῦ
3142 4276 3451 4346 καθήμενος
3473 4276 3564 4327 ὲπί
3586 4271 3753 4342 θρόνου

534 4359 593 4448 in
618 4359 819 4449 Juda”
847 4410 859 4444 :
899 4409 918 4442 ι
955 4359 1106 4443 haud
1127 4402 1352 4458 prorsus
1376 4392 1537 4457 negat
1565 4359 1972 4455 superfuturum
2000 4380 2100 4434 Itu-

2206 4372 2384 4435 Δαίῆὂ,
2416 4371 2595 4441 ἅρχων
2622 4370 2699 4423 ἔτι
2725 4372 2783 4423 ὲν
2802 4367 2878 4439 τῷ
2915 4368 3100 4439 Ἰούδᾳ,
3123 4389 3139 4419 ι
3162 4369 3221 4421 οῦ
3244 4369 3462 4434 πάντως
3488 4366 3689 4437 ἀναιρεῖ
3705 4359 3758 4414 τὸ

531 4482 622 4555 jus
669 4498 858 4554 genus,
911 4480 1007 4535 sed
1049 4481 1314 4534 neminem
1365 4484 1717 4549 regnaturum
1770 4473 1998 4529 aﬂirmat
2039 4471 2100 4527 dc

2210 4462 2497 4534 στήσεσθαι
2538 4461 2700 4515 αὑτοῦ
2745 4461 2999 4532 σπέρμα,
3037 4460 3169 4514 ἀλλὰ
3200 4459 3291 4514 τοῦ
3332 4460 3641 4531 βασιλεῦσαι
3676 4452 3757 4508 τοῦ

534 4541 705 4644 stirpe
748 4573 867 4643 ejus
912 4570 965 4624 in
998 4582 1157 4642 gente
1198 4569 1423 4624 Judaica
1462 4585 1473 4619 :
1508 4568 1652 4638 quod
1698 4580 1884 4621 revera
1932 4565 2004 4618 ita
2048 4579 2100 4617 se

2220 4555 2481 4608 Ἰουδαίων
2504 4554 2687 4617 ἔθνους
2710 4557 2773 4607 ἐκ
2792 4552 2885 4606 τοῦ
2915 4552 3224 4622 σπέρματος
3246 4551 3410 4604 αὑτοῦ
3426 4570 3439 4581 ο
3466 4551 3495 4603 ὃ
3515 4549 3602 4604 καὶ
3623 4544 3761 4615 γέγο-

536 4634 746 4720 habuit.
777 4634 971 4734 Itaque
1000 4634 1129 4717 dicit
1164 4682 1175 4717 :
1218 4681 1235 4712 ι
1269 4634 1540 4715 Ludibrio
1554 4660 1771 4714 habitus
1797 4668 1880 4712 est
1908 4655 2100 4711 Jecho-

2208 4665 2295 4699 νεν
2334 4647 2529 4717 ἀληθές
2558 4664 2570 4677 ·
2610 4646 2753 4713 λέγει
2793 4644 2922 4714 γοῦν
2948 4684 2963 4708 ,
3027 4666 3045 4695 ι
3086 4643 3360 4714 Virtutqu
3415 4640 3664 4713 Ἰεχονίας
3695 4634 3759 4697 ὡς

533 4758 674 4823 nias,
729 4771 827 4811 ceu
872 4772 967 4810 vas
1001 4756 1159 4825 cujus
1208 4755 1388 4809 mullus
1416 4760 1500 4808 est
1529 4768 1683 4806 usus.
1740 4748 2100 4815 Quamobrem

2210 4738 2400 4802 σκεῦος
2419 4732 2478 4790 οῦ
2501 4739 2599 4790 οῦκ
2623 4738 2765 4790 ἐστιν
2787 4738 2947 4791 αὑτοῦ
2970 4737 3128 4808 χρεία
3145 4777 3157 4800 ,
3173 4736 3304 4789 διότι
3322 4733 3603 4806 ἀπερρίφη
3618 4724 3760 4788 αὐτὸς

534 4850 811 4921 projectus
853 4858 936 4905 est
967 4849 1083 4919 ipse
1112 4858 1164 4903 ct
1198 4863 1368 4919 genus
1394 4846 1513 4916 ejus
1541 4845 1597 4899 in
1632 4842 1963 4912 incognitam
2002 4840 2100 4896 sibi

2209 4834 2301 4885 καὶ
2328 4832 2388 4884 τὸ
2416 4830 2635 4902 σπέρμα
2658 4830 2821 4883 αὑτοῦ
2845 4832 2922 4894 εἰς
2951 4832 3051 4901 γῆν
3080 4830 3145 4899 ἢν
3173 4830 3270 4882 οῦκ
3294 4826 3439 4897 ᾔδει·
3471 4844 3488 4875 ι
3524 4825 3760 4889 ἄντικρυς

534 4942 808 5013 regionem
833 4940 878 4973 “
913 4960 924 4994 :
964 4959 981 4991 δ
1021 4939 1217 5010 quibus
1266 4937 1446 4993 verbis
1476 4938 1763 5007 perspicue
1812 4930 2101 5003 Babyloni-

534 5047 653 5085 cam
684 5039 885 5087 terram
910 5030 1177 5101 designat.
1197 5028 1313 5083 Jam
1333 5043 1459 5083 vero
1483 5026 1573 5096 qui
1602 5025 1667 5079 ad
1692 5026 1991 5080 libertatem
2017 5036 2107 5077 ca-

536 5126 699 5195 ptivis
744 5123 1137 5184 nuntiandam,
1172 5131 1227 5177 ct
1276 5126 1622 5191 peccatorum
1672 5126 1895 5173 catenas
1945 5124 2107 5184 atque

534 5215 839 5268 animarum
868 5215 996 5269 olim
1026 5221 1198 5269 morte
1219 5212 1589 5268 devinctarum
1614 5208 1868 5265 solvenda
1892 5206 2106 5262 vincula

539 5307 742 5361 missus
768 5305 892 5371 fuit,
925 5306 973 5361 is
1005 5322 1137 5361 sane
1167 5306 1233 5360 ad
1263 5305 1457 5358 horum
1488 5303 1729 5357 omnium
1754 5300 1981 5356 salutem
2014 5312 2107 5366 pa-

535 5396 783 5454 trandam
826 5399 994 5453 venit.
1058 5397 1237 5464 Quare
1289 5397 1355 5452 de
1390 5397 1509 5466 ipso
1534 5394 1862 5449 vaticinatur
1888 5389 2057 5442 David
2088 5402 2100 5441 :

541 5507 563 5543 ι
601 5487 746 5543 Misit
771 5489 996 5543 verbum
1028 5504 1187 5543 suum
1236 5496 1291 5541 et
1323 5487 1536 5543 sanavit
1564 5502 1658 5541 eos
1691 5484 1759 5540 ab
1792 5476 2107 5536 interitioni-

535 5581 641 5639 bus
666 5583 802 5641 suis.
838 5581 1183 5637 Conﬁtemini
1213 5577 1439 5636 Domino
1464 5575 1869 5634 misericordias
1900 5572 2019 5642 ejus
2053 5574 2106 5624 ct

2206 4926 2304 4993 τὴν
2332 4924 2639 4987 Βαϐυλῶνος
2666 4924 2767 4993 γῆν
2801 4922 3068 4986 θεσπίζων
3090 4940 3100 4953 ν
3134 4920 3269 4991 πλὴν
3291 4918 3403 4972 ἀλλ’
3438 4919 3467 4970 ὁ
3494 4914 3658 4969 ἐλθών
3677 4927 3764 4980 κη-

2212 5014 2364 5085 ρύξαι
2414 5012 2774 5085 αἰχμαλώτοις
2814 5013 3037 5083 ἄφεσιν,
3082 5013 3175 5064 καὶ
3221 5009 3318 5073 τὰς
3354 5008 3466 5061 τῶν
3497 5002 3762 5076 ἁμαρτιῶν

2212 5107 2393 5177 σειρὰς
2414 5148 2428 5171 ,
2454 5106 2561 5158 τῶν
2588 5122 2646 5158 τε
2686 5104 2847 5158 πάλαι
2876 5104 2978 5157 ὑπὸ
3009 5105 3098 5156 τὸν
3133 5102 3357 5157 θάνατον
3386 5095 3763 5168 πεπεδημένων

2157 5221 2168 5232 ι
2208 5196 2391 5267 ψυχῶν
2421 5196 2543 5258 τοῦς
2566 5212 2625 5248 τε
2652 5195 2883 5265 δεσμοὺς
2901 5194 3055 5246 λῦσαι
3087 5192 3495 5263 ἀπεσταλμένος
3515 5233 3530 5257 ,
3566 5188 3655 5243 ἐπὶ
3680 5185 3765 5252 τὴν

2212 5290 2425 5342 πάντων
2454 5288 2659 5339 τούτων
2686 5283 2906 5355 ἐλήλυθε
2936 5284 3206 5354 σωτηρίαν
3226 5302 3239 5313 ·
3267 5282 3346 5336 διό
3371 5299 3540 5352 φησιν
3565 5282 3593 5333 6
3614 5272 3767 5330 Δαὸἶδ

2213 5381 2338 5450 περὶ
2376 5379 2536 5431 αὑτοῦ
2564 5375 2863 5441 θεσπίζων·
2902 5395 2921 5427 t
2945 5374 3249 5427 Ἀπέστειλε
3279 5374 3368 5427 τὸν
3394 5374 3556 5442 λόγον
3595 5364 3764 5429 αὑτοῦ,

2212 5470 2305 5523 καὶ
2333 5470 2514 5523 ἰάσατο
2543 5468 2737 5532 αὐτοὺς
2763 5468 2825 5520 ἐκ
2846 5466 2954 5519 τῶν
2980 5465 3281 5537 διαφθορῶν
3299 5462 3505 5517 αὐτῶν
3533 5455 3769 5530 ἐξομολοο

2214 5562 2393 5630 γεῖσθε
2416 5561 2492 5631 τῷ
2518 5560 2704 5633 Κυρίῳ
2736 5559 2801 5613 τὰ
2836 5559 2959 5630 ὲλέη
2990 5558 3152 5611 αὐτοῦ
3183 5562 3275 5611 καὶ
3306 5555 3586 5627 θαυμάσια
3617 5545 3769 5604 αὑτοῦ

610 5762 775 5820 "Isa.
810 5779 930 5829 ιιι,
972 5763 1021 5829 I;
1057 5759 1189 5816 Luc.
1226 5775 1296 5827 tv,
1339 5758 1422 5815 I8.
1460 5758 1505 5792 “
1547 5755 1648 5814 lsa.
1684 5768 1807 5823 λιν,
1842 5754 1927 5810 I3.
1968 5749 2099 5825 “_.Io

2232 5766 2282 5817 ι,
2314 5747 2401 5804 29.
2442 5747 2485 5781 ⁸³
2512 5745 2613 5802 lsa.
2642 5743 2840 5814 Lttt,«l.
2897 5741 3067 5801 "lor.
3108 5757 3249 5809 λιιι,
3283 5740 3371 5799 50.
3429 5737 3478 5772 "
3519 5738 3652 5794 ibid.
3683 5732 3766 5788 28.
