4100 6474
272 356 404 415 92i

826 353 1291 425 QUESTIONES
1328 351 1784 413 EYANGELICE
1822 352 1860 409 Δ

1961 350 2403 410 mrumst.
2441 384 2513 397 --
2549 338 2882 422 QUES'rto
2918 353 3035 419 xu,
3093 335 3102 339 ’

3440 335 3551 411 923

267 485 413 547 τοῖς
432 483 567 546 ubi;
591 482 698 536 τῶν
729 470 1028 553 ἀνθρώπων
1047 498 1061 513 ’
1098 482 1181 535 ὅτι
1213 477 1495 552 συνέτριψε
1526 477 1701 542 πύλας
1733 478 1860 549 χαλ-

1964 475 2240 531 mirahiiia
2269 475 2389 547 ejus
2413 474 2541 533 ﬁliis
2572 475 2875 533 hominum.
2899 475 3039 543 Quia
3069 475 3329 532 contrivit
3360 488 3551 547 portas

271 577 401 639 τεᾶς
419 614 434 640 ,
467 575 560 628 καὶ
603 573 830 645 μοχλοὺς
871 571 1123 644 σιδηροῦς
1151 571 1443 629 συνέκλασε
1462 587 1478 601 ”
1517 570 1610 626 καὶ
1639 571 1867 626 ἁντελάυ

272 663 422 720 σετο
456 664 633 721 αὐτῶν
660 663 720 730 ἐξ
758 663 878 718 ὀδοῦ
910 663 1139 735 ἀνομίας
1165 661 1373 717 αὐτῶν·
1405 661 1865 734 ἐταπεινώθησαν,

273 760 391 813 καὶ
428 758 692 830 ἐξήγαγεν
723 757 919 821 αὐτοὺς
952 757 1017 812 ὲκ
1051 757 1275 818 σκότους
1305 755 1401 809 καὶ
1427 756 1585 819 σκιᾶς
1613 753 1865 820 θανάτου,

274 849 392 903 καὶ
422 850 549 912 τοὺς
570 849 799 921 δεσμοὺς
830 848 1008 902 αὐτῶν
1035 845 1307 920 διέρρηξε.
1339 866 1359 899 ι
1394 845 1579 900 Ταῦτα
1607 845 1716 916 γὰρ
1741 847 1868 918 περὶ

272 942 395 1015 τῆς
413 944 480 997 ἑκ
497 942 592 996 τοῦ
615 943 843 997 θανάτου
868 943 957 997 διὰ
976 940 1211 1013 Χριστοῦ
1233 939 1530 1012 γενομένης
1552 938 1867 1011 ἀπολυτρώ-

276 1053 435 1101 σεως
452 1035 668 1105 λέγεται
688 1075 702 1099 ,
720 1036 797 1101 ὡς
811 1036 1023 1106 συνᾴδει
1043 1035 1135 1089 καὶ
1154 1035 1216 1089 τὸ
1234 1034 1443 1104 φάσκον
1463 1033 1658 1103 λόγιον·
1686 1051 1705 1084 ι
1717 1033 1866 1086 Κατ-

270 1127 446 1183 έπιεν
487 1130 517 1182 ό
561 1128 789 1192 θάνατος
828 1128 1071 1199 ἰσχύσας.
1094 1149 1114 1180 ι
1150 1129 1259 1183 Καὶ
1285 1128 1478 1182 πάλιν·
1516 1147 1535 1179 ι
1573 1128 1814 1197 ’Λφεῖλεν
1836 1130 1867 1181 ό

274 1222 427 1286 Θεὸς
453 1224 562 1276 πᾶν
587 1222 817 1294 δάκρυον
841 1222 948 1275 ἀπὸ
979 1222 1180 1286 παντὸς
1195 1222 1505 1295 προσώπου.
1536 1242 1555 1276 ι
1589 1223 1866 1293 Τηρητέον

270 1315 345 1369 δὲ
368 1315 453 1368 ὅτι
479 1313 555 1386 μὴ
574 1313 847 1369 διαπίπτει
868 1317 897 1369 ὁ
919 1315 1163 1386 χρησμὸς
1185 1318 1214 1369 ό
1235 1319 1413 1388 φήσας
1432 1356 1445 1381 ,
1482 1335 1501 1368 ι
1525 1318 1600 1376 Οὐ
1632 1318 1706 1389 μὴ
1733 1318 1864 1371 ἀνα-

276 1410 391 1479 στῇ
438 1410 504 1462 ὲκ
549 1408 861 1479 σπέρματος
916 1407 1164 1479 Ἰεχονίου
1209 1408 1515 1480 καθήμενος
1552 1410 1645 1463 ἐπὶ
1677 1410 1863 1481 θρόνου

268 1499 472 1563 Ancos,
502 1499 683 1569 ἄρχων
712 1498 793 1552 ἔτι
817 1500 875 1553 ὲν
899 1498 978 1570 τῷ
1023 1498 1223 1570 uoca;-
1250 1519 1269 1551 ι
1304 1502 1426 1553 ἐπεὶ
1460 1499 1648 1571 μηδεὶς
1674 1501 1739 1554 ἐκ
1767 1500 1865 1571 τῆς

273 1589 384 1644 ἰοῦ
428 1590 596 1645 Ἰούδα
628 1591 801 1662 φυλῆς
832 1591 967 1662 μετὰ
1003 1592 1253 1663 Ἰεχονίαν
1277 1594 1375 1664 τῆς
1398 1592 1492 1645 τοῦ
1524 1592 1688 1646 Δασὶδ
1714 1592 1865 1663 βασι-

272 1682 442 1748 λείας
467 1684 701 1756 κατέστη
730 1684 969 1755 διάδοχος
989 1703 1003 1717 σ
1033 1686 1169 1756 μετά
1199 1684 1329 1754 γοῦν
1356 1686 1456 1755 τὴν
1484 1684 1591 1739 ἀπὸ
1612 1685 1863 1738 Βαδυλῶ-

274 1792 378 1839 νος
420 1775 794 1848 αἰχμαλωσίαν
813 1818 828 1843 ,
872 1778 976 1834 ὑπὸ
1013 1781 1127 1844 τοῖς
1158 1779 1473 1851 ἀρχιερεῦσι
1502 1778 1770 1832 διετέλεσε
1800 1779 1863 1831 τὸ

274 1870 401 1922 πᾶν
418 1869 573 1933 ἔθνος
590 1871 889 1942 ἀρχόμενον
916 1869 1075 1942 μέχρι
1095 1871 1193 1941 τῆς
1212 1870 1306 1924 τοῦ
1325 1870 1576 1940 Σωτῆρος
1595 1869 1749 1941 ἡμῶν
1765 1871 1864 1941 ’1η-

278 1959 387 2013 σοῦ
406 1961 642 2031 Χριστοῦ
660 1979 733 2015 πα
742 1962 981 2035 ρουσίας’
998 1959 1136 2034 ἦσαν
1159 1961 1290 2031 γοῦν
1318 1962 1435 2015 κατ’
1451 1960 1612 2014 αὑτὸν
1630 1960 1861 2031 τετράρ-

274 2070 382 2123 χαι
414 2053 465 2106 οἰ
496 2055 624 2126 περὶ
658 2053 749 2108 τὸν
790 2053 1033 2126 Ἡρώδην
1068 2055 1162 2107 καὶ
1197 2054 1461 2109 Φίλιππον
1480 2093 1495 2117 ,
1543 2051 1764 2125 ἡγεμών
1802 2069 1861 2104 τε

276 2146 520 2211 Edita;
540 2187 556 2210 ,
591 2146 687 2200 καὶ
713 2147 804 2201 ἐπὶ
830 2148 965 2201 πᾶσι
1002 2146 1274 2218 βασιλεύς.
1849 2144 1856 2150 ’

1018 2280 1121 2340 IA'.

276 2397 390 2452 Διὰ
415 2398 473 2451 τί
494 2396 622 2467 ταῖς
650 2396 720 2451 ἐν
742 2395 815 2464 τῇ
835 2396 1183 2467 γελιοεαγίοτίᾳ
1203 2397 1482 2466 κέχρηται
1504 2395 1855 2452 ὑποδιαστο-

356 2470 513 2534 λαῖς,
553 2466 639 2537 μὴ
682 2467 831 2536 ὁμοῦ
865 2466 1151 2537 συνάψας
1180 2468 1298 2521 ἀπὸ
1345 2469 1586 2537 Ἀϐραὰμ
1622 2467 1721 2521 ἐπὶ
1753 2468 1860 2523 τὸν·

358 2536 615 2662 grator
642 2537 849 2607 γενεὰς
884 2536 1338 2628 τεσσαράκοντα
1377 2537 1505 2600 δύο,
1544 2536 1761 2626 διελρυν
1791 2538 1859 2592 δὲ

358 2626 390 2661 τ
430 2628 463 2662 c
493 2606 775 2662 διαδογὰρ
803 2610 915 2662 καθ
959 2624 1067 2662 ουρ
1088 2607 1324 2662 ἐξέθετο
1353 2608 1741 2662 ἀφορισαουρ.

357 2606 463 2674 τὰς
493 2606 775 2677 διαδοχὰς
803 2610 930 2662 καθ’
959 2606 1067 2674 οὓς
1088 2607 1324 2672 ἐξέθετο
1353 2608 1741 2678 ἀρορισμούς.

366 2700 467 2753 Διὰ
505 2698 602 2763 τὰς
640 2698 925 2771 διαφόρους
965 2699 1332 2761 καταστάσεις
1367 2697 1460 2752 τοῦ
1495 2699 1625 2751 λαοῦ
1655 2699 1752 2763 τὰς
1794 2701 1857 2753 ἐκ

279 2791 388 2862 τῆς
428 2789 666 2862 ἱστορίας
698 2789 1123 2862 παρισταμένας·
1159 2788 1289 2861 ἄλλη
1325 2791 1421 2861 μὲν
1452 2791 1559 2863 γὰρ
1590 2786 1658 2862 ἦν
1690 2793 1722 2863 ἡ
1750 2793 1857 2845 ἀπὸ

297 2882 552 2959 Ἀϐραὰμ
599 2882 693 2937 καὶ
740 2882 832 2935 ἐπὶ
878 2880 1059 2946 Δαῦὶδ,
1111 2882 1205 2934 καὶ
1259 2882 1419 2936 πάλιν
1469 2884 1632 2955 ἑτέρα
1674 2887 1704 2955 ή
1750 2885 1857 2938 ἀπὸ

286 2974 470 3035 Δαϐιδ,
498 2976 594 3046 ἰγιε
634 2974 791 3047 μέχρι
820 2974 917 3044 τῆς
950 2972 1343 3044 αἰχμαλωσίας,
1374 2975 1450 3039 ὡς
1479 2975 1640 3028 πάλιν
1679 2978 1711 3047 ἡ
1750 2975 1857 3028 ἀπὸ

282 3066 490 3137 ταύτης
512 3065 673 3137 μέχρι
699 3065 791 3119 τοῦ
811 3064 1065 3137 Χριστοῦο
1096 3066 1202 3118 ἀπὸ
1232 3067 1328 3137 μὲν
1352 3065 1459 3138 γὰρ
1497 3066 1743 3139 Ἀϐραὰμ
1766 3068 1856 3121 ἐπὶ

284 3159 376 3211 τὸν
400 3156 564 3211 Δαὸὶδ
591 3158 649 3210 οὐ
682 3156 959 3226 φαίνονται
985 3157 1088 3211 ὑπὸ
1110 3156 1361 3226 βασιλέας
1391 3157 1851 3229 πολιτευσάμενοι·

284 3243 458 3320 ἦρξαν
501 3247 558 3301 δὲ
602 3247 695 3300 τοῦ
727 3246 911 3312 ἔθνους
958 3247 1096 3319 μετὰ
1138 3247 1379 3301 Meo-33s:
1424 3247 1517 3302 καὶ
1567 3248 1770 3321 Ἰησοῦν
1809 3251 1855 3303 οἱ

284 3339 669 3410 ἐπικληθέντες
702 3342 828 3411 παρ’
860 3340 1044 3403 αὐτοῖς
1094 3339 1308 3412 κριταίο
1344 3340 1435 3393 καὶ
1479 3335 1547 3412 ἦν
1594 3357 1677 3403 τις
1730 3341 1857 3405 ίδιος

284 3432 484 3504 τρόπος
510 3432 609 3501 τῆς
640 3433 844 3484 τούτων
884 3431 1263 3495 καταϐάσεως·
1299 3431 1412 3484 ἀλλ’
1444 3432 1563 3484 οῦδὲ
1592 3432 1659 3487 τὰ
1695 3432 1855 3504 Ἱερο-

286 3520 496 3592 σόλυμά
535 3538 652 3584 πως
694 3522 1054 3591 συνειστήκει,
1087 3520 1208 3573 οὑδέ
1242 3537 1305 3589 γε
1337 3522 1365 3573 ό
1398 3522 1454 3573 ὲν
1486 3522 1667 3586 αὐτοῖς
1700 3521 1854 3587 νεώς·

282 3612 471 3681 διόπερ
502 3611 878 3682 ἐπιστημόνως
904 3613 931 3663 ὀ
962 3610 1350 3682 εὐαγγελιστὴς
1383 3611 1457 3682 μὴ
1490 3612 1734 3684 συγχέων
1762 3611 1859 3683 τὴν

284 3703 546 3775 ἱστορίαν,
578 3702 737 3774 μέχρι
771 3701 933 3754 Δαὸὶδ
964 3700 1113 3771 ἔστη,
1148 3700 1273 3764 τοὺς
1297 3701 1404 3754 ἀπὸ
1442 3700 1691 3773 Ἀϐραὰμ
1717 3701 1861 3764 ἰδίως

283 3795 698 3867 καταριθμήσας
723 3811 737 3825 ο
772 3791 870 3847 εἶτ’
902 3789 994 3848 οῦν
1029 3793 1190 3847 πάλιν
1230 3792 1523 3864 ἐπειδήπερ
1554 3793 1661 3846 ἀπὸ
1697 3793 1861 3847 Δαϐιδ

283 3889 379 3943 καὶ
410 3887 567 3960 μέχρι
601 3886 702 3957 τῆς
722 3885 1114 3957 ἀἰχμαλωσίας
1143 3886 1362 3949 οἰκείοις
1386 3885 1676 3955 κέχρηνται
1708 3885 1860 3956 βασι·

281 3980 453 4045 λεῦσι,
483 3981 593 4043 τοῖς
611 3995 670 4031 τε
686 3978 795 4032 ἀπὸ
817 3977 978 4029 Δαΰὶδ
1003 3976 1194 4049 ἄρξασι
1214 3977 1307 4030 καὶ⁴
1326 3978 1436 4040 τοῖς
1469 3979 1524 4030 ἐν
1544 3978 1609 4047 τῇ
1644 3977 1861 4030 διαστά-

284 4090 369 4127 σει
401 4071 494 4125 τοῦ
542 4068 671 4124 λαοῦ
721 4069 1064 4140 γενομένοιςο
1105 4070 1162 4121 τό
1207 4085 1264 4120 τε
1311 4069 1367 4120 ὲν
1408 4070 1472 4138 τῇ
1512 4066 1861 4139 Ἰερουσαλὴμ

284 4162 430 4235 ἱερὸν
460 4163 519 4229 ἐξ
556 4161 763 4215 ἐκείνου
797 4161 889 4214 καὶ
922 4161 1079 4231 μέχρι
1116 4162 1217 4231 τῆς
1243 4158 1615 4229 αἰχμαλωσίας
1648 4159 1862 4231 διήρκε-

285 4272 397 4320 σεν,
439 4256 662 4318 εἰκότως
692 4254 784 4307 καὶ
817 4252 1034 4316 τούτους
1068 4251 1228 4305 πάλιν
1269 4252 1412 4316 ἰδίως
1448 4252 1733 4323 ἀφορίσας,
1770 4252 1859 4321 ὑφ’

282 4349 381 4403 ἕνα
408 4349 709 4419 συνήγαγεν
736 4344 965 4418 ἀριθμόν
985 4363 998 4376 ι
1033 4343 1220 4416 ὥσπερ
1249 4340 1340 4398 οὖν
1366 4344 1460 4397 καὶ
1487 4344 1613 4407 τοὺς
1638 4344 1744 4397 ἀπὸ
1766 4347 1862 4415 τῆς

284 4440 661 4514 αἰχμαλωσίας
693 4440 853 4512 μέχρι
878 4437 972 4492 τοῦ
993 4437 1253 4511 Χριστοῦ,
1283 4440 1413 4510 παρ’
1441 4431 1521 4501 οἷς
1553 4437 1736 4492 οὐκέτι
1763 4437 1861 4508 μὲν

1966 582 2159 632 creas,
2189 576 2244 624 et
2265 577 2451 624 vectes
2494 567 2703 624 ferreos
2744 567 3037 640 confregit.
3088 566 3156 623 Et
3185 570 3426 639 suscepit
3454 584 3551 625 eos

1967 661 2037 717 de
2066 660 2153 716 via
2179 661 2486 733 iniquitatis
2507 676 2720 717 eorum.
2752 659 3035 717 Humiliati
3070 668 3199 716 sunt
3244 677 3258 715 :
3296 661 3390 715 sed
3415 660 3552 714 edu-

1969 753 2049 809 xit
2074 767 2170 808 eos
2193 751 2261 808 de
2288 752 2533 808 tenebris
2560 760 2615 807 et
2646 753 2837 807 umbra
2866 752 3060 806 mortis
3079 792 3093 817 ,
3133 759 3188 806 et
3215 750 3430 806 vincula
3457 765 3554 805 eo.

1968 859 2089 899 rum
2116 843 2354 914 disrupit
2376 843 2448 899 ⁸⁸.
2483 861 2505 896 ι
2556 842 2682 899 Haec
2722 843 2985 898 nimirum
3015 842 3081 897 de
3120 842 3492 913 redemptione
3519 855 3553 895 α

1967 944 2143 992 morte
2192 950 2290 1007 per
2334 934 2617 991 Christum
2662 934 2957 1001 dicuntur;
3009 934 3097 989 cui
3149 936 3227 989 rei
3283 939 3551 988 consonat

1968 1027 2114 1082 aliud
2142 1028 2424 1083 oraculum
2456 1046 2470 1083 :
2508 1046 2527 1078 ‹
2565 1026 2857 1082 Devoravit
2900 1040 3051 1081 mors
3094 1024 3396 1097 praevalens
3425 1024 3492 1081 ".
3525 1043 3544 1077 ι

1968 1117 2293 1190 Rursusque
2331 1139 2345 1175 :
2387 1136 2406 1169 ι
2443 1118 2686 1173 Abstulit
2712 1117 2855 1173 Deus
2884 1130 3100 1171 omnem
3133 1117 3428 1188 lacrymam
3480 1115 3551 1171 ab

1967 1212 2115 1265 omni
2167 1210 2304 1266 l'aeie
2328 1211 2399 1266 ⁸⁷.
2436 1228 2456 1261 ι
2492 1208 2664 1263 Porro
2704 1206 3245 1264 animadvertendum
3293 1214 3406 1270 est,
3438 1222 3551 1261 non

1967 1302 2220 1357 excidere
2254 1301 2572 1356 vaticinium
2609 1299 2753 1370 quod
2784 1299 2859 1352 ait
2887 1316 2900 1352 :
2942 1316 2961 1351 ι
2995 1295 3117 1352 Non
3150 1304 3335 1369 surget
3366 1296 3433 1353 de
3460 1314 3552 1369 ge—

1966 1410 2098 1451 nere
2138 1393 2418 1450 Jecboniae
2450 1393 2545 1463 qui
2580 1393 2766 1448 sedeat
2799 1406 2967 1462 super
3000 1391 3259 1446 thronum
3304 1389 3547 1455 Davidis,

1966 1490 2058 1562 qui
2088 1489 2323 1544 ulterius
2352 1490 2408 1543 in
2437 1488 2577 1543 Juda
2634 1488 2864 1558 imperet
2894 1505 2908 1540 :
2954 1505 2973 1539 ι
3003 1486 3130 1557 quia
3163 1500 3325 1540 nemo
3361 1500 3552 1556 reapse

1964 1582 2035 1637 de
2074 1580 2222 1636 tribu
2254 1579 2408 1635 Iudae
2439 1587 2562 1651 post
2608 1577 2929 1635 Jechoniam
2958 1576 3204 1631 Davidici
3246 1576 3399 1646 regni
3448 1576 3550 1630 fuit

1967 1686 2277 1728 successor.
2327 1670 2543 1727 Etenim
2586 1677 2712 1741 post
2760 1668 3146 1741 Babylonicam
3179 1667 3548 1738 captivitatem

1966 1764 2183 1820 subdita
2227 1764 2328 1819 fuit
2368 1763 2719 1835 pontiﬁcibus
2766 1763 3022 1817 universa
3073 1775 3211 1831 gens
3252 1773 3430 1830 usque
3477 1757 3548 1812 ad

1896 1832 1936 1887 Β
1965 1854 2276 1912 Servatoris
2315 1832 2491 1911 nostri
2524 1853 2654 1911 Jesu
2698 1852 2906 1910 Christi
2952 1852 3244 1907 adventum
3289 1868 3305 1909 :
3356 1850 3545 1922 quoin

1966 1946 2128 2001 terris
2152 1952 2424 2009 versante,
2456 1945 2744 2001 tetrarchae
2768 1951 2926 2000 erant
2953 1942 3196 1999 Herodes
3226 1950 3389 2012 atque
3418 1941 3548 1996 Phi-

1965 2040 2165 2109 lippus,
2194 2052 2400 2109 praeses
2429 2036 2662 2103 Pilatus,
2693 2037 3058 2107 dominusque
3089 2035 3335 2090 omnium
3361 2034 3549 2093 Caesar

1962 2132 2277 2203 imperator.

2705 2264 2773 2320 Xl

1960 2378 2071 2434 Cur
2098 2380 2415 2452 evangelista
2446 2390 2630 2434 utatur
2652 2379 3083 2435 distinctionibus
3129 2378 3544 2452 ingencalogia,

2029 2449 2173 2503 haud
2216 2450 2380 2504 simul
2426 2460 2705 2504 contexens
2756 2452 3118 2519 generationes
3151 2449 3545 2505 ab'Abraliamo

2030 2520 2100 2574 ad
2132 2520 2403 2576 Christum
2443 2522 2805 2592 quadraginta
2837 2522 2994 2586 duas,
3036 2520 3126 2576 sed
3157 2520 3397 2577 dividens
3422 2536 3544 2576 suc-

2029 2592 2288 2645 cessiones
2313 2606 2405 2661 per
2430 2607 2490 2645 ea
2515 2607 2634 2661 qua:
2662 2592 2846 2646 scribit
2873 2601 3161 2663 segmenta.

2027 2681 2144 2738 Hoc
2186 2681 2317 2738 facit
2357 2691 2581 2754 propter
2603 2682 2849 2740 diversas
2878 2686 3061 2756 populi
3096 2683 3542 2750 constitutiones,

1957 2789 2078 2846 qum
2124 2790 2191 2828 ex
2242 2775 2470 2830 historia
2515 2776 2810 2846 explorata:
2841 2784 2989 2830 sunt.
3050 2776 3171 2831 Alia
3215 2777 3414 2848 quippe
3443 2776 3546 2833 fuit

1957 2867 2275 2923 constitutio
2323 2868 2391 2921 ab
2433 2867 2745 2922 Ahrahamo
2787 2867 2855 2921 ad
2904 2867 3198 2933 Davidem,
3240 2884 3547 2939 rursusque

1958 2961 2062 3014 alia
2097 2974 2127 3012 a
2160 2957 2363 3013 Davide
2396 2973 2571 3029 usque
2597 2959 2663 3012 ad
2701 2958 3110 3028 captivitatem;
3143 2974 3305 3030 quam
3352 2959 3547 3016 subse-

1956 3051 2142 3123 quitur
2177 3051 2336 3105 tertia
2363 3066 2535 3120 usque
2569 3050 2635 3104 ad
2663 3050 2965 3105 Christum.
3000 3049 3243 3120 Namque
3269 3051 3337 3105 ah
3366 3051 3544 3107 Abra-

1958 3142 2120 3195 hamo
2159 3139 2228 3194 ad
2280 3138 2536 3194 Davidem
2569 3147 2787 3194 constat
2821 3138 3060 3194 ilehrazis
3112 3156 3219 3194 non
3260 3139 3431 3197 fuisse
3458 3156 3547 3197 ro-

1961 3254 2076 3311 ges,
2113 3236 2208 3294 sed
2236 3237 2381 3308 genti
2412 3246 2534 3306 post
2563 3234 2800 3306 Moysem
2834 3242 2887 3289 et
2915 3233 3139 3289 Josuam
3186 3235 3547 3306 imperavisse

1958 3348 2074 3395 eos,
2127 3345 2266 3401 quos
2304 3330 2521 3399 judices
2566 3327 2948 3399 appellabant:
2979 3336 3033 3383 et
3058 3333 3175 3383 erat
3203 3329 3422 3399 quidam
3449 3344 3546 3400 pe-

1959 3423 2183 3480 culiaris
2226 3436 2348 3475 mos
2379 3421 2573 3474 horum
2624 3419 3020 3475 successionis.
3083 3416 3189 3472 Sed
3220 3433 3397 3488 neque
3431 3416 3547 3473 for-

1960 3522 2106 3571 tasse
2157 3513 2538 3585 Hierosolyma
2592 3511 2771 3567 adhuc
2818 3518 2975 3566 erant
3019 3510 3307 3575 aediﬁcata,
3368 3523 3547 3582 neque

1959 3615 2104 3663 certe
2139 3607 2342 3662 ibidem
2375 3607 2661 3675 templum.
2694 3603 2874 3671 Quare
2912 3605 3188 3674 sapienter
3212 3604 3547 3675 evangelista

1959 3702 2077 3757 sine
2094 3701 2339 3756 historia:
2367 3701 2776 3771 perturbatione
2805 3700 2860 3753 in
2893 3698 3099 3756 Davide
3129 3699 3545 3767 substitit,dum

1958 3793 2255 3848 Abrahami
2310 3800 2561 3864 posteros
2588 3792 2880 3862 separatim
2912 3801 3279 3847 enumeraret.
3338 3790 3544 3850 Deinde

1962 3902 2175 3952 rursus,
2219 3885 2477 3957 quoniam
2520 3899 2551 3937 a
2601 3884 2802 3940 Davide
2834 3900 3009 3956 usque
3051 3884 3117 3938 ad
3164 3884 3539 3953 captivitatem

1962 3979 2174 4036 Hebraei
2222 3980 2458 4049 prepriis
2507 3980 2591 4034 usi
2636 3987 2764 4035 sunt
2796 3979 3035 4049 regibus,
3088 3978 3285 4048 partim
3317 3975 3543 4034 Davidis

1962 4070 2399 4132 successoribus,
2420 4070 2616 4141 partim
2649 4069 2716 4124 iis
2740 4069 2831 4138 qui
2862 4067 3047 4139 populi
3076 4076 3370 4137 segregata
3395 4066 3540 4137 parti

1962 4165 2443 4235 imperitaverunt;
2492 4177 2602 4232 quo
2633 4168 2812 4217 tractu
2852 4160 3116 4231 temporis
3147 4158 3543 4229 Hierosolymis

1963 4257 2219 4329 templum
2252 4271 2282 4309 a
2310 4255 2535 4310 conditu
2574 4269 2675 4309 suo
2707 4269 2881 4324 usque
2923 4251 2990 4307 ad
3019 4250 3389 4321 captivitatem
3421 4264 3543 4321 per-

1964 4351 2265 4416 severavit;
2301 4350 2497 4404 merito
2539 4347 2871 4420 evangelista
2900 4346 3002 4401 hos
3030 4361 3247 4417 quoque
3278 4358 3543 4414 separaas

1964 4440 2066 4496 sub
2092 4439 2351 4510 peculiari
2384 4439 2562 4493 classe
2590 4437 2881 4491 conclusit.
2942 4433 3061 4490 Jam
3089 4450 3217 4490 vero
3255 4435 3382 4504 quia
3416 4438 3542 4504 post

282 4538 315 4608 ὴ
352 4533 445 4589 τοῦ
490 4534 651 4589 Δαϐὶδ
694 4533 919 4604 συνέστη
965 4530 1226 4602 βασιλεία,
1263 4529 1675 4603 μεταπεπτώκει
1701 4531 1756 4583 δὲ
1792 4529 1859 4583 τὰ

1964 4535 2328 4606 captivitatem
2365 4548 2539 4604 usque
2587 4531 2656 4587 ad
2698 4530 2980 4586 Christum
3020 4529 3230 4584 nullum
3280 4529 3393 4599 jam
3423 4538 3544 4584 erat

284 4627 383 4698 τῆς
404 4624 699 4698 ἡγεμονίας
736 4622 843 4676 ἀπὸ
882 4621 980 4691 τῆς
1004 4621 1099 4674 τοῦ
1134 4620 1302 4675 Ἰούδα
1329 4621 1501 4691 φυλῆς
1532 4620 1625 4673 ἐπὶ
1658 4621 1718 4673 τὸ
1750 4619 1858 4673 τῶν

285 4717 475 4789 ἱερέων
497 4717 672 4786 γένος,
702 4714 751 4767 οἳ
779 4712 842 4785 δὴ
881 4712 974 4764 καὶ
1002 4708 1175 4785 ἦρξαν
1204 4710 1379 4765 αὐτῶν
1410 4710 1516 4764 ἀπὸ
1544 4709 1650 4763 τῶν
1676 4709 1857 4781 Κύρου

283 4811 490 4883 χρόνων
523 4809 617 4863 καὶ
662 4809 751 4862 ἐπὶ
792 4810 891 4880 τὴν
933 4809 1026 4860 τοῦ
1061 4805 1296 4877 Χριστοῦ
1338 4807 1581 4874 γένεσιν·
1613 4803 1733 4857 ὅθεν
1767 4805 1860 4856 καὶ

282 4906 505 4969 τούτους
532 4904 672 4968 ἰδίως
695 4904 981 4975 ἀφορίσας,
1006 4901 1123 4954 καθ’
1150 4900 1375 4963 ἑαυτοὺς
1398 4898 1520 4970 ὴρίθ
1530 4915 1699 4968 μησεν
1719 4914 1733 4927 ·
1758 4897 1858 4951 οὐκ

282 4997 681 5069 ἀσυλλογίστως
714 4998 819 5071 ἄρα
852 4995 949 5060 τὰς
976 4997 1124 5067 τρεῖς
1152 4993 1441 5064 πεποίηται
1464 4991 1743 5055 διαστολὰς
1771 4991 1860 5044 διὰ

284 5094 383 5158 τὰς
416 5091 770 5155 ἀποδοθείσας
799 5091 993 5154 αἰτίας.

1022 5224 1123 5277 IB’.

279 5341 385 5397 Διὰ
419 5342 475 5395 τί
501 5339 621 5395 ἀπὸ
673 5339 789 5392 τῶν
820 5337 995 5391 dacili?
1040 5337 1276 5406 χρόνων
1304 5335 1399 5388 ἐπὶ
1441 5334 1743 5406 Ἰεχονίανξ
1768 5331 1865 5406 καί

360 5413 474 5481 τὴν
508 5414 594 5475 εἰς
626 5408 953 5481 Βαϐυλῶνα
980 5404 1397 5481 αἰχμαλωσίαν
1429 5406 1576 5481 {atri
1598 5405 1694 5458 καὶ
1718 5404 1864 5457 δέκα

352 5473 876 5549 βασιλευσάντων,
919 5473 1362 5549 δεκατέσσαρας
1407 5473 1561 5529 εἷναί
1602 5491 1749 5545 φησι
1778 5491 1863 5542 γε·

253 5601 261 5607 .
356 5548 501 5622 ννεὰς
531 5555 564 5606 ό
593 5548 1041 5620 εὺιιγγειίιστής.
1224 5560 1231 5567 '

359 5644 429 5701 α’.
458 5646 522 5698 Εἰ
555 5644 654 5716 μὲν
701 5639 944 5711 διαδοχὰς
985 5640 1319 5710 ἀναγράφειν
1353 5637 1498 5708 αὐτῷ
1549 5637 1837 5708 προῦκειτο

1965 4624 2185 4679 Davidis
2213 4638 2465 4693 regnum,
2523 4623 2618 4677 sed
2641 4636 2682 4697 _a
2709 4619 2862 4675 Judze
2894 4620 3041 4675 tribu
3075 4620 3129 4674 in
3162 4634 3333 4690 genus
3362 4632 3546 4674 sacer-

1965 4716 2145 4772 dotale
2175 4715 2517 4786 principatus
2546 4714 2843 4778 deciderat,
2871 4728 2991 4784 qure
3016 4712 3318 4767 dominatio
3349 4726 3379 4765 a
3413 4710 3546 4781 Cyri

1964 4809 2304 4880 temporibus
2336 4809 2401 4864 ad
2431 4807 2638 4865 Christi
2670 4808 3014 4863 nativitatem
3043 4806 3273 4874 mansit;
3334 4805 3546 4861 idcirco

1965 4910 2020 4957 et
2051 4902 2150 4956 hos
2174 4916 2523 4957 successores
2553 4911 2803 4972 separata
2836 4900 2891 4954 in
2926 4899 3102 4954 classe
3125 4897 3417 4953 recensuit.
3448 4896 3547 4952 At-

1967 5010 2073 5066 que
2118 4993 2202 5049 hre
2251 5010 2430 5049 causae
2474 4993 2716 5056 fuerunt,
2747 5000 2971 5063 propter
3012 5006 3150 5062 quas
3174 4989 3319 5045 haud
3343 4996 3547 5046 temere

1965 5085 2297 5181 evangelista
2324 5095 2432 5143 tres
2465 5085 2592 5142 fecit
2628 5086 3034 5142 distinctiones.

2693 5218 2807 5275 XI}.

1963 5331 2074 5389 Cur
2104 5351 2221 5388 cum
2254 5351 2288 5388 a
2322 5333 2539 5388 Davidis
2572 5332 2889 5401 temporibus
2920 5346 3080 5401 usque
3123 5329 3192 5384 ad
3229 5327 3542 5384 Jechom'am

2035 5423 2127 5460 seu
2158 5406 2225 5458 ad
2254 5404 2638 5476 Babylonicum!
2669 5404 3028 5472 captivitatem
3046 5402 3421 5476 septemdecim
3454 5415 3539 5454 re-

2037 5493 2123 5546 ges
2156 5471 2389 5546 fuerint;
2407 5471 2761 5546 generationes
2793 5471 3188 5544 quatuordecim
3211 5472 3353 5526 dicat
3384 5486 3541 5525 evan-

2070 5547 2246 5603 elista.

2070 5565 2246 5603 ειιεια.

2036 5565 2091 5694 ἴ.
2134 5637 2191 5692 Si
2225 5637 2603 5695 successiones
2647 5635 2888 5694 scribere
2920 5635 3259 5707 propositum
3289 5633 3543 5691 Matthiae

364 5849 410 5882 ⁸³
452 5848 592 5904 Psal.
629 5863 735 5914 cvi,
768 5844 965 5913 20,2”,
1001 5844 1081 5911 l4,
1126 5845 1186 5900 lG
1230 5844 1306 5900 l7.
1385 5844 1428 5876 '“
1467 5843 1571 5900 Isa.
1614 5857 1736 5907 xxv,
1771 5838 1820 5893 8.
1899 5839 1941 5874 ⁸⁷
1987 5839 2113 5895 ibid.
