4100 6474
510 281 617 340 923
1174 267 1445 340 EUSEBII
1477 279 1962 340 CESARIENSIS
1998 282 2150 339 OPP.
2193 282 2376 340 PARS
2414 282 2500 340 lli.
2532 314 2603 324 —
2638 279 3048 340 EXEGETICA.
3666 279 3778 335 9‘26

512 396 707 451 fuisset
728 433 744 457 ,
789 391 1039 463 speciose
1078 390 1232 447 hunc
1275 391 1478 462 aliquis
1505 392 1966 463 reprehenderet,
1992 410 2131 459 ceu,

2232 398 2291 452 αἱ
2320 397 2558 467 εὐλόγως
2590 414 2674 462 τις
2702 396 2989 469 ἐμέμψατο
3017 395 3096 459 ὡς
3125 393 3516 466 παρεκθεμένῳ
3547 393 3647 465 τὴν
3670 393 3779 446 τῶν

511 488 604 561 qui
639 501 828 559 regum
859 486 1058 543 seriem
1090 484 1425 557 abrupisset.
1478 486 1770 542 Constanti
1812 487 1957 542 enim
2015 487 2096 545 af-

2234 489 2463 543 ασιλέων
2482 489 2733 561 διαδοχήν
2755 506 2769 519 ’
2795 490 2854 541 ἐν
2871 488 2982 559 γὰρ
2999 490 3121 552 ταῖς
3133 485 3440 550 Βασιλείαις
3460 486 3557 539 καὶ
3581 486 3639 537 ἐν
3665 486 3781 547 τοῖς

514 582 823 637 tlrmatione
854 579 909 633 in
926 577 1135 650 Regum
1164 578 1325 635 libris
1355 589 1409 635 et
1433 579 1489 635 in
1516 577 1948 651 Paralipomenis
1975 590 2098 651 post

2232 578 2696 651 [αραλειπομὲνοις
2714 577 2849 649 (17⁵)
2866 576 3169 648 συμφώνως
3187 576 3324 649 μετά
3347 576 3552 648 Ὶωράμ
3571 575 3667 628 τὸν
3686 573 3782 627 τοῦ

510 671 795 728 Joramum
813 669 1098 741 Josaphati
1129 669 1301 726 illium
1330 677 1446 728 tres
1471 671 1818 729 continenter
1844 681 2096 744 regnant,

2232 671 2501 741 Ιωσαφάτ,
2533 671 2701 743 τριῶν
2741 668 2938 741 ἐφεξῆς
2971 669 3401 741 βασιλευσάντων
3445 666 3663 740 ὐχοζία
3689 668 3786 720 καὶ

513 763 823 830 Ochozias,
869 761 1070 820 Joasus
1117 770 1174 818 et
1209 762 1461 820 Amesias
1502 781 1516 819 :
1551 763 1754 835 quibus
1802 764 2102 820 succedunt

516 854 700 918 Ozias,
729 852 1053 909 Joathamus
1081 860 1136 909 et
1161 851 1436 910 Achazus.
1472 850 2103 924 Nihilominus,praater—

2232 859 2297 911 ιαὶ
2317 854 2511 928 Ἀχαζ,
2530 854 2813 929 παρελθὼν
2827 856 2954 919 τοὺς
2967 855 3262 928 προτέρους
3272 854 3400 916 τοὺς
3411 856 3565 925 τρεῖς
3579 854 3609 907 6
3618 851 3790 919 εὐαγ-

517 947 706 1002 missis
765 944 1102 1017 evangelista
1158 944 1334 1000 tribus
1365 944 1663 1015 prioribus,
1697 942 1920 1000 Joramo
1941 942 2101 1001 Josa-

2232 951 2475 1023 ἐλιστὴς,
2491 949 2630 1022 μετά
2654 948 2857 1022 Ἰωρὰμ
2878 949 2970 1002 τὸν
2980 947 3074 1002 τοῦ
3099 946 3365 1015 Ἰωσαφὰτ
3378 945 3503 1018 ἑξῆς
3519 945 3790 999 συνάπτει

519 1036 672 1108 phati
707 1034 818 1091 lilio
840 1034 1026 1090 statim
1055 1035 1331 1095 subnectit
1358 1034 1568 1103 Oxiam,
1594 1034 1910 1092 Jothamum
1942 1047 2104 1108 atque

2236 1046 2293 1100 ὸν
2308 1044 2487 1110 Ὀζίαν
2515 1043 2609 1098 καὶ
2633 1042 2722 1098 τὸν
2738 1042 2975 1113 Ἰωάθαμ
2997 1040 3194 1095 καὶτὸν
3214 1039 3406 1111 Ἀχαζ,
3420 1039 3548 1101 τοὺς
3561 1036 3793 1110 εἰρημέ-

518 1126 822 1193 Achazum,
867 1126 1226 1182 intermedios
1256 1126 1378 1181 illos
1416 1127 1757 1198 praeteriens.
1815 1125 1874 1183 ld
1906 1127 1991 1194 si,
2020 1128 2107 1183 in-

2232 1157 2327 1204 ιους
2361 1137 2562 1210 μεταξὺ
2589 1135 2875 1209 παρελθὼν
2896 1153 2909 1167 ’
2939 1134 3097 1189 τοῦτο
3123 1135 3169 1189 δ’
3197 1135 3244 1188 εἱ
3272 1135 3561 1206 πεποιήκει
3584 1132 3795 1187 uxoran

519 1232 708 1289 quam,
735 1215 956 1273 fecisset
987 1230 1114 1271 cum
1147 1230 1337 1287 regum
1371 1217 1571 1273 seriem
1603 1223 1790 1274 texere
1829 1217 2107 1275 decrevis-

2232 1231 2431 1303 lépevo;
2456 1231 2555 1302 τὴν
2598 1229 2709 1284 τῶν
2738 1227 3001 1301 βασιλέων
3042 1226 3290 1299 διαδοχὴν
3331 1226 3611 1293 ἐκθέσθαι,
3649 1226 3798 1297 χρῆν

523 1316 629 1374 aet,
680 1308 955 1378 scriptura
994 1306 1116 1378 ejus
1143 1305 1406 1364 mendosa
1446 1307 1852 1378 quodammodo
1894 1308 2105 1366 videre-

2232 1325 2281 1388 ὃς
2309 1321 2702 1395 ήμαρτημένην
2743 1319 2997 1375 ἐκθέσθαι
3045 1318 3143 1390 τὴν
3188 1320 3320 1390 παρ’
3348 1317 3500 1389 αὐτῷ
3529 1320 3795 1389 γραφήν·

526 1416 639 1464 μιν.
674 1398 832 1455 Nunc
860 1413 1051 1455 revera
1075 1397 1221 1453 haud
1251 1398 1644 1457 successiones
1673 1399 1770 1456 sed
1801 1401 2108 1472 generatio-

2232 1415 2396 1487 mtS-i;
2427 1414 2484 1468 δὲ
2509 1415 2571 1467 οὐ
2607 1411 2879 1484 διαδοχὰς,
2908 1411 3043 1466 ἀλλὰ
3068 1410 3261 1481 γενεὰς
3286 1409 3591 1482 ἀριθμῆσαι
3632 1409 3805 1479 προῦ-

525 1507 626 1549 nes
653 1504 981 1547 enumerare
1007 1490 1112 1546 sibi
1147 1490 1436 1562 proposuit
1472 1509 1486 1545 :
1519 1490 1624 1546 hoc
1660 1491 1808 1547 enim
1837 1492 2111 1564 signiﬁcat

2232 1511 2352 1572 ιετο,
2377 1506 2535 1560 τοῦτο
2554 1504 2665 1577 γὰρ
2693 1508 2722 1559 6
2746 1504 2902 1573 λόγος
2922 1501 3071 1575 αὐτῷ
3098 1502 3344 1574 βούλεται
3367 1503 3603 1573 φήσαντι
3633 1521 3653 1553 ι
3686 1502 3805 1554 na-

526 1597 712 1638 sermo
739 1581 974 1637 dicentis
1017 1599 1030 1635 :
1082 1598 1102 1632 ι
1137 1579 1341 1637 Omnes
1385 1581 1571 1653 itaque
1622 1584 2006 1652 generationes
2042 1585 2111 1641 ab

2232 1616 2302 1652 rat
2327 1597 2421 1652 οὖν
2451 1598 2510 1652 αἱ
2540 1597 2727 1666 γενεαὶ
2759 1594 2866 1649 ἀπὸ
2903 1592 3154 1666 ’Δϐραάμ
3186 1592 3346 1664 μέχρι
3388 1590 3571 1655 Δαϐἱδ,
3608 1588 3807 1658 γενεαὶ

526 1668 841 1726 Abrahamo
871 1684 1046 1740 usque
1074 1667 1144 1723 ad
1184 1667 1448 1758 Davidem
1469 1708 1486 1735 ,
1531 1672 1914 1740 generationes
1966 1689 2100 1744 qua-

2232 1691 2608 1763 ἰεκατὲσσαρες
2626 1706 2641 1722 ο
2672 1690 2766 1744 καὶ
2798 1689 2958 1744 πάλιν
2989 1687 3098 1742 ἀπὸ
3139 1686 3302 1740 Δαϐἱδ
3345 1684 3505 1758 μέχρι
3550 1684 3806 1755 Ἰεχονίου

528 1760 833 1817 tuordecim
864 1781 877 1816 :
905 1776 1210 1833 rursusque
1234 1775 1266 1814 a
1283 1759 1486 1819 Davide
1509 1778 1683 1834 usque
1707 1763 1776 1819 ad
1790 1762 2113 1821 Jecboniam

2232 1785 2309 1838 ιαὶ
2354 1784 2455 1855 τῆς
2490 1759 2841 1855 μετοικησίας
2885 1779 3224 1845 Βαϐυλῶνος,
3249 1779 3436 1849 γενεαὶ
3470 1777 3812 1832 δεκατέσσα-

2213 764 2362 829 Ἰωάς
2379 765 2476 819 καὶ
2509 763 2757 834 ’Δμεσία,
2772 758 2891 816 εἶτα
2909 762 3025 834 μετ’
3040 762 3233 826 αὐτοὺς
3257 760 3409 825 Ὀζία
3424 762 3518 814 καὶ
3545 758 3788 830 Ἰωὰθαμ

531 1868 629 1909 seu
655 1851 724 1907 ad
759 1851 1147 1924 Babylonicam
1192 1852 1732 1926 transmigrationem
1755 1896 1773 1925 ,
1807 1858 2114 1926 generatio-

530 1959 630 2000 nes
677 1943 1094 2015 quatuordecim
1131 1962 1152 1996 ι
1200 1958 1314 2000 non
1362 1945 1746 2003 successiones
1775 1947 2113 2018 quatuordeo

531 2036 673 2103 cim;
704 2034 903 2090 merito
928 2034 1100 2107 igitur
1120 2035 1270 2091 omni
1288 2036 1719 2107 reprehensione
1738 2040 1968 2096 carebit.
1996 2039 2117 2096 Jam

531 2126 661 2198 quia
680 2125 971 2182 Mattheus
1001 2127 1417 2183 successionum
1448 2127 1667 2184 nomine
1697 2144 1809 2185 non
1837 2138 1923 2188 est
1951 2147 2117 2199 usus;

531 2234 722 2291 regum
749 2226 931 2275 autem
958 2219 1188 2276 historia
1218 2229 1273 2276 et
1294 2218 1713 2292 Paralipomena
1741 2222 2119 2279 successiones

532 2317 763 2365 narrant
788 2324 898 2365 non
920 2310 1326 2382 generationes,
1345 2311 1499 2366 nulla
1529 2312 1584 2367 in
1613 2312 1815 2369 horum
1842 2329 2125 2386 compara-

535 2401 685 2457 tione
712 2416 895 2473 pugna
920 2410 1169 2474 apparet.

602 2492 657 2545 2.
676 2492 789 2565 Age
811 2508 940 2549 vero
955 2493 1326 2566 generationis
1338 2496 1562 2553 nomine
1577 2495 1853 2568 appellare
1871 2512 1980 2552 non
1995 2496 2123 2553 licet

538 2584 782 2639 hominis
818 2591 1057 2651 aetatem,
1078 2588 1338 2656 quoniam
1361 2603 1505 2661 sape
1538 2588 1739 2645 accidit
1765 2589 1886 2645 aliis
1907 2589 2125 2661 quidem

534 2676 774 2731 breviter
794 2675 978 2733 vivere
998 2678 1357 2751 celeriterque
1377 2678 1653 2751 exstingui
1670 2688 1830 2737 aetate
1851 2680 2088 2737 infantiﬁ
2108 2699 2122 2746 ;

535 2767 663 2824 aliis
693 2782 870 2838 usque
897 2767 965 2823 ad
1001 2768 1290 2841 pueritiam
1322 2771 1543 2839 venire;
1571 2773 1693 2829 aliis
1730 2774 1796 2828 ad
1812 2773 2125 2844 juventam;

539 2857 663 2914 aliis
690 2859 757 2913 ad
784 2858 997 2915 virilem
1029 2867 1245 2916 aetatem
1278 2878 1294 2928 ;
1322 2861 1446 2918 aliis
1475 2861 1716 2936 denique
1743 2864 1811 2920 ad
1830 2870 2129 2919 extremam

539 2965 717 3021 usque
737 2957 1013 3005 senectam
1026 2951 1193 3006 vitam
1213 2952 1536 3023 producere.
1555 2955 1729 3021 Quam
1752 2970 1880 3010 vero
1898 2956 2132 3011 aestima-

539 3055 601 3095 re
624 3039 751 3095 licet
770 3040 1178 3111 generationem
1192 3042 1217 3096 ?
1231 3043 1500 3113 siquidem
1526 3044 1667 3100 alius
1689 3043 1823 3099 vivit
1853 3059 2028 3115 usque
2055 3044 2120 3098 ad

540 3131 815 3186 decimum
838 3146 1065 3199 annum,
1086 3133 1229 3190 alius
1256 3134 1325 3189 ad
1349 3135 1691 3201 vicesimum,
1707 3136 1850 3191 alius
1875 3134 1943 3190 ad
1972 3135 2127 3206 quiu-

541 3222 948 3295 quagesimum,
981 3223 1123 3278 alius
1153 3239 1329 3295 usque
1352 3224 1421 3280 ad
1451 3225 1949 3296 septuagesimum;
1985 3223 2127 3279 alius

542 3313 780 3385 denique
821 3313 907 3369 vel
952 3314 1316 3369 centesimum
1370 3315 1720 3386 superavisse
1766 3330 1970 3369 annum
2018 3329 2129 3369 non

545 3404 691 3476 apud
741 3413 960 3462 veteres
1004 3406 1206 3472 solum,
1253 3421 1442 3462 verum
1473 3405 1640 3462 etiam
1672 3406 1818 3478 apud
1866 3422 1969 3463 nos
1998 3421 2132 3463 con—

546 3497 801 3568 spicitur.
854 3496 967 3553 Cur
1006 3497 1174 3568 igitur
1203 3492 1524 3554 existimant
1565 3498 1804 3555 hominis
1836 3498 2004 3554 vitam
2035 3513 2132 3570 ap-

545 3587 856 3659 pellandam
905 3603 1031 3645 esse
1062 3588 1508 3667 generationem?
1560 3586 1668 3645 Sed
1702 3603 1879 3660 neque
1920 3597 2133 3660 tempus

550 3694 724 3751 usque
756 3679 824 3734 ad
850 3680 1058 3752 prolem
1090 3680 1269 3751 primo
1314 3689 1625 3751 susceptam
1657 3680 1740 3737 sic
1766 3681 2042 3753 appellare
2067 3681 2134 3736 li-

547 3778 637 3828 cet
664 3791 678 3826 :
710 3786 949 3844 namque
973 3772 1065 3827 alii
1093 3779 1220 3828 ante
1242 3772 1419 3829 aetatis
1450 3788 1655 3828 annum
1677 3772 2005 3844 vigesimum
2031 3788 2135 3844 nu:

549 3863 742 3920 bentes
771 3864 1001 3935 gignunt
1053 3881 1067 3919 :
1118 3863 1211 3917 alii
1246 3879 1315 3919 ne
1355 3871 1481 3934 post
1528 3863 1871 3935 trigesimum
1915 3863 2136 3935 quidem

549 3954 728 4010 aetatis
744 3969 949 4010 annum
970 3974 985 4010 :
1003 3961 1058 4011 et
1074 3961 1381 4011 coaetaneos
1403 3970 1623 4032 quoque
1644 3954 1999 4022 videas,alios
2013 3955 2137 4026 qui-

553 4047 676 4102 dem
728 4045 785 4101 in
829 4046 1007 4117 prima
1040 4046 1293 4118 genitura
1341 4045 1522 4103 adhuc
1558 4045 1946 4113 consistentes,
1999 4047 2137 4102 alios

548 4138 662 4209 jam
709 4140 767 4193 in
797 4147 1049 4210 quartam
1080 4155 1439 4213 progressos;
1484 4141 1559 4195 ita
1590 4149 1651 4196 ut
1682 4139 2138 4213 quinquagesimo

554 4247 700 4288 anno
726 4232 818 4286 alii
848 4240 1073 4305 nepotes
1109 4232 1348 4296 videant,
1407 4234 1499 4288 alii
1541 4248 1671 4289 vero
1699 4250 1770 4290 ne
1793 4231 2138 4304 septuaginta

554 4324 774 4397 quidem
820 4340 1089 4381 annorum
1123 4326 1303 4397 spatio
1335 4326 1544 4398 prolem
1594 4326 1763 4381 ullam
1814 4324 2141 4380 nanciscen-

2218 1896 2309 1950 ρες
2345 1898 2363 1931 ι
2395 1876 2507 1931 ἀλλ’
2533 1876 2594 1930 οὐ
2630 1875 2870 1946 διαδοχαὶ
2899 1874 3316 1945 δεκατέσσαρες,
3352 1871 3577 1934 εἰκότως
3621 1868 3815 1940 πάσης

2216 1970 2490 2025 ἀπολύοιτ’
2528 1970 2596 2024 ἂν
2649 1968 3008 2041 κατηγορίας
3053 1967 3175 2023 ἐπεὶ
3218 1965 3306 2021 διά
3351 1964 3405 2019 τί
3439 1964 3514 2035 μὴ
3551 1960 3814 2033 διαδοχὰς

2218 2064 2491 2135 ὠνόμασε,
2521 2063 2618 2132 τῆς
2644 2061 2700 2116 δὲ
2741 2063 2798 2115 ἐν
2843 2062 2963 2124 ταῖς
2977 2058 3288 2122 Βασιλείαις
3324 2057 3421 2111 κιιὶ⁵
3453 2055 3808 2128 Παραλειπο-

2223 2158 2404 2228 μένοις
2438 2155 2677 2228 ἱστορίας
2710 2151 2960 2225 διαδοχάς
2989 2152 3105 2207 ἀλλ’
3142 2153 3205 2206 οὐ
3242 2151 3434 2221 γενεάς
3462 2150 3814 2223 ἱστοροὺσης,

2220 2251 2320 2305 οὐκ
2354 2248 2419 2303 ἂν
2442 2248 2650 2318 γένοιτο
2689 2246 2995 2318 ἐναντίωμα
3023 2248 3088 2301 ἐκ
3126 2245 3227 2317 τῆς
3258 2245 3582 2316 ἀμφοτέρων
3629 2260 3817 2315 παρα-

2224 2343 2445 2407 θέσεως.

2297 2499 2361 2573 β’.
2395 2500 2593 2554 Γενεάν
2626 2499 2734 2572 γὰρ
2765 2499 2956 2571 χρόνον
2980 2496 3268 2570 ἀνθρώπου
3302 2497 3446 2569 ζωῆς
3483 2497 3583 2569 οὐχ
3615 2491 3729 2550 οἶόν
3752 2497 3817 2550 τὲ

2226 2594 2373 2646 ἐστιν
2415 2589 2721 2660 ὀνομάζειν,
2762 2588 2885 2642 ἐπεὶ
2923 2588 3211 2658 συμϐαίνει
3262 2587 3520 2651 πολλάκις
3552 2587 3681 2650 τοὺς
3714 2585 3816 2656 μὲν

2226 2686 2319 2739 ἐπὶ
2342 2684 2513 2756 βραχὺ
2542 2683 2749 2754 βιῶναι,
2774 2681 2868 2737 και)⁸
2892 2679 3085 2734 θᾶττον
3116 2677 3521 2749 ἀποσϐεσθῆναι
3542 2675 3689 2729 κατά
3714 2677 3818 2745 τὴν

2227 2771 2320 2825 τοῦ
2352 2771 2537 2833 παιδὸς
2561 2770 2798 2841 ἠλικίαν,
2824 2769 2949 2833 τοὺς
2974 2768 3032 2821 δὲ
3063 2766 3223 2839 μέχρι
3250 2766 3343 2821 τοῦ
3375 2764 3660 2838 μειρακίου
3686 2763 3821 2833 φθά-

2232 2882 2342 2929 σαι,
2372 2865 2496 2928 τοὺς
2513 2863 2569 2916 δὲ
2600 2863 2694 2917 ἐπὶ⁸
2708 2862 2801 2916 τὸν
2818 2861 3034 2944 νεανίαν
3066 2859 3368 2934 προελθεῖν,
3391 2860 3519 2924 τοὺς
3535 2858 3594 2912 δὲ
3613 2857 3708 2912 ἐπὶ
3721 2858 3818 2911 τὸν

2231 2957 2420 3026 ἀνδρα,
2442 2955 2569 3020 τοὺς
2593 2955 2650 3009 δέ
2684 2954 2778 3009 καὶ
2799 2954 2885 3009 ἐπ’
2917 2954 3144 3026 ἔσχατον
3169 2952 3347 3025 γῆρας
3371 2954 3699 3024 παρατεῖναι
3713 2950 3818 3021 τὴν

2233 3047 2379 3120 ζωήν
2399 3063 2415 3080 ⁸
2434 3045 2595 3101 ποίαν
2611 3040 2704 3100 οὖν
2726 3063 2810 3110 τις
2829 3045 3121 3117 ἀριθμήσει
3150 3043 3376 3113 γενεάν;
3401 3044 3450 3096 εἱ
3476 3044 3506 3095 6
3529 3042 3630 3113 μὲν
3656 3042 3816 3112 φέρει

2230 3136 2392 3210 μέχρι
2405 3135 2632 3191 δεκάτου
2652 3135 2825 3200 ἔτους,
2845 3137 2873 3188 6
2887 3134 2943 3189 δὲ
2961 3134 3150 3206 μέχρις
3185 3130 3453 3195 εἰκοστοῦ,
3478 3134 3507 3187 6
3532 3132 3590 3185 δὲ
3612 3132 3811 3203 μέχρις

2228 3221 2616 3295 πεντηκοστοῦ,
2634 3222 2789 3287 ἀλλος
2799 3223 2857 3277 δὲ
2876 3221 3066 3295 μέχρις
3079 3220 3497 3292 ἑϐδομηκοστοῶ
3508 3223 3538 3274 6
3551 3221 3611 3274 δέ
3634 3221 3731 3274 καὶ
3746 3220 3817 3273 τά

2228 3315 2420 3370 ἐκατδν
2431 3314 2673 3388 ὑπερϐὰς
2683 3314 2744 3369 οὐ
2764 3314 2921 3386 μόνον
2940 3312 3151 3367 ἐπὶτῶν
3169 3310 3411 3367 παλαιῶν
3426 3311 3561 3366 ἀλλά
3577 3312 3675 3366 καὶ
3689 3310 3815 3366 καθ’

2227 3411 2376 3480 ἡμᾶς
2393 3410 2611 3480 ὁρᾶται*
2637 3407 2756 3469 πῶς
2782 3401 2875 3461 οὗν
2895 3406 3093 3460 οἴονται
3115 3406 3213 3477 τὴν
3242 3404 3528 3477 ἀνθρώπου
3554 3404 3704 3476 ζωὴν
3725 3421 3812 3473 γε-

2230 3501 2355 3556 νεάν
2369 3500 2655 3572 ὀνομάζειν
2675 3517 2689 3566 ;
2708 3498 2821 3553 ἀλλ’
2836 3497 2956 3551 οὐδὲ
2976 3497 3138 3569 μέχρι
3153 3496 3252 3567 τῆς
3270 3495 3631 3559 παιδοποιΐας·
3644 3496 3698 3549 οἱ
3716 3495 3817 3567 μέν

2230 3592 2340 3661 γὰρ
2369 3592 2476 3662 πρὸ
2494 3590 2604 3661 τῶν
2637 3591 2805 3643 εἴκοσι
2838 3587 2974 3641 ἐτῶν
3002 3588 3279 3657 γήμαντες
3308 3585 3819 3656 πεπαιδοποίηνται,

2230 3686 2279 3737 οἱ
2308 3682 2365 3736 δὲ
2386 3682 2510 3737 οὐδέ
2544 3680 2685 3752 ὑπὲρ
2704 3679 2773 3733 τὰ
2791 3678 3080 3750 τρίακοντα
3097 3676 3413 3746 γενόμενοι·
3446 3675 3540 3730 καὶ
3570 3675 3681 3729 τῶν
3707 3678 3823 3747 ἰση-

2232 3777 2396 3831 λίκων
2435 3775 2491 3829 δὲ
2516 3774 2645 3839 ἴδοις
2673 3773 2738 3828 ἂν
2770 3774 2895 3835 τοὺς
2945 3770 3043 3842 μὲν
3067 3769 3158 3823 ἐπὶ
3198 3767 3447 3840 πρώτους
3476 3770 3625 3833 υἱοὺς
3659 3768 3823 3822 στάν-

2230 3888 2351 3935 τας,
2394 3869 2521 3940 τοὺς
2557 3867 2615 3921 δέ
2658 3865 2750 3920 ἐπὶ
2798 3860 3149 3936 τετραγονίαν
3196 3859 3522 3926 ἐλάσαντας*
3570 3859 3713 3914 ὥστε
3759 3862 3822 3914 ἐν

2235 3963 2571 4033 πεντήκοντα
2604 3959 2772 4022 ἔτεσι,
2798 3958 2924 4022 τοὺς
2953 3958 3050 4029 μὲν
3083 3958 3339 4028 ἐκγόνους
3362 3953 3678 4017 θεάσασθαι,
3708 3953 3822 4006 ἐτέ-

2239 4070 2362 4126 ρους
2392 4052 2449 4106 δὲ
2479 4052 2537 4104 ἐν
2580 4050 2949 4123 ἐϐδομήκοντα
2982 4049 3206 4122 μηδενὸς
3248 4046 3546 4117 ἀξιωθῆναι
3587 4044 3780 4106 παιδός
3800 4060 3813 4071 ·

2235 4141 2354 4206 πῶς
2410 4137 2505 4195 οὖν
2547 4140 2876 4213 ἀριθμητέον
2925 4139 3025 4205 τὰς
3074 4140 3300 4210 γενεάς;
3349 4138 3573 4207 πότερον
3604 4137 3671 4188 ἐκ
3706 4133 3818 4189 τῶν

2240 4233 2551 4305 μακροϐίων
2581 4232 2614 4305 ἢ
2636 4233 2746 4287 τῶν
2773 4232 3090 4301 όλιγοϐίων;
3117 4232 3212 4286 καὶ
3243 4234 3308 4285 ἐκ
3331 4230 3439 4283 τῶν
3458 4229 3595 4300 ταχὺ
3627 4244 3824 4281 πεπαι-

2237 4324 2631 4395 δοποιημένων,
2666 4323 2699 4395 ἢ
2727 4323 2836 4378 τῶν
2870 4322 3146 4396 βραδέων;
3176 4324 3271 4378 καὶ
3303 4324 3369 4376 ἐκ
3403 4320 3512 4375 τῶν
3546 4320 3639 4373 ἐπὶ
3669 4320 3820 4390 πρώ-

555 4425 665 4472 tur.
698 4416 820 4484 Quo
845 4424 1007 4489 pacto
1033 4417 1202 4488 igitur
1228 4416 1583 4474 numerandae
1617 4423 1800 4473 essent
1829 4416 2131 4488 generatio-

2240 4416 2352 4478 τοὶς
2379 4415 2516 4479 υἱοῖς
2558 4412 3014 4485 σαλευσάντων,ἢ
3046 4415 3109 4467 ἐκ
3141 4412 3247 4466 τῶν
3282 4412 3376 4466 ἐπὶ
3411 4411 3618 4465 πλείοσι
3644 4410 3823 4464 διαδο-

555 4523 677 4573 nes,
704 4523 738 4565 a
764 4508 1056 4566 macrobiis
1080 4524 1150 4564 an
1179 4509 1249 4564 ab
1274 4508 1709 4580 oligochroniis?
1742 4522 1774 4561 a
1800 4514 2033 4571 mature,
2065 4521 2131 4561 an

2241 4510 2395 4578 χαῖς;
2430 4500 2506 4561 ὧν
2543 4507 2715 4571 οὕτως
2758 4507 3139 4579 ἐξητασμένων
3168 4507 3198 4560 6
3240 4506 3383 4570 θεῖος
3426 4505 3820 4577 εὐαγγελιστὴς

557 4616 591 4657 a
631 4615 755 4657 sero
801 4600 1184 4673 gignentibus?
1234 4600 1305 4656 ab
1351 4601 1420 4657 iis
1470 4600 1561 4672 qui
1591 4601 1647 4655 in
1675 4599 1850 4671 prima
1885 4598 2136 4670 genitura

558 4700 868 4757 versantur,
903 4707 972 4746 an
1005 4692 1075 4747 ab
1095 4691 1164 4747 iis
1195 4690 1403 4763 quibus
1428 4691 1541 4763 jam
1567 4691 1755 4763 plures
1779 4689 1939 4746 liberi
1964 4689 2137 4745 sunt?

558 4782 770 4853 Quibus
799 4783 875 4838 ita
907 4783 1193 4855 perpensis
1237 4783 1398 4840 divus
1445 4783 1802 4854 evangelista,
1834 4782 1979 4838 haud
2011 4797 2138 4837 suc-

559 4874 838 4933 cessiones
866 4874 1111 4931 scribere
1137 4874 1387 4939 studens,
1403 4875 1498 4930 sed
1529 4875 1911 4947 generationes
1941 4889 2138 4930 secun-

559 4965 689 5021 dum
715 4967 984 5023 rationem
1016 4966 1120 5023 sibi
1154 4967 1490 5038 exploratam
1519 4981 1849 5022 enumerans
1868 5007 1882 5033 ,
1915 4981 2137 5022 succes-

562 5060 780 5116 sionum
832 5059 1121 5116 historiam
1166 5060 1433 5132 neglexit;
1486 5066 1568 5114 tot
1603 5073 1734 5114 vero
1781 5057 2029 5115 homines
2069 5057 2137 5112 ad

563 5152 932 5223 genealogiam
966 5152 1286 5222 assumpsit,
1319 5159 1456 5223 quot
1478 5151 1527 5207 ei
1551 5149 1890 5206 sutliciebant
1910 5149 1978 5205 ad
2009 5166 2139 5222 qua-

565 5243 864 5299 tuordecim
892 5252 1272 5316 generationes
1298 5245 1616 5317 explendas.
1669 5242 1762 5300 Sic
1785 5244 1905 5317 ejus
1930 5244 2204 5302 veridicus

565 5334 867 5391 traditioni.

664 5580 761 5654 l8)
791 5580 1102 5637 Matthaeum
1136 5580 1289 5654 putat
1329 5582 1598 5639 Eusebius
1631 5583 1998 5654 generationis»
2037 5595 2132 5634 vo-

674 5652 766 5710 ulo
798 5661 1009 5708 certum
1059 5652 1349 5722 quemdam
1400 5668 1465 5709 ac
1500 5652 1796 5709 solemnem
1833 5652 2135 5721 intelligere

569 5737 839 5783 annorum
883 5737 1192 5780 numerum.
1235 5722 1487 5781 Profecto
1521 5725 1589 5781 de
1625 5725 1912 5795 temporali
1945 5723 2134 5792 γενεᾶς

662 5510 772 5581 17⁸)
810 5510 949 5566 Cod.
988 5511 1115 5566 fern.
1151 5527 1368 5583 genere.
1408 5511 1499 5567 Sic
1527 5520 1673 5579 ante,
1713 5520 1768 5567 et
1797 5511 1957 5567 infra.

636 5516 751 5710 ζιὸ)
791 5580 1102 5637 Matthaeum
1136 5591 1289 5653 putat
1329 5582 1598 5639 Eusebius
1631 5583 1955 5664 generationi

674 5655 766 5710 ulo
798 5661 1009 5708 certum
1059 5653 1349 5710 quemdam
1400 5668 1465 5709 ac
1500 5655 1796 5709 solemnem
1833 5652 1957 5707 lniel

572 5668 630 5710 εει

2240 4597 2301 4650 οὐ
2332 4595 2581 4667 διαδοχὰς
2617 4595 2948 4667 προθέμενος
2997 4597 3192 4660 εἰπεῖν,
3243 4594 3435 4665 γενεὰς
3457 4594 3534 4660 δὲ,
3567 4593 3691 4648 καθ’
3720 4593 3818 4657 οὓς

2243 4689 2405 4754 αὐτὸς
2431 4689 2699 4759 ἠπίστατο
2723 4687 2915 4758 λόγους
2935 4686 3047 4760 (18)
3067 4685 3569 4759 ἀπαριθμοόμενος,
3589 4684 3690 4756 τῆς
3717 4683 3819 4756 μὲν

2242 4781 2300 4833 ἐν
2328 4781 2447 4842 ταῖς
2470 4778 2731 4851 ἱστορίαις
2770 4776 3021 4848 διαδοχῆς
3056 4770 3217 4847 ἦττον
3255 4776 3600 4848 πεφρόντικε,
3631 4772 3820 4827 τοσού-

2241 4889 2366 4935 τους
2394 4869 2763 4942 ἀναλαμϐάνει
2783 4871 2862 4934 εἱς
2880 4869 2977 4941 τὴν
2997 4868 3368 4938 γενεαλογίαν,
3390 4869 3504 4922 ὅσοι
3531 4867 3645 4938 ἀπή
3653 4883 3818 4938 ρκουν

2241 4962 2391 5033 αὑτῷ
2421 4964 2502 5026 εἰς
2527 4960 2873 5033 ἐκπλήρωσιν
2901 4960 3008 5015 τῶν
3034 4960 3446 5032 δεκατεσσάρων
3474 4957 3701 5028 γενεῶν·
3732 4956 3819 5010 οὗ·

2238 5070 2346 5118 τως
2374 5071 2433 5107 τε
2470 5053 2628 5125 αὐτῷ.
2648 5052 2804 5124 ὑγιὴς
2839 5050 3177 5116 ἀποσώζεται
3194 5052 3222 5105 6
3251 5050 3426 5120 λόγος,
3451 5049 3545 5103 καὶ
3566 5046 3819 5119 οὐδαμιῖς

2239 5148 2479 5211 ἐναντίος
2516 5150 2581 5219 τῇ
2616 5147 2725 5202 τῶν
2756 5146 3002 5216 ἱστοριῶν
3029 5149 3234 5219 γραφῇ.

2244 5259 2425 5300 sermo
2462 5249 2567 5309 est,
2587 5257 2763 5314 neque
2818 5241 3040 5298 omnino
3098 5239 3406 5298 contrarius
3462 5234 3818 5293 historiarum

2246 5508 2424 5579 spatio
2472 5504 2848 5579 controversia
2879 5477 3044 5579 inter
3087 5511 3300 5579 veteres
3351 5501 3488 5579 satis
3530 5508 3658 5579 nota
3703 5511 3813 5567 est,

2244 5571 2407 5651 quam
2448 5593 2551 5647 ego
2583 5577 2699 5651 ipse
2743 5574 3018 5651 attigiuin
3053 5573 3531 5651 adnotat_it_)nibus_
3555 5571 3639 5651 ad
3668 5586 3814 5651 nova

2244 5639 2546 5720 fragmenta
2604 5639 2874 5718 Dionysii'
2901 5645 3075 5702 Italic.
3118 5660 3232 5716 cap.
3267 5645 3356 5714 15,
3405 5659 3461 5699 n.
3504 5643 3558 5711 ι,
3605 5639 3812 5713 Script.

2243 5732 2347 5777 vet.
2380 5716 2509 5785 1.1],
2544 5734 2598 5790 p.
2632 5716 2756 5775 474.

2334 5760 2347 5775 ι
2383 5756 2419 5775 ιι
2445 5756 2509 5785 ΙΙ,
2545 5756 2598 5785 llo
2632 5756 2756 5775 -ι-ο
