4054 6408
259 342 356 399 925

973 463 1072 518 II".

256 593 350 648 Διὰ
379 591 435 646 τι
458 591 573 664 τῶν
592 591 739 664 μετά
780 594 1059 664 Ἰεχονίαν
1080 594 1183 664 ,ἐπὶ
1221 593 1326 647 τὸν
1362 594 1575 664 Ἰωσὴφ
1603 612 1804 664 γενεα-

320 660 688 736 λογουμένων
712 663 820 736 δύο
849 660 968 716 ’καὶ
1021 663 1168 736 δέκα
1213 664 1421 736 dgnus},
1479 660 1805 736 defianc-

313 729 524 799 λιὰτὴζ·
543 731 992 801 δεκατέσσαρας
1015 733 1202 788 πάλιν
1228 729 1383 788 εἶναι
1415 749 1626 804 φησιν.

317 849 380 900 α’.
410 842 504 895 Διά
524 843 622 912 τὴν
658 843 826 914 αὐτὴν
854 845 1052 898 αἰτίαν·
1079 844 1138 897 ού
1173 845 1283 916 γὰρ
1307 845 1576 915 διαδοχάς,
1613 846 1804 916 γενεὰς

248 935 320 996 δὲ,
340 933 413 997 ὡς
439 931 592 1003 ἔφην,
629 933 965 1004 ἀναγράφειν
989 933 1254 988 ἐϐούλετο·
1281 935 1564 1006 συμϐαίνει
1595 935 1651 990 δὲ
1675 937 1804 990 πολ-

250 1025 395 1088 λάκις
411 1024 468 1075 ἐν
489 1023 806 1094 μακροϐίοις
835 1025 929 1077 καὶ
957 1026 1259 1090 πολυέτεσι,
1283 1025 1381 1090 τάς
1405 1027 1504 1098 μὲν
1527 1028 1804 1097 γεγονέναι

248 1115 347 1168 τῶν
372 1113 577 1184 ἀνδρῶν
596 1115 695 1178 τὰς
724 1115 993 1185 διαδοχὰς,
1016 1117 1106 1170 τὸν
1127 1117 1185 1172 δέ
1214 1118 1324 1172 τῶν
1354 1119 1554 1188 γενεῶν
1575 1120 1804 1191 ἀριθμὸν

244 1205 583 1260 ἀποδεδόσθαι
605 1206 803 1278 πλήρη·
835 1202 879 1276 ᾧ
903 1208 967 1280 δὴ
1009 1203 1103 1262 οὖν
1152 1209 1293 1281 λόγῳ
1323 1211 1380 1264 ἐν
1412 1213 1524 1275 τοῖς
1575 1211 1684 1265 ἀπὸ
1708 1211 1802 1265 τοῦ

242 1294 399 1349 Δαϐὶδ
422 1297 515 1350 καὶ
540 1298 632 1350 ἐπὶ
687 1298 785 1370 τὴν
841 1299 1213 1370 αἰχμαλωσίαν
1270 1302 1506 1356 πλείοσιν
1539 1299 1660 1357 οὖσι
1711 1304 1804 1358 τὸν

243 1385 463 1458 ἀριθμὸν
487 1389 600 1451 τοῖς
627 1389 684 1441 ἐν
709 1392 775 1460 τῇ
819 1390 1036 1463 διαδοχῇ
1082 1393 1420 1464 φερομένοις,
1471 1393 1796 1465 ὀλιγώτεραι

243 1479 572 1550 ἀπεδόθησαν
593 1481 646 1533 αἱ
671 1482 871 1549 γενεαίο
908 1483 967 1534 ἐν
990 1482 1099 1554 γάρ
1125 1483 1392 1554 διαδοχαῖς
1429 1485 1636 1556 ἀνδρῶν
1668 1486 1804 1540 ἐπτά

240 1572 329 1624 καὶ
351 1571 501 1635 δέκα,
533 1574 715 1640 γενεαὶ
764 1575 1007 1645 εἴρηνται
1052 1576 1468 1646 δεκατέσσαρεςο
1524 1577 1665 1630 κατά
1711 1578 1804 1633 τὸν

239 1663 393 1716 αὑτὸν
424 1664 683 1734 λογισμὸν
707 1666 799 1718 καὶ
827 1666 921 1720 νῦν
946 1669 1033 1720 ἐπ’
1061 1667 1270 1740 ἀνδρῶν
1286 1668 1552 1738 διαδοχαῖς
1576 1669 1800 1732 δώδεκα,

237 1756 290 1808 αί
320 1755 712 1828 δεκατέσσαρες
768 1758 835 1812 ἂν
882 1758 1213 1830 ἐπληροῦντο
1259 1759 1463 1827 γενεαὶ,
1492 1759 1802 1832 μακροϐίων

235 1846 308 1908 ὡς
337 1846 481 1911 εἰκὸς
505 1850 871 1920 πολυχρονίων
901 1849 1078 1904 αὐτῶν
1115 1850 1178 1922 δὴ
1204 1850 1314 1904 τῶν
1345 1847 1554 1904 δώδεκα
1573 1867 1800 1921 γεγενη-

237 1938 428 2007 μένων,
461 1939 561 1994 καὶ
619 1939 928 2012 ἀρκούντων
983 1944 1062 2005 είς
1094 1940 1474 2012 ἀναπλήρωσιν
1511 1943 1619 1995 τῶν
1646 1943 1803 1996 δεκα-

233 2029 506 2102 τεσσάρων
534 2030 754 2100 γενεῶν.
794 2032 909 2087 Μία
935 2033 1033 2104 μέν
1057 2032 1306 2097 ἀπόδοσις
1356 2032 1450 2086 τοῦ
1479 2032 1801 2104 ζητηθέντος

231 2121 340 2192 ἥδε.

297 2296 360 2366 β’.
397 2297 543 2351 Καθ’
575 2297 766 2368 ἑτέραν
803 2297 860 2350 δὲ
908 2296 1143 2350 διάνοιαν
1193 2295 1372 2368 εὕροις
1405 2297 1469 2352 ἂν
1493 2297 1800 2369 ἀκριϐώσας

229 2389 363 2440 κατὰ
416 2387 521 2458 τὴν
606 2387 844 2460 ἱστορίαν
913 2387 1312 2460 δεκατέσσαρας
1387 2387 1800 2461 ὠνομασμένους

228 2478 315 2530 καὶ
338 2479 394 2530 ἐν
426 2481 494 2548 τῇ
537 2477 1041 2550 παρούσῃδιαδοχῇ,
1067 2481 1116 2532 εί
1147 2480 1282 2550 πρὸς
1300 2483 1410 2544 τοῖς
1432 2479 1638 2534 δώδεκα
1672 2497 1796 2534 συν-

227 2567 595 2639 αριθμήσειας
655 2570 816 2624 αὐτὸν
864 2570 1070 2641 Ἰησοῦν
1125 2572 1361 2643 Χριστὸν
1415 2573 1529 2626 υἱὸν
1555 2571 1645 2626 τοῦ
1688 2574 1800 2626 Ἰω-

227 2658 328 2729 σὴφ
359 2647 804 2731 χρηματίσαντα·
837 2662 1127 2733 προσθείης
1153 2681 1210 2716 τε
1232 2663 1440 2726 τούτοις
1461 2665 1554 2718 καὶ
1577 2663 1668 2718 τὸν
1707 2664 1801 2716 Ἰε-

224 2750 399 2819 χονίαν
430 2752 528 2804 τὸν
565 2753 622 2804 ἐν
647 2751 923 2806 Βαϐυλῶνι
975 2754 1362 2824 γεγενημένον,
1390 2755 1512 2825 οὐχὶ
1558 2754 1648 2808 τὸν
1697 2755 1801 2826 πρὸ

223 2842 316 2912 τῆς
341 2843 705 2914 μετοικησίας
760 2846 816 2898 ἐν
867 2848 933 2917 τῇ
984 2846 1334 2919 Ἰερουσαλὴμ
1388 2847 1795 2918 βασιλεύσαντω

221 2932 308 2985 δύο
338 2937 448 3006 γάρ
473 2933 762 3006 ὁμώνυμοι
785 2936 1066 3004 γεγόνασιν
1111 2938 1363 3008 Ἰωακεὶμ
1385 2937 1522 3009 μετὰ
1572 2937 1795 3002 Ἰωσίαν,

222 3026 248 3076 ὃ
270 3042 329 3093 γε
357 3025 535 3078 αὑτοῦ
564 3024 656 3076 τοῦ
703 3025 906 3079 Ἰωσίου
939 3027 1076 3092 υἱὸς,
1125 3027 1182 3090 ὃς
1221 3027 1357 3097 μετὰ
1410 3027 1594 3080 τοῦτον
1618 3026 1798 3080 ἐϐασί-

737 339 1198 406 ΟΗᾸΞΒΤΙΟΝΕΒ
1234 339 1700 398 EVANGELICIE
1737 340 1801 395 Al

1902 337 2314 395 ›ΤΕΡΗΔΝΗΜ.
2355 369 2422 379 —
2463 334 2792 402 QU£STIO
2830 331 2964 388 XIII.

1831 467 1881 526 A

1836 1799 1875 1855 Β

3367 329 3470 386 926

2627 454 2763 508 χιιι.

1905 594 2014 651 Cur
2054 610 2172 648 cum
2211 610 2242 646 a
2275 589 2530 645 Jechonia
2559 587 2627 640 ad
2657 586 2941 656 Josephum
2974 583 3247 656 duodecim
3289 583 3338 636 in
3377 599 3464 650 ge-

1973 665 2215 734 nealogia
2271 663 2410 725 sint,
2455 653 2795 728 evangelista
2831 653 3228 727 quatuordect’m
3281 669 3466 706 rursus

1972 736 2139 788 dicat.

1972 849 2025 905 I.
2070 847 2166 902 Rei
2201 861 2369 902 causa
2399 843 2589 900 eadem
2619 848 2738 897 est:
2775 856 2884 895 non
2909 840 3054 895 enim
3089 837 3466 896 successiones

1903 938 1998 995 sed
2040 937 2454 1010 generationes,
2508 942 2566 987 ut
2615 933 2764 998 dixi,
2817 931 3170 988 conscribere
3223 929 3461 983 volebat.

1906 1028 2059 1098 Saepe
2089 1041 2218 1081 vero
2257 1022 2558 1093 contingit,
2600 1028 2661 1075 ut
2709 1020 2765 1074 in
2808 1018 3099 1073 macrobiis
3143 1026 3301 1086 atque
3343 1016 3462 1069 lon-

1903 1121 2096 1191 gaevis,
2133 1117 2447 1188 quicunque
2496 1114 2662 1171 fuerit
2704 1112 3114 1169 succedentium
3159 1123 3460 1170 numerus.

1903 1208 2261 1264 nihilominus
2313 1208 2430 1278 ipse
2483 1205 2894 1277 generationum
2953 1217 3212 1257 numerus
3269 1202 3464 1270 plenus

1905 1301 2192 1356 habeatur.
2231 1298 2407 1365 Quam
2447 1297 2518 1352 ob
2556 1311 2670 1352 rem
2709 1294 2873 1352 sicuti
2913 1293 2968 1347 in
3007 1293 3182 1347 classe
3220 1299 3464 1362 patrum-

1905 1393 2141 1448 familias
2169 1406 2200 1445 a
2229 1389 2433 1445 Davide
2465 1388 2536 1443 ad
2569 1388 2938 1458 captivitatem
2961 1424 2976 1450 ,
3006 1399 3129 1439 cum
3158 1384 3321 1454 paulo
3349 1398 3466 1436 ma-

1898 1483 1986 1553 jor
2014 1481 2425 1537 succedentium
2456 1491 2720 1533 numerus
2753 1483 2932 1539 esset,
2968 1475 3258 1545 pauciores
3284 1481 3464 1526 tamen

1902 1573 1972 1628 ab
1996 1571 2331 1642 evangelista
2361 1567 2591 1640 prodita:
2622 1575 2752 1623 sunt
2779 1566 3198 1637 generationes;
3230 1579 3465 1633 namque

1902 1663 1958 1718 in
2005 1676 2118 1717 xvu
2159 1660 2403 1714 virorum
2457 1657 2901 1714 successionihus
2955 1656 3336 1728 generationes
3373 1671 3462 1709 xw

1903 1751 2061 1807 dicta:
2098 1759 2265 1817 sunt;
2301 1749 2492 1804 eodem
2532 1763 2680 1802 nunc
2718 1761 2938 1818 quoque
2976 1747 3208 1802 consilio
3257 1745 3311 1799 in
3365 1745 3463 1799 ho-

1903 1841 2108 1897 minum
2141 1839 2585 1896 successionibus
2613 1853 2688 1893 xtl
2711 1879 2725 1904 ,
2757 1839 2988 1908 expletas
3013 1836 3272 1892 dicuntur
3299 1852 3465 1908 gene—

1902 1932 2142 1987 rationes
2174 1945 2265 1984 xw
2285 1970 2299 1994 ,
2328 1929 2455 2000 quia
2487 1929 2740 1984 videlicet
2769 1944 2848 1982 ιιι
2880 1928 2955 1982 illi
2979 1967 2994 1991 ,
3027 1935 3086 1980 ut
3114 1927 3337 1982 credere
3365 1943 3464 1998 par

1901 2031 1986 2080 est
2009 2063 2025 2087 ,
2064 2023 2326 2078 macrobii
2361 2022 2582 2077 fuerunt
2610 2028 2774 2092 atque
2805 2021 3032 2092 longaevi
3061 2061 3076 2085 ,
3107 2020 3183 2074 ita
3214 2031 3271 2075 ut
3301 2021 3463 2076 suile-

1901 2115 2075 2170 ceriut
2103 2113 2170 2168 ad
2202 2129 2291 2168 xiv
2324 2112 2629 2183 implendas
2659 2113 3060 2183 generationes.
3089 2112 3170 2167 Ad
3204 2112 3462 2184 quaestio-

1900 2219 2024 2259 nem
2050 2203 2164 2258 haec
2191 2203 2366 2273 prima
2395 2204 2680 2273 responsio
2713 2213 2818 2259 est.

1965 2294 2021 2348 2.
2065 2292 2171 2350 Sed
2201 2293 2345 2348 enim
2378 2292 2486 2346 alia
2517 2307 2736 2363 quoque
2768 2293 2984 2348 ratione
3015 2293 3148 2348 inita
3181 2294 3458 2357 invenies.

1900 2387 1946 2442 si
1987 2384 2276 2458 diligenter
2305 2382 2594 2447 historiam
2624 2385 3063 2444 consideraveris
3085 2427 3100 2450 ,
3132 2387 3464 2458 quatuordc-

1899 2477 2004 2531 cim
2061 2477 2114 2530 in
2162 2477 2263 2530 hac
2314 2476 2431 2546 ipsa
2481 2477 2709 2532 historia
2757 2479 3099 2548 appellatos,
3143 2479 3223 2544 si,
3268 2491 3464 2549 praeter

1899 2566 2182 2622 duodecim
2201 2608 2215 2630 ,
2247 2569 2622 2623 numeraveris
2650 2567 2835 2623 Jesum
2864 2568 3142 2624 Christum
3171 2572 3346 2640 ipsum
3373 2571 3466 2625 Jo-

1900 2658 2051 2728 sephi
2081 2659 2249 2712 lilium
2284 2659 2655 2714 existimatum
2684 2700 2697 2724 ,
2734 2660 2929 2730 hisque
2957 2661 3272 2731 adjunxeris
3298 2663 3463 2716 etiam

1897 2748 2248 2813 Jechoniam,
2282 2751 2436 2804 illum
2475 2751 2685 2805 scilicet
2725 2752 2818 2821 qui
2857 2751 3186 2823 Babylonem
3228 2753 3464 2808 transla-

1899 2850 1988 2896 tus
2021 2841 2154 2906 fuit,
2188 2858 2294 2896 non
2335 2843 2566 2898 alterum
2594 2843 2687 2913 qui
2719 2851 2846 2899 ante
2875 2843 3260 2915 Babylonicam
3291 2847 3463 2914 capti-

1898 2931 2117 2985 vitatem
2141 2929 2532 3001 Hierosolymis
2556 2931 2860 3001 imperavit.
2886 2931 3004 2986 Duo
3025 2933 3223 3002 quippe
3246 2934 3464 2989 fuerunt

1899 3023 2249 3094 homonymi;
2289 3023 2569 3080 Joacimus
2630 3025 2886 3081 videlicet
2924 3036 3048 3096 post
3087 3025 3325 3091 Josiam,
3369 3029 3463 3098 qui

219 3115 401 3168 λευσεν
431 3117 493 3168 ἐν
549 3116 928 3188 Ἰερουσαλὴμ,
973 3120 1065 3171 καὶ
1121 3121 1149 3172 ὁ
1199 3118 1388 3172 τούτου
1439 3122 1567 3182 παῖς
1613 3119 1797 3190 ἕτερος

1902 3114 1998 3169 [υἰι
2017 3115 2258 3185 ejusdem
2281 3114 2444 3171 .Iosize
2478 3116 2619 3172 ﬁlius
2647 3126 2700 3172 et
2728 3117 3120 3188 Hierosolymis
3155 3120 3304 3189 regni
3337 3136 3463 3174 suc-

233 3205 507 3278 Ἰωακείμο
555 3201 699 3259 οὗτοι
731 3207 788 3260 δὲ
818 3210 911 3260 καὶ
944 3208 1187 3278 Ἰεχονίαι
1214 3211 1605 3280 ἐχρημάτισαν,
1651 3208 1800 3274 ἐξελ-

217 3297 569 3368 ληνισθέντος
599 3299 779 3364 αὐτοῖς
811 3299 906 3353 τοῦ
959 3302 1236 3372 ὀνόματος.
1271 3303 1330 3356 '0
1381 3305 1556 3356 τοίνυν
1595 3303 1806 3374 πρῶτος

228 3390 488 3462 Ἰωακεὶμ
549 3392 577 3443 ὁ
610 3392 703 3444 καὶ
757 3392 1009 3462 Ἰεχονίας
1041 3394 1154 3457 υίὸς
1181 3393 1256 3447 ὢν
1300 3395 1525 3461 Ἰωσίου,
1551 3396 1671 3458 ταῖς
1697 3394 1804 3464 πρὸ

215 3483 307 3550 τῆς
337 3481 729 3553 αἰχμαλωσίας
752 3485 1232 3553 συγκαταλεγέσθω
1263 3487 1492 3554 γενεαῖς⁸
1549 3485 1578 3537 ὀ
1613 3484 1668 3537 δὲ
1692 3484 1807 3537 τού-

214 3589 303 3626 του
336 3577 470 3638 παῖς
493 3575 532 3626 ὁ
579 3573 830 3646 δεύτερος
870 3577 1122 3646 Ἰωακεὶμ
1175 3577 1270 3630 καὶ
1327 3577 1490 3640 αὐτὸς
1533 3577 1802 3648 Ἰεχονίας,

213 3667 326 3730 υἱὸς
350 3667 428 3722 ῶν
453 3665 564 3721 τοῦ
583 3665 797 3736 πρώτου
825 3669 1100 3736 Ἰωακεὶμ,
1124 3668 1216 3722 τοῦ
1245 3669 1300 3721 δέ
1335 3668 1536 3722 Ἰωσίου
1564 3668 1802 3737 ἔκγονος,

214 3759 269 3809 ἐν
299 3760 413 3821 τοῖς
447 3757 606 3830 μετά
635 3759 733 3830 τὴν
764 3758 1140 3830 αἰχμαλωσίαν
1170 3759 1264 3812 καὶ
1315 3761 1396 3822 εἰς
1437 3759 1528 3813 τὸν
1574 3758 1805 3831 Χριστὸν

210 3849 743 3920 γενεαλογουμένοις
775 3849 1193 3921 ἀριθμούμενος,
1243 3849 1448 3905 τέλειον
1486 3851 1710 3922 ἀποδοίη
1740 3850 1806 3905 ἂν

215 3939 302 3992 τὸν
329 3940 442 3994 τῶν
483 3941 903 4013 δεκατεσσάρων
937 3942 1136 4010 γενεῶν
1166 3942 1394 4013 ἀριθμόν
1425 3943 1557 4015 (I9).

281 4117 353 4184 γ’.
393 4117 535 4189 Περὶ
565 4117 624 4170 δέ
646 4115 738 4170 τοῦ
768 4116 860 4170 δύο
893 4117 1172 4186 γεγονέναι
1214 4119 1492 4190 Ἰωακεὶμ,
1527 4122 1806 4193 μαρτυρή⁹

214 4222 294 4259 σει
324 4208 356 4277 ή
385 4206 504 4260 τῶν
534 4205 829 4259 Βασιλειῶν
857 4205 1070 4278 Γραφὴ,
1104 4206 1288 4261 τοῦτον
1317 4207 1511 4279 ἔχουσα
1540 4209 1630 4262 τὸν
1678 4209 1802 4280 τρό-

213 4313 331 4350 πον’
377 4316 397 4348 ι
431 4297 552 4351 Καὶ
581 4295 895 4350 ἐϐασίλευσε
923 4297 1120 4370 Φαραὼ
1150 4299 1344 4370 Νεχαὼ
1362 4301 1452 4353 ἐπὶ
1473 4301 1564 4353 τὸν
1589 4301 1805 4372 Ἰσραὴλ

208 4385 300 4439 τὸν
341 4387 642 4456 Ἐλιακεὶμ
695 4386 808 4439 υἱὸν
853 4387 1029 4440 Ἰωσία
1095 4387 1356 4458 βασιλέως
1424 4389 1623 4455 Ἰούδα,
1681 4391 1802 4444 ἀντὶ

1903 3220 2120 3272 cessor;
2152 3221 2371 3261 rursum
2400 3207 2540 3261 alter
2565 3206 2846 3262 Joacimus
2876 3208 3118 3278 praedicti
3150 3209 3463 3282 homonymi

1905 3295 2070 3351 Iilius.
2115 3295 2180 3350 Hi
2221 3295 2496 3352 Jechonire
2535 3314 2754 3368 quoque
2791 3300 3044 3368 appellati
3076 3300 3334 3364 fuerunt,
3364 3317 3464 3356 no-

1905 3387 2052 3442 mine
2098 3402 2287 3442 eorum
2339 3388 2404 3442 ad
2445 3386 2686 3443 Graecam
2720 3388 2948 3443 formam
2982 3390 3262 3446 inclinato.
3307 3391 3466 3448 Prior

1904 3477 2088 3549 itaque
2113 3477 2393 3535 Joacimus
2415 3519 2429 3544 ,
2461 3479 2713 3550 idemque
2738 3478 3032 3536 Jeehonias
3050 3521 3064 3545 ,
3095 3482 3240 3538 ﬁlius
3268 3482 3430 3538 Josiae
3448 3525 3462 3547 ,

1904 3569 1960 3624 in
2008 3571 2455 3641 generationibus
2504 3580 2630 3626 ante
2672 3572 3042 3641 captivitatem
3085 3573 3461 3629 concludatur.

1905 3663 2077 3734 Hujus
2105 3675 2286 3722 autem
2316 3666 2459 3721 filius
2479 3707 2493 3730 ,
2527 3667 2666 3720 alter
2691 3665 2971 3721 Joaeimus
2991 3707 3006 3731 ,
3041 3666 3292 3737 idemque
3322 3669 3467 3738 pari-

1904 3763 1987 3811 ter
2009 3755 2304 3812 Jechonias
2328 3797 2342 3820 ,
2372 3757 2576 3827 prioris
2601 3755 2830 3812 Joacimi
2863 3759 3038 3823 ﬁlius,
3069 3757 3233 3814 Josiae
3262 3775 3463 3828 nepos,

1905 3849 1950 3903 si
1997 3863 2123 3902 cum
2169 3849 2237 3904 iis
2280 3857 2637 3903 recensentur
2685 3851 2776 3918 qui
2828 3851 2972 3905 inter
3017 3851 3385 3920 captivitatem
3414 3863 3466 3905 ct

1904 3940 2179 3996 Christum
2235 3941 2481 4005 fuerunt,
2533 3942 2726 4011 plenus
2779 3944 3003 3999 exsistet
3055 3943 3463 4012 quatuordccim

1905 4031 2310 4100 generationum
2343 4046 2621 4086 numerus.

1971 4120 2025 4175 5.
2065 4119 2234 4174 Porro
2259 4119 2399 4174 duos
2429 4118 2599 4174 fuisse
2623 4118 2895 4174 Joacimos
2918 4161 2932 4183 ,
2963 4119 3271 4190 Regnorum
3300 4131 3466 4176 testa—

1904 4218 1993 4264 tur
2046 4209 2330 4282 Scriptura
2386 4212 2472 4266 his
2523 4211 2744 4266 verbis:
2781 4231 2799 4261 ι
2828 4209 3139 4281 Regemque
3182 4213 3467 4268 constituit

1903 4300 2115 4356 Pharao
2144 4301 2360 4358 Nechao
2393 4301 2713 4356 Eliaeimum
2755 4300 2920 4356 Josi:e
2965 4301 3135 4356 tilium
3183 4317 3282 4372 pro
3315 4302 3465 4358 Josia

1903 4402 2055 4462 patre
2075 4393 2213 4462 ejus,
2238 4393 2510 4463 vertitque
2530 4408 2724 4447 nomen
2746 4393 2866 4462 ejus
2882 4392 3186 4448 Joaeimum
3210 4395 3274 4450 ⁸⁸.
3300 4414 3318 4446 ι
3341 4393 3468 4462 Qui-

222 4479 404 4534 Ἰωσία
436 4479 540 4533 τοῦ
578 4478 783 4550 πατρὸς
807 4478 992 4532 αὑτοῦ·
1027 4479 1124 4534 καὶ
1167 4481 1467 4552 ἐπέστρεψε
1516 4482 1577 4534 τὸ
1630 4481 1801 4553 ὄνομα

1907 4481 2010 4536 bus
2034 4482 2234 4537 deinde
2253 4482 2405 4535 addit
2431 4501 2444 4536 :
2473 4501 2490 4532 ι
2514 4480 2683 4536 Filius
2712 4481 2901 4552 viginti
2929 4482 3170 4554 quinque
3195 4499 3464 4538 annorum

205 4570 373 4624 αὐτοῦ
423 4571 744 4642 Ἰωακείμ.»
779 4566 873 4635 Οἷς
909 4571 1031 4642 ἐξῆς
1091 4573 1351 4642 ἐπιλέγει’
1409 4593 1428 4626 ι
1451 4575 1576 4638 Υἱὸς
1607 4576 1806 4628 εἰκοσι-

204 4663 369 4740 πέντε
406 4662 560 4715 ἐτῶν
606 4662 856 4732 Ἰωακεὶμ
873 4665 929 4716 ἐν
956 4663 1032 4734 τῷ
1061 4664 1362 4734 βασιλεύειν
1383 4666 1560 4719 αὐτόν·
1600 4667 1693 4720 καὶ
1721 4666 1807 4719 ἐν·

202 4751 338 4805 δεκα
368 4752 471 4824 ἐτη
511 4753 937 4808 ἐϐασίλευσενέν
971 4756 1375 4827 Ἰερουσαλήμί
1399 4755 1479 4820 οἷς
1513 4758 1804 4828 μεθέτερα

203 4844 484 4913 ἐπιλέγει·
531 4866 552 4896 ί
579 4845 688 4897 Καὶ
715 4845 783 4899 τά
803 4845 965 4900 λοιπά
1015 4846 1122 4901 τῶν
1151 4847 1324 4916 λόγων
1382 4849 1657 4918 Ἰωακεὶμ,
1711 4849 1804 4902 καὶ

204 4935 389 4989 πάντα
418 4939 532 4990 ὅσα
555 4937 827 5007 ἐποίησεν,
853 4939 953 4990 οὐκ
1006 4938 1114 4992 ίδοὺ
1167 4938 1525 5010 γεγραμμένα
1575 4939 1669 4990 ἐπὶ
1721 4938 1794 5008 βιο

199 5026 341 5097 ϐλίῳ
366 5027 562 5095 λόγων
587 5028 694 5082 τῶν
725 5028 947 5100 ἡμερῶν
981 5032 1094 5092 τοῖς
1124 5029 1428 5101 βασιλεῦσιν
1476 5029 1678 5094 Ἰούδα;
1705 5032 1800 5083 καὶ

199 5117 485 5189 ἐκοιμήθη
527 5119 786 5189 Ἰωακεὶμ
846 5120 983 5190 μετά
1009 5121 1117 5174 τῶν
1169 5122 1422 5193 πατέρων
1483 5121 1666 5185 αὑτοῦ,
1706 5123 1801 5175 καὶ

197 5209 579 5268 ἐϐασίλευσεν
617 5209 870 5282 Ἰωακεὶμ
929 5212 1040 5275 υίὸς
1095 5213 1263 5266 αὑτοῦ
1317 5215 1429 5268 ἀντ’
1463 5211 1648 5264 αὑτοῦ·
1689 5213 1800 5275 υἱὸς

195 5299 348 5352 ὀκτὼ
381 5301 486 5354 καὶ
516 5299 653 5354 δέκα
683 5303 820 5355 ἐτῶν
863 5303 1114 5376 Ἰωακεὶμ
1142 5307 1198 5359 ἐν
1239 5306 1314 5377 τῷ
1370 5305 1674 5376 βασιλεύειν
1701 5307 1796 5358 αύ-

271 5455 324 5487 ⁸⁸
366 5451 444 5508 IV
485 5451 630 5526 Reg.
665 5470 838 5522 nm,
872 5457 960 5511 55.

269 5609 391 5676 (I9)
436 5608 689 5667 Tractus
714 5611 803 5664 hic
831 5609 1065 5666 refertur
1101 5611 1263 5666 etiam
1291 5612 1345 5667 in
1377 5609 1576 5666 Niceta:
1605 5619 1796 5666 catena

193 5679 499 5752 φιλ-ναι.
533 5683 610 5752 ρ,
648 5682 685 5733 f.
717 5680 805 5743 67,
843 5681 945 5736 hoc
987 5682 1142 5752 initio
1181 5682 1295 5752 :‘Ei
1326 5681 1433 5752 γὰρ
1471 5682 1562 5752 καὶ
1590 5680 1795 5752 δώδεκα

192 5749 460 5804 δοκοῦσιν
500 5744 645 5806 εἶναι
677 5753 722 5803 οἱ
759 5752 813 5804 ἐν
841 5755 903 5822 τῇ
938 5751 1094 5824 τρίτη
1128 5744 1347 5822 διαδοχῇ
1375 5744 1793 5820 γενεαλογούμε-

1901 4583 2018 4629 erat
2047 4573 2358 4638 Joaeimus,
2392 4584 2444 4628 et
2471 4574 2630 4629 annis
2663 4574 2912 4628 undecim
2941 4578 3186 4646 regnavit
3212 4575 3467 4632 Hieroso-

1901 4666 2079 4738 lymis.
2106 4685 2125 4719 ι
2148 4666 2360 4722 Rursus
2388 4666 2644 4736 deinceps
2691 4667 2947 4736 praedicta
2977 4667 3202 4722 historia
3229 4687 3242 4723 :
3274 4685 3295 4720 ι
3319 4667 3464 4724 ΒεΙὶσ

1901 4774 2006 4827 qua
2045 4766 2226 4814 autem
2258 4771 2572 4812 sermonum
2603 4755 2834 4811 Joacimi
2867 4765 2920 4810 et
2945 4757 3126 4812 omnia
3155 4774 3275 4828 qua:
3303 4759 3465 4826 fecit,

1900 4865 2081 4904 nonne
2108 4864 2238 4904 ecce
2264 4853 2464 4918 scripta
2491 4856 2618 4903 sunt
2648 4849 2700 4901 iu
2731 4847 2871 4904 libro
2899 4863 3216 4905 sermonum
3253 4849 3464 4905 dierum

1907 4957 2091 5010 regum
2121 4938 2321 4995 ειυᾶωῖ
2356 4939 2421 4992 Εῑ
2452 4937 2712 4993 dormivit
2743 4936 3024 4992 Joacimus
3055 4953 3178 4992 cum
3214 4940 3466 5009 patribus

1905 5033 2018 5087 suis
2049 5051 2062 5088 :
2101 5031 2450 5102 regnavitque
2481 5030 2759 5086 Joacimus
2792 5029 2936 5085 Illius
2967 5030 3087 5100 ejus
3135 5046 3232 5101 pro
3259 5047 3344 5087 eo.
3377 5031 3452 5086 Fl~

1905 5124 2009 5178 lius
2031 5122 2332 5177 octodecim
2359 5136 2624 5175 annorum
2651 5127 2767 5174 erat
2795 5117 3071 5184 Joacimus
3094 5135 3215 5174 cum
3242 5135 3467 5192 regnare

1903 5214 2106 5283 cmpit,
2145 5213 2429 5282 tribusque
2461 5210 2742 5266 mensibus
2777 5209 3024 5280 regnavit
3053 5210 3463 5283 Hierosolymis.

1905 5305 2113 5359 Nomen
2160 5305 2352 5359 matris
2392 5305 2514 5374 ejus
2558 5302 2750 5359 Estha.
2783 5301 2850 5354 Et
2896 5300 3025 5357 fecit
3053 5303 3251 5357 malum
3278 5318 3464 5359 coram

1906 5627 2006 5674 νοι,
2043 5609 2157 5664 ἀλλ’
2195 5609 2374 5690 εύροις
2418 5610 2483 5665 ἂν
2519 5608 2849 5690 ἀκριϐώσας,
2899 5622 3026 5681 ctc.,
3066 5620 3121 5668 ut
3154 5612 3293 5684 apud
3323 5612 3462 5668 hanc

1905 5690 2156 5737 nostram
2179 5689 2450 5750 cpitomen
2483 5689 2751 5752 sequitur.
