4054 6408
197 358 292 416 929

199 466 463 531 ἐκαθέζετο
487 462 958 535 garriamus:an
987 478 1090 514 που
1121 458 1181 523 ἐξ
1219 460 1509 527 ἐλέφαντος
1537 456 1631 509 καὶ
1660 455 1752 520 ξύ·
1781 460 1825 514 Α

197 559 293 613 λων
336 554 729 624 πεποιημένον,
778 550 963 624 χρυσῷ
1014 569 1074 604 τε
1107 551 1200 603 καὶ
1247 548 1413 613 λίθοις
1456 547 1750 618 βασιλικοῖς

198 646 604 719 κεκοσμημένον⁸
635 644 754 699 καθ’
781 644 965 717 ἕτερον
996 644 1051 696 δὲ
1080 643 1201 697 καθ’
1234 642 1293 697 δν
1322 643 1421 714 τὴν
1453 642 1626 714 ἀρχὴν
1657 642 1753 695 αύ-

193 744 282 815 τὴν
308 742 395 796 καὶ
424 737 519 809 τὴν
542 736 682 792 κατὰ
706 738 902 801 παντὸς
931 735 1024 791 τοῦ
1052 736 1235 800 ἔθνους
1278 734 1593 808 ἡγεμονίαν,
1624 733 1752 806 θρό-

194 853 275 890 νον
305 831 570 904 βασιλείας
610 830 880 902 εἰώθαμεν
926 829 1239 885 ἀποκαλείν’
1273 829 1455 900 τρίτος
1508 828 1574 881 ἂν
1602 827 1750 899 παρὰ

190 930 307 994 τοὺς
333 924 650 997 εἰρημένους
705 924 920 995 λεχθείη
949 923 1148 995 τρόπος
1172 963 1187 988 ,
1228 920 1351 975 καθ’
1385 920 1444 973 ὃν
1491 920 1521 972 6
1574 921 1738 989 ἐπηγο

192 1019 434 1091 γελμένος
466 1017 569 1070 ὑπὸ
600 1016 694 1071 τοῦ
720 1015 855 1070 Θεοῦ
893 1015 971 1087 τῷ
1020 1015 1187 1069 Δαϐὶδ
1213 1014 1400 1086 θρόνος
1426 1012 1748 1084 ὀνομασθείη

190 1108 253 1161 ἂν
278 1104 458 1169 αὑτοῦ,
492 1106 593 1159 οὐκ
622 1105 706 1174 ἐφ’
730 1105 789 1159 ὃν
809 1106 970 1169 αὐτὸς
994 1103 1282 1175 ὲκαθέσθη,
1307 1103 1418 1156 ἀλλ’
1444 1103 1503 1157 ὃν
1534 1102 1623 1156 διὰ
1644 1102 1751 1157 τῶν

190 1199 313 1271 πρὸς
341 1199 498 1253 αὑτὸν
520 1197 837 1271 θεοπρεπῶν
859 1199 909 1251 οἱ
936 1198 1068 1251 θεῖοι
1101 1197 1248 1265 λόγοι
1294 1196 1627 1267 περιέχουσι*
1659 1197 1752 1265 γέ-

190 1306 413 1362 γραπται
443 1287 550 1359 γὰρ
607 1290 665 1342 ὲν
720 1286 1061 1359 ὀγδοηκοστῷ
1108 1286 1279 1358 ὀγδόῳ
1323 1285 1539 1358 ψαλμῷι
1582 1305 1600 1338 ι
1665 1286 1750 1351 Ὡς

187 1381 361 1453 ὤμοσα
390 1378 554 1432 Δαϐὶδ
574 1378 651 1450 τῷ
679 1378 849 1450 δούλῳ
880 1396 1004 1449 μου,
1021 1378 1124 1442 ἕως
1145 1376 1238 1431 τοῦ
1260 1376 1453 1441 αἰῶνος
1481 1378 1751 1447 ἑτοιμάσω

188 1472 243 1527 rb
274 1472 486 1543 σπέρμα
518 1472 771 1526 cev-xui
823 1471 1161 1544 οἰκοδομήσω
1206 1473 1287 1535 εἰς
1320 1470 1511 1540 γενεὰν
1541 1471 1633 1523 καὶ
1661 1485 1752 1537 γε·

187 1564 301 1619 νεέιν
361 1563 447 1617 τὸν
527 1563 714 1635 θρόνον
778 1579 895 1617 σου.
930 1580 949 1614 ι
988 1562 1098 1616 Καὶ
1157 1561 1339 1616 πάλιν·
1378 1580 1397 1612 ι
1436 1559 1546 1614 Καὶ
1588 1558 1748 1631 θήσο-

188 1673 277 1727 μαι
306 1656 382 1719 εἰς
430 1654 522 1708 τὸν
555 1654 723 1707 αἰῶνα
754 1653 848 1709 τοῦ
904 1653 1099 1717 αἰῶνος
1163 1653 1225 1706 τὸ
1284 1650 1508 1723 σπέρμα
1561 1648 1747 1714 αὐτοῦ,

183 1747 373 1802 καὶτὸν
401 1745 589 1817 θρόνον
627 1744 791 1799 αὐτοῦ
814 1745 887 1810 ὡς
919 1744 1019 1809 τὰς
1052 1745 1263 1817 ἡμέρας
1292 1744 1383 1797 τοῦ
1440 1742 1692 1815 ούρανοῦ.
1723 1762 1743 1795 ι

724 348 1191 420 ρῐὲιΕΒἹΊΟΝΕΞ
1230 344 1692 401 EVANGELICAZ
1732 345 1752 398 ,Α

1859 342 2297 398 SPEPHANUM.
2342 375 2410 385 —-
2449 342 2779 411 QUESTIO
2819 343 2934 400 XV.

3324 346 3428 403 959

1856 457 1908 510 in
1952 472 2061 526 quo
2100 472 2192 511 rex
2240 456 2480 520 residet,
2525 457 2689 513 ebore
2728 466 2856 527 puta
2905 456 3177 530 lignisque
3200 472 3426 537 compa-

1851 557 1999 606 ctum
2018 589 2034 616 ,
2056 564 2303 621 auroque
2328 556 2384 604 et
2411 550 2577 621 regiis
2598 548 2870 620 lapidibus
2908 560 3256 607 exornatum.
3303 552 3428 608 Alio

1848 642 2045 706 modo,
2085 657 2196 713 quo
2242 640 2534 712 imperium
2564 641 2745 711 ipsum
2774 648 2939 711 atque
2967 641 3208 698 universi
3237 645 3427 714 populi

1851 734 2112 789 ducatum
2134 773 2149 800 ,
2175 733 2437 789 thronum
2465 733 2618 803 regni
2650 733 2896 789 solemus
2921 748 3140 790 vocare.
3172 733 3423 801 Tertius,

1851 835 2049 895 praeter
2071 824 2361 896 prmdictos
2380 866 2394 891 ,
2426 824 2622 880 modus
2645 832 2765 889 est,
2787 840 2897 894 quo
2926 824 3016 880 ille
3041 842 3072 881 a
3098 825 3211 883 Deo
3236 827 3428 885 Davidi

1852 918 2163 989 promissus
2201 919 2464 985 thronus,
2498 917 2607 973 dici
2642 926 2821 988 potest
2855 918 3090 975 thronus
3122 921 3279 991 ejus,
3315 933 3427 978 non

1851 1007 1908 1063 in
1936 1023 2048 1078 quo
2078 1008 2196 1079 ipse
2224 1008 2464 1073 sederit,
2490 1008 2584 1064 sed
2614 1022 2776 1078 quem
2804 1022 2901 1078 per
2930 1008 3175 1065 coelestia
3204 1010 3271 1065 ad
3302 1027 3429 1068 eum

1851 1101 2116 1157 vaticinia
2165 1100 2366 1158 divinae
2414 1102 2613 1157 litterae
2663 1103 2970 1159 continent.
3021 1101 3303 1174 Scriptum
3341 1112 3428 1162 est

1852 1194 1998 1251 enim
2025 1195 2083 1251 in
2107 1195 2447 1266 octogesimo
2472 1204 2669 1250 octavo
2696 1194 2911 1266 psalmo
2941 1215 2954 1249 :
2981 1214 3000 1247 ι
3017 1192 3208 1251 Juravi
3236 1182 3427 1252 Davidi

1854 1304 2015 1344 servo
2052 1304 2215 1345 meo:
2254 1288 2441 1360 Usque
2488 1289 2545 1344 in
2592 1290 2855 1345 saeculum
2889 1289 3206 1361 prmparabo
3241 1304 3427 1346 semen

1855 1390 2007 1435 tuum
2032 1397 2047 1448 ;
2073 1387 2127 1435 et
2156 1380 2411 1437 thronum
2447 1390 2597 1436 tuum
2628 1381 2912 1437 aediﬁcabo
2938 1382 2993 1436 in
3021 1383 3426 1452 generationem

1851 1481 1908 1529 et
1934 1473 2368 1544 generationem.
2400 1492 2419 1526 ι
2450 1472 2515 1527 Et
2546 1488 2744 1528 rursus
2774 1492 2789 1528 :
2822 1491 2841 1524 ι
2880 1472 3200 1544 Ponamque
3234 1472 3293 1528 in
3321 1487 3425 1529 απ-

1853 1562 2038 1619 culum
2080 1562 2267 1619 saeculi
2311 1577 2498 1618 semen
2538 1562 2695 1633 ejus,
2741 1570 2797 1618 et
2832 1563 3091 1618 thronum
3131 1562 3254 1633 ejus
3283 1562 3427 1619 sicut

1853 1653 1970 1711 dies
2016 1654 2164 1709 cmli.
2195 1674 2214 1707 ι
2245 1653 2312 1708 Et
2351 1654 2572 1709 denuo:
2606 1654 2843 1715 «Semel
2887 1655 3074 1725 juravi
3120 1656 3179 1710 in
3230 1663 3428 1711 sancto

1852 1761 2009 1811 meo,
2034 1748 2081 1803 si
2109 1746 2301 1801 Davidi
2328 1746 2598 1814 mentiar;
2629 1762 2817 1803 semen
2841 1747 2961 1817 ejus
2981 1755 3163 1802 manet
3187 1747 3243 1802 in
3268 1754 3428 1803 utero

185 1841 284 1893 Καὶ
315 1838 490 1892 πάλινο
530 1857 549 1889 ι
590 1837 772 1903 Ἀπαξ
799 1837 987 1910 ὤμοσα
1010 1840 1068 1891 ἐν
1098 1838 1175 1909 τῷ
1220 1838 1360 1907 ἁγίῳ
1413 1854 1535 1908 μου,
1589 1839 1637 1889 εἰ
1669 1836 1748 1908 τῷ

1855 1851 2007 1894 num.
2070 1835 2329 1893 Thronus
2384 1837 2506 1907 ejus
2549 1846 2813 1909 tanquam
2867 1837 2953 1894 sol
3008 1838 3065 1893 in
3119 1845 3425 1911 conspectu

182 1929 333 1984 Δασὶδ
360 1929 655 2001 ψεύσομαι,
688 1930 749 1983 τὸ
783 1929 1005 2002 σπέρμα
1029 1927 1194 1983 αὐτοῦ
1224 1930 1305 1992 εἰς
1332 1929 1420 1981 τὸν
1456 1928 1628 1983 αἰῶνα
1656 1929 1753 1999 μέ-

182 2039 272 2089 νει,
299 2025 390 2076 καὶ
416 2025 444 2076 6
477 2021 670 2093 θρόνος
693 2020 856 2075 αὐτοῦ
888 2020 964 2084 ὡς
987 2022 1015 2074 6
1048 2019 1199 2090 ἥλιος
1226 2018 1468 2072 ἐναντίον
1505 2036 1626 2089 μου,
1659 2018 1753 2074 καὶ

179 2116 249 2177 ὡς
273 2117 305 2186 ή
329 2115 530 2186 σελήνη
560 2111 970 2184 κατηρτισμένη
998 2113 1077 2176 εἰς
1100 2110 1191 2164 τὸν
1219 2109 1411 2174 αἰῶνα,
1446 2110 1541 2163 καὶ
1566 2112 1594 2163 6
1622 2109 1754 2180 μάρ-

180 2223 266 2269 τυς
298 2207 354 2259 ἑν
384 2205 603 2278 οὐρανῷ
630 2205 874 2270 πιστός.»
1576 2194 1583 2201 ’

242 2295 302 2366 β’.
350 2297 505 2351 Ἐπεὶ
533 2296 710 2349 τοίνυν
735 2295 921 2368 θρόνον
972 2295 1049 2358 ὡς
1080 2294 1179 2358 τὰς
1211 2292 1421 2366 ἡμέρας
1470 2293 1562 2347 τοῦ
1592 2294 1752 2364 0691—

180 2386 285 2452 νοῦ,
315 2387 407 2441 καὶ
432 2387 512 2451 ὡς
539 2387 629 2439 τὸν
663 2386 834 2440 αἰῶνα
862 2385 1184 2457 διαμένοντα
1232 2384 1422 2439 δώσειν
1450 2383 1752 2455 ἐπήγγελτο

177 2478 257 2533 διὰ
281 2479 387 2534 τῶν
410 2480 725 2552 εἰρημένων
761 2481 789 2533 6
821 2479 953 2543 Θεὸς
1002 2478 1081 2550 τῷ
1113 2478 1298 2541 Δαείδ,
1333 2476 1499 2549 πολλὴ
1525 2478 1625 2549 μέν
1669 2494 1752 2542 τις

175 2566 238 2641 ἦν
267 2572 350 2626 διὰ
377 2572 556 2628 ταῦτα
604 2570 682 2642 τῷ
729 2574 893 2626 παντί
932 2573 1199 2627 Ἰουδαίων
1256 2572 1398 2626 ἔθνει
1456 2572 1751 2643 προσδοκία

178 2666 295 2736 περί
327 2666 420 2720 τοῦ
442 2665 779 2738 δηλωθέντος
812 2666 1022 2739 θρόνου·
1054 2666 1259 2737 βραχὺν
1317 2665 1375 2719 δὲ
1419 2664 1611 2736 χρόνον
1655 2665 1749 2718 τοῦ

176 2756 327 2809 saeta
380 2756 761 2828 ἡγησαμένου,
816 2757 910 2810 καὶ
966 2757 1274 2828 Σολομῶνος
1326 2758 1441 2829 μετ’
1476 2757 1658 2821 αὐτὸν,
1688 2756 1748 2811 οὐ

179 2842 276 2917 μὴν
297 2846 432 2902 ἀλλὰ
461 2849 565 2901 καὶ
587 2848 694 2902 τῶν
714 2848 975 2919 διαδόχων
1006 2849 1106 2920 τῆς
1132 2849 1310 2904 αὐτῶν
1364 2849 1639 2919 βασιλείας
1671 2851 1751 2913 εἰς

186 2938 425 3008 Ἰεχονίαν
454 2940 560 2993 καὶ
610 2940 710 3011 τὴν
742 2941 821 3005 εἰς
853 2939 1151 2994 Βαῦυλῶνα
1179 2940 1553 3013 αἰχμαλωσίαν
1584 2957 1752 2994 κατα-

175 3030 541 3102 πρεψάντων,
567 3031 643 3095 ὡς
670 3032 729 3099 ἐξ
751 3031 959 3086 ἐκείνου
992 3032 1243 3086 λελύσθαι
1280 3034 1372 3086 τὸν
1416 3032 1601 3105 θρόνον
1650 3034 1751 3107 τῆς

173 3120 447 3189 βασιλείας.
468 3121 663 3186 Δαϐἰδ,
712 3121 884 3176 ἐδόκει
914 3122 986 3177 τὰ
1036 3124 1138 3195 τῆς
1163 3123 1271 3178 τῶν
1295 3124 1452 3179 θείων
1486 3125 1748 3197 χρησμῶν

170 3216 491 3286 ἐπαγγελίας
539 3218 612 3288 μὴ
637 3216 1002 3272 συνίστασθαι·
1028 3217 1186 3270 τοῦτο
1225 3213 1319 3270 οὖν
1341 3217 1473 3271 αὐτὸ
1501 3218 1579 3290 τῷ
1620 3217 1748 3288 θείῳ

169 3302 434 3375 Πνεύματι
470 3306 644 3361 πάλιν
676 3307 705 3359 6
763 3306 926 3371 αὐτὸς
949 3306 1164 3378 ψαλμδς
1209 3308 1567 3380 προαγορεύει
1623 3308 1751 3378 ἑξῆς

169 3397 272 3458 τοῖς
297 3398 770 3471 προπαρατεθεῖσι
798 3398 995 3468 λέγων·
1052 3418 1071 3450 ι
1108 3398 1218 3452 Ποῦ
1241 3402 1347 3454 εἰσι
1380 3400 1447 3454 τὰ
1478 3401 1603 3473 ὲλὲη
1657 3418 1750 3454 σου

166 3483 231 3539 τὰ
254 3487 475 3559 ἀρχαῖα,
509 3488 715 3561 Κύριε,
742 3489 779 3544 ἃ
799 3489 1021 3562 ὤμοσας
1050 3489 1130 3561 τῷ
1155 3491 1318 3546 Δαϐὶδ
1337 3494 1394 3545 ὲν
1422 3496 1489 3565 τῇ
1525 3492 1754 3566 ἀληθείᾳ

169 3591 288 3644 σου;
331 3598 350 3630 ι
389 3581 504 3634 Καὶ
546 3580 728 3652 τήνγε
761 3580 1083 3654 καθαίρεσιν
1109 3582 1211 3653 τῆς
1265 3583 1543 3654 βασιλείας
1562 3583 1749 3651 αὐτοῦ,

164 3671 376 3744 καὶτῆς
405 3674 669 3745 διαδοχῆς
700 3673 996 3738 αὐτοῦ,τοῦ
1025 3675 1215 3747 θρόνου
1248 3693 1307 3729 τε
1337 3676 1435 3749 τὴν
1451 3693 1755 3748 καταστρο-

170 3761 268 3833 φὴν
302 3763 612 3838 διαρρήδην
660 3766 1018 3838 ὑποσημαίνει
1051 3767 1212 3823 πάλιν
1246 3767 1372 3838 ἑξῆς
1405 3767 1493 3822 διὰ
1525 3767 1749 3822 τούτων·

175 3873 192 3904 ι
226 3856 296 3908 Σὺ
323 3858 381 3911 δὲ
415 3859 633 3914 ἀπώσω
683 3860 777 3913 καὶ
822 3860 1205 3927 ὲξουδένωσας,
1242 3861 1434 3931 Rupe-:-
1489 3860 1752 3916 ἁνεϐόιλου

168 3946 254 4000 τὸν
282 3950 526 4022 Χριστόν
553 3969 672 4016 σου,
702 3953 1073 4027 κατέστρεψας
1106 3954 1203 4028 τὴν
1221 3955 1488 4028 διαθήκην
1516 3956 1607 4009 τοῦ
1628 3956 1750 4009 δού-

167 4037 256 4093 λου
290 4060 408 4111 σου,
438 4043 794 4115 ἐϐεὸήλωσας
820 4049 901 4111 εἰς
928 4048 1027 4120 τὴν
1051 4047 1154 4120 γῆν
1177 4049 1237 4101 τὸ
1257 4048 1503 4119 ἁγίασμα
1528 4048 1746 4102 αὐτοῦ’»

168 4133 260 4187 καὶ
284 4136 564 4207 ἐπιφέρει*
603 4153 623 4187 ι
662 4135 754 4190 τὸν
786 4136 975 4209 θρόνον
1001 4138 1167 4193 αὐτοῦ
1205 4140 1285 4203 εἰς
1315 4140 1412 4211 τὴν
1434 4141 1536 4211 γῆν
1563 4140 1733 4213 κατέρ

167 4225 349 4298 ῥήξας.
366 4248 387 4280 ι

234 4325 304 4387 γ’.
332 4320 529 4378 Ταῦτα
561 4322 741 4378 πάντα
764 4324 904 4377 κατὰ
923 4323 985 4377 τὸ
1016 4324 1146 4377 αὐτὸ
1168 4323 1389 4393 συνάγει
1419 4325 1480 4377 τὸ
1505 4323 1749 4395 Πνεῦμα,

166 4418 451 4486 μονονουχὶ
486 4415 815 4487 βουλόμενον
840 4418 989 4487 ἡμᾶς
1027 4416 1255 4485 διδάξαι,
1304 4418 1385 4471 ὅτι
1411 4418 1472 4471 οὐ
1501 4416 1751 4489 περὶτῆς

1852 1946 1977 1987 meo
1997 1971 2013 1997 ,
2045 1939 2100 1987 et
2129 1932 2275 1987 sicut
2308 1932 2437 1987 luna
2465 1931 2708 2003 perfecta
2742 1932 2797 1985 in
2823 1938 3092 1987 aeternum
3122 1949 3138 2001 ;
3175 1938 3231 1988 et
3262 1932 3426 1989 testis

1853 2026 1911 2080 in
1943 2025 2084 2081 cmlo
2116 2024 2313 2081 iidelis.
2348 2043 2367 2076 ι

1921 2296 1975 2350 2.
2018 2296 2192 2367 Igitur
2235 2298 2363 2368 quia
2406 2298 2699 2364 thrcnnm,
2749 2307 3011 2370 tanquam
3055 2301 3175 2357 dies
3217 2302 3343 2358 cali
3370 2310 3427 2361 et

1851 2397 2113 2457 tanquam
2164 2389 2337 2445 solem
2382 2398 2437 2444 et
2487 2390 2709 2458 lunam,
2751 2392 2806 2445 in
2854 2392 3054 2447 secula
3097 2391 3425 2450 duraturum

1850 2480 2179 2548 promiserat
2210 2478 2400 2534 Davidi
2431 2481 2615 2537 verbis
2638 2481 2917 2551 prmdictis
2942 2481 3112 2547 Deus,
3134 2491 3426 2555 prepterea

1850 2570 2022 2625 multa
2047 2577 2167 2625 erat
2194 2572 2250 2626 in
2286 2572 2543 2628 universa
2576 2571 2891 2628 Judmorum
2934 2584 3094 2647 gente
3137 2574 3428 2645 signiﬁcati

1850 2663 2032 2718 throni
2049 2665 2407 2734 exspectatio.
2434 2664 2681 2737 Cumque
2704 2667 2856 2722 brevi
2883 2675 3128 2739 tempore
3158 2671 3430 2742 principa-

1850 2764 1965 2811 tum
1986 2758 2248 2827 gessisset
2272 2756 2443 2812 David
2459 2799 2474 2824 ,
2501 2767 2556 2814 et
2573 2767 2697 2829 post
2713 2761 2862 2815 hunc
2884 2760 3171 2828 Salomon,
3196 2771 3250 2819 et
3270 2779 3429 2835 reges

1851 2848 2047 2904 borum
2073 2864 2427 2906 successores
2450 2851 2506 2906 in
2525 2849 2791 2907 Jechonia
2821 2868 2885 2908 ac
2900 2853 3231 2926 Babylonica
3254 2857 3430 2928 capti—

1852 2937 2024 2992 vitate
2051 2938 2422 2995 cessavissent
2449 2981 2464 3006 ,
2501 2941 2577 2995 ita
2618 2949 2679 2996 ut
2718 2951 2845 3013 post
2886 2942 2941 2997 id
2982 2953 3200 3015 tempus
3242 2948 3430 3018 regius

1851 3028 2076 3087 Davidis
2103 3030 2338 3089 thronus
2371 3033 2668 3090 subversas
2706 3034 2911 3104 fuerit;
2952 3038 3285 3095 videbantur
3310 3053 3423 3097 non

1852 3121 1956 3178 sibi
1985 3131 2241 3180 constare
2269 3124 2582 3181 divinorum
2607 3128 2959 3184 oraculorum
2996 3132 3421 3200 promissiones.

1851 3210 2217 3279 Quamobrem
2238 3215 2429 3270 eodem
2449 3214 2637 3288 divino
2656 3217 2863 3289 Spiritu
2888 3234 3108 3276 rursum
3133 3222 3430 3292 praedictus

1852 3306 2118 3377 psalmus,
2148 3318 2348 3377 praeter
2379 3318 2507 3367 ante
2531 3311 2698 3377 dicta,
2729 3312 2812 3367 sic
2840 3312 3114 3385 loquitur:
3135 3314 3275 3372 «Ubi
3300 3326 3432 3373 sunt

1851 3397 2248 3455 misericordiae
2283 3408 2391 3457 tum
2429 3404 2705 3474 antiquae,
2745 3403 3004 3472 Domine,
3048 3422 3186 3479 quas
3224 3408 3427 3479 jurasti

1855 3488 2047 3549 Davidi
2092 3492 2149 3547 in
2185 3495 2420 3552 veritate
2446 3498 2584 3553 tua?
2607 3516 2626 3549 ι
2655 3496 2796 3551 Tum
2834 3498 2999 3555 etiam
3029 3501 3184 3571 regni
3212 3502 3335 3573 ejus
3359 3518 3425 3559 ac

1852 3586 2224 3642 successionis
2249 3588 2523 3645 excidium
2556 3591 2852 3663 thronique
2875 3594 3216 3650 eversionem
3242 3602 3429 3666 aperte

1852 3676 2033 3731 innuit
2064 3677 2121 3732 in
2168 3681 2560 3749 sequentibus:
2594 3699 2613 3732 ι
2642 3680 2725 3737 Tu
2765 3698 2898 3739 vero
2936 3686 3183 3755 repulisti
3230 3695 3285 3741 et
3325 3685 3425 3743 de-

1853 3768 2079 3839 spexisti
2100 3807 2115 3833 ,
2140 3767 2369 3826 Domine
2396 3789 2412 3838 ;
2442 3770 2710 3827 distulisti
2735 3772 3019 3829 Christum
3045 3782 3203 3831 tuum
3233 3795 3248 3843 ;
3273 3791 3426 3832 ever-

1851 3861 1968 3917 tisti
2019 3869 2411 3918 testamentum
2458 3864 2601 3920 servi
2650 3865 2769 3931 tui;
2818 3865 3126 3937 profanasti
3176 3867 3233 3922 in
3277 3875 3427 3926 terra

1852 3955 2230 4010 sanctuarium
2258 3956 2382 4029 ejus
2402 3974 2450 4024 ;l
2470 3956 2731 4030 additque
2756 3977 2769 4013 :
2809 3976 2829 4009 σ
2852 3967 2907 4015 et
2933 3959 3189 4016 thronum
3216 3961 3338 4032 ejus
3370 3961 3427 4017 in

1853 4052 2055 4100 terram
2085 4047 2357 4103 collisisti.
2381 4068 2401 4100 ι

1920 4320 1975 4376 3.
2014 4317 2139 4375 Haec
2176 4317 2362 4374 omnia
2396 4318 2714 4375 summatim
2754 4318 2963 4391 colligit
2990 4318 3213 4378 divinus
3244 4321 3425 4394 Spiri-

1854 4418 1946 4467 tus
1964 4450 1981 4476 ,
2013 4409 2407 4482 propemodum
2434 4408 2633 4465 docere
2663 4424 2766 4466 nos
2794 4409 3014 4477 volens,
3045 4409 3193 4465 haud
3217 4412 3428 4469 visibile

164 4501 446 4572 βασιλείας
501 4509 609 4580 τῆς
659 4508 945 4580 αἰσθητῆς,
1003 4510 1121 4563 οὐδὲ
1147 4510 1273 4581 περὶ
1318 4508 1411 4564 τοῦ
1439 4509 1627 4582 θρόνου
1656 4507 1750 4562 τοῦ

1857 4518 2083 4576 regnum
2125 4502 2317 4559 Davidi
2359 4500 2531 4559 fuisse
2565 4503 2900 4575 promissum
2944 4519 3125 4575 neque
3167 4504 3426 4561 thronum

71 4600 74 4605 ’
165 4602 634 4675 σωματικῷ-,τερον
654 4603 943 4676 νοουμένου
976 4605 1032 4658 αἰ
1059 4605 1195 4676 πρὸς
1218 4604 1379 4659 Δασιδ
1421 4600 1559 4677 ἦσαν
1584 4606 1752 4674 ἐπαγ-

164 4692 360 4759 γελίαι·
388 4697 451 4749 αἰ
483 4697 588 4769 μὲν
618 4695 727 4767 γὰρ
752 4696 878 4769 περί
914 4714 1059 4761 τινος
1082 4697 1301 4752 αἰωνίου
1351 4696 1564 4768 θρόνου,
1601 4698 1758 4751 ἀπει-

162 4786 473 4859 καζομένου
539 4789 680 4860 ήλίῳ
730 4791 825 4844 καὶ
862 4789 1097 4862 οὐρανῷ,
1159 4790 1504 4861 διαμένοντός
1557 4808 1617 4845 τε
1677 4791 1755 4854 εἰς

164 4877 358 4944 αἰῶνα,
386 4880 819 4953 προεθέσπιζοψ
861 4884 894 4953 ἡ
919 4882 975 4936 δέ
999 4899 1062 4951 γε
1088 4881 1183 4936 τοῦ
1230 4882 1394 4937 Δαὸὶδ
1448 4882 1691 4953 βασιλεία
1720 4884 1754 4953 ὴ

162 4967 419 5043 αἰσθητή,
450 4971 641 5043 χρόνῳ
671 4971 859 5025 λέλυτο
886 4973 986 5026 ούκ
1027 4973 1106 5036 εἰς
1138 4971 1365 5044 μακρόν·
1394 4973 1616 5037 εἰκότως
1649 4990 1757 5026 τοι·

161 5060 370 5132 γαροῦν
409 5062 514 5117 τὀὖ
558 5062 751 5135 θρόνου
805 5062 902 5134 τῆς
951 5061 1217 5135 αἰσθητῆς
1268 5062 1542 5134 βασιλείας
1595 5062 1757 5118 Δαδὶδ

160 5152 258 5224 τὴν
283 5153 622 5226 καθαίρεσιν
647 5154 987 5226 ὑπογράψας,
1002 5154 1093 5208 καὶ
1118 5152 1306 5217 εἰπὼν,
1332 5154 1423 5206 τὸν
1443 5152 1629 5225 θρόνον
1657 5154 1756 5206 αύ-

161 5246 255 5300 τοῦ
283 5249 366 5313 εἰς
393 5247 500 5321 τὴν
536 5247 645 5320 γῆν
670 5247 1029 5321 κατέῤῥηξας,
1057 5248 1185 5320 περὶ
1208 5246 1302 5301 τοῦ
1347 5246 1435 5301 διὰ
1464 5247 1572 5300 τῶν
1598 5248 1756 5303 θείων

156 5334 437 5412 χρησμῶν
464 5342 885 5413 ὲπηγγελμένου
913 5340 1129 5395 αἰωνίου
1156 5340 1250 5393 καὶ
1297 5339 1543 5410 οὐρανίου
1566 5338 1755 5411 θρόνου

162 5428 292 5499 ἑξῆς
318 5430 427 5503 τὴν
456 5430 632 5502 εὐχὴν
657 5433 889 5485 ποιεῖται
932 5430 1125 5500 λέγων·
1172 5450 1190 5482 ι
1224 5428 1335 5483 Ποῦ
1387 5431 1491 5482 εἰσι
1533 5430 1600 5484 τὰ
1630 5429 1756 5501 ὲλέη

163 5537 257 5574 σου
283 5521 354 5576 τὰ
397 5524 641 5595 ἀρχαῖα,
687 5522 879 5595 Κύριε,
921 5522 959 5576 θ.
1001 5521 1224 5594 ὤμοσας
1276 5520 1352 5593 τῷ
1402 5520 1565 5575 Δαδὶδ
1607 5523 1664 5576 ἐν
1687 5524 1754 5594 τῇ

160 5614 394 5687 ἀληθείᾳ
445 5629 593 5679 σου;
627 5635 645 5666 ι
690 5615 971 5686 μονονουχὶ
1018 5614 1119 5678 τὰς
1172 5613 1425 5678 ὲκὸἁσεις
1484 5612 1593 5667 τῶν
1638 5611 1755 5684 μεθ’

158 5706 326 5777 ὅρκου
392 5705 848 5773 διαϐεϐαιώσεως
909 5706 1333 5782 ἐπηγγελμένων
1381 5705 1528 5778 αὐτῷ
1573 5707 1757 5772 τέλους

155 5802 339 5870 τυχεῖν
365 5799 570 5865 ἀξιῶν.

1854 4597 2215 4669 corporaliter
2244 4596 2679 4668 intelligendum.
2723 4597 2834 4652 Illae
2862 4596 3064 4668 quippe
3103 4597 3426 4668 promissio-

1856 4705 1955 4746 nes
1994 4689 2248 4745 thronum
2287 4688 2584 4759 quemdam
2622 4699 2888 4743 aeternum
2920 4687 3295 4743 vaticinantnr
3322 4688 3427 4744 soli

1854 4788 1910 4837 et
1946 4780 2091 4834 luna:
2128 4779 2379 4850 cmloque
2414 4778 2649 4834 similem
2675 4818 2690 4843 ,
2735 4778 2940 4848 quique
2980 4784 3274 4849 perpetuus
3310 4791 3428 4831 ma-

1856 4878 2002 4927 neat.
2044 4871 2209 4942 Atqui
2246 4869 2467 4926 Davidis
2494 4869 2714 4926 visibile
2741 4884 2968 4943 regnum
2997 4869 3145 4924 brevi
3180 4877 3428 4941 tempore

1856 4964 2096 5019 deletum
2128 4971 2234 5021 est.
2297 4961 2666 5031 Quamobrem
2695 4962 2821 5032 jure
2851 4976 2976 5017 cum
3005 4976 3131 5017 mox
3163 4961 3424 5025 dixisset.

1856 5057 2113 5112 thronum
2152 5054 2394 5110 Davidici
2433 5055 2585 5127 regni
2603 5053 2834 5110 visibilis
2875 5051 3043 5108 fuisse
3063 5053 3425 5118 subversum,

1864 5170 1882 5202 ι
1911 5150 2172 5204 thronum
2225 5147 2346 5218 ejus
2398 5147 2453 5201 in
2504 5154 2709 5202 terram
2760 5144 3052 5212 collisisti;
3089 5150 3247 5198 itum
3295 5158 3427 5199 vero

1856 5238 2044 5296 throni
2076 5239 2197 5309 ejus
2222 5239 2397 5310 gratia
2419 5278 2434 5302 ,
2466 5252 2629 5309 quem
2659 5236 2845 5291 divina
2890 5234 3115 5290 oracula
3161 5244 3426 5289 aeternum

1857 5333 2247 5403 caelestemque
2278 5332 2433 5385 aiunt
2455 5370 2470 5395 ,
2504 5344 2695 5400 preces
2730 5328 2921 5385 addit:
2953 5345 2971 5379 ι
3005 5324 3111 5381 Ubi
3151 5332 3280 5381 sunt
3325 5325 3427 5380 mi-

1856 5424 2171 5483 sericordia:
2200 5432 2307 5478 tuae
2333 5422 2573 5495 antiquae
2593 5465 2609 5491 ,
2638 5419 2868 5477 Domine
2887 5461 2902 5486 ,
2932 5433 3071 5491 quas
3092 5417 3292 5490 jurasti
3324 5415 3428 5470 Da-

1858 5517 1971 5574 vidi
2004 5519 2062 5573 in
2092 5517 2326 5573 veritate
2350 5523 2446 5571 tua
2462 5515 2489 5570 ’ἔ
2515 5534 2537 5568 ι
2560 5514 2763 5586 quibus
2786 5513 2971 5570 verbis
2996 5518 3182 5585 petere
3209 5509 3427 5567 videtur

1859 5620 1920 5667 ut
1965 5609 2361 5682 promissiones
2393 5614 2743 5666 sacramento
2783 5606 3010 5663 ﬁrmatae
3040 5604 3248 5662 exitum
3288 5614 3429 5658 nan-

1858 5704 2156 5760 ciscantur.
