4054 6408
233 342 336 396 955‘

937 465 1050 530 ις’.

227 567 926 672 ηέεὲτίὶξιίεέξηθςίεέξι
963 579 1149 672 ἐξὲξ
1173 581 1471 672 Μςιεθιιῖξς
1501 584 1787 672 “Mar

291 643 923 724 πζονῃιστορεῐὶ-όκδὲ.
948 643 1186 724 ᾼοὶυιᾶς
1229 653 1318 724 εἰς
1377 643 1785 724 Ἰερουσαλῆμ,

292 709 553 794 κάκεῖθεξν
706 712 967 794 Ναζαρὲθ
1008 709 1310 787 πρὸςίτῶιῖ
1345 709 1572 793 τοιῙέων
1617 709 1786 794 φέἕεί

289 783 421 833 σθαι
464 780 569 835 τὸν
608 780 862 850 Ἰησοῦνέ

286 897 351 950 α’.
392 897 602 961 Λουκᾶς
645 899 745 970 μὲν
782 901 873 956 τὸν
920 905 1112 977 καιρὸν
1148 907 1376 980 ἱστορῶν
1409 911 1510 981 τῆς
1550 913 1644 965 τοῦ
1677 914 1788 968 Σω-

218 988 376 1058 τῆρος
430 987 586 1058 ἡμῶν
642 989 937 1058 γενέσεως,
997 995 1097 1066 τῆς
1142 999 1453 1067 Αὐγούστου
1513 1001 1788 1072 βασιλείας

221 1077 533 1150 μνημονεύει
565 1081 660 1134 καὶ
687 1081 788 1152 τῆς
817 1085 938 1138 κατ’
973 1087 1132 1141 αὐτὸν
1166 1091 1492 1164 ἀπογραφῆς
1523 1110 1538 1124 ο
1562 1096 1695 1165 φησί
1727 1114 1786 1149 τε

218 1170 343 1241 μηδὲ
377 1171 664 1242 ἐσχηκέναι
720 1176 915 1241 αὐτοὺς
970 1180 1029 1232 ἐν
1083 1183 1148 1251 τῇ
1178 1179 1425 1254 Βηθλεέμ
1475 1187 1784 1259 κατάλυμα,

215 1263 439 1334 πλήθους
482 1264 736 1331 συνόντος
764 1267 842 1332 ὡς
879 1271 1027 1334 είκὸς
1058 1272 1116 1326 ἐν
1145 1276 1210 1345 τῇ
1245 1275 1491 1349 Βηθλεέμ
1535 1278 1640 1333 τῶν
1680 1281 1787 1333 ἀπὸ

211 1357 390 1423 γένους
421 1357 586 1410 Δαὸὶδ
614 1359 714 1430 τῆς
746 1362 1070 1437 ἀπογραφῆς
1097 1365 1310 1421 ἕνεκεν·
1358 1369 1439 1423 διὸ
1470 1372 1605 1442 μηδέ
1637 1373 1784 1426 οἴκου

210 1446 292 1499 τὸν
321 1447 515 1517 Ἰωσὴφ
543 1449 796 1521 εὐπορεῖ-δ
815 1470 826 1482 °
856 1455 977 1508 ὅθεν
996 1457 1256 1511 τεκοῦσάν
1287 1477 1419 1531 φησι
1446 1463 1543 1532 τὴν
1568 1465 1786 1534 Μαρίαν

210 1539 591 1608 σπαργανῶσαι
641 1542 700 1594 τὸ
759 1542 958 1615 βρέφος
1006 1548 1098 1600 καὶ
1144 1549 1438 1606 ἀποθέσθαι
1489 1555 1547 1606 ἐν
1587 1557 1783 1631 φάτνῃ,

207 1629 287 1682 διὰ
325 1631 383 1683 τὸ
421 1632 498 1702 μὴ
547 1628 687 1685 εἶναι
734 1636 916 1700 αὐτοῖς
978 1639 1142 1693 τόπον
1191 1642 1247 1692 ἐν
1287 1641 1366 1713 τῷ
1411 1628 1781 1718 καταλύματι·

207 1724 291 1776 καὶ
320 1726 463 1788 εἰκός
492 1743 554 1794 γε
585 1721 652 1798 ἦν
681 1727 949 1782 πλείστων
989 1732 1257 1785 συνόντων
1279 1735 1365 1788 διὰ
1397 1737 1497 1808 τὴν
1538 1739 1784 1812 ἀπογρα-

718 344 1182 413 ΟΟᾹΖΞΤΙΟΝΕδ
1223 352 1677 411 EVANGELICAE
1719 357 1762 411 A

1871 359 2295 419 STEPHANUM.
2343 392 2403 404 —
2439 365 2770 434 QUESTIO
2813 369 2954 427 XVI.

3365 376 3469 436 93.6

2611 479 2754 538 XVI.

1889 589 1995 672 ι)υρ
2025 589 2084 656 ﬁt
2111 599 2165 642 ut
2185 589 2520 672 Bethlelfemo
2537 592 2826 672 Mutthwus
2849 598 3056 672 quidem
3081 599 3465 672 iu_/Egyptum,

1957 658 2130 713 Lucas
2161 671 2336 736 autem
2364 662 2743 736 ﬂierosolyma
2769 658 2924 736 atque
2953 669 3079 725 inde
3105 658 3466 728 Ναιῖιῗὲιιηιηῖ

1958 746 1989 782 a
2005 731 2311 798 parentibus
2340 730 2575 788 delatum
2603 730 2781 791 narret
2798 730 3025 796 Iesum?

1898 917 1902 920 ‘
1959 906 2011 962 1.
2043 905 2220 963 Lucas
2249 908 2378 962 dum
2402 919 2617 981 tempus
2649 923 2824 979 notat,
2858 932 2967 987 quo
2995 917 3254 976 Servator
3280 933 3467 981 noster

1888 1004 2052 1052 natus
2078 1005 2181 1066 est,
2212 999 2443 1070 Augusti
2456 1017 2682 1073 regnum
2699 1016 2968 1063 memorat
2997 1025 3334 1085 censumque
3360 1020 3465 1072 sub

1887 1105 1952 1144 eo
1977 1090 2335 1161 descriptum.
2368 1092 2460 1148 Ait
2499 1102 2680 1150 autem
2716 1100 2964 1156 caruisse
3004 1117 3098 1159 eos
3121 1103 3462 1164 Bethlehemi

1887 1181 2215 1250 diversorio,
2266 1185 2337 1240 ob
2389 1193 2737 1256 posterorum
2796 1189 3020 1248 Davidis
3053 1195 3464 1256 multitudinem

1889 1273 2320 1340 Bethlehemum,
2354 1284 2414 1331 ut
2440 1280 2740 1336 verisimile
2761 1289 2866 1350 est,
2903 1295 3320 1344 concurrentem
3339 1305 3467 1361 pro-

1887 1365 2212 1422 titendorum
2265 1369 2549 1426 nominum
2603 1387 2771 1428 causa
2807 1390 3020 1445 :quare
3071 1393 3140 1436 ne
3167 1379 3462 1450 hospitium

1888 1459 2106 1528 quidem
2134 1458 2406 1530 Iosephus
2447 1473 2640 1520 nactus
2662 1474 2747 1520 est
2778 1485 2790 1520 :
2824 1468 2900 1522 ita
2935 1476 2994 1522 ut
3022 1468 3191 1526 Maria
3214 1473 3282 1526 ab
3299 1488 3465 1529 evan-

1887 1551 2076 1620 gelista
2110 1551 2326 1606 dicatur
2359 1561 2576 1624 partum
2627 1571 2789 1612 suum
2828 1558 3016 1617 fasciis
3043 1563 3343 1622 involvisse
3373 1575 3458 1620 at-

1887 1658 1994 1713 que
2024 1645 2077 1697 in
2111 1645 2339 1715 praesepi
2368 1647 2747 1714 reclinavisse,
2771 1651 2898 1721 quia
2923 1668 3030 1708 non
3055 1665 3173 1711 erat
3195 1657 3275 1712 eis
3306 1659 3463 1717 locus

1889 1736 1944 1790 in
1969 1736 2297 1794 diversorio.
2326 1737 2470 1795 Sane
2502 1741 2578 1795 nil
2610 1743 2809 1798 mirum
2833 1751 2917 1799 est
2945 1745 2990 1799 si
3019 1747 3090 1802 ob
3127 1748 3463 1807 conﬂuentes

206 1814 302 1886 φὴν
342 1817 415 1887 μὴ
448 1818 712 1891 εὐπορεῖν
749 1823 1129 1890 καταγωγίου,
1170 1825 1304 1879 ἀλλὰ
1330 1830 1442 1891 καὶ,
1469 1831 1649 1896 «Ὅτε,
1686 1851 1766 1904 φηη

1891 1828 1955 1882 ad
1980 1843 2204 1884 censum
2239 1831 2430 1887 turbas
2451 1832 2694 1902 hospitio
2718 1845 3032 1891 caruerunt.
3052 1837 3217 1894 Addit
3243 1839 3456 1897 Lucas:

204 1907 298 1970 civ,
321 1909 374 1960 αἱ
399 1910 603 1981 ἡμέραι
632 1912 978 1984 ἐπλήσθησαν
1007 1916 1099 1969 τοῦ
1124 1923 1440 1988 περιτεμεῖν
1467 1921 1629 1976 αὐτὸν
1650 1924 1776 1997 (χρὴ

201 1998 252 2050 δὲ
279 1998 432 2052 τοῦτο
473 2002 724 2070 γίνεσθαι
759 2005 920 2077 ὀγδόῃ
957 2008 1223 2080 μετάντὴν
1258 2010 1514 2076 άπότεξιν
1547 2015 1773 2088 ἡμέρᾳ),

201 2087 462 2162 ἀνήγαγον
492 2094 557 2146 τὸ
586 2095 796 2149 παιδίον
822 2100 901 2161 εἰς
937 2100 1303 2171 Ἱεροσόλυμα,
1339 2103 1433 2156 κα)⁸
1461 2105 1776 2172 τελέσαντες

199 2183 279 2235 ἐπ’
316 2185 462 2256 αύτῷ
513 2187 582 2240 τά
631 2191 1017 2262 νενομισμένα,
1065 2193 1289 2248 ἀπίασιν
1322 2197 1400 2261 εἰς
1436 2197 1710 2271 Ναζαρέθ.
1751 2219 1769 2252 ι

197 2275 402 2329 Τούτων
420 2295 499 2331 πα
508 2277 574 2348 ρὰ
591 2279 668 2350 τῷ
679 2281 860 2353 Λουκᾷ
884 2283 1148 2354 κειμένων
1167 2286 1378 2350 οὐδενὸς
1396 2290 1774 2360 μνημονεύσας

195 2367 221 2418 6
240 2367 542 2434 Ματθαῖος,
571 2376 981 2447 παραχωρήσας
1005 2375 1058 2428 δὲ
1085 2376 1159 2447 τῷ
1179 2378 1365 2450 Λουκᾷ
1391 2380 1458 2432 τά
1486 2382 1771 2452 εἰρημένα,

193 2458 341 2530 ἕτερα
371 2462 540 2525 αὐτὸς
564 2464 832 2536 διηγεῖται
852 2484 866 2497 ο
902 2468 1021 2521 τίνα
1049 2469 1105 2523 δέ
1131 2466 1198 2542 ἦν
1233 2470 1424 2534 ταῦτα,
1454 2472 1569 2525 ἀλλ’
1598 2474 1631 2543 ἢ
1661 2473 1770 2544 (‘22)

193 2549 294 2602 τῶν
324 2553 540 2622 Μάγων
573 2556 680 2609 ἀπὸ
715 2557 1002 2630 Ἀνατολῆς
1039 2560 1256 2630 ἄφιξις;
1299 2563 1637 2632 κινησάντων
1674 2565 1772 2635 μὲν

190 2641 289 2695 ἀπὸ
310 2645 409 2714 τῆς
431 2648 649 2712 οἰκείας
682 2651 784 2720 γῆς
814 2651 930 2721 ἅμα
965 2652 1042 2723 τῷ
1069 2653 1394 2725 γεννηθῆναι
1422 2654 1514 2708 τὸν
1542 2655 1769 2724 Ἰησοῦν,

189 2733 408 2806 ἀστέρος
460 2738 655 2802 αὐτοῖς
703 2741 803 2811 τὴν
836 2743 1036 2810 γνῶσιν
1083 2745 1183 2814 τῆς
1213 2747 1518 2817 γεννήσεως
1562 2747 1772 2818 ὑποφή-

187 2841 385 2891 ναντος,
405 2829 651 2900 οῦδήπου
670 2831 724 2884 δὲ
749 2832 848 2903 τὴν
870 2834 1137 2906 τοσαύτην
1159 2836 1337 2889 στειλα
1346 2837 1520 2908 μένων
1545 2838 1770 2909 πορείαν

185 2917 351 2989 καιρῷ
375 2919 632 3002 ⁸βραχεῖ’
681 2924 742 2976 οὐ
774 2924 882 2996 γὰρ
931 2928 988 2978 ἐν
1038 2927 1274 2998 ἡμέραις
1323 2927 1466 2982 ὀκτὼ
1512 2929 1612 3000 τὴν
1662 2929 1770 2984 ἀπὸ

197 3008 486 3065 Ἀνατολῶν
529 3013 648 3066 ὁδὸν
683 3016 827 3078 εἰκὸς
859 3017 1042 3080 αὐτοῖς
1071 3019 1164 3071 ἐπὶ
1208 3019 1307 3090 τὴν
1348 3020 1605 3074 Ἰουδαίαν
1633 3021 1768 3092 ὴνῦ-

185 3101 317 3166 σθαι,
351 3104 428 3168 ὡς
459 3105 563 3159 τὸν
590 3107 749 3159 αὑτὸν
777 3109 996 3178 νομίσαι
1031 3105 1169 3163 εἶναι
1203 3112 1392 3183 καιρὸν
1425 3113 1525 3184 τῆς
1551 3131 1611 3166 τε
1639 3113 1764 3167 τού-

1890 1937 1908 1969 (
1943 1918 2234 1990 Postquam
2283 1921 2489 1992 impleti
2527 1930 2656 1978 sunt
2709 1925 2828 1981 dies
2860 1933 2918 1980 ut
2970 1928 3462 1988 circumcideretur

1882 2027 2018 2081 puer
2049 2014 2123 2084 (id
2160 2022 2340 2070 autem
2370 2015 2484 2071 ﬁeri
2535 2017 2819 2085 oportebat
2866 2027 3062 2075 octavo
3091 2031 3215 2092 post
3241 2033 3459 2094 partum

1881 2105 2014 2176 die),
2064 2106 2306 2161 tulerunt
2332 2106 2483 2161 illum
2501 2107 2877 2182 Hierosolyma
2904 2131 2916 2165 :
2951 2116 3295 2185 peractisque
3311 2117 3460 2173 circa

1881 2193 2131 2258 eumdem
2155 2195 2445 2266 legitimis,
2480 2189 2845 2254 Nazarethum
2883 2201 3160 2259 abierunt.
3203 2225 3222 2257 ›
3252 2205 3459 2263 Horum

1881 2283 2024 2352 apud
2047 2282 2250 2339 Lucam
2281 2285 2614 2355 scriptorum
2663 2287 2799 2342 nihil
2829 2300 3097 2346 memorat
3125 2292 3415 2350 Matthwus
3439 2339 3455 2363 ,

1880 2374 1974 2444 qui
2006 2390 2222 2430 omnem
2252 2375 2305 2430 id
2325 2391 2497 2447 genus
2549 2380 2919 2437 narrationem
2969 2384 3233 2454 prazdicto
3295 2385 3458 2443 Luca:

1879 2465 2148 2535 permisit,
2199 2467 2305 2520 alia
2361 2467 2478 2537 ipse
2527 2478 2868 2538 persecutus.
2932 2472 3194 2540 Quaenam
3256 2479 3459 2548 porro?

1878 2555 2083 2628 Nempe
2107 2557 2388 2630 Magorum
2438 2574 2503 2614 ex
2557 2559 2780 2617 Oriente
2832 2564 3124 2620 adventum
3179 2568 3457 2639 digresso-

1877 2660 2000 2699 rum
2029 2659 2060 2699 a
2094 2647 2313 2716 propria
2374 2648 2598 2717 regione
2657 2658 2782 2720 post
2807 2650 2938 2707 Jesu
2961 2655 3324 2723 nativitatem,
3377 2658 3456 2713 si-

1878 2735 2006 2791 dere
2056 2737 2191 2808 ipsis
2242 2739 2494 2793 notitiam
2530 2742 2643 2795 nati
2675 2743 2829 2812 pueri
2877 2744 3243 2815 significante,
3279 2764 3456 2820 neque

1875 2833 2060 2882 tamen
2080 2827 2232 2883 brevi
2260 2835 2506 2899 tempore
2532 2839 2746 2886 tantum
2775 2835 2990 2891 itineris
3028 2836 3451 2896 absolventium.

1877 2917 2033 2973 Haud
2063 2920 2209 2975 enim
2236 2919 2498 2977 credibile
2523 2932 2608 2979 est
2638 2925 2783 2980 intra
2814 2927 2932 2983 dies
2955 2935 3082 2984 octo
3127 2930 3197 2985 ab
3230 2930 3454 2986 Oriente.

1877 3008 2138 3083 Magosin
2163 3011 2408 3070 Judazam
2455 3032 2630 3086 usque
2662 3019 2918 3083 venisse,
2956 3020 3031 3074 ita
3051 3029 3112 3076 ut
3133 3023 3279 3078 circa
3307 3024 3452 3080 idem

1878 3110 2091 3173 tempus
2124 3102 2473 3161 Servatorem
2503 3118 2754 3164 nostrum
2804 3116 2995 3166 natum
3018 3127 3141 3168 esse
3170 3122 3450 3183 putemus,

181 3210 279 3246 των
307 3196 579 3265 ἀφίξεως,
613 3200 706 3252 καὶ
738 3199 840 3271 τῆς
871 3201 964 3253 τοῦ
996 3202 1247 3274 Σωτῆρος
1279 3203 1439 3275 ἡμῶν
1471 3206 1732 3273 γενέσεως
1751 3225 1764 3238 ⁸

1872 3211 1982 3266 quo
2016 3197 2106 3252 isti
2137 3208 2597 3269 supervenerunt.
2630 3200 2955 3272 Quanquam
3006 3210 3187 3260 autem
3218 3205 3450 3262 interro-

179 3286 222 3337 εἰ
246 3285 300 3340 δὲ
329 3289 424 3342 καὶ
454 3290 859 3362 πυνθανόμενοι
889 3293 1127 3361 λέγουσι,
1151 3313 1168 3344 ι
1191 3295 1298 3348 Ποῦ
1335 3299 1480 3349 ἐστιν
1506 3299 1534 3350 6
1558 3297 1767 3368 τεχθεὶς

180 3374 423 3442 βασιλεὺς
475 3379 596 3433 τῶν
656 3382 954 3448 Ἰουδαίων;
1023 3384 1235 3456 εἴδομεν
1291 3385 1402 3458 γὰρ
1455 3388 1618 3441 αὐτοῦ
1675 3389 1766 3442 τὸν

175 3470 393 3543 ἀστέρα,
421 3476 530 3528 καὶ
551 3474 784 3545 ήλθομεν
802 3479 1178 3548 προσκυνῆσαι
1209 3478 1411 3550 αὐτῷ,›
1452 3479 1511 3533 οὐ
1545 3479 1638 3533 τὸν
1668 3483 1765 3553 σή-

178 3580 335 3634 μερον
372 3567 678 3636 τεχθέντα,
701 3568 776 3632 ὡς
806 3569 872 3624 ἄν
908 3587 991 3634 τις
1027 3570 1314 3634 ὑπολάϐοι,
1350 3571 1474 3624 καθ’
1503 3572 1561 3625 ὃν
1593 3573 1766 3626 ταῦτα

171 3655 548 3714 ἐπυνθάνοντο
591 3661 781 3731 χρόνον
822 3662 1093 3733 δηλοῦσιν,
1136 3663 1272 3716 ἀλλὰ
1313 3664 1405 3717 τὸν
1446 3665 1568 3718 τότε
1608 3666 1762 3734 γενό-

177 3765 328 3818 μενον
362 3753 454 3805 ὅτε
485 3752 681 3816 αὐτοῖς
714 3755 742 3807 6
771 3755 946 3826 ἀστὴρ
974 3755 1232 3824 ἐπέφανε.

241 3840 308 3910 β’.
351 3843 535 3909 Πόσος
583 3843 640 3897 δὲ
686 3839 754 3914 ἦν
801 3839 956 3908 οὗτος
1002 3846 1030 3898 6
1073 3845 1275 3916 μεταξὺ
1310 3848 1533 3919 χρόνος,
1569 3849 1662 3903 τοῦ
1701 3866 1761 3902 τε

171 3931 433 3998 φανέντος
481 3936 601 3996 τοῖς
639 3933 852 4002 Μάγοις
894 3935 987 3988 ἐπὶ
1030 3937 1126 4006 τῆς
1174 3936 1265 3989 τοῦ
1310 3937 1561 4010 Σωτῆρος
1605 3939 1763 4010 ἡμῶν

169 4022 436 4088 γενέσεως
465 4024 723 4093 ἀστέρος,
755 4025 849 4078 καὶ
876 4025 977 4097 τῆς
1005 4027 1180 4081 αὐτῶν
1211 4030 1291 4093 εἰς
1319 4029 1389 4082 τὰ
1420 4031 1763 4102 Ἰεροσόλυμα

168 4115 500 4184 παρουσίας,
538 4115 704 4180 αὐτός
738 4133 797 4170 σε
829 4117 1029 4185 διδάξει
1067 4122 1094 4173 6
1125 4121 1517 4192 εὐαγγελιστὴς
1566 4123 1757 4192 λέγων·

171 4221 190 4254 ι
220 4205 354 4259 Τότε
391 4205 652 4278 Ἡρώδης
683 4207 859 4281 λάθρα
892 4210 1125 4276 καλέσας
1155 4215 1282 4276 τοὺς
1313 4213 1566 4282 Μάγους,
1607 4215 1762 4286 ἠκρί-

163 4296 301 4351 ϐωσε
327 4301 464 4372 παρ’
504 4300 689 4354 αὐτῶν
727 4300 818 4355 τὸν
856 4303 1044 4374 χρόνον
1087 4305 1180 4357 τοῦ
1229 4307 1552 4378 φαινομένου
1600 4309 1757 4361 ἀστέ-

164 4405 271 4460 ρος.
313 4410 332 4444 ι
406 4393 528 4445 Καὶ
561 4391 638 4457 ὡς
672 4392 738 4446 ἂν
776 4394 1090 4466 ἀκριϐώσας
1142 4401 1270 4469 παρ’
1313 4399 1515 4461 αὐτῶν,
1573 4398 1759 4470 μαθὼν

159 4482 306 4547 ὅστις
354 4481 426 4555 ἦν
486 4479 684 4548 οὗτος,
729 4485 868 4556 μετά
911 4487 973 4540 τὸ
1013 4489 1365 4561 ἀναχωρῆσαι
1416 4489 1588 4562 λάθρα
1634 4491 1758 4555 τοὺς

1869 3300 1997 3361 gant
2031 3309 2045 3346 :
2082 3310 2100 3343 ι
2132 3290 2234 3348 Ubi
2265 3301 2349 3348 est
2380 3294 2473 3364 qui
2507 3301 2671 3349 natus
2700 3303 2783 3350 est
2799 3310 2898 3350 rex
2932 3293 3281 3353 Iudaeorum?
3309 3299 3440 3354 vidi-

1867 3400 1990 3441 mus
2019 3387 2163 3440 enim
2187 3387 2399 3442 stellam
2431 3387 2574 3456 ejus,
2614 3393 2668 3442 et
2699 3392 2950 3445 venimus
2981 3389 3209 3446 adorare
3237 3407 3395 3460 eum;
3425 3413 3444 3445 ι

1865 3491 1975 3532 non
2003 3485 2208 3543 tamen,
2257 3486 2318 3533 ut
2355 3478 2560 3549 aliquis
2603 3481 2997 3551 suspicabitur,
3059 3498 3235 3553 nuper
3258 3495 3448 3538 natum

1866 3565 2182 3637 designant,
2217 3569 2364 3624 circa
2423 3576 2638 3640 tempus
2663 3571 2922 3626 nimirum
2951 3589 3060 3644 quo
3083 3573 3185 3644 ipsi
3213 3575 3447 3630 interro-

1865 3665 2026 3728 gant;
2060 3660 2156 3716 sed
2187 3676 2310 3714 eum
2350 3663 2445 3732 qui
2497 3670 2614 3716 tum
2646 3673 2810 3720 natus
2844 3663 3026 3721 fuerat
3053 3680 3177 3720 cum
3210 3666 3344 3736 ipsis
3377 3666 3448 3723 si-

1863 3750 1968 3807 dus
1999 3753 2274 3822 apparuit.

1931 3842 1986 3896 2.
2019 3844 2294 3909 Quantum
2321 3860 2451 3901 vero
2494 3847 2756 3918 temporis
2784 3847 3020 3916 spatium
3056 3847 3199 3904 inter
3221 3848 3376 3905 sidus
3405 3865 3438 3904 a

1864 3931 2035 4004 Magis
2075 3935 2277 4001 visum,
2328 3933 2621 3991 Servatore
2680 3943 2871 3992 nostro
2937 3951 3220 4002 nascente,
3279 3945 3443 4008 atque

1861 4022 2060 4078 horum
2096 4023 2474 4097 Hierosolyma
2529 4025 2824 4081 adventuum
2879 4025 3132 4091 ﬂuxerit,
3191 4027 3333 4083 idem
3387 4035 3442 4084 te

1861 4120 2079 4174 docebit
2107 4119 2442 4191 evangelista
2467 4119 2595 4175 dum
2626 4121 2739 4176 ait:
2780 4138 2799 4171 ι
2842 4120 2994 4174 Tunc
3029 4119 3270 4176 Herodes
3300 4121 3439 4175 clam

1860 4211 2070 4266 vocatis
2127 4211 2316 4282 Magis,
2390 4212 2678 4282 diligenter
2723 4210 2912 4266 didicit
2968 4211 3037 4265 ab
3091 4211 3173 4267 eis
3221 4219 3438 4282 tempus

1863 4304 2034 4358 stellae
2062 4317 2184 4372 qum
2214 4312 2542 4374 apparuerat
2564 4303 2665 4358 eis.
2712 4323 2730 4354 ι
2757 4302 2912 4368 Quod
2943 4317 3067 4358 cum
3100 4302 3436 4357 adamussim

1862 4395 1930 4450 ab
1959 4395 2026 4451 iis
2053 4395 2387 4458 rescivisset,
2423 4410 2656 4465 cumque
2684 4393 2825 4465 Magi
2864 4394 2932 4449 ab
2959 4409 3024 4450 eo
3055 4395 3194 4447 clam
3221 4409 3279 4448 se
3307 4393 3436 4449 sub-

1860 4487 2145 4542 duxissent
2180 4506 2196 4537 ι
2235 4487 2427 4542 videns
2457 4501 2516 4542 se
2551 4487 2793 4548 illusum,
2829 4486 3001 4541 iratus
3032 4494 3114 4540 est
3154 4484 3350 4539 valde:
3383 4491 3436 4538 et

157 4573 385 4645 Μάγους
405 4619 421 4643 ,
465 4575 597 4629 ἰδὼν
628 4577 710 4630 ὅτι
742 4578 1033 4652 ἐνεπαίχθη
1068 4581 1159 4633 ὑπ’
1188 4581 1385 4646 αὐτῶν,
1453 4601 1470 4633 ι
1502 4581 1756 4654 ἐθυμώθη

1871 4580 2086 4634 mittens
2115 4579 2318 4635 occidit
2348 4594 2538 4634 omnes
2569 4592 2789 4649 pueros,
2839 4578 2930 4648 qui
2964 4586 3121 4634 erant
3152 4575 3437 4632 Bethlehe—

153 4664 297 4731 λίαν,
339 4671 442 4724 καὶ
479 4671 815 4736 ἀποστείλας
848 4673 1025 4727 ἀνεῖλε
1060 4675 1268 4740 πάντας
1311 4678 1436 4741 τοὺς
1476 4677 1669 4740 παῖδας
1700 4677 1758 4729 ἐν

157 4757 433 4834 Βηθλεὲμ,
471 4763 576 4816 καὶ
606 4765 664 4817 ὲν
697 4765 832 4818 πᾶσι
860 4769 970 4828 τοῖς
999 4767 1169 4837 ὁρίοις
1197 4768 1384 4838 αὐτῆς,
1419 4769 1528 4823 ἀπὸ
1554 4767 1758 4831 διετοῦς

153 4855 248 4906 καὶ
286 4857 628 4928 κατωτέρω,
666 4858 808 4912 κατά
837 4859 929 4911 τὸν
975 4861 1164 4932 χρόνον
1202 4861 1260 4914 ὃν
1293 4860 1568 4933 ὴκρίόωσε
1605 4860 1759 4932 παρά

153 4944 260 4998 τῶν
283 4948 532 5018 Μάγων.
552 4968 569 5000 ι
606 4949 814 5003 Οὐκοῦν
840 4950 1018 5024 διετὴς
1042 4952 1234 5023 χρόνος
1264 4952 1363 5022 ἤδη
1394 4951 1756 5022 παρεληλύθει

150 5040 259 5093 ἀπὸ
310 5041 418 5111 τῆς
469 5039 654 5111 Ἰησοῦ
702 5043 966 5111 γενέσεως
1016 5044 1112 5097 καὶ
1154 5045 1245 5096 ἐπὶ
1287 5043 1385 5114 τὴν
1432 5044 1610 5113 ἄφιξιν
1649 5044 1755 5096 τῶν

151 5131 508 5200 εἰρημένων*
551 5133 653 5186 ούκ
698 5134 805 5206 ἄρα
846 5134 1104 5203 διαφωνεῖ
1146 5133 1216 5186 τὰ
1251 5135 1401 5206 παρά
1433 5139 1547 5199 τοῖς
1593 5139 1756 5208 ἱεροῖς

149 5221 611 5289 εὐαγγελισταῖς,
646 5226 692 5276 εί
728 5227 756 5277 6
788 5224 885 5295 μὲν
917 5227 1132 5289 Λουκᾶς
1164 5225 1324 5298 ὀγδόῃ
1358 5227 1458 5296 τῆς
1487 5227 1754 5296 γενέσεως

149 5313 339 5386 ἡμέρᾳ
372 5315 586 5383 ἀνάγει
613 5315 775 5369 αὑτὸν
811 5317 926 5386 ἅμα
953 5321 1063 5380 τοῖς
1088 5317 1337 5385 γονεῦσιν
1372 5319 1452 5382 εἰς
1486 5319 1755 5389 Ἰερουσα-

146 5405 259 5476 λὴμ
278 5409 385 5479 τῆς
414 5407 539 5460 τῶν
573 5408 815 5478 νομίμων
851 5410 1249 5482 ἐκπληρώσεως
1281 5413 1466 5475 ἕνεκα,
1501 5411 1754 5465 κάκεῖθεν

145 5499 357 5568 ἀπάγει
392 5501 499 5555 ἐπὶ
531 5499 632 5571 τὴν
660 5501 937 5572 Ναζαρέθ·
975 5504 1003 5555 6
1041 5503 1097 5556 δέ
1124 5503 1402 5568 Ματθαῖος
1442 5502 1579 5573 μετὰ
1603 5504 1750 5574 διετῆ

141 5594 340 5663 χρόνον
369 5592 718 5662 γενομένους
747 5594 908 5647 πάλιν
951 5595 1007 5648 ἐν
1028 5593 1274 5666 Βηθλεὲμ
1303 5595 1629 5668 ἀναγράφει,
1663 5597 1748 5650 ὲν-

212 5748 331 5816 (22)
379 5747 465 5821 l_t_u
499 5748 679 5821 codex
717 5765 816 5821 pro
845 5749 957 5821 ἀλλ’
988 5751 1022 5821 ἢ
1055 5751 1107 5820 ὴ.
1142 5750 1235 5821 S_ic
1278 5758 1461 5821 autem
1500 5749 1742 5821 scribere

137 5821 371 5886 solitum
389 5817 1111 5885 Eusebium,animadvertit
1125 5819 1564 5877 Montfauconius
1587 5820 1736 5886 prati".

1861 4672 1956 4733 mi,
1989 4678 2152 4740 atque
2175 4671 2226 4724 in
2258 4669 2474 4725 cunctis
2505 4669 2702 4724 ﬁnibus
2727 4669 2870 4738 ejus,
2897 4683 2926 4722 a
2956 4668 3160 4722 bimatu
3185 4676 3239 4720 et
3270 4665 3432 4731 intra,

1858 4764 2160 4818 secundum
2210 4773 2422 4832 tempus
2473 4762 2618 4833 quod
2669 4761 3039 4833 exquisiverat
3088 4775 3118 4813 a
3169 4758 3360 4830 Magis.
3410 4778 3428 4808 ι

1858 4854 2144 4909 Biennium
2175 4870 2303 4925 ergo
2333 4855 2578 4924 elapsum
2613 4855 2791 4909 fuerat
2818 4867 2847 4905 a
2877 4850 3005 4907 Jesu
3053 4850 3333 4905 nativitate
3365 4847 3431 4903 ad

1857 4945 2137 5017 Magorum
2174 4945 2489 5000 adventum.
2524 4943 2707 5013 Neque
2731 4940 2997 4999 dissident
3028 4940 3170 4996 sacri
3199 4955 3432 5008 evange-

1856 5038 2062 5108 gelistae
2087 5057 2102 5105 ;
2126 5037 2339 5093 etiamsi
2362 5036 2538 5091 Lucas
2561 5044 2755 5090 octavo
2781 5049 2810 5088 a
2842 5032 3128 5086 nativitate
3158 5031 3246 5086 die
3267 5032 3430 5084 ducat

1856 5146 1980 5185 eum
2041 5146 2166 5185 cum
2224 5129 2544 5200 parentibus
2626 5125 3003 5196 Hierosolyma
3066 5123 3426 5194 legitimorum

1855 5235 2021 5276 causa
2055 5220 2468 5290 explendorum,
2501 5225 2663 5286 atque
2696 5214 2820 5271 inde
2853 5211 3148 5268 transferat
3195 5210 3429 5264 Nazare-

1857 5315 2052 5378 thum;
2115 5312 2399 5366 Matthaeus
2457 5317 2636 5364 autem
2703 5315 2827 5377 post
2875 5306 3154 5364 biennium
3232 5320 3426 5362 rursus

1855 5405 2192 5461 Betlilehemi
2226 5410 2511 5458 versantes
2539 5400 2784 5466 scribat;
2817 5407 2982 5466 atque
3012 5398 3139 5452 hinc
3170 5397 3226 5452 in
3258 5395 3426 5467 Egy-

1855 5508 2004 5568 ptum
2052 5497 2350 5552 secessisse
2404 5502 2624 5565 propter
2671 5493 2816 5563 regis
2850 5491 3100 5547 insidias.
3153 5488 3426 5545 Credibile

1853 5606 1982 5645 vero
2013 5598 2096 5643 est
2123 5603 2218 5644 eos
2252 5602 2360 5642 non
2397 5584 2640 5642 secundo
2691 5585 2866 5639 solum
2897 5580 2992 5638 sed
3052 5590 3428 5650 saepenumero

1850 5749 1915 5801 ad
1950 5745 2380 5803 commentarios
2415 5742 2636 5799 Eusebii
2667 5741 2915 5813 ejusdem
2935 5740 2989 5796 in
3007 5737 3272 5810 psalmos,
3299 5747 3419 5805 cap.

1848 5821 1945 5873 ult.
