4100 6474
619 347 726 404 9'55

1318 340 1587 400 EUSEBH
1624 341 2104 401 CIESARIENSIS
2139 339 2291 397 OP‘P.
2338 337 2516 394 PARS
2553 336 2728 393 Ιῐῐ.-
2752 331 3163 392 EXEGETICA.

3769 333 3877 393 ωδ

624 460 858 516 rediisse
884 458 951 513 ad
985 459 1216 515 eundem
1253 460 1455 527 locum,
1488 460 1825 516 admirabilis
1857 461 2003 515 illius
2030 474 2180 515 even

2302 455 2494 509 τεῦθέν
2540 471 2596 508 τε
2640 456 2721 517 εἰς
2744 454 3016 522 Αἴγυπτον
3062 449 3451 521 ἀπεληλυθέναι
3491 450 3626 519 φησὶ
3657 449 3746 503 διὰ
3780 453 3879 521 τὴν

616 561 706 610 tus
736 554 928 623 gratia.
968 551 1346 608 lndubitanter
1395 554 1577 623 itaque
1627 553 2059 609 demonstratum
2109 560 2195 607 est

615 660 725 700 non
752 646 894 701 idem
927 660 1053 700 esse
1079 652 1312 715 tempus,
1341 660 1450 715 quo
1478 648 1777 701 secundum
1802 646 2001 699 Lucam
2031 652 2195 699 natus

614 742 700 789 est
758 733 1019 789 Servator
1072 744 1282 795 noster.
1324 744 1487 805 atque
1545 735 1676 789 illud
1733 749 1842 805 quo
1889 734 2193 790 secundum

616 822 928 880 Mattbteum
960 834 1224 881 venerunt
1271 827 1326 880 in
1374 835 1725 897 conspectum
1758 826 1886 883 Jesu
1930 826 2069 897 Magi
2120 828 2191 883 ab

616 913 861 972 Oriente.

685 1097 738 1152 3.
784 1095 941 1163 Quod
992 1104 1171 1152 autem
1225 1112 1333 1152 non
1390 1098 1529 1153 idem
1586 1098 1658 1152 sit
1707 1098 1851 1169 apud
1899 1107 2192 1170 utrumque

614 1189 1001 1258 evangelistam
1025 1196 1260 1257 tempus.
1286 1188 1391 1242 alia
1416 1204 1631 1259 quoque
1657 1190 1871 1244 ratione
1894 1191 2188 1261 colligitur.

616 1277 797 1334 Lucas
828 1279 971 1333 enim
1001 1279 1075 1333 ait
1103 1295 1211 1334 non
1252 1280 1523 1335 invenisse
1555 1294 1651 1335 eos
1699 1280 1997 1352 hospitium
2029 1281 2192 1337 Beth-

615 1371 814 1426 lehemi
846 1389 858 1425 :
891 1370 1120 1442 ideoque
1149 1379 1202 1426 et
1235 1386 1265 1425 a
1313 1380 1487 1426 matre
1516 1372 1838 1426 reclinatum
1871 1362 2099 1443 puerum
2136 1373 2190 1427 in

614 1464 865 1535 praesepi,
894 1465 1020 1535 quia
1054 1477 1163 1517 non
1194 1470 1312 1517 erat
1342 1465 1423 1518 eis
1466 1463 1619 1518 locus
1650 1464 1706 1518 in
1753 1464 2055 1521 diversorio
2081 1482 2095 1531 ;
2133 1473 2193 1519 ut

615 1561 877 1616 credibile
907 1569 1013 1623 est,
1046 1576 1246 1615 census
1277 1574 1465 1624 causa,
1502 1560 1905 1616 conﬂuentibus
1951 1560 2195 1630 undique

613 1653 670 1707 in
717 1652 917 1707 dictam
975 1652 1164 1706 urbem
1198 1652 1491 1722 gentilibus
1531 1652 1878 1722 posterisque
1922 1650 2187 1717 Davidis;

614 1744 850 1814 ideoque
886 1744 956 1799 ob
985 1744 1315 1798 advenarum
1343 1742 1749 1798 multitudinem
1780 1744 1934 1814 copia
1967 1744 2189 1814 hospitii

2294 545 2390 601 τοῦ
2419 546 2683 617 βασιλέως
2726 544 3048 616 ἐπιϐουλήν·
3080 544 3174 595 καὶ
3202 538 3270 613 ἦν
3296 542 3440 606 εἰκὸς
3468 542 3528 594 οὐ
3566 541 3727 612 μόνον
3756 541 3880 595 δεύ-

2295 656 2470 709 τερον.
2509 638 2643 692 ἀλλά
2699 639 2792 691 καὶ
2842 635 3156 699 πλειστάκις
3209 636 3490 705 ὲπιφοιτᾷν
3545 633 3745 695 αὐτοὺς
3798 631 3879 702 τῷ

2294 732 2462 802 τόπῳ,
2496 733 2713 802 μνήμης
2746 731 2836 783 τοῦ
2867 730 3169 803 παραδόξου
3213 730 3371 800 χάριν
3393 744 3405 757 ·
3447 727 3721 780 δείκνυται
3744 724 3878 794 γοῦν

2295 824 2679 894 ἀναμφιϐόλως
2707 826 2804 894 οὐχ
2847 825 2877 876 ὁ
2902 824 3060 889 αὐτὸς
3094 822 3168 875 ὢν
3195 821 3382 890 καιρὸς
3407 823 3464 873 ὲν
3487 813 3530 885 ᾧ
3554 819 3879 887 γεγέννηται

2295 915 2435 969 κατά
2481 916 2571 969 τὸν
2602 917 2813 968 Λουκᾶν
2857 917 2884 969 ὁ
2907 915 3095 986 Σωτὴρ
3137 913 3316 985 ἡμῶν,
3348 915 3404 964 ἐν
3436 904 3478 979 ᾧ
3506 928 3566 964 τε
3600 908 3741 963 κατὰ
3785 907 3880 961 τὸν

2294 1007 2569 1061 Ματθαῖον
2598 1008 2913 1079 ὑπήντησαν
2942 1009 2987 1059 οἱ
3023 1006 3081 1072 ἐξ
3120 1003 3413 1059 Ἀνατολῶν
3441 1004 3643 1072 Μάγοι.

2362 1106 2431 1167 γ’.
2476 1097 2599 1153 Ὀτι
2648 1099 2704 1152 δὲ
2756 1100 2831 1169 μὴ
2880 1093 2960 1161 εἷς
3004 1093 3072 1169 ἦν
3124 1101 3152 1151 ὁ
3200 1098 3328 1169 παρ’
3378 1096 3709 1168 ἀμφοτέροις
3763 1097 3880 1159 τοῖς

2292 1190 2702 1259 εὐαγγελισταῖς
2727 1192 2935 1264 χρόνος,
2966 1192 3056 1244 καὶ
3084 1190 3255 1253 ἄλλως
3280 1190 3397 1243 ἐστὶ
3430 1187 3875 1257 ουλλογέσασθαι.

2292 1283 2511 1341 Λουκᾶς
2552 1297 2683 1351 φησι
2735 1280 2808 1353 μὴ
2843 1280 3142 1352 εὐπορῆσαι
3190 1280 3387 1343 αὐτοὺς
3432 1281 3785 1348 καταγωγίου
3817 1283 3879 1335 ὲν

2290 1375 2357 1444 τῇ
2390 1372 2634 1444 Βηθλεέμ
2654 1391 2666 1402 ·
2701 1372 2780 1425 διὸ
2824 1373 2917 1426 καὶ
2957 1372 3220 1426 τεκοῦσαν
3250 1372 3529 1426 ἀνακλῖναι
3568 1371 3630 1425 τὸ
3659 1370 3878 1425 παιδίον

2291 1463 2350 1517 ὲν
2380 1465 2576 1538 φάτνῃ,
2609 1464 2696 1517 διά
2722 1463 2782 1517 τὸ
2813 1465 2884 1536 μὴ
2923 1460 3062 1516 εἶναι
3093 1463 3255 1517 τόπον
3288 1464 3345 1516 ἐν
3378 1462 3454 1534 τῷ
3498 1462 3875 1534 καταλύματι,

2290 1557 2369 1621 ὡς
2393 1558 2559 1621 εἰκὸς,
2581 1558 2679 1628 τῆς
2710 1557 3037 1628 ἀπογραφῆς
3063 1558 3247 1610 ἕνεκεν
3286 1557 3500 1610 πάντων
3532 1557 3877 1628 πανταχόθεν

2288 1648 2399 1703 τῶν
2422 1648 2481 1713 ἐξ
2502 1650 2648 1704 οῐκου
2675 1650 2768 1703 καὶ
2793 1651 3025 1721 πατριᾶς
3043 1648 3203 1701 Δαόὶδ
3235 1649 3633 1719 συντρεχόντων
3668 1653 3751 1714 εἰς
3770 1650 3876 1721 τὴν

2291 1742 2587 1815 εἰρημένην
2622 1742 2793 1806 πόλιν,
2826 1742 2913 1795 διά
2956 1759 3014 1794 τε
3044 1742 3103 1794 τὸ
3138 1741 3334 1811 πλῆθος
3380 1740 3486 1795 τῶν
3517 1740 3880 1813 ἐπιξενουμέ-

612 1846 828 1906 negata.
890 1835 1173 1891 Matthaus
1220 1842 1400 1890 autem
1458 1854 1475 1886 ι
1536 1834 1674 1906 Magi
1724 1835 1930 1899 audito,
1984 1836 2180 1908 inquit.

2284 1851 2392 1889 νων
2424 1833 2610 1888 αὐτόθι
2639 1834 2712 1905 μὴ
2741 1833 3109 1905 εὐπορούντων
3138 1833 3508 1904 καταλύματος
3527 1850 3542 1863 °
3574 1838 3603 1887 ὀ
3632 1834 3690 1887 δὲ
3714 1836 3875 1888 Ματ-

611 1927 823 1984 Berode
858 1944 1003 1998 rege,
1023 1927 1431 1983 Bethiehemum
1463 1927 1732 1981 abierunt.
1761 1922 1826 1981 Et
1854 1941 1981 1983 ecce
2005 1928 2181 1994 stella,

610 2034 773 2090 quam
805 2018 1053 2072 viderant
1090 2018 1143 2071 in
1173 2016 1415 2077 Oriente,
1453 2017 1811 2072 antecedebat
1854 2033 1970 2081 eos,
2008 2017 2183 2072 donec

609 2112 838 2166 veniens
898 2118 1069 2165 staret
1124 2125 1287 2180 supra
1342 2110 1435 2164 ubi
1487 2117 1605 2165 erat
1654 2124 1789 2179 puer
1843 2124 1965 2163 cum
2016 2109 2183 2164 Maria

611 2210 786 2257 matre
828 2201 970 2270 ejus.
1030 2200 1095 2254 Et
1150 2201 1495 2271 procidentcs
1547 2199 1910 2278 adorarerunt
1962 2215 2107 2255 eum.
2159 2220 2178 2251 ι

611 2291 775 2363 Atqui
804 2306 913 2345 non
946 2291 1002 2344 in
1061 2291 1284 2360 pnesepi
1312 2292 1380 2345 ab
1415 2291 1499 2344 bis
1527 2290 1949 2359 deprehenditur
1980 2290 2181 2354 infans,

610 2391 673 2439 ut
705 2400 733 2437 a
765 2382 1104 2454 pastoribus,
1137 2381 1233 2436 sed
1269 2383 1412 2434 intra
1454 2380 1676 2435 domum
1724 2395 1847 2434 cum
1896 2389 2070 2436 matre
2098 2382 2181 2435 vi-

613 2475 769 2529 situr.
808 2472 978 2528 Porro
1009 2471 1188 2526 Lucas
1216 2473 1430 2527 dixerat
1461 2487 1569 2527 non
1601 2472 1770 2528 fuisse
1801 2474 1978 2527 locum
2013 2473 2093 2528 eis
2127 2473 2182 2528 in

611 2565 935 2622 diversorio.
982 2563 1267 2630 Quomodo
1296 2563 1460 2635 igitur
1491 2562 1772 2619 Matthazus
1821 2565 2040 2619 domum
2076 2564 2183 2621 illis

612 2657 905 2712 attribuit?
944 2654 1049 2711 Sed
1081 2657 1341 2727 quoniam
1371 2656 1545 2712 Lucas
1572 2663 1787 2727 tempus
1825 2665 2013 2711 narrat
2041 2657 2184 2710 nati-

610 2748 816 2813 vitatis,
847 2762 955 2817 quo
983 2747 1239 2801 nimirum
1268 2762 1465 2803 census
1490 2747 1866 2819 peragebatur,
1891 2747 2183 2817 cunctique

613 2838 835 2895 Davidis
867 2839 1070 2910 posteri
1107 2840 1422 2894 catervatim
1459 2840 1524 2894 ad
1551 2840 1794 2909 ejusdem
1823 2838 2014 2894 urbem
2050 2854 2183 2894 con-

610 2931 945 2997 currebant;
993 2938 1184 2983 contra
1231 2943 1261 2981 a
1317 2929 1569 2983 Mattlueo
1616 2946 1702 2984 res
1733 2937 1853 2998 post
1900 2929 2181 2983 biennium

609 3032 774 3094 gestae
820 3020 1139 3076 scribuntur
1172 3021 1551 3088 (tantumdem
1604 3021 1747 3073 enim
1802 3028 2015 3090 tempus
2083 3018 2182 3073 fuit

610 3112 760 3185 quod
791 3111 1033 3168 Herodes
1077 3111 1444 3181 exquisiverat
1474 3123 1505 3162 a
1536 3108 1779 3180 Magis);
1812 3116 1926 3162 tum
1962 3109 2180 3163 demum

608 3220 780 3260 vacua
807 3204 920 3274 jam
951 3202 1252 3273 peregrinis
1280 3201 1439 3267 urbe,
1462 3201 1672 3271 copiam
1692 3201 1844 3270 juxta
1869 3199 2178 3257 Mattbteum

609 3297 896 3353 diversorii
929 3295 1077 3350 nacti
1117 3303 1267 3350 sunt.
1298 3293 1479 3360 Quare
1527 3294 1757 3364 ingressi
1787 3293 2007 3348 domum
2039 3294 2180 3363 Magi

612 3389 938 3444 invenerunt
964 3401 1190 3457 puerum
1221 3401 1345 3439 cum
1375 3384 1545 3439 Maria
1576 3393 1749 3439 matre
1777 3384 1935 3455 ejus;
1975 3393 2029 3441 et
2057 3400 2181 3457 pro-

611 3481 859 3537 cidentes
904 3478 1270 3533 adoraverunt
1309 3489 1455 3530 eum.
1509 3477 1685 3529 Ataue
1721 3474 1835 3529 haec
1862 3476 2180 3546 quaestionis

611 3573 813 3631 solutio
846 3578 953 3628 est.

682 3747 807 3804 Hac
838 3762 868 3802 a
892 3762 977 3803 me
1028 3745 1149 3811 tibi,
1189 3745 1470 3800 hominum
1511 3742 1860 3798 sanctissime
1904 3750 1959 3797 et
2006 3744 2181 3799 soler-

608 3841 818 3896 tissime
872 3837 946 3892 ﬁli
995 3835 1288 3907 Stepltane,
1321 3835 1433 3889 veri
1479 3832 1684 3888 indicia
1744 3833 1947 3887 amoris
1997 3832 2179 3889 dicata

613 3942 796 3989 sunto.

681 4131 800 4202 (23),
834 4129 983 4186 Duos
1016 4128 1185 4185 fuisse
1223 4129 1325 4183 hos
1359 4127 1427 4182 ad
1462 4125 1794 4202 Stephanum
1829 4125 1999 4202 libros
2027 4125 2178 4202 dicet

606 4198 733 4258 mox
764 4198 1062 4267 Eusebius;
1097 4208 1315 4271 quantae
1354 4207 1535 4271 autem
1571 4198 1897 4261 latitudinis,
1933 4198 2178 4271 divinare

606 4287 715 4328 non
762 4286 1053 4343 possumus
1085 4268 1253 4343 {nam
1299 4268 1575 4343 breviator
1619 4284 1926 4343 anonymus
1954 4285 2025 4322 ne
2054 4269 2172 4323 illo~

606 4354 727 4397 rum
745 4340 961 4413 quidem
983 4341 1308 4413 divisionem
1337 4340 1590 4395 servavit.
1624 4341 1756 4395 Item
1787 4348 2179 4413 ‘utrumhquee-

608 4409 817 4469 stidnes
829 4428 1040 4475 omnes,
1058 4411 1162 4468 etsi
1181 4417 1512 4472 contractas,
1538 4409 1847 4471 retinuerit,
1871 4426 1940 4464 an
1963 4409 2173 4479 aliquas

2287 1925 2437 1989 θαῖος
2491 1926 2905 1987 «Ἀκούσαντες,
2948 1926 3131 1996 φησὶν,
3166 1928 3213 1977 οἱ
3244 1926 3424 1992 Μάγοι
3469 1924 3562 1977 τοῦ
3601 1924 3874 1995 βασιλέως

2297 2016 2537 2090 Ἡρώδου
2559 2057 2573 2080 ,
2611 2016 2982 2089 ἐπορεύθησαν
3004 2019 3083 2081 εἰς
3108 2017 3370 2088 Βηθλεέμ-
3397 2018 3487 2070 κα“ι
3511 2018 3664 2087 ίδούτό
3688 2018 3873 2091 ἀστὴρ

2285 2107 2344 2160 ὃν
2377 2103 2513 2160 εἶδον
2548 2106 2604 2160 ὲν
2637 2110 2700 2179 τῇ
2753 2107 3006 2179 Ἀνατολῇ
3045 2108 3284 2179 προῆγεν
3319 2109 3533 2171 αὐτοὺς,
3560 2108 3664 2171 ἕως
3696 2101 3761 2161 οὗ
3797 2102 3874 2179 ἦν

2284 2198 2345 2252 τὸ
2372 2199 2580 2253 παιδίον
2623 2199 2759 2270 μετὰ
2790 2199 3007 2271 Μαρίας
3033 2200 3132 2269 τῆς
3175 2200 3379 2271 μητρὸς
3410 2198 3603 2254 αὐτοῦ’
3640 2201 3738 2253 καὶ
3771 2216 3876 2252 πε-

2288 2290 2468 2353 σόντες
2536 2290 2947 2362 προσεκύνησαν
2992 2289 3158 2361 αὐτῷ.
3195 2310 3213 2342 ι
3276 2290 3411 2342 Ἀλλ’
3462 2290 3560 2344 οὐκ
3598 2292 3657 2343 ὲν
3684 2289 3875 2363 φάτνῃ

2285 2382 2536 2452 κείμενον
2586 2375 2731 2435 οὗτοι
2772 2382 3247 2451 καταλαμϐάνουσι
3288 2382 3347 2436 τὸ
3400 2382 3611 2436 παιδίον
3658 2380 3874 2452 ὁμοίως

2282 2475 2395 2537 τοῖς
2442 2474 2712 2544 ποιμέσιν,
2747 2474 2859 2527 ἀλλ’
2896 2473 3039 2527 ἔνδον
3071 2476 3127 2527 ὲν
3152 2475 3296 2546 οἰκία
3328 2473 3469 2546 μετὰ
3506 2473 3607 2543 τῆς
3655 2474 3872 2545 μητρὸς

2283 2567 2415 2621 αὐτὸ
2444 2567 2741 2640 θεωροῦσι·
2777 2567 2951 2621 καίτοι
2981 2568 3196 2630 Λουκᾶς
3226 2567 3392 2637 ἔφησε
3430 2566 3503 2637 μὴ
3532 2562 3670 2619 εἶναι
3698 2567 3873 2621 τόπον

2283 2660 2465 2723 αὐτοῖς
2490 2662 2548 2712 ὲν
2572 2657 2649 2729 τῷ
2672 2658 3034 2728 καταλύματι·
3067 2658 3184 2721 πῶς
3207 2653 3299 2712 οὖν
3323 2658 3352 2709 ὁ
3380 2657 3659 2721 Ματθαῖος
3682 2658 3869 2712 οὶκίαν

2282 2751 2468 2813 αὐτοῖς
2535 2748 2822 2821 ἀφορίζει;
2873 2748 3010 2802 Ἀλλ’
3082 2750 3204 2802 ἐπεὶ
3259 2751 3474 2814 Λουκᾶς
3521 2750 3615 2803 τὸν
3669 2751 3870 2821 καιρὸν

2285 2841 2487 2913 ἱστορεῖ
2512 2840 2611 2909 τῆς
2640 2840 2923 2908 γενέσεως,
2960 2831 3114 2902 οὗτος
3145 2840 3188 2893 δ’
3217 2836 3285 2912 ἦν
3315 2843 3342 2894 ό
3371 2840 3470 2911 τῆς
3504 2841 3865 2912 ἀπογραφῆς,

2283 2935 2404 2990 καθ’
2432 2935 2490 2988 ὃν
2522 2936 2789 3006 πανδημεὶ
2818 2934 3133 3004 συνέτρεχον
3162 2934 3211 2985 οἱ
3234 2930 3311 3004 τῷ
3337 2931 3485 3002 αὐτῷ
3514 2931 3662 3000 γένει
3691 2947 3870 3004 προσ-

2282 3030 2505 3101 ήκοντες
2551 3029 2608 3081 ὲν
2645 3030 2713 3099 τῇ
2756 3026 2850 3080 τοῦ
2900 3025 3065 3080 Δαϐὶδ
3100 3025 3272 3087 πόλει,
3320 3026 3348 3078 ό
3384 3024 3442 3077 δὲ
3472 3024 3750 3089 Ματθαῖος
3791 3022 3869 3079 τὰ

2207 3163 2253 3223 C
2286 3113 2422 3186 μετά
2455 3113 2548 3168 δύο
2588 3114 2724 3166 ἑτῶν
2755 3112 2975 3185 χρόνους
3028 3112 3233 3185 ἱστορεῖ
3279 3112 3553 3184 (τοσοῦτος
3589 3112 3700 3186 γὰρ
3731 3109 3800 3185 ἦν
3830 3114 3869 3169 ὁ

2282 3206 2472 3278 χρόνος
2520 3205 2581 3259 ὃν
2612 3204 2857 3277 Ἡρώδης
2904 3204 3054 3277 παρά
3107 3205 3218 3258 τῶν
3251 3206 3458 3275 Μάγων
3501 3206 3864 3278 ἠκρίϐωσενγ

2281 3295 2421 3350 ῶστε
2464 3295 2663 3366 σχολῆς
2708 3294 2874 3367 οὐσης
2901 3296 2960 3349 ὲν
2990 3298 3055 3367 τῇ
3082 3295 3363 3366 Βηθλεὲμ,
3402 3295 3543 3349 κατά
3581 3296 3673 3349 τὸν
3700 3298 3862 3352 Ματ-

2281 3387 2428 3441 θαῖον
2456 3388 2719 3458 εὐπόρουν
2746 3389 3109 3457 καταγωγίου·
3138 3388 3217 3441 διὸ
3247 3388 3576 3452 εἰσελθόντες
3601 3390 3652 3443 οἱ
3674 3389 3861 3458 Μάγοι

2280 3482 2360 3544 εἰς
2390 3481 2488 3553 τὴν
2534 3481 2741 3545 οἰκίαν,
2776 3476 2913 3533 εἶδον
2953 3480 3012 3533 τὸ
3053 3480 3264 3534 παιδίον
3310 3479 3449 3551 μετά
3497 3480 3716 3552 Μαρίας
3758 3481 3864 3550 τῆς

2283 3573 2490 3646 μητρὸς
2537 3574 2701 3626 αὐτοῦ
2723 3588 2737 3601 ·
2788 3573 2883 3626 καὶ
2930 3574 3184 3637 πεσόντες
3226 3572 3640 3644 προσεκύνησαν
3683 3573 3855 3645 αὐτῷ’

2280 3667 2374 3719 καὶ
2404 3665 2541 3739 αὐτη
2579 3665 2678 3738 μὲν
2705 3668 2737 3737 ἡ
2766 3664 2860 3719 τοῦ
2889 3666 3214 3737 ζητηθέντος
3237 3666 3410 3730 λύσις.

2349 3756 2536 3811 Ταῦτά
2568 3774 2648 3809 σοι
2674 3756 2733 3822 ἐξ
2767 3746 2943 3827 ἡμῶν,
2976 3755 3235 3827 ἱερώτατε
3269 3757 3477 3827 ἀνδρῶν
3506 3758 3596 3810 καὶ
3634 3757 3863 3826 φιλοπο-

2278 3847 2482 3901 νώτατε
2516 3846 2597 3900 υἱὲ
2620 3846 2858 3916 Στέφανε
2880 3884 2895 3909 ,
2939 3844 3168 3917 γνησίας
3205 3846 3333 3899 ὄντα
3369 3846 3635 3900 δείνιιατα
3675 3845 3862 3902 διαθέ-

2280 3956 2438 4004 σεως,
2473 3937 2776 3993 ἀνακείσθω
2801 3936 2931 4009 (25).

2278 4137 2519 4211 Isagoga:
2575 4137 2875 4221 fragmenta
2906 4136 3131 4221 ‘ali‘quot
3181 4152 3286 4221 n_os
3336 4138 3855 4221 posteanrecitaturi

2278 4206 2468 4265 sumus
2489 4225 2554 4264 ex
2582 4206 2875 4263 Anastasio
2906 4206 3171 4262 Vaticano
3190 4206 3498 4276 desumpta.
3522 4206 3673 4275 Quos
3696 4208 3851 4269 dum.

2277 4279 2520 4349 inquam,
2556 4280 2771 4349 labores
2800 4278 3154 4339 demiramur,
3188 4279 3335 4332 venit
3361 4279 3423 4349 in
3460 4286 3695 4333 mentem
3728 4295 3855 4334 eor-

2277 4347 2557 4420 rigcndam
2582 4348 2762 4420 rvideri
2791 4350 3302 4420 interpretationem
3338 4347 3568 4420 VAuberti
3605 4349 3713 4419 (cui
3746 4364 3853 4405 nos

2276 4417 2493 4489 quoque
2521 4419 2650 4473 olim
2679 4418 3031 4489 credidimus)
3065 4419 3120 4489 in
3148 4417 3351 4489 Iuliani
3380 4417 3853 4489 imprfragmento

606 4484 826 4573 ιεγίρτίε
852 4481 1593 4573 '0"‘£5.5°_!'_'21‘_‘€'1‘.".ﬂ}!2d.
1617 4480 2171 4573 Vi‘fie_d_°:?_‘f'_".”;"
2204 4518 2245 4573 υ
2274 4480 2421 4572 έρξιά
2450 4487 2808 4573 δληςγτίιειεηι
2840 4490 2932 4573 ιψ-
3070 4486 3280 4573 saeta
3306 4480 3561 4573 lue-iesi-
3589 4480 3852 4573 narre-

604 4555 765 4625 ;erit,
791 4569 943 4625 teque
966 4553 1266 4625 obscurum
1284 4560 1386 4605 est.
1416 4548 1551 4604 Illud
1576 4562 1756 4625 tamen
1781 4566 1878 4621 pro
1902 4563 2051 4605 certo
2074 4552 2168 4605 ba.

602 4620 870 4694 bendum,
901 4631 1118 4694 partem
1148 4620 1424 4694 utiliorem
1455 4634 1537 4694 ac_
1551 4621 1842 4679 medullam
1879 4637 2170 4692 propemo-

602 4693 731 4749 dum
755 4689 936 4765 operis
961 4691 1254 4765 Eusebiani
1278 4691 1483 4765 tumad
1505 4689 1839 4763 Stephanum
1864 4689 2168 4765 tum'etia_m

603 4765 670 4820 ad
698 4759 985 4827 Marinum,
1011 4764 1065 4818 in
1103 4764 1203 4816 hac
1232 4776 1333 4817 nos
1366 4759 1616 4828 Epitome
1642 4766 2070 4828 recuperavisse.
2104 4761 2170 4815 Et

602 4852 737 4892 sane
770 4835 957 4889 mirari
989 4834 1115 4888 licet
1136 4838 1215 4887 tot
1244 4846 1276 4885 a
1310 4831 1744 4888 laboriosissimo
1776 4831 2010 4887 Eusebio
2032 4834 2171 4887 seri-

602 4916 694 4977 pta
721 4920 887 4977 opera
922 4904 991 4959 ad
1014 4902 1340 4977 Christianae
1362 4902 1641 4977 religionis
1668 4902 2061 4977 expositionem
2086 4914 2169 4977 at-

601 4971 707 5046 que
748 4971 992 5038 tutelam,
1026 4988 1222 5046 nempe
1261 4972 1561 5046 Hislgriam
1605 4971 1758 5038 εδει,
1804 4971 2167 5046 Ρςαρατᾳιὶο-

602 5041 739 5110 riam,
785 5041 1319 5109 Demonstrationem,
1371 5041 1779 5113 Theopltam'am,
1834 5041 2164 5109 Qawstionrs

600 5118 945 5188 euangelica,
986 5124 1041 5172 et
1076 5113 1276 5188 C_ontra
1312 5113 1966 5188 Juliqnum,__llicroclem,
2009 5124 2165 5188 atque

604 5184 936 5255 lar-celum,
956 5193 1065 5244 etc.
1089 5186 1232 5253 Quin
1253 5189 1419 5241 etiam
1436 5184 1734 5257 deperdita:
1751 5184 1871 5255 ejus
1895 5185 2164 5256 generalis

2276 4557 2366 4630 niii
2400 4576 2453 4630 p.
2489 4557 2616 4619 222,
2658 4561 2748 4613 ubi
2781 4560 2945 4613 verba
2996 4558 3255 4630 Julianid
3289 4557 3558 4630 μοχθηρὸς
3586 4557 3852 4623 Εὐσέϐιος

2275 4627 2468 4700 Latine
2501 4638 3055 4700 vertunturinequam
3094 4627 3577 4700 EusebiusL‘Atqui
3614 4644 3683 4685 eo
3725 4631 3851 4686 loco

2274 4697 2528 4753 Julianus
2568 4700 2623 4753 in
2661 4697 3097 4769 Eusebiutn_non
3129 4700 3423 4762 invehitur,
3455 4697 3551 4753 sed
3578 4700 3698 4769 ejus
3725 4709 3851 4755 tan-

2277 4778 2390 4823 tum
2426 4770 2748 4825 sententiam
2779 4771 2926 4823 circa
2959 4767 3305 4824 Hebraeorum
3335 4767 3642 4824 doctrinam
3669 4783 3849 4827 artes-

2277 4856 2383 4909 que
2414 4848 2701 4894 memorat.
2739 4838 2879 4909 Ergo
2911 4838 3273 4909 retrahendus
3304 4840 3438 4895 mihi
3467 4850 3730 4895 accentus
3759 4843 3847 4896 vi-

2274 4908 2452 4982 detur,
2495 4917 2551 4963 ut
2590 4910 2663 4982 s_i_t
2706 4908 2996 4982 μόχθηρος,
3047 4908 3378 4982 laboriosus,
3414 4910 3561 4982 quod
3608 4914 3847 4968 maxime

2272 4980 2571 5052 epithetum
2611 4977 3091 5052 Eusebio'laboris
3132 4977 3384 5035 Herculei
3417 4977 3535 5034 viro
3566 4982 3842 5052 congruit.

2277 5049 2498 5123 Dicatur
2548 5052 2732 5123 itaque
2761 5067 2831 5123 Am
2882 5066 2948 5105 eo
2986 5050 3288 5123 fragmento
3319 5065 3429 5106 non
3464 5049 3709 5121 tum,
3745 5052 3845 5108 sed

2270 5119 2566 5176 laboriosus
2610 5119 2884 5175 Eusebius.
