4114 6472
371 262 504 318 9H

1014 257 1480 328 QUESTIONES
1515 255 1998 329 EVANGELICE.
2043 289 2110 299 —
2146 256 2478 326 QUAESTIO
2515 258 2559 312 Il
2597 257 2688 312 AD
2727 255 3104 316 MARINUM.‘

3561 262 3665 319 9"}

377 379 544 448 μετᾶ
573 377 632 432 τὸ
658 377 932 434 Σάϐϐαταν
950 393 966 409 ο
996 377 1138 433 οὕτω
1167 378 1276 452 γὰρ
1314 380 1410 434 καὶ
1438 379 1533 448 όψὲ
1560 381 1659 450 τῆς
1685 381 1833 454 ὧρας
1856 378 1977 432 εἰώ-

2085 378 2288 433 batum.
2331 376 2422 432 Sic
2453 378 2598 434 enim
2627 387 2682 434 et
2730 395 2855 436 sero
2896 381 3046 435 hora:
3068 379 3308 438 solemus
3335 381 3518 438 dicere
3539 425 3552 449 ,
3612 392 3666 436 et

374 472 573 546 θαμεν
589 474 770 544 λέγειν
785 514 800 539 ,
823 477 916 529 καὶ
936 474 1034 544 όψὲ
1056 474 1150 528 τοῦ
1175 475 1387 547 καιροῦ,
1404 477 1498 528 καὶ
1522 474 1618 544 ὀψὲ
1643 475 1744 545 τῆς
1767 475 1974 548 χρείας·

371 567 457 621 οὐ
490 568 588 640 τὴν
617 567 856 639 ἑσπέραν
905 566 1208 639 δηλοῦντες,
1239 568 1360 621 οὐδὲ
1401 568 1492 620 τὸν
1533 569 1670 638 μετὰ
1699 567 1848 639 ἡλίου
1884 568 1978 621 δυ-

379 662 544 732 σμὰς
567 661 779 732 χρόνον,
797 661 856 714 τὸ
877 660 934 714 δὲ
967 661 1174 732 σφόδρα
1193 661 1405 732 βράδιον
1425 659 1600 730 τούτῳ
1627 661 1978 731 σημαίνοντες

376 755 475 827 τῷ
493 757 710 827 τρόπῳ·
759 755 879 809 ὅθεν
907 754 1096 826 ὥσπερ
1135 753 1509 825 διερμηνεύων
1539 753 1700 818 αὐτὸς
1729 754 1920 806 ἑαυτὸν
1951 755 1979 806 6

377 843 676 912 Ματθατος
704 849 843 920 μετὰ
863 848 923 902 τὸ
956 847 1072 917 ὀψὲ
1103 845 1439 910 Σαϐϐάτων,
1468 847 1714 916 ἐπήγαγε
1741 845 1816 913 τῇ
1853 845 1980 897 ἐπι-

381 939 728 1006 φωσκούσῃ
756 938 889 1008 φησί
911 954 922 968 ’
948 938 1149 1010 δηλαδὴ
1174 938 1294 1010 (Bp;
1317 942 1384 1011 τῇ
1408 938 1591 992 λοιπὸν
1623 938 1724 1008 ἤδη
1749 938 1980 1006 ὑποφαι-

381 1031 586 1102 νούσῃ,
637 1032 731 1084 καὶ
775 1031 1162 1103 ἐπιφωσκούσῃ
1185 1035 1266 1094 είς
1297 1033 1396 1104 τὴν
1428 1030 1714 1103 Κυριακὴν
1743 1031 1977 1101 ἡμέραν,

381 1123 517 1192 ἥτις
539 1119 608 1195 ἦν
633 1122 730 1193 ὀψὲ
755 1125 850 1177 καὶ
877 1123 1065 1196 πόρρω
1091 1124 1275 1177 λοιπὸν
1304 1124 1601 1178 έλαύνουσα
1629 1122 1736 1177 τῶν
1769 1123 1980 1176 Σαϐϐά-

383 1231 534 1268 τωνο
567 1214 812 1268 λέλεκται
845 1215 900 1268 δὲ
935 1214 1051 1284 ὀψὲ
1089 1215 1196 1269 τοῦ
1228 1216 1535 1270 Σαϐϐάτου
1565 1215 1716 1287 παρὰ
1753 1216 1844 1268 τοῦ
1889 1217 1980 1287 ἑρ-

393 1304 772 1375 μηνεύσαντος
817 1306 916 1373 τὴν
949 1307 1172 1377 Γραφήν
1193 1325 1205 1337 ·
1237 1308 1265 1359 ὁ
1308 1307 1406 1378 μὲν
1447 1307 1555 1379 γὰρ
1590 1306 1981 1378 εύαγγελιστὴς

387 1397 679 1461 Ματθαῖος
722 1398 965 1470 Ἐϐραΐδι
985 1399 1200 1474 γλώττῃ
1227 1399 1510 1470 παρέδωκε
1543 1399 1605 1452 τὸ
1632 1399 1974 1469 εὐαγγέλιον

391 1489 426 1540 ό
456 1488 516 1541 δὲ
546 1487 639 1541 ἐπὶ
667 1488 766 1558 τὴν
799 1488 1064 1559 Ἐλλήνων
1114 1490 1296 1562 φωνὴν
1344 1490 1660 1560 μεταϐαλὼν
1695 1492 1847 1556 αὐτὸ,
1881 1492 1980 1562 τὴν

393 1579 817 1650 ὲπιφωσκοῦσαν
849 1581 996 1652 ὥραν
1026 1583 1105 1646 είς
1137 1583 1236 1653 τὴν
1272 1583 1557 1655 Κυριακὴν
1591 1583 1826 1654 ἡμέραν,
1866 1582 1982 1652 ὀψὲ

390 1673 713 1752 Σαϐϐάτωις
756 1677 1079 1745 προσεῖπεν·
1113 1674 1254 1728 ὥστε
1295 1676 1386 1729 τὸν
1419 1675 1582 1729 αὐτὸν
1616 1676 1802 1747 σχεδὸν
1847 1679 1984 1728 νοεῖ-

393 1763 523 1818 σθαι
567 1765 778 1837 καιρὸν,
812 1765 845 1836 ἢ
880 1765 968 1820 τὸν
999 1767 1204 1839 σφόδρα
1234 1768 1400 1836 ἑγγὺς
1429 1768 1577 1838 παρὰ
1607 1771 1720 1832 τοῖς
1751 1769 1978 1836 εὐαγγε-
2008 1753 2050 1807 Β

391 1855 609 1921 λισταῖς
632 1857 907 1928 διαφόροις
926 1858 1154 1928 ὀνόμασι
1179 1861 1549 1930 τετηρημένον
1565 1877 1577 1889 ·
1601 1860 1766 1930 μηδέν
1782 1876 1840 1912 τε
1862 1860 1979 1913 δια-

393 1949 584 2020 φέρειν
627 1949 902 2004 Ματθαῖον
934 1950 1215 2021 εἰρηκότασ
1247 1971 1265 2002 ι
1303 1952 1430 2023 Ὀψὲ
1484 1953 1542 2006 δὲ
1586 1952 1879 2006 Σαϐϐάτων
1912 1955 1977 2024 τῇ

394 2042 786 2115 ἐπιφωσκούσῃ
843 2045 923 2108 είς
985 2044 1113 2114 μίαν
1159 2043 1455 2098 Σαϐϐάτων
1497 2041 1628 2117 ἦλθε
1695 2046 1884 2118 Μαρία
1946 2048 1979 2117 ἠ

391 2136 728 2207 Μαγδαληνὴ
784 2138 880 2191 καὶ¹
916 2139 951 2209 ἡ
1001 2137 1133 2208 ἄλλη
1184 2139 1372 2211 Μαρία
1417 2137 1692 2210 θεωρῆσαι
1747 2139 1838 2191 τὸν
1883 2139 1980 2193 τά-

397 2247 517 2297 φον,
551 2249 570 2280 ι
613 2229 857 2282 Ἰωάννου
890 2230 1159 2300 φήσαντος
1190 2247 1203 2261 ο
1245 2248 1264 2280 ι
1309 2233 1376 2301 τῇ
1409 2231 1464 2284 δὲ
1501 2232 1600 2302 μιᾷ
1630 2229 1738 2285 τῶν
1771 2231 1983 2284 Σαϐϐά-

395 2338 505 2375 των
535 2321 752 2392 ἔρχεται
783 2321 969 2394 Μαρία
1006 2323 1039 2392 ἡ
1065 2323 1398 2396 Μαγδαληνὴ
1425 2323 1569 2396 πρωῒ
1599 2326 1680 2388 εἰς
1731 2324 1791 2378 τὸ
1847 2343 1982 2396 μνη-

400 2417 570 2483 μεῖον,
616 2414 695 2467 ἔτι
725 2392 893 2484 οὔσης
938 2392 1177 2479 σκοτίας.
1216 2435 1235 2468 ι
1273 2392 1568 2480 Πλατυκῶς
1598 2415 1707 2489 γὰρ
1749 2392 1856 2471 ἕνα.
1886 2392 1981 2471 καὶ

395 2507 488 2560 τὸν
522 2507 684 2560 αὑτὸν
716 2506 934 2578 δηλοῦσι
981 2507 1089 2578 (50)
1123 2508 1313 2581 χρόνον
1353 2508 1630 2580 διαφόροις
1676 2511 1883 2580 ῥήμασι
1905 2527 1918 2539 ·
1951 2511 1980 2562 ό

400 2597 501 2668 μὲν
522 2597 801 2661 Ματθαίος
831 2596 966 2666 ὀψὲ,
997 2597 1117 2651 ἀντὶ
1146 2598 1238 2652 τοῦ
1263 2599 1522 2666 βράδιον
1545 2615 1558 2628 ·
1596 2599 1692 2652 καὶ
1723 2599 1840 2667 ὀψὲ
1870 2599 1974 2666 τῆς

395 2686 618 2753 νυκτὸς
655 2687 925 2757 ὀνομάσας
962 2688 1130 2755 πρωῒ,
1165 2690 1195 2740 6
1231 2687 1603 2760 διερμηνεύων
1641 2690 1886 2760 ἐπήγαγε
1919 2689 1980 2741 τὸ

389 2776 644 2844 σκοτίας
673 2779 889 2846 οὔσης,
925 2778 1012 2832 ἵνα
1049 2781 1122 2852 μή
1156 2797 1240 2844 τις
1272 2781 1363 2834 τὸν
1392 2780 1590 2853 ὄρθρον
1616 2781 1794 2850 λέγειν
1817 2781 1978 2835 αὑτὸν

396 2869 690 2925 ὑπολάϐοιο
723 2870 799 2934 ὡς
834 2871 929 2924 καὶ
966 2872 994 2924 ὁ
1034 2873 1313 2938 Ματθαῖος
1351 2873 1429 2944 τῷ
1479 2873 1595 2942 ὀψὲ
1643 2875 1976 2939 Σαϐϐάτων,

392 2961 484 3015 ἵνα
534 2962 607 3034 μὴ
651 2963 750 3034 τὴν
781 2963 1074 3035 ἑσπερινὴν
1108 2964 1258 3037 ὥραν
1313 2965 1554 3036 νομίσειέ
1593 2983 1676 3029 τις
1703 2965 1975 3035 λέγεσθαι,

395 3053 704 3126 προσέθηκε
737 3054 798 3108 τὸ
835 3055 911 3123 τῇ
951 3057 1382 3148 ἐπιφωσκούσῃ
1428 3060 1514 3123 εις
1547 3059 1696 3127 μίαν
1754 3057 1979 3112 Σαϐϐά-
2007 3091 2047 3148 C

392 3158 534 3198 των.
576 3144 728 3197 Ἐπεὶ
779 3145 874 3198 καὶ
916 3147 1159 3220 ἀκριϐῶς
1200 3141 1353 3213 οὗτος
1394 3148 1671 3203 Σαϐϐάτου
1703 3145 1854 3202 εἶπεν
1879 3149 1976 3219 τὴν

393 3234 574 3304 ὀψίαν,
631 3238 703 3308 μή
754 3254 836 3300 τις
878 3236 976 3309 τὴν
1018 3239 1254 3311 ἑσπέραν
1297 3241 1558 3296 ὑπολάϐοι
1601 3241 1853 3310 λέγεσθαι
1882 3243 1976 3314 τὴν

397 3326 539 3398 μετὰ
565 3327 716 3398 ἡλίου
741 3329 971 3402 δυσμὰς,
1016 3331 1151 3384 ἀλλὰ
1184 3332 1499 3387 Σαϐϐάτων
1535 3333 1700 3402 φησὶν
1733 3333 1864 3402 ὀψέ.

467 3418 532 3489 β’.
563 3421 722 3487 Ἕθος
753 3422 809 3476 δὲ
845 3424 973 3496 ὃλην
1007 3424 1107 3496 τὴν
1138 3425 1405 3496 ἑϐδομάδα
1438 3426 1718 3480 Σάϐϐατον
1756 3427 1961 3492 καλεῖν,

393 3512 490 3566 καὶ
513 3512 692 3578 πάσας
711 3514 809 3580 τὰς
834 3515 1044 3588 ἡμέρας
1073 3517 1243 3582 οὕτως
1264 3519 1566 3589 ὀνομάζειν.
1597 3519 1826 3587 Λέγεται
1846 3517 1975 3588 γοῦν

395 3607 549 3678 παρὰ
586 3610 697 3671 τοῖς
721 3609 1130 3678 εὐαγγελισταῖς
1161 3610 1237 3679 τῇ
1261 3610 1371 3681 μιᾷ
1403 3611 1521 3666 τῶν
1543 3611 1882 3667 Σαϐϐάτων·
1916 3615 1974 3668 ἐν

391 3696 450 3750 δὲ
473 3700 536 3768 τῇ
570 3698 840 3772 συνηθείᾳ,
869 3701 1118 3769 δευτέρα
1148 3703 1479 3768 Σαϐϐάτων,
1514 3706 1608 3758 καὶ
1636 3706 1800 3772 τρίτη
1836 3707 1974 3759 Σαϐ-

394 3788 605 3853 σάτων,
657 3792 751 3844 καὶ⁸
791 3792 1036 3860 τετάρτη
1067 3793 1405 3847 Σαϐϐάτων·
1442 3795 1614 3860 οὕτως
1645 3792 1738 3850 οὖν
1765 3800 1792 3850 ὁ
1823 3799 1973 3852 Ματ-

391 3877 546 3944 θαίος
593 3880 684 3934 τὸν
730 3883 921 3954 καιρὸν
963 3883 1053 3936 τὸν
1099 3884 1503 3952 ἑπιφαύσκοντα
1532 3887 1611 3949 εἰς
1641 3887 1738 3956 τὴν
1773 3886 1847 3940 ἕω
1877 3889 1973 3957 τῆς

391 3971 682 4043 Κυριακῆς
726 3973 958 4045 ἡμέρας,
994 3974 1310 4028 Σαϐϐάτων
1357 3975 1472 4044 ὀψὲ
1515 3977 1823 4047 ὠνόμασεν·
1871 3979 1972 4030 ούκ

392 4061 564 4116 εἰπὼν
610 4063 846 4135 ἑσπέραν
882 4063 978 4119 τοῦ
1029 4065 1328 4131 Σαϐϐἀτου,
1369 4067 1491 4120 ούδὲ
1529 4067 1624 4136 όψὲ
1660 4068 1967 4122 Σαϐϐάτου·

392 4154 517 4207 ἐπεὶ
566 4154 733 4226 ἑχρῆν
783 4157 930 4226 ἡμᾶς
985 4159 1049 4228 τῇ
1101 4157 1286 4228 ἡμέρᾳ
1330 4157 1422 4210 τοῦ
1455 4158 1758 4213 ,Σαϐϐάτου
1836 4161 1973 4231 μετὰ

389 4246 544 4318 ἡλίου
584 4247 793 4318 δυσμὰς
851 4249 1089 4321 ἑσπέρας
1133 4251 1426 4321 γινομένης
1475 4251 1966 4323 ἀπονηστίζεσθαι·

391 4338 488 4391 καὶ
513 4338 696 4392 ούκέτι
727 4339 824 4410 τὴν
853 4339 1132 4411 Κυριακὴν
1155 4341 1368 4412 ἡμέραν
1400 4343 1680 4414 ἀγαλλιᾷν,
1712 4344 1847 4398 ἀλλὰ
1873 4344 1970 4416 τὴν

2083 485 2208 524 sero
2239 471 2523 540 temporis,
2554 478 2608 526 et
2639 472 2817 528 serius
2849 487 3012 544 quam
3059 474 3137 528 rei
3173 489 3309 530 usus
3329 475 3666 544 postulavis-

2083 569 2198 628 set;
2240 576 2416 631 neque
2449 561 2656 618 idcirco
2681 579 2967 633 vesperam
3022 564 3396 635 signiﬁcamus
3420 603 3436 630 ,
3489 581 3666 636 neque

2082 661 2296 724 tempus
2329 663 2453 724 post
2510 655 2646 711 solis
2689 671 2972 722 occasum,
3003 659 3098 714 sed
3137 658 3282 728 quod
3337 673 3668 728 magnopere

2084 762 2266 801 serum
2318 748 2408 802 sit.
2455 745 2634 812 Quare
2663 763 2724 804 se
2755 749 2933 818 ipsum
2969 750 3134 804 veluti
3177 749 3465 805 Matthmus
3497 751 3668 806 inter-

2081 849 2304 911 pretans
2360 848 2648 910 postquam
2694 840 2833 895 dixit
2862 857 2985 896 sero
3015 842 3369 896 Sabbatorum
3394 881 3409 905 ,
3455 843 3529 898 ait
3550 860 3667 913 qua?

2080 932 2358 995 illucescit,
2390 947 2581 1000 nempe
2624 931 2760 986 hora
2789 948 2910 1002 quae
2941 933 3199 1004 deinceps
3229 935 3452 989 suberat
3503 944 3666 1004 atque

2082 1025 2432 1080 illucescebat
2461 1026 2515 1080 in
2539 1025 2678 1080 diem
2716 1025 3097 1092 Dominicum;
3137 1042 3259 1096 quae
3311 1043 3504 1097 nempe
3550 1028 3663 1096 jam

2081 1131 2202 1172 sera
2225 1125 2343 1172 erat
2371 1124 2424 1172 et
2456 1117 2670 1187 longius
2712 1133 2740 1169 a
2767 1117 3008 1171 Sabbato
3037 1118 3242 1186 elapsa.
3274 1117 3328 1172 ld
3364 1135 3494 1173 vero
3528 1131 3666 1174 tem-

2082 1225 2186 1279 pus
2215 1223 2244 1261 a
2282 1207 2580 1278 Scriptura:
2601 1211 2929 1279 evangelicae
2957 1211 3250 1280 interprete
3278 1229 3392 1265 sero
3444 1212 3666 1266 Sabbati

2083 1305 2410 1373 appellalum
2454 1313 2559 1358 est.
2612 1303 2856 1373 Namque
2906 1304 3023 1374 ipse
3075 1304 3362 1359 Matthazus
3396 1305 3663 1360 Heliraica

2081 1397 2265 1467 lingua
2294 1395 2464 1456 edidit
2495 1395 2879 1468 Evangelium;
2917 1397 2984 1451 ab
3007 1411 3072 1451 eo
3095 1408 3276 1450 autem
3305 1397 3397 1466 qui
3432 1398 3485 1450 in
3515 1395 3663 1450 Grae-

2083 1505 2203 1546 cam
2235 1491 2538 1554 transtulit,
2573 1491 2900 1546 illucescens
2952 1491 3088 1545 hora
3134 1491 3189 1544 in
3222 1491 3366 1544 diem
3423 1489 3665 1544 Domini-

2083 1597 2206 1636 cum
2238 1623 2252 1646 ,
2294 1600 2409 1637 sero
2434 1581 2788 1638 Sabbatorum
2830 1584 3095 1653 appellata
3123 1582 3224 1635 fuit
3257 1602 3268 1636 :
3304 1582 3376 1634 ita
3409 1590 3468 1634 ut
3520 1580 3664 1634 idem

2086 1675 2198 1729 fere
2228 1684 2444 1746 tempus
2469 1676 2826 1747 intelligatur,
2854 1684 2948 1729 aut
2982 1675 3138 1728 valde
3162 1675 3494 1743 proximum.
3517 1670 3660 1741 apud

2081 1769 2446 1837 evangelistas
2501 1768 2735 1824 diversis
2782 1767 3098 1822 nominibus
3144 1768 3526 1836 designatum:
3581 1763 3664 1816 ni-

2081 1858 2266 1928 hilque
2290 1860 2502 1916 diil‘erat
2531 1858 2818 1913 Mattheus
2843 1860 3031 1914 dicens
3055 1877 3067 1911 :
3103 1876 3122 1908 ι
3156 1856 3291 1910 Sero
3314 1866 3494 1910 autem
3525 1853 3664 1908 Sab-

2081 1953 2353 2016 hatorum,
2377 1969 2498 2022 quae
2534 1954 2762 2008 lucescit
2791 1954 2843 2006 in
2873 1967 3037 2006 unam
3071 1951 3434 2005 Sabbatorum
3455 1989 3470 2012 ,
3518 1951 3664 2002 venit

2083 2043 2250 2098 Maria
2305 2045 2659 2114 Magdalena,
2720 2054 2774 2099 et
2804 2045 2972 2099 altera
3022 2043 3191 2097 Maria
3236 2043 3420 2096 videre
3482 2041 3664 2110 sepul-

2083 2155 2260 2205 crum,
2311 2161 2328 2193 ι
2370 2157 2400 2196 a
2427 2140 2636 2196 Joanne
2664 2142 2757 2212 qui
2799 2142 2920 2195 ait:
2981 2159 2999 2190 ‹
3042 2155 3148 2194 una
3177 2146 3358 2193 autem
3395 2136 3663 2190 Salibato-

2082 2248 2203 2288 rum
2231 2234 2378 2289 venit
2409 2233 2578 2289 Maria
2603 2233 2918 2305 Magdalena
2947 2247 3107 2287 mane
3135 2232 3202 2286 ad
3221 2236 3657 2286 monumentum.

2082 2341 2207 2379 cum
2245 2325 2425 2380 adhuc
2474 2327 2711 2381 tenebra:
2765 2333 2970 2381 essent.
3025 2343 3043 2377 ι
3106 2323 3240 2378 Late
3290 2322 3434 2377 enim
3487 2335 3656 2374 unum

2083 2416 2334 2486 idemque
2389 2417 2728 2487 signiﬁcatur
2808 2425 3022 2486 tempus
3083 2415 3255 2470 variis
3311 2413 3650 2469 nominibus.

2083 2506 2334 2562 Matthaao
2362 2524 2489 2561 sero.
2526 2507 2878 2564 Sabbatorum
2923 2508 3140 2562 dicente
3182 2521 3283 2576 pro
3315 2505 3520 2558 tardius
3547 2545 3563 2570 ,
3607 2513 3663 2557 et

2081 2616 2234 2653 mane
2264 2615 2362 2668 pro
2385 2608 2533 2654 nocte
2559 2600 2812 2660 serotina,
2848 2599 3116 2668 interpres
3153 2595 3360 2651 addidit
3414 2613 3533 2649 cum
3563 2597 3663 2648 ad-

2081 2692 2180 2744 huc
2213 2691 2435 2746 tenebrae
2462 2701 2653 2754 essent,
2682 2709 2748 2746 ne
2771 2693 2894 2761 quis
2926 2705 3181 2745 auroram
3212 2689 3317 2743 dici
3351 2690 3420 2744 ab
3449 2690 3539 2743 illo
3565 2705 3663 2759 pu-

2082 2792 2239 2835 taret.
2279 2783 2450 2836 Sicuti
2484 2783 2648 2836 etiam
2682 2781 2966 2836 Mattbaeus
3007 2781 3189 2835 verbis
3239 2797 3357 2834 sero
3399 2777 3660 2834 Sabbato-

2082 2889 2220 2938 rum,
2253 2890 2322 2928 ne
2355 2875 2481 2944 quis
2517 2874 2585 2929 de
2617 2874 2928 2944 vespertino
2959 2882 3206 2942 tempore
3236 2875 3532 2942 cogitaret,
3567 2872 3659 2928 ad-

2082 2965 2217 3018 didit
2245 2983 2363 3035 qua:
2403 2967 2616 3020 lucescit
2652 2968 2894 3043 inunam
2936 2965 3312 3019 Sabbatorum.
3342 2963 3408 3016 Et
3436 2963 3658 3032 quidem
3736 3007 3741 3011 .

2081 3065 2336 3113 accurate
2365 3059 2411 3114 is
2444 3060 2714 3129 expressit
2738 3073 2914 3114 seram
2962 3059 3177 3123 horam,
3200 3072 3270 3112 ne
3303 3056 3427 3125 quis
3462 3071 3657 3126 vespe-

2083 3164 2198 3202 ram
2229 3152 2547 3218 opinaretur
2595 3164 2717 3204 esse
2776 3159 2897 3219 post
2936 3150 3070 3204 solis
3122 3163 3381 3205 occasum
3430 3148 3655 3212 horam:

2079 3257 2271 3312 nempe
2295 3243 2371 3296 ait
2397 3259 2512 3296 sero
2543 3241 2913 3296 Sabbatorum.

2147 3421 2202 3476 Ξ.
2244 3421 2598 3477 Consuetudo
2624 3429 2803 3477 autem
2835 3420 2936 3476 fuit
2957 3429 3017 3475 ut
3039 3419 3294 3476 universa
3311 3418 3652 3475 hebdomada

2077 3513 2354 3569 diceretur
2400 3514 2721 3579 Sabbatum,
2749 3515 2858 3568 imo
2889 3525 2948 3568 ut
2977 3513 3094 3567 dies
3127 3513 3328 3582 singuli
3361 3513 3440 3566 sic
3469 3511 3654 3580 appel-

2076 3607 2338 3662 larentur.
2378 3605 2587 3660 Dicitur
2613 3621 2742 3676 ergo
2767 3603 2912 3674 apud
2942 3603 3302 3674 evangelistas
3317 3618 3426 3656 una
3445 3599 3654 3655 Subba-

2078 3709 2271 3753 torum.
2305 3697 2372 3752 Et
2399 3698 2616 3767 quidem
2652 3697 2707 3750 iu
2742 3696 2952 3766 vulgari
2996 3693 3394 3750 consuetudine
3423 3691 3654 3746 secunda

2076 3789 2453 3850 Sabbatorum.
2474 3790 2628 3845 tertia
2653 3788 3035 3852 Sabbatorum,
3053 3797 3246 3856 quarta
3272 3784 3652 3839 Sabbatorum.

2077 3884 2167 3939 Sic
2194 3900 2324 3954 ergo
2356 3884 2639 3938 Mattbzeus
2670 3891 2884 3952 tempus
2919 3883 3242 3937 illucescens
3265 3883 3319 3934 in
3361 3866 3504 3935 diem
3543 3867 3674 3933 [ιο-⁸

2074 3978 2335 4032 minicum
2392 3993 2508 4032 sero
2562 3975 2916 4030 Sabbatorum
2973 3973 3252 4031 vocitavit.
3303 3971 3476 4028 Secus
3521 3986 3653 4026 vero

2073 4074 2347 4137 oporteret
2391 4083 2493 4121 nos
2523 4067 2611 4120 (lie
2657 4064 2878 4119 Sabbati
2909 4073 3032 4134 post
3063 4064 3196 4118 solis
3229 4077 3486 4118 occasum
3507 4103 3522 4122 ,
3557 4079 3652 4117 ve—

2075 4175 2233 4230 spere
2265 4160 2410 4214 facto
2431 4201 2446 4225 ,
2489 4158 2758 4228 jejunium
2799 4158 3043 4228 polluere
3074 4175 3086 4211 :
3121 4172 3298 4228 neque
3351 4157 3437 4211 die
3471 4155 3648 4209 Domi-

2073 4253 2198 4307 nico
2244 4251 2502 4322 jubilare,
2534 4249 2629 4305 sed
2661 4250 2845 4319 potius
2872 4263 3099 4321 vespere
3132 4247 3400 4315 Sabbati;
3437 4250 3481 4304 si
3527 4252 3648 4319 qui-

2073 4345 2192 4400 dem
2229 4344 2305 4398 ita
2344 4341 2731 4412 intelligendus
2771 4351 2917 4396 esset
2942 4342 3296 4411 evangelista.
3329 4342 3490 4414 Atqui
3537 4359 3647 4397 non

389 4428 633 4501 ἑσπέραν
664 4430 757 4484 τοῦ
788 4431 1082 4496 Σαϐϐάτου,
1112 4433 1268 4505 εἴπερ
1295 4434 1436 4488 τοῦτ’
1464 4436 1653 4506 ἐδήλου
1681 4438 1710 4490 6
1742 4438 1972 4505 εὐαγγε-

2078 4450 2301 4505 vespere
2336 4432 2560 4488 Sabbati
2597 4433 2840 4488 solemus
2868 4432 3079 4500 jejunia
3126 4432 3389 4501 polluere,
3419 4431 3514 4486 sed
3550 4448 3650 4485 no-

389 4521 598 4593 λιστής.
647 4522 784 4575 Ἀλλ’
817 4525 914 4595 οὐχ
956 4526 1193 4597 ἑσπέρας
1240 4527 1334 4581 τοῦ
1378 4528 1654 4582 Σαϐϐἀτου
1697 4528 1970 4600 εἰώθαμεν

390 4614 488 4677 τὰς
520 4613 774 4684 νηστείας
792 4615 1102 4682 καταλύειν,
1137 4618 1251 4672 ἀλλ’
1279 4619 1312 4690 ἢ
1357 4621 1548 4684 νυκτὸς
1577 4621 1964 4692 ἐπιλαϐούσης,

389 4705 541 4775 αὐτῷ
586 4707 940 4777 μεσονυκτίῳ,
987 4709 1082 4762 καὶ
1134 4710 1166 4780 ἢ
1218 4711 1347 4781 περὶ
1398 4712 1707 4784 ἀλεκτόρων
1734 4713 1881 4782 βοὰς,
1931 4713 1965 4784 ἢ

389 4796 534 4866 ἀμφὶ
556 4796 646 4849 τὸν
675 4796 870 4870 ὄρθρον
889 4815 903 4829 ·
932 4797 1072 4853 ὥστε
1102 4803 1198 4854 καὶ
1224 4801 1280 4868 ἑξ
1309 4802 1474 4855 αὑτοῦ
1503 4803 1596 4857 τοῦ
1622 4804 1964 4876 πράγματος,

388 4889 484 4942 καὶ
535 4890 600 4941 ἑκ
640 4888 738 4960 τῆς
789 4891 1192 4964 κεκρατηκυίας
1226 4895 1282 4944 ἑν
1323 4897 1440 4958 ταῖς
1494 4895 1841 4968 Ἐκκλησίαις
1870 4896 1966 4949 τοῦ

386 4977 523 5032 Θεοῦ
571 4980 876 5052 συνηθείας,
912 4982 1004 5035 τὸν
1035 4982 1123 5036 διὰ
1159 4982 1251 5036 τοῦ
1277 4983 1390 5052 ὀψὲ
1419 4985 1730 5042 Σαϐϐάτων
1781 4987 1969 5057 δηλού-

390 5089 554 5140 μενον
598 5072 810 5144 καιρὸν,
857 5075 930 5147 μὴ
975 5074 1072 5145 τὴν
1118 5076 1408 5147 ἑσπερινὴν
1441 5075 1589 5146 ὥραν
1639 5073 1797 5142 εἶναι,
1831 5078 1966 5131 ἀλλὰ

383 5161 608 5235 ταύτην,
637 5164 704 5235 ἢν
724 5166 998 5232 Ματθαῖος
1016 5168 1179 5231 αὐτὸς
1208 5167 1548 5239 παρέστησεν
1569 5168 1738 5222 εἰπὼν
1755 5169 1827 5238 τῇ
1843 5171 1968 5224 ἐπι-

385 5257 719 5325 φωσκούσῃ
746 5261 832 5325 είς
849 5261 998 5329 μίαν
1028 5261 1359 5316 Σαϐϐάτων.
1389 5261 1522 5318 Οὐδὲ
1548 5262 1656 5332 γὰρ
1679 5262 1832 5331 λόγον
1854 5261 1967 5334 εἶχε

387 5349 528 5401 κατά
553 5349 651 5420 τὴν
679 5352 917 5424 ἑσπέραν
947 5354 1042 5407 τοῦ
1074 5353 1348 5408 Σαϐϐάτου
1380 5353 1633 5408 τοιούτων
1674 5354 1966 5425 θαυμάτων

388 5437 533 5506 ἀμφὶ
565 5439 628 5492 τὸ
671 5445 932 5512 μνημεῖον
962 5442 1056 5496 τοῦ
1093 5444 1346 5514 Σωτῆρος
1388 5444 1851 5514 ἀποτελουμένων,
1890 5445 1966 5517 μὴ

388 5528 508 5596 οὐχὶ
542 5529 748 5593 πάντας
780 5531 904 5594 τοὺς
938 5533 1036 5601 τὴν
1072 5532 1223 5589 πόλιν
1251 5531 1532 5594 οἰκοῦντας
1567 5531 1756 5602 μαθεῖν
1779 5532 1848 5585 τὰ
1878 5550 1968 5601 γι-.

462 5707 573 5764 (3οὶ
612 5709 745 5768 Cod.
776 5683 988 5766 sim-3v.

2072 4531 2158 4578 cte
2181 4523 2418 4578 medium
2449 4537 2676 4576 cursum
2725 4522 2839 4591 jam
2875 4530 3114 4584 tenente,
3143 4530 3236 4577 aut
3275 4526 3420 4576 circa
3450 4523 3652 4593 gallici-

2071 4617 2222 4670 nium
2241 4616 2325 4670 vel
2346 4629 2600 4670 auroram
2631 4633 2644 4668 :
2681 4614 2756 4667 ita
2788 4625 2847 4668 ut
2871 4622 2925 4668 et
2946 4613 3092 4670 facto
3123 4613 3243 4686 ipso
3267 4622 3320 4670 et
3349 4615 3651 4670 inveterata

2071 4709 2126 4761 in
2153 4707 2244 4762 Dei
2275 4705 2536 4762 Ecclesiis
2563 4705 2984 4767 consuetudine,
3028 4715 3245 4776 tempus
3280 4705 3650 4776 signiﬁcatum

2071 4815 2169 4868 per
2198 4801 2360 4854 verba
2397 4816 2515 4853 sero
2552 4797 2940 4860 Sabbatorum,
2975 4798 3116 4852 haud
3149 4800 3459 4867 vespertina
3517 4799 3652 4852 hora
3698 4846 3700 4848 ,

2073 4893 2164 4957 sit,
2190 4892 2284 4946 sed
2313 4907 2476 4962 quam
2532 4890 2820 4946 Matthaeus
2848 4890 3068 4944 exhibet
3096 4889 3224 4942 dum
3267 4891 3383 4942 ait:
3438 4907 3556 4960 qua:
3592 4891 3654 4942 il-

2073 4985 2283 5038 lucescit
2308 4987 2362 5038 in
2391 5002 2550 5038 unam
2571 4983 2951 5038 Sabbalorum.
2969 4981 3155 5052 Neque
3190 4981 3333 5036 enim
3366 4984 3653 5036 commode

2073 5076 2404 5129 accidissent
2427 5089 2653 5143 vespere
2679 5073 2901 5128 Sabbati
2921 5073 3048 5126 talia
3074 5072 3320 5141 prodigia
3347 5071 3496 5124 circa
3521 5071 3651 5126 Ser--

2072 5169 2279 5223 vatoris
2328 5177 2778 5230 monumentum,
2840 5182 2908 5220 ne
2981 5165 3192 5219 scilicet
3249 5164 3456 5235 passim
3495 5165 3650 5219 urbis

2075 5261 2263 5316 incolae
2293 5277 2406 5315 rem
2430 5268 2844 5326 cognoscerent,
2862 5261 3121 5331 ﬁeretque
3145 5273 3450 5314 concursus
3472 5257 3540 5310 ad
3564 5267 3650 5312 tu-
3696 5270 3698 5272 '

2071 5354 2276 5408 mulum
2296 5393 2310 5418 ,
2335 5354 2684 5423 vigilantibus
2715 5354 2989 5407 omnibus.
3011 5353 3457 5407 Consentaneum
3488 5352 3648 5420 quip-

2072 5459 2138 5513 pe
2175 5453 2315 5509 erat,
2342 5445 2520 5514 lapide
2549 5444 2859 5513 prodigiose
2909 5443 3190 5506 revoluto,
3229 5443 3413 5498 statim
3444 5457 3648 5498 convo-
3694 5507 3698 5510 η

2069 5543 2181 5598 lare
2219 5538 2499 5601 custodes,
2535 5529 2766 5596 horaid
2801 5537 3152 5600 concedente,
3188 5539 3254 5595 ad
3283 5551 3347 5594 ea
3379 5551 3499 5611 qua:
3524 5550 3653 5592 eve‘
