4114 6472
451 258 559 317 Θιὸ

1165 236 1436 302 unseen
1475 232 1958 300 cisimmsxs
1988 234 2139 299 opp.
2177 233 2355 298 PARS
2387 232 2473 300 ιῑι.
2514 276 2585 286 -
2619 234 3031 304 ementes.

3606 251 3718 307 οη

442 384 650 438 nerant
681 370 1068 433 renuntianda.
1128 368 1197 424 Et
1245 368 1467 439 quidem
1516 368 1576 422 hi
1624 366 1891 424 docentur
1940 368 2030 423 die

2140 367 2350 438 νόμενα,
2376 367 2471 422 καὶ
2504 369 2776 441 συνδρομὴ
2807 368 3020 438 γεγόνει
3059 364 3152 421 ἐπὶ
3175 366 3235 420 τὸ
3264 365 3473 438 μνῆμα,
3493 364 3720 420 πάντων

452 479 673 544 postero
688 483 719 522 a
739 463 1112 524 sacerdotibus
1132 469 1193 516 ut
1217 475 1490 516 rumorem
1514 460 1571 514 in
1592 460 1791 531 vulgus
1807 469 2005 516 serant
2023 501 2039 526 ,

454 561 671 619 venisse
699 565 867 612 noctu
899 551 1202 622 discipulos
1231 548 1362 605 Jesu
1404 548 1470 603 ad
1510 547 1803 602 furandum
1828 562 2037 620 corpus

452 659 583 713 dum
617 652 723 724 ipsi
758 663 951 706 somno
998 645 1375 716 iudulgerent;
1412 643 1467 698 id
1508 642 1654 713 quod
1696 643 1765 698 ab
1791 644 1872 697 eis
1905 641 2035 711 fingi

454 747 600 804 haud
629 758 767 814 opus
814 738 1027 802 fuisset,
1055 737 1101 793 si
1142 751 1369 807 vespere
1396 733 1558 790 Jesus
1613 733 2028 790 resurrexisset.

451 840 641 912 Itaque
672 834 927 892 existimo
983 848 1052 888 ex
1085 830 1171 886 his
1217 828 1615 893 demonstrari,
1670 828 1725 883 id
1756 826 1903 899 quod
1953 825 2031 880 ait

454 930 743 987 Mattbaeus
774 942 890 981 sero
922 923 1309 986 Sabbatorum,
1350 922 1494 977 haud
1535 920 1843 993 significare
1873 934 2029 975 sero-

454 1023 624 1079 tinam
662 1018 888 1074 Sabbati
930 1016 1120 1071 horam
1159 1031 1334 1085 neque
1372 1022 1588 1083 tempus
1618 1012 2028 1085 vespertinum;

2144 459 2543 532 ἐγρηγορότων.
2598 461 2914 516 Ἀκόλουθον
2960 463 3017 515 δὲ
3056 457 3127 532 ἦν
3169 458 3571 532 ἀνατραπέντος
3620 458 3722 513 τοῦ

2141 550 2289 605 λίθου
2318 552 2654 624 παραδόξως,
2680 554 3023 626 παραχρῆμα
3052 551 3284 606 σπεῦσαι
3302 551 3429 615 τοὺς
3448 550 3723 623 φρουροὺς

2137 643 2206 698 τὰ
2238 644 2547 717 πραχθέντα
2577 645 2834 716 δηλῶσαι,
2873 647 2972 717 τῆς
3003 645 3152 718 ὥρας
3178 646 3364 707 αὐτοῖς
3394 640 3725 716 ἐπιτρεπού-

2138 752 2255 806 σης.
2285 737 2347 789 Οἱ
2372 736 2430 790 δὲ
2466 738 2562 791 καὶ
2596 730 2937 791 διδάσκονται
2965 740 3029 808 τῇ
3060 734 3321 809 ὑστεραίᾳ
3345 735 3450 789 ὑπὸ
3477 734 3585 788 τῶν
3619 734 3725 805 άρέ

2137 827 2365 901 χιερέων
2414 830 2741 902 διαφημίσαι
2771 832 2849 894 είς
2883 830 3106 895 πάντας,
3133 833 3215 884 ὅτι
3246 830 3295 882 οἱ
3333 827 3574 899 μαθηταὶ
3613 828 3721 882 αὖ·

2136 919 2232 973 τοῦ
2275 921 2466 986 νυκτὸς
2514 920 2760 988 ἐλθόντες
2802 924 3031 995 ἔκλεψαν
3056 924 3216 978 αὑτὸν
3248 924 3407 995 ήμῶν
3442 921 3725 994 κοιμωμέ-

2139 1018 2249 1067 νων
2265 1031 2279 1044 ο
2313 1014 2342 1067 ὃ
2369 1013 2432 1086 δὴ
2474 1012 2658 1088 χώραν
2683 1016 2790 1071 οὐκ
2824 1013 2968 1088 εἶχεν
3000 1016 3328 1071 πλάττεσθαι
3354 1016 3550 1079 αὐτοὺς
3576 1016 3625 1069 εί
3650 1016 3721 1086 τῇ

453 1130 692 1186 namque
723 1114 839 1183 ipse
871 1110 1156 1165 Mattlneus
1187 1108 1374 1163 addit:
1407 1106 1536 1160 hora
1557 1123 1673 1173 qua:
1717 1105 1931 1159 lucescit
1976 1104 2032 1158 in

2140 1096 2349 1183 ἑσπέρᾳ
2393 1110 2675 1181 ἐγήγερτο.
2726 1109 2884 1164 Ἀλλά
2928 1109 3038 1182 γὰρ
3098 1107 3336 1180 ⁴ἡγοῦμαι
3380 1108 3470 1161 διὰ
3509 1105 3721 1160 τούτων

450 1221 617 1264 imam
649 1204 1034 1263 Sabbatorum;
1088 1213 1248 1255 mane
1292 1196 1546 1262 videlicet
1584 1196 1713 1251 dum
1747 1196 1924 1251 adhuc
1953 1202 2035 1250 te-

2140 1199 2550 1256 ἀποδείκνυσθαι
2577 1203 2639 1256 τὸ
2667 1202 2816 1275 παρὰ
2856 1201 2936 1273 τῷ
2974 1200 3238 1271 Ματθαίῳ
3266 1200 3561 1271 λεγόμενον
3599 1195 3723 1267 ὀψὲ

440 1299 640 1353 "nebra:
680 1306 899 1360 essent,
941 1295 1241 1351 secundum
1274 1290 1560 1344 Joannem.
1611 1286 1703 1341 Sic
1725 1288 1872 1342 enim
1906 1287 2034 1341 har-

2140 1292 2464 1358 Σαϐϐάτων,
2488 1295 2561 1366 μὴ
2580 1294 2685 1365 τὴν
2713 1294 2900 1365 suam
2929 1294 3076 1365 ὤραν
3095 1292 3189 1345 τοῦ
3209 1291 3485 1345 Σαδδάτου
3509 1290 3716 1360 σημαί-

438 1391 641 1444 monia
672 1388 761 1443 fiet
788 1385 1225 1457 evangelicarum
1273 1395 1492 1446 vocum,
1536 1379 1702 1435 veluti
1751 1394 1860 1433 uno
1905 1387 2036 1435 tem-

2140 1402 2262 1449 vsw,
2290 1386 2423 1458 μηδὲ
2444 1386 2534 1439 τὸν
2563 1387 2847 1459 ὲσπερινὸν
2892 1378 3101 1458 καιρόν·
3127 1384 3239 1439 ἀλλ’
3262 1382 3422 1447 αὐτὸς
3437 1381 3722 1444 Ματθιῖος

456 1499 590 1555 pore
624 1481 693 1535 ab
729 1480 862 1551 ipsis
895 1478 1202 1550 significato
1226 1517 1240 1539 ,
1273 1474 1421 1545 quod
1462 1480 1647 1527 tamen
1700 1472 1753 1526 in
1802 1472 2032 1543 singulis

2140 1477 2415 1548 ἐπήγαγεν
2447 1476 2545 1549 τὴν
2582 1476 3001 1547 ἐπιφώσκουσαν
3028 1475 3189 1545 ὥραν
3215 1476 3304 1541 εις
3328 1475 3477 1543 μίαν
3500 1470 3721 1527 Σαϐϐάτ-

455 1581 701 1630 mutatur
741 1570 1053 1641 scripturis,
1088 1569 1162 1623 ita
1185 1575 1267 1622 'ut
1318 1567 1461 1621 intra
1490 1581 1653 1620 unam
1680 1564 2033 1636 eamdemque

2140 1586 2274 1632 των,
2316 1570 2439 1641 ἣτις
2464 1566 2533 1644 ἦν
2565 1570 2728 1643 πρωῒ,
2756 1570 2835 1623 ἔτι
2867 1569 3086 1633 σκοτίας
3110 1568 3276 1639 οὖσης
3302 1565 3445 1620 κατά
3473 1565 3565 1619 τὸν
3604 1564 3723 1618 Ἰω-

442 1665 647 1720 horam
669 1661 997 1733 principium
1017 1659 1178 1712 liceat
1200 1656 1463 1726 cogitare,
1485 1652 1742 1715 medium,
1762 1660 1817 1707 et
1840 1652 2021 1710 ﬁnem.

2140 1658 2291 1729 ὶννην
2311 1676 2324 1690 ’
2348 1658 2493 1714 οὕτω
2518 1659 2627 1733 γὰρ
2660 1662 2694 1732 ή
2728 1659 3014 1730 συμφωνία
3054 1658 3346 1730 συνδράμοι
3374 1655 3439 1709 ἂν
3470 1653 3580 1709 τῶν
3627 1653 3723 1706 εὐ-

458 1756 766 1829 αγγελικῶν
793 1754 1012 1826 φωνῶν*
1048 1754 1124 1817 ὡς
1157 1749 1350 1823 κεκιροὖ
1383 1750 1482 1821 μὲν
1512 1748 1721 1813 ἐνδεδυ
1779 1748 1959 1802 αὑτῶν
2021 1753 2450 1826 σημαινομένου,
2479 1754 2919 1808 άναλλαττόντων
2945 1752 3003 1806 δὲ
3032 1753 3162 1823 παρ’
3211 1751 3442 1804 ἑκάστου
3475 1746 3584 1801 τῶν
3615 1743 3718 1800 τοῦ

454 1855 650 1931 καιροῦ
688 1854 921 1926 μορίων·
960 1853 1084 1905 ἐπεὶ
1111 1851 1203 1904 καὶ
1238 1850 1366 1920 μιᾶς
1398 1848 1492 1902 καὶ
1529 1847 1629 1918 τῆς
1658 1845 1827 1916 αὐτῆς
1858 1845 2027 1917 ὧρας,
2063 1833 2161 1902 καὶ
2191 1851 2290 1922 τὴν
2323 1851 2499 1923 ἀρχήν
2521 1853 2670 1904 ἐστιν
2691 1832 2999 1922 ἐπινοῆσαι,
3058 1849 3151 1903 καὶ
3186 1846 3248 1901 τὸ
3282 1846 3464 1918 μέσον,
3495 1842 3591 1896 καὶ
3652 1837 3722 1895 τὺ

458 1952 630 2016 τέλος.

531 2049 585 2102 5.
625 2046 782 2100 Haud
807 2045 975 2116 igitur
1000 2057 1032 2097 a
1061 2044 1292 2097 veritate
1314 2038 1675 2102 aberraveris,
1698 2038 1799 2095 sia
1819 2035 2029 2094 Joanne

459 2138 677 2194 initium
712 2132 1136 2192 resurrectionis
1173 2130 1481 2187 Servatoris
1516 2131 1694 2185 nostri
1747 2129 1901 2186 dicas
1954 2130 2031 2186 si-

459 2228 735 2302 gnificari,
761 2226 905 2298 apud
936 2241 1097 2296 quem
1128 2222 1448 2294 Magdalena
1480 2236 1662 2286 mane,
1693 2221 1822 2277 dum
1852 2219 2032 2275 adhuc

462 2322 701 2379 tenebrae
721 2326 928 2383 essent,
962 2316 1131 2374 semel
1162 2322 1324 2384 atque
1373 2314 1571 2369 iterum
1612 2310 1679 2366 ad
1709 2326 2034 2366 monumen-

462 2422 580 2469 tum
627 2424 940 2484 progressa,
975 2406 1287 2463 Servatoris
1333 2419 1565 2475 corpore
1607 2402 1753 2458 haud
1787 2404 2030 2465 invento,

459 2503 552 2561 ﬂet
583 2522 597 2559 :
630 2504 758 2573 quia
789 2499 995 2556 nemini
1023 2498 1203 2554 adhuc
1224 2496 1573 2553 resurrectio
1604 2494 1727 2565 ejus
1749 2495 2030 2566 explorata

458 2601 598 2652 erat.
651 2591 750 2647 Est
800 2597 981 2645 autem
1013 2589 1135 2658 ejus
1167 2588 1316 2642 horae
1346 2602 1474 2658 pars
1520 2585 1691 2640 altera
1722 2594 1935 2655 tempus
1977 2584 2032 2640 id

460 2690 528 2746 de
548 2703 658 2760 quo
687 2684 978 2740 Matthaeus
1009 2681 1283 2751 loquitur;
1315 2694 1440 2735 cum
1464 2678 1718 2734 videlicet
1744 2678 1908 2732 tertio
1935 2692 2032 2732 ve-

379 2770 385 2777 ’
461 2783 622 2838 nieus
655 2779 723 2835 ad
751 2782 1166 2832 monumentum
1193 2771 1382 2827 eadem
1420 2769 1741 2841 Magdalena
1767 2784 1891 2823 cum
1926 2766 2033 2820 alia

464 2874 657 2939 Maria,
690 2869 836 2925 haud
864 2869 977 2938 jam
1009 2864 1120 2930 flet,
1151 2865 1353 2936 quippe
1380 2877 1522 2933 qum,
1570 2868 1634 2916 ut
1662 2862 1739 2915 ait
1766 2860 2028 2922 Joannes,

2200 2036 2273 2107 γ’.
2311 2034 2428 2092 Οὐκ
2464 2033 2530 2090 ἂν
2563 2033 2696 2104 γοῦν
2726 2033 2995 2106 ἁμάρτοις
3014 2031 3083 2087 τὰ
3119 2032 3218 2103 μὲν
3239 2030 3431 2104 πρῶτα
3456 2030 3556 2103 τῆς
3585 2030 3724 2086 ἀνω·

2128 2131 2379 2193 στάσεως
2402 2127 2498 2182 τοῦ
2529 2127 2784 2198 Σωτῆρος
2807 2126 2963 2197 ήμῶν
2989 2122 3350 2197 σημαίνεσθαι
3372 2121 3541 2177 εἰπὼν
3565 2125 3720 2195 παρὰ

2134 2220 2214 2292 τῷ
2246 2220 2488 2291 Ἰωάννῃ,
2514 2222 2639 2291 παρ’
2656 2212 2701 2287 ᾧ
2721 2214 3099 2289 ήΜαγδαληνή
3111 2214 3274 2288 πρωῒ,
3303 2213 3384 2267 ἔτι
3402 2213 3568 2285 οὔσης
3590 2231 3723 2269 σκο-

2136 2312 2276 2377 τίας,
2304 2312 2399 2366 καὶ
2416 2310 2631 2383 πρῶτον
2656 2310 2753 2364 καὶ
2773 2308 3024 2380 δεύτερον
3045 2309 3323 2393 ἐπιστᾶσα
3338 2306 3415 2377 τῷ
3447 2309 3715 2378 μνήματι,

2138 2405 2233 2458 καὶ
2259 2405 2332 2476 μὴ
2356 2402 2592 2475 εὑροῦσα
2621 2402 2683 2455 τὺ
2715 2401 2874 2473 σῶμα
2908 2400 3000 2453 τοῦ
3034 2399 3309 2472 Σωτῆρος,
3330 2398 3507 2453 κλαίει
3531 2399 3621 2453 διά
3655 2399 3721 2453 τὸ

2142 2499 2343 2571 μηδένα
2366 2499 2533 2569 μήπω
2562 2496 2860 2566 ἐγνωκέναι
2891 2494 3019 2566 περὶ
3045 2494 3146 2564 τῆς
3165 2493 3511 2560 ἀναστάσεως
3525 2492 3715 2546 αὑτοῦ·

2138 2592 2236 2663 τῆς
2269 2590 2438 2661 αὐτῆς
2461 2590 2518 2643 δὲ
2542 2587 2691 2661 ὥρας
2725 2588 2891 2660 μέρος
2919 2581 3057 2641 εἶναι
3078 2585 3327 2658 δεύτερον
3348 2586 3437 2638 τὸν
3458 2584 3607 2657 παρὰ
3640 2582 3719 2654 τῷ

2138 2678 2403 2751 Ματθαίῳ
2450 2678 2673 2750 χρόνον,
2728 2676 2850 2731 καθ’
2889 2674 2947 2729 ὃν
2979 2675 3160 2746 τρίτον
3209 2674 3476 2727 ἐπιστᾶσα
3510 2675 3546 2745 ἡ
3577 2671 3718 2743 αὐτὴ

2140 2771 2468 2843 Μαγδαληνὴ
2502 2772 2618 2842 ἅμα
2643 2772 2707 2841 τῇ
2743 2769 2878 2843 ἄλλῃ
2910 2766 3099 2838 Μαρίᾳ
3130 2765 3208 2837 τῷ
3239 2765 3498 2837 μνήματι,
3528 2761 3714 2818 οὐκέτι

2136 2863 2332 2927 κλαίει,
2365 2861 2439 2926 ὡς
2478 2861 2545 2915 ἂν
2574 2860 2724 2931 παρά
2753 2859 2831 2930 τῷ
2877 2858 3097 2930 Ἰωάννῃ
3136 2855 3435 2927 τεθεαμένη
3464 2856 3592 2917 τοὺς
3615 2855 3718 2920 ἀγα

452 2966 571 3036 jam
621 2961 846 3033 angelos
883 2957 1092 3014 viderat
1142 2955 1435 3027 ipsumque
1469 2951 1842 3008 Servatorem.
1891 2948 2030 3003 Nam

2140 2954 2326 3024 τέλους
2357 2953 2450 3007 καὶ
2472 2952 2634 3006 αὐτὸν
2657 2952 2747 3005 τὸν
2767 2950 3013 3021 Σωτῆραο
3037 2949 3106 3001 τὰ
3126 2947 3233 3017 γάρ
3249 2945 3400 3019 παρὰ
3426 2944 3505 3016 τῷ
3529 2946 3720 3015 Δουκᾷ

464 3028 589 3127 quae
616 3028 879 3108 dicuntur
909 3064 941 3103 a
974 3046 1121 3102 Luca
1165 3053 1221 3101 et
1272 3044 1458 3099 Marco
1501 3043 1607 3097 alia
1661 3058 1765 3099 nos
1814 3042 2035 3105 docent,

2140 3047 2236 3102 καὶ
2286 3045 2365 3117 τῷ
2398 3046 2610 3119 Μάρκῳ
2653 3044 2853 3117 ἑτέρων
2903 3041 2970 3096 ἂν
3020 3041 3107 3112 εἴη
3134 3036 3431 3111 δηλωτικὰ,
3473 3036 3604 3108 παρ’
3633 3028 3717 3098 οἷς

466 3147 613 3220 apud
660 3161 799 3218 quos
849 3143 1114 3200 nimirum
1162 3139 1354 3211 plures
1390 3138 1621 3191 veniunt
1652 3135 2039 3191 observatum

463 3240 745 3296 mulieres.
803 3236 976 3292 Porro
1032 3240 1216 3288 autem
1273 3228 1647 3299 Magdalenam
1701 3225 2039 3296 temporibus

462 3333 614 3390 haud
644 3344 975 3403 magnopere
1026 3326 1170 3381 inter
1211 3338 1271 3380 se
1327 3319 1664 3377 distantibus
1719 3317 2039 3373 interfuisse

462 3432 619 3497 puta,
656 3422 753 3477 sed
782 3437 892 3477 uno
925 3419 1036 3475 fere
1069 3415 1333 3472 continuo
1375 3420 1644 3482 tempore,
1694 3409 1824 3464 dum
1868 3409 2039 3465 semel

465 3525 519 3572 et
549 3517 748 3572 iterum
794 3514 945 3569 circa
993 3525 1118 3567 eum
1168 3509 1352 3563 locum
1397 3511 1745 3570 versaretur;
1800 3501 2038 3572 primum

466 3614 583 3684 ipsa
613 3611 759 3677 sola;
788 3604 1034 3664 secundo
1071 3618 1196 3659 cum
1219 3601 1325 3656 alia
1356 3597 1546 3652 Maria.
1582 3595 1674 3652 Sic
1705 3597 1893 3652 eadem
1924 3594 2037 3650 Ma-

466 3709 550 3763 ria
580 3704 896 3777 Magdalena
933 3706 988 3756 et
1015 3696 1159 3768 apud
1189 3692 1500 3749 Mattbaaum
1543 3696 1776 3760 spectat,
1809 3698 1862 3744 et
1893 3686 2039 3758 apud

463 3802 753 3858 Joannem.
800 3793 986 3864 Neque
1016 3790 1223 3845 idcirco
1251 3783 1592 3842 excludenda
1618 3789 1703 3838 est
1752 3795 1783 3834 a
1812 3789 2041 3835 cancro-

466 3906 588 3947 rum
618 3885 1077 3958 evangelistarum
1108 3876 1521 3935 narrationibus
1553 3892 1567 3927 :
1602 3887 1711 3926 non
1757 3870 1904 3925 enim
1952 3882 2040 3923 re-

466 3982 697 4039 cedebat
729 3995 760 4033 a
792 3979 935 4042 loco‘,
981 3975 1081 4032 sed
1132 3973 1321 4028 aderat
1370 3969 1759 4042 perstabatque
1808 3961 2040 4018 attonita

465 4076 622 4143 visis,
651 4073 986 4145 anpiensque
1015 4074 1138 4139 post
1159 4066 1416 4138 primam,
1439 4058 1684 4119 secunda
1716 4058 1881 4114 etiam
1930 4063 2040 4110 ter—

466 4171 653 4240 tiaque
684 4165 1025 4236 apparitione
1064 4160 1168 4214 frui
1201 4178 1213 4213 :
1246 4158 1301 4213 id
1344 4154 1492 4227 quod
1520 4168 1714 4223 reapse
1741 4154 2039 4205 consecuta

465 4268 570 4327 est,
603 4260 733 4316 dum
761 4252 1100 4312 multimodis
1128 4244 1439 4320 complures
1472 4246 1731 4301 mulieres
1760 4241 1827 4297 ad
1846 4248 2042 4296 tumu-

2142 3137 2361 3202 πλείους
2375 3136 2687 3191 ἀπαντῶσιν
2718 3137 2975 3204 γυναῖκες
3003 3134 3097 3188 ἐπὶ
3131 3132 3229 3204 τὴν
3255 3130 3401 3184 θέανο
3436 3127 3534 3199 τὴν
3563 3126 3621 3181 δέ
3653 3142 3716 3196 γε

2140 3228 2506 3300 Μαγδαληνὴν
2531 3226 2607 3299 μὴ
2642 3227 2859 3299 μακράν
2897 3225 3140 3295 ἀλλήλων
3164 3221 3445 3278 διεστῶσιν
3472 3221 3717 3291 ἀπηντη-

2135 3321 2294 3376 κέναι
2338 3322 2550 3392 καιροῖς
2585 3319 2795 3391 νόμιζε,
2835 3317 2950 3372 ἀλλ’
2994 3318 3051 3370 ὲν
3076 3315 3153 3387 τῷ
3184 3313 3333 3385 αὐτῷ
3360 3313 3454 3367 καὶ
3482 3309 3625 3365 κατά
3654 3308 3718 3361 τό

2140 3412 2270 3466 αὐτὸ
2303 3413 2636 3484 παρατυχεῖν
2671 3410 2765 3464 καὶ
2795 3409 2857 3462 τὸ
2881 3407 3094 3481 πρῶτον
3120 3408 3214 3461 καὶ
3248 3406 3311 3459 τὸ
3340 3404 3609 3475 δεύτερον·
3654 3399 3716 3454 τὸ

2144 3506 2243 3574 μὲν
2270 3503 2505 3573 πρῶτον,
2528 3502 2648 3557 καθ’
2668 3501 2865 3572 ἑαυτὴν
2890 3500 3055 3571 μόνην
3078 3515 3092 3530 ·
3116 3499 3177 3551 τὸ
3197 3496 3255 3551 δὲ
3283 3495 3553 3567 δεύτερον,
3573 3492 3716 3564 μετά

2138 3594 2238 3666 τῆς
2258 3592 2423 3665 ἄλλης
2447 3592 2687 3664 Μαρίαςο
2710 3590 2852 3644 οὕτω
2881 3584 3034 3643 δὀὖν
3063 3589 3097 3660 ή
3120 3588 3257 3659 αὑτὴ
3286 3584 3475 3657 Μαρία
3498 3587 3532 3656 ή
3552 3584 3716 3650 Maro

2126 3685 2339 3758 ’δαληνὴ
2370 3685 2466 3739 καὶ
2490 3683 2561 3737 τὰ
2592 3681 2742 3754 παρὰ
2755 3680 2832 3752 τῷ
2847 3679 3107 3750 Ματθαίῳ
3122 3678 3311 3731 ἐθεᾶτο
3344 3677 3438 3732 καὶ
3471 3675 3540 3730 τὰ
3562 3672 3716 3747 παρὰ

2139 3777 2219 3851 τῷ
2251 3777 2489 3849 Ἰωάννῃ’
2515 3776 2614 3829 οὐκ
2639 3771 3043 3844 ἀπελιμπάνετο
3068 3770 3126 3824 δὲ
3151 3770 3258 3823 τῶν
3278 3768 3426 3841 παρά
3454 3770 3567 3830 τοῖς
3584 3766 3719 3820 ml:-

2139 3870 2251 3935 λοῖς
2277 3865 2802 3939 ἀναγεγραμμένων
2835 3865 2896 3918 οὐ
2936 3864 3043 3934 γὰρ
3071 3860 3362 3916 ἀπεστάτει
3392 3859 3487 3913 τοῦ
3519 3857 3712 3911 τόπουο

2142 3962 2320 4033 παρῆν
2330 3961 2387 4015 δὲ
2403 3962 2496 4015 καὶ
2507 3959 2811 4032 παρέμενεν
2827 3952 3323 4024 καταπεπληγμένη
3343 3952 3439 4023 μὲν
3452 3950 3519 4005 τά
3530 3948 3720 4003 retica-

2144 4058 2301 4130 μένα,
2330 4053 2567 4108 ποθοῦσα
2593 4052 2651 4105 δὲ
2673 4050 2809 4123 πρὸς
2823 4052 2933 4113 τοῖς
2962 4046 3195 4120 πρώτοις
3216 4045 3308 4099 καὶ
3338 4042 3605 4115 δευτέρων
3618 4041 3718 4096 καὶ

2140 4149 2305 4222 τριῶν
2339 4144 2666 4216 θεοφανειῶν
2698 4140 3117 4211 καταξιωθῆναιε
3150 4130 3224 4191 ὦν
3253 4135 3547 4207 ἐτύγχανεν
3581 4132 3719 4205 μετὰ

2139 4242 2314 4296 ταῦτα
2345 4240 2618 4312 διαφόρως
2653 4238 2751 4308 μὲν
2770 4234 3026 4289 πλειόνων
3060 4230 3335 4303 γυναικῶν
3368 4230 3463 4283 ἐπὶ
3492 4227 3554 4281 τδ
3586 4244 3719 4299 μνη-

467 4354 578 4408 lum
608 4350 867 4415 veniunt;
921 4354 1084 4416 atque
1132 4341 1255 4396 aliis
1290 4341 1449 4394 aliter
1499 4335 1744 4407 angelica
1788 4331 1929 4387 visio
1978 4344 2036 4384 se

2148 4337 2297 4406 μεῖον
2335 4330 2777 4402 ἀφικνουμένων,
2805 4325 2991 4381 ἄλλοτε
3010 4325 3053 4378 δ’
3077 4324 3252 4388 άλλως
3274 4323 3464 4384 αὑταῖς
3492 4320 3715 4389 ἀγγελι-

372 4516 375 4520 ὶ
456 4445 660 4512 «οΠθιῊ
697 4443 818 4513 ipsa
850 4450 1029 4493 autem
1078 4435 1396 4506 Magdalena
1445 4428 1679 4500 singulis
1733 4423 2039 4481 visionibus

467 4537 718 4593 interest.
748 4533 926 4602 Atque
954 4530 1030 4583 ita
1058 4543 1242 4582 rerum
1275 4522 1420 4595 apud
1476 4528 1712 4592 quatuor
1763 4513 2039 4586 evangeli-

466 4639 584 4688 stas
618 4627 949 4698 scriptarum
979 4617 1278 4691 spectatrix
1335 4616 1436 4670 fuit
1470 4611 1787 4683 Magdalena
1821 4626 1836 4662 :
1871 4621 2042 4678 quare

466 4730 523 4778 et
554 4720 719 4791 hujus
737 4696 889 4787 apud
938 4728 1129 4767 omnes
1175 4709 1381 4765 mentio
1428 4705 1505 4759 fit.
1555 4702 1651 4758 Sic
1701 4700 1863 4756 etiam
1897 4696 2040 4751 idem

470 4789 684 4884 tempus
716 4816 857 4872 erat,
882 4805 1027 4876 quod
1061 4804 1160 4858 abs
1194 4800 1405 4855 Joanne
1434 4804 1488 4852 et
1515 4811 1545 4848 a
1576 4791 1826 4847 Mattme
1857 4789 2043 4859 perbi-

470 4880 677 4962 betur:
722 4901 818 4957 sed
851 4910 1031 4954 tamen
1078 4895 1244 4963 hujus
1294 4887 1555 4960 temporis
1606 4880 1823 4939 diversa
1876 4881 2045 4935 inter-

467 4998 612 5054 valla
644 4994 789 5070 apud
819 4990 1066 5062 singulos
1097 4994 1375 5042 notantur.

540 5172 595 5229 4.
635 5169 826 5242 Neque
851 5177 905 5224 te
936 5167 1229 5223 conturbet
1249 5164 1302 5218 id
1324 5160 1471 5234 quod
1502 5176 1532 5214 a
1558 5157 1811 5214 Matthaeo
1839 5154 2044 5210 dicitur

468 5273 760 5336 postquam
791 5260 913 5315 duae
947 5258 1131 5313 Mariae
1175 5256 1243 5311 ad
1268 5251 1557 5311 visendum
1588 5248 1860 5303 tumulum
1881 5258 2045 5301 vene-

542 5467 673 5543 (31)_
697 5463 1091 5543 ngastiqhgec
1122 5463 1411 5543 hucusque
1468 5453 1849 5543 partim‘in'est
1878 5449 2042 5543 et‘igtr‘n

472 5543 527 5597 in
543 5518 1171 5597 ‘codiceéralitediceo,
1206 5518 1341 5586 teste
1370 5518 1640 5581 Bandinio
1674 5523 1795 5597 t._l_,
1828 5536 1882 5591 p.
1916 5518 2040 5597 159ἶ

474 5591 842 5668 ἱιίοῖιῖῖίξιῖηόιι
895 5605 1101 5660 frustra
1146 5591 1477 5671 suspicatur,
1520 5611 1640 5667 quae
1673 5593 1870 5671 ibidem
1900 5591 2043 5671 apud

469 5661 928 5754 t‘uﬁ‘séiﬁ'dmur
964 5675 1083 5729 λίαν
1131 5661 1416 5750 θαυμάζω,
1464 5661 1594 5745 egi,
1619 5678 1765 5745 esse
1795 5661 2042 5740 eiusdem

2144 4424 2247 4495 κῆς
2273 4423 2447 4494 ὂψεως
2478 4417 2979 4494 παραφαινομένης,
3011 4416 3181 4486 αὐτῆς
3202 4414 3259 4466 δὲ
3282 4415 3366 4483 ἐφ’
3391 4414 3595 4482 ἑκάστῃ
3617 4410 3718 4481 θέᾳ

2143 4513 2689 4587 παρατυγχανούσης·
2710 4511 2852 4565 οὕτω
2882 4509 3015 4579 γοῦν
3041 4508 3149 4563 τῶν
3181 4503 3334 4578 παρά
3360 4507 3472 4568 τοῖς
3485 4504 3717 4573 τέσσαρ-

2145 4626 2229 4663 σιν
2263 4604 2674 4675 εὐαγγελισταῖς
2700 4599 3202 4672 ἀναγεγραμμένων
3231 4595 3436 4668 θεωρὸς
3469 4594 3717 4663 ἐγίγνετο

2144 4702 2177 4772 ἡ
2205 4696 2556 4768 Μαγδαληνή
2590 4694 2671 4748 διὸ
2697 4695 2791 4748 καὶ
2814 4692 2968 4764 παρά
3003 4694 3115 4754 τοῖς
3141 4691 3304 4743 πᾶσιν
3336 4683 3717 4759 ἐμνημονεύθη

2145 4792 2277 4863 (51)·
2306 4789 2449 4845 οὕτω
2472 4788 2528 4842 δὲ
2554 4788 2647 4841 καὶ
2666 4788 2695 4840 ὁ
2731 4785 2828 4857 μὲν
2856 4782 3045 4855 καιρὸς
3081 4784 3109 4834 ὁ
3140 4779 3304 4845 αὐτὸς
3330 4775 3398 4852 ἦν
3427 4780 3456 4832 ὁ
3486 4776 3591 4831 ὑπὸ
3613 4774 3713 4829 τοῦ

2157 4884 2400 4939 Ἰωάννου
2433 4883 2529 4936 καὶ
2557 4879 2649 4934 τοῦ
2676 4876 2955 4933 Ματθαίου
2976 4873 3399 4947 παριστάμενοςο
3423 4869 3518 4924 τοῦ
3546 4868 3593 4923 δ’
3614 4868 3715 4921 αὐ-

2145 4975 2239 5030 τοῦ
2268 4973 2461 5047 καιροῦ
2477 4972 2717 5044 ’διάφορα
2741 4968 3083 5040 διαστήματα
3107 4967 3233 5035 παρ’
3256 4962 3469 5033 ἑκάστῳ
3485 4976 3715 5033 τετηρῃο

2149 5068 2305 5139 μένα.

2215 5160 2278 5215 δ’.
2315 5159 2408 5232 Μὴ
2436 5158 2749 5231 ταραττέτω
2773 5154 2831 5210 δέ
2864 5171 2922 5208 σε
2944 5152 3005 5207 τὸ
3028 5150 3277 5221 λέγεσθαι
3301 5148 3449 5221 παρὰ
3463 5147 3541 5219 τῷ
3560 5148 3715 5201 Ματ-

2143 5250 2282 5323 θαίῳ
2318 5251 2456 5322 μετά
2487 5248 2547 5304 τὸ
2578 5247 2749 5303 ὲλθειν
2790 5245 2890 5310 τάς
2927 5243 3020 5299 δύο
3061 5241 3281 5315 Μαρίας
3310 5240 3582 5312 θεωρῆσαι
3623 5237 3717 5291 τὸν

2146 5453 2398 5522 Eusebii;
2428 5460 2556 5511 sunt
2578 5450 2722 5508 enim
2746 5444 3293 5522 isodori‘Pelusiotze,
3319 5449 3384 5496 ut.
3400 5445 3717 5522 apparet}:

2145 5507 2645 5653 (ξοάὲίέένόἶίειωίε,
2677 5526 2786 5577 imo
2806 5535 2873 5577 ex
2907 5512 3102 5576 Isidori
3129 5515 3394 5579 editione,
3418 5507 3582 5584 epist.
3611 5507 3710 5565 lib.

2148 5614 2163 5653 ι
2196 5637 2209 5666 ,
2351 5635 2367 5653 .
