4114 6472
387 381 504 438 915

1003 382 1471 451 QUAESTIONES
1507 385 1964 449 EVANGELlC/E

2069 420 2102 428 —
2140 387 2466 456 QUASSTIO
2504 389 2549 444 ll
2586 390 3057 451 AD-MARINUM.

3554 398 3658 453 946

390 495 593 588 τάφον,
627 514 647 547 ι
681 498 709 550 ό
730 497 958 566 ἄγγελος
983 500 1091 573 γὰρ
1122 499 1324 574 Κυρίου
1366 504 1611 570 καταϐὰς
1645 506 1707 573 ἐξ
1754 508 1964 580 οὒρανοὲ

2089 516 2215 564 rant
2267 530 2279 566 :
2317 528 2338 562 ι
2380 511 2620 584 Angelus
2649 513 2793 569 enim
2838 512 3055 570 Domini
3111 514 3253 570 coelo
3282 515 3543 588 delapsus
3572 533 3662 574 re-
3764 484 3772 501 ⁷

395 584 727 641 ἀπεκύλισεν
764 588 857 642 τὸν
894 588 1040 643 λίθον
1089 591 1155 644 ἐκ
1184 592 1286 663 τῆς
1311 592 1501 666 θύρας.
1538 614 1556 646 ι
1608 596 1682 649 Οὐ
1718 595 1826 669 γάρ
1856 597 1982 651 κατ’

393 676 569 748 αὐτὴν
590 676 688 749 τὴν
721 678 872 750 ὥραν
907 680 1175 752 προσήκει
1214 686 1353 739 νοεῖν
1380 685 1472 738 τὸν
1502 682 1732 755 ἄγγελον
1774 688 1981 741 ἀποκε-

396 766 675 823 κυλικέναι
713 769 806 826 τὸν
847 770 1026 827 λίθον’
1071 773 1190 839 πῶς
1244 775 1381 850 γάρ;
1419 776 1583 831 ὁπότε
1627 783 1981 852 προῦπῆρχεν

396 859 553 933 παρά
583 860 660 934 τῷ
693 862 949 936 Ἰωάννῃ,
985 867 1115 937 παρ’
1144 859 1190 935 ᾧ
1231 868 1331 938 ούχ
1363 869 1396 941 ἡ
1431 869 1619 941 Μαρία
1654 870 1810 942 μόνη.
1845 872 1981 927 ἀλλὰ

396 947 493 1007 καὶ
522 947 617 1002 δύο
647 949 888 1023 μαθηταὶ
928 953 1250 1026 ἐληλύθασιν
1297 957 1377 1021 εις
1400 957 1461 1011 τὸ
1491 963 1773 1031 μνημεῖον·
1791 962 1979 1033 διόπερ

395 1040 573 1106 εἴποις
598 1041 664 1097 ἂν
686 1042 777 1097 τὸν
807 1045 957 1117 παρὰ
993 1044 1070 1117 τῷ
1097 1046 1361 1121 Ματθαίῳ
1392 1048 1548 1119 λόγον
1579 1050 1976 1124 διηγηματικὸν

396 1127 537 1186 εἶναι
561 1133 670 1187 τῶν
710 1134 817 1203 πρὸ
856 1136 1047 1189 τούτου
1082 1139 1495 1211 γεγενημένων*
1533 1137 1696 1213 ἦλθον
1737 1143 1835 1214 μὲν
1868 1143 1974 1217 γὰρ

395 1226 539 1279 κατὰ
573 1224 763 1279 τοῦτον
790 1226 844 1279 ετ
874 1226 968 1281 δύο
998 1228 1208 1302 Μαρίαι
1240 1229 1512 1303 θεωρῆσαι
1535 1232 1625 1287 τὸν
1651 1233 1822 1305 τάφον
1841 1277 1856 1303 ,
1890 1230 1977 1291 εἶ’)-

397 1332 491 1388 ρον
514 1315 571 1369 δὲ
598 1316 760 1372 αὐτὸν
785 1317 1157 1389 ἀνεῳγμένον,
1195 1320 1492 1393 ἐπειδήπερ
1524 1322 1629 1396 πρὸ
1651 1324 1840 1379 τούτου
1868 1343 1977 1380 σει-

396 1404 535 1477 σμὸς
560 1407 801 1477 ἐγεγόνει
832 1408 1026 1480 μέγας,
1058 1410 1152 1463 καὶ
1174 1410 1445 1480 όάγγελος
1474 1414 1857 1470 ἁποκεκυλίκει
1882 1416 1975 1470 τὸν

391 1498 560 1565 λίθον,
594 1500 653 1565 ὃς
680 1502 925 1568 ἐπιστάς,
953 1498 1108 1566 αὖθις
1126 1504 1535 1574 εὐαγγελίζεται
1562 1508 1660 1573 τὰς
1688 1513 1972 1578 γυναῖκας.

391 1593 543 1666 Λῦτη
580 1594 682 1666 μὲν
706 1589 801 1649 οὖν
824 1595 923 1666 μία
944 1594 1096 1659 λύσις
1128 1596 1239 1669 (52)
1266 1595 1332 1651 ἂν
1357 1597 1568 1668 γένοιτο
1584 1599 1694 1656 τῶν
1716 1600 1857 1656 κατὰ
1878 1604 1973 1659 τὸν

390 1683 557 1737 τόπον
576 1685 984 1756 ἀπορουμένων.

2084 601 2327 658 volverat
2363 602 2431 658 ab
2477 603 2622 660 ostio
2654 605 2920 676 lapidem;
2962 625 2982 657 ι
3041 604 3242 675 quippe
3283 605 3427 661 haud
3458 617 3657 680 putan-

2082 691 2210 746 dum
2240 701 2325 747 est
2358 693 2427 748 ab
2456 695 2647 767 angelo
2675 695 2862 751 eadem
2886 696 2980 749 illa
2993 695 3127 751 hora
3153 696 3458 753 revolutum
3485 697 3659 755 fuisse

2082 781 2338 852 lapidem.
2403 782 2539 839 Nam
2597 787 2871 857 quomodo
2927 785 3059 841 illud
3125 788 3456 859 praecederet
3511 792 3654 861 apud

2078 871 2367 941 Joannem,
2393 891 2502 946 quo
2533 884 2794 935 narrante
2816 894 2949 933 non.
2971 878 3142 933 Maria
3183 882 3322 948 sola,
3355 880 3452 936 sed
3484 892 3538 937 et
3570 882 3656 938 di-

2080 967 2276 1038 scipuli
2305 968 2414 1024 duo
2448 975 2862 1023 monumentum
2903 969 3137 1041 ingressi
3172 968 3428 1027 fuerant?
3449 970 3656 1039 Quam-

2079 1058 2267 1114 obrem
2318 1059 2514 1114 merito
2548 1059 2721 1124 dices,
2758 1058 2996 1115 Matutaei
3049 1062 3299 1119 oratione
3344 1065 3559 1119 narrari
3589 1081 3652 1121 ea

2079 1168 2202 1223 quae
2235 1160 2361 1207 ante
2397 1152 2741 1223 contigerant
2778 1171 2792 1207 :
2828 1153 2903 1209 ita
2950 1162 3009 1207 ut
3066 1170 3131 1208 ex
3166 1154 3331 1225 hujus
3382 1158 3653 1213 sententia

2076 1241 2200 1297 dua:
2230 1240 2451 1313 quidem
2485 1241 2669 1297 lilaria:
2698 1241 2763 1297 ad
2803 1243 3114 1313 sepulcrum
3174 1244 3460 1302 visendum
3488 1264 3653 1305 vene-

2078 1333 2210 1397 rint,
2242 1320 2618 1389 verumtamen
2651 1334 2706 1389 id
2758 1335 3091 1406 patefactum
3129 1337 3592 1409 deprehenderint
3632 1358 3651 1402 :

2077 1427 2205 1498 quia
2229 1427 2442 1481 scilicet
2476 1428 2750 1483 acciderat
2771 1434 2955 1493 neme
2999 1438 3201 1488 motus.
3242 1432 3454 1503 ingens,
3509 1434 3646 1507 lapi-

2078 1521 2312 1590 demque
2358 1521 2585 1592 angelus
2633 1521 2961 1584 revolverat,
3020 1525 3117 1594 qui
3153 1541 3374 1582 rursum
3431 1537 3648 1593 astans.

2078 1611 2159 1668 rei
2187 1612 2381 1667 notitia
2420 1612 2677 1668 mulieres
2703 1613 3032 1682 impertitur.
3054 1615 3233 1686 Atque
3264 1617 3379 1675 haec
3409 1634 3516 1674 una
3535 1627 3652 1675 erat

2076 1717 2108 1758 e
2132 1702 2504 1758 solutionibus
2559 1703 3003 1774 ambiguitatum,
3036 1722 3157 1775 qua:
3185 1709 3518 1766 circahunc
3569 1711 3650 1766 lo-

2076 1808 2201 1849 cum
2232 1794 2424 1864 agitari
2459 1793 2656 1848 solent.

464 1888 530 1941 e'.
569 1887 771 1962 Λυθείη
806 1888 851 1943 δ’
883 1888 950 1944 ἃν
972 1892 1066 1945 καὶ
1089 1890 1264 1956 ἄλλως
1286 1892 1357 1946 τὰ
1386 1893 1752 1965 προκείμενα,
1779 1897 1826 1949 εί
1854 1895 1964 1950 ἑτέ-

2146 1882 2199 1937 5.
2239 1860 2393 1936 Licet
2441 1889 2621 1936 autem
2674 1891 2727 1937 et
2749 1883 2907 1938 aliter
2965 1885 3300 1955 propositam
3353 1886 3650 1960 infringere

395 1996 491 2051 ρας
529 1981 629 2052 μὲν
652 1980 751 2045 τὰς
774 1982 923 2054 παρὰ
950 1982 1028 2054 τῷ
1055 1983 1317 2056 Ματθαίῳ
1338 1986 1554 2057 Μαρίας
1578 1986 1866 2053 ὑπολάϐοις
1893 1985 1972 2043 εἶ-

391 2087 501 2135 ναι,
530 2072 724 2144 ἑτέραν
751 2071 807 2126 δὲ
845 2072 943 2145 τὴν
976 2074 1127 2146 παρὰ
1155 2075 1233 2146 τῷ
1272 2076 1513 2150 Ἰωάννη
1544 2077 1818 2153 τέσσαρας
1842 2081 1972 2151 γοῦν

388 2163 488 2230 τὰς
520 2165 700 2230 πάσας
738 2166 958 2239 Μαρίας
994 2167 1272 2240 παρούσας
1295 2168 1373 2239 τῷ
1401 2169 1562 2224 πάθει
1593 2170 1687 2224 τοῦ
1722 2172 1973 2246 Σωτῆρος

391 2256 531 2330 μετὰ
558 2256 671 2321 τῶν
706 2257 882 2313 ἄλλων
912 2259 1186 2328 γυναικῶν
1223 2260 1550 2334 εὑρίσκομεν
1579 2262 1723 2334 (55)·
1756 2264 1971 2337 πρῶτον

390 2347 490 2441 μὲν
515 2343 609 2441 οὖν
630 2347 728 2421 τὴν
743 2349 1001 2406 Θεοτόκον
1025 2354 1124 2441 τήν
1148 2353 1314 2409 αὐτοῦ
1341 2354 1434 2408 τοῦ
1453 2355 1703 2426 Σωτῆρος
1734 2357 1968 2431 μητέρα·

383 2437 644 2512 δευτέραν
691 2441 750 2495 δὲ
805 2442 907 2515 τὴν
949 2437 1155 2517 ταύτης
1198 2444 1432 2518 ἀδελφὴν
1477 2446 1716 2519 Μαρίαν,
1740 2447 1838 2521 τὴν
1874 2449 1975 2505 τοῦ

387 2531 618 2588 Κλωπῶ
649 2530 768 2590 εἶτα
791 2534 983 2610 τρίτην
1001 2537 1220 2608 Μαρίαν
1242 2538 1339 2609 τὴν
1359 2538 1742 2612 Μαγδαληνήν·
1771 2540 1866 2597 καὶ
1885 2557 1973 2595 τε·

385 2626 591 2698 τάρτην
630 2627 728 2700 τὴν
787 2626 1047 2683 Ἰακώϐου
1087 2630 1182 2683 καὶ
1220 2628 1416 2702 Ἰωσὴφ
1463 2630 1673 2703 μητέρα
1696 2648 1710 2663 ο
1742 2631 1981 2686 καὶτῶν.

389 2719 490 2797 μὲν
515 2718 746 2791 πρώτων
775 2720 943 2792 τριῶν
978 2722 1207 2794 Μαριῶν
1249 2723 1657 2794 ἐμνημόνευσεν
1716 2724 1969 2797 Ἰωάννης

386 2812 559 2881 λέγων
585 2811 777 2878 οὕτως·
808 2833 827 2866 t
862 2815 1224 2886 Εἱστήκεισαν
1255 2814 1312 2868 δὲ
1339 2814 1490 2887 παρὰ
1517 2815 1595 2887 τῷ
1631 2814 1848 2887 σταυρῷ
1871 2815 1966 2870 τοῦ

399 2905 575 2977 Ἰησοῦ
608 2907 643 2977 ή
673 2909 854 2980 μήτηρ
875 2907 1064 2973 αὑτοῦ,
1084 2909 1180 2962 καὶ
1207 2910 1239 2980 ἡ
1272 2907 1476 2983 ἀδελφή
1504 2908 1605 2979 τῆς
1629 2909 1835 2980 μητρὸς
1869 2910 1967 2962 αύ-

385 2995 482 3050 τοῦ
512 2996 701 3067 Μαρία
719 2999 752 3064 ἡ
784 2997 878 3052 τοῦ
901 2998 1131 3063 Κλωπᾶ,
1157 2998 1250 3052 καί¹
1279 2998 1467 3069 Μαρία
1500 3002 1533 3070 ή
1561 2998 1912 3071 Μαγδαληνή,
1942 3018 1962 3053 ι

386 3088 500 3159 Τῆς
528 3088 588 3142 δὲ
621 3088 891 3163 τετάρτης
931 3090 1042 3161 (54)
1067 3091 1287 3163 Μαρίας
1315 3089 1418 3161 τῆς
1462 3090 1665 3163 μητρὸς
1710 3089 1967 3146 Ἰακώϐου

2074 1972 2469 2038 difﬁcultatem,
2505 1973 2552 2027 si
2586 1974 2722 2030 alias
2765 1990 2888 2030 esse
2921 1977 3204 2046 putaveris
3252 1976 3501 2044 Marias,_
3528 1995 3650 2050 qua:

2074 2064 2216 2135 apud
2248 2064 2583 2130 Mattbaaum,
2615 2064 2776 2119 aliam
2811 2081 3008 2124 rursus
3040 2083 3163 2138 qua:
3193 2068 3335 2139 apud
3356 2068 3645 2128 Joannem.

2071 2156 2208 2214 Nam
2261 2165 2497 2228 quatuor
2543 2157 2766 2213 omnino
2805 2156 3006 2215 Marias
3054 2158 3366 2218 Servatoris
3401 2164 3659 2233 passioni

2072 2266 2195 2308 cum
2225 2251 2348 2307 aliis
2383 2250 2603 2308 feminis
2634 2264 2929 2322 praesentes
2963 2255 3349 2327 comperimus.
3408 2254 3653 2315 Primam

2073 2344 2245 2415 ipsam
2307 2342 2594 2414 Deiparam
2652 2342 2959 2403 Servatoris
3006 2358 3231 2404 matrem
3250 2366 3280 2417 ,;
3350 2350 3647 2406 secundam

2072 2436 2238 2508 hujus
2265 2451 2509 2492 sororem
2567 2434 2793 2491 Mariam
2834 2438 3089 2509 Cleopaa;
3147 2440 3362 2496 tertiam
3417 2439 3645 2495 Mariam

2072 2527 2441 2600 Magdalenam
2474 2545 2489 2596 ς
2526 2535 2777 2598 quartam
2804 2526 2993 2584 Jacobi
3037 2537 3093 2585 et
3130 2528 3355 2602 Josephi
3387 2540 3641 2593 matrem.

2069 2619 2321 2681 Priorum
2349 2619 2511 2674 trium
2542 2617 2836 2673 Mariarum
2855 2620 3103 2675 meminit
3130 2619 3370 2679 Joannes
3397 2622 3481 2680 his
3522 2638 3648 2679 ver-

2069 2711 2155 2767 bis
2189 2731 2202 2767 :
2242 2730 2260 2764 (
2309 2710 2547 2766 Stabant
2600 2719 2781 2766 autem
2830 2711 2986 2780 juxta
3039 2727 3258 2769 crucem
3305 2711 3438 2769 Jesu
3470 2723 3646 2770 mater

2070 2801 2211 2875 ejus.
2247 2810 2301 2857 et
2325 2815 2486 2859 soror
2515 2800 2709 2857 matris
2731 2802 2855 2872 ejus
2890 2802 3061 2857 Maria
3091 2801 3326 2873 Cleopne,
3364 2813 3419 2859 et
3471 2802 3643 2858 Maria

2071 2892 2413 2965 llagdalena.
2465 2912 2484 2946 ι
2522 2890 2747 2959 Quarta).
2776 2909 2906 2948 vero
2936 2892 3142 2958 Mariae,
3183 2894 3373 2949 matris
3418 2892 3643 2965 Josephi

2069 2992 2124 3040 ct
2150 2984 2363 3049 Jacobi,
2394 2984 2589 3054 reliqui
2615 2992 2728 3040 tres
2758 2985 3130 3041 meminerunt
3158 2986 3528 3059 evangelista,
3547 2986 3643 3058 qui

2070 3078 2212 3133 hanc
2247 3076 2578 3148 Magdalenze
2628 3075 2864 3132 addunt.
2912 3076 3205 3134 Matthaeus
3236 3078 3454 3150 quidem
3508 3079 3589 3135 sic
3624 3097 3638 3134 :

386 3178 482 3236 καὶ
526 3179 744 3251 Ἰωσὴφ,
772 3182 820 3234 οἱ
848 3180 1025 3235 λοιποὶ
1054 3184 1204 3254 τρεῖς
1238 3181 1652 3254 ἐμνημόνευσαν
1686 3181 1964 3253 εὐαγγελι-

2077 3190 2097 3224 ‹
2140 3169 2305 3225 Erant
2331 3179 2513 3228 autem
2543 3170 2620 3226 ibi
2653 3171 2914 3227 mulieres
2946 3171 3131 3227 multa:
3160 3171 3352 3242 procul
3385 3179 3643 3243 spectante

386 3270 528 3333 atat,
585 3270 1106 3345 συμπαραλαϐόντες
1141 3273 1207 3343 τῇ
1254 3269 1585 3343 Μαγδαληνῇ
1635 3271 1729 3326 καί
1772 3272 1961 3342 αὐτήψ

382 3360 660 3426 Ματθαϊος
686 3362 785 3433 μὲν
816 3362 990 3428 οὕτως
1013 3362 1203 3416 εἰπών’
1238 3380 1257 3415 t
1287 3357 1468 3416 Ἶίσαν
1496 3361 1553 3416 δὲ
1575 3363 1692 3416 ἐκεῖ
1712 3365 1965 3432 γυναῖκες

382 3452 576 3507 πολλα),
603 3454 713 3507 άπὸ
737 3452 1008 3525 μακρόθεν
1029 3452 1351 3525 θεωροῦσαι,
1377 3454 1577 3518 αἵτινες
1593 3452 1964 3525 ἠκολούθησαν

380 3545 548 3619 αὐτῷ·
574 3548 631 3600 ἐν
658 3541 747 3612 αῖς
776 3543 845 3619 ἦν
887 3547 1076 3620 Μαρία
1108 3547 1142 3617 ή
1186 3545 1539 3619 Μαγδαληνὴ,
1588 3547 1683 3601 καὶ
1712 3544 1899 3618 Μαρία
1929 3548 1961 3617 ή

379 3637 476 3694 τοῦ
506 3636 764 3693 Ἰακώϐου
788 3638 883 3691 καὶ
923 3637 1140 3709 Ἰωσὴφ,
1157 3637 1214 3693 αἳ
1235 3638 1529 3695 ἐθεάσαντο
1547 3636 1641 3691 τὸν
1666 3635 1830 3690 τόπον
1856 3635 1960 3689 ποῦ

377 3730 606 3786 τίθεται.
645 3749 666 3782 ι
710 3730 822 3784 Καὶ
849 3731 879 3784 ὁ
914 3731 1130 3794 Λουκᾶς
1156 3729 1214 3784 δὲ
1240 3729 1369 3802 περ).
1402 3729 1503 3801 τῆς
1536 3728 1704 3799 ἄλλης
1744 3727 1963 3798 Μαρίας

2071 3272 2177 3328 tes,
2212 3278 2336 3334 quae
2367 3271 2570 3319 secutae
2590 3279 2715 3322 eum
2749 3262 2964 3321 fuerant
3002 3279 3032 3317 a
3056 3262 3298 3329 Galilaea,
3322 3264 3644 3321 ministram

2070 3356 2228 3413 tesei
2257 3376 2270 3412 :
2309 3356 2452 3412 inter
2483 3372 2623 3428 quas
2664 3364 2783 3413 erat
2814 3355 2982 3411 Maria
3019 3354 3357 3427 Magdalena,
3387 3363 3442 3413 et
3471 3356 3647 3412 Maria

2066 3449 2257 3506 Jacobi
2298 3465 2363 3505 ac
2391 3448 2615 3521 Iosephi
2642 3468 2659 3517 ;
2684 3465 2812 3521 quae
2837 3456 3167 3504 notaverunt
3216 3448 3396 3503 locum
3444 3449 3499 3504 in
3533 3464 3645 3520 quo

2069 3541 2281 3613 positus
2313 3540 2438 3597 fuit.
2476 3561 2497 3595 ι
2521 3540 2701 3598 Lucas
2727 3557 2858 3597 vero
2887 3541 2955 3597 de
2993 3540 3101 3604 alia
3135 3539 3305 3595 Maria
3356 3540 3437 3597 sic
3464 3541 3643 3612 loqui-

2072 3646 2160 3689 tur
2194 3651 2210 3688 :
2250 3652 2270 3686 t
2307 3632 2479 3689 Erant
2512 3644 2693 3690 autem
2725 3633 2899 3689 Maria
2942 3632 3282 3706 Magdalena,
3311 3638 3364 3691 et
3402 3630 3638 3700 Joanna,

2070 3732 2127 3783 et
2152 3723 2322 3779 Maria
2344 3723 2559 3792 Jacobi,
2586 3733 2643 3780 et
2672 3733 2882 3781 caeteras
2911 3740 3033 3797 qua:
3062 3740 3186 3779 cum
3215 3725 3296 3781 eis
3324 3734 3501 3781 erant.
3546 3744 3566 3778 ι

376 3823 552 3889 οὕτως
583 3826 806 3896 ἱστορεῖ*
852 3841 872 3877 t
914 3820 1096 3879 Ἦσαν
1121 3824 1179 3879 δὲ
1209 3826 1244 3897 ή
1278 3822 1611 3897 Μαγδαληνὴ
1663 3823 1853 3897 Μαρία
1885 3822 1980 3876 καὶ
2030 3821 2252 3875 Ἰωαννα
2298 3821 2391 3875 καὶ
2428 3820 2672 3894 Μαρίαή
2712 3819 2967 3876 Ἰακώϐου
3024 3821 3113 3875 καὶ
3181 3821 3236 3874 αἱ
3297 3820 3480 3874 λοιπαὶ
3545 3821 3641 3874 σὺν

376 3918 587 3983 αὑταίς.
622 3937 642 3971 ι

449 4012 524 4078 ς’.
559 4012 777 4068 Τούτων
806 4010 899 4070 οὖν
928 4015 1037 4067 τῶν
1069 4015 1351 4087 τεσσάρων
1372 4015 1623 4086 Μαριῶν,
1658 4016 1707 4069 εί
1742 4014 1843 4078 τὰς
1868 4014 1961 4068 δύο

376 4104 476 4168 τάς
497 4104 648 4177 παρὰ
677 4104 757 4176 τῷ
787 4104 1047 4176 Ματθαίῳ
1073 4105 1170 4176 ὀψὲ
1198 4105 1487 4165 Σαϐϐάτων
1518 4110 1587 4179 τῇ
1620 4105 1961 4176 ἐπιφωσκού-

379 4211 450 4267 σῃ
468 4196 548 4260 είς
582 4196 711 4268 μίαν
743 4194 1035 4259 Σαϐϐάτων
1057 4197 1314 4263 ἐλθούσας
1342 4199 1434 4253 ἐπὶ
1460 4199 1523 4253 τὸ
1552 4201 1836 4271 μνημεῖον,
1865 4198 1960 4251 καὶ

376 4288 470 4342 τὸν
505 4288 736 4358 ἄγγελον
767 4289 1132 4362 θεασαμένας,
1150 4290 1343 4365 ἐτέρας
1371 4287 1509 4345 εἶναι
1538 4291 1790 4355 ὲκλάϐοις
1806 4291 1956 4363 παρὰ

377 4380 476 4451 τὴν
491 4379 636 4451 πρωῒ
646 4384 713 4453 τῇ
736 4382 836 4453 μιᾷ
855 4381 963 4435 τῶν
977 4382 1291 4446 Σαϐϐάτων,
1312 4381 1392 4437 ἔτι
1416 4383 1633 4447 σκοτίας
1649 4380 1817 4454 οὔσης
1839 4382 1959 4451 ἀφι-

379 4471 617 4542 κομένην
649 4473 820 4545 μόνην
852 4474 992 4529 κατὰ
1023 4475 1117 4529 τὸν
1150 4475 1422 4545 Ἰωάννην,
1455 4474 1753 4546 ἁγνοοῦσαν
1772 4473 1834 4528 τὸ
1864 4475 1957 4528 ἐπὶ

451 4607 563 4675 (52)
606 4606 741 4661 Cod.
774 4608 859 4671 τὶς
880 4622 980 4675 pro
1010 4607 1180 4673 λύσις.

448 4679 563 4747 (55)
605 4676 845 4743 Quaestio

376 4746 608 4819 numero
628 4756 832 4819 quanta
854 4746 1020 4819 fuerit
1045 4750 1186 4817 apud
1214 4756 1422 4804 veteres
1452 4749 1642 4803 Patres
1658 4746 1947 4818 novosque

377 4817 813 4883 critit-os,‘satis
859 4817 1017 4872 docet
1048 4820 1323 4889 Catmelus
1362 4819 1583 4889 copiosa
1628 4834 1728 4874 sua
1782 4817 1947 4889 super

378 4889 484 4943 hac
510 4904 592 4959 ire
623 4890 1057 4959 dissertatione;
1110 4889 1198 4942 cui
1239 4888 1353 4959 jam
1392 4890 1688 4959 quidquam
1726 4888 1946 4955 addere,

374 4958 522 5014 haud
557 4958 672 5014 scio
696 4974 765 5019 an
795 4958 1069 5013 abutentis
1097 4959 1211 5012 otio
1245 4958 1489 5013 futurum
1521 4961 1612 5015 sit.

449 5028 563 5101 (54)
592 5028 859 5101 Scholion
889 5028 1093 5101 recenti
1118 5044 1291 5101 manu
1332 5028 1597 5101 additum.
1619 5029 1793 5101 ooxb
1833 5029 1948 5082 ἀλλ’

373 5101 409 5169 ἡ
437 5098 558 5172 κατ’
579 5098 837 5172 ἀλήθειαν
865 5099 959 5154 τοῦ
978 5099 1191 5172 Κυρίου
1215 5100 1415 5172 μήτηρ,
1451 5098 1590 5172 αὕτη
1618 5098 1950 5172 λέγεταικαὶ

380 5167 598 5251 μήτηρ-
615 5167 870 5251 Ἰακώϐου
904 5170 999 5251 καὶ
1020 5167 1235 5251 ἐΐωσῆ,
1261 5167 1377 5222 τῶν
1399 5167 1950 5251 νομιζομένῳνβδελ-

378 5237 494 5313 ἐξιών
508 5237 600 5313 τοῦ
616 5239 843 5313 Κυρίου,
874 5240 1004 5313 υἱῶν
1015 5238 1072 5292 δὲ
1089 5237 1258 5313 όντων
1284 5239 1441 5313 κατὰ-
1453 5237 1612 5313 φύσιν
1632 5238 1947 5313 τοῦᾗῐωσὴφ

374 5308 485 5381 ἀπὸ
504 5308 603 5379 τῆς
640 5308 911 5381 προτέρας
931 5310 1009 5381 (a)
1042 5308 1206 5381 αὑτοῦ
1228 5308 1486 5381 γυναικὸς
1525 5310 1624 5381 τῆς
1656 5308 1943 5379 Σαλώμηςλ

377 5326 1944 5465 separassesterteia:tetigerim,

376 5449 473 5522 καὶ
497 5449 716 5522 ξίμωνα
740 5449 1069 5522 καὶἻούδαζ
1094 5450 1205 5522 Καὶ
1239 5449 1423 5522 καθὼς
1465 5450 1739 5522 ἐνομίζετο
1786 5452 1821 5522 ή
1850 5449 1945 5506 τοῦ

378 5517 791 5608 {Etruriae
816 5520 953 5608 νυγὴ
978 5519 1071 5608 τοῖο
1110 5519 1327 5608 tam
1356 5520 1529 5608 αὕταες
1547 5517 1827 5608 ἐγομίξετδ
1844 5522 1946 5608 ,δαὶ

255 5600 261 5605 ·
375 5588 487 5643 τῶν
517 5588 649 5644 υίῶν
673 5588 844 5644 ἀὗτοῦ
885 5588 1088 5662 μήτηρ.
1124 5588 1381 5657 Minime;
1412 5592 1502 5646 sed
1540 5588 1656 5660 ipsa
1683 5608 1803 5646 uera
1835 5591 1945 5647 Do-

2140 4009 2193 4062 6.
2237 4006 2373 4062 Cum
2425 4021 2559 4078 ergo
2592 4007 2705 4062 sint
2732 4015 2968 4077 quatuor
3001 4006 3206 4072 Mariae,
3247 4007 3294 4063 si
3322 4008 3460 4064 duas
3489 4008 3635 4072 illas.

2067 4118 2188 4178 qua:
2248 4099 2391 4172 apud
2444 4099 2779 4163 llatthaaum,
2829 4100 2960 4154 dum
3011 4099 3128 4155 dies
3179 4099 3527 4157 illucesceret
3582 4102 3641 4156 in

2066 4208 2231 4251 unam
2264 4192 2654 4257 Sabbatorum,
2684 4200 2953 4248 venerunt
2978 4192 3047 4247 ad
3092 4201 3515 4278 monumentum
3539 4209 3639 4250 an-

2072 4288 2361 4358 gelumque
2411 4284 2684 4351 viderunt,
2737 4285 2987 4340 diversas
3034 4299 3160 4342 esse
3224 4287 3506 4356 putaveris
3568 4289 3639 4343 ab.

2064 4381 2157 4437 illa
2181 4394 2303 4450 qua:
2335 4393 2496 4433 mane
2540 4392 2648 4435 una
2701 4376 3087 4443 Sabbatorum,
3122 4378 3251 4433 dum
3283 4379 3463 4435 adhuc
3491 4390 3640 4435 tene-

2065 4472 2188 4533 brae
2229 4480 2436 4537 essent,
2470 4470 2616 4526 venit
2653 4470 2771 4525 sola
2801 4470 3104 4527 secundum
3157 4471 3448 4539 Joannem,
3485 4474 3640 4547 ignee

1985 4621 2029 4674 ι)
2062 4610 2189 4663 mini
2240 4618 2428 4665 mater.
2478 4607 2657 4660 eadem
2704 4607 2899 4659 dicitur
2943 4608 3102 4661 etiam
3153 4618 3324 4665 mater
3368 4606 3557 4662 Jacobi
3586 4618 3637 4669 et
3707 4621 3711 4635 '

931 4693 1007 4732 me
1049 4678 1117 4733 de
1174 4677 1465 4739 Mariarum
1509 4678 1946 4747 evangelicarum
2052 4679 2223 4749 Josis,
2266 4680 2356 4748 qui
2393 4677 2591 4744 fratres
2630 4676 2856 4749 ﬂamini
2897 4679 3387 4744 existimabantur;
3418 4680 3520 4749 ﬁlii
3553 4696 3634 4733 se-

2055 4744 2289 4805 cundum
2321 4758 2570 4802 naturam
2613 4744 2830 4817 Iosephi
2861 4764 2925 4802 ea:
2958 4752 3082 4818 ejus
3129 4751 3303 4817 priore
3333 4744 3497 4805 uxore
3534 4748 3639 4805 Sa-

2054 4822 2210 4877 lome.
2257 4819 2500 4886 Quatuor
2517 4819 2654 4889 enim
2684 4818 2909 4888 suscepit
2935 4817 3194 4889 Iosephus
3224 4820 3436 4886 liberos,
3468 4819 3635 4875 Jacoo.

2056 4891 2198 4955 bum,
2248 4890 2452 4952 Josem,
2521 4888 2811 4955 Simonem,
2868 4898 2917 4949 et
2970 4888 3191 4944 ludam.
3245 4890 3419 4946 Porro
3479 4892 3637 4946 sicuti

2051 4962 2341 5031 putabatur
2386 4959 2602 5014 Domini
2639 4970 2810 5014 mater
2851 4975 2987 5014 uxor
3027 4978 3140 5015 esse
3181 4959 3418 5030 Iosephi,
3460 4963 3541 5015 ita
3585 4975 3633 5017 et

2051 5032 2286 5083 eiusdem
2328 5029 2563 5083 ﬁliorum
2601 5028 2891 5083 habebatur
2918 5041 3104 5083 mater.
3140 5030 3246 5083 Sed
3276 5035 3422 5083 enim
3456 5033 3524 5083 de
3549 5044 3633 5083 te-

2050 5049 2286 5102 ejusaem

2325 5029 2563 5099 ﬁliorum
2601 5028 2891 5091 habebatur
2918 5041 3104 5085 mater.
3140 5030 3246 5088 Sed
3276 5028 3422 5087 enim
3456 5033 3524 5088 de
3549 5044 3633 5088 te-

2055 5099 2202 5156 mere
2221 5101 2449 5156 creditis
2478 5099 2700 5171 Joseplii
2737 5101 3023 5224 excpriore
3055 5102 3288 5173 conjuge
3318 5105 3529 5167 liberis,
3557 5104 3632 5157 le-

2055 5170 2264 5224 aendus
2295 5179 2379 5224 est
2414 5171 2777 5224 Hieronvmus
2852 5181 3007 5224 ontra
3042 5170 3217 5224 Ηείυ..
3257 5188 3379 5224 can.
3421 5173 3509 5224 M.
3543 5173 3632 5224 ubi

2054 5170 2264 5242 gendus
2295 5179 2379 5226 est
2414 5170 2777 5241 Hieronymus
2806 5170 3007 5225 Contra
3042 5170 3379 5243 Helu.,'cap.
3421 5173 3509 5237 14,
3543 5173 3634 5227 ubi

2061 5243 2173 5314 haec
2200 5243 3017 5314 apocryphorumdeliramenta
3041 5244 3201 5305 ridet,
3231 5245 3414 5314 aitque
3436 5243 3636 5314 fratres

2059 5301 2273 5371 Domitii
2314 5301 2425 5369 non
2457 5312 2599 5367 ﬁlios
2636 5310 2893 5383 Josepbi,
2915 5313 3013 5367 sed
3043 5301 3405 5370 consobrinos
3440 5312 3639 5368 Serva—

2055 5386 2191 5438 toris
2236 5398 2358 5437 esse
2379 5381 2811 5457 _intclligendos.
2843 5382 2987 5457 Idem
3019 5397 3149 5457 cap.
3204 5383 3271 5438 i9
3331 5387 3407 5439 ait
3437 5384 3635 5457 pradi-

2056 5465 2198 5507 ctam
2253 5453 2489 5526 plurium
2513 5453 2829 5526 nuptiarum
2874 5453 3194 5526 opinionem
3256 5468 3287 5509 α
3360 5453 3636 5526 plerisque

2055 5538 2163 5577 non
2204 5531 2312 5577 tam
2351 5525 2439 5595 pia
2480 5539 2644 5595 quam
2692 5524 2886 5578 audaci
2936 5526 3240 5583 temeritate
3271 5524 3439 5591 fuisse
3466 5525 3635 5581 contio

2053 5602 2217 5648 ctam.

440 5742 512 5817 (a)
536 5743 638 5817 Vg;
662 5758 838 5817 sm
854 5746 1182 5817 _expungit_ur
1201 5746 1249 5795 in
1262 5746 1462 5817 codice;
1482 5746 1613 5817 quod
1634 5753 1795 5817 tamen
1822 5748 1878 5817 tit
1897 5752 2065 5797 contra
2085 5748 2239 5817 sancti
2266 5747 2527 5817 Epiphanii
2551 5747 2819 5817 lectionem
2847 5754 2894 5799 in
2920 5753 3185 5817 ᾼησονιιιο,
3202 5752 3399 5817 (ιαμϐθ,
3422 5767 3514 5803 nec
3538 5768 3633 5817 non

375 5805 545 5855 contra
570 5805 838 5870 Hippolyti
854 5805 1075 5870 Thebani
1096 5805 1377 5870 Chronicon.
1404 5805 1625 5870 Caeteroq

1631 5809 1678 5857 ui
1719 5810 1769 5858 in
1807 5809 1907 5858 alio
1940 5822 2029 5857 nos
2050 5810 2297 5859 volumine

2342 5824 2387 5872 p.
2431 5811 2523 5858 488
2551 5812 2682 5875 inter
2735 5821 2888 5862 sancti
2916 5814 3086 5875 Cyrilli
3123 5816 3188 5863 ad
3226 5811 3505 5867 Hallth
3527 5816 3624 5865 frti-

382 5873 586 5937 menta
620 5867 834 5938 pontem
855 5868 1076 5921 scholica
1095 5869 1356 5933 edidimus,
1377 5867 1812 5943 predieto'Cyt-itio
1829 5871 2132 5941 inscriptum,
2155 5870 2240 5921 ubi
2264 5867 2355 5934 pro
2372 5886 2559 5943 etiam
2574 5874 2760 5938 legitur
2780 5867 2960 5939 μιν.ηρ
