4134 6414
543 444 653 499 94⁵1

1229 442 1492 498 EUSEBII
1529 442 2006 500 CIESARIENSIS
2044 442 2192 498 ΟΡΡ.
2234 443 2411 498 PARS
2440 443 2526 499 III.
2568 473 2636 483 —
2679 438 3118 497 EXEGETICA.‘

3678 439 3778 491 948

539 575 670 614 rans
703 557 1182 621 resurrectionem,
1204 558 1434 629 ideoque
1459 559 1612 624 llens,
1643 561 1776 614 nihil
1798 569 2105 615 tortuosum

2216 561 2306 632 τὴν
2323 561 2634 624 ἀνάστασιν,
2658 563 2750 614 καὶ
2777 559 2864 613 διὰ
2878 559 3036 612 τοῦτο
3062 556 3369 619 κλαίουσαν,
3394 554 3544 606 ούδὲν
3562 552 3628 606 ἂν
3658 570 3778 605 σκοο

542 650 639 704 tibi
675 657 950 709 occurret,
984 649 1132 702 omni
1173 648 1284 718 jam
1329 650 1672 706 dubitatione
1703 668 1766 705 ac
1806 653 2108 721 quaestione

539 747 768 793 remota.
803 737 972 808 Igitur
1004 739 1149 806 quod
1180 755 1305 793 sero
1337 739 1724 807 Sabbatorum,
1766 743 1928 795 sicuti
1963 753 2108 796 retro

539 831 886 894 tradidimus,
931 840 1233 901 perpetrata
1277 832 1478 887 fuerint
1516 850 1578 887 ea
1607 851 1727 904 quae
1777 835 1919 905 apud
1967 835 2106 890 Mat-

537 925 735 978 thaeum
771 925 1092 978 scribuntur
1145 925 1211 979 de
1261 925 1568 980 interventu
1625 927 1916 981 Mariarum
1971 929 2108 982 dua-

540 1029 695 1076 rum;
737 1012 991 1082 quodque
1035 1027 1192 1064 mane
1223 1028 1328 1065 uua
1363 1011 1722 1068 Sabbatorum
1767 1014 1887 1067 aliae
1928 1014 2108 1068 Mariae

537 1121 600 1159 ea
642 1120 760 1174 qua:
803 1113 928 1158 sunt
978 1104 1121 1173 apud
1171 1102 1436 1158 Joannem
1473 1105 1872 1174 spectaverint;
1924 1106 2106 1159 omnia

540 1198 675 1258 haec,
707 1197 948 1264 inquam,
981 1211 1108 1250 vera
1139 1203 1288 1260 sunt,
1339 1196 1598 1266 nullaque
1629 1197 1992 1266 repugnantia
2022 1204 2108 1250 est

540 1287 622 1340 vel
655 1287 898 1339 locorum
937 1285 1020 1338 vel
1052 1293 1354 1354 temporum
1389 1285 1471 1339 vel
1500 1298 1857 1352 personarum
1889 1283 1971 1336 vel
2006 1281 2104 1336 de-

541 1382 705 1447 nique.
729 1378 1080 1432 narrationis.

614 1471 665 1523 7.
707 1468 842 1522 Nam
884 1468 930 1523 si
971 1466 1112 1522 forte
1139 1466 1472 1536 Magdalena:
1505 1480 1726 1528 nomen,
1779 1465 1925 1536 quod
1960 1461 2106 1532 apud

543 1571 839 1630 utrumque
868 1559 1260 1626 evangelistam
1301 1555 1580 1625 adjicitur.
1611 1557 1934 1611 sententiam
1974 1567 2109 1608 con-

540 1655 761 1717 turbat;
817 1651 1098 1705 enimvero
1146 1648 1293 1702 haud
1350 1663 1563 1718 aequum
1593 1656 1677 1704 est
1705 1648 1944 1702 divinam
1979 1658 2104 1718 per-

540 1745 760 1802 misceri
783 1744 1122 1813 Scripturam
1149 1741 1314 1794 unius
1343 1740 1549 1794 voculae
1576 1739 1881 1794 nominisve
1912 1756 2101 1804 causa,

2208 651 2318 704 λιδν
2333 653 2721 722 ἀπαντήσεται,
2741 651 2920 720 πάσης
2943 648 3172 719 ἀπορίας
3188 647 3282 701 καὶ
3305 646 3582 715 ζητήσεως
3623 644 3778 694 ἐκποσ

2207 743 2310 795 δὼν
2332 743 2590 813 ἀρθείσης
2610 757 2622 771 ·
2646 742 2738 795 καὶ
2769 741 2866 809 ὀψὲ
2897 742 2992 811 μὲν
3025 739 3336 801 Σαϐϐἀτων,
3367 734 3508 789 κατά
3542 733 3610 787 τὰ
3644 735 3779 786 ἀπο-

2208 833 2496 904 δεδομένα,
2532 832 2935 904 πεπραγμένων
2966 830 3074 883 τῶν
3106 831 3196 883 ἐπὶ
3246 828 3323 898 τῷ
3354 824 3619 894 Ματθαίῳ
3655 840 3782 890 συγ-

2210 923 2609 996 γεγραμμένων
2630 923 2721 975 sui.
2750 921 3017 994 παρουσίᾳ
3038 918 3145 972 τῶν
3177 918 3268 971 δύο
3291 915 3538 988 Μαριῶν,
3571 916 3783 987 πρωῖας

2209 1015 2263 1067 δὲ
2279 1017 2343 1086 τῇ
2375 1016 2473 1086 μιᾷ
2497 1012 2603 1066 τῶν
2636 1012 2924 1066 Σαϐϐάτων
2956 1013 3148 1082 ἐτέρας
3163 1010 3378 1080 Μαρίας
3403 1008 3504 1070 τάς
3534 1007 3685 1078 παρά
3706 1009 3785 1076 τῷ

2220 1106 2438 1176 Ἰωάννῃ
2500 1104 2848 1175 τεθεαμένας,
2891 1101 3245 1174 ἀληθεύεσθαί
3294 1118 3354 1152 τε
3408 1101 3639 1153 κάκεῖνα
3690 1101 3784 1153 καὶ

2206 1195 2398 1258 ταῦτα,
2430 1194 2562 1265 μηδὲ
2616 1194 2919 1261 ἀντιλογίαν
2949 1192 3219 1263 περιέχειν
3247 1191 3370 1252 τοὺς
3397 1189 3616 1253 τόπους,
3647 1191 3783 1260 μήτε

2209 1286 2350 1341 κατά
2366 1286 2491 1348 τοὺς
2507 1285 2750 1355 χρόνους,
2773 1285 2910 1356 μήτε
2933 1283 3075 1338 κατά
3100 1283 3166 1336 τά
3181 1281 3467 1354 πρόσωπα,
3490 1282 3626 1352 μήτε
3643 1283 3785 1335 κατά

2207 1379 2334 1441 τοὺς
2357 1377 2566 1444 λόγους.

2281 1469 2344 1533 ζ’.
2384 1471 2446 1523 Ei
2474 1471 2528 1523 δὲ
2558 1469 2618 1522 τὸ
2649 1470 2746 1540 τῆς
2772 1469 3138 1539 Μαγδαληνῆς
3169 1467 3563 1538 προσκείμενον
3597 1468 3656 1518 ὲν
3679 1467 3786 1537 ἀμ-

2213 1563 2458 1635 φοτέροις
2489 1565 2599 1626 τοῖς
2632 1561 3043 1630 εὑαγγελισταῖς
3083 1561 3251 1631 ὄνομα
3288 1559 3384 1630 τὴν
3419 1558 3658 1613 διάνοιαν
3685 1577 3784 1612 τα-

2218 1654 2420 1725 ράττει,
2450 1654 2562 1708 ἀλλ’
2591 1655 2652 1706 ού
2693 1653 2956 1725 προσήκει
2985 1652 3083 1723 τὴν
3120 1651 3270 1704 θείαν
3307 1652 3524 1720 συγχεῖν
3560 1649 3788 1720 Γραφὴν

2214 1742 2408 1808 λέξεως
2441 1745 2568 1814 μιᾶς
2611 1743 2645 1813 ἢ
2685 1742 2943 1812 ὀνόματος
2969 1741 3174 1805 ἕνεκεν,
3209 1741 3238 1793 ὃ
3270 1740 3526 1802 πολλάκις
3556 1739 3790 1809 συμϐαί-

539 1838 595 1893 id
637 1837 780 1906 quod
813 1849 954 1904 szepe
985 1832 1184 1886 accidit
1216 1847 1402 1886 errore
1439 1830 1647 1886 librarii
1699 1831 1940 1884 obtrudi.
1997 1831 2107 1885 Aut

2219 1852 2297 1888 νει
2327 1833 2589 1886 καὶκατὰ
2627 1831 2890 1904 γραφικδν
2926 1830 3276 1903 προσκεῖσθαι
3310 1831 3552 1900 σφάλμα·
3603 1830 3635 1899 ἦ
3676 1829 3789 1901 γὰρ

541 1928 684 1982 enim
717 1926 853 1980 duas
884 1925 980 1978 has
1016 1937 1084 1976 ex
1114 1938 1220 1976 una
1255 1923 1389 1976 urbe
1437 1937 1531 1976 seu
1585 1921 1811 1975 castello
1861 1919 2107 1990 Magdalo

2216 1927 2303 1980 δύο
2333 1926 2427 1978 καὶ
2471 1924 2672 1988 ταύτας
2706 1924 2812 1976 ἀπὸ
2847 1924 2975 1994 μιᾶς
3000 1923 3206 1986 πόλεως
3237 1923 3270 1993 ἢ
3309 1923 3499 1993 κώμης
3535 1922 3647 1993 (35)
3687 1923 3788 1991 τῆς

542 2018 832 2072 advenisse
855 2013 1156 2084 putandum
1189 2020 1312 2078 est;
1359 2021 1451 2065 aut
1485 2010 1734 2066 alterutri
1781 2027 1848 2065 ex
1895 2011 1980 2066 his
2031 2021 2109 2066 te-

541 2125 687 2166 mere
715 2107 887 2162 fuisse
919 2106 1189 2175 adjectum
1226 2103 1558 2174 Magdalena:
1585 2115 1910 2172 cognomen,
1939 2102 2109 2156 semel

541 2203 766 2257 librario
797 2200 888 2269 qui
921 2200 1227 2268 antiquitus
1284 2197 1506 2266 scripsit
1558 2197 1612 2249 in
1642 2211 1884 2250 errorem
1917 2196 2108 2264 lapso;

541 2293 686 2365 quod
717 2292 974 2360 deinceps
1005 2289 1260 2344 mendum
1315 2288 1688 2357 exscriptores
1737 2285 1928 2355 reliqui
1976 2285 2108 2340 reti-

541 2393 803 2441 nuerunt.
846 2384 900 2438 ld
951 2382 1130 2453 ipsum
1191 2382 1324 2436 alias
1370 2394 1586 2449 quoque
1647 2378 1914 2433 accidisse
1948 2377 2109 2447 paulo

542 2486 668 2548 post
715 2473 1242 2531 demonstrabimus.
1306 2471 1507 2540 Nempe
1553 2483 1677 2524 cum
1732 2470 1786 2523 in
1837 2469 2105 2538 ejusmodi

542 2572 705 2625 rebus
733 2584 762 2621 a
795 2567 1066 2638 principio
1091 2564 1310 2634 quidem
1333 2564 1594 2618 dictatum
1621 2569 1768 2618 recte
1799 2562 1984 2625 fuerit,
2013 2563 2108 2617 sed

544 2673 731 2734 postea
760 2658 1012 2714 mendum
1049 2657 1371 2727 obrepserit,
1400 2671 1576 2726 neque
1605 2664 1785 2710 tamen
1811 2670 2110 2708 amanuen-

543 2773 632 2812 ses
685 2756 970 2824 scripturae
1029 2751 1386 2805 mulationem
1438 2749 1778 2820 agnoverint,
1832 2748 2109 2802 nonnulla

541 2845 871 2916 quaestiones
893 2855 1092 2897 exortae
1126 2848 1272 2911 sunt.
1306 2840 1484 2909 Atque
1509 2841 1582 2893 ita
1609 2840 1755 2893 circa
1781 2838 2109 2908 Magdalenaa

543 2951 868 3005 cognomen,
925 2946 1263 3001 supervacue
1331 2931 1424 2983 uni
1485 2944 1552 2983 ex
1605 2928 1790 2983 Mariis
1839 2928 2104 2991 additum,

541 3026 840 3095 contigisse
873 3023 1022 3077 dices
1066 3040 1078 3076 :
1113 3037 1222 3090 quo
1273 3020 1474 3080 ablato,
1506 3019 1719 3072 tollitur
1747 3018 1925 3072 omnis
1957 3032 2107 3087 qua:-

544 3119 670 3180 stio,
705 3116 921 3170 nemine
967 3113 1080 3182 jam
1118 3111 1172 3164 in
1224 3111 1312 3165 his
1372 3111 1508 3166 locis
1547 3110 1852 3165 dubitanle.
1888 3107 2026 3179 Ergo
2055 3115 2109 3163 et

2212 2015 2577 2086 Μαγδαληνῆς
2617 2013 2888 2087 ὁρμᾶσθαι
2946 2014 3197 2084 ἡγητέον·
3241 2014 3273 2083 ἢ
3312 2015 3406 2066 ἐπὶ
3442 2017 3571 2084 μιᾶς
3609 2011 3789 2066 αὐτῶν

2212 2107 2565 2180 προσκεῖσθαι
2593 2107 2654 2158 τὸ
2679 2105 2777 2175 τῆς
2807 2103 3170 2174 Μαγδαληνῆς
3200 2103 3376 2157 ὲπώνυ
3386 2121 3503 2175 μον,
3525 2104 3673 2167 ἅπαξ
3691 2102 3786 2156 τοῦ

2209 2200 2466 2270 γραφέως
2502 2197 2642 2252 κατά
2675 2197 2774 2266 τὴν
2813 2195 2985 2266 ἀρχὴν
3017 2195 3328 2263 σφαλέντος,
3363 2197 3442 2248 ὅτι
3472 2195 3532 2260 ἐξ
3576 2194 3788 2247 ἐκείνου

2209 2289 2316 2343 τῶν
2354 2289 2467 2358 μετ’
2496 2287 2656 2341 αὐτὸν
2695 2286 2895 2357 πρώτῳ
2929 2285 3442 2356 ὲπηκολουθηκότων
3471 2287 3784 2358 σφάλματι·

2208 2380 2364 2433 τοῦτο
2397 2379 2453 2432 δὲ
2482 2379 2574 2431 καὶ
2600 2378 2685 2446 ἐφ’
2709 2377 2878 2448 ἑτέρῳ
2912 2376 3143 2447 συμϐὰν,
3176 2379 3403 2448 σμικρὸν
3421 2377 3647 2448 ὓστερον
3670 2379 3792 2430 ἐπι-

2209 2470 2484 2540 δείξωμεν·
2522 2468 2638 2522 ἀλλ’
2670 2468 2858 2539 ὥσπερ
2885 2469 2977 2521 ἐπὶ
3013 2468 3268 2521 τοιούτων
3308 2468 3482 2540 ὀρθῶς
3516 2468 3659 2521 κατά
3688 2469 3788 2538 τὴν

2210 2563 2382 2635 ἀρχὴν
2406 2549 2777 2632 ὑπῆγόρευτο,
2807 2559 2946 2613 κατά
2973 2559 3194 2629 σφάλμα
3222 2561 3277 2612 δὲ
3306 2561 3414 2613 τῶν
3442 2561 3580 2630 μετά
3617 2560 3792 2614 ταῦτα

2214 2651 2286 2721 μὴ
2309 2648 2676 2719 ἀκριϐούντων
2706 2648 2804 2719 τὴν
2841 2649 3161 2720 μεταϐολὴν,
3195 2651 3508 2721 συμϐέϐηκέ
3539 2669 3663 2704 τινα
3688 2651 3752 2722 Cr;
3778 2683 3790 2694 -

2208 2741 2439 2804 τεῖσθαι,
2469 2740 2613 2795 οὕτω
2635 2741 2728 2794 καὶ
2753 2741 2845 2794 ἐπὶ
2871 2741 2964 2793 τοῦ
2992 2741 3281 2811 ἐπωνύμου
3299 2743 3397 2813 τῆς
3421 2743 3790 2814 Μαγδαληνῆς

2211 2830 2478 2902 περιττῶς
2499 2831 2591 2883 ἐπὶ
2624 2831 2752 2900 μιᾶς
2769 2829 2986 2901 Μαρίας
3005 2831 3260 2900 κειμένου
3289 2831 3462 2894 είποις
3484 2832 3550 2884 ἂν
3573 2835 3793 2900 γεγονὲο

2211 2941 2317 2975 ναι·
2361 2916 2421 2975 οὗ
2452 2921 2856 2994 ὑφαιρεθέντος,
2888 2921 3321 2992 περιγέγραπται
3354 2925 3507 2974 πᾶσα
3539 2923 3788 2993 ζήτησις,

2215 3013 2437 3083 μηδενὸς
2467 3013 2660 3083 μηκέτι
2681 3011 2821 3066 κατά
2853 3014 2980 3075 τοὺς
2999 3013 3199 3074 τόπους
3224 3013 3628 3084 ἀπορουμένου·
3655 3015 3792 3068 ἀλλὰ

2213 3107 2306 3158 καὶ
2334 3105 2431 3174 ὀψὲ
2471 3105 2784 3168 Σαϐϐάτων,
2819 3103 2961 3158 τοῦτ’
2998 3103 3111 3157 ἔστι
3155 3104 3377 3174 βαθείας
3428 3107 3644 3170 νυκτὸς,
3678 3107 3790 3160 τῶν

543 3226 668 3266 sero
698 3207 1082 3267 Sabbatorum,
1127 3203 1180 3258 id
1225 3212 1309 3258 est
1351 3201 1620 3273 profunda
1653 3208 1830 3264 nocte,
1872 3216 1956 3263 ea,
1989 3216 2110 3269 qua

2216 3196 2366 3266 παρὰ
2381 3194 2457 3264 τῷ
2487 3193 2752 3264 Ματθαίῳ
2770 3194 3170 3266 πεπραγμένων
3200 3194 3527 3265 ἑωραμένων
3560 3197 3666 3248 ὑπὸ
3690 3197 3793 3266 τῆς

543 3303 685 3372 apud
719 3298 1028 3352 Matthaaum
1062 3266 1380 3358 narrantur:
1428 3295 1544 3349 visa
1574 3293 1796 3348 fuerunt
1827 3307 1856 3344 a
1891 3266 2108 3363 Magda-

2216 3286 2568 3356 Μαγδαληνῆς
2599 3286 2692 3339 καὶ
2724 3286 2824 3356 τῆς
2851 3285 3016 3357 ἄλλης
3047 3286 3296 3359 Μαρίας·
3327 3288 3421 3341 καὶ
3455 3289 3689 3359 πρωίας,
3713 3288 3797 3342 tu

547 3393 667 3444 lena
700 3397 861 3458 atque
892 3387 961 3442 ab
984 3386 1090 3440 alia
1114 3385 1283 3439 Maria
1318 3403 1332 3435 :
1368 3392 1422 3438 et
1454 3398 1639 3444 mane,
1670 3382 1798 3436 dum
1823 3382 2001 3437 adhuc
2027 3391 2109 3437 te-

545 3481 729 3534 nebrae
759 3484 966 3536 essent,
1009 3475 1155 3530 venit
1185 3474 1292 3527 alia
1324 3471 1492 3526 Maria
1526 3473 1579 3526 in
1609 3473 1858 3526 eumdem
1892 3473 2106 3538 locum;

543 3587 663 3642 quae
714 3571 887 3640 primo
922 3567 1141 3638 quidem
1175 3565 1337 3618 anxia
1369 3573 1508 3631 erat,
1545 3564 1690 3618 haud
1727 3563 1948 3618 invento
1983 3563 2111 3618 Ser-

545 3663 750 3716 vatoris
779 3675 1038 3729 corpore;
1064 3657 1260 3714 deinde
1289 3666 1343 3713 et
1383 3657 1499 3728 ipsa
1533 3656 1829 3726 spectatrix
1865 3656 2109 3723 ejusdem

548 3757 669 3812 fuit.
710 3753 1066 3810 Laudabilius
1101 3765 1281 3808 tamen
1307 3752 1417 3816 ﬁet,
1449 3753 1584 3808 sine
1612 3751 1867 3805 mendqu
1894 3749 2112 3819 quidem

545 3850 601 3902 in
633 3849 716 3902 bis
750 3848 885 3900 locis
919 3862 1042 3901 esse
1067 3846 1439 3908 causabimur,
1474 3844 1717 3913 duasque
1745 3843 1926 3914 potius
1962 3841 2112 3911 Mag-

546 3941 770 3995 dalenas
799 3939 1164 4002 censebimus,
1188 3937 1352 3992 sicuti
1380 3936 1491 4006 jam
1511 3943 1746 4005 quatuor
1775 3935 2114 3989 demonstra-

544 4035 725 4087 vimus
758 4031 927 4087 fuisse
956 4024 1173 4085 Marias.
1216 4030 1377 4085 Certe
1419 4030 1569 4082 nulla
1603 4027 1918 4082 absurditas
1944 4035 2110 4090 vetat,

547 4125 843 4193 quominus
877 4124 1016 4178 duas
1049 4124 1250 4177 Marias
1282 4122 1352 4176 ab
1377 4121 1568 4177 eodem
1602 4120 1829 4175 castello
1866 4119 2114 4189 Magdalo

546 4217 764 4272 venisse
795 4215 1046 4272 dicamus
1085 4235 1098 4270 :
1130 4231 1361 4284 prorsus
1389 4222 1443 4270 et
1474 4215 1622 4268 nulla
1645 4213 1756 4283 jam
1787 4212 2115 4282 perplexitas

548 4307 909 4374 relinquatur,
939 4305 1033 4360 sed
1056 4305 1224 4359 altera
1250 4304 1321 4360 sit
1350 4304 1441 4357 illa
1468 4320 1588 4373 qua:
1606 4317 1730 4357 sero
1753 4301 2115 4356 Sabbatorum

549 4399 692 4468 apud
722 4397 1057 4460 Matthzeum,
1111 4398 1282 4452 altera
1325 4412 1520 4451 rursus
1549 4403 1604 4449 et
1636 4395 1751 4464 ipsa
1803 4393 2116 4464 Magdalena

550 4506 672 4560 qua:
699 4489 841 4559 apud
866 4487 1132 4544 Joannem
1162 4505 1321 4543 mane
1339 4487 1407 4542 ad
1437 4497 1849 4542 monumentum
1871 4487 2113 4542 accedit:

555 4595 716 4650 quam
781 4585 1110 4648 postremam
1153 4578 1413 4633 credibile
1470 4577 1542 4632 sit
1589 4592 1620 4630 a
1667 4575 1848 4630 Marco
1903 4590 2120 4646 quoque

551 4673 847 4728 memorari
881 4671 1182 4726 secundum
1214 4669 1424 4738 aliquot
1471 4667 1863 4736 exemplarium
1917 4665 2114 4733 ﬁdem;

549 4765 617 4820 de
639 4779 745 4834 qua
775 4764 1028 4818 nimirum
1071 4772 1275 4831 septem
1309 4761 1525 4816 fuerant
1565 4758 1830 4813 daemonia
1872 4758 2045 4827 ejecta
2100 4776 2114 4812 :

548 4866 713 4926 atque
746 4856 860 4910 haec
897 4854 1113 4909 videtur
1143 4853 1232 4906 cui
1279 4852 1485 4906 dictum
1529 4849 1695 4905 fuerit
1736 4847 1864 4902 Noli
1893 4865 1973 4903 me
2000 4859 2120 4902 tan-

547 4962 688 5016 gere,
714 4959 819 4998 non
851 4945 941 4999 illa
967 4959 1088 5013 qua:
1123 4943 1264 5012 apud
1295 4941 1603 4996 Matthaaum
1641 4959 1653 4993 :
1687 4954 1814 4994 nam
1837 4939 1938 4995 etsi
1982 4938 2120 4993 forte

547 5047 600 5090 et
630 5039 748 5106 ipsa
781 5050 809 5088 a
839 5035 1086 5105 Magdalo
1115 5033 1347 5088 oriunda
1396 5040 1532 5094 erat,
1584 5031 1728 5085 haud
1761 5038 1942 5085 tamen
1971 5045 2120 5084 eam-

549 5128 670 5182 dem
715 5127 831 5199 pari
863 5127 1078 5182 macula
1106 5125 1346 5196 aspergit
1377 5123 1562 5178 divina
1602 5121 1904 5192 Scriptura.

1287 5258 1375 5314 111.

548 5371 824 5439 Quomodo
863 5390 977 5438 cum
1015 5373 1300 5427 secundum
1336 5371 1647 5424 Mattimmm
1698 5386 1813 5422 sero
1857 5366 2118 5439 Sabbato-

619 5458 736 5494 rum
777 5436 1096 5510 Magdalena
1133 5460 1252 5497 cum
1296 5443 1468 5496 altera
1505 5439 1684 5494 Maria
1725 5439 1892 5507 tetigit
1930 5436 2117 5510 Serva-

618 5513 748 5563 toris
776 5507 948 5578 pedes,
987 5513 1169 5566 eadem
1211 5530 1362 5567 mane
1411 5529 1516 5565 una
1566 5509 1789 5565 Sabbati
1827 5507 2119 5562 secundum

615 5581 874 5635 Joannem
912 5585 1109 5637 audivit
1145 5602 1164 5634 ι
1204 5583 1334 5637 Noli
1367 5599 1447 5636 me
1476 5593 1706 5652 tangere.
1744 5600 1760 5632 ι

622 5737 672 5790 l.
720 5737 774 5791 Si
828 5739 1046 5809 quidem
1083 5754 1189 5792 una
1229 5738 1530 5808 eademque
1577 5735 1746 5790 Maria
1802 5741 1945 5790 esset
1975 5733 2118 5803 apud

2219 3376 2435 3440 σκοτίας
2449 3374 2634 3448 οὔσης,
2659 3376 2846 3447 ἑτέρας
2872 3377 3086 3448 Μαρίας
3109 3378 3447 3449 ἀφικομένης
3467 3380 3559 3432 ἐπὶ
3582 3379 3674 3431 τὸν
3694 3380 3795 3432 αύ-

2217 3469 2308 3522 τὺν
2339 3469 2536 3521 τόπον·
2571 3469 2665 3521 καὶ
2703 3469 2964 3540 πρότερον
3007 3471 3102 3539 μὲν
3149 3471 3462 3542 ἀπορούσης
3496 3472 3590 3524 ἐπὶ
3619 3471 3680 3524 τὺ
3717 3472 3796 3543 μὴ

2219 3561 2396 3630 εὑρεῖν
2427 3559 2488 3612 τὸ
2519 3557 2678 3629 σῶμα
2703 3559 2797 3612 τοῦ
2831 3560 3098 3631 Σωτῆρος·
3134 3559 3357 3632 ὕστερον
3394 3562 3452 3616 δὲ
3492 3562 3588 3616 καὶ
3625 3563 3798 3632 αὐτῆς

2220 3650 2593 3722 αὐτοπτούσης
2625 3651 2804 3704 αὐτόν·
2840 3651 3055 3704 κάλλιον
3079 3651 3135 3704 δὲ
3162 3651 3223 3704 τὸ
3252 3654 3327 3724 μὴ
3355 3653 3412 3706 δὲ
3446 3654 3674 3726 σφάλμα
3706 3656 3798 3709 al-

2219 3740 2506 3794 τιάσασθαι
2540 3740 2677 3794 κατά
2705 3741 2831 3805 τοὺς
2857 3741 3057 3805 τόπους
3077 3780 3091 3805 ,
3119 3739 3213 3794 δύο
3239 3740 3296 3793 δὲ
3333 3741 3551 3812 ἀληθῶς
3576 3742 3801 3811 γεγονέ-

2222 3851 2310 3888 ναι
2332 3835 2431 3897 τάς
2465 3831 2824 3902 Μαγδαληνάς
2866 3833 3112 3900 φάσκειν,
3144 3832 3220 3897 ὡς
3251 3833 3346 3885 καὶ
3379 3831 3649 3903 τέτταρας
3687 3835 3800 3886 ἀπ-

2224 3923 2398 3986 εδείξα
2406 3939 2503 3992 μεν
2520 3921 2618 3984 τάς
2639 3920 2869 3991 Μαρίας·
2893 3914 2968 3974 ὧν
2985 3920 3134 3973 οὐδὲν
3153 3920 3349 3975 ἄτοπον
3367 3921 3476 3974 ἀπὸ
3501 3922 3604 3991 τῆς
3623 3923 3802 3992 αὐτῆς

2224 4013 2582 4082 Μαγδαληνῇ
2613 4011 2704 4064 δύο
2736 4011 2952 4082 Μαρίας
2978 4011 3249 4081 ὁρμᾶσθαι
3291 4011 3494 4079 λέγειν,
3538 4012 3703 4084 μηδέν
3733 4029 3803 4066 τε

2225 4103 2406 4156 λοιτών
2437 4104 2680 4173 ἀπορεῖν,
2713 4101 2824 4154 ἀλλ’
2845 4101 3035 4172 ἑτέραν
3062 4103 3157 4172 μὲν
3177 4097 3313 4155 εἶναι
3337 4101 3437 4172 τὴν
3470 4101 3569 4171 ὀψὲ
3590 4101 3805 4157 Σαϐϐά-

2225 4212 2332 4248 των
2369 4194 2518 4267 παρά
2550 4193 2627 4264 τῷ
2653 4193 2914 4264 Ματθαίῳ
2943 4193 3323 4264 Μαγδαληνὴν,
3349 4192 3543 4264 ἑτέραν
3563 4193 3620 4246 δὲ
3643 4189 3805 4257 αὖθις

2227 4285 2322 4338 καὶ
2351 4285 2517 4356 αὐτὴν
2539 4282 2896 4354 Μαγδαληνὴν
2930 4282 3027 4354 τὴν
3055 4283 3203 4352 παρὰ
3228 4282 3304 4353 τῷ
3339 4282 3562 4357 Ἰωάννῃ
3587 4286 3807 4354 πρωῖας

2228 4377 2320 4430 ἐπὶ
2347 4376 2408 4430 τὸ
2435 4379 2695 4447 μνημεῖον
2729 4375 3022 4430 ἐλθοῦσαν·
3061 4375 3263 4446 ταύτην
3295 4375 3350 4428 δὲ
3384 4371 3524 4429 εἶναι
3563 4376 3663 4447 τὴν
3707 4379 3810 4430 καὶ

2231 4469 2382 4540 παρὰ
2397 4469 2476 4540 τῷ
2498 4469 2708 4541 Μάρκῳ
2724 4468 3078 4538 δηλουμένην,
3105 4469 3246 4522 κατά
3268 4485 3384 4521 τινα
3407 4468 3516 4520 τῶν
3542 4469 3810 4540 ἀντιγρά-

2230 4579 2384 4631 φων,
2419 4559 2511 4628 ἀφ’
2536 4554 2604 4630 ἧς
2635 4557 2954 4627 ἐκϐεϐλήκει
3001 4557 3140 4611 ὲπτά
3187 4556 3465 4626 δαιμόνια·
3514 4557 3609 4610 καὶ
3673 4557 3812 4611 ταύ-

2226 4669 2323 4723 την
2350 4653 2494 4714 εἰκὸς
2525 4647 2662 4704 εἶναι
2687 4649 2782 4720 τὴν
2812 4649 3122 4703 ἀκούσασαν
3150 4649 3244 4715 Μή
3280 4667 3399 4718 μου
3441 4649 3657 4712 ἅπτου,
3687 4649 3809 4703 ἀλλ’

2224 4746 2284 4800 ού
2313 4745 2410 4816 τὴν
2437 4743 2587 4813 παρά
2616 4742 2694 4812 τῷ
2722 4741 3002 4811 Ματθαίῳ·
3032 4743 3080 4794 εί
3107 4741 3215 4814 γὰρ
3239 4743 3332 4798 καὶ
3353 4742 3422 4794 τά
3445 4741 3682 4811 μάλιστα
3705 4742 3812 4794 κά-

2227 4837 2376 4907 κείνη
2408 4835 2513 4888 ἀπὸ
2542 4835 2640 4904 τῆς
2665 4833 3024 4905 Μαγδαληνῆς
3053 4833 3294 4905 ὡρμᾶτο,
3315 4833 3429 4888 ἀλλ’
3463 4834 3525 4888 ού
3554 4833 3622 4888 τὰ
3640 4834 3809 4904 ὃμοια

2230 4931 2322 4983 καὶ
2347 4929 2514 4999 αὐτῆς
2540 4930 2573 4999 ἡ
2605 4927 2723 4980 θεία
2763 4930 3058 5001 κατηγορεί
3078 4928 3266 5002 Γραφή

2230 5359 2360 5426 Πῶς
2399 5357 2546 5412 κατὰ
2577 5357 2684 5412 τὸν
2705 5354 3003 5426 Ματθᾳῑον
3026 5353 3141 5422 ὀψὲ
3174 5353 3489 5426 Σαϐϐάτων
3505 5350 3812 5426 ἠλΜαγπδρ-

2299 5421 2458 5498 Inv?)
2691 5425 2828 5498 τῆςῌ
2849 5424 3046 5498 ἄλλης
3072 5421 3312 5498 Ἀζαρίας
3357 5421 3811 5498 angam,ng

2297 5491 2509 5554 πόδῶν’
2530 5497 2635 5551 τοῦ
2665 5491 2955 5566 Σωτῆρος,
2994 5497 3033 5566 ἠ
3081 5494 3416 5566 αὑτὴηπρωϊ
3441 5493 3519 5561 τῇ
3557 5491 3665 5566 μιᾷ
3695 5493 3812 5566 τοῦ

2297 5569 2606 5624 Σαϐὅάτου
2631 5563 2842 5622 ἀκούει
2871 5585 2890 5616 ‹
2920 5565 3017 5633 Μή
3055 5583 3175 5635 μου
3219 5565 3411 5619 ἅπτου
3455 5586 3473 5617 ι
3501 5563 3653 5619 κατὰ
3697 5563 3812 5616 τὸν

2311 5639 2606 5707 Ἰωάννην.

2297 5730 2366 5782 α’.
2407 5731 2470 5783 Εἰ
2507 5730 2604 5800 μὲν
2623 5724 2714 5781 οὖν
2751 5726 2846 5798 μία
2871 5725 2965 5780 καὶ
2995 5727 3027 5796 ή
3053 5725 3188 5794 αύτὴ
3221 5725 3305 5796 εἴη
3334 5725 3523 5796 Μαρία
3544 5723 3673 5796 παρ’
3697 5724 3806 5796 ἀμ-

617 5891 727 5963 (55)
769 5892 1039 5948 Eusebius
1079 5902 1132 5948 et
1168 5889 1531 5964 Hieronymus
1557 5893 1634 5948 De
1663 5892 1765 5948 loc.
1801 5891 1990 5961 Helm,
2029 5891 2110 5945 Ma

2216 5887 2284 5941 lit
2321 5885 2492 5958 φυλῆς
2531 5884 2718 5949 Ἰούδα,
2750 5880 3004 5953 Magdala
3039 5884 3089 5936 in
3123 5881 3259 5935 tribu
3283 5877 3450 5934 Juda.
