4114 6472
404 263 532 322 959

1022 264 1487 333 QUJESTIONES
1523 265 2000 322 EVANGELICAS.
2038 295 2108 305 —-
2145 265 2470 332 QUIESTIO
2505 267 2575 321 ιιι
2612 266 2704 320 AD
2741 244 3111 321 MARINUM.‘

3571 265 3676 321 9πο

411 377 678 451 φοτέροις
707 379 817 441 τοῖς
847 378 1278 447 εὐαγγελισταῖς,
1308 359 1533 450 λέξομεν
1556 381 1639 434 ὅτι
1659 380 1693 449 ή
1725 379 1862 451 αὐτὴ
1883 380 2009 433 πολε-

2117 389 2405 450 utrumque
2441 380 2853 452 evangelistam,
2904 378 3198 434 dicendum
3251 376 3394 435 foret
3428 380 3676 435 eamdem

412 468 586 533 λάκις
616 468 711 522 ἐπὶ
725 469 826 522 τὸν
849 469 1010 523 αὐτὸν
1029 470 1243 541 ἀπήντα
1266 470 1451 535 τόπον,
1497 470 1680 541 ἐπειδὴ
1705 464 1884 525 εἷλκεν
1907 471 2005 525 αὐ-

413 561 528 633 τὴν
554 561 586 631 ή
615 560 876 631 ἔκπληξις
902 558 995 613 τοῦ
1032 560 1356 631 πράγματος
1376 562 1470 615 καὶ
1496 562 1530 631 ή
1554 561 1647 613 ἐπὶ
1671 560 1750 632 τῷ
1764 560 2006 630 γεγονότι

418 651 602 724 χαρά·
636 650 827 724 πρώτη
865 650 1043 706 τοίνυν
1076 652 1435 723 ἀπαντήσασα
1462 652 1553 706 καὶ
1594 650 1785 725 πρώτη
1815 651 2005 707 τεθεα-

426 744 571 816 μένη
596 743 667 798 τά
686 742 840 816 παρὰ
863 741 942 813 τῷ
991 743 1231 816 Ἰωάννη,
1263 744 1645 815 ἐσπευσμένως
1669 743 1833 816 ἀπῄει
1870 743 2008 816 πρὸς

424 836 560 900 τοὺς
588 836 919 900 ἀποστόλους
938 836 999 889 τὸ
1028 834 1265 907 πρῶτον,
1287 835 1387 908 τὴν
1416 835 1512 890 τοῦ
1550 837 1828 909 μνήματος
1859 836 2008 892 ἀνοισ-

434 927 517 993 ξιν
538 927 971 997 ἀπαγγέλλουσα·
991 923 1089 982 εἷθ’
1114 928 1231 999 ἅμα
1258 927 1357 1000 τὴν
1373 928 1666 983 ἀνάστασιν
1685 928 2005 1000 τεθεαμένη,

432 1018 717 1089 ἐδυσφόρει
758 1019 1057 1073 ὑπονοοῦσα
1087 1015 1252 1091 ἧρθαι
1282 1020 1345 1073 τὸ
1371 1020 1533 1092 σῶμα
1570 1019 1665 1074 τοῦ
1702 1018 1876 1092 Ἰησοῦ
1902 1019 2010 1074 ἀπὸ

430 1109 529 1164 τοῦ
562 1113 860 1182 μνήματος,
899 1111 972 1183 μὴ
999 1110 1197 1165 ειδέναι
1240 1128 1303 1165 τε
1337 1113 1469 1167 ὅπου
1500 1112 1729 1167 τέθειτο·
1765 1108 1863 1165 εἶτ’
1915 1113 2012 1165 ἐπ-

434 1201 590 1274 ανῄει
614 1201 866 1274 δεύτερον
906 1203 1000 1255 σὺν
1041 1202 1223 1266 αὐτοῖς
1262 1204 1355 1257 ἐπὶ
1384 1204 1448 1257 τὸ
1481 1207 1690 1275 μνῆμα·
1720 1204 1794 1267 ὡς
1828 1203 1872 1257 δ’
1912 1204 2012 1255 ἐπ-

435 1295 700 1367 έστρεφον
714 1294 895 1349 οἴκαδε
910 1297 1124 1360 ἐκεῖνοι,
1146 1296 1281 1367 μόνη
1296 1296 1455 1351 πάλιν
1468 1296 1852 1360 ἀπολειφθεῖσα
1866 1299 1922 1349 ἐν
1934 1295 2012 1368 τῷ

435 1386 608 1458 τόπῳ,
631 1386 847 1442 ἔκλαιεν
884 1388 1098 1444 ἑστῶσα
1123 1406 1139 1420 ο
1168 1384 1286 1443 εἶτα
1310 1388 1405 1443 τοῦ
1446 1392 1722 1462 μνήματος
1750 1390 1882 1445 εἴσω
1898 1391 2013 1444 δια-

438 1475 677 1541 κύψασα,
702 1480 828 1542 τοὺς
858 1479 953 1533 δύο
972 1480 1233 1550 ἀγγέλους
1248 1479 1490 1553 ἐθεώρει·
1515 1480 1703 1536 ἔπειτα
1724 1483 1817 1536 καὶ
1850 1482 2014 1536 αὐτὸν

437 1572 540 1641 ὁρᾷ
570 1570 663 1624 τὸν
691 1570 948 1643 Σωτῆρα·
982 1571 1063 1638 ὃς,
1098 1572 1285 1644 ἐπειδὴ
1315 1570 1576 1657 κλαίουσα
1616 1575 1888 1645 εἱστήκει,
1930 1574 2016 1627 ἀν·

2106 485 2249 542 ssepe
2270 470 2329 525 in
2355 470 2607 526 eumdem
2638 470 2819 527 locum
2858 470 3098 537 venisse,
3124 483 3292 540 quam
3338 469 3553 526 scilicet
3596 477 3681 528 at-

2105 563 2360 618 trahebat
2381 561 2674 618 admiratio
2694 564 2774 618 rei
2807 570 2971 632 gestae
2995 569 3049 619 et
3071 576 3368 618 successus
3393 560 3676 634 gaudium.

2106 653 2289 710 Prima
2316 654 2482 727 igitur
2508 655 2639 711 illuc
2672 653 2938 726 proiecta,
2971 654 3257 725 primaque
3287 669 3497 718 rerum,
3539 668 3681 725 quas

2107 742 2345 802 Joannes
2391 750 2601 812 narrat,
2637 743 2960 814 spectatrix,
3012 742 3338 800 festinanter
3369 742 3586 799 redibat
3613 742 3682 797 ad

2108 835 2421 908 apostolos;
2467 834 2736 907 principio
2793 834 3013 904 quidem
3064 834 3304 904 sepulcri
3344 833 3681 904 apertionem

2108 926 2371 984 nuntians
2404 946 2417 983 :
2452 926 2670 994 deinde,
2693 940 3006 996 quanquam
3035 924 3683 1004 resurrectionemjide-

2114 1027 2222 1089 rat,
2255 1019 2560 1092 angebatur
2593 1018 2954 1074 nihilominus
2982 1017 3297 1088 suspicione
3328 1032 3398 1072 ne
3428 1014 3553 1087 quis
3585 1030 3684 1085 ρος-

2115 1113 2226 1168 tius
2250 1110 2382 1170 Jesu
2423 1126 2625 1184 corpus
2679 1126 2711 1167 e
2756 1118 3111 1167 monumento
3157 1109 3497 1174 abstulisset,
3533 1106 3683 1178 quod

2114 1202 2394 1259 nesciebat
2427 1216 2667 1272 quonam
2700 1207 2845 1257 esset
2882 1200 3232 1255 translatum.
3271 1198 3410 1253 Exin
3438 1196 3683 1253 secundo

2114 1294 2227 1350 ibat
2253 1308 2378 1349 cum
2410 1294 2689 1364 apostolis
2714 1292 2785 1348 ad
2822 1300 3262 1348 monumentum.
3293 1290 3594 1360 Postquam
3629 1289 3684 1344 lii

2113 1383 2336 1439 domum
2385 1383 2591 1439 reversi
2640 1390 2793 1447 sunt,
2841 1382 2958 1439 sola
2988 1397 3183 1439 rursus
3209 1382 3264 1437 in
3314 1383 3437 1436 loco
3468 1381 3679 1445 relicta,

2112 1472 2249 1530 ﬂens
2282 1472 2358 1528 ibi
2391 1472 2748 1529 subsistebat.
2776 1472 2984 1527 Deinde
3031 1471 3089 1527 in
3132 1478 3547 1527 monumentum
3609 1468 3688 1552 ip-

2116 1565 2444 1635 trospiciens
2495 1564 2637 1621 duos
2684 1564 2912 1635 angelos
2957 1562 3098 1619 vidit
3152 1582 3166 1619 :
3221 1564 3459 1633 denique
3505 1562 3685 1632 ipsum

443 1658 726 1732 θρωπίνως
748 1661 804 1715 δὲ
824 1662 919 1716 καί
944 1663 1235 1729 ταπεινῶς,
1259 1654 1417 1727 ὡς’ἀν
1439 1663 1735 1728 κλαπέντος
1765 1663 2014 1735 σώματος

2117 1657 2293 1712 oculis
2345 1656 2467 1727 ejus
2512 1656 2758 1711 oblatum
2789 1654 3140 1712 Servatorem
3184 1674 3198 1710 ι
3249 1670 3414 1726 quam
3450 1654 3526 1709 ibi
3559 1669 3687 1709 cum

442 1751 628 1814 αὐτοῦ,
668 1752 983 1824 διακειμένη
1004 1795 1020 1820 ,
1052 1753 1247 1821 ἀνάξιά
1275 1771 1335 1808 τε
1366 1757 1495 1826 περὶ
1520 1754 1684 1809 αὐτοῦ
1720 1754 2011 1826 φρονοῦσα,

2117 1749 2249 1803 lletu
2284 1748 2601 1812 haerentem,
2650 1757 2705 1803 et
2750 1763 2817 1803 ex
2868 1748 3123 1802 humana:
3151 1748 3491 1802 inlirmitatis
3522 1755 3687 1819 atque

442 1842 656 1912 πρῶτον
703 1844 800 1913 μὲν
848 1844 1019 1915 αὐτὴν
1060 1847 1294 1913 γυναῖκα
1328 1844 1582 1916 ὀνομάζει
1607 1884 1624 1911 ,
1670 1844 2015 1917 ἐπιπλήττων

443 1931 579 2005 αὐτῇ
607 1935 699 1987 καὶ
720 1933 992 1999 ὀνειδίζων
1032 1934 1095 1989 τὸ
1130 1938 1437 2002 γυναικεῖον
1474 1934 1672 1999 πάθος·
1703 1936 1783 1989 διό
1831 1952 2014 2008 φησιν,

443 2024 638 2094 γύναι,
664 2026 722 2078 τι
762 2025 990 2092 κλαίεις
1006 2041 1025 2089 ;
1050 2021 1170 2080 εἶτά
1197 2043 1359 2098 φησιν
1397 2026 1534 2099 πρὸς
1558 2028 1745 2099 αὐτήν·
1783 2028 1975 2097 Μαρία
2000 2046 2013 2060 ·

442 2113 532 2168 διὰ
562 2113 655 2167 τοῦ
685 2115 947 2185 ὀνόματος
978 2114 1146 2187 αὐτὴν
1189 2118 1388 2188 ἑαυτῆς
1428 2118 1858 2189 ὑπομιμνήσκων
1881 2157 1895 2182 ,
1926 2117 2019 2171 καὶ

441 2203 551 2260 ’ἲῦν
581 2203 746 2258 πάλαι
781 2204 917 2277 πρὸς
941 2205 1109 2278 αὐτήν
1140 2224 1199 2260 τε
1237 2208 1331 2261 καὶ
1362 2209 1488 2271 τοὺς
1528 2207 1745 2272 λοιποὺς
1774 2207 2018 2280 μαθητὰς

447 2293 575 2364 περὶ
602 2294 703 2364 τῆς
732 2295 1077 2360 ἀναστάσεως
1097 2296 1259 2351 αὑτοῦ
1282 2297 1473 2367 λόγων·
1503 2300 1535 2370 ή
1561 2298 1606 2351 δ’
1632 2300 1711 2362 είς
1733 2298 2020 2372 συναίσθη-

448 2402 532 2438 σιν
555 2384 801 2451 ἐλθοῦσα,
827 2387 920 2440 καὶ
946 2387 1002 2441 τί
1037 2403 1166 2441 ποτε
1187 2385 1254 2461 ἦν
1284 2391 1391 2443 ἀπὸ
1430 2390 1533 2460 τῆς
1571 2391 1753 2461 φωνῆς
1794 2391 1886 2444 καὶ
1921 2392 2018 2463 τῆς

442 2475 537 2529 τοῦ
558 2476 715 2546 λόγου
747 2476 1027 2549 δυνάμεως
1071 2480 1387 2549 ἐπιγνοῦσα,
1424 2481 1733 2537 Ῥαϐϐουνί
1756 2500 1916 2553 φησιν
1937 2524 1953 2549 ,
1990 2482 2019 2537 ὃ

450 2567 919 2641 μεθερμηνεύεται
936 2569 1286 2631 διδάσκαλε.

522 2841 595 2913 β’.
628 2837 742 2898 Εἶτ’
771 2842 957 2914 ἐπειδὴ
983 2842 1058 2907 ὡς
1085 2843 1388 2917 διδασκάλῳ
1421 2845 1571 2917 αὐτῷ
1598 2845 1679 2900 ἔτι
1713 2848 1806 2902 καὶ
1826 2848 1924 2919 οὐχ
1942 2848 2023 2912 ὡς

444 2931 563 3004 Θεῷ
582 2933 859 3004 προσιέναι
883 2934 1107 3007 ὡρμᾶτο
1121 2934 1429 2999 ,ἀναίνεται
1449 2937 1898 3009 καὶπαραιτεῖται
1923 2938 2020 2993 αύ-

443 3021 576 3094 τὴν,
610 3020 704 3089 Μή
727 3040 847 3091 μου
876 3022 1095 3078 ἅπτου·
1125 3022 1292 3095 θνητά
1317 3023 1428 3094 γάρ
1449 3022 1533 3078 ἔτι
1562 3023 1832 3096 φρονοῦσα
1852 3065 1867 3089 ,
1917 3025 2017 3095 οὐχ

444 3111 533 3165 οἵα
560 3130 618 3166 τε
645 3108 714 3185 ἦν
746 3116 844 3185 τῆς
871 3113 1036 3169 αὐτοῦ
1071 3114 1322 3187 θεότητος
1346 3113 1518 3185 θίγειν
1537 3132 1551 3146 ·
1585 3116 1708 3171 οὐδὲ
1740 3115 1847 3188 γὰρ
1871 3114 2018 3183 ἄξιον

443 3200 514 3276 ἦν
531 3205 631 3278 τὴν
660 3205 741 3259 ἔτι
761 3205 1053 3262 κλαίουσαν
1073 3247 1087 3273 ,
1119 3208 1215 3261 καὶ
1234 3206 1387 3261 κάτω
1403 3225 1469 3261 πε
1477 3208 1535 3280 ρὶ
1554 3208 1623 3263 τὰ
1649 3210 1905 3281 μνήματα
1926 3208 2020 3263 καὶ

445 3295 648 3364 τάφους
683 3291 770 3350 οἷα
804 3296 996 3369 νεκρὸν
1030 3295 1296 3367 ζητοῦσαν
1329 3296 1522 3362 αὑτὸν,
1568 3298 1799 3352 ταπεινά
1831 3314 1890 3351 τε
1927 3298 2020 3351 κα)⁴

444 3386 759 3458 ἀνθρώπινα
779 3389 908 3459 περὶ
928 3387 1093 3443 αὑτοῦ
1117 3387 1441 3455 δοξάζουσαν
1460 3431 1479 3455 ,
1492 3388 1593 3459 τῆς
1615 3390 1832 3460 ἐπαφῆς
1853 3387 2018 3444 αὐτοῦ

447 3479 752 3531 κοινωνεῖν·
794 3479 876 3533 διδ
910 3479 1011 3550 τὴν
1051 3478 1230 3533 αἰτίαν
1265 3478 1611 3551 ἀπήλεγχεν,
1649 3484 1724 3554 μὴ
1771 3483 1880 3555 γὰρ
1923 3484 2018 3538 ἀν-

444 3569 762 3641 εληλυθέναι
789 3570 943 3625 οῦπω
974 3573 1156 3644 φησὶν,
1184 3573 1306 3627 ὅσον
1334 3572 1396 3626 τὸ
1417 3573 1502 3627 ἐπ’
1535 3574 1725 3647 αὐτὴν,
1761 3576 1897 3648 πρὸς
1926 3576 2020 3631 τὸν

446 3663 665 3735 Πατέρα
682 3703 697 3729 ,
725 3663 850 3719 ἐπεὶ
882 3663 958 3737 μὴ
984 3664 1127 3718 τοῦτ’
1147 3665 1466 3721 ἐπίστευσεν
1486 3667 1767 3735 γεγονέναι
1784 3709 1799 3735 ,
1829 3669 2021 3739 νεκρὸν

445 3754 503 3809 δέ
550 3774 653 3811 που
696 3757 909 3812 κεῖσθαι
939 3757 1101 3814 αὐτὸν
1140 3756 1312 3828 ᾤετο·
1348 3757 1431 3812 διό
1463 3776 1626 3831 φησιν
1661 3761 1798 3832 πρὸς
1830 3762 2017 3833 αύτήν·

444 3849 549 3926 Μή,
568 3866 687 3918 μου
720 3848 912 3905 ἅπτου
932 3891 947 3916 ,
988 3850 1213 3921 τοιαύτη
1238 3869 1320 3914 τις
1348 3847 1484 3906 οὖσα
1517 3853 1609 3905 καὶ
1631 3851 1855 3906 τοιαῦτα
1894 3854 2020 3924 περὶ

446 3939 581 4011 ἐμοῦ
620 3938 974 4011 λογιζομένη·
1009 3941 1092 3994 σοὶ
1135 3942 1244 4014 γὰρ
1277 3941 1409 4005 Θεὸς
1436 3940 1589 3997 οὔπω
1618 3943 2015 4015 πεπίστευμαι·

446 4032 530 4089 σοι
556 4030 636 4087 ἔτι
675 4032 828 4086 κάτω
864 4028 1000 4086 εἶναι
1028 4032 1347 4103 λελόγισμαι
1366 4049 1382 4065 ·
1422 4032 1565 4089 οὕτω
1604 4033 1703 4106 τὴν
1733 4033 2022 4089 κλαίουσαν

445 4123 541 4177 καὶ
577 4123 807 4191 δόξασαν
835 4123 996 4178 αὐτὸν
1025 4119 1163 4180 εἶναι
1194 4124 1287 4178 τὸν
1309 4126 1614 4198 κηπουρὸν,
1663 4126 1751 4180 διὰ
1797 4127 1894 4197 μὲν
1925 4126 2019 4181 τοῦ

443 4212 540 4283 Μή
562 4232 683 4285 μου
703 4214 893 4271 ἅπτου
913 4215 1251 4289 ἀπέστρεφεν
1274 4217 1618 4288 ἐπιπλήττων
1638 4217 1773 4289 αὐτῇ
1793 4235 1807 4250 ·
1829 4218 1903 4282 ὡς
1927 4219 2021 4273 καὶ

443 4306 533 4361 διὰ
559 4304 655 4359 τοῦ
679 4308 913 4375 γυναῖκα
940 4306 1144 4373 καλεῖν,
1161 4307 1256 4362 καὶ
1286 4307 1375 4362 διά
1392 4307 1485 4362 τοῦ
1513 4307 1713 4377 λέγειν,
1752 4309 1814 4367 Τί
1844 4309 2019 4363 κλαι-

2117 1838 2447 1895 bumilitatis
2479 1839 2748 1895 instinctu
2774 1837 2919 1895 furto
2958 1840 3201 1895 ablatum
3232 1854 3436 1909 corpus
3460 1839 3689 1895 creden-

2118 1940 2249 1997 tem,
2273 1940 2436 2002 atque
2468 1930 2693 2003 indigna
2715 1929 2783 1986 de
2802 1931 2924 2001 ipso
2955 1931 3300 1996 sentientem,
3327 1929 3489 1987 Jesus
3511 1930 3689 2001 primo

2118 2025 2406 2080 mulierem
2436 2025 2691 2095 appellat,
2720 2024 3013 2096 increpans
3045 2031 3209 2094 atque
3241 2019 3690 2096 eXprobransle-

2119 2116 2356 2172 mineam
2406 2116 2580 2171 animi
2626 2116 3006 2188 aegritudinem
3047 2132 3063 2172 :
3118 2115 3265 2170 unde
3315 2114 3412 2179 ait,
3474 2113 3685 2176 mulier,

2118 2207 2244 2279 quid
2266 2206 2489 2276 ploras?
2512 2206 2718 2263 Deinde
2749 2207 2920 2271 addit,
2953 2204 3170 2270 Maria;
3226 2213 3285 2259 ut
3334 2205 3426 2259 illa
3470 2204 3693 2259 nomine

2119 2299 2397 2353 admonita
2428 2297 2496 2352 ad
2524 2285 2764 2353 mentem
2808 2305 3185 2359 revocaretur,
3242 2302 3406 2365 atque
3439 2305 3500 2351 ut
3547 2294 3692 2349 anti-

2119 2403 2350 2460 quarum
2374 2387 2732 2459 sponsionum
2757 2398 2872 2443 tum
2898 2388 3006 2459 ipsi
3035 2396 3151 2443 tum
3185 2387 3413 2458 reliquis
3446 2387 3692 2458 discipu-

2120 2482 2201 2538 lis.
2222 2480 2291 2536 de
2341 2480 2546 2537 Christi
2600 2479 3007 2536 resurrectione
3057 2477 3332 2534 factarum
3373 2478 3693 2533 recordare-

2120 2582 2230 2631 tur.
2263 2575 2359 2629 Illa
2389 2576 2572 2630 animo
2598 2590 2666 2630 ex
2696 2571 3043 2629 aberratione
3065 2580 3311 2643 recepto,
3348 2572 3509 2642 vique
3539 2570 3690 2625 vocis

2120 2678 2185 2719 ac
2211 2665 2501 2720 verborum
2529 2664 2715 2736 agnita
2758 2663 2994 2718 Rabboni
3042 2662 3255 2734 inquit;
3296 2676 3405 2732 qua
3448 2675 3581 2718 voce
3616 2661 3691 2718 si-

2118 2754 2408 2828 gniﬁcatur
2431 2757 2709 2826 magister.

2188 2844 2246 2900 2.
2280 2842 2404 2899 Mox
2436 2844 2505 2899 ad
2542 2844 2696 2899 illum
2743 2843 2924 2900 adhuc
2970 2851 3031 2898 ut
3076 2842 3425 2916 magistrum,
3476 2854 3586 2896 non
3632 2847 3691 2893 ut

2120 2934 2313 3003 Deum,
2345 2935 2607 2992 accedere
2633 2944 2889 3008 properat
2915 2954 2929 2992 :
2953 2951 3069 3007 qua.
3085 2935 3177 2992 ille
3207 2934 3481 3006 prohibita
3508 2938 3562 2988 et
3594 2930 3690 2986 de-

2120 3028 2309 3085 territa
2337 3028 2436 3094 ait,
2466 3025 2598 3084 Noli
2620 3045 2701 3083 me
2733 3037 2964 3099 tangere.
2995 3025 3133 3082 Nam
3168 3042 3291 3098 quae
3321 3026 3563 3081 humana
3600 3024 3691 3078 atl—

2121 3120 2227 3176 huc
2252 3120 2521 3191 sapiebat,
2566 3136 2680 3177 non
2725 3127 2845 3178 erat
2876 3120 3043 3190 digna
3087 3118 3425 3174 divinitatem
3456 3116 3575 3187 ejus
3608 3125 3691 3169 at-

2121 3213 2369 3284 tingere:
2400 3228 2579 3284 neque
2624 3227 2723 3284 par
2770 3219 2890 3268 erat
2924 3213 3101 3276 illam,
3130 3225 3252 3281 quae
3286 3209 3467 3265 adhuc
3503 3208 3685 3271 llebat,

2118 3311 2172 3361 et
2203 3302 2388 3360 Iesum
2422 3303 2634 3358 inferne
2660 3303 2718 3357 in
2745 3303 3117 3358 monumentis
3144 3302 3520 3372 sepulcrisque
3539 3317 3691 3371 qua:-

2118 3398 2293 3463 rebat,
2318 3405 2482 3468 atque
2521 3395 2799 3452 humiliter
2842 3403 2899 3452 et
2927 3393 3140 3450 inﬁrme
3163 3394 3231 3452 de
3269 3395 3361 3450 illo
3393 3393 3683 3458 sentiebat,

2118 3490 2283 3555 haud,
2323 3491 2573 3561 inquam,
2607 3504 2826 3560 aequum
2859 3497 2977 3544 erat
3011 3496 3304 3543 contactus
3332 3486 3451 3557 ejus
3471 3498 3689 3555 compo-

2119 3588 2227 3636 tem
2266 3579 2402 3636 lleri.
2452 3578 2817 3647 Quamobrem
2861 3577 3024 3635 Iesus
3072 3593 3300 3635 causam
3344 3591 3565 3649 quoque
3607 3576 3687 3630 rei

2118 3672 2315 3743 aperit,
2364 3670 2609 3727 nondum
2658 3686 2720 3727 se
2764 3670 3079 3725 ascendisse
3126 3668 3413 3740 (quantum
3461 3667 3528 3722 ad
3566 3681 3687 3722 eam

2118 3761 2422 3831 attineret}
2466 3762 2531 3817 ad
2583 3760 2800 3817 Patrem
2854 3761 3078 3828 dicens;
3128 3760 3390 3830 quoniam
3439 3758 3557 3830 ipsa
3610 3759 3688 3813 rei

2118 3867 2281 3927 gesta
2312 3854 2469 3911 [idem
2502 3853 2745 3909 nondum
2772 3853 3082 3918 adhibebat,
3116 3869 3285 3923 seque
3306 3860 3581 3909 mortuum
3601 3852 3687 3923 ja-

2118 3962 2241 4001 cere
2264 3944 2490 4016 putabat
2508 3964 2521 3998 :
2537 3944 2769 4013 ideoque
2798 3943 2895 4007 ait,
2923 3941 3052 3996 Noli
3073 3958 3153 3997 me
3174 3952 3403 4013 tangere,
3419 3958 3544 3999 cum
3561 3942 3688 3999 talis

2119 4035 2217 4101 sis,
2266 4035 2541 4104 talemque
2583 4033 2650 4088 de
2696 4047 2785 4089 me
2825 4032 3136 4103 opinionem
3183 4034 3508 4103 gerasztibi
3543 4034 3689 4089 enim

2118 4125 2262 4183 Deus
2296 4123 2541 4179 nondum
2566 4122 2786 4190 credor,
2824 4122 2920 4179 sed
2949 4123 3230 4179 terrestris
3253 4123 3431 4182 adhuc
3463 4125 3688 4180 habeor.

2121 4217 2214 4275 Sic
2258 4219 2306 4276 is
2341 4218 2672 4289 plorantem,
2735 4226 2789 4272 et
2821 4231 2942 4286 quae
2974 4216 3325 4272 hortulanum
3369 4217 3548 4288 ipsum
3578 4232 3690 4272 cre-

2118 4309 2312 4374 debat,
2348 4307 2434 4362 his
2479 4306 2681 4371 verbis,
2740 4304 2872 4360 Noli
2927 4322 3006 4360 me
3051 4315 3262 4377 tangere
3290 4307 3478 4376 rejecit
3511 4307 3692 4362 increc

443 4415 568 4466 εις;
595 4398 656 4452 τὸ
680 4397 790 4470 γὰρ
823 4398 1030 4454 κλαίειν
1060 4401 1151 4454 τὸν
1177 4398 1383 4466 ζῶντα,
1418 4400 1614 4472 μᾶλλον
1646 4400 1705 4455 δὲ
1737 4401 1835 4474 τὴν
1872 4402 2014 4474 ζωὴν

2121 4403 2339 4474 pitans:
2367 4400 2510 4455 unde
2551 4406 2606 4455 et
2656 4400 2940 4454 mulierem
2963 4401 3211 4456 eamdem
3265 4401 3543 4464 vocitavit,
3584 4402 3690 4454 ait-

446 4489 615 4560 αῦτὴν
638 4529 652 4555 ,
679 4489 915 4562 ἐσχάτης
935 4485 1003 4561 ἦν
1023 4490 1262 4562 ἀμαθίας
1281 4508 1294 4522 ·
1333 4492 1428 4547 καὶ
1452 4492 1539 4546 διά
1565 4494 1669 4563 μὲν
1685 4492 1887 4548 τούτων
1921 4495 2021 4548 ἐπ-

445 4582 706 4654 έπληττεν
734 4582 869 4653 αὐτῇ
888 4597 902 4613 ·
930 4581 1017 4636 διά
1035 4582 1092 4636 δὲ
1118 4583 1224 4639 τῶν
1240 4583 1368 4656 ἑξῆς
1389 4586 1485 4656 τὴν
1510 4584 1631 4640 καθ’
1656 4586 1844 4641 ἑαυτὸν
1867 4588 2023 4642 ἐπαίο

438 4674 595 4731 δευεν
627 4672 902 4743 θεολογίαν
921 4688 936 4704 ο
964 4675 997 4746 ή
1026 4674 1072 4727 δ’
1099 4675 1194 4729 ἐπὶ
1223 4676 1431 4741 τούτοις
1459 4677 1529 4732 τά
1569 4680 1777 4750 μεγάλα
1805 4681 2018 4752 ὠφελη-

448 4766 584 4838 μένη
598 4806 613 4830 ,
637 4766 798 4820 πάλιν
819 4767 1091 4836 ἀναχωρεῖ
1106 4765 1200 4818 τοῦ
1220 4769 1499 4839 μνήματος
1519 4788 1531 4801 ·
1558 4771 1713 4826 τοῦτο
1734 4771 1982 4847 δεύτερον
2002 4791 2015 4804 ·

443 4855 542 4912 εῑτ’
569 4855 859 4923 ἐξειποῦσα
885 4860 952 4931 τῇ
985 4857 1119 4929 ἀλλῃ
1145 4859 1333 4931 Μαρίᾳ
1356 4860 1425 4916 τὰ
1449 4860 1750 4934 τεθεαμένα
1773 4865 1923 4937 παρὰ
1943 4865 2020 4938 τῷ

456 4948 674 5021 Ἰωάννῃ
695 4988 709 5013 ,
738 4948 963 5021 ἐπανῄει
997 4951 1094 5004 σὺν
1135 4949 1305 5022 αὐτῇ·
1347 4953 1506 5007 τοῦτο
1533 4954 1746 5026 τρίτον·
1780 4957 1874 5011 καλ⁵
1913 4956 2020 5012 τῶν

442 5040 596 5112 παρά
625 5038 703 5111 τῷ
732 5040 991 5112 Ματθαίῳ
1023 5042 1508 5114 μνημονευομένων
1546 5043 1748 5117 θεωρὸς
1778 5048 2019 5116 ἐγίγνετο

442 5131 623 5184 οὐκέτι
648 5131 778 5203 μόνη
795 5172 811 5197 ,
838 5135 934 5187 σὺν
960 5133 1019 5187 δὲ
1136 5134 1297 5205 ἑτέρᾳ
1323 5135 1510 5208 Μαρίᾳ
1531 5154 1545 5167 ·
1574 5139 1667 5190 καὶ
1689 5139 1869 5193 οὐκέτι
1890 5142 2019 5193 εἴσω

441 5220 535 5275 τοῦ
558 5221 730 5292 τάφου
765 5223 1194 5297 παρακύπτουσα
1221 5227 1296 5290 ὠς
1323 5226 1471 5297 παρὰ
1501 5227 1577 5298 τῷ
1614 5230 1828 5302 Ἰωάννῃ
1852 5271 1867 5296 ,
1899 5232 2018 5287 οὐδὲ

441 5310 534 5365 δύο
584 5312 848 5383 ἀγγέλους
874 5354 889 5379 ,
942 5315 1054 5370 ἀλλ’
1092 5318 1187 5372 ἐνα
1235 5319 1371 5390 πρὸς
1417 5318 1496 5391 τῷ
1545 5320 1674 5393 λίθῳ
1711 5322 2017 5396 καθήμενον

438 5417 647 5474 ορωσα.

510 5584 578 5647 γ’.
599 5575 713 5633 Εἶτ’
735 5582 827 5634 ἐπὶ
841 5582 1048 5649 τούτοις
1065 5585 1226 5641 αὑτὸν
1244 5588 1405 5644 πάλιν
1424 5591 1513 5643 τὸν
1527 5592 1751 5665 Σωτῆρα
1770 5594 1903 5665 μετὰ
1923 5595 2015 5666 τῆς

439 5670 605 5746 ἄλλης
624 5673 843 5746 Μαρίας
864 5673 1085 5748 θεωρεῖ·
1112 5679 1265 5735 τοῦτο
1289 5681 1536 5756 δεύτερον
1558 5703 1568 5715 ·
1596 5686 1686 5739 καὶ
1709 5688 1891 5741 οὐκέτι
1918 5689 2015 5760 μὲν

2123 4510 2249 4564 que,
2282 4489 2423 4558 Quid
2449 4490 2629 4561 ploras
2645 4491 2678 4547 ?—
2699 4505 2827 4544 nam
2860 4489 3044 4559 lugere
3069 4491 3356 4557 viventem,
3375 4492 3485 4545 imo
3512 4491 3689 4561 ipsam

2121 4585 2311 4647 vitam,
2344 4589 2600 4638 extremae
2636 4588 2756 4637 erat
2811 4582 3044 4639 inscitia:
3074 4601 3086 4637 :
3117 4597 3223 4653 qua
3272 4598 3435 4654 super
3477 4598 3535 4637 re
3580 4599 3689 4637 non

2123 4676 2367 4748 pepercit
2388 4673 2776 4745 objurgationi.
2812 4672 2951 4727 Tum
2981 4675 3035 4728 in
3065 4675 3423 4744 sequentibus
3448 4673 3689 4729 divinam

2122 4768 2203 4823 illi
2237 4767 2324 4824 sui
2361 4766 2614 4821 notitiam
2662 4764 3005 4835 impertivit:
3037 4779 3159 4834 quae
3213 4765 3299 4820 his
3347 4763 3529 4819 verbis
3581 4780 3692 4817 ma-

2121 4872 2361 4930 gnopere
2409 4857 2659 4920 erudita,
2707 4855 2889 4910 denuo
2944 4855 3189 4930 deseruit
3240 4861 3689 4920 monumentum,

2122 4928 2364 5004 secundo
2395 4947 2666 5004 videlicet.
2701 4944 2838 5000 Exin
2872 4928 3113 5003 narratis
3151 4944 3335 5001 Mariae
3363 4946 3543 5011 alteri,
3570 4962 3691 5017 qua:

2122 5040 2326 5097 vidisse
2359 5055 2478 5095 eam
2522 5046 2710 5093 narrat
2749 5036 3012 5103 Joannes,
3046 5040 3176 5095 illuc
3206 5055 3329 5094 cum
3381 5039 3571 5096 eadem
3604 5055 3692 5094 re-

2120 5148 2277 5188 versa
2329 5144 2438 5195 est,
2483 5131 2648 5187 tertio
2699 5130 2990 5186 videlicet:
3026 5146 3090 5186 ac
3137 5139 3252 5186 tum
3298 5145 3513 5197 eorum,
3569 5147 3691 5200 qua:

2121 5229 2389 5278 memorat
2414 5221 2722 5285 Matthaaus,
2747 5222 3047 5292 spectatrix
3077 5220 3211 5287 fuit;
3241 5221 3517 5292 haudjam
3549 5222 3687 5287 sola,

2122 5314 2215 5371 sed
2249 5330 2375 5369 eum
2406 5315 2574 5369 altera
2609 5312 2777 5368 Maria
2806 5332 2820 5368 :
2856 5328 3032 5384 neque
3065 5313 3179 5384 jam
3214 5313 3603 5384 introspiciens
3632 5312 3685 5366 in

2121 5410 2451 5480 sepulcrum,
2485 5408 2562 5463 uti
2596 5408 2857 5464 narrabat
2896 5408 3166 5476 Joannes;
3206 5426 3380 5481 neque
3407 5410 3520 5479 jam
3549 5409 3687 5464 duos

2120 5501 2363 5571 angelos,
2394 5500 2490 5556 sed
2527 5515 2694 5554 unum
2726 5499 2894 5570 lapidi
2924 5500 3250 5557 insidentem
3290 5517 3539 5556 cernens.

2190 5593 2243 5648 5.
2284 5591 2416 5648 Post
2455 5593 2569 5647 haec
2624 5592 2805 5646 denuo
2836 5592 3001 5655 videt,
3039 5596 3241 5648 cernite
3289 5596 3456 5651 altera
3496 5592 3685 5657 Maria,

2121 5687 2299 5761 ipsum
2339 5685 2682 5743 Servatorcm
2704 5726 2718 5753 ,
2770 5686 3009 5745 secundo
3039 5687 3325 5746 videlicet:
3376 5702 3549 5759 neque
3575 5688 3687 5759 jam

3086 6096 3093 6103 ν

3222 6358 3233 6365 ι-

2302 6398 2367 6401 imi,
2524 6398 2637 6405 η’---
