4114 6472
574 333 675 391 951
1231 330 1500 388 ΕΗΞΕΒΙΙ
1537 327 2024 388 CESABIENSIS
2055 328 2199 386 OPP.

2205 373 2206 380 η
2247 325 2428 382 PARS
2464 327 2550 382 Ill.
2586 359 2657 370 —
2694 328 3112 398 EXEGE’I’JCA.
3719 331 3830 387 95!

577 453 749 514 audit,
793 451 931 508 Noli
945 469 1026 507 me
1053 461 1297 524 tangere;
1338 454 1448 509 imo
1475 453 1737 524 gaudere,
1769 455 1968 510 nedum
1992 452 2141 518 flere,
2170 459 2202 516 Α

2200 450 2458 518 ιάκούει,
2486 451 2583 521 Μή
2619 469 2740 522 μου
2781 451 2975 508 ἅπτου
2995 493 3010 518 ,
3043 451 3350 506 τούναντίον
3387 450 3442 505 δὲ
3462 450 3674 523 χαίρειν
3704 447 3825 504 ἀντὶ

573 546 645 599 ab
674 544 794 614 ipso
822 544 1086 612 jubetur:
1117 545 1250 617 quin
1292 548 1458 601 etiam
1490 547 1638 602 hunc
1665 555 1888 618 tangere
1919 547 2140 611 sinitur,

2247 545 2342 597 τοῦ
2373 543 2579 598 κλαίειν
2603 545 2696 599 ὑπ’
2731 545 2896 600 αὐτοῦ
2913 545 3204 600 ικελεύεται
3222 563 3236 576 ο
3265 543 3402 599 ἀλλά
3427 543 3523 598 καὶ
3549 540 3823 596 ἅπτεσθαι

571 647 734 704 quem
762 633 874 704 jam
911 642 973 688 ut
1022 635 1189 691 Deum
1217 637 1604 692 venerabatur.
1639 637 1732 691 Ait
1771 651 1902 705 ergo
1933 637 2022 693 bis,
2063 635 2142 692 fe-

2247 634 2412 691 αὐτοῦ
2429 639 2810 708 συγχωρεῖται,
2833 637 2954 689 ἐπεὶ
2966 636 3058 701 καὶ
3075 637 3370 708 προσκυνεῖ
3385 633 3545 687 αὐτὸν
3558 631 3636 696 ὡς
3653 629 3788 682 Θεόν
3805 644 3819 659 ·

569 725 738 782 minis
772 723 954 794 Jesus,
1005 725 1259 783 Gaudete.
1302 727 1411 783 Illae
1437 744 1566 784 vero
1595 727 1918 784 accedentes
1947 735 2140 790 tenueq
2181 754 2187 761 -

2245 727 2392 797 λέγει
2407 727 2538 797 γοῦν
2570 729 2762 793 αὑταῖς
2788 732 2816 784 ὁ
2853 729 3078 802 Ἰησοῦς,
3106 729 3348 796 Χαίρετε
3367 743 3380 755 °
3412 727 3468 780 αἱ
3497 726 3556 779 δὲ
3583 723 3821 795 προσελ-

569 825 700 872 runt
731 817 896 887 pedes
925 819 1046 889 ejus
1070 829 1134 875 et'
1153 821 1540 885 adoraverunt.
1575 819 1642 874 Et
1667 834 1794 876 vera
1816 820 1984 892 igitur
2007 835 2138 878 nar-

2246 817 2433 873 θοῦσαι
2451 861 2466 886 ,
2501 821 2808 893 ἐκράτησαν
2839 819 3006 887 αὐτοῦ
3027 821 3152 883 τοὺς
3180 818 3344 882 πόδας
3368 818 3460 870 καὶ
3482 811 3822 888 προσεκύνη-

571 919 694 963 rant
743 926 901 966 sacra
954 911 1270 982 Evangelia,
1316 922 1372 968 et
1405 913 1554 968 nulla
1601 914 1656 967 in
1707 921 1863 984 parte
1907 912 2051 968 inter
2077 927 2138 968 se

2245 930 2344 966 σαν
2371 912 2519 984 αὐτῷ
2541 931 2554 944 ·
2582 912 2676 967 καὶ
2703 913 2875 977 οὕτως
2914 914 3032 983 ἅμα
3059 910 3310 982 ἀληθεύει
3335 909 3402 961 τὰ
3425 906 3549 980 ἱερά
3573 902 3821 973 Εὐαγγέ-

567 1009 818 1072 pugnant
845 1021 859 1056 :
893 1019 1205 1074 quanquam
1235 1006 1480 1060 eamdem
1513 1003 1738 1064 Mariam
1767 1004 2136 1075 Magdalenam

2242 1004 2363 1068 λια,
2408 1004 2529 1071 κατ’
2564 1006 2748 1063 οὐδένα
2786 1005 2943 1075 λόγον
2977 990 3374 1074 διαφωνοῦνταο
3413 998 3510 1071 τὴν
3551 996 3724 1067 αὐτὴν
3760 993 3819 1049 δὲ

565 1093 922 1154 introducunt
959 1103 1014 1151 et
1054 1112 1161 1152 non
1204 1104 1510 1166 tangentem
1551 1097 1725 1166 primo
1767 1095 2132 1159 Servatorem,

2240 1096 2459 1170 Μαρίαν
2478 1096 2576 1168 τὴν
2595 1095 2959 1170 Μαγδαληνὴν
2980 1097 3266 1165 εἰσάγοντα
3285 1093 3378 1159 καὶ
3403 1091 3478 1164 μὴ
3501 1087 3819 1158 ἁπτομένην

563 1186 693 1242 dum
728 1185 916 1252 flebat,
964 1201 1190 1261 eratque
1237 1188 1539 1251 incredula,
1586 1197 1641 1243 et
1669 1203 1790 1243 eum
1821 1194 2131 1257 tangentem

2240 1189 2501 1263 πρότερον
2528 1187 2624 1243 τοῦ
2658 1178 2949 1261 Σωτῆροςί
2989 1190 3078 1243 ὅτε
3106 1188 3287 1242 ἔκλαιε
3313 1187 3407 1247 καὶ
3439 1183 3657 1253 ἠπίστει
3677 1196 3690 1210 ⁸
3718 1177 3817 1234 καὶ

559 1285 849 1348 postquam
882 1280 1116 1351 gaudere
1153 1281 1308 1349 jussa
1350 1289 1455 1336 est.
1499 1276 1617 1334 Jam
1647 1281 1828 1352 priera
1857 1293 1980 1336 esse
2014 1281 2134 1334 exi-

2238 1281 2552 1353 ἀπτομένην
2579 1281 2743 1335 αὐτοῦ
2766 1323 2782 1347 ,
2824 1282 2912 1335 ὅτε
2941 1281 3159 1352 χαίρειν
3181 1276 3459 1338 ἐκελεύετο
3480 1291 3493 1304 ·
3529 1270 3725 1343 πρῶτα
3757 1268 3815 1320 δὲ

560 1369 834 1424 stimanda
879 1387 1000 1440 quae
1045 1379 1173 1426 sunt
1225 1372 1366 1441 apud
1409 1370 1673 1428 Joannem
1717 1373 1786 1428 iis
1828 1388 1949 1443 qua:
1987 1370 2131 1440 apud

2236 1374 2488 1444 ἡγεῖσθαι
2518 1375 2588 1428 τὰ
2619 1374 2768 1446 παρὰ
2809 1373 2890 1445 τῷ
2935 1373 3153 1444 Ἰωάννῃ
3183 1371 3486 1442 δηλούμενα
3515 1365 3625 1418 τῶν
3658 1360 3815 1433 παρά

560 1457 894 1522 Μειιιιαξιιιη.
922 1461 976 1515 in
1005 1461 1297 1533 disputatis
1326 1468 1475 1516 retro
1502 1462 1801 1518 secundum
1838 1461 2128 1534 quamdam

2233 1465 2313 1536 τῷ
2339 1465 2603 1538 Ματθαίῳ
2637 1467 2984 1540 φερομένων,
3015 1465 3110 1518 καὶ
3139 1462 3227 1516 διὰ
3251 1460 3356 1515 τῶν
3380 1456 3683 1530 ἔμπροσθεν
3712 1469 3820 1523 ’τε-ν

543 1556 974 1624 explicationem
1002 1557 1501 1626 comprobavimus,
1533 1557 1662 1611 dum
1693 1556 2126 1623 ostenderemus,

2233 1558 2628 1628 γυμνασμένων
2654 1559 2785 1628 ἡμῖν
2812 1555 2957 1622 κατὰ
2981 1555 3110 1627 μίαν
3133 1554 3239 1607 τῶν
3269 1550 3503 1621 ὲκδοχῶν
3526 1547 3808 1620 παρεστή-

557 1645 651 1699 ubi
686 1645 889 1700 dicitur
919 1645 1060 1720 apud
1094 1645 1405 1703 Mattbaeum
1439 1664 1556 1701 sero
1602 1645 1979 1711 Sabbatorum,
2016 1660 2126 1699 non

2235 1665 2406 1719 σαμεν
2427 1689 2441 1712 ,
2492 1648 2921 1719 διασαφήσαντες
2952 1648 3099 1710 ὅπως
3129 1645 3343 1718 εἴρηται
3373 1640 3523 1713 παρά
3553 1638 3630 1710 τῷ
3659 1639 3813 1694 Ματ-

553 1738 920 1807 vespertinam
970 1738 1162 1793 horam
1208 1737 1501 1808 significari
1549 1738 1618 1790 ab
1645 1735 1999 1808 evangelista,
2029 1735 2122 1791 sed

2233 1739 2369 1810 θαέῳ
2400 1741 2460 1794 τὸ
2492 1741 2607 1808 ὀψὲ
2632 1739 2982 1804 Σαϐϐάτων,
3014 1739 3074 1793 οὐ
3100 1737 3198 1810 τὴν
3236 1733 3522 1805 ἑσπερινὴν
3541 1732 3690 1803 ὥραν
3712 1730 3779 1800 δη

552 1838 770 1901 tempus
799 1832 1125 1886 illucescens
1157 1831 1210 1885 in
1238 1847 1400 1885 unam
1438 1829 1824 1885 Sabbatorum.
1865 1829 1993 1883 Erat
2025 1845 2122 1883 au-
2151 1818 2177 1872 Ι

2184 1822 2197 1871 ἶ
2227 1831 2443 1894 λοῦντος
2460 1831 2553 1884 τοῦ
2575 1830 2959 1901 εὐαγγελιστοῦ
2981 1870 2996 1894 ,
3033 1829 3170 1883 ἀλλά
3189 1830 3281 1882 τὸν
3301 1824 3704 1894 ὲπιφαὺσκοντα
3724 1822 3809 1882 είς

550 1929 659 1986 tem
698 1923 798 1976 hoc
833 1933 1046 1993 tempus
1076 1926 1346 1992 posterius
1382 1923 1496 1987 illo,
1525 1921 1593 1976 de
1633 1937 1742 1992 quo
1768 1921 2009 1977 Joannes
2048 1922 2127 1975 lo-

2229 1924 2356 1994 μίαν
2399 1922 2721 1977 Σαϐϐάτων·
2764 1918 2833 1994 ἦν
2864 1922 2908 1974 δ’
2948 1916 3102 1986 οὗτος
3132 1920 3381 1990 δεύτερος
3412 1915 3505 1970 τοῦ
3540 1911 3693 1986 παρά
3724 1911 3814 1982 τῷ.

552 2015 759 2085 quitur.
811 2015 988 2084 Atque
1036 2015 1152 2070 haec
1203 2016 1346 2070 dicta
1403 2024 1588 2077 sunto,
1641 2015 1684 2068 si
1729 2014 1855 2084 quis
1901 2014 2123 2068 omnino

2237 2017 2457 2088 Ἰωάννῃ
2478 2016 2867 2087 δεδηλωμένου.
2902 2015 3012 2069 Καὶ
3032 2014 3204 2068 ταῦτα
3229 2015 3324 2085 μὲν
3348 2009 3585 2084 εἰρήσθω
3601 2049 3618 2073 ,
3641 2006 3805 2077 εἴπερ

549 2108 795 2162 eamdem
821 2107 1048 2161 Mariam
1075 2108 1218 2177 apud
1240 2115 1529 2177 utrumque
1553 2106 1941 2177 evangelistam
1958 2104 2124 2164 Joan-

2221 2125 2304 2172 τις
2335 2108 2393 2174 ἐξ
2425 2109 2662 2171 ἅπαντος
2694 2107 2792 2179 τὴν
2826 2107 2995 2178 αὐτὴν
3032 2103 3170 2160 εἶναι
3211 2105 3427 2177 Μαρίαν
3457 2102 3585 2172 παρ’
3615 2100 3801 2169 ἀμφο-

548 2211 671 2262 nem
699 2205 862 2268 atque
887 2196 1200 2252 Mattlueum
1229 2213 1349 2253 esse
1379 2196 1696 2252 contendat.

2219 2198 2397 2271 τέροις
2435 2203 2548 2262 τοῖς
2590 2199 2996 2268 εὐαγγελισταῖς
3051 2198 3272 2270 Ἰωάννῃ
3307 2214 3366 2250 τε
3410 2197 3502 2256 καὶ
3533 2192 3803 2262 Ματθαίῳ

2217 2292 2394 2364 διῖσχυ
2403 2292 2618 2368 ρίζοιτο.

613 2380 668 2434 4.
714 2376 811 2433 Sin
859 2392 988 2432 vero
1027 2377 1360 2432 concedatur
1391 2391 1500 2430 non
1542 2375 1789 2430 eamdem
1825 2389 1967 2434 esse,
2019 2373 2114 2428 sed

2285 2385 2356 2440 δ’.
2393 2386 2456 2438 Et
2477 2385 2535 2441 δὲ
2561 2385 2936 2458 συγχωρηθείη
2964 2385 3024 2438 τὸ
3051 2385 3124 2456 μὴ
3158 2384 3257 2456 τήν
3281 2384 3452 2453 αὐτὴν
3470 2377 3608 2434 εἶναι
3628 2419 3644 2444 ,
3673 2378 3801 2432 ἑτέ-

542 2471 706 2531 aliam
753 2485 875 2540 qua:
921 2485 1046 2526 sero
1096 2468 1482 2532 Sabbatorum,
1525 2468 1726 2521 comite
1779 2466 1883 2519 alia
1923 2465 2111 2529 Maria,

2216 2494 2319 2549 ραν
2357 2477 2414 2530 δὲ
2457 2476 2556 2547 τὴν
2595 2477 2689 2546 ὀψὲ
2721 2475 3014 2529 Σαϐϐάτων
3047 2473 3190 2528 κατά
3218 2474 3309 2526 τὸν
3339 2473 3615 2526 Ματθαῖον
3654 2467 3797 2541 μετά

542 2561 694 2617 venit
722 2559 790 2615 ad
838 2567 1291 2625 monumentum;
1325 2557 1486 2612 aliam
1520 2571 1642 2627 qua:
1679 2557 1821 2625 apud
1848 2553 2110 2610 Joannem

2210 2568 2312 2637 τῆς
2331 2566 2497 2639 ἄλλης
2519 2567 2739 2639 Μαρίας
2762 2568 3180 2638 ἀπαντήσασαν,
3210 2566 3304 2620 καὶ
3328 2564 3493 2634 ἀλλην
3517 2561 3616 2634 τὴν
3641 2559 3800 2633 παρά

542 2666 705 2708 mane
729 2667 837 2705 una
871 2650 1256 2713 Sabbatorum,
1285 2649 1412 2703 dum
1445 2648 1624 2702 adhuc
1647 2647 1884 2702 tenebrae
1902 2655 2108 2711 essent,

2209 2657 2287 2729 τῷ
2337 2658 2559 2732 Ἰωάννῃ
2603 2657 2748 2729 πρωῒ
2791 2661 2854 2730 τῇ
2889 2661 2986 2730 μιᾷ
3029 2657 3138 2712 τῶν
3170 2657 3482 2722 Σαὸδάτων,
3513 2653 3595 2708 ἔτι
3626 2651 3801 2724 οῠσης

541 2743 658 2798 sola
687 2742 755 2797 ad
796 2743 938 2798 idem
971 2747 1386 2796 monumentum
1416 2739 1684 2802 accessit;
1726 2739 1905 2793 omnis
1937 2739 2110 2793 ambi-

2212 2747 2453 2812 σκοτίας,
2493 2746 2662 2818 μόνην
2685 2746 2946 2801 ἐλθοῦσαν
2987 2747 3081 2810 ἐπὶ
3109 2747 3170 2799 τὸ
3197 2747 3486 2818 μνημεῖον,
3516 2745 3667 2797 πᾶσα
3695 2743 3801 2797 λυ-.

540 2832 722 2900 guitas
776 2831 1153 2902 dissipabitur.
1199 2831 1471 2886 Nimirum
1528 2831 1765 2900 priores,
1819 2845 1940 2899 quae
1985 2845 2108 2884 sero

2209 2837 2326 2908 θείη
2353 2837 2418 2892 ἂν
2437 2837 2735 2910 ἀμφιϐολία
2751 2855 2764 2869 ο
2790 2839 2852 2891 τὸ
2878 2838 2976 2903 τὰς
3009 2840 3107 2909 μὲν
3131 2837 3353 2910 πρώτας
3375 2835 3472 2906 ὀψὲ
3493 2834 3793 2889 Σαδδάτων

540 2922 903 2978 Sabbatorum
951 2931 1238 2987 venerunt,
1283 2931 1507 2992 propter
1555 2936 1709 2975 suam
1763 2921 2105 2976 sedulitatem

2207 2930 2563 3002 ἀφικομένας,
2585 2930 2682 2986 ἅτε
2715 2930 3138 3002 σπουδαιοτέρας
3162 2930 3257 2984 καὶ
3276 2928 3597 3000 πιστοτέρας
3617 2927 3797 2998 ὑπαρ-

539 3027 702 3087 atque
731 3017 1135 3079 credulitatem,
1161 3015 1348 3086 jussas
1390 3013 1513 3070 eSse
1543 3030 1572 3067 a
1598 3013 1818 3068 Christo
1848 3012 2108 3083 gaudere,

2206 3022 2402 3093 χούσας
2417 3062 2431 3088 ,
2451 3023 2626 3077 καὶτὸ
2646 3025 2856 3096 χαίρειν
2877 3023 3026 3096 παρὰ
3047 3023 3138 3078 τοῦ
3162 3023 3411 3094 Σωτῆρος
3426 3019 3674 3083 ἀκοῦσαι,
3695 3019 3797 3073 καὶ

537 3125 769 3178 eumque
813 3109 1149 3172 adoravisse,
1202 3107 1432 3177 ejusnne
1478 3107 1644 3176 pedes
1690 3115 1876 3160 tenere
1908 3106 2102 3175 dignas
2130 3165 2162 3187 η

2168 3168 2171 3183 _
2205 3116 2599 3186 προσκυνῆσαι,
2621 3117 2854 3180 καὶτοὺς
2875 3116 3042 3180 πόδας
3057 3114 3222 3170 αὐτοῦ
3243 3114 3512 3187 κρατῆσαι
3528 3111 3793 3176 καταξιω-

537 3199 728 3256 fuisse.
763 3198 912 3254 Illam
934 3216 1066 3255 vero
1097 3200 1239 3270 apud
1261 3198 1526 3252 Joannem
1551 3196 1795 3263 Mariam,
1830 3197 2100 3252 diversam
2129 3165 2162 3222 ε

2168 3168 2172 3219 ⁵
2205 3165 2392 3276 θήναιο
2417 3165 2866 3280 agitagit};
2885 3165 3376 3281 "aggerata
3391 3165 3590 3275 ἑτερέιρ
3619 3165 3793 3266 οδὲςαν,

536 3308 565 3342 a
608 3291 1010 3361 superioribus,
1061 3291 1262 3353 serius,
1314 3304 1474 3344 mane
1515 3288 1791 3356 videlicet,
1841 3305 2104 3360 superve-

2201 3298 2332 3369 παρ’
2355 3297 2566 3362 ὲκείνας
2589 3297 2803 3369 βράδιον
2828 3298 2924 3369 μὲν
2946 3296 3323 3368 ἀπηντηκέναι
3340 3296 3436 3350 καὶ
3458 3294 3604 3366 πρωϊ
3620 3311 3632 3324 ·
3652 3293 3788 3348 ταύ-

535 3385 703 3438 ιιίεεθ.
753 3382 1010 3438 Eamdem
1060 3383 1202 3437 hanc
1240 3398 1364 3438 esse
1399 3383 1542 3452 apud
1579 3381 1842 3446 Marcum,
1889 3383 1956 3437 de
1997 3397 2102 3452 qua

2199 3407 2300 3460 την
2322 3390 2367 3443 δ’
2396 3390 2564 3462 αὐτὴν
2580 3387 2716 3444 εἶναι
2739 3390 2879 3444 κατὰ
2898 3391 2990 3443 τὸν
3013 3389 3239 3461 Μάρκον
3257 3388 3348 3458 ἀφ’
3367 3382 3435 3460 ἧς
3464 3385 3793 3457 ἐκϐεϐλήκει

533 3484 738 3542 septem
769 3474 1034 3528 daamonia
1067 3475 1242 3543 ejecta
1275 3473 1492 3528 fuerant
1520 3493 1532 3528 :
1559 3490 1788 3545 quaeque
1814 3475 2106 3531 vehemen-

2201 3482 2342 3536 ἑπτὰ
2372 3481 2624 3553 δαιμόνια
2645 3500 2659 3514 '
2680 3483 2885 3555 σφόδρα
2900 3482 3072 3553 δὲτὴν
3087 3480 3264 3551 ψυχὴν
3279 3479 3674 3551 τεθορυὸἧσθαι
3693 3480 3787 3531 καὶ

532 3567 616 3618 ter
647 3563 831 3618 animo
874 3565 1163 3634 perterrita
1205 3563 1390 3632 fuerit,
1435 3573 1490 3620 et
1528 3567 1691 3635 paulo
1725 3565 2099 3635 incredulior;

2200 3573 2560 3646 ἀπιστοτέραν
2582 3568 2717 3627 εἶναι
2738 3573 2813 3637 ὡς
2836 3571 3077 3625 ἑστῶσαν
3097 3570 3301 3625 κλαίειν
3320 3609 3334 3633 ,
3358 3569 3452 3621 καὶ
3476 3564 3789 3638 ὑπολαμϐά-

531 3653 762 3723 ideoque
805 3661 1081 3710 manserat
1107 3654 1179 3708 ibi
1233 3653 1390 3719 ﬂens,
1427 3663 1482 3710 et
1535 3655 1824 3726 suspicans
1865 3673 1933 3712 ne
1962 3656 2103 3712 forte

2200 3681 2311 3719 νειν
2341 3664 2687 3737 ὑφαιρεῖσθαι
2712 3664 2805 3718 τοῦ
2832 3663 3098 3735 μνημείου
3117 3661 3178 3715 τὸ
3203 3661 3364 3732 σῶμα
3387 3658 3483 3713 τοῦ
3508 3659 3783 3730 Σωτῆρος,

532 3741 845 3800 Servatoris
870 3759 1069 3814 corpus
1094 3743 1161 3800 de
1190 3745 1443 3816 sepulcro
1465 3744 1660 3801 fuisset
1689 3746 1986 3811 sublatum,
2019 3753 2102 3800 at-

2205 3756 2300 3810 καὶ
2325 3759 2382 3810 ὲν
2416 3757 2577 3830 ἑτέρᾳ
2608 3755 2992 3828 μετενηνέχθαι
3016 3758 3116 3826 γῇ·
3157 3753 3298 3807 οὕτω
3328 3753 3386 3806 δὲ
3415 3750 3717 3821 συγκέχυτο
3745 3752 3780 3820 ή

528 3852 637 3906 que
663 3836 714 3890 in
749 3836 883 3890 alias
914 3846 1088 3892 terras
1122 3835 1399 3893 abactum.
1440 3836 1616 3908 Atque
1648 3837 1785 3892 adeo
1815 3839 2099 3907 perturba-

2199 3849 2346 3922 ψυχὴ
2371 3849 2506 3921 αὐτῇ
2531 3889 2546 3913 ,
2583 3849 2658 3912 ώς
2686 3848 2822 3920 μηδὲ
2854 3849 2980 3912 τοὺς
3000 3847 3091 3900 δύο
3110 3845 3374 3915 ἀγγέλους
3394 3845 3518 3907 τοὺς
3535 3843 3668 3896 εἵσω
3687 3841 3785 3895 τοῦ

530 3939 620 3983 tus
648 3927 828 3984 fuerat
866 3928 943 3982 illi
982 3929 1219 3995 animus,
1253 3937 1409 3984 utne
1442 3929 1668 4000 angelos
1696 3929 1915 4001 quidem
1954 3931 2096 3984 intra

2205 3943 2486 4012 μνήματος
2515 3940 2780 4010 ὀφθέντας
2812 3940 2948 4010 αὐτῇ
2980 3937 3416 4008 καταπλαγῆναι,
3445 3933 3578 4006 μηδὲ
3618 3931 3785 3986 αὑτὸν

528 4020 838 4088 sepulcrum
911 4022 1059 4076 visos
1115 4036 1444 4093 magnopere
1507 4022 1859 4092 suspexerit,
1921 4038 2096 4092 neque

2202 4033 2466 4105 γνωρίσαι
2484 4033 2716 4102 ὀφθέντα
2743 4033 2879 4104 αὐτῇ
2895 4032 2985 4086 τὸν
3008 4033 3235 4104 Σωτῆρα
3252 4072 3268 4097 ,
3293 4029 3509 4102 νομίσαι
3532 4027 3592 4082 δὲ
3617 4025 3789 4093 αὑτὸν

525 4107 704 4177 ipsum
749 4111 925 4166 oculis
975 4111 1216 4165 oblatum
1265 4109 1606 4167 Servatorem
1651 4112 1955 4183 agnoverit,
2000 4111 2095 4168 sed

1402 4119 1606 4166 atorem
1651 4112 1955 4183 agnoverit,
2000 4111 2095 4168 sed
2207 4120 2348 4179 εἶναι
2374 4125 2464 4178 τὸν
2489 4124 2765 4196 κηπουρὸν
2793 4122 3023 4195 (ὅθ-57).

524 4200 710 4273 potius
741 4201 1090 4268 hortulanum
1116 4219 1240 4258 esse
1261 4204 1550 4274 putaverit.

1259 4317 1352 4373 IV.
2941 4325 3022 4376 A'.

696 4431 770 4486 De
795 4433 1034 4500 sepulcro
1062 4441 1112 4487 et
1142 4431 1206 4486 de
1235 4433 1586 4501 repugnantia
1616 4441 1916 4501 apparente.
2251 4437 2321 4489 Πε

2251 4434 2392 4502 Περὶ
2419 4432 2528 4487 τοῦ
2560 4432 2752 4502 τάφου
2779 4433 2876 4485 καὶ
2907 4430 3020 4501 τῆς
3046 4432 3349 4499 δοκούσης
3380 4431 3725 4500 διαφωνίας.

595 4545 883 4614 Quomodo
915 4548 1060 4618 apud
1109 4546 1418 4603 Mattbaeum
1468 4547 1636 4602 Maria
1674 4545 1986 4616 Magdalena
2018 4547 2094 4602 si-
2125 4515 2170 4569 θ

2155 4517 2170 4566 ’
2268 4547 2393 4610 Πῶς
2424 4546 2576 4617 παρὰ
2605 4545 2682 4617 τῷ
2704 4546 2969 4616 Ματθαίῳ
2998 4547 3031 4616 ὴ
3061 4545 3393 4618 Μαγδαληνὴ
3424 4547 3612 4618 Μαρία
3636 4547 3780 4618 μετά

521 4640 636 4703 ιηιή
669 4655 794 4694 cum
828 4640 998 4694 altera
1034 4638 1204 4693 Maria
1233 4648 1389 4695 extra
1431 4646 1850 4694 monumentum
1891 4638 2092 4692 viderit

2197 4639 2297 4709 τῆς
2322 4638 2488 4710 ἄλλης
2510 4639 2726 4712 Μαρίας
2745 4638 2849 4703 ἔξω
2871 4636 2965 4692 τοῦ
2995 4638 3275 4709 μνήματος
3300 4637 3541 4710 ἑώρακεν
3565 4639 3656 4692 τὸν
3679 4639 3777 4692 ἕνα

519 4747 687 4786 unum
734 4732 986 4802 angelum
1032 4731 1358 4788 insidentem
1410 4730 1573 4801 lapidi
1622 4731 1984 4784 monumenti.
2023 4727 2089 4782 Et

2196 4729 2424 4798 ἄγγελον
2444 4717 2844 4801 ἐπικαθήμενον
2861 4729 2938 4801 τῷ
2952 4727 3086 4800 λίθῳ
3102 4727 3196 4781 τοῦ
3216 4730 3490 4800 μνήματος
3506 4746 3520 4760 ο
3540 4730 3632 4784 καὶ
3656 4730 3777 4794 πῶς

515 4826 815 4894 quomodo,
872 4825 1173 4880 secundum
1219 4823 1508 4888 Joannem,
1562 4824 1706 4877 intra
1764 4837 2090 4877 monumen-

2199 4822 2338 4876 κατά
2362 4823 2452 4876 τὸν
2496 4821 2748 4893 Ἰωάννην
2784 4821 2914 4874 εἵσω
2954 4818 3047 4872 τοῦ
3079 4820 3354 4891 μνήματος
3386 4819 3651 4888 ἀγγέλους
3677 4819 3784 4885 δύο,

517 4926 634 4976 tum
667 4917 890 4988 angelos
929 4916 1068 4971 duos
1108 4915 1439 4986 spectaverit
1470 4914 1723 4970 sedentes
1767 4912 1934 4967 Maria
1973 4911 2088 4966 Ma-

2195 4914 2388 4985 θεωρεί
2415 4913 2807 4986 καθημένουςή
2837 4910 3166 4983 Μαγδαληνὴ
3187 4913 3400 4984 Μαρία’
3428 4911 3570 4968 κατά
3599 4911 3656 4966 δὲ
3679 4913 3771 4966 τὸν

516 5011 768 5082 gdalena,
805 5010 1107 5066 secundum
1127 4997 1330 5063 °autem
1365 5007 1589 5066 Lucam.
1625 5006 1736 5061 duo
1761 5006 1862 5060 viri
1896 5005 2085 5060 astite-

2193 5007 2405 5060 Λουκᾶν
2433 5006 2526 5060 δύο
2549 5005 2736 5078 ἄνδρες
2760 5004 3066 5078 ἐπέστησαν
3095 5007 3214 5068 ταῖς
3242 5002 3484 5074 γυναιξίν
3502 5021 3516 5035 ο
3546 5004 3688 5058 κατά
3710 5005 3775 5060 δὲ

512 5104 626 5160 rint
653 5103 998 5160 mulieribus.
1027 5101 1272 5173 Denique
1317 5099 1621 5157 secundum
1663 5098 1905 5154 Marcum
1930 5099 2086 5168 juvco

2192 5098 2282 5156 τὸν
2306 5100 2545 5170 Μάρκον,
2559 5098 2839 5162 νεανίσκος
2863 5092 2931 5168 ἦν
2964 5099 3152 5161 αὐταῖς
3177 5099 3206 5151 ὁ
3225 5095 3499 5169 ὁρώμενος
3523 5096 3770 5168 καθήμε-

512 5196 601 5250 nis
636 5196 691 5249 in
727 5195 924 5251 dextro
955 5195 1202 5251 residens
1241 5195 1581 5252 monumenti
1632 5193 1803 5247 latere
1836 5192 1988 5247 visus
2014 5192 2087 5244 sit

2193 5209 2281 5253 νος
2302 5192 2357 5243 ἐν
2384 5194 2492 5255 τοῖς
2519 5189 2708 5255 deﬁci;
2729 5189 2823 5244 τοῦ
2849 5207 2952 5262 μνη
2963 5189 3113 5259 μείου
3140 5191 3206 5260 τῇ
3227 5187 3557 5260 Μαγδαληνῇ
3578 5187 3770 5259 Μαρίᾳ

513 5285 696 5342 Mariae
728 5287 1061 5358 Magdalena:
1087 5300 1143 5345 et
1173 5288 1354 5344 Mariae
1387 5287 1578 5343 Jacobi
1611 5295 1665 5342 et
1699 5284 1949 5340 Salomaa.

1576 5334 1578 5340 .
1611 5295 1665 5342 et
1699 5284 1949 5340 Salomaa.
2193 5286 2288 5338 καὶ
2318 5286 2506 5356 Μαρίᾳ
2542 5283 2799 5354 Ἰακώβου
2828 5284 2920 5337 καὶ
2949 5281 3201 5356 Σαλώμῃ.

580 5379 635 5434 1.
677 5379 868 5434 Priora
917 5389 1047 5438 sunt
1075 5398 1200 5453 qua;
1240 5393 1429 5437 narrat
1478 5381 1798 5436 Mattheus:
1832 5396 2003 5452 quare
2029 5389 2082 5435 et

2261 5384 2342 5432 α’.
2381 5375 2461 5429 Τὰ
2505 5375 2604 5446 μὲν
2635 5372 2788 5444 παρά
2816 5372 2893 5443 τῷ
2921 5370 3184 5441 Ματθαίῳ
3216 5368 3610 5443 προηγοῦνταιο
3642 5368 3771 5422 ὅθεν

510 5465 633 5522 duae
661 5466 847 5524 Maria:
871 5469 1126 5524 viderunt
1151 5473 1400 5542 angelum
1430 5472 1524 5541 qui
1555 5487 1726 5540 nuper
1760 5472 1887 5526 illuc
1914 5486 2081 5526 vene-

2192 5469 2285 5520 καὶ
2317 5470 2372 5522 αἱ
2407 5467 2500 5521 δύο
2530 5466 2737 5538 Μαρίαι
2786 5463 2911 5536 ἄρτι
2955 5463 3046 5516 τὸν
3079 5461 3309 5553 ἄγγελον
3341 5459 3640 5519 ἐπιστάντα
3670 5459 3766 5513 καὶ

505 5565 597 5612 rat
650 5559 994 5632 lapidemque
1046 5563 1369 5617 revolverat.
1426 5561 1744 5633 Sequuntur
1798 5562 1889 5622 illa
1933 5561 2075 5632 apud

2185 5561 2276 5614 τὸν
2321 5559 2468 5618 λίθον
2508 5551 2910 5614 ἀποκυλίσαντα
2943 5556 3266 5611 ἐθεάσαντοο
3293 5549 3380 5608 ’τά
3414 5552 3472 5608 δὲ
3505 5549 3658 5623 παρά
3683 5550 3764 5620 τῷ

576 5713 811 5788 (δι-5η
829 5715 1199 5788 ρυαιδιὶοιιοιιι
1228 5717 1294 5770 de
1314 5717 1480 5772 Maria
1504 5719 1572 5772 ad
1592 5716 1802 5771 Domini
1827 5716 1989 5788 pedes
2009 5716 2325 5788 procidente
2357 5715 2621 5772 exscribit
2641 5715 2724 5771 vel
2749 5713 2992 5769 imitatur
3020 5711 3382 5783 Hieronymus
3409 5711 3566 5780 epist.
3595 5703 3760 5774 59,4.

514 5801 618 5843 nec
647 5800 757 5839 non
783 5784 1014 5842 Pbotius
1043 5788 1201 5857 epist.
1231 5787 1355 5841 157.
