4114 6472
620 374 727 429 955

1334 372 1602 429 EUSEBII
1636 374 2119 432 CAESARIENSIS
2155 372 2306 432 OPP.
2348 375 2531 432 PARS
2571 377 2655 432 ΙΙΙ.
2688 407 2755 418 --
2792 374 3202 432 EXEGETICA.
3231 373 3240 387 '

3766 375 3875 431 936

619 495 756 556 sole,
795 511 825 548 a
851 495 1056 562 juvene
1078 494 1262 552 oblato
1290 496 1612 552 mulieribus
1648 497 1830 553 Maria:
1863 497 2174 568 Magdalena

2273 549 2274 552 η
2297 497 2576 560 νεανίσκος
2594 499 2622 550 ὁ
2645 495 2826 564 ὀφθεὶς
2848 499 2970 560 ταῖς
2991 494 3233 565 γυναιξὶν
3253 498 3318 566 τῇ
3341 494 3526 566 Μαρίᾳ
3549 497 3616 566 τῇ
3648 494 3877 562 M176:-

617 593 672 637 et
710 583 895 640 Mariae
925 583 1115 642 Jacobi
1159 597 1213 643 et
1253 587 1506 654 Salomze,
1537 605 1660 660 quae
1697 605 1822 644 cum
1859 590 2193 646 aromatibus

617 684 904 742 venerant,
956 679 1041 733 hae
1103 679 1237 750 ipsa
1293 683 1682 739 audieruntzr
1720 682 1902 738 Nolite
1961 698 2195 752 expave-

617 782 805 836 scere;
851 766 1040 824 Jesum
1095 774 1344 841 quaeritis
1401 775 1741 833 Nazarenum
1795 777 2137 833 cruciﬁxum.
2169 797 2189 831 ι

619 856 780 914 Μεάῆ
812 871 993 917 autem
1029 873 1160 919 sunt
1188 867 1365 938 angeli
1397 868 1498 933 illi,
1537 869 1632 939 qui
1666 870 1811 940 apud
1841 869 2105 926 Joannem
2141 879 2195 926 et

616 947 824 1006 Lucam
858 963 1120 1024 apparent
1166 973 1263 1026 per
1301 959 1588 1014 intervalla
1622 961 1963 1032 singillatim.
2012 962 2195 1034 Appa-

619 1045 730 1100 ruit
781 1047 928 1102 enim
975 1064 1101 1104 sero
1152 1047 1518 1106 Sabbatorum
1565 1053 1793 1122 angelus
1843 1068 1985 1108 unus
2035 1062 2192 1108 extra

614 1146 1065 1208 monumentum;
1106 1151 1228 1212 post
1261 1159 1422 1213 quem
1455 1145 1572 1214 ipse
1604 1143 1882 1200 Servator.
1909 1145 2066 1200 Mane
2099 1163 2193 1202 au-

613 1236 727 1286 tem
751 1231 863 1301 jam
889 1231 1096 1300 adulto,
1123 1235 1218 1289 alii
1246 1235 1354 1291 duo
1377 1236 1520 1307 apud
1545 1236 1749 1293 Lucam
1779 1238 1880 1293 viri
1908 1239 2188 1310 appellati,

612 1319 765 1375 haud
793 1321 937 1375 intra
983 1333 1400 1380 monumentum
1441 1326 1568 1382 visi.
1617 1325 1907 1384 Extremus
1946 1329 2190 1384 omnium

613 1411 707 1467 ille
738 1411 1000 1482 juvenis;
1031 1424 1086 1470 et
1125 1425 1252 1473 ante
1293 1418 1463 1483 hunc,
1511 1435 1612 1475 nec
1654 1436 1774 1475 non
1807 1429 1936 1476 ante
1975 1421 2126 1478 viros
2157 1437 2194 1478 a

612 1501 765 1559 Luca
797 1515 1153 1573 memoratos,
1190 1511 1300 1564 duo
1326 1510 1405 1565 illi
1435 1511 1583 1565 intra
1607 1521 2048 1570 monumentum.

686 1594 739 1648 3.
781 1591 960 1650 Lucas
1007 1597 1083 1652 ait
1135 1614 1242 1653 una
1286 1597 1652 1656 Sabbatorum
1701 1617 1860 1658 mane
1898 1604 2190 1674 perspicuo

611 1681 810 1738 tulisse
841 1693 1088 1738 aromata
1113 1686 1368 1744 mulieres
1396 1687 1556 1757 duas,
1597 1705 1718 1760 quae
1743 1699 1946 1747 secutae
1975 1691 2188 1748 fuerant

609 1770 821 1835 Jesum,
862 1772 1081 1830 Galilzea
1111 1776 1396 1844 oriundas,
1427 1795 1658 1849 quaeque
1685 1780 2026 1837 deduxerant
2062 1784 2184 1853 ejus

614 1859 777 1915 {unus
801 1869 853 1916 et
878 1872 1139 1918 venerant
1163 1864 1227 1918 ad
1273 1875 1704 1922 monumentum.
1737 1867 1831 1922 [be
1860 1869 2000 1925 duos
2027 1885 2186 1941 ange-

609 1949 695 2005 los
727 1951 979 2006 viderunt
1008 1954 1111 2009 sibi
1131 1955 1376 2011 dicentes
1403 1977 1416 2010 :
1449 1974 1468 2007 ι
1502 1956 1615 2012 Cur
1639 1960 1885 2028 quaeritis
1913 1960 2180 2016 viventem

615 2039 761 2097 inter
797 2045 1085 2100 mortuos?
1113 2061 1221 2100 non
1267 2056 1350 2102 est
1386 2048 1497 2112 hic,
1529 2050 1626 2105 sed
1683 2052 1942 2107 surrexit.
1976 2051 2184 2108 Recor-

609 2133 813 2190 damini
853 2151 974 2206 qua:
1005 2139 1159 2193 vobis
1199 2139 1337 2194 dixit
1371 2141 1500 2195 dum
1531 2142 1812 2198 vobiscum
1846 2153 2179 2213 versaretur,

609 2227 755 2296 quod
803 2244 998 2300 nempe
1033 2240 1310 2301 oporteret
1343 2231 1543 2288 Filium
1594 2234 1837 2294 hominis
1877 2239 2024 2309 pati;
2057 2258 2086 2292 ι
2125 2246 2187 2296 et

607 2317 839 2388 reliqua.

678 2406 732 2462 ι.
772 2406 1010 2466 Joannes
1039 2411 1116 2465 ait
1158 2427 1265 2466 una
1304 2412 1669 2470 Sabbatorum
1697 2415 1920 2472 Mariam
1959 2417 2184 2488 Magda-

608 2497 784 2552 lenam
810 2500 980 2554 solam
1005 2503 1308 2560 accessisse
1328 2505 1396 2559 ad
1418 2516 1828 2562 monumentum
1852 2524 1974 2563 cum
1999 2511 2180 2566 adhuc

603 2591 840 2645 tenebrae
864 2601 1086 2660 essent;
1125 2595 1331 2653 vidisse
1357 2599 1590 2668 lapidem
1622 2601 1934 2668 sublatum;
1964 2604 2177 2659 venisse

601 2679 676 2734 ad
725 2679 1000 2738 Simonem
1046 2695 1209 2756 atque
1232 2686 1518 2749 Joannem.
1563 2691 1763 2760 quibus
1809 2693 1926 2748 ait:
1965 2711 1983 2744 ι
2013 2693 2178 2751 Tule-

606 2779 736 2826 runt
764 2771 1049 2829 Dominum
1073 2778 1142 2832 de
1169 2789 1546 2846 monumento,
1568 2790 1622 2838 et
1651 2786 1839 2839 nescio
1867 2785 1956 2840 ubi
1978 2801 2176 2856 posue-

606 2871 736 2918 runt
766 2880 912 2920 eum.
943 2865 1103 2923 Venit
1135 2885 1263 2940 ergo
1285 2870 1483 2926 Petrus
1512 2882 1674 2944 atque
1692 2873 1932 2933 Joannes
1960 2879 2025 2932 ad
2057 2895 2175 2933 mo-

606 2965 964 3026 numentum;
996 2981 1016 3012 ›
1049 2971 1103 3016 et
1132 2964 1360 3032 reliqua.
1402 2963 1604 3020 Deinde
1635 2966 2003 3038 Magdalenam
2041 2971 2175 3026 ﬂen-

522 3095 534 3110 ,
604 3054 713 3103 tem
745 3050 967 3106 exhibet
995 3055 1357 3124 evangelista;
1403 3073 1565 3126 quam
1614 3067 1788 3114 semet
1819 3061 2170 3117 inclinantem

603 3140 808 3199 vidisse
833 3144 907 3198 ait
930 3149 1068 3202 duos
1113 3149 1337 3217 angelos
1377 3149 1656 3216 sedentes,
1684 3167 1850 3205 unum
1880 3153 1946 3208 ad
1980 3165 2167 3224 caput,
2200 3169 2247 3227 α

600 3234 830 3290 alterum
867 3235 934 3290 ad
965 3237 1129 3308 pedes
1147 3279 1164 3304 ,
1184 3239 1394 3308 sibique
1423 3241 1670 3298 dicentes
1699 3261 1712 3296 :
1751 3261 1770 3294 ι
1803 3243 2015 3309 Mulier,
2038 3246 2170 3315 quid

600 3325 822 3394 ploras?
849 3347 869 3380 ι
901 3344 1022 3398 qua:
1053 3329 1130 3382 ait
1161 3348 1174 3384 :
1207 3348 1224 3380 ι
1257 3329 1524 3386 Tulerunt
1550 3330 1836 3387 Dominum
1877 3349 2078 3398 meum,
2115 3345 2172 3390 et

601 3416 792 3471 nescio
818 3417 910 3472 ubi
936 3429 1239 3488 posuerunt
1273 3438 1421 3479 eum.
1455 3443 1474 3476 ι
1509 3422 1633 3478 Mox
1669 3439 1935 3482 conversa
1961 3435 2170 3481 retror-

602 3522 724 3562 sum
769 3508 904 3562 vidit
949 3509 1137 3566 Jesum
1195 3521 1452 3578 stantem,
1499 3530 1676 3584 neque
1729 3523 1908 3572 tamen
1959 3519 2170 3575 sciebat

597 3613 722 3653 eum
739 3613 861 3655 esse
875 3597 1084 3657 Jesum.
1107 3601 1243 3658 Dicit
1273 3612 1456 3660 autem
1478 3605 1529 3660 ei
1556 3603 1760 3662 Jesus:
1791 3627 1810 3660 ι
1834 3607 2047 3676 Mulier,
2068 3625 2168 3667 cur

598 3688 824 3760 ploras?
850 3708 1010 3762 quem
1037 3695 1277 3765 quaeris?
1305 3715 1324 3748 ι
1638 3743 1641 3746 .

670 3781 726 3837 5.
769 3781 1064 3854 Ambigunt
1119 3789 1368 3844 nonnulli
1424 3806 1660 3860 quonam
1707 3803 1865 3863 pacto
1899 3801 2010 3850 tres
2048 3795 2167 3852 dies

597 3881 897 3945 noctesque
925 3885 1035 3932 tres
1062 3878 1323 3936 absolutae
1353 3881 1574 3948 iuerint,
1610 3886 1687 3938 uti
1723 3886 1970 3954 praedixit
2007 3887 2166 3943 Chri-

597 3971 738 4028 stus,
764 3977 889 4022 ante
915 3967 1219 4025 faciendam
1243 3978 1722 4034 resurrectionem.
1747 3978 1919 4036 Porro
1948 3996 2166 4050 respon-

596 4053 726 4109 dere
760 4056 840 4110 sic
879 4057 1022 4113 licet.
1055 4059 1164 4114 Alii
1203 4076 1232 4114 a
1266 4070 1532 4133 tempore,
1567 4083 1676 4137 quo
1715 4067 1876 4125 Jesus
1917 4070 2164 4139 proditus

595 4141 720 4207 fuit,
751 4156 1038 4201 numerant
1070 4168 1082 4203 :
1111 4150 1202 4204 alii
1255 4168 1586 4222 parasceven
1636 4157 1689 4211 in
1737 4157 1846 4214 duo
1892 4159 2161 4224 dividunt,

591 4234 719 4301 quia
777 4250 885 4290 nox
939 4237 1038 4292 fuit
1091 4255 1392 4311 rursusque
1444 4243 1578 4311 dies,
1625 4247 1751 4316 quia
1799 4249 2008 4304 scilicet
2070 4250 2164 4304 illa

589 4324 679 4381 die
711 4326 791 4381 sol
819 4328 1168 4397 obscuratus,
1201 4333 1380 4389 denuo
1404 4337 1622 4390 reluxit.
1660 4337 1796 4393 Exin
1826 4351 1908 4395 est
1940 4338 2162 4396 Sabbati

594 4413 710 4470 dies
748 4415 978 4488 integra.
1007 4419 1237 4492 ejusque
1273 4439 1402 4478 nox.
1429 4425 1536 4480 Alii
1584 4436 1885 4498 supputant
1916 4444 2163 4500 parasce-

2295 589 2429 660 ληνῇ
2466 590 2560 642 καὶ
2591 591 2657 659 τῇ
2690 587 2877 660 Μαρίᾳ
2921 586 3174 656 Ἰακώβου
3214 589 3308 640 καὶ
3340 586 3608 660 Σαλώμῃ,
3657 588 3712 639 αἶ
3752 587 3872 656 μετ’

2294 680 2598 751 ἀρωμάτων
2623 677 2869 732 ἐλθοῦσαι
2891 679 3129 749 ἥκουσαν
3147 719 3162 741 ,
3192 696 3210 730 ι
3231 677 3321 748 Μὴ
3341 677 3700 748 ἐκθαμϐεῖσθε
3717 718 3732 739 ,
3774 678 3877 747 Ἰη-

2295 763 2421 818 σοῦν
2434 764 2645 836 ζητεῖτε
2665 766 2754 819 τὸν
2770 765 3088 836 Ναζαρηνὸν
3099 765 3191 818 τὸν
3209 767 3638 838 ἐσταυρωμένον.
3653 788 3670 819 ι
3691 767 3873 820 Μέσοι

2293 857 2351 912 δὲ
2385 858 2433 911 οί
2477 856 2628 929 παρὰ
2668 856 2747 927 τῷ
2793 857 3010 929 Ἰωάννη
3045 857 3138 912 καὶ
3178 857 3256 928 τῷ
3283 858 3465 929 Λουκᾷ
3493 858 3586 912 καὶ
3608 859 3876 926 ὀφθέντες

2291 949 2433 1002 κατὰ
2467 951 2655 1022 καιρὸν
2689 950 3009 1015 ίδιάζοντεςυ
3056 949 3224 1021 ἐφάνη
3263 950 3358 1021 μὲν
3390 949 3499 1022 γὰρ
3521 950 3618 1019 ὀψὲ
3649 949 3876 1004 Σαϐϐά-

2291 1056 2397 1094 των
2420 1041 2645 1108 ἄγγελος
2671 1035 2751 1104 εἷς
2779 1040 2932 1104 ἐκτὸς
2960 1040 3052 1094 τοῦ
3087 1041 3388 1111 μνήματοςο
3420 1040 3537 1111 μεθ’
3566 1035 3626 1094 οὗ
3654 1041 3752 1094 καὶ
3772 1041 3878 1094 αύ-

2291 1131 2381 1194 τδς
2409 1133 2436 1184 ὁ
2479 1133 2702 1205 Σωτήρο
2737 1132 2932 1204 ὄρθρου
2966 1131 3022 1185 δὲ
3061 1131 3282 1202 βαθέος,
3316 1133 3491 1203 ἕτεροι
3523 1134 3571 1185 οί
3604 1132 3750 1185 κατὰ
3776 1132 3874 1185 τὸν

2290 1223 2504 1278 Λουκᾶν
2543 1223 2635 1276 δύο
2685 1224 2872 1296 ἄνδρες
2899 1224 3271 1295 ὠνομασμένοι
3302 1225 3400 1276 οὐκ
3432 1224 3562 1277 εἴσω
3588 1223 3684 1278 τοῦ
3726 1226 3872 1296 μνὴ-

2294 1330 2458 1384 ματος
2490 1313 2743 1382 ὀφθέντες
2763 1329 2779 1344 ·
2813 1313 3036 1385 ὕστερος
3068 1315 3321 1368 ἁπάντων
3359 1315 3388 1368 ὁ
3418 1315 3693 1378 νεανίσκος
3716 1354 3733 1379 ,
3772 1315 3872 1367 καὶ

2289 1406 2396 1477 πρὸ
2433 1406 2622 1460 τούτου
2654 1408 2749 1462 καὶ
2777 1407 2884 1462 τῶν
2917 1405 3070 1479 παρὰ
3096 1406 3172 1479 τῷ
3201 1408 3383 1479 Λουκᾷ
3409 1409 3456 1460 οἱ
3485 1407 3576 1462 δύο
3606 1408 3740 1462 εἴσω
3769 1407 3869 1462 τοῦ

2292 1497 2589 1566 μνήματοςο

2357 1594 2435 1657 γ’.
2452 1590 2574 1643 Ὅτι
2595 1592 2623 1644 ὀ
2651 1591 2862 1656 Λουκᾶς
2894 1592 2989 1662 μιᾷ
3017 1590 3163 1659 λέγει
3191 1590 3298 1645 τῶν
3323 1591 3633 1648 Σαϐϐάτων.
3659 1591 3866 1665 ὄρθρου

2290 1680 2502 1751 βαθέος,
2536 1683 2718 1752 φέρειν
2741 1681 3006 1754 ἀρώματα
3034 1685 3294 1752 γυναῖκας
3323 1683 3415 1736 δύο
3439 1683 3536 1747 τὰς
3559 1683 3866 1754 ἀκολουθη-

2290 1771 2457 1835 σάσας
2490 1771 2670 1843 αὐτῷ,
2705 1773 2905 1837 αἵτινες
2947 1769 3087 1844 ἦσαν
3137 1774 3244 1827 ἀπὸ
3280 1775 3378 1845 τῆς
3416 1775 3701 1839 Γαλιλαίας
3739 1793 3866 1828 συν.

2285 1862 2732 1934 ακολουθὴσασαι,
2750 1865 2837 1918 ὅτε
2853 1858 3082 1918 ἔθαπτον
3095 1865 3252 1918 αὑτὸν
3267 1864 3509 1918 ἐλθοῦσαι
3529 1865 3621 1917 ἐπὶ
3642 1865 3702 1917 τὸ
3722 1865 3864 1936 μνῆ-

2285 1971 2391 2025 μα·
2426 1955 2625 2020 αἵτινες
2652 1954 2743 2009 δύο
2775 1956 3040 2026 ἀγγέλους
3074 1953 3241 2021 εἶδον,
3289 1957 3337 2010 οἳ
3373 1959 3464 2010 καὶ
3515 1953 3701 2019 εἷπον,
3745 1976 3763 2007 ι
3793 1957 3862 2009 Τί

2282 2046 2490 2118 ζητεῖτε
2518 2048 2610 2102 τὸν
2639 2047 2816 2112 ζῶντα
2850 2049 2988 2119 μετὰ
3013 2049 3121 2103 τῶν
3150 2049 3392 2121 νεκρῶν;
3423 2051 3520 2103 ούκ
3558 2051 3702 2103 ἐστιν
3729 2043 3858 2114 ὧδε,

2281 2136 2393 2188 ἁλλ’
2417 2135 2624 2208 ἠγέρθη
2643 2153 2659 2168 ·
2698 2138 2971 2208 μνήσθητε
2999 2138 3076 2198 ὡς
3101 2138 3358 2208 ἐλάλησεν
3387 2140 3513 2208 ὑμῖν
3540 2139 3618 2192 ἔτι
3653 2139 3730 2192 ὢν
3761 2141 3858 2194 σὺν

2280 2229 2408 2297 ὑμῖν
2434 2227 2636 2296 λέγων,
2663 2229 2745 2282 ὅτι
2767 2228 2853 2281 δεῖ
2875 2229 3066 2282 παθεῖν
3099 2229 3188 2282 τὸν
3217 2228 3341 2282 Υἰδν
3368 2228 3654 2301 ἀνθρώπου
3675 2270 3688 2293 ,
3711 2249 3730 2281 ι
3746 2232 3860 2283 καὶ⁵

2277 2317 2346 2372 τὰ
2379 2316 2534 2389 ἑξῆς.

2281 2410 2284 2414 ’
2346 2409 2418 2462 δ’.
2455 2411 2578 2464 Ὅτι
2610 2411 2861 2482 Ἰωάννης
2892 2412 3037 2481 λέγει
3061 2415 3126 2484 τῇ
3161 2413 3258 2483 μιᾷ
3284 2412 3390 2466 τῶν
3411 2412 3698 2467 Σαόὄὰτων
3729 2414 3854 2465 Μα-

2281 2500 2400 2572 ρίαν
2428 2502 2524 2572 τὴν
2547 2503 2910 2575 Μαγδαληνὴν
2939 2505 3104 2576 μόνην
3123 2503 3374 2575 ἔρχεσθαι
3401 2505 3534 2575 πρὸς
3560 2505 3619 2557 τὸ
3639 2506 3849 2574 μνῆμα.

2278 2591 2495 2656 σκοτίας
2522 2592 2599 2647 ἔτι
2628 2593 2792 2664 οὔσης
2811 2636 2825 2660 ,
2862 2595 2956 2649 καὶ
2990 2595 3171 2666 βλέπει
3203 2596 3293 2648 τὸν
3329 2595 3474 2649 λίθον
3497 2596 3733 2667 ⁴ίςρμένον
3758 2600 3854 2649 καί

2276 2683 2490 2755 ἔρχεται
2542 2686 2676 2757 πρὸς
2707 2688 2925 2758 Σίμωνα
2958 2687 3051 2741 καὶ
3083 2688 3222 2759 πρὸς
3268 2688 3515 2760 Ἰωάννην
3549 2690 3644 2742 καὶ⁵
3679 2688 3850 2755 λέγει,

2281 2795 2298 2826 ι
2321 2772 2501 2848 τΗραν
2529 2778 2620 2831 τὸν
2661 2779 2864 2851 Κύριον
2903 2779 3008 2832 άπὸ
3037 2778 3131 2832 τοῦ
3169 2780 3433 2849 μνημείου
3467 2781 3561 2834 καὶ
3599 2781 3698 2834 ούκ
3733 2777 3852 2834 οἶδα

2274 2867 2376 2921 ποῦ
2414 2869 2614 2940 έθηκαν
2654 2871 2815 2924 αὐτόν
2837 2889 2849 2901 ·
2883 2867 3044 2942 ἦλθεν
3086 2868 3178 2926 οὗν
3211 2873 3414 2943 Πέτρος
3449 2875 3541 2926 καὶ
3593 2875 3852 2946 Ἰωάννης

2273 2962 2365 3014 ἐπὶ
2393 2963 2453 3015 τὸ
2480 2966 2738 3034 μνημεῖον
2757 3005 2771 3027 ,
2797 2984 2814 3016 ι
2847 2966 2939 3018 καὶ
2962 2965 3029 3018 τὰ
3059 2965 3202 3034 έξῆς.
3238 2962 3369 3019 Εἶτα
3396 2967 3604 3036 εἰσάγει
3635 2967 3852 3022 κλαίουο

2275 3070 2370 3108 σαν
2405 3055 2503 3126 τὴν
2535 3057 2897 3126 Μαγδαληνὴν
2918 3095 2932 3119 ,
2975 3055 3068 3109 καὶ
3103 3057 3501 3126 παρακύψασαν
3537 3059 3663 3111 ίδεῖν
3700 3060 3849 3128 λέγει

2275 3145 2364 3199 δύο
2389 3147 2649 3215 ἀγγέλους
2683 3147 3100 3218 καθεζομένους,
3133 3147 3228 3200 ἕνα
3259 3149 3395 3219 πρὸς
3422 3152 3486 3220 τῇ
3503 3150 3732 3220 κεφαλῇ,
3755 3153 3851 3204 καὶ

2276 3237 2372 3290 ἕνα
2403 3237 2542 3308 πρὸς
2569 3240 2681 3302 τοῖς
2707 3238 2861 3291 ποσίν
2879 3253 2893 3268 ο
2920 3238 3014 3292 καὶ
3045 3237 3298 3308 λέγουσιν
3311 3239 3448 3310 αὐτῇ
3471 3281 3484 3305 ,
3527 3259 3544 3292 ι
3569 3240 3730 3294 Γύναι
3751 3281 3766 3304 ,
3797 3241 3851 3294 τί

2277 3327 2514 3394 κλαίεις;
2545 3349 2563 3380 ι
2590 3332 2622 3400 ἡ
2647 3328 2702 3382 δὲ
2728 3324 2899 3392 εἶπεν,
2930 3348 2948 3380 ‹
2969 3324 3045 3382 Ἦ
3057 3346 3151 3400 ραν
3171 3329 3261 3384 τὸν
3284 3329 3484 3402 Κύριὸν
3510 3348 3610 3402 μου
3635 3333 3727 3385 καὶ
3749 3334 3850 3386 οὐκ

2275 3415 2398 3494 οἶδα,
2419 3419 2522 3473 ποῦ
2545 3419 2746 3492 ἔθηκαν
2770 3421 2950 3474 αὐτόν.
2979 3440 2997 3473 ι
3032 3417 3164 3475 Εἶτα
3187 3423 3428 3494 ἐστράφη
3458 3424 3536 3487 είς
3560 3422 3627 3476 τά
3650 3423 3845 3488 ὀπίσω,

2275 3513 2368 3567 καὶ
2393 3492 2541 3568 ἐἶδεν
2587 3513 2676 3567 τὸν
2721 3512 2927 3584 Ἰησοῦν
2956 3514 3189 3566 έστῶτα’
3229 3514 3323 3567 καί
3353 3492 3452 3566 οὐκ
3480 3514 3592 3585 ᾔδει
3619 3516 3700 3568 ὅτι
3745 3515 3849 3584 Ἰη-

2275 3603 2400 3668 σοῦς
2422 3607 2599 3659 ἐστιν’
2633 3607 2662 3658 ὀ
2692 3603 2748 3658 δὲ
2781 3602 2986 3675 Ἰησοῦς
3019 3603 3185 3674 λέγει,
3228 3623 3247 3657 ι
3273 3603 3468 3668 Γύναι,
3511 3605 3567 3658 τί
3600 3606 3846 3674 κλαίεις;

2272 3695 2394 3750 τίνα
2421 3695 2630 3766 (nrtsic;
2655 3714 2672 3746 ι

2342 3787 2402 3834 ε’.
2429 3783 2547 3836 ’Ότι
2570 3781 2836 3852 ἀποροῦσί
2858 3799 3002 3846 τινες
3034 3783 3110 3846 ὡς
3147 3788 3298 3855 τρεῖς
3331 3787 3528 3858 ἡμέραι
3559 3790 3652 3843 καὶ
3697 3794 3846 3862 τρεῖς

2272 3871 2462 3936 νύκτες
2488 3871 2835 3944 πληροῦνται,
2865 3870 3045 3935 καθὼς
3069 3867 3222 3927 εἶπεν
3242 3875 3491 3946 Χριστὸς,
3514 3879 3569 3929 αί
3595 3878 3692 3948 τῆς
3714 3879 3845 3932 ἀνα-

2273 3964 2547 4027 στάσεωςο
2581 3964 2674 4017 καὶ
2701 3962 2844 4016 ἐστιν
2872 3963 3046 4015 εἰπεῖν
3069 3961 3201 4034 (41)⁶
3232 3964 3282 4017 οί
3317 3965 3413 4034 μὲν
3445 3966 3552 4020 ἀπὸ
3577 3968 3676 4038 τῆς
3706 3985 3840 4038 προσ

2270 4056 2451 4119 δοσίας
2474 4071 2487 4085 ·
2515 4056 2564 4108 οί
2594 4054 2650 4108 δὲ
2675 4053 2772 4124 τὴν
2800 4053 3157 4125 Παρασκευὴν
3195 4057 3278 4120 είς
3301 4056 3394 4110 δύο
3422 4058 3686 4122 ποιοῦσιν,
3719 4061 3844 4114 ἐπεὶ

2270 4147 2366 4214 νὺξ
2399 4147 2618 4216 γέγονεν
2661 4146 2755 4199 κα)⁸
2805 4145 2964 4199 πάλιν
3013 4147 3195 4218 ἡμέρα
3217 4165 3232 4179 ο
3265 4148 3322 4202 ὲν
3359 4150 3540 4222 ἐκείνῃ
3563 4154 3630 4222 τῇ
3661 4152 3843 4224 ἡμέρᾳ

2270 4241 2361 4296 τοῦ
2386 4241 2538 4311 ἡλίου
2565 4238 2934 4301 σκοτισθέντος
2960 4239 3051 4292 καὶ
3073 4239 3233 4294 πάλιν
3253 4241 3699 4312 ἀναφλεχθέντος·
3724 4241 3841 4298 εἶτα

2270 4333 2303 4402 ἡ
2334 4328 2428 4382 τοῦ
2462 4329 2735 4383 Σαδὸάτου
2767 4328 2946 4398 ἡμέρα
2978 4327 3071 4398 ὅλη
3121 4327 3214 4381 καὶ
3255 4329 3288 4398 ὴ
3336 4328 3432 4395 νὺξ
3464 4331 3652 4400 αὒτῆς.
3684 4333 3745 4386 Ol
3784 4332 3839 4385 δὲ

2270 4420 2482 4491 ἡμέραν
2514 4418 2612 4488 μὲν
2633 4417 2730 4488 τὴν
2759 4415 3114 4488 Παρασκευὴν
3145 4416 3272 4487 ὅλην
3298 4418 3392 4470 καὶ
3413 4418 3511 4489 τὴν
3542 4417 3711 4474 νύκτα
3740 4422 3841 4473 αὑ-

589 4520 693 4562 ven
723 4515 912 4575 totam,
941 4511 1083 4568 diem
1114 4523 1466 4587 noctemque;
1500 4518 1796 4574 Sabbatum
1824 4521 1951 4576 item
1981 4530 2152 4576 totum

2273 4516 2380 4586 τῆς,
2408 4511 2682 4564 Σάϐϐα-εον
2704 4509 2820 4562 ὅλον
2845 4509 2937 4562 καὶ
2968 4508 3065 4580 τὴν
3098 4508 3269 4562 νύκτα
3298 4511 3490 4563 αὐτοῦ’
3521 4514 3619 4581 τῆς
3645 4512 3699 4565 δὲ
3729 4515 3836 4564 Κυ-

588 4599 817 4671 ejusque
867 4611 1121 4672 noctem;
1178 4606 1470 4665 Dominicae
1530 4619 1709 4666 autem
1759 4613 1863 4668 diei
1912 4615 2152 4678 initium,

589 4693 712 4749 loco
747 4693 969 4766 integra:
1007 4697 1116 4752 diei
1162 4701 1482 4768 metiuntur,
1517 4721 1624 4774 qua
1660 4705 1955 4774 incipiente
1996 4706 2158 4761 Chri-

587 4793 705 4848 stus
729 4788 989 4843 surrexit.
1038 4789 1215 4858 Atque
1263 4791 1337 4847 ita
1379 4803 1491 4850 tres
1527 4796 1643 4851 dies
1672 4795 1881 4851 dicunt.
1915 4796 2074 4852 Certe
2105 4804 2159 4851 et

585 4877 644 4932 in
672 4880 903 4936 mortuis
953 4896 1017 4936 ac
1055 4881 1109 4935 in
1145 4898 1337 4942 recens
1385 4890 1526 4943 natis
1572 4889 1756 4958 pueris
1791 4892 1865 4944 ita
1918 4892 2157 4946 solemus

583 4980 757 5028 totam
787 4972 928 5028 diem
968 4977 1169 5044 metiri,
1231 4979 1344 5034 sive
1377 4981 1634 5036 nativitas
1683 4985 1975 5054 contigerit
2014 4985 2150 5040 bora

579 5064 816 5126 decima.
843 5065 959 5122 sive
989 5066 1076 5124 die
1105 5070 1444 5126 exordiente.
1480 5070 1571 5127 Sic
1603 5072 1765 5128 etiam
1796 5077 2027 5131 mortuis
2054 5085 2154 5132 ter-

580 5157 656 5210 tia
691 5157 779 5213 die
819 5165 873 5212 et
895 5174 1038 5226 nona
1083 5167 1138 5216 et
1173 5161 1590 5234 quadragesima
1627 5163 1854 5222 inferias
1888 5168 2155 5238 legitimas

581 5247 832 5314 ferimus,
868 5249 1012 5305 haud
1065 5259 1178 5307 tota
1227 5257 1385 5310 tertia
1424 5271 1549 5310 cum
1594 5273 1695 5312 sua
1747 5266 1928 5324 nocte,
1979 5274 2155 5328 neque

574 5343 691 5393 tota
721 5353 863 5393 nona
895 5355 1019 5395 cum
1063 5358 1162 5397 sua
1200 5345 1327 5399 item
1369 5354 1548 5410 nocte,
1581 5362 1758 5416 neque
1790 5355 1900 5403 tota
1930 5349 2156 5420 quadra-

582 5427 789 5496 gesima
839 5429 1093 5487 similiter
1120 5447 1244 5488 cum
1283 5449 1383 5489 sua
1413 5447 1592 5502 nocte,
1628 5439 1724 5494 sed
1756 5440 1928 5496 initiis
1957 5451 2155 5496 morta-

583 5517 716 5582 lium
761 5517 971 5576 dierum
1036 5525 1320 5593 spectatis,
1376 5526 1525 5595 justa
1580 5531 1936 5597 absolvimus,
1991 5533 2154 5604 idque

579 5613 797 5679 tciripus
821 5625 921 5680 pro
959 5613 1046 5667 die
1072 5614 1277 5686 integra
1315 5617 1578 5674 habemus
1605 5628 1766 5690 atque
1806 5624 2078 5682 metimur.

2249 4605 2461 4681 1ριακῆς
2505 4601 2603 4672 τὴν
2654 4600 2825 4672 ἀρχὴν
2872 4603 2953 4664 είς
2985 4600 3199 4672 ἡμέραν
3233 4601 3522 4673 μετροῦσιν
3567 4603 3726 4673 ὅληνο
3764 4605 3838 4669 ὡς

2245 4677 2572 4788 ῖάρξαμένης
2605 4693 2704 4766 ήδη
2735 4693 2858 4788 τοτε
2964 4692 3198 4788 Χριστδς
3240 4693 3476 4788 ἠγέρθη·
3513 4694 3654 4788 οὕτω
3691 4698 3836 4788 τρεῖς

2246 4783 2472 4866 ξὴμέρας
2501 4785 2765 4853 λέγουσιν.
2787 4783 2942 4837 Ἐπεὶ
2969 4785 3062 4837 καὶ
3093 4785 3184 4837 ἐπὶ
3215 4783 3421 4855 νεκρῶν
3466 4787 3559 4839 καὶ
3602 4786 3695 4840 ἐπὶ
3728 4785 3835 4841 τῶν

2244 4877 2558 4961 ⁶ἁρτιγενίςὺν
2588 4876 2794 4929 παίδων
2821 4875 2993 4940 οὕτως
3025 4879 3245 4948 μετρεῖν
3283 4876 3403 4941 έθος
3435 4877 3562 4949 ὃλην
3599 4879 3830 4950 ἡμέραν,

2243 4975 2344 5035 ,ὅτε
2384 4971 2482 5042 τὴν
2523 4969 2631 5024 άπὸ
2671 4971 2769 5038 τῆς
2811 4967 3043 5038 δεκάτης
3071 4967 3219 5039 ὥρας
3250 4968 3561 5040 ἀρξαμένην
3586 4970 3834 5041 γέννησιν

2241 5050 2588 5137 ἶμετρούμεν,
2618 5060 2651 5132 ἢ
2686 5060 2785 5131 τὴν
2819 5060 2928 5112 άπὸ
2957 5059 3056 5128 τῆς
3086 5059 3262 5129 ἀρχῆς
3285 5061 3385 5130 τῆς
3414 5060 3626 5132 ἡμέρας
3663 5062 3830 5134 ἀρξα-

2261 5159 2429 5230 μένην
2473 5158 2756 5228 γέννησιν’
2787 5156 2989 5225 ὁμοίως
3036 5155 3130 5208 καὶ
3161 5157 3251 5208 ἐπὶ
3274 5155 3484 5227 νεκρῶν
3517 5155 3618 5228 ιε’-ὴν
3647 5155 3832 5228 τρίτην

2257 5252 2469 5322 ἡμέραν
2522 5250 2617 5303 καὶ
2645 5248 2741 5320 τὴν
2769 5248 2963 5318 ἐνάτην
3013 5248 3106 5300 καὶ
3147 5249 3247 5318 τὴν
3290 5249 3733 5321 τεσσαρακοστὴν
3763 5249 3832 5303 τὰ

2256 5339 2616 5410 νενομισμένα
2672 5337 2980 5400 ποιοῦντες·
3027 5339 3125 5408 οὐχ
3173 5338 3301 5410 ὃλην
3331 5340 3430 5412 τὴν
3474 5339 3662 5411 τρίτην
3697 5340 3831 5410 μετὰ

2254 5433 2352 5503 τῆς
2389 5431 2581 5494 νυκτὸς
2622 5429 2818 5500 αὐτῆς·
2854 5430 2973 5483 οὐδὲ
3009 5430 3136 5501 ὃλην
3169 5430 3267 5502 τὴν
3305 5431 3500 5502 ἐνάτην
3562 5431 3700 5503 μετὰ
3735 5433 3831 5504 τῆς

2255 5523 2462 5586 οἰκείας
2483 5523 2674 5585 νυκτὸς
2693 5523 2860 5593 αὐτῆς
2878 5539 2892 5552 °
2918 5522 3038 5575 οὐδὲ
3058 5524 3157 5594 τὴν
3179 5525 3615 5596 τεσσαρακοστὴν
3631 5524 3831 5595 ὁμοίως

2256 5613 2384 5684 ὃλην
2421 5614 2558 5686 μετὰ
2582 5613 2773 5676 νυκτὸς
2803 5613 2999 5684 αὐτῆς·
3031 5614 3166 5667 ἀλλὰ
3193 5617 3292 5679 τάς
3317 5616 3488 5686 ἀρχάς
3511 5615 3620 5668 τῶν
3644 5615 3826 5677 τελευ-

2257 5705 2421 5759 ταίων
2465 5704 2684 5775 ἡμερῶν
2735 5703 2966 5776 ὁρῶντες
3008 5707 3330 5778 ὲκτελοῦμεν
3364 5708 3431 5760 τά
3460 5707 3823 5778 πραττόμενα,

2257 5797 2383 5850 ὃλην
2411 5799 2621 5854 ἡμέραν
2643 5798 2846 5865 ταύτην
2873 5799 2964 5852 καὶ
3003 5801 3324 5869 μετροῦντες
3350 5803 3441 5855 καὶ
3467 5801 3821 5872 λογιζόμενοι.
