4114 6472
261 371 389 428 957

1129 371 1633 429 SUPPLEMENTA
1671 368 2154 441 QUIESTIONUM‘
2185 368 2276 423 AD
2316 366 2759 424 STEPIIANUM.

3459 365 3564 423 958

250 475 259 538 i
347 485 428 551 ς’.
469 483 608 539 Ἀλλ’
641 485 764 538 ὲπει
813 485 1048 557 Χριστός
1097 503 1283 558 φησιν,
1306 491 1455 559 τρεῖς
1502 487 1717 560 ⁴ἡμέρας
1772 487 1869 539 καὶ

2055 482 2109 539 6.
2145 480 2252 537 Sed
2279 483 2536 552 quoniam
2584 480 2837 544 Christus
2875 480 3090 539 dixerat
3117 480 3184 546 “,
3221 481 3399 537 tribus
3443 482 3560 539 die-

258 581 432 650 τρεῖς
478 577 678 641 νύκτας
725 579 783 631 ὲν
830 580 897 648 τῇ
946 578 1145 650 καρδία
1163 579 1262 650 τῆς
1292 580 1393 651 γῆς
1419 579 1633 650 ἔσομαι,
1667 577 1868 631 ἔστιδὲ

258 670 456 734 οὕτως
487 673 660 724 εἰπεῖν
691 669 825 739 (41)ο
853 665 962 740 ἆρα
1005 672 1053 723 εί
1087 670 1368 743 χρεώστην
1401 671 1868 740 ἐπαγγειλάμενον

255 760 354 831 τῷ
379 759 568 831 οἰκείῳ
597 759 847 830 δανειστῇ
887 762 1024 830 μετὰ
1048 765 1198 833 τρεῖς
1222 763 1435 834 ἡμέρας
1467 762 1776 835 πληρώσειν
1805 763 1868 817 τὸ

257 852 462 923 χρέος,
495 851 601 923 πρὸ
631 852 732 922 τῆς
760 851 1098 925 προθεσμίας
1131 853 1493 926 πληρώσαντα
1519 854 1862 926 θεασάμενοι,

253 943 347 1007 ὡς
380 943 728 1014 ψευσάμενον
760 944 1077 1017 κρινοῦμεν,
1108 945 1140 1017 ἢ
1169 946 1245 1010 ὡς
1269 946 1430 1000 πλέον
1455 946 1861 1017 ἁληθεύσαντας

259 1035 386 1088 Καὶ
422 1035 632 1098 ἄλλωςο
666 1039 716 1089 εί
749 1034 943 1090 θᾶττον
971 1037 1004 1108 ἢ
1039 1035 1151 1108 (42)
1184 1033 1357 1103 εἶπεν,
1376 1038 1596 1108 ἀνέστη,
1625 1038 1862 1109 πλέωνή

257 1127 528 1199 δύναμις,
563 1128 657 1182 καὶ
682 1127 935 1198 ἔγκλημα
979 1130 1079 1182 οὐκ
1123 1129 1256 1199 ἔχει’
1291 1129 1352 1183 τὸ
1399 1130 1455 1183 δὲ
1497 1131 1730 1200 βράδιον,
1763 1131 1865 1182 ὑπ-

260 1217 438 1287 οψίας
470 1219 629 1288 γέμει
653 1219 748 1271 καὶ
774 1217 967 1287 ψεῦδος
995 1218 1265 1286 λογίζεται
1290 1219 1607 1289 γιγνόμενον
1627 1236 1640 1248 ·
1667 1217 1864 1287 ψεῦδος

265 1313 398 1384 μὲν,
432 1312 515 1364 ὅτι
550 1310 825 1381 παρῆλθεν
873 1313 901 1364 ὁ
943 1311 1152 1381 λεχθεὶς
1200 1311 1354 1382 ὄρος·
1394 1309 1634 1363 ὕποπτον
1674 1309 1751 1374 δὲ,
1778 1310 1860 1362 ὃτι

262 1403 385 1458 τῶν
407 1403 663 1474 φυλάκων
690 1404 1180 1479 ἀναχωρησάντων,
1209 1402 1383 1476 κλοπὴ
1407 1403 1467 1457 τὸ
1488 1404 1719 1477 πρᾶγμα
1743 1404 1860 1457 ὲνο-

270 1495 446 1570 μίσθη
486 1497 570 1551 ἄν.

1982 575 2085 630 bus
2110 573 2394 644 tribusque
2419 573 2676 628 noctibus
2706 589 2764 629 se
2801 575 2856 627 in
2887 573 3054 628 corde
3102 581 3262 631 terra
3289 572 3561 641 futurum,

1969 667 2118 720 lubet
2164 666 2238 720 ita
2275 666 2588 721 disserere:
2619 664 2815 735 siquis
2863 681 2971 720 mre
3023 665 3207 720 alieno
3253 665 3562 721 obstrictus

1969 759 2230 814 creditori
2283 773 2384 814 suo
2434 758 2755 829 recepisset.
2791 772 2852 812 se
2884 767 3006 827 post
3045 766 3159 814 tres
3189 757 3306 814 dies
3354 759 3558 813 solutu-

1967 866 2129 917 rum;
2173 851 2340 917 hunc,
2384 851 2628 920 inquam,
2672 851 2718 906 si
2753 857 2883 904 ante
2931 850 3244 904 condictam
3288 850 3430 905 diem
3479 865 3557 907 res

1967 945 2104 1000 illud
2141 946 2445 1001 dissolvere
2474 944 2810 1007 videremus,
2838 943 3227 998 mendacemne
3269 959 3339 999 an
3381 945 3555 999 multo

1967 1038 2306 1095 veraciorem
2365 1036 2784 1108 ju‘dicaremus?
2849 1034 3142 1098 Praeterea,
3201 1035 3248 1091 si
3300 1036 3557 1094 Christus

1967 1131 2145 1195 ocius,
2195 1146 2359 1200 quam
2395 1130 2784 1200 spoponderat,
2840 1129 3161 1195 resurrexit,
3203 1129 3378 1197 major
3426 1130 3558 1186 hinc

1965 1221 2143 1277 virtus
2164 1221 2446 1284 elucescit,
2471 1219 2668 1276 nedum
2694 1220 2846 1274 locus
2888 1219 3294 1289 reprehensioni
3317 1229 3420 1276 est.
3458 1219 3557 1276 Su-

1967 1311 2144 1381 Spicio
2165 1322 2358 1365 contra
2386 1320 2550 1380 atque
2579 1309 2927 1364 mendacium
2972 1325 3037 1363 ex
3073 1309 3330 1366 tarditate
3363 1326 3556 1368 conse-

1968 1403 2280 1472 quebantur
2324 1423 2339 1457 :
2388 1403 2754 1470 mendacium,
2797 1403 2924 1473 quia
2965 1403 3255 1459 condictus
3293 1404 3558 1461 terminus

1967 1491 2161 1545 fuisset
2191 1492 2443 1561 elapsus;
2476 1491 2741 1561 suspicio,
2779 1493 2931 1562 quia,
2968 1492 3350 1550 recedentibus
3380 1503 3560 1551 custo-

1892 1647 1900 1655 ,
1967 1583 2151 1649 dibus,
2183 1599 2248 1640 ea
2279 1599 2368 1641 res
2401 1582 2538 1639 furti
2565 1583 2762 1640 fuisset
2789 1585 3127 1640 insimulata.

1541 1739 1902 1796 EXPLICIT
1933 1739 2300 1798 ΕΡΙΤΟΜΕ.

1623 2111 2145 2206 LECTORI

354 2305 630 2362 Hactenus
659 2308 920 2362 edidimus
957 2308 1260 2363 continuam
1292 2317 1446 2376 atque
1481 2305 1750 2359 illibatam
1792 2303 2084 2359 Eusebiani
2125 2305 2298 2372 operis
2327 2307 2558 2374 priscam
2597 2317 2648 2361 et
2697 2312 3015 2378 prmclaram
3060 2310 3364 2380 Epitomen,
3400 2321 3556 2381 prout

216 2441 225 2457 .
278 2417 343 2455 ea
391 2409 470 2455 est
513 2402 568 2454 in
615 2400 968 2470 pulcherrimo
1010 2401 1185 2455 codice
1226 2399 1480 2453 Palatino
1533 2397 1653 2454 Vat.
1700 2394 1919 2458 CCXX,
1988 2414 2021 2450 ιι
2065 2397 2106 2465 Ῑ.
2154 2397 2216 2452 61
2262 2415 2425 2468 usque
2468 2400 2537 2453 ad
2568 2399 2659 2468 96,
2699 2403 2789 2456 ubi
2822 2419 2950 2472 opus
2985 2419 3166 2472 reapse
3190 2405 3549 2467 concluditur,

280 2495 481 2547 relictis
507 2492 748 2560 deinceps
794 2494 1002 2562 paginis
1029 2493 1201 2560 puris.
1237 2490 1477 2545 Fuerunt
1506 2499 1702 2550 autem,
1741 2497 1793 2540 ut
1843 2487 2090 2552 vidimus,
2121 2491 2438 2559 quastiones
2482 2508 2592 2557 xx;
2636 2495 2837 2548 scilicet
2884 2495 2953 2548 ad
2981 2494 3306 2565 Stephanum
3334 2510 3449 2561 xvr,
3484 2499 3552 2550 ad

281 2584 561 2645 Marinum
605 2600 679 2641 tv.
719 2584 1038 2655 Quanquam
1066 2601 1183 2638 vero
1223 2584 1386 2638 variis
1432 2597 1496 2635 ex
1538 2579 1772 2649 fontibus
1809 2578 1958 2632 nobis
2001 2581 2340 2646 suppetebant
2367 2582 2641 2653 utriusque
2666 2586 2840 2652 partis
2871 2584 3252 2653 supplementa.
3286 2586 3552 2640 noluimus

281 2699 342 2736 ea
373 2698 493 2735 cum
526 2680 770 2750 Epitome
802 2679 1114 2741 admiscere,
1141 2695 1202 2732 ne
1231 2677 1413 2744 scripti
1453 2690 1542 2744 per
1573 2690 1628 2728 se
1657 2672 1897 2726 concinni
1932 2681 1982 2726 et
2012 2672 2230 2741 perfecti
2269 2673 2459 2726 seriem
2502 2675 2890 2745 quodammodo
2924 2677 3004 2732 his
3035 2679 3244 2733 insertis
3274 2679 3554 2748 perturba-

284 2793 482 2830 remus.
532 2771 688 2826 Nunc
729 2782 904 2826 tamen
943 2771 1303 2839 supplementa
1341 2783 1458 2840 qua:
1494 2766 1784 2821 invenimus
1823 2774 1933 2817 tum
1967 2767 2319 2833 quwstionum
2350 2769 2418 2823 ad
2464 2766 2788 2837 Stephanum
2834 2781 2944 2823 tum
2981 2773 3144 2824 etiam
3181 2773 3249 2825 ad
3278 2771 3554 2828 Marinum

284 2866 608 2922 subtexenda
649 2874 791 2920 sunt.
828 2862 896 2917 Et
925 2865 1153 2934 primum
1197 2863 1359 2917 lauta:
1399 2861 1599 2929 aliquot
1644 2867 1819 2927 partes
1857 2870 1922 2910 ex
1967 2873 2160 2928 magna
2209 2877 2309 2916 ms.
2357 2869 2544 2914 catena
2593 2859 2798 2916 Nicetes
2828 2861 2896 2915 ad
2945 2863 3144 2917 Lucam
3186 2865 3241 2918 in
3273 2864 3450 2920 codice
3481 2867 3548 2928 Α,

285 2978 376 3015 seu
422 2959 542 3014 Vat.
585 2957 745 3021 1611,
789 2975 920 3027 quas
953 2975 1056 3012 non
1089 2972 1152 3010 ea:
1186 2956 1422 3024 Epitome
1457 2954 1546 3009 sed
1577 2967 1642 3007 ex
1671 2952 1872 3020 integro
1908 2965 2058 3018 opere
2084 2949 2355 3021 decerptus
2391 2953 2560 3022 fuisse
2589 2961 2844 3022 apparet;
2875 2970 3175 3025 quanquam
3214 2958 3322 3024 ipse
3349 2974 3553 3029 quoque

289 3053 507 3109 Nicetas
538 3053 740 3108 videtur
767 3053 1049 3118 interdum,
1083 3062 1140 3105 ut
1170 3054 1232 3122 ﬁt
1260 3058 1313 3108 in
1342 3057 1564 3115 catenis.
1604 3056 1886 3110 Eusebium
1915 3054 2248 3120 diminuere;
2275 3057 2426 3126 cujus
2454 3058 2531 3110 rei
2567 3057 2820 3110 indicium
2873 3065 2971 3121 est,
3004 3055 3144 3126 quod
3174 3058 3464 3128 aliquando
3497 3061 3551 3115 in

286 3147 525 3214 Epitome
582 3155 705 3200 sunt
765 3146 965 3216 aliquot
1007 3148 1304 3215 particulae,
1365 3167 1497 3220 quas
1545 3149 1761 3205 Nicetas
1822 3149 2087 3204 subtrahit
2129 3165 2147 3202 :
2188 3152 2289 3204 etsi
2334 3151 2534 3222 alioqui
2578 3151 2633 3204 in
2682 3149 2922 3204 laudatis
2961 3169 2994 3204 a
3026 3149 3216 3206 Nicela
3277 3152 3541 3220 partibus.

284 3237 546 3292 Eusebius
589 3239 892 3311 plerumque
938 3239 1134 3311 integer
1179 3251 1276 3308 est,
1321 3253 1372 3297 et
1420 3242 1606 3314 ubique
1647 3243 1872 3312 plenior.
1937 3240 2094 3296 Nunc
2139 3242 2305 3314 igitur
2330 3245 2506 3314 priore
2554 3243 2668 3298 loco
2709 3244 3070 3313 supplementa
3106 3245 3454 3314 quaestionum
3481 3245 3552 3301 ad

285 3328 636 3398 Stephanum.
2810 3357 2812 3360 ,

1224 3537 1292 3625 Ε
1318 3539 1708 3628 USEBII
1804 3540 2620 3634 CIESARIENSIS

534 3727 652 3788 EX
703 3725 1236 3792 INTEGRIORE
1279 3725 1562 3789 OPERE
1596 3728 2176 3804 QUAL‘STIONUM
2212 3732 2945 3797 EI’ANGELICARUM
2975 3735 3304 3797 PARTES

1323 3894 1390 3954 in
1420 3893 1653 3956 Nicctw
1694 3894 1929 3955 Catena
1962 3914 2074 3956 ms.
2122 3897 2205 3959 ad
2234 3897 2490 3960 Lucam.

1895 4053 1969 4067 —

353 4145 423 4194 α’.
467 4137 577 4207 (15)
618 4137 753 4207 Περὶ
798 4134 854 4188 δὲ
899 4134 994 4188 τοῦ
1045 4135 1135 4188 τὸν
1164 4134 1443 4189 Ματθαίον
1491 4134 1698 4190 ἄνωθεν
1737 4155 1868 4192 κατ-

2042 4141 2097 4194 1.
2131 4137 2290 4205 Quod
2343 4135 2636 4191 Matthaaus
2686 4150 2924 4205 superne
2969 4135 3352 4190 successiones
3381 4135 3555 4192 dedu-

284 4231 439 4299 ἀγειν
472 4229 571 4292 τὰς
602 4229 871 4299 διαδοχὰς,
901 4227 992 4280 τὸν
1024 4227 1080 4279 δὲ
1106 4228 1316 4280 Λουκᾶν
1343 4227 1612 4281 ἀνάπαλιν
1634 4245 1866 4300 πεποιη-

288 4325 462 4386 κέναι,
494 4323 621 4393 μίαν
666 4323 758 4375 καὶ
787 4321 884 4394 τὴν
927 4321 1096 4391 αὐτὴν
1135 4320 1251 4374 ὁδὸν
1297 4320 1681 4392 πορευθέντας,
1715 4324 1865 4377 οὐδὲν

288 4414 696 4486 ἐπιμέμφεσθαι
727 4413 836 4466 δεῖ·
869 4412 992 4467 ἐπεὶ
1027 4413 1118 4466 καὶ
1146 4413 1273 4476 τοὺς
1305 4413 1507 4484 ἀνάντη
1549 4415 1642 4467 καὶ
1685 4414 1867 4486 ὄρθιον

291 4507 516 4580 πορείαν
547 4507 816 4569 ἀνιόντας,
849 4506 944 4560 καὶ
995 4505 1121 4569 τοὺς
1167 4505 1402 4576 ἔμπαλιν
1449 4505 1538 4559 διὰ
1570 4506 1667 4577 τῆς
1698 4507 1868 4577 αὐτῆς

288 4599 591 4663 κατιόντας,
619 4599 719 4652 οὑκ
769 4599 834 4652 ἄν
885 4615 968 4661 τις
1015 4597 1210 4668 ἑτέραν
1255 4598 1389 4668 φαίη
1446 4597 1699 4667 βαδίζειν,
1739 4601 1868 4668 μιᾶς

285 4689 613 4762 ἀμφοτέροις
648 4689 904 4759 κειμένης
931 4691 1046 4751 τοῖς
1067 4705 1127 4740 τε
1157 4687 1364 4741 ἀνιοῦσι
1391 4689 1483 4741 καὶ
1510 4691 1623 4752 τοῖς
1650 4688 1869 4742 κατιοῦ-

285 4802 337 4838 σι
362 4783 574 4856 τρίϐου.
603 4783 706 4836 Τὸν
753 4782 916 4838 αὐτὸν
963 4780 1094 4849 γοῦν
1140 4782 1342 4852 τρόπον
1382 4783 1474 4834 καὶ
1506 4782 1598 4834 ἐπὶ
1625 4781 1723 4852 τῆς
1758 4782 1866 4835 τῶν

284 4877 456 4948 γενῶν
488 4876 736 4949 διαδοχῆς
767 4875 1051 4947 πάρεστιν,
1079 4875 1186 4946 ὅτῳ
1217 4873 1367 4943 φίλον
1394 4875 1480 4927 ἐπ’
1509 4875 1758 4941 ἐξουσίας
1779 4874 1868 4928 διά

289 4971 396 5026 τῶν
427 4969 626 5033 αὐτῶν,
660 4971 773 5033 τοῖς
801 4969 900 5040 μὲν
930 4966 1175 5022 κάτωθεν
1221 4967 1313 5020 ἐπὶ
1357 4968 1483 5030 τοὺς
1514 4967 1700 5038 πρόσω
1724 4966 1869 5022 ἀνιέ-

288 5080 393 5127 ναι,
423 5063 534 5125 τοῖς
556 5061 612 5114 δὲ
644 5059 754 5114 ἀπὸ
778 5059 886 5113 τῶν
907 5058 1113 5113 ἀνωθεν
1135 5057 1492 5130 προπατόρων
1519 5057 1863 5129 ἀρξαμένοις,

287 5155 378 5212 ἐπὶ
422 5155 548 5217 τοὺς
587 5153 851 5216 ὑστάτους
879 5150 1239 5221 καταλήγειν·
1273 5143 1426 5212 οὗτος
1450 5149 1506 5203 δὲ
1530 5151 1623 5203 καὶ
1650 5151 1865 5221 πόρρω-

288 5249 374 5303 θεν
406 5245 682 5317 Ἐὃραίοις
713 5244 863 5315 φίλος
887 5239 955 5314 ἦν
981 5244 1008 5296 ό
1039 5243 1258 5315 τρόπος,
1290 5249 1419 5306 etc.,
1445 5251 1502 5296 ut
1532 5244 1587 5295 in
1611 5243 1866 5311 impressa

287 5337 477 5394 anubis
509 5339 756 5408 epitome,
789 5336 890 5391 col.
926 5336 1050 5399 891,
1077 5337 1173 5390 lin.
1201 5334 1236 5389 4
1263 5353 1294 5388 a
1324 5337 1446 5404 ﬁne,
1478 5351 1637 5404 usque
1673 5335 1742 5387 ad
1770 5333 1864 5387 τοῦ

288 5431 532 5506 Σωτῆρος
547 5430 708 5503 ἡμῶν
720 5429 1249 5499 εὐαγγελιστάςφοί.
1267 5428 1504 5495 895,ιίιι.
1531 5426 1620 5482 57.
1644 5427 1762 5480 Είδ’
1782 5428 1864 5480 ὅτι

353 5565 398 5599 ⁸³
434 5565 628 5621 Matth.
667 5583 780 5631 xu,
816 5566 906 5622 40.

355 5680 464 5746 (41)
504 5681 776 5750 Expilavit
817 5681 955 5734 hanc
980 5680 1200 5734 Eusebii
1232 5677 1591 5750 quaestionem.
1621 5675 1866 5750 Isidorus

290 5751 554 5807 Pelusiota
589 5748 678 5823 ep.
709 5752 766 5813 2,
793 5751 921 5817 212,
949 5753 1116 5806 tacito
1147 5748 1391 5805 auctoris
1422 5748 1674 5815 nomine;
1708 5748 1858 5806 ideo-

293 5839 387 5895 que
412 5825 660 5898 ejusdem
701 5823 904 5883 solutio
934 5823 1146 5896 jamdiu
1186 5831 1315 5879 nota
1340 5830 1474 5878 erat.

1971 4240 2083 4299 cat,
2119 4230 2297 4286 Lucas
2323 4245 2453 4285 vero
2493 4229 2778 4284 contrario
2822 4228 3016 4283 ordine
3059 4237 3269 4294 utatur,
3314 4229 3554 4298 quando-

1967 4325 2189 4396 quidem
2243 4322 2434 4378 eadem
2489 4321 2580 4375 via
2638 4329 2869 4392 uterque
2911 4321 3178 4391 graditur,
3230 4321 3413 4377 nullus
3461 4329 3549 4378 est

1968 4416 2384 4488 reprehensioni
2414 4415 2588 4471 locus.
2624 4413 2761 4468 Nam
2791 4422 2846 4468 et
2871 4413 2996 4470 illos
3027 4412 3119 4483 qui
3150 4428 3400 4483 prorsum
3431 4429 3549 4469 sur-

1968 4523 2203 4578 sumque
2257 4507 2584 4573 ascendunt,
2629 4515 2684 4560 et
2729 4507 2854 4560 illos
2886 4504 2980 4576 qui
3036 4503 3326 4561 adversum
3356 4503 3552 4562 eadem

1967 4603 2055 4658 via
2094 4600 2475 4662 descendunt,
2531 4598 2674 4652 haud
2723 4599 3015 4668 quisquam
3082 4597 3286 4652 diceret
3333 4596 3552 4652 diverso

1969 4693 2184 4748 tramite
2217 4691 2470 4746 incedere
2505 4709 2519 4745 :
2565 4691 2693 4760 quia
2723 4691 2934 4746 scilicet
2961 4705 3068 4744 una
3101 4690 3170 4745 ab
3197 4690 3466 4759 utrisque,
3496 4689 3549 4744 id

1967 4791 2052 4839 est
2080 4784 2148 4837 ab
2183 4782 2608 4838 ascendentibus
2650 4781 3241 4852 descendentibusque,
3293 4781 3382 4835 via
3428 4781 3554 4834 teri-

1969 4884 2080 4930 tur.
2113 4874 2236 4929 Pari
2263 4890 2393 4946 ergo
2423 4873 2586 4929 modo
2610 4874 2774 4929 etiam
2822 4873 2878 4929 in
2934 4873 3288 4929 recensendis
3334 4873 3550 4943 generis

1967 4967 2438 5030 successionibus,
2499 4981 2598 5036 pro
2647 4966 2917 5036 cujusque
2958 4965 3114 5020 libito
3161 4965 3246 5018 vel
3294 4965 3364 5020 ab
3423 4964 3549 5019 imis

1968 5077 2191 5116 sursum
2221 5059 2467 5124 tendere,
2504 5059 2590 5114 vel
2629 5074 2660 5113 a
2684 5059 2899 5127 superis
2929 5065 3090 5128 capto
3120 5055 3276 5110 initio
3301 5056 3550 5126 progeni-

1969 5155 2183 5210 toribus
2210 5155 2265 5209 in
2297 5159 2606 5224 postremos
2636 5152 2889 5207 desinere
2919 5151 3062 5204 licet.
3094 5149 3272 5219 Atque
3299 5149 3388 5202 hic
3429 5162 3549 5205 mos

1969 5246 2273 5315 antiquitus
2304 5243 2546 5299 Hebrazis
2591 5243 2815 5313 placuit,
2853 5250 2959 5296 etc.
2990 5239 3145 5308 Quod
3177 5239 3248 5306 si,
3284 5239 3412 5310 quia
3447 5255 3548 5294 nec

1968 5333 2146 5390 Lucas
2182 5335 2484 5390 ascendens
2524 5333 2772 5388 substitit
2815 5333 2872 5386 in
2903 5331 3236 5395 Abrahamo,
3272 5345 3374 5386 nec
3419 5329 3550 5385 Mat-

1968 5428 2144 5483 thzeus
2173 5427 2242 5483 ab
2264 5426 2475 5482 Adamo
2505 5427 2756 5495 imoepit,
2781 5427 2838 5480 in
2887 5441 3048 5496 quem
3093 5423 3272 5481 Lucas
3318 5423 3546 5491 desivit;

2049 5674 2160 5744 (42)
2202 5673 2362 5729 Deest
2403 5673 2454 5726 in
2491 5686 2682 5728 conice
2704 5672 2972 5743 particula
3005 5670 3060 5741 ἦ,
3097 5685 3218 5741 quae
3244 5677 3428 5725 tamen
3457 5665 3548 5722 bis
3647 5728 3654 5736 ι

1969 5747 2142 5803 omitti
2177 5761 2282 5797 non
2317 5744 2522 5797 debuit.

2042 5816 2150 5889 (45)
2192 5815 2326 5871 Cod.
2358 5815 2423 5882 Α,
2463 5816 2498 5869 f.
2526 5813 2612 5869 65.
2640 5812 2840 5870 Confer
2874 5820 3069 5885 quaest.
3104 5827 3166 5867 ll.
