4114 6472
572 345 678 402 9'9

1238 343 1506 401 EUSEBII
1538 346 2024 404 CESAHIENSIS
2058 347 2214 405 OPP.
2255 345 2438 401 PARS
2473 344 2561 399 111.
2598 373 2669 384 --
2706 341 3120 400 EXEGETICA.

571 461 781 520 Idcirco
810 461 1065 518 dissonos
1087 463 1227 518 inter
1257 479 1316 520 se
1353 467 1720 537 evangelistas
1752 468 1954 538 aliquis
1981 467 2151 531 dicat,

2269 465 2340 536 μὴ
2378 463 2537 536 μέχρι
2574 461 2670 516 τοῦ
2715 461 2965 534 ’Λϐραάμ
3013 461 3108 516 καὶ
3151 463 3180 515 6
3225 462 3436 525 Λουκᾶς
3480 459 3647 515 ἀνιὼν
3682 460 3844 531 ἔστη,

574 569 684 608 non
729 560 876 609 recte
905 552 1139 622 judical.
1182 553 1422 625 Uterque
1460 561 1606 612 enim
1651 559 1984 629 evangelista
2027 573 2156 627 pro-

573 645 696 716 prio
724 645 940 699 calculo
968 645 1398 717 descriptionem
1424 650 1679 720 exposuit
1705 668 1722 718 ;
1754 651 1914 705 aliter
1935 651 2154 719 quidem

572 753 642 793 ex
679 738 996 793 Abrahamo
1028 738 1320 810 incipiens,
1370 741 1510 794 alter
1549 741 1726 811 ipsum
1781 741 2154 797 Abrahamum

573 829 997 901 supergradiens
1036 870 1051 895 ,
1075 831 1142 886 ad
1186 831 1423 902 primum
1455 848 1630 902 usque
1667 833 1941 890 hominem
1971 847 2160 887 ascen-

575 923 688 986 dit;
739 936 916 991 neque
963 921 1016 974 in
1063 921 1163 974 hoc
1199 921 1317 990 ipso
1366 923 1701 986 consistens,
1754 923 1998 978 historia:
2044 938 2158 978 sua:

578 1013 774 1073 seriem
809 1029 931 1067 cum
955 1011 1065 1066 Deo
1087 1013 1385 1072 connectit.
1425 1017 1687 1079 Quaenam
1748 1030 1916 1086 porro
1961 1016 2015 1069 in
2071 1015 2164 1070 his.

579 1106 938 1175 repugnantia
986 1105 1102 1159 est?
1144 1106 1189 1159 si
1237 1105 1489 1160 Matthzeo
1532 1105 1751 1176 quidem
1799 1107 1974 1162 visum
2029 1109 2160 1162 uti-le

577 1207 684 1258 est,
717 1198 788 1252 ob
832 1199 1119 1266 scriptura:
1160 1215 1272 1254 suae
1299 1199 1631 1262 institutum,
1655 1214 1724 1254 ex
1756 1199 2070 1255 Abrahamo
2107 1208 2162 1258 et

579 1288 840 1360 deinceps
870 1289 1240 1360 genealogiam
1273 1289 1544 1350 deducere
1569 1310 1582 1346 :
1607 1289 1770 1346 Luca:
1823 1299 2004 1346 autem
2053 1291 2165 1361 pla-

579 1380 716 1443 cuit,
750 1392 969 1452 propter
997 1383 1429 1452 regenerationis
1475 1383 1529 1438 in
1555 1382 1776 1439 Christo
1799 1384 2149 1455 mysterium,

581 1489 802 1530 sursum
848 1475 1150 1545 provehere
1197 1475 1473 1532 hominem
1525 1476 1747 1533 lavacro
1781 1485 2163 1546 regeneratum

582 1567 724 1620 ultra
755 1567 1050 1636 cujuslibet
1081 1568 1454 1638 generationis
1504 1568 1662 1626 lines.
1709 1567 1952 1626 Observa
1989 1570 2158 1632 enim,

581 1675 706 1715 eum
746 1668 859 1715 toto
891 1675 994 1715 suo
1025 1677 1276 1716 sermone
1311 1662 1637 1716 vocabulum
1665 1661 2034 1733 generationis
2080 1677 2164 1717 re-

580 1750 772 1814 ticere,
810 1753 903 1808 sed
957 1752 1145 1808 Jesum
1193 1753 1586 1810 retrocedendo
1633 1753 1958 1817 subvehere,
1987 1754 2164 1808 donec

2266 555 2403 628 μηδὲ
2435 558 2463 609 6
2494 555 2768 618 Ματθαῖος
2801 554 2909 607 ἀπὸ
2941 552 3034 606 τοῦ
3073 551 3244 624 Ἀδὰμ
3275 552 3476 625 ἤρξατο
3516 555 3601 622 ἐφ’
3630 553 3688 606 ὃν
3713 568 3849 606 κατ-

2262 646 2450 720 έληξεν
2494 650 2522 701 6
2569 649 2802 711 Λουκᾶς,
2833 646 3120 716 διαφωνεῖν
3166 663 3250 710 τις
3299 647 3495 710 αὐτοὺς
3525 645 3694 714 λέγοι,
3744 645 3850 699 οὐκ

2262 740 2437 812 ὀρθῶς
2484 739 2686 794 οἴεται·
2719 739 2977 811 ἑκάτερος
3024 738 3132 809 γὰρ
3178 739 3356 793 αὐτῶν
3382 738 3570 810 οίκείῳ
3595 738 3851 808 λογισμῷ

2262 833 2361 904 τὴν
2405 832 2618 886 ἔκθεσιν
2669 833 2961 904 πεποίηται
3007 834 3101 904 τῆς
3145 834 3382 905 γραφῆς,
3412 836 3441 886 6
3488 833 3588 904 μὲν
3635 833 3700 886 ἐκ
3753 830 3852 884 τοῦ

2277 927 2527 998 Ἀϐραὰμ
2553 926 2874 1001 ἀρξάμενος,
2907 928 2936 980 6
2965 926 3020 979 δὲ
3053 927 3148 979 καὶ
3175 926 3266 980 τὸν
3293 925 3544 996 Ἀϐραὰμ
3575 922 3852 994 ὑπερϐὰς,

2267 1020 2357 1073 ἐπί
2382 1037 2439 1074 τε
2468 1020 2560 1073 τὸν
2587 1019 2804 1091 πρῶτον
2836 1018 3121 1090 ἄνθρωπον
3147 1017 3412 1073 ἀνελθών·
3447 1018 3540 1070 καὶ
3571 1016 3709 1088 μηδὲ
3751 1014 3856 1085 μέ-

2265 1132 2357 1185 χρι
2407 1112 2597 1166 τούτου
2647 1111 2799 1177 στὰς,
2830 1112 2922 1164 τὸν
2970 1111 3150 1165 πάντα
3181 1110 3238 1162 δὲ
3269 1109 3425 1177 λόγον
3471 1110 3562 1160 ἐπὶ
3593 1109 3687 1160 τὸν
3714 1104 3859 1160 Θεὸν

2265 1207 2605 1278 ἁναρτήσας’
2650 1203 2778 1258 ποία
2818 1203 2927 1274 γὰρ
2977 1205 3033 1256 ἐν
3077 1201 3286 1266 τούτοις
3331 1203 3515 1272 μάχῃ
3547 1202 3611 1254 Εἰ
3640 1200 3722 1270 τῷ
3755 1200 3860 1269 μὲν

2266 1298 2531 1368 χρήσιμος
2555 1296 2727 1366 ἐφάνη
2749 1300 2782 1367 ἡ
2806 1295 2915 1350 ἀπὸ
2942 1293 3032 1347 τοῦ
3062 1293 3311 1365 Ἀϐραὰμ
3333 1293 3428 1346 καὶ
3453 1293 3547 1346 ἐπὶ
3572 1293 3699 1356 τοὺς
3721 1291 3860 1360 ἑξῆς

2266 1389 2602 1460 γενεαλογία,
2635 1389 2726 1442 διὰ
2757 1389 2854 1458 τὴν
2880 1385 3188 1456 οἰκονομίαν
3214 1383 3308 1438 τοῦ
3329 1385 3456 1456 παρ’
3487 1383 3639 1456 αύτῷ
3660 1383 3856 1452 λόγου,

2267 1484 2295 1536 6
2325 1483 2381 1535 δὲ
2413 1481 2499 1534 διὰ
2523 1481 2588 1535 :6
2607 1481 2707 1551 τῆς
2733 1484 2790 1535 ἐν
2816 1477 3035 1551 Χριστῷ
3075 1477 3492 1544 παλιγγενεσίας
3523 1477 3859 1548 μυστήριον,

2267 1567 2586 1633 ἀναϐιϐάζει
2634 1569 2726 1622 τὸν
2759 1567 2847 1620 διά
2885 1565 3107 1636 λουτροῦ
3141 1564 3557 1635 γεγεννημένον,
3589 1566 3863 1618 ἐπέκεινα

2269 1663 2487 1734 ἀπάσης
2515 1659 2780 1730 γενέσεως
2803 1674 2818 1688 ο
2853 1659 3011 1729 τήρει
3035 1656 3144 1729 γὰρ
3183 1658 3265 1710 ὃτι
3305 1656 3370 1709 δι’
3398 1657 3521 1709 ὅλου
3558 1655 3652 1710 τοῦ
3685 1657 3860 1724 λόγου

2271 1751 2580 1824 σεσιώπηκε
2628 1750 2690 1804 :6
2739 1751 2839 1821 τῆς
2889 1747 3158 1818 γενέσεως
3197 1747 3388 1819 ὄνομα,
3416 1749 3538 1818 ἄγει
3579 1765 3638 1804 τε
3685 1748 3862 1802 αὑτὸν

581 1859 693 1901 non
742 1846 796 1899 in
831 1845 1052 1900 homine
1102 1847 1286 1917 aliquo
1316 1846 1484 1912 sistit,
1531 1845 1626 1902 sed
1674 1846 1730 1904 in
1767 1847 1886 1917 ipso
1913 1847 2157 1906 omnium

2269 1844 2502 1913 ἀνάγων,
2539 1841 2636 1897 καὶ
2664 1841 2878 1913 ἵστησιν
2925 1843 3026 1896 ούκ
3070 1841 3161 1895 ἐπί
3207 1860 3326 1895 τινα
3370 1839 3695 1913 ἀνθρώπων,
3735 1840 3861 1894 ἀλλ’

584 1932 716 1998 Deo,
757 1935 847 1989 cui
881 1935 1034 1990 illum
1059 1945 1246 2007 utpote
1270 1935 1469 1991 Filium
1498 1937 1648 1992 Patri
1680 1938 1924 2012 copulat.

652 2113 706 2168 2.
761 2115 875 2186 Age
903 2129 1034 2171 vero
1073 2124 1133 2169 ut
1171 2116 1246 2169 ita
1281 2117 1443 2170 etiam
1478 2115 1756 2186 loquentis
1789 2129 2155 2186 coarguamus

583 2207 938 2275 imperitiam,
987 2215 1153 2277 atque
1204 2215 1265 2261 ut
1320 2222 1481 2262 nemo
1525 2207 1777 2263 veritatis
1814 2208 2164 2277 ignoratione

582 2299 842 2369 deinceps
903 2301 1226 2357 scandalum
1273 2300 1536 2370 patiatur,
1582 2299 1877 2371 genuinam
1910 2309 2050 2358 actae
2085 2301 2160 2354 rei

584 2393 874 2456 historiam
911 2407 1209 2462 exponam.
1259 2389 1317 2449 In
1364 2391 1558 2461 primis
1593 2408 1722 2448 vero
1757 2393 2028 2462 objectam
2063 2409 2165 2446 no-

582 2485 670 2548 bis
702 2485 1134 2555 pr0positionem
1172 2483 1530 2544 considerare
1559 2500 1698 2554 opus
1723 2493 1825 2541 est.
1871 2483 2164 2542 Matthazus

583 2577 806 2649 quidem
853 2593 920 2631 ex
970 2577 1288 2634 Abrahamo
1342 2575 1409 2631 ad
1450 2575 1734 2640 Davidem,
1783 2587 1946 2647 atque
1977 2577 2052 2630 ita
2095 2575 2164 2630 ad

586 2666 938 2722 Salomonem
992 2667 1224 2737 ejusque
1257 2682 1610 2723 successores
1657 2684 1831 2738 usque
1883 2666 1954 2722 ad
2003 2666 2164 2723 Jaco-

584 2757 737 2823 bum,
796 2758 940 2814 unde
992 2767 1146 2814 ortus
1175 2758 1448 2830 Josephus
1492 2759 1699 2815 Christi
1731 2767 1954 2831 putatus
1986 2769 2162 2831 pater,

585 2851 890 2909 descendit.
951 2851 1128 2912 Lucas
1158 2861 1338 2908 autem
1380 2852 1680 2923 Josephum
1721 2853 1864 2908 haud
1896 2870 1964 2909 ex
1997 2853 2162 2908 Jaco-

585 2945 656 3000 bo
677 2943 752 2997 ait
777 2951 983 3008 ortum,
1014 2951 1073 2998 ut
1111 2944 1435 3012 Matthaaus;
1462 2944 1556 3000 sed
1581 2961 1648 3001 ex
1683 2944 1801 3000 Heli
1833 2946 2159 3012 ascendens,

585 3033 656 3093 ad
686 3042 917 3089 caeteros
947 3035 1144 3105 pergit,
1171 3050 1408 3104 quorum
1443 3035 1652 3089 nullum
1695 3034 1979 3091 Matthazus
2011 3051 2164 3089 com-

585 3138 874 3183 memorat.
898 3130 1072 3198 Atque
1093 3129 1164 3182 ita
1180 3128 1459 3199 obliquam
1485 3128 1650 3183 veluti
1673 3128 1975 3183 decurrens
1995 3129 2162 3192 viam,

589 3235 936 3290 nequaquam
965 3219 1032 3272 ad
1065 3219 1416 3274 Salomonem
1464 3217 1683 3273 devenit
1715 3218 1936 3276 Davidis
1966 3221 2160 3284 lilium,
2192 3201 2234 3257 (ἶ

587 3311 682 3368 sed
737 3312 805 3366 ad
858 3310 1170 3365 Nathanum
1230 3313 1323 3383 qui
1373 3328 1528 3383 teque
1579 3311 1680 3366 fuit
1724 3311 1946 3373 Davidis
1997 3312 2164 3369 ﬁlius.

587 3404 752 3474 Atqui
781 3405 1141 3475 oportuisset,
1178 3405 1224 3460 si
1252 3421 1418 3460 unam
1451 3413 1678 3476 uterque
1701 3407 2040 3477 evangelista
2073 3423 2169 3477 ge-

586 3496 893 3566 nealogiam
944 3496 1183 3559 texebat,
1219 3497 1306 3552 vel
1333 3495 1538 3550 Lucam
1570 3496 1820 3552 eamdem
1858 3513 1983 3552 cum
2028 3496 2168 3554 Mat-

587 3587 735 3644 thaeo
756 3585 957 3642 seriem
992 3593 1308 3651 contexere.
1344 3586 1430 3640 vel
1468 3585 1778 3640 Matthazum
1801 3585 2016 3652 eadem,
2046 3603 2170 3657 qua:

588 3679 755 3737 habet
797 3678 996 3744 Lucas,
1023 3679 1249 3733 nomina
1289 3679 1546 3735 recitare.
1600 3678 1665 3733 Hi
1699 3695 1828 3733 vero
1856 3679 1993 3735 adeo
2033 3681 2168 3735 invi-

588 3787 708 3827 cem
739 3786 850 3826 non
893 3769 1233 3841 conspirant,
1277 3779 1336 3824 ut
1374 3770 1513 3825 alter
1557 3769 1754 3826 Jacobi
1801 3770 1972 3825 lilium
2018 3771 2170 3828 dicat

587 3861 887 3934 Josephum
921 3877 986 3916 ac
1010 3859 1324 3916 Salomonis
1352 3860 1555 3916 Davide
1587 3863 1788 3932 geniti:
1819 3863 1957 3917 alter
1980 3871 2161 3918 autem

603 3969 715 4009 non
755 3953 968 4020 Jacobi,
1001 3952 1096 4009 sed
1130 3952 1250 4009 Heli
1291 3967 1358 4008 ac
1396 3952 1636 4007 Nathani
1683 3952 1886 4011 Davide
1912 3955 2041 4010 item
2073 3972 2168 4026 ge-

590 4046 729 4104 niti:
777 4063 886 4118 quo
925 4047 1202 4104 scribendi
1243 4029 1496 4102 instituto
1548 4062 1881 4117 magnopere
1929 4048 2073 4103 inter
2111 4065 2172 4105 se

589 4142 861 4198 dissidere
917 4139 1198 4196 videntur.
1246 4168 1319 4179 —
1376 4138 1666 4208 Quomodo
1721 4139 1886 4209 igitur
1940 4139 2172 4209 objecta:

591 4233 952 4309 propositioni
978 4230 1404 4299 ,occurrendum
1432 4229 1551 4286 est?
1573 4229 1788 4300 Agesis,
1818 4233 2014 4287 anima:
2041 4248 2172 4305 ape-

591 4326 798 4380 rientes
835 4323 1080 4384 oculum,
1114 4320 1400 4377 vocabulis
1443 4320 1578 4390 ipsis
1631 4332 1890 4378 accurate
1934 4331 2168 4376 mentem

594 4415 968 4480 intendamus,
1022 4421 1078 4470 et
1148 4412 1282 4482 quid
1346 4412 1493 4468 dicat
1545 4410 1726 4470 Lucas
1784 4414 2164 4484 inspiciamus.

2263 1939 2356 1990 ἐπὶ
2397 1936 2488 1990 τὸν
2535 1935 2752 1990 πάντων
2793 1935 2946 1998 Θεὸν,
2977 1934 3256 2006 μονονουχὶ
3292 1934 3601 2006 προσάγων,
3649 1933 3748 1988 ἆτε
3792 1932 3864 2003 δὴ

2266 2029 2393 2084 Υἱὸν
2417 2027 2713 2098 γενόμενον
2743 2026 2820 2096 τῷ
2851 2025 3048 2098 Πατρί.

2338 2121 2402 2192 β’.
2439 2119 2549 2192 (44)
2580 2121 2698 2172 Ἵνα
2725 2115 2818 2172 οῦν
2849 2119 2946 2178 καὶ
2981 2117 3140 2171 τοῦτο
3177 2119 3458 2190 εἰρηκότος
3486 2117 3584 2188 τὴν
3608 2117 3872 2189 ἀμαθίαν.

2265 2212 2603 2283 ἐλέγξωμεν,
2654 2211 2951 2281 παύσωμεν
2998 2210 3057 2268 δὲ
3104 2210 3199 2264 τοῦ
3257 2210 3457 2282 μηδένα
3500 2211 3592 2265 ὑπ’
3625 2211 3868 2280 ἀγνοίας

2266 2304 2458 2375 ὁμοίας
2512 2302 2968 2374 σκανδαλισθῆναι
2993 2343 3012 2366 ,
3052 2301 3152 2374 τὴν
3190 2303 3365 2375 ἀληθῆ
3409 2301 3517 2356 τῶν
3545 2303 3865 2372 γεγονότων

2269 2395 2507 2466 ἱστορίαν
2559 2394 2894 2465 ἐκθήσομαι*
2930 2394 3194 2466 πρότερον
3240 2395 3297 2447 δέ
3345 2394 3442 2465 τὴν
3489 2394 3864 2468 πῳταθεῖσαν

2266 2488 2398 2557 ἡμῖν
2455 2486 2716 2557 πρότασιν
2751 2488 2948 2560 καιρός
3006 2489 3126 2548 ἐστι
3176 2487 3574 2558 ἐπισκέψασθαι
3605 2505 3618 2518 ο
3670 2490 3699 2541 6
3755 2488 3864 2558 μὲν

2267 2576 2541 2640 Ματθαίος
2569 2577 2677 2632 ἀπὸ
2716 2577 2812 2632 τοῦ
2846 2579 3098 2652 ’Λϐραὰμ
3121 2580 3214 2633 ἐπὶ⁸
3244 2581 3336 2633 τὸν
3383 2579 3547 2634 Δαυτδ
3568 2619 3582 2643 ,
3636 2581 3730 2633 καὶ
3765 2579 3864 2632 06o

2266 2686 2375 2732 τως
2421 2669 2513 2720 ἐπὶ
2560 2671 2651 2723 τὸν
2698 2669 2987 2741 Σολομῶνα
3026 2673 3120 2726 καὶ
3175 2673 3302 2736 τοὺς
3347 2671 3538 2725 τούτου
3571 2671 3864 2741 διαδόχους

2271 2761 2431 2831 μέχρι
2477 2761 2574 2814 τοῦ
2605 2761 2798 2815 Ἰακὼϐ
2820 2802 2835 2827 ,
2870 2761 2930 2828 ἐξ
2953 2756 3014 2816 οὗ
3045 2763 3240 2835 Ἰωσὴφ
3273 2765 3302 2817 6
3330 2762 3426 2823 τοῦ
3451 2763 3692 2836 Χριστοῦ
3716 2781 3860 2834 χρηο

2271 2851 2504 2924 ματίσας
2536 2853 2740 2923 πατὴρ,
2790 2853 3033 2906 κάτεισιν
3054 2871 3068 2884 ο
3115 2855 3144 2906 6
3183 2854 3239 2908 δὲ
3286 2856 3500 2918 Λουκᾶς
3525 2854 3620 2906 τὸν
3650 2855 3862 2924 Ἰωσὴφ

2266 2941 2366 2993 ούκ
2395 2940 2501 2994 ἀπὸ
2530 2940 2624 2994 τοῦ
2655 2941 2850 2996 Ἰακὼϐ
2895 2940 3036 2998 εἶναί
3072 2961 3238 3015 φησιν
3265 2944 3342 3008 ὼς
3388 2943 3694 3008 Ματθαίος,
3732 2943 3864 2997 ἀλλ’

2267 3032 2376 3088 ἀπὸ
2399 3033 2492 3086 τοῦ
2522 3033 2670 3086 Ἡλεί
2693 3052 2706 3066 ·
2735 3031 2854 3088 εἶτα
2885 3036 2994 3089 ἀπὸ
3025 3035 3119 3089 τοῦ
3155 3036 3301 3089 Ἠλεὶ
3328 3035 3492 3093 ἀνιὼν
3519 3036 3603 3104 ἐφ’
3628 3037 3859 3107 ἐτέρους

2272 3128 2456 3197 χωρεῖ,
2482 3119 2558 3179 ὧν
2587 3125 2708 3180 οὐδὲ
2741 3126 2860 3190 ὅλος
2900 3126 3305 3198 ἐμνημόνευσεν
3355 3127 3385 3178 6
3416 3125 3728 3188 Ματθαῖοςο
3757 3125 3862 3177 καὶ

2268 3215 2441 3280 οὕτως
2494 3217 2731 3287 πλαγίαν
2772 3217 2895 3272 τινὰ
2945 3217 3202 3291 δραμὼν,
3246 3218 3468 3290 ἔρχεται
3509 3217 3610 3270 ούκ
3640 3217 3735 3269 ἐπὶ
3762 3216 3864 3269 τὸν

2270 3308 2558 3380 Σολομῶνα
2596 3309 2688 3364 τὸν
2739 3310 2836 3364 τοῦ
2878 3305 3072 3376 Δαυῒδ,
3122 3309 3237 3364 ἀλλ’
3268 3310 3360 3368 ἐπὶ
3404 3309 3592 3364 Νάθαν
3624 3310 3716 3364 τὸν
3757 3309 3860 3362 καὶ

2270 3401 2432 3456 αὑτὸν
2459 3402 2554 3460 :06
2586 3403 2778 3457 Δαυῖδο
2815 3403 3067 3472 ὀφείλων,
3101 3405 3148 3456 εί
3171 3403 3235 3474 δὴ
3273 3403 3527 3475 περὶτῆς
3559 3403 3729 3474 αὐτῆς
3760 3419 3864 3470 γε-

2269 3495 2550 3563 νεαλογίας
2583 3497 2612 3547 6
2642 3493 2798 3565 λόγος
2820 3491 2888 3574 ἦν
2915 3495 3117 3559 αὐτοῖς,
3149 3494 3240 3549 διὰ
3261 3493 3369 3547 τῶν
3399 3494 3579 3546 αὐτῶν
3600 3493 3680 3563 τῷ
3701 3494 3861 3546 Ματ-
3966 3527 3972 3536 -

2270 3586 2703 3657 θαίῳ”ἀνελθεῖν,
2739 3587 2772 3657 ἦ
2803 3587 2893 3639 τὸν
2927 3587 3206 3640 Ματθαῖον
3242 3586 3308 3640 δι’
3343 3579 3418 3638 ὧν
3442 3588 3470 3638 6
3504 3587 3718 3648 Λουκᾶς
3741 3604 3860 3656 χω-

2273 3679 2433 3754 ρῆσαι
2466 3678 2746 3749 ὀνομάτων
2766 3694 2780 3708 ο
2810 3680 2858 3731 εί
2883 3679 2939 3732 δὲ
2967 3678 3138 3744 οὕτως
3164 3679 3226 3731 ού
3261 3677 3663 3749 συνηνέχθησαν
3691 3678 3862 3750 ἀλλη-

2269 3770 2414 3835 λοις,
2439 3771 2511 3835 ὡς
2541 3771 2629 3840 τὸν
2661 3772 2757 3824 ἕνα
2782 3773 2954 3825 εἰπεῖν
2991 3771 3085 3824 τοῦ
3120 3769 3310 3824 Ἰακὼϐ
3346 3770 3437 3824 τὸν
3475 3769 3672 3841 Ἰωσὴφ
3713 3765 3858 3823 εἶναι

2270 3867 2383 3919 υἱὸν
2415 3867 2508 3919 καὶ
2535 3859 2846 3936 Σολομῶνος
2877 3863 2994 3918 υἱοῦ
3036 3864 3228 3918 Δαυῖδ·
3271 3863 3364 3917 τὸν
3416 3862 3471 3916 δὲ
3516 3863 3732 3933 ἕτερον,
3776 3864 3858 3934 μὴ

2269 3957 2363 4012 τοῦ
2397 3957 2589 4011 Ἰακὼϐ
2609 3997 2624 4022 ,
2660 3957 2793 4011 ἁλλά
2834 3956 2927 4012 τοῦ
2957 3957 3106 4010 Ἠλεὶ
3149 3957 3242 4009 καὶ
3285 3954 3474 4010 Νάθαν
3507 3954 3622 4007 υἱοῦ
3649 3953 3818 4008 Δαυῖδ
3841 3971 3856 3985 ο

2269 4051 2337 4106 δι’
2364 4044 2437 4104 ὧν
2461 4051 2667 4110 ἐοίκασι
2697 4049 2898 4120 πολλὴν
2935 4047 3230 4118 διαφωνίαν
3271 4048 3411 4119 πρὸς
3453 4046 3712 4118 ἀλλήλους
3757 4062 3863 4098 πε-

2276 4142 2496 4216 ριέχειν.
2513 4170 2586 4181 -—
2608 4141 2670 4194 Τί
2696 4141 2759 4213 δὴ
2779 4137 2870 4196 οῦν
2899 4143 2978 4204 είς
3001 4141 3061 4194 τὸ
3089 4139 3353 4212 προταθὲν
3377 4138 3535 4192 τοῦτο
3563 4137 3860 4210 πρόϐλημα

2272 4231 2416 4285 εἴποι
2455 4233 2518 4286 ἄν
2544 4247 2664 4297 τις;
2698 4232 2831 4302 φέρε
2858 4230 2959 4301 τῆς
2990 4231 3167 4301 ψυχῆς
3199 4229 3560 4295 διανοίξαντες
3580 4229 3642 4280 :6
3662 4228 3818 4299 όμμα
3838 4266 3854 4290 ,

2271 4326 2474 4388 ἀτενῶς
2523 4328 2644 4387 ταῖς
2690 4322 2904 4396 λέξεσιν
2956 4323 3140 4385 αὐτοῖς
3189 4322 3562 4392 ἐπερείσωμεν
3601 4321 3701 4391 τὴν
3737 4320 3856 4374 διά-

2271 4435 2419 4472 νοιαν
2439 4458 2453 4483 ,
2488 4416 2686 4486 ἴδωμέν
2722 4433 2780 4468 τε
2809 4414 2861 4468 τί
2887 4432 3050 4486 φησιν
3088 4415 3117 4466 6
3147 4415 3380 4478 Λουκᾶς.
3430 4432 3448 4464 ι
3480 4412 3589 4466 Καὶ
3634 4412 3794 4475 αὐτὸς
3826 4414 3856 4466 6

599 4528 618 4560 ι
647 4505 715 4563 Ει
746 4509 862 4577 ipse
891 4503 1055 4561 Jesus
1108 4514 1228 4559 erat
1261 4505 1531 4575 incipiens
1561 4508 1728 4579 quasi
1757 4521 2026 4561 annorum
2068 4507 2162 4560 tri-

2288 4509 2495 4581 Ἰησοῦς
2534 4505 2602 4579 ἦν
2638 4507 2936 4579 ἀρχόμενος
2969 4505 3101 4558 ὡσεὶ
3143 4505 3280 4558 ἐτῶν
3309 4506 3604 4577 τριάκοντα
3631 4503 3706 4556 ὢν
3737 4502 3854 4567 υίὸς

591 4601 763 4674 ginta,
817 4607 875 4653 ut
927 4597 1221 4668 putabatur
1271 4598 1414 4652 lilius
1445 4596 1694 4668 Josephi,
1731 4598 1825 4668 qui
1874 4597 1976 4652 fuit
2021 4596 2163 4662 Heli,

594 4692 688 4763 qui
725 4691 827 4745 fuit
874 4688 1092 4744 Melcbi.
1131 4707 1152 4742 ι
1189 4686 1296 4743 Sed
1320 4687 1468 4743 enim
1516 4687 1822 4752 Mattheus,
1854 4688 1997 4742 haud
2034 4702 2169 4742 usus

590 4794 676 4843 est
707 4785 948 4840 dictione
987 4782 1303 4854 putabatur,
1334 4790 1459 4854 ‘etc.
1517 4779 1698 4850 Atque
1729 4781 1845 4835 haec
1874 4779 2049 4852 prima
2083 4788 2168 4837 est

592 4878 898 4948 responsio.

665 4971 721 5026 5.
768 4969 923 5024 Alius
951 4982 1169 5038 quoque
1212 4966 1448 5021 fortasse
1482 4967 1615 5020 latet
1664 4964 1974 5036 profundus
2002 4974 2168 5036 atque

594 5075 829 5118 arcanus
860 5063 914 5113 in
957 5058 1234 5128 praedictis
1277 5073 1494 5117 sensus.
1548 5057 1838 5114 Mattheus
1872 5060 2017 5113 enim
2053 5076 2170 5112 ma—

595 5152 792 5211 nilcSte
827 5152 1102 5207 carnalem
1150 5165 1386 5204 narrans
1417 5149 1625 5206 Christi
1668 5151 1962 5221 originem,
1995 5159 2050 5207 et
2075 5151 2175 5206 Jo-

597 5246 832 5317 sephum
873 5245 1061 5300 volens
1114 5260 1242 5299 vere
1288 5244 1489 5299 Davide
1525 5245 1816 5300 oriundum
1851 5244 2170 5308 ostendere,

595 5337 863 5394 orationis
876 5353 987 5391 suae
1002 5339 1307 5408 ingressum
1321 5336 1534 5406 qualem
1554 5337 1792 5407 oportuit
1806 5336 2171 5402 facit,dicens,

601 5428 757 5489 Liber
783 5428 1140 5499 generationis
1175 5425 1306 5480 Iesu
1333 5425 1566 5489 Christi,
1598 5434 1652 5480 et
1698 5427 1932 5497 reliqua,
1976 5440 2174 5479 conse-

597 5530 938 5592 quenterque
968 5527 1136 5574 totam
1169 5518 1365 5573 deinde
1392 5519 1677 5574 historiam
1715 5520 1868 5590 ponit
1904 5527 2028 5590 post
2050 5534 2178 5589 pro-

598 5613 904 5684 ;enitorum
951 5611 1284 5680 catalogum,
1339 5609 1524 5680 Magos
1594 5610 1883 5677 videlicet,
1945 5610 2175 5667 Herodis

671 5799 782 5868 (Μ)
819 5795 953 5852 Cod.
983 5795 1048 5864 Α,
1082 5795 1122 5851 l'.
1154 5794 1240 5852 64.
1285 5792 1486 5860 Ωυεδι.
1527 5809 1601 5853 ιιι.

2274 4602 2351 4666 ὡς
2393 4601 2672 4672 ἐνομίζετο
2710 4598 2804 4652 τοῦ
2833 4598 3063 4670 Ἰωσὴφ,
3100 4597 3194 4651 τοῦ
3224 4597 3404 4660 Ἠλεὶ,
3450 4597 3544 4650 τοῦ
3583 4597 3787 4668 Μελχί·
3829 4617 3847 4649 ι

2272 4693 2388 4747 ἀλλ’
2413 4696 2510 4764 ούχ
2538 4693 2566 4745 6
2599 4708 2663 4760 γε
2707 4689 2984 4753 Ματθαῖος
3028 4690 3298 4761 ἐχρήσατο
3330 4690 3395 4759 τῇ
3439 4689 3520 4754 ὼς
3554 4686 3854 4757 ἐνομίζετο

2273 4787 2455 4855 φωνῇ,
2489 4795 2619 4846 etc.,
2651 4784 2779 4837 utin
2808 4783 3050 4852 epitome,
3083 4781 3182 4834 col.
3209 4780 3335 4847 896,
3369 4780 3463 4833 lin.
3493 4779 3548 4844 4,
3585 4795 3749 4850 usque
3780 4779 3852 4833 ad

2271 4876 2409 4950 αὕτη
2444 4877 2540 4949 μὲν
2565 4872 2656 4930 οὖν
2684 4878 2719 4954 ἡ
2751 4876 2942 4949 πρώτη
2958 4874 3227 4938 ἀπόδοσις.

2344 4979 2410 5042 γ’.
2437 4972 2548 5043 (45)
2581 4971 2680 5043 Είη
2707 4971 2752 5024 δ’
2778 4970 2842 5025 ἀν
2869 4988 2953 5034 τις
2979 4969 3076 5022 καὶ
3101 4967 3261 5032 ἄλλος
3287 4967 3456 5038 βαθὺς
3480 4967 3574 5021 καὶ⁵
3603 4967 3852 5039 ἀπόρρηυ

2273 5080 2363 5126 τος
2403 5065 2460 5115 ἐν
2503 5065 2617 5125 τοῖς
2652 5060 3034 5133 προκειμένοις
3067 5058 3241 5128 λόγος.
3291 5058 3570 5120 Ματθαῖος
3605 5056 3703 5126 μέν
3743 5056 3854 5126 γὰρ

2273 5154 2716 5224 ὁμολογουμένως
2760 5153 2857 5223 τὴν
2901 5151 3162 5222 ἐνσαρκον
3219 5149 3433 5218 γένεσιν
3480 5147 3709 5219 ἱστορῶν
3756 5144 3852 5198 τοῦ

2275 5247 2510 5318 Χριστοῦ
2533 5287 2546 5310 ,
2578 5248 2669 5300 καὶ
2692 5247 2784 5299 τὸν
2815 5245 3009 5316 Ἰωσὴφ
3047 5243 3322 5310 ἀποδεῖξαι
3363 5242 3684 5313 βουλόμενος
3719 5238 3855 5309 ἀλη-

2278 5339 2386 5403 θῶς
2428 5341 2492 5392 ἐκ
2533 5338 2693 5392 Δαυῖδ
2715 5380 2728 5402 ,
2762 5337 2884 5391 ὅθεν
2913 5336 3077 5410 ἐχρῆν
3115 5339 3180 5408 τῇ
3215 5335 3430 5406 εἰσϐολῇ
3465 5336 3729 5408 κέχρηται
3754 5332 3852 5386 τοῦ

2277 5433 2455 5498 λόγου,
2475 5433 2672 5503 φήσας,
2695 5431 2911 5496 Βίϐλος
2921 5427 3210 5499 γενέσεως
3238 5426 3432 5495 Ἰησοῦ
3453 5425 3729 5496 Χριστοῦ.
3757 5424 3855 5480 καὶ

2276 5523 2344 5576 τὰ
2377 5522 2502 5592 ἑξῆς
2523 5539 2539 5554 ο
2564 5520 2870 5584 ἀκολούθως
2894 5535 2954 5572 τε
2981 5518 3076 5589 τὴν
3103 5517 3228 5588 ὅλην
3251 5517 3378 5588 ἑξῆς
3408 5516 3648 5587 ἱστορίαν
3668 5514 3853 5583 τίθησι

2283 5612 2418 5683 μετά
2453 5611 2546 5666 τὸν
2581 5611 2690 5663 τῶν
2719 5608 3078 5682 προπατόρων
3103 5606 3420 5676 κατάλογον,
3452 5607 3578 5669 τοὺς
3603 5604 3849 5675 Μάγους,

2353 5793 2464 5865 (t5)
2505 5790 2638 5847 Ibid.
