4134 6414
228 276 342 338 ὫΒἸ

1101 282 1603 347 δΒΡΡιεΜΕΝΤΑ
1640 282 2116 360 ΟΠᾸΖΞΤΙΟΝΗΜ
2154 291 2246 349 AD
2287 283 2734 353 STEPHANUM.

3393 289 3502 350 οδε

241 403 338 463 τῆν
365 395 607 476 Ἡρώδου
634 406 853 478 μανίαν,
882 407 980 480 τὴν
1011 411 1091 472 είς
1112 409 1387 478 Αἴγυπτον
1407 407 1593 482 ⁷Ἰησοῦ
1619 411 1818 483 φυγὴν,

1926 411 2190 476 furorem,
2214 411 2343 467 Jesu
2363 412 2417 466 in
2432 410 2728 483 Egyptum
2747 410 2951 482 fugam,
2977 403 3214 464 indidem
3238 405 3497 471 reditum,

234 500 340 570 ’τὴν
383 499 593 555 ἐκεῖθεν
633 501 912 566 ἐπάνοδον,
951 502 1042 555 τὸν
1070 502 1359 574 ’Λρχέλαον
1380 523 1395 536 ο
1433 506 1526 558 καὶ
1562 505 1640 570 ὡς
1685 507 1822 577 μετά

213 592 413 658 1ταῦτα
443 593 544 663 ἤδη
574 593 760 649 λοιπὸν
802 597 881 659 εἰς
911 595 1108 666 ἄνδρας
1141 597 1392 668 Ἰωάννης
1430 597 1642 669 προϐὰς
1685 600 1821 670 μετά

214 672 566 754 ⁵τριακοστὸν
594 683 714 747 έτος
738 686 835 756 τῆς
865 685 1039 756 Ἰησοῦ
1065 687 1348 754 γενέσεως,
1377 689 1470 742 ἐπὶ
1493 687 1593 760 τῆς
1614 692 1820 762 ἐρήμου

242 775 510 846 κηρύσσει
544 775 824 849 βάπτισμα
855 775 1142 849 μετανοίας
1162 823 1176 846 ,
1212 781 1434 852 πάρεισί
1459 800 1519 835 τε
1551 783 1688 854 μετὰ
1712 784 1822 837 τῶν

242 867 417 922 ἄλλων
442 870 537 922 καὶ
562 872 591 923 ό
623 870 829 941 Ἰησοῦς
859 872 916 925 ὲν
948 871 1025 942 τῷ
1053 873 1287 947 Ἰορδάνῃ
1323 873 1822 947 βαπτισθησόμενος

239 959 349 1012 ὑπὸ
376 959 471 1013 τοῦ
501 961 775 1014 Ἰωάννου·
805 962 901 1016 καὶ
928 963 992 1035 δὴ
1028 965 1224 1036 συνόρα
1256 968 1312 1019 ἐν
1335 963 1545 1030 τούτοις
1574 967 1707 1036 ὕφος
1727 969 1821 1022 καὶ

235 1050 566 1107 ’ἀκολουθίαν
594 1053 874 1124 ἱστορικῆς
903 1053 1206 1126 διηγήσεως
1229 1058 1296 1128 ἢν
1321 1061 1350 1111 ό
1375 1059 1650 1124 Ματθαῶς
1677 1061 1821 1114 ὲκτί-

239 1136 394 1192 θεται
420 1179 436 1203 ,
469 1140 641 1215 Σύρος
679 1142 844 1214 ἀνὴρ,
895 1144 1131 1216 τελώνης
1177 1146 1268 1200 τὸν
1309 1147 1457 1218 βίον,
1492 1150 1592 1220 τὴν
1637 1151 1820 1224 φωνὴν

252 1229 522 1300 Ἐϐραῖος.

309 1319 371 1373 δ’.
399 1321 458 1373 '0
488 1321 547 1374 δὲ
584 1322 798 1386 Λουκᾶς
839 1324 899 1377 τὸ
946 1325 1042 1395 μὲν
1077 1325 1234 1395 γένος
1271 1328 1378 1382 ἀπὸ
1410 1328 1512 1399 τῆς
1539 1329 1819 1403 βοωμένης

254 1408 586 1481 ’Δντιοχείας
620 1407 722 1483 ἦν,
766 1415 824 1466 ὲν
921 1414 984 1488 δὴ
1009 1417 1057 1469 οἱ
1092 1417 1294 1482 πάντες
1329 1418 1651 1486 λογιώτατοι
1691 1423 1819 1485 τοὺς

245 1502 439 1565 Ἴωνας
464 1505 761 1575 προγόνους
788 1507 1043 1578 αὐχοῦσιν
1076 1509 1187 1582 (46)
1211 1529 1225 1542 ·
1257 1512 1318 1565 οὐ
1365 1511 1471 1582 μὴν
1512 1512 1648 1566 ἀλλά
1683 1509 1819 1585 πρὸς

236 1590 317 1662 τῷ
349 1591 494 1644 κατά
535 1592 696 1661 φύσιν
739 1595 1034 1667 Ἐλληνικῷ
1069 1598 1177 1650 τῶν
1218 1599 1461 1670 ἀνδρῶν,
1489 1601 1722 1674 ὲπήγετό
1764 1619 1815 1655 τι

240 1682 401 1737 πλέον
423 1686 453 1737 ὁ
475 1685 688 1750 Λουκᾶς
718 1689 775 1740 ὲν
797 1687 974 1756 λόγοις
995 1731 1008 1753 ,
1045 1689 1140 1743 ἅτε
1179 1691 1430 1763 ἰατρικῆς
1454 1692 1716 1765 ἔμπειρος
1741 1693 1815 1748 ὢν

239 1777 572 1848 ἐπιστήμης.
594 1779 781 1850 Ὅμως
822 1781 886 1852 δὴ
929 1783 956 1834 ὁ
987 1782 1354 1856 τοιοῦτος-’τῆς
1390 1785 1484 1839 τοῦ
1514 1788 1635 1840 κατ’
1657 1784 1814 1840 αὐτὸν
1847 1765 1886 1820 Β

237 1859 569 1937 Εὐαγγελίου
597 1872 816 1943 γραφῆς
851 1874 1170 1945 ἀρχόμενος,
1200 1877 1269 1931 τὰ
1297 1877 1396 1948 μὲν
1419 1877 1560 1931 κατά
1584 1878 1675 1931 τὸν
1713 1879 1816 1932 Ζα-

235 1960 435 2031 χαρίαν
484 1962 580 2014 καὶ
624 1963 724 2034 τὴν
757 1964 1035 2018 Ἐλισάϐετ
1067 1969 1268 2038 ἱστορεῖ
1304 1969 1515 2038 πρῶτα.
1555 1965 1688 2022 Εἶτα
1717 1969 1815 2041 τὴν

237 2052 378 2122 πρὸς
410 2050 509 2123 τὴν
554 2054 775 2126 Μαρίαν
827 2055 921 2108 τοῦ
960 2057 1198 2130 Γαϐριὴλ
1236 2061 1555 2127 ἐπιφάνειαν
1598 2061 1817 2113 ἐπισυν-

229 2139 398 2210 άψας,
415 2140 516 2203 τὰς
541 2141 872 2213 παραδόξους
898 2145 1140 2214 γενέσεις
1159 2147 1285 2218 ἑξῆς
1306 2149 1538 2221 τίθησιν,
1561 2151 1815 2223 οὐδεμιᾶς

237 2231 499 2302 μνησθεὶς
529 2235 876 2304 γενεαλογίας
907 2236 1000 2290 τοῦ
1026 2239 1224 2309 Ἰωσήφ
1249 2257 1263 2270 ·
1297 2239 1490 2294 ἔπειτα
1515 2241 1814 2296 δωδέκατον

233 2322 356 2388 ἔτος
375 2325 706 2396 ἀναγράφων
728 2326 822 2379 τοῦ
848 2325 1043 2400 Ἰησοῦ,
1068 2328 1220 2384 οὐπω
1240 2334 1332 2385 καὶ
1354 2332 1449 2386 νῦν
1467 2333 1814 2403 γενεαλογίας

233 2419 583 2490 μνημονεύει.
619 2421 774 2474 Μετά
808 2421 863 2474 δὲ
895 2422 1020 2486 τοὺς
1046 2423 1353 2493 Αὐγούστου
1386 2426 1630 2496 χρόνους,
1658 2426 1814 2478 Τιϐε-

231 2513 352 2584 ρίου
375 2514 758 2584 διαδεξαμένου
798 2516 897 2585 τὴν
927 2515 1212 2585 Ῥωμαίων
1239 2517 1552 2586 ἡγεμονίαν,
1584 2517 1724 2570 κατά
1751 2515 1814 2570 τὸ

231 2605 721 2659 πεντεκαιδέκατον
761 2606 924 2659 αὐτοῦ
972 2607 1121 2670 ἔτος,
1164 2609 1298 2678 φησὶ
1330 2605 1420 2662 τὸν
1447 2609 1696 2680 Ἰωάννην
1722 2611 1812 2664 ἐπὶ

228 2697 334 2766 τῆς
359 2698 567 2768 ἐρήμου
601 2697 835 2768 κηρῦξαι
866 2699 1151 2769 μετανοίας
1193 2699 1477 2772 βάπτισμα
1505 2704 1584 2765 εἰς
1617 2702 1810 2770 ἄφεσιν

231 2786 548 2859 ἁμαρτιῶνο
579 2787 925 2852 διδασκαλίας
953 2807 1011 2842 τε
1047 2789 1210 2842 αὐτοῦ
1232 2790 1434 2861 τίθησι,
1461 2792 1554 2844 καὶ
1576 2793 1666 2844 ἐπὶ
1688 2790 1811 2845 τού-

225 2893 349 2943 ’τοις
373 2879 600 2943 ἅπασιν,
617 2880 812 2951 Ἰησοῦ,
827 2883 979 2951 φησὶ,
1006 2881 1390 2950 βαπτισθέντος
1406 2884 1496 2936 καὶ
1511 2886 1810 2955 προσευξα-

232 2971 397 3044 μένου
427 2971 642 3041 ἐγένετο
670 2973 950 3045 ἀνοιγῆναι
977 2973 1068 3026 τὸν
1094 2974 1320 3045 οὐρανὸν
1342 3013 1356 3037 ,
1385 2976 1480 3028 καὶ
1510 2977 1808 3046 καταϐῆναι

222 3063 292 3118 te
317 3063 544 3135 Πνεῦμα
573 3063 706 3116 ὡσεὶ
729 3065 1079 3136 περιστερὰν,
1117 3065 1208 3118 καί⁹
1238 3066 1422 3137 φωνὴν
1456 3066 1664 3119 ἐκεῖθεν
1692 3069 1807 3120 ἐνε-

227 3152 428 3224 χθῆναι
450 3169 465 3184 ο
512 3172 530 3204 ‹
565 3153 638 3206 Σὺ
669 3149 719 3206 εἴ
741 3155 769 3207 ὁ
798 3153 924 3217 Υἱός
964 3171 1065 3224 μου
1105 3154 1132 3206 ὁ
1176 3155 1459 3226 ἀγαπητὸς
1497 3157 1556 3209 ὲν
1586 3150 1630 3224 ᾦ
1666 3157 1806 3211 εὐδό-

219 3261 393 3318 -κησα,
424 3264 444 3297 ι
485 3245 654 3298 Ἔνθα
678 3247 965 3316 γενόμενος
983 3287 996 3310 ,
1023 3245 1213 3318 ὥσπερ
1238 3246 1294 3312 ἐξ
1323 3245 1488 3301 ὕπνου
1519 3249 1803 3321 διανήψας,

219 3336 329 3406 τῆς
368 3335 720 3405 γενεαλογίας
752 3335 1016 3408 ἀκαίρως,
1063 3334 1138 3400 ὡς
1170 3336 1236 3390 ἂν
1274 3337 1482 3410 οἰηθείη
1510 3356 1591 3403 τις
1614 3380 1628 3404 ,
1667 3359 1805 3413 μνη-

231 3427 447 3499 μονεύει
477 3428 823 3497 λέγων,‹Καὶ
851 3429 1014 3492 αὐτὸς
1035 3425 1102 3501 ῆν
1131 3429 1428 3500 ἀρχόμενος
1449 3431 1698 3503 όἹησοῦς
1729 3434 1806 3498 ὡς

213 3521 365 3574 -ὲτῶν
387 3521 702 3593 τριάκοντα,
725 3520 800 3574 ὢν
823 3521 938 3585 υἱὸς
957 3521 1033 3584 ώς
1053 3518 1330 3591 ἐνομίζετο
1351 3520 1443 3574 τοῦ
1468 3523 1684 3594 Ἰωσὴφ,
1710 3523 1802 3578 τοῦ

237 3612 409 3676 Ἠλεὶ,
433 3612 528 3666 τοῦ
551 3612 724 3684 Μελχὶ
749 3613 882 3685 (47),
924 3633 941 3664 ι
977 3613 1072 3666 καὶ
1095 3613 1202 3666 τῶν
1228 3613 1449 3668 λοιπῶν.

293 3711 358 3758 ε’.
393 3703 491 3768 Τίς
523 3705 814 3776 τοιγαροῦν
858 3707 916 3758 ὲν
947 3705 1158 3768 τούτοις
1200 3707 1300 3758 οὐκ
1339 3705 1405 3759 ἂν
1436 3705 1800 3776 ἀπορήσειενς

221 3799 272 3851 tt
313 3795 593 3862 Ματθαῖος
626 3797 724 3868 μὲν
751 3797 909 3866 λόγου
942 3796 1194 3863 σύνταξιν
1220 3797 1598 3867 ἐπιστημόνως
1623 3797 1807 3867 φαίνε-

219 3903 311 3941 ται
373 3888 779 3958 πεποιημένος,
841 3887 980 3940 κατά
1025 3885 1214 3957 καιρόν
1247 3903 1307 3938 τε
1349 3887 1693 3957 χρησάμενος
1734 3889 1802 3958 τῇ

216 3980 568 4054 γενεαλογίᾳ,
598 3981 811 4042 Λουκᾶς
830 3979 885 4032 δὲ
911 3980 991 4043 εἰς
1011 3977 1264 4032 τοσοῦτον
1292 3977 1522 4050 ἧλαυνεν
1546 3977 1800 4049 ἀπορίας,

215 4077 296 4141 ὡς
323 4075 414 4129 ὅτε
452 4073 552 4145 μὲν
579 4073 744 4144 ἐχρῆν
769 4072 911 4125 κατά
942 4071 1124 4142 χώραν
1149 4071 1248 4142 τὴν
1273 4069 1622 4138 γενεαλογίαν
1647 4069 1802 4122 ἐντά-

214 4169 330 4236 ξαι,
359 4163 665 4236 τηνικαῦτα
695 4163 1021 4236 παραλιπεῖν
1041 4162 1230 4233 αὐτὴν,
1260 4163 1499 4232 ἱστορίαν
1521 4179 1580 4214 τε
1607 4162 1802 4214 τοσαύ-

211 4277 316 4331 την
345 4257 473 4311 ἐκθέ
483 4273 640 4329 μενον
664 4256 764 4327 τὴν
791 4254 900 4309 ἀπὸ
923 4256 1021 4325 τῆς
1043 4255 1310 4323 γενέσεως
1331 4252 1425 4306 τοῦ
1445 4253 1680 4325 Χριστοῦ
1707 4254 1802 4325 μέ-

212 4370 310 4423 χρι
335 4349 637 4423 τριάκοντα
677 4349 835 4411 ἐτῶν,
871 4347 1074 4419 μηδένα
1117 4344 1308 4418 καιρὸν
1345 4346 1648 4417 ἐπιτήδειον
1677 4363 1802 4398 συν-

1925 503 2159 573 denique
2185 501 2536 558 Archelaum.
2583 501 2649 555 Et
2680 501 2956 572 quomodo
2989 512 3115 572 post
3161 501 3278 556 haec
3309 500 3365 555 in
3395 516 3501 571 pu-

1922 595 2127 650 blicum
2169 596 2453 650 hominum
2507 602 2866 666 conspectum
2917 595 3181 664 prodiens
3231 591 3499 653 Joannes;

1921 687 2206 744 tricesimo
2238 689 2417 743 aetatis
2441 685 2572 743 Jesu
2597 703 2765 750 anno,
2801 688 3139 758 poenitentiae
3160 687 3500 758 baptismum

1921 778 1976 832 in
2028 781 2249 834 deserto
2296 780 2692 850 przedicaverit,
2730 785 2916 849 'atque
2981 780 3123 833 inter
3167 778 3309 832 alios
3366 776 3500 830 illuc

1920 871 2082 928 Jesus
2138 889 2358 945 quoque
2409 874 2646 937 venerit,
2684 880 2745 925 ut
2779 872 2880 926 alis
2921 871 3133 926 Joanne
3178 871 3231 925 in
3261 869 3504 925 Jordane

1919 965 2321 1034 baptizaretur.
2379 963 2547 1020 Vides
2600 979 2731 1034 ergo
2789 964 2847 1018 in
2898 963 2987 1018 his
3045 971 3382 1026 contextum,
3445 963 3501 1016 et

1921 1054 2202 1108 liistoricze
2237 1054 2572 1108 narrationis
2621 1053 2926 1123 sequelam,
2981 1067 3151 1122 quam
3212 1051 3498 1106 Mattheus

1920 1147 2168 1216 exponit,
2219 1146 2308 1200 vir
2358 1144 2555 1216 Syrus,
2600 1145 2948 1216 professione
2978 1145 3103 1198 vitae
3137 1144 3492 1214 publicanus,

1919 1237 2111 1309 lingua
2149 1231 2435 1293 Hebrmus.

1990 1330 2046 1384 4.
2089 1330 2159 1383 At
2201 1328 2382 1384 Lucas
2411 1328 2617 1384 celebri
2653 1327 2944 1382 Antiochia
2991 1342 3165 1398 genus
3218 1325 3494 1391 trahebat,

1917 1434 2029 1491 qua
2062 1421 2118 1474 in
2150 1419 2287 1474 urbe
2335 1417 2694 1473 eruditissimi
2760 1417 2968 1487 quique
3024 1417 3122 1471 abs
3170 1414 3394 1472 Ionibus
3437 1431 3498 1472 se

1919 1511 2238 1582 progenitos
2266 1525 2389 1565 esse
2419 1509 2742 1580 gloriantur.
2791 1506 2898 1561 Sed
2928 1515 3126 1578 praeter
3157 1507 3387 1562 insitum
3416 1506 3498 1561 ci-

1921 1605 2084 1659 vibus
2112 1603 2521 1664 hellenismum,
2572 1600 2869 1671 aliquando
2897 1599 3073 1669 magis
3103 1597 3410 1670 Profecerat
3439 1599 3496 1654 in

1921 1697 2120 1750 litteris
2163 1693 2360 1756 Lucas,
2393 1693 2539 1762 quia
2572 1691 2797 1747 medicae
2823 1690 2960 1744 artis
2993 1690 3202 1758 peritus
3237 1696 3374 1744 erat.
3429 1684 3498 1742 Et

1918 1795 2101 1842 tamen
2152 1786 2281 1841 talis
2330 1801 2456 1840 cum
2499 1792 2668 1845 esset,
2717 1782 2994 1853 Evangelii
3035 1783 3366 1852 scripturam
3404 1796 3498 1838 or-

1917 1881 2094 1941 diens,
2144 1894 2234 1933 res
2270 1877 2505 1948 primum
2554 1875 2836 1930 Zachariae
2875 1882 2931 1930 et
2961 1873 3252 1928 Elisabeta:
3279 1879 3492 1928 narrat.

1919 1970 2120 2026 Deinde
2147 1968 2418 2024 Gabrielis
2445 1969 2513 2023 ad
2559 1967 2784 2021 Mariam
2824 1966 3167 2036 apparitione
3215 1965 3492 2031 subnexa,

1916 2065 2085 2118 miras
2141 2063 2264 2118 illas
2295 2063 2617 2116 nativitates
2651 2059 2851 2114 deinde
2883 2057 3058 2128 ponit,
3091 2058 3240 2111 nulla
3269 2055 3494 2127 Josephi

1915 2153 2244 2225 genealogiae
2295 2154 2441 2208 facta
2482 2152 2781 2208 mentione.
2846 2148 3046 2204 Postea
3107 2147 3489 2202 duodecimum

1910 2248 2038 2304 Jesu
2067 2263 2270 2302 annum
2316 2247 2585 2312 scribens,
2638 2244 2880 2300 nondum
2914 2243 3082 2296 ullam
3116 2239 3489 2312 genealogiam

1915 2349 2202 2397 memorat.
2261 2341 2394 2396 Post
2449 2320 2873 2410 Augustivero
2937 2344 3207 2404 tempora,
3271 2331 3492 2387 Tiberio

1913 2429 2282 2485 Romanorum
2316 2431 2603 2500 imperium
2630 2427 3074 2496 tenente,quinto
3091 2424 3304 2479 decimo
3326 2421 3492 2492 hujus

1911 2537 2077 2585 anno,
2113 2521 2248 2576 dicit
2274 2519 2540 2575 Joannem
2575 2519 2631 2573 in
2661 2519 2882 2573 deserto
2928 2516 3315 2587 praedicavisse
3368 2529 3490 2585 pa:-

1911 2611 2154 2666 nitentia?
2206 2612 2536 2682 baptismum
2597 2610 2652 2664 in
2685 2617 3032 2680 peccatorum
3067 2607 3487 2665 remissionem:

1909 2701 2316 2771 concionesque
2360 2701 2484 2770 ejus
2517 2701 2773 2770 exponit;
2827 2707 2886 2754 et
2930 2707 3056 2770 post
3098 2697 3216 2753 haec
3273 2697 3486 2762 omnia,

1906 2790 2058 2859 Jesu,
2082 2793 2280 2864 inquit,
2301 2793 2575 2862 baptizato
2598 2801 2652 2848 et
2680 2799 2872 2847 orante
2901 2793 3099 2846 (mlum
3123 2791 3325 2862 aperiri
3354 2807 3489 2846 con-

1909 2885 2052 2955 tigit,
2087 2895 2140 2939 et
2172 2883 2434 2954 Spiritum
2466 2885 2735 2938 columbae
2781 2884 2965 2954 specie
2993 2885 3351 2948 descendere,
3398 2893 3485 2939 at-

1909 2991 2016 3046 que
2049 2975 2202 3031 illinc
2233 2990 2423 3030 vocem
2459 2975 2663 3030 deferri
2691 2994 2704 3030 :
2740 2975 2851 3029 c'I'u
2870 2990 2929 3030 es
2958 2973 3133 3029 Filius
3162 2991 3317 3031 meus
3347 2976 3486 3031 dile-

1910 3075 2056 3133 ctus,
2084 3068 2138 3121 in
2173 3082 2286 3138 quo
2339 3067 2472 3121 mihi
2505 3067 2837 3137 complacui.
2872 3086 2892 3118 »
2950 3065 3122 3122 Porro
3150 3067 3258 3121 huc.
3287 3083 3484 3138 prove-

1911 3169 2054 3226 ctus,
2090 3171 2349 3231 tanquam
2388 3175 2582 3216 somno
2611 3161 2897 3231 evigilans,
2923 3160 3253 3231 genealogia'.
3281 3161 3480 3216 intem-

1908 3251 2136 3322 pestive,
2168 3257 2228 3303 ut
2270 3249 2470 3318 aliquis
2520 3248 2878 3313 existimabit,
2911 3249 3244 3303 mentionem
3274 3247 3475 3304 infert:

1912 3361 1932 3394 ι
1966 3343 2034 3397 Et
2065 3341 2180 3412 ipse
2211 3338 2374 3396 Jesus
2409 3347 2528 3395 erat
2585 3339 2854 3410 incipiens
2900 3338 3060 3409 quasi
3090 3353 3356 3394 annorum
3377 3340 3482 3394 tri-

1906 3439 2078 3505 ginta,
2131 3433 2278 3488 lilius
2323 3440 2384 3487 .ut
2426 3431 2724 3502 putabatur
2757 3429 3006 3501 Josepbl,
3048 3431 3145 3503 qui
3174 3429 3280 3485 fuit
3332 3429 3477 3496 Heli,

1907 3524 2000 3594 qui
2033 3523 2135 3577 fuit
2169 3521 2388 3590 Melcbi,
2422 3541 2441 3572 ι
2462 3529 2518 3576 et
2544 3521 2906 3591 reliquorum.

1977 3704 2030 3759 5.
2073 3703 2209 3769 Quis
2235 3717 2366 3774 ergo
2399 3701 2504 3757 hoc
2531 3703 2652 3758 loco
2674 3702 2808 3773 fnon
2840 3701 2912 3759 sit
2945 3703 3279 3774 perplexus?
3305 3703 3482 3775 siqui-

1903 3798 2028 3853 dem
2083 3796 2394 3852 Matthzeum
2458 3796 2794 3850 narrationis
2846 3811 2960 3851 sua;
3022 3797 3477 3866 compositionem

1905 3890 2042 3945 scite
2078 3888 2279 3944 fecisse
2322 3896 2582 3958 apparet;
2615 3886 2820 3942 Lucam
2853 3895 3036 3943 autem
3076 3896 3231 3942 tanta
3267 3888 3478 3960 incogi-

1907 3983 2080 4036 tantia
2116 3981 2306 4044 fuisse,
2339 3991 2397 4034 ut
2431 3996 2554 4034 cum
2600 3995 2701 4034 suo
2745 3980 2865 4034 loco
2905 3979 3279 4050 genealogiam
3305 3980 3480 4035 colico

1905 4091 2033 4130 care
2073 4075 2318 4135 deberet,
2371 4087 2492 4128 eam
2555 4081 2686 4126 tunc
2734 4072 3182 4142 praetermiserit:
3235 4081 3290 4126 et
3347 4086 3476 4126 cum

1903 4175 2111 4220 tantam
2149 4164 2389 4219 historiae
2419 4171 2629 4233 partem
2665 4161 3005 4231 scripsisset,
3034 4176 3229 4232 nempe
3263 4176 3293 4214 a
3323 4160 3480 4215 Chri-

1904 4261 1973 4314 sti
2009 4259 2294 4312 nativitate
2336 4271 2512 4325 usque
2553 4255 2619 4309 ad
2669 4255 3010 4309 tricesimum
3072 4254 3194 4324 ejus
3244 4269 3474 4320 annum,

1905 4351 2114 4405 nullum
2177 4349 2481 4404 inserenda:
2548 4349 2879 4420 genealogia:
2943 4350 3199 4404 idoneum
3259 4357 3475 4418 tempus

215 4444 351 4497 ιδεῖν
380 4441 479 4512 τῆς
506 4443 628 4494 κατ’
647 4439 807 4494 αὐτὸν
835 4438 1182 4508 γενεαλογίας
1203 4456 1216 4469 ·
1243 4437 1336 4493 νῦν
1357 4438 1415 4491 δὲ
1439 4438 1526 4490 ὅτε
1553 4454 1802 4508 τριακον-⁵

1909 4441 2224 4512 agnoverit:
2255 4439 2352 4494 sed
2387 4457 2534 4494 nunc
2556 4439 2777 4494 demum
2809 4456 2932 4494 cum
2971 4441 3197 4510 triginta
3231 4440 3342 4509 jam
3374 4455 3474 4494 an—

209 4536 418 4604 ταέτης
444 4531 683 4602 γεγονὼς
711 4532 963 4604 πάρεισιν
1001 4530 1093 4584 ἐπὶ
1127 4531 1186 4583 τὸ
1215 4530 1460 4583 Ἰωάννου
1495 4529 1795 4600 βάπτισμα,

209 4628 372 4701 παρά
394 4627 572 4680 πάντα
596 4625 754 4694 λόγον
782 4625 876 4677 καὶ
892 4623 1041 4693 παρά
1057 4623 1264 4695 καιρὸν,
1295 4621 1483 4692 ὥσπερ
1507 4622 1628 4675 τινά
1661 4636 1799 4693 παρ-

208 4721 456 4792 ενθήκην
501 4717 709 4786 εἰσάγει
746 4717 846 4788 τῆς
878 4715 1095 4786 γραφῆς
1131 4716 1230 4788 τὴν
1261 4715 1632 4783 γενεαλογίαν.
1658 4712 1795 4767 Ἀλλ’

209 4813 267 4867 εἴ
295 4812 384 4874 τίς
415 4827 479 4879 γε
511 4807 660 4879 αὐτῷ
690 4806 912 4861 τοιαῦτα
941 4807 1258 4879 ἐμέμψατο,
1288 4808 1388 4861 οὐκ
1421 4807 1486 4860 ἂν
1517 4808 1796 4879 ἠπόρησεν

207 4903 563 4976 ἀποκρίσεως
587 4904 614 4955 ὁ
637 4901 776 4964 θεῖος
806 4899 1195 4970 εὐαγγελιστής
1217 4917 1230 4930 ο
1259 4897 1378 4952 εἶπε
1399 4899 1444 4952 δ’
1467 4899 1532 4953 ἀν
1554 4900 1628 4962 ὡς
1651 4898 1796 4962 εἰκός

207 4998 338 5055 θεῖά
364 5013 489 5051 τινα
515 4995 609 5049 καὶ⁸
635 4994 774 5065 σοφὰ
795 4996 888 5048 καὶ
912 4993 1006 5047 τοῦ
1034 4997 1092 5047 ὲν
1121 4993 1270 5064 αὐτῷ
1303 4992 1446 5046 θείου
1480 4993 1794 5065 Πνεύματος

205 5092 437 5158 ἐπάξια.
468 5088 610 5159 Ἐγὼ
632 5088 692 5144 δὲ
721 5089 960 5159 ἡγοῦμαι
988 5087 1150 5141 αὐτὸν
1176 5088 1270 5140 καὶ
1311 5087 1408 5158 τὴν
1437 5086 1578 5140 κατά
1613 5088 1794 5158 σάρκα

204 5185 429 5255 γένεσιν
465 5179 560 5234 τοῦ
589 5178 762 5251 Ἰησοῦ
791 5177 1128 5248 γενεαλογεῖν
1173 5177 1456 5243 ἐθέλοντα,
1500 5176 1594 5230 νῦν
1635 5177 1794 5230 τοῦτο

204 5273 609 5346 πεποιηκέναι’
635 5271 791 5326 τοῦτο
825 5272 938 5344 γὰρ
979 5275 1027 5326 εί
1070 5271 1210 5325 κατὰ
1251 5269 1476 5343 γνώμην
1501 5270 1789 5341 ἔπραττεν,

202 5372 312 5424 οὐκ
337 5366 526 5438 ἠγνόει
548 5405 564 5430 ,
594 5366 683 5420 ὅτε
728 5365 895 5437 ἐχρῆν
936 5364 1137 5436 ταύτην
1185 5363 1456 5418 ἐκθέσθαι.
1488 5362 1702 5435 Ἐπειδὴ
1733 5362 1790 5416 δὲ

1904 4551 2004 4589 nos
2030 4541 2193 4589 natus
2223 4532 2289 4586 ad
2322 4529 2551 4588 Joannis
2584 4533 2916 4603 baptismum
2949 4532 3162 4588 accedit
3193 4532 3471 4597 Christus,

1905 4636 2104 4698 praeter
2161 4641 2380 4680 omnem
2443 4626 2714 4680 rationem
2787 4640 2853 4680 ac
2911 4631 3151 4698 tempus,
3208 4633 3470 4695 tanquam

1900 4717 2099 4788 scripti
2155 4717 2424 4772 insertum
2481 4716 2756 4786 quoddam
2800 4716 3172 4786 genealogiam
3221 4714 3468 4769 inducat.

1899 4809 2378 4866 Verumenimvero
2423 4808 2470 4862 si
2516 4808 2641 4877 quis
2679 4808 2831 4862 illum
2876 4808 2957 4862 sic
3006 4807 3466 4878 reprehenderet,

1899 4903 2044 4957 haud
2078 4916 2407 4972 responsum
2439 4916 2599 4956 suum
2639 4901 2941 4956 desiderari
2987 4911 3265 4971 pateretur
3307 4902 3468 4957 divus

1896 4995 2270 5067 evangelista;
2305 4993 2401 5050 sed
2449 4993 2635 5048 divina
2680 4997 2950 5064 quaedam,
2987 5002 3046 5048 ut
3097 5009 3196 5064 par
3249 5003 3358 5060 est,
3413 5003 3468 5049 et

1897 5087 2059 5151 scita,
2102 5093 2159 5140 et
2198 5085 2542 5140 inhabitante
2567 5085 2755 5140 divino
2797 5084 3007 5156 Spiritu
3044 5084 3207 5155 digna
3242 5086 3461 5156 eloque-

1894 5185 2068 5233 retur.
2123 5175 2237 5247 Ego
2266 5184 2448 5232 autem
2494 5176 2751 5232 existimo
2781 5177 2962 5247 ipsum
3006 5174 3140 5232 Jesu
3186 5179 3464 5233 carnalem

1895 5283 2123 5343 quoque
2151 5269 2419 5340 originem
2467 5268 2780 5325 describere
2807 5268 3103 5334 volentem,
3139 5269 3216 5322 ita
3255 5283 3313 5324 se
3340 5285 3465 5340 ges-

1892 5363 2055 5419 sisse.
2099 5361 2166 5416 Et
2195 5362 2324 5433 quia
2348 5361 2453 5416 hoc
2479 5362 2530 5416 ei
2556 5360 2896 5432 propositum
2935 5367 3078 5425 erat,
3115 5360 3260 5417 haud
3307 5361 3466 5433 igno-

203 5462 307 5516 νῦν
347 5459 452 5531 τῆς
484 5459 572 5514 διὰ
615 5457 840 5531 λουτροῦ
879 5458 1286 5531 ἀναγεννήσεως
1323 5457 1629 5529 μέμνηται,
1659 5453 1789 5509 Υίὸν

1909 5456 2069 5524 'abat,
2118 5453 2524 5528 generationem
2577 5451 2893 5522 hujusmodi
2951 5452 3150 5522 exponi
3183 5461 3460 5523 oportere.

201 5553 375 5607 αὐτὸν
401 5552 636 5621 εἰσάγων
663 5551 822 5616 Θεοῦ,
852 5549 1100 5621 βούλεται
1120 5551 1194 5614 ὡς
1221 5552 1278 5604 ὲν
1306 5549 1661 5622 ὑποδείγματι
1686 5565 1788 5602 πα-

281 5708 400 5779 (46)
442 5706 534 5763 Sic
562 5707 899 5764 demonstrat
931 5708 1198 5764 Eusebius
1229 5716 1399 5765 totam
1420 5708 1786 5766 Antiocheno-

200 5793 334 5836 rum
366 5781 726 5836 litteraturam
760 5779 1003 5835 Graecam
1037 5779 1223 5838 fuisse.

1893 5543 2000 5602 Sed
2037 5545 2298 5616 quoniam
2322 5556 2467 5596 nunc
2494 5541 2564 5596 de
2603 5539 3019 5612 regeneratione
3049 5555 3148 5612 per
3173 5541 3456 5598 lavacrum

1959 5707 2071 5781 (J7)
2109 5706 2190 5762 ιω
2217 5705 2409 5771 codex,
2441 5704 2824 5776 praetermissis
2864 5703 3067 5762 Matath
3099 5712 3152 5762 et
3179 5704 3329 5762 Levi.
