4134 6414
691 276 805 332 965

1418 269 1687 328 EUSEBll
1711 271 2201 330 CESARIENSl-S
2235 273 2279 331 0

2385 318 2390 330 .
2429 270 2612 329 PARS
2649 273 2739 331 IH.
2775 297 2850 319 ο·-
2884 268 3294 330 EXEGETICA.
3788 283 3866 338 96¢

700 391 962 463 loquitur,
994 388 1290 458 Jesumque.
1324 393 1384 441 ut
1417 385 1513 440 Dei
1540 383 1738 439 Filium
1764 385 2030 453 exhibet;
2061 385 2269 442 idcirco

2385 387 2644 460 ραστῆσαι
2676 388 2758 440 ὅτι
2783 387 2850 460 δὴ
2893 389 3002 452 πᾶς
3042 388 3072 440 6
3099 390 3159 440 ἐν
3201 385 3319 457 Θεῷ
3359 386 3767 459 ἀναγεννὼμενος,
3793 397 3869 448 κᾶν

700 481 805 536 hoc
828 477 992 534 veluti
1021 477 1268 547 exemplo
1306 475 1689 530 demonstrare
1720 476 1925 540 studet,
1973 477 2274 546 quemlibet

699 571 976 626 hominem
1010 569 1065 622 in
1110 566 1221 622 Deo
1263 571 1678 636 regeneratum,
1707 565 1924 621 etiamsi
1965 582 2092 622 vere
2128 565 2275 622 ﬁlius

699 660 980 716 hominum
1016 659 1278 712 habeatur
1321 657 1392 711 ob
1435 671 1660 711 carnem
1712 670 1820 725 qua
1882 655 2110 712 indutus
2165 665 2273 722 est,

697 767 810 806 non
838 760 1018 806 tamen
1049 764 1174 803 cum
1209 763 1307 804 sua
1347 753 1545 801 natura
1587 745 1650 798 *in
1691 746 1876 800 carnis
1932 747 2276 816 genitoribus

699 841 914 904 sistere,
940 854 1118 910 neque
1154 853 1262 892 non
1297 838 1442 890 ultra
1479 837 1731 905 corporis
1769 842 2150 906 procreatores
2179 851 2278 890 ex-

700 947 963 987 currere:
994 945 1180 985 verum
1203 929 1420 983 etiamsi
1455 929 1600 983 ﬁlius
1633 928 1875 982 hominis
1905 926 2160 980 videatur
2204 928 2276 982 ob

698 1024 944 1094 corporis
982 1023 1416 1094 generationem,
1451 1021 1819 1076 nihilominus
1850 1019 1997 1074 haud
2034 1020 2273 1074 alienum

700 1135 731 1173 a
761 1118 858 1173 Dei
906 1116 1200 1186 adoptione
1253 1115 1491 1169 censeri.
1556 1112 1835 1166 Existimo
1879 1112 2048 1181 igitur
2094 1111 2274 1180 ipsum

701 1209 1024 1280 tempestive
1072 1217 1125 1262 et
1174 1206 1546 1276 genealogiam
1603 1204 1926 1274 scripsisse,
1974 1209 2028 1256 et
2061 1202 2273 1255 addita-

697 1309 882 1354 mento
920 1297 1178 1353 dictionis
1204 1306 1262 1350 ut
1284 1295 1574 1365 putabatur
1604 1310 1790 1348 usum.
1827 1291 2274 1347 Consentaneum

697 1392 901 1462 quippe
951 1398 1091 1454 erat,
1131 1397 1422 1458 postquam
1467 1387 1535 1440 de
1573 1387 1714 1440 cmlo
1774 1384 2148 1440 testimonium
2207 1382 2275 1436 ad

698 1482 888 1538 Jesum
924 1489 1180 1536 venerat:
1235 1479 1317 1533 Tu
1367 1494 1428 1535 es
1461 1477 1632 1532 Filius
1666 1492 1823 1531 meus
1851 1476 2108 1536 dilectus,
2141 1475 2195 1528 in
2225 1485 2277 1530 te

703 1575 837 1630 mihi
898 1573 1238 1644 complacui;
1275 1571 1388 1641 jam
1443 1571 1666 1641 inquam
1699 1569 1851 1623 haud
1884 1568 2134 1630 decebat,
2181 1568 2279 1622 ho-

699 1667 907 1721 minum
941 1665 1132 1729 ﬁlium,
1168 1679 1320 1734 aeque
1353 1677 1418 1717 ac
1451 1670 1702 1724 czeteros,
1753 1661 1930 1730 ipsum
1973 1660 2278 1730 appellare;

699 1757 798 1814 sed
835 1756 1262 1812 additamentum
1292 1755 1527 1823 adjicere
1566 1768 1705 1823 opus
1746 1752 1847 1807 fuit
1877 1762 1934 1806 ut
1963 1753 2270 1822 putabatur.

2383 480 2599 552 ἀληθῶς
2643 481 2760 544 υίὸς
2797 481 3100 554 ἀνθρώπων
3144 476 3283 534 εἶναι
3321 479 3576 550 νομίζοιτο
3604 483 3659 535 δι’
3679 484 3733 553 ἢν
3755 487 3868 554 περί-

2385 590 2562 626 κειται
2611 574 2788 646 σάρκα
2810 613 2824 638 ,
2861 573 2974 625 ἀλλ’
2997 573 3096 643 οὐχ
3124 570 3340 625 ἵσταταί
3373 588 3435 638 γε
3468 571 3600 642 αὐτῷ
3621 572 3681 625 τὰ
3701 573 3781 643 τῆς
3805 594 3894 644 γεο,

2383 663 2583 727 νὲσεως
2623 665 2703 728 είς
2730 665 2856 727 τοὺς
2887 664 3028 727 κατά
3066 663 3244 733 σάρκα
3273 664 3448 729 γονεῖς
3466 702 3480 726 ,
3513 663 3618 715 οὐδὲ
3645 651 3889 735 μέχριτών

2382 752 2479 806 τοῦ
2527 753 2780 824 σώματος
2818 755 3176 827 προπατόρων
3217 752 3433 823 φθάνει·
3469 753 3574 806 ἀλλ’
3596 756 3638 808 εί
3669 756 3747 808 καὶ
3768 757 3883 826 νομί-ε

2385 843 2530 907 ζοιτο
2559 845 2860 917 ἀνθρώπων
2887 842 3153 909 εἷναιυίδς
3180 847 3267 899 διὰ
3288 845 3385 916 τὴν
3413 845 3502 898 τοῦ
3526 845 3742 916 σώματος
3763 830 3884 916 γένεέ
3959 893 3962 896 .

2386 953 2490 1000 σιν,
2524 938 2670 1008 ὅμως
2693 937 2737 990 δ’
2764 934 2855 991 οὖν
2870 939 2970 992 οὐκ
2999 937 3275 1008 ἀλλότριος
3303 938 3400 1008 τῆς
3415 937 3504 989 τοῦ
3532 937 3653 992 Θεοῦ
3669 922 3888 1014 υίοθεσίαςί

2384 1027 2712 1100 καθέστηκε.
2755 1029 2846 1082 Διὸ
2887 1030 3126 1100 ἡγοῦμαι
3168 1030 3330 1083 αὐτὸν
3370 1031 3509 1084 κατὰ
3543 1032 3710 1102 καιρόν
3738 1033 3876 1102 καὶτῇ

2382 1120 2702 1192 γενεαλογίᾳ
2749 1122 3072 1192 κεχρῆσθαι,
3143 1119 3236 1176 καὶ
3288 1127 3354 1195 τῇ
3401 1120 3666 1194 προσθήκῃ
3701 1125 3780 1194 τῆς
3821 1123 3880 1190 ὡς

2379 1211 2678 1281 ἐνομίζετο
2702 1214 2906 1284 φωνῆς.
2955 1216 3064 1267 Καὶ
3110 1215 3218 1285 γὰρ
3267 1214 3548 1268 ἀκόλουθον
3594 1209 3686 1284 ἦν,
3724 1215 3802 1284 τῆς
3837 1216 3879 1281 ἐξ

2380 1303 2624 1373 οὐρανῶν
2672 1307 2978 1377 μαρτυρίας
3021 1308 3273 1378 φησάσης
3313 1308 3450 1378 πρὸς
3483 1306 3568 1360 τὸν
3607 1306 3797 1378 Ἰησοῦν,
3825 1307 3877 1360 Σὺ

2383 1391 2412 1444 6
2435 1393 2548 1457 υἱός
2574 1413 2676 1464 μου
2703 1399 2731 1449 6
2761 1397 3062 1467 ἀγαπητὸς,
3109 1401 3166 1450 ὲν
3184 1399 3266 1450 σοι
3294 1398 3576 1468 εὐδόκησα,
3610 1398 3775 1468 μηκέτι
3815 1399 3882 1452 καὶ

2383 1481 2686 1554 ἀνθρώπων
2744 1487 2945 1558 ὁμοίως
3014 1488 3176 1541 αὐτὸν
3214 1489 3570 1560 ἀναγορεῦσαι
3613 1489 3728 1551 υἱὸν,
3783 1489 3884 1559 μετὰ

2387 1577 2442 1630 δὲ
2491 1579 2588 1648 τῆς
2645 1580 2725 1644 ὼς
2777 1578 3070 1648 ἐνομίζετο
3130 1580 3478 1653 προσθήκης·
3528 1579 3652 1634 Θεοῦ
3687 1581 3769 1651 μὲν
3805 1581 3888 1652 γὰρ

2388 1668 2734 1742 ἀνεκηρύχθη
2765 1671 2879 1734 υίὸς
2907 1666 3043 1724 εἶναι
3069 1671 3249 1740 φύσει,
3275 1670 3388 1724 ἀλλ’
3416 1672 3514 1742 οὐχ
3531 1671 3604 1736 ὡς
3623 1670 3883 1740 ἐνομίζετο·

2381 1757 2476 1810 τοῦ
2501 1759 2556 1811 δὲ
2584 1761 2781 1831 Ἰωσὴφ
2811 1762 3110 1832 ἐνομίζετο,
3149 1761 3264 1816 ἀλλ’
3292 1763 3354 1814 οὐ
3385 1762 3542 1832 φύσει
3573 1764 3676 1825 υἱὸς
3694 1758 3768 1832 ἦν.

698 1854 834 1909 Nam
856 1853 948 1908 Dei
982 1851 1199 1922 quidem
1245 1851 1614 1920 proclamatus
1665 1849 1764 1904 fuit
1815 1851 2140 1904 naturaliter
2183 1850 2346 1916 ﬁlius,
2399 1869 2508 1909 non
2565 1867 2747 1913 autem
2807 1868 2866 1911 ut
2921 1858 3256 1928 putabatur:
3309 1875 3470 1916 secus
3516 1869 3682 1916 autem
3720 1859 3889 1931 Josephi

700 1946 918 2020 quidem
966 1944 1290 2014 putabatur,
1352 1941 1445 1997 sed
1503 1957 1613 1996 non
1677 1949 1795 1996 erat
1859 1943 2184 1997 naturaliter
2223 1943 2389 2000 ﬁlius.

771 2041 825 2096 6.
869 2041 1000 2106 Quae
1043 2053 1167 2093 cum
1206 2039 1281 2092 ita
1337 2053 1396 2092 se
1443 2038 1705 2101 habeant,
1757 2037 1948 2093 videor
1999 2039 2131 2092 mihi
2189 2039 2272 2094 sic

2445 2049 2519 2107 ς’.
2560 2037 2660 2095 Ὧν
2693 2043 2864 2108 οὕτως
2911 2045 3159 2114 ἐχόντων,
3200 2044 3342 2098 δοκῶ
3389 2062 3482 2116 μοι
3526 2045 3616 2098 καὶ
3658 2043 3801 2106 οὕτως
3823 2042 3888 2094 τὸν

701 2135 967 2190 rationem
991 2131 1319 2186 reddidisse.
1343 2145 1442 2184 cur
1459 2129 1746 2183 Matthzeus
1765 2129 2097 2197 scripturam
2121 2144 2276 2183 suam

699 2224 1023 2292 exordiens,
1058 2229 1185 2277 ante
1215 2221 1400 2276 Mariae
1431 2229 1780 2289 conceptum,
1806 2226 1860 2273 et
1911 2226 2036 2274 ante
2079 2233 2277 2273 carna-

701 2319 806 2372 lem
831 2315 964 2372 Jesu
998 2315 1431 2386 generationem,
1468 2312 1796 2383 tempestive
1842 2311 1896 2366 in
1927 2327 2025 2367 sua
2049 2311 2278 2368 historia

701 2407 978 2462 carnalem
1012 2404 1384 2475 genealogiam
1422 2403 1808 2474 praeposuerit.
1842 2401 2137 2472 Propterea
2181 2419 2276 2475 ge-

701 2498 1014 2554 nerationes
1063 2510 1280 2566 quoque
1337 2495 1595 2550 deorsum
1653 2495 1826 2560 ducit,
1872 2495 2195 2550 descensum
2247 2510 2279 2550 a

701 2591 928 2644 meliore
968 2595 1116 2644 statu
1158 2587 1395 2642 innuens
1443 2587 1592 2642 illius
1637 2586 1705 2641 de
1735 2601 1846 2656 quo
1883 2588 1994 2658 agit
2029 2606 2043 2642 :
2073 2587 2276 2642 etenim

702 2683 1049 2738 incarnatum
1105 2681 1196 2735 Dei
1253 2679 1489 2734 Verbum
1557 2693 1752 2749 reapse
1801 2681 2117 2742 descendit,
2149 2680 2278 2749 quia

703 2788 828 2827 cum
885 2773 944 2826 in
1005 2772 1182 2827 forma
1231 2769 1325 2826 Dei
1375 2777 1522 2826 esset
1569 2771 1874 2825 exinanivit
1922 2772 2278 2841 semetipsum

703 2863 937 2920 formam
967 2865 1111 2920 servi
1142 2862 1438 2934 accipiens.
1474 2863 1544 2916 At
1567 2877 1699 2917 vero
1735 2862 1946 2926 Lucas,
1981 2862 2276 2933 siquidem,

703 2972 858 3028 atque
889 2971 954 3011 ac
991 2955 1302 3020 Matthaeus,
1332 2954 1497 3010 Verbi
1536 2955 1592 3009 in
1633 2969 1801 3010 carne
1844 2955 2136 3010 adventum
2183 2953 2280 3008 de-

705 3056 1111 3106 monstraturus
1135 3045 1350 3110 fuisset,
1382 3047 1500 3117 ipse
1527 3061 1746 3117 quoque
1799 3046 2024 3100 omnino
2061 3045 2278 3116 generis

706 3141 988 3198 historiam
1025 3139 1341 3208 scripsisset
1389 3139 1536 3194 circa
1577 3137 1956 3208 conceptionis
1993 3145 2087 3191 aut
2134 3145 2281 3191 certe

705 3232 1008 3289 nativitatis
1076 3238 1331 3300 tempus;
1385 3229 1793 3298 ordinatimque
1865 3242 1896 3282 a
1969 3228 2280 3284 senioribus

705 3325 1028 3388 exordiens,
1066 3322 1134 3376 ad
1177 3329 1486 3392 postremos
1528 3319 1929 3374 descendisset.
1989 3316 2096 3372 Sed
2151 3318 2279 3386 quia

2378 2131 2634 2202 λογισμὸν
2665 2134 3081 2199 ἀποδεδωκέναι,
3116 2135 3237 2188 καθ’
3276 2135 3334 2188 ὃν
3366 2137 3394 2188 6
3426 2136 3526 2206 μὲν
3558 2134 3797 2196 Ματθαῐος
3815 2134 3892 2204 ἀρ-

2379 2224 2606 2295 χόμενος
2638 2225 2734 2295 τῆς
2764 2225 2958 2278 ἑαυτοῦ
2987 2226 3223 2296 γραφῆς,
3259 2226 3368 2296 πρὸ
3399 2227 3500 2295 τῆς
3529 2225 3802 2294 συλλήψεως
3819 2223 3890 2292 τῆς

2378 2315 2620 2387 Μαρίας,
2656 2317 2748 2369 καὶ
2782 2317 2886 2386 πρὸ
2914 2317 3012 2386 τῆς
3038 2317 3299 2387 ὲνσάρκου
3333 2318 3598 2384 γενέσεως
3626 2316 3706 2369 τοῦ
3742 2315 3892 2385 Ἰησοῦ,

2380 2408 2521 2460 κατά
2547 2409 2735 2480 καιρὸν
2758 2409 2833 2472 ὡς
2863 2411 2920 2461 ὲν
2955 2411 3166 2481 ἱστορία
3191 2409 3484 2480 προτάττει
3509 2409 3602 2479 τὴν
3620 2409 3743 2461 κατά
3762 2406 3893 2475 σάρκα

2380 2501 2746 2568 γενεαλογίαν·
2797 2501 2877 2554 διὸ
2902 2503 2993 2554 καὶ
3029 2503 3096 2555 τὰ
3135 2503 3263 2573 γένη
3300 2503 3552 2572 κατάγει,
3593 2500 3788 2554 κάθοδον
3816 2498 3896 2550 ἀπὸ

2377 2594 2488 2647 τῶν
2534 2593 2856 2663 κρειττόνων
2907 2595 3277 2664 αἰνιττόμενος
3317 2594 3413 2648 τοῦ
3452 2593 3772 2667 δηλουμένου·
3797 2607 3892 2658 σαρ-

2380 2684 2643 2753 κούμενος
2671 2684 2779 2756 γάρ
2815 2686 2844 2737 ό
2880 2685 3048 2752 Λόγος
3099 2683 3190 2737 τοῦ
3243 2684 3378 2738 Θεοῦ
3420 2684 3631 2757 κατῄει,
3665 2686 3735 2737 ὅτι
3769 2681 3818 2751 δὴ
3855 2683 3898 2732 ὲν

2385 2779 2565 2846 μορφῇ
2599 2775 2732 2828 Θεοῦ
2770 2775 3029 2846 ὑπάρχων
3069 2775 3333 2829 ἐκένωσεν
3367 2778 3562 2830 ἑαυτὸν
3595 2776 3782 2848 μορφὴν
3806 2771 3895 2824 606-

2379 2865 2471 2920 λου
2503 2865 2696 2919 λαϐὼν·
2732 2867 2760 2918 6
2797 2865 2851 2918 δὲ
2890 2868 3125 2930 Λουκᾶς,
3160 2869 3208 2919 εί
3249 2869 3345 2937 μὲν
3371 2869 3576 2938 ὁμοίως
3599 2867 3668 2938 τῷ
3693 2864 3902 2933 Ματθαῴ

2380 2959 2477 3029 τὴν
2500 2958 2759 3029 ἔνσαρκον
2792 2957 3011 3028 ἔμελλεν
3044 2958 3208 3012 αὐτοῦ
3254 2961 3556 3030 παρουσίαν
3587 2958 3774 3028 δηλοῦν,
3801 2957 3902 3009 πάν-

2379 3069 2486 3114 τως
2525 3051 2590 3104 ἂν
2628 3052 2896 3121 ἐχρήσατο
2939 3051 3033 3103 καὶ
3061 3051 3223 3115 αὐτὸς
3261 3055 3326 3122 τῇ
3369 3051 3468 3104 τοῦ
3510 3052 3690 3121 γένους
3716 3049 3902 3119 ἱστορίᾳ,

2381 3140 2521 3193 κατά
2547 3141 2636 3194 τὸν
2659 3139 2758 3209 τῆς
2780 3140 3092 3211 συλλήψεως
3117 3141 3148 3211 ἢ
3181 3141 3279 3211 τῆς
3303 3142 3613 3208 ἀποτέξεως
3636 3141 3812 3211 καιρόν·
3833 3140 3904 3191 καὶ

2381 3231 2687 3296 ἀκολούθως
2713 3232 2820 3285 ἀπὸ
2853 3231 2962 3284 τῶν
2989 3231 3374 3303 πρεσϐυτέρων
3411 3233 3728 3304 ἀρξάμενος,
3757 3225 3905 3300 κατῄει

2385 3323 2478 3376 ἐπὶ
2509 3324 2634 3385 τοὺς
2672 3321 3032 3385 τελευταίους·
3066 3321 3187 3374 ἐπεὶ
3215 3322 3272 3374 δὲ
3295 3322 3355 3374 οὐ
3385 3323 3534 3376 κατά
3567 3323 3660 3392 τὴν
3687 3321 3827 3389 αὐτὴν
3847 3315 3905 3384 τῷ

707 3415 852 3473 haud
883 3413 1182 3472 secundum
1209 3411 1448 3468 Matthaei
1470 3419 1704 3466 mentem
1733 3409 2100 3464 narrationem
2125 3424 2279 3464 suam

2385 3413 2645 3484 Ματθαίῳ
2681 3414 2916 3467 διάνοιαν
2949 3412 3160 3477 ἐξέθετο
3188 3413 3283 3483 τὴν
3314 3413 3588 3485 διήγησιν,
3620 3389 3813 3473 εἰκότως
3838 3408 3906 3460 τὸν

705 3505 990 3576 explicuit,
1043 3503 1242 3563 merito
1280 3509 1496 3571 tempus
1542 3499 1677 3554 illud
1735 3497 2150 3561 transcenderis,
2213 3497 2278 3552 ad

706 3597 961 3670 baptismi
999 3595 1469 3667 regenerationem
1494 3592 1774 3649 contendit
1799 3611 1813 3646 :
1839 3599 2002 3662 atque
2031 3592 2137 3645 hoc
2160 3591 2283 3645 loco

707 3687 1040 3744 contrariam
1079 3686 1303 3757 exponit
1346 3684 1765 3756 generationum
1815 3683 2220 3738 successionem
2265 3698 2279 3734 :

709 3779 1070 3851 subgradiens
1095 3778 1258 3834 simul
1282 3793 1311 3832 a
1337 3777 1632 3849 postremis
1663 3775 1733 3829 ad
1758 3776 1986 3847 primos,
2011 3775 2284 3847 simulque

707 3874 890 3928 vitans
909 3878 1463 3926 commemoratorum
1487 3885 1516 3922 a
1545 3867 1799 3924 Matthteo
1831 3883 2050 3924 reorum
2085 3883 2282 3938 pecca-

708 3973 1001 4034 torumque
1076 3962 1322 4016 virorum
1385 3960 1720 4015 mentionem
1775 3978 1789 4014 :
1837 3957 2281 4030 quandoquidem

709 4064 1062 4128 regeneratus
1112 4055 1167 4110 in
1215 4053 1346 4119 Deo,
1372 4052 1433 4107 ﬁt
1459 4053 1670 4108 alienus
1709 4067 1741 4106 a
1787 4052 1995 4106 carnali
2028 4051 2241 4122 origine
2263 4091 2280 4118 ,

707 4159 764 4206 et
787 4167 818 4205 a
846 4148 1230 4222 peccatoribus
1257 4147 1558 4203 secundum
1583 4159 1803 4201 carnem
1828 4145 2098 4214 patribus,
2130 4153 2284 4214 post-

708 4258 870 4315 quam
901 4241 996 4298 Dei
1029 4241 1173 4296 ﬁlius
1206 4247 1292 4296 est
1327 4239 1576 4298 effectus,
1605 4245 1659 4293 et
1685 4238 1926 4293 omnium
1962 4237 2054 4308 qui
2086 4251 2284 4292 secunc

708 4334 838 4390 dum
901 4333 1072 4389 Deum
1144 4331 1421 4401 inculpate
1484 4331 1758 4384 vixerunt.
1818 4326 1910 4382 Sic
1971 4325 2282 4382 Abrahamo

707 4409 926 4500 quoque
971 4424 1178 4479 dictum
1225 4423 1370 4478 fuit:
1406 4440 1424 4474 ι
1463 4421 1547 4476 Tu
1599 4435 1730 4475 vero
1767 4418 1944 4474 abibis
1980 4417 2049 4472 ad
2099 4425 2282 4487 patres

709 4529 855 4576 tuos.
892 4539 911 4573 ι
939 4516 1151 4584 Quibus
1175 4515 1358 4571 verbis
1410 4512 1556 4568 haud
1594 4511 1849 4566 carnales
1882 4518 2139 4581 parentes
2183 4509 2282 4565 sed

710 4613 786 4668 illi
817 4611 909 4684 qui
947 4609 1247 4667 secundum
1279 4605 1447 4660 Deum
1476 4604 1679 4676 pietate
1702 4602 1752 4658 ei
1793 4601 2002 4658 similes
2037 4601 2278 4668 fuerunt,

708 4704 865 4776 quasi
895 4703 1182 4773 aenigmate
1208 4699 1562 4754 denotantur.

780 4796 830 4849 7.
874 4793 1068 4849 Merito
1094 4805 1224 4862 ergo
1253 4788 1654 4856 Lucas,utpote
1680 4785 1773 4857 qui
1802 4785 2273 4857 regenerationem

712 4897 921 4950 narrat,
957 4885 1101 4940 haud
1151 4883 1340 4940 eadem
1389 4897 1498 4950 qua
1553 4878 1838 4934 Matthaaus
1896 4879 1986 4933 via
2042 4876 2264 4932 incedit.

715 4979 1084 5048 Quamobrem
1130 4991 1309 5047 neque
1347 4973 1654 5029 Salomonis
1682 4985 1860 5042 neque
1892 4969 2036 5025 Uriae
2067 4970 2278 5033 uxoris,

708 5087 885 5143 neque
937 5069 1244 5126 Thamaraa.
1280 5082 1457 5138 neque
1504 5064 1720 5128 Ruthae,
1775 5078 1952 5133 neque
1981 5061 2279 5124 Jechoniae,

707 5181 887 5237 neque
917 5163 1008 5220 his
1039 5161 1450 5230 interiectorum
1475 5156 1620 5212 haud
1656 5156 1865 5225 absque
1894 5153 2275 5209 criminatione

706 5263 952 5319 virorum
981 5260 1113 5315 facit
1137 5255 1536 5320 recensionem,
1566 5252 1661 5308 sed
1693 5267 1790 5323 per
1810 5248 1947 5304 alios
1973 5247 2279 5316 inculpatos

708 5354 990 5428 graditur;
1017 5361 1070 5407 et
1098 5351 1318 5422 quidem
1352 5363 1384 5402 a
1413 5346 1677 5418 pr0pheta
1705 5343 1956 5398 Nathano
1995 5353 2280 5409 regenera—

707 5462 826 5502 tum
861 5459 1020 5500 suum
1054 5444 1286 5498 derivat.
1323 5439 1389 5494 Et
1421 5439 1511 5494 ille
1537 5436 1755 5507 quidem
1791 5433 1934 5504 apud
1964 5431 2275 5486 Matthanun

707 5535 1010 5597 secundum
1057 5549 1276 5590 carnem
1331 5531 1567 5602 genitus,
1603 5529 1744 5582 ﬁlius
1792 5532 1910 5580 erat
1959 5522 2274 5583 Abrahami,

707 5647 774 5687 ex
825 5630 931 5684 hoc
989 5626 1234 5682 videlicet
1277 5624 1509 5679 deducta
1559 5618 1895 5692 genealogia,
1945 5616 2071 5686 quia
2099 5615 2276 5684 primo

707 5723 1024 5780 Abrahamo
1051 5719 1190 5773 facta
1221 5717 1322 5770 fuit
1351 5713 1644 5786 promissio
1674 5711 1918 5783 gentium
1948 5706 2274 5764 benedictio-

2310 4732 2358 4790 D

2383 3506 2543 3561 αὐτὸν
2587 3507 2780 3578 ἐκείνῳ
2812 3505 2999 3578 καιρὸν
3046 3505 3320 3576 ὐπερὸἀς,
3364 3506 3462 3560 ἐπὶ
3489 3506 3588 3577 τὴν
3615 3503 3906 3572 ἀναγέννησιν

2382 3598 2479 3669 τὴν
2510 3598 2598 3652 διά
2622 3597 2844 3668 λουτροῦ
2876 3599 3258 3668 παραγίνεται·
3295 3596 3388 3648 καὶ
3423 3595 3657 3650 ἐνταῦθα
3681 3594 3766 3664 τὴν
3794 3593 3906 3645 ἔναν-

2382 3692 2504 3745 τίαν
2533 3691 2804 3745 ἐκτίθεται
2826 3690 2934 3743 τῶν
2961 3690 3133 3758 γενῶν
3159 3689 3430 3760 διαδοχὴν,
3463 3687 3599 3759 ὁμοῦ
3626 3687 3710 3741 καὶ
3742 3686 3907 3748 ἀνάγων

2383 3783 2492 3837 ἀπὸ
2525 3783 2635 3837 τῶν
2666 3782 2910 3836 ὑστάτων
2944 3782 3039 3836 ἐπὶ
3068 3781 3136 3834 τὰ
3173 3781 3382 3852 πρῶτα,
3415 3777 3554 3851 ὁμοῦ
3585 3780 3672 3832 καὶ
3697 3777 3782 3848 τὴν
3809 3774 3909 3846 μνή-

2387 3893 2492 3947 μην
2512 3875 2620 3928 τῶν
2641 3873 2790 3945 παρὰ
2814 3873 2892 3944 τῷ
2921 3872 3185 3943 Ματθαίῳ
3209 3871 3478 3925 ὑπαιτίων
3507 3871 3602 3926 καὶ
3630 3864 3910 3941 ἁμαρτωλῶν

2383 3965 2590 4037 ἀνδρῶν
2643 3964 3048 4034 ἀποσειόμενος,
3097 3961 3394 4034 ἐπειδήπερ
3446 3964 3477 4016 6
3528 3960 3676 4032 παρὰ
3713 3957 3781 4027 τῷ
3819 3952 3910 4022 Θεῷ

2382 4059 2712 4128 ἀναγεγεννη
2723 4057 2899 4128 μένος,
2929 4055 3205 4126 ἀλλότριος
3233 4053 3558 4107 καθίσταται
3579 4053 3676 4122 τῆς
3695 4050 3911 4117 ὲνσάρκου

2381 4150 2648 4218 γενέσεως
2669 4148 2763 4202 καὶ
2789 4147 2897 4200 τῶν
2921 4145 3063 4199 κατά
3087 4145 3265 4215 σάρκα
3301 4143 3642 4214 ἁμαρτωλῶν
3688 4138 3911 4208 πατέρων,

2383 4239 2512 4302 Υἱὸς
2557 4237 2984 4306 ἀποφαινόμενος
3029 4233 3163 4287 Θεοῦ
3191 4273 3206 4298 ,
3265 4232 3360 4285 καὶ
3404 4231 3625 4285 πάντων
3670 4229 3764 4282 τῶν
3806 4223 3916 4278 κατὰ

2382 4331 2513 4385 Θεὸν
2539 4329 2918 4400 ἀνεπιλήπτως
2953 4325 3310 4398 βεϐιωκότων·
3335 4323 3480 4377 οὕτω
3501 4324 3597 4376 καὶ
3614 4321 3688 4390 τῷ
3715 4316 3916 4388 ’Λόραᾶμ

2381 4424 2586 4495 εἴρητο·
2640 4441 2658 4473 ι
2689 4421 2760 4473 Σὺ
2793 4420 2849 4473 δὲ
2876 4416 3153 4489 ἀπελεύσῃ
3186 4415 3322 4487 πρὸς
3353 4417 3479 4478 τοὺς
3511 4413 3746 4483 πατέρας
3775 4424 3912 4495 σοιν.»

2382 4493 2445 4568 οὐ
2485 4493 2611 4576 τούς
2660 4510 2801 4565 κατὰ
2853 4508 3049 4579 σάρκα,
3083 4507 3210 4569 τοὺς
3255 4505 3312 4558 δὲ
3357 4505 3414 4556 ὲν
3453 4502 3576 4572 Θεῷ
3607 4502 3693 4554 διὰ
3736 4497 3821 4569 τὴν
3846 4493 3914 4546 εὐο

2384 4603 2600 4668 σεὸείας
2623 4598 3006 4674 όμοιοτροπίαν
3029 4595 3399 4667 αἰνιττομένου
3426 4594 3523 4648 τοῦ
3552 4593 3728 4662 λόγου.

2455 4781 2522 4848 ζ’.
2553 4780 2791 4844 Εἰκότως
2821 4772 3108 4850 τοιγαροῦν
3133 4775 3161 4827 6
3189 4772 3433 4835 Λουκᾶς,
3486 4771 3584 4825 iit-:5
3612 4769 3706 4840 τὴν
3736 4761 3920 4831 ἀναγίν-

2385 4893 2537 4946 νησιν
2561 4871 2807 4943 ἱστορῶν,
2832 4872 2892 4922 οὐ
2919 4869 3014 4940 τὴν
3047 4865 3214 4937 αὐτὴν
3235 4862 3404 4918 ὁδεύει
3425 4862 3503 4934 τῷ
3533 4860 3805 4927 Ματθαίῳ·
3833 4851 3917 4906 οὔτ’

2385 4964 2477 5022 οὖν
2516 4965 2609 5020 τοῦ
2654 4962 2964 5034 Σολομῶνος
2995 4961 3089 5014 καὶ
3121 4959 3220 5030 τῆς
3249 4955 3468 5028 Οὐρίου.
3516 4954 3579 5008 οὐ
3619 4953 3715 5024 τῆς
3741 4947 3920 5018 Θάμαρ.

2385 5059 2444 5112 οὐ
2473 5059 2571 5129 τῆς
2613 5055 2790 5117 Ῥούθ,
2828 5055 2886 5107 οὐ
2917 5049 3009 5104 τοῦ
3050 5049 3294 5120 Ἰεχονίου
3329 5047 3423 5100 καὶ
3454 5045 3568 5097 τῶν
3611 5040 3800 5114 μεταξύ
3827 5037 3921 5088 δια-

2387 5124 2728 5220 ϐεϐλημένων
2771 5144 2978 5216 ἀνδρῶν
3018 5141 3115 5213 τὴν
3152 5139 3448 5211 παράθεσιν
3477 5136 3784 5205 πεποίηται,

2385 5243 2454 5297 δι’
2503 5212 2704 5312 ἑτέρων
2755 5212 3135 5305 ἀνεπιλήπτων
3184 5231 3377 5292 ἄνεισι,
3413 5227 3509 5280 καὶ
3550 5226 3610 5278 δὲ
3651 5223 3742 5277 καὶ
3773 5222 3828 5272 ὲκ

2389 5305 2662 5405 προφήτου
2691 5327 2874 5382 Νάθαν
2906 5326 2996 5379 τὸν
3022 5325 3352 5392 άναγεγεννη
3363 5319 3520 5390 μένον
3544 5316 3767 5383 εἰσάγει.
3792 5306 3884 5405 Kal
3901 5305 3926 5355 ὁ

2392 5401 2677 5496 μεννπαρὰ
2720 5419 2797 5490 τῷ
2837 5416 3098 5487 Ματθαίῳ
3139 5412 3282 5468 κατὰ
3331 5412 3508 5481 σάρκα
3548 5401 3924 5496 γεγεννημένος.

2387 5494 2500 5580 υίὸς
2541 5511 2608 5587 ἦν
2667 5513 2934 5584 Ἀϐραάμ,
2989 5507 3235 5561 ἐντεῦθεν
3267 5500 3770 5573 γενεαλογούμενος,
3805 5494 3925 5587 Exi-t-

2383 5580 2664 5682 6ﬁ1tep'ct'9
2700 5580 2947 5676 ’Λόραάμ
2992 5599 3193 5672 πρώτῳ
3232 5599 3266 5669 ἡ
3309 5593 3612 5663 ἐπαγγελία
3655 5589 3825 5682 δέδατο
3846 5580 3925 5647 τῆς

2383 5679 2490 5756 τῶν
2524 5679 2692 5755 ἐθνῶν
2718 5697 2982 5766 εὐλογίας,
3013 5695 3113 5748 οὐκ
3137 5692 3310 5756 ἄλλως
3339 5691 3374 5763 ἢ
3399 5687 3484 5742 διὰ
3502 5686 3600 5740 τοῦ
3630 5687 3695 5738 ἐκ
3723 5679 3926 5751 σπέρμα·
