4114 6472
306 241 421 298 9εὸ

1173 246 1682 305 SUPPLEMENTA
1719 244 2198 318 QUIESTIONUM
2236 249 2327 304 AD
2365 248 2813 309 STEPHANUM.

3478 249 3584 304 906

314 371 407 420 τος
437 355 604 410 αὑτοῦ
633 357 1094 429 προελευσομένου
1114 364 1470 434 γενησομένη.
1520 365 1577 417 '0
1610 365 1665 418 δὲ
1691 367 1749 418 ὲν
1781 363 1900 436 Θεῷ

2002 365 2111 426 nis,
2143 378 2262 433 qua
2307 363 2452 417 haud
2500 363 2656 418 aliter
2688 377 2850 434 quam
2892 376 2988 433 per
3033 376 3219 419 semen
3243 376 3310 418 ex
3347 376 3413 417 eo
3456 377 3584 432 pro-

313 448 835 520 ἀναγεγεννημένος,
872 452 1092 524 ἑτέρους
1122 453 1361 525 πατέρας
1404 457 1528 518 τοὺς
1579 456 1720 509 κατά
1767 456 1898 511 Θεὸν

313 540 780 612 ἐπιγραψάμενος,
819 545 928 597 οὐδ’
976 547 1171 609 αὐτοὺς
1212 546 1427 618 ἀληθῶς
1463 548 1730 620 ἐσχηκὼς,
1782 550 1897 604 ἀλλ’

310 632 388 696 ὡς
414 634 696 705 ἐνομίζετο
725 636 812 691 διὰ
857 638 957 709 τὴν
986 639 1094 692 τῶν
1126 640 1272 710 ἠθῶν
1319 641 1722 714 ὁμοιοτροπίαν,
1757 645 1900 698 ἄνει-

314 741 401 778 σιν
431 727 524 779 ἐπὶ
554 727 647 780 τὸν
675 728 844 800 ἀληθῆ
890 731 1110 802 Πατέρα
1153 735 1290 805 μετά
1320 737 1528 800 πάντας
1557 737 1900 808 χρηματίσας

313 813 446 878 Υἱὸς
488 815 582 870 τοῦ
632 817 790 877 Θεοῦ·
836 819 952 874 ἀλλ’
981 816 1135 887 οὗτος
1172 824 1271 895 μὲν
1309 827 1366 879 ὲν
1405 827 1739 898 ἀπορρήτοις
1765 830 1898 899 ἡμῖν

305 908 598 962 ἀποδόσθω
630 911 660 963 6
691 911 869 980 λόγος.
902 913 1017 968 Ἵνα
1045 914 1102 968 δὲ
1149 917 1221 986 μή
1253 933 1336 980 τις
1362 912 1512 989 ἡμᾶς
1537 919 1896 991 εὐρεσιλογεῖν

307 999 594 1064 ὑπολάϐοι,
621 1002 716 1054 καὶ
747 1003 956 1076 ἱστορίᾳ
984 1008 1262 1077 χρήσομαι
1301 1009 1640 1083 παλαιοτάτῃ
1666 1012 1794 1083 παρ’
1829 1007 1897 1084 ἧς

291 1089 428 1144 ἔστι
464 1093 564 1163 τὴν
601 1092 754 1147 λύσιν
789 1096 968 1167 εὑρεῖν
1009 1099 1106 1170 τῆς
1144 1101 1537 1172 νενομισμένης
1567 1104 1697 1174 παρ’
1729 1104 1898 1174 ἀμφο⁴

303 1184 491 1255 τέροις
515 1188 629 1249 τοῖς
654 1186 1061 1256 εύαγγελισταῖς
1083 1191 1396 1262 διαφωνίας.
1424 1193 1537 1264 Τῆς
1566 1195 1623 1248 δὲ
1657 1197 1896 1268 ἱστορίας

307 1277 502 1345 γέγονε
538 1281 884 1350 συγγραφεὺς
921 1281 1257 1354 Ἀφρικανὸς,
1287 1285 1428 1356 ἀνὴρ
1453 1285 1636 1353 λόγιος
1668 1288 1895 1354 καὶτοῖς

307 1369 419 1422 ἀπὸ
445 1371 542 1441 τῆς
593 1371 788 1436 ἔξωθεν
821 1373 1069 1439 παιδείας
1106 1377 1446 1448 ὁρμωμένοις
1494 1380 1781 1452 ἐπιφανής
1833 1378 1893 1438 οῦ

310 1460 447 1530 πρὸς
474 1459 655 1526 ἀλλοις
687 1463 901 1528 πολλοῖς
938 1466 1032 1518 καὶ
1062 1467 1247 1531 καλοῖς
1274 1468 1475 1536 λόγοις,
1511 1471 1606 1524 καὶ
1637 1473 1891 1544 ἐπιστολὴ

309 1553 533 1623 φέρεται
557 1553 693 1624 πρὸς
732 1555 1066 1628 Ἀριστείδην
1088 1559 1336 1631 περὶτῆς
1369 1563 1761 1634 νενομισμένης
1784 1565 1892 1619 τῶν

307 1643 710 1713 εὐαγγελιστῶν
740 1649 868 1718 περὶ
902 1650 1002 1720 τὴν
1033 1650 1268 1705 Χριστοῦ
1309 1651 1658 1723 γενεαλογίαν
1691 1655 1892 1727 διαφω-

306 1735 445 1799 νίας
483 1737 599 1808 ἔχει
639 1737 682 1790 δ’
712 1738 908 1804 οὕτως.

814 1853 1217 1910 ΑφΡικΑΝογ
1247 1855 1380 1928 (ts).

353 1969 444 2033 η’.
477 1963 589 2020 Οὖκ
608 1966 848 2038 ἀκριϐῶς
871 1967 1053 2039 μέντοι
1077 1971 1222 2033 τινὲς
1244 1970 1517 2040 λέγουσιν,
1539 1975 1622 2030 ὅτι
1666 1976 1889 2040 δικαίως

303 2057 525 2126 γέγονεν
549 2060 580 2130 ἡ
605 2059 858 2132 διάφορος
883 2060 1019 2131 α’ύτη
1043 2061 1148 2117 τῶν
1181 2062 1458 2134 ὀνομάτων
1487 2069 1716 2140 καταρίθ
1727 2070 1887 2140 μησίς

304 2163 362 2203 τε
396 2150 491 2203 καὶ
539 2151 808 2222 ἐπιμιξία,
840 2151 949 2206 τῶν
985 2170 1045 2205 τε
1074 2155 1380 2225 ἱερατικῶν,
1419 2156 1494 2220 ὼς
1526 2159 1751 2224 οἴονται,
1796 2162 1888 2213 κοιλ⁵

303 2241 414 2291 τῶν
447 2241 758 2310 βασιλικῶν,
799 2243 885 2296 ἵνα
913 2242 1094 2313 δειχθῇ
1127 2243 1350 2309 δικαίως
1386 2249 1415 2298 6
1441 2249 1672 2319 Χριστὸς
1711 2251 1888 2320 ίερεύς

300 2349 360 2384 τε
390 2332 486 2384 καὶ
513 2333 763 2402 βασιλεὺς
792 2335 1081 2404 γενόμενος
1100 2354 1113 2367 ο
1145 2337 1334 2410 ῶσπερ
1364 2340 1508 2404 τινὸς
1540 2341 1888 2406 ἀπειθοῦντος

303 2423 337 2493 ἦ
375 2424 568 2496 ἑτέραν
599 2427 893 2496 ἐσχηκότος
925 2427 1134 2493 ἐλπίδα,
1163 2431 1243 2483 ὅτι
1277 2433 1305 2484 6
1338 2433 1572 2504 Χριστὸς
1599 2435 1887 2507 ἀρχιερεύς

303 2517 420 2568 ἐστι
449 2517 680 2588 Πατρὸς,
711 2517 810 2580 τὰς
833 2520 1104 2591 ἡμετέρας
1138 2522 1274 2590 πρὸς
1306 2523 1466 2576 αὐτὸν
1502 2525 1664 2595 εὐχὰς
1688 2526 1888 2595 ἀναφέ-

310 2623 438 2667 οων,
474 2608 568 2660 καὶ
599 2607 851 2677 βασιλεὺς
887 2610 1276 2683 ὑπερκόσμιος,
1312 2613 1405 2678 οὒς
1426 2613 1767 2688 ὴλευθέρωσε
1802 2618 1887 2671 νέ-

308 2713 424 2767 μων
450 2697 529 2768 τῷ
556 2699 851 2770 Πνεύματι,
875 2702 1134 2772 συνεργὸς
1158 2705 1238 2767 είς
1266 2703 1362 2776 τὴν
1390 2705 1747 2779 διακόσμησιν
1776 2709 1884 2762 τῶν

303 2789 438 2843 ὅλων
481 2791 791 2862 γενόμενος.
833 2794 945 2847 Καὶ
989 2794 1147 2848 τοῦτο
1186 2798 1316 2867 ἡμῖν
1349 2799 1743 2869 προσήγγειλεν
1788 2802 1886 2872 οὐχ

289 2884 329 2934 ‘6
350 2883 649 2952 κατάλογος
677 2883 787 2938 τῶν
814 2884 1014 2954 φυλῶν,
1036 2887 1133 2957 οὐχ
1159 2889 1191 2958 ἡ
1231 2887 1374 2958 μίξις
1394 2887 1502 2941 τῶν
1523 2890 1885 2961 ἀναγράπτων

301 2974 494 3041 γενῶν,
522 2975 658 3029 ἀλλά
683 2977 1018 3048 πατριάρχαι
1050 2978 1144 3030 καὶ
1173 2978 1466 3049 προφῆται.
1500 2980 1589 3050 Μὴ
1625 2976 1716 3034 οὖν
1751 2999 1884 3034 κατ-

297 3064 470 3171 ίωμεν
509 3069 591 3131 εἰς
615 3069 1226 3171 τρσαύτηνθεοσεϐείας
1263 3071 1671 3143 σμικρολογίαν,
1712 3075 1796 3128 ἵνα
1819 3078 1883 3149 τῇ
1914 3114 1955 3171 C

300 3157 570 3230 ἐναλλαγῇ
597 3159 704 3213 τῶν
744 3161 1045 3232 ὀνομάτων,
1083 3162 1179 3234 τὴν
1215 3164 1449 3235 Χριστοῦ
1487 3164 1758 3234 βασιλείαν
1792 3171 1887 3222 καὶ

298 3251 603 3323 ἔερωσύνην
636 3253 1004 3325 ωνιστῶμεψ
1037 3257 1158 3309 ἐπεὶ
1202 3259 1268 3328 τῇ
1316 3256 1483 3310 Ἰούδα
1512 3259 1649 3330 φυλῇ
1691 3263 1756 3329 τῇ
1791 3261 1888 3332 βα-

301 3342 506 3414 σιλικῇ,
539 3345 572 3399 ὴ
614 3344 709 3398 τοῦ
761 3347 891 3400 Λευὶ
943 3347 1084 3416 φυλὴ
1141 3349 1385 3419 ίερατικὴ
1439 3350 1735 3420 συνεζύγη,
1791 3352 1885 3406 τοῦ

299 3433 568 3487 Ναασσὼν
601 3436 834 3508 ἀδελφὴν
879 3436 977 3508 τὴν
1029 3437 1307 3492 Ἐλισάόετ
1345 3439 1552 3511 Ἀαρὼν
1591 3441 1882 3513 ἀξαμένου,

296 3525 394 3578 καὶ
423 3525 582 3579 πάλιν
613 3527 873 3600 Ἐλεάζαρ
902 3527 999 3599 τὴν
1015 3527 1288 3601 θυγατέρα
1310 3533 1531 3604 Φατιὴλ,
1556 3535 1648 3586 καὶ
1675 3535 1885 3589 ἐνθένδε

297 3615 869 3688 παιδοποιησαμένων.
916 3618 1245 3688 Ἐψεύσαντο
1277 3620 1369 3676 οῦν
1398 3625 1448 3676 οἱ
1482 3625 1882 3693 εὐαγγελισταὶ,

297 3706 646 3770 συνιστάντες
666 3708 766 3760 ούκ
793 3707 1076 3778 ἀλήθειαν,
1115 3709 1232 3763 ἀλλ’
1255 3711 1605 3783 εἰκαζόμενον
1635 3714 1884 3769 ἔπαινονο

296 3801 393 3852 καὶ
421 3799 510 3852 διὰ
559 3799 720 3854 τοῦτο
751 3801 780 3852 6
817 3801 916 3870 μὲν
949 3800 1037 3854 διὰ
1077 3801 1388 3872 Σολομῶνος
1416 3804 1524 3857 ἀπὸ
1553 3805 1716 3858 Δαυῒδ
1761 3808 1886 3874 ἐγε-

282 3891 624 3962 ·νεαλόγησεν
655 3892 745 3945 τὸν
791 3891 984 3946 Ἰακὼὸ
1010 3894 1100 3947 τὸν
1126 3895 1219 3948 τοῦ
1260 3894 1457 3967 Ἰωσὴφ
1497 3897 1708 3968 πατέρα
1730 3915 1742 3928 ·
1775 3901 1802 3951 6
1830 3899 1886 3952 δὲ

268 5216 278 5285 l

297 3982 486 4037 Νάθαν
511 3982 605 4036 τοῦ
647 3983 831 4047 Δαυῒδ,
867 3984 956 4038 τὸν
1005 3985 1152 4038 Ἢλεὶ
1189 3985 1280 4039 τὸν
1319 3986 1411 4038 τοῦ
1455 3987 1649 4057 Ἰωσὴφ
1687 3990 1885 4059 ὁμοίως

295 4074 472 4128 ἄλλων
500 4074 715 4148 πατέρα
735 4093 746 4105 ’
771 4075 951 4131 καίτοι
999 4077 1211 4145 ἀγνοεῖν
1238 4077 1431 4138 αὐτοὺς
1453 4077 1551 4130 οὐκ
1583 4078 1770 4149 ἐχρῆν,
1811 4080 1886 4143 ὡς

294 4167 532 4240 ἑκατέρα
559 4169 668 4223 τῶν
685 4169 913 4240 κατηριθ
922 4187 995 4240 μη
1007 4171 1180 4240 μένων
1197 4168 1369 4234 τάξις,
1387 4169 1448 4222 τὸ
1461 4169 1552 4222 τοῦ
1582 4171 1746 4224 Δαυῒδ
1771 4173 1884 4224 ἐστι

295 4263 473 4331 γένος,
503 4264 538 4334 ἡ
567 4263 661 4316 τοῦ
699 4263 870 4317 ’ἰούδα
895 4263 1036 4335 φυλὴ
1068 4263 1342 4334 βασιλική.
1372 4263 1434 4316 Εἰ
1456 4261 1564 4333 γὰρ
1599 4265 1884 4336 προφήτης

293 4357 324 4408 6
357 4354 565 4418 Νάθαν,
594 4354 708 4408 ἀλλ’
736 4350 830 4409 οὖν
879 4355 974 4408 καὶ
1000 4354 1270 4426 Σολομὼν,
1314 4354 1342 4407 ὃ
1368 4371 1429 4407 τε
1474 4354 1677 4407 τούτων
1704 4355 1884 4426 πατὴρ

2006 462 2298 509 venturum
2326 461 2586 509 eventura
2605 463 2744 509 erat.
2776 454 2846 508 At
2867 454 2958 509 ille
2980 453 3036 507 in
3066 451 3176 509 Deo
3205 464 3582 526 regeneratus.

2017 547 2156 600 alios
2188 545 2292 601 sibi
2327 552 2509 616 patres
2539 544 2838 600 secundum
2873 543 3043 599 Deum
3073 545 3403 608 inscribens,
3435 544 3580 597 haud

2005 637 2254 708 equidem
2289 651 2446 692 veros
2474 644 2661 706 patres
2683 676 2696 699 ,
2732 637 2828 692 sed
2856 636 2928 691 ita
2953 645 3174 707 putatos
3216 646 3437 707 pr0pter
3463 650 3582 690 nio-

2005 745 2125 784 rum
2163 730 2601 793 similitudinem,
2639 729 2704 782 ad
2737 743 2924 784 verum
2955 728 3174 786 Patrem
3221 738 3347 800 post
3388 743 3580 784 omnes

2004 836 2225 876 sursum
2259 820 2455 886 tendit,
2485 818 2656 874 Filius
2701 817 2792 896 Dei
2845 820 3137 911 exsisteus.
3170 820 3348 890 Atque
3392 821 3581 874 hacte-

2002 929 2110 970 nus
2147 914 2214 968 de
2241 928 2444 968 arcano
2478 929 2508 967 a
2539 913 2698 967 nobis
2732 927 2899 966 sensu
2934 911 3142 967 dictum
3174 914 3266 969 sit.
3313 911 3393 968 Ne
3448 926 3579 967 vero

2003 1021 2102 1061 nos
2136 1007 2422 1076 quisquam
2466 1004 2584 1060 hac
2611 1005 2833 1074 proprio
2882 1003 3102 1073 ingenio
3134 1005 3443 1076 excogitare
3475 1022 3578 1075 pu-

2001 1105 2102 1163 tet,
2134 1098 2573 1168 antiquissimam
2606 1096 2892 1152 historiam
2919 1095 3213 1167 proferam,
3239 1098 3382 1167 apud
3411 1113 3576 1168 quam

2001 1191 2308 1260 comperire
2356 1197 2440 1245 est
2470 1189 2797 1243 solutionem
2833 1196 3034 1258 putata
3068 1188 3212 1242 inter
3240 1189 3378 1244 duos
3411 1205 3578 1244 evan-

2003 1282 2230 1352 gelistas
2263 1279 2636 1335 dissonantia.
2681 1278 2933 1334 Historia
2977 1279 3141 1348 hujus
3192 1289 3383 1335 auctor
3431 1282 3578 1336 Afri-

1999 1390 2172 1430 canus
2193 1382 2296 1440 est,
2343 1374 2428 1427 vir
2472 1373 2742 1435 eruditus,
2791 1379 2846 1427 et
2909 1371 3053 1427 inter
3109 1379 3296 1427 extera
3325 1373 3576 1429 doctrina

2000 1467 2238 1522 imbutos
2293 1467 2562 1529 illustris,
2609 1466 2768 1534 cujus
2817 1473 3013 1534 prater
3073 1476 3301 1520 cateros
3375 1466 3577 1522 multos

1998 1560 2246 1629 egregios
2269 1559 2464 1623 libros,
2502 1557 2731 1628 epistola
2760 1569 2978 1626 quoque
3010 1554 3243 1610 habetur
3282 1555 3347 1609 ad
3374 1556 3577 1610 Aristi—

1998 1651 2120 1705 dem
2155 1651 2222 1706 de
2252 1658 2434 1720 putata
2458 1650 2914 1717 evangelistarum
2947 1649 3095 1704 circa
3138 1646 3343 1703 Christi
3375 1664 3577 1718 genea-

1927 1748 1970 1802 B
2001 1744 2199 1816 logiam
2229 1743 2592 1810 dissonantia,
2628 1757 2748 1811 qua
2775 1742 2851 1795 ita
2883 1756 2942 1795 se
2974 1741 3159 1795 habet.

2613 1853 2958 1910 AFRICANI.

2067 1971 2119 2025 8.
2142 1969 2297 2024 Haud
2345 1976 2597 2024 accurate
2626 1969 2843 2039 quidam
2887 1970 3061 2033 aiunt,
3095 1967 3319 2037 provide
3371 1967 3571 2024 factam

1997 2077 2119 2116 esse
2149 2061 2485 2116 dill'erentcm
2527 2061 2667 2114 hanc
2699 2061 2992 2122 nominum
3025 2060 3489 2114 enumerationem
3520 2071 3574 2115 et

1997 2154 2407 2223 permistionem
2426 2152 2869 2217 sacerdotalium,
2905 2159 2963 2204 ut
2981 2160 3193 2221 putant,
3214 2159 3268 2205 et
3297 2153 3570 2222 regalium

1996 2243 2259 2306 virorum,
2287 2251 2347 2296 ut
2373 2242 2756 2296 ostenderetur
2783 2243 2981 2296 merito
3007 2242 3262 2299 Christus
3281 2261 3376 2300 rex
3409 2247 3572 2300 simul

1996 2340 2159 2401 atque
2206 2331 2463 2386 sacerdos
2495 2349 2510 2386 ι
2539 2331 2694 2400 quasi
2745 2331 2943 2399 aliquis
2975 2330 3043 2386 de
3071 2332 3174 2386 hoc
3215 2333 3448 2398 dubitet,
3479 2345 3573 2389 aut

1995 2424 2156 2477 aliam
2191 2439 2342 2494 spem
2379 2423 2594 2487 habeat,
2633 2438 2823 2493 nempe
2854 2423 2988 2494 quin
3035 2425 3293 2483 Christus
3335 2436 3574 2482 aternus

1999 2515 2070 2570 sit
2105 2517 2250 2586 apud
2308 2514 2521 2571 Patrem
2566 2515 2834 2584 pontifex,
2871 2530 3062 2585 preces
3113 2526 3337 2572 nostras
3366 2519 3414 2572 ei
3440 2517 3578 2573 olfe—

1994 2621 2156 2663 rens:
2192 2622 2290 2661 rex
2321 2613 2499 2660 autem
2529 2604 3013 2676 supermundialis,
3045 2621 3184 2676 quos
3205 2607 3455 2662 liberavit
3478 2622 3575 2677 pa-

1995 2714 2154 2753 scens
2185 2695 2413 2769 Spiritu,
2437 2704 2760 2766 cooperator
2784 2695 3008 2752 effectus
3039 2696 3093 2750 in
3118 2698 3361 2752 omnium
3387 2714 3571 2753 rerum

1994 2793 2360 2847 ordinatione.
2395 2789 2562 2859 quue
2606 2789 2765 2844 nobis
2802 2790 3142 2858 exploratum
3175 2789 3303 2845 fecit
3334 2805 3442 2846 non
3469 2791 3572 2850 tri-

1993 2886 2160 2939 buum
2208 2885 2512 2952 catalogus,
2550 2897 2728 2951 neque
2787 2883 3220 2952 perscriptarum
3269 2884 3575 2954 generatio-

1993 2991 2122 3030 num
2183 2976 2386 3036 mistio,
2439 2974 2535 3028 sed
2580 2974 2904 3042 patriarcha
2943 2983 3106 3044 atque
3139 2975 3434 3044 propheta.
3467 2975 3574 3034 Ca-

1992 3084 2217 3124 veamus
2252 3069 2418 3138 igitur
2447 3082 2475 3120 a
2507 3068 2716 3121 minuto
2747 3066 3059 3134 hujusmodi
3089 3067 3370 3138 religionis
3403 3069 3575 3123 artili—

1989 3162 2099 3224 cio,
2138 3169 2198 3214 ut
2228 3160 2508 3215 nominum
2544 3160 2947 3229 permutatione
2990 3159 3196 3214 Christi
3244 3177 3468 3230 regnum
3506 3178 3572 3216 ac

1990 3252 2358 3308 sacerdotium
2401 3251 2760 3320 comprobare
2809 3251 3058 3306 velimus.
3101 3249 3236 3306 Nam
3284 3259 3338 3307 et
3366 3254 3569 3324 alioqui

1988 3344 2156 3414 regali
2188 3343 2344 3398 Juda
2394 3343 2559 3397 tribui
2618 3341 2979 3398 sacerdotalis
3025 3342 3381 3399 Levi'tribus
3424 3344 3568 3399 facta

1987 3443 2106 3490 erat
2135 3435 2331 3498 afﬁnis,
2355 3450 2422 3490 ex
2455 3449 2563 3505 quo
2587 3432 2885 3490 Naassonis
2941 3451 3185 3492 sororem
3236 3433 3568 3492 Elisabetam

1987 3525 2142 3578 duxit
2170 3526 2354 3578 Aaron
2385 3539 2610 3578 uxorem
2647 3523 2713 3589 “,
2751 3539 3057 3596 rursusque
3103 3525 3332 3581 Eleazar
3383 3527 3574 3581 Phati-

1990 3615 2132 3671 helis
2167 3614 2329 3670 filiam
2356 3615 2425 3680 “,
2476 3615 2630 3685 prole
2665 3615 2790 3671 inde
2829 3624 3107 3688 suscepta.
3160 3616 3304 3689 Ergo
3335 3633 3570 3690 evange-

1989 3707 2129 3764 lista
2164 3707 2378 3762 mentiti
2432 3714 2583 3771 sunt,
2620 3706 2749 3762 dum
2801 3723 2913 3763 non
2953 3709 3238 3765 veritatem
3286 3720 3566 3777 asserunt,

1987 3803 2081 3860 sed
2125 3803 2438 3857 simulatam
2466 3803 2682 3857 laudem
2720 3822 2734 3857 :
2768 3803 2930 3873 cujus
2961 3805 3040 3858 rei
3071 3819 3260 3869 causa,
3286 3806 3422 3860 alter
3444 3808 3570 3877 qui-

1987 3893 2109 3948 dem
2147 3909 2248 3964 per
2288 3893 2638 3950 Salomonem
2672 3909 2702 3948 a
2735 3893 2942 3950 Davidc
2964 3893 3155 3950 Jacobi
3177 3895 3420 3967 ,stirpem
3449 3907 3565 3952 tra-

1986 3986 2088 4049 xit,
2117 3987 2209 4056 qui
2245 3986 2348 4040 fuit
2373 3986 2598 4058 Josephi
2633 3994 2789 4057 pater
2831 4004 2846 4042 :
2878 3987 3020 4041 alter
3052 3995 3234 4042 autem
3262 4004 3292 4042 a
3315 3988 3568 4044 Natliano

1989 4077 2208 4134 Davidis
2259 4081 2368 4134 lilio
2416 4079 2590 4134 Helim
2648 4079 2876 4134 deduxit
2909 4077 3134 4148 Iosephi
3186 4083 3414 4149 pariter,
3470 4084 3563 4136 sed

1986 4170 2092 4224 alia
2123 4170 2357 4233 ratione,
2393 4177 2626 4239 patrem.
2649 4169 2813 4239 Atqui
2841 4184 2935 4226 eos
2971 4169 3223 4239 ignorare
3257 4186 3367 4224 non
3403 4189 3567 4240 opor-

1985 4264 2154 4330 tebat,
2187 4269 2481 4332 utrumque
2511 4269 2918 4316 numeraturum
2961 4260 3247 4316 hominum
3293 4262 3563 4331 ordinem,

1985 4370 2162 4424 genus
2194 4369 2317 4409 esse
2348 4351 2591 4418 Davidis,
2637 4353 2790 4408 Iuda:
2841 4369 3037 4423 nempe
3085 4353 3292 4424 regiam
3337 4354 3562 4410 tribum.

291 4447 592 4518 ἑκατέρου·
627 4448 692 4499 ὲκ
730 4445 938 4499 πολλῶν
970 4446 1026 4499 δὲ
1071 4445 1252 4515 φυλῶν
1302 4445 1539 4514 ἐγίνοντο
1583 4447 1876 4517 προφῆται,

1992 4446 2211 4502 Etiamsi
2249 4446 2396 4501 enim
2438 4445 2704 4516 propheta
2758 4445 3043 4501 Natlianus
3093 4445 3216 4512 fuit,
3245 4453 3300 4502 et
3343 4447 3562 4517 quidem

297 4539 462 4609 ἱερεῖς
493 4538 549 4591 δὲ
582 4538 641 4602 ἐξ
668 4538 925 4609 οὐδεμιᾶς
964 4537 1076 4608 (49)
1107 4537 1216 4591 τῶν
1249 4537 1454 4591 δώδεκα
1495 4537 1697 4608 φυλῶν,
1729 4539 1880 4608 μόνοι

290 4629 353 4681 δὲ
381 4630 623 4681 Λευῖται.
665 4627 861 4699 Μάτην
906 4629 1090 4692 αὐτοῖς
1135 4627 1241 4700 ἄρα
1275 4627 1581 4681 πέπλασται
1613 4627 1675 4681 τὸ
1720 4628 1880 4698 ἐψευ-

295 4718 492 4789 σμένον
513 4735 526 4748 ·
549 4719 682 4791 μηδὲ
719 4719 946 4791 κρατοίη
970 4718 1207 4783 τοιοῦτος
1232 4722 1259 4773 6
1279 4719 1434 4789 λόγος
1481 4722 1540 4773 ὲν
1581 4719 1880 4791 Ἐκκλησία

294 4811 534 4883 Χριστοῦ
577 4810 765 4884 [κατὰ]
795 4811 1059 4882 ἀκριϐοῦς
1087 4810 1363 4882 ἀληθείας,
1409 4812 1492 4864 ὅτι
1523 4810 1715 4880 ψεῦδος
1750 4809 1881 4878 σύγ-

293 4919 473 4957 κειται
509 4905 592 4967 είς
626 4899 774 4957 αἶνον
810 4905 904 4957 καὶ
929 4903 1234 4972 δοξολογίαν
1264 4902 1520 4974 Χριστοῦ·
1547 4903 1630 4966 τίς
1652 4903 1761 4974 γὰρ
1781 4903 1881 4956 οὐκ

292 4991 402 5049 οἶδε
429 4997 682 5050 κάκεῖνον
710 4995 801 5050 τὸν
830 4996 1115 5068 ἱερώτατον
1136 4994 1229 5049 τοῦ
1253 4994 1573 5048 Ἀποστόλου
1597 4993 1753 5062 λόγον
1781 5011 1884 5066 κη-

296 5087 587 5160 ρύσσοντος
609 5091 704 5144 καὶ
723 5090 1123 5160 διαγγέλλοντος
1145 5089 1243 5160 τὴν
1269 5088 1563 5141 ἀνάστασιν
1586 5086 1679 5140 τοῦ
1705 5088 1881 5158 Σωτῆ-

371 5206 420 5237 ⁶⁸
457 5205 630 5261 Exod.
665 5223 720 5261 vr
742 5247 757 5272 ,
791 5208 880 5264 23.
957 5209 1002 5240 “
1043 5209 1176 5264 ibid.
1209 5208 1300 5262 25.

272 5313 274 5326 ’
368 5318 737 5391 (48)ρὶςίηιιιε
755 5321 858 5391 col.
875 5319 1002 5384 899,
1035 5319 1162 5376 adn.
1183 5320 1271 5386 12,
1291 5319 1532 5374 Africani
1559 5319 1869 5391 epistolam,

297 5390 458 5460 quam
494 5390 762 5446 Eusebius
797 5390 942 5445 Hist.
969 5393 1096 5446 εει-ι.
1121 5408 1161 5456 i,
1188 5391 1240 5453 7,
1273 5391 1604 5461 acephalarn
1620 5390 1868 5450 dederat,

297 5457 329 5513 a
359 5470 544 5515 nostra
579 5464 817 5530 epitome
846 5462 1074 5517 feliciter
1101 5462 1298 5531 partim
1321 5457 1535 5516 sarciri.
1558 5457 1717 5531 Nunc
1764 5461 1871 5514 isto

299 5533 352 5584 in
388 5531 692 5603 fragmento
723 5533 1021 5603 integriore
1050 5530 1116 5586 ac
1145 5532 1419 5602 primitivo
1439 5530 1722 5603 praedicta
1749 5532 1868 5603 epit

297 5602 451 5655 stola
478 5601 626 5672 prior
650 5618 776 5672 pars
812 5601 1034 5658 omnino
1065 5601 1394 5658 cumulatur.
1439 5601 1612 5667 Hujus
1639 5615 1772 5672 ergo
1804 5601 1872 5655 ad

298 5671 543 5726 Africani
576 5671 862 5744 epistolam
903 5674 1147 5743 praclari
1173 5673 1529 5744 additamenti
1557 5671 1874 5744 meminisse

299 5751 513 5813 oportet
532 5742 649 5809 eos,
671 5744 764 5814 qui
788 5742 954 5802 novas
973 5743 1268 5815 aliquando
1286 5744 1553 5800 editiones
1577 5742 1869 5798 curabunt.

1981 4539 2143 4594 etiam
2177 4537 2528 4603 Salomon,et
2547 4537 2740 4592 horum
2766 4539 3054 4609 utriusque
3083 4553 3283 4609 parens
3313 4537 3562 4611 (David):

1981 4644 2048 4684 ex
2079 4629 2266 4685 multis
2299 4643 2431 4684 sane
2452 4629 2708 4685 tribubus
2737 4631 2998 4686 exstitere
3020 4631 3332 4702 propheta;
3355 4631 3449 4686 sed
3481 4639 3566 4685 ta-

1980 4736 2104 4776 men
2142 4722 2456 4778 sacerdotes
2510 4723 2646 4776 nulli
2695 4721 2919 4777 l‘uerunt
2967 4739 3030 4778 ex
3066 4724 3214 4777 nulla
3270 4723 3559 4778 duodecim

1980 4811 2246 4877 tribuum,
2275 4811 2369 4867 sed
2401 4811 2502 4867 soli
2539 4811 2762 4868 Levita.
2804 4812 3032 4870 Frustra
3067 4815 3233 4885 igitur
3258 4815 3561 4885 composita

1984 4902 2191 4958 abillis
2221 4902 2325 4959 fuit
2362 4903 2479 4959 hac
2516 4903 2765 4970 falsitas;
2799 4921 2978 4976 neque
3006 4907 3325 4976 pravalebit
3369 4906 3563 4975 hujus-

1986 4995 2133 5050 modi
2158 5010 2340 5052 sermo
2363 4996 2420 5052 in
2466 4995 2674 5052 Christi
2713 4997 2959 5054 Ecclesia
2996 5004 3188 5053 contra
3245 5005 3559 5050 accuratam

1985 5087 2291 5157 veritatem,
2323 5104 2519 5160 nempe
2549 5097 2610 5145 ut
2653 5089 3000 5146 mendacium
3039 5089 3455 5145 consarcinetur
3493 5088 3558 5141 ad

1977 5317 2192 5373 Etenim
2227 5316 2282 5371 in
2332 5315 2521 5372 Veneti
2567 5330 2786 5387 quoque
2830 5315 3099 5387 Gallandii
3152 5315 3556 5386 diligentissimi

1979 5389 2222 5444 hominis
2261 5387 2591 5442 Bibliotheca
2619 5386 2849 5441 Patrum
2888 5395 2925 5440 t.
2954 5386 3017 5449 ll,
3045 5404 3099 5457 p.
3127 5388 3252 5450 558,
3295 5388 3554 5456 acephala

1977 5469 2063 5514 est
2100 5461 2213 5514 hac
2243 5459 2496 5529 epistola,
2531 5459 2659 5526 quia
2687 5466 2849 5528 caput
2879 5459 3001 5527 ejus
3039 5459 3218 5512 adhuc
3251 5457 3434 5511 linteis
3465 5472 3556 5510 co-

1977 5531 2159 5584 dicum
2195 5530 2511 5584 obvolutum
2539 5537 2679 5582 erat.

2050 5599 2161 5672 (49)
2202 5601 2260 5654 In
2295 5599 2773 5672 epitorne_codex_
2795 5597 3228 5672 habetomnino
3265 5597 3324 5672 οὐ
3359 5598 3556 5663 δεῖνες,

1978 5668 2071 5727 sed
2098 5685 2280 5726 veram
2305 5668 2450 5725 nunc
2471 5668 2627 5724 vides
2651 5668 2938 5725 lectionem
2974 5668 3034 5734 ἐξ
3065 5670 3340 5740 οὐδεμιᾶς.
