4114 6472
321 337 429 392 969
1131 325 1636 393 SUPPLEMENTA
1675 328 2151 404 QUIESTIONUM
2184 328 2276 384 Al)
2316 328 2760 387 STEPHANUM.
3461 331 3569 392 970

324 455 421 507 τοῦ
453 453 619 508 Δαϐὶδ
666 453 1028 525 ἀναστήσεται
1074 471 1156 518 τις
1208 454 1268 508 οὐ
1308 453 1404 508 τοῦ
1448 451 1663 525 Ἰσραὴλ
1689 451 1876 524 ἄρχειν

1999 446 2053 501 in
2080 444 2279 501 lsraele
2300 459 2462 515 quam
2498 445 2553 499 in
2582 445 2856 516 gentibus.
2905 443 3113 501 Dicitur
3161 451 3291 502 item
3322 447 3567 503 nascitu-

322 546 461 601 ἀλλά
486 546 595 604 τῶν
636 545 836 599 ἐθνῶν⁵
872 546 1081 619 εἴρηται
1119 545 1176 598 δὲ
1220 546 1302 599 ὅτι
1331 544 1723 617 γεννηθήσεται
1766 561 1878 598 παι·

1998 551 2094 593 rus
2125 537 2407 607 parvulus,
2437 544 2492 591 et
2530 552 2728 593 nomen
2754 537 2876 593 Filii
2907 538 3213 600 habiturus,
3250 540 3567 609 peregrinos

319 638 452 704 δίον,
485 639 579 692 καὶ
610 637 1204 710 όνομασθήσεταιΥίδς,
1233 639 1402 703 ξένοις
1432 638 1658 709 ὀνόμασι
1684 638 1779 691 καὶ
1795 638 1878 708 τὴι

1996 632 2185 687 titulos
2216 637 2271 686 et
2320 631 2610 684 humanam
2642 639 2893 685 naturam
2943 629 3268 687 excedentcs
3310 641 3565 703 receptu.

321 730 623 803 ἀνθρώπων
656 731 815 801 φύσιν
845 731 1197 803 ύπεραίρουσι
1229 731 1657 802 κεκοσμημένος,
1684 732 1765 785 ὅτι
1786 736 1878 785 τεά

1995 737 2137 779 rus:
2174 720 2399 791 forsque
2427 728 2487 774 ut
2516 720 2605 775 hic
2638 721 2895 777 thronum
2932 720 3153 780 Davidis
3198 724 3466 791 obtineat,
3511 735 3569 782 et

318 820 557 886 τοιοῦτος
582 822 674 877 τὸν
695 822 884 895 θρόνον
914 822 1077 876 Δαϐ“ιδ
1108 822 1460 895 ἀναλήψεται,
1490 824 1584 878 καὶ
1615 823 1712 896 τὴν
1744 824 1895 898 βασι-

317 912 468 968 λείαν
493 913 659 967 αὐτοῦ
686 913 1030 985 κατορθῶσαι
1054 915 1245 986 αὑτήν.

389 1025 442 1082 ι’.
480 1026 665 1082 Ταῦτα
702 1028 758 1082 δὲ
780 1028 862 1082 ὅτι
890 1028 1027 1101 μετὰ
1065 1029 1351 1102 Σολομῶνα
1375 1030 1504 1102 περ)⁵
1540 1030 1725 1103 ἐτέρου
1750 1032 1893 1098 τινος

319 1118 601 1191 μέλλοντος
631 1116 780 1191 ήξειν
814 1122 1266 1192 προανεφωνείτο,
1292 1121 1453 1175 παντί
1482 1138 1559 1193 τῳ
1585 1121 1894 1193 δῆλον.Καὶ

315 1210 489 1275 ἄλλως
520 1211 578 1264 δὲ
601 1210 668 1265 τὰ
695 1211 830 1284 πρὸς
869 1211 957 1285 τὸν
988 1211 1151 1266 Δαϐὶδ
1182 1211 1470 1266 ἐκτεθέντα
1516 1213 1670 1283 λόγια
1695 1215 1793 1268 οὐκ
1826 1215 1891 1270 ἂν

316 1302 683 1375 ἐφαρμόσαιεν
728 1303 1021 1375 Σολομῶνι,
1061 1302 1321 1375 ἀκριϐοῦς
1350 1304 1648 1370 ἐξετάσεως
1690 1304 1893 1376 τυγχά-

315 1407 507 1443 νοντα·
556 1390 741 1461 σαφῶς
772 1391 881 1465 γὰρ
927 1394 957 1446 ό
1011 1391 1258 1464 χρησμὸς
1283 1392 1448 1464 δηλοῖ,
1499 1394 1579 1447 ὅτι
1614 1393 1753 1465 μετὰ
1800 1393 1891 1448 τὸν

316 1480 543 1536 θάνατον
572 1483 666 1537 τοῦ
704 1484 866 1537 Δαϐὶδ
908 1484 1270 1556 ἀναστήσεται
1299 1486 1328 1539 ό
1365 1484 1768 1557 θεσπιζόμενος.
1797 1487 1893 1540 Σο-

314 1572 493 1643 λομὼν
520 1573 599 1639 δὲ,
636 1572 834 1639 ζῶντος
882 1574 963 1628 ἔτι
993 1575 1085 1629 τοῦ
1115 1575 1299 1641 Δαϐὶδ,
1326 1574 1553 1647 νεύματι
1598 1575 1760 1629 αὐτοῦ
1797 1576 1892 1631 καλ⁸

314 1664 505 1738 γνώμῃ
533 1665 771 1737 διάδοχος
808 1666 908 1738 τῆς
940 1667 1246 1738 βασιλείας⁸
1282 1666 1499 1737 λέγεται
1527 1668 1657 1737 γοῦν
1683 1669 1774 1721 ἐπὶ
1797 1668 1891 1740 μό-

313 1775 424 1822 νοις
449 1759 591 1811 ἐτεσι
616 1759 1021 1830 τεσσαράκοντα
1042 1758 1356 1830 βασιλεῦσαι
1390 1759 1483 1814 ἐπὶ
1512 1758 1604 1814 τὸν
1647 1760 1883 1833 Ἰσραήλ·

313 1848 430 1913 πῶς
456 1846 550 1903 οὖν
581 1851 660 1914 είς
688 1849 849 1905 αὐτὸν
883 1850 1195 1923 ἐπιφέροιτο
1238 1850 1327 1915 τὸ,
1368 1871 1387 1903 ι
1436 1850 1767 1924 Ἀνορθῶσαι
1796 1851 1887 1907 τὸν

312 1939 500 2012 θρόνον
528 1942 690 1996 αὐτοῦ
721 1945 801 2007 εἰς
825 1941 916 1996 τὸν
945 1941 1146 2009 αίῶνα;
1178 1962 1197 1995 ι
1243 1942 1380 1996 Ἀλλ’
1409 1945 1456 1997 εί
1482 1943 1630 2012 λέγοι
1647 1960 1732 2008 τις
1762 1943 1889 2015 περὶ

305 2034 409 2103 τῆς
441 2034 499 2101 ἐξ
532 2034 695 2089 αὐτοῦ
726 2036 975 2107 διαδοχῆς
1002 2038 1252 2110 εἰρῆσθαι
1283 2038 1441 2102 αὐτὰ,
1470 2038 1570 2092 οὐκ
1599 2038 1888 2109 ἀγνοητέον

306 2125 390 2179 ὅτι
424 2124 618 2197 μέχρις
653 2126 892 2197 Ἰεχονίου
935 2128 1028 2183 καὶ
1066 2130 1163 2201 τῆς
1191 2132 1270 2194 εἰς
1296 2129 1586 2184 Βαϐυλῶνα
1608 2128 1888 2201 αἰχμαλω-

309 2216 431 2281 σίας
457 2220 488 2289 ή
516 2218 623 2271 ἀπὸ
659 2219 822 2273 Δαϐὶδ
853 2221 947 2274 καὶ
994 2214 1305 2293 Σολομῶνος
1342 2222 1557 2294 διαδοχὴ
1590 2222 1689 2293 τῆς
1730 2222 1886 2292 βασι-

304 2306 457 2371 λείας
485 2309 762 2381 διήρκεσε,
808 2312 1032 2382 μηδενὸς
1083 2311 1222 2385 μετὰ
1256 2314 1347 2368 τὸν
1386 2313 1637 2385 Ἰεχονίαν
1673 2314 1764 2368 ἐπὶ
1793 2314 1885 2367 τὸν

305 2397 495 2472 θρόνον
523 2401 622 2472 τῆς
650 2401 925 2472 βασιλείας
953 2403 1046 2457 τοῦ
1085 2404 1249 2458 Δαϐὶδ
1275 2406 1658 2470 καταστάντος.
1685 2407 1810 2470 Πῶς
1836 2406 1882 2460 δ’

301 2487 371 2543 ἂν
402 2489 479 2561 τῷ
527 2492 876 2565 φίλογυναίῳ,
918 2496 1013 2549 καὶ
1060 2490 1120 2550 οὗ
1150 2496 1249 2549 οὐκ
1298 2492 1430 2568 ἦνή
1472 2498 1669 2569 καρδία
1702 2497 1884 2553 τελεία

306 2582 445 2652 μετὰ
483 2582 689 2656 Κυρίου
721 2584 856 2638 Θεοῦ
886 2584 1073 2651 αὐτοῦ,
1118 2587 1435 2660 ἐφαρμόσῃς
1472 2586 1540 2643 τὰ
1573 2589 1665 2643 τοῦ
1693 2589 1878 2662 ὅρκου,

302 2669 399 2723 καὶ
431 2671 494 2724 τό
514 2688 528 2702 ⁸
571 2691 589 2728 ι
638 2671 778 2743 Ἐγὼ
823 2673 1015 2745 ἔσομαι
1040 2676 1189 2748 αὐτῷ
1220 2679 1299 2742 εἰς
1327 2678 1557 2751 πατέρα,
1586 2680 1680 2734 καὶ
1720 2680 1881 2746 αὐτὸς

300 2759 456 2816 ἔσται
484 2780 572 2834 μοι
603 2766 682 2828 είς
713 2766 858 2831 υίόν;
891 2785 909 2818 ι
957 2766 1116 2821 Ἀλλὰ
1137 2768 1245 2840 γὰρ
1281 2769 1538 2842 ἄντικρυς
1570 2770 1882 2843 Σολομῶνος

306 2850 407 2920 μὲν
435 2852 691 2926 ἀλλότρια
718 2855 889 2910 ταῦτα
907 2875 919 2887 ·
950 2857 1231 2929 άνάγοιντο
1256 2859 1299 2912 δ’
1323 2860 1390 2914 ἂν
1417 2860 1510 2914 ἐπὶ
1539 2863 1792 2935 Χριστὸν,
1820 2863 1878 2929 ὃς

300 2940 367 2993 ἐκ
407 2941 718 3014 σπέρματος
762 2945 929 2999 Δαϐὶδ
969 2947 1227 3013 ἀναστὰς,
1254 2944 1399 3003 οἷκον
1436 2950 1514 3021 τῷ
1536 2950 1655 3023 Θεῷ
1693 2953 1793 3008 οὐκ
1819 2952 1879 3019 ἐξ

299 3030 523 3103 ἀψύχων
543 3033 725 3099 λίθων,
755 3037 863 3090 οὐδ’
888 3038 946 3091 ἐν
961 3039 1131 3109 γωνία
1152 3040 1247 3093 καὶ
1264 3039 1417 3113 μέρει
1438 3042 1561 3112 γῆς,
1594 3043 1729 3097 ἀλλὰ
1755 3044 1875 3099 καθ’

1996 828 2226 885 regnum
2256 813 2399 883 ejus,
2426 818 2487 866 ut
2512 811 2568 866 id
2607 813 2927 867 constituat.

2064 1013 2153 1070 10.
2180 1011 2293 1084 Age
2324 1027 2453 1067 vero
2484 1012 2630 1083 quod
2668 1012 2786 1067 haec
2818 1019 2943 1084 post
2974 1012 3319 1072 Salomonem
3349 1016 3419 1073 de
3455 1017 3564 1075 alio

1992 1103 2226 1174 quodam
2256 1112 2485 1159 venturo
2519 1104 2776 1174 praedicta
2815 1105 3037 1170 fuerint,
3064 1122 3224 1163 nemo
3255 1124 3364 1164 non
3392 1109 3560 1168 videt.

1995 1193 2099 1251 Sed
2128 1196 2334 1267 alioqui
2362 1197 2524 1251 etiam
2568 1197 2714 1253 edita
2762 1197 2954 1253 Davidi
3006 1202 3228 1255 oracula
3281 1200 3563 1258 Salomoni

1990 1287 2137 1343 haud
2184 1290 2514 1345 videbuntur
2556 1306 2879 1362 congruere,
2910 1292 2955 1345 si
3011 1303 3269 1348 accurato
3309 1295 3562 1351 examine

1989 1381 2415 1452 perpendantur.
2462 1382 2706 1453 Namque
2757 1385 3041 1439 oraculum
3075 1384 3359 1442 manifeste
3406 1387 3556 1449 dicit.

1990 1478 2116 1540 post
2150 1470 2370 1528 Davidis
2399 1483 2628 1527 mortem
2674 1481 3051 1529 surrecturum
3086 1476 3238 1531 illum
3270 1476 3339 1533 de
3366 1494 3474 1548 quo
3502 1479 3560 1533 lit

1988 1561 2329 1617 vaticinium.
2378 1564 2541 1634 Atqui
2573 1563 2831 1619 Salomon
2868 1565 3081 1622 vivente
3120 1568 3299 1624 adhuc
3331 1554 3555 1633 Davide,

1989 1667 2163 1724 eoque
2185 1655 2399 1710 volente
2421 1670 2484 1709 ac
2499 1653 2726 1723 jubente
2743 1656 2921 1715 factus
2942 1668 3027 1715 est
3050 1661 3201 1731 regni
3231 1677 3555 1722 successor:

1992 1759 2093 1800 nec
2123 1746 2229 1801 nisi
2253 1761 2427 1802 annos
2458 1747 2818 1819 quadraginta
2849 1764 3016 1820 super
3047 1749 3301 1808 lsraelem
3331 1769 3556 1826 regnas-

1918 1815 1959 1870 Β
1987 1851 2046 1890 δέ
2071 1836 2292 1892 dicitur.
2334 1815 2619 1905 Quomodo
2654 1815 2784 1912 ergo
2813 1841 2880 1896 ad
2918 1815 3065 1897 hunc
3096 1815 3553 1901 referenturvver-

1986 1924 2055 1980 ba
2084 1944 2097 1980 :
2137 1944 2155 1977 ι
2191 1925 2256 1980 Et
2281 1927 2485 1998 erigam
2520 1928 2776 1985 thronum
2803 1930 2923 2001 ejus
2955 1934 3010 1986 in
3048 1935 3436 2004 sempiternum
3466 1937 3492 1992 ’ί
3525 1956 3548 1993 ι

1986 2012 2140 2081 Quod
2166 2018 2212 2073 si
2235 2016 2360 2088 quis
2387 2019 2632 2089 objiciat,
2662 2020 2729 2077 de
2749 2024 3071 2093 posteritate
3098 2025 3220 2095 ejus
3259 2025 3375 2083 haec
3404 2026 3551 2084 dicta

1985 2104 2156 2162 fuisse
2183 2146 2199 2170 ,
2227 2115 2361 2163 tunc
2410 2124 2543 2166 sane
2587 2126 2696 2166 non
2725 2121 2809 2168 est
2860 2113 3241 2185 ignorandum,
3266 2133 3440 2188 usque
3482 2119 3552 2187 ad

1983 2196 2300 2255 Jechoniam
2338 2203 2556 2274 quidem
2610 2212 2665 2261 et
2724 2205 3107 2277 Babylonicam
3156 2208 3546 2279 captivitatem,

1983 2283 2203 2345 Davidis
2219 2306 2283 2346 ac
2306 2291 2613 2351 Salomonis
2636 2296 2869 2366 regalem
2889 2297 3292 2352 successionem
3317 2300 3552 2355 mansis-

1982 2394 2041 2435 se
2062 2397 2078 2449 ;
2101 2382 2374 2438 neminem
2406 2394 2585 2442 tamen
2617 2395 2741 2457 post
2767 2384 3086 2443 Jecboniam
3115 2389 3170 2443 in
3210 2389 3361 2458 regio
3388 2389 3551 2446 Davi-

1981 2487 2068 2547 dis
2093 2490 2292 2545 throno
2318 2479 2549 2537 sedisse.
2577 2479 2706 2547 Quo
2722 2488 2883 2551 pacto
2911 2479 3092 2553 igitur.
3111 2480 3410 2540 mulieroso
3430 2481 3548 2539 ‘Sa-

1980 2582 2210 2647 lomoni,
2255 2576 2416 2649 cujus
2442 2590 2540 2632 cor
2563 2590 2673 2629 non
2701 2582 2818 2629 erat
2854 2573 3155 2645 perfectum
3189 2590 3319 2648 erga
3364 2575 3551 2633 Domi-

1979 2690 2111 2731 num
2159 2672 2326 2729 Deum
2375 2665 2942 2737 suum,jurisjurandi
2968 2667 3132 2722 verba
3162 2668 3548 2723 accommoda-

1982 2766 2099 2833 bis;
2139 2777 2349 2820 necnon
2381 2761 2472 2816 illa
2511 2778 2524 2813 :
2562 2776 2582 2810 ι
2620 2756 2731 2830 Ego
2761 2772 2856 2812 ero
2886 2756 2964 2811 illi
2989 2758 3043 2812 in
3069 2765 3299 2829 patrem,
3331 2767 3386 2815 et
3430 2759 3548 2830 ipse

1975 2856 2107 2915 mihi
2166 2855 2271 2911 erit
2327 2854 2382 2908 in
2432 2851 2811 2907 lilium?»lmo
2847 2863 2977 2904 vero
3016 2848 3131 2904 haec
3174 2864 3205 2903 a
3254 2849 3546 2909 Salomone

1979 2945 2138 3016 longe
2168 2943 2474 3000 recedunt:
2513 2940 2610 2997 sed
2658 2938 2879 2995 Christo
2911 2938 3101 3010 utique
3152 2940 3309 2996 valde
3347 2957 3547 2998 conve-

1977 3036 2155 3101 niunt,
2189 3035 2282 3106 qui
2306 3033 2527 3089 Davidis
2560 3032 2768 3088 semine
2795 3039 2971 3096 ortus,
3006 3047 3115 3087 non
3143 3034 3402 3102 templum
3435 3035 3545 3089 Deo

298 3124 428 3195 ὅλης
453 3127 551 3197 τῆς
571 3127 894 3200 οἰκουμένης
927 3131 1021 3183 καὶ
1043 3130 1102 3184 ἐν
1133 3133 1263 3185 πᾶσι
1285 3136 1396 3198 τοῖς
1426 3133 1633 3188 ἔθνεσιν
1654 3136 1718 3190 ὲκ
1737 3136 1873 3201 ζών-

1977 3144 2043 3185 cx
2083 3127 2396 3182 inanimatis
2438 3123 2733 3195 lapidibus,
2766 3130 2820 3177 ct
2866 3122 2924 3177 in
2967 3133 3120 3193 parte
3147 3124 3328 3195 aliqua
3378 3132 3543 3195 atque

295 3233 408 3271 των
440 3219 533 3271 καὶ
554 3220 754 3291 νοερῶν
783 3221 944 3276 λίθων
976 3227 1338 3297 συνεστήσατο
1358 3225 1454 3297 τὴν
1477 3226 1754 3299 θεοπρεπῆ
1776 3230 1874 3283 αὐ-

296 3307 394 3361 τοῦ
435 3308 757 3382 Ἐκκλησίαν
783 3326 798 3341 °
827 3306 873 3381 ᾧ
922 3314 1015 3371 καὶ
1049 3315 1194 3386 μόνῳ
1225 3316 1304 3380 τὸ,
1340 3334 1359 3367 ι
1387 3316 1557 3381 Αὐτὸς
1599 3317 1750 3372 ἔσται
1783 3334 1872 3390 μοι

294 3402 377 3465 είς
396 3401 509 3455 υἱὸν
533 3424 548 3451 ο
570 3404 1019 3477 ἀναφωνούμενον
1043 3407 1299 3481 ἁρμόσει-
1321 3409 1444 3463 ἐπεὶ
1469 3410 1561 3463 καὶ
1583 3413 1641 3464 ἐν
1658 3411 1873 3483 ἑτέραις

296 3493 543 3565 Γραφαῖς
558 3496 684 3560 Υἱὸς
699 3498 1090 3571 ἀναγορεύεται
1110 3500 1201 3554 τοῦ
1218 3500 1351 3555 θεοῦ
1366 3518 1381 3532 θ
1404 3504 1462 3555 ἐν
1480 3505 1544 3575 τῇ
1567 3503 1869 3576 φασκούσῃ,

303 3604 320 3635 ι
374 3585 469 3639 Ἐκ
501 3588 732 3665 γαστρὸς
762 3590 867 3663 πρὸ
895 3591 1172 3663 ἐωσφόρου
1202 3594 1469 3665 ἐγέννησα
1500 3611 1591 3647 σε·
1633 3614 1653 3647 ι
1688 3594 1782 3648 καὶ
1814 3597 1870 3648 ἐν

294 3678 364 3746 τῇ
390 3664 639 3751 λεγούσῃ,
665 3701 682 3733 ι
708 3681 909 3754 Κύριος
933 3679 1051 3736 εἷπε
1081 3683 1217 3754 πρός
1238 3701 1326 3755 με,
1360 3664 1489 3749 Υἱός
1517 3703 1616 3757 μου
1650 3680 1701 3739 εἴ
1726 3684 1818 3739 σύο
1845 3702 1865 3737 ι

297 3768 462 3823 πάλιν
496 3773 553 3825 ὲν
654 3774 922 3840 λέλεκται,
958 3796 976 3828 ι
1007 3777 1209 3850 Κύριος
1236 3777 1414 3833 ἔκτισέ
1438 3796 1507 3847 με
1531 3780 1705 3853 ἀρχὴν
1738 3780 1871 3833 ὁδῶν

296 3859 462 3914 αὑτοῦ
495 3864 574 3927 είς
603 3863 740 3934 ἔργα
771 3865 957 3930 αὐτοῦ,
992 3867 1097 3938 πρὸ
1125 3866 1180 3919 δὲ
1216 3867 1431 3921 πάντων
1475 3866 1677 3938 βουνῶν
1708 3871 1874 3941 γεννᾷ

301 3969 393 4023 με.
436 3971 455 4004 ι
497 3953 718 4019 Τούτοις
772 3956 903 4025 γοῦν
938 3957 1149 4029 συνᾴδει
1201 3959 1359 4029 καὶὴ
1401 3958 1460 4024 ἐξ
1502 3958 1752 4030 οὐρανῶν
1783 3962 1868 4013 ἐπ’

298 4043 461 4097 αὑτὸν
486 4045 761 4115 ἐνεχθεῖσα
794 4050 966 4121 φωνή,
1003 4067 1021 4099 ι
1059 4051 1131 4104 Σὺ
1167 4045 1220 4102 εἴ
1248 4051 1276 4103 ό
1306 4049 1433 4114 Υἱός
1467 4066 1568 4119 μου
1596 4050 1626 4102 ό
1655 4050 1871 4123 ἀγαπη-

294 4135 409 4200 τὸς,
446 4155 466 4189 ι
497 4140 739 4209 φήσασα·
783 4141 971 4195 καὶτὰ
1024 4143 1083 4195 ἐν
1124 4141 1505 4214 ἑϐδομηκοστῷ
1558 4141 1614 4195 δὲ
1667 4141 1869 4214 πρώτῳ

294 4226 497 4299 ψαλμῷ
535 4231 920 4303 περιεχόμενα,
941 4233 1003 4286 τὸ
1033 4250 1051 4284 ι
1088 4233 1515 4304 Συμπαραμενεῖ
1540 4231 1618 4303 τῷ
1648 4232 1805 4304 ἡλίῳ,
1843 4251 1861 4284 ι

297 4321 393 4372 καὶ
417 4319 499 4388 τὸ,
535 4339 554 4372 ι
582 4322 764 4376 Πάντα
795 4322 863 4377 τὰ
892 4322 1019 4395 ἔθνη
1061 4322 1422 4397 μακαριοῦσιν
1454 4325 1637 4389 αὑτὸν,
1672 4344 1692 4377 ›
1720 4326 1867 4380 ἄντι-

296 4427 434 4483 κρυς
482 4415 595 4475 τοῖς
645 4414 772 4485 περὶ
812 4413 906 4466 τοῦ
941 4415 1192 4488 Σωτῆρος
1232 4414 1388 4486 ήμῶν
1435 4414 1869 4486 θεολογουμένοις

1976 3219 2176 3290 angulo
2196 3225 2374 3284 terrae,
2422 3218 2514 3270 sed
2568 3214 2624 3267 in
2669 3211 2926 3267 universo
2974 3212 3107 3267 orbe
3139 3221 3193 3267 et
3230 3213 3285 3266 in
3329 3213 3542 3268 cunctis

1973 3309 2226 3381 gentibus
2258 3323 2325 3363 ex
2357 3306 2497 3362 vivis
2527 3302 2797 3375 lapidibus
2827 3310 2880 3358 et
2902 3301 3362 3359 intellectualibus
3386 3318 3543 3359 suam

1975 3399 2088 3454 Deo
2120 3399 2336 3470 dignam
2367 3396 2665 3452 Ecclesiam
2699 3393 2983 3449 aediﬁcavit
3017 3413 3029 3448 :
3064 3395 3151 3449 cui
3186 3394 3287 3450 soli
3319 3394 3541 3450 cll'atum

1974 3491 2107 3546 illud
2134 3496 2397 3562 congruet
2428 3508 2442 3544 :
2480 3506 2500 3539 ι
2541 3486 2662 3558 ipse
2692 3485 2825 3540 mihi
2857 3484 2963 3540 erit
2992 3484 3048 3539 in
3077 3484 3282 3554 lilium,
3315 3505 3336 3539 ι
3375 3501 3544 3557 quan-

1973 3581 2264 3653 doquidem
2298 3590 2352 3637 et
2383 3580 2439 3635 in
2460 3579 2583 3635 aliis
2604 3576 2901 3648 Scriptura:
2920 3576 3054 3632 locis
3082 3575 3372 3634 Filius'Dei
3401 3593 3540 3649 pue-

1974 3674 2221 3740 dicatur;
2259 3672 2350 3727 ubi
2376 3686 2569 3741 nempe
2601 3670 2804 3725 dicitur
2833 3685 2852 3724 :
2889 3688 2907 3722 ι
2944 3669 3020 3724 Ex
3063 3677 3220 3726 utero
3242 3677 3369 3725 ante
3398 3670 3539 3725 luci-

1976 3766 2147 3820 ferum
2186 3763 2345 3835 genui
2376 3773 2429 3819 te
2453 3765 2563 3828 7";
2603 3782 2622 3814 ι
2656 3776 2873 3816 necnon
2909 3760 3000 3816 ubi
3025 3761 3266 3816 dicitur:
3302 3780 3321 3813 ι
3354 3760 3542 3817 Domi-

1972 3872 2079 3912 nus
2104 3856 2240 3910 dixit
2269 3854 2333 3908 ad
2360 3870 2445 3909 me
2476 3873 2490 3909 :
2565 3852 2738 3908 Filius
2757 3868 2984 3908 meuses
3014 3860 3069 3906 tu
3094 3852 3174 3920 ἠς
3203 3870 3223 3904 ι
3256 3855 3433 3908 denuo
3450 3854 3542 3907 ubi

1973 3949 2270 4005 scribitur:
2308 3965 2326 3997 ι
2359 3946 2623 4002 Dominus
2669 3946 2875 4000 creavit
2921 3959 3009 4000 me
3064 3943 3279 3998 initium
3324 3944 3539 3999 viarum

1973 4054 2198 4096 suarum
2244 4038 2311 4092 ad
2350 4051 2515 4108 opera
2565 4036 2720 4105 ejus;
2754 4044 2881 4090 ante
2912 4050 3102 4091 omnes
3154 4036 3322 4092 colles
3356 4038 3542 4108 genuit

1972 4147 2060 4187 me
2083 4131 2152 4186 "‘.
2194 4149 2211 4182 ι
2247 4128 2498 4199 Hisergo
2523 4136 2789 4182 consonat
2821 4142 2925 4181 vox
2945 4141 3161 4198 quoque
3191 4126 3282 4180 illa
3313 4126 3382 4183 de
3401 4130 3541 4183 ctelo

1972 4222 2186 4278 delata:
2215 4239 2236 4274 ι
2273 4219 2355 4275 Tu
2406 4234 2465 4275 es
2496 4218 2667 4274 Filius
2714 4233 2869 4275 meus
2911 4218 3143 4274 dilectus
3177 4217 3243 4273 "'.
3279 4237 3299 4271 ο
3347 4215 3413 4271 Et
3446 4219 3551 4273 illa‘

1972 4329 2092 4385 qua:
2144 4312 2545 4383 septuagesimo
2600 4311 2780 4380 primo
2856 4309 3067 4380 psalmo
3119 4309 3471 4365 continentur
3521 4329 3535 4365 :

1979 4423 1998 4457 ι
2038 4403 2383 4460 Permanebit
2409 4417 2532 4456 cum
2559 4403 2701 4468 sole;
2742 4420 2761 4453 ι
2798 4401 3034 4471 itemque
3065 4417 3079 4455 :
3118 4419 3137 4451 ι
3174 4398 3377 4456 Omnes
3410 4416 3541 4471 gen-

298 4501 573 4574 συντρέχοι
596 4503 680 4560 ἄν.
713 4504 832 4558 Ὅτι
857 4505 914 4559 δὲ
953 4505 1105 4559 ταῦθ’
1127 4505 1298 4570 οὕτως
1319 4505 1451 4578 ἔχει,
1474 4506 1871 4578 ἀναμφίλεκτος

1977 4507 2055 4552 tes
2076 4496 2292 4551 beatum
2319 4494 2472 4548 illum
2499 4492 2681 4548 dicent
2711 4491 2758 4523 ⁷⁸
2792 4511 2807 4546 :
2837 4510 2855 4543 ι
2883 4491 3019 4556 inec,
3052 4491 3294 4562 inquam,
3320 4506 3445 4547 cum
3472 4492 3540 4547 iis

294 4595 330 4665 ή
353 4593 569 4647 ἀπὸτοῦ
611 4594 830 4649 Ἡσαΐου
873 4596 1151 4660 σύστασις,
1185 4597 1243 4660 ὃς
1267 4598 1403 4669 μετὰ
1432 4598 1522 4650 τὸν
1558 4597 1869 4669 Σολομῶνος

1977 4604 2205 4661 prorsus
2233 4603 2355 4659 quae
2386 4585 2454 4641 de
2504 4584 2795 4640 Servatore
2846 4594 3036 4640 nostro
3090 4583 3353 4640 divinitus
3393 4583 3540 4639 dicta

295 4684 523 4740 θάνατον
540 4686 632 4740 καὶ
660 4686 793 4757 μετὰ
825 4687 1079 4752 πλείστας
1104 4688 1269 4752 ἄλλας
1283 4688 1374 4742 τοῦ
1390 4689 1579 4758 γένους
1598 4688 1865 4759 διαδοχὰς,

293 4776 358 4829 ἐκ
388 4775 544 4848 ῥίζης
578 4777 773 4831 Ἰεσσαὶ⁵
802 4780 896 4832 καὶ
920 4780 1083 4833 Δαϐὶδ
1113 4780 1487 4844 ἐξελεύσεσθαί
1513 4798 1634 4835 τινα
1666 4798 1870 4852 προφη-

292 4867 461 4933 τεύει,
496 4868 589 4921 καὶ
634 4857 824 4924 τούτον
867 4869 1085 4924 ἔσεσθαι
1118 4871 1344 4942 Σωτῆρα
1395 4870 1585 4937 ἐθνῶν,
1646 4870 1868 4942 γυμνῶς

292 4957 436 5010 οὔτω
462 4958 717 5027 φάσκωνο
759 4979 777 5011 ι
823 4961 933 5014 Kal.
969 4960 1122 5014 ἔσται
1152 4962 1185 5032 ή
1217 4957 1342 5031 ῥίζα
1378 4960 1476 5013 τοῦ
1515 4960 1736 5026 Ἰεσσαὶ,
1771 4961 1869 5014 καὶ

292 5052 322 5104 ὁ
348 5050 704 5122 ἀνιστάμενος
736 5052 923 5125 ἄρχειν
952 5052 1150 5107 ἐθνῶψ
1187 5054 1271 5106 ἐπ’
1303 5051 1451 5123 αὐτῷ
1488 5051 1617 5125 ἔθνη
1658 5052 1870 5106 ἐλπιοῦ-

297 5158 402 5198 σιν.
433 5162 454 5195 ὶ

367 5446 454 5494 ια’.
509 5443 666 5497 Ἀλλά
711 5430 832 5517 γιέιρ⁵
865 5443 1131 5498 τοσούτων
1183 5442 1544 5515 ἐκδεδομένων
1601 5439 1864 5514 χρησμῶν

297 5531 444 5604 Mm?
473 5533 552 5605 τῷ
592 5534 755 5588 Δαϐὶδ
785 5535 880 5588 καὶ
927 5535 1044 5606 μεθ’
1076 5536 1238 5606 ὅρκου
1281 5532 1708 5596 διαϐεϐαιώσεως
1739 5530 1868 5602 περὶ

364 5689 436 5721 ἰ’
463 5688 619 5760 _Psal.
670 5706 760 5746 οιιι
784 5729 799 5755 ,
849 5691 903 5746 5.
979 5689 1025 5722 ⁷³
1062 5689 1208 5747 Psal.
1242 5707 1316 5760 ιι,
1349 5691 1404 5746 7.
1480 5690 1526 5724 "
1564 5687 1727 5745 Prov.
1766 5701 1878 5754 vin,

1977 5685 2010 5739 5.
2085 5682 2132 5716 "
2172 5679 2362 5736 Matth.
2411 5694 2508 5746 ιιι,
2556 5676 2644 5734 17.
2686 5678 2766 5752 ,⁷⁸
2805 5676 2951 5735 Psal.
2986 5693 3147 5747 uxr,
3190 5678 3246 5734 5.

296 5773 353 5813 ιι
372 5798 388 5828 ,
454 5758 544 5814 to.

609 5850 879 5911 PATROL.
917 5849 1038 5912 Gn.
1060 5847 1278 5928 XXII.

1970 4689 2120 4747 sunt,
2152 4685 2501 4736 concurrent.
2535 4676 2689 4744 Quod
2741 4686 2920 4732 autem
2962 4677 3037 4732 ita
3090 4692 3177 4732 res
3218 4692 3277 4733 se
3317 4676 3537 4741 habeat,

1971 4772 2338 4827 indubitanter
2366 4767 2535 4825 Isaias
2568 4769 2875 4832 confirmat,
2911 4767 3039 4824 dum
3080 4774 3205 4839 post
3234 4766 3540 4823 Salomonis

1967 4863 2178 4918 obitum
2203 4861 2580 4932 plurimasque
2612 4859 2746 4915 alias
2776 4861 3189 4930 generationum
3234 4861 3540 4916 successio-

1968 4971 2087 5018 nes,
2121 4969 2187 5009 ex
2216 4954 2399 5009 radice
2427 4950 2598 5008 Jessa:
2635 4968 2699 5006 ac
2726 4950 2940 5007 Davidis
2977 4967 3324 5023 egressurum
3348 4967 3538 5023 quem-

1968 5046 2092 5101 dam
2122 5045 2472 5111 vaticinatur,
2500 5058 2734 5114 eumque
2759 5041 3101 5097 Servatorem
3135 5041 3375 5113 gentium
3402 5041 3542 5095 fatu-

1966 5153 2088 5192 rum
2115 5147 2224 5192 tam
2261 5136 2547 5207 perspicue
2577 5135 2892 5205 pronuntiat
2922 5154 2934 5190 :
2965 5153 2983 5186 ι
3014 5132 3080 5188 Et
3117 5134 3221 5190 erit
3246 5132 3399 5187 radix
3419 5123 3541 5187 ,ιρέ-

1970 5244 2065 5294 sae,
2098 5238 2152 5285 et
2174 5228 2267 5299 qui
2297 5234 2590 5298 consurget
2634 5226 2703 5281 ad
2748 5224 3123 5298 imperandum
3154 5226 3410 5299 gentibus
3437 5243 3452 5292 ;
3487 5234 3540 5282 ct

1971 5322 2027 5376 in
2056 5322 2234 5393 ipsum
2265 5329 2452 5392 gentes
2482 5319 2780 5391 sperabunt
2810 5320 2880 5375 ".
2909 5338 2929 5372 ι

2044 5435 2131 5491 il.
2163 5433 2299 5489 Cum
2331 5432 2460 5488 talia
2497 5431 2661 5502 igitur
2706 5429 2852 5486 edita
2886 5429 3119 5487 fuissent
3173 5431 3397 5488 oracula
3445 5431 3539 5485 uni

1975 5524 2186 5592 Davidi,
2216 5537 2269 5579 et
2304 5522 2523 5593 quidem
2566 5537 2691 5577 cum
2735 5520 2918 5594 jurata
2948 5520 3329 5591 allirmatione,
3363 5522 3532 5577 oritu-

3348 5678 3393 5710 ’τ
3435 5674 3538 5731 lsa.

3216 5839 3292 5901 31
