4114 6472
504 320 604 379 971

1206 316 1473 374 EUSEBII
1510 316 1993 374 CESABIENSIS
2027 316 2180 374 OPP.
2219 315 2399 371 PARS
2437 314 2522 369 lii.
2562 345 2634 358 --
2660 313 3069 371 EXEGETICA.
3136 287 3159 311 .

3655 319 3770 373 973

505 460 627 499 rum
656 459 722 499 ex
748 444 869 513 ejus
917 439 1127 498 semine
1160 440 1585 510 praenuntiatum
1634 440 1818 505 illum;
1846 454 2080 509 cumque

2185 438 2278 508 τῆς
2309 438 2372 490 ἐκ
2402 438 2712 507 σπέρματος
2742 436 2905 489 αὑτοῦ
2932 436 3201 505 γενέσεως
3226 434 3320 488 τοῦ
3353 440 3771 510 προφητευομέ-

504 538 798 592 universus
835 533 1005 589 Israel
1036 533 1110 587 ob
1146 534 1244 587 bas
1276 530 1662 602 praedictiones
1708 530 1954 600 quotidie
1982 546 2078 585 ex-

505 633 783 696 spectaret
811 624 1153 678 nasciturum
1182 637 1249 677 ex
1286 620 1490 675 Davide
1516 620 1759 674 omnium
1794 619 2078 674 hominum

506 719 854 773 Servatorem
895 730 962 769 ac
989 712 1433 783 Redemptoreui,
1468 720 1615 766 recte
1642 709 1929 765 Matthaaus
1952 725 2077 779 spe-

505 818 749 865 ratarum
799 822 983 863 rerum
1036 806 1330 866 adventum
1365 803 1651 868 nuntians,
1677 819 1742 858 ex
1795 804 1913 873 ipsa
1960 818 2080 872 quae

505 902 562 956 in
593 916 690 970 spe
718 907 838 954 erat
874 898 1301 969 exspectatione,
1341 896 1626 952 exordium
1662 896 1789 950 libri
1829 897 2081 966 auspica-

507 1002 616 1057 tur,
647 990 818 1046 ﬁlium
850 988 1069 1044 Davidis
1111 989 1392 1059 appellans
1426 1004 1550 1043 eum
1586 988 1681 1059 qui
1709 1002 1885 1058 nuper
1912 1001 2081 1057 appa-

504 1092 712 1141 ruerat.
745 1084 790 1134 Α
815 1079 1020 1135 Davide
1053 1086 1237 1134 autem
1289 1078 1375 1134 ad.
1400 1078 1770 1133 Abrahamum
1810 1076 2077 1142 ascendit,

500 1174 634 1243 quia
677 1171 857 1242 primo
904 1170 1035 1225 item
1083 1168 1396 1225 Abrahamo
1425 1168 1492 1223 de
1528 1167 1767 1238 gentium
1794 1167 2080 1222 vocatione

505 1264 657 1317 varia
702 1261 924 1317 oracula
957 1258 1170 1315 reddita
1219 1257 1455 1314 fuerant.
1501 1258 1643 1312 Ante
1681 1257 1824 1312 enim
1874 1254 2079 1327 Moysis

506 1354 922 1426 legislationem,
979 1360 1033 1407 et
1066 1360 1191 1407 ante
1229 1359 1445 1423 gentem
1491 1349 1793 1417 Judaicam,
1824 1350 1989 1404 immo
2025 1357 2079 1404 et

508 1455 633 1503 ante
685 1444 1188 1508 circumcisionem,
1220 1443 1524 1513 alienigena
1569 1457 1694 1496 cum
1729 1449 1874 1497 esset
1907 1441 2079 1495 Abra-

506 1538 704 1592 bamus
751 1545 807 1592 et
858 1535 1240 1591 Chaldaeorum
1298 1534 1524 1604 regione
1580 1533 1867 1597 oriundus,
1905 1533 2078 1602 patria

505 1628 759 1683 instituta
812 1626 1072 1691 deseruit,
1110 1624 1331 1694 Deoque
1382 1638 1640 1694 supremo
1691 1625 1897 1695 agnito,
1934 1624 2080 1677 testi-

504 1721 748 1775 monium
808 1721 1014 1779 retulit,
1041 1718 1189 1794 quod
1237 1717 1348 1771 Deo
1387 1717 1733 1782 credidisset,
1764 1724 1817 1772 et
1849 1724 2081 1787 reputa—

2184 546 2294 593 vou,
2323 530 2523 592 παντός
2546 546 2604 581 τε
2624 528 2697 591 ὡς
2722 528 2868 591 six};
2900 528 2994 582 τοῦ
3033 529 3247 601 Ἰσραὴλ
3264 528 3351 581 διὰ
3380 528 3476 592 τὰς
3498 529 3770 593 τοσαύτας

2183 622 2459 693 προρῤήσε
2468 638 2513 684 ις
2529 618 2798 691 ὁσημέραι
2831 620 3235 691 προσδοκῶντος
3256 619 3347 672 τὸν
3368 622 3431 672 ὲκ
3457 622 3622 674 Δαόὶδ
3639 639 3767 691 γεν-

2184 710 2548 782 νηθησόμενον
2597 707 2826 778 Σωτῆρα
2866 708 2957 760 καὶ
2984 707 3275 779 Λυτρωτὴν
3314 707 3530 760 πάντων
3556 706 3773 778 ἀνθρώ-

2186 818 2323 864 πων,
2365 800 2589 863 εἰκότως
2612 798 2721 852 τῶν
2754 798 3214 870 προσδοκωμένων
3257 799 3355 870 τὴν
3388 797 3570 868 ἄφιξιν
3603 801 3768 868 εὐαγ-

2184 894 2525 964 γελιζόμενος
2553 895 2581 946 ὁ
2622 890 2917 955 Ματθαῑος,
2966 892 3025 958 ἐξ
3066 892 3236 962 αὐτῆς
3267 892 3367 962 τῆς
3409 890 3769 962 ἐλπιζομένης

2184 986 2511 1057 προσδοκίας
2537 986 2635 1055 τὴν
2668 985 2945 1055 καταρχὴν
2979 982 3071 1038 τοῦ
3103 983 3261 1053 λόγου
3307 985 3618 1053 πεποίηται,
3649 983 3769 1037 υἱὸν

2184 1077 2345 1132 Δαὸὶδ
2388 1078 2566 1147 φήσας
2609 1076 2701 1129 τὸν
2740 1075 3151 1145 ὲπιλάμψαντα·
3191 1073 3330 1145 μετὰ
3375 1074 3433 1128 δὲ
3476 1074 3568 1127 τὸν
3604 1072 3771 1127 Δαῦὶδ

2184 1170 2276 1222 ἐπὶ
2306 1169 2395 1221 τὸν
2430 1167 2679 1238 Ἀϐραὰμ
2700 1166 3005 1237 ἀνατρέχει,
3042 1164 3230 1236 ἐπειδὴ
3263 1164 3464 1237 πρώτῳ
3494 1166 3657 1219 πάλιν
3688 1165 3766 1235 τῷ

2197 1259 2441 1332 Ἀϐραὰμ
2474 1260 2601 1329 περὶ
2632 1260 2733 1329 τῆς
2768 1257 3011 1328 κλήσεως
3042 1256 3148 1309 τῶν
3179 1255 3348 1308 ὲθνῶν
3380 1255 3625 1327 διάφοροι
3662 1255 3772 1309 ἑδέ-

2183 1352 2332 1405 δοντο
2375 1350 2633 1423 χρησμοί.
2676 1351 2790 1423 Πρὸ
2825 1349 2930 1419 γὰρ
2956 1348 3057 1418 τῆς
3098 1346 3375 1410 Μωῡσέως
3422 1347 3770 1417 νομοθεσίας,

2183 1443 2276 1495 καὶ
2310 1443 2413 1516 πρὸ
2436 1442 2529 1495 τοῦ
2572 1442 2839 1495 Ἰουδαίων
2879 1440 3084 1503 ἔθνους,
3114 1439 3176 1491 οὐ
3222 1437 3327 1509 μὴν
3363 1437 3498 1490 ἀλλὰ
3533 1439 3624 1490 καὶ
3656 1438 3770 1509 πρὸ

2182 1532 2283 1602 τῆς
2338 1530 2661 1605 περιτομῆς,
2718 1528 3007 1601 ἀλλοεθνὴς
3047 1526 3121 1581 ὢν
3161 1528 3189 1579 ὁ
3235 1525 3482 1596 Ἀϐραὰμ
3522 1525 3616 1578 καὶ
3665 1524 3769 1595 τῆς

2184 1624 2461 1678 Χαλδαίων
2487 1624 2591 1695 γῆς
2622 1621 2959 1694 ὁρμώμενος,
2996 1620 3278 1674 ἀπολείπει
3309 1620 3406 1690 μὲν
3438 1618 3508 1671 τὰ
3538 1618 3769 1689 πάτρια,

2184 1716 2317 1769 Θεὸν
2347 1716 2404 1769 δὲ
2438 1716 2598 1784 γνοὺς
2629 1715 2719 1767 τὸν
2760 1715 2851 1766 ἐπὶ
2881 1713 3077 1773 πάντα,
3115 1709 3527 1783 μεμαρτύρηται
3557 1710 3631 1772 ὡς
3655 1707 3772 1778 ἄρα

504 1822 621 1867 tum
666 1813 771 1884 ipsi
804 1822 951 1868 esset
1000 1811 1068 1865 ad
1095 1810 1368 1882 justitiam
1401 1812 1445 1843 ⁷⁸
1482 1829 1495 1864 :
1527 1809 1820 1880 iustusque
1866 1816 1920 1864 et
1971 1808 2081 1864 Deo

2185 1809 2469 1861 ἐπίστευσε
2491 1807 2567 1877 τῷ
2589 1806 2727 1876 θεῷ,
2748 1806 2842 1859 καὶ
2864 1803 3113 1872 ἐλογίσθη
3136 1801 3282 1872 αὐτῷ
3302 1804 3382 1865 εἰς
3400 1800 3767 1870 δικαιοσύνην

505 1924 667 1965 carus
718 1910 910 1971 evasit,
952 1907 1097 1962 haud
1154 1907 1224 1963 ob
1279 1906 1524 1977 corporis
1578 1904 2075 1966 circumcisionem,

506 2003 590 2056 vel
623 2001 1029 2057 observantiam
1071 1998 1320 2063 Sabhati,
1350 1998 1639 2063 festorum,
1674 2007 1837 2068 atque
1880 1996 2082 2049 Kalen-

506 2091 722 2158 darum,
751 2107 927 2161 neque
978 2091 1048 2146 ob
1098 2091 1259 2145 aliam
1309 2089 1559 2160 quamvis
1594 2103 1625 2141 a
1655 2087 1840 2159 Moyse
1889 2093 2077 2157 postea

508 2184 778 2238 invectam
812 2182 1152 2252 religionem,
1183 2181 1279 2237 sed
1314 2190 1535 2252 propter
1569 2180 1729 2234 aliam
1759 2178 1851 2232 Dei
1906 2177 2079 2231 mani-

508 2276 876 2337 festationem,
903 2274 1181 2344 Deumque
1212 2273 1316 2343 ipsi
1347 2279 1697 2343 apparentem
1734 2270 1872 2342 (erat
1899 2278 2078 2324 autem

508 2368 597 2423 hic
634 2365 935 2437 Servator),
962 2376 1015 2422 et
1037 2373 1258 2437 propter
1283 2373 1531 2420 ornatam
1566 2361 1860 2416 virtutibus
1890 2361 2076 2414 vitam.

509 2459 625 2514 Hoc
657 2458 842 2528 itaque
889 2455 1173 2527 religionis
1209 2468 1383 2524 genus
1411 2452 1689 2508 exercenti
1726 2451 1869 2506 facta
1902 2461 1984 2506 est
2014 2451 2081 2506 de

509 2549 753 2618 gentium
786 2546 1074 2602 vocatione
1105 2544 1402 2615 promissio
1426 2560 1444 2611 ;
1466 2543 1610 2614 quod
1650 2557 1844 2612 nempe
1872 2552 1923 2596 et
1953 2543 2081 2611 ipsa:
2112 2538 2117 2541 ⁷

508 2640 805 2711 aliquando
857 2638 973 2709 pari
1035 2646 1200 2707 atque
1250 2634 1597 2690 Abraliamus
1639 2633 1851 2689 fervore
1911 2631 2078 2687 Deum

509 2738 698 2786 essent
739 2728 1076 2797 adoratum,
1123 2740 1225 2782 nec
1265 2724 1587 2781 dissimilem
1646 2722 2081 2779 benedictionem

510 2830 908 2879 consecutura}.
945 2818 1313 2887 Quamobrem
1342 2816 1549 2872 dictum
1574 2816 1624 2871 ei
1654 2816 1797 2870 fuit:
1835 2834 1853 2866 ‹
1896 2813 1962 2867 Et
1990 2815 2084 2869 be-

510 2918 837 2973 nedicentur
870 2913 925 2968 in
957 2924 1008 2968 te
1032 2926 1222 2967 omnes
1251 2909 1429 2964 tribus
1451 2908 1708 2974 terrm”;
1745 2926 1763 2959 ι
1789 2918 1840 2962 et
1862 2905 2039 2960 denuo
2064 2922 2079 2960 :

516 3027 535 3059 ι
579 3004 721 3059 Dixit
749 3011 932 3058 autem
979 2999 1243 3056 Dominus
1279 3018 1293 3053 :
1345 2996 1685 3053 Non'celaho
1717 2996 2085 3052 Abrahamum

512 3110 741 3169 puerum
771 3109 949 3149 meum
981 3107 1103 3163 quae
1142 3106 1242 3162 ego
1296 3089 1459 3145 facio.
1490 3087 1608 3143 Fiet
1653 3087 1996 3144 Abrahamus
2029 3087 2085 3141 in

2180 1897 2381 1959 δίκαιός
2408 1913 2467 1949 τε
2493 1897 2587 1949 καὶ
2621 1894 2873 1965 θεοφιλὴς
2905 1893 3307 1962 ἀποπέφανται,
3343 1890 3404 1942 οὐ
3426 1890 3515 1943 διὰ
3550 1905 3773 1960 περιτο-

2182 1990 2288 2060 μῆς
2300 1987 2566 2058 σώματος,
2588 1986 2707 2039 οὐδὲ
2730 1986 2816 2039 διὰ
2839 1983 3085 2054 φυλακῆς
3103 1983 3311 2054 ἡμέρας
3332 1980 3628 2041 Σαϐϐάτου,
3652 1980 3774 2048 ἐορ-

2179 2081 2287 2136 τῶν
2310 2081 2343 2153 ἢ
2372 2079 2696 2151 νουμηνιῶν,
2728 2077 2850 2131 οὐδέ
2878 2094 2941 2147 γε
2969 2075 3037 2128 δι’
3065 2075 3230 2144 ἄλλης
3253 2074 3397 2135 τινὸς
3432 2073 3579 2144 παρὰ
3603 2073 3774 2125 Marii-

2181 2178 2264 2230 σεῖ
2295 2176 2599 2247 φερομένης
2655 2169 3093 2243 ὲθελοθρησκίας,
3142 2168 3276 2222 ἀλλὰ
3320 2166 3383 2219 δι’
3413 2164 3579 2236 ἄλλης
3626 2162 3769 2216 Θεοῦ

2180 2268 2400 2336 φανείας
2423 2283 2483 2318 τε
2516 2264 2608 2318 τοῦ
2637 2264 2893 2333 ὀφθέντος
2929 2260 3077 2331 αὒτῷ
3102 2258 3308 2330 Κυρίου
3366 2251 3536 2327 (οὗτος
3569 2256 3613 2308 δ’
3634 2252 3705 2325 ῆν
3737 2256 3770 2336 6_

2180 2326 2414 2429 iwshpi,
2448 2357 2537 2410 διά
2557 2372 2616 2408 τε
2646 2326 2843 2425 σεμνοῦ
2879 2352 2971 2405 καὶ
3009 2326 3262 2421 ἐναρέτου
3312 2326 3447 2419 βίου.
3489 2345 3689 2398 Τοῦτον
3720 2326 3769 2396 δ’

2179 2446 2271 2504 οὖν
2312 2449 2457 2520 αὐτῷ
2497 2446 2849 2518 κατορθοῦντι
2884 2445 2983 2516 τῆς
3016 2442 3325 2505 θεοσεϐείας
3373 2440 3461 2492 τὸν
3502 2437 3703 2509 τρόπον
3731 2439 3770 2508 ἠ

2182 2558 2246 2594 πε
2256 2542 2308 2613 ρί
2330 2539 2437 2592 τῶν
2463 2538 2631 2591 ἐθνῶν
2652 2537 2829 2589 δέδοτο
2856 2534 3178 2603 ἐπαγγελία,
3202 2532 3277 2596 ὡς
3309 2529 3404 2584 καὶ
3431 2528 3607 2582 αὐτῶν
3631 2540 3767 2579 ποτε

2181 2632 2322 2687 κατὰ
2337 2632 2427 2685 τὸν
2450 2630 2541 2683 τοῦ
2586 2628 2837 2703 Ἀϐραὰμ
2861 2626 3019 2698 ζῆλον
3047 2622 3499 2694 θεοσεϐησόντων,
3528 2620 3620 2672 καὶ
3644 2620 3771 2688 ἴσης

2180 2724 2258 2796 τῷ
2302 2722 2539 2792 θεοφιλεῖ
2584 2717 3137 2789 καταξιωθησομένων
3186 2713 3451 2783 εὐλογίας.
3499 2712 3771 2766 Λέλεκται

2181 2816 2311 2886 γοῦν
2336 2814 2474 2886 πρὸς
2507 2813 2688 2878 αὑτὸν,
2725 2831 2743 2863 ι
2781 2810 2883 2864 Καὶ
2916 2808 3368 2880 εὐλογηθήσονται
3400 2808 3456 2858 ὲν
3482 2804 3564 2857 σοὶ
3596 2804 3770 2855 πᾶσαι

2182 2909 2236 2963 at
2269 2907 2431 2978 φυλαὶ
2460 2906 2558 2978 τῆς
2578 2903 2680 2976 γῆς
2705 2921 2717 2933 ·
2754 2922 2772 2956 ι
2804 2903 2897 2956 καὶ
2930 2900 3089 2954 πάλιν
3107 2917 3121 2929 ο
3148 2918 3167 2951 ι
3201 2899 3259 2951 Ὀ
3272 2898 3327 2951 δὲ
3356 2895 3558 2967 Κύριος
3587 2888 3765 2954 εἶπεν,

2184 3000 2259 3054 Οὐ
2293 2999 2365 3071 μὴ
2399 2998 2592 3071 κρύψω
2633 2996 2738 3050 ἀπὸ
2782 2993 3029 3067 Ἀϐραὰμ
3058 2990 3153 3044 τοῦ
3197 2989 3385 3053 παιδός
3440 3005 3541 3059 μου
3590 2984 3626 3038 ἃ
3655 2980 3774 3051 ἐγὼ

2184 3092 2323 3147 ποιῶ
2347 3109 2362 3123 ο
2409 3089 2659 3160 Ἀϐραὰμ.
2698 3087 2754 3141 δὲ
2795 3086 3082 3156 γενόμενος
3114 3083 3264 3136 ἔσται
3303 3083 3380 3144 είς
3428 3079 3578 3142 ἔθνος
3623 3076 3770 3148 μέγα

509 3168 724 3260 gentem
756 3200 1011 3258 magnam
1042 3184 1402 3253 multamque,
1444 3190 1497 3236 et
1522 3182 1577 3234 in
1604 3194 1668 3235 eo
1692 3179 2083 3235 benedicentur

2186 3185 2279 3238 atati.
2313 3183 2467 3247 πολὺ,
2501 3181 2593 3235 καὶ
2626 3178 3045 3248 εὐλογηθήσεται
3073 3178 3130 3228 έν
3156 3172 3302 3244 αὐτῷ
3335 3171 3515 3224 πάντα
3544 3168 3612 3222 τὰ
3639 3168 3772 3237 ἔθνη

500 3280 697 3336 -ίιιιιοιὶ
734 3286 893 3334 terra:
940 3276 1124 3347 populi
1154 3275 1223 3330 ⁸ο,
1270 3292 1288 3324 ι
1318 3271 1450 3339 Quae
1497 3286 1622 3326 cum
1670 3271 1745 3324 ita
1802 3271 1932 3336 sint,
1960 3288 2087 3325 eon-

511 3382 832 3427 sentaneum
865 3369 989 3432 fuit.
1025 3366 1330 3422 vocationis
1379 3362 1624 3436 gentium
1681 3364 2084 3433 progenitorem

509 3464 883 3519 Abrahamum
920 3460 988 3515 ab
1018 3457 1354 3528 evangelista
1395 3457 1697 3513 secundum
1735 3455 1938 3510 assumi
1964 3462 2086 3526 post

511 3556 794 3611 Davidem.
824 3552 1073 3622 Namque
1112 3551 1282 3613 hunc,
1318 3548 1407 3602 cui
1452 3547 1520 3602 de
1547 3545 1859 3601 Servatoris
1891 3546 2087 3600 nativi-

511 3656 623 3704 tate
650 3644 1048 3717 promissiones
1072 3641 1228 3696 factae
1256 3646 1406 3705 sunt,
1431 3638 1683 3710 pravorti
1708 3637 1902 3692 ordine
1923 3652 2087 3707 opor-

510 3739 616 3794 tuit
655 3736 736 3791 illi
769 3736 864 3807 qui
891 3734 958 3790 de
985 3732 1241 3805 gentibus
1275 3730 1603 3802 sponsiones
1648 3739 1970 3799 acceperat;
2002 3743 2087 3783 se-

511 3828 774 3893 cundum,
808 3826 1052 3897 inquam.
1082 3824 1138 3878 in
1180 3820 1495 3894 genealogia
1541 3820 1801 3876 collocari
1844 3821 2087 3891 oportuit

511 3921 755 3994 gentium
770 3914 1172 3989 patriarcham.

582 4013 671 4070 l2.
694 4011 933 4069 Joannes
963 4010 1182 4080 quidem
1214 4009 1271 4064 in
1319 4023 1420 4064 sua
1465 4006 1744 4077 Evangelii
1791 4006 2084 4075 scriptura,

512 4122 601 4163 res
652 4119 792 4177 quae,
833 4104 1075 4172 Baptista
1128 4101 1374 4158 nondum
1431 4102 1486 4156 in
1541 4099 1758 4153 vincula
1815 4098 2085 4167 conjecto,

511 4208 640 4256 ante
674 4199 954 4255 Christum
985 4196 1141 4253 factae
1178 4201 1328 4260 sunt,
1358 4191 1599 4248 tradidit.
1648 4191 1716 4245 At
1742 4198 1856 4247 tres
1891 4190 2087 4260 reliqui

512 4292 879 4364 evangelista,
926 4299 1050 4344 acta
1101 4294 1225 4360 post
1245 4299 1524 4341 carcerem
1575 4285 1832 4339 recitant.
1879 4280 1938 4336 ld
1971 4281 2086 4335 aui-

513 4382 876 4439 madvertenti
924 4379 1073 4437 haud
1124 4378 1411 4434 dissonare
1468 4373 1798 4429 videbuntur
1836 4372 1979 4426 inter
2029 4385 2089 4425 se

513 4475 845 4546 Evangelia;
914 4473 1040 4544 quia
1100 4470 1360 4526 nimirum
1418 4467 1564 4539 apud
1616 4465 1884 4522 Joannem
1957 4470 2087 4517 sunt

2185 3276 2282 3347 τῆς
2301 3274 2425 3344 γῆς.
2463 3292 2480 3324 ι
2505 3268 2606 3325 ’Ὧν
2644 3269 2815 3332 οὕτως
2840 3268 3093 3339 ἐχόντων,
3121 3262 3413 3319 ἀκόλουθον
3438 3257 3507 3333 ἦν
3541 3262 3639 3331 τῆς
3658 3259 3772 3311 τῶν

2186 3368 2353 3420 ὲθνῶν
2405 3365 2647 3436 κλήσεως
2697 3361 3016 3433 προπάτορα
3062 3358 3190 3410 ὄντα
3244 3355 3337 3407 τὸν
3382 3351 3629 3424 Ἀϐραὰμ
3664 3350 3773 3402 ὑπὸ

2184 3456 2278 3511 τοῦ
2311 3452 2692 3524 εὐαγγελιστοῦ
2745 3451 2993 3522 δεύτερον
3045 3444 3467 3519 παραληφθῆναι
3503 3440 3639 3513 μετὰ
3677 3442 3773 3493 τὸν

2186 3548 2363 3603 Δαϐίδ.
2411 3547 2604 3618 Ἐχρῆν
2630 3545 2737 3616 γάρ
2768 3543 2859 3596 τὸν
2888 3542 3015 3614 περὶ
3045 3539 3143 3610 τῆς
3168 3538 3434 3609 γενέσεως
3465 3536 3558 3588 τοῦ
3583 3533 3771 3602 Σωτῆο

2188 3660 2280 3714 ρος
2316 3640 2414 3704 τὰς
2443 3639 2761 3709 ὑποσχέσεις
2787 3635 3062 3707 εἰληφότα,
3093 3629 3492 3705 προτιμηθῆναι
3525 3630 3591 3699 τῇ
3619 3624 3775 3691 τάξει

2186 3734 2277 3789 τοῦ
2312 3734 2408 3797 τὰς
2442 3730 2699 3804 περὶτῶν
2722 3728 2888 3783 ἐθνῶν
2926 3726 3256 3796 ἐπαγγελίας
3289 3721 3581 3792 δεξαμένου
3601 3736 3615 3750 ’
3641 3718 3769 3774 δεύ-

2185 3843 2339 3898 τερον
2383 3825 2439 3878 δὲ
2482 3826 2540 3877 ὲν
2583 3824 2651 3893 τῇ
2695 3818 3012 3890 γενεαλογίᾳ
3046 3812 3468 3888 παραληφθῆναι
3516 3810 3609 3863 τὸν
3660 3808 3773 3861 τῶν

2189 3914 2357 3968 ἐθνῶν
2388 3913 2649 3985 ἀρχηγόν.

2264 4004 2350 4074 ιβ’·
2392 4004 2449 4057 '0
2484 4003 2580 4073 μὲν
2607 4002 2717 4071 γὰρ
2762 4000 3012 4068 Ἰωάννης
3036 3997 3101 4067 τῇ
3124 3991 3216 4048 τοῦ
3246 3993 3367 4045 κατ’
3405 3988 3566 4043 αὑτὸν
3591 3986 3776 4053 Εὐαγ-

2188 4095 2366 4166 γελίου
2399 4098 2606 4167 γραφῇ,
2648 4094 2717 4147 τά
2754 4091 2979 4164 μηδέπω
3004 4087 3098 4142 τοῦ
3146 4081 3450 4139 Βαπτιστοῢ
3504 4077 3776 4152 βεϐλημέ-

2188 4203 2278 4240 νου
2314 4187 2393 4248 είς
2440 4182 2707 4254 φυλακὴν,
2743 4180 2849 4252 πρὸ
2892 4178 2985 4232 τοῦ
3026 4173 3261 4248 Χριστοῦ
3310 4169 3643 4246 πραχθέντα,
3669 4185 3775 4221 πα-

2189 4277 2503 4349 ραδίδωσιν·
2537 4276 2586 4328 οἱ
2628 4274 2684 4327 δὲ
2707 4271 2883 4326 λοιποὶ
2910 4273 3058 4341 τρεῖς
3108 4264 3489 4335 εὐαγγελισταὶ
3516 4261 3585 4315 τὰ
3632 4259 3774 4349 μετὰ

2187 4347 2246 4421 τὸ
2271 4365 2641 4437 δεσμωτήριον
2665 4363 2933 4431 λέγουσιν.
2957 4352 3050 4422 Οἷς
3077 4357 3172 4411 καὶ⁸
3189 4356 3562 4424 ὲπιστήσαντι,
3586 4347 3772 4402 οὐκέτι

2188 4460 2253 4514 ἂν
2278 4458 2483 4523 δόξαιεν
2526 4456 2813 4525 διαφωνεῖν
2854 4451 3103 4522 ἀλλήλοις
3128 4449 3197 4503 τὰ
3247 4443 3571 4514 Εὑαγγέλια,
3607 4439 3687 4511 τῷ
3713 4438 3776 4492 τὸ

514 4570 720 4642 priora,
744 4568 955 4639 reliqua
988 4565 1055 4622 ad
1093 4572 1428 4637 postremam
1470 4560 1759 4616 historiam
1792 4557 2084 4628 pertinent.

2195 4551 2292 4622 μὲν
2325 4548 2464 4603 κατὰ
2498 4547 2750 4616 Ἰωάννην
2779 4545 2848 4598 τὰ
2878 4542 3068 4613 πρῶτα
3091 4538 3388 4609 περιέχειν,
3423 4533 3495 4587 τὰ
3524 4531 3582 4584 δὲ
3611 4528 3779 4583 λοιπὰ

2230 4642 2251 4661 ι
2282 4660 2285 4661 ν
2318 4639 2610 4661 μημηη,
2644 4635 2882 4661 .,,,,ι,,,,
2911 4632 3022 4661 mh

2191 4642 2289 4713 τῆν
2316 4639 2610 4695 ὲπιτέλειον
2644 4635 2882 4709 ἱστορίαν
2911 4632 3045 4704 (5|).

1446 4795 1531 4850 Ex
1556 4792 1769 4849 Possini
1790 4799 1979 4845 catena
2002 4788 2058 4842 in
2090 4784 2407 4841 Matthwum
2437 4788 2564 4833 tom.
2591 4776 2634 4840 l,
2674 4791 2727 4845 p.
2762 4773 2851 4829 12.

586 4921 674 4977 15.
711 4917 945 4974 Eusebii.
980 4912 1273 4971 Gravidam
1330 4910 1428 4967 Dei
1476 4916 1707 4964 matrem
1738 4904 1946 4961 nemini
1977 4901 2087 4957 nisi

516 5014 756 5087 Josepho
796 5012 1073 5067 inventam
1121 5022 1244 5063 esse
1291 5003 1367 5058 ait
1418 5001 1798 5070 evangelista:
1835 5012 1866 5052 a
1895 5003 2088 5051 sancto

517 5110 716 5180 quippe
747 5103 953 5177 Spiritu
988 5116 1077 5157 res
1125 5096 1396 5171 patefacta
1427 5093 1552 5149 fuit.
1584 5091 1746 5147 Justo
1771 5096 1955 5145 autem
1992 5087 2085 5143 ho-

2268 4901 2354 4963 ιγν.
2376 4888 2821 4963 (52)E1')0'£6[ov.
2858 4884 2979 4938 Ὅτι
3010 4882 3067 4936 δὲ
3091 4880 3286 4949 ἔγκυος
3307 4874 3505 4948 εὑρέθη
3533 4868 3783 4942 ήηΘεοτό-

2195 5005 2308 5051 κος,
2332 4988 2427 5039 καὶ
2446 4986 2526 5038 ὅτι
2551 4982 2725 5036 οὐδενὶ
2748 4978 2921 5050 ἑτέρῳ
2947 4974 3115 5045 ἀλλ’ἢ
3148 4972 3226 5044 τῷ
3260 4968 3477 5040 Ἰωσὴφ,
3494 4968 3524 5021 ὀ
3539 4964 3775 5032 εὐαγγε-

2191 5081 2378 5154 λιστὴς
2404 5078 2749 5150 ἀπεφήνατο’
2784 5076 2848 5129 ὲκ
2866 5072 2975 5144 γὰρ
3006 5066 3320 5140 Πνεύματος
3359 5063 3513 5133 ἁγίου
3561 5058 3777 5129 γέγονα.

584 5263 633 5298 ’⁸
669 5262 832 5318 Rom.
872 5274 959 5325 tv,
993 5256 1047 5312 5.
1124 5254 1170 5286 "
1207 5250 1346 5308 Gen.
1380 5266 1490 5317 xu,
1526 5249 1582 5304 5.
1655 5246 1701 5279 ⁸⁸
1741 5245 1878 5300 Gen.
1918 5256 2081 5307 xvnl,
2121 5236 2208 5295 Π.

586 5420 699 5493 (51)
741 5417 923 5493 Locus
949 5414 1057 5493 hic
1086 5409 1368 5493 luevis‘de
1399 5405 1641 5493 Baptista
1669 5400 2090 5493 reapse-recita-

517 5468 697 5547 tnr'i'n'
722 5468 919 5545 «Quid;
935 5468 1000 5545 At,
1033 5483 1068 5538 f.
1110 5482 1202 5543 82,
1234 5480 1301 5534 ad
1328 5468 1491 5532 Lucae
1519 5491 1640 5547 cap.
1684 5490 1737 5535 ν,
1846 5472 1956 5547 sub
1978 5468 2088 5547 liu-

519 5538 1023 5620 s-(Ihiiunnmineaiit
1052 5538 1271 5624 quidem
1296 5551 1421 5605 vide
1451 5538 1605 5624 dicta:
1630 5560 1661 5598 a
1694 5543 1853 5624 nobis
1892 5540 1959 5594 ad
1987 5538 2094 5624 (ἰγ-

519 5609 1123 5695 iiiii'ciirhiiiéﬁia’riuﬁi
1145 5624 1212 5676 1η
1237 5621 1391 5695 l_.uc.,
1419 5634 1474 5695 p.
1505 5616 1625 5678 146,
1647 5632 1703 5669 n.
1734 5612 1870 5695 ln
1900 5609 2096 5681 praefa-

517 5708 669 5759 tione
690 5700 759 5756 ad
780 5698 1047 5754 Marinum
1078 5694 1214 5748 dixit
1234 5691 1503 5746 Eusebius
1528 5703 1586 5743 se
1606 5691 1936 5759 quaestiones
1965 5695 2094 5736 suas

520 5753 813 5846 scripsisse
861 5768 931 5824 ad
988 5764 1256 5839 principia
1313 5768 1368 5818 et
1426 5759 1587 5814 ﬁnem
1625 5753 2090 5827 'Evangeliorum.

2190 5392 2560 5461 Quamobrem
2582 5386 2679 5461 hic
2704 5384 2772 5461 de
2805 5381 3051 5461 Baptista
3086 5379 3246 5460 locus
3273 5368 3779 5461 pertinetiort‘asse

2191 5438 3331 5533 magi-svadnEusehiicommentariumnlu
3371 5442 3594 5533 Lucam.

2410 5508 2739 5586 nominatim
2765 5508 2855 5579 hic
2889 5521 3193 5593 appellatur
3223 5513 3632 5593 Evangeliorung

2194 5576 2479 5664 iiXJiisZ,‘
2489 5576 2741 5667 ’1ὶόἑῖἔῷ
2768 5576 3079 5667 ioco,'s'ine_
3119 5589 3253 5667 ullo_,
3299 5576 3559 5656 ut'puto,
3600 5576 3780 5634 detri-

2196 5681 2381 5732 mento
2411 5659 2548 5741 reip.
2584 5659 2947 5741 fragmentum
2977 5659 3263 5719 collocavi.

2270 5743 2378 5816 (52)
2419 5735 2624 5809 Quaest.
2663 5735 2701 5807 ι,
2721 5735 2790 5792 ‘3.
