4134 6414
421 364 525 419 973

1226 360 1731 422 SUPPLEMENTA
1769 366 2253 434 QUESTIONUM
2292 368 2383 424 AD
2423 368 2863 428 STEPHANUM.

3563 381 3666 439 ιιι

419 476 574 549 φησι,
608 475 670 530 τὺ
700 477 939 532 τοιοῦτον
968 478 1229 551 φανερόν
1266 480 1459 552 δικαίῳ
1480 478 1589 552 γὰρ
1620 480 1734 533 ὄντι
1765 480 1843 551 τῷ
1884 480 1985 533 ἰυ-

2096 479 2229 536 ωἰηί
2260 480 2338 535 nil
2368 480 2568 537 mirum
2601 491 2684 538 est
2713 485 3007 541 revelatam
3055 486 3225 545 fuisse
3247 504 3277 544 a
3315 497 3505 549 sancto
3542 492 3665 566 Spi-

421 565 529 638 σὴφ
558 566 657 619 οὐκ
710 563 777 638 ἦν
823 567 1130 639 θαυμαστὸν
1172 570 1478 642 γνωσθῆναι
1535 572 1624 625 διὰ
1674 571 1989 640 Πνεῦματος

419 652 596 723 ἁγίου,
632 654 691 720 ἐξ
722 650 782 712 οὗ
814 658 906 711 καὶ
933 659 967 730 ἡ
999 657 1193 731 κύησις
1225 659 1464 727 γέγονεν.

2095 572 2203 626 ritu
2250 571 2393 627 hanc
2449 575 2886 644 conceptionem,
2932 592 3095 649 quam
3141 596 3243 637 sua
3293 583 3441 639 idem
3465 585 3666 643 virtute

2096 660 2421 732 perfecerat.

1481 777 1565 834 Ex
1588 787 1773 834 catena
1801 781 2000 835 inedita
2031 781 2085 835 in
2111 778 2287 834 codice
2331 779 2602 834 Vaticano.

489 888 570 943 ιδ’.
606 889 716 961 (55)
758 894 1052 949 Εὐσεόίου
1088 936 1101 949 .
1152 896 1428 967 Ἐνέτυχον
1466 896 1525 950 δὲ
1575 899 1841 969 ἑρμηνείᾳ
1901 899 1994 952 άν-

413 981 704 1052 επιγράφῳ
755 982 1009 1058 λεγούσῃ,
1045 986 1126 1040 ὅτι
1167 988 1217 1039 οἱ
1250 988 1348 1058 μέν
1390 1005 1517 1057 φασι
1571 990 1860 1058 συγγενίδα
1894 989 1992 1060 τὴν

427 1070 710 1133 Ἐλισάὸετ
739 1075 837 1144 τῆς
885 1075 1161 1148 Παρθένου
1201 1079 1351 1150 παρὰ
1384 1080 1475 1132 τοῦ
1508 1080 1740 1149 ἀγγέλου
1773 1081 1989 1151 ὠνομάι-

416 1161 564 1227 σθαι,
602 1164 699 1234 οὐχ
741 1165 818 1229 ὡς
850 1167 915 1220 ὲκ
958 1167 1056 1238 τῆς
1101 1169 1272 1238 αὐτῆς
1300 1171 1493 1241 φυλῆς,
1522 1172 1657 1226 ἀλλὰ
1704 1171 1793 1226 διὰ
1830 1173 1891 1225 τὸ
1927 1174 1992 1226 ἐκ

412 1255 523 1309 τῶν
554 1257 736 1311 αὐτῶν
760 1260 1060 1331 προγόνων,
1089 1263 1183 1315 και¹
1208 1262 1300 1316 τοῦ
1324 1263 1487 1317 αὑτοῦ
1511 1263 1704 1328 κοινῶς
1731 1264 1837 1317 τῶν
1872 1264 1990 1318 Ἰου-

412 1348 577 1402 δαίων
604 1350 794 1416 γένους
840 1353 1156 1425 ἀμφοτέρας
1187 1355 1477 1427 ὡρμῆσθαι
1496 1371 1512 1385 ’
1543 1357 1619 1420 ὡς
1658 1360 1687 1411 ὁ
1730 1357 1987 1411 Ἀπόστο-

413 1438 525 1503 λος.
561 1459 581 1492 ι
630 1442 976 1515 Ἐϐουλόμην,
1000 1445 1193 1514 λέγων,
1228 1448 1474 1519 ἀνάθεμα
1525 1444 1662 1502 εἶναι
1707 1450 1846 1520 ὑπὲρ
1884 1449 1991 1501 τῶν

412 1529 657 1601 ἀδελφῶν
678 1550 779 1604 μου
807 1533 915 1589 τῶν
950 1538 1224 1607 συγγενῶν
1256 1556 1356 1609 μου
1390 1539 1532 1593 κατὰ
1565 1542 1761 1613 σάρκα.
1802 1561 1820 1591 ι
1858 1540 1992 1593 Πολ-

412 1622 495 1677 λοὶ
519 1624 576 1677 δὲ
601 1626 695 1679 καὶ
724 1627 830 1681 τῶν
854 1628 1093 1701 δοκίμων
1136 1631 1386 1701 λέγουσιν
1431 1633 1649 1704 άληθῶς
1683 1634 1821 1688 κατὰ
1858 1651 1993 1703 συγ-

411 1715 628 1783 γένειαν
686 1720 952 1792 συνῆφθαι
1005 1722 1103 1793 τὴν
1154 1724 1433 1795 ἱερατικὴν
1487 1725 1656 1796 φυλὴν
1724 1730 1790 1798 τῇ
1843 1726 1994 1797 βασι-

2172 896 2259 952 id.
2298 895 2530 951 Eusebii.
2591 895 2766 952 Incidi
2800 898 2857 952 iu
2900 899 3193 969 quamdam
3244 904 3505 975 anonymi
3561 919 3663 961 au-

2097 988 2267 1042 ctoris
2289 987 2792 1058 interpretationem
2814 987 3046 1045 dicentis
3067 990 3418 1062 Elisabetam,
3439 1011 3509 1052 ex
3534 1013 3672 1054 non-

2097 1078 2371 1133 nullorum
2427 1079 2719 1145 sententia,
2775 1081 3100 1151 appellatam
3136 1083 3309 1140 fuisse
3345 1087 3414 1143 ab
3471 1091 3666 1161 angelo

2096 1177 2382 1238 cognatam
2416 1167 2680 1241 Virginis,
2710 1185 2820 1226 non
2849 1172 2978 1242 quia
3006 1174 3074 1229 de
3100 1176 3288 1231 eadem
3312 1188 3456 1235 esset
3492 1181 3663 1247 tribu,

2095 1258 2189 1312 sed
2207 1259 2332 1328 quia
2351 1274 2415 1314 ex
2452 1259 2643 1316 iisdem
2663 1263 3100 1331 progenitoribus
3116 1256 3425 1340 'eodemque
3448 1269 3668 1328 Iudaeo-

2094 1365 2213 1405 rum
2278 1366 2476 1421 genere
2505 1353 2812 1410 communis
2829 1356 3043 1427 utrique
3063 1361 3217 1429 origo
3254 1359 3435 1419 fuerit.
3462 1361 3666 1437 Nempe

2094 1441 2459 1513 utApostolus
2476 1445 2747 1515 loquitur:
2770 1465 2787 1498 ι
2820 1445 3086 1518 Optabam
3106 1466 3207 1522 ego
3233 1452 3522 1509 anathema
3543 1471 3666 1514 esse

2092 1550 2193 1605 pro
2211 1535 2475 1592 fratribus
2504 1538 2660 1605 meis,
2686 1540 2777 1609 qui
2802 1550 2931 1595 sunt
2949 1544 3163 1613 cognati
3209 1546 3316 1599 mei
3360 1548 3662 1606 secundum

2090 1642 2314 1683 carnem
2345 1627 2410 1682 ει.
2447 1647 2467 1681 ι
2501 1627 2653 1684 Multi
2681 1639 2878 1686 tamen
2913 1632 3121 1702 probati
3147 1634 3471 1707 interpretes
3489 1640 3663 1706 aiunt,

2092 1734 2222 1775 vera
2260 1736 2488 1791 prorsus
2518 1723 2845 1793 cognatione
2886 1726 3281 1799 sacerdotalem
3308 1730 3511 1785 tribum
3537 1748 3661 1787 cum

410 1805 536 1877 λικῇ
570 1808 662 1861 καὶ
694 1810 806 1863 ἄνω
850 1812 943 1864 ἐπὶ
981 1812 1255 1877 Μωῦσέως
1286 1813 1417 1885 (54).
1461 1816 1526 1868 Ἠ
1557 1815 1666 1887 γὰρ
1712 1816 1988 1869 Ἐλισάῦετ

2090 1812 2255 1881 regali
2286 1810 2456 1868 fuisse
2479 1827 2780 1868 connexam
2836 1831 2868 1870 a
2920 1815 3177 1875 Mosaicis
3208 1836 3382 1892 usque
3403 1827 3665 1895 tempori-

411 1899 445 1969 ἡ
478 1900 613 1971 γυνὴ
655 1901 863 1979 ’Λα-ρων
896 1903 1096 1975 ἀδελφὴ
1134 1905 1347 1976 ὑπῆρχε
1385 1907 1655 1960 Ναασσὼν
1694 1908 1809 1960 υίοῦ
1844 1910 1990 1979 Ἀμι-

410 1987 597 2053 ναδάϐ,
631 1989 689 2054 ὃς
723 1975 831 2044 ἀπὸ
865 1993 1033 2047 Ἰούδα
1069 1993 1163 2047 τοῦ
1192 1975 1316 2048 υἱοῦν
1350 1996 1543 2050 Ἰακὼϐ
1582 2000 1869 2070 κατήγετο,
1894 1975 1987 2067 ἀφ’

406 2072 469 2132 οὗ
497 2080 556 2132 τὸ
603 2079 872 2150 βασίλειον
916 2085 1071 2153 γένος
1112 2089 1225 2150 τοῖς
1261 2087 1559 2151 Ἰουδαίοις
1604 2090 1698 2142 καὶ
1752 2091 1901 2144 κάτω
1930 2091 1987 2144 δὲ

408 2170 609 2241 ὁμοίως
656 2172 1000 2247 Ἐλισάόετή
1047 2177 1183 2248 γυνὴ
1230 2179 1496 2251 Ζαχαρίου
1543 2180 1651 2234 ἀπὸ
1678 2182 1777 2252 τῆς
1821 2183 1989 2236 Ἰούδα

411 2259 583 2329 φυλῆς
636 2256 785 2317 εἷλκε
837 2266 934 2336 τὴν
989 2266 1235 2335 γένεσιν,
1287 2270 1541 2341 θυγάτηρ⁹
1579 2273 1990 2344 χρηματίζουσα

420 2352 614 2406 Ἰακὼὸ
640 2353 732 2407 τοῦ
770 2358 976 2428 πατρὸς
1021 2358 1221 2430 Ἰωσήφ
1244 2376 1256 2389 ⁸
1288 2362 1351 2413 ὲκ
1384 2361 1513 2429 γοῦν
1544 2364 1643 2433 τῆς
1672 2367 1988 2433 συγγενείας

404 2440 599 2496 τούτου
625 2444 720 2499 τοῦ
763 2446 1032 2501 Ναασσὼν
1063 2450 1092 2502 ὁ
1125 2449 1327 2525 Κύριος
1348 2441 1508 2507 κατὰ
1557 2454 1734 2528 σάρκα
1765 2457 1988 2529 γεγένη-

408 2552 497 2589 ται
522 2552 534 2565 ·
569 2537 629 2589 οὐ
678 2536 852 2609 μάτην
889 2536 982 2594 οὖν
1020 2541 1121 2612 τῆς
1156 2542 1438 2615 βασιλικῆς
1471 2545 1640 2619 φυλῆς
1674 2547 1768 2619 τὴν
1802 2548 1991 2621 ὲπιμι-

410 2626 527 2692 ξίαν
558 2629 587 2680 ὁ
616 2629 758 2694 θεῖος
804 2634 1089 2706 προφήτης
1129 2635 1393 2702 ἐδίδαξεν,
1427 2637 1561 2692 ἀλλὰ
1604 2640 1816 2705 δεικνὺς
1857 2641 1932 2707 ὡς
1961 2647 1989 2695 ὁ

406 2719 684 2790 Δεσπότης
706 2722 938 2793 Χριστὸς
964 2724 1023 2790 ἐξ
1053 2726 1376 2799 ἀμφοτέρων
1409 2727 1757 2800 ἐϐλάστησεν,
1791 2730 1867 2793 ὡς
1892 2730 1987 2800 βα-

409 2810 589 2875 σιλεὺς
620 2812 714 2867 καὶ
754 2815 1042 2887 ἀρχιερεὺς
1074 2817 1216 2871 κατὰ
1256 2820 1318 2872 τὸ
1347 2819 1685 2892 ἀνθρώπινον
1719 2823 1988 2893 χρηματί-

409 2916 509 2964 σας
542 2900 742 2974 (55)·ἦ
772 2903 850 2967 ὡς
869 2904 926 2970 ἐξ
958 2905 1076 2969 ἐνὸς
1099 2909 1440 2981 προπάτορος
1468 2911 1562 2963 τοῦ
1596 2911 1789 2966 Ἰακὼϐ
1823 2914 1990 2984 ὑπαρ-

407 2990 629 3061 χούσας,
666 2996 982 3064 συγγενίδας
1014 2998 1188 3055 καλεῖ.

2094 1903 2219 1957 bus.
2246 1901 2595 1973 Namqueilla
2622 1903 2894 1961 Elisabeta
2922 1906 3158 1963 Aaronis
3175 1925 3335 1978 uxor,
3366 1911 3663 1971 Naassonis

2094 2011 2252 2052 soror
2277 2007 2395 2052 erat
2443 1999 2785 2056 Aminadabo
2833 2000 3024 2072 geniti,
3059 2004 3152 2073 qui
3202 2013 3382 2060 ortum
3416 2023 3446 2062 a
3475 2008 3665 2066 Jacobi

2095 2088 2206 2145 ﬁlio
2234 2090 2483 2146 trahebat
2532 2090 2696 2157 Juda,
2755 2094 2903 2147 unde
2935 2096 3116 2166 regale
3155 2096 3468 2155 Judzeorum
3489 2118 3664 2172 genus

2095 2189 2451 2251 propagatum
2476 2189 2579 2238 est.
2616 2181 2724 2238 Sed
2784 2182 2840 2239 et
2895 2187 3144 2254 proximo
3175 2188 3382 2257 pariter
3424 2199 3665 2262 tempore

2094 2270 2366 2328 Elisabeta
2394 2272 2675 2329 Zachariae
2730 2289 2871 2330 uxor
2900 2291 2931 2333 e
2961 2276 3114 2332 Judae
3157 2278 3303 2333 tribu
3346 2279 3662 2350 oriebatur;

2093 2361 2204 2416 tilia
2242 2363 2442 2433 quippe
2465 2361 2655 2419 Jacobi
2688 2366 2780 2435 qui
2813 2364 3035 2437 Iosephi
3062 2375 3216 2437 pater
3245 2379 3351 2425 est.
3381 2370 3467 2426 Ab
3498 2372 3664 2442 hujus

2092 2452 2259 2523 igitur
2287 2452 2581 2510 Naassonis
2604 2455 2778 2525 stirpe
2824 2455 3090 2513 Dominus
3117 2460 3418 2515 secundum
3438 2476 3661 2518 carnem

2096 2550 2253 2598 ortos
2282 2551 2387 2597 est.
2424 2542 2564 2616 Ergo
2582 2544 2728 2599 haud
2756 2552 2961 2602 temere
2983 2549 3391 2618 permistionem
3420 2566 3543 2607 cum
3576 2568 3663 2609 re-

2091 2634 2180 2706 gia
2205 2634 2353 2690 tribu
2381 2636 2543 2692 divus
2600 2639 2867 2708 propheta
2909 2638 3133 2706 docuit;
3166 2642 3261 2697 sed
3292 2651 3350 2697 ut
3382 2630 3659 2700 Christum

2092 2726 2380 2782 Dominum
2407 2744 2471 2782 ex
2518 2736 2751 2799 utraque
2779 2740 3139 2803 propagatum
3181 2734 3511 2801 ostenderet,
3565 2739 3658 2806 qui

2089 2819 2235 2890 regis
2258 2820 2516 2874 nimirum
2545 2836 2837 2892 personam
2891 2832 3055 2894 atque
3080 2828 3355 2894 pontiﬁcis
3385 2828 3526 2883 inter
3554 2829 3656 2883 ho-

2091 2914 2268 2969 mines
2288 2921 2544 2984 gesturus
2596 2921 2735 2970 erat.
2770 2914 2868 2969 Vel
2913 2916 3147 2986 denique
3178 2919 3260 2973 hae
3291 2926 3536 2990 cognatae
3562 2937 3661 2990 ap-

2094 3005 2391 3076 pellantur,
2418 3005 2551 3077 quia
2579 3006 2649 3063 de
2683 3007 3655 3083 eodcmpregenitochacobmouse.

1356 3112 1440 3171 Ea:
1472 3117 1689 3174 Possini
1722 3130 1909 3177 catena
1939 3122 1996 3175 in
2032 3117 2226 3178 Matth.
2255 3137 2386 3177 tom.
2418 3120 2456 3188 l,
2482 3138 2536 3191 p.
2560 3123 2615 3178 8.

480 3186 558 3272 ιε’.
583 3218 692 3291 (56)
723 3222 1110 3296 Προσηκόντως
1137 3228 1394 3301 ἐζήτηται
1428 3234 1460 3303 ἡ
1499 3234 1645 3287 αἰτία
1673 3235 1740 3288 δι’
1768 3237 1833 3308 ἣν
1866 3236 1996 3291 ἄνω-

2170 3236 2258 3291 15.
2282 3234 2519 3292 Eusebii.
2542 3235 2735 3294 Merito
2766 3241 2997 3309 quaistio
3021 3248 3141 3297 orta
3190 3251 3275 3300 est
3303 3247 3659 3317 quamobrem

406 3307 501 3363 θεν
527 3311 558 3363 ό
587 3310 861 3375 Ματθαῖος
915 3318 1207 3388 ἐποιήσατο
1237 3322 1335 3392 τὴν
1371 3323 1466 3377 τοῦ
1514 3324 1750 3393 Χριστοῦ
1794 3343 1982 3394 γενεα-

403 3400 611 3469 λογίαν,
644 3405 672 3456 ὀ
696 3403 753 3457 δέ
786 3422 848 3474 γε
872 3409 1085 3474 Λουκᾶς
1105 3412 1345 3467 κάτωθεν
1375 3417 1467 3468 καὶ
1497 3415 1557 3480 ἐξ
1587 3418 1832 3481 ἐναντίας
1853 3435 1867 3448 ’
1892 3419 1984 3472 καὶ

406 3494 731 3563 ρητέον,.ὼς
777 3499 876 3551 οὐκ
908 3501 1107 3555 ἄτοπον
1147 3504 1353 3559 ἄνωθέν
1382 3523 1440 3560 τε
1485 3510 1579 3562 καὶ
1611 3509 1854 3562 κάτωθεν
1883 3511 1982 3582 τὴν

403 3584 573 3656 αὐτὴν
608 3586 844 3658 βαδίζειν
880 3591 997 3647 όδόν
1016 3609 1027 3622 ·
1056 3590 1123 3665 ἦν
1149 3594 1257 3666 γὰρ
1278 3598 1372 3651 καὶ
1400 3598 1556 3653 τοῦτο
1580 3600 1747 3654 πάλαι
1770 3603 1837 3672 τῇ
1865 3600 1983 3672 θείᾳ

403 3675 594 3749 Γραφῇ
649 3678 901 3752 σύνηθες·
931 3682 1077 3739 οὕτω
1114 3686 1223 3757 γὰρ
1259 3689 1351 3741 καὶ
1406 3689 1572 3743 Δαόὶδ
1622 3693 1680 3745 ὲν
1716 3695 1781 3764 τῇ
1823 3690 1978 3744 Ῥοὺθ

401 3765 608 3820 ἄνωθεν
633 3771 1053 3841 γενεαλογεῖται,
1089 3775 1271 3841 καθὼς
1309 3779 1402 3832 καὶ
1443 3781 1592 3852 παρὰ
1617 3781 1696 3853 τῷ
1717 3781 1980 3853 Ματθαίῳ

400 3858 430 3909 ὁ
454 3858 687 3946 Χριστός
706 3879 720 3894 ·
749 3865 843 3917 καὶ
870 3866 928 3918 ὲν
951 3870 1015 3938 τῇ
1037 3866 1144 3921 τῶν
1175 3869 1467 3925 Βασιλειῶν
1498 3872 1555 3925 δὲ
1593 3872 1782 3946 πρώτῃ
1814 3874 1982 3945 βίόλῳ

399 3943 546 4037 ὀᾼτοῦ
574 3947 826 4022 Σαμουὴλ
860 3954 1043 4026 πατὴρ
1071 3956 1313 4012 κάτωθεν
1344 3943 1781 4033 γενεαλογεῗταιξ
1806 3943 1981 4037 παρα-

401 4034 649 4109 πλησίως
681 4040 759 4112 τῷ
790 4045 993 4116 Λουκᾷ.

2090 3326 2379 3383 Malthaeus
2431 3343 2667 3398 superne
2723 3332 2961 3386 texuerit
3007 3331 3215 3389 Christi
3267 3338 3659 3408 genealogiam,

2089 3418 2269 3476 Lucas
2294 3429 2476 3475 autem
2512 3420 2726 3477 inferne
2758 3431 2919 3493 atque
2969 3440 3037 3479 ex
3088 3425 3336 3484 adverso.
3378 3426 3548 3486 Porro
3575 3431 3660 3485 di-

2089 3513 2320 3568 cendum
2381 3520 2488 3579 est,
2538 3515 2678 3569 nihil
2701 3514 2815 3571 ﬁeri
2873 3516 3192 3581 absurdum,
3224 3520 3273 3576 si
3327 3522 3516 3579 eadem
3569 3526 3663 3579 via

2091 3618 2310 3659 sursum
2368 3603 3059 3675 deorsumquepergatur.
3118 3607 3255 3663 Nam
3301 3616 3357 3666 et
3409 3611 3501 3666 hic
3527 3613 3660 3668 olim

2091 3692 2387 3765 Scripturae
2411 3694 2609 3751 divinae
2669 3711 2789 3751 mos
2839 3696 2975 3752 fuit:
3008 3699 3212 3771 quippe
3243 3702 3318 3755 ita
3353 3700 3573 3758 Davidis
3602 3704 3657 3758 in

2089 3784 2285 3841 Ruthae
2328 3786 2466 3841 libro
2513 3803 2751 3857 superno
2798 3788 3065 3844 evolvitur
3114 3791 3451 3863 genealogis,
3507 3793 3655 3847 haud

2089 3892 2250 3932 secus
2301 3891 2465 3946 quam
2525 3877 2731 3934 Christi
2777 3879 2920 3950 apud
2979 3878 3308 3938 Matthaeum.
3363 3878 3569 3939 Contra
3600 3884 3659 3939 in

2086 3968 2228 4022 libro
2253 3967 2460 4037 Regum
2490 3969 2690 4038 primo,
2734 3969 3004 4027 Samuelis
3032 3980 3187 4043 pater
3211 3989 3431 4030 sursum
3460 3990 3657 4032 versus

2083 4058 2152 4113 ad
2180 4059 2510 4131 genealogiaa
2549 4060 2752 4117 fontem
2795 4062 3147 4134 perducitur,
3191 4065 3352 4121 sicuti
3402 4066 3459 4122 ﬁt
3510 4067 3655 4139 apud

2081 4149 2307 4207 Lucam.
2418 4222 2424 4229 δ

1486 4257 1536 4313 Ε
1564 4271 1752 4316 catena
1775 4262 1973 4319 inedita
1994 4265 2050 4319 in
2076 4266 2255 4322 codice
2287 4266 2565 4323 Vaticano.

472 4354 569 4422 ις’.
604 4357 739 4432 Περὶ
783 4361 974 4417 τούτου
1004 4365 1035 4419 ὁ
1079 4365 1339 4434 Εῠσέσιος
1370 4372 1429 4424 ὲν
1478 4371 1557 4443 τῷ
1596 4377 1701 4441 Εἰς
1721 4376 1788 4431 τὸ
1831 4379 1985 4434 κατὰ

2124 4344 2247 4436 Ἰϐ.
2281 4378 2518 4437 Eusebii.
2573 4379 2651 4437 De
2711 4379 2818 4436 hoc
2879 4381 3148 4441 Eusebius
3191 4384 3247 4439 in
3303 4399 3467 4457 opere
3493 4404 3652 4458 super

396 4450 703 4506 Ματθαῖον
734 4454 847 4526 (57)
884 4455 1089 4521 οὕτως’
1117 4461 1255 4531 Φησὶ
1297 4461 1356 4516 δὲ
1381 4463 1470 4518 τὸν
1502 4465 1689 4521 Νάθαν
1717 4469 1811 4522 καὶ
1844 4489 1977 4541 προ-

400 4541 665 4614 φητεῦσαι
691 4545 832 4599 κατὰ
858 4547 926 4601 τά
956 4549 1015 4602 ὲν
1035 4553 1155 4614 ταῖς
1180 4552 1484 4621 Βασιλείαις
1510 4559 1800 4630 φερόμενα.
1838 4562 1977 4631 Ἐγὼ

397 4634 476 4700 δὲ,
512 4637 645 4707 φησί
677 4655 780 4702 τις,
801 4640 896 4692 καὶ
922 4640 1021 4713 τὴν
1049 4643 1227 4698 αἰτίαν
1255 4647 1534 4721 ἐπυθόμην
1567 4650 1663 4723 τὴν
1683 4652 1773 4706 τὸν
1799 4656 1976 4726 μακά-

400 4742 518 4798 ριον
550 4727 762 4783 Λουκᾶν
795 4730 1082 4787 άποκλίναι
1111 4736 1211 4807 τῆς
1242 4736 1508 4807 βασιλείου
1537 4745 1806 4816 φρατρίας
1837 4748 1979 4801 ὑπα-

396 4817 695 4888 γαγοῦσαν,
720 4820 797 4892 τῷ
820 4824 895 4896 μὴ
919 4826 1045 4890 τοὺς
1074 4826 1311 4897 βασιλεῖς
1331 4832 1423 4884 ἀπ’
1447 4834 1613 4887 αὐτοῦ
1634 4837 1983 4909 Σολομῶντος»

2084 4474 2399 4530 Hatthwum
2447 4474 2530 4530 sic
2573 4473 2816 4544 loquitur
2848 4493 2862 4529 :
2892 4474 3057 4530 Aiunt
3101 4475 3403 4534 Nathanem
3440 4496 3658 4552 quoque

2081 4566 2516 4638 prophetavisse,
2552 4574 2714 4638 prout
2737 4578 2959 4638 apparet
3013 4582 3080 4623 ex
3109 4569 3178 4625 iis
3208 4584 3329 4640 quae
3355 4568 3411 4626 in
3444 4570 3653 4644 Regum

2083 4660 2240 4715 libris
2262 4659 2538 4715 feruntur.
2594 4658 2707 4730 Ego
2736 4674 2887 4724 vere,
2918 4658 3098 4730 inquit
3136 4661 3382 4730 quidam,
3428 4677 3653 4719 causam

2081 4765 2299 4821 quoque
2337 4749 2673 4821 didici'quaa
2706 4746 2909 4806 Lucam
2965 4766 2998 4806 a
3050 4752 3200 4824 regia
3226 4753 3369 4810 linea
3419 4757 3655 4823 avertit;

2080 4841 2209 4910 quia
2241 4843 2453 4898 scilicet
2480 4858 2659 4914 reges,
2683 4843 2852 4899 ducto
2891 4856 2921 4897 a
2967 4840 3266 4901 Salomone
3289 4846 3650 4912 initio,exce-

396 4911 841 4987 εζδωλολατρείας
882 4917 1228 4990 καθαρεύειν,
1273 4922 1411 4995 πλὴν
1448 4924 1765 4997 ἐλαχίστων,
1807 4929 1971 5002 ταύτῃ*

2089 4931 2190 5000 ptis
2214 4911 2585 5001 paucissimis,
2619 4932 2943 4989 idololatriae
2973 4933 3205 4991 crimine
3233 4936 3499 5007 inquinati
3529 4937 3645 4994 fue-

395 5006 837 5078 παραιτήσασθαι
867 5008 965 5081 τὴν
995 5010 1062 5063 δι’
1096 5012 1274 5067 αὐτῶν
1296 5016 1663 5087 γενεαλογίαν.

2061 5011 2231 5075 \‘unt.
2263 5019 2471 5078 idcirco
2493 5017 2671 5079 Lucas
2701 5038 2733 5077 a
2761 5022 3075 5095 genealogia
3105 5039 3201 5095 per
3226 5024 3328 5081 bos
3357 5025 3652 5111 derivanda
3730 5088 3735 5097 ν

2081 5111 2368 5170 abstinuit.

1415 5216 1499 5271 Ea:
1523 5217 1736 5275 Possini
1765 5231 1952 5276 catena
1981 5224 2035 5278 in
2068 5223 2289 5293 Matth,
2324 5236 2368 5283 ι.
2396 5227 2438 5292 1,
2463 5244 2517 5297 ρ.
2550 5229 2584 5284 8

358 5356 371 5372 .-
470 5323 557 5391 ιζ’.
595 5324 709 5400 (58)
742 5328 1069 5388 Εὐσεσίου.-
1096 5329 1207 5403 Τὴν
1247 5331 1342 5388 τοῦ
1377 5333 1542 5392 Δαόὶδ
1568 5339 1856 5410 μετάνοιαν
1885 5341 1981 5395 ἐπὶ

467 5481 513 5515 ⁸¹
549 5481 712 5540 Rom.
756 5500 845 5553 lx,
884 5487 974 5544 15.

488 5597 577 5667 5'5)
617 5599 822 5667 Quaest.
854 5619 895 5667 ι,
924 5603 982 5661 8.

618 5670 818 5736 Supra,
850 5674 956 5730 col.
980 5673 1105 5731 968.

480 5669 556 5725 ’54
618 5670 691 5725 Su
738 5688 818 5736 ra,
850 5674 956 5730 col.
980 5673 1105 5731 968.

616 5688 839 5818 [territat
869 5744 983 5800 hae:
1010 5744 1303 5804 Africanus
1329 5761 1516 5818 supra.

485 5809 573 5885 56)
614 5812 820 5879 Quaest.
852 5829 917 5871 ιι.

2158 5344 2246 5401 l7.
2283 5345 2518 5403 Eusebii.
2551 5345 2776 5403 Davidis
2820 5346 3198 5418 paenitentiam
3225 5349 3404 5420 palam
3432 5350 3656 5409 edicens

2146 5608 2503 5695 (§7LQu:_est.
2540 5628 2623 5670 ur.
2668 5648 2739 5660 —
2781 5617 2843 5675 ln
2890 5619 3122 5679 diversis
3164 5621 3424 5695 operibus
3459 5623 3647 5681 eadem

2077 5681 2214 5738 dixit
2247 5680 2537 5739 Eusebius.

2152 5752 2264 5824 '58)
2305 5751 2510 5819 Quaast.
2546 5769 2663 5811 vtn.
