4134 6414
589 360 696 417 983

599 513 3743 548 _.___..._____.___.______________________________________

1274 357 1543 419 EUSEBH
1581 362 2059 422 CESARIENSIS
2090 365 2239 422 OPP.
2272 366 2450 422 PARS
2489 367 2579 424 ιιι.
2614 399 2685 410 -
2721 368 3136 428 EXEGETICA.

3711 372 3817 431 986

652 656 807 723 Quod
840 658 1082 726 superius
1128 661 1489 729 promisimus,
1518 679 1656 718 nunc
1691 680 1746 719 re
1793 666 1910 734 ipsa
1938 676 2277 737 prcstamus,
2333 668 2561 739 grandia
2590 686 2770 740 nempe
2807 672 3157 743 quastionum
3206 670 3424 728 Eusebii
3451 675 3521 728 ad
3545 674 3820 732 Marinum

578 752 941 823 supplementa
975 770 1041 810 ea:
1069 752 1275 813 Niceta:
1313 759 1437 830 (qui
1457 761 1773 815 nominatim
1802 761 2089 818 Eusebium
2110 765 2331 837 recitat)
2354 775 2542 821 catena
2562 783 2664 824 ms.
2686 768 2743 822 in
2767 766 3004 833 Lucam;
3028 786 3147 840 qute
3173 779 3351 839 partes
3372 787 3479 827 non
3500 787 3568 826 ea:
3592 773 3821 840 epitome

579 840 671 896 sed
699 844 909 913 ex'ipso
936 845 1136 919 integro
1168 865 1320 918 opere
1350 848 1603 905 detracta:
1632 851 1865 921 fuerunt.
1899 852 2031 907 Mox
2058 854 2197 908 alias
2223 871 2425 927 quoque
2447 855 2750 911 earumdem
2778 858 2847 911 ad
2876 857 3146 912 Marinum
3168 861 3516 929 quwstionum
3542 863 3818 932 reliquias,

576 951 641 989 ea:
663 937 823 991 variis
861 940 1163 996 auctoribus
1191 942 1536 1009 codicibusve,
1554 946 1645 1015 qui
1674 943 1955 1000 Eusebium
1972 947 2096 1002 item
2118 948 2429 1004 nominatim
2455 951 2645 1016 citant,
2669 967 2920 1007 corrasas
2944 951 3300 1009 subtexemus.
3325 952 3494 1026 Atque
3514 951 3818 1010 itadcntmu

575 1045 670 1086 nos
698 1038 862 1086 totum
890 1031 998 1102 fere
1030 1035 1101 1088 ad
1132 1032 1402 1089 Marinum
1441 1036 1657 1092 Eusebii
1691 1036 1884 1093 librum
1915 1041 2299 1108 recuperaoisse
2328 1056 2624 1110 speramus.

1510 1262 2866 1388 EUSEBIIPCIESARIENSIS

1000 1479 1121 1541 EX
1158 1480 1536 1546 INTEGRO
1574 1480 1834 1544 LIBRO
1860 1482 2438 1559 QUxESTIONUM
2467 1485 2582 1547 AD
2620 1486 3031 1554 MARINUM
3055 1489 3377 1554 PARTES

1600 1645 1677 1707 In
1704 1644 1938 1708 Nicetes
1974 1646 2207 1710 Catena
2247 1667 2361 1711 ms.
2400 1649 2482 1711 ad
2508 1649 2763 1715 Lucam.

630 2025 770 2079 Cum
790 2035 820 2075 a
856 2020 1059 2079 Judzeis
1089 2021 1400 2081 Servatoris
1426 2024 1679 2097 discipuli
1703 2026 1808 2084 sibi
1839 2028 2091 2086 timerent
2114 2071 2129 2096 ,
2160 2039 2208 2097 Α

564 2113 641 2169 ait
673 2112 912 2170 Joannes
961 2114 1130 2171 fuisse
1171 2131 1267 2172 eos
1313 2127 1670 2188 congregatos
1707 2119 1762 2174 iu
1807 2136 1915 2176 una
1946 2121 2129 2187 domo,

556 2202 759 2292 januisr
783 2204 986 2260 clausis
1018 2212 1239 2276 propter
1274 2213 1475 2261 metum
1495 2204 1827 2264 Judaaorum.
1850 2208 2132 2275 Quomodo

561 2311 691 2367 ergo
716 2294 910 2351 Petrus
952 2311 1017 2351 ac
1041 2295 1279 2353 Joannes
1312 2296 1381 2353 ad
1418 2307 1830 2356 monumentum
1869 2316 2131 2372 perrexe-

560 2388 734 2442 runt?
772 2386 837 2441 Et
881 2388 1099 2459 quidem
1142 2397 1407 2459 prasente
1459 2390 1572 2445 illic
1621 2392 1843 2448 militari
1875 2393 2130 2465 prarsidio

559 2477 707 2547 quod
736 2479 916 2534 locum
945 2478 1309 2543 custodiebat,
1341 2488 1403 2536 ut
1428 2480 1715 2538 Mattheus
1744 2490 1998 2540 testatur.
2032 2484 2131 2542 Est

560 2579 743 2636 autem
782 2570 1033 2626 custodia
1064 2573 1375 2645 manipulus
1406 2573 1678 2631 militaris.

578 2790 583 2793 ι
628 2747 711 2805 Ad
747 2748 863 2805 haec
891 2749 1147 2814 dicimus,
1175 2750 1453 2820 apostolos
1484 2751 1553 2807 ad
1592 2761 2004 2809 monumentum
2031 2768 2130 2809 au-

559 2839 749 2897 dacter
780 2841 966 2906 ivisse,
992 2852 1152 2900 antea
1184 2844 1408 2900 edoctos
1449 2860 1479 2898 a
1528 2842 1875 2915 Magdalene,
1917 2846 2126 2902 nullum

552 2933 667 3002 jam
699 2932 805 2989 loci
834 2935 1116 2991 custodem
1148 2935 1221 2992 ibi
1251 2951 1562 3007 superesse,
1612 2937 1753 3007 quod
1788 2948 1906 2993 erat
1936 2939 2124 3010 explo-

558 3038 738 3084 ratum
766 3044 833 3086 ex
871 3045 981 3100 quo
1032 3030 1172 3101 lapis
1223 3032 1292 3087 de
1355 3031 1605 3102 sepulcro
1651 3030 1829 3088 fuerat
1872 3032 2123 3098 ablatus;

556 3117 717 3174 aliter
764 3125 945 3175 autem
982 3118 1120 3191 lapis
1170 3119 1296 3175 inde
1327 3119 1543 3178 ablatus
1583 3134 1693 3175 non
1744 3118 1962 3186 fuerat,
2018 3120 2124 3175 nisi

555 3226 681 3268 cum
710 3212 779 3269 de
810 3212 948 3269 cmlo
978 3212 1204 3285 angelus
1232 3213 1408 3268 locum
1431 3210 1620 3282 grandi
1650 3212 1853 3267 lumine
1885 3212 2127 3268 illustra-

2139 1829 2213 1845 α

2978 1938 3055 1991 Α’.

2306 2026 2418 2098 (60)
2461 2024 2568 2080 Τοῦ
2614 2024 2780 2096 φόϐου
2826 2023 2937 2081 τῶν
2988 2026 3253 2082 Ἰουδαίων
3298 2028 3648 2099 ἐπικειμένου
3693 2031 3813 2097 τοῖς

2237 2116 2501 2187 μαθηταῖς
2542 2114 2635 2169 τοῦ
2680 2115 2951 2187 Σωτῆρος,
3000 2116 3148 2185 λέγει
3191 2116 3321 2186 γοῦν
3362 2120 3392 2172 6
3446 2118 3702 2191 Ἰωάννης
3730 2118 3812 2186 ὡς

2232 2204 2371 2280 ἦσαν
2405 2208 2540 2280 ὁμοῦ
2583 2208 2911 2280 συνηγμένοι
2958 2210 3007 2262 οί
3039 2208 3278 2280 μαθηταὶ
3322 2213 3381 2264 ὲν
3407 2210 3541 2282 οἴκῳ
3568 2212 3670 2275 ἑνὶ,
3697 2212 3811 2266 τῶν

2233 2299 2408 2374 θυρῶν
2453 2299 2853 2371 κεκλεισμένων
2901 2299 2991 2355 διά
3035 2299 3127 2355 τὸν
3161 2300 3324 2371 φόϐον
3367 2301 3473 2356 τῶν
3512 2301 3810 2357 Ἰουδαίων.

2232 2392 2357 2456 Πῶς
2378 2394 2406 2445 6
2425 2392 2630 2463 Πέτρος
2659 2391 2754 2445 καὶ
2776 2392 2805 2447 6
2830 2390 3083 2462 Ἰωάννης
3114 2393 3371 2463 ἀπήντων
3396 2393 3489 2446 ἐπὶ
3510 2392 3573 2446 τδ
3595 2394 3809 2465 μνῆμα;

2232 2480 2340 2533 Καὶ
2366 2480 2537 2535 ταῦτα
2590 2481 2984 2552 στρατιωτικῆς
3022 2484 3263 2553 φρουρᾶς
3309 2482 3682 2556 φυλαττούσης
3714 2486 3809 2539 τὸν

2228 2572 2411 2637 τόπον,
2439 2571 2514 2636 ὡς
2541 2574 2569 2626 6
2597 2571 2873 2637 Ματθαῖος
2914 2573 3293 2646 ἐμαρτύρησεν
3314 2590 3329 2604 ’
3364 2556 3408 2644 η’
3425 2573 3535 2645 γάρ
3564 2592 3812 2628 κουστω-

2227 2665 2314 2719 δία
2338 2665 2721 2737 στρατιωτικόν
2744 2667 2862 2719 ἐστι
2891 2665 3097 2735 τάγμα.

2312 2755 2573 2829 Ἐροῦμεν
2597 2757 2652 2810 δὲ
2677 2757 2813 2828 πρὸς
2842 2756 3033 2824 ταῦτα,
3063 2756 3377 2828 θαρσαλέως
3410 2758 3537 2822 τοὺς
3567 2758 3805 2812 ἀποστό-

2228 2847 2352 2913 λους
2397 2849 2769 2921 ἀπηντηκέναι
2807 2849 2899 2902 ἐπὶ
2941 2849 3003 2903 τὸ
3052 2850 3260 2921 μνῆμα,
3300 2849 3807 2922 προμεμαθηκότας

2230 2941 2381 3013 παρὰ
2409 2942 2511 3012 τῆς
2537 2942 2903 3014 Μαγδαληνῆς
2942 2942 3145 3014 μηδένα
3173 2942 3282 2995 τῶν
3311 2942 3687 3011 φυλαττόντων
3708 2940 3806 2997 τὸν

2226 3034 2391 3088 τόπον
2420 3033 2603 3088 αὐτόθι
2649 3036 2923 3105 παρεῖναι,
2976 3034 3122 3097 ὅπως
3152 3032 3308 3103 δῆλον
3345 3028 3413 3103 ἦν
3444 3032 3553 3086 ἀπὸ
3584 3031 3679 3085 τοῦ
3708 3033 3805 3085 τὸν

2226 3124 2372 3180 λίθον
2398 3121 2561 3201 ᾖρθαι
2598 3125 2690 3180 τοῦ
2718 3124 2978 3198 μνημείου
2998 3141 3014 3156 '
3041 3122 3176 3198 ᾖρτο
3209 3125 3265 3178 δὲ
3290 3124 3391 3178 ούκ
3419 3124 3614 3189 άλλως,
3650 3124 3684 3196 ἢ
3719 3125 3806 3195 τῷ

2226 3216 2317 3271 τὸν
2344 3215 2402 3282 ἐξ
2425 3214 2656 3287 οὐρανοῦ
2681 3216 2909 3285 ἄγγελον
2946 3214 3281 3286 ὲξαστράψαι
3308 3213 3399 3267 τὸν
3421 3213 3585 3267 τόπον
3617 3213 3806 3285 πολλῷ

554 3304 654 3371 vit,
683 3304 971 3376 ipsumque
1001 3305 1230 3360 revolvit
1270 3305 1526 3376 lapidem,
1572 3305 1815 3375 adeoque
1845 3305 2121 3361 terrelacti

2227 3309 2385 3379 φωτὶ,
2431 3308 2523 3360 καὶ
2567 3307 2727 3359 αὑτὸν
2765 3304 3090 3360 ἀποκυλίσαι
3128 3305 3219 3358 τὸν
3259 3302 3436 3368 λίθον,
3462 3304 3699 3376 φοϐῆσαί
3734 3322 3802 3358 τε

556 3401 687 3449 sunt
704 3372 992 3460 custodes,
1026 3405 1085 3450 ut
1115 3372 1358 3465 lapideos
1390 3372 1779 3466 propemodum
1834 3396 1998 3451 timor
2025 3410 2121 3453 eos

2221 3372 2348 3462 τοὺς
2368 3397 2631 3467 φύλακας,
2669 3396 2745 3461 ὼς
2775 3394 2971 3468 μικροῦ
3004 3395 3114 3450 δεῖν
3154 3397 3247 3449 καὶ
3267 3372 3672 3467 ἀπολιθωθῆναι
3697 3396 3800 3451 αὐ-

555 3484 796 3543 eﬂ‘ecerit
824 3504 838 3541 :
871 3502 980 3557 quo
1017 3485 1221 3543 factum
1244 3496 1349 3551 est,
1386 3496 1447 3542 ut
1484 3487 1522 3542 ii
1547 3486 1602 3542 in
1640 3485 1807 3559 pedes
1848 3502 1909 3544 se
1936 3487 2122 3557 conje-

555 3577 754 3641 cerint,
787 3577 921 3633 adeo
945 3586 1005 3632 ut
1035 3594 1193 3635 nemo
1237 3578 1313 3634 ibi
1335 3578 1687 3649 superfuerit.
1715 3579 1974 3650 locusque
2013 3579 2121 3635 illis

555 3670 811 3740 patuerit,
832 3669 927 3742 qui
972 3667 1037 3724 ad
1071 3669 1348 3727 visendam
1405 3668 1715 3727 Servatoris
1761 3671 2122 3727 resurrectiov

552 3776 678 3817 nem
703 3767 989 3816 venerunt.
1022 3760 1201 3831 Atque
1237 3760 1351 3817 haec
1382 3763 1654 3832 praecipua
1687 3775 1856 3817 causa
1885 3759 1987 3816 fuit
2020 3777 2121 3816 cur

553 3851 780 3924 angelus
808 3851 882 3908 ibi
906 3856 1237 3924 apparuerit.
1266 3852 1460 3924 Neque
1483 3854 1627 3910 enim
1658 3852 1730 3909 ob
1758 3852 2120 3922 adjuvandam

554 3941 1010 3997 resurrectionem
1068 3942 1299 3997 removit
1357 3943 1582 4013 angelus
1639 3942 1893 4013 lapidem,
1943 3956 2121 4013 neque

554 4032 752 4103 lapidis
803 4048 967 4090 causa
1004 4034 1262 4105 praedicto
1314 4036 1477 4090 modo
1543 4035 1862 4100 intervenit,
1918 4034 2014 4091 sed
2058 4044 2120 4089 ut

552 4125 812 4182 custodes
840 4125 991 4182 illinc
1017 4127 1294 4199 abigeret,
1348 4127 1579 4183 feminas
1626 4134 1805 4182 autem
1841 4125 1911 4180 ad
1939 4126 2120 4182 visen-

550 4218 679 4273 dum
699 4221 978 4276 venientes
1007 4220 1306 4291 excipiens,
1340 4220 1795 4277 resurrectionem
1849 4220 1931 4275 eis
1974 4234 2116 4273 nun-

550 4309 732 4366 tiaret.
769 4309 973 4365 Harum
1006 4312 1164 4367 testis
1188 4326 1370 4366 rerum
1394 4310 1679 4367 Matthasus
1704 4310 1915 4378 dicens,
1941 4310 2117 4383 angeli

552 4400 747 4454 timore
804 4407 1108 4456 commotos
1158 4401 1436 4465 custodes,
1469 4402 1613 4458 velut
1648 4409 1894 4458 mortuos
1947 4403 2119 4460 exsti-

550 4489 705 4545 tisse.
740 4487 939 4560 Utique
969 4498 1303 4561 praevenerat
1327 4492 1576 4561 angelum
1605 4508 1896 4564 resurgens
1922 4491 2118 4549 Serva-

551 4588 676 4644 tor,
735 4594 912 4651 neque
979 4578 1175 4649 lapidis
1226 4578 1615 4635 revolutionem
1669 4588 2111 4652 exspectaverat;

2221 3488 2346 3552 τοὺς
2365 3486 2443 3557 τῷ
2468 3486 2616 3558 φόϐῳ
2634 3502 2647 3517 ⁸
2692 3486 2786 3540 καὶ
2812 3484 2952 3557 μετά
2974 3484 3146 3540 ταῦτα
3180 3484 3256 3549 ὡς
3296 3484 3443 3547 εἰκὸς
3472 3487 3616 3557 φυγῇ
3657 3486 3798 3558 χρή-

2225 3579 2440 3644 σασθαι,
2489 3579 2568 3642 ὼς
2610 3578 2813 3649 μηδένα
2848 3578 2946 3649 μὲν
2987 3576 3398 3649 περιλειφθῆναι
3429 3577 3633 3642 αὐτῶν,
3670 3595 3800 3649 σχο-

2221 3672 2403 3737 λάζειν
2425 3671 2483 3725 δὲ
2522 3670 2614 3724 τὸν
2651 3671 2815 3724 τόπον
2846 3672 2959 3734 τοῖς
2987 3670 3081 3723 ἐπὶ
3099 3671 3199 3741 τὴν
3232 3668 3359 3724 θέαν
3378 3669 3802 3740 ἀφικνουμένας

2218 3763 2320 3832 τῆς
2351 3761 2615 3834 σωτηρίου
2658 3760 3037 3823 ἀναστάσεως·
3085 3760 3221 3833 αὕτη
3252 3761 3362 3833 γὰρ
3387 3755 3456 3833 ἦν
3491 3761 3727 3833 μάλιστα
3759 3762 3796 3832 ή

2219 3853 2369 3908 αίτία
2395 3852 2495 3924 τῆς
2536 3852 2853 3922 ἐπιφανείας
2898 3849 2993 3907 τοῦ
3039 3851 3288 3921 ἀγγέλου.
3341 3852 3416 3907 Οὐ
3451 3853 3561 3925 γάρ
3595 3852 3661 3924 δὴ
3692 3852 3797 3923 τῆς

2218 3945 2563 4008 ἀναστάσεως
2578 3946 2737 4016 χάριν
2766 3943 3013 3998 ἀπεκίνει
3039 3945 3130 3998 τὸν
3156 3943 3321 4010 λίθον,
3345 3943 3453 3998 οὐδ’
3476 3944 3667 3997 ἕνεκεν
3695 3943 3797 3998 τοῦ

2217 4034 2365 4088 λίθου
2415 4035 2612 4098 τοιόςδε
2650 4034 2825 4106 ὤφθη,
2871 4034 2986 4088 ἀλλ’
3011 4032 3098 4088 ἵνα
3125 4033 3250 4098 τοὺς
3280 4033 3381 4107 μὲν
3408 4034 3799 4105 ἀπελάσῃ.τάς

2218 4125 2276 4179 δὲ
2293 4125 2592 4198 ἐρχομένας
2618 4126 2708 4179 ἐπὶ
2729 4125 2827 4197 τὴν
2843 4124 2972 4179 θέαν
2989 4124 3401 4195 δεξιωσάμενος,
3431 4125 3532 4198 τὴν
3559 4127 3799 4183 ἀνάστα-

2222 4234 2304 4272 σιν
2336 4218 2526 4281 αὑταῖς
2554 4216 2951 4286 καταγγείλειε.
2982 4214 3196 4270 Τούτων
3214 4211 3306 4269 οὖν
3342 4217 3554 4289 μάρτυς
3585 4220 3614 4271 6
3640 4218 3798 4271 Ματ-

2221 4308 2368 4373 θαίος
2413 4308 2606 4378 λέγων,
2636 4307 2769 4361 Ἀπὸ
2817 4306 2912 4361 τοῦ
2962 4307 3128 4378 φόϐου
3165 4306 3329 4362 αὑτοῦ
3370 4307 3697 4378 ἐσείσθησαν
3737 4307 3792 4359 οἱ

2218 4401 2528 4472 τηροῦντες,
2553 4399 2645 4455 καὶ
2673 4399 2919 4467 ἐγένοντο
2949 4399 3080 4452 ὡσεὶ
3108 4398 3306 4471 νεκροί.
3333 4398 3527 4453 Φθάνει
3555 4398 3654 4469 μὲν
3679 4397 3794 4471 γάρ

2218 4491 2426 4547 καὶτὸν
2455 4489 2682 4560 ἄγγελον
2712 4490 2950 4554 ἀναστὰς
2978 4492 3007 4543 6
3026 4489 3234 4562 Σωτὴρ,
3254 4488 3374 4543 οὐδὲ
3404 4488 3671 4559 ἀναμένει
3691 4490 3796 4561 τὴν

2218 4582 2537 4650 ἀποκίνησιν
2560 4579 2653 4633 τοῦ
2689 4578 2858 4644 λίθου,
2884 4578 3020 4632 ἀλλά
3053 4579 3145 4632 καὶ
3164 4578 3353 4632 τούτου
3374 4578 3479 4650 πρὸ
3496 4579 3598 4650 τὴν
3619 4578 3797 4651 θύραν

548 4686 738 4727 verum
762 4670 867 4727 hoc
893 4670 1072 4727 adhuc
1104 4669 1313 4726 foribus
1340 4670 1669 4735 adlmrente,
1696 4680 1750 4727 et
1794 4672 2111 4742 pontiﬁcum

2221 4673 2493 4742 κειμένου,
2546 4672 2637 4725 καὶ
2680 4674 2789 4735 τοῖς
2833 4669 2940 4725 τῶν
2961 4669 3260 4743 ἀρχιερέων
3291 4671 3637 4743 σημαντῆρσι
3672 4670 3795 4740 (6!)

548 4764 743 4835 sigillis
777 4763 1085 4836 obsignato,
1118 4762 1548 4833 custodibusque
1577 4763 1756 4818 locum
1786 4764 2112 4819 cireumam-

546 4856 846 4920 bientibus,
878 4853 1169 4910 invisibilis
1201 4852 1270 4910 de
1298 4861 1651 4909 monumento
1672 4840 1929 4924 prodiens
1953 4869 2107 4910 suam

544 4966 613 5004 ex
634 4947 869 5004 mortuis
890 4946 1074 5003 divina
1096 4945 1299 5001 virtute
1325 4953 1606 5016 peregerat
1631 4945 2107 5012 resurrectionem;

543 5039 640 5096 sed
669 5052 903 5110 quanam
938 5036 993 5093 id
1017 5037 1276 5108 temporis
1305 5037 1438 5093 liora
1459 5037 1740 5099 acciderit,
1758 5052 1918 5091 nemo
1938 5051 2106 5092 evan-

542 5131 858 5201 gelistamm
885 5126 1254 5201 signiﬁcavit:
1290 5128 1360 5185 ita
1396 5139 1456 5185 ut
1482 5128 1701 5201 quidam
1729 5128 1858 5183 huic
1890 5142 2106 5198 quoque

541 5224 621 5279 rei
648 5222 967 5294 tempestive
1003 5221 1095 5277 illa
1123 5223 1289 5278 verba
1330 5220 1840 5285 accommodaverit,
1872 5237 1993 5291 qua:
2039 5220 2107 5276 de

542 5314 787 5371 universi
835 5314 1307 5371 consummatione
1354 5328 1385 5368 a
1432 5313 1652 5369 Christo
1677 5314 1824 5368 dicta
1855 5312 2108 5378 fuerunt,

544 5422 776 5478 nempe:
811 5425 832 5459 ι
870 5406 946 5460 De
965 5404 1054 5462 die
1080 5421 1243 5462 nemo
1274 5408 1571 5478 quidquam
1606 5406 1712 5469 scit
1742 5446 1759 5471 ,
1808 5421 1879 5462 ne
1927 5406 2106 5478 angeli

543 5499 761 5573 quidem
788 5499 886 5556 Dei
908 5501 976 5555 ⁸⁵.
1012 5519 1031 5554 ›
1062 5498 1155 5555 Sic
1187 5515 1318 5575 ergo
1340 5501 1548 5573 primus
1580 5500 1697 5573 ipse
1722 5500 1897 5556 iactus
1924 5513 2110 5557 resur.

608 5656 655 5689 "'
696 5654 882 5711 Matth.
924 5670 1074 5721 xvtv,
1110 5654 1199 5711 36.

609 5795 721 5869 (eo)
762 5795 895 5852 Cod.
928 5794 996 5863 Α,
1030 5794 1067 5851 r.
1103 5794 1225 5851 διε.

2220 4762 2779 4834 κατεσφραγισμένον,
2812 4763 2921 4814 τῶν
2961 4778 3021 4815 τε
3054 4761 3304 4833 φρουρῶν
3322 4760 3666 4813 κυκλούντων
3697 4759 3797 4815 τὴν

2216 4856 2380 4909 τόπον
2402 4894 2416 4914 ,
2439 4853 2648 4926 ἀφανὴς
2676 4850 2744 4924 ἦν
2760 4852 2855 4906 τοῦ
2892 4852 3189 4924 μνήματος,
3214 4851 3310 4923 τὴν
3329 4853 3394 4905 ὲκ
3416 4851 3629 4922 νεκρῶν
3657 4851 3796 4906 ανά-

2218 4964 2402 5001 στασιν
2425 4946 2788 5017 πεποιημένος
2812 4942 2963 5015 θεῖκῇ
2997 4942 3243 5013 δυνάμει,
3277 4941 3396 4996 καθ’
3429 4943 3497 5013 ἢν
3520 4942 3672 5014 ὥραν
3697 4943 3794 4998 σύ-

2213 5040 2324 5103 δεὶς
2349 5038 2511 5106 ἔγνω,
2531 5037 2626 5091 καὶ
2654 5035 2773 5089 καθ’
2790 5034 2848 5088 ὃν
2875 5034 3047 5097 οὐδεὶς
3078 5034 3462 5105 ἐπεσημήνατο
3490 5034 3601 5085 τῶν
3624 5034 3797 5102 εὐαγ-

2211 5126 2472 5196 γελιστῶν
2502 5124 2689 5198 καιρόν
2709 5141 2722 5156 ο
2758 5121 2885 5175 ὥστ’
2914 5122 2979 5175 ἂν
3019 5123 3192 5175 εἰπεῖν
3219 5121 3489 5192 εὐκαίρως
3534 5122 3655 5175 τινὰ
3691 5116 3792 5175 καὶ

2215 5219 2300 5272 ἐπ’
2328 5216 2494 5272 αὐτοῦ
2526 5215 2683 5270 τοῦτο
2723 5213 2787 5285 δὴ
2833 5213 2891 5267 τὸ
2916 5214 3041 5283 περὶ
3062 5213 3161 5284 τῆς
3204 5211 3434 5267 καθόλου
3478 5213 3794 5276 συντελείας

2217 5311 2355 5383 πρὸς
2385 5306 2550 5363 αὑτοῦ
2580 5305 2900 5375 λελεγμένον
2928 5306 2985 5358 ὲν
3017 5301 3113 5374 τῷ,
3154 5322 3173 5355 ι
3204 5302 3338 5373 Περὶ
3364 5303 3420 5355 δὲ
3447 5306 3545 5374 τῆς
3575 5305 3793 5374 ἡμέρας

2212 5403 2390 5467 οὐδεὶς
2415 5398 2574 5462 οἶδεν,
2597 5398 2717 5453 οὐδὲ
2749 5401 2799 5453 οἱ
2847 5397 3065 5467 ἄγγελοι
3092 5393 3186 5449 τοῦ
3226 5395 3380 5448 Θεοῦ.
3415 5414 3433 5445 ι
3470 5394 3627 5447 Οὕτω
3656 5392 3797 5460 γοῦι

2218 5495 2431 5570 πρῶτος
2470 5494 2631 5558 αὐτὸς
2675 5490 2895 5564 ἀπαρχὴ
2952 5488 3051 5559 τῆς
3093 5487 3438 5549 ἀναστάσεως
3476 5485 3711 5556 γεγονὼς
3758 5486 3799 5541 ὀ

2289 5784 2399 5863 (61)
2440 5783 2527 5842 Al.
2557 5784 2703 5853 cod.,
2739 5781 3090 5856 τημάντροις.
