4114 6472
311 278 433 334 985

1163 231 1698 324 ’δυΡΡιειιιῖΝτΑ
1737 257 2220 333 QUA-ZSTIONUM
2258 254 2350 313 AD
2388 253 2737 311 MARINUM.

3475 253 3582 312 986

314 392 542 463 Σωτὴρ,
584 387 703 444 καθ’
729 389 797 461 ἢν
827 386 976 460 ὤραν
1009 386 1184 452 οὐδεὶς
1216 385 1379 451 ἔγνω,
1407 386 1695 458 ἐγήγερτο,
1722 382 1901 437 λαθὼν

2007 380 2264 438 rectionis
2290 375 2565 434 inchoatio
2591 373 2873 440 Servator,
2895 373 3033 430 hora
3055 387 3220 445 quam
3234 386 3396 429 nemo
3420 373 3586 431 scivit

315 485 456 547 τοὺς
487 481 756 547 ἅπαντας,
787 480 884 533 καὶ⁵
921 478 1187 550 ἐγήγερτο
1224 475 1320 530 τοῦ
1348 474 1497 529 λίθου
1538 472 1905 546 μεμενηκότος

318 576 424 628 ἐπὶ
444 574 743 646 σχήματος.
777 568 1021 641 Ἀγαθῶν
1041 568 1100 622 δὲ
1120 568 1370 639 ἄγγελος,
1389 565 1696 639 ἀνθρώποις
1720 564 1905 640 παρῆν

315 665 354 717 ὁ
388 663 640 734 ἄγγελος,
693 662 848 717 οὐδὲν
896 659 993 732 μὲν
1034 662 1102 733 τῇ
1155 660 1447 714 ἀναστάσει
1490 657 1577 711 διά
1613 656 1714 728 τῆς
1740 653 1905 710 αὐτοῦ

321 756 636 828 παρουσίας
675 753 1134 827 συμϐαλλόμενος,
1159 751 1230 806 τά
1273 749 1485 823 μεγάλα
1508 749 1566 802 δὲ
1590 751 1657 820 τῇ
1688 746 1796 801 τῶν
1816 746 1909 801 ἀν-

322 844 565 918 θρώπων
593 844 1008 917 διακονούμενος
1037 841 1307 915 σωτηρίᾳ·
1333 840 1413 895 διὸ
1441 839 1535 895 καὶ
1567 838 1907 911 ὲξήστραπτε

321 936 433 1007 τὴν
483 936 718 1008 μορφὴν,
750 935 1071 1007 λευχείμονα
1091 933 1304 997 δεικνὺς
1328 931 1539 997 ἑαυτὸν,
1568 930 1662 985 καὶ
1692 930 1908 1001 πρῶτος

324 1029 433 1100 τῆς
457 1027 731 1097 σωτηρίου
772 1028 1120 1091 ἀναστάσεως
1163 1025 1562 1098 ἀπαρχόμενος.
1584 1022 1694 1077 Καὶ
1718 1023 1907 1096 ὥσπερ

325 1116 485 1189 ἡλίου
534 1117 800 1182 ἀνατολὰς
853 1117 1060 1190 ἑρπετά
1105 1117 1203 1189 μὲν
1239 1116 1418 1171 ίοϐὁλα
1459 1116 1553 1169 καὶ
1581 1113 1783 1187 θηρίων
1808 1115 1909 1169 ὅσα

325 1206 528 1271 νυκτὸς
553 1208 650 1262 καὶ
687 1209 913 1273 σκότους
936 1209 1043 1262 είσὶ
1080 1209 1207 1279 φίλα
1249 1208 1461 1277 φεύγει,
1490 1207 1682 1280 ἄνδρες
1704 1207 1761 1261 δὲ
1783 1204 1910 1259 ταύ-

325 1315 434 1363 τας
451 1294 540 1353 οία
565 1298 743 1368 φωτὸς
783 1302 1062 1369 συγγενεῖς
1091 1299 1501 1371 μεταδιώκουσι,
1531 1298 1670 1352 κατά
1696 1297 1787 1351 τὸν
1811 1297 1910 1351 αύ-

327 1385 427 1439 τὸν
479 1385 544 1458 δὴ
587 1386 791 1459 τρόπον
850 1389 978 1451 τοὺς
1027 1387 1126 1459 μὲν
1170 1389 1269 1461 τῆς
1321 1387 1578 1460 ἀληθείας
1619 1389 1715 1442 καὶ
1763 1388 1909 1459 ζωῆς

329 1475 584 1549 ἐχθροὺς,
645 1478 876 1535 θανάτου
929 1479 987 1534 δὲ
1017 1480 1253 1545 οίκείους
1279 1480 1375 1535 καὶ
1418 1479 1623 1550 φίλους,
1661 1482 1778 1544 ταῖς
1813 1478 1907 1533 τοῦ

332 1569 511 1639 φωτὸς
543 1569 709 1624 αὐτοῦ
747 1574 1136 1643 μαρμαρυγαῖς
1183 1572 1646 1644 καταστράπτων,
1682 1571 1909 1645 ήλαυνεν

329 1662 365 1715 ὁ
393 1660 651 1731 ἄγγελος·
680 1666 795 1727 τοῖς
820 1664 878 1717 δὲ
907 1662 1131 1718 ποθοῦσι
1164 1664 1263 1736 τὴν
1300 1667 1565 1737 σωτήριον
1594 1664 1906 1726 ἀνάστασιν,

329 1752 540 1826 ταύτην
567 1755 967 1826 εὐηγγελίζετο,
996 1755 1190 1828 σχολὴν
1221 1756 1403 1821 αὐτοῖς
1431 1757 1668 1828 εὐτρεπῆ
1695 1755 1783 1809 διὰ
1809 1753 1912 1826 τῆς

330 1846 443 1899 τῶν
472 1846 723 1920 φρουρῶν
774 1848 1091 1912 ἀπελάσεως
1134 1849 1419 1921 παρέχων·
1466 1848 1559 1902 δύο
1597 1847 1729 1919 γοῦν
1766 1865 1908 1919 γνω-

335 1939 580 2011 ρίσματα
606 1944 717 2007 τοῖς
742 1941 963 2006 οἰκείοις
993 1944 1254 2014 παρεῖχεν
1279 1944 1433 2015 ὁρᾷν,
1462 1943 1563 2014 τὴν
1589 1942 1911 2014 ἀποκίνησιν

331 2031 429 2086 τοῦ
455 2031 626 2097 λίθου,
666 2035 759 2089 καὶ
790 2035 890 2105 τῆς
928 2033 1098 2106 θύρας
1139 2035 1233 2088 τοῦ
1266 2036 1544 2106 μνήματος
1573 2035 1675 2107 τὴν
1703 2035 1907 2101 ἀνεσιν,

334 2124 444 2179 τῶν
455 2143 516 2180 τε
540 2125 794 2195 φυλάκων
809 2126 906 2198 τὴν
927 2126 1107 2192 δίωξιν
1123 2144 1138 2158 ·
1161 2126 1198 2182 ἀ
1220 2127 1283 2199 δὴ
1310 2126 1612 2198 τεθεαμένη
1635 2128 1668 2198 ή
1689 2127 1911 2196 Μαγδα-

333 2216 469 2287 ληνή
499 2219 613 2281 τοῖς
657 2216 925 2288 μαθηταῖς
972 2216 1329 2288 ἐπήγγειλεν·
1376 2218 1425 2270 οἱ
1463 2216 1521 2270 δὲ
1555 2217 1728 2271 ταῦτα
1782 2218 1910 2289 παρ’

335 2309 508 2381 αὐτῆς
548 2309 945 2381 μεμαθηκότες,
982 2308 1297 2381 θαρσαλέως
1334 2310 1588 2381 ἀπήντων
1627 2309 1907 2382 δρομαῖοι,

338 2399 563 2474 μηδενὸς
584 2402 768 2465 αὐτοῖς
799 2399 1049 2472 ἐμποδὼν
1072 2400 1434 2465 καθεστῶτος.

1086 2508 1164 2565 B’.

408 2599 518 2672 (62)
551 2601 661 2655 Καὶ
688 2600 805 2665 πῶς
837 2599 1057 2666 σκοτίας
1103 2599 1290 2673 οὕσης,
1326 2599 1469 2655 κατά
1492 2601 1605 2655 -τὸν
1631 2603 1913 2673 εὐαγγελι-

336 2692 468 2764 στὴν
509 2694 780 2766 Ἰωάννην,
802 2692 872 2747 τά
897 2692 1028 2747 εἵσω
1059 2691 1154 2747 τοῦ
1204 2694 1481 2766 μνήματος
1510 2691 1696 2765 ἑώρων
1735 2697 1784 2747 ot
1818 2694 1912 2750 δύο

339 2782 611 2856 μαθηταί;
645 2786 702 2837 '0
749 2784 857 2858 γάρ
891 2783 1052 2848 αὐτὸς
1103 2784 1197 2837 καὶ¹
1219 2784 1318 2855 τὴν
1357 2782 1503 2855 ῶραν
1530 2785 1912 2857 ἐπεσημήνατο

335 2876 528 2929 εἰπών·
573 2893 592 2928 ι
629 2875 782 2948 Πρωῒ
840 2874 921 2928 ἔτι
979 2874 1194 2939 σκοτίας
1230 2873 1416 2946 οὔσης,
1460 2894 1479 2928 ι
1511 2876 1605 2929 καὶ
1655 2876 1781 2940 τοὺς
1819 2875 1911 2930 δύο

339 2964 586 3037 μαθητὰς
612 2965 680 3019 τὰ
707 2966 837 3019 εῐσω
857 2966 914 3018 ἐν
941 2963 1019 3036 τῷ
1041 2964 1282 3037 μνήματι
1317 2964 1709 3036 τεθεαμένους·
1737 2986 1755 3019 ι
1786 2967 1912 3019 Etc-

334 3055 498 3130 ἦλθον
534 3055 662 3129 γὰρ,
695 3058 850 3128 φησὶ,
887 3057 980 3111 καὶ
1008 3057 1351 3112 ἐπίστευσαν.
1381 3075 1401 3109 ι

419 3237 753 3311 Ἀρχομένης
797 3238 894 3309 μὲν
939 3239 1062 3292 κατ’
1099 3237 1275 3311 ἀρχὰς
1321 3238 1423 3310 τῆς
1451 3239 1683 3312 ἡμέρας,
1720 3241 1814 3294 ἐπὶ
1848 3240 1910 3295 τὸ

337 3333 530 3402 μνῆμα
558 3329 939 3403 ἐμαρτύρησεν
967 3332 1000 3402 ή
1029 3329 1217 3403 Γραφὴ
1251 3329 1331 3384 ἔτι
1362 3330 1483 3384 τότε
1508 3332 1724 3385 σκοτίαν
1748 3328 1907 3388 εἶναι·

333 3421 476 3496 πλὴν
495 3422 609 3476 ἀλλ’
644 3422 745 3495 ’ήδη
791 3424 971 3494 πρωῖα
1009 3417 1077 3494 ἦν
1100 3440 1113 3453 ·
1142 3421 1300 3476 τοῦτο
1326 3422 1380 3477 δὲ
1417 3423 1478 3477 τὸ
1504 3423 1647 3496 πρωῒ
1675 3424 1754 3479 ἔτι
1786 3442 1910 3480 σκο-

331 3516 457 3579 τίας
477 3513 643 3587 οὔσης
674 3515 810 3588 αὑτὴ
843 3514 963 3569 καθ’
988 3515 1185 3587 ἑαυτὴν
1230 3515 1411 3569 ἰδοῦσα
1444 3514 1631 3587 Μαρία
1661 3517 1908 3572 ἐπάνεισι

332 3605 473 3679 πρὸς
491 3607 616 3671 τοὺς
648 3606 895 3679 μαθητάς
915 3625 928 3637 ·
965 3602 1061 3661 εἴτ’
1080 3608 1310 3679 ἄγγελος
1326 3609 1506 3674 αὐτοῖς
1529 3610 1905 3683 παραγίνεται.

344 3701 436 3754 Ἐν
469 3700 532 3772 δὴ
557 3695 649 3754 οὖν
676 3700 754 3771 τῷ
791 3699 993 3771 μεταξὺ
1018 3701 1195 3772 χρόνῳ
1248 3701 1383 3772 μετά
1418 3701 1515 3774 τὴν
1540 3703 1762 3775 πρώτην
1782 3704 1908 3775 ἀφι-

334 3792 418 3859 ξιν
470 3792 736 3863 ἀπιούσης
769 3792 941 3863 αὐτῆς
993 3792 1129 3863 πρὸς
1160 3794 1287 3857 τοὺς
1319 3794 1651 3860 ἀποστόλους
1679 3797 1773 3850 καὶ
1808 3796 1908 3869 τὴν

331 3881 484 3953 ὤραν
539 3880 812 3953 προκόψαι
866 3881 1013 3945 εἰκὸς
1045 3876 1111 3953 ἦν
1135 3898 1150 3913 ·
1181 3882 1448 3938 κάκείνων
1480 3884 1638 3941 πάλιν
1680 3886 1773 3940 ἐπὶ
1819 3888 1909 3941 τὸν

330 3974 507 4044 τάφον
530 3972 961 4044 ἀφικνουμένων,
991 3972 1071 4027 ἔτι
1104 3974 1303 4045 μᾶλλον
1331 3974 1561 4048 αὐξῆσαι
1585 3978 1675 4032 τὸν
1697 3979 1906 4051 χρόνον,

334 4064 412 4128 ὡς
437 4065 630 4136 μηκέτι
658 4066 877 4119 σκοτίαν
906 4061 1064 4129 εἶναι,
1098 4066 1213 4121 ἀλλ’
1241 4068 1339 4141 ἤδη
1374 4069 1620 4142 καθαρὰν
1666 4074 1906 4145 ἡμέραν,

334 4157 459 4211 καθ’
485 4157 553 4229 ἢν
574 4158 983 4230 ἀπαντήσαντες
1002 4160 1050 4212 οἱ
1074 4159 1369 4232 εἰρημένοι,
1403 4162 1496 4215 καὶ
1526 4162 1619 4216 τοῦ
1646 4166 1909 4236 μνημείου

334 4250 492 4314 ἐκτὸς
516 4250 764 4314 ἑστῶτες,
802 4250 989 4322 διορᾷν
1015 4250 1083 4304 τά
1110 4252 1240 4305 εἴσω
1264 4253 1490 4325 κείμενα
1517 4254 1700 4310 ὀθόνια
1722 4250 1825 4310 οἷοί
1847 4274 1909 4311 τε

333 4337 502 4414 ἦσαν·
547 4340 644 4394 καὶ
675 4340 809 4394 πολὺ
842 4342 1039 4413 μᾶλλον
1093 4343 1240 4397 ἔνδον
1284 4344 1586 4416 γενόμενοι,
1625 4344 1730 4399 ὑπὸ
1771 4345 1912 4418 λαμ-

2006 473 2346 535 resurrexit,
2404 475 2632 525 cunctos
2680 469 2856 527 latens
2882 507 2897 532 ,
2958 467 3369 537 resurrexitque
3406 466 3587 538 lapide

2008 572 2213 620 statum
2268 575 2428 619 suum
2481 559 2767 617 retinente.
2824 558 2988 616 Bona:
3037 574 3167 614 vero
3226 559 3307 616 rei
3358 560 3585 617 nuntius

2007 654 2181 713 astitit
2217 652 2533 710 hominibus
2565 651 2813 724 angelus,
2842 651 2981 705 nihil
3024 649 3276 721 equidem
3326 667 3583 707 resurre-

2007 743 2176 799 ctioni
2208 742 2501 814 praesentia
2536 755 2637 798 sua
2686 739 2980 796 conferens
3006 779 3021 802 ,
3067 740 3349 795 hominum
3401 747 3588 795 tamen

2007 836 2171 893 saluti
2204 835 2497 906 plurimum
2545 835 2810 890 serviens.
2868 830 3164 902 Propterea
3204 832 3483 888 relucente
3518 831 3584 887 ti-

2007 943 2144 1002 gura
2177 942 2311 984 usus
2339 932 2445 993 est,
2476 931 2532 980 et
2561 923 2800 979 albatum
2835 930 3009 978 semet
3050 922 3312 988 ostendit,
3342 923 3586 992 primus-

2007 1038 2115 1095 que
2135 1018 2558 1078 resurrectionis
2579 1014 2891 1077 Senatoris
2922 1014 3049 1070 fecit
3073 1016 3315 1071 initium.
3339 1016 3406 1071 Et
3423 1018 3585 1073 sicuti

2007 1112 2260 1170 venenati
2311 1117 2595 1182 serpentes
2630 1123 2697 1164 ac
2749 1107 2897 1172 ferae,
2935 1109 3113 1164 noctis
3146 1117 3201 1164 et
3234 1110 3584 1166 tenebrarum

2009 1210 2277 1267 amantes,
2305 1202 2441 1257 solis
2477 1207 2659 1257 ortum
2711 1198 2949 1270 fugiunt,
2985 1199 3238 1256 homines
3266 1210 3457 1256 contra
3486 1216 3587 1257 ceu

2010 1296 2149 1353 lucis
2176 1294 2410 1352 studiosi
2443 1293 2677 1349 libenter
2708 1292 3030 1364 excipiunt;
3075 1291 3268 1348 eodem
3297 1292 3459 1347 modo
3495 1308 3587 1348 ve-

2007 1387 2191 1444 ritatis
2231 1386 2467 1457 vitaeque
2521 1385 2730 1449 hostes,
2766 1386 2962 1440 mortis
2991 1392 3173 1440 autem
3203 1382 3504 1439 familiares
3534 1393 3590 1439 et

2010 1482 2237 1548 amicos,
2268 1480 2411 1536 lucis
2433 1478 2818 1550 splendoribus
2856 1476 3129 1532 irradians
3150 1476 3377 1548 angelus
3400 1476 3591 1546 dispu-

2010 1574 2070 1628 lit
2095 1589 2110 1626 :
2149 1571 2612 1630 resurrectionem
2644 1585 2779 1626 vero
2806 1568 3113 1625 Salvatoris
3137 1567 3587 1639 exSpectantibus

2010 1666 2302 1730 nuntiavit,
2341 1666 2572 1721 liberum
2609 1664 2718 1719 illis
2754 1663 2961 1719 aditum
2992 1672 3117 1733 post
3164 1659 3456 1717 custodum
3488 1661 3584 1717 de»

2011 1758 2317 1831 pulsionem
2352 1756 2625 1828 praebens.
2675 1752 2905 1809 Gemina
2940 1754 3107 1825 igitur
3141 1753 3334 1807 amicis
3388 1751 3589 1809 indicia

2010 1848 2307 1921 spectanda
2348 1849 2582 1909 obtulit,
2647 1846 2845 1917 lapidis
2899 1860 3093 1916 nempe
3151 1845 3586 1911 revolutionem,

2010 1939 2351 1996 monumenti
2386 1947 2544 2011 porta
2567 1938 2680 2009 jam
2700 1944 2940 2009 patente,
2972 1944 3027 1991 et
3057 1935 3351 1991 custodum
3380 1934 3588 2007 fugam.

2009 2033 2143 2100 Qua:
2190 2032 2384 2089 videns
2434 2030 2754 2103 Magdalene
2806 2029 3096 2102 discipulis
3139 2028 3458 2085 nuntiavit:
3494 2028 3590 2099 qui

2011 2125 2098 2182 his
2130 2124 2388 2195 cognitis,
2414 2124 2674 2179 audacter
2702 2138 2980 2193 cursuque
3009 2124 3227 2177 concito
3259 2121 3388 2176 illuc
3409 2160 3423 2174 .
3495 2135 3591 2175 ne-

2010 2218 2158 2276 mine
2183 2217 2532 2290 impcdiente,
2566 2223 2954 2289 properarunt.

2768 2508 2837 2566 Il.

2082 2604 2403 2672 Quomodo,
2447 2601 2694 2660 tenebris
2728 2602 2909 2658 adhuc
2947 2617 3008 2658 se
3042 2601 3489 2668 intendentibus,
3530 2609 3592 2658 ut

2013 2696 2090 2750 ait
2118 2696 2451 2767 evangelista
2472 2694 2732 2760 Joannes,
2762 2710 2827 2750 ea
2860 2710 2981 2765 qua:
3002 2694 3148 2750 intra
3175 2705 3590 2750 monumentum

2012 2798 2168 2845 erant
2196 2789 2451 2861 discipuli
2474 2789 2583 2845 duo
2615 2788 2907 2845 viderunt?
2929 2786 3174 2860 Namque
3223 2789 3364 2845 idem
3399 2788 3589 2844 horam

2013 2896 2231 2953 quoque
2264 2881 2594 2953 significavit
2638 2881 2826 2936 dicens
2852 2900 2864 2936 :
2894 2898 2913 2932 ι
2944 2879 3124 2946 Mane,
3144 2896 3268 2936 cum
3296 2880 3478 2936 adhuc
3503 2887 3589 2935 te-

2015 2975 2198 3031 nebrae
2219 2983 2423 3030 essent.
2464 2993 2483 3027 ι
2522 2972 2589 3027 Et
2618 2987 2764 3040 mox,
2789 2972 2928 3028 duos
2961 2972 3265 3043 discipulos
3292 2989 3414 3043 quae
3445 2973 3590 3027 intra

1936 3075 1979 3134 (ζ
2013 3074 2428 3125 monumentum
2462 3075 2619 3121 erant
2645 3065 2868 3121 vidisse.
2916 3082 2935 3118 ι
2980 3063 3352 3120 Introivcrunt
3399 3064 3544 3120 enim
3572 3104 3588 3130 ,

2010 3160 2213 3231 inquit,
2236 3166 2291 3214 et
2322 3157 2690 3213 crediderunt.
2729 3177 2749 3209 ι

2079 3250 2265 3306 Primo
2308 3248 2417 3305 diei
2447 3246 2814 3319 crepusculo,
2869 3245 3012 3317 apud
3065 3246 3379 3317 sepulcrum
3437 3245 3589 3301 Scri-

2010 3350 2171 3413 ptura
2199 3339 2336 3395 dicit
2369 3337 2549 3393 adhuc
2569 3335 2828 3392 tenebras
2858 3335 3061 3404 fuisse;
3092 3336 3185 3390 sed
3211 3341 3391 3388 tamen
3425 3348 3587 3389 mane

2005 3434 2118 3505 jam
2145 3441 2294 3498 erat,
2345 3446 2457 3503 quo
2506 3429 2887 3494 subobscuro,
2940 3427 3055 3483 sola
3100 3426 3261 3481 rediit
3289 3424 3457 3480 Maria
3518 3424 3587 3479 ad

2009 3525 2330 3598 discipulos.
2388 3521 2592 3578 Deinde
2627 3517 3019 3595 angelusipsis
3077 3516 3413 3589 supervenit.
3467 3512 3589 3569 Jam

2008 3620 2113 3675 hoc
2142 3616 2467 3673 intermedio
2496 3622 2763 3684 tempore,
2794 3621 2918 3684 post
2939 3611 3174 3682 primum
3218 3609 3339 3679 ejus
3362 3607 3429 3663 ad
3458 3621 3591 3678 apo~

2010 3712 2180 3768 stolos
2210 3708 2497 3763 adventum
2523 3745 2538 3770 ,
2582 3705 2772 3761 horam
2835 3703 3006 3759 ferme
3035 3701 3346 3765 transiisse,
3383 3698 3587 3755 verisi-

2010 3803 2141 3858 mile
2171 3810 2258 3859 est
2290 3821 2305 3858 :
2339 3810 2455 3857 tum
2479 3799 2589 3855 illis
2621 3797 2691 3853 ad
2734 3796 3046 3867 sepulcrum
3075 3791 3335 3874 euntibus
3358 3830 3374 3854 ,
3407 3791 3588 3862 majus

2010 3898 2189 3953 adhuc
2209 3895 2454 3965 elapsum
2484 3900 2721 3962 tempus,
2760 3889 2836 3944 ita
2859 3895 2919 3942 ut
2944 3886 3056 3956 jam
3086 3885 3326 3941 tenebrae
3363 3897 3472 3937 non
3498 3896 3588 3938 εει

2009 3995 2153 4051 sent,
2182 3986 2277 4041 sed
2296 3999 2431 4055 pura
2452 3983 2601 4049 dies;
2625 3994 2734 4051 quo
2757 3988 2998 4050 tempore
3023 3976 3254 4048 profecti
3291 3974 3421 4029 illuc
3450 3987 3592 4044 prae-

2010 4078 2141 4134 dicti
2181 4075 2459 4147 discipuli,
2484 4080 2750 4143 extraque
2783 4078 3199 4126 monumentum
3254 4074 3542 4122 manentes
3568 4105 3584 4131 ,

2009 4170 2189 4243 posita
2250 4165 2569 4222 linteamina
2625 4172 2873 4235 spectare
2936 4170 3264 4235 potuerunt;
3303 4160 3587 4231 multoque

2011 4259 2185 4325 magis
2224 4254 2351 4309 illuc
2393 4252 2647 4324 ingressi,
2677 4252 2961 4324 splendida
2987 4252 3100 4321 jam
3135 4250 3223 4306 die
3249 4250 3431 4305 locum
3456 4248 3581 4304 illu-

2010 4350 2275 4404 minante.
2307 4347 2435 4403 Mihi
2484 4362 2615 4403 vero
2661 4346 2917 4403 videntur
2961 4343 3280 4401 linteamina
3310 4343 3460 4399 intus
3488 4355 3587 4412 po-

337 4436 482 4510 πρᾶς
521 4434 734 4507 ἡμέρας
766 4433 866 4506 ἤδη
907 4434 1002 4489 τοῦ
1046 4435 1211 4489 τόπου
1250 4436 1720 4509 κατηυγασμένου.
1757 4440 1912 4493 Δοκεῖ

2013 4440 2116 4498 sita
2170 4440 2689 4496 demonstrationem
2737 4437 2900 4495 simul
2947 4436 3218 4508 praebere,
3270 4449 3474 4505 corpus
3518 4433 3590 4489 ab

334 4527 393 4581 δέ
416 4545 504 4600 μοι
539 4527 608 4582 τά
638 4526 819 4581 ὀθόνια
854 4526 1001 4582 ἔνδον
1038 4528 1266 4599 κείμενα
1291 4529 1427 4602 ὁμοῦ
1455 4530 1553 4601 μὲν
1582 4533 1676 4587 καὶ
1711 4532 1909 4605 δεῖγμα

335 4617 595 4690 παρέχειν
621 4617 715 4671 τοῦ
741 4616 815 4689 μὴ
842 4617 946 4670 ὑπὸ
972 4615 1272 4688 ἀνθρώπων
1295 4615 1460 4691 ᾗρθαι
1483 4619 1543 4673 τὸ
1573 4619 1751 4691 σῶμα,
1773 4623 1909 4694 ὅπερ

334 4711 522 4785 Μαρία
553 4710 849 4765 ὑπέλαϐεν·
874 4711 936 4764 ού
968 4710 1077 4782 γάρ
1106 4710 1171 4765 ἄν
1198 4729 1342 4776 τινες
1361 4712 1422 4766 τὺ
1453 4712 1611 4785 σῶμα
1640 4714 1906 4787 ὑφαιρού-

339 4820 489 4874 μενοι
515 4801 916 4874 κατελίμπανον
943 4803 1011 4856 τά
1046 4802 1252 4857 ὀθόνια·
1279 4803 1398 4857 οὐδὲ
1429 4806 1458 4858 ό
1495 4805 1742 4861 κλέπτων
1778 4807 1907 4861 ποτὲ

337 4894 678 4967 περιέμεινεν
720 4893 825 4959 ἓως
849 4895 935 4948 ὅτε
965 4893 1204 4966 ἀναλύσῃ
1228 4894 1294 4948 τά
1316 4895 1499 4949 ὀθόνια
1535 4896 1629 4951 καὶ
1655 4896 1907 4953 ’καταλά-

338 4987 503 5056 ϐηται
525 5001 538 5015 ο
575 4984 710 5056 ὁμοῦ
749 4985 806 5039 δὲ
840 4987 935 5040 καὶ
963 4989 1063 5058 τῆς
1091 4987 1155 5038 ὲκ
1192 4985 1403 5058 νεκρῶν
1439 4988 1904 5053 ἀναστάσεωςτοῦ

338 5077 589 5150 σώματος
620 5071 1180 5148 εἷναιπαραστατικά.
1209 5081 1266 5135 Ὀ
1280 5080 1388 5153 γὰρ
1417 5082 1904 5155 μετασχηματίζων

334 5172 404 5225 τά
436 5170 664 5242 σώματα
694 5169 792 5241 τῆς
819 5170 1200 5237 ταπεινώσεως
1224 5171 1382 5245 ήμῶν
1398 5173 1533 5240 Θεὸς
1550 5175 1629 5239 είς
1662 5174 1723 5230 τὸ
1764 5172 1902 5232 εἶναι

336 5261 637 5332 σύμμορφα
662 5259 742 5331 τῷ
760 5260 971 5332 σώματι
1002 5261 1101 5335 τῆς
1118 5263 1275 5337 δόξης
1298 5265 1390 5320 τοῦ
1423 5267 1680 5339 Χριστοῦ,
1715 5268 1778 5323 τὸ
1804 5270 1903 5341 μὲν

337 5353 498 5423 σῶμα
542 5354 617 5418 ὠς
656 5355 885 5427 ὀργανον
921 5355 1020 5427 τῆς
1049 5357 1106 5411 ὲν
1131 5357 1280 5430 αὐτῷ
1315 5362 1718 5433 κατοικησάσης
1744 5362 1904 5418 δυνά-

340 5460 484 5513 μεως
512 5444 744 5515 morm»,
801 5446 1146 5517 μεταϐάλλων
1200 5451 1293 5504 ἐπὶ
1327 5451 1390 5506 τὸ
1425 5451 1718 5538 θειότερον,
1750 5454 1818 5513 τά
1845 5455 1901 5512 δὲ

409 5605 455 5636 ⁸⁸
494 5602 727 5677 Philipp.
766 5621 864 5671 ιιι,
899 5605 993 5664 2t.

417 5720 519 5794 (δε)
559 5722 693 5783 Cod.
725 5722 792 5795 Α,
820 5722 859 5782 ι.
889 5723 1013 5795 512,
1040 5685 1116 5793 ιμ’

2011 4533 2326 4589 hominibus
2358 4548 2470 4587 non
2504 4531 2673 4588 fuisse
2715 4532 2991 4588 sublatum
3019 4570 3036 4598 ,
3092 4544 3253 4586 secus
3309 4542 3374 4583 ac
3418 4526 3590 4583 Maria

2009 4624 2427 4697 suspicabatur:
2478 4639 2656 4695 neque
2703 4624 2850 4680 enim
2894 4623 2988 4695 qui
3036 4637 3239 4693 corpus
3297 4620 3590 4677 subtrahe-

2007 4727 2162 4783 rent,
2194 4718 2509 4775 linteamina
2541 4716 2951 4787 relinquerent;
2995 4731 3173 4786 neque
3195 4714 3282 4770 fur
3310 4709 3583 4784 quispiam

2006 4818 2370 4885 exspectaret,
2400 4810 2574 4866 donec
2603 4807 2822 4865 indusia
2854 4809 3186 4873 resolveret,
3226 4816 3390 4877 atque
3419 4806 3493 4860 ita
3523 4804 3581 4859 in

2006 4904 2257 4975 ﬂagranti
2309 4912 2472 4974 raptu
2527 4900 3047 4973 deprehenderetur.
3101 4900 3448 4971 Caeteroquin
3489 4898 3582 4953 illa

2008 4996 2258 5051 suscitati
2287 5011 2353 5052 ex
2382 5006 2555 5052 morte
2593 4996 2846 5066 corporis
2882 4994 3086 5050 indicia
3114 5002 3291 5049 erant.
3322 4990 3458 5046 Nam
3488 4991 3581 5061 qui

2008 5088 2327 5145 reformabit
2364 5104 2594 5161 corpora
2639 5088 2963 5144 humilitatis
2979 5093 3182 5143 nostra:
3200 5084 3366 5148 Deus,
3387 5074 3449 5139 ut
3470 5083 3583 5140 sint

2005 5182 2305 5239 conformia
2333 5183 2548 5254 corpori
2569 5183 2755 5255 gloriae
2775 5181 3001 5247 Christi,
3026 5188 3161 5235 tunc
3181 5178 3345 5235 etiam
3375 5191 3579 5248 corpus

2006 5275 2227 5347 quidem
2256 5289 2522 5346 organum
2549 5274 2908 5330 inhabitantis
2953 5272 3010 5329 in
3049 5272 3171 5343 ipso
3214 5270 3437 5327 virtutis
3485 5269 3585 5323 imm

2006 5367 2258 5432 mutavit,
2287 5365 2355 5421 ad
2407 5365 2732 5421 diviniorem
2765 5372 2966 5420 statum
3003 5361 3309 5419 reformans
3340 5361 3429 5428 ⁸⁶ς
3476 5360 3582 5416 line

2004 5458 2244 5519 teamina
2272 5466 2478 5528 autem,
2503 5474 2603 5517 ceu
2646 5458 2863 5516 inutilia
2896 5466 2949 5513 et
2977 5456 3224 5529 corporis
3256 5454 3583 5515 substantia}
