4114 6472
623 343 726 402 987

1302 339 1574 396 EUSEBll
1613 339 2090 398 CAESARIENSIS
2123 340 2275 397 OPP.
2315 340 2497 396 PARS
2535 339 2623 395 Ill.
2664 371 2734 382 —
2772 288 3181 398 EXEGFETICA.

3748 347 3868 404 988

623 458 822 523 aliena,
849 458 1018 528 missa
1045 456 1194 515 fecit.
1214 456 1533 528 Opportune
1560 457 1786 528 insuper
1816 459 2032 514 videtur
2061 457 2180 512 mihi

2296 457 2478 510 ὀθόνια
2505 457 2581 521 ὼς
2603 473 2669 509 πε
2679 455 2834 528 ριττὰ
2858 457 2952 510 καὶ
2976 457 3230 528 ἀλλότρια
3259 455 3357 526 τῆς
3387 455 3478 510 τοῦ
3499 473 3739 527 σωματος
3765 459 3866 513 οὗ·

621 551 885 605 accidisse
923 556 982 603 ut
1017 547 1212 604 Petrus
1257 564 1320 605 ac
1371 548 1610 606 Joannes
1657 549 1722 606 ad
1778 558 2192 606 monumentum

617 641 867 696 venirent
908 639 1054 694 clara
1081 639 1194 710 jam
1237 641 1324 695 die
1371 640 1763 711 splendidaque
1813 642 1967 706 luce;
2024 657 2093 697 ne
2145 643 2193 696 si

617 729 756 788 forte
791 730 846 785 in
874 739 1033 786 nocte
1056 747 1119 786 ac
1150 732 1390 788 tenebris
1421 733 1808 797 accessissent,
1839 735 1957 804 ejus
1989 735 2066 790 rei
2098 750 2192 790 su-

575 825 577 828 ⁴
617 823 916 894 spicionem
944 824 1266 894 praeberent,
1297 839 1460 892 quam
1495 823 1608 893 jam
1647 824 1934 895 pontifices
1963 826 2192 882 mentie-

617 915 852 980 bantur,
910 932 1106 986 nempe
1157 916 1302 986 quod
1357 923 1521 970 noctu
1573 918 1853 972 venientes
1905 917 2190 972 Dominum

619 1007 989 1062 sustulissent.
1054 1006 1242 1077 Itaque
1305 1022 1481 1077 neque
1531 1010 1694 1062 noctu
1729 1016 2084 1064 accesserunt
2133 1009 2190 1064 hi

616 1095 741 1159 viri,
774 1097 856 1151 vel
879 1097 1119 1152 tenebris
1145 1097 1322 1151 adhuc
1355 1113 1412 1152 se
1438 1099 1844 1155 intendentibus
1865 1140 1879 1162 ,
1914 1099 2010 1154 sed
2042 1100 2190 1155 clara

611 1187 722 1256 jam
755 1189 1062 1242 lucescente
1095 1187 1203 1243 die.
1235 1187 1391 1256 Quod
1434 1189 1480 1244 si
1513 1189 1731 1245 dicente
1761 1189 2074 1262 Evangelio,
2104 1193 2189 1246 di-

615 1279 856 1348 scipulos
884 1294 1012 1344 una,
1039 1279 1164 1348 quia
1195 1278 1410 1335 Iudaeos
1439 1280 1725 1346 timebant,
1759 1281 1930 1336 fuisse
1961 1298 2190 1353 congre-

613 1379 789 1441 gatos,
820 1370 1142 1426 adversetur
1169 1373 1368 1442 aliquis
1385 1373 1571 1428 dicens
1599 1391 1612 1427 :
1638 1373 1924 1439 Quomodo
1945 1389 2074 1444 ergo
2095 1377 2185 1445 qui

613 1478 671 1517 se
713 1463 1140 1528 concluserant,
1194 1464 1259 1518 ad
1299 1473 1709 1519 monumentum
1767 1466 2054 1520 veniebant
2099 1467 2188 1522 die

613 1554 931 1624 splendida?
957 1557 1385 1627 respondemus,
1443 1559 1563 1613 illos
1598 1574 1729 1613 sane
1779 1559 1872 1628 qui
1914 1559 2089 1613 media
2131 1560 2185 1613 in

614 1645 747 1698 urbe
800 1642 1110 1699 Judaeorum
1143 1646 1498 1711 habitabant,
1534 1662 1632 1718 par
1663 1647 1831 1702 fuisse
1869 1658 1928 1701 ut
1973 1664 2082 1702 una
2129 1649 2184 1702 in

612 1737 774 1790 domo
803 1736 1046 1791 conclusi
1095 1753 1286 1792 omnes
1329 1738 1488 1793 simul
1528 1748 1845 1794 manerent:
1879 1740 1970 1810 qui
2005 1748 2182 1796 autem

613 1827 678 1882 ad
704 1828 1013 1897 sepulcrum
1037 1828 1272 1896 iverunt,
1297 1831 1423 1899 quia
1450 1838 1604 1884 extra
1629 1833 1816 1885 urbem
1844 1841 2022 1895 erant,
2045 1832 2186 1886 mul-
2217 1802 2258 1856 Β

611 1924 725 1970 tum
755 1919 941 1972 aberat
970 1926 1028 1971 ut
1058 1918 1273 1974 Judaeos
1301 1921 1555 1975 timerent
1582 1961 1597 1986 ,
1651 1923 1907 1992 quoniam
1953 1923 2017 1977 ad
2055 1924 2186 1978 soli-

611 2009 810 2063 tarium
864 2009 1041 2064 locum
1091 2018 1144 2065 et
1193 2011 1506 2067 hominibus
1551 2028 1780 2077 vacuum
1835 2013 2182 2072 devenerant.

610 2099 867 2156 Fortasse
894 2102 1056 2155 etiam
1089 2111 1274 2172 spreto
1320 2110 1641 2158 caeterorum
1672 2105 2065 2174 discipulorum
2117 2108 2186 2160 ti-

610 2209 761 2249 more
801 2193 995 2250 Petrus
1041 2209 1105 2249 ac
1151 2194 1388 2251 Joannes
1415 2237 1430 2260 ,
1488 2198 1606 2252 ausi
1664 2208 1790 2252 sunt
1846 2200 2184 2254 confidenter

609 2282 772 2339 domo
807 2285 1045 2352 prodire,
1087 2285 1213 2340 dum
1248 2288 1431 2342 cmteri
1463 2288 1516 2342 id
1543 2289 1766 2344 minime
1808 2289 1986 2345 facere
2016 2290 2184 2346 aude-

608 2387 748 2439 rent,
777 2385 972 2447 praeter
1027 2377 1126 2433 hos
1177 2378 1315 2434 duos
1360 2380 1547 2444 solos,
1601 2382 1800 2450 quibus
1845 2384 2007 2437 etiam
2056 2383 2180 2439 alibi

609 2471 784 2541 major
815 2473 988 2526 honor
1008 2487 1116 2542 pm
1145 2473 1355 2527 caeteris
1389 2475 1646 2542 apostolis
1675 2476 2010 2533 attribuitur.

1356 2677 1444 2735 lll.

679 2787 785 2843 Sed
815 2790 1085 2858 quomodo
1108 2791 1250 2862 apud
1283 2791 1576 2860 Joannem,
1609 2801 1791 2848 auoita
1816 2793 1984 2850 Maria
2014 2795 2182 2852 disci-

607 2879 740 2948 puli,
774 2880 968 2936 deinde
1015 2883 1082 2935 ad
1135 2892 1549 2938 monumentum
1605 2888 1882 2956 progressi
1936 2888 2182 2943 credide-

608 2982 781 3038 runt;
816 2973 958 3040 apud
1017 2973 1217 3028 Lucam
1270 2985 1450 3030 autem
1501 2976 1720 3041 dicitur,
1747 2978 1861 3033 visa
1903 2994 2026 3033 esse
2073 2979 2180 3035 illis

608 3059 750 3114 sicut
806 3061 1160 3118 deliramenta
1192 3065 1356 3119 verba
1419 3065 1566 3133 ista,
1631 3082 1807 3137 neque
1856 3069 2178 3126 mulieribus

604 3150 942 3206 credidisse?

675 3261 768 3314 Illa
795 3263 936 3331 apud
967 3262 1230 3319 Joannem
1262 3264 1428 3320 Maria
1459 3270 1747 3337 praeeipuis
1781 3271 2041 3338 apostolis
2069 3271 2174 3328 Pe-

603 3359 690 3406 tro
730 3367 794 3406 ac
817 3351 1010 3407 Joanni
1046 3356 1179 3410 solis
1204 3365 1416 3411 secreto
1451 3359 1615 3412 veluti
1651 3374 1763 3413 rem
1809 3360 1980 3416 visam
2029 3375 2176 3418 retu-

603 3443 686 3496 lit.
722 3441 897 3512 Hique
930 3446 1134 3513 pariter
1157 3447 1297 3501 clam
1329 3449 1556 3518 reliquis
1604 3449 1887 3519 discipulis
1921 3455 2020 3508 soli
2051 3470 2174 3509 cur-

605 3534 707 3588 sim
741 3535 808 3588 ad
839 3545 1248 3592 monumentum
1289 3540 1571 3605 abierunt,
1617 3541 1969 3614 videntesque
2002 3547 2175 3602 credi-

604 3626 847 3681 derunt:
883 3628 1127 3698 nihilque
1176 3629 1376 3684 mirum
1419 3640 1501 3687 est
1544 3633 1682 3690 duos
1729 3637 1828 3691 bos
1874 3641 2176 3708 praecipuos

603 3720 881 3788 apostolos
907 3723 982 3776 rei
1009 3722 1141 3778 visae
1179 3723 1512 3791 credidisse;
1551 3727 1792 3804 reliquos
1823 3739 2022 3794 autem,
2055 3733 2178 3801 qui-

602 3811 707 3866 bus
743 3814 948 3867 nuntize
994 3813 1208 3868 fuerant
1250 3816 1505 3872 mulieres
1528 3858 1542 3882 ,
1576 3835 1678 3874 nec
1729 3821 1905 3877 oculis
1942 3825 2176 3893 propriis

601 3903 871 3967 viderant,
899 3905 1044 3959 haud
1079 3906 1166 3961 his
1196 3906 1352 3961 fidem
1383 3907 1719 3966 adhibuisse.
1747 3911 1889 3967 Ecce
1935 3915 2078 3968 enim
2123 3925 2177 3972 et

601 3993 737 4064 ipsis
766 4011 872 4049 una
905 3997 1247 4068 congregatis
1280 3999 1567 4069 discipulis
1605 4017 1728 4056 cum
1785 4003 2040 4059 Servator
2081 4022 2178 4076 ap-

601 4088 896 4156 paruisset,
930 4097 987 4145 ut
1016 4088 1255 4147 Joannes
1304 4101 1522 4158 narrat,
1569 4094 1625 4148 hi
1683 4096 1905 4164 quidem
1941 4113 2007 4152 eo
2059 4100 2178 4153 viso

601 4177 774 4246 gavisi
809 4187 971 4245 sunt;
1003 4178 1240 4237 Thomas
1269 4193 1450 4238 autem
1499 4185 1591 4255 qui
1639 4200 1740 4241 nec
1796 4187 2044 4242 interfuit
2077 4205 2177 4244 nec

599 4269 752 4332 vidit,
786 4285 900 4326 rem
929 4271 1033 4324 sibi
1065 4272 1379 4340 persuaderi
1421 4291 1530 4329 non
1572 4285 1656 4330 est
1697 4292 1911 4346 passus.
1947 4279 2097 4345 Quod
2131 4281 2177 4334 si

600 4359 688 4412 hic
714 4361 975 4428 apostolis
1011 4377 1117 4415 non
1157 4363 1408 4427 credidit,
1443 4364 1648 4420 frustra
1672 4366 1785 4435 jam
1809 4369 2176 4439 reprehende-

2297 547 2416 610 σίας
2443 548 2612 617 ⁴ἰγφίει.
2638 547 2861 601 Δοκοῦσι
2898 548 2954 600 δέ
2983 565 3070 619 μοι
3100 547 3240 602 κατά
3281 548 3466 618 καιρὸν
3485 551 3514 600 ὁ
3537 549 3735 620 Πέτρος
3765 552 3869 603 καὶ

2291 639 2320 692 ὀ
2363 639 2612 709 Ἰωάννης
2645 639 2737 693 ἐπὶ
2767 639 2828 692 τὸ
2870 641 3128 710 μνημεῖον
3165 641 3410 710 ἀπαντᾷν
3433 643 3489 692 ἐν
3522 639 3619 711 ἤδη
3647 643 3869 712 καθαρᾷ

2290 728 2473 799 ἡμέρᾳ.
2499 730 2594 783 καὶ
2621 730 2759 799 φωτὶ
2795 729 3052 800 λαμπρῷ,
3075 729 3150 793 ὡς
3187 729 3250 783 ἂν
3277 729 3349 800 μὴ
3392 729 3586 792 νυκτὸς
3616 731 3708 783 καὶ
3741 747 3872 783 σκο-

2289 820 2410 884 τίας
2453 820 2697 884 ἐλθόντες
2726 820 2884 874 τοῦτο
2929 820 3294 892 ὐπονοηθεῖεν,
3326 821 3355 873 ὃ
3383 820 3447 891 δὴ
3485 822 3579 874 καὶ
3599 820 3871 890 κατεψεύ-

2293 929 2453 964 σαντο
2481 912 2656 965 αὐτῶν
2690 914 2740 966 oi
2780 914 3074 983 ἀρχιερεῖς,
3102 913 3184 965 ὅτι
3207 912 3401 974 νυκτὸς
3430 911 3676 976 ἐλθόντες
3709 911 3870 965 ἐκλεο

2289 1003 2415 1073 ψαν.
2447 1004 2643 1075 Διόπερ
2671 1005 2731 1056 οὐ
2760 1004 2952 1068 νυκτὸς
2979 1004 3232 1075 ἀπήντων
3269 1005 3317 1056 οἰ
3359 1003 3570 1075 ἄνδρες,
3596 1003 3711 1056 ἀλλ’
3739 1003 3871 1056 οὐδὲ

2293 1095 2508 1158 σκοτίας
2531 1095 2612 1147 ἔτι
2639 1094 2824 1165 οὔσης,
2852 1095 2965 1148 ἀλλ’
2992 1095 3091 1166 ήδη
3121 1095 3570 1166 καταυγαζούσης
3603 1095 3869 1167 λαμπρᾶς

2290 1188 2520 1258 ἡμέρας.
2554 1189 2615 1240 Εἰ
2644 1189 2700 1240 δέ
2725 1189 2872 1256 λέγοι
2901 1190 2960 1241 τὸ
2983 1188 3310 1256 Εὑαγγέλιον
3342 1189 3415 1251 ὼς
3441 1189 3548 1260 ἄρα
3569 1185 3711 1259 ἦσαν
3726 1188 3868 1260 ὀμοῧ

2291 1281 2613 1350 συνηγμένοι
2642 1283 2688 1333 οξ
2721 1281 2957 1350 μαθηταὶ
2987 1280 3073 1333 διά
3108 1280 3197 1333 τὸν
3231 1279 3392 1349 φόϐον
3424 1279 3529 1333 τῶν
3569 1280 3865 1341 Ἰουδαίων,

2289 1365 2408 1425 εἶτα
2454 1373 2589 1444 πρὸς
2621 1371 2780 1425 τοῦτο
2822 1373 3184 1444 ἀνθυποφέροι
3211 1390 3294 1436 τις
3319 1371 3512 1442 λέγων,
3537 1373 3663 1436 Πῶς
3693 1367 3790 1426 οὖν
3817 1375 3868 1425 οἰ

2289 1463 2766 1532 συγκεκλεισμένοι
2811 1463 3038 1532 ἐφοίτων
3079 1463 3172 1516 ἐπὶ
3215 1463 3276 1516 τὸ
3307 1466 3564 1534 μνημεῖον
3599 1466 3656 1516 ἐν
3681 1462 3870 1534 ἡμέρᾳ

2287 1552 2521 1623 διαυγεῖ;
2582 1554 2812 1628 ἐροῦμεν
2850 1556 2931 1607 ὅτι
2973 1556 3099 1618 τοὺς
3132 1554 3229 1625 μὲν
3269 1557 3326 1607 ἐν
3371 1557 3437 1624 τῇ
3480 1554 3626 1607 πόλει
3667 1554 3867 1624 μέσους

2286 1645 2566 1708 οἰκοῦντας
2617 1644 2725 1697 τῶν
2784 1644 3084 1706 Ἰουδαίων,
3137 1644 3284 1708 εἰκὸς
3339 1639 3406 1713 ἦν
3446 1643 3870 1697 ἀποκεκλεῖσθαι

2286 1737 2420 1807 ὁμοῦ
2475 1737 2598 1799 τοὺς
2653 1736 2858 1799 πάντας
2913 1739 2969 1788 ἐν
3010 1735 3143 1806 οἴκῳ
3173 1737 3251 1788 ἐνὶ
3297 1735 3698 1806 συνηγμένους·
3734 1735 3870 1787 otes

2286 1832 2377 1883 ἐπὶ
2419 1831 2479 1883 τὸ
2527 1833 2717 1901 μνῆμα
2765 1829 3149 1900 ἀφικνούμενοι
3186 1832 3286 1900 τῆς
3321 1827 3526 1891 πόλεως
3575 1827 3733 1890 ἐκτὸς
3777 1826 3867 1878 δνο

2285 1939 2376 1985 τες
2411 1921 2540 1992 (65),
2598 1921 2814 1991 μακρὰν
2861 1919 3157 1990 ἐτύγχανον
3199 1921 3291 1972 καὶ
3322 1917 3416 1971 τοῦ
3451 1918 3556 1971 τῶν
3590 1917 3869 1971 Ἰουδαίων

2287 2011 2473 2078 φόϐου,
2528 2010 2603 2072 ὡς
2636 2012 2728 2062 ἐπὶ
2780 2009 3108 2080 ἐρημίζοντα
3137 2009 3295 2061 τόπον
3334 2008 3429 2061 καὶ
3461 2007 3671 2079 ἀνδρῶν
3710 2009 3868 2076 ἐσχο-

2284 2099 2485 2171 ληκότα
2508 2100 2812 2171 παριόντες.
2841 2100 3064 2169 Τάχαδέ
3092 2101 3185 2153 καὶ
3212 2100 3492 2170 κρείττους
3523 2099 3690 2168 φόϐου
3713 2100 3870 2168 γενό-

2289 2209 2437 2262 μενοι
2462 2191 2571 2244 τῶν
2603 2189 2858 2263 μαθητῶν
2897 2191 2925 2243 ὃ
2971 2208 3029 2242 τε
3078 2190 3282 2261 Πέτρος
3321 2191 3429 2256 καὶ,
3466 2189 3720 2259 Ἰωάννης
3746 2189 3870 2242 τολ-

2288 2285 2586 2356 μηρότερον
2641 2283 2905 2355 ἐθάρρουν
2933 2282 3176 2355 προϊέναι
3221 2283 3314 2335 τοῦ
3339 2282 3512 2346 οἴκου,
3545 2283 3654 2336 τῶν
3687 2283 3869 2336 ἄλλων

2288 2376 2362 2448 μὴ
2381 2377 2536 2429 τοῦτο
2561 2375 2822 2446 πράττειν
2859 2373 3202 2445 τολμώντων,
3241 2374 3274 2444 ἢ
3317 2375 3492 2444 μόνων
3531 2374 3595 2445 δὴ
3631 2374 3864 2436 τούτων,

2282 2470 2331 2523 οἳ
2359 2469 2451 2521 καὶ
2481 2470 2536 2520 ἐν
2568 2471 2679 2530 τοῖς
2712 2467 2889 2530 ἄλλοις
2922 2466 3164 2528 πλείονος
3193 2464 3483 2536 ἠξιωμένοι
3513 2465 3678 2537 τιμῆς
3709 2463 3868 2537 παρά

2283 2561 2407 2624 τοὺς
2436 2560 2653 2622 λοιποὺς
2684 2558 3010 2621 ἀποστόλους
3045 2557 3513 2628 μεμαρτύρηνται.

3029 2672 3104 2725 ΙἻ.

2355 2786 2465 2857 (64)
2530 2785 2673 2840 Αλλά
2710 2784 2828 2848 πῶς
2867 2784 3017 2856 παρά
3050 2784 3146 2854 μὲν
3170 2781 3245 2853 τῷ
3283 2781 3501 2857 Ἰωάννῃ
3516 2783 3613 2853 τῆς
3636 2784 3866 2855 Μαρίας

2282 2879 2611 2941 ἀκούσαντες
2633 2878 2681 2931 οἱ
2702 2877 2959 2949 μαθηταὶ,
2992 2877 3229 2930 κᾶπειτα
3260 2875 3503 2940 ἐλθόντες
3532 2878 3611 2939 εἰς
3641 2877 3702 2929 τὸ
3731 2895 3864 2947 μνη⁴

2287 2973 2433 3040 μεῖον
2485 2968 2837 3020 ἐπίστευσανο
2876 2967 3023 3038 παρὰ
3081 2967 3136 3018 δέ
3179 2965 3256 3035 τῷ
3295 2967 3478 3037 Λουκᾷ
3520 2967 3734 3038 εἴρηται
3779 2968 3861 3019 ὃτι

2284 3060 2557 3131 ἐφάνησαν
2610 3058 2838 3112 ἐνώπιον
2887 3059 3065 3112 αὐτῶν
3115 3057 3248 3109 ὡσεὶ
3298 3057 3462 3128 λῆρος
3516 3057 3586 3111 τά
3632 3058 3862 3128 ῥήματα

2205 3133 2246 3189 C
2279 3151 2471 3215 ταῦτα,
2493 3153 2586 3204 καὶ
2619 3151 2878 3222 ἠπίστουν
2908 3151 3129 3217 αὑταῖς;

2353 3266 2418 3318 Ἢ
2467 3265 2563 3336 μὲν
2604 3264 2754 3334 παρά
2801 3265 2878 3335 τῷ
2922 3264 3142 3338 Ἰωάννῃ
3182 3265 3367 3335 Μαρία
3403 3268 3514 3328 τοῖς
3577 3266 3859 3337 ἐκκρίτοις

2272 3357 2378 3409 τῶν
2403 3355 2711 3409 ἀποστόλων
2738 3357 2928 3426 Πέτρῳ
2967 3358 3061 3410 καὶ
3115 3357 3333 3430 Ἰωάννῃ
3361 3359 3540 3428 μόνοις
3580 3359 3657 3422 ὡς
3689 3359 3862 3430 ἀπόῤ·

2277 3451 2437 3520 ρητον
2471 3448 2798 3517 ἐκφαίνουσα
2830 3447 3008 3512 ἐξεῖπε
3042 3449 3102 3501 τὸ
3139 3450 3460 3520 τεθεαμένον
3480 3467 3492 3480 ·
3525 3451 3573 3502 οἱ
3603 3451 3660 3503 δέ
3681 3451 3851 3505 πάλιν

2274 3544 2523 3606 λαθόντες
2555 3543 2680 3607 τοὺς
2727 3542 2946 3607 λοιποὺς
2985 3543 3231 3614 μαθητὰς
3271 3545 3420 3614 μόνοι
3460 3544 3713 3616 ἀπήντων
3766 3546 3860 3598 ἐπὶ

2274 3637 2335 3690 τὸ
2358 3639 2619 3708 μνημεῖον
2674 3636 2942 3707 δρομαῖοι,
2995 3637 3090 3690 καὶ
3124 3637 3321 3700 ἰδόντες
3357 3638 3717 3692 ἐπίστευσαν·
3759 3641 3857 3692 καὶ

2274 3730 2423 3782 οὐδέν
2452 3746 2515 3798 γε
2545 3725 2611 3799 ἦν
2644 3728 2952 3798 θαυμαστὸν
2983 3730 3107 3791 τοὺς
3139 3729 3234 3799 μὲν
3267 3729 3551 3800 ἐκκρίτους
3575 3729 3682 3783 τῶν
3717 3732 3860 3786 ἀπο-

2277 3821 2475 3873 στόλων
2513 3819 2715 3882 ἰδόντας
2771 3819 3209 3882 πεπιστευκέναι,
3252 3820 3378 3883 τοὺς
3422 3819 3479 3872 δὲ
3515 3820 3749 3884 λοιποὺς,
3776 3818 3859 3885 οἷς

2275 3914 2329 3964 αἱ
2357 3913 2610 3979 γυναῖκες
2637 3909 2993 3981 ἀπήγγελλον,
3027 3911 3120 3963 ἆτε
3157 3910 3229 3981 μὴ
3271 3911 3388 3979 ὄψει
3415 3912 3854 3982 παραλαϐόντας,

2279 4005 2354 4075 μὴ
2388 4002 2673 4057 πιστεῦσαι
2712 4003 2920 4066 αὐταῖς.
2962 4003 3170 4056 Αὐτίκα
3222 4003 3350 4071 γοῦν
3381 4005 3475 4056 καὶ
3502 4004 3683 4068 αὐτοῖς
3713 4006 3871 4076 ὁμοῦ.-

2279 4095 2632 4167 συνηγμένοις
2678 4098 2790 4157 τοῖς
2843 4094 3108 4165 μαθηταῖς
3160 4094 3416 4163 ὀφθέντος
3460 4095 3552 4148 τοῦ
3598 4097 3855 4167 Σωτῆρος

2277 4188 2418 4241 κατά
2439 4187 2527 4240 τὸν
2552 4185 2827 4256 Ἰωάννην,
2861 4186 2909 4238 οἱ
2947 4185 3043 4255 μὲν
3083 4185 3280 4248 ἰδόντες
3303 4185 3578 4256 ἐχάρησαν
3598 4203 3611 4215 ο
3645 4187 3854 4258 Θωμᾶς

2276 4279 2353 4340 δὲ,
2385 4279 2506 4332 ἐπεὶ
2547 4276 2620 4348 μὴ
2658 4278 2837 4348 παρῆν
2879 4276 3012 4347 μηδέ
3055 4271 3213 4339 εἶδεν,
3253 4276 3352 4330 οὐκ
3382 4277 3649 4330 ἐπείθετο.
3685 4280 3749 4331 Εἰ
3796 4281 3865 4340 δὲ,

2278 4367 2430 4434 οὗτος
2457 4370 2673 4439 ἠπίστει
2694 4372 2806 4431 τοῖς
2835 4367 3169 4430 ἀποστόλοις,
3195 4368 3357 4439 σχολῇ
3387 4371 3438 4437 γ’
3466 4369 3531 4422 ἂν
3573 4371 3852 4441 μέμψαιτό

600 4465 724 4506 mus
771 4462 1026 4518 caeteros,
1078 4454 1170 4522 qui
1221 4456 1347 4523 quia
1378 4472 1485 4510 non
1520 4456 1805 4524 viderant,
1842 4461 2164 4518 mulieribus

2281 4481 2350 4526 rt;
2376 4465 2486 4524 τοῖς
2508 4461 2711 4522 λοιποῖς
2738 4461 2819 4512 ὅτι
2856 4460 3078 4530 μηδέπω
3095 4458 3429 4530 τεθεαμένοι,
3465 4465 3577 4525 ταῖς
3603 4463 3852 4530 γυναιξὶν

598 4541 1055 4599 discrediderunt.
1107 4545 1358 4602 Profecto
1400 4559 1579 4604 autem
1628 4548 1908 4620 Scriptura
1944 4554 2169 4608 multam

596 4634 931 4688 demonstrat
960 4635 1397 4706 disquisitionem
1433 4655 1496 4694 ac
1530 4642 1874 4698 sedulitatem
1926 4643 2170 4715 discipu-

595 4722 794 4789 lorum,
824 4725 916 4794 qui
951 4726 1094 4780 haud
1126 4727 1282 4783 facile
1313 4730 1505 4786 alienis
1551 4734 1904 4791 sermonibus
1932 4749 2166 4792 consen-

595 4823 808 4880 serunt,
837 4817 932 4871 sed
958 4817 1133 4886 primo
1162 4819 1368 4889 judicia
1411 4822 1830 4891 suspenderunt,
1854 4827 2030 4896 quoad
2055 4829 2168 4898 ple-

594 4906 822 4961 nissime
855 4916 1017 4978 atque
1067 4911 1351 4980 perspicue
1400 4915 1625 4971 veritate
1670 4919 1886 4988 cognita
1915 4959 1930 4984 ,
1979 4931 2166 4991 postea

594 4995 779 5052 dicere
804 5007 1068 5068 possent:
1106 5019 1124 5051 ι
1164 5000 1318 5067 Quod
1369 5002 1471 5057 fuit
1500 5006 1569 5060 ab
1612 5008 1802 5075 initio,
1837 5010 1982 5079 quod
2017 5009 2168 5063 audi-

594 5089 795 5152 vimus,
833 5091 979 5160 quod
1012 5091 1251 5148 vidimus
1281 5095 1456 5150 oculis
1488 5099 1691 5152 nostris
1712 5140 1726 5164 ,
1774 5099 1918 5170 quod
1950 5115 2166 5169 perspe-

594 5177 796 5241 ximus,
828 5187 882 5233 et
913 5195 1106 5235 manus
1135 5189 1338 5237 nostra:
1376 5193 1852 5242 contrectaverunt
1883 5187 1950 5243 de
1984 5187 2162 5242 Verbo

593 5267 718 5323 vitm
746 5269 812 5322 ⁸⁷.
872 5290 891 5321 ι
937 5269 1043 5326 Sed
1076 5272 1223 5328 enim
1253 5273 1419 5327 alium
1449 5291 1663 5346 quoque
1708 5293 1930 5332 sensum
1966 5293 2163 5350 capere

595 5359 685 5416 hic
715 5364 863 5416 locus
899 5372 1097 5433 potest.
1131 5366 1281 5421 Dicet
1309 5368 1454 5422 enim
1509 5367 1744 5425 fortasse
1787 5369 2004 5440 aliquis,
2041 5386 2162 5424 mu~

594 5453 821 5513 lieribus
878 5459 1337 5517 resurrectionem
1390 5460 1710 5539 Servatoris.
1747 5464 2159 5534 nuntiantibus,

673 5605 721 5640 ⁸⁷
751 5613 771 5664 I
805 5608 963 5667 Joan.
1002 5629 1053 5679 ι,
1094 5615 1141 5668 l.

675 5765 775 5840 (65)
815 5767 893 5825 Ita
918 5767 1040 5824 cod.

2275 4551 2558 4622 ἠπίστουν.
2590 4547 2795 4618 Πολλὴν
2826 4547 2883 4600 δέ
2916 4547 3144 4618 βάσανον
3178 4550 3271 4601 καὶ
3300 4549 3582 4620 ἀκρίϐειαν
3603 4553 3710 4604 τῶν
3746 4570 3850 4622 μα-

2277 4642 2452 4714 θητῶν
2506 4639 2832 4711 παρίστησιν
2863 4641 2895 4709 ὴ
2923 4639 3133 4710 Γραφὴ,
3166 4641 3266 4693 οὐκ
3313 4642 3552 4714 εὐχερῶς
3581 4646 3694 4707 τοῖς
3723 4645 3848 4698 τού-

2273 4754 2380 4789 των
2405 4734 2580 4803 λόγοις
2597 4733 2886 4802 συγκατιθε
2893 4733 3087 4802 μένων,
3103 4733 3214 4786 ἀλλ’
3233 4735 3533 4803 ἐπεχόντων
3547 4735 3612 4788 τά
3629 4736 3844 4806 πρῶτα,

2275 4826 2448 4879 εἰσότε
2495 4823 2843 4895 πληρέστατα
2872 4825 2964 4876 καὶ
3002 4824 3246 4896 ἐναργῶς
3274 4824 3500 4896 τάληθὲς
3533 4827 3847 4894 ἐπιγνόντες

2273 4919 2443 4971 εἰπεῖν
2472 4915 2744 4986 δυνηθεῖεν
2768 4915 3016 4986 ὕστερον·
3054 4934 3072 4966 ‹
3112 4917 3176 4966 Ὃ
3205 4911 3270 4985 ἦν
3304 4915 3397 4968 ἀπ’
3421 4915 3616 4987 ἀρχῆς,
3652 4918 3681 4970 ὃ
3703 4919 3843 4989 ἀκη-

2275 5011 2503 5081 κόαμεν,
2550 5009 2578 5062 ὃ
2621 5009 2944 5080 ἑωράκαμεν
2971 5010 3082 5071 τοῖς
3107 5007 3399 5078 ὀφθαλμοῖς
3427 5009 3603 5078 ὴμῶν,
3633 5009 3662 5062 ὃ
3688 5010 3844 5065 ἐθεα-

2273 5099 2505 5170 σάμεθα,
2553 5101 2645 5154 καὶ
2689 5101 2743 5153 αί
2786 5101 2966 5169 χεῖρες
3007 5098 3160 5168 ἡμῶν
3191 5097 3544 5169 ἐψηλάφησαν
3589 5101 3839 5170 περὶτοῦ

2270 5192 2443 5258 Λόγου
2475 5194 2573 5262 τῆς
2600 5189 2760 5261 ζωῆς.
2799 5209 2815 5241 ι
2858 5192 3008 5259 Ἔχοι
3035 5189 3078 5241 δ’
3105 5188 3170 5242 ἂν
3211 5191 3303 5242 καί¹
3335 5191 3523 5260 ἑτέραν
3557 5189 3841 5246 διάνοιανό

2266 5283 2448 5346 τόπος.
2471 5284 2626 5336 Εἴποι
2651 5282 2758 5354 γὰρ
2793 5282 2857 5334 ἄν
2884 5299 2968 5344 τις
2987 5282 3067 5334 ὅτι
3095 5284 3213 5344 ταῖς
3248 5281 3714 5351 ἀπαγγελλούσαις
3744 5301 3840 5352 γυ-

2269 5373 2410 5437 ναιξὶ
2434 5374 2531 5445 τὴν
2558 5374 2847 5428 ἀνάστασιν
2896 5373 2992 5426 τοῦ
3029 5373 3297 5444 Σωτῆρος,
3329 5373 3404 5436 ὡς
3442 5373 3502 5441 ἐξ
3536 5376 3701 5447 ἀκοῆς
3728 5375 3837 5428 τῶν

2269 5466 2542 5536 ὀφθέντων
2568 5466 2753 5529 αὐταῖς
2787 5464 2879 5518 δύο
2905 5464 3112 5539 ἀνδρῶν
3144 5463 3286 5518 κατά
3317 5464 3406 5518 τὸν
3452 5466 3678 5534 Λουκᾶν,
3737 5481 3846 5524 ουκ

2333 5771 2446 5844 (ει)
2486 5774 2620 5834 Cod.
2655 5776 2721 5843 Α,
2752 5775 2791 5831 r.
2824 5775 2947 5846 διε,
2980 5776 3036 5833 b.
