4134 6414
219 5420 265 5537 ἐξ

309 373 417 432 989

1179 368 1689 428 SUPPLEMENTA
1725 368 2208 441 QUESTIONUM
2248 366 2340 423 AD
2379 364 2724 425 MARINUM.

3471 364 3578 423 990

310 488 640 545 ἐπίστευσαν
669 484 719 540 οί
743 483 956 550 ἕνδεκα,
980 483 1040 539 ὲν
1069 478 1150 549 οἷς
1176 479 1317 558 ἦσαν
1335 487 1429 541 καὶ
1455 487 1501 541 ὁ⁸
1515 486 1719 559 Πέτρος
1749 489 1843 542 καὶ
1867 490 1896 542 6

2006 492 2260 556 tanquam
2282 498 2351 539 ex
2383 481 2574 537 auditu
2601 480 2836 537 duorum
2884 486 3236 537 ostensorum
3265 477 3405 552 ipsis
3436 478 3582 535 viro.

323 580 601 652 Ἰωάννης,
637 577 771 650 μηδὲ
830 576 987 632 αὐτοὶ
1032 577 1478 640 πεπιστευκότες.
1512 579 1593 651 Τῇ
1619 579 1676 633 δὲ
1703 579 1893 652 Μαρίᾳ

310 671 456 728 κατά
480 669 574 725 τὸν
614 668 866 741 Ἰωάννην
903 667 1134 743 είπούσῃ
1154 669 1261 735 ὅτι,
1291 687 1311 721 ι
1341 663 1524 741 ’Ἠραν
1566 669 1660 724 τὸν
1690 670 1894 742 Κύριόν

313 781 418 837 μου
452 766 520 818 ὲκ
555 760 650 818 τοῦ
697 762 997 834 μνήματος,
1040 780 1060 813 ι
1091 762 1153 817 οὐ
1201 761 1465 835 πρότερον
1503 763 1827 817 ἐπίστευσαν
1846 765 1895 816 οἱ

310 856 407 911 δύο
438 853 682 929 μαθηταὶ
701 853 860 908 τοῦτο
892 853 1045 920 αὐτὸ,
1073 854 1134 908 τὸ
1164 850 1332 928 ἦρθαι
1363 855 1456 910 τὸν
1490 857 1738 929 Σωτῆρα,
1767 857 1896 929 πρὶν

311 950 490 1003 ἐλθεῖν
539 950 621 1012 είς
659 946 751 1002 τῖεν
797 946 961 1001 τόπον
1006 947 1102 1000 καὶ
1150 944 1297 1019 ἔργῳ
1336 947 1496 1003 τοῦτο
1540 948 1893 1021 παραλαϐεῖν.

313 1040 447 1093 Ὅτε
468 1037 600 1109 γοῦν
616 1036 864 1108 εἰσῆλθον
888 1033 1032 1089 οὗτοι
1064 1037 1147 1099 είς
1178 1036 1239 1090 τὸ
1271 1037 1483 1109 μνῆμα,
1515 1038 1694 1092 καὶτὰ
1713 1039 1896 1092 ὀθόνια

312 1126 454 1189 εἶδον
483 1131 641 1203 μόνα,
684 1130 748 1184 τὸ
799 1129 856 1184 δὲ
886 1130 1063 1200 σῶμα
1083 1130 1340 1202 οὐδαμοῦ,
1375 1132 1495 1185 τότε
1528 1133 1855 1186 ἐπίστευσαν
1878 1150 1892 1163 ·

311 1223 420 1278 τίνι
449 1222 506 1276 δὲ
550 1221 895 1289 ἐπίστευσαν,
939 1221 1053 1275 ἀλλ’
1086 1220 1120 1292 ἢ
1146 1221 1222 1293 τῷ
1249 1223 1347 1293 τῆς
1379 1222 1598 1295 Μαρίας
1626 1223 1769 1295 λόγῳ
1795 1224 1897 1295 φή-

320 1333 498 1381 σαντι,
534 1311 747 1388 «Ἦραν
780 1316 872 1370 τὸν
895 1314 1099 1388 Κύριόν
1132 1333 1234 1386 μου
1260 1332 1275 1381 ;
1299 1335 1319 1367 ι
1341 1316 1438 1370 Διὸ
1467 1317 1708 1387 ἐπιλέγει
1738 1316 1893 1389 ἑξῆς⁸

324 1429 344 1462 ι
369 1408 538 1464 Οὔπω
581 1409 691 1481 γάρ
732 1409 956 1481 ⁴ᾔδεισαν
996 1409 1094 1482 τὴν
1132 1409 1374 1482 Γραφὴν,
1400 1409 1483 1463 δτι
1509 1410 1589 1465 δεῖ
1636 1410 1799 1465 αὑτὸν
1834 1413 1900 1465 ὲκ

316 1500 530 1572 νεκρῶν
547 1499 868 1572 ἀναστῆναι.
905 1519 927 1553 ι

1075 1784 1151 1837 Δ’.

1976 590 2143 643 'rum,
2174 584 2236 633 ut
2281 575 2359 631 ait
2387 573 2598 640 Lucas,
2634 589 2745 630 non
2792 571 3097 631 credidisse
3142 572 3448 644 discipulos
3477 588 3585 627 un-

1996 671 2195 735 decim,
2214 684 2351 741 quos
2374 669 2518 723 inter
2538 674 2699 724 erant
2718 667 2882 723 etiam
2901 665 3099 724 Petrus
3114 680 3180 723 ac
3199 663 3463 731 Joannes,
3487 667 3585 738 qui

1996 764 2201 836 pariter
2257 760 2720 819 discrediderunt.
2800 757 3189 817 Verumtamen
3246 758 3468 828 Mariae,
3524 767 3587 816 ut

1994 856 2236 912 Joannes
2264 863 2477 919 narrat,
2505 852 2709 910 dicenti
2737 872 2750 908 :
2794 871 2812 904 ι
2844 851 3132 907 Dominum
3171 868 3351 909 meum
3397 853 3464 908 de
3499 867 3588 908 se-

1997 948 2188 1020 pulcro
2218 946 2590 1013 abstulerunt;
2656 964 2674 997 ι
2715 943 2861 1000 haud
2906 952 3032 1000 ante
3079 945 3434 1001 crediderunt
3476 944 3587 999 duo

1996 1038 2254 1110 discipuli
2277 1038 2525 1109 rapinam
2557 1035 2867 1092 Servatoris
2891 1035 3061 1093 fuisse
3081 1045 3380 1106 peractam,
3399 1049 3585 1106 quam,

1998 1132 2066 1187 ad
2088 1132 2268 1186 locum
2306 1129 2555 1202 profecti,
2583 1144 2699 1183 rem
2731 1129 2906 1183 oculis
2927 1129 3041 1184 suis
3074 1134 3429 1198 usurparunt.
3450 1125 3589 1182 Cum

1999 1224 2053 1278 bi
2087 1238 2221 1295 ergo
2248 1235 2663 1278 monumentum
2694 1221 2926 1292 ingressi
2970 1222 3290 1275 linteamina
3341 1220 3458 1277 sola
3507 1220 3590 1275 vi-

1998 1312 2220 1377 derunt,
2253 1319 2387 1367 tunc
2433 1313 2808 1368 crediderunt.
2843 1311 3075 1367 Cuinam
3107 1311 3186 1366 rei
3218 1326 3380 1381 porro
3411 1310 3591 1366 credi-

2001 1404 2233 1467 derunt,
2276 1402 2383 1458 nisi
2424 1401 2604 1457 Maria:
2650 1403 2872 1457 verbis:
2918 1420 2936 1453 ι
2972 1400 3242 1456 Tulerunt
3294 1400 3588 1458 Dominum

2000 1494 2217 1548 merum?
2252 1491 2583 1563 iPropterea
2639 1508 2764 1547 mox
2795 1493 2941 1548 addit
2962 1491 3239 1549 Joannes:
3278 1512 3298 1545 ι
3335 1491 3588 1549 Nondum

2001 1582 2147 1637 enim
2179 1582 2430 1637 sciebant
2466 1580 2805 1652 Scripturam
2827 1622 2843 1648 ,
2897 1582 3042 1653 quod
3089 1592 3368 1655 oporteret
3397 1598 3522 1639 eum
3558 1598 3591 1638 a

2001 1670 2238 1725 mortuis
2270 1686 2577 1741 resurgere.
2617 1690 2637 1724 ι

2751 1783 2844 1840 1V.

390 1896 502 1969 (65)
532 1896 606 1951 Τδ
636 1896 695 1950 δὲ
726 1894 847 1960 πῶς
885 1894 979 1950 δύο
1022 1894 1173 1966 παρὰ
1210 1894 1301 1948 τὸν
1339 1892 1592 1967 Ἰωάννην
1644 1894 1901 1969 μαθητῶν

2080 1901 2365 1968 Quomodo
2409 1908 2590 1956 autem
2637 1900 2748 1956 duo
2795 1899 3056 1955 dicantur
3097 1914 3128 1953 a
3170 1897 3381 1957 Joanne
3423 1899 3594 1956 disci-

314 1990 581 2045 ἐλθόντων
605 1993 685 2055 είς
710 1989 771 2044 τὸ
821 1991 1084 2061 μνημεῖον
1101 2027 1116 2051 ,
1162 1986 1372 2060 Πέτρου
1423 1989 1518 2041 καὶ
1574 1990 1841 2053 Ἰωάννου,
1873 1993 1902 2044 6

313 2083 532 2146 Λουκᾶς
559 2081 655 2136 ἕνα
685 2082 844 2153 μόνον
877 2080 1042 2154 φησιν
1068 2078 1463 2151 ἀπηντηκέναι,
1507 2079 1681 2146 οὕτως
1713 2081 1778 2135 ἂν
1810 2082 1903 2136 λυ-

314 2174 461 2246 θείη.

386 2266 561 2331 Πολὺς
609 2262 679 2338 ἦν
711 2265 740 2318 6
793 2267 998 2339 Πέτρος
1042 2268 1130 2322 ἀεὶ
1162 2272 1225 2341 τῇ
1271 2268 1580 2342 προθυμίᾳ,
1622 2267 1697 2333 ὡς
1742 2268 1903 2337 μόνον

313 2359 471 2431 παρά
493 2362 620 2424 τοὺς
651 2360 982 2425 ἀποστόλους
1005 2362 1178 2416 εἰπεῖν
1203 2362 1280 2433 τῷ
1306 2362 1517 2433 Σωτῆρι
1546 2379 1561 2394 ’
1602 2380 1621 2413 ι
1662 2361 1780 2416 Κᾶν
1807 2362 1900 2434 δέῃ

315 2466 389 2521 με
419 2451 517 2504 σὺν
548 2451 631 2505 σο)⁵
656 2450 965 2515 ἀποθανεῖν,
991 2452 1051 2504 ού
1091 2450 1163 2522 μή
1203 2468 1261 2504 σε
1290 2453 1706 2522 ἀπαρνήσομαν
1742 2470 1763 2502 ι
1808 2451 1902 2504 καὶ

317 2543 480 2614 μόνον
503 2542 667 2596 πάλιν
689 2543 947 2614 ἐπιϐῆναι
975 2547 1088 2607 τοῖς
1116 2543 1356 2616 κύμασιν
1385 2544 1616 2609 ἀξιῶσαι
1636 2562 1651 2575 ο
1680 2546 1774 2599 καὶ
1808 2545 1905 2616 μό-

312 2649 410 2689 νον
453 2635 853 2707 ἀποκρίνασθαι
886 2635 981 2689 καὶ
1009 2637 1186 2690 εἰπεῖν
1224 2636 1374 2707 αύτῷ
1405 2656 1420 2669 ο
1464 2658 1482 2689 ι
1517 2639 1591 2692 Σὺ
1622 2633 1673 2690 εἷ
1701 2638 1730 2690 6
1763 2639 1901 2711 Xpt-

314 2726 443 2791 στδς
458 2727 487 2780 6
512 2727 640 2790 Υἱὸς
663 2726 758 2780 τοῦ
782 2727 918 2781 Θεοῦ
941 2727 1035 2781 τοῦ
1066 2726 1267 2793 ζῶντος
1287 2746 1300 2759 ·
1340 2749 1358 2781 ι
1386 2729 1465 2783 διὸ
1496 2732 1589 2784 καὶ
1614 2730 1771 2801 μόνος
1793 2730 1903 2783 τῶν

315 2821 577 2893 μαθητῶν
601 2820 789 2874 ἀκούει
808 2837 821 2849 ο
858 2840 877 2871 ι
896 2822 1184 2893 Μακάριος
1213 2817 1283 2888 εἷ,
1313 2823 1494 2892 Σίμων
1522 2822 1634 2895 Βάρ
1674 2823 1844 2877 Ἰωνᾶ.
1877 2843 1896 2876 ι

312 2911 409 2964 Διὸ
434 2912 528 2964 καὶ
560 2912 773 2982 πρῶτος
802 2911 976 2983 τολμᾷ
1015 2910 1243 2965 εἰσιέναι
1282 2914 1362 2976 είς
1398 2912 1462 2966 τὸ
1497 2915 1777 2984 μνημεῖον,
1805 2913 1902 2968 σὺν

309 3002 394 3075 τῷ
423 3003 595 3075 ἑτέρῳ
632 3002 846 3075 μαθητῇ
895 3004 952 3056 ὃν
987 3002 1159 3072 ἐφίλει
1212 3005 1241 3057 6
1286 3004 1493 3075 Ἰησοῦς
1537 3004 1728 3068 ἐλθὼν,
1762 3004 1904 3060 κατὰ

310 3094 408 3148 τὸν
449 3094 704 3166 Ἰωάννην
725 3112 738 3126 ·
769 3094 906 3148 ἀλλά
933 3096 1053 3149 τότε
1089 3096 1186 3166 μὲν
1213 3095 1363 3168 παρά
1398 3097 1498 3167 τῆς
1540 3098 1904 3170 Μαγδαληνῆς

309 3180 483 3256 ἧρθαι
510 3185 570 3238 τὸ
603 3184 762 3256 σῶμα
785 3184 878 3238 τοῦ
906 3187 1114 3257 Κυρίου
1147 3187 1256 3241 ἀπὸ
1278 3186 1374 3240 τοῦ
1427 3188 1690 3260 μνημείου
1722 3205 1902 3259 μεμα-

2010 1994 2121 2066 puli
2157 1993 2226 2049 ad
2257 2001 2672 2048 monumentum
2709 1993 2947 2055 venisse,
2987 1990 3184 2047 Petrus
3218 1999 3381 2062 atque
3421 1990 3593 2049 Joan-

2006 2102 2141 2149 nes,
2172 2085 2351 2141 Lucas
2383 2100 2515 2139 vero
2559 2101 2725 2140 unum
2762 2086 2894 2140 illuc
2939 2098 3294 2155 progressum
3324 2083 3552 2142 aﬂirmet
3572 2124 3592 2154 ,

2008 2179 2239 2249 qurestio
2272 2179 2348 2232 ita
2377 2177 2721 2233 dissolvitur.

2081 2269 2278 2340 Magno
2311 2285 2527 2339 semper
2567 2277 2686 2324 erat
2738 2267 2951 2323 fervore
2986 2267 3214 2334 Petrus;
3254 2268 3458 2339 quippe
3495 2269 3592 2340 qui
3674 2266 3679 2271 ’

2012 2363 2163 2418 solus
2193 2364 2565 2432 apostolorum
2596 2360 2794 2415 dixerit
2823 2357 3101 2413 Servatori
3137 2379 3150 2414 :
3189 2378 3207 2410 ι
3248 2359 3477 2415 Etiamsi
3508 2375 3596 2416 me

2008 2458 2313 2528 Oportuerit
2347 2456 2482 2509 mori
2512 2461 2715 2514 tecum,
2755 2467 2863 2505 non
2909 2460 2960 2506 te
3004 2452 3214 2523 negabo
3244 2451 3324 2519 ⁸⁸;
3366 2471 3385 2503 ι
3444 2452 3595 2509 solus

2007 2551 2137 2606 item
2160 2549 2395 2603 voluerit
2414 2562 2578 2617 supra
2606 2545 2807 2599 ﬂuctus
2829 2544 3109 2599 ambulare
3136 2562 3152 2611 ;
3183 2544 3336 2599 solus
3362 2559 3596 2615 respon—

2007 2641 2170 2704 derit,
2201 2639 2507 2706 dixeritque
2536 2634 2664 2691 Jesu
2698 2655 2712 2691 :
2750 2653 2769 2685 ι
2808 2633 2889 2688 Tu
2918 2651 2978 2689 es
3005 2634 3260 2691 Christus
3292 2634 3462 2689 Filius
3498 2634 3593 2691 Dei

2005 2734 2119 2788 vivi
2144 2733 2188 2765 ἰθ
2227 2748 2241 2784 :
2285 2751 2303 2783 ι
2340 2730 2574 2798 ideoque
2624 2735 2679 2783 et
2727 2728 2879 2782 solus
2927 2727 3322 2812 discipulorum
3358 2725 3534 2781 audiit
3574 2745 3590 2782 :

2014 2825 2266 2880 «Beatus
2317 2839 2400 2888 es,
2462 2821 2651 2876 Simon
2693 2819 2799 2874 Bar
2835 2819 3062 2874 Jona".
3138 2838 3156 2871 ι
3216 2818 3588 2886 Quamobrem

2009 2918 2220 2989 primus
2250 2929 2469 2985 quoque
2515 2912 2680 2967 audet
2740 2913 2794 2966 in
2856 2919 3273 2966 monumentum
3336 2911 3590 2977 introire,

2009 3024 2135 3064 cum
2164 3010 2337 3064 altero
2360 3006 2630 3076 discipulo
2668 3006 2796 3059 illuc
2829 3004 3108 3075 profectus
3140 3019 3302 3073 quem
3336 3004 3598 3075 diligebat

2008 3100 2199 3163 Jesus,
2221 3107 2281 3154 ut
2308 3099 2382 3152 ait
2414 3097 2674 3153 Joannes.
2717 3095 2823 3151 Sed
2859 3103 2991 3151 tunc
3029 3095 3249 3166 quidem
3301 3103 3592 3166 postquam

2011 3191 2259 3246 audierat
2291 3205 2355 3244 ex
2414 3187 2731 3257 Magdalene
2790 3187 3066 3241 sublatum
3105 3185 3175 3240 de
3239 3196 3597 3243 monumento

314 3275 523 3348 θηκὼς,
557 3266 773 3349 ἀπήντα
806 3279 922 3347 ἅμα
946 3278 1024 3348 τῷ
1059 3279 1232 3352 ἑτέρῳ
1269 3280 1520 3351 μαθητῇ·
1553 3277 1670 3334 εἶτα
1700 3281 1901 3351 ἀνεχώ-

2014 3298 2215 3353 corpus
2248 3280 2484 3344 Domini,
2516 3281 2693 3333 iverat
2733 3293 2857 3332 cum
2899 3278 3074 3334 altero
3124 3278 3417 3349 discipulo.
3470 3277 3595 3334 Mox

315 3384 404 3438 ρει
432 3368 530 3421 σὺν
558 3367 727 3439 αὐτῷ,
764 3368 831 3422 τὰ
855 3368 1034 3422 ὀθόνια
1064 3370 1194 3423 εἴσω
1223 3369 1319 3422 τοῦ
1347 3373 1628 3441 μνήματος
1649 3370 1906 3440 τεθεαμέ-

312 3476 407 3523 νος
437 3460 532 3512 καὶ
555 3459 870 3524 πιστεύσας.
900 3461 1057 3515 Κατὰ
1081 3461 1137 3515 δὲ
1174 3463 1408 3522 Λουκᾶν,
1436 3461 1543 3514 τῶν
1575 3460 1747 3516 ἄλλων
1778 3464 1905 3515 ἀπι-

314 3552 588 3606 στούντων
624 3552 900 3623 μαθητῶν,
940 3553 1099 3624 μόνος
1130 3553 1292 3617 αὐτὸς
1323 3552 1482 3606 πάλιν
1517 3551 1761 3605 πιστεύει
1783 3554 1904 3614 ταῖς

312 3640 602 3713 λεγούσαις
629 3647 750 3708 ταῖς
776 3644 1021 3714 γυναιξὶν
1049 3644 1354 3716 ἑωρακέναι
1377 3644 1504 3706 τοὺς
1519 3642 1783 3711 ὀφθέντας
1804 3643 1904 3709 ἁγ-

311 3735 543 3807 γέλους·
588 3737 650 3789 ού
708 3736 817 3807 γάρ
851 3737 1161 3809 ἀπιστήσας
1214 3736 1271 3790 δὲ
1320 3740 1441 3799 ταῖς
1468 3735 1576 3789 τῶν
1629 3733 1904 3804 γυναικῶν

316 3826 672 3900 μαρτυρίαις,
730 3828 1153 3900 παλινδρομαῖος
1190 3829 1282 3881 ἐπὶ
1335 3827 1396 3881 τὸ
1454 3830 1716 3898 μνημεῖον
1745 3826 1906 3897 μόνος

312 3921 683 3992 παραγίνεται
702 3937 716 3951 ο
745 3922 840 3974 καὶ
871 3918 1027 3985 αὖθις
1053 3920 1384 3993 παρακύψας
1412 3919 1597 3990 βλέπει
1623 3919 1691 3972 τὰ
1725 3918 1907 3972 ὀθόνια

316 4012 459 4084 μόνα
493 4012 570 4076 ὡς
601 4014 697 4066 καὶ
726 4013 787 4066 τὸ
821 4014 1084 4085 πρότερον
1104 4030 1117 4044 ο
1151 4009 1271 4067 εἶτα
1303 4013 1504 4085 ἀπῄει,
1539 4013 1677 4084 πρὸς
1717 4011 1906 4066 ἑαυτὸν

314 4103 616 4175 θαυμάζων
645 4103 705 4157 τὸ
732 4105 954 4172 γεγονός
976 4120 987 4131 ο
1022 4106 1117 4159 καὶ
1151 4104 1246 4159 νῦν
1276 4105 1374 4176 μὲν
1400 4105 1566 4177 ἀπῄει
1613 4104 1907 4175 θαυμάζων

313 4194 381 4250 διὸ
404 4196 647 4264 γεγονὸς,
677 4196 798 4249 ἐπεὶ
814 4196 870 4250 δὲ
894 4195 1060 4261 πολὺς
1080 4194 1146 4269 ἦν
1167 4200 1233 4270 τῇ
1260 4197 1539 4270 προθυμίᾳ
1564 4195 1657 4251 κα)⁸
1687 4197 1906 4250 πλείονα

315 4286 558 4360 σπουδὴν
589 4287 743 4359 παρά
771 4289 979 4352 πάντας
1004 4288 1371 4352 ἐπεδείκνυτο,
1398 4287 1647 4343 σπεύδων
1680 4289 1774 4343 καὶ
1807 4306 1907 4341 πε-

2008 3389 2133 3429 cum
2166 3373 2356 3428 eodem
2391 3370 2658 3436 recessit,
2691 3370 2824 3424 visis
2866 3370 3009 3424 intra
3045 3379 3459 3426 monumentum
3490 3372 3597 3426 lin-

2005 3465 2359 3525 teaminibus,
2408 3464 2599 3532 reique
2645 3476 2789 3515 verae
2827 3462 3033 3516 certior
3084 3460 3283 3518 factus.
3324 3460 3395 3515 At
3429 3476 3584 3527 vero,

2007 3556 2307 3612 secundum
2332 3554 2561 3616 Lucam,
2599 3552 2722 3607 aliis
2754 3553 3039 3623 discipulis
3073 3569 3182 3609 non
3215 3553 3590 3622 credentibus,

2007 3646 2155 3700 solus
2200 3645 2318 3715 ipse
2359 3642 2534 3698 credit
2568 3643 2860 3698 mulierum
2893 3642 3238 3697 allirmationi
3294 3642 3593 3698 dicentium

2007 3752 2067 3792 se
2105 3739 2327 3807 angelos
2374 3736 2600 3792 vidisse.
2653 3735 2866 3789 Etenim
2930 3735 3220 3788 mulierum
3277 3735 3596 3790 testimonio

2006 3844 2119 3884 non
2147 3828 2487 3893 discredens,
2520 3843 2719 3883 rursus
2752 3827 2816 3880 ad
2851 3834 3267 3880 monumentum
3314 3828 3467 3882 solus
3494 3842 3593 3882 ve-

2006 3922 2090 3976 nit
2115 3935 2452 3990 :rursusque
2481 3917 2897 3989 introspiciens,
2922 3916 3039 3971 sola
3070 3916 3387 3972 linteamina
3412 3926 3471 3973 ut
3495 3932 3597 3974 an-

2008 4023 2091 4069 tea
2123 4012 2278 4068 vidit.
2312 4011 2517 4067 Deinde
2547 4011 2701 4072 abiit,
2737 4022 2926 4064 secum
2974 4007 3093 4078 ipse
3125 4022 3241 4063 rem
3287 4008 3590 4066 demirans.

2010 4103 2234 4159 Scilicet
2262 4118 2377 4159 rem
2403 4110 2612 4173 gestam
2645 4101 2846 4156 tacitus
2881 4098 3279 4165 admirabatur,
3318 4101 3447 4172 quia
3481 4103 3606 4159 fer--

2006 4195 2134 4251 vida
2167 4201 2347 4249 mente
2371 4201 2507 4260 erat,
2548 4192 2962 4264 plurimumque
2991 4191 3234 4246 studium
3270 4206 3382 4262 pra:
3413 4194 3595 4250 omni-

2008 4289 2115 4344 bus
2149 4287 2584 4351 demonstrabat,
2628 4292 2886 4359 satagens
2938 4291 3101 4359 atqu'e
3142 4290 3500 4356 discurrens;
3540 4297 3597 4345 et

317 4380 605 4452 ριτρέχων,
629 4382 723 4435 καὶ
744 4380 919 4454 πάντη
946 4393 1035 4435 τον
1059 4382 1289 4454 Σωτῆρα
1312 4382 1507 4454 περιαθ
1517 4381 1623 4454 ρῶν
1646 4380 1907 4449 ἀνεωγόσι

314 4473 431 4535 τοῖς
464 4471 566 4541 τῆς
593 4470 772 4542 ψυχῆς
803 4471 1037 4542 ὄμμασι,
1069 4471 1346 4543 πανταχοῦ
1376 4472 1435 4526 δὲ
1468 4472 1646 4545 ζητῶν
1692 4474 1786 4527 καὶ
1810 4490 1906 4526 πε-

2008 4381 2212 4450 ubique
2251 4379 2598 4434 Servatorem
2641 4380 2846 4449 apertis
2893 4381 3113 4436 intuens
3164 4380 3360 4436 animae
3385 4381 3587 4449 oculis,

2010 4486 2422 4544 quaqueversus
2494 4470 2763 4542 indagans
2830 4480 2886 4529 et
2957 4475 3444 4546 circumspiciens,
3499 4492 3598 4548 spe

318 4561 732 4634 ριᾶλεπόμενος,
761 4564 863 4617 οὐκ
885 4563 1127 4636 ἠτύχησε
1149 4564 1249 4636 τῆς
1278 4564 1510 4629 ἐλπίδος,
1536 4564 1672 4618 ἀλλά
1701 4565 1795 4619 καὶ
1816 4567 1901 4620 αύ-

2011 4582 2110 4625 sua
2154 4581 2261 4621 non
2290 4566 2514 4630 excidit,
2551 4566 2646 4622 sed
2679 4576 2733 4623 et
2766 4567 2884 4639 ipse
2929 4566 3115 4624 divina
3149 4569 3597 4628 manifestatione

312 4656 410 4719 τὸς
433 4653 677 4720 ἀξιοῦται
710 4656 811 4727 τῆς
844 4656 1009 4710 αὐτοῦ
1040 4656 1394 4728 θεοφανεὶας’
1423 4658 1614 4712 τούτου
1648 4659 1901 4731 μάρτυςό

2010 4660 2211 4728 dignus
2244 4658 2364 4713 fuit.
2396 4658 2495 4714 Rei
2526 4660 2684 4716 testis
2714 4658 2858 4716 idem
2888 4661 3223 4732 evangelista
3256 4661 3458 4727 Lucas,
3501 4662 3598 4735 qui

312 4747 479 4810 αὐτὸς
508 4746 900 4819 εὐαγγελιστὴς
934 4748 1149 4812 Λουκᾶς
1179 4742 1282 4802 ὧδέ
1316 4768 1390 4822 πη
1430 4748 1631 4821 προῖὼν
1659 4750 1785 4820 ἑξῆς
1812 4751 1901 4805 καὶ

2008 4752 2065 4807 in
2098 4753 2560 4823 subsequentibus
2598 4752 2754 4818 dicit,
2801 4768 2993 4810 revera
3042 4756 3357 4812 surrexisse
3405 4754 3596 4812 Domi-

314 4840 496 4910 λέγων
521 4841 604 4894 ὃτι
631 4840 802 4905 ὅντως
829 4841 1038 4913 ἠγέρθη
1064 4844 1092 4895 6
1126 4841 1327 4914 Κύριος
1354 4843 1449 4896 καὶ
1470 4842 1625 4915 ὤφθη
1674 4843 1901 4914 Σίμωνι.

2007 4860 2164 4909 num,
2199 4851 2253 4900 et
2292 4845 2616 4916 apparuisse
2661 4844 2895 4900 Simoni.
2942 4844 3226 4903 Consonat
3279 4848 3409 4903 buic
3449 4849 3596 4904 sacri

314 4932 708 5005 Συμμαρτυρεί
729 4933 787 4986 δὲ
812 4932 961 5004 αὐτῷ
988 4933 1084 4988 καὶ
1106 4935 1134 4986 6
1166 4935 1308 5005 ἱερὸς
1324 4934 1643 4999 Ἀπόστολος
1664 4928 1768 4988 ὧδε
1794 4936 1901 4988 Κο-

2011 4937 2262 5009 Apostoli
2315 4938 2693 4994 testimonium
2723 4939 2793 4995 ad
2849 4938 3165 4997 Corinthios
3235 4942 3529 5000 scribentis
3578 4962 3595 5001 :

313 5023 544 5096 ρινθίοις
562 5026 808 5097 γράφων,
833 5027 915 5079 ὅτι
944 5046 963 5077 ι
978 5025 1155 5099 Ὠφθη
1180 5028 1359 5098 Κειρᾷ,
1386 5023 1503 5081 εἶτα
1519 5030 1632 5092 τοῖς
1654 5027 1866 5082 ἕνδεκα.
1881 5047 1900 5081 ι

2018 5051 2039 5086 ι
2084 5032 2243 5088 Visus
2272 5039 2357 5088 est
2385 5032 2604 5103 Cephm,
2640 5041 2695 5089 et
2727 5033 2925 5092 deinde
2952 5036 3206 5092 undecim
3234 5036 3302 5094 “.
3335 5056 3354 5089 ι
3382 5037 3597 5108 Cephas

316 5118 512 5187 Κεφᾶς
541 5116 599 5170 δὲ
624 5118 786 5183 αὐτὸς
814 5114 882 5191 ἦν
915 5119 1097 5191 Σίμων
1127 5121 1156 5173 6
1189 5119 1284 5173 καὶ
1317 5119 1543 5203 Πέτρος,
1574 5113 1620 5189 ᾧ
1658 5121 1750 5175 καὶ
1798 5121 1901 5193 πρὸ

2012 5134 2195 5182 autem
2226 5126 2346 5197 ipse
2376 5124 2567 5181 Simon
2602 5136 2687 5185 est
2727 5144 2791 5184 ac
2839 5127 3070 5197 Petrus;
3125 5129 3216 5184 cui
3274 5129 3437 5185 etiam
3468 5140 3597 5187 ante

314 5206 431 5261 τῶν
465 5208 661 5263 ἕνδεκα
703 5210 865 5280 μόνος
910 5210 1059 5284 μόνῳ
1107 5209 1261 5283 ῶιρθη
1294 5212 1323 5265 ό
1368 5211 1582 5283 Σωτήρ,
1613 5211 1715 5283 τῆς
1753 5213 1901 5285 παρά

2010 5217 2149 5274 alios
2179 5215 2436 5272 undecim
2467 5218 2618 5274 solus
2645 5219 2747 5276 soli
2775 5219 3030 5292 apparuit
3059 5218 3338 5287 Servator,
3368 5228 3594 5293 propter

313 5299 529 5363 πάντας
554 5300 1000 5375 ὑπερϐαλλούσης
1026 5301 1195 5357 αὐτοῦ
1220 5304 1382 5375 χάριν
1423 5305 1675 5377 σπουδῆς.

2008 5320 2281 5360 summam
2314 5309 2434 5377 ejus
2463 5310 2830 5379 praeomnib.:s
2852 5313 3211 5371 seculitatcm.

1083 5417 1163 5471 E'.
2770 5420 2836 5478 ν.

393 5499 528 5574 (65‘)
550 5503 671 5556 Ἔτι
693 5504 977 5577 ζητήσειεν
997 5506 1063 5562 ἄν
1089 5524 1175 5571 τις
1200 5506 1317 5571 πῶς
1346 5508 1496 5581 παρά
1524 5511 1621 5582 μὲν
1649 5510 1729 5583 τῷ
1754 5512 1881 5566 Ματ

2084 5512 2312 5583 Insuper
2350 5512 2550 5584 aliquis
2573 5514 2946 5571 sciscitabitur
2970 5515 3243 5587 quomodo
3271 5514 3416 5589 apud
3449 5513 3587 5573 Mat-

391 5659 440 5693 ⁸⁸
480 5658 671 5717 Matth.
706 5678 872 5732 xxvr,
908 5663 997 5720 35.
1074 5664 1120 5698 "
1160 5664 1351 5725 Matth.
1388 5684 1513 5738 xvr,
1555 5667 1642 5726 16.
1718 5670 1765 5705 ’θ
1806 5669 1901 5728 ibit

2013 5670 2064 5725 7.
2139 5670 2182 5702 "
2210 5668 2246 5751 Vl
2268 5669 2394 5724 Cor.
2437 5684 2528 5739 xv,
2564 5670 2618 5724 5.

383 5813 506 5892 κοδ)
543 5814 679 5903 cod.
706 5818 778 5902 Α,
805 5815 845 5877 ι.
871 5819 996 5891 δίε,
1027 5821 1086 5910 b.

2075 5823 2210 5900 (δι’)
2250 5825 2362 5884 Cod
2404 5828 2468 5898 Α,
2503 5826 2539 5883 r.
2574 5826 2697 5887 τις.
