4114 6472
535 392 634 449 991

1199 387 1474 446 EUSEBH
1513 387 2004 445 CAESARlENSlS
2034 388 2188 447 OPP.
2220 389 2401 447 PARS
2439 387 2530 446 Ill.
2569 418 2639 430 —
2674 384 3086 445 EXEGETICA.

3662 381 3770 438 992

530 513 731 569 timum
771 507 940 563 Maria
973 505 1293 578 Magdalene
1323 496 1727 577 cum’ejusdem
1753 506 1991 563 nominis
2017 507 2097 561 al-

2203 507 2392 579 θαίῳή
2423 502 2753 577 Μαγδαληνὴ
2776 502 2963 574 Μαρία
2993 497 3131 573 μετά
3157 499 3255 573 τῆς
3280 499 3565 571 ὁμωνύμου
3596 500 3773 570 ἑωρα-

530 611 648 659 tera
673 601 877 656 vidisse
908 606 1064 655 extra
1116 602 1528 652 monumentum
1575 596 1903 653 insidentem
1934 596 2102 667 lapidi

528 708 701 751 unum
752 688 1135 746 tantummodo
1184 689 1438 760 angelum
1491 687 1754 743 dicatur:
1802 687 2101 745 secundum

525 782 794 842 Joannem
826 790 1004 838 autem
1059 780 1204 834 intra
1237 785 1646 833 monumentum
1689 778 1913 849 angelos
1956 777 2099 835 duos

528 876 782 934 sedentes
814 872 1085 945 aspexerit
1117 877 1213 926 :at
1254 885 1386 925 vero
1424 869 1725 926 secundum
1761 869 1965 925 Lucam
1993 869 2104 925 duo

527 968 630 1022 viri
676 965 1001 1021 mulieribus
1049 960 1394 1018 occurrerint
1447 979 1461 1015 :
1516 959 1751 1031 denique
1798 960 2102 1017 secundum

530 1054 778 1111 Marcum
807 1054 1029 1124 juvenis
1059 1054 1129 1108 ab
1168 1052 1303 1123 ipsis
1332 1058 1661 1121 conSpectus
1693 1049 1894 1106 fuerit?

601 1148 883 1204 Dictorum
938 1146 1082 1217 apud
1127 1145 1393 1200 Joannem
1432 1152 1594 1215 atque
1632 1142 1943 1198 Manlia-um
1987 1141 2103 1199 haec

530 1250 650 1296 esto
679 1240 898 1296 solutio.
948 1238 1203 1292 Arbitror
1245 1237 1389 1293 enim
1448 1235 1794 1306 praecessisse
1839 1250 1924 1299 ea,
1981 1250 2105 1305 qua:

529 1336 718 1385 narrat
745 1328 1008 1395 Joannes,
1039 1326 1107 1383 iis
1135 1340 1257 1397 quae
1290 1325 1610 1392 Matthams;
1642 1332 1699 1379 et
1727 1323 2101 1395 Magdalenam

525 1422 585 1479 in
616 1421 795 1492 primo
833 1419 1069 1475 adventu
1099 1419 1319 1489 angelos
1349 1416 1489 1472 duos
1522 1416 1664 1471 intra
1692 1426 2101 1472 monumentum

529 1511 786 1567 sedentes
811 1510 1036 1565 vidisse.
1076 1509 1273 1564 Postea
1313 1507 1381 1562 ad
1402 1506 1653 1562 eumdem
1684 1506 1862 1561 locum
1909 1522 2102 1563 rursus

526 1618 870 1674 progressam
900 1618 1023 1657 cum
1047 1601 1154 1656 alia
1181 1600 1368 1664 Maria,
1396 1597 1721 1654 insidentem
1749 1597 1914 1668 lapidi
1939 1612 2101 1668 ange-

530 1694 640 1749 lum
666 1693 1038 1763 spectavisse;
1071 1692 1157 1748 vel
1189 1691 1352 1747 etiam
1385 1688 1618 1745 fortasse
1664 1688 1805 1743 alius
1849 1696 1932 1744 est
1960 1687 2103 1759 apud

528 1784 841 1840 Mattlneum
905 1783 1151 1854 angelus,
1201 1782 1349 1838 aliud
1400 1789 1615 1852 tempus
1667 1780 1933 1849 locusque
1993 1793 2102 1849 quo

2203 596 2355 650 κέναι
2384 595 2539 659 ἐκτὸς
2562 594 2657 649 τοῦ
2692 593 2971 665 μνήματος
2992 588 3390 661 ἐπικαθήμενον
3410 588 3489 660 τῷ
3516 588 3653 656 λίθῳ
3674 588 3772 643 ἕνα

2206 689 2366 761 μόνον
2385 687 2610 758 ἄγγελον
2643 687 2853 759 εἴρηται
2879 698 2894 715 ⁸
2918 682 3061 739 κατά
3098 682 3155 737 δὲ
3198 683 3291 736 τὸν
3347 682 3598 753 Ἰωάννην
3641 680 3775 735 εἵσω

2202 781 2292 837 τοῦ
2321 783 2599 854 μνήματος
2622 780 2882 850 ἀγγέλους
2906 777 2998 831 δύο
3020 776 3212 848 θεωρεῖ
3229 774 3572 848 καθημένους
3589 790 3605 803 ·
3632 775 3775 828 κατὰ

2201 877 2258 930 δὲ
2284 875 2376 929 τὸν
2407 876 2620 929 Λουκᾶν
2670 872 2765 928 δύο
2810 871 3002 944 ἀνδρες
3050 870 3310 940 ἀπήντων
3354 871 3473 933 ταῖς
3521 866 3774 937 γυναιξί·

2201 967 2340 1023 κατὰ
2368 968 2425 1022 δὲ
2448 967 2541 1021 τὸν
2563 966 2787 1038 Μάρκον
2812 963 3092 1027 νεανίσκος
3116 958 3183 1034 ἦν
3211 962 3393 1027 αὐτοῖς
3415 960 3717 1033 ὁρώμενος.

2271 1153 2354 1208 Τὰ
2387 1153 2485 1225 μὲν
2513 1150 2664 1223 παρά
2687 1150 2766 1222 τῷ
2805 1149 3026 1224 Ἰωάννῃ
3058 1149 3152 1203 καὶ
3175 1146 3434 1218 Ματθαίῳ
3469 1144 3683 1210 λύσεως
3710 1145 3778 1200 ἀν

2199 1244 2352 1317 τύχοι
2376 1244 2668 1315 τοιαύτηςθ
2703 1241 2937 1313 ἡγοῦμαι
2980 1242 3085 1313 γὰρ
3132 1239 3491 1313 προηγεῖσθαι
3549 1239 3648 1310 μὲν
3677 1238 3777 1308 τὴν

2205 1333 2355 1404 παρά
2376 1331 2453 1404 τῷ
2487 1334 2704 1403 Ἰωάννῃ
2741 1328 3001 1402 ἱστορίαν,
3034 1330 3133 1399 τῆς
3163 1326 3312 1399 παρὰ
3350 1326 3429 1398 τῷ
3482 1325 3773 1395 Macedo),

2201 1422 2295 1475 καὶ
2325 1420 2422 1492 τὴν
2449 1420 2810 1492 Μαγδαληνὴν
2854 1419 2916 1473 τὸ
2959 1419 3173 1492 πρῶτον
3206 1417 3464 1472 ἐλθοῦσαν
3504 1420 3634 1482 τοὺς
3682 1417 3777 1470 δύο

2201 1513 2463 1583 ἀγγέλους
2513 1513 2644 1567 εἴσω
2691 1512 2784 1568 τοῦ
2840 1513 3120 1585 μνήματος
3164 1510 3560 1582 καθεζομένους
3612 1511 3773 1564 ίδεῖν⁸

2204 1607 2342 1678 μετὰ
2378 1606 2435 1659 δὲ
2473 1604 2647 1660 ταῦτα
2688 1603 2937 1676 δεύτερον
2979 1605 3276 1658 ἐπιστᾶσαν
3316 1602 3398 1673 τῷ
3435 1602 3584 1673 αὑτῷ
3622 1601 3777 1673 τόπῳ

2204 1697 2341 1769 μετά
2379 1697 2478 1768 τῆς
2517 1696 2684 1768 άλλης
2706 1696 2925 1767 Μαρίας
2949 1696 3041 1748 τὸν
3079 1694 3477 1765 ἐπικαθήμενον
3526 1692 3605 1765 τῷ
3640 1692 3778 1763 λίθῳ

2201 1787 2427 1857 ἄγγελον
2451 1785 2771 1858 ἑωρακέναι.
2796 1786 2867 1839 Ἦ
2894 1786 3036 1857 τάχα
3061 1784 3248 1856 ἔτερος
3274 1783 3373 1856 μὲν
3403 1784 3433 1836 ὁ
3461 1782 3614 1853 παρά
3633 1783 3780 1836 Ma:-

526 1878 753 1949 angelus
783 1878 934 1943 visus
965 1876 1070 1932 fuit
1103 1894 1117 1930 :
1147 1874 1239 1930 alii
1266 1875 1396 1930 item
1427 1872 1606 1945 angeli
1651 1871 1792 1942 apud
1818 1886 1943 1926 eum
1978 1885 2097 1924 mu-

2200 1880 2333 1952 θαίῳ
2351 1880 2599 1951 ἄγγελος,
2630 1880 2719 1933 ἒτε
2729 1897 2819 1951 ρος
2843 1880 2900 1933 δὲ
2929 1879 3024 1933 καὶ
3045 1880 3073 1933 ό
3104 1879 3291 1951 χρόνος
3318 1877 3414 1931 καὶ
3435 1879 3462 1931 ὁ
3487 1878 3652 1940 τόπος
3674 1878 3775 1947 τῆς

525 1971 755 2028 lieribus
786 1971 956 2026 oblati
990 1990 1004 2025 :
1043 1970 1358 2040 pariterque
1398 1968 1508 2023 duo
1543 1965 1687 2038 apud
1717 1964 1979 2021 Joannem
2007 1978 2100 2019 an-

527 2065 630 2137 geli
660 2066 803 2119 intra
844 2069 1259 2118 monumentum
1295 2059 1571 2123 sedentes,
1601 2057 1804 2115 diversi
1835 2055 2097 2113 credendi

527 2163 655 2212 sunt
684 2155 868 2210 abillo
905 2155 998 2225 qui
1026 2162 1181 2208 extra
1218 2160 1635 2208 monumentum
1669 2148 1837 2220 lapidi
1889 2150 2098 2206 inside-

408 2256 416 2261 '
526 2248 639 2311 bat,
689 2255 748 2303 ut
777 2255 968 2301 narrat.
1000 2243 1475 2300 Matthaaus.'Nam
1507 2244 1575 2308 si,
1626 2258 1752 2298 cum
1809 2241 2097 2298 Mattbaeus

524 2342 673 2398 dicat
703 2355 827 2396 sero
851 2338 1239 2401 Sabbatorum,
1271 2351 1552 2408 unumque
1586 2343 1712 2393 ante
1751 2336 1950 2394 ostium
1980 2350 2098 2391 mo-

524 2433 773 2489 numenti
800 2433 1076 2489 sedentem
1104 2431 1157 2486 in
1184 2429 1383 2501 lapide,
1403 2428 1644 2486 Joannes
1666 2429 1854 2485 eodem
1886 2435 2098 2484 retento

524 2536 770 2596 tempore
814 2540 873 2579 ac
906 2525 1048 2589 loco,
1082 2523 1333 2588 dixisset,
1393 2537 1518 2577 sero
1556 2521 1943 2601 Sabbatorum,
1972 2527 2099 2575 ante

523 2619 726 2675 ostium
767 2615 1107 2672 monumenti
1155 2614 1293 2671 duos
1326 2613 1491 2685 lapidi
1536 2613 1839 2669 insidentes
1864 2627 2097 2683 conspe-

524 2720 665 2775 ctos,
696 2726 825 2766 vere
865 2716 1141 2780 oporteret
1178 2706 1577 2763 dissonantiam
1619 2706 1857 2762 causari.
1886 2705 2016 2761 Item
2050 2706 2098 2762 si

524 2802 812 2858 Mattbaaus
840 2817 994 2872 asque
1017 2785 1084 2855 ac
1117 2797 1360 2855 Joannes
1394 2799 1715 2853 matutinam
1740 2798 1929 2853 horam
1953 2795 2098 2851 allir-

524 2907 705 2959 mans,
738 2892 884 2948 intra
937 2897 1353 2947 monumentum
1394 2889 1512 2960 ipse
1549 2905 1769 2961 quoque
1807 2903 1919 2943 non
1961 2888 2099 2943 duos

524 2983 748 3054 angelos
781 2982 877 3040 sed
917 2997 1088 3037 unum
1132 2981 1311 3037 visum
1348 2980 1660 3044 alIirmaret,
1705 2978 1980 3036 contraria
2012 2980 2098 3034 vi-

523 3074 745 3130 deretur
786 3074 981 3128 merito
1035 3073 1296 3128 scribere.
1356 3070 1842 3128 Verumenimvero
1904 3070 1952 3126 si
1992 3069 2101 3127 dis-

523 3167 801 3221 tinxerunt
836 3164 1184 3233 evangelista!
1209 3170 1478 3234 tempora,
1513 3170 1568 3219 et
1591 3162 1805 3227 modos,
1836 3169 1891 3217 et
1911 3175 2101 3232 perso-

2198 1972 2292 2027 τοῦ
2326 1972 2556 2042 ἀγγέλου
2584 1971 2711 2036 θεας
2736 1988 2750 2001 ·
2800 1970 2977 2044 ἕτεροι
3015 1971 3073 2024 δὲ
3120 1972 3212 2026 καὶ
3242 1969 3463 2039 ἄγγελοι
3510 1968 3677 2023 αὐτοῦ
3726 1971 3775 2022 οὶ

2200 2065 2336 2136 πρὸς
2383 2064 2482 2126 τὰς
2537 2066 2830 2134 γυναῖκας·
2856 2062 3117 2126 ὡσαύτως
3166 2062 3223 2116 δὲ
3248 2061 3344 2117 καὶ
3388 2062 3440 2114 οἱ
3491 2060 3645 2132 παρά
3695 2059 3775 2130 τῷ

2211 2155 2431 2230 Ἰωάννῃ
2457 2155 2550 2209 δύο
2581 2154 2801 2225 ἄγγελοι
2827 2157 2874 2209 οἱ
2905 2155 3037 2209 εἵσω
3063 2153 3156 2209 τοῦ
3193 2155 3474 2226 μνήματος
3516 2153 3776 2222 ὀφθέντες

2197 2248 2373 2322 ἕτεροί
2404 2251 2510 2304 είσι
2531 2248 2678 2322 παρά
2698 2250 2789 2303 τὸν
2814 2247 2918 2316 ἔξω
2943 2249 3047 2321 πρὸ
3084 2248 3359 2320 μνήματος
3401 2247 3494 2301 ἐπὶ
3518 2246 3595 2318 τῷ
3640 2246 3777 2319 λίθῳ

2197 2342 2558 2414 καθεζόμενον
2578 2342 2729 2414 παρὰ
2746 2341 2824 2414 τῷ
2848 2339 3132 2412 Ματθαίῳ.
3155 2341 3218 2394 Εἰ
3240 2340 3341 2412 μὲν
3368 2339 3478 2412 γάρ
3504 2338 3600 2393 τοῦ
3624 2340 3779 2393 Mat-

2198 2435 2348 2490 θαίου
2380 2434 2476 2505 ὀψὲ
2502 2434 2795 2490 Σαόϐάτων
2826 2432 3126 2505 είρηκότος,
3166 2430 3263 2486 καὶ
3284 2431 3381 2485 ἕνα
3414 2431 3518 2503 πρὸ
3548 2430 3651 2502 τῆς
3683 2430 3778 2484 θύ-

2202 2516 2300 2600 ριίς
2329 2527 2423 2582 τοῦ
2453 2525 2713 2599 μνημείου
2742 2525 3044 2596 καθήμενον
3083 2524 3175 2579 ἐπὶ
3211 2523 3290 2596 τῷ
3326 2522 3458 2595 λίθῳ
3491 2525 3777 2597 ἱστορηκό-

2197 2637 2309 2686 τος,
2351 2619 2588 2691 φυλάξας
2626 2621 2655 2674 ό
2698 2618 2947 2689 Ἰωάννης
2992 2618 3084 2671 τὸν
3112 2617 3274 2672 αὑτὸν
3323 2617 3516 2690 καιρὸν
3547 2618 3643 2671 καὶ
3678 2617 3776 2671 τὸν

2199 2714 2360 2768 αὑτὸν
2410 2713 2572 2767 τόπον
2602 2713 2814 2784 εἰρήκει
2860 2711 2957 2780 ὀψὲ
2988 2711 3279 2765 Σαδὸἀτων
3299 2752 3315 2776 ,
3349 2710 3454 2782 πρὸ
3479 2711 3577 2781 τῆς
3604 2709 3774 2782 θύρας

2197 2804 2292 2859 τοῦ
2327 2806 2607 2877 μνήματος
2652 2803 2745 2857 ἐπὶ
2773 2802 2852 2875 τῷ
2897 2802 3030 2875 λίθῳ
3069 2802 3162 2856 δύο
3211 2802 3610 2873 καθεζομένους
3645 2804 3777 2874 6ρᾶ-

2200 2897 2343 2962 σθαι,
2366 2893 2434 2969 ἦν
2452 2896 2667 2969 ἀληθῶς
2688 2896 2981 2965 διαφωνίαν
3004 2895 3297 2950 αἰτιᾶσθαι.
3320 2896 3431 2949 Καὶ
3448 2898 3478 2949 ὁ
3496 2894 3774 2958 Ματθαῖος

2196 2990 2457 3054 ὡσαύτως
2492 2992 2541 3044 εί
2570 2989 2769 3061 ὁμοίως
2811 2988 3031 3062 Ἰωάννῃ
3070 2987 3171 3059 τὴν
3214 2988 3457 3059 πρωῖνήν
3491 2986 3642 3058 ὥραν
3671 3005 3776 3059 τη-

2203 3079 2390 3150 ρήσας,
2413 3079 2543 3133 εἵσω
2572 3077 2664 3132 τοῦ
2698 3078 2974 3150 μνήματος
2996 3076 3090 3132 καὶ
3115 3076 3277 3141 αὐτὸς
3302 3077 3361 3130 ού
3390 3076 3484 3130 δύο
3510 3077 3775 3145 ἀγγέλους

2198 3170 2313 3225 ἀλλ’
2346 3170 2445 3225 ἕνα
2475 3169 2644 3242 ἔφησε
2673 3168 3064 3242 τεθεωρῆσθαι,
3095 3170 3357 3226 τάναντία
3380 3169 3559 3235 ἔδοξεν
3592 3170 3658 3225 ἂν
3701 3171 3777 3223 εί·-

524 3269 626 3310 nas
674 3253 1061 3324 spectantium,
1140 3268 1356 3309 necnon
1428 3252 1743 3323 angelorum
1795 3266 2097 3316 sermones,

2202 3264 2376 3327 κότως
2428 3262 2782 3334 συγγράφειν.
2819 3263 2881 3315 El
2911 3262 2957 3316 δ’
2985 3260 3267 3333 ἀφώρισαν
3293 3254 3343 3316 σι
3393 3262 3776 3332 εὐαγγελισταὶ

525 3362 686 3404 nemo
714 3345 1117 3400 rationabiliter
1148 3344 1548 3402 dissonantiam
1593 3343 1890 3414 Scripturae
1932 3358 2097 3398 accu-

525 3437 688 3499 sabit,
716 3451 843 3491 cum
874 3436 1107 3506 singula:
1148 3436 1491 3492 narrationes
1536 3449 1637 3490 suo
1675 3448 1905 3504 quaeque
1934 3431 2097 3488 modo

525 3543 667 3584 vera:
692 3527 824 3591 sint,
852 3535 907 3583 et
938 3528 1280 3583 diversarum
1315 3540 1497 3582 rerum
1550 3524 1754 3578 faciant
1799 3523 2098 3594 expositio-

523 3634 672 3674 nem.
707 3617 812 3674 Sed
837 3618 980 3688 apud
1006 3619 1141 3675 istos
1164 3619 1527 3688 evangelistas
1553 3618 1570 3688 (
1594 3616 1782 3671 Matth.
1816 3624 1870 3672 et
1899 3615 2094 3688 Joan.)

525 3710 723 3779 angeli,
768 3719 821 3764 et
868 3708 1176 3765 Servatoris
1218 3716 1344 3779 post
1392 3709 1849 3780 resurrectionem
1883 3709 2097 3778 appari-

526 3802 723 3860 tiones.
751 3801 892 3869 apud
921 3801 1022 3857 bos
1054 3801 1274 3870 inquam
1299 3801 1468 3862 solos.
1497 3783 1644 3855 velut
1664 3799 1802 3870 apud
1835 3800 2093 3870 potiores,

525 3899 581 3948 et
614 3892 791 3961 ipsius
823 3890 1134 3947 Servatoris
1182 3899 1520 3962 spectatores
1558 3897 1613 3947 et
1643 3890 1925 3946 auditores
1953 3890 2095 3946 rela-

529 3995 617 4048 tae,
659 3986 805 4041 hunc
834 3984 1082 4040 ordinem
1113 3993 1355 4042 teneant.
1399 3985 1516 4040 Duo
1560 4000 1689 4041 vero
1720 3985 1862 4055 apud
1893 3983 2095 4039 Lucam

527 4078 629 4133 viri
682 4078 738 4132 in
768 4087 917 4133 veste
972 4075 1213 4147 fulgente
1268 4075 1396 4140 visi,
1449 4075 1815 4132 solemnitatis
1853 4074 2095 4146 symbola

527 4174 637 4229 sint
673 4191 686 4226 :
722 4173 960 4242 itemque
981 4170 1202 4241 juvenis
1231 4170 1375 4239 apud
1404 4169 1649 4224 Marcum
1691 4169 1831 4225 stola
1863 4167 2095 4222 candida

525 4268 580 4316 ct
620 4261 736 4332 ipse
765 4269 1090 4331 coopertus,
1138 4260 1193 4315 in
1248 4260 1437 4315 dextra
1479 4275 1592 4315 non
1640 4269 1819 4314 autem
1871 4258 2096 4315 sinistra

529 4359 682 4422 parte
723 4359 1073 4422 conspectus.
1106 4351 1228 4406 laeta
1258 4359 1313 4407 et
1341 4352 1533 4407 dextra
1586 4351 1908 4406 mulieribus
1956 4365 2097 4405 nun-

528 4446 708 4510 tians;
740 4451 794 4499 et
847 4443 925 4511 hi,
966 4443 1211 4513 inquam,
1245 4443 1447 4499 diversi
1494 4443 1797 4499 habeantur
1830 4450 1944 4496 tum
1975 4455 2007 4495 a
2037 4457 2098 4497 se

526 4535 778 4602 invicem,
801 4543 911 4589 tum
941 4549 971 4588 a
1000 4534 1209 4606 primis.
1242 4534 1605 4601 Quamobrem
1636 4549 1705 4590 ne
1729 4534 1951 4605 angelos
1974 4534 2097 4605 qui-

2201 3353 2294 3406 καὶ
2324 3352 2450 3416 τοὺς
2481 3352 2703 3423 χρόνους
2729 3350 2973 3415 καὶτοὺς
2998 3352 3252 3423 τρόπους,
3281 3352 3374 3406 καὶ
3410 3354 3479 3408 τά
3507 3352 3776 3425 πρόσωπα

2200 3444 2309 3499 τῶν
2330 3443 2638 3515 θεωμένων,
2664 3444 2758 3498 καὶ
2784 3445 2910 3509 τοὺς
2942 3444 3050 3498 τῶν
3065 3443 3312 3513 ἀγγέλων
3338 3443 3547 3512 λόγους,
3575 3445 3679 3498 ούκ
3708 3444 3777 3499 ἄν

2200 3554 2285 3602 τις
2311 3536 2549 3605 εὐλόγως
2595 3536 2868 3609 μέμψαιτο
2909 3536 3204 3606 διαφωνίαν
3229 3537 3329 3608 τῆς
3368 3537 3607 3608 Γραφῆς,
3638 3536 3779 3608 άλη-

2202 3630 2464 3702 θευούσης
2499 3629 2735 3701 ἑκάστης
2761 3629 2903 3683 κατά
2931 3629 3021 3684 τὸν
3052 3629 3256 3694 οἰκείας
3307 3629 3547 3701 ἱστορίας
3592 3628 3775 3697 λόγον,

2199 3720 2471 3793 διαφόρων
2498 3738 2556 3774 τε
2586 3721 2924 3793 πραγμάτων
2948 3722 3221 3791 ὑφήγησιν
3240 3720 3525 3792 δηλούσης.
3560 3720 3700 3774 Ἀλλ’
3725 3721 3778 3775 oi

2205 3813 2304 3883 μὲν
2336 3812 2485 3884 παρά
2516 3812 2690 3866 τοῖσδε
2712 3816 2824 3877 τοῖς
2855 3813 3266 3882 εύαγγελισταῖς
3294 3812 3536 3881 ἄγγελοι,
3563 3811 3658 3867 καὶ
3678 3810 3778 3866 τοῦ

2203 3904 2452 3976 Σωτῆρος
2477 3906 2533 3958 al
2559 3904 2697 3976 μετά
2711 3903 2811 3976 τὴν
2832 3904 3125 3959 ἀνάστασιν
3150 3904 3478 3973 θεοφάνειαι,
3503 3904 3653 3977 παρά
3677 3904 3776 3976 μό-

2201 4011 2313 4057 νοις
2360 3993 2568 4058 τούτοις
2619 3995 2696 4058 ὼς
2743 3994 2809 4049 ἂν
2841 3993 2993 4066 παρά
3044 3994 3317 4066 κρείττοσι
3363 3996 3455 4049 καὶ
3484 3994 3650 4047 αὐτοῦ
3676 3993 3773 4048 τοῦ

2202 4086 2451 4157 Σωτῆρος
2478 4084 2771 4149 αύτόπταις
2796 4102 2855 4138 τε
2872 4086 2967 4139 καὶ
2994 4085 3280 4156 αὑτηκόοις
3310 4087 3625 4157 φερόμεναι,
3643 4085 3777 4140 ταύ-

2200 4194 2300 4248 την
2329 4176 2550 4241 σώζοιεν
2576 4176 2643 4230 ἂν
2665 4175 2762 4247 τὴν
2783 4175 3124 4230 ἀκολουθίαν.
3147 4177 3210 4230 Οί
3236 4176 3293 4230 δὲ
3322 4176 3472 4247 παρά
3491 4175 3569 4247 τῷ
3589 4176 3779 4247 Aona;

2201 4269 2294 4323 δύο
2325 4269 2514 4341 ἄνδρες
2544 4270 2601 4321 ὲν
2629 4267 2815 4339 ὲσθῆτι
2847 4266 3229 4341 ἀστραπτούσῃ
3260 4267 3549 4336 ὀφθέντες,
3584 4267 3674 4322 διὰ
3705 4267 3776 4323 τά

2201 4364 2300 4432 τῆς
2333 4362 2526 4430 ἑορτῆς
2567 4358 2810 4430 σύμϐολα
2829 4377 2842 4391 ·
2882 4359 2977 4413 καὶ
3006 4361 3034 4414 ό
3064 4359 3215 4431 παρά
3242 4359 3320 4430 τῷ
3357 4358 3569 4431 Μάρκῳ
3598 4358 3777 4413 νεανί-

2204 4464 2331 4510 σκος
2355 4446 2552 4517 λευκὴν
2583 4446 3041 4517 περιϐεϐλημένος
3077 4447 3171 4501 καὶ
3216 4448 3377 4511 αὐτὸς
3425 4447 3646 4519 στολὴν,
3684 4448 3773 4502 δε-

2204 4535 2314 4602 ξιός
2342 4553 2401 4589 τε
2425 4535 2539 4590 ἀλλ’
2568 4536 2670 4590 οὐκ
2694 4536 2980 4609 ἀριστερὸς
3011 4537 3341 4610 ἑωραμένος,
3364 4538 3442 4610 τῷ
3483 4555 3546 4591 τε
3572 4538 3776 4611 φαιδρὰ

526 4628 648 4683 :lem
683 4628 783 4683 bos
826 4627 1267 4690 nominaverunt,
1301 4642 1478 4697 neque
1520 4624 1827 4682 Servatoris
1859 4625 2097 4683 visiones

2201 4627 2295 4682 καὶ
2321 4627 2468 4694 δεξιὰ
2502 4629 2620 4690 ταῖς
2646 4628 2888 4697 γυναιξὶν
2926 4628 3386 4698 εὐαγγελίζεσθαι,
3411 4630 3571 4684 πάλιν
3597 4631 3781 4703 ἕτεροι

524 4728 938 4783 memorarunt,
1009 4718 1103 4774 sed
1169 4718 1477 4789 potioribus
1572 4733 1633 4773 se
1712 4716 1965 4774 Matthazo
2031 4732 2097 4772 ac

520 4809 716 4867 Joanni
764 4811 977 4881 potiora
1028 4811 1272 4867 scribere
1310 4818 1365 4866 et
1422 4810 1664 4867 historia:
1711 4810 2096 4866 commendare

521 4908 889 4975 permiserunt
925 4922 938 4959 :
972 4903 1075 4974 ipsi
1104 4918 1238 4959 vero
1278 4903 1518 4960 secunda
1550 4912 1862 4968 narrarunt,
1891 4910 1946 4957 et
1975 4917 2096 4973 quae

523 5006 646 5066 post
673 4997 857 5067 priora
889 5003 1110 5051 narrata
1138 5001 1434 5050 evenerant
1465 5014 1477 5050 :
1505 4993 1727 5050 omissis
1761 5001 1940 5048 autem
1972 5010 2094 5065 qum

523 5094 690 5144 testes
734 5088 969 5143 visuales
1000 5086 1113 5156 jam
1155 5087 1430 5151 dixerant,
1489 5086 1593 5156 ipsi
1624 5085 1693 5140 ab
1742 5084 1829 5140 liis
1877 5085 2095 5141 silentio

522 5183 793 5252 praaterita
820 5166 1242 5252 suppleverunt,
1270 5193 1389 5249 qua:
1406 5177 1625 5248 quidem
1645 5175 1886 5232 secunda
1912 5184 2091 5242 erant,

524 5275 806 5347 multoque
850 5276 1033 5345 priore
1078 5273 1307 5329 historia
1356 5272 1617 5327 inferiora
1663 5289 1676 5326 :
1714 5270 1796 5326 sic
1835 5268 2091 5325 nimirum

524 5375 714 5422 sancto
756 5365 964 5438 Spiritu
1004 5381 1275 5438 congruas
1328 5364 1561 5437 singulis
1603 5372 1927 5434 suggerente
1974 5376 2094 5416 nar-

526 5458 784 5513 rationes.

2198 4719 2264 4774 ἂν
2297 4716 2405 4774 εἶεν
2455 4720 2550 4773 καὶ
2603 4720 2776 4786 αὐτοὶ,
2811 4720 3056 4792 ἀλλήλων
3103 4739 3163 4774 τε
3203 4723 3297 4776 καὶ
3331 4721 3444 4777 τῶν
3480 4722 3632 4794 παρὰ
3660 4724 3777 4786 τοῖς

2197 4808 2446 4882 πρώτοις.
2496 4810 2586 4863 Διὸ
2630 4808 2751 4864 οὐδὲ
2794 4810 3057 4879 ἀγγέλους
3102 4810 3170 4864 αύ
3185 4812 3300 4875 τοὺς
3324 4811 3430 4864 οἵδε
3458 4811 3770 4883 ὠνόμασαν,

2194 4901 2315 4954 ἐπεὶ
2344 4901 2477 4972 μηδὲ
2505 4903 2614 4956 τῶν
2638 4901 2727 4957 τοῦ
2763 4903 3015 4975 Σωτῆρος
3055 4903 3328 4957 όπτασιῶν
3357 4904 3772 4976 ἐμνημόνευσαν

2195 4995 2305 5056 τοῖς
2332 4993 2633 5064 κρείττοσιν
2657 4994 2689 5065 ἦ
2724 4994 2845 5047 καθ’
2871 4994 3099 5058 ἑαυτοὺς
3133 4994 3398 5068 Ματθαίῳ
3424 4997 3519 5050 καὶ⁵
3550 4997 3774 5069 Ἰωάννῃ

2197 5085 2267 5139 τὰ
2295 5087 2576 5158 κρείττονα
2598 5087 2830 5157 γράφειν
2859 5087 2954 5141 καὶ⁸
2973 5088 3203 5160 ἱστορεῖν
3223 5089 3773 5161 παρακεχωρηκότες·

2200 5179 2352 5233 αὐτοὶ
2380 5178 2438 5232 δὲ
2468 5179 2536 5232 τὰ
2574 5178 2800 5251 δεύτερα
2830 5178 3204 5251 διηγούμενοι,
3243 5181 3336 5234 καὶ
3362 5180 3441 5251 τῷ
3480 5180 3659 5251 χρόνῳ
3705 5180 3777 5234 τὰ

2203 5270 2340 5341 μετά
2364 5270 2462 5343 τήν
2484 5270 2592 5324 τῶν
2627 5270 2856 5342 πρώτων
2890 5271 3106 5343 μνήμην
3130 5270 3354 5343 ὕστερον
3384 5269 3773 5341 πεπραγμένα,

2203 5362 2482 5433 παρῄεσαν
2536 5363 2635 5432 μὲν
2664 5361 2733 5415 τά
2766 5350 2927 5433 παρά
2967 5365 3078 5426 τοῖς
3137 5363 3434 5425 αύτόπταις
3485 5360 3775 5431 εἰρημένα,

2200 5453 2635 5527 ἀντανεπλήρουν
2659 5453 2715 5508 δὲ
2739 5454 2808 5507 τά
2841 5456 2968 5527 παρ’
2991 5454 3221 5518 ἐκείνοις
3253 5470 3443 5524 σεσιγη
3452 5454 3608 5523 μένα·
3636 5450 3674 5505 ἀ
3707 5451 3777 5523 δὴ

522 5546 749 5620 δεύτερα
802 5544 869 5621 ἦν
901 5549 993 5602 καὶ
1024 5547 1217 5621 μακρῷ
1272 5548 1569 5619 λειπόμενα
1610 5547 1707 5618 τῆς
1741 5544 1846 5599 τῶν
1886 5544 2164 5617 προτέρων
2203 5548 2474 5620 ἱστορίαν
2510 5547 2652 5602 οὓτω
2684 5548 2776 5602 τοῦ
2831 5548 2986 5618 ἀγίου
3040 5547 3356 5618 Πνεύματος
3401 5544 3777 5615 διανείμαντας

523 5645 623 5711 τὰς
657 5645 971 5713 πρεπούσας
1000 5646 1213 5716 ἑκάστῳ
1245 5646 1340 5699 καὶ
1367 5643 1732 5715 καταλλήλους
1756 5642 2059 5713 διηγήσεις.
2096 5668 2101 5671 τ

1266 5762 1349 5817 Vl.

600 5858 729 5924 ρυω
778 5857 941 5929 igitur
988 5856 1130 5932 apud
1174 5853 1377 5911 Lucrm
1413 5854 1568 5912 valde
1612 5869 1771 5912 mane
1809 5852 1878 5910 ad
1905 5867 2099 5911 monu-

2271 5847 2336 5905 ΑΞ
2356 5845 2483 5917 γοῦν
2517 5846 2661 5919 παρὰ
2686 5845 2761 5919 τῷ
2781 5751 3182 5919 Λουκιῇρθρου
3196 5844 3385 5919 βαθέος
3402 5845 3491 5900 ἐπὶ
3506 5843 3564 5899 τὸ
3586 5841 3778 5918 μνῆμα
