4134 6414
265 303 371 358 995

1056 286 1061 297 '
1124 300 1637 359 SUPPLEMENTA
1675 300 2162 369 QUESTIONUM
2201 304 2294 358 AD
2331 303 2679 364 MARINUM.

3414 308 3518 366 994

263 411 516 466 ἐλθοῦσαι
569 413 820 480 γυναῖκες
853 412 947 466 καὶ
1001 411 1264 485 φέρουσαι
1288 412 1325 468 ἃ
1349 414 1655 486 ἡτοίμασαν
1696 412 1840 488 ἀρώ-

1941 424 2187 472 mentum
2234 426 2501 473 venerunt
2543 419 2835 487 mulieres,
2882 427 3073 491 parata
3126 419 3364 477 ferentes
3392 437 3520 478 aro-

266 518 441 574 ματα,
506 502 690 575 ἕτεραι
733 501 800 556 ἂν
863 498 975 558 εἷεν
1010 503 1119 559 τῶν
1163 504 1313 578 παρά
1342 504 1422 576 τῷ
1452 505 1715 578 Ματθαίῳ
1748 506 1841 560 καὶ

274 597 514 669 Ἰωάννῃ.
562 597 636 650 Οὐ
676 596 784 669 γὰρ
824 596 889 651 ἂν
917 596 1031 669 ἔχοι
1065 598 1223 667 λόγον
1244 598 1343 662 τὰς
1383 598 1619 653 τοσαῦτα
1646 617 1844 673 προτε-

263 686 535 758 θεαμένας
566 688 786 760 Μαρίας
828 686 954 761 ἄρτι
984 688 1199 761 πρῶτον
1228 688 1498 763 ἀρώματα
1526 690 1733 762 φέρειν,
1767 689 1845 754 ὡς

265 777 431 849 μήπω
469 778 569 849 τὴν
602 778 894 835 ἀνάστασιν
933 780 1448 853 προμεμαθηκυίας.
1502 782 1698 853 Σαφῶς
1732 782 1843 853 γάρ

260 869 327 924 δι’
352 863 426 922 ὧν
453 887 583 941 φησι
615 870 851 924 δείκνυσι
875 872 957 924 ὅτι
985 873 1078 925 κα)⁵
1104 873 1154 925 οἱ
1174 872 1449 942 ὀφθέντες,
1483 872 1657 945 ἕτεροι
1691 873 1843 946 παρὰ

260 960 387 1024 τοὺς
435 961 742 1033 ἔμπροσθεν
792 961 1193 1035 δεδηλωμένους
1216 980 1230 995 ο
1265 965 1360 1018 καὶ
1417 966 1446 1018 6
1498 965 1660 1029 τόπος
1711 964 1842 1019 ἔνθα

259 1049 520 1124 ὤφθησαν
552 1053 757 1125 ἕτεροις⁹
793 1052 916 1107 οὐτε
938 1054 1047 1127 γὰρ
1078 1054 1209 1109 εἴσω
1238 1054 1334 1108 τοῦ
1366 1056 1646 1128 μνήματος
1676 1051 1838 1128 ἦσαν,

259 1143 336 1208 ὡς
371 1147 400 1198 6
441 1144 694 1215 Ἰωάννης
722 1143 977 1210 ἐδίδαξεν,
1011 1144 1134 1199 οὐτε
1172 1146 1266 1200 ἐπὶ
1297 1146 1389 1199 τὸν
1424 1145 1570 1199 λίθον
1609 1143 1839 1209 καθεζό-

264 1253 435 1308 μενοι,
465 1236 541 1301 ὡς
587 1239 615 1291 6
646 1237 798 1310 παρά
823 1236 899 1309 τῷ
949 1238 1211 1310 Ματθαίῳ
1265 1238 1495 1309 ἄγγελος
1515 1255 1530 1269 ’
1579 1238 1693 1292 ἀλλ’
1716 1237 1840 1291 οὐδὲ

259 1329 398 1394 ὅλως
430 1330 711 1402 ὠνόμασεν
737 1331 1003 1401 ἀγγέλους
1037 1333 1066 1384 6
1105 1332 1319 1395 Λουκᾶς
1343 1372 1358 1397 ,
1408 1330 1501 1384 δύο
1531 1331 1588 1385 δὲ
1619 1330 1837 1402 ἄνδρας,

262 1421 399 1493 πλὴν
427 1422 563 1476 ἀλλά
593 1424 687 1477 καὶ
711 1423 909 1488 αὐτοὺς
931 1425 989 1477 ὲν
1012 1422 1199 1496 ἐσθῆτι
1224 1423 1632 1494 ἀστραπτούσῃ,
1665 1422 1755 1476 διὰ
1771 1422 1839 1476 τὰ

258 1515 361 1585 τῆς
401 1516 594 1589 ἑορτῆς
629 1515 903 1586 σύμϐολαο
936 1518 1029 1571 καὶ
1058 1518 1107 1570 οἱ
1144 1517 1290 1586 λόγοι
1322 1516 1379 1570 δὲ
1409 1516 1589 1570 αὐτῶν
1619 1518 1670 1570 οἱ
1703 1516 1838 1588 πρὸς

259 1605 357 1669 τὰς
386 1609 647 1674 γυναῖκας
678 1608 935 1672 [διάξουσι
958 1624 972 1639 ’
1006 1608 1102 1662 καὶ
1146 1610 1202 1662 αἱ
1241 1611 1495 1678 γυναῖκες
1529 1608 1584 1662 δὲ
1621 1608 1838 1672 πλείους

257 1690 422 1766 ἦσαν,
452 1694 565 1748 ἀλλ’
598 1697 697 1767 οὐχ
727 1697 760 1768 ἠ
789 1696 941 1769 παρά
969 1697 1046 1768 τῷ
1070 1696 1334 1769 Ματθαίῳ
1356 1697 1450 1751 δύο
1472 1698 1705 1770 Μαρίαι,
1723 1698 1836 1751 ἀλλ’

1942 516 2111 574 mata,
2143 508 2371 565 diversae
2398 511 2467 565 ab
2496 511 2564 566 iis
2589 521 2751 567 erunt
2780 528 2903 584 qua:
2933 513 3078 584 apud
3110 512 3422 570 Mattbaeum
3453 530 3519 569 ac

1940 598 2206 655 Joannem
2235 611 2634 659 memorantur.
2661 602 2850 675 Neque
2878 606 3027 662 enim
3058 606 3384 662 rationabile
3411 614 3517 675 est,

1942 690 2143 748 Marias
2173 709 2295 764 quae
2320 695 2451 749 talia
2484 701 2612 751 ante
2641 696 2915 762 viderant,
2947 699 3359 769 nunc,primum
3390 714 3517 757 aro-

1940 792 2086 839 mata
2117 785 2352 851 delerre,
2385 788 2552 857 quasi
2565 786 2810 843 nondum
2840 790 3297 846 resurrectionem
3329 793 3521 849 novis~

1942 883 2085 931 sent.
2159 874 2451 933 Manifeste
2497 876 2752 933 videlicet
2801 877 2886 933 his
2930 895 3049 949 qua:
3092 880 3225 934 dicit
3273 880 3517 947 denotat,

1940 965 2088 1037 quod
2120 974 2176 1022 et
2205 968 2309 1023 visi
2337 969 2515 1040 angeli
2539 969 2742 1025 diversi
2778 968 2983 1025 fuerint
3011 971 3081 1025 ab
3110 978 3269 1027 antea
3300 980 3518 1043 specta-

1937 1057 2050 1124 tis;
2105 1066 2158 1113 et
2186 1058 2340 1114 locus
2367 1060 2458 1116 ubi
2509 1070 2638 1115 sunt
2667 1062 2793 1128 visi,
2841 1063 2972 1117 item
3016 1062 3302 1133 diversus;
3343 1078 3519 1136 neque

1938 1149 2085 1203 enim
2118 1148 2264 1203 intra
2289 1159 2703 1207 monumentum
2736 1162 2915 1218 erant,
2953 1161 3011 1208 ut
3034 1152 3275 1211 Joannes
3299 1156 3517 1224 docuit;

1939 1256 2118 1311 neque
2147 1240 2314 1312 lapidi
2345 1241 2670 1308 insidentes,
2703 1252 2762 1298 ut
2789 1244 2879 1300 ille
2911 1246 3054 1317 apud
3078 1245 3389 1302 Matthaeum
3413 1264 3516 1303 an-

1939 1336 2093 1407 gelus
2120 1355 2133 1391 :
2167 1350 2345 1406 neque
2371 1336 2596 1406 angelus
2629 1336 2834 1394 diserte
2856 1339 3148 1409 appellavit
3190 1355 3286 1397 eos
3315 1336 3515 1408 Lucas,

1938 1426 2035 1482 sed
2066 1427 2206 1483 duos
2253 1428 2425 1493 viros,
2474 1443 2790 1499 quanquam
2822 1430 2974 1500 ipsos
3020 1447 3239 1502 quoque
3268 1434 3321 1487 in
3369 1444 3521 1490 veste

1938 1514 2201 1587 fulgente,
2245 1517 2317 1572 ob
2368 1517 2733 1574 solemnitatis
2787 1519 3049 1575 indicium
3095 1541 3110 1577 :
3161 1524 3288 1579 item
3321 1524 3517 1580 horum

1938 1622 2222 1665 sermones
2254 1603 2324 1663 ad
2349 1610 2611 1665 mulieres
2639 1618 2769 1665 sunt
2795 1613 3100 1681 peculiares
3134 1633 3148 1670 :
3184 1625 3239 1671 et
3257 1617 3517 1673 mulieres

1939 1699 2121 1769 plures
2154 1716 2384 1756 numero
2426 1712 2592 1768 sunt,
2638 1718 2800 1773 quam
2843 1703 2965 1759 dua:
3006 1708 3149 1776 apud
3204 1708 3515 1765 Matthaeum

256 1786 594 1851 ἁπαξαπλῶς
636 1790 691 1842 αἱ
726 1789 1078 1843 συνελθοῦσαι
1104 1789 1254 1861 αὐτῷ
1287 1792 1351 1844 ὲκ
1383 1791 1481 1862 τῆς
1518 1790 1826 1854 Γαλιλαίας·

1934 1788 2137 1854 Mariae,
2186 1792 2280 1847 sed
2314 1791 2420 1846 illae
2464 1794 2690 1850 omnino
2721 1809 2842 1865 qua:
2874 1774 3059 1851 Jesuni
3089 1799 3361 1855 comitatae
3393 1799 3514 1856 fue-

257 1877 511 1950 ὀλίγωροι
546 1877 603 1931 δὲ
650 1879 745 1933 καὶ
800 1872 980 1943 αὗται,
1010 1880 1129 1934 οὐδὲ
1158 1884 1425 1951 τοσαύτην
1468 1880 1835 1951 ὲνδειξάμεναι

258 1971 491 2042 σπουδὴν
524 1972 653 2043 ὅσην
685 1972 740 2024 αἱ
774 1971 862 2026 διὰ
886 1973 1076 2037 νυκτὸς
1102 1974 1509 2046 καρτερήσασαι
1532 1974 1626 2027 καί⁵
1663 1992 1839 2045 παρα-

259 2062 512 2131 μείνασαι
539 2062 616 2134 τῷ
646 2064 914 2136 μνημείῳ.
944 2065 1230 2137 Μαρτυρεῖ
1255 2065 1387 2135 γοῦν
1417 2068 1444 2120 6
1470 2064 1745 2132 Ματθαίος
1767 2068 1834 2139 τῇ

254 2156 589 2229 Μαγδαληνῇ
622 2159 716 2211 καὶ
742 2161 809 2231 τῇ
839 2157 973 2231 άλλῃ
1010 2158 1199 2231 Μαρία
1220 2159 1464 2213 εὐτονίαν
1490 2160 1692 2230 πολλὴν
1744 2162 1838 2214 καὶ

255 2249 600 2322 παραμονὴν,
652 2249 824 2320 λέγων
883 2249 1020 2321 μετά
1076 2251 1137 2305 τὸ
1191 2251 1364 2316 πάθος
1423 2251 1591 2306 αὐτοῦ
1626 2254 1834 2308 ταῦτα’

258 2360 277 2392 ι
314 2336 424 2394 Ἦν
452 2341 508 2394 δὲ
540 2343 657 2395 ἐκεῖ
688 2339 875 2414 Μαρία
906 2343 939 2413 ὴ
974 2341 1306 2415 Μαγδαληνὴ
1330 2343 1425 2397 καὶ
1451 2344 1585 2417 άλλη
1625 2346 1835 2413 Μαρία,

254 2433 561 2506 καθήμεναι
581 2434 841 2489 ἀπέναντι
874 2434 969 2488 τοῦ
991 2435 1164 2504 τάφου
1187 2451 1201 2465 ο
1236 2454 1254 2486 ι
1287 2435 1400 2490 ἀλλ’
1446 2432 1606 2491 αὗται
1644 2439 1743 2509 μὲν
1768 2441 1834 2509 τῇ

253 2526 439 2598 ἡμέρᾳ
479 2526 581 2597 τῆς
628 2527 990 2599 Παραπευῆς
1034 2528 1417 2599 παρεκάθηντο
1464 2529 1692 2599 ἀντικρύ
1742 2529 1833 2583 τοῦ

254 2620 539 2690 μνήματος
560 2635 575 2651 ·
601 2619 682 2673 διὸ
710 2620 803 2673 καὶ⁵
829 2619 1023 2674 θᾶττον
1051 2621 1219 2693 ὁρῶσι
1245 2620 1460 2693 πρῶτον
1492 2621 1590 2691 μὲν
1615 2621 1705 2675 τὸν
1726 2620 1835 2693 τῷν

251 2710 472 2780 ἀγαθῶν
500 2712 751 2781 ἄγγελον,
785 2707 903 2766 εἶτα
936 2714 1029 2767 καὶ
1050 2713 1210 2768 αὐτὸν
1235 2713 1324 2767 τὸν
1349 2713 1447 2784 τῆς
1492 2712 1639 2783 ζωῆς
1671 2714 1837 2785 ἀρχηο

251 2807 370 2872 γόν.
413 2804 479 2857 Ἠ
500 2803 557 2858 δὲ
588 2805 737 2877 παρά
756 2804 835 2877 τῷ
871 2805 1090 2879 Ἰωάννῃ
1113 2844 1129 2870 ,
1163 2807 1257 2859 καὶ
1288 2804 1429 2876 αὕτη
1456 2805 1518 2858 τὸ
1545 2806 1644 2877 μὲν
1677 2805 1833 2879 πρῶ-

252 2915 343 2952 τον
384 2899 512 2963 τούς
561 2897 846 2969 ἀγγέλους,
896 2899 1034 2970 μετά
1065 2898 1120 2952 δὲ
1159 2898 1380 2964 τούτους
1432 2900 1526 2953 καὶ
1557 2899 1718 2965 αὐτὸν
1742 2900 1834 2955 τὸν

253 2990 485 3064 Σωτῆρα
513 2990 737 3063 θεωρεῖ·
772 2991 831 3044 οὐ
865 2989 970 3062 μὴν
997 2989 1267 3062 ἀρώματα
1287 2990 1480 3064 ἔφερον
1508 2983 1693 3057 αὗται,
1711 2991 1832 3044 οὐδὲ

252 3082 383 3154 περὶ
405 3080 608 3152 ταύτην
635 3079 979 3149 κατεγίνοντο
999 3080 1099 3151 τὴν
1131 3079 1387 3151 σπουδήν.
1420 3081 1486 3132 Ai
1511 3080 1568 3133 δὲ
1600 3080 1708 3134 ἀπὸ
1730 3080 1831 3151 τῆς

252 3174 540 3237 Γαλιλαίας
561 3172 990 3245 ἀκολουθήσασαι
1010 3170 1160 3243 αὐτῷ
1173 3175 1450 3240 γυναῖκες,
1469 3172 1659 3227 πολλαὶ
1675 3169 1831 3227 οὖσαι

250 3267 395 3321 κατά
420 3264 513 3320 τὸν
538 3266 769 3328 Λουκᾶν,
798 3266 864 3336 τῇ
892 3264 989 3336 μὲν
1020 3264 1349 3335 Παρασκευῇ
1398 3263 1830 3335 ὑποστρέψασαι,

252 3356 556 3428 ἡτοίμασαν
581 3355 650 3408 τὰ
672 3353 960 3427 ἀρώματα,
992 3352 1086 3408 ἀτε
1126 3353 1189 3424 δὴ
1235 3353 1399 3425 μηδὲν
1438 3352 1664 3425 μηδέπω
1708 3372 1832 3426 προ-

254 3449 523 3522 μαθοῦσαι
553 3449 680 3521 περ).
705 3465 804 3520 της
841 3446 1207 3510 ἀναστάσεως.
1231 3445 1323 3500 Διὸ
1353 3445 1578 3510 ταύταις
1619 3445 1719 3517 μὲν
1739 3446 1832 3500 δύο

192 3564 195 3567 ν
249 3542 445 3614 ἄνδρες
465 3543 524 3596 ὲν
548 3540 733 3611 ἐσθῆτι
762 3538 1146 3611 ἀστραπτούσῃ
1166 3538 1444 3608 φαίνονται
1459 3538 1554 3591 καὶ¹
1580 3538 1680 3609 τὴν
1710 3538 1833 3592 ἀνά-

250 3651 443 3689 στασιν
493 3630 954 3703 εὐαγγελίζονται.
1002 3630 1197 3685 Οὐκέτι
1250 3628 1307 3683 δὲ
1338 3630 1528 3693 αὐταῖς
1569 3629 1598 3681 6
1643 3628 1831 3700 Σωτὴρ

249 3726 429 3798 ὥερθη,
461 3725 650 3798 ὥσπερ
672 3719 764 3778 οὖν
788 3726 853 3795 τῇ
874 3721 1029 3795 παρὰ
1053 3720 1131 3793 τῷ
1165 3721 1386 3795 Ἰωάννῃ
1406 3722 1500 3775 καὶ
1530 3723 1649 3785 ταῖς
1682 3720 1831 3792 παρά

247 3820 327 3893 τῷ
368 3817 668 3890 Ματθαίῳ’
727 3816 868 3871 ὥστε
914 3815 1215 3880 ἰδιάζουσαν
1267 3814 1515 3886 ἡγεῖσθαι
1564 3814 1831 3887 προσήκει

249 3913 347 3985 τὴν
382 3911 641 3982 ἱστορίαν.
675 3907 833 3963 Κατὰ
853 3907 909 3962 δὲ
934 3908 1027 3961 τὸν
1058 3908 1283 3979 Μάρκον
1311 3906 1432 3961 λίαν
1462 3905 1606 3978 πρωῒ
1630 3909 1696 3977 τῇ
1733 3907 1832 3978 μιᾷ

247 4004 359 4060 τῶν
383 4002 676 4057 Σαϐὅάτων
704 4000 953 4073 ἔρχονται
981 4000 1074 4052 ἐπὶ
1093 3999 1155 4054 τὸ
1173 4017 1277 4071 μνη
1286 4001 1434 4070 μεῖον
1455 3998 1831 4061 ἀνατείλαντος

247 4099 345 4154 τοῦ
395 4099 548 4172 ἡλίου
592 4096 750 4153 ἄλλαι
804 4094 964 4148 πάλιν
997 4087 1177 4156 αὗται,
1232 4095 1323 4148 καὶ
1352 4095 1411 4148 ὲν
1449 4093 1622 4164 ἑτέρῳ
1654 4090 1831 4164 καιρῷ

248 4193 437 4259 πάλιν,
476 4192 533 4246 αἶ
571 4193 666 4247 καὶ
703 4191 887 4260 ἔλεγον
917 4188 1053 4261 πρὸς
1080 4186 1299 4250 ἑαυτὰς,
1336 4203 1355 4236 ι
1395 4185 1490 4249 Τίς
1513 4183 1830 4238 ἀποκυλίσει

247 4287 384 4357 ἡμῖν
414 4283 506 4339 τὸν
525 4282 702 4348 λίθον;
743 4302 761 4334 ι
782 4282 876 4335 καὶ
904 4281 1171 4353 ἔρχονται,
1203 4278 1296 4331 καὶ
1328 4276 1674 4347 εὑρίσκουσιν
1702 4275 1831 4327 ἀπο-

246 4373 658 4445 κεκυλισμένον,
691 4372 787 4426 καὶ
810 4370 1145 4426 είσελθοῦσαι
1172 4365 1310 4423 εἶδον
1354 4367 1632 4421 νεανίσκον
1655 4384 1669 4398 ⁸
1701 4366 1829 4420 ἔνθα

245 4466 410 4522 πάλιν
434 4466 528 4519 ἐπὶ
568 4462 662 4517 τοῦ
700 4461 887 4516 Λουκᾶ
912 4460 1101 4528 ἄνδρες
1131 4457 1245 4512 ἀλλ’
1272 4457 1372 4510 οὐκ
1410 4455 1629 4526 ἄγγελοι
1647 4496 1664 4523 ,
1689 4455 1830 4512 οὕτω
1860 4491 1905 4546 D

243 4561 320 4623 ὡς
355 4557 451 4612 καὶ
471 4555 568 4609 νῦν
596 4555 697 4608 οὐκ
717 4553 947 4623 ἄγγελος
971 4552 1304 4622 ὠνόμασται,
1337 4548 1474 4603 ἀλλά
1515 4549 1794 4613 νεανίσκος
1812 4567 1827 4580 ·

241 4650 387 4702 ὥστε
435 4646 528 4699 καὶ
563 4643 769 4715 ταύτην
810 4641 1200 4715 ἀφωρισμένην
1246 4636 1512 4710 εἶναιτὴν
1558 4639 1827 4710 διήγησιν,

244 4740 341 4794 καὶ
370 4738 466 4792 τὸν
492 4735 726 4806 ὀφθέντα
750 4735 935 4805 ἕτερον
954 4772 969 4796 ,
999 4732 1092 4785 καὶ
1127 4730 1225 4793 τὰς
1267 4726 1601 4800 ἀφικομένας
1640 4727 1827 4792 ἄλλας,

243 4832 341 4886 καὶ
369 4830 463 4883 τὸν
490 4827 682 4899 καιρὸν
709 4825 909 4898 ὁμοίως
940 4824 1032 4877 τὸν
1077 4820 1217 4893 μετά
1244 4819 1397 4893 ἡλίου
1432 4818 1692 4884 ἀνατολάς
1710 4835 1725 4850 ⁸
1771 4819 1831 4883 ὃς

243 4925 295 4978 εί
320 4923 421 4995 μὲν
453 4921 548 4974 καὶ
581 4918 733 4992 παρὰ
756 4916 835 4989 τῷ
866 4915 1053 4987 Λουκᾷ
1079 4913 1361 4985 τερήτητο,
1388 4910 1622 4979 εὐλόγως
1647 4910 1712 4964 ἄν
1742 4929 1828 4976 τις

240 5018 372 5080 τούς
402 5014 533 5087 παρ’
563 5011 713 5083 αὐτῷ
735 5010 829 5064 δύο
860 5008 1059 5081 ἄνδρας
1093 5004 1310 5077 ἀπῄτει,
1341 5005 1437 5057 καὶ
1474 5003 1601 5066 τοὺς
1630 5003 1833 5068 αὐτοὺς

1935 1890 2062 1937 rant
2110 1900 2176 1937 ex
2218 1882 2460 1941 Galilaza.
2493 1884 2558 1938 Et
2589 1886 2672 1941 liae
2742 1888 2958 1958 quidem
3006 1891 3307 1959 segniores,
3340 1907 3516 1962 neque

1936 1990 2036 2044 par
2060 1974 2300 2029 studium
2336 1991 2447 2046 pra
2472 1991 2532 2033 se
2567 1975 2804 2034 ferentes
2836 1979 2945 2034 illis
2973 1994 3096 2050 quae
3126 1988 3293 2034 noctu
3328 1998 3515 2051 perse-

1937 2072 2262 2118 veraverant
2302 2065 2449 2136 apud
2501 2068 2816 2137 sepulcrum
2866 2070 3123 2125 assiduae.
3163 2071 3516 2129 Contestatur

1937 2167 2069 2208 vero
2097 2152 2382 2212 Mattheus
2419 2154 2753 2227 Magdalenae
2778 2166 2834 2214 et
2856 2160 3014 2214 alteri
3061 2160 3244 2217 Maria:
3274 2165 3514 2235 vigorem

1938 2246 2172 2299 multum
2197 2257 2362 2319 atque
2389 2251 2779 2316 constantiam,
2813 2250 3004 2308 dicens
3037 2262 3163 2323 post
3205 2254 3516 2313 Servatoris

1939 2336 2248 2405 passionem
2276 2337 2357 2393 sic
2389 2357 2402 2392 :
2441 2357 2459 2389 ι
2498 2337 2628 2393 Erat
2657 2347 2837 2394 autem
2870 2341 2944 2395 ibi
2967 2341 3135 2396 Maria
3171 2342 3511 2417 Magdalene,

1934 2433 1990 2479 et
2017 2426 2186 2481 altera
2235 2426 2428 2495 Maria,
2464 2429 2716 2486 sedentes
2748 2439 2941 2486 contra
2986 2434 3319 2504 sepulcrum.
3351 2456 3370 2488 ι
3406 2436 3515 2495 Sed

1934 2518 2018 2575 hac
2045 2519 2266 2590 quidem
2296 2521 2413 2593 ipsa
2448 2522 2536 2579 die
2562 2522 2898 2581 Parasceves
2920 2526 3184 2582 sedebant
3209 2543 3392 2584 coram
3426 2547 3516 2587 se-

1934 2611 2127 2680 pulcro
2170 2631 2184 2666 :
2234 2613 2465 2684 ideoque
2512 2622 2567 2670 et
2612 2616 2848 2672 celerius
2890 2617 3076 2673 vident
3112 2619 3243 2675 boni
3286 2630 3516 2678 eventus

1935 2704 2214 2764 nuntium.
2249 2704 2447 2760 deinde
2489 2721 2671 2777 ipsum
2721 2707 2846 2763 vitae
2902 2718 3203 2766 auctorem.
3266 2712 3359 2767 Illa
3384 2728 3516 2769 vero

1934 2795 2079 2867 apud
2129 2793 2421 2864 Joannem,
2450 2805 2506 2853 et
2537 2799 2655 2868 ipsa
2698 2814 2919 2871 quoque
2956 2804 3135 2873 primo
3162 2803 3310 2860 videt
3348 2819 3518 2876 ange-

1934 2886 2037 2952 los,
2068 2895 2123 2942 et
2146 2897 2338 2957 postea
2370 2888 2716 2946 Servatorem
2756 2893 2935 2963 ipsum
2971 2912 2985 2948 :
3020 2909 3198 2965 neque
3220 2896 3303 2950 ha;
3328 2903 3515 2952 tamen

1933 2988 2180 3037 aromata
2210 2980 2478 3047 ferebant,
2506 2997 2684 3055 neque
2705 2983 2777 3039 ob
2802 3000 2923 3039 eam
2953 2974 3066 3041 rem
3084 2988 3380 3043 curandam
3406 2988 3517 3046 ive-

1932 3079 2076 3128 rant.
2111 3070 2217 3129 Sed
2248 3073 2353 3127 illae
2380 3073 2600 3129 demum
2623 3089 2744 3145 qua:
2768 3090 2833 3131 ex
2856 3074 3073 3131 Galilaaa
3100 3075 3287 3132 Jesum
3319 3080 3514 3137 subse-

1937 3171 2080 3219 cutae
2108 3163 2345 3233 fuerant,
2379 3167 2673 3237 multaeque
2698 3167 2841 3237 apud
2866 3167 3069 3223 Lucam
3100 3169 3374 3239 feruntur,
3417 3173 3508 3231 die

1936 3254 2272 3312 Parasceves
2302 3255 2370 3313 de
2411 3257 2533 3312 loco
2576 3273 2829 3325 reversae,
2878 3269 3210 3331 paraverunt
3242 3273 3509 3331 aromata,

1932 3350 2134 3420 quippe
2161 3364 2285 3421 quae
2322 3350 2534 3406 nullum
2584 3354 3008 3409 resurrectionis
3030 3355 3290 3411 indicium
3310 3371 3516 3429 cogno-

1931 3448 2144 3495 verant.
2178 3439 2391 3497 ldcirco
2416 3442 2502 3498 his
2524 3443 2634 3498 duo
2648 3443 2749 3499 viri
2782 3444 2840 3499 in
2870 3452 3025 3501 veste
3043 3445 3282 3517 fulgente
3306 3458 3511 3513 astant.

1930 3532 2297 3603 nuntiantque
2351 3536 2834 3592 resurrectionem.
2893 3536 3149 3593 Nondum
3191 3538 3281 3596 his
3326 3547 3513 3598 tamen

1934 3621 2194 3680 Servator
2224 3627 2500 3697 apparuit,
2533 3627 2677 3683 sicut
2713 3629 2789 3683 illi
2824 3638 3150 3700 apparuerat
3174 3631 3316 3701 apud
3346 3630 3514 3693 Joan-

1931 3730 2078 3782 nem,
2125 3724 2181 3773 et
2223 3718 2332 3774 illis
2382 3719 2526 3791 apud
2570 3718 2916 3789 Matthaeum;
2965 3721 3040 3776 ita
3079 3729 3141 3776 ut
3178 3723 3510 3793 peculiarem

1931 3805 2075 3883 hanc
2126 3816 2373 3878 oporteat
2422 3809 2710 3864 historiam
2740 3810 3077 3867 existimare.
3130 3812 3378 3884 Denique
3421 3830 3514 3871 sc-

1933 3899 2175 3955 cundum
2216 3900 2457 3956 Marcum
2493 3901 2652 3957 valde
2678 3918 2838 3959 mane
2882 3919 2988 3958 una
3022 3903 3384 3961 Sabbatorum
3415 3922 3512 3962 ve--

1929 3990 2089 4044 niunt
2116 3991 2185 4046 ad
2212 3998 2628 4046 monumentum
2660 4000 2782 4046 orto
2804 3992 2919 4062 jam
2952 3994 3086 4048 sole.
3140 3992 3274 4050 Aliae
3307 3998 3512 4067 pariter

1931 4083 2014 4138 hae
2042 4092 2172 4138 sunt
2190 4123 2205 4148 ,
2235 4077 2453 4155 alioque
2482 4085 2688 4155 pariter
2712 4094 2991 4156 tempore;
3024 4101 3147 4156 quae
3172 4096 3227 4143 et
3254 4087 3511 4145 dicebant

1931 4177 1996 4232 ad
2024 4176 2257 4232 invicem
2293 4197 2308 4233 :
2355 4195 2374 4228 ι
2412 4176 2546 4243 Quis
2577 4178 2817 4234 revolvet
2842 4178 3003 4233 nobis
3052 4178 3324 4249 lapidem?
3360 4199 3380 4232 ›
3415 4197 3510 4236 ve-
3556 4216 3557 4219 η

1929 4269 2220 4340 niuntque,
2256 4276 2312 4325 et
2340 4273 2646 4326 revolutum
2670 4271 3035 4342 comperiunt,
3066 4279 3119 4327 et
3144 4271 3510 4343 ingresszejn-

1931 4379 2125 4419 venem
2150 4363 2373 4427 vident;
2410 4365 2484 4418 ita
2510 4371 2572 4418 ut
2614 4364 2729 4419 haec
2755 4365 2922 4420 etiam
2952 4363 3181 4419 diversa:
3208 4365 3286 4419 rei
3317 4352 3540 4418 narra-‘

1932 4455 2011 4510 tio
2041 4457 2134 4520 sit,
2171 4464 2225 4512 et
2259 4456 2401 4512 alius
2426 4458 2520 4527 qui
2552 4456 2706 4513 visus
2731 4464 2837 4521 est,
2858 4464 2913 4512 et
2935 4457 3054 4513 aliae
3073 4473 3193 4527 quze
3218 4463 3507 4518 venerunt,

1932 4558 1988 4604 et
2020 4550 2272 4605 similiter
2302 4549 2407 4606 diei
2433 4559 2648 4621 tempus
2672 4559 2792 4620 post
2815 4550 2948 4606 solis
2972 4559 3152 4605 ortum
3189 4569 3201 4605 :
3233 4565 3353 4620 qua:
3372 4557 3508 4605 tem-

1929 4641 2082 4710 poris
2104 4640 2314 4696 notatio
2346 4639 2392 4695 si
2426 4640 2613 4695 eadem
2638 4640 2782 4711 apud
2808 4639 3011 4694 Lucam
3041 4642 3223 4703 lieret,
3251 4648 3395 4695 recte
3428 4640 3506 4695 lc-

1930 4740 2052 4787 ctor
2084 4746 2113 4786 a
2150 4732 2336 4788 Marco
2368 4733 2674 4803 requireret
2716 4741 2772 4787 et
2815 4734 2965 4788 viros
2994 4732 3168 4797 duos,
3204 4738 3256 4787 et
3284 4731 3505 4787 eosdem

1930 4838 2230 4880 sermones.
2288 4823 2443 4880 Nunc
2487 4840 2611 4881 cum
2641 4824 2820 4881 Lucas
2844 4825 2953 4881 diei
2980 4826 3166 4879 horam
3197 4830 3324 4878 ante
3371 4822 3507 4876 solis

1931 4924 2111 4970 ortum
2158 4921 2571 4989 prmoccuparit,
2604 4920 2800 4974 merito
2845 4925 2901 4972 et
2948 4917 3072 4972 illos
3118 4917 3213 4986 qui
3244 4916 3345 4970 visi
3378 4920 3509 4968 sunt

1933 5006 2073 5062 duos
2103 5008 2251 5067 viros
2275 5009 2410 5065 dicit
2432 5049 2447 5074 ,
2481 5026 2589 5066 non
2617 5016 2800 5064 autem
2827 5022 2992 5062 unum
3019 5007 3273 5077 juvenem
3297 5014 3505 5059 narrat.

241 5115 457 5189 λόγουῇ
480 5112 545 5165 El
570 5110 615 5163 δ’
636 5112 666 5164 6
687 5109 903 5170 Λουκᾶς
929 5105 1025 5160 τὸν
1062 5102 1166 5176 πρὸ
1213 5101 1364 5173 ἡλίου
1400 5098 1663 5170 ἀνατολῆς
1709 5101 1899 5173 καιρὸν
1937 5103 2261 5175 προῦλαϐεν,
2302 5106 2525 5170 εἰκότως
2562 5105 2656 5159 καὶ
2686 5106 2811 5169 τοὺς
2835 5104 2954 5158 τότε
2981 5101 3242 5173 ὀςρθέντας
3287 5100 3380 5155 δύο
3416 5099 3509 5154 ἀν-

241 5213 402 5286 δρας,
433 5208 548 5265 ἀλλ’
580 5208 641 5262 οὐ
671 5207 761 5261 τὸν
791 5204 1069 5261 νεανίσκον
1094 5202 1313 5273 ἱστορεῖ.

1008 5320 1082 5373 Z'.

316 5416 432 5488 (66)
454 5414 743 5486 Τεττάρων
771 5412 830 5467 δὲ
854 5412 1022 5466 ὄντων
1040 5409 1150 5465 τῶν
1170 5406 1567 5478 εὐαγγελιστῶν
1583 5446 1599 5472 ,
1647 5406 1824 5479 ἰσάρι-

243 5510 275 5564 θ
283 5526 375 5581 μοι
401 5506 607 5562 τούτων
629 5507 727 5561 καὶ
745 5507 803 5560 αί
829 5503 964 5576 πρὸς
986 5501 1165 5557 αὐτῶν
1184 5502 1582 5573 ἀναγραφείσαι
1612 5500 1827 5569 φαίνον-

240 5619 339 5659 ται
385 5599 676 5655 ὀπτασίαν
711 5599 767 5653 οἵ
817 5614 879 5653 τε
910 5595 1095 5670 καιροὶ
1119 5594 1416 5671 τέσσαρες..
1464 5592 1561 5649 καὶ
1604 5594 1654 5648 οί
1700 5591 1822 5648 καθ’

328 5761 453 5855 (δε),
474 5759 618 5853 99¢-
652 5760 721 5849 ᾼν
752 5757 789 5819 ῖς
811 5759 937 5845 515-

2666 5311 2778 5368 VII.

1999 5409 2119 5464 .lam
2156 5409 2284 5481 quia
2318 5415 2556 5480 quatuor
2583 5404 2930 5476 evangelistae
2959 5407 3107 5466 sunt,
3130 5414 3247 5471 pari
3280 5411 3507 5453 numero

1928 5500 2296 5571 comperimus
2329 5498 2472 5569 apud
2502 5498 2654 5567 ipsos
2681 5495 2916 5566 scriptas
2949 5491 3224 5557 visiones;
3259 5496 3505 5558 tempora

1928 5593 2059 5649 item
2089 5601 2360 5663 quatuor;
2402 5596 2457 5644 et
2502 5588 2579 5644 illi
2614 5588 2742 5644 item
2777 5585 2874 5657 qui
2903 5581 3136 5655 singulis
3164 5579 3509 5651 temporibus
