4114 6472
537 304 644 366 995

1241 295 1513 356 EUSEBll
1547 290 2026 354 CESARIENSIS
2056 290 2207 350 OPP.
2247 289 2426 347 PARS
2462 289 2554 347 lll.
2593 320 2663 331 —
2710 285 3128 344 EXEGETICA.

3695 282 3821 341 996

535 427 942 497 apparuerunt,
980 419 1291 492 singulares
1319 426 1448 474 sunt
1478 435 1493 474 :
1532 416 1763 473 diversae
1790 428 2008 486 quoque
2032 412 2120 467 vi-

2243 413 2454 467 ἱκαστον
2487 409 2676 482 καιρὸν
2698 407 2975 479 ὀφθέντες,
3006 404 3298 470 ἰδιάζοντες
3320 419 3335 434 ·
3374 402 3578 476 ὁμοίως
3620 401 3679 456 δὲ
3711 403 3825 456 καὶ

534 519 728 575 dentes
757 515 1037 579 mulieres,
1063 522 1118 570 et
1142 511 1520 584 apparentium
1558 508 1695 582 ipsis
1720 522 2003 567 sermones
2024 522 2121 562 va-

534 613 702 666 riant.
743 607 992 664 Primum
1028 605 1132 661 fuit
1173 618 1390 676 tempus
1418 603 1564 675 quod
1594 602 1787 659 scribit
1814 599 2119 661 Mattbaeus,

535 717 662 758 sero
692 698 1061 757 Sabbatorum
1086 697 1299 754 dicens.
1325 695 1594 763 Quartum
1615 703 1669 750 et
1694 693 1949 748 ultimum
1978 689 2123 761 apud

538 794 779 849 Marcum
809 801 932 847 orto
962 789 1073 861 jam
1111 790 1226 846 sole
1258 789 1581 844 decurrens.
1627 784 1803 840 Media
1829 790 1957 839 sunt
1987 790 2126 836 tem-

536 901 673 958 pora
698 884 840 956 apud
874 882 1141 939 Joannem
1174 891 1337 952 atque
1362 880 1587 935 Lucam.
1616 878 1911 949 Propterea
1939 883 1993 931 et
2020 874 2125 929 visi

538 977 720 1048 angeli
756 976 1065 1046 peculiares
1094 982 1245 1029 sunt.
1285 972 1420 1027 Nam
1448 986 1572 1027 sero
1601 968 1991 1034 Sabbatorum,
2028 982 2129 1020 an-

538 1069 694 1140 gelus
719 1083 863 1122 unus
896 1081 963 1121 ex
994 1072 1370 1130 monumento,
1404 1069 1528 1133 post
1576 1077 1736 1132 quem
1764 1069 1819 1115 et
1850 1060 1967 1130 ipse
1998 1055 2128 1112 Ser-

542 1168 717 1215 vator.
768 1158 928 1212 Mane
950 1163 1133 1212 autem
1159 1156 1289 1212 dum
1321 1155 1559 1211 tenebrat
1588 1153 1768 1208 adhuc
1799 1157 2008 1215 essent,
2042 1150 2130 1204 in-

541 1259 630 1306 tra
659 1257 1073 1306 monumentum
1102 1250 1279 1320 angeli
1308 1247 1445 1314 duo;
1484 1255 1606 1319 post
1630 1262 1770 1318 quos
1790 1245 1971 1301 denuo
2001 1244 2131 1299 Ser-

543 1354 727 1403 vator.
764 1344 936 1400 Valde
968 1359 1130 1399 mane
1165 1359 1297 1399 vero
1325 1343 1417 1397 alii
1456 1344 1760 1399 secundum
1782 1340 1983 1397 Lucam
2021 1340 2131 1395 duo

543 1438 649 1493 viri
678 1436 978 1501 nominati,
1017 1435 1165 1490 baud
1205 1436 1350 1489 intra
1382 1442 1796 1490 monumentum
1826 1433 2127 1503 conspecti.

542 1530 775 1586 Demum
806 1536 1119 1600 postremus
1148 1528 1394 1584 omnium
1424 1528 1646 1597 juvenis
1666 1528 1759 1599 qui
1786 1526 2133 1583 venientibus

546 1629 672 1678 orto
702 1622 817 1678 sole
847 1620 1170 1677 mulieribus
1204 1637 1263 1677 se
1289 1620 1510 1676 obtulit.
1552 1619 1609 1675 Si
1640 1634 1772 1690 ergo
1799 1635 1968 1674 unum
1998 1634 2133 1673 cun--

548 1715 625 1770 cti
652 1715 906 1783 idemque
939 1720 1157 1784 tempus
1189 1714 1565 1783 scripsissent,
1598 1711 1960 1782 eumdemque
1989 1709 2124 1765 desi-

2222 505 2279 558 αἰ
2328 502 2619 575 θεώμεναι,
2649 500 2923 574 διάφορον
2950 500 3043 554 καὶ
3090 497 3141 551 οί
3168 497 3277 551 τῶν
3308 495 3581 566 ὀφθέντων
3618 494 3827 559 αὐτοῖς

2221 597 2390 666 λόγοι,
2416 595 2839 657 διαλλάττοντες.
2884 591 3106 664 Πρῶτος
3137 589 3235 662 μὲν
3265 587 3376 661 γὰρ
3419 582 3487 659 ἦν
3537 586 3745 657 καιρὸς
3792 587 3827 638 6

2223 690 2375 761 παρά
2408 690 2487 760 τῷ
2517 687 2781 758 Ματθαίῳ
2808 685 2905 756 6ψέ
2935 684 3226 739 Σαϐϐάτων
3257 683 3582 754 λεγόμενος*
3611 680 3827 750 τέταρ-

2223 798 2316 845 τος
2342 780 2398 833 δέ
2428 780 2522 833 καὶ
2544 777 2853 840 τελευταῖος
2882 776 2911 828 6
2939 774 3093 847 παρά
3117 775 3196 843 τῷ
3233 775 3446 845 Μάρκῳ
3486 771 3641 843 ἡλίου
3673 771 3828 824 ἀνα-

2225 874 2500 936 τείλαντος
2526 869 2859 942 ίστορηθείς·
2896 867 3051 941 μέσοι
3083 866 3139 920 δὲ
3166 868 3194 920 ὅ
3214 883 3271 918 τε
3294 864 3447 937 παρὰ
3466 863 3547 934 τῷ
3582 863 3825 933 Ἰωάννῃ

2227 967 2323 1021 καὶ
2351 968 2379 1021 6
2398 965 2549 1038 παρά
2567 964 2645 1037 τῷ
2674 964 2888 1035 Λουκᾷ·
2917 961 2998 1015 διὸ
3031 962 3124 1015 καὶ
3147 961 3197 1013 οἱ
3216 959 3473 1028 ὀφθέντες
3514 955 3656 1010 κατά
3687 972 3827 1008 και-

2231 1059 2321 1133 ρὸν
2349 1058 2659 1123 ἰδιάζοντες.
2702 1055 2829 1127 Ὀψὲ
2860 1053 2959 1127 μέν
2988 1052 3095 1124 γὰρ
3126 1051 3419 1106 Σαϐϐάτων
3450 1048 3681 1118 ἄγγελος
3738 1041 3829 1110 εἷς

2230 1153 2294 1205 ἐκ
2320 1150 2413 1204 τοῦ
2448 1148 2756 1223 μνήματος·
2787 1147 2906 1220 μεθ’
2932 1148 2990 1201 ὃν
3024 1146 3117 1199 καὶ
3146 1144 3307 1207 αὐτὸς
3333 1145 3361 1196 ὀ
3400 1143 3626 1212 Σωτήρ⁹
3664 1139 3828 1210 πρωῒ

2229 1243 2285 1296 δὲ
2309 1243 2387 1297 ἐτι
2415 1243 2635 1306 σκοτίας
2660 1240 2845 1313 οὔσης,
2877 1242 3008 1295 είσω
3033 1238 3123 1292 τοῦ
3152 1239 3431 1310 μνήματος
3452 1233 3674 1303 ἄγγελοι
3699 1232 3827 1285 δύο·

2236 1336 2353 1408 μεθ’
2371 1334 2464 1399 οὓς
2496 1334 2655 1389 πάλιν
2683 1336 2711 1388 6
2731 1334 2895 1397 αὐτὸς
2909 1334 3120 1403 Σωτήρ.
3142 1329 3276 1403 Ὀρθ
3288 1346 3379 1401 ρον
3400 1329 3456 1382 δὲ
3480 1328 3673 1398 βαθέος
3700 1326 3832 1380 ἐτε-

2237 1445 2318 1499 ροι
2352 1427 2494 1481 κατά
2520 1428 2611 1481 τὸν
2656 1428 2871 1480 Λουκᾶν
2909 1424 3001 1479 δύο
3034 1425 3225 1495 ἄνδρες
3275 1419 3655 1491 ὠνομασμένοι
3718 1418 3832 1471 οὐκ

2234 1520 2365 1576 εἴσω
2390 1519 2484 1573 τοῦ
2523 1520 2803 1592 μνήματος
2827 1516 3101 1586 ὀφθέντες.
3137 1510 3250 1567 Εἶθ’
3299 1512 3524 1583 ὕστερον
3557 1511 3831 1564 ἁπάντων

2234 1614 2263 1665 6
2290 1610 2571 1673 νεανίσκος
2595 1648 2610 1673 ,
2647 1610 2676 1662 6
2711 1609 2830 1669 ταῖς
2853 1604 3007 1678 ἡλίου
3035 1600 3408 1664 ἀνατείλαντος
3454 1597 3833 1669 ἀφικομέναις

2234 1702 2580 1773 τεθεαμένος.
2643 1701 2708 1754 Εἰ
2776 1699 2875 1771 μὲν
2919 1694 3013 1753 οὖν
3054 1696 3168 1751 ’ἕνα
3226 1694 3417 1766 καιρὸν
3461 1693 3752 1763 εἰρηκότες
3779 1692 3835 1743 οἰ

551 1813 816 1877 gnassent
841 1805 1021 1859 locum
1042 1844 1057 1869 ,
1087 1819 1264 1875 neque
1291 1811 1472 1859 tamen
1504 1803 1724 1859 easdem
1765 1803 2134 1873 apparitiones

2243 1796 2439 1860 πάντες
2496 1795 2588 1848 καὶ
2636 1793 2728 1848 τὸν
2793 1791 2956 1846 αὑτὸν
3003 1788 3416 1862 ἀναγράψαντες
3487 1786 3657 1839 τόπον
3680 1825 3699 1848 ,
3765 1783 3833 1837 οὐ

550 1897 955 1969 exposuissent,
971 1898 1169 1952 merito
1194 1895 1428 1952 fortasse
1453 1896 1653 1967 aliquis
1669 1910 1958 1952 censuram
1979 1909 2136 1950 exer-

552 1998 719 2045 ceret.
772 1986 879 2041 Sed
909 2002 1035 2041 cum
1061 1996 1307 2058 tempora
1334 1987 1687 2043 distinxerim
1708 2029 1724 2054 ,
1758 1996 1812 2043 et
1840 1986 2137 2056 unicuique

554 2079 785 2151 tempori
806 2080 987 2134 locum
1012 2081 1295 2151 proprium
1319 2079 1876 2142 accommodaverint.
1891 2078 2139 2149 sequitur

552 2178 615 2226 ut
671 2170 917 2226 diversas
986 2185 1206 2241 quoque
1270 2169 1648 2239 apparitiones
1711 2166 2135 2238 descripserint.

555 2262 712 2317 Sicut
735 2271 950 2326 contra,
981 2262 1029 2316 si
1065 2276 1229 2315 unam
1259 2260 1447 2315 cuncti
1472 2259 1872 2331 apparitionem
1904 2273 2141 2313 comme-

553 2360 885 2418 morassent,
938 2368 1220 2423 unumque
1267 2352 1541 2407 dixissent
1585 2352 1873 2421 angelum,
1907 2358 2001 2404 aut
2029 2349 2139 2404 duo

555 2441 907 2499 concorditer
938 2441 1185 2509 angelos,
1218 2441 1304 2496 vel
1333 2441 1461 2496 item
1494 2439 1635 2495 duos
1669 2441 1837 2505 viros,
1866 2448 1960 2496 aut
1978 2439 2139 2510 juve-

554 2547 682 2587 nem
731 2546 943 2592 unnm;
980 2538 1096 2585 tum
1135 2529 1336 2586 deinde
1379 2538 1627 2600 tempora
1660 2530 1997 2593 variassent,
2038 2544 2140 2585 nec

557 2637 730 2677 unum
781 2620 1141 2677 denotassent
1195 2622 1415 2686 locum,
1448 2622 1525 2675 ita
1572 2636 1792 2691 quoque
1838 2620 2140 2691 reprehen—

557 2714 698 2771 δίοιιί
731 2714 888 2769 locus
929 2721 1097 2770 esset.
1127 2712 1283 2767 Nunc
1307 2728 1490 2768 sermo
1526 2713 1838 2783 prrecipuus
1886 2719 1941 2767 et
1988 2711 2135 2766 inva-

557 2803 773 2859 riabilis
814 2811 1022 2867 manet,
1063 2803 1301 2860 diversis
1367 2803 1713 2874 temporibus
1759 2803 2006 2873 locisque
2045 2816 2141 2855 va-

557 2896 768 2950 riantes
818 2894 1061 2950 visiones
1104 2894 1340 2981 .sistens,
1394 2901 1450 2950 et
1497 2893 1692 2948 harum
1741 2892 2138 2964 spectatrices,

558 2987 696 3043 item
744 2987 1020 3054 diversas,
1052 2987 1191 3043 duas
1248 2987 1372 3043 illas
1427 2987 1640 3057 priores
1690 2985 1940 3042 diversas
1974 3001 2004 3039 a
2050 3001 2139 3040 se-

559 3078 766 3143 cunda,
797 3078 1098 3149 tertiasque
1147 3078 1406 3134 similiter
1457 3094 1488 3133 a
1536 3078 1752 3149 quartis
1803 3077 2137 3133 dill'erentes.

559 3170 832 3227 Nimirum
887 3178 1009 3243 post
1053 3170 1277 3241 juvenis
1321 3184 1448 3226 cum
1489 3170 1784 3240 postremis
1817 3169 2142 3225 mulieribus

561 3264 919 3335 colloquium,
950 3279 1184 3335 quarum
1220 3263 1443 3317 nomina
1476 3278 1585 3317 non
1620 3272 1921 3333 ponuntur,
1965 3261 2143 3333 pergit

562 3354 747 3410 dicere
773 3353 992 3410 Marcus
1025 3373 1039 3410 :
1081 3374 1097 3406 ι
1128 3353 1249 3421 Quo
1292 3354 1482 3409 audito
1526 3354 1804 3424 fugerunt,
1836 3363 1889 3409 et
1937 3354 2142 3410 nemini

562 3444 864 3514 quidquam
905 3444 1185 3507 dixerunt,
1223 3444 1492 3499 timebant
1545 3445 1715 3499 enim.
1751 3463 1770 3497 ι
1805 3443 1899 3499 liae
1946 3461 2145 3515 nempe

563 3536 789 3591 fuerunt
832 3535 1127 3604 ejusmodi,
1159 3535 1373 3605 pavidae
1418 3551 1483 3591 ac
1529 3538 1697 3594 nimis
1753 3536 2141 3600 formidolosae,

564 3626 624 3682 in
642 3633 856 3680 tantum
891 3635 949 3680 ut
984 3640 1052 3681 ne
1077 3626 1267 3695 juveni
1296 3625 1517 3697 quidem
1553 3628 1921 3684 auscultarint
1942 3629 2144 3684 dicenti

564 3719 648 3776 eis
684 3736 698 3773 :
738 3737 758 3772 ι
788 3718 865 3773 Ite
894 3726 950 3774 et
983 3717 1153 3774 dicite
1193 3719 1484 3789 discipulis
1519 3721 1639 3790 ejus
1669 3728 1723 3776 et
1760 3720 1924 3776 Petro
1953 3739 1969 3776 :
2002 3721 2145 3778 Ecce

565 3812 830 3884 pmedit
857 3826 955 3866 vos
986 3811 1042 3865 in
1074 3809 1372 3867 Galilaeam.
1408 3832 1427 3865 ι
1472 3813 1568 3868 His
1612 3814 1757 3867 enim
1789 3813 1991 3869 auditis
2030 3829 2147 3870 ser-

566 3900 848 3965 monibus,
899 3900 1238 3954 contrarium
1267 3902 1541 3957 fecerunt.
1590 3901 1660 3954 At
1705 3903 1810 3956 illa:
1848 3903 1992 3974 apud
2032 3903 2144 3958 Lu-

567 4006 715 4057 cam,
744 3992 813 4047 de
855 4000 1216 4047 monumento
1260 4007 1524 4058 reversae,
1583 3995 1979 4051 nuntiaverunt
2030 3996 2147 4051 haec

568 4086 756 4140 omnia
794 4085 1068 4141 undecim.
1106 4084 1372 4142 Similiter
1393 4096 1448 4142 et
1476 4088 1620 4158 apud
1648 4087 1918 4144 Joannem
1951 4090 2148 4145 mulier

568 4179 719 4234 venit
764 4177 833 4232 ad
869 4177 1195 4249 discipulos,
1249 4194 1433 4234 rerum
1469 4195 1606 4250 quas
1659 4179 1873 4235 viderat
1927 4181 2143 4236 nuntia.

572 4267 716 4326 Sola:
743 4271 850 4325 illa:
889 4270 1033 4340 apud
1082 4269 1327 4324 Marcum
1356 4280 1643 4343 postrema:
1672 4273 2144 4343 supervenientes,

572 4352 812 4432 vereque
844 4363 1122 4429 serotinis,
1166 4361 1240 4416 ita
1271 4371 1332 4416 ut
1361 4374 1486 4433 post
1513 4370 1696 4417 ortum
1724 4363 1854 4419 illuc
1886 4379 2148 4435 pervene-

572 4452 688 4508 rint
720 4492 737 4518 ,
768 4468 946 4522 neque
975 4452 1322 4509 Servatorem
1352 4454 1537 4511 videre
1570 4454 1749 4527 digna:
1778 4454 2020 4522 fuerunt,
2050 4472 2148 4513 ne-

572 4556 683 4614 que
725 4558 898 4597 unum
938 4542 1239 4615 fulgentem
1278 4545 1552 4615 angelum,
1599 4562 1777 4617 neque
1818 4546 1957 4603 duos
2005 4548 2151 4602 intra

571 4644 1015 4702 monumentum,
1058 4652 1237 4708 neque
1278 4637 1403 4695 illos
1436 4654 1576 4709 quos
1614 4639 1762 4697 viros
1782 4639 1915 4696 dicit
1936 4640 2148 4699 Lucas:

572 4727 867 4800 quemdam
917 4729 1301 4785 tantummodo
1341 4730 1599 4799 juvenem
1641 4741 1973 4803 aspexernnt
2018 4750 2152 4790 can-

574 4819 704 4876 dida
731 4821 877 4877 stola
905 4833 1228 4894 coOpertum
1256 4862 1271 4887 ,
1300 4837 1603 4894 congruam
1654 4822 1866 4895 exigua:
1908 4826 2151 4894 ipsarum

573 4913 746 4970 menti
772 4913 1040 4969 visionem
1073 4921 1383 4971 consecutae
1414 4933 1429 4970 :
1467 4924 1524 4971 et
1570 4914 1718 4970 hunc
1742 4916 1986 4972 albatum
2024 4915 2152 4973 festi

573 5020 744 5063 causa
773 5012 1091 5077 spectantes
1112 5047 1128 5074 ,
1162 5014 1347 5063 tamen
1381 5006 1667 5064 admiratae.
1700 5018 1864 5079 sunt;
1889 5011 1969 5067 sic
2004 5009 2152 5066 enim

574 5097 642 5154 de
696 5098 787 5155 bis
834 5097 1054 5156 Marcus
1104 5108 1381 5169 testatur;
1411 5116 1726 5173 quanquam
1771 5102 1828 5157 in
1871 5103 2152 5173 prioribus

571 5190 726 5245 nulla
754 5192 999 5262 stuporis
1034 5194 1235 5249 mentio
1268 5200 1374 5250 est.
1410 5194 1525 5265 Age
1566 5210 1718 5262 vero,
1774 5193 2150 5266 Magdalenam

573 5291 896 5339 constanter
921 5285 975 5340 in
1000 5285 1124 5341 loco
1151 5294 1618 5357 perseverantem,
1647 5285 1910 5343 credibile
1935 5296 2020 5343 est
2043 5302 2153 5342 non

574 5374 789 5446 priores
819 5383 1038 5432 tantum
1072 5379 1443 5450 apparitiones
1468 5379 1677 5436 vidisse
1713 5379 2034 5450 angelorum
2056 5380 2153 5450 qui

575 5467 685 5525 sibi
727 5467 824 5523 uni
852 5477 1234 5537 occurrerant,
1265 5471 1364 5527 sed
1405 5479 1461 5527 et
1510 5472 1664 5527 illum
1713 5470 1860 5542 apud
1907 5470 2152 5525 Marcum

577 5560 809 5633 reliquis
855 5563 1184 5619 mulieribus
1233 5573 1592 5634 conspectum
1654 5565 1936 5637 juvenem.
1999 5563 2151 5619 Idem

576 5654 734 5713 dicas
786 5655 916 5711 licet
957 5657 1124 5711 etiam
1169 5656 1238 5714 de
1282 5657 1517 5715 historia
1572 5658 1717 5731 apud
1777 5656 2001 5728 Lucam,
2057 5658 2152 5729 qui

580 5756 705 5822 post
735 5748 1030 5822 multarum
1075 5750 1367 5809 mulierum
1418 5752 1735 5823 adventum,
1768 5762 1821 5813 et
1846 5761 1970 5828 post
2014 5752 2154 5810 duo-

2234 1887 2338 1952 τὰς
2399 1886 2570 1950 αύτάς
2627 1885 2948 1956 ἐπιφανείας
2991 1883 3252 1955 ἐδήλουν,
3300 1879 3405 1934 κᾶν
3463 1878 3705 1948 εὐλόγως
3764 1876 3835 1930 ἄν

2236 1996 2320 2043 τις
2363 1977 2670 2049 ἐμέμψατο.
2710 1977 2773 2029 Εἰ
2806 1976 2850 2029 δ’
2884 1974 3167 2047 ἀφώρισαν
3212 1973 3339 2036 τοὺς
3372 1971 3633 2043 χρόνους,
3685 1968 3835 2022 ἔνει-

2242 2070 2349 2141 μάν
2416 2086 2477 2123 τε
2550 2066 2672 2122 καθ’
2735 2067 2965 2120 ἕκαστον
3024 2065 3220 2138 χρόνοι
3279 2064 3373 2117 καὶ
3452 2063 3616 2116 τόπον
3688 2061 3832 2115 ἰδιά-

2239 2162 2434 2227 ζοντα,
2471 2159 2780 2223 ἀκολούθως
2830 2158 2889 2212 δέ
2934 2157 3221 2229 διαφόρους
3272 2156 3367 2210 καὶ
3418 2158 3517 2219 τὰς
3553 2153 3835 2217 ὀπτασίας

2237 2252 2572 2326 ἀνέγραψαν.
2618 2252 2705 2316 Ὦς
2738 2250 2897 2323 εἴπερ
2925 2247 3063 2324 ἦσαν
3098 2251 3228 2321 μιᾶς
3259 2249 3359 2320 μὲν
3395 2250 3445 2301 οἰ
3467 2249 3668 2311 πάντες
3702 2238 3835 2301 ἐπι-

2240 2347 2466 2417 φανείας
2513 2345 3008 2417 μνημονεύσαντες,
3041 2346 3135 2398 καὶ
3185 2344 3282 2396 ἕνα
3343 2342 3541 2411 φάντες
3592 2340 3833 2410 ἄγγελον

2240 2434 2481 2510 ὦφθαιῆ
2521 2439 2614 2492 δύο
2660 2438 2965 2509 συμφώνως
3006 2436 3277 2507 ἀγγέλους
3324 2435 3638 2506 εἰρηκότες,
3682 2434 3719 2504 ἢ
3756 2428 3831 2488 αὗ

2242 2531 2403 2585 πάλιν
2432 2530 2525 2584 δύο
2553 2530 2752 2602 ἄνδρας
2776 2529 2808 2601 ἢ
2839 2529 3118 2584 νεανίσκον
3146 2528 3275 2580 ’ἐναο
3305 2522 3422 2579 εἶτα
3442 2528 3570 2588 τοὺς
3598 2526 3832 2595 καιροὺς

2239 2624 2586 2697 διήλλαττον,
2626 2623 2659 2695 ἦ
2705 2624 2779 2695 μὴ
2811 2623 2941 2685 τοὺς
2987 2622 3183 2685 αὐτοὺς
3222 2619 3439 2689 ἐδήλουν
3489 2619 3727 2682 τόπους,
3759 2613 3832 2688 ἡν

2240 2714 2307 2769 ἂν
2338 2714 2432 2767 καί⁹
2472 2712 2615 2767 οὓτω
2673 2710 3009 2783 μέμψασθαι.
3059 2708 3174 2762 Νῦν
3207 2707 3251 2761 δ’
3301 2710 3330 2761 6
3379 2706 3538 2774 λόγος
3586 2704 3830 2776 ἀκριϐὴς

2246 2806 2393 2877 μένει
2449 2805 2542 2859 καὶ
2600 2802 2919 2874 ἀδιάϐλητος
2980 2800 3074 2853 ἐπὶ
3134 2801 3345 2870 καιροῖς
3393 2796 3670 2869 διαφόροις
3730 2798 3833 2849 καὶ

2241 2898 2427 2962 τόποις
2455 2894 2878 2957 ἐναλλαττούσας
2908 2892 3004 2957 τὰς
3031 2891 3297 2955 ὀπτασίας
3320 2892 3575 2959 εἰσάγων,
3602 2888 3699 2943 καὶ
3728 2887 3832 2951 τὰς

2242 2990 2445 3045 τούτων
2480 2988 2718 3061 θεωροὺς
2765 2988 2927 3041 πάλιν
2954 2986 3278 3057 διαφόρους,
3330 2984 3521 3056 ἐτέρας
3579 2982 3679 3055 μὲν
3731 2982 3835 3044 τὰς

2244 3081 2337 3135 δύο
2372 3080 2615 3154 πρώτας,
2658 3079 2808 3152 παρά
2836 3079 2936 3151 τὴν
2964 3077 3252 3149 δευτέρανο
3293 3076 3388 3130 καὶ
3420 3074 3519 3140 τάς
3549 3074 3740 3147 τρίτας
3773 3073 3834 3127 δὲ

2249 3172 2508 3237 ὡσαύτως
2536 3172 2730 3245 ἐτέρας
2756 3171 2865 3223 τῶν
2903 3170 3197 3243 τετάρτων.
3249 3169 3457 3222 Αὐτίκα
3480 3168 3522 3221 δ’
3556 3164 3650 3221 οὖν
3689 3168 3834 3238 μετά

2250 3267 2349 3339 τὴν
2369 3265 2463 3319 τοῦ
2480 3264 2761 3319 νεανίσκου
2794 3262 2931 3336 πρὸς
2957 3261 3054 3326 τὰς
3079 3261 3394 3324 τελευταίας
3412 3262 3677 3330 γυναῖκας
3711 3261 3837 3330 ὁμι-

2250 3359 2391 3423 λίαν,
2412 3353 2487 3413 ὧν
2508 3358 2575 3412 τὰ
2602 3357 2839 3428 ὀνόματα
2869 3355 2969 3409 οὐκ
2986 3353 3339 3427 ὲμφέρονται,
3357 3353 3597 3421 ἐπιλέγει
3612 3354 3640 3405 ὁ
3672 3352 3836 3422 Μάρ-

2251 3465 2368 3515 κος’
2398 3470 2415 3501 ι
2441 3448 2552 3504 Καὶ¹
2586 3447 2884 3502 ἀκούσασαι
2918 3445 3138 3515 ἔφυγον,
3174 3445 3268 3498 καὶ
3283 3444 3457 3498 οὐδενὶ
3483 3443 3634 3497 οὐδὲν
3654 3437 3832 3507 εἷπον,

2251 3541 2545 3613 ἐφοϐοῦντο
2580 3540 2719 3611 γάρ·
2754 3559 2771 3593 ιι
2808 3535 2967 3592 αὗται
2989 3538 3086 3609 μὲν
3102 3533 3193 3592 οὖν
3208 3537 3455 3591 τοιαῦται
3471 3537 3835 3608 καὶέμφοϐοι,

2251 3637 2347 3690 καὶ
2378 3635 2499 3688 λίαν
2519 3632 2710 3697 δειλαὶ,
2725 3632 2799 3696 ὡς
2820 3631 2953 3703 μηδέ
2978 3630 3266 3702 πεισθῆναι
3283 3629 3362 3701 τῷ
3379 3630 3648 3701 νεανίσκῳ
3668 3630 3831 3699 φάντι

2252 3723 2388 3796 πρὸς
2423 3721 2625 3785 αύτάςο
2672 3740 2690 3773 ι
2728 3721 2995 3789 Ὑπάγετε
3044 3721 3139 3774 καὶ
3183 3718 3375 3773 εἴπατε
3412 3722 3526 3783 τοῖς
3561 3719 3830 3791 μαθηταῖς

2249 3815 2415 3870 αὐτοῦ
2449 3815 2543 3868 καί
2585 3811 2663 3884 τῷ
2719 3812 2944 3883 Πέτρῳ,
2983 3811 3112 3865 Ἰδοὺ
3155 3810 3387 3883 προάγει
3418 3811 3563 3881 ὑμᾶς
3613 3812 3692 3872 εἰς
3736 3809 3837 3881 τὴν

2251 3905 2572 3960 Γαλιλαίαν’
2620 3922 2639 3955 ι
2686 3901 2890 3956 τούτων
2940 3900 3049 3973 γὰρ
3102 3900 3406 3954 ἀκούσασαι
3468 3900 3577 3953 τῶν
3632 3899 3830 3969 λόγων,

2251 3995 2560 4053 τούναντίον
2592 3992 2951 4066 διεπράξαντο
2974 4009 2988 4025 ο
3024 3995 3080 4046 αἰ
3107 3992 3165 4046 δὲ
3196 3992 3348 4063 παρά
3375 3992 3453 4063 τῷ
3474 3993 3658 4064 Λουκᾷ
3696 3994 3833 4045 ἀπο-

2256 4090 2554 4163 στρέψασαι
2618 4088 2726 4141 ἀπὸ
2781 4085 2877 4140 τοῦ
2933 4088 3213 4158 μνήματος
3265 4086 3608 4159 ἀπήγγειλαν
3660 4085 3832 4140 ταῦτα

2253 4185 2429 4238 πάντα
2448 4185 2560 4246 τοῖς
2588 4180 2801 4234 ἕνδεκα.
2830 4178 3058 4251 Ὁμοίως
3082 4178 3139 4232 δὲ
3162 4179 3255 4234 καὶ
3279 4180 3313 4251 ἡ
3336 4179 3488 4252 παρὰ
3509 4178 3586 4250 τῷ
3613 4179 3830 4255 Ἰωάννῃ

2252 4277 2471 4350 ἔρχεται
2504 4274 2640 4347 πρὸς
2664 4273 2792 4337 τοὺς
2824 4271 3070 4345 μαθητὰς
3092 4271 3509 4341 ἀπαγγέλλουσα
3534 4270 3570 4326 ἃ
3594 4270 3827 4346 ἑώρακε.

2252 4370 2427 4425 Μόναι
2460 4368 2516 4422 δὲ
2548 4368 2604 4421 αἰ
2642 4365 2793 4438 παρά
2817 4364 2895 4437 τῷ
2923 4365 3138 4437 Μάρκῳ
3173 4364 3361 4419 πασῶν
3393 4364 3617 4419 ὕσταται
3647 4363 3832 4418 ἐλθοῦ-

2256 4473 2367 4522 σαι,
2405 4456 2499 4510 καὶ
2526 4454 2741 4526 ἀληθῶς
2767 4453 3094 4524 ὀψισθεϊσαι,
3121 4454 3196 4517 ώς
3223 4452 3361 4525 μετά
3393 4453 3654 4525 ἀνατολὴν
3680 4454 3828 4526 ἡλίου

2256 4552 2563 4620 ἐπιστῆναι,
2583 4546 2707 4601 οὕτε
2736 4547 2826 4601 τὸν
2856 4547 3085 4619 Σωτῆρα
3107 4546 3403 4602 θεάσασθαι
3430 4548 3826 4615 καταξιοῦνται,

2255 4640 2379 4696 οὔτε
2401 4640 2493 4694 τὸν
2525 4639 2753 4708 ἄγγελον
2785 4638 2876 4693 τὸν
2908 4635 3370 4710 ἐξαστράπτοντα,
3406 4638 3529 4692 οὔτε
3573 4641 3700 4705 τοὺς
3740 4639 3829 4694 δύο

2252 4732 2380 4795 τοὺς
2406 4731 2537 4785 είσω
2585 4729 2680 4784 τοῦ
2716 4731 3015 4803 μνήματος,
3065 4729 3190 4784 οὔτε
3222 4732 3346 4795 τοὺς
3384 4729 3477 4785 δύο
3522 4732 3648 4794 τοὺς
3683 4730 3827 4803 παρά

2252 4825 2332 4896 τῷ
2374 4825 2558 4895 Λουκᾷ
2606 4823 2840 4895 ἄνδρας·
2883 4822 3038 4894 ψιλὸν
3088 4822 3144 4876 δέ
3195 4840 3318 4877 τινα
3368 4823 3649 4877 νεανίσκον
3694 4819 3825 4877 εἶδον

2255 4916 2714 4990 περιϐεϐλημένον
2768 4916 2957 4990 στολὴν
3010 4917 3243 4990 λευκὴν,
3284 4915 3565 4985 ἀναλόγως
3733 4916 3825 4987 τῆς

2251 5010 2490 5074 διανοίας
2538 5009 2719 5063 αὐτῶν
2772 5010 3098 5083 σμικρότητι
3150 5011 3249 5083 τὴν
3292 5008 3558 5064 ὀπτασίαν
3591 5008 3821 5062 ἰδοῦσαι⁸

2255 5101 2349 5156 καλ⁵
2375 5100 2565 5155 τοῦτον
2594 5100 2651 5154 δέ
2697 5100 3018 5173 λευχείμονα
3049 5103 3149 5174 τῆς
3202 5102 3395 5172 ἑορτῆς
3426 5101 3586 5172 χάριν
3631 5099 3824 5154 θεασά-

2256 5211 2439 5266 μεναι,
2470 5194 2620 5267 ὅμως
2652 5193 3101 5267 ἐθαυμάσθησαν·
3131 5193 3288 5248 τοῦτο
3318 5193 3428 5267 γὰρ
3452 5192 3824 5266 ἐμαρτύρησεν

2254 5287 2446 5351 αὐταῖς
2472 5289 2501 5341 6
2544 5287 2798 5360 Μάρκος*
2854 5286 3097 5356 καίτοιγε
3138 5287 3230 5341 ἐπὶ
3260 5286 3371 5340 τῶν
3409 5285 3689 5358 προτέρων
3726 5302 3825 5359 μη-

2253 5378 2427 5449 δαμοῦ
2454 5378 2549 5433 τοῦ
2592 5378 2833 5451 θάμϐους
2878 5377 3289 5449 ὠνομασμένον.
3317 5376 3429 5449 Τὴν
3470 5374 3825 5447 Μαγδαληνὴν

2254 5471 2313 5526 δὲ
2342 5471 2707 5544 σχολάζουσαν
2729 5471 2824 5526 καί⁵
2850 5468 3386 5543 προσκαρτεροῦσαν,
3411 5469 3559 5533 εἰκὸς
3586 5468 3647 5522 οὒ
3677 5467 3827 5540 μόνον

2218 5610 2223 5613 _
2253 5565 2355 5631 τὰς
2387 5564 2609 5636 πρώτας
2646 5563 2797 5635 ὄψεις
2833 5562 3123 5617 τεθεᾶσθαι
3152 5562 3262 5616 τῶν
3307 5562 3447 5634 αὐτῇ
3482 5562 3618 5633 μόνῃ
3644 5561 3829 5632 ὀφθένα

2254 5676 2397 5725 των,
2442 5658 2579 5713 ἀλλὰ
2610 5657 2703 5712 καὶ
2748 5656 2842 5713 τὸν
2895 5656 3045 5729 παρὰ
3089 5656 3168 5728 τῷ
3194 5656 3406 5727 Μάρκῳ
3453 5658 3575 5720 ταῖς
3624 5655 3826 5720 itoth

2256 5750 2503 5823 γυναιξὶν
2542 5750 2855 5844 ἑωραμένον
2886 5750 3184 5807 νεανίσκον.
3215 5748 3424 5804 Ταύτόν
3464 5747 3510 5803 δ’
3550 5748 3616 5804 ἂν
3666 5750 3827 5813 εἴποις
