4114 6472
364 219 481 275 997

1243 170 1753 273 SUﬁ’IEMENTA
1789 215 2270 285 QUAESTIONUM
2310 219 2404 273 AD
2442 219 2793 277 MARlNUM.

366 336 472 392 καὶ
503 334 596 388 ὲπ¹ι
621 335 721 399 τῆς
753 332 898 386 κατά
933 333 1023 388 τὸν
1050 334 1267 389 Λουκᾶν
1302 336 1564 407 ἱστορίας,
1589 335 1646 399 ὃς
1688 335 1825 406 μετά
1855 334 1943 406 τὴν

2056 349 2177 388 rum
2209 335 2453 389 virorum
2484 338 2617 406 ipsis
2646 338 2956 393 oblatorttm
3005 334 3275 392 visionem
3295 376 3311 403 ,
3342 337 3518 409 pergit
3541 338 3626 393 di-

364 424 556 497 ᾶφιξιν
581 424 690 479 τῶν
717 424 928 479 πολλῶν
960 425 1256 495 γυναικῶν,
1278 426 1374 481 καὶ
1404 428 1540 498 μετά
1565 427 1662 498 τὴν
1690 427 1818 482 θέαν
1842 427 1951 481 τῶν

366 516 645 585 ὀφθέντων
674 514 866 577 αὑταῖς
911 514 1004 567 δύο
1033 514 1240 585 ἀνδρῶν
1266 514 1530 586 διηγεῖται
1563 514 1757 584 λέγων·
1789 534 1806 566 ι
1841 516 1951 569 Καὶ

368 605 786 677 ἀποστρέψασαι
830 605 939 660 ἀπὸ
974 606 1068 660 τοῦ
1110 607 1375 678 μνημείου
1409 607 1749 677 ἀπήγγειλαν
1780 608 1951 662 ταῦτα

368 699 550 752 πάντα
570 700 680 760 τοῖς
708 696 916 751 ἕνδεκα·
940 717 957 750 ι
981 695 1063 761 οἷς
1089 694 1580 770 ἑπιφέρειμἯσαν
1605 699 1660 751 δὲ
1677 700 1709 771 ἡ
1726 700 1949 769 Μαγδα-

365 790 505 862 ληνὴ
532 790 739 861 Μαρία,
766 808 784 841 ι
813 791 907 843 καὶ
933 790 1001 843 τά
1023 791 1170 860 ἑξῆς.
1202 792 1315 844 Οὐκ
1342 791 1571 855 ἀπεικὸς
1600 792 1696 862 μὲν
1720 791 1828 864 γάρ
1856 788 1944 864 ἦν,

368 875 467 929 καὶ
490 874 584 930 νῦν
616 877 778 932 πάλιν
801 877 898 949 τὴν
926 880 1292 952 Μαγδαληνὴν
1320 881 1486 934 πάλαι
1531 883 1946 953 προαιριγμένην

366 965 466 1020 καὶ
501 968 917 1039 παραμείνασαν
946 970 1178 1035 εὐτόνως
1213 972 1361 1043 παρὰ
1398 972 1475 1043 τῷ
1511 976 1754 1045 μνήματι
1782 974 1947 1045 εὑρῆ-

368 1056 533 1122 σθαι,
587 1059 676 1112 ὅτε
727 1058 917 1112 πολλαὶ
965 1061 1073 1115 ἀπὸ
1122 1064 1220 1133 τῆς
1262 1063 1548 1127 Γαλιλαίας
1596 1063 1944 1118 συνελθοῦσαι

365 1153 626 1217 γυναῖκες
669 1152 922 1223 ἀπήντων
955 1153 1048 1206 ἐπὶ
1074 1154 1165 1207 τὸν
1193 1154 1363 1225 τάφον
1402 1156 1661 1227 φέρουσαι
1697 1156 1766 1209 τά
1798 1155 1943 1227 ἀρώ-

366 1254 537 1308 ματα,
575 1239 715 1294 ὦστε
757 1244 850 1296 καί⁸
894 1243 1061 1310 αὐτὴν
1096 1244 1213 1315 ἅμα
1261 1248 1382 1310 ταῖς
1421 1247 1633 1311 λοιπαῖς
1682 1249 1809 1311 τοὺς
1851 1248 1943 1302 δύο

363 1328 565 1400 ἄνδρας
597 1330 902 1396 τεθεᾶσθαι,
935 1335 1028 1387 καὶ
1054 1335 1162 1387 τῶν
1186 1334 1360 1403 λόγων
1393 1334 1571 1388 αὐτῶν
1609 1336 1936 1406 ἀκηκοέναι’

363 1418 484 1475 εἶτα
516 1424 612 1477 σὺν
641 1426 762 1488 ταῖς
784 1425 1005 1489 πολλαῖς
1028 1424 1340 1481 ἐπανελθεῖν
1373 1429 1468 1482 καὶ
1500 1429 1806 1499 διηγεῖσθαι
1829 1432 1942 1493 τοῖς

360 1514 577 1571 ἓνδεκα.
601 1518 831 1572 Δύναται
855 1519 911 1572 δὲ
944 1522 1039 1575 καὶ
1068 1521 1240 1585 ἄλλως
1263 1524 1291 1574 ὁ
1314 1522 1492 1592 λόγος,
1525 1523 1593 1577 τά
1624 1524 1724 1593 μὲν
1748 1522 1939 1595 πρῶτα

358 1612 483 1673 ταῖς
529 1610 639 1665 ἀπὸ
671 1613 769 1683 τῆς
806 1613 1095 1677 Γαλιλαίας
1140 1614 1713 1686 γυναιξὶψάπονείμαι
1738 1657 1752 1681 ,
1794 1616 1940 1685 λέγω

357 1701 426 1774 δὴ
451 1704 551 1773 τὴν
588 1706 668 1768 είς
695 1705 755 1759 τὸ
792 1706 983 1777 μνῆμα
1013 1707 1216 1776 ἄφιξιν,
1246 1708 1339 1761 καὶ
1364 1708 1461 1779 τὴν
1492 1708 1600 1761 τῶν
1634 1708 1940 1780 ἀρωμάτων
1972 1736 2010 1789 Β

360 1796 610 1867 κομιδὴν.
643 1798 743 1870 τήν
785 1815 845 1851 τε
886 1800 1186 1871 γενομένην
1229 1802 1420 1865 αὐταῖς
1446 1801 1552 1854 τῶν
1576 1788 1685 1854 δύο
1729 1800 1939 1873 ἀνδρῶν

360 1886 701 1956 ἐπιφάνειαν,
723 1889 817 1942 καὶ
844 1891 969 1954 τοὺς
994 1890 1196 1945 τούτων
1225 1892 1361 1963 πρὸς
1393 1891 1564 1955 αὐτ-ἀς
1592 1890 1783 1961 λόγους
1804 1910 1816 1922 ·
1840 1891 1939 1963 τὴν

364 1976 462 2047 μὲν
513 1972 608 2032 οὗν
646 1979 985 2048 ἀπαγγελίαν
1028 1981 1125 2053 τὴν
1154 1982 1291 2054 πρὸς
1343 1982 1468 2042 τοὺς
1509 1981 1701 2035 ἕνδεκα
1742 1983 1938 2053 μηκέτι

358 2070 492 2141 παρ’
525 2070 704 2124 αὐτῶν
738 2072 897 2142 μόνον
928 2072 1278 2144 γεγενῆσθαι,
1313 2073 1429 2126 ἀλλ’
1461 2072 1597 2144 ὁμοῦ
1632 2073 1783 2143 παρά
1827 2090 1937 2126 πα·-

356 2159 488 2226 σῶν,
518 2162 755 2233 ἑκάστης
798 2162 834 2217 ἃ
878 2164 1100 2218 τεθέατο
1144 2164 1510 2237 διηγημένης⁸
1552 2167 1609 2218 ὲν
1656 2160 1742 2229 αἷς
1777 2164 1935 2220 πάλιν

352 2251 453 2323 τὴν
493 2253 860 2325 Μαγδαληνὴν
892 2251 1028 2307 εἶναι
1065 2255 1203 2327 μετά
1235 2255 1344 2309 τῶν
1386 2255 1588 2309 λοιπῶν
1641 2257 1735 2310 καὶ
1768 2257 1935 2329 αὐτὴν

352 2348 467 2408 τοῖς
518 2346 784 2418 μαθηταῖς
827 2348 1277 2417 ἀπαγγέλλουσαν
1318 2348 1388 2404 τά
1440 2348 1586 2414 ίδίως
1616 2350 1750 2422 μόνῃ
1791 2352 1930 2423 αὐτῇ

352 2436 663 2509 ἑωραμένα.

1096 2580 1180 2631 H'.

423 2682 534 2757 (67)
578 2686 718 2755 Ἐγὼ
748 2687 806 2741 δὲ
858 2689 1079 2742 κάκεῖνο
1119 2686 1294 2757 ζητῶ,
1341 2687 1458 2752 πῶς
1505 2687 1657 2761 παρά
1703 2689 1800 2759 μὲν
1849 2689 1927 2761 τῷ

348 2779 563 2851 Μάρκῳ
603 2781 841 2851 εἴρηται,
871 2781 948 2845 ὼς
976 2780 1083 2854 ἀρα
1114 2781 1490 2852 διαγενομένου
1523 2780 1615 2833 τοῦ
1647 2782 1924 2872 ξαιϐϐάτου

344 2872 647 2943 ἡτοίμασαν
682 2872 985 2944 ἀρώματα,
1034 2875 1184 2946 παρὰ
1232 2875 1288 2928 δὲ
1316 2874 1395 2945 τῷ
1439 2877 1620 2947 Λουκᾷ
1670 2877 1778 2947 πρὸ
1826 2876 1923 2930 τοῦ

343 2962 629 3041 Σαϐϐάτου
655 2964 800 3017 τοῦτ’
830 2965 1072 3038 ἔπραξαν
1104 2969 1162 3019 ἐν
1193 2968 1330 3039 αὐτῇ
1363 2971 1428 3038 τῇ
1460 2968 1812 3040 Παρασκευῇ.

2052 440 2197 490 cere,
2227 425 2374 497 quod
2421 441 2685 498 regressa:
2736 429 2805 485 de
2851 436 3229 492 monumento,
3278 427 3395 483 haec
3440 430 3627 485 omnia

2051 517 2490 573 renuntiaverint
2538 517 2828 590 discipulis
2881 519 3157 575 undecim.
3187 518 3319 575 Post
3344 535 3466 591 qua:
3499 520 3574 574 ait
3608 538 3621 574 :

2055 626 2076 659 ί
2119 607 2288 663 Erant
2361 618 2543 665 autem
2624 610 2797 665 Maria
2851 610 3187 682 Magdalene,
3224 630 3242 663 ι
3280 619 3337 667 et
3391 611 3623 681 reliqua.

2050 697 2262 770 Quippe
2292 699 2440 757 haud
2464 709 2549 758 est
2586 702 2967 767 inverisimile,
3000 717 3150 758 nunc
3181 702 3379 759 iterum
3405 702 3627 774 Magda-

2049 792 2227 847 lenam
2259 794 2403 863 (quae
2450 801 2612 849 antea
2658 795 2836 865 prima
2882 793 3057 850 iverat
3084 833 3100 859 ,
3151 794 3477 865 fortiterque
3513 796 3627 851 illic

2049 884 2518 954 perseveraverat)
2551 886 2691 955 apud
2719 895 3134 941 monumentum
3172 886 3346 943 fuisse
3372 902 3625 958 comper-

2047 983 2181 1040 tam,
2214 990 2339 1030 cum
2370 976 2477 1030 illae
2514 977 2701 1046 plures
2729 993 2793 1032 ex
2825 975 3048 1033 Galilaea
3074 979 3462 1035 convenientes
3507 994 3627 1033 mu-

2045 1066 2208 1121 lieres
2237 1065 2305 1121 ad
2333 1069 2645 1137 sepulcrum
2675 1077 2943 1124 venerunt
2973 1077 3221 1124 aromata
3247 1070 3509 1138 ferentes,
3538 1073 3619 1127 ita

2046 1166 2106 1213 ut
2157 1158 2275 1228 ipsa
2321 1174 2538 1229 quoque
2579 1176 2703 1215 cum
2749 1161 2963 1217 caeteris
3016 1162 3155 1217 duos
3199 1162 3348 1218 viros
3396 1163 3616 1229 viderit,

2043 1262 2345 1320 eorumque
2366 1251 2531 1305 verba
2565 1251 2836 1306 audiverit
2864 1269 2878 1317 ;
2913 1261 2967 1307 et
2997 1246 3195 1307 deinde
3222 1267 3346 1307 cum
3380 1253 3487 1309 illis
3531 1270 3620 1310 re-

2043 1355 2231 1410 gressa
2281 1357 2395 1395 rem
2442 1343 2697 1399 undecim
2727 1346 3085 1400 enarraverit.
3139 1344 3525 1402 Verumtamen
3562 1356 3617 1404 et

2043 1434 2200 1489 aliter
2241 1434 2471 1505 proponi
2525 1436 2838 1505 explanatio
2911 1444 3130 1506 potest:
3163 1453 3357 1507 nempe
3406 1445 3468 1492 ut
3526 1453 3617 1495 res

2043 1526 2251 1595 priores
2282 1526 2602 1581 mulieribus
2650 1525 2890 1582 Galilzeis
2941 1527 3273 1591 tribuamus,
3318 1528 3614 1585 adventum

2042 1617 2167 1672 dico
2202 1619 2268 1673 ad
2301 1619 2637 1688 sepulcrum,
2689 1626 2743 1673 et
2791 1626 3092 1672 aromatum
3128 1618 3525 1684 advectionem,
3560 1628 3615 1675 et

2041 1709 2276 1763 Oblatam
2307 1710 2441 1780 ipsis
2471 1711 2704 1764 duorum
2733 1709 2976 1762 virorum
3007 1709 3296 1775 visionem,
3328 1720 3383 1765 et
3413 1710 3612 1765 horum
3708 1782 3719 1796 κ

2043 1801 2107 1852 ad
2138 1801 2287 1870 ipsas
2318 1815 2624 1856 sermones.
2655 1799 2725 1853 At
2753 1801 3004 1854 nuntium
3031 1800 3318 1870 discipulis
3352 1800 3610 1856 undecim

2040 1887 2279 1943 delatum
2312 1904 2653 1959 nequaquam
2689 1890 2759 1945 ab
2788 1889 2875 1945 llis
2902 1888 3117 1945 feminis
3138 1890 3272 1945 solis
3296 1889 3485 1957 fuisse,
3513 1894 3612 1948 sed

2038 1994 2069 2033 a
2102 1980 2317 2035 cunctis
2361 1982 2547 2046 simul,
2600 1981 2728 2035 dum
2780 1997 3117 2052 unaquaeque
3145 1997 3209 2037 ea
3240 1998 3362 2052 qua:
3393 1983 3611 2040 viderat

2037 2071 2304 2140 referret;
2335 2088 2473 2144 quas
2527 2076 2689 2141 inter,
2735 2075 3066 2130 credendum
3094 2082 3178 2131 est
3229 2075 3606 2147 Magdalenam

2036 2163 2230 2232 fuisse,
2268 2180 2393 2220 cum
2442 2167 2669 2237 reliquis
2700 2176 2754 2222 et
2788 2168 2963 2238 ipsam
3013 2167 3302 2238 discipulis
3343 2168 3606 2224 nuntian—

2035 2262 2143 2310 tem
2176 2270 2240 2311 ea
2279 2271 2401 2326 qua:
2431 2258 2689 2314 solitatim
2717 2265 2771 2314 et
2792 2258 3146 2330 singulariter
3174 2258 3406 2314 viderat.

2735 2569 2872 2628 VIII.

2098 2680 2211 2754 Ego
2242 2698 2372 2740 vero
2400 2691 2456 2740 et
2479 2685 2611 2740 illud
2643 2700 2848 2757 quaero,
2881 2685 3159 2756 quomodo
3184 2686 3328 2757 apud
3360 2684 3603 2743 Marcum

2025 2771 2231 2829 dictum
2277 2776 2370 2841 sit,
2420 2775 2567 2847 quod
2607 2791 2732 2831 cum
2766 2775 3442 2839 Sabbatum'transiisset,
3474 2793 3602 2833 aro-

2023 2878 2169 2921 mata
2198 2869 2557 2938 paraverint;
2600 2869 2742 2939 apud
2788 2868 2991 2924 Lucam
3041 2886 3172 2925 vero
3219 2879 3345 2926 ante
3394 2869 3605 2926 Sabba-

2023 2965 2139 3011 tuen
2175 2958 2231 3012 id
2261 2967 2447 3029 agant,
2475 2960 2596 3030 ipsa
2623 2960 2955 3017 Parasceves
2984 2960 3093 3015 die.

416 3076 530 3129 Καὶ
560 3074 717 3129 τοῦτο
741 3076 797 3129 δὲ
836 3079 950 3141 τοῖς
986 3076 1271 3148 προτέροις
1306 3078 1793 3149 συμπεπλεγμένον
1823 3077 1920 3149 ζη-

2092 3070 2219 3127 Hmc
2242 3087 2459 3143 quoque
2480 3073 2861 3143 superioribus
2884 3073 3148 3143 implicita
3171 3074 3597 3144 quaestionibus,

339 3166 584 3238 τήμασι,
636 3166 734 3237 τῆς
776 3166 970 3236 ὁμοίας
1008 3166 1237 3227 ἐκείνοις
1290 3167 1440 3237 τύχοι
1491 3167 1557 3220 ἂν
1590 3167 1920 3239 ἐρμηνείας’

342 3257 774 3311 ἀποδεικνύντων
801 3259 857 3311 δὲ
880 3258 1036 3330 ἡμῶν
1055 3258 1128 3330 μὴ
1161 3254 1295 3311 εἶναι
1320 3258 1417 3323 τὰς
1446 3259 1635 3324 αὐτὰς,
1665 3258 1779 3313 ἀλλ’
1803 3260 1923 3313 ἐτέ-

342 3364 446 3420 ρας
481 3349 581 3419 μὲν
619 3349 716 3413 τάς
748 3350 853 3422 πρὸ
888 3350 981 3403 τοῦ
1025 3349 1306 3403 Σαϐϐάτω
1362 3354 1420 3404 έν
1448 3352 1587 3422 αὐτῇ
1636 3353 1702 3423 τῇ
1739 3352 1924 3422 Παρα-

340 3444 537 3513 σκευῇ,
573 3442 693 3495 καθ’
725 3443 791 3514 ἣν
817 3442 1080 3496 πέπονθεν
1112 3445 1139 3496 ὁ
1173 3442 1382 3515 Σωτὴρ,
1412 3445 1539 3515 περὶ
1569 3444 1667 3515 τὴν
1699 3444 1920 3515 κηδείαν

336 3534 746 3605 ἀσχοληθείσας,
785 3536 974 3608 ἐτέρας
999 3536 1057 3589 δὲ
1093 3537 1192 3601 τάς
1227 3537 1366 3608 μετὰ
1397 3536 1457 3589 τὸ
1487 3536 1760 3591 Σάϐϐατον
1780 3556 1793 3567 ·
1824 3555 1919 3591 σα-

336 3626 454 3697 φῶς
485 3627 595 3699 γὰρ
643 3627 846 3692 ταύτας
893 3630 1106 3692 Λουκᾶς
1153 3629 1546 3700 μεμαρτύρηκε
1594 3630 1714 3684 κατ’
1748 3629 1917 3701 αὐτὴν

337 3721 439 3792 τὴν
474 3722 684 3794 ἡμέραν
706 3720 799 3774 τοῦ
830 3721 1035 3784 πάθους
1065 3720 1236 3774 ταῦτα
1265 3722 1642 3791 πεποιηκέναι,
1665 3720 1916 3792 οὐδαμῶς

334 3815 598 3887 ὀνόματος
620 3815 894 3884 γυναικῶν
930 3814 1327 3886 μνημονεύσας,
1353 3815 1466 3869 ἀλλ’
1495 3815 1679 3879 ἁπλῶς
1726 3819 1913 3883 γυναῖ-

331 3925 438 3972 κας
463 3907 630 3961 είπὼν
658 3908 759 3972 τὰς
782 3908 1140 3972 συνελθούσας
1162 3907 1311 3977 αὐτῷ
1341 3906 1450 3959 ἀπὸ
1471 3907 1573 3975 τῆς
1592 3905 1907 3969 Γαλιλαίας·

327 4002 359 4053 ὁ
386 3999 445 4053 δὲ
492 4000 719 4073 Μάρκος
766 4000 1025 4071 ὀνομαστὶ
1071 4001 1221 4071 τρεῖς
1268 3997 1431 4068 μόνας
1473 3996 1745 4068 ἀνέγραψε
1788 3996 1909 4050 καθ’

328 4092 529 4156 ιαυτάς
561 4093 816 4164 πρόνοιαν
847 4092 1222 4163 πεποιημένας
1254 4089 1361 4142 τῶν
1393 4090 1719 4161 ἀρωμάτων,
1755 4089 1815 4141 ού
1839 4090 1905 4160 τῇ

326 4185 655 4257 Παρασκευῇ
678 4225 692 4248 ,
745 4184 881 4238 άλλά
932 4183 1075 4255 μετὰ
1104 4182 1445 4251 διαγενέσθαι
1475 4181 1536 4234 τὸ
1587 4180 1864 4234 Σάϐϐατον
1888 4196 1903 4213 ·

325 4277 521 4349 ἐτέρας
558 4276 614 4329 δὲ
661 4271 796 4329 εἶναι
826 4275 1028 4339 ταύτας
1058 4274 1208 4346 παρὰ
1250 4274 1349 4336 τὰς
1400 4270 1550 4344 παρὰ
1588 4269 1667 4342 τῷ
1698 4272 1901 4342 Δουκᾷ,

2029 3180 2214 3235 parem
2267 3165 2377 3219 illis
2424 3165 2866 3236 explanationem
2917 3166 3197 3221 sortietur.
3238 3167 3450 3223 Etenim
3497 3183 3601 3224 nos

2024 3259 2545 3323 demonstravimus,
2579 3258 2723 3314 haud
2753 3257 2970 3313 easdem
2989 3272 3133 3322 esse,
3168 3259 3261 3314 sed
3285 3260 3444 3327 alias,
3476 3275 3600 3331 qua

2023 3358 2149 3405 ante
2185 3349 2482 3405 Sabbatum
2515 3351 2631 3420 ipsa
2678 3348 3010 3405 Parasceves
3045 3350 3154 3413 die;
3195 3366 3302 3420 qua
3333 3349 3597 3407 Dominus

2022 3456 2218 3511 passus
2251 3451 2358 3508 est,
2393 3442 2459 3495 ad
2482 3457 2603 3497 eam
2630 3456 2818 3495 curam
2840 3442 3245 3508 incubuerunt;
3275 3441 3413 3497 alias
3440 3457 3592 3508 vero,

2018 3548 2139 3602 qua:
2195 3541 2317 3602 post
2364 3530 2661 3587 Sabbatum
2697 3552 2709 3587 :
2748 3533 3039 3602 perspicue
3079 3532 3223 3587 enim
3275 3532 3375 3587 has
3416 3530 3596 3589 Lucas

2018 3628 2254 3677 testatur
2296 3622 2413 3691 ipsa
2459 3623 2547 3677 die
2585 3621 2867 3677 Passionis
2910 3622 2962 3676 id
2999 3623 3197 3693 egisse,
3224 3624 3429 3679 nullius
3472 3640 3596 3679 mu-

2016 3712 2165 3767 lieris
2196 3721 2498 3767 memorato
2528 3702 2774 3776 Homine,
2800 3713 2896 3768 sed
2922 3713 3247 3784 simpliciter
3267 3713 3592 3770 mulieribus

2014 3805 2354 3867 memoratis,
2402 3819 2524 3874 quae
2567 3819 2693 3859 cum
2739 3803 2871 3860 Jesu
2921 3813 3187 3859 venerant
3228 3804 3297 3859 de
3345 3803 3589 3861 Galilaea.

2014 3895 2231 3953 Marcus
2277 3905 2459 3952 autem
2501 3906 2615 3952 tres
2656 3899 2804 3953 solas
2832 3896 3157 3952 nominatim
3189 3898 3435 3968 scripsit,
3463 3912 3591 3954 aro-

2012 3997 2217 4043 matum
2245 3989 2408 4044 simul
2433 4003 2619 4043 curam
2653 3997 2927 4060 gerentes,
2951 3988 3097 4042 haud
3121 3988 3210 4044 die
3232 3987 3585 4053 Parasceves,

2009 4078 2105 4136 sed
2131 4080 2244 4150 jam
2288 4079 2529 4136 Sabbato
2563 4081 2935 4151 praeterlapso.
2975 4079 3087 4135 Has
3134 4094 3299 4150 porro
3338 4080 3586 4136 diversas

2007 4187 2133 4228 esse
2160 4172 2229 4227 ab
2251 4172 2362 4228 illis
2400 4171 2582 4237 Lucae,
2609 4172 2897 4242 sequentia
2931 4186 3151 4242 quoque
3178 4170 3582 4227 demonstrant.

2006 4261 2101 4319 Hm
2137 4265 2400 4319 nimirum
2438 4264 2582 4335 apud
2632 4265 2875 4318 Marcum
2915 4264 3175 4319 mulieres
3210 4265 3465 4333 juvenem
3496 4263 3584 4316 vi-

324 4368 422 4420 καὶ
466 4364 536 4420 τά
588 4364 714 4437 ἑξῆς
755 4364 1069 4435 ἐπαγόμενα
1108 4364 1398 4418 δείκνυσιν.
1436 4357 1606 4417 Αὖται
1660 4361 1758 4432 μὲν
1809 4358 1902 4415 οὖν

2026 4358 2136 4414 lent
2183 4358 2240 4413 in
2286 4356 2480 4412 dextra
2527 4364 2684 4428 parte
2729 4357 3034 4419 sedentem.
3066 4355 3162 4427 qui
3212 4363 3268 4412 et
3312 4354 3423 4411 illis
3455 4354 3578 4410 ait:

323 4462 583 4529 γοναῖκες
618 4455 770 4527 παρὰ
801 4455 879 4527 τῷ
904 4457 1118 4528 Μάρκῳ
1144 4455 1235 4509 τὸν
1264 4455 1545 4509 νεανίσκον
1575 4452 1745 4525 ὁρῶσι
1769 4452 1901 4506 καθ-
1930 4438 1943 4493 Ῑ

2026 4472 2028 4504 :
2064 4450 2245 4507 Nolite
2278 4450 2499 4516 timere;
2532 4448 2718 4506 Jesum
2758 4450 3004 4520 quaeritis
3048 4447 3428 4515 Nazarenum;
3456 4461 3581 4503 sur-

322 4551 527 4622 ήμενον
563 4550 621 4601 ὲν
652 4550 764 4610 τοῖς
820 4546 1031 4613 δεξιοῖς,
1061 4547 1119 4611 ὃς
1149 4546 1242 4600 καί
1287 4563 1450 4616 φησιν
1496 4546 1717 4608 αὐταῖςο
1754 4562 1773 4596 ι
1802 4543 1894 4617 Μὴ

321 4633 608 4713 φδεῖσθε’
651 4640 859 4711 Ἰησοῦν
901 4638 1114 4710 ζητεῖτε
1140 4638 1230 4691 τὸν
1273 4637 1624 4708 Ναζαρηνὸν*
1662 4636 1893 4708 ⁴ίχγέρθη,

317 4734 417 4786 οὐκ
455 4730 602 4784 ἐστιν
630 4722 754 4783 ὦδε.
776 4747 795 4780 ι
829 4727 963 4791 Ταῖς
995 4726 1051 4781 δὲ
1082 4726 1232 4798 παρά
1264 4726 1340 4798 τῷ
1376 4727 1559 4798 Λουκᾷ
1585 4724 1679 4779 δύο
1702 4726 1896 4798 ἄνδρες

315 4824 625 4894 ἐπέστησαν
660 4824 717 4875 ὲν
747 4819 935 4891 ἐσθῆτι
968 4819 1375 4891 ἀστραπτούσῃ,
1407 4819 1501 4872 καί
1528 4818 1720 4891 ἑτέρας
1761 4836 1897 4890 προ-

315 4918 574 4991 φέρονται
619 4914 804 4984 φωνάς
854 4914 1102 4983 λέγοντες
1122 4926 1137 4942 ⁸
1170 4930 1189 4964 ι
1219 4912 1297 4965 Τί
1318 4910 1533 4981 ζητεῖτε
1582 4911 1675 4964 τὸν
1721 4909 1898 4975 ζῶντα

316 5008 458 5080 μετά
477 5006 588 5060 τῶν
609 5004 853 5077 νεκρῶνς
883 5024 901 5057 ι
937 5005 1032 5059 καὶ
1059 5003 1130 5058 τὰ
1171 5003 1298 5076 ἑξῆς
1321 5021 1335 5035 ο
1372 5004 1467 5057 καὶ
1505 5004 1563 5056 ai
1595 5004 1694 5075 μὲν
1743 5004 1894 5077 παρά

309 5102 390 5174 τῷ
417 5102 632 5176 Μάρκῳ
673 5099 1118 5164 ἀκούσασαιτοῖς
1163 5098 1433 5169 μαθηταῖς
1476 5096 1795 5166 ὲπαγγεῖλαι
1821 5095 1892 5149 τά

309 5192 741 5268 παρηγγελμένα
765 5209 781 5225 ·
826 5191 1002 5246 οὐδενὶ
1032 5190 1183 5245 οὐδὲν
1230 5186 1380 5244 εἷπον
1401 5206 1417 5221 ο
1444 5190 1501 5243 al
1531 5188 1589 5241 δὲ
1632 5188 1781 5259 παρὰ
1810 5186 1888 5258 τῷ

306 5285 493 5356 Δουκᾷ
529 5283 878 5356 πορευθεῖσαι
904 5280 1245 5353 ἀπήγγειλαν
1277 5284 1389 5345 τοῖς
1418 5280 1628 5333 ἕνδεκα·
1682 5279 1759 5342 ὡς
1795 5277 1887 5333 διὰ

2006 4543 2169 4609 rexit,
2199 4559 2309 4598 non
2339 4550 2426 4599 est
2456 4542 2563 4599 bic.
2605 4562 2625 4597 ι
2662 4542 2776 4598 lllis
2805 4551 2989 4598 autem
3027 4541 3170 4613 apud
3221 4539 3425 4594 Lucam
3468 4538 3580 4593 duo

2004 4639 2109 4695 viri
2149 4639 2440 4693 astiterunt
2466 4638 2522 4693 in
2551 4640 2707 4694 veste
2735 4638 2979 4708 fulgente
3003 4676 3019 4701 ,
3062 4646 3119 4692 et
3160 4635 3267 4690 alia
3303 4633 3470 4689 verba
3493 4633 3578 4687 di-

2000 4736 2179 4785 cunt:
2219 4747 2239 4781 (
2276 4729 2389 4784 Cur
2438 4730 2687 4800 quaeritis
2732 4729 3012 4784 viventem
3056 4728 3200 4782 inter
3226 4722 3517 4780 mortuos?
3550 4741 3569 4774 ι

2003 4829 2059 4877 et
2085 4821 2319 4892 reliqua.
2361 4820 2429 4876 Et
2462 4821 2567 4876 illae
2595 4820 2739 4891 apud
2768 4818 3010 4874 Marcum
3056 4817 3278 4872 monitae
3318 4813 3574 4868 mandata

2004 4917 2261 4971 nuntiare
2303 4914 2611 4985 discipulis,
2643 4912 2848 4968 nemini
2873 4910 3170 4982 quidquam
3199 4908 3473 4962 dixerunt.
3502 4903 3573 4958 At

1997 5007 2106 5063 illa:
2144 5006 2306 5062 Lucae
2344 5008 2604 5078 profectae
2637 5005 3035 5060 nuntiaverunt
3069 4999 3357 5071 discipulis
3398 4996 3574 5052 unde-

1996 5098 2126 5152 cim.
2158 5098 2339 5164 Quare
2366 5113 2435 5152 ex
2460 5097 2548 5153 bis
2570 5096 2828 5151 omnibus
2858 5092 3158 5165 colligitur,
3180 5088 3325 5144 haud
3349 5085 3569 5142 easdem

1994 5188 2168 5246 fuisse
2190 5190 2472 5254 mulieres,
2501 5190 2735 5260 ideoque
2770 5203 2872 5243 nec
2906 5202 3021 5242 uno
3057 5194 3302 5255 tempore
3338 5195 3402 5236 ea
3446 5192 3571 5249 quae

1994 5279 2050 5335 in
2072 5282 2294 5353 scriptis
2325 5289 2635 5348 sunt,.esse
2662 5289 2904 5352 peracta.

303 5377 512 5434 τούτων
555 5379 810 5433 ἁπάντων
857 5375 1203 5444 συνάγεσθαι,
1238 5375 1313 5448 μὴ
1358 5375 1458 5440 τὰς
1492 5374 1660 5438 αὑτὰς
1704 5368 1873 5429 εἶναι·
1913 5373 1994 5429 διδ
2057 5377 2193 5449 μηδὲ
2243 5377 2332 5447 ὑφ’
2357 5376 2454 5433 Eva
2491 5375 2682 5448 καιρὸν
2716 5370 3072 5445 πεποιηιιίριι
3118 5368 3187 5425 τά
3218 5367 3568 5436 ἀναγεγραμ-

311 5468 469 5542 μένα.

378 5648 489 5722 (67)
528 5648 666 5708 Cod.
692 5649 761 5717 Α,
794 5646 831 5702 r.
864 5647 1071 5713 313,».
