4114 6472
551 286 657 344 999

1253 416 1380 487 ξΙΧ.

1242 282 1514 344 EUSEDII
1540 281 2025 341 CASSARIENSIS
2059 280 2211 340 OPP.
2251 280 2434 339 PARS
2473 276 2562 336 Ill.
2601 310 2671 323 -—
2714 278 3133 339 EXEGETICA.

3686 284 3835 343 i000

2995 417 3072 473 8'.

622 554 748 612 Haec
770 554 879 611 illis
902 555 1260 626 loquentibus
1282 556 1433 613 stetit
1449 555 1613 614 .iesus
1637 556 1690 612 in
1712 558 1896 615 medio
1916 575 2131 627 eorum,

2308 551 2419 624 (68)
2466 570 2484 603 ι
2518 550 2704 606 Ταῦτα
2732 551 2791 607 δὲ
2814 549 2992 605 αὐτῶν
3025 548 3330 606 λαλούντων
3360 550 3521 617 αὑτὸς
3557 554 3588 608 ὁ
3620 553 3835 625 Ἰησοῦς

548 648 797 720 dixitque
823 648 906 705 cis
938 668 951 704 :
991 666 1010 701 ι
1047 647 1163 705 Pax
1195 650 1372 707 vobis.
1407 669 1425 703 ι
1466 649 1606 709 llinc
1634 652 1873 722 ambiget
1908 652 2134 723 aliquis,

548 740 827 811 quomodo
880 738 1135 795 undecim
1191 740 1481 815 discipulis
1534 730 1700 798 simul
1760 744 2135 815 congregatis,

549 833 926 890 interveniens
991 832 1300 901 Dominus,
1354 835 1657 892 secundum
1712 836 1915 892 Lucam
1972 846 2137 910 atque

544 925 815 984 Joannem
837 928 892 984 id
925 927 1276 984 concorditer
1304 927 1659 994 aﬂirmantes,
1688 945 2038 1001 nequaquam
2065 933 2137 989 ab

546 1030 782 1094 utroque
816 1021 970 1094 paria
988 1020 1171 1078 facere
1199 1022 1467 1079 et'dicere
1498 1023 1764 1096 scriptum
1799 1027 1985 1085 fuerit.

616 1204 774 1273 Quod
817 1205 1066 1263 eamdem
1096 1207 1369 1264 visionem
1415 1208 1580 1265 ambo
1611 1210 1961 1281 evangelista
1986 1213 2133 1268 scri-

545 1295 682 1351 bant
711 1312 819 1352 una
852 1298 1156 1370 eademque
1185 1308 1240 1355 et
1265 1301 1397 1355 hora
1428 1308 1485 1357 et
1516 1300 1605 1357 die
1637 1302 1901 1368 oblatam,
1937 1303 1992 1358 in
2019 1305 2134 1374 pri-

546 1392 653 1447 mis
683 1393 1155 1464 comprobandum
1179 1400 1285 1450 est.
1318 1392 1475 1461 Quod
1514 1394 1614 1449 tibi
1642 1395 1987 1467 exploratum
2018 1397 2129 1463 (iet,

547 1483 910 1555 si-diligenter
945 1484 1303 1556 Scripturam'
1327 1485 1787 1545 consideraveris.
1830 1488 1967 1544 Nam
2002 1505 2129 1546 cum

544 1572 790 1629 Joannes
810 1583 971 1629 antea
993 1574 1226 1630 dixisset
1249 1594 1292 1629 ει
1306 1573 1426 1630 Una
1450 1591 1581 1631 vero
1598 1577 1965 1635 Sabbatorum
1984 1581 2133 1637 venit

547 1664 720 1720 Maria
746 1664 1069 1737 Magdalena
1108 1666 1448 1724 annuntians
1482 1668 1796 1740 discipulis,
1836 1687 1899 1728 se
1927 1672 2133 1730 vidisse

548 1756 863 1823 Dominum,
896 1766 950 1813 et
981 1759 1094 1814 haec
1138 1759 1243 1815 sibi
1281 1759 1524 1826 dixisse;
1565 1780 1584 1813 ι
1613 1761 1808 1819 deinde
1856 1765 2133 1822 subnectit

547 1848 740 1906 dicens
777 1870 790 1905 :
829 1869 846 1903 ι
878 1850 1014 1906 Cum
1046 1867 1171 1907 sero
1213 1859 1361 1908 esset
1390 1851 1479 1908 die
1511 1854 1624 1919 illa,
1669 1857 2019 1929 congregatis
2048 1857 2135 1911 di-

549 1942 800 2013 scipulis,
836 1944 986 1999 venit
1033 1943 1216 2009 Jesus,
1256 1946 1516 2017 stetitque
1557 1948 1613 2002 in
1664 1948 1866 2015 medio,
1908 1956 1963 2004 et
1993 1951 2134 2005 dixit

547 2036 675 2090 eis:
712 2035 823 2090 Pax
870 2036 1046 2092 vobis.
1085 2058 1103 2091 ι
1154 2037 1522 2104 Quamobrem
1582 2055 1650 2095 ex
1702 2040 1790 2096 his
1842 2040 2134 2098 manifeste

549 2138 786 2195 constat,
810 2130 999 2185 eadem
1023 2129 1307 2186 Dominica
1332 2132 1756 2188 resurrectionis
1773 2133 1881 2197 die,
1907 2150 2135 2205 vesper-

550 2220 666 2274 tino
700 2228 945 2290 tempore
981 2230 1100 2277 acta
1144 2238 1269 2279 esse
1311 2238 1435 2294 qua:
1469 2221 1712 2279 Joannes
1753 2224 1965 2281 scribit.
1998 2226 2131 2281 ltem

548 2311 695 2383 apud
718 2311 920 2367 Lucam
942 2313 1085 2371 idem
1110 2315 1229 2371 dies
1259 2323 1314 2371 et
1344 2316 1483 2371 hora
1512 2316 1840 2373 invenietur.
1872 2317 1963 2372 Ait
1986 2319 2132 2375 enim

547 2400 667 2471 ipse
697 2419 710 2455 :
746 2419 764 2451 ι
795 2399 914 2456 Una
948 2412 1131 2460 autem
1161 2402 1386 2460 Sabbati
1409 2404 1567 2460 valde
1594 2405 1839 2462 diluculo
1868 2417 2135 2465 venerunt

549 2490 617 2545 ad
647 2499 1063 2547 monumentum
1087 2493 1366 2551 mulieres.
1403 2513 1421 2546 ι
1451 2493 1657 2551 Deinde
1693 2496 1840 2563 quod
1868 2497 2005 2553 visis
2036 2513 2130 2552 an-

545 2581 685 2652 gelis
708 2597 943 2638 reversae
974 2583 1354 2644 nuntiaverint
1387 2584 1680 2656 discipulis
1715 2603 1837 2658 qua
1858 2588 2130 2644 viderant.

546 2670 745 2729 Petrus
775 2681 956 2729 autem
988 2674 1317 2731 festinanter
1337 2676 1403 2731 ad
1428 2688 1844 2733 monumentum
1870 2680 2131 2745 occurrit,

546 2772 603 2821 et
632 2765 953 2822 linteamina
982 2767 1151 2822 videt.
1186 2767 1367 2838 Atque
1405 2768 1521 2823 haec
1551 2768 1708 2825 valde
1732 2768 1976 2825 diluculo
2003 2786 2135 2826 con-

546 2857 810 2929 tigerunt,
841 2860 1269 2917 resurrectionis
1303 2861 1412 2916 die.
1455 2861 1598 2917 Dicit
1625 2879 1750 2919 mox
1788 2865 2135 2922 continenter

548 2946 839 3016 Scriptura
867 2967 884 3006 :
914 2968 933 3002 ι
964 2950 1029 3005 Et
1059 2965 1188 3007 ecce
1213 2952 1325 3008 duo
1354 2968 1421 3008 ex
1451 2953 1589 3024 ipsis
1622 2956 1777 3011 ibant
1806 2957 1924 3027 ipsa
1958 2957 2047 3013 die
2077 2959 2132 3012 in

546 3042 857 3098 castellum.
898 3060 916 3094 ι
949 3042 1120 3098 Erant
1143 3052 1323 3099 autem
1347 3044 1579 3117 Cleopas
1614 3063 1739 3103 cum
1776 3049 1929 3105 socio
1967 3066 1979 3102 :
2009 3052 2134 3122 qui-

544 3136 780 3193 buscum
830 3134 992 3194 Jesus
1044 3137 1424 3193 Emmauntem
1467 3140 1789 3210 ingressus,
1855 3142 2132 3212 accipiens
2160 3172 2202 3229 ο

545 3244 743 3302 panem
802 3229 1115 3297 benedixit;
1166 3244 1275 3300 quo
1310 3230 1420 3286 illis
1461 3239 1733 3302 porrecto,
1774 3232 2064 3303 disparuit.
2103 3254 2122 3287 ι

546 3327 753 3400 Deinde
772 3327 958 3384 subdit
986 3342 1000 3379 :
1037 3345 1057 3378 ‹
1098 3325 1164 3379 Et
1192 3333 1481 3397 surgentes
1507 3326 1699 3381 eadem
1725 3327 1862 3381 hora
1892 3330 2132 3400 regressi

547 3428 676 3477 sunt
705 3421 761 3475 in
801 3419 1168 3480 Hierusalem,
1197 3425 1253 3472 et
1282 3418 1611 3473 invenerunt
1643 3426 2003 3489 congregatos
2033 3436 2135 3474 un-

546 3513 751 3569 decim.
792 3531 811 3563 ι
845 3511 1045 3567 Postea
1073 3509 1515 3579 colloquentibus
1550 3509 1679 3574 illis,
1709 3510 1859 3565 stetit
1882 3509 2042 3567 Jesus
2077 3512 2131 3566 in

548 3604 730 3659 medio
759 3618 973 3667 eorum,
1001 3610 1055 3656 et
1092 3602 1231 3657 dixit
1266 3602 1346 3657 eis
1378 3618 1391 3654 :
1424 3619 1442 3652 ι
1480 3599 1593 3656 Pax
1625 3601 1802 3666 vobis,
1852 3621 1871 3654 ι
1914 3610 1968 3657 et
2003 3604 2134 3658 reli-

545 3709 676 3766 qua.
707 3693 1156 3749 Demonstratum
1188 3702 1273 3747 est
1299 3692 1486 3762 itaque
1518 3692 1683 3749 etiam
1715 3707 1745 3747 a
1783 3692 1951 3755 Luca,
1982 3708 2133 3749 came

545 3792 669 3846 dem
707 3788 878 3844 fuisse
926 3787 1069 3842 diem
1098 3803 1113 3852 ;
1138 3785 1497 3855 eamdemque
1552 3786 1682 3840 item
1733 3783 1922 3840 horam
1960 3786 2147 3844 fuisse'

545 3883 675 3939 inde
711 3881 1129 3952 comprobatur,
1182 3878 1329 3949 quod
1378 3878 1613 3948 Cleopas
1660 3892 1786 3932 cum
1830 3878 1982 3932 socio
2021 3894 2129 3933 una

544 3973 633 4029 die
670 3980 726 4028 et
768 3971 1098 4026 Emmaunte
1135 3969 1331 4034 fuerit,
1372 3977 1428 4024 et
1466 3967 1708 4025 indidem
1756 3967 2128 4042 Hierosolyma

543 4063 796 4126 redierit,
822 4063 1065 4119 serotino
1090 4077 1318 4133 prorsus
1341 4069 1604 4131 tempore.
1637 4059 1774 4114 Exin
1801 4059 2002 4115 factam
2030 4075 2128 4131 ap-

542 4158 898 4235 paritionem.

610 4342 885 4411 Quoniam
914 4342 1100 4412 itaque
1123 4340 1313 4397 eadem
1344 4341 1486 4412 apud
1520 4348 1820 4411 utrumque
1851 4341 2117 4412 evangeli-
2156 4353 2201 4409 ι)

542 4442 684 4493 stam
714 4435 773 4490 fit
806 4433 1100 4505 apparitio,
1136 4448 1235 4505 age
1278 4434 1565 4490 videamus
1591 4432 1868 4504 quomodo
1901 4433 2006 4487 alia
2040 4434 2124 4488 di-

541 4535 700 4583 catur
721 4528 871 4598 loqui
894 4527 1154 4581 Servator
1173 4536 1229 4582 et
1255 4542 1417 4598 agere
1440 4527 1581 4598 apud
1604 4526 1830 4594 Lucam,
1854 4527 1957 4582 alia
1979 4527 2124 4598 apud

537 4615 824 4673 Joannem.
857 4616 1037 4688 Eque
1063 4618 1230 4688 igitur
1259 4618 1404 4687 apud
1430 4617 1621 4673 ambos
1647 4618 1853 4673 dictum
1880 4626 1983 4684 est,
2010 4633 2125 4672 me-

540 4710 693 4765 dium
726 4717 962 4765 stantem
998 4709 1144 4763 inter
1180 4723 1278 4764 eos
1301 4706 1489 4764 Jesum
1518 4708 1726 4764 dixisse
1768 4724 1782 4762 :
1825 4728 1844 4761 ¢
1880 4707 1993 4765 Pax
2028 4726 2123 4765 vo-

540 4805 650 4861 bis.
683 4822 704 4856 »
741 4802 1074 4874 Singulatim
1106 4818 1239 4858 vero
1271 4802 1414 4873 apud
1444 4800 1648 4857 Lucam
1689 4802 1910 4857 additur
1932 4802 2123 4858 existi—

538 4909 723 4951 masse
761 4908 859 4949 eos
892 4893 1149 4965 spiritum
1194 4909 1253 4949 se
1293 4893 1499 4959 videre,
1534 4901 1588 4948 et
1621 4893 1853 4962 reliqua.
1896 4892 2123 4947 Etiamsi

536 5003 669 5044 vero
702 4987 821 5043 hate
849 4987 993 5059 apud
1007 4985 1272 5042 Joannem
1293 4986 1704 5056 non_dicuntur,
1730 4994 2124 5042 rursustamen

537 5083 826 5155 sequentia
864 5080 1010 5152 apud
1054 5091 1349 5152 utrumque
1392 5088 1720 5135 consonant.
1755 5078 1913 5150 Apud
1959 5079 2124 5136 Joan-

539 5191 663 5231 nem
689 5174 912 5247 quidem
942 5181 1066 5244 post
1081 5173 1249 5230 verba
1270 5192 1288 5225 ι
1318 5173 1430 5227 Pax
1458 5172 1636 5236 vobis,
1669 5192 1688 5224 ι
1714 5171 1973 5228 additur:
2005 5190 2024 5224 ι
2058 5171 2124 5226 Et

539 5269 644 5324 hoc
671 5268 842 5333 dicto,
873 5267 1115 5324 ostendit
1141 5267 1224 5323 eis
1257 5282 1453 5321 manus
1480 5281 1545 5321 ac
1567 5267 1710 5321 latus
1727 5280 1911 5322 suum.
1952 5283 1972 5317 ι
2002 5263 2123 5320 Non

538 5370 721 5417 tamen
740 5359 963 5430 ponitur
985 5360 1127 5428 apud
1148 5357 1416 5415 Joannem
1435 5372 1622 5424 causa,
1644 5373 1767 5429 qua:
1787 5357 1900 5428 jam
1922 5371 1955 5411 a
1975 5356 2124 5412 Luca

535 5455 683 5510 dicta
722 5454 920 5509 fuerat.
958 5452 1089 5506 Erat
1125 5461 1307 5509 autem
1349 5453 1487 5518 haec,
1519 5451 1667 5523 quod
1711 5450 1815 5521 ipsi
1842 5450 2124 5507 existima-

536 5557 660 5605 rent
683 5564 744 5604 se
773 5547 1024 5618 spiritum
1055 5528 1263 5602 videre.
1287 5545 1453 5617 Atqui
1483 5544 1612 5601 dum
1641 5559 1840 5601 manus
1871 5543 2125 5613 latusque

608 5771 721 5848 (68)
761 5769 898 5827 Cod.
936 5769 1000 5838 A,
1034 5768 1074 5827 ι.
1109 5767 1234 5836 5w,
1274 5769 1328 5827 b.

2235 645 2365 718 ἔστη
2388 648 2447 699 ἐν
2480 645 2630 718 μέσῳ
2656 644 2859 710 αὐτῶν,
2885 647 2979 699 καὶ
2998 646 3141 716 λέγει
3169 645 3373 710 αὐτοῖς.
3399 647 3607 718 Εἰρήνη
3631 648 3784 720 ὑμῖν.
3810 669 3831 699 ι

2246 736 2513 792 Ἐνταῧθά
2525 754 2609 801 τις
2620 737 2919 807 ἀπορήσειε
2938 736 3054 802 πῶς
3069 740 3181 800 τοῖς
3198 737 3389 791 ἕνδεκα
3407 738 3679 809 μαθηταῖς
3693 738 3835 809 ὁμοῦ

2235 829 2597 901 συνηγμένοις
2631 828 2772 901 μετά
2810 828 2909 901 τὴν
2955 829 3253 884 ἀνάστασιν
3303 831 3534 896 ἐπιστὰς
3564 834 3593 885 ὁ
3624 832 3838 904 Κύριος

2233 925 2376 980 κατά
2399 925 2491 978 τὸν
2513 926 2728 979 Λουκᾶν
2760 924 2857 979 καὶ
2882 923 3026 978 κατά
3048 925 3301 997 Ἰωάννην
3328 926 3638 997 συμφώνως
3658 928 3837 982 ταῦτα

2240 1018 2858 1091 ἀπομνημονεύσαντας,
2893 1018 3077 1072 οὐκέτι
3125 1020 3255 1091 παρ’
3285 1020 3617 1094 ἀμφοτέροις
3657 1020 3837 1077 ταύτά

2241 1110 2497 1182 πράττων
2529 1110 2651 1163 οὐδὲ
2681 1111 2908 1180 φάσκων
2933 1110 3370 1183 ἀναγέγραπται.

2314 1202 2436 1255 Ὀτι
2461 1201 2559 1273 τὴν
2589 1201 2760 1274 αὐτὴν
2785 1184 3053 1256 ὀπτασίαν
3083 1203 3133 1255 οἰ
3158 1202 3254 1257 δύο
3287 1203 3634 1278 συνέγραψαν
3661 1206 3836 1274 εὐαγ-

2239 1288 2486 1358 γελισταί
2517 1289 2660 1343 κατά
2692 1289 2819 1361 μίαν
2841 1289 2935 1344 καὶ
2958 1290 3059 1363 τὴν
3092 1291 3263 1364 αὐτὴν
3288 1291 3438 1363 ὥραν
3470 1312 3529 1348 τε
3561 1295 3657 1349 καί
3698 1298 3840 1366 ἠμέ-

2241 1397 2343 1452 ραν
2381 1381 2700 1454 γενομένην,
2731 1383 3082 1454 παραστῆσαι
3129 1383 3210 1437 δεῖ
3256 1385 3552 1458 πρότερον⁸
3593 1386 3761 1442 τοῦτο
3785 1387 3835 1442 δ’

2239 1473 2307 1528 ἂν
2353 1475 2566 1543 γένοιτο
2610 1476 2842 1547 φανερὸν
2885 1477 3279 1549 ὲπιτηρήσαντί
3324 1495 3407 1533 σοι
3440 1480 3683 1552 ἀκριϐῶς
3731 1479 3839 1552 τὴν

2235 1566 2559 1638 Γραφήν.⁹0
2594 1569 2694 1639 μὲν
2724 1568 2835 1640 γὰρ
2863 1569 3116 1639 Ἰωάννης
3146 1569 3444 1641 προειπὼν,
3472 1557 3491 1623 4
3529 1571 3607 1644 Τῇ
3640 1572 3699 1625 δὲ
3733 1576 3839 1646 μιᾷ

2235 1658 2344 1712 τῶν
2388 1658 2681 1713 Σαϐϐάτων
2721 1659 2939 1731 ἔρχεται
2976 1661 3166 1733 Μαρία
3199 1665 3233 1735 ἡ
3262 1663 3598 1737 Μαγδαληνὴ
3645 1666 3836 1735 ἀπαγ-

2236 1750 2504 1821 γέλλουσα
2536 1755 2647 1817 τοῖς
2695 1751 2967 1824 μαθηταῖς
3001 1754 3085 1807 δτι
3130 1752 3343 1827 ἑώρακε
3376 1756 3466 1810 τὸν
3494 1757 3699 1831 Κύριον
3733 1763 3837 1814 καὶ

2234 1842 2407 1897 ταῦτα
2431 1840 2582 1909 εἶπεν
2613 1844 2772 1918 αὐτῇ,
2804 1865 2823 1898 ι
2846 1846 2974 1917 ἑξῆς
3001 1848 3357 1902 έπισυνάπτει
3374 1848 3568 1919 λέγων’
3604 1869 3624 1902 ι
3648 1851 3838 1924 Οὔσης

2235 1935 2395 2006 ὀψίας
2425 1938 2482 1989 ἐν
2510 1937 2693 2009 ἐκείνῃ
2720 1941 2786 2010 τῇ
2816 1940 3001 2013 ἡμέρᾳ
3026 1940 3383 2012 συνηγμένων
3407 1941 3517 1997 τῶν
3545 1942 3835 2016 μαθητῶν,

2233 2027 2398 2103 ἦλθεν
2424 2032 2454 2084 ὁ
2492 2030 2720 2102 Ἰησοῦς,
2761 2034 2857 2086 καὶ
2899 2032 3028 2105 ἔστη
3079 2035 3159 2099 εἰς
3202 2035 3264 2088 τὸ
3309 2035 3476 2107 μέσον
3514 2037 3610 2090 καὶ
3650 2033 3833 2099 εἶπεν,

2237 2123 2447 2195 Εἰρήνη
2478 2123 2629 2195 ὑμῖν.
2671 2143 2688 2175 ι
2708 2124 2860 2177 Ὥστ’
2897 2120 3039 2179 εἶναι
3067 2127 3236 2196 σαφὲς
3262 2129 3328 2181 ἐκ
3349 2128 3561 2183 τούτων
3590 2130 3673 2183 ὅτι
3707 2132 3835 2184 κατ’

2235 2215 2407 2288 αὐτὴν
2455 2215 2553 2288 τὴν
2602 2217 2891 2290 Κυριακὴν
2923 2216 3137 2290 ἡμέραν
3162 2218 3262 2289 τῆς
3289 2220 3641 2285 ἀναστάσεως
3671 2219 3837 2290 ὀψίας

2233 2304 2302 2380 ἦν
2329 2308 2693 2380 πεπραγμένα
2730 2310 2801 2363 τὰ
2833 2309 2983 2381 παρά
3023 2308 3103 2381 τῷ
3138 2310 3361 2385 Ἰωάννῃ
3383 2324 3398 2339 ’
3426 2312 3521 2365 καὶ
3555 2313 3699 2367 κατά
3736 2313 3834 2366 τὸν

2236 2398 2453 2453 Λουκᾶν
2495 2400 2529 2471 ἡ
2570 2399 2709 2470 αὐτὴ
2752 2398 2937 2472 ἡμέρα
2972 2399 3067 2453 καὶ
3099 2396 3217 2471 ὥρα
3253 2400 3610 2473 εὑρεθήσεται
3633 2417 3648 2430 ο
3678 2401 3834 2470 λέγει

2234 2490 2365 2559 γοῦν
2418 2493 2512 2545 καί¹
2555 2491 2717 2557 αὑτός
2738 2507 2754 2522 °
2787 2510 2807 2544 ι
2838 2493 2917 2564 Τῇ
2951 2492 3008 2546 δὲ
3045 2495 3145 2564 μιᾷ
3173 2493 3282 2546 τῶν
3307 2492 3613 2548 Σαϐϐάτων·
3627 2494 3834 2567 ὄρθρου

2238 2581 2451 2653 βαθέος,
2486 2583 2579 2636 ἐπὶ
2605 2582 2666 2635 τὸ
2690 2583 2879 2654 μνῆμα
2901 2578 3064 2655 ἦλθον
3085 2584 3436 2652 αἰγυναῖκες.
3467 2603 3486 2635 ι
3515 2580 3633 2638 Εἴθ’
3669 2584 3827 2656 ἑξῆς,

2234 2675 2317 2727 ὅτι
2349 2674 2554 2728 ἰδοῦσαι
2590 2673 2876 2744 ἀγγέλους,
2906 2674 3208 2748 ἐπανῆλθον
3232 2676 3323 2730 διαὶ
3344 2675 3833 2748 ἀπήγγειλαντοῖς

2238 2765 2506 2837 μαθηταῖς
2522 2766 2559 2822 ἀ
2578 2767 2853 2822 τεθέαντο.
2874 2767 3082 2841 Πέτρος
3100 2768 3156 2823 δὲ
3175 2749 3418 2834 σπεύσας
3437 2771 3531 2824 ἐπὶ
3552 2770 3613 2825 τὸ
3634 2772 3832 2843 μνῆμα

2233 2858 2468 2931 ἀπαντᾷ,
2499 2859 2591 2935 gat
2614 2859 2683 2935 τά
2711 2860 2895 2915 ὀθόνια
2924 2860 3148 2934 θεωρεῖ’
3184 2862 3470 2916 καὶταῦτα
3498 2863 3597 2935 μὲν
3628 2863 3834 2935 ὄρθρου

2237 2924 2435 3020 βαθέος.
2455 2924 2691 3021 ἐγένετο,
2714 2955 2780 3024 τῇ
2808 2924 3167 3026 ἀναπααίμῳ
3197 2954 3400 3027 ἡμέρᾳ.
3427 2924 3590 3024 Λέγει
3614 2924 3674 3009 δέ
3698 2924 3835 3029 ἑξῆς

2235 3043 2681 3100 ἐπισυνάπτουσα
2737 3047 2771 3117 ἡ
2817 3047 3046 3120 Γραφή’
3087 3066 3106 3098 ι
3146 3048 3257 3102 Καὶ
3298 3049 3407 3103 ἰδοὺ
3436 3048 3530 3102 δύο
3556 3048 3618 3115 ἐξ
3646 3050 3833 3103 αὐτῶν

2235 3137 2294 3190 έν
2327 3138 2464 3210 αὑτῇ
2496 3138 2681 3211 ἡμέρα
2712 3135 2852 3212 ἦσαν
2886 3142 3243 3214 πορευόμενοι
3293 3143 3373 3207 εἰς
3418 3142 3635 3215 κώμην.
3669 3161 3689 3194 ι
3724 3139 3835 3199 Οὗ-

2236 3247 2319 3284 τοι
2351 3230 2409 3284 δὲ
2437 3226 2578 3302 ἦσαν
2603 3233 2651 3285 οἰ
2679 3233 2808 3305 περὶ
2832 3232 2922 3286 τὸν
2946 3233 3198 3288 Κλεόπαν
3216 3250 3230 3264 ⁸
3257 3229 3338 3298 οἷς
3369 3235 3728 3289 συνεισελθὼν
3745 3237 3833 3302 εἰς

2235 3325 2338 3397 τὴν
2376 3325 2677 3397 Ἐμμαοῦν,
2716 3325 2897 3381 λαϐὼν
2929 3325 3092 3398 ἄρτον
3125 3325 3407 3398 εὐλόγησε,
3433 3327 3529 3381 καὶ
3554 3327 3835 3392 ἐπιδιδοὺς

2238 3418 2443 3482 αὐτοῖς,
2461 3418 2674 3490 ἀφανὴς
2699 3420 2933 3488 ἐγένετο.
2956 3416 3072 3473 Εἶτ’
3093 3419 3334 3489 ἐπιλέγει
3353 3436 3365 3448 ·
3393 3439 3410 3471 ι
3434 3421 3546 3474 Καὶ
3561 3420 3836 3475 ἀναστάν-

2237 3526 2327 3575 τες
2354 3510 2698 3582 ὑπέστρεψαν
2743 3512 2880 3583 αὺτῇ
2922 3513 2990 3583 τῇ
3027 3510 3145 3584 ὥρᾳ
3195 3512 3276 3577 εἰς
3319 3513 3699 3585 Ἰερουσαλὴμ,
3734 3516 3836 3566 καὶ

2264 3598 2292 3622 τ
2671 3603 2692 3633 λ
2796 3622 2821 3638 ρ
2914 3605 2927 3621 ς
3354 3600 3408 3638 τ’,
3501 3608 3514 3621 ο
3653 3607 3678 3640 ,ο
3718 3624 3748 3637 -

2236 3620 2394 3676 ευρον
2427 3602 2818 3675 ἠθροισμένου,
2849 3622 2975 3669 τους
3003 3605 3215 3659 ἕνδεκα.
3246 3624 3266 3658 ι
3311 3606 3447 3660 Ει.α
3491 3607 3836 3677 ομιλουν.ων

2235 3694 2416 3748 αὐτῶν
2457 3695 2587 3767 ἔστη
2637 3697 2666 3749 ὁ
2711 3695 2918 3768 Ἰησοῦς
2963 3700 3023 3751 ὲν
3071 3698 3239 3769 μέσῳ,
3279 3698 3375 3752 καὶ
3431 3697 3578 3774 λέγει
3619 3700 3832 3765 αὐτοῖς,

2242 3804 2261 3838 ι
2301 3787 2507 3859 Εἰρήνη
2543 3787 2694 3856 ὑμῖν,
2729 3807 2747 3841 ›
2787 3788 2883 3842 καὶ
2926 3788 2995 3841 τά
3036 3789 3182 3856 ἑξῆς.
3218 3789 3496 3844 Δέδεικται
3522 3791 3703 3847 τοίνυν
3730 3794 3833 3848 καὶ

2234 3880 2343 3934 ἀπὸ
2382 3879 2477 3934 τοῦ
2515 3881 2719 3948 Λουκά,
2747 3881 2823 3946 ὡς
2858 3882 2890 3954 ἠ
2921 3882 3058 3954 αὐτὴ
3091 3882 3386 3954 ἐτύγχανεν
3420 3884 3623 3956 ἡμέρα,
3659 3886 3753 3939 καὶ
3788 3887 3830 3958 ὴ

2233 3971 2371 4042 αὐτὴ
2384 3971 2439 4025 δὲ
2457 3971 2575 4043 ὣρα
2596 3972 2912 4026 συνίσταται
2925 3974 3031 4027 ἀπὸ
3046 3971 3139 4026 τοῦ
3156 3974 3214 4027 ὲν
3234 3975 3331 4046 μιᾷ
3352 3975 3535 4047 ἡμέρα
3547 3976 3675 4041 τοὺς
3691 3994 3798 4048 περ
3810 3996 3830 4029 ι

2233 4061 2486 4115 Κλεόπαν
2516 4063 2597 4126 εἰς
2631 4061 2730 4133 τὴν
2755 4063 3033 4134 Ἐμμαοῦν
3057 4063 3331 4133 γενέσθαι,
3369 4064 3623 4119 κάκεῖθεν
3654 4066 3830 4120 ἐπαν-

2230 4154 2549 4224 εληλυθέναι
2569 4157 2649 4221 εἰς
2665 4155 2763 4229 τὴν
2776 4156 3262 4228 Ἱερουσαλὴμ,ἤδη
3308 4174 3411 4209 που
3429 4158 3644 4222 πάντως
3659 4158 3829 4213 ἐσπέ-

2224 4263 2325 4312 ρας
2350 4246 2766 4319 καταλαϐούσης
2785 4265 2798 4278 ·
2831 4244 2949 4302 εἶτα
2979 4247 3077 4320 τὴν
3105 4249 3427 4318 ἐπιφάνειαν
3455 4250 3763 4318 γεγονέναι.

2312 4343 2531 4417 Ἐπειδὴ
2565 4344 2745 4399 τοίνυν
2797 4346 2831 4416 ὴ
2877 4344 3015 4415 αὐτὴ
3046 4346 3174 4416 παρ’
3202 4344 3530 4416 ἀμφοτέροις
3575 4345 3827 4418 πέφηνεν

2227 4434 2487 4498 ὀπτασία,
2514 4436 2646 4508 φέρε
2685 4435 2881 4507 ἴδωμεν
2907 4438 3057 4500 ὅπως
3079 4436 3242 4507 ἔτερα
3271 4437 3368 4508 μὲν
3398 4435 3550 4509 παρὰ
3577 4435 3657 4507 τῷ
3681 4438 3822 4491 Λου-

2227 4529 2300 4599 κᾷ
2346 4527 2562 4601 εἴρηται
2606 4528 2821 4601 πράξας
2864 4530 2960 4583 xal.
3000 4528 3243 4601 λαλήσας
3269 4531 3298 4583 ὁ
3326 4529 3537 4603 Σωτὴρ,
3566 4529 3731 4601 ’ἐτερα
3761 4531 3825 4584 δὲ

2227 4618 2379 4691 παρά
2407 4618 2486 4691 τῷ
2529 4619 3020 4692 ἸωάννηὍμοίως
3059 4620 3158 4691 μὲν
3189 4616 3283 4675 οὖν
3326 4619 3456 4691 παρ’
3489 4620 3821 4693 ἀμφοτέροις

2224 4713 2496 4779 λέλεκται,
2527 4714 2603 4779 ὡς
2646 4716 2755 4787 ἄρα
2806 4715 2970 4786 μέσος
3026 4713 3207 4768 αὐτῶν
3256 4715 3385 4778 στάς
3428 4709 3579 4767 εἷπεν
3608 4715 3819 4778 αὐτοῖς,

2231 4828 2249 4857 ι
2286 4806 2492 4880 Εἰρήνη
2525 4809 2675 4879 ὑμῖν.
2711 4828 2729 4861 ι
2751 4807 3172 4880 Ἀφωρισμένως
3218 4806 3275 4861 δὲ
3319 4807 3471 4879 παρά
3514 4806 3593 4878 τῷ
3630 4808 3823 4878 Δουκᾷ

2227 4899 2550 4970 πρόσκειται
2575 4900 2658 4953 δτι
2686 4899 2905 4953 ἐδόκουν
2932 4898 3152 4971 πνεῦμα
3181 4898 3426 4970 θεωρεῖν,
3452 4898 3549 4953 καὶ
3571 4899 3639 4952 τὰ
3664 4898 3818 4967 ἑξῆς.

2238 4987 2376 5043 Ἀλλ’
2406 4990 2456 5042 εἰ
2505 4990 2600 5043 καὶ
2652 4991 2727 5062 μὴ
2767 4991 3006 5044 τοσαῦτα
3031 4990 3244 5062 εἴρηται
3268 4990 3419 5062 παρά
3446 4989 3524 5061 τῷ
3568 4989 3816 5061 Ἰωάννῃ,

2227 5079 2366 5135 ἀλλά
2390 5081 2461 5135 τὰ
2488 5082 2616 5153 ἑξῆς
2648 5082 2810 5137 πάλιν
2850 5084 2979 5154 παρ’
3016 5082 3347 5153 ἀμφοτέροις
3391 5080 3627 5154 συνᾴδει.
3659 5082 3821 5152 Παρά

2228 5174 2327 5245 μὲν
2375 5174 2582 5247 γὰρτῷ
2619 5176 2841 5251 Ἰωάννῃ
2878 5174 3017 5247 μετά
3041 5177 3124 5238 τὸ,
3163 5193 3188 5248 ε
3215 5176 3421 5247 Εἰρήνη
3451 5176 3602 5247 ὑμῖν,
3635 5193 3654 5225 ι
3695 5176 3824 5227 ἑπι-

2225 5264 2462 5337 λέγεται,
2491 5286 2511 5319 ι
2541 5270 2648 5323 Καὶ
2680 5268 2840 5323 τοῦτο
2855 5267 3026 5322 εἰπὼν
3059 5268 3259 5333 ἔδειξεν
3285 5269 3470 5332 αὐτοῖς
3503 5267 3601 5330 τάς
3628 5268 3820 5339 χεῖρας

2225 5362 2320 5417 καὶ
2360 5361 2459 5433 τὴν
2489 5362 2727 5435 πλευρὰν
2741 5360 2925 5416 αὐτοῦ.
2954 5381 2973 5414 ι
2992 5361 3067 5415 Οὐ
3096 5360 3394 5434 φέρεταιδὲ
3418 5361 3453 5432 ἡ
3486 5359 3635 5414 αἰτία
3666 5359 3821 5431 παρά

2223 5455 2304 5527 τῷ
2340 5455 2582 5527 Ἰωάννῃ,
2615 5454 2691 5518 ὡς
2724 5454 2792 5509 ἂν
2831 5453 2931 5526 ἠδη
2961 5452 3261 5525 λελεγμένη
3292 5452 3446 5525 παρὰ
3475 5452 3556 5523 τῷ
3588 5453 3777 5524 Λουκᾷ
3799 5467 3815 5480 '

2224 5544 2292 5620 ἦν
2321 5548 2377 5602 δὲ
2418 5548 2556 5620 αὕτη
2586 5548 2647 5603 τὸ
2675 5545 2916 5620 νομίζειν
2947 5546 3145 5611 αὐτοὺς
3184 5544 3399 5617 πνεῦμα
3440 5544 3697 5617 θεωρεῖν
3728 5542 3818 5601 ὅτι
