4134 6414
349 361 478 419 toea

1192 367 1700 427 SUPPLEMENTA
1737 369 2215 440 QUESTIONUM
2251 371 2342 426 AD
2379 371 2728 429 MARINUM.

3441 376 3582 433 {002

343 492 410 545 γα
454 476 562 548 μὴν
605 477 806 544 ἔδειξεν
853 477 1035 542 αὐτοῖς
1067 479 1164 544 τὰς
1197 483 1385 554 χεῖρας
1416 483 1510 536 καὶ
1537 483 1635 554 τὴν
1670 481 1907 554 πλευρὰν

2010 497 2166 537 suum
2195 481 2502 538 ostendisse
2533 481 2721 540 Jesum
2759 491 2994 541 testatur
3026 483 3584 549 Joannes,'consonat

342 569 507 624 αὑτοῦ
538 573 888 644 μαρτυρήσας
933 573 963 626 ό
999 573 1267 644 Ἰωάννης,
1305 573 1589 645 σύμςςωνος
1623 576 1688 628 ἂν
1716 575 1802 646 εἴη
1836 575 1914 646 τῷ

341 660 436 717 κᾶὶ
492 663 590 733 τὴν
642 663 818 716 αἰτίαν
869 663 1247 735 παραθεμένῳ.
1286 664 1506 729 Τούτοις
1559 666 1706 738 ἑξῆς,
1735 670 1764 722 ὁ
1817 668 1914 739 μὲν

340 755 553 818 Λουκᾶς
587 771 769 823 φησιν,
799 773 818 806 ‹
856 755 974 810 Ἔτι
1003 755 1057 808 δὲ
1078 755 1447 810 ἀπιστούντων
1475 758 1649 817 αὐτῶν
1672 760 1777 813 ἀπὸ
1817 762 1913 832 τῆς
1949 809 1959 821 ,

340 849 516 920 χαρᾶς
560 847 653 901 καὶ
694 847 1098 919 θαυμαζόντων,
1141 846 1293 904 εἶπεν
1339 852 1557 914 αὐτοῖς,
1624 853 1814 922 Ἔχετέ
1860 872 1912 907 τι

341 937 615 1012 βρώσιμον
674 939 898 1006 ὲνθάδε;
963 943 1024 996 Οἱ
1073 942 1130 996 δὲ
1181 941 1467 996 ἀπέδωκαν
1511 943 1659 1016 αὐτῷ
1733 944 1912 1015 ἰχθύος

338 1031 506 1086 ὀπτοῦ
559 1032 740 1106 μέρος.
786 1053 804 1086 ι
842 1032 1027 1090 Ταῦτα
1068 1035 1125 1088 δὲ
1163 1035 1412 1107 Ἰωάννης
1443 1037 1504 1090 ού
1555 1037 1907 1108 συνέγραψεν.

342 1126 512 1180 Ἔνθα
559 1127 870 1198 γενομένοις
921 1128 1208 1198 ἐπιστῆσαι
1243 1131 1505 1200 προσήκει
1540 1129 1631 1182 τὸν
1661 1127 1807 1195 νοῦν,
1835 1130 1910 1195 ὡς

339 1219 435 1274 καὶ
473 1221 528 1272 ἑν
575 1221 687 1282 τοῖς
727 1219 958 1283 λοιποῖς,
985 1218 1084 1283 τὰς
1126 1218 1455 1291 σεμνοτέρας
1500 1220 1595 1274 καὶ
1641 1220 1912 1292 θειοτέρας

342 1309 570 1382 πράξεις
611 1326 670 1362 τε
712 1308 808 1362 καὶ
839 1308 1185 1373 διδασκαλίας
1214 1309 1308 1363 τοῦ
1341 1310 1592 1382 Σωτῆρος
1635 1311 1792 1382 ἡμῶν
1823 1311 1911 1365 διὰ

337 1402 430 1457 τοῦ
467 1401 710 1456 Ἰωάννου
744 1401 806 1455 τὸ
829 1400 1050 1473 Πνεῦμα
1071 1403 1132 1456 τὸ
1164 1402 1316 1472 ἆγιον
1345 1405 1814 1476 ἀπεμνημόνευσε,
1843 1405 1909 1459 τὰ

336 1493 394 1548 δὲ
432 1493 892 1566 ἀνθρωπινώτερα
917 1494 1005 1547 6ιά
1030 1494 1138 1549 τῶν
1169 1495 1370 1549 λοιπῶν
1398 1496 1752 1570 συνέγραψεν,
1787 1497 1816 1550 ὃ
1847 1497 1910 1569 δὴ

339 1585 434 1638 καί
456 1583 550 1636 νῦν
584 1585 901 1656 πεποίηκεν.
918 1585 1007 1648 Ὠς
1029 1585 1137 1658 γὰρ
1165 1586 1422 1658 ἐνόμισαν
1445 1589 1492 1640 οἱ
1521 1587 1761 1660 μαθηταὶ
1786 1589 1912 1643 ἰδόν-

337 1695 430 1741 τες
456 1677 546 1732 τὸν
579 1678 824 1750 Σωτῆρα,
852 1678 926 1749 μὴ
958 1679 1119 1732 αὑτὸν
1153 1679 1374 1751 θεωρεῖν
1399 1680 1533 1734 ἀλλά
1563 1679 1797 1751 πνεῦμα,
1818 1681 1911 1733 καὶ

337 1770 416 1834 ὡς
437 1771 696 1842 ἠπίστουν
723 1771 893 1842 αύτῷ,
912 1773 1004 1825 καὶ
1031 1771 1171 1842 μετά
1195 1773 1257 1826 τὸ
1277 1774 1446 1840 δεῖξαι
1473 1775 1655 1838 αὐτοῖς
1681 1773 1779 1838 τὰς
1805 1778 1911 1845 χεῖ-

2014 576 2204 645 utique
2234 575 2308 629 illi
2333 576 2424 645 qui
2459 575 2535 630 rei
2564 591 2784 632 causam
2823 579 3027 633 attulit.
3061 577 3190 634 Post
3234 580 3370 641 lucc.
3407 581 3585 642 Lucas

2013 667 2234 738 quidem
2263 669 2360 734 ait,
2390 669 2568 724 adhuc
2597 684 2705 724 non
2737 670 3085 726 credentibus
3115 671 3223 726 illis
3249 688 3360 743 pra:
3384 675 3584 744 gaudio

2013 767 2068 815 et
2101 759 2449 825 mirantibus,
2483 761 2688 816 dixisse
2720 761 2829 817 illis
2859 779 2873 814 :
2911 782 2930 815 ι
2967 762 3190 822 Habetis
3239 765 3327 820 bic
3379 767 3582 838 aliquid

2013 852 2156 924 quod
2184 853 2576 909 manducetur?
2599 873 2615 907 ι
2647 855 2769 910 illos
2792 864 2972 913 autem
2997 866 3205 928 partem
3225 860 3332 915 assi
3352 863 3518 932 piscis
3532 863 3584 918 ei

2011 946 2297 1002 obtulisse.
2352 945 2478 1002 Haec
2541 945 2780 1005 Joannes
2839 951 3042 1006 omisit.
3093 951 3175 1006 Ad
3221 952 3369 1008 hunc
3404 955 3584 1010 locum

2013 1037 2286 1108 progressi
2311 1045 2545 1092 mentem
2563 1037 2822 1093 debemus
2844 1039 3144 1104 intendere,
3169 1049 3229 1096 ut
3247 1043 3408 1097 etiam
3430 1044 3583 1109 alibi,

2013 1126 2358 1197 angustiores
2407 1141 2471 1181 ac
2517 1126 2820 1184 diviniores
2868 1139 3026 1185 actus
3073 1129 3381 1188 Servatoris
3409 1135 3584 1187 nostri

2012 1223 2175 1286 atque
2225 1215 2508 1273 doctrinas
2551 1217 2811 1288 Spiritum
2875 1229 3126 1277 sanctum
3179 1238 3275 1293 per
3319 1221 3583 1278 Joannem

2013 1324 2316 1366 memorare
2349 1312 2553 1379 solere;
2592 1313 2942 1367 humaniores
2988 1321 3167 1368 autem
3205 1330 3302 1384 per
3346 1317 3585 1386 reliquos

2010 1403 2375 1472 evangelistas
2418 1405 2746 1474 scripsisse;
2783 1405 2928 1476 quod
2974 1412 3032 1461 et
3074 1405 3178 1460 hoc
3223 1408 3343 1461 loco
3393 1423 3587 1478 reapse

2013 1491 2160 1547 fecit.
2189 1493 2326 1560 Quia
2353 1495 2497 1549 enim
2514 1494 2790 1564 discipuli.
2819 1504 3114 1567 conspecto
3143 1497 3452 1562 Servatore,
3486 1514 3587 1569 pu-

2013 1585 2200 1640 labant
2237 1601 2347 1640 non
2393 1586 2570 1656 ipsum
2605 1587 2700 1642 sed
2739 1589 2988 1660 spiritum
3024 1606 3083 1646 se
3134 1591 3338 1653 videre,
3372 1599 3426 1646 et
3456 1591 3585 1662 quia

2012 1676 2252 1730 nondum
2312 1677 2362 1733 ei
2421 1676 2749 1743 credebant,
2796 1679 3011 1735 etiamsi
3072 1695 3266 1738 manus
3313 1683 3586 1754 pedesque

2011 1766 2346 1832 ostenderat,
2401 1771 2710 1825 necessario
2759 1778 2979 1842 propter
3007 1787 3195 1827 eorum
3245 1753 3583 1843 pervicacem

339 1881 444 1935 ρας
472 1863 565 1917 καὶ
597 1865 721 1928 τοὺς
748 1865 912 1929 πόδας
945 1866 1276 1936 ἀναγκαίως,
1307 1867 1385 1920 ἔτι
1417 1867 1789 1922 ἀπιστούντων
1817 1869 1910 1921 αύ-

2015 1858 2471 1926 incredulitatem,
2505 1861 2832 1930 postulatam
2870 1877 3052 1917 escam
3081 1879 3264 1919 coram
3301 1866 3407 1921 illis
3441 1883 3588 1922 man-

334 1956 467 2017 τῶν,
499 1958 728 2026 αἰτήσας
773 1973 826 2010 τι
877 1957 1171 2030 βρώσιμον,
1203 1959 1406 2028 ἔφαγεν
1451 1959 1680 2014 ἐνώπιον
1710 1961 1910 2016 αὐτῶν.

339 2046 524 2100 Ταῦτα
552 2046 610 2100 δὲ
643 2046 1072 2118 σωματικόγτερα
1111 2047 1261 2112 ὄντα,
1295 2049 1389 2104 καὶ
1435 2049 1632 2121 πολλὴν
1657 2049 1912 2104 ἀπιστίαν

334 2137 445 2192 τῶν
472 2139 784 2194 ἀποστόλων
809 2140 1238 2212 κατηγοροῦντα,
1264 2142 1426 2196 αὑτοῦ
1457 2161 1516 2195 τε
1548 2141 1641 2195 τοῦ
1665 2143 1910 2213 Σωτῆρος

341 2231 780 2302 συμπεριφορὰν,
833 2232 1111 2295 πείθοντος
1154 2234 1349 2296 αὐτοὺς
1395 2234 1488 2286 καὶ
1531 2232 1717 2302 σαφῶς
1767 2250 1911 2304 παρ-

338 2323 595 2386 ιστῶντος
625 2323 702 2386 ὡς
741 2323 850 2394 ἀρα
880 2323 1040 2386 αὐτὸς
1062 2324 1169 2395 εἴη,
1199 2325 1277 2394 τῷ
1301 2327 1483 2395 Λουκᾷ
1517 2325 1592 2388 ὡς
1623 2325 1686 2378 ἂν
1730 2325 1914 2378 ὑποδε-

333 2414 540 2488 εστέρῳ
570 2414 680 2486 (69)
708 2416 935 2487 γράφειν
957 2416 1017 2469 τὸ
1038 2416 1258 2487 Πνεῦμα
1283 2417 1514 2470 ὑπέϐαλε
1534 2434 1547 2446 ·
1578 2417 1644 2469 τά
1663 2416 1720 2469 δὲ
1741 2417 1914 2487 κρείτ-

335 2525 466 2560 τονα
518 2508 614 2561 καί⁵
661 2507 943 2577 δυνάμεως
1007 2508 1189 2561 ἐνθέου
1249 2509 1631 2580 παραστατικά
1685 2509 1772 2561 διὰ
1816 2508 1910 2561 τοῦ

347 2598 594 2654 Ἰωάννου
630 2600 889 2672 παρίστη,
924 2599 1225 2672 γράφοντος
1247 2600 1341 2652 καὶ
1361 2599 1522 2653 αὐτοῦ
1556 2599 1680 2669 ἑξῆς
1720 2600 1910 2663 ταῦτα,

341 2709 362 2739 ε
387 2690 690 2762 Ἐχάρησαν
721 2685 814 2743 οὖν
837 2690 886 2741 οἱ
919 2689 1156 2760 μαθηταὶ
1187 2688 1384 2752 ἰδόντες
1405 2690 1494 2742 τὸν
1519 2689 1718 2760 Κύριον
1742 2707 1754 2719 ·
1789 2709 1806 2740 ο
1834 2685 1911 2742 εἷ-

340 2799 442 2836 πεν
490 2779 585 2836 οὖν
628 2783 812 2845 αὐτοῖς
861 2782 1056 2846 πάλιν,
1091 2799 1110 2830 ‹
1141 2782 1342 2853 Εἰρήνη
1378 2782 1535 2852 ύμῖν·
1585 2780 1764 2845 καθὼς
1806 2785 1913 2836 ἀπ-

335 2875 567 2930 έσταλκέ
609 2894 676 2948 με
702 2877 733 2928 ὁ
772 2875 980 2946 Πατὴρ,
1020 2873 1174 2942 κάγὼ
1199 2875 1398 2944 πέμπω
1426 2873 1568 2944 ὑμᾶς
1587 2887 1600 2900 ⁸
1637 2875 1728 2927 καὶ
1757 2874 1914 2928 τοῦτο

334 2969 507 3023 εἰπὼν
538 2969 864 3040 ἀνεφύσησε,
895 2989 914 3020 ι
951 2967 1043 3021 καὶ
1076 2969 1143 3021 τά
1172 2967 1315 3037 ἑξῆς.
1334 2966 1486 3037 Ἐχοι
1519 2965 1565 3020 δ’
1596 2965 1661 3019 ἂν
1687 2968 1911 3020 ἀκολου-

334 3063 458 3116 θίαν
490 3063 519 3115 ὁ
548 3062 676 3132 παρ’
703 3061 1032 3132 ἀμφοτέροις
1057 3061 1230 3130 λόγος,
1257 3063 1306 3114 εἰ
1331 3061 1399 3113 τὰ
1425 3061 1572 3130 παρά
1612 3060 1690 3132 τῷ
1730 3062 1912 3132 Λουκᾷ

339 3155 534 3226 πρῶτα
563 3153 875 3226 πεπρᾶχθαι
913 3153 1292 3224 λογισαίμεθα,
1315 3149 1412 3206 εἶθ’
1438 3153 1610 3216 οὕτως
1639 3153 1754 3224 me”
1775 3155 1910 3206 ἐκεῖ·

333 3221 398 3298 να
432 3221 830 3315 συνάψομὲν
855 3221 1004 3316 παρά
1027 3243 1104 3314 τῷ
1134 3221 1512 3314 ’ἸωάννῃὲΈτι
1541 3221 1766 3313 μὲνγὰρ
1788 3242 1909 3295 ἀπι-
1935 3221 1979 3280 C

334 3335 605 3390 στούντων
648 3335 827 3389 αὐτῶν
860 3337 952 3389 καὶ
981 3335 1184 3408 τροφὴν
1213 3336 1349 3406 ᾔτει,
1380 3336 1473 3388 καὶ
1516 3335 1590 3405 μὴ
1621 3333 1908 3406 ἀρκεσθεὶς

331 3431 400 3501 τῇ
453 3427 652 3500 βρώσει
679 3428 774 3482 τοῦ
815 3427 1013 3499 ἰχθύος,
1050 3429 1142 3480 καὶ
1188 3427 1376 3495 λόγους
1408 3427 1602 3490 αὐτοὺς
1645 3427 1906 3498 στηρίξει,

333 3521 434 3591 τῆς
454 3522 723 3594 προτέρας
739 3523 933 3584 αὐτοὺς
957 3521 1384 3592 ὑπομιμνήσκων
1401 3519 1743 3582 διδασκαλίας
1767 3518 1908 3571 κατά

332 3615 425 3668 τὸν
446 3614 813 3668 Δουκᾶν.”οτε
845 3613 900 3666 δὲ
923 3612 1106 3666 λοιπὸν
1133 3611 1443 3673 πεισθέντες
1465 3609 1908 3681 ἑπληροφορήοηο

333 3725 437 3761 σαν
465 3707 627 3760 αὑτὸν
648 3703 788 3760 εἶναι
821 3706 1054 3778 ἀληθῶς,
1090 3705 1183 3758 καὶ
1217 3704 1400 3758 λοιπὸν
1434 3705 1602 3775 χαρᾶς
1639 3699 1776 3773 ἦσαν
1811 3719 1908 3773 με-

334 3797 475 3862 στοὶ,
504 3797 623 3851 τότε
646 3797 904 3868 δευτέραν
937 3797 1121 3860 αὐτοῖς
1151 3797 1374 3869 εἰρήνην
1405 3795 1595 3866 ἑτέραν
1617 3795 1711 3848 καὶ
1735 3795 1910 3866 κρείτο

331 3908 464 3944 τονα
499 3891 648 3962 παρά
687 3890 784 3962 τὴν
829 3891 1098 3962 προτέραν
1129 3890 1330 3953 δίδωσι,
1360 3889 1453 3942 καὶ
1478 3887 1905 3958 παρακελεύεται

331 3985 586 4054 ἑτοίμους
612 3977 748 4036 εἶναι
787 3985 865 4045 εἰς
897 3983 994 4053 τὴν
1025 3979 1348 4051 ἀποστολὴν,
1378 3979 1657 4050 μονονουχὶ
1692 3978 1907 4049 ὁμοίους

331 4075 482 4146 αὐτῷ
509 4075 603 4128 καὶ
625 4075 822 4138 αὐτοὺς
855 4072 1070 4126 ἔσεσθαι
1100 4072 1188 4126 διά
1221 4071 1314 4125 τοῦ
1339 4071 1522 4142 ὁμοίου
1545 4070 1704 4142 ἔργου
1733 4073 1906 4138 ἑπαγ-

330 4167 671 4238 γειλάμενος.
705 4161 816 4219 Εἶθ’
847 4165 971 4235 ἑξῆς
1016 4164 1109 4218 καὶ
1158 4161 1466 4225 ἀκολούθως
1506 4163 1704 4232 ἑμπνεῖ
1725 4161 1906 4222 αὐτοῖς

331 4259 425 4312 τοῦ
452 4259 608 4328 ἁγίου
637 4256 970 4328 Πνεύματος,
1000 4255 1075 4320 ὡς
1110 4255 1176 4309 ἂν
1204 4253 1474 4325 δεομένοις
1494 4253 1680 4306 τούτου
1709 4253 1786 4315 εἰς
1808 4249 1905 4322 τὴν

332 4348 464 4418 ἑξῆς
485 4333 894 4420 ’ἐπιφερομένην
922 4347 1252 4416 ἐπαγγελίαν
1271 4361 1283 4373 ·
1318 4343 1455 4415 αὕτη
1483 4344 1539 4397 δὲ
1563 4338 1630 4414 ἦν
1655 4343 1716 4395 τὸ
1747 4341 1904 4395 δύνα·

332 4439 459 4494 σθαι
488 4439 704 4508 ἀφιέναι
736 4439 1009 4510 ἁμαρτίας
1031 4437 1118 4491 διὰ
1147 4436 1247 4507 τῆς
1285 4435 1380 4489 τοῦ
1405 4434 1561 4506 ἀγίου
1590 4432 1904 4504 Πνεύματος

2013 1947 2254 2006 ducavit.
2282 1950 2406 2006 Haec
2429 1953 2602 2024 magis
2625 1955 2932 2024 corporalia
2954 1970 3076 2009 cum
3103 1957 3230 2017 sint,
3256 1973 3586 2027 gravemque

2013 2043 2383 2112 apostolorum
2415 2045 2848 2102 incredulitatem
2871 2057 3150 2111 accusent,
3174 2058 3228 2104 et
3257 2050 3426 2119 ipsius
3451 2053 3582 2107 Ser—

2015 2135 2219 2188 vatoris
2256 2135 2645 2208 indulgentiam
2691 2147 2938 2208 arguant,
2972 2142 3350 2209 persuadentis
3395 2143 3477 2198 eis
3519 2159 3585 2200 ac

2014 2224 2441 2283 demonstrantis
2472 2245 2530 2284 se
2559 2246 2702 2292 esse,
2745 2231 2904 2284 Lucae
2943 2241 3124 2300 utpote
3165 2234 3390 2288 secundi
3432 2234 3583 2289 ordi-

2014 2318 2103 2372 nis
2136 2317 2342 2372 bomini
2378 2321 2668 2375 scribenda
2701 2322 2935 2391 Spiritus
2957 2325 3233 2380 commisit
3263 2343 3279 2382 :
3305 2327 3396 2381 sed
3427 2329 3584 2384 nobi-

2014 2407 2151 2462 liora
2186 2418 2240 2465 et
2275 2410 2513 2466 divinam
2539 2414 2793 2468 virtutem
2831 2417 3260 2485 comprobantia,
3293 2435 3387 2488 per
3415 2419 3583 2475 Joan-

2017 2516 2140 2554 nem
2159 2502 2424 2566 exhibuit,
2446 2505 2606 2573 quiet
2630 2506 2743 2574 ipse
2771 2521 2894 2560 mox
2923 2508 3112 2561 scribit
3145 2527 3157 2562 :
3196 2528 3214 2559 ‹
3249 2508 3430 2566 Gavisi
3456 2521 3584 2567 sunt

2011 2607 2144 2663 ergo
2177 2592 2454 2664 discipuli,
2490 2596 2606 2650 viso
2658 2595 2908 2650 Domino.
2949 2598 3147 2662 D‘Dlet
3184 2616 3314 2670 ergo
3357 2602 3436 2656 eis
3484 2603 3586 2658 ite-

2014 2701 2178 2740 rum:
2217 2704 2236 2736 ι
2279 2685 2387 2741 Pax
2421 2688 2592 2743 vobis.
2632 2687 2785 2742 Sicut
2827 2691 2977 2744 misit
3030 2707 3114 2746 me
3155 2691 3332 2748 Pater.
3386 2703 3438 2748 et
3483 2709 3586 2766 ego

2014 2779 2170 2832 mitto
2197 2794 2318 2833 vos.
2349 2779 2412 2833 Et
2442 2795 2562 2833 cum
2588 2782 2698 2834 haec
2721 2780 2968 2846 dixisset,
2999 2783 3312 2848 insumavit,
3338 2803 3355 2835 ι
3383 2795 3434 2840 et
3456 2787 3588 2841 reli-

2013 2885 2142 2938 qua.
2176 2868 2406 2925 Habebit
2449 2880 2630 2926 autem
2680 2888 2878 2926 nexum
2910 2875 3196 2946 utriusque
3236 2879 3583 2947 evangelista

2011 2962 2208 3024 oratio,
2247 2963 2293 3016 si
2324 2979 2444 3032 qua:
2474 2963 2607 3017 dicit
2649 2963 2844 3025 Lucas.
2874 2964 3027 3035 prius
3068 2977 3189 3020 acta
3222 2975 3537 3036 reputemus
3565 2989 3580 3034 ;

2015 3070 2139 3109 mox
2169 3065 2392 3109 narrata
2441 3057 2540 3110 abs
2571 3055 2784 3114 Joanne
2833 3059 3167 3130 copulemus.
3217 3061 3408 3116 Adhuc
3437 3064 3582 3115 enim

2014 3150 2121 3206 illis
2150 3165 2260 3204 non
2295 3149 2664 3215 credentibus,
2699 3167 2880 3206 escam
2932 3152 3262 3222 postulavit;
3298 3169 3473 3224 neque
3500 3155 3584 3224 pi-

2011 3245 2124 3299 scis
2151 3261 2248 3300 esu
2280 3252 2594 3308 contentus.
2625 3261 2907 3300 sermones
2931 3260 3062 3301 suos
3089 3247 3397 3310 conﬁrmat,
3434 3249 3583 3316 prio-

2012 3350 2124 3389 rem
2149 3335 2230 3390 eis
2257 3351 2379 3405 qua:
2408 3343 2494 3391 est
2535 3337 2677 3407 apud
2707 3335 2907 3392 Lucam
2942 3337 3245 3392 doctrinam
3291 3337 3577 3394 rel‘ricans.

2010 3423 2305 3497 Postquam
2330 3443 2456 3483 vero
2478 3428 2786 3493 credentes,
2813 3429 2989 3497 ipsum
3022 3444 3149 3483 vere
3182 3443 3305 3486 esse
3332 3429 3434 3483 sibi
3463 3445 3586 3497 per-

2011 3527 2321 3582 suaserant,
2342 3519 2562 3590 jamque
2589 3519 2790 3590 gaudio
2813 3521 3140 3582 dimuerent,
3174 3531 3306 3574 tunc
3340 3520 3583 3575 secundo

2007 3609 2089 3664 eis
2122 3625 2333 3681 pacem,
2376 3612 2652 3666 meliorem
2689 3612 2896 3668 scilicet
2930 3613 3101 3683 prima
3129 3612 3434 3682 impertitus
3460 3622 3580 3677 est,
3669 3637 3681 3648 -

2011 3710 2174 3772 atque
2199 3709 2258 3754 ut
2285 3702 2610 3770 apostolatui
2637 3703 2812 3772 parati
2840 3712 3023 3758 essent
3053 3703 3350 3766 mandavit,
3375 3703 3583 3757 similes

2009 3793 2399 3866 propemodum
2453 3794 2538 3849 sui
2587 3793 2801 3850 futuros
2837 3795 2905 3850 ob
2941 3797 3122 3866 Operis
3166 3795 3579 3851 similitudinem

2010 3887 2303 3956 spondens.
2343 3887 2461 3942 Mox
2509 3894 2875 3942 consentanee
2917 3885 3178 3956 Spiritum
3220 3896 3472 3942 sanctum
3523 3891 3579 3942 in

2007 3993 2104 4033 eos
2135 3977 2441 4047 inspiravit,
2475 3987 2661 4048 utpote
2690 3979 2836 4033 illius
2868 3977 3085 4049 indigos
3119 3979 3187 4033 ad
3234 3995 3360 4034 mox
3388 3980 3578 4034 dicen-

2007 4071 2132 4124 dam
2166 4069 2651 4126 denuntiationem.
2691 4069 2818 4125 Haac
2864 4077 3044 4123 autem
3079 4077 3218 4133 erat,
3253 4087 3414 4141 posse
3457 4072 3580 4127 illos

2007 4170 2231 4233 peccata
2269 4163 2543 4217 dimittere
2571 4177 2666 4233 per
2692 4163 2868 4217 sancti
2899 4161 3136 4230 Spiritus
3170 4162 3447 4218 virtutem.
3481 4165 3580 4216 At-

2005 4270 2111 4325 que
2156 4253 2231 4307 ita
2285 4269 2353 4309 ex
2404 4253 2668 4308 ambobus
2700 4253 3046 4324 evangelistis
3090 4269 3232 4308 unus
3269 4255 3577 4311 communis

2006 4345 2320 4417 perficietur
2351 4361 2568 4414 sermo;
2607 4345 2736 4400 dum
2766 4345 2912 4400 dicta
2940 4345 3081 4415 apud
3122 4344 3348 4412 Lucam,
3384 4353 3574 4402 tacen-

2006 4447 2098 4493 tur
2137 4437 2281 4509 apud
2332 4436 2631 4504 Joannem;
2667 4438 3022 4508 vicissimque
3065 4438 3121 4492 in
3165 4435 3392 4493 Joannis
3437 4437 3578 4494 scri-

328 4531 628 4604 δυνάμεως.
661 4531 771 4586 Καὶ
809 4531 979 4594 οὕτως
1025 4529 1085 4596 ἐξ
1130 4529 1453 4601 ἀμφοτέρων
1483 4525 1592 4580 τῶν
1623 4525 1900 4595 εὐαγγελι-

2010 4539 2166 4600 ptura
2237 4529 2546 4594 traduntur,
2613 4545 2734 4600 quae
2792 4530 3012 4584 silentio
3074 4528 3251 4584 Lucas
3313 4529 3571 4598 premit:

331 4625 474 4679 στῶν
520 4621 600 4687 εἷς
646 4622 898 4686 κοινωνὸς
940 4619 1405 4693 ἀπαρτισθήσεται
1444 4619 1619 4689 λόγος,
1651 4614 1758 4670 τῶν
1800 4617 1899 4689 μὲν

330 4718 484 4792 παρά
531 4716 609 4788 τῷ
647 4718 830 4787 Λουκᾷ
854 4716 1208 4786 λελεγμένων,
1239 4712 1617 4785 σιωπηθέντων
1643 4710 1792 4781 παρά
1823 4709 1902 4778 τῷ

341 4809 569 4882 Ἰωάννῃ
585 4824 599 4837 ·
629 4807 734 4860 τῶν
757 4807 813 4860 δὲ
839 4807 942 4860 ὑπὸ
971 4805 1063 4859 τοῦ
1089 4805 1334 4860 Ἰωάννου
1356 4806 1539 4875 γραφῇ
1574 4800 1903 4875 παραδοθέν-

328 4918 458 4966 των,
489 4903 614 4972 σιγῇ
656 4898 1054 4970 ταμιευθέντων
1095 4895 1247 4968 παρά
1268 4894 1346 4966 τῷ
1378 4896 1588 4968 Λουκᾷο
1623 4895 1716 4947 καὶ
1755 4890 1900 4965 πρώ-

2008 4622 2185 4691 primo
2217 4621 2358 4686 loco,
2392 4631 2450 4674 ut
2472 4621 2732 4685 diximus,
2765 4637 2888 4692 quae
2913 4630 3040 4677 sunt
3068 4619 3227 4676 Luca:
3260 4622 3572 4686 collocatis;

2009 4706 2206 4762 deinde
2237 4723 2358 4777 qua!
2390 4705 2629 4762 Joannes
2657 4709 2754 4772 ait,
2796 4707 3057 4762 subnexis
3084 4723 3099 4772 ;
3141 4706 3386 4760 eamdem
3421 4699 3590 4760 men?

2010 4806 2117 4854 tem
2147 4812 2496 4869 sensumque.
2528 4814 2648 4868 quas
2682 4807 2810 4853 sunt
2841 4798 2982 4868 apud
3003 4807 3316 4866 utrumque,
3351 4810 3576 4852 servan-

2011 4891 2178 4945 tibus.
2205 4890 2383 4960 Atque
2410 4890 2523 4944 haec
2553 4891 2625 4945 ita
2657 4906 2715 4946 se
2747 4891 2968 4977 habent.

327 5015 438 5054 των
489 4995 588 5067 μὲν
635 4993 742 5048 τῶν
791 4993 940 5065 παρά
981 4993 1057 5065 τῷ
1102 4993 1281 5062 Δουκᾷ
1311 4990 1667 5060 λελεγμένων,
1693 4988 1820 5059 ἑξῆς
1851 4987 1908 5040 δὲ
1935 4985 2163 5048 ὲκείνοις
2223 4983 2641 5056 συναπτομένων
2681 4971 2978 5053 τῶνπαρὰ
3011 4980 3089 5050 τῷ
3133 4971 3385 5052 Ἰωάννῃ⁹
3433 4978 3592 5034 οὕτω

327 5111 388 5148 τε
417 5093 512 5146 ἱνα
544 5091 667 5146 νοῦν
711 5091 806 5146 καὶ
852 5090 980 5160 μίαν
1025 5089 1261 5144 διάνοιαν
1295 5085 1572 5151 σωζόντων
1615 5083 1722 5138 τῶν
1768 5084 1896 5153 παρ’
1934 5080 2280 5152 ἀμφοτέροις.
2309 5080 2490 5134 Ταῦτα
2525 5081 2622 5153 μὲν
2651 5080 2841 5153 ταύτῃ.
2984 5083 2986 5087 ’

1093 5205 1149 5262 ι’.
1742 5253 1745 5255 ,

401 5329 515 5400 (70)
557 5326 680 5391 Πῶς
726 5326 784 5380 δὲ
829 5324 979 5398 παρὰ
1010 5325 1105 5395 μὲν
1134 5323 1210 5394 τῷ
1238 5321 1502 5392 Ματθαίῳ
1531 5320 1760 5390 ἄγγελος
1808 5320 1903 5389 όφ-

329 5421 444 5486 θεὶς
472 5424 590 5485 ταῖς
615 5417 827 5488 γυναιξὶ
853 5415 1211 5487 παρήγγειλεν
1237 5413 1562 5481 ἀπαγγεῖλαι
1587 5413 1698 5474 τοῖς
1726 5409 1898 5482 μαθη-

325 5517 449 5578 ταῖς
467 5512 655 5577 αὐτοῦ,
671 5513 774 5574 ὅτι,
792 5507 1030 5581 Ἠγέρθη
1049 5507 1158 5562 ἀπὸ
1174 5506 1282 5560 τῶν
1301 5504 1530 5576 νεκρῶν,
1555 5504 1646 5558 καὶ
1669 5501 1898 5576 προάγει

329 5609 475 5678 ὑμᾶς
524 5607 605 5670 είς
646 5604 742 5676 τὴν
776 5601 1082 5666 Γαλιλαίαν,
1117 5601 1231 5653 ἐκεῖ
1255 5597 1413 5652 αὐτὸν
1437 5595 1664 5666 δψεσθε,
1702 5594 1899 5667 ὁμοίως

405 5781 516 5850 (69)
556 5779 786 5836 Minoris
819 5778 1041 5850 ordinis,
1055 5777 1232 5833 Lucas
1267 5785 1321 5830 et
1354 5773 1590 5835 Marcus,
1624 5779 1893 5850 quatenus

329 5856 386 5911 lii
408 5843 517 5910 non
543 5852 762 5908 fuerunt
783 5851 995 5906 Domini
1017 5849 1142 5905 Jesu
1165 5855 1498 5917 Spectatores
1519 5855 1572 5900 et
1595 5843 1890 5898 auditores.

575 5952 828 6012 ΡΔτιιοι.
897 5949 1015 6010 Gn.
1102 5946 1309 6024 XXIII.

2762 5195 2828 5251 Χ.

2080 5313 2365 5380 Quomodo
2403 5311 2544 5383 apud
2576 5309 2888 5382 Mattbaeum
2918 5308 3135 5380 quidem
3166 5308 3393 5378 angelus
3421 5308 3572 5364 visus

2004 5408 2330 5462 mulieribus
2400 5405 2677 5460 mandavit
2733 5387 2989 5460 nuntiare
3041 5402 3327 5472 discipulis
3381 5399 3569 5457 Jesum

2004 5500 2408 5562 resurrexisse,
2450 5497 2682 5568 illosque
2719 5510 3116 5566 praecessurum
3158 5495 3214 5548 in
3253 5492 3566 5556 Galilazamh,

2005 5593 2190 5664 ibique
2245 5590 2360 5647 fore
2403 5590 2758 5661 conspicuum
2784 5629 2799 5656 ,
2846 5588 3098 5644 similiter
3141 5584 3282 5657 apud
3327 5583 3570 5639 Marcum

2072 5769 2185 5843 (70)
2225 5768 2358 5825 Cod.
2394 5769 2458 5834 A,
2491 5768 2530 5823 r.
2561 5767 2684 5836 διδ,
2714 5769 2766 5822 b.
