4114 6472
575 343 599 398 1
612 343 714 402 00$

1275 345 1539 404 EUSEBII
1580 349 2050 410 C£SARIENSIS
2085 351 2234 409 OPP.
2278 356 2452 414 PARS
2491 359 2579 414 lll.
2620 391 2672 400 -—
2727 359 3134 420 EXEGETICA.

3662 370 3804 424 1006

570 473 788 532 quoque
819 475 848 514 a
874 462 1103 530 juvene,
1143 479 1303 534 quem
1350 464 1404 520 in
1445 465 1637 522 dextra
1675 478 1830 540 parte
1869 471 2102 528 sedente:

2204 495 2218 535 ι
2246 475 2300 529 δὲ
2351 479 2443 532 καὶ
2493 483 2643 552 παρά
2673 481 2751 553 τῷ
2779 483 2989 553 Μάρκῳ
3012 483 3040 535 6
3070 481 3367 548 νεανίσκος,
3397 483 3454 538 ὃν
3483 481 3619 541 εἶδον
3647 487 3822 561 καθ-ηε

566 551 852 620 viderunt,
878 553 992 609 hinc
1018 556 1340 614 mulieribus
1370 557 1516 614 dicta
1548 559 1718 617 fuere.
1748 562 1905 634 Apud
1934 563 2136 620 Lucam

564 659 695 701 vero
722 645 776 701 in
810 647 929 717 ipsa
957 647 1092 704 urbe
1119 646 1421 705 Jerusalem
1453 655 1802 724 congregatis
1848 656 2137 727 discipulis

564 737 849 803 undecim,
883 746 935 795 et
965 739 1032 796 de
1064 743 1487 800 resurrectionis
1521 747 1739 816 negotio
1785 749 2015 803 invicem
2049 765 2136 804 re-

564 827 896 896 ferentibus,
931 833 1081 888 stetit
1109 833 1268 890 Jesus
1303 835 1354 890 in
1391 837 1570 892 medio
1601 853 1789 893 eorum
1813 879 1827 904 ,
1880 841 2136 896 eosdem-

558 939 666 994 que
701 927 975 982 allocutus
1022 936 1148 993 est,
1197 929 1419 1000 assique
1463 930 1633 1001 piscis
1684 939 1892 1002 partem
1942 949 2131 990 coram

557 1018 693 1089 ipsis
724 1021 981 1078 comedit.
1013 1023 1169 1094 Apud
1197 1023 1466 1080 Joannem
1499 1026 1736 1097 denique
1767 1028 1821 1082 in
1856 1030 1972 1100 ipsa
2001 1031 2129 1086 item

555 1108 880 1180 Jerusalem,
913 1131 1020 1170 non
1065 1118 1252 1182 semel,
1293 1117 1388 1173 sed
1423 1119 1584 1173 etiam
1638 1120 1831 1176 iterum
1881 1123 2132 1193 apparuit

554 1205 804 1260 undecim
836 1247 850 1271 ,
883 1208 1061 1278 primo
1104 1209 1321 1280 quidem
1368 1211 1486 1282 ipsa
1535 1214 1956 1269 resurrectionis
1996 1215 2084 1270 die
2110 1255 2126 1280 ,

553 1315 709 1367 sero;
741 1299 937 1356 deinde
967 1310 1088 1372 post
1119 1304 1239 1359 dies
1270 1311 1416 1360 octo.
1451 1305 1738 1372 Quomodo
1764 1323 1894 1379 ergo
1930 1325 2129 1364 secun-

551 1390 679 1447 dum
713 1392 916 1447 Lucam
946 1400 1109 1464 atque
1136 1393 1403 1451 Joannem
1433 1398 1598 1454 toties
1639 1415 1704 1454 eo
1751 1415 1781 1454 a
1832 1399 2123 1472 discipulis

553 1485 609 1540 in
639 1486 754 1556 ipsa
798 1483 1098 1542 Jerusalem
1130 1489 1284 1552 viso,
1321 1492 1624 1547 secundum
1672 1491 1913 1548 Marcum
1962 1503 2125 1565 atque

547 1575 860 1634 Matthmum
893 1579 1210 1635 mandatum
1243 1581 1436 1638 iisdem
1463 1599 1560 1654 per
1599 1585 1859 1642 mulieres
1902 1584 2022 1653 fuit,
2063 1595 2123 1641 ut

547 1671 602 1727 in
634 1670 908 1728 Galilaeam
953 1673 1200 1737 abirent,
1229 1680 1416 1744 utpote
1443 1674 1554 1730 illic
1583 1691 1706 1732 eum
1739 1674 1942 1732 visuris
1964 1717 1978 1742 ,
2009 1690 2118 1733 non

546 1772 726 1821 autem
760 1767 813 1820 in
847 1767 980 1822 urbe
1008 1765 1308 1824 Jerusalem
1339 1769 1668 1840 spectaturis
1693 1769 1719 1822 ἳ

612 1939 881 2000 Praeterea
905 1985 918 2009 ,
949 1946 994 2002 si
1021 1946 1274 2004 undecim
1301 1949 1452 2007 solos
1481 1948 1792 2008 Servatoris
1819 1951 2120 2025 discipulos

542 2032 957 2108 Evangeliorum
999 2041 1272 2112 scriptura
1299 2051 1620 2114 agnosceret
1640 2085 1655 2109 ,
1689 2045 1770 2102 sic
1796 2061 2012 2118 quoque
2036 2047 2121 2102 di-

541 2138 686 2186 ceret
735 2131 885 2186 nulla
917 2148 974 2188 re
1005 2133 1149 2189 hunc
1180 2151 1487 2192 sermonem
1517 2136 1781 2206 deiicere,
1813 2138 1858 2194 si
1891 2147 2116 2196 eatenus

537 2222 829 2278 mulierum
857 2226 1202 2283 sermonibus
1226 2243 1333 2282 non
1358 2227 1642 2285 credentes
1663 2228 1964 2300 discipulos
1985 2245 2115 2286 suos

537 2312 908 2382 conﬁrmans,
947 2319 1114 2373 semel
1146 2328 1199 2374 et
1226 2319 1424 2375 iterum
1460 2321 1596 2390 ipsis
1630 2321 1685 2374 in
1717 2321 1855 2376 urbe
1888 2318 2114 2377 Jerusa-

536 2404 644 2460 lem
681 2407 982 2464 latentibus
1015 2410 1307 2479 apparuit:
1341 2420 1394 2466 at
1428 2411 1484 2465 in
1515 2410 1736 2467 Galilaea
1768 2428 2109 2484 nequaquam

531 2497 768 2561 occulte,
801 2514 979 2569 neque
1012 2501 1179 2556 semel
1206 2509 1300 2556 aut
1330 2503 1530 2559 iterum
1553 2542 1569 2568 ,
1595 2519 1776 2574 neque
1806 2504 1878 2559 ob
1905 2512 2106 2560 metum

531 2605 563 2643 ι
592 2589 800 2646 Judaeis
831 2593 1156 2659 conclusos,
1187 2596 1356 2650 multa
1385 2611 1510 2650 cum
1540 2596 1740 2652 fiducia
1769 2595 2110 2668 apparitione

531 2701 632 2742 sua
684 2685 1013 2757 deitatisque
1040 2688 1356 2744 ostensione
1383 2688 1643 2760 dignatus
1671 2697 1787 2754 est,
1826 2695 1997 2744 semet
2026 2686 2109 2742 vi-

527 2787 743 2834 ventem
764 2779 1058 2836 ostendens
1072 2781 1535 2852 postpassionem,
1561 2782 1747 2836 multis
1765 2797 1889 2836 cum
1908 2781 2102 2853 signis,

527 2885 625 2942 per
654 2872 1016 2943 quadraginta
1060 2873 1177 2929 dies
1218 2875 1552 2944 conspicuus
1576 2884 1631 2931 et
1664 2876 1896 2946 loquens
1918 2875 1987 2931 de
2015 2891 2103 2930 reo

525 2979 633 3036 gno
665 2964 758 3020 Dei
792 2974 954 3037 atque
984 2981 1318 3022 conversans
1344 2985 1359 3034 ;
1395 2974 1452 3022 ut
1483 2968 1536 3022 in
1567 2969 1794 3024 Actibus
1824 2969 2102 3040 apostolo-

521 3071 646 3112 rum
680 3057 858 3114 Lucas
885 3059 982 3114 ait.
1010 3059 1188 3130 Atque
1213 3061 1328 3116 haec
1356 3061 1532 3131 prima
1559 3070 1678 3117 esto
1704 3062 1926 3118 solutio.
1954 3061 2098 3128 Quo-

2243 587 2402 641 μενον
2433 575 2491 626 ὲν
2517 579 2625 639 τοῖς
2651 575 2862 641 δεξιοῖς,
2888 576 3058 630 ταῦτα
3086 571 3206 629 εἷπε
3241 579 3361 642 ταῖς
3391 581 3623 647 γυναιξί.
3659 583 3820 657 Παρά

2238 657 2294 714 δὲ
2345 663 2422 734 τῷ
2454 667 2637 738 Λουκᾷ
2664 667 2722 720 ὲν
2750 667 2887 738 αὐτῇ
2935 669 3001 738 τῇ
3041 667 3417 740 Ἰερουσαλὴμ,
3443 671 3820 744 ἡθροισμένων

2241 753 2378 807 κατά
2399 755 2458 808 τὸ
2490 757 2622 809 αὐτὸ
2651 756 2758 809 τῶν
2795 755 3051 828 μαθητῶν
3083 755 3190 808 τῶν
3216 757 3426 821 ἕνδεκα,
3462 761 3555 812 καὶ
3585 761 3651 814 τὰ
3689 762 3822 835 περὶ

2237 847 2338 917 τῆς
2362 849 2708 913 ἀναστάσεως
2745 848 2908 902 αὑτοῦ
2960 848 3208 919 ἀλληλοις
3240 850 3650 922 ὑφηγουμένων,
3686 855 3818 928 ἔστη

2239 938 2408 1008 μέσος
2454 939 2635 1004 αὐτὸς,
2667 939 2762 993 καὶ
2812 940 3274 1013 προσδιαλέγεται,
3310 944 3404 996 καὶ
3441 943 3620 1014 ἰχθύος
3647 946 3816 1002 ὀπτοῦ

2237 1027 2401 1098 μέρος
2432 1029 2660 1084 ἐνώπιον
2688 1030 2868 1084 αὐτῶν
2895 1031 3086 1100 ἔφαγε.
3109 1033 3218 1086 Καὶ
3258 1034 3401 1088 κατά
3442 1036 3535 1089 τὸν
3562 1037 3815 1109 Ἰωάννην

2229 1116 2285 1172 δὲ
2311 1121 2367 1172 ἐν
2396 1121 2528 1192 αὐτῇ
2547 1125 2610 1193 τῇ
2641 1122 2990 1195 Ἰερουσαλὴμ
3015 1123 3193 1185 πάλιν,
3227 1126 3323 1196 ούχ
3354 1126 3521 1192 ἅπαξ,
3551 1129 3688 1183 ἀλλά
3717 1131 3817 1186 καὶ

2227 1207 2476 1281 δεύτερον
2522 1210 2678 1284 ὤφθη
2729 1217 2842 1276 τοῖς
2891 1214 3100 1278 ἕνδεκα,
3130 1217 3344 1288 πρῶτον
3385 1221 3481 1288 μὲν
3513 1222 3606 1274 καὶ
3639 1222 3814 1295 αὐτὴν

2225 1300 2324 1373 τὴν
2350 1303 2558 1374 ἡμέραν
2587 1305 2685 1376 τῆς
2707 1306 3074 1371 ἀναστάσεως.
3097 1307 3255 1377 ὀψίας
3274 1327 3287 1340 ο
3314 1304 3431 1363 εἶτα
3454 1311 3572 1381 μεθ’
3596 1315 3812 1388 ἡμέρας

2225 1390 2386 1448 ὀκτώ.
2420 1393 2541 1458 Πῶς
2589 1391 2681 1449 οὖν
2734 1395 2876 1450 κατά
2917 1396 3010 1449 τὸν
3051 1399 3265 1452 Λουκᾶν
3297 1400 3388 1453 καὶ
3423 1402 3513 1456 τὸν
3553 1403 3809 1478 Ἰωάννην

2222 1485 2546 1548 τοσαυτάκις
2572 1485 2828 1556 ὀφθέντος
2860 1488 3024 1542 αὑτοῦ
3048 1491 3161 1552 τοῖς
3192 1489 3457 1562 μαθηταῖς
3487 1495 3544 1546 ἐν
3573 1496 3710 1567 αὐτῇ
3737 1499 3806 1568 τῇ

2235 1573 2604 1648 Ἰερουσαλὴμ,
2635 1580 2775 1633 κατά
2800 1581 2890 1633 τὸν
2915 1581 3140 1652 Μάρκον
3167 1584 3258 1635 καὶ
3286 1584 3378 1637 τὸν
3405 1585 3682 1641 Ματθαῖον
3708 1606 3803 1642 κε-

2221 1665 2464 1722 λεύονται
2489 1671 2538 1722 οἱ
2567 1671 2718 1724 αὐτοὶ
2744 1671 2832 1725 διὰ
2853 1672 2961 1725 τῶν
2986 1672 3258 1740 γυναικῶν
3284 1675 3365 1739 είς
3390 1675 3486 1746 τὴν
3512 1676 3805 1731 Γαλιλαίαν

2219 1759 2491 1827 ἀπελθεῖν,
2525 1762 2600 1827 ὡς
2628 1765 2742 1816 ἐκεῖ
2765 1763 2927 1818 αὐτὸν
2961 1765 3234 1837 ὀψόμενοι,
3270 1766 3387 1819 ἀλλ’
3414 1768 3476 1820 οὐ
3513 1769 3802 1839 μέλλοντες

2151 1846 2195 1904 Β
2223 1853 2383 1906 αὑτὸν
2413 1853 2636 1909 Θεᾶσθαι
2666 1857 2724 1908 ὲν
2753 1859 2818 1927 τῇ
2852 1856 3233 1929 Ἰερουσαλήμς

2293 1947 2403 2019 (Ἠ)
2447 1949 2567 2002 Ἔτι
2600 1953 2647 2003 εί
2679 1951 2776 2022 μὲν
2808 1951 2932 2014 τοὺς
2960 1951 3152 2004 ἕνδεκα
3181 1952 3374 2022 μόνους
3411 1953 3655 2024 μαθητάς
3700 1954 3799 2009 τοῦ

2221 2039 2472 2111 Σωτῆρος
2505 2041 2538 2111 ἡ
2563 2043 2672 2096 τῶν
2695 2043 3042 2112 Εύαγγε).ίων
3066 2044 3332 2114 ἠπίστατο
3361 2047 3565 2120 γραφὴ,
3593 2049 3689 2102 καί
3714 2047 3802 2102 οὔ·

2218 2148 2325 2195 τως
2368 2129 2519 2187 εἶπεν
2566 2134 2632 2189 ἄν
2668 2153 2753 2200 τις
2803 2137 2966 2209 μηδὲν
2996 2137 3088 2191 τὸν
3118 2138 3272 2207 λόγον
3315 2139 3540 2206 λείπειν,
3565 2143 3614 2194 εί
3658 2143 3797 2206 τέως

2220 2224 2320 2294 μὲν
2348 2224 2708 2294 ἀπιστοῦντας
2728 2232 2846 2294 ταῖς
2872 2230 2981 2283 τῶν
3004 2231 3275 2300 γυναικῶν
3297 2234 3650 2302 ἐπαγγελίαις
3668 2237 3794 2300 τοὺς

2215 2317 2381 2372 αὑτοῦ
2412 2320 2659 2392 μαθητὰς
2691 2320 3024 2394 θεραπεύων,
3056 2323 3198 2387 ἅπαξ
3219 2324 3311 2376 καὶ
3342 2324 3590 2396 δεύτερον
3609 2326 3793 2388 αὐτοῖς

2213 2408 2485 2484 λαθραίως
2517 2413 2984 2485 κρυπταζομένοις
3022 2417 3081 2468 ἐν
3115 2415 3466 2488 Ἰερουσαλὴμ
3496 2419 3701 2488 ἐφάνηο
3734 2419 3793 2473 ἓν

2211 2521 2274 2574 γε
2325 2504 2428 2576 μὴν
2479 2506 2545 2575 τῇ
2591 2504 2848 2576 Γαλιλαίᾳ
2880 2505 3055 2558 οὐκέτ’
3101 2506 3616 2579 ὲπικεκρυμμένως,
3665 2511 3789 2565 οὐδὲ

2211 2597 2356 2664 ἅπαξ
2389 2595 2510 2650 οὐδὲ
2540 2595 2812 2668 δεύτερον,
2837 2595 2949 2651 ἀλλ’
2973 2598 3080 2652 οὐδ’
3103 2600 3570 2671 ἐγκεκλεισμένοις
3588 2602 3678 2656 διὰ
3697 2602 3791 2658 τὸν

2208 2690 2369 2758 φόϐον
2400 2689 2508 2742 τῶν
2547 2689 2833 2755 Ἰουδαίων,
2868 2691 2964 2744 σὺν
3001 2691 3168 2764 πολλῇ
3203 2693 3257 2746 δὲ
3287 2696 3350 2764 τῇ
3381 2695 3664 2768 παρρησίᾳ
3687 2695 3788 2769 τὴν

2208 2779 2521 2850 θεοιράνειαν
2574 2780 2772 2844 αὐτοῦ,
2829 2782 2922 2836 καὶ
2965 2783 3064 2852 τῆς
3116 2783 3367 2856 θεότητος
3415 2787 3513 2858 τὴν
3561 2787 3788 2852 ἔνδειξιν

2205 2874 2456 2940 ἐποιεῖτο,
2494 2873 2774 2946 παριστῶν
2805 2875 2986 2938 αὐτοῖς
3011 2875 3200 2928 ἑαυτὸν
3224 2875 3400 2941 ζῶντα
3427 2877 3563 2947 μετά
3590 2879 3652 2932 τὸ
3679 2898 3787 2933 παι

2205 2969 2335 3034 θεῖν,
2359 2969 2415 3020 ὲν
2441 2966 2654 3029 πολλοῖς
2677 2965 3012 3036 τεκμηρίοις,
3042 2967 3108 3019 δι’
3126 2968 3348 3039 ἡμερῶν
3376 2970 3781 3040 τεσσαράκοντα

2201 3057 2565 3127 όπτανόμενός
2595 3072 2653 3108 τε
2682 3055 2776 3108 καὶ
2799 3053 2971 3122 λέγων
3004 3055 3072 3108 τά
3099 3057 3226 3128 περὶ
3251 3056 3354 3126 τῆς
3383 3056 3661 3127 βασιλείας
3684 3059 3779 3114 τοῦ

521 3151 669 3206 niam
697 3166 827 3206 vero
857 3152 1233 3222 apostolorum
1265 3153 1450 3208 selecti
1474 3153 1692 3225 quidem
1717 3162 1770 3208 et
1796 3163 2095 3233 summates

2204 3151 2356 3215 Θεοῦ,
2393 3150 2488 3202 καὶ
2535 3145 3002 3217 συναυλιζόμενος,
3042 3147 3118 3210 ὦς
3168 3165 3330 3220 φησιν
3377 3151 3406 3203 ὀ
3456 3152 3669 3216 Λουκᾶς
3719 3154 3777 3206 ὲν

520 3259 809 3300 numerum
841 3244 1128 3300 duodecim
1159 3245 1487 3316 explebant;
1519 3245 1660 3301 alius
1689 3255 1869 3300 autem
1897 3255 2095 3315 praeter

2204 3247 2318 3308 ταῖς
2353 3241 2618 3314 Πράξεσι·
2667 3240 2761 3293 καὶ
2811 3237 2948 3311 αὕτη
2995 3238 3093 3309 μὲν
3138 3239 3326 3312 πρώτη
3353 3240 3778 3306 λύσις.Ἐπεὶδὲ

518 3336 623 3393 hos
653 3337 787 3393 ordo
816 3345 933 3392 erat
963 3337 1356 3407 discipulorum
1385 3338 1730 3410 septuaginta
1749 3381 1764 3404 ,
1795 3339 1864 3395 de
1894 3339 2094 3410 quibus

518 3425 652 3481 dicit
665 3425 842 3482 Lucas
861 3425 1251 3496 inEvangelio:
1275 3446 1293 3477 ι
1308 3424 1437 3482 Post
1455 3427 1568 3482 haec
1585 3428 1747 3500 elegit
1765 3427 2024 3488 Dominus
2041 3437 2093 3487 et

513 3519 657 3575 alios
675 3518 1020 3589 septuaginta
1043 3517 1190 3585 "-93;
1222 3538 1240 3571 ι
1268 3527 1422 3574 extra
1443 3535 1601 3591 quem
1623 3537 1912 3577 numerum
1934 3533 2092 3580 erant

516 3610 610 3664 alii
639 3610 955 3680 complures
995 3607 1272 3666 Servatori
1319 3609 1696 3678 adhaerentes,
1728 3629 1869 3684 quos
1911 3615 2091 3671 innuit

512 3701 680 3758 etiam
715 3716 869 3758 sacer
899 3701 1196 3772 Apostolus
1220 3740 1237 3767 ,
1269 3701 1498 3758 dicens:
1534 3720 1551 3753 ι
1589 3701 1794 3758 Deinde
1825 3705 1977 3760 visus
2006 3716 2091 3762 est

510 3793 638 3865 plus
665 3807 826 3864 quam
857 3793 1172 3865 quingentis
1211 3792 1474 3850 fratribus
1503 3793 1570 3859 “,
1603 3813 1622 3847 ι
1653 3794 1745 3865 qui
1787 3804 1840 3851 et
1882 3796 1982 3867 ipsi
2007 3797 2089 3850 di-

511 3887 850 3957 scipulorum
879 3886 1096 3942 nomine
1124 3887 1397 3944 honestati
1447 3887 1696 3953 fuerant,
1725 3889 1928 3959 quibus
1967 3889 2084 3944 ﬁeri

509 3994 619 4034 non
649 3986 894 4050 poterat,
924 3987 985 4034 ut
1014 3980 1179 4035 simul
1223 3980 1482 4035 omnibus
1521 3981 1867 4051 congregatis
1913 3990 2083 4037 semet

509 4069 565 4124 in
602 4070 739 4125 urbe
765 4068 1068 4126 Jerusalem
1096 4070 1410 4126 ostenderet
1441 4069 1708 4126 Dominus
1738 4079 1863 4142 post
1896 4087 2083 4127 resur-

506 4161 855 4218 rectionem:
904 4159 1027 4217 ideo
1071 4169 1221 4218 recte
1263 4159 1614 4232 evangelista:
1659 4162 1768 4217 duo
1810 4161 1988 4217 Lucas
2029 4172 2082 4218 et

503 4252 746 4309 Joannes
782 4253 918 4310 solis
958 4252 1215 4309 undecim
1261 4253 1582 4324 apparuisse
1624 4255 1802 4326 ipsum
1848 4256 1903 4309 in
1944 4257 2080 4312 urbe

502 4343 808 4401 Jerusalem
842 4342 1112 4400 scribunt.
1154 4341 1373 4414 Reliqui
1412 4359 1542 4400 vero
1581 4344 1722 4408 duo,
1753 4359 1863 4400 non
1905 4345 2077 4401 unde-

502 4437 612 4491 cim
637 4435 913 4507 proﬁcisci
939 4435 994 4490 in
1019 4433 1294 4490 Galilaeam
1317 4475 1331 4500 ,
1361 4435 1458 4492 sed
1481 4437 1707 4492 omnino
1731 4442 1946 4494 cunctis
1973 4437 2079 4492 fra-

2195 3334 2301 3388 τῶν
2350 3331 2606 3403 μαθητῶν
2654 3331 2704 3384 οἱ
2756 3329 2854 3400 μὲν
2903 3327 3144 3400 ἔκκριτοι
3179 3329 3272 3382 καὶ
3312 3330 3518 3401 πρῶτοι
3544 3331 3638 3385 τὸν
3666 3332 3777 3386 τῶν

2192 3424 2402 3480 δώδεκα
2437 3423 2807 3494 συνεπλήρουν
2832 3421 3011 3493 χορὸν,
3035 3421 3282 3494 δεύτερον
3309 3421 3364 3476 δὲ
3388 3423 3534 3495 παρά
3550 3424 3776 3489 τούτους

2192 3517 2452 3590 ἐτύγχανε
2476 3517 2662 3588 τάγμα
2696 3514 2758 3568 τὸ
2796 3514 2905 3568 τῶν
2946 3513 3336 3585 ἑϐδομήκοντα,
3373 3516 3501 3587 περὶ
3532 3509 3607 3570 ὧν
3639 3533 3776 3588 φησι

2191 3611 2405 3674 Λουκᾶς
2433 3613 2489 3663 ὲν
2516 3609 2594 3680 τῷ
2617 3606 2936 3676 Εύαγγελίῳ
2955 3624 2968 3637 ·
2994 3625 3013 3656 ι
3035 3607 3190 3660 Μετὰ
3214 3607 3271 3661 δὲ
3296 3607 3468 3661 ταῦτα
3501 3608 3775 3674 ἀνέδειξεν

2189 3700 2218 3752 ό
2235 3698 2438 3770 Κύριος
2465 3698 2558 3752 καὶ
2589 3698 2803 3768 ἐτέρους
2827 3695 3221 3768 ἑϐδομήκοντα·
3243 3715 3264 3748 ι
3283 3697 3487 3751 τούτων
3511 3697 3568 3751 δὲ
3593 3698 3772 3763 ἐκτὸς,

2189 3792 2432 3863 ὑπῆρχον
2469 3791 2563 3844 καὶ⁵
2607 3789 2783 3862 ἕτεροι
2829 3788 3047 3853 πλείους
3078 3790 3342 3860 γνώριμοι
3370 3791 3466 3845 τοῦ

2186 3881 2278 3946 οὓς
2305 3883 2399 3936 καὶ
2431 3881 2629 3952 ἔφησεν
2653 3883 2682 3934 ὀ
2713 3880 2854 3952 ἱερὸς
2895 3879 3216 3942 Ἀπόστολος
3245 3880 3418 3950 λέγων
3437 3898 3450 3910 ·
3501 3884 3769 3936 (Ἔπειτα

2184 3974 2343 4046 ὤφθη
2375 3975 2560 4028 ἐπάνω
2591 3972 2966 4036 πεντακοσίοις
3002 3971 3270 4040 ἀδελφοῖς,
3299 3992 3318 4024 ι
3368 3973 3462 4026 καὶ
3503 3974 3658 4028 αὐτοὶ
3707 3975 3770 4029 δὲ

2183 4064 2327 4123 οὗτοι
2379 4066 2471 4122 τοῦ
2515 4067 2622 4121 τῶν
2669 4065 2924 4136 μαθητῶν
2969 4065 3228 4136 ὀνόματος
3281 4065 3569 4137 ἠξιωμένοι
3597 4062 3763 4139 ἦσαν,

2183 4153 2264 4224 οἷς
2289 4161 2386 4230 οὐχ
2441 4154 2551 4212 οἷόν
2579 4175 2636 4212 τε
2665 4154 2733 4230 ἦν
2758 4157 2893 4229 ὁμοῦ
2935 4159 3068 4212 πᾶσι
3099 4156 3238 4212 κατά
3280 4157 3443 4211 ταυτὸ
3483 4159 3766 4232 συνηθροι-

2184 4254 2400 4317 σμένοις
2433 4255 2491 4306 ὲν
2536 4253 2601 4323 τῇ
2642 4250 2986 4322 Ἰερουσαλὴμ
3029 4250 3260 4322 ὀφθῆναι
3295 4251 3456 4306 αὑτὸν
3495 4253 3633 4323 μετὰ
3660 4253 3764 4325 τὴν

2181 4346 2495 4412 ἀνάστασιν,
2528 4344 2754 4407 εἰκότως
2785 4343 2876 4397 δύο
2906 4344 3002 4415 μὲν
3047 4343 3155 4396 τῶν
3184 4344 3606 4413 εύαγγελιστῶν,
3635 4347 3665 4399 ὃ
3695 4361 3760 4400 τι

2179 4438 2390 4501 Λουκᾶς
2428 4437 2520 4490 καὶ
2545 4438 2574 4490 ὀ
2611 4435 2884 4505 Ἰωάννης,
2913 4435 3094 4505 μόνοις
3113 4439 3224 4500 τοῖς
3246 4435 3434 4489 ἕνδεκα
3461 4430 3635 4504 ὦφθαι
3659 4438 3761 4490 αύ-

499 4529 682 4587 tribus
703 4529 856 4584 aiunt
877 4529 1047 4586 fuisse
1067 4529 1382 4584 mandatum
1424 4528 1492 4584 ab
1533 4529 1654 4600 ipso
1695 4528 1984 4586 Servatnre
2023 4540 2077 4585 et

2204 4529 2270 4583 ὢν
2297 4529 2704 4600 ἀναγράφουσιν
2736 4529 2794 4580 ἐν
2823 4529 2886 4597 τῇ
2932 4527 3302 4598 Ἰερουσαλήμ.
3335 4527 3439 4580 Δύο
3461 4527 3516 4581 δὲ
3549 4527 3762 4582 τούτων

497 4621 570 4678 ab
595 4620 787 4692 angelo
808 4626 970 4676 antea
997 4619 1137 4686 viso,
1159 4618 1460 4686 indeﬁnite,
1489 4618 1736 4689 inquam,
1753 4627 1807 4676 et
1826 4621 2076 4676 absolute

2204 4623 2232 4674 »ί
2252 4622 2430 4676 λοιποὶ⁹
2457 4621 2518 4673 ού
2549 4623 2659 4677 τοῖς
2683 4619 2875 4673 ἕνδεκα
2908 4619 3066 4690 μόνον
3092 4617 3340 4672 σπεύδειν
3369 4620 3448 4682 είς
3479 4619 3577 4690 τὴν
3597 4618 3727 4673 Γαλι

495 4713 817 4771 mandatum
866 4711 1123 4770 omnibus
1166 4712 1343 4769 aiunt.
1387 4711 1694 4784 Caeteroqui
1746 4713 1941 4768 melior
1981 4727 2076 4768 ve-

495 4808 720 4880 riorque
747 4816 832 4864 est
852 4808 1004 4880 prior
1032 4807 1256 4865 solutio.
1285 4805 1566 4862 Multoties
1596 4805 1764 4881 igitur
1793 4814 1858 4860 ac
1886 4804 2074 4860 multi.

493 4901 674 4958 modis
713 4901 967 4973 apparuit
1005 4899 1293 4972 discipulis
1337 4897 1501 4954 Jesus
1546 4905 1670 4969 post
1700 4897 2069 4953 resurrectio-

492 5007 636 5051 nem.
663 4991 842 5064 Atque
877 4991 978 5047 alit
997 4993 1153 5046 aiunt
1183 4989 1468 5047 Christum
1502 4987 1829 5061 promisisse
1857 4988 1958 5046 has
1989 4990 2068 5043 vi-

488 5086 712 5146 siones,
743 5083 835 5138 alii
863 5097 996 5139 vero
1020 5089 1076 5138 et
1120 5081 1462 5152 pmstitisse.
1511 5077 1860 5148 Quandoque
1901 5078 2067 5134 etiam

485 5175 548 5229 in
579 5175 657 5231 rei
686 5174 923 5246 alicujus
953 5174 1272 5230 narratione
1291 5212 1309 5237 ,
1342 5172 1390 5228 si
1417 5170 1551 5243 quid
1578 5164 1737 5242 prior
1767 5169 2062 5226 historicus

487 5267 840 5338 praetermisit
865 5305 880 5332 ,
913 5267 967 5322 id
998 5267 1136 5322 alter
1159 5265 1404 5338 supplet.

2181 4713 2358 4779 λαίαν,
2389 4711 2504 4766 ἀλλ’
2532 4710 2719 4775 ἀπλῶς
2742 4715 2854 4774 τοῖς
2883 4709 3149 4781 μαθηταῖς
3175 4711 3344 4764 ἅπασι
3386 4712 3480 4764 καὶ
3507 4710 3756 4779 ἀδελφοῖς

2179 4806 2387 4876 ἔφασαν
2432 4803 2947 4877 παρακελεύσασθαι
2973 4803 3134 4856 αὐτόν
3162 4819 3221 4855 τε
3253 4801 3345 4856 τὸν
3374 4804 3602 4874 Σωτῆρα
3655 4803 3744 4856 καὶ

2175 4900 2267 4954 τὸν
2291 4899 2638 4972 προφανέντα
2663 4895 2827 4952 αὑτοῦ
2859 4896 3106 4965 ἄγγελον,
3135 4897 3400 4969 ἀορίστως
3428 4896 3523 4948 καὶ
3551 4894 3751 4949 ἀπολύο

2174 5008 2282 5054 τως
2327 4992 2451 5055 τοὺς
2503 4991 2711 5054 πάντας
2733 4988 3087 5060 δηλώσαντες.
3106 4989 3365 5060 Ἀμείνων
3391 4987 3448 5040 δὲ
3481 4987 3577 5040 καὶ
3611 4986 3750 5057 άλη-

2171 5081 2402 5155 θεστὲρα
2438 5083 2472 5154 ἡ
2518 5079 2712 5152 πρώτη
2748 5079 2901 5143 λύσις
2920 5095 2935 5110 ·
2963 5078 3181 5142 πλείους
3203 5078 3380 5133 τοίνυν
3407 5079 3464 5132 αἱ
3489 5077 3749 5132 ὀπτασίας.

2169 5176 2264 5230 καὶ
2293 5175 2538 5246 διάφοροι
2565 5173 2890 5246 γεγένηνται
2911 5174 3024 5236 τοῖς
3048 5170 3314 5244 μαθηταῖς
3337 5169 3472 5243 μετά
3493 5170 3592 5242 τὴν
3617 5169 3736 5224 ἀνά-

2168 5287 2378 5329 mw.
2412 5269 2524 5323 Kal
2561 5268 2612 5321 οι
2649 5267 2749 5339 μὲν
2775 5265 2936 5321 τάσδε
2973 5265 3251 5337 εἰρηκέναι
3282 5264 3443 5319 αὐτόν
3483 5279 3668 5334 φασιν,
3694 5263 3746 5316 ol

482 5359 540 5414 δὲ
565 5360 725 5415 τάσδε
764 5362 857 5416 καὶ
884 5361 1251 5433 πεπραχέναι·
1297 5361 1411 5415 ἔστι
1441 5361 1499 5416 δὲ
1525 5361 1614 5416 ὅτε
1665 5361 1758 5416 καὶ
1804 5360 1930 5433 περὶ
1967 5360 2060 5416 τοῦ
2099 5364 2391 5436 κεφαλαίου
2456 5363 2730 5433 λέγοντες,
2793 5359 3189 5433 ἀναπληροῖτά
3221 5362 3325 5417 ὑπὸ
3351 5359 3445 5415 τοῦ
3479 5357 3745 5432 προτέρω

481 5453 831 5524 ὲλλειφθέντα
853 5457 882 5508 ό
912 5455 1180 5529 δεύτερος.

541 5641 672 5685 ου’
713 5641 843 5698 Luc.
883 5657 938 5702 χ,
975 5640 1025 5693 1.
1097 5639 1146 5672 ’⁸
1182 5640 1367 5711 [θίξιν.
1406 5655 1496 5708 ιν,
1525 5641 1581 5700 ἦ.

573 5825 638 5884 ἸΙ
710 5825 852 5882 Cod.
878 5822 946 5890 Δ,
983 5821 1021 5878 f.
1055 5821 1180 5879 317.
