4134 6414
373 351 516 408 1005

1104 468 1206 525 lA’.

444 558 555 629 (72)
594 559 727 631 Φαίη
759 559 805 613 δ’
828 560 1021 627 ἄνιτις,
1049 561 1164 625 πῶς
1195 565 1224 616 6
1250 564 1346 634 μὲν
1361 566 1636 630 Ματθαίος
1661 569 1951 640 πορευθέν-

367 668 467 715 τας
492 653 619 717 τοὺς
644 652 835 706 ἕνδεκα
860 654 941 717 είς
968 653 1028 707 τὸ
1054 654 1179 726 ὅρος
1204 658 1303 727 τῆς
1333 657 1618 723 Γαλιλαίας
1646 660 1949 732 ἑωρακέναι

371 746 505 816 φησὶ
534 745 622 799 τὸν
662 745 887 817 Ἰησοῦν,
918 748 947 799 6
994 747 1050 800 δὲ
1088 748 1337 819 Ἰωάννης
1376 752 1511 821 μετὰ
1541 752 1639 816 τὰς
1664 752 1755 806 δύο
1780 754 1950 808 ὀπτα-

372 838 495 899 σίας
532 838 629 903 τὰς
659 840 715 891 ὲν
745 842 811 911 τῇ
850 840 1201 913 Ἰερουσαλὴμ
1244 843 1305 895 τὸ
1346 845 1527 915 τρίτον
1558 839 1736 915 ὦφθαι
1786 848 1948 901 αὑτὸν

368 932 469 984 οὐκ
499 933 555 984 ὲν
587 932 663 1002 τῷ
688 932 803 1003 ὄρει
832 931 929 1003 τῆς
955 933 1262 998 Γαλιλαίας,
1284 935 1419 989 ἀλλά
1450 937 1598 1007 παρὰ
1623 938 1720 1009 τὴν
1750 938 1948 993 θάλασ-

369 1038 469 1076 σαν
490 1022 591 1092 τῆς
616 1023 904 1087 Γαλιλαίας
937 1026 1169 1098 ica-opai;

438 1114 632 1185 Τρίτον
669 1117 765 1185 μὲν
817 1116 1031 1187 ἀληθῶς
1059 1118 1215 1173 τοῦτο
1246 1120 1498 1193 σύμφημι
1530 1123 1624 1175 καὶ
1653 1124 1814 1189 αὐτὸς
1853 1126 1944 1179 τὸν

367 1204 600 1276 Σωτῆρα
649 1199 826 1276 ὦφθαι
872 1212 985 1271 τοῖς
1022 1210 1307 1282 μαθηταῖς,
1343 1214 1403 1266 τὸ
1447 1214 1546 1285 μὲν
1580 1216 1794 1287 πρῶτον
1824 1220 1943 1272 κατ’

365 1298 536 1369 αὐτὴν
566 1299 664 1369 τὴν
687 1301 898 1372 ἡμέραν
923 1302 1020 1373 τῆς
1052 1303 1419 1369 ἀναστάσεως,
1447 1307 1566 1361 καθ’
1598 1310 1880 1382 ἦν’Μαρία
1910 1314 1942 1384 ἡ

365 1390 697 1463 Μαγδαληνὴ
748 1396 960 1465 πρωῖας
1020 1397 1181 1450 αὐτὸν
1241 1398 1484 1470 ἑώρακε·
1512 1402 1711 1472 ταύτην
1756 1404 1811 1457 δὲ
1844 1408 1942 1477 τὴν

366 1480 589 1554 πρώτην
650 1484 913 1539 ὀπτασίαν
969 1488 1063 1541 καὶ
1125 1489 1338 1553 Λουκᾶς
1405 1493 1623 1563 ἱστορεῖ.
1659 1494 1941 1568 ιΔεύτερον

364 1574 423 1628 δὲ
455 1576 574 1646 μεθ’
600 1577 809 1648 ἡμέρας
828 1578 991 1643 ὀκτὼ,
1010 1581 1207 1652 δηλαδὴ
1234 1586 1297 1653 τῇ
1337 1584 1495 1657 ἑτέρᾳ
1527 1586 1799 1658 Κυριακῇ.
1819 1588 1937 1641 καθ’

364 1665 430 1736 ήν
452 1662 606 1729 αὖθις
632 1669 913 1737 ἐπιφανεὶς
935 1672 963 1723 6
993 1672 1183 1744 Σωτὴρ
1210 1674 1300 1726 τὸν
1333 1674 1532 1745 Θωμᾶν
1557 1678 1657 1746 τῆς
1684 1680 1939 1743 ἀπιστίας

363 1757 676 1830 θεραπεύει,
711 1762 890 1827 δείξας
921 1764 1070 1835 αὑτῴ
1090 1766 1187 1836 τὴν
1214 1765 1449 1839 πλευράν
1481 1769 1575 1821 καὶ
1602 1770 1699 1832 τὰς
1725 1773 1933 1842 χεῖρας.

1196 358 1701 415 SUPPLEMENTA
1741 357 2217 427 QUJESTIONUM
2255 368 2346 420 AD
2387 369 2735 429 MARINUM.

1977 478 2024 533 Δ

3480 383 3619 439 1008

2790 486 2882 543 XI.

2124 566 2277 623 Dicet
2318 573 2481 626 etiam
2526 574 2758 645 aliquis,
2792 580 3069 648 quomodo
3112 581 3395 641 Mattheus
3438 587 3633 656 ιιι-σίο-Δ

2050 664 2169 713 ctos
2200 659 2448 716 undecim
2480 662 2536 716 in
2567 662 2799 722 Galilaam
2839 677 3078 724 montem
3125 672 3275 727 dicat
3306 675 3505 730 vidisse
3528 673 3621 730 Je-

2053 762 2214 814 sum,
2262 748 2504 807 Joannes
2552 763 2731 810 autem
2782 768 2907 829 post
2956 760 3093 816 duas
3132 763 3275 817 intra
3315 762 3617 820 Jerusalem

2049 842 2419 910 apparitiones
2440 887 2453 911 ,
2488 848 2647 902 tertio
2675 850 2849 903 visum
2879 864 3001 907 esse
3029 852 3214 909 Jesum
3259 870 3368 910 non
3413 858 3467 911 in
3509 855 3617 911 Ga-

2048 930 2201 987 lilzeze
2230 945 2432 1003 monte,
2462 938 2557 994 sed
2587 940 2728 1010 apud
2759 956 2909 999 mare
2935 942 3168 1000 Galilaeze
3193 946 3415 1001 narret?

2118 1112 2303 1172 Tertio
2326 1115 2667 1173 Servatorem
2695 1122 3013 1191 apparuisse
3035 1139 3159 1177 vere
3181 1122 3484 1194 discipulis,
3518 1141 3617 1197 ego

2047 1219 2256 1275 quoque
2290 1206 2621 1273 conﬁtebor;
2673 1211 2868 1279 primo,
2902 1212 3016 1281 ipsa
3048 1216 3467 1269 resurrectionis
3500 1214 3611 1276 die.

2045 1308 2167 1347 cum
2204 1311 2361 1350 mane.
2393 1298 2540 1350 illum
2566 1297 2731 1351 Maria
2758 1300 3069 1368 Magilalenc
3098 1304 3252 1356 vidit.
3276 1304 3452 1372 Atque
3472 1304 3613 1359 hanc

2043 1388 2273 1456 primam
2308 1388 2573 1444 visionem
2617 1390 2793 1445 Lucas
2838 1407 3053 1462 quoque
3089 1405 3291 1447 narrat.
3324 1394 3610 1458 Secundo,

2043 1488 2167 1549 post
2194 1481 2307 1535 dies
2343 1490 2487 1541 octo,
2513 1483 2769 1536 nimirum
2806 1485 2974 1537 altera
3019 1484 3105 1539 die
3146 1484 3423 1541 Dominica
3458 1529 3472 1552 ,
3506 1504 3612 1559 qua

2041 1574 2238 1626 iterum
2274 1587 2541 1643 apparens
2596 1573 2852 1629 Servator
2904 1578 3340 1633 incredulitatem
3391 1578 3613 1636 Thomze

2043 1663 2287 1728 sanavit,
2341 1674 2562 1720 ostenso
2611 1666 2661 1720 ei
2697 1667 2865 1720 latere
2905 1682 2968 1720 ac
3003 1668 3271 1722 manibus.
3301 1668 3436 1735 Quia
3485 1684 3614 1725 vero

2037 1759 2178 1828 jussi
2208 1759 2421 1816 fuerant
2452 1763 2505 1816 in
2528 1760 2804 1817 Galilaeam
2833 1762 2994 1816 simul
3018 1763 3313 1832 proﬁcisci,
3346 1764 3612 1819 fecerant-

375 1852 528 1905 Ἐπεὶ⁹
555 1853 609 1906 δὲ
641 1854 1054 1926 κεκελευσμένοι
1076 1853 1214 1928 ἦσαν
1239 1837 1449 1930 ἐπὶ
1483 1837 1766 1915 Γαλιλαίαν
1798 1837 1925 1933 ὀμοῐ

2038 1868 2143 1921 que
2174 1852 2426 1923 discipuli
2483 1853 2734 1908 undecim
2788 1855 3105 1907 mandatum
3156 1869 3281 1908 cum
3342 1856 3609 1925 reliquis:

358 1944 628 2015 ἁπαντᾷν,
658 1945 923 2016 ἔπραττόν
964 1965 1022 2000 τε
1053 1948 1189 2018 μετά
1219 1950 1327 2002 τῶν
1348 1950 1549 2003 λοιπῶν
1578 1953 1626 2005 οἱ
1660 1952 1848 2007 ἕνδεκα
1873 1954 1933 2008 τὺ

358 2036 667 2101 κελευσθὲν,
698 2039 790 2091 καὶ
821 2040 850 2090 ὀ
899 2039 1083 2103 καθείς
1124 2041 1301 2094 αὐτῶν
1354 2044 1728 2115 ἐπισυνήγετο,
1768 2046 1934 2116 μήπω

356 2130 467 2182 τῶν
499 2130 691 2183 ἕνδεκα
716 2131 1108 2203 ἡθροισμένων,
1129 2134 1243 2187 ἀλλ’
1265 2134 1343 2187 ἔτι
1382 2136 1700 2205 μελλόντων,
1730 2138 1789 2190 τὸ
1814 2139 1932 2209 τρί-

354 2240 447 2276 τον
476 2224 626 2292 παρὰ
658 2224 755 2293 τὴν
789 2223 1061 2276 θάλασσαν
1091 2226 1189 2295 τῆς
1223 2226 1530 2291 Γαλιλαίας,
1560 2228 1621 2279 οὐ
1649 2231 1760 2291 τοῖς
1786 2229 1932 2283 ἔνδε-

355 2330 430 2366 κα
477 2312 747 2380 φαίνεται,
784 2312 918 2365 ἀλλά
974 2314 1154 2383 μόνοις
1207 2316 1345 2369 ἑπτὰ
1378 2320 1490 2380 τοῖς
1528 2318 1632 2370 ὑπὸ
1683 2319 1927 2373 Ἰωάννου

350 2405 743 2477 δεδηλωμένοις
763 2422 777 2437 ο
803 2400 948 2459 οὗτοι
987 2406 1041 2459 δὲ
1079 2402 1219 2478 ἦσαν
1257 2407 1460 2480 Πέτρος
1486 2411 1579 2463 καὶ
1610 2410 1810 2481 Θωμᾶς
1834 2413 1927 2466 καὶ

355 2497 668 2568 Ναθαναὴλ,
696 2498 787 2550 δύο
816 2516 874 2551 τε
898 2500 947 2551 οί
984 2501 1089 2552 υἱοὶ
1110 2500 1418 2564 Ζεϐεδαίου,
1444 2503 1537 2553 καὶ
1557 2501 1704 2556 ἄλλοι
1730 2506 1792 2556 ἐκ
1820 2504 1928 2556 τῶν

356 2591 612 2663 μαθητῶν
644 2592 807 2646 αὑτοῦ
836 2592 954 2646 δύο·
976 2590 1133 2646 τοῦτο
1160 2592 1222 2663 δὴ
1252 2589 1345 2646 οὖν
1370 2595 1550 2665 τρίτον
1574 2595 1783 2659 τούτοις
1805 2598 1929 2668 ἁληο

350 2682 461 2747 θῶς
482 2683 656 2754 ὤφθη,
675 2683 826 2737 οΰπω
853 2683 1044 2738 ἕνδεκα
1075 2688 1446 2756 συνηγμένων.
1466 2688 1664 2761 Διόπερ
1686 2690 1927 2762 ἀκριβῶς

346 2777 452 2831 οὐκ
476 2777 781 2832 ἀποκλείων
807 2779 901 2832 καὶ
928 2779 1055 2839 τοὺς
1086 2779 1306 2843 λοιποὺς
1335 2782 1363 2833 ὁ
1414 2782 1665 2853 Ἰωάννης
1695 2784 1795 2853 τῆς
1827 2784 1923 2837 τοῦ

346 2868 604 2939 Σωτῆρος
635 2870 915 2934 ὀπτασίας,
960 2871 1365 2943 ἐπεσημήνατο,
1401 2872 1536 2943 μετὰ
1564 2873 1660 2944 τὴν
1702 2874 1924 2946 πρώτην

346 2959 444 3012 καὶ
477 2960 734 3029 δευτέραν
761 2962 1044 3025 ὀπτασίαν,
1077 2963 1174 3032 τὴν
1205 2964 1395 3035 τρίτην
1424 2964 1602 3033 μόνοις
1638 2968 1746 3029 τοῖς
1790 2983 1923 3019 κατ-

343 3052 753 3122 ωνομασμένοις
794 3052 1123 3124 πεποιῆσθαι
1166 3055 1327 3107 αὐτὸν
1374 3056 1466 3107 ἐπὶ
1502 3056 1597 3126 τῆς
1648 3056 1922 3128 θαλάσσης

343 3143 446 3214 τῆς
478 3143 784 3209 Γαλιλαίας.
821 3146 933 3198 Οὐκ
966 3148 1192 3210 ἀπεικὸς
1224 3147 1279 3199 δὲ
1324 3147 1460 3217 μετὰ
1488 3148 1660 3201 ταῦτα
1703 3151 1796 3203 καὶ
1835 3152 1922 3203 τέ·
1949 3173 1991 3230 C

342 3252 543 3307 ταρτον
567 3237 661 3289 καὶ
690 3237 961 3307 πέμπτον,
993 3239 1086 3291 καὶ
1118 3238 1304 3291 ἄλλοτε
1340 3241 1433 3291 καὶ
1464 3239 1717 3304 πολλάκις
1744 3235 1920 3311 ὦφθαι

345 3328 544 3380 αὐτόν·
594 3327 674 3380 διὸ
720 3329 839 3381 οὐδὲ
890 3332 1219 3401 περιγράφει
1264 3332 1292 3381 6
1336 3332 1588 3404 Ἰωάννης
1621 3335 1798 3399 πάσας
1826 3338 1921 3390 τοῦ

344 3417 596 3489 Σωτῆρος
621 3418 719 3481 τὰς
745 3418 990 3490 πράξεις·
1023 3418 1225 3489 προῖὼν
1250 3421 1306 3474 δὲ
1331 3422 1457 3493 έξῆς
1482 3441 1632 3493 φησι,
1654 3426 1762 3478 Καὶ
1788 3425 1921 3482 ἄλλα

344 3510 517 3563 ¹πολλά
545 3511 843 3583 ἐποίησενό
877 3511 1081 3583 Ἰησοῦς
1102 3530 1113 3543 ο
1144 3514 1281 3583 μετά
1300 3514 1431 3583 γοῦν
1462 3516 1523 3569 τὸ
1557 3511 1735 3587 ὦφθαι
1761 3520 1921 3575 αὐτὸν

340 3602 502 3656 τοῦτο
543 3604 725 3673 τρίτον
756 3608 864 3668 τοῖς
910 3606 1220 3677 εἰρημένοις
1253 3608 1412 3671 ἑπτά,
1456 3612 1721 3684 τετάρτην
1752 3615 1919 3667 ὀπτα-

342 3694 467 3748 σίαν
493 3696 592 3748 οὐκ
626 3696 692 3749 ἂν
723 3697 987 3768 ἁμάρτοις
1020 3698 1117 3769 τὴν
1150 3700 1297 3771 παρὰ
1328 3700 1404 3770 τῷ
1433 3702 1696 3773 Ματθαίῳ
1741 3706 1921 3775 φήσας

339 3781 503 3848 εἶναι,
532 3788 598 3858 ήν
629 3790 686 3841 ὲν
713 3787 790 3858 τῷ
811 3789 927 3860 ὄρει
954 3793 1064 3853 τοῖς
1104 3790 1294 3845 ἕνδεκα
1334 3794 1659 3863 πεποιῆσθαι
1684 3796 1918 3868 ἀνέγρα-

336 3878 432 3947 ψε.
480 3881 590 3933 Καὶ
640 3881 777 3951 μετὰ
815 3883 1035 3947 τούτους
1077 3886 1176 3938 οὐκ
1213 3884 1280 3939 ἂν
1320 3887 1577 3957 σφαλείης
1612 3889 1747 3959 ὁμοῦ
1778 3890 1919 3943 κατὰ

337 3972 536 4025 ταυτὸν
569 3975 927 4045 συνηγμένοις
972 3977 1086 4047 ἅμα
1118 3983 1229 4043 τοῖς
1261 3980 1452 4033 ἕνδεκα
1490 3981 1583 4035 καὶ
1621 3985 1733 4045 τοῖς
1766 3982 1916 4037 ἐϐδο-

343 4064 592 4135 μήκοντα
645 4068 804 4121 αὑτὸν
857 4064 1249 4135 ὦφθαιείπὼν.
1286 4071 1344 4123 '0
1381 4070 1437 4123 δὲ
1470 4070 1680 4134 Παῦλος
1711 4074 1805 4125 καὶ
1838 4073 1915 4125 ἔτι

334 4156 545 4210 τούτων
567 4157 807 4212 πλείοσιν
835 4160 1106 4231 ἑωρᾶσθαι
1136 4163 1225 4215 τὸν
1243 4163 1471 4233 Σωτῆρα
1501 4163 1640 4231 μετά
1661 4165 1760 4235 τὴν
1791 4166 1916 4218 ἀνά-

340 4264 529 4301 στασιν
575 4251 794 4319 ἱστορεῖ,
838 4250 993 4303 τοῦτο
1028 4254 1155 4323 παρ’
1202 4252 1402 4323 ἑτέρων
1435 4252 1651 4323 μαθών
1686 4271 1703 4302 ι
1737 4254 1911 4325 Ὠφθη

335 4340 469 4413 γὰρ,
498 4341 652 4411 φησί,
678 4342 854 4411 Κεφᾷ,
889 4338 1007 4395 εἶτα
1040 4346 1149 4407 τοῖς
1180 4342 1385 4396 δώδεκα
1416 4344 1547 4412 (75),
1572 4343 1761 4397 ἔπειτα
1783 4362 1912 4397 πεν-

334 4432 629 4496 τακοσίοις,
674 4431 861 4487 ἔπειτα
916 4433 1175 4504 Ἰακώϐῳ,
1218 4434 1407 4487 ἔπειτα
1452 4438 1561 4498 τοῖς
1598 4434 1913 4498 ἀποστόλοις

2035 1943 2163 1999 dum
2209 1947 2407 2017 singuli
2442 1948 2796 2019 colliguntur,
2831 1947 3071 2002 nondum
3101 1947 3351 2002 undecim
3382 1963 3610 2019 congre~

2034 2038 2195 2108 gatis,
2234 2040 2328 2094 sed
2388 2040 2567 2095 adhuc
2618 2038 2987 2110 exspectatis,
3047 2040 3209 2095 tertio
3260 2038 3419 2095 Jesus
3469 2041 3611 2112 apud

2033 2144 2185 2184 mare
2214 2129 2466 2189 Galilaaaa.
2499 2130 2646 2185 haud
2696 2133 2911 2187 cunctis
2958 2131 3207 2186 undecim
3235 2172 3252 2196 ,
3290 2133 3382 2187 sed
3418 2133 3484 2187 iis
3523 2149 3610 2187 se.

2032 2228 2176 2290 ptem
2209 2224 2587 2277 tantummodo
2619 2223 2871 2293 apparuit
2912 2239 3049 2293 quos
3096 2221 3336 2279 Joannes
3371 2239 3607 2280 comme-

2031 2321 2207 2365 morat
2231 2331 2243 2366 :
2265 2313 2426 2379 hique
2454 2324 2610 2368 erant
2643 2311 2837 2368 Petrus
2870 2329 2933 2367 ac
2962 2310 3221 2380 Thomas,
3248 2322 3301 2370 et
3329 2312 3606 2369 Nathana-

2030 2404 2078 2459 el
2100 2443 2115 2468 ,
2170 2414 2222 2459 et
2253 2405 2346 2459 lilii
2376 2406 2483 2459 duo
2520 2405 2787 2470 Zebedaai,
2821 2406 3021 2476 aliique
3052 2416 3313 2476 ρωποι-ρο
3353 2407 3607 2478 discipuli

2030 2494 2160 2550 duo.
2208 2495 2392 2551 Tertio
2434 2498 2618 2567 itaque
2657 2497 2743 2553 his
2787 2513 2975 2552 revera
3025 2499 3314 2568 apparuit,
3361 2498 3604 2553 nomium

2032 2588 2283 2642 undecim
2339 2590 2701 2660 congregatis.
2769 2590 3112 2661 QuaprOpter
3174 2590 3319 2644 haud
3385 2592 3608 2645 omnino

2028 2681 2323 2736 excludens
2365 2682 2604 2752 reliquos
2650 2698 2680 2735 a
2732 2682 3035 2739 Servatoris
3068 2685 3278 2739 visione
3325 2680 3604 2745 Joannes.

2028 2783 2148 2843 post
2181 2776 2410 2843 primam
2456 2776 2791 2845 alteramque
2844 2776 3131 2840 visionem,
3167 2776 3383 2831 tertiam
3436 2776 3606 2829 adno-

2027 2867 2160 2919 tavit
2220 2867 2493 2936 przedictis
2550 2867 2927 2922 tantummodo
2974 2869 3213 2922 oblatam
3243 2869 3401 2936 juxta
3454 2883 3606 2922 mare

2025 2956 2278 3013 Galilmaz.
2301 2958 2555 3029 Nihilque
2578 2959 2759 3013 obstat
2782 2958 3075 3029 quominus
3105 2960 3383 3030 posthinc,
3411 2968 3605 3028 quarto

2025 3050 2185 3103 etiam
2208 3058 2262 3105 et
2281 3051 2493 3120 quinto,
2528 3058 2582 3106 et
2614 3052 2813 3121 saapius
2858 3058 3027 3106 semet
3056 3051 3411 3121 spectandum
3437 3052 3602 3105 dede-

2026 3142 2096 3194 rit
2121 3161 2133 3195 :
2161 3141 2390 3212 ideoque
2417 3141 2655 3197 Joannes
2681 3143 2831 3197 nullo
2858 3144 3092 3197 termino
3111 3141 3423 3198 Servatoris
3446 3153 3602 3198 actus

2028 3234 2425 3289 circumscribit
2457 3253 2469 3289 :
2502 3237 2611 3290 imo
2656 3251 2886 3306 pergens
2933 3252 3096 3307 porro
3125 3236 3201 3290 ait
3249 3235 3353 3289 alia
3384 3250 3601 3305 quoque

2024 3332 2190 3385 multa
2212 3330 2394 3387 Jesum
2434 3332 2648 3388 fecisse.
2682 3330 2816 3388 Post
2844 3334 2985 3388 bane
3022 3348 3152 3404 ergo
3204 3332 3481 3404 praedictis
3511 3348 3598 3388 se-

2023 3432 2166 3495 ptem
2206 3426 2489 3496 discipulis
2510 3426 2725 3481 tertiam
2756 3427 3176 3496 apparitionem,
3212 3426 3359 3480 haud
3393 3441 3424 3480 a
3455 3426 3615 3513 veri-

2021 3525 2131 3572 tate
2156 3518 2380 3574 abludes
2409 3519 2455 3573 si
2486 3529 2733 3589 quartam
2778 3518 2931 3574 dicas
2972 3518 3117 3573 illam
3148 3533 3311 3588 quam
3339 3517 3592 3573 undecim
3694 3568 3701 3576 .

2022 3610 2077 3663 in
2128 3620 2311 3665 monte
2363 3610 2644 3681 prmbitam
2693 3605 2978 3666 Matthzeus
3033 3610 3296 3680 scriptum
3352 3610 3593 3680 reliquit.

2020 3700 2151 3757 Post
2174 3702 2275 3758 hos
2298 3718 2445 3764 vero,
2463 3704 2668 3773 absque
2683 3718 2869 3758 errore
2889 3702 3182 3755 aﬂirmabis
3206 3716 3235 3754 a
3252 3701 3464 3756 cunctis
3487 3716 3592 3754 una

2019 3793 2385 3862 congregatis,
2419 3793 2666 3847 undecim
2696 3792 2947 3846 videlicet
2984 3799 3039 3845 et
3070 3792 3193 3845 aliis
3254 3790 3593 3860 septuaginta

2017 3881 2202 3937 Jesum
2231 3882 2399 3939 fuisse
2430 3890 2801 3953 conspectum.
2834 3883 2947 3936 Imo
2975 3878 3177 3935 Paulus
3213 3895 3241 3934 a
3278 3881 3449 3934 multo
3470 3882 3595 3951 plus

2018 3974 2172 4029 ribus
2202 3974 2377 4028 visum
2411 3972 2755 4029 Servatorem
2814 3980 2939 4044 post
2972 3970 3431 4027 resurrectionem
3464 3985 3591 4023 nar-

2018 4074 2136 4128 rat,
2187 4083 2349 4137 quam
2377 4083 2488 4121 rem
2537 4067 2606 4119 ab
2638 4066 2761 4121 aliis
2800 4061 2990 4119 auditu
3022 4072 3325 4133 acceperat.
3368 4081 3388 4113 σ
3427 4061 3591 4116 Visus

2016 4168 2118 4222 est,
2151 4160 2349 4229 inquit,
2380 4159 2595 4228 Cephae,
2627 4159 2823 4214 deinde
2855 4156 3164 4218 duodecim,
3198 4164 3387 4225 postea
3436 4158 3592 4226 quin-

2015 4250 2213 4320 gentis,
2247 4258 2360 4304 tum
2391 4249 2617 4316 Jacobo,
2648 4251 2772 4305 exin
2820 4248 3080 4316 apostolis
3111 4249 3357 4308 cunctis,
3412 4249 3593 4302 novis-

2017 4339 2153 4394 sime
2195 4349 2373 4394 autem
2426 4341 2669 4395 omnium
2705 4340 2870 4393 etiam
2907 4337 3035 4391 mihi
3068 4338 3135 4391 ’⁸.
3178 4356 3195 4388 ι
3233 4336 3428 4407 Viden,
3458 4347 3590 4409 quot

2016 4430 2324 4487 hominibus
2359 4442 2414 4487 et
2444 4434 2656 4503 quoties
2682 4440 2805 4501 post
2836 4432 3293 4485 resurrectionem
3324 4444 3590 4499 apparue-

336 4524 525 4585 πᾶσιν,
546 4523 769 4592 ἔσχατον
794 4523 850 4575 δὲ
884 4524 1118 4584 πάντων,
1146 4525 1297 4595 φησὶ,
1336 4525 1515 4595 κάμοί.
1546 4545 1563 4575 ι
1596 4525 1756 4596 Ὁρᾷς
1788 4526 1915 4577 ὁσά-

2026 4523 2128 4577 rit?
2160 4522 2251 4579 Sic
2282 4525 2445 4579 etiam
2477 4525 2771 4579 latentibus
2800 4525 2943 4579 intra
2982 4522 3283 4578 Jerusalem
3309 4524 3587 4592 apparuit;

336 4632 427 4678 κις
455 4616 548 4668 καὶ
593 4615 737 4677 ὅσοις
769 4614 924 4686 ὤφθη
973 4615 1107 4685 μετά
1137 4616 1235 4688 τὴν
1268 4617 1599 4679 άνάστασινς
1630 4616 1785 4669 Οὕτω
1818 4616 1911 4670 καὶ

331 4710 449 4771 τοῖς
492 4708 550 4759 ὲν
607 4706 959 4778 Ἰερουσαλὴμ
1007 4707 1400 4777 κρυπτομένοις
1447 4705 1636 4775 ὤφθη·
1680 4708 1774 4759 καὶ
1806 4707 1911 4777 πρὸ

334 4797 521 4851 αὐτῶν
569 4801 681 4861 τοῖς
725 4799 853 4869 περὶ
898 4798 1147 4850 Κλεόπαν
1178 4798 1429 4851 ἀπιοῦσιν
1462 4800 1552 4850 ἐπὶ
1597 4797 1904 4868 Ἐμμαοῦν·

334 4889 435 4941 καὶ
458 4888 565 4959 πρό
590 4906 652 4956 γε
678 4890 911 4951 πάντων,
934 4888 1139 4958 ἀνδρῶν
1176 4887 1273 4957 μὲν
1301 4886 1524 4958 Σίμωνι,
1555 4889 1825 4956 γυναικῶν
1851 4887 1908 4941 δὲ

332 4984 401 5052 τῇ
444 4980 795 5051 Μαγδαληνῇ.
831 4980 1020 5032 Ἔνθεν
1060 4982 1089 5033 6
1129 4982 1341 5041 Λουκᾶς
1373 4982 1430 5033 ὲν
1464 4984 1582 5043 ταῖς
1618 4980 1906 5051 Πράξεσιν,

332 5073 462 5128 ἐπεὶ
495 5072 751 5136 πολλάκις
773 5071 960 5125 ἑαυτὸν
990 5070 1195 5125 ἐδείκνυ
1222 5075 1332 5134 τοῖς
1356 5070 1642 5143 μαθηταῖς,
1661 5074 1909 5142 ἐπιτηρεῖ

332 5163 532 5233 λέγων,
550 5164 625 5227 ὡς
648 5163 756 5236 ἀρα
788 5162 853 5215 δι’
880 5162 1101 5233 ἡμερῶν
1121 5162 1522 5233 τεσσαράκοντα
1546 5160 1906 5231 ὀπτανόμενος

330 5258 517 5320 αὐτοῖς
548 5258 642 5310 καὶ
686 5256 1156 5326 συωυλιζόμενος,
1199 5254 1267 5308 τά
1317 5255 1443 5324 περὶ
1482 5253 1579 5323 τῆς
1632 5252 1905 5322 βασιλείας

326 5350 427 5403 τοῦ
462 5349 597 5404 Θεοῦ
629 5350 909 5422 παρεδίδου
942 5348 1262 5420 μαθήματα,
1280 5336 1510 5418 παρῄνει
1540 5364 1597 5400 τε
1619 5348 1795 5418 ὀρμᾷν
1824 5349 1904 5410 είς

2018 4624 2071 4670 et
2094 4622 2221 4691 ante
2257 4615 2357 4670 hos
2378 4617 2593 4686 Cleopae
2624 4617 2882 4684 socioque
2904 4616 3279 4670 Emmauntem
3309 4615 3585 4680 euntibus;

2016 4717 2070 4762 et
2100 4708 2274 4777 primo
2296 4708 2534 4761 virorum
2556 4708 2772 4777 quidem
2796 4705 3025 4771 Simoni,
3047 4704 3372 4762 feminarum
3404 4712 3584 4760 autem

2016 4801 2363 4872 Magdalenae.
2389 4799 2526 4854 Hinc
2554 4798 2731 4854 Lucas
2756 4799 2811 4853 in
2851 4797 3101 4862 Actibus,
3153 4796 3410 4865 quoniam
3445 4808 3588 4864 sape

2015 4889 2175 4945 Jesus
2217 4906 2275 4945 se
2307 4889 2592 4959 discipulis
2621 4886 3088 4950 manifestaverat,
3116 4883 3457 4940 considerate
3500 4880 3585 4935 di-

2015 4985 2131 5036 cit:
2168 5000 2187 5029 c
2227 4982 2327 5037 l’er
2377 4983 2494 5037 dies
2541 4980 2898 5051 quadraginta
2950 4994 3220 5049 apparens
3283 4977 3364 5032 eis
3422 4989 3585 5047 atque

2014 5090 2365 5133 conversaris.
2398 5075 2547 5146 regni
2591 5073 2681 5129 Dei
2740 5072 3083 5140 disciplinam
3120 5069 3405 5135 tradebat;
3463 5081 3585 5123 mo-

2013 5168 2239 5235 nuitque
2265 5176 2324 5221 ut
2352 5164 2651 5221 Jerusalem
2677 5170 2980 5233 pergerent,
3012 5161 3194 5231 ibique
3222 5159 3585 5231 praedicarent

2008 5255 2210 5311 Judmis
2257 5264 2381 5311 ante
2413 5271 2603 5310 omnes
2642 5254 2979 5318 doctrinam;
3015 5268 3190 5322 neque
3226 5252 3360 5307 urbe
3390 5252 3583 5308 absce-

2004 5348 2218 5414 derent,
2252 5348 2344 5403 sed
2378 5354 2756 5417 exspectarent
2788 5345 3203 5415 promissionem
3226 5342 3429 5407 Patris,
3454 5360 3477 5395 ι
3513 5343 3581 5397 de

324 5446 428 5516 τὴν
465 5444 837 5516 Ἰερουσαλὴμ,
863 5444 1022 5497 κάκεῖ
1045 5441 1331 5513 κηρύττειν
1375 5439 1641 5503 Ἰουδαίοις
1669 5437 1903 5509 πρώτοις

2026 5455 2111 5509 [ua
2148 5455 2245 5493 nos
2280 5438 2440 5508 paulo
2479 5444 2600 5506 post
2628 5436 2982 5489 disseremus.

321 5542 417 5594 τὸν
464 5539 647 5608 λόγον·
696 5538 828 5607 μηδὲ
876 5536 1135 5607 πρότερον
1187 5534 1485 5603 ἀναχωρεῖν
1526 5530 1624 5599 τῆς
1672 5530 1897 5594 πόλεως,
1940 5530 2076 5585 ἀλλὰ
2110 5532 2422 5603 περιμένειν
2458 5524 2922 5598 τὴνὲπαγγελίαν
2948 5524 3042 5578 τοῦ
3082 5524 3312 5597 Πατρὸς,
3346 5524 3475 5597 περὶ
3511 5518 3577 5597 ἧς

327 5633 527 5704 μικρὸν
556 5632 779 5703 ὕστερον
809 5627 1177 5699 διαληψόμεθα
1209 5626 1335 5696 (74).

405 5724 463 5755 ἰ
492 5722 511 5775 l
547 5724 674 5778 Cor.
713 5740 801 5785 XV,
834 5720 950 5775 5—8.

399 5820 513 5887 (7‘2)
551 5819 684 5875 Cod.
722 5820 787 5873 A.
824 5815 861 5868 ί.
895 5815 1015 5867 Sl'i.

394 5889 509 5961 (75)
552 5893 627 5943 ita
662 5890 782 5943 cod.

2075 5802 2185 5872 (74)
2224 5798 2428 5872 Nempe
2462 5796 2692 5853 inferius
2726 5814 2780 5851 n.
2823 5799 2877 5864 9,
2924 5799 3013 5862 10,
3060 5798 3149 5852 ubi
3203 5792 3406 5853 Christi
3456 5806 3578 5850 scr-

2004 5871 2193 5929 manes
2225 5879 2278 5925 et
2305 5871 2447 5924 dona
2477 5877 2601 5924 ante
2631 5873 3021 5925 ascensionem.
