4114 6472
544 365 680 421 1007

1653 535 1875 544 _————-——

570 537 1644 564 _______________.______—_

1228 348 1497 409 EUSEBII
1531 341 2006 403 CASSARIENSIS
2045 338 2140 396 0Ρῖ

2241 335 2417 390 PARS
2456 333 2546 390 ιιι.
2587 364 2655 375 -
2694 330 3107 390 EXEGETICA.

3651 323 3800 385 ί.)οὸ

1479 704 2351 810 SUPPLEMENTA
2408 702 2926 796 MINORA.

2155 955 2223 968 ’.-

1181 1120 1220 1175 l.
1253 1119 1336 1174 Ea:
1368 1113 1629 1171 chronicis
1661 1109 1872 1165 ineditis
1910 1103 2119 1174 Georgii
2149 1098 2456 1155 Hamartoli
2482 1105 2532 1151 et
2561 1093 2792 1148 Joannis
2830 1088 3001 1146 Siculi
3029 1086 3162 1161 (75).

617 1317 670 1372 1.
710 1311 981 1369 Eusebius
1015 1307 1071 1362 in
1107 1318 1271 1375 opere
1297 1299 1365 1354 ad
1398 1297 1667 1352 Marinum
1702 1291 1781 1347 sic
1805 1289 1920 1343 ait:
1957 1305 1976 1338 ι
2014 1285 2129 1339 Duo

2302 1276 2370 1331 α’.
2409 1274 2669 1336 Εὐσέϐιος
2705 1275 2763 1325 ἐν
2801 1273 2914 1334 τοῖς
2940 1267 3089 1337 πρὸς
3134 1265 3399 1336 Μαρῖνον
3423 1263 3598 1318 τοιάδε
3635 1261 3807 1334 φησί·

548 1405 846 1463 constituta
870 1408 998 1456 sunt
1025 1399 1081 1453 in
1122 1393 1327 1451 Christi
1356 1389 1598 1444 Ecclesia
1624 1383 1859 1437 vitarum
1888 1391 2120 1449 genera;

548 1511 717 1552 unum
749 1493 967 1565 quidem
1016 1486 1298 1548 eximium,
1334 1490 1388 1536 et
1439 1489 1784 1534 communem
1841 1468 2123 1524 hominum

549 1583 1003 1643 consuetudinem
1026 1576 1318 1637 excedens,
1349 1567 1494 1642 quod
1523 1579 1703 1636 neque
1722 1558 1930 1631 nuptiis
1952 1569 2127 1625 neque

547 1679 736 1734 liberis
771 1689 990 1746 operam
1018 1672 1134 1733 dat,
1165 1680 1342 1736 neque
1387 1675 1549 1732 opum
1587 1657 1787 1712 retinet
1821 1647 2128 1723 possessio-

549 1775 954 1838 nem,totoque,
987 1771 1046 1818 ut
1072 1762 1146 1816 ita
1175 1759 1380 1822 dicam,
1409 1753 1550 1809 caalo
1570 1765 1599 1803 a
1628 1743 1906 1804 communi
1933 1750 1987 1797 et
2009 1739 2132 1794 vul-

551 1861 667 1934 gari
702 1858 1044 1918 saecularium
1062 1852 1343 1908 hominum
1373 1861 1524 1902 more
1553 1840 1754 1903 differt,
1781 1848 1943 1908 atque
1970 1832 2130 1888 unice

550 1957 647 2015 Dei
679 1949 962 2009 famulatui
984 1952 1162 2009 vacat,
1180 1940 1379 1998 eximio
1405 1935 1709 1993 cwlestium
1734 1943 1918 1986 rerum
1948 1937 2130 1979 amore

552 2049 867 2120 impulsum.
905 2042 1118 2110 Reapse
1165 2034 1257 2107 qui
1306 2033 1410 2086 hoc
1439 2030 1563 2084 vitae
1586 2040 1756 2098 genus
1809 2026 2089 2078 sectantur
2113 2055 2127 2079 ,

474 2165 478 2168 ·
552 2117 700 2196 velut
747 2137 860 2207 jam
913 2131 1154 2194 mortui,
1213 2123 1594 2181 mortificatam
1631 2119 1797 2171 vitam
1827 2121 1883 2169 et
1916 2117 2130 2165 tantum

552 2246 783 2302 corpore
831 2225 1112 2298 praeditam
1146 2221 1202 2275 in
1234 2227 1379 2272 terra
1406 2209 1856 2268 circumferentes
1881 2244 1896 2269 ,
1935 2201 2132 2273 spiritu

553 2293 735 2379 autem
769 2293 882 2389 jam
914 2317 969 2370 in
991 2313 1191 2368 coelum
1224 2306 1516 2366 translato,
1541 2298 1920 2356 cwlicolarum
1957 2293 2135 2346 instar

555 2375 824 2464 humanas
853 2419 941 2458 res
972 2402 1251 2471 spectant,
1287 2407 1412 2448 cum
1443 2389 1554 2445 sint
1592 2387 1693 2456 ipsi
1726 2397 1825 2454 pro
1855 2375 2134 2435 communi

556 2502 732 2556 salute
774 2497 887 2552 Deo
915 2487 1224 2548 consecrati
1253 2527 1267 2551 ,
1301 2498 1478 2554 neque
1510 2477 1754 2534 cruentis
1780 2471 2017 2530 victimis
2050 2466 2134 2522 vel

555 2588 868 2647 libamentis
898 2591 992 2639 aut
1019 2579 1273 2652 adipibus
1299 2616 1314 2641 ,
1359 2575 1454 2630 sed
1485 2573 1654 2627 rectis
1687 2565 1968 2637 religionis
1991 2574 2134 2617 verae

556 2680 905 2752 dogmatibus
951 2631 1226 2743 animi‘que
1257 2667 1446 2736 habitu
1478 2672 1533 2719 et
1560 2660 1821 2734 operibus
1847 2655 2135 2724 verbisque
2165 2631 2207 2685 Β

556 2749 724 2834 rectis
749 2769 1020 2846 purificati
1053 2791 1064 2824 :
1096 2766 1297 2838 quibus
1322 2761 1487 2817 rebus
1516 2758 1686 2813 Deum
1716 2755 1817 2811 sibi
1845 2749 2138 2807 concilian-

559 2880 661 2933 tes,
688 2843 788 2940 pro
830 2880 889 2921 se
927 2870 981 2918 et
1011 2858 1222 2916 caeteris
1258 2852 1565 2913 sacerdotio
1598 2849 1918 2919 funguntur.
1960 2843 2138 2911 Atque

561 2965 666 3018 hoc
690 2934 1009 3029 perfectum
1040 2950 1471 3026 primariumque
1511 2951 1596 3000 est
1635 2941 1963 2996 Christianas
2018 2934 2140 2988 vitae

566 3069 760 3126 genus.
798 3052 1043 3104 Alterum
1098 3058 1264 3115 porro
1323 3040 1448 3096 vitae
1501 3049 1674 3107 genus
1724 3031 1966 3088 deterius
2016 3035 2136 3091 est,

569 3120 733 3216 atque
762 3144 1000 3198 humana
1031 3139 1326 3209 fragilitate
1377 3133 1636 3187 laborans
1662 3169 1678 3195 ,
1725 3125 1889 3194 idque
1917 3120 2139 3178 omnino

570 3253 694 3292 cum
723 3235 1004 3305 superiore
1038 3227 1344 3299 comparari
1373 3223 1598 3294 nequit:
1632 3217 1898 3290 siquidem
1943 3221 1996 3269 et
2026 3226 2143 3266 mo-

568 3327 743 3383 destis
768 3303 1011 3394 indulget
1044 3319 1251 3390 nuptiis
1298 3316 1709 3380 liberorumque
1747 3303 2139 3378 procreationi,

532 3447 540 3456 -
569 3424 625 3470 et
657 3414 734 3469 rei
772 3412 1058 3468 familiaris
1095 3425 1219 3464 cum
1248 3405 1502 3476 aequitate
1531 3415 1717 3456 curam
1763 3398 1924 3469 gerit,
1956 3404 2010 3451 et
2040 3394 2144 3448 mi-

570 3509 757 3562 litibus
775 3503 947 3560 oflicia
969 3506 1219 3573 imperat,
1241 3506 1294 3554 et
1315 3495 1704 3568 agriculturam
1729 3532 1742 3556 ,
1771 3497 2138 3546 mercaturam

572 3617 636 3656 ac
657 3610 849 3655 caetera
879 3595 1096 3668 publica
1126 3593 1339 3665 negotia
1375 3605 1484 3644 non
1517 3591 1638 3643 sine
1669 3586 1867 3656 pietate
1905 3588 2139 3638 exercet.

572 3690 636 3746 lli
651 3689 982 3760 cmteroquin
997 3687 1246 3743 homines
1267 3691 1415 3739 certa
1428 3680 1630 3736 habent
1647 3677 1884 3748 religiosi
1901 3675 2080 3730 cultus
2092 3680 2144 3727 et

569 3785 895 3843 eruditionis
930 3791 1204 3854 tempora,
1243 3788 1297 3836 et
1344 3777 1652 3832 divinorum
1688 3771 2026 3841 eloquiorum
2058 3783 2147 3821 au-

2234 1393 2252 1424 t
2285 1371 2396 1424 Καὶ
2427 1369 2534 1440 γὰρ
2561 1369 2594 1439 ἡ
2627 1365 2720 1420 τοῦ
2749 1363 2986 1438 Χριστοῦ
3024 1359 3316 1431 Ἐκκλησία
3347 1357 3439 1411 δύο
3473 1356 3620 1427 βίους
3648 1373 3812 1427 νομο-

2227 1466 2373 1520 θετεῖ
2407 1463 2500 1516 καὶ
2543 1460 2803 1533 τρόπους
2831 1457 2921 1512 τὸν
2952 1456 3048 1527 μὲν
3079 1451 3334 1523 ὑπερφυῆ
3371 1451 3465 1504 καὶ
3493 1449 3592 1519 τῆς
3623 1447 3812 1517 κοινῆς

2228 1555 2573 1629 ἀνθρωπίνης
2604 1551 2879 1614 πολιτείας
2927 1548 3206 1608 ἐπέκεινα,
3239 1545 3300 1598 οὐ
3328 1544 3558 1613 γάμους,
3587 1541 3646 1593 οὐ
3680 1557 3812 1592 παι-

2227 1650 2488 1712 δοποιίας,
2513 1647 2575 1701 οὐ
2601 1643 2919 1719 περιουσίας
2946 1639 3178 1712 ὓπαρξιν
3205 1635 3659 1709 παραδεχόμενον,

2229 1744 2346 1798 ὅλον
2373 1743 2436 1796 δι’
2465 1740 2584 1794 ὅλου
2612 1740 2712 1809 τῆς
2740 1737 2922 1808 κοινῆς
2968 1735 3061 1789 καὶ
3105 1731 3366 1804 συνήθους
3402 1728 3509 1782 τῶν
3541 1724 3815 1798 βιωτικῶν

2229 1833 2530 1906 ἀνθρώπων
2580 1831 2803 1901 ἀγωγῆς
2846 1823 3299 1900 παρηλλαγμένον
3341 1823 3435 1875 καὶ
3471 1819 3607 1891 μόνῃ
3630 1820 3694 1888 τῇ
3718 1815 3814 1870 τοῦ

2230 1927 2365 1982 Θεοῦ
2387 1926 2654 1998 θεραπείᾳ
2677 1921 3182 1995 προσῳκειωμένον,
3207 1916 3328 1971 καθ’
3356 1913 3660 1985 ὑπερϐολὴν
3680 1911 3814 1984 ἔρωο

2230 2039 2321 2085 τος
2343 2018 2614 2091 οὐρανίου.
2641 2017 2703 2070 Οἱ
2747 2015 2853 2088 γὰρ
2880 2015 3030 2067 τόνδε
3069 2010 3340 2084 μετιόντες
3369 2008 3459 2060 τὸν
3488 2006 3690 2076 τρόπον
3728 2020 3818 2056 τεο

2233 2113 2419 2167 θνάναι
2467 2107 2787 2172 δοκοῦντες,
2820 2108 2910 2160 τὸν
2954 2105 3145 2176 θνητὸν
3202 2103 3313 2174 βίον
3359 2103 3454 2155 καὶ
3493 2100 3624 2153 αὐτὸ
3660 2098 3821 2169 μόνον

2232 2204 2293 2256 τὸ
2341 2203 2498 2274 σῶμα
2553 2199 2938 2272 περιφέροντες
2970 2197 3064 2250 ἐπὶ
3101 2197 3225 2266 γῆς,
3261 2195 3570 2265 φρονήματι
3622 2191 3678 2244 δὲ
3717 2191 3820 2258 τὴν

2233 2296 2408 2367 ψυχὴν
2437 2296 2515 2358 είς
2552 2294 2816 2366 οὐρανοὺς
2851 2289 3324 2363 μετενηνεγμένοι,
3357 2282 3448 2339 οἶὰ
3483 2302 3628 2347 τινες
3656 2282 3814 2355 οὐρά⁹

2234 2407 2356 2455 νιοι,
2411 2388 2500 2442 τὸν
2552 2385 2662 2440 τῶν
2715 2384 3018 2457 ἀνθρώπων
3075 2382 3318 2454 ἐφορῶσι
3362 2380 3496 2451 βίον,
3533 2379 3674 2446 ὑπὲρ
3726 2376 3824 2430 τοῦ

2237 2481 2437 2544 παντὸς
2468 2479 2656 2550 γένους
2687 2477 3051 2549 ἀφιερωμένοι
3110 2475 3188 2546 τῷ
3252 2474 3347 2526 ἐπὶ
3395 2474 3612 2526 πάντων
3665 2467 3818 2539 Θεῷ·

2237 2577 2297 2628 οὐ
2327 2573 2639 2645 βουθυσίαις
2665 2571 2758 2624 καὶ
2786 2571 3030 2640 αἴμασιν,
3049 2569 3168 2620 οὐδὲ
3199 2567 3451 2629 σπονδαῖς
3472 2564 3567 2617 καὶ
3587 2562 3824 2624 κνίσαις,

2236 2664 2372 2718 ἀλλά
2400 2664 2666 2734 δόγμασιν
2709 2661 2891 2733 ὀρθοῖς
2938 2658 3168 2730 ἀληθοῦς
3200 2658 3481 2720 εὐσεϐείας
3519 2656 3627 2708 καὶ.
3645 2652 3824 2723 ψυχῆς

2235 2757 2473 2810 διαθέσει
2506 2753 2948 2824 κεκαθαρμένης,
2966 2753 3058 2806 καὶ
3083 2751 3309 2824 προσέτι
3339 2747 3451 2813 τοῖς
3476 2751 3595 2802 κατ’
3621 2746 3827 2818 ἀρετὴν

2238 2845 2414 2917 ἔργοις
2444 2855 2502 2898 τε
2530 2845 2624 2898 καὶ
2655 2844 2833 2912 λόγοις
2852 2859 2864 2871 ·
2898 2838 2980 2906 οἷς
3005 2842 3066 2895 τὸ
3095 2842 3248 2895 Θεῖον
3298 2839 3679 2909 ὲξιλεούμενοι,
3726 2834 3829 2906 τὴν

2238 2939 2375 3009 ὑπὲρ
2415 2936 2593 2990 αὐτῶν
2647 2935 2741 2988 καὶ
2773 2934 2880 2988 τῶν
2914 2933 3189 3005 ὁμογενῶν
3217 2932 3570 2987 ἀποτελοῦσιν
3614 2930 3830 3000 ἱερουρ-

2239 3029 2382 3098 γίαν·
2429 3029 2520 3080 καὶ
2551 3027 2579 3078 ὁ
2616 3026 2712 3096 μὲν
2741 3024 2954 3095 ἐντελὴς
2989 3025 3080 3078 καὶ
3131 3023 3345 3098 πρῶτος
3372 3023 3471 3092 τῆς
3505 3019 3650 3075 κατά
3682 3019 3823 3089 Χρι-

2241 3118 2555 3188 στιανισμὸν
2597 3114 2868 3177 πολιτείας
2902 3113 3121 3184 τρόπος,
3147 3111 3350 3164 τοιόσδε
3374 3109 3731 3178 καθέστηκεν.
3768 3107 3832 3160 Ὀ

2240 3213 2295 3265 δὲ
2330 3210 2581 3281 δεύτερος
2643 3208 2736 3260 καὶ
2793 3204 3168 3274 ὑποϐεϐηκὼς,
3197 3201 3700 3276 ἀνθρωπινώτερος,
3736 3200 3832 3252 καὶ

2241 3301 2317 3371 τῷ
2351 3299 2552 3373 πρώτῳ
2592 3298 2712 3351 λίαν
2737 3297 3096 3368 ἀσύγκριτος·
3131 3295 3187 3358 ὃς
3236 3295 3328 3367 καὶ
3361 3294 3560 3364 γάμοις
3591 3307 3832 3359 συγκατ-

2245 3397 2382 3449 ιέναι
2439 3393 2680 3466 σώφροσι
2717 3394 2810 3446 καὶ
2860 3391 3241 3455 παιδοποιίαις,
3279 3389 3587 3459 οἰκονομίας
3631 3404 3689 3440 τε
3728 3385 3832 3456 τῆς

2244 3491 2386 3544 κατὰ
2411 3490 2472 3543 τὸ
2502 3489 2709 3542 δίκαιον
2769 3485 3166 3557 ἐπιμελεῖσθαι,
3204 3485 3295 3537 καὶ
3344 3481 3830 3554 στρατευομένους,

2245 3583 2337 3635 καὶ
2355 3581 2422 3634 τὰ
2447 3579 2697 3649 πρακτέα
2723 3579 3094 3644 ὑποτίθεσθαι,
3117 3577 3300 3650 ἀγρῶν
3321 3594 3380 3629 τε
3422 3577 3517 3629 καὶ
3536 3573 3830 3645 ἐμπορίας,

2245 3673 2338 3728 καὶ
2368 3673 2467 3743 τῆς
2495 3671 2660 3744 ἄλλης
2688 3671 3109 3744 πολιτικωτέρας
3139 3670 3384 3740 ἀγωγῆς,
3420 3667 3557 3739 μετά
3587 3665 3682 3719 τοῦ
3707 3665 3830 3718 Oeo-

2248 3765 2438 3828 σεϐοῦς
2474 3764 2796 3834 φροντίζειν.
2843 3762 2936 3828 Οἷς
2972 3766 3066 3817 καὶ
3096 3764 3382 3834 ἀσκήσεων
3413 3760 3617 3831 καιροὶ,
3652 3757 3833 3828 μαθη-

571 3879 764 3934 ditioni
806 3881 1005 3930 vacant
1092 3881 1254 3943 atque
1310 3870 1396 3926 his
1437 3867 1712 3924 secundus
1741 3863 2038 3919 attributus
2063 3867 2140 3914 est

2246 3860 2397 3922 τείας
2432 3876 2491 3911 τε
2547 3859 2640 3912 καὶ
2688 3857 2796 3911 τῶν
2829 3857 2988 3910 θείων
3031 3857 3226 3925 λογίων
3275 3856 3589 3927 ἀκροάσεως
3628 3851 3835 3922 ἡμέραι

571 3971 790 4043 pietatis
817 3968 1043 4040 gradus,
1071 3941 1488 4039 qui'congruam
1539 3958 1669 4015 huic
1704 3957 1830 4012 vita:
1853 3955 2140 4010 utilitatem

2251 3951 2661 4043 ἀφωρίσθησαν,
2723 3951 2817 4004 καὶ
2867 3949 3120 4022 δεύτερος
3179 3949 3464 4010 εὐσεϐείας
3514 3941 3832 4015 ἀπενεμήθη

574 4037 855 4134 iuebehi
1086 4037 1105 4039 ἡ
2253 4042 2480 4114 suam
2526 4043 2858 4116 κατάλληλον
2896 4042 2974 4114 τῷ
3024 4041 3209 4114 τοιῷδε
3266 4041 3366 4113 βίῳ
3431 4039 3684 4112 παρέχων
3731 4037 3838 4108 τὴν

2253 4136 2520 4206 ὠφέλειαν
2553 4136 2687 4206 (76).
2723 4156 2741 4188 ι
3652 4142 3664 4152 ‘

568 4306 635 4363 11.
674 4305 758 4361 Ex
787 4304 967 4362 Grazco
999 4304 1278 4362 scholiaste
1303 4303 1372 4358 ad
1402 4302 1646 4358 Marcum
1678 4296 1817 4368 apud
1845 4295 1995 4351 Rich.
2014 4292 2311 4417 Simoniuﬁm
2339 4293 2395 4347 in
2429 4291 2670 4348 Historia
2701 4292 2892 4347 critica
2923 4292 3280 4363 interpretum
3305 4287 3440 4343 Novi
3470 4287 3830 4344 Testamentiv

2086 4379 2202 4417 can.
2279 4403 2294 4417 .

2086 4379 2202 4435 cap.
2240 4379 2294 4418 υ.

564 4635 566 4638 ν
643 4564 698 4618 2.
735 4559 1121 4632 Propheticum
1183 4556 1390 4612 dictum
1429 4555 1540 4611 hoc.
1585 4550 1866 4608 Malacbite
1893 4557 2000 4613 est,
2035 4561 2146 4602 non

576 4655 744 4709 haue.
778 4651 1030 4706 Mendum
1063 4665 1193 4720 ergo
1246 4646 1455 4702 librarii
1487 4654 1592 4712 est,
1641 4651 1700 4698 ut
1744 4643 1821 4696 ait
1878 4639 2149 4696 Eusebius

575 4744 930 4804 Caesariensis
979 4743 1034 4798 in
1084 4741 1223 4795 libro
1241 4739 1323 4793 Ad
1370 4736 1646 4793 Marinum
1673 4737 1740 4792 de
1768 4742 2065 4806 apparente
2092 4732 2150 4787 in

578 4836 883 4908 Evangeliis
911 4831 1249 4890 dissonantia
1279 4831 1428 4884 circa
1455 4827 1935 4886 resurrectionem.

2333 4543 2395 4614 β’.
2439 4541 2609 4596 Τοῦτο
2651 4542 2709 4596 τὸ
2761 4544 3096 4616 προφητικὸν
3149 4544 3310 4614 ῥητὸν
3353 4543 3632 4614 Μαλαχίου
3661 4545 3831 4608 ἐστὶν,

2256 4637 2355 4706 οὐχ
2399 4635 2616 4688 Ἡσαΐου
2646 4635 2775 4707 (77)·
2807 4636 3059 4708 γραφέως
3101 4638 3278 4690 τοίνυν
3331 4637 3444 4691 ἐστὶ
3487 4638 3730 4708 σφάλμα,
3757 4639 3834 4703 ὣς

2259 4741 2422 4796 φησιν
2465 4721 2722 4787 Εὐσέϐιος
2753 4725 2782 4777 ὁ
2813 4724 3149 4796 Καισαρείας
3180 4726 3237 4780 ὲν
3271 4723 3350 4795 τῷ
3379 4724 3535 4793 Πρὸς
3564 4727 3835 4796 Μαρῖνω·

2257 4819 2387 4890 περὶ
2412 4816 2511 4888 τῆς
2534 4815 2794 4889 δοκούσης
2827 4819 2885 4872 ὲν
2906 4819 3018 4882 τοῖς
3048 4815 3394 4887 Εὐαγγελίοις
3425 4819 3550 4892 περὶ
3576 4819 3676 4892 τῆς
3699 4822 3834 4875 ἀνα»

2259 4913 2501 4977 στάσεως
2530 4912 2841 4982 διαφωνίας.

647 5136 758 5219 (75)
799 5146 1101 5220 Perpetuus
1130 5143 1430 5220 admirator
1458 5138 1678 5196 Eusebii
1707 5137 1974 5220 Georgius
1997 5146 2148 5220 certe
2180 5145 2222 5201 D
2253 5157 2337 5205 III.
2368 5149 2422 5220 et
2464 5141 2634 5220 Marc.
2675 5157 2724 5220 _t_.
2772 5141 2972 5220 P_a_rate
3015 5143 3152 5196 viam
3195 5140 3434 5206 Domini.
3466 5151 3637 5196 rectas
3671 5141 3832 5209 facite

577 5211 708 5283 fuit;
739 5211 867 5272 'nam
904 5211 973 5274 ἐι
1021 5219 1140 5286 ejus
1181 5213 1478 5270 Chronicon
1523 5227 1632 5286 non
1681 5211 1850 5266 semel
1893 5211 2066 5286 cit_at_,_
2096 5219 2151 5264 et

573 5280 792 5358 quidem
818 5305 941 5342 cum
967 5280 1168 5358 insigni
1197 5286 1354 5358 laude
1383 5284 1647 5358 auctoris,
1669 5299 1721 5336 v.
1747 5297 1854 5358 gr,
1880 5280 2001 5358 cod.
2025 5280 2147 5334 Vat.

577 5352 614 5412 1⁷.
652 5360 738 5420 19,
785 5359 854 5413 40
898 5361 950 5422 b.
985 5352 1102 5413 124w
1117 5359 1196 5413 li:
1245 5357 1302 5410 '0
1338 5353 1656 5426 πολυμαθὴς
1698 5352 1799 5426 καὶ
1846 5352 2151 5426 πολυῖστωρ

574 5429 832 5491 Εὐσέϐιος
853 5429 1300 5550 διακριϐεστάτγᾶν
1319 5426 1428 5479 τῶν
1460 5423 1664 5497 χρόνων
1685 5423 2004 5494 ἀναγραφὴν
2035 5438 2151 5473 ποι-

575 5501 867 5550 πσὰαενος.
912 5500 1044 5550 Item
1079 5521 1090 5550 :
1124 5501 1152 5550 ὁ
1185 5516 1251 5550 πο
1286 5497 1519 5550 υιιαθής.
1552 5504 1685 5550 etc..
1713 5497 1770 5547 ἐν
1803 5497 1914 5550 τοῖς
1942 5494 2148 5550 Χρονιο

575 5501 886 5579 ἠσιξιμενος.Δ
911 5494 1044 5555 Item
1079 5521 1090 5555 :
1124 5501 1152 5552 ὁ
1185 5494 1519 5570 πολυμαθής,
1552 5504 1685 5563 etc.,
1713 5497 1770 5547 ὲν
1803 5497 1914 5557 τοῖς
1942 5494 2148 5560 Χρονιο

575 5573 705 5636 κοῖς
737 5573 971 5624 κανόσι.

502 5709 506 5714 ι
648 5632 758 5714 ('76)
801 5639 1395 5714 llahentfragmcntum
1418 5634 1772 5714 lloebrevius
1789 5632 1986 5714 _Suidas
2023 5648 2145 5692 voc.

579 5706 884 5776 Εὐσέϐιος,
921 5720 975 5765 et
1007 5706 1288 5767 Cedrenus
1306 5711 1394 5765 ed.
1424 5707 1601 5763 Paris.
1633 5722 1685 5776 p.
1708 5706 1834 5760 9.01.

645 5781 760 5846 I77)
805 5773 994 5838 Sermo
1025 5788 1108 5838 cst
1151 5781 1218 5836 de
1262 5781 1583 5852 prophetico
1626 5773 1747 5833 loco
1778 5776 1920 5850 apud
1947 5773 2139 5830 Matth.

2257 5214 2640 5284 semitasiejus.
2672 5213 2966 5284 Eusebium
3000 5229 3127 5268 vero
3149 5221 3398 5284 nostrum
3425 5214 3617 5284 legisse
3648 5229 3707 5267 se
3732 5215 3830 5268 de-

2254 5285 2426 5338 clarat
2451 5283 2818 5340 Hiéronvmus
2843 5286 2898 5338 in
2921 5283 3125 5338 Comm.
3156 5287 3224 5337 ad
3253 5283 3449 5340 Matth.
3475 5283 3493 5335 Ξ
3523 5283 3656 5339 Cum
3684 5285 3829 5338 testi—

2255 5357 2490 5408 monium
2520 5355 2584 5409 de
2617 5353 2885 5409 Malacltia
2921 5353 3169 5424 Isaiaque
3203 5365 3501 5409 contextum
3524 5357 3612 5419 sit,
3637 5356 3828 5423 qtta'tit

2255 5424 2581 5496 Porphyrius
2622 5427 2879 5497 quomodo
2920 5426 3055 5497 vciut
3096 5427 3161 5478 ab
3200 5442 3302 5479 uno
3345 5426 3492 5479 Isaia
3534 5427 3827 5491 exemplum

2253 5495 2496 5578 putemus
2548 5495 2924 5578 assumptum:
2964 5495 3064 5551 Cui
3100 5497 3442 5551 ecclesiastici
3486 5499 3582 5550 uiri
3627 5497 3828 5564 plenis-

2251 5568 2384 5621 sime
2428 5567 2822 5635 responderunt.
2873 5566 2986 5620 Nos
3035 5578 3212 5620 autem
3256 5584 3439 5621 nomen
3485 5567 3646 5622 Isaia:
3674 5576 3831 5635 puta-

2256 5654 2372 5694 mus
2413 5639 2656 5692 additum
2697 5640 3012 5708 scriptorum
3055 5639 3200 5693 vitio.
3237 5636 3522 5709 Eamdem
3573 5638 3833 5709 quaestio-

2254 5725 2382 5788 nem.
2407 5721 2589 5768 versat
2618 5709 2978 5787 Hieronymus
3006 5711 3170 5780 epist.
3197 5708 3286 5775 57,
3317 5709 3370 5764 9.
