4134 6414
369 330 512 389 1009

1255 331 1762 390 δυΡΡιΕκΕΝτΑ
1795 330 2274 402 ρυΑῑετιοΝυκ
2303 329 2397 387 AD
2434 330 2774 392 MARINUI.

3478 336 3621 397 1010

720 471 810 531 ll].
845 472 928 530 Ea:
954 473 1169 530 Possini
1194 474 1399 531 Catena
1425 474 1481 530 in
1512 473 1781 544 Marcum,
1806 495 1860 549 p.
1882 478 2010 544 543,
2028 476 2117 532 ubi
2136 477 2200 533 de
2228 478 2479 548 Cyrenae
2510 492 2714 532 crucem
2736 474 2951 532 Domini
2972 474 3259 549 bajnlanta.

431 619 503 685 τ.
544 610 620 667 οὐ
651 610 760 684 γὰρ
788 607 856 683 ἦν
888 611 1035 676 ἄξιός
1066 629 1150 676 τις
1176 613 1234 665 ὲν
1253 614 1320 683 τῇ
1355 613 1509 667 πόλει
1548 613 1835 680 Ἰουδαίων,
1865 614 1919 668 ibi

2115 614 2169 670 3.
2191 594 2377 684 Neque
2395 615 2545 669 enim
2574 612 2885 668 Iudaeorum
2919 614 3207 685 quisquam
3261 615 3316 670 in
3371 615 3505 672 urbe
3530 618 3615 674 di-

361 720 528 777 φησιν
551 701 809 765 Εὐσέϐιος
841 700 1118 773 κεφαλαίῳ
1146 708 1213 771 ιγ
1244 701 1355 773 (78)
1378 703 1531 771 Πρὸς
1556 702 1842 772 Milph-or,
1870 704 1933 757 τὸ

364 797 509 853 κατά
534 795 630 851 τοῦ
653 794 897 849 διαϐόλου
930 796 1318 869 τρόπαιον,τδν
1354 797 1587 867 σταυρὸν
1626 797 1894 868 βαστάσαι
1916 814 1931 828 ο

356 890 474 943 ἀλλ’
504 892 534 944 6
572 888 631 955 ἐξ
677 888 871 961 ἀγροῦ,
910 889 968 952 ὃς
1011 888 1174 960 μηδὲν
1204 889 1659 962 ὲπικεκοινώνηκε
1690 893 1756 963 τῇ
1794 890 1937 946 κατά

355 980 594 1055 Χριστοῦ
631 980 912 1052 μιαιφονίᾳ
943 979 1079 1051 (79).

2031 722 2172 777 gnus
2193 715 2329 770 erat,
2361 711 2420 758 ut
2452 703 2528 758 ait
2574 703 2842 760 Eusebius
2875 708 3053 777 capite
3106 707 3171 761 15
3201 705 3270 761 ad
3309 705 3605 776 Marinum,

2032 800 2125 870 qui
2157 797 2457 868 tropliatum
2515 797 2580 852 de
2628 797 2862 858 diabolo.
2895 813 3113 853 crucem
3164 798 3391 866 scilicet,
3427 800 3609 857 ferret.

2037 890 2217 957 Quare
2238 890 2484 945 delectus
2514 889 2605 944 ille
2641 896 2725 944 est
2757 890 2849 960 qui
2877 906 2942 944 ex
2972 906 3101 960 agro
3135 892 3405 961 veniebat,
3434 909 3611 965 neque

2040 981 2153 1036 ullo
2183 979 2345 1037 modo
2381 980 2437 1034 in
2466 977 2672 1035 Christi
2700 995 2890 1036 necem
2915 980 3348 1053 eonspiraverat.

1246 1118 1331 1174 IV.
1369 1118 1449 1173 Ea:
1482 1119 1723 1176 Carderii
1753 1120 1955 1177 Catena
1982 1120 2038 1175 in
2062 1117 2354 1185 Joannem,
2378 1133 2499 1190 pag.
2523 1117 2650 1173 156.

423 1255 490 1310 δ’.
529 1255 788 1319 Εὐσέϐιος
816 1257 845 1309 6
888 1256 1218 1326 Καισαρεὺς,
1266 1259 1295 1310 6
1338 1257 1624 1326 Παμφίλου
1669 1274 1939 1328 προσαγο-

360 1346 670 1419 ρευόμενος,
697 1349 754 1399 ὲν
780 1346 907 1412 ταῖς
924 1347 1074 1415 πρὸς
1097 1346 1359 1414 Μαρῖνον
1374 1349 1466 1401 ἐπὶ
1488 1348 1584 1402 τοῦ
1615 1347 1726 1419 (80)
1754 1350 1940 1419 Σωτη-

358 1440 476 1507 ρίου
509 1436 621 1507 (81)
653 1436 856 1501 πάθους
876 1437 969 1490 καὶ
997 1437 1095 1507 τῆς
1129 1438 1476 1502 ἀναστάσεως
1508 1438 1812 1506 Ζητήσεσι
1842 1443 1937 1495 καὶ

356 1526 655 1594 ὲπιλὺσεσι,
681 1530 773 1582 καί
809 1528 979 1583 ταῦτα
1008 1529 1314 1602 προῦθηκεν
1340 1532 1419 1595 εἰς
1458 1531 1721 1597 ἐξέτασιν,
1745 1533 1806 1587 τὸ
1843 1534 1937 1589 τὸν

358 1618 459 1692 μὲν
505 1620 647 1675 θεῖον
693 1622 1085 1693 εὐαγγελιστὴν
1132 1624 1358 1695 Μάρκον
1410 1626 1584 1680 εἰπεῖν
1614 1624 1762 1697 ὤραν
1795 1621 1936 1680 εἶναι

351 1713 543 1787 τρίτην
567 1713 689 1768 καθ’
717 1714 785 1785 ἥν
805 1713 1123 1786 ἐσταυρώθη
1152 1716 1382 1788 Χριστὸς
1408 1717 1437 1769 6
1464 1715 1596 1782 Θεὸς
1624 1719 1717 1771 καὶ
1743 1717 1933 1790 Σωτὴρ

351 1805 546 1876 ἡμῶν·
600 1805 693 1859 τὸν
742 1805 799 1859 δὲ
846 1804 1298 1874 θεολογικώτατον
1338 1806 1588 1879 Ἰωάννην
1639 1807 1781 1862 κατά
1808 1808 1932 1879 ’τὴν

350 1899 517 1969 ἕκτην
544 1896 694 1969 ὥραν
729 1897 840 1969 (82)
868 1897 1076 1970 γράψαι
1116 1897 1554 1969 προκαθεσθῆναι
1583 1900 1675 1953 τὸν
1699 1900 1930 1955 Πιλάτον

2108 1262 2163 1317 4.
2196 1259 2462 1317 Eusebius
2481 1260 2854 1323 Cmsariensis,
2874 1259 2963 1331 qui
2990 1258 3254 1330 Pamphili
3285 1257 3605 1330 appellatur,

2046 1350 2104 1405 in
2138 1349 2531 1416 Quaestionibus
2552 1348 2619 1403 ad
2638 1348 2907 1403 Marinum
2925 1346 2993 1403 de
3017 1345 3323 1403 Servatoris
3352 1344 3609 1415 passione

2040 1456 2103 1496 ac
2131 1440 2556 1503 resurrectione,
2584 1440 2687 1494 hoc
2718 1436 2953 1510 quoque
2973 1437 3249 1510 ειρεηᾱίι,
3266 1433 3412 1506 quod
3444 1434 3606 1489 divus

2038 1533 2246 1588 scilicet
2267 1532 2597 1603 evangelista
2612 1530 2827 1586 Marcus
2856 1530 2953 1591 ait,
2980 1529 3113 1584 hora
3139 1528 3298 1583 tertia
3325 1527 3603 1582 Christum

2037 1625 2206 1683 Deum
2232 1642 2295 1681 ac
2323 1627 2668 1682 Servatorem
2703 1625 2852 1680 cruci
2880 1623 3051 1679 fuisse
3080 1620 3363 1688 sullixum;
3396 1618 3605 1675 theolo-

2033 1734 2135 1789 gus
2164 1726 2341 1774 autem
2371 1734 2619 1775 summus
2646 1716 2884 1773 Joannes
2909 1716 3043 1770 hora
3072 1720 3223 1769 sexta
3257 1712 3333 1766 ait
3368 1710 3604 1765 Pilatum

2035 1811 2243 1866 sedisse
2274 1826 2370 1881 pro
2411 1810 2669 1865 tribunali
2718 1810 2771 1863 in
2806 1810 2927 1864 loco
2989 1806 3081 1877 qui
3135 1804 3509 1875 appellabatur
3536 1801 3605 1858 li-

2032 1905 2337 1961 thostrotos
2353 1904 2421 1959 ad
2451 1902 2734 1959 dicendam
2762 1902 3023 1957 adversus
3042 1897 3226 1954 Jesutn
3255 1897 3603 1957 sententiam.

348 1990 445 2043 ἐπὶ
471 1988 567 2044 τοῦ
599 1990 841 2062 βήματος
875 1993 933 2044 ἐν
976 1990 1053 2062 τῷ
1080 1989 1423 2063 λιθοστρώτῳ
1459 1992 1539 2063 τῷ
1583 1992 1919 2065 καλουμένῳ,

2025 1996 2198 2053 Porro
2240 1995 2510 2051 Eusebius
2550 1994 2849 2061 contendit,
2886 1991 3236 2047 amanuensis
3266 1990 3322 2046 id
3357 2005 3479 2045 esse
3515 2005 3605 2046 er-

348 2082 442 2137 καὶ
463 2082 774 2154 ἀνακρίνειν
805 2081 896 2136 τὸν
942 2081 1147 2154 Ἰησοῦν
1166 2100 1179 2113 ·
1208 2082 1301 2137 καί
1330 2101 1462 2155 φησι
1491 2084 1759 2156 γραφικὸν
1787 2081 1925 2139 εἶναι

344 2173 504 2229 τοῦτο
544 2174 786 2246 σφάλμα,
824 2174 1132 2247 παροραθὲν
1164 2175 1316 2248 παρά
1342 2176 1451 2230 τῶν
1488 2176 1547 2244 ἐξ
1590 2177 1761 2250 ἀρχῆς
1791 2179 1927 2232 ἀπο-

344 2264 712 2341 γραψαμένων
738 2264 809 2319 τά
834 2266 1157 2337 Εὐαγγέλια·
1182 2265 1275 2320 τοῦ
1305 2266 1403 2339 μὲν
1424 2268 1531 2339 γὰρ
1556 2268 1753 2339 γάμμα
1778 2285 1923 2322 στοι-

343 2357 490 2432 χείου
522 2357 620 2430 τὴν
644 2358 835 2430 τρίτην
862 2354 1011 2429 ὤραν
1043 2358 1417 2430 σημαίνοντος,
1444 2358 1538 2412 τοῦ
1565 2359 1621 2412 δὲ
1651 2360 1923 2430 ἐπισήμου

340 2449 442 2524 τὴν
477 2450 663 2523 ἕκτην,
696 2450 790 2503 καὶ
838 2449 1038 2521 πολλὴν
1075 2449 1370 2521 ἐμφέρειαν
1403 2449 1634 2521 ἐχόντων
1668 2449 1804 2520 πρὸς
1836 2451 1925 2504 ἀλ-

342 2542 535 2614 λήλους
572 2540 778 2597 τούτων
826 2540 931 2595 τῶν
978 2543 1339 2614 χαρακτήρων
1361 2581 1375 2605 ,
1434 2540 1575 2595 κατά
1615 2541 1820 2612 πλάνην
1864 2542 1923 2595 τὸ

341 2634 542 2705 γάμμα
571 2634 828 2704 στοιχεῖον
854 2632 914 2686 τὸ
947 2633 1045 2705 τῆς
1070 2632 1262 2705 τρίτης
1286 2632 1434 2705 ὥρας
1462 2631 1776 2703 δηλωτικὸν,
1796 2651 1926 2705 κυρ-

340 2725 611 2796 τωθείσης
636 2726 734 2798 τῆς
765 2725 1223 2797 ἀποτεταμμένης
1261 2726 1341 2790 είς
1384 2726 1557 2796 μῆκος
1580 2724 1816 2790 εὐθείας,
1844 2727 1924 2790 εἰς

338 2816 439 2888 τὴν
470 2815 564 2870 τοῦ
590 2817 866 2888 ἐπισήμου
913 2814 1299 2887 μταχωρῆσαι
1344 2813 1637 2887 σημασίανν
1680 2814 1775 2868 τοῦ
1822 2814 1924 2885 τῆς

339 2909 506 2981 ικτης
526 2907 675 2980 ὥρας
693 2907 991 2980 δηλωτικοῦ
1012 2925 1025 2939 ·
1054 2906 1162 2961 τῶν
1183 2907 1291 2981 γὰρ
1312 2907 1477 2980 τριῶν
1498 2906 1921 2977 εὐαγγελιστῶν,

339 3001 435 3056 τοῦ
467 3018 526 3055 τε
554 3000 836 3057 Ματθαίου
868 3001 963 3055 καὶ
993 3000 1241 3074 Μάρκου.
1262 3000 1354 3053 καὶ
1382 2998 1474 3053 τοῦ
1498 3000 1682 3053 Λουκᾶ
1706 2996 1925 3070 συμφώ-

338 3113 447 3160 νως
471 3094 756 3165 λεγόντων,
773 3094 848 3159 ὡς
869 3094 976 3149 ἀπὸ
998 3093 1165 3166 ἕκτης
1193 3094 1342 3166 ὥρας
1373 3094 1561 3159 σκότος
1590 3093 1804 3163 ἐγένετο
1825 3095 1892 3164 ὲφ
1908 3092 1922 3113 ’

338 3188 473 3259 ὅλην
502 3187 601 3259 τὴν
648 3188 755 3258 γῆν
784 3187 891 3252 ἕως
922 3189 1073 3261 ὥρας
1104 3188 1298 3258 ἐνάτης
1342 3188 1476 3259 (85),
1513 3187 1774 3260 πρόδηλον
1799 3184 1921 3252 ὼὲὁ

336 3279 544 3354 Κύριος
588 3280 681 3333 καὶ
723 3279 856 3345 Θεὸς
897 3278 1101 3351 Ἰησοῦς
1131 3280 1237 3352 πρὸ
1270 3279 1370 3351 τῆς
1410 3279 1574 3350 ²ἕκτης
1596 3278 1746 3351 ὧρας
1785 3277 1917 3351 (84),

338 3370 447 3444 πρὸ
474 3372 569 3427 τοῦ
593 3371 843 3442 γενέσθαι
886 3372 947 3425 τὸ
980 3372 1189 3437 σκότος,
1221 3371 1551 3445 ὲσταύρωτο,
1586 3371 1786 3443 δηλαδὴ
1815 3390 1918 3425 κα-

337 3467 409 3517 τά
432 3462 533 3535 τὴν
562 3462 750 3535 τρίτην
772 3461 941 3535 ὥραν,
972 3463 1047 3527 ὡς
1070 3463 1099 3516 6
1125 3463 1349 3536 Μάρκος
1386 3463 1637 3535 ἱστόρησε
1655 3481 1668 3494 ·
1701 3464 1796 3519 καὶ
1824 3462 1917 3517 τοῦ

350 3554 599 3610 Ἰωάννου
643 3555 735 3610 τὸν
785 3556 971 3626 ὅμοιον
1016 3555 1215 3626 τρόπον
1255 3555 1353 3628 τὴν
1392 3555 1540 3628 ὥραν
1568 3557 1758 3628 τρίτην
1781 3551 1921 3608 εἶναι

339 3648 855 3720 ἑπισημηναμένου,
878 3648 973 3702 καὶ
998 3647 1108 3702 τῶν
1136 3647 1609 3721 ἀπογραψαμένων
1636 3647 1696 3701 τὸ
1721 3646 1929 3719 γάμμα.

340 3738 683 3809 μεταθέντων
708 3741 787 3804 είς
814 3741 876 3792 τὸ
907 3738 1202 3812 ἐπίσημον.

2025 2096 2224 2155 ratum,
2250 2087 2396 2159 quod
2422 2086 2459 2142 ii
2512 2087 2605 2152 qui
2651 2085 2922 2158 principio
2978 2081 3268 2154 Evangelia
3298 2082 3603 2151 exscripse-

2025 2188 2154 2235 runt
2184 2178 2329 2234 haud
2360 2180 2653 2245 senserint.
2683 2178 2820 2247 Nam
2849 2193 2976 2231 cum
3004 2177 3182 2231 littera
3243 2188 3457 2244 gamma
3514 2174 3599 2245 (1‘)

2026 2274 2238 2327 tertiam
2257 2272 2528 2344 signiticet
2564 2273 2791 2336 horam;
2819 2269 3101 2340 episemon
3130 2265 3231 2338 (εἶ)
3263 2272 3447 2321 autem
3476 2278 3601 2320 sex-

2026 2374 2180 2432 tam;
2234 2380 2469 2435 cumque
2528 2363 2584 2418 hi
2615 2363 2961 2417 characteres
3014 2359 3338 2430 permultam
3366 2357 3601 2413 habeant

2026 2459 2167 2513 inter
2196 2474 2255 2513 se
2284 2456 2725 2524 similitudinem,
2748 2453 3007 2510 mendose
3022 2454 3599 2522 clementumgamma,

2023 2562 2133 2617 quo
2162 2547 2572 2604 demonstratur
2593 2546 2723 2600 hora
2746 2546 2907 2601 tertia
2958 2545 3227 2617 (curvata,
3257 2557 3378 2612 qua:
3422 2540 3600 2612 porri-

2025 2641 2252 2709 gebatur
2292 2641 2346 2694 in
2387 2648 2694 2703 extensum,
2744 2636 2936 2709 recta,)
2972 2637 3039 2692 ad
3089 2635 3316 2707 episemi
3371 2633 3599 2707 figuram

2026 2733 2305 2787 redactum
2335 2730 2637 2801 fuit,quod
2692 2738 2900 2785 sextam
2956 2728 3161 2784 indicat
3189 2728 3404 2784 horam.
3453 2723 3602 2782 Sane

2023 2839 2190 2894 quum
2233 2823 2578 2893 evangelista:
2630 2829 2763 2884 tres,
2825 2821 3133 2884 Matthzeus,
3177 2819 3396 2874 Marcus
3434 2824 3600 2888 atque

2022 2913 2200 2970 Lucas
2228 2913 2568 2968 concorditer
2591 2911 2877 2977 allirmcnt,
2910 2912 2980 2966 ab
3007 2911 3139 2965 hora
3166 2917 3321 2965 sexta
3345 2910 3599 2966 tenebras

2024 3006 2195 3062 factas
2215 3021 2338 3061 esse
2362 3005 2418 3059 in
2454 3005 2709 3060 universa
2739 3012 2884 3060 terra
2934 3019 3108 3073 usque
3143 3002 3210 3057 ad
3233 3016 3432 3077 nonam
3452 3045 3467 3069 ,
3497 3017 3593 3072 pa.

2021 3108 2098 3157 tet
2118 3100 2359 3163 omnino,
2395 3097 2679 3153 Dominum
2722 3111 2786 3150 ac
2824 3095 2992 3151 Deum
3030 3093 3215 3151 Iesum
3251 3101 3377 3149 ante
3404 3093 3596 3150 horam

2022 3202 2263 3259 sextam,
2294 3191 2611 3262 priusquam
2645 3188 2855 3244 scilicet
2885 3186 3075 3243 ﬁerent
3108 3186 3364 3254 tenebrae,
3389 3185 3445 3241 in
3471 3201 3598 3242 cru-

2021 3301 2138 3342 cem
2163 3300 2287 3343 esse
2306 3285 2602 3350 sublatum,
2628 3298 2821 3354 nempe
2846 3282 2992 3337 circa
3034 3280 3228 3337 horam
3261 3282 3501 3345 tertiam,
3536 3286 3596 3336 ut

2019 3378 2235 3435 Marcus
2252 3385 2458 3434 narrat.
2478 3375 2657 3443 Quare
2676 3383 2732 3430 et
2749 3373 2988 3429 Joannes
3001 3388 3154 3445 teque
3174 3373 3387 3430 tertiam
3402 3372 3593 3428 horam

2022 3470 2297 3544 prodidit;
2324 3482 2636 3541 quanquam
2678 3475 2865 3537 postea
2896 3480 3259 3521 amanuenses
3294 3478 3508 3537 gamma
3535 3462 3597 3520 in

2024 3564 2302 3635 episemon
2318 3567 2595 3618 commata
2605 3567 2817 3615 verunt.

1330 3878 1397 3936 V.
1424 3878 1509 3935 Ea:
1535 3880 1746 3938 Passini
1763 3881 1971 3939 Catena
2004 3880 2060 3935 in
2087 3877 2354 3947 Marcum,
2379 3892 2434 3949 p.
2467 3875 2592 3933 364.

405 4022 469 4085 ε’.
508 4015 708 4089 Ἑφάνη
751 4016 968 4090 πρῶτον
1008 4017 1197 4092 Μαρίᾳ
1219 4020 1286 4092 τῇ
1316 4020 1676 4093 Μαγδαληνῇσ
1708 4019 1911 4091 ταύτην

332 4108 374 4165 Ε
388 4106 596 4171 5σέ6ιος
616 4110 673 4163 ὲν
703 4110 815 4172 τοῖς
838 4108 995 4178 Πρὸς
1016 4108 1280 4179 Μαρῖνον
1306 4110 1498 4182 ἑτέραν
1517 4110 1666 4181 λέγει
1696 4111 1912 4182 Μαρίαν

334 4202 489 4274 παρὰ
519 4200 616 4273 τὴν
650 4199 995 4274 θεασαμένην
1018 4203 1109 4257 τὸν
1141 4203 1421 4257 νεανίσκον
1440 4220 1452 4233 ·
1485 4203 1519 4275 ἢ
1555 4203 1648 4256 καὶ
1670 4202 1911 4273 ἀμφότε-

334 4310 428 4365 ραι
456 4294 520 4347 ὲκ
545 4293 643 4363 τῆς
668 4293 1028 4365 Μαγδαληνῆς
1052 4289 1213 4367 ἦσαν.

2089 4020 2144 4075 5.
2167 4018 2430 4090 Apparuit
2476 4017 2654 4088 primo
2686 4013 2875 4070 Mariae
2918 4013 3265 4085 Hagdalenat.
3300 4012 3452 4068 Hane
3482 4011 3592 4067 Eu-

2020 4112 2204 4169 sebius
2240 4113 2293 4167 in
2317 4125 2479 4182 opere
2507 4108 2587 4164 Ad
2607 4106 2879 4163 Marinum
2907 4106 3179 4164 diversam
3211 4122 3333 4164 esse
3378 4107 3455 4161 ait
3476 4104 3592 4161 Ma-

2017 4205 2242 4260 riamah
2302 4204 2394 4258 illa
2426 4218 2546 4273 qua:
2594 4201 2853 4272 juvenem
2878 4199 3031 4257 vidit.
3079 4199 3179 4256 Vel
3204 4199 3368 4255 etiam
3419 4195 3594 4254 ambge

2018 4288 2268 4367 Magdalo
2288 4292 2533 4350 oriunda:
2565 4301 2741 4348 erant.

407 4473 519 4547 (78)
555 4472 840 4530 Notandus
863 4484 946 4547 est
971 4475 1262 4547 vigilanter
1287 4476 1477 4531 lectori
1507 4476 1598 4531 hic
1630 4491 1909 4541 numerus,
1942 4479 1989 4535 ι)
2091 4473 2200 4547 (79)
2241 4472 2459 4547 En_se_bii
2493 4472 2639 4547 hunc
2679 4472 2869 4547 locum
2891 4470 3151 4547 exprimit
3176 4471 3497 4547 Ambrosius
3532 4473 3587 4529 in

331 4558 442 4613 quo
462 4545 724 4617 docemur
743 4545 1146 4617 quodammodo
1176 4547 1304 4615 (nisi
1325 4556 1411 4601 est
1434 4547 1687 4603 mendum
1719 4546 1911 4617 κεφαλ.

335 4620 403 4687 τί(
431 4631 529 4685 pro
557 4614 888 4687 Καισαρεύς)
917 4624 1119 4685 quanta
1158 4614 1284 4686 pars
1315 4618 1497 4686 operis
1527 4614 1817 4674 Euscbiani
1841 4618 1909 4671 ad

331 4683 609 4758 Marinum
641 4683 800 4758 nobis
832 4683 975 4741 desit
1003 4697 1129 4758 ante
1148 4683 1269 4758 illas
1298 4683 1604 4758 postremas
1633 4688 1700 4743 de
1726 4704 1911 4743 resur-

333 4756 579 4827 rectione
602 4756 954 4827 quaestiones.
996 4757 1158 4813 Certe
1207 4756 1505 4813 Eusebium
1540 4762 1644 4814 hoc
1674 4758 1813 4813 libro
1839 4758 1910 4811 ad

333 4823 978 4897 Marinum'complexum
1020 4827 1189 4888 fuisse
1221 4829 1553 4898 quaestiones
1586 4845 1695 4885 non
1729 4830 1907 4885 solum

332 4899 482 4951 circa
527 4898 1009 4962 resurrectionem,
1055 4913 1245 4953 verum
1291 4900 1455 4953 etiam
1503 4902 1651 4956 circa
1702 4900 1911 4968 passio-

331 4983 481 5040 nem,
511 4968 796 5038 perspicue
822 4969 1209 5040 cognoscimus
1237 4983 1309 5040 ex,
1334 4977 1596 5040 sequente
1620 4970 1909 5040 Corderia-

332 5053 418 5112 ne
442 5037 658 5112 Catenae
687 5040 827 5095 loco.
859 5037 975 5112 Nisi
1001 5037 1139 5094 forte
1154 5037 1435 5112 suspicari
1461 5042 1659 5112 placet,
1691 5039 1908 5112 Eusebii

331 5108 479 5164 istud
504 5110 573 5165 de
595 5108 853 5181 Cyrenaeo
883 5109 1089 5165 dictum
1116 5108 1291 5181 obiter
1311 5108 1494 5180 potius
1519 5110 1827 5167 occurrisse
1854 5111 1908 5166 in

331 5187 608 5252 postrema
638 5178 831 5250 quavis
858 5180 1181 5252 quastione.
1214 5178 1399 5252 Neque
1438 5198 1570 5237 sane
1610 5182 1910 5252 intelligere

331 5250 462 5306 licet
491 5265 556 5306 eo
584 5266 814 5324 numero
856 5251 1023 5305 Marci
1072 5250 1395 5324 capitulum,
1427 5253 1577 5324 quod,
1602 5250 1819 5324 quidem
1853 5251 1909 5305 in

330 5330 516 5375 vetere
544 5322 923 5377 stichomelria
948 5330 1034 5378 est
1055 5335 1241 5386 ccvm,
1275 5322 1332 5375 in
1358 5322 1497 5378 nova
1527 5322 1798 5377 divisione
1824 5327 1910 5377 est

332 5406 426 5445 xv.
457 5389 620 5446 Certe
650 5392 740 5445 ubi
778 5392 833 5447 in
860 5402 1050 5449 nostra
1087 5393 1189 5448 hac
1215 5392 1452 5449 editione
1474 5393 1609 5448 dicit
1644 5391 1909 5448 Eusebius

333 5461 389 5536 in
432 5460 554 5515 libri
594 5462 822 5536 erordio
851 5461 1159 5536 ﬂammabit;
1195 5462 1910 5536 npﬁrov,cavebit_admo-

330 5531 464 5605 dum
492 5533 742 5605 eruditus
774 5531 944 5588 lector
982 5550 1051 5605 ne
1081 5531 1347 5602 intelligat
1380 5535 1608 5605 primam
1645 5533 1817 5588 fuisse
1838 5533 1907 5605 l_i-

334 5599 423 5656 bri
451 5599 522 5676 ad
546 5600 818 5676 ﬂarinum
851 5604 1205 5676 quaestionem
1234 5599 1531 5676 illam'qua:
1558 5605 1805 5674 sequitur
1830 5603 1907 5676 De

333 5685 454 5745 sero
470 5669 846 5745 Sabbatarum.
869 5669 1158 5730 'Breviator
1189 5675 1410 5745 quippe,
1426 5669 1707 5741 'resecata,
1744 5682 1803 5728 ut
1827 5675 1907 5728 vi-

335 5741 522 5823 detur,
556 5742 968 5823 ingentipriore
993 5752 1168 5817 parte,
1200 5741 1268 5801 ad
1287 5741 1578 5817 'p'ostrema
1609 5745 1789 5819 eperis
1822 5761 1908 5803 ca-

337 5815 454 5884 pita
484 5815 809 5885 prOpcravit.

2013 4540 2220 4606 Comm.
2256 4543 2327 4598 ad
2359 4544 2486 4597 Luc.
2532 4541 2869 4615 li_b.hx,A107
2902 4560 2915 4596 ε
2953 4540 3078 4597 Non
3113 4540 3338 4598 Judreus
3376 4553 3456 4597 est
3500 4547 3588 4615 qui

2016 4633 2220 4676 crucem
2251 4624 2449 4683 portat,
2474 4612 2572 4683 sed
2598 4612 2893 4683 alienigena
2920 4615 3427 4683 atqueiperegrinus.

2080 4687 2198 4777 (80)
2230 4682 2374 4765 :l'am
2422 4682 2611 4750 editio,
2656 4682 2820 4754 quam
2871 4682 3043 4738 codex
3084 4682 3455 4739 Vatyhabent
3494 4682 3588 4737 ἐπὶ

2008 4774 2576 4900 uligljo‘J‘iocabulum
2629 4824 2903 4900 Σωτήριος
2953 4823 3097 4900 apud
3148 4824 3442 4900 Eusebium
3484 4840 3586 4900 no-

2012 4895 2187 4957 strum
2216 4913 2325 4952 non
2350 4906 2458 4950 tam
2484 4895 2753 4963 adjectivo
2771 4895 2939 4950 'sensu
2962 4895 3240 4961 salutaris,
3266 4911 3426 4965 quam
3457 4896 3587 4951 sub-

2012 4971 2252 5028 stantive
2276 4968 2498 5036 obliquo
2530 4966 2852 5031 Servatoris,
2882 4966 3201 5036 plerumque
3226 4981 3347 5021 esse
3378 4966 3582 5020 intelli-

2046 5040 2268 5103 endum,
2301 5034 2555 5109 plurimis
2579 5038 2635 5091 in
2650 5036 2804 5109 locis
2827 5043 2995 5109 patet.
3025 5034 3083 5109 Id
3116 5034 3248 5109 facit
3268 5036 3430 5109 etiam
3460 5037 3586 5109 Am—

2046 5059 2268 5103 elltlum,
2302 5059 2555 5109 plurllllls
2580 5059 2635 5091 In
2667 5059 2804 5090 ιυυιδ
2827 5059 2995 5106 μυιει.
3027 5059 3083 5088 lu
3116 5059 3244 5090 laCIl
3268 5059 3430 5091 ruam
3460 5059 3581 5088 Alli-

2008 5059 2230 5168 grosius
2257 5108 2531 5179 apudnos
2561 5124 2613 5179 ι).
2643 5107 2769 5171 504,
2800 5106 2895 5177 qui
2925 5110 3002 5160 ait
3036 5105 3249 5161 Domini
3289 5106 3581 5171 Salutaris,

2009 5197 2123 5254 pro,
2142 5177 2356 5254 pomi—ni
2386 5177 2702 5254 Saluatoris.
2816 5246 2831 5254 _
3001 5247 3013 5254 _
3338 5248 3351 5254 -
3375 5196 3382 5203 -

2081 5252 2193 5325 (82)
2234 5250 2613 5325 Quaestionetu
2632 5250 2772 5302 hanc
2801 5246 2867 5325 de
2891 5247 3049 5325 tertia
3075 5254 3133 5325 et
3159 5248 3472 5325 sexta__hora
3504 5247 3582 5325 le-

2044 5315 2199 5379 eliam
2232 5315 2394 5378 etiam
2420 5322 2476 5376 in
2498 5320 2684 5377 codice
2706 5317 2943 5387 quodam
2970 5315 3251 5383 Vaticano,
3274 5319 3401 5372 olim
3424 5318 3576 5373 card.

2044 5338 2199 5379 8113111
2232 5338 2394 5378 etiam
2421 5338 2476 5376 tn
2498 5338 2684 5377 000108
2706 5338 2943 5387 quonam
2980 5338 3251 5383 vaucano,
3274 5338 3401 5372 011111
3424 5338 3576 5373 cara.

2010 5338 2228 5458 girleti;
2282 5389 2426 5447 unde
2488 5392 2727 5459 aliquam
2782 5387 3218 5459 emendationem
3277 5389 3577 5455 accersivi;

2049 5478 2321 5533 uanquam
2352 5477 2419 5516 ne
2444 5462 2534 5516 hic
2558 5463 2674 5530 ipse
2702 5459 2921 5530 quidem
2951 5458 3271 5515 codcx'sine
3294 5461 3404 5513 ullo
3433 5474 3581 5515 men-

2049 5552 2079 5585 υ
2102 5544 2205 5585 est.
2238 5531 2440 5585 Eadem
2472 5531 2701 5585 uumstio
2733 5531 2929 5585 leaitur
2961 5529 3012 5581 in
3040 5527 3332 5585 Parisiacis
3360 5544 3579 5585 auouue

2008 5544 2079 5589 αυ
2102 5544 2205 5589 est.
2238 5544 2440 5585 Eadem
2472 5544 2701 5602 quaesuo
2733 5544 2929 5601 legitur
2961 5546 3012 5581 tn
3041 5544 3332 5585 l’al'ISlaClS
3360 5544 3579 5601 quoque

2008 5604 2314 5665 codicibus,
2370 5610 2510 5659 teste
2560 5600 2807 5658 Harlesio
2860 5600 2915 5654 in
2960 5597 3196 5657 Fabricii
3230 5600 3576 5666 Bibliotheca,
3616 5604 3629 5615 ί

2008 5684 2050 5730 ι’
2232 5672 2547 5809 ξίιιῗθοῖοᾱη
2579 5742 2929 5809 ἀναστάσεως
2958 5757 3061 5817 pro
3088 5742 3301 5815 ἐνάτης.

2106 5817 2194 5887 86)
2239 5814 2396 5871 Deest
2419 5815 2472 5871 in
2507 5815 2628 5871 cod.
2659 5811 2828 5888 ὧρας.

2106 5817 2194 5887 86)
2239 5814 2396 5871 Deest
2419 5815 2472 5871 in
2507 5815 2628 5871 cod.
2659 5814 2828 5889 ὧρας.
