4114 6472
480 313 613 370 ιοιι

1229 310 1502 371 ΕυεΕΒιι
1541 313 2016 373 CESARIENSIS
2037 316 2192 375 OPP.
2229 316 2409 373 PARS
2439 317 2526 373 Ill.
2550 347 2621 365 ιη-
2656 316 3065 377 EXEGETICA.

3596 320 3735 375 Mli

484 456 575 514 Vl.
611 457 698 513 Ex
728 457 854 512 Joh.
886 453 1158 526 Xiphilino
1181 456 1513 525 patriarcha,
1541 457 1597 510 in
1627 457 1847 512 Aemilia
1870 459 2072 513 inedita
2095 476 2254 526 quam
2279 460 2463 514 habuit
2492 460 2546 514 in
2568 455 2835 515 dominica
2857 454 2922 509 de
2943 453 3255 509 mulieribus
3282 463 3528 509 aromata
3558 453 3704 524 {areu

1710 597 1722 606 ο
1745 527 1905 597 tibus,
1933 527 2064 583 Cod.

2149 542 2225 587 at.
2261 546 2315 601 p.
2347 531 2473 586 160.

554 644 608 702 6.
647 644 917 700 Eusebius
930 659 1060 699 vero
1080 642 1437 699 Caesariensis
1460 644 1556 709 ait,
1590 642 1817 705 Mariam
1839 645 2058 716 quidem

2236 648 2312 715 ς’.
2351 648 2612 714 Εὐσέϐιος
2644 662 2810 718 φησιν
2840 647 2869 700 ὁ
2906 642 3264 733 Καισαρείας,
3404 642 3593 733 Μαρία
3639 643 3740 716 μὲν

484 735 876 808 Magdalenem,
907 743 962 792 et
985 734 1207 791 Mariam
1238 732 1426 791 Jacobi
1456 744 1731 807 unguenta
1748 737 2059 808 paravisse;

485 846 663 902 neque
687 840 865 884 tamen
891 828 1109 885 easdem
1132 842 1255 882 esse
1282 842 1404 898 quae
1438 842 1599 883 mane
1644 836 1911 884 venerunt
1939 838 2062 886 orto

482 924 594 993 jam
612 923 748 985 sole,
762 921 857 977 sed
874 936 1175 992 anonymas
1197 920 1335 975 alias
1357 939 1370 976 :
1397 921 1581 975 multa:
1596 921 1740 977 enim
1760 938 1826 978 ex
1843 921 2061 979 Galilaea

486 1032 611 1072 cum
640 1014 929 1071 Servatore
956 1014 1338 1069 ascenderant.
1372 1013 1737 1080 Quamobrem
1771 1016 1856 1071 hae
1885 1022 2063 1087 neque

490 1116 655 1162 noctu
692 1107 821 1161 illuc
849 1105 1163 1169 adfuerunt,
1193 1103 1289 1161 sed
1320 1119 1512 1173 mane;
1546 1106 1859 1177 eaedemque
1908 1124 2064 1164 man-

489 1200 619 1255 dato
642 1198 830 1253 audito
858 1206 919 1253 ut
943 1198 1229 1267 discipulis
1258 1196 1529 1268 Petroque
1575 1214 1690 1264 rem
1719 1200 2059 1266 nuntiarent,

491 1290 748 1360 fugerunt
776 1290 977 1347 nemini
1013 1290 1311 1362 quidquam
1338 1289 1586 1355 dictum,
1617 1290 1746 1361 quia
1788 1291 2061 1347 extimue-

492 1391 634 1440 rant.
662 1381 897 1438 Proinde
929 1383 1091 1436 etiam
1145 1382 1275 1452 quia
1315 1381 1590 1451 postsolis
1622 1390 1805 1439 ortum
1834 1384 2067 1441 advene-

494 1482 636 1537 rant,
659 1473 841 1529 videre
863 1471 1205 1529 Servatorem
1236 1471 1381 1527 haud
1408 1474 1586 1545 digna:
1618 1472 1856 1530 fuerunt.
1882 1474 2066 1547 Neque

491 1566 708 1621 demum
737 1565 853 1621 ﬁeri
883 1565 1079 1635 potuit,
1099 1572 1158 1619 ut
1188 1563 1505 1635 Magdalene
1534 1576 1657 1636 post
1677 1574 1756 1622 tot
1778 1574 2069 1639 tantasque

490 1661 773 1723 visiones,
833 1659 948 1716 sole
1004 1669 1166 1723 orto,
1220 1657 1403 1713 adhuc
1456 1657 1757 1726 dubitaret,
1815 1660 2070 1717 nesciens

491 1752 745 1823 quisnam
768 1749 1003 1823 lapidem
1032 1749 1169 1805 foret
1188 1750 1559 1807 revoluturus.

2164 742 2198 812 ἡ
2248 738 2577 810 Μαγδαληνὴ
2625 738 2721 793 καὶ
2797 734 2984 807 Μαρία
3042 736 3077 806 ἡ
3122 732 3375 787 Ἰακώϐου
3431 732 3741 805 ἡτοίμασαν

2162 829 2460 903 ἀρώματα·
2496 831 2597 887 οὐκ
2622 827 2782 883 αὐταὶ⁵
2806 826 2862 880 δέ
2889 828 3025 879 εἰσιν
3052 828 3109 880 αἱ
3143 824 3287 898 πρωῒ
3324 824 3575 880 ἐλθοῦσαι
3606 825 3745 881 ἀνα-

2162 925 2438 988 τείλαντος
2481 922 2575 976 τοῦ
2627 923 2801 994 ἡλίου,
2845 920 2959 975 ἀλλ’
2986 920 3141 976 ἄλλαι
3193 918 3494 990 ἀνώνυμοι·
3543 918 3743 974 πολλαὶ

2163 1016 2271 1089 γὰρ
2292 1013 2433 1089 ἦσαν
2463 1017 2520 1070 αἱ
2556 1016 2924 1069 συναναϐᾶσαι
2954 1012 3032 1084 τῷ
3060 1013 3272 1084 Σωτῆρι
3313 1014 3421 1066 ἀπὸ
3451 1013 3549 1084 τῆς
3580 1010 3744 1066 Falt-

2164 1109 2352 1173 λαίας·
2386 1108 2506 1163 ὅθεν
2555 1108 2675 1162 οὐδὲ
2708 1106 2876 1161 νύκτα
2925 1106 3334 1178 παραγίνονται,
3365 1104 3500 1159 ἀλλὰ
3555 1104 3701 1176 πρωΐ
3723 1120 3742 1136 ο

2167 1201 2263 1255 καὶ
2289 1200 2594 1258 ἀκούσασαι
2616 1200 2949 1270 ἀπαγγεῖλαι
2978 1201 3090 1263 τοῖς
3119 1198 3385 1270 μαθηταῖς
3409 1198 3505 1253 καὶ
3530 1196 3609 1268 τῷ
3637 1197 3747 1252 Πέ-

2163 1311 2296 1366 τρῳ,
2329 1293 2544 1364 ἔφυγον,
2573 1293 2668 1348 καὶ
2696 1292 2867 1347 οὐδενὶ
2897 1290 3049 1345 οὐδὲν
3081 1285 3253 1344 εἷπον*
3286 1289 3573 1360 ἐφοϐοῦντο
3595 1289 3707 1362 γάρ
3724 1306 3744 1321 ο

2166 1386 2242 1451 ὡς
2289 1385 2397 1459 γὰρ
2448 1386 2586 1457 μετὰ
2632 1384 2893 1455 ἀνατολὴν
2935 1385 3087 1456 ἡλίου
3137 1385 3428 1439 ἐπιστᾶσαι
3487 1382 3609 1438 οὐδὲ
3651 1382 3747 1437 τὸν

2170 1478 2401 1552 Σωτῆρα
2430 1477 2726 1534 θεάσασθαι
2751 1476 3157 1545 καταξιοῦνται·
3186 1476 3308 1531 οὐδὲ
3336 1472 3448 1529 οἷόν
3475 1492 3533 1529 τε
3557 1472 3626 1547 ἡν
3642 1475 3747 1547 τὴν

2170 1570 2535 1643 Μαγδαληνὴν
2572 1569 2709 1642 μετὰ
2752 1569 3021 1633 τοσαύτας
3067 1568 3213 1632 θέας,
3247 1568 3396 1639 ἡλίου
3431 1566 3750 1623 ἀνατείλαν-

2168 1646 2282 1731 ὢς,
2308 1663 2533 1735 ἀπορεῖν
2558 1663 2652 1719 καὶ
2673 1663 2889 1732 ἀγνοεῖν
2919 1662 3006 1726 τίς
3037 1660 3352 1717 ἀποκυλίσει
3383 1660 3475 1717 τὸν
3506 1658 3651 1714 λίθον

1520 1865 1635 1924 νυ.
1667 1868 1752 1923 Ex
1770 1869 2056 1926 Anastasio
2084 1870 2317 1937 Sinaita,
2343 1879 2532 1943 quast.
2555 1886 2705 1928 CLI".

570 1986 619 2041 7.
647 1984 864 2040 Eusebii
891 2002 956 2039 ea:
980 2002 1132 2056 opere
1151 1986 1220 2040 ad
1246 1984 1541 2042 Marinum.
1567 1986 1705 2044 Tres
1756 1989 1918 2060 igitur
1955 2006 2067 2046 om-

2237 1990 2303 2055 C'.
2343 1991 2641 2046 Εὐσεὸίου
2680 1990 2751 2043 ἐκ
2790 1987 2909 2043 τῶν
2951 1987 3102 2058 πρὸς
3126 1988 3393 2058 Μαρῖνον
3420 1987 3552 2060 (85).
3585 1988 3754 2062 Τρεῖς

498 2080 628 2135 nino
668 2079 868 2136 Marias
897 2080 1142 2150 passioni
1173 2078 1379 2135 Christi
1407 2095 1532 2135 cum
1562 2080 1780 2139 feminis
1800 2083 1921 2138 aliis
1942 2099 2076 2154 pra:-

498 2179 683 2228 seutes
711 2171 1214 2242 deprehendimus;
1257 2173 1488 2242 primam
1519 2170 1828 2244 Deiparam,
1880 2192 2075 2232 secun-

496 2264 621 2319 dam
654 2263 819 2333 hujus
842 2279 1087 2320 sororem
1109 2262 1334 2317 Mariam
1355 2261 1591 2334 Cleopaz,
1614 2267 1832 2321 tertiam
1857 2266 2076 2340 Magda.

499 2356 696 2412 lenem.
728 2357 958 2424 Quidam
1008 2373 1140 2414 vero
1191 2359 1517 2431 interpretes
1576 2362 1728 2415 aiunt
1770 2362 1908 2418 duas
1953 2377 2077 2418 esse

500 2445 847 2520 Magdalenas
884 2490 900 2513 ,
944 2465 1110 2505 unam
1153 2466 1274 2522 quae
1330 2467 1455 2508 sero
1502 2453 1863 2509 Sabbatorum
1931 2454 2076 2525 apud

504 2541 838 2606 Hatthamm,
863 2542 1096 2614 alteram,
1145 2561 1268 2616 qua:
1322 2547 1466 2617 apud
1492 2545 1758 2602 Joannem
1793 2562 1953 2602 mane
2007 2548 2075 2602 ad

500 2643 911 2690 monumentum
940 2637 1121 2705 venit;
1169 2640 1413 2694 eamdem
1450 2639 1590 2693 hanc
1614 2654 1757 2703 esse,
1788 2639 1856 2696 de
1881 2656 1986 2711 qua
2021 2647 2077 2695 et

502 2724 716 2781 Harcus
738 2726 999 2797 loquitur,
1021 2737 1076 2783 et
1098 2728 1167 2784 de
1200 2745 1304 2799 qua
1342 2728 1607 2786 (henionia
1657 2740 1864 2803 septem
1902 2734 2076 2802 ejecta

502 2816 738 2874 fuerant.
763 2818 1009 2890 Namque
1038 2822 1221 2883 aliam,
1253 2821 1430 2892 inquit
1460 2806 1748 2888 Eusebius,
1778 2841 1888 2879 non
1912 2824 2074 2889 hanc,

504 2908 874 2981 Magdalenem
905 2927 1018 2982 pra:
1057 2914 1234 2970 oculis
1259 2914 1468 2971 habens
1497 2914 1711 2973 Marcus
1737 2918 1811 2971 ait
1837 2936 1850 2971 :
1890 2936 1909 2965 ι
1939 2915 2076 2971 Cum

502 3011 684 3057 autem
708 3004 1057 3069 surrexisset,
1085 3021 1243 3062 mane
1276 3023 1384 3061 una
1413 3009 1776 3075 Sabhotorum
1822 3012 2077 3081 apparuit

503 3095 679 3163 primo
702 3093 884 3150 Maria:
927 3094 1278 3167 Magdalenae,
1327 3100 1395 3155 de
1444 3116 1551 3171 qua
1581 3111 1785 3171 septem
1809 3101 2077 3158 daamonia

500 3188 757 3258 eiecerat.
785 3206 804 3239 ι
835 3189 1010 3259 Atque
1056 3189 1170 3246 haec
1229 3191 1446 3247 videtur
1471 3178 1593 3264 quas
1642 3193 1834 3258 audiit,
1864 3193 1943 3249 Ne
1992 3210 2078 3251 me

503 3290 715 3350 tangas,
750 3296 857 3334 non
888 3296 1008 3351 quae
1037 3284 1178 3353 apud
1207 3282 1541 3341 Matthzeum.
1566 3282 1702 3338 Nam
1740 3293 1799 3339 ut
1854 3288 2076 3343 verissi-

2172 2082 2302 2153 γοῦν
2327 2083 2425 2147 τὰς
2451 2083 2635 2146 πάσας
2664 2082 2879 2153 Μαρίας
2915 2081 2993 2153 τῷ
3023 2082 3181 2149 πάθει
3209 2082 3303 2135 τοῦ
3327 2082 3562 2155 Χριστοῦ
3610 2082 3757 2154 μετὰ

2170 2175 2279 2230 τῶν
2312 2175 2483 2231 ἀλλων
2529 2173 2801 2245 γυναικῶν
2845 2175 3202 2247 εὑρίσκομεν·
3235 2173 3459 2246 πρώτην
3490 2175 3589 2246 μὲν
3614 2174 3754 2230 Θεο-

2173 2267 2351 2330 τόκον,
2378 2265 2640 2339 δευτέραν
2684 2267 2741 2321 δὲ
2786 2266 2882 2338 τὴν
2921 2265 3153 2337 ἀδελφὴν
3192 2266 3363 2337 αὐτῆς
3406 2266 3625 2338 Μαρίαν

2172 2358 2265 2413 τοῦ
2296 2359 2553 2424 Κλεωπᾶ,
2591 2359 2686 2414 καὶ
2724 2358 2913 2431 τρίτην
2960 2359 3057 2431 τὴν
3094 2358 3460 2429 Μαγδώηνὴν
3481 2375 3494 2388 ·
3520 2360 3666 2421 τινὲς
3690 2358 3752 2412 δέ

2174 2468 2338 2521 φασιν
2382 2450 2439 2516 ἐξ
2483 2448 2662 2503 αὐτῶν
2708 2448 2800 2502 δύο
2846 2444 2985 2502 εἶναι
3028 2446 3420 2517 Μαγδαληνάς·
3463 2446 3591 2517 μίαν
3627 2445 3753 2518 μὲν,
3812 2465 3823 2475 ·

2172 2546 2272 2618 τὴν
2304 2544 2403 2615 ὀψὲ
2436 2543 2724 2597 Σαϐϐἀτων
2745 2541 2898 2615 παρά
2924 2541 3001 2613 τῷ
3022 2541 3285 2612 Ματθαίῳ
3307 2581 3322 2607 ,
3351 2540 3549 2613 ἑτέραν
3572 2540 3628 2594 δὲ
3649 2539 3756 2613 τὴν

2175 2635 2327 2708 παρά
2358 2635 2437 2707 τῷ
2464 2635 2682 2708 Ἰωάννῃ
2711 2635 2924 2707 πρωίας
2960 2634 3050 2687 ἐπὶ
3077 2634 3137 2686 τὸ
3173 2636 3433 2705 μνημεῖον
3467 2632 3752 2698 ἐλθοῦσαν,

2174 2729 2378 2800 ταύτην
2413 2727 2472 2780 δὲ
2514 2723 2652 2782 εἶναι
2691 2726 2782 2799 τὴν
2824 2728 2915 2780 καὶ
2944 2725 3156 2798 Μάρκῳ
3186 2726 3539 2797 δηλουμένην,
3566 2726 3660 2795 ἀφ’
3683 2721 3757 2799 ἧς

2176 2821 2496 2892 ἐκϐεϐλήκει
2527 2820 2667 2874 ἑπτὰ
2694 2819 2944 2893 δαιμόνια
2963 2836 2975 2850 ’
3005 2818 3081 2883 ὡς
3101 2819 3208 2891 γάρ
3233 2816 3400 2890 οὔσης
3420 2818 3515 2871 καὶ
3539 2817 3754 2890 ἐτέρας,

2178 2912 2363 2985 φησὶν,
2395 2912 2456 2965 οὐ
2488 2912 2743 2984 τοιαύτης
2777 2911 3159 2982 Μαγδαληνῆς,
3194 2910 3457 2983 ἐτήρησεν
3479 2910 3759 2983 ὀιΜάρκος

2175 3001 2551 3064 τοῦτοείπών·
2584 3020 2604 3053 ι
2626 3002 2887 3065 Ἀναστὰς
2917 3001 2975 3055 δὲ
3009 3000 3151 3073 πρωῒ
3172 3003 3238 3073 τῇ
3280 2994 3382 3071 μιᾷ
3404 2999 3510 3053 τῶν
3538 2998 3756 3053 Σαϐϐά-

2176 3112 2284 3159 τῳν
2313 3095 2487 3166 ὲφάνη
2515 3095 2706 3173 Μαρίᾳ
2740 3094 2955 3166 πρῶτον
2978 3097 3042 3167 τῇ
3072 3092 3426 3166 Μαγδαληνῇ,
3461 3093 3553 3162 ἀφ’
3571 3087 3641 3166 ἦς
3673 3094 3763 3146 ἑκ-

2179 3187 2430 3261 ϐεϐλήκει
2458 3188 2598 3242 ἑπτὰ
2621 3187 2892 3266 δαιμόνια.
2922 3207 2941 3240 ι
2962 3188 3074 3240 Καὶ
3100 3186 3306 3259 ταύτην
3328 3187 3459 3251 ἴσως
3488 3182 3627 3240 εἶναι
3654 3184 3759 3256 τὴν

2178 3284 2507 3348 ἀκούσασαν,
2534 3284 2624 3356 Μή
2657 3301 2759 3354 μου
2782 3284 2973 3348 ἅπτου,
2990 3283 3103 3353 ἀλλ’
3121 3284 3182 3336 οὐ
3210 3283 3309 3356 τὴν
3334 3283 3486 3357 παρὰ
3513 3281 3591 3357 τῷ
3612 3283 3768 3337 Ματ-

504 3388 650 3425 mum
680 3372 751 3427 sit
785 3373 931 3427 illam
988 3388 1205 3444 quoque
1248 3373 1496 3446 Magdalo
1548 3374 1720 3432 fuisse
1763 3378 2072 3445 orlundam,

2179 3376 2330 3450 θαίῳ.
2357 3379 2419 3431 Et
2440 3377 2548 3450 γὰρ
2569 3354 2664 3432 καὶ
2680 3377 2747 3433 τὰ
2769 3376 3001 3448 μάλιστα
3028 3354 3388 3457 κάηίνηνάπὸ
3529 3354 3761 3446 Μαγδαο

505 3459 654 3516 baud
679 3469 863 3518 tamen
901 3464 1053 3534 paria
1098 3465 1297 3535 probra
1336 3465 1405 3521 de
1454 3481 1519 3521 ea
1570 3475 1757 3521 narrat
1774 3466 2074 3540 Scriptura.

505 3552 660 3622 Quod
681 3554 727 3609 si
768 3569 931 3608 unam
962 3556 1316 3627 eamdemque
1345 3555 1715 3628 Magdalenem
1754 3560 1878 3629 quis
1908 3560 2076 3626 dicat,

506 3646 684 3711 adhuc
710 3655 891 3703 tamen
914 3646 1151 3707 veridica
1191 3658 1321 3707 sunt
1353 3665 1513 3725 sacra
1557 3649 1873 3722 Evangelia,
1903 3669 2081 3725 neque

507 3738 619 3795 ullo
650 3737 813 3794 modo
844 3739 987 3793 inter
1015 3754 1075 3795 se
1124 3739 1477 3811 discrepant;
1530 3742 1801 3814 siquidem
1831 3744 2079 3801 eamdem

504 3832 763 3889 exhibent
800 3831 1027 3888 Mariam
1081 3832 1453 3905 Magdalenem
1507 3844 1561 3893 et
1624 3852 1734 3892 non
1771 3845 2081 3909 tangentem

507 3925 683 3995 primo
711 3921 898 3980 Jesum
923 3940 1048 3980 cum
1066 3934 1183 3990 erat
1216 3926 1517 3994 incredula,
1540 3936 1596 3984 et
1626 3928 1824 3985 deinde
1854 3940 2085 4001 tangen-

508 4026 618 4080 tem,
649 4018 833 4074 statim
862 4033 927 4073 ac
979 4019 1136 4089 jussa
1180 4028 1267 4076 est
1311 4020 1547 4091 gaudere
1576 4036 1699 4076 cum
1750 4020 1857 4077 alia
1892 4019 2081 4077 Maria.

507 4108 885 4179 Quippeillum
925 4118 1205 4180 postremo
1242 4121 1301 4165 ut
1329 4110 1499 4166 Deum
1529 4110 1797 4181 adoravit,
1842 4128 1953 4179 non
1982 4112 2083 4171 ho-.

510 4202 672 4258 minis
697 4202 873 4259 instar
896 4203 1109 4271 habuit,
1147 4203 1297 4259 velut
1322 4203 1477 4279 initio
1523 4220 1649 4260 eum
1677 4204 1837 4275 ﬂebat
1857 4211 2085 4276 eratque

506 4295 805 4351 incredula.

2181 3466 2346 3539 ληνῆς
2395 3467 2640 3538 ὡρμᾶτο,
2670 3466 2783 3520 ἀλλ’
2810 3468 2870 3521 ού
2917 3465 2987 3520 τὰ
3018 3466 3179 3537 ὃμοια
3211 3450 3303 3520 καὶ
3339 3452 3510 3538 αὐτῆς
3560 3467 3594 3537 ἡ
3636 3463 3764 3519 θεία

2186 3562 2480 3631 κατηγορεῖ
2510 3560 2700 3631 Γραφή
2720 3576 2734 3589 ’
2766 3559 2816 3612 εί
2848 3559 2904 3613 δὲ
2938 3558 3068 3630 μίαν
3095 3558 3191 3612 καὶ
3219 3558 3317 3629 τὴν
3338 3557 3507 3629 αὐτὴν
3534 3556 3765 3628 Μαγδα-

2188 3651 2352 3724 ληνὴν
2371 3651 2480 3723 (86)
2506 3650 2728 3723 φήσειέν
2755 3668 2859 3717 τις,
2884 3652 2978 3704 καὶ
3001 3649 3174 3715 οὕτως
3190 3649 3445 3722 ἀληθεύοι
3462 3648 3527 3704 ἂν
3545 3648 3616 3702 τὰ
3638 3649 3765 3720 ίερά

2187 3744 2514 3814 Εὐαγγέλια,
2544 3748 2662 3800 κατ’
2693 3744 2879 3799 οὐδένα
2915 3743 3071 3813 λόγον
3099 3740 3469 3813 διαφωνοῦντα
3487 3759 3501 3773 ’
3535 3742 3633 3814 τὴν
3666 3740 3768 3796 αὐ-

2187 3837 2285 3909 τὴν
2314 3837 2370 3891 δὲ
2402 3838 2620 3910 Μαρίαν
2644 3837 2741 3910 τὴν
2768 3835 3133 3908 Μαγδαληνὴν
3164 3836 3474 3904 εἰσάγονται
3504 3834 3578 3905 μὴ
3603 3835 3746 3887 ἀπτο

2190 3928 2355 3999 μένην
2388 3929 2647 4002 πρότερον
2678 3928 2772 3982 τοῦ
2806 3929 3029 4000 Κυρίου,
3063 3928 3152 3981 ὅτε
3175 3926 3358 3981 ἔκλαιε
3391 3926 3486 3981 καὶ
3508 3925 3764 3994 ⁴Ιίπίστει·

2186 4019 2282 4073 καὶ
2330 4020 2642 4092 ἁπτομένην
2688 4020 2876 4085 αὑτοῦ,
2905 4021 2993 4074 ὅτε
3039 4020 3251 4092 χαίρειν
3301 4018 3438 4090 μετά
3474 4017 3573 4087 τῆς
3598 4015 3771 4088 ἄλλης

2186 4111 2406 4192 Μαρίας
2455 4112 2548 4164 ὑπ’
2576 4112 2744 4167 αὐτοῦ
2796 4111 3107 4166 κελεύεται·
3131 4111 3344 4183 ,ἐπειδὴ
3376 4110 3486 4183 γὰρ
3525 4109 3601 4173 ὡς
3631 4107 3768 4161 Θεὸν

2187 4204 2349 4257 αὑτὸν
2382 4204 2787 4279 προσεκύνησεν
2820 4202 3066 4275 ἔσχατον,
3099 4203 3194 4257 καὶ
3214 4203 3313 4275 οὐχ
3360 4202 3436 4265 ὡς
3458 4200 3763 4272 ἄνθρωπον,

2188 4295 2263 4360 ὡς
2289 4296 2551 4369 πρότερον
2581 4298 2670 4351 ὅτε
2698 4296 2878 4350 έκλαιε
2904 4297 2997 4350 καὶ
3030 4295 3270 4366 ἠπίστει.

1765 4411 1898 4469 VIII.
1924 4411 2009 4483 Ea:
2034 4412 2216 4477 eodem
2239 4415 2552 4470 Anastasio.

578 4529 635 4584 8.
664 4528 880 4585 Eusebii
910 4546 979 4585 es;
1015 4545 1170 4598 opere
1196 4530 1265 4585 ad
1297 4529 1592 4586 Marinum.
1636 4529 1755 4587 Jam
1788 4530 1932 4602 quod
1959 4546 2080 4586 am-

506 4618 731 4692 bigitur,
760 4621 1040 4691 quomodo
1058 4620 1342 4690 Matthgus
1367 4621 1554 4688 visum.
1585 4631 1773 4677 narret
1796 4621 2084 4694 discipulis

2261 4530 2333 4604 η’.
2374 4531 2672 4588 Εὐσεὸίου
2693 4530 2762 4585 ἐκ
2788 4528 2907 4584 τῶν
2930 4528 3079 4599 πρὸς
3099 4528 3393 4599 Μαρῒνον,
3434 4526 3569 4599 Περὶ
3592 4525 3650 4579 δὲ
3669 4524 3770 4581 τιῧ

2193 4625 2490 4696 ὲπαπορεῖν
2519 4622 2700 4688 πάλιν,
2718 4621 2837 4687 πῶς
2858 4620 3006 4694 παρὰ
3035 4619 3113 4691 τῷ
3136 4619 3398 4691 Ματθαίῳ
3425 4621 3503 4689 είς
3533 4619 3632 4692 τὴν
3658 4618 3770 4674 Γα-

508 4709 798 4766 Dominum
833 4713 889 4766 in
923 4709 1157 4769 Galilzeaa
1185 4724 1405 4781 monte,
1426 4712 1667 4771 Joannes
1704 4722 1886 4769 autem
1937 4713 2076 4769 circa

2194 4714 2405 4771 λιλαίαν
2432 4708 2611 4785 ὦφθαι
2642 4714 2732 4769 τὸν
2760 4713 2966 4786 Κύριον
2995 4715 3107 4776 τοῖς
3140 4712 3406 4784 μαθηταῖς
3429 4713 3487 4765 ἰν
3516 4709 3594 4782 τῷ
3626 4709 3768 4803 ὄρει,

509 4819 660 4861 mare
683 4803 990 4861 Tiberiadis
1010 4848 1025 4875 ,
1060 4806 1150 4862 aio
1178 4806 1431 4878 equidem
1458 4848 1473 4873 ,
1507 4807 1653 4862 haud
1687 4806 1856 4862 semel
1887 4813 1941 4860 et
1960 4801 1967 4805 “
1989 4806 2088 4861 ite-

509 4911 654 4961 rum,
688 4896 783 4963 sed
817 4898 1095 4954 multoties
1121 4896 1310 4965 Jesum
1350 4914 1474 4962 esse
1500 4908 1877 4970 conspectum.
1907 4896 2090 4964 Quare

510 4988 737 5044 minime
783 4989 997 5045 errabis
1049 4990 1096 5044 si
1145 4988 1400 5061 quartam
1454 4990 1723 5053 visionem
1769 5004 1893 5051 esse
1938 4988 2087 5042 illam

511 5082 812 5150 putaveris,
863 5095 986 5153 qua:
1026 5081 1170 5151 apud
1214 5081 1526 5143 Matth-seum
1557 5082 1635 5138 lit.
1688 5080 1842 5136 Hanc
1888 5081 2091 5153 quippe

508 5173 652 5228 haud
673 5175 819 5230 circa
850 5190 1000 5232 mare
1039 5173 1276 5231 Galilaeae
1321 5177 1695 5246 spectantibus
1723 5189 1869 5239 eum,
1892 5174 1989 5231 sed
2032 5174 2090 5229 in

510 5273 698 5324 monte
737 5265 1028 5337 discipulis
1074 5266 1328 5323 undecim
1382 5267 1687 5338 contigisse
1725 5266 1919 5322 scribit
1951 5264 2091 5321 Mat-

509 5356 688 5413 luteus
721 5375 735 5411 :
765 5375 786 5418 ς
825 5356 1089 5425 Undecim
1130 5368 1314 5415 autem
1351 5359 1608 5430 discipuli
1644 5367 2003 5439 perrexerunt
2030 5359 2088 5414 in

511 5457 775 5514 montem,
811 5461 980 5521 prout
1023 5452 1351 5509 condixerat
1407 5453 1517 5508 illis
1544 5451 1737 5519 Jesus,
1793 5467 1954 5524 quem
2012 5452 2089 5509 ibi

510 5550 867 5614 conspectum
899 5543 1289 5602 adoraverunt.
1325 5566 1345 5600 ι
1380 5544 1515 5602 Post
1565 5546 1682 5601 haec
1731 5532 1850 5613 sine
1897 5561 2089 5602 errore

566 5696 696 5825 ‘S85)
736 5697 888 5756 Hanc
944 5716 1164 5773 quemne
1216 5703 1672 5773 quaestiunculam
1718 5718 1843 5759 cum
1892 5703 2084 5763 codice

566 5784 592 5825 ο
614 5772 890 5825 umnensi.
921 5788 1067 5825 nunc
1097 5770 1380 5825 Vaticano.
1422 5775 1627 5825 utiliter
1658 5775 1887 5825 contuli.

513 5770 890 5839 uolumneosi,
921 5770 1381 5841 nune'Yatiéano,
1422 5775 1627 5832 utiliter
1658 5775 1887 5833 contuli.

2193 4807 2346 4881 παρὰ
2362 4806 2419 4861 δὲ
2446 4806 2524 4881 τῷ
2548 4807 2769 4881 Ἰωάννῃ
2795 4805 2946 4878 παρὰ
2971 4804 3069 4878 τὴν
3098 4804 3372 4888 θάλασσαν
3399 4802 3500 4873 τῆς
3516 4799 3771 4873 Τιϐεριά-

2189 4895 2299 4973 δος,
2328 4898 2558 4973 ἐροῦμεν
2584 4900 2667 4957 ὅτι
2693 4900 2754 4955 οὐ
2781 4900 2938 4971 μόνον
2971 4898 3115 4965 ἀπαξ
3139 4897 3231 4952 καὶ
3249 4896 3351 4961 δὶς,
3374 4895 3508 4949 ἀλλά
3534 4896 3629 4962 καὶ
3647 4893 3771 4949 πολ.

2191 4992 2349 5058 λάκις
2386 4986 2566 5063 ὦφθαι
2594 4993 2778 5055 αὐτὸν.
2797 4993 2889 5047 Διὸ
2908 4991 3174 5064 τετάρτην
3192 4987 3456 5043 ὀπτασίαν
3473 4988 3573 5059 οὐχ
3592 4986 3771 5058 ἀμάρα-

2192 5103 2306 5157 τοις
2342 5086 2441 5161 τὴν
2474 5087 2625 5159 παρά
2662 5085 2739 5158 τῷ
2754 5084 3016 5156 Ματθαίῳ
3047 5086 3226 5157 φήσας
3256 5079 3414 5147 εἶναι,
3436 5082 3501 5154 ἡν
3530 5080 3592 5134 οὐ
3619 5081 3773 5154 παρὰ

2193 5177 2293 5255 τὴν
2327 5176 2602 5251 θάλασσαν
2626 5177 2724 5249 τῆς
2750 5175 3057 5247 Γαλιλαίας,
3080 5173 3201 5228 οὐδὲ
3218 5176 3332 5238 τοῖς
3359 5169 3767 5242 ὀπτανομένοις,

2196 5269 2311 5335 ἀλλ’
2344 5271 2401 5323 ἐν
2426 5267 2504 5339 τῷ
2536 5269 2651 5340 ὃρει
2682 5269 2794 5331 τοῖς
2821 5266 3013 5328 ἕνδεκα
3045 5265 3371 5337 πεποιῆσθαι
3403 5260 3708 5335 ἀνέγραψεν
3738 5260 3770 5315 ὁ

2194 5359 2492 5425 Ματθαῑος,
2526 5357 2693 5413 εἰπών
2711 5376 2727 5392 ο
2761 5378 2779 5412 ι
2811 5359 2874 5412 Οἱ
2900 5357 2957 5410 δὲ
2985 5357 3178 5430 ἕνδεκα
3202 5358 3440 5429 μαθηταὶ
3469 5350 3771 5426 ἐπορεύθη-

2196 5454 2311 5508 σαν
2345 5455 2426 5518 είς
2465 5442 2532 5507 ’τὸ
2581 5453 2725 5529 δρος,
2759 5447 2820 5508 οὗ
2854 5451 3079 5519 ἐτάξατο
3111 5452 3291 5525 αὐτοῖς
3329 5453 3358 5503 ὁ
3395 5447 3640 5522 Ἰησοῦς·
3673 5447 3772 5513 καί

2197 5544 2393 5611 ἰδόντες
2427 5544 2586 5619 αὐτὴν
2619 5542 3047 5620 προσεκύνησαν.
3086 5562 3106 5604 ι
3144 5541 3254 5597 Καὶ
3301 5540 3437 5613 μετά
3481 5539 3641 5602 τοῦτο
3667 5537 3771 5604 οὐκ

2264 5705 2378 5779 (86)
2416 5703 2577 5771 Deest
2616 5709 2675 5763 in
2705 5703 2893 5767 codice
2921 5698 3276 5770 Columnensi
3307 5696 3692 5773 Μαγδαληνή-ι.
