4134 6414
401 315 540 374 1013

1246 306 1772 374 ευρριιιειεκτς
1787 317 1951 386 (ὶυῶ
1959 318 2160 377 STION
2170 320 2292 394 UH.
2306 321 2398 379 AD
2435 315 2792 384 BARINUM.

3504 333 3646 388 ΜΗ

393 433 463 488 ἂν
484 431 745 504 σφαλείης
776 432 944 488 είπὼν
992 433 1125 506 ὁμοῦ
1167 435 1285 490 κατ’
1315 437 1446 490 αὐτὸ
1488 438 1844 510 συνηγμένοις
1874 441 1943 494 αὐ

2072 443 2246 511 dices,
2285 444 2482 501 iisdem
2513 447 2764 503 undecim
2798 448 3083 522 discipulis
3116 449 3484 522 congregatis,
3515 468 3646 510 nec-

389 524 503 587 τοῖς
533 525 646 586 τοῖς
676 522 868 577 ’ἐνδεκα
891 524 1156 596 μαθηταῖς
1189 523 1305 594 ἅμα
1328 526 1422 579 καὶ
1454 529 1568 591 τοῖς
1603 527 1972 601 ἐϐδομήκοντα

391 611 568 687 ὦφθαι
599 617 781 672 αὐτόν.
799 617 856 670 '0
884 616 940 671 δὲ
983 617 1302 682 Ἀπόστολος
1329 619 1421 671 καὶ
1443 617 1522 672 ἔτι
1554 619 1756 675 τούτων
1789 619 1971 675 πλείο-

391 726 477 765 σιν
505 709 777 780 ἑωρᾶσθαι
802 708 893 763 τὸν
915 707 1120 781 Κύριον
1141 710 1278 780 μετὰ
1299 712 1397 784 τὴν
1413 711 1708 766 ἀνάστασιν
1737 713 1963 786 ἱστορεῖ,

387 800 590 871 λέγων’
629 803 782 855 (Ὅτι
815 803 1111 874 ἐγήγερται
1157 806 1222 875 τῇ
1265 803 1426 878 τρίτῃ
1468 804 1650 877 ἡμέρᾳ
1689 807 1831 860 κατὰ
1871 807 1969 872 τὰς

385 890 427 946 Γ
429 894 629 967 ραφὰς,
659 895 751 949 καὶ
774 895 928 966 ὤφθη
961 897 1146 968 Κηφᾷ,
1172 895 1360 950 ἔπειτα
1378 900 1491 962 τοῖς
1521 896 1746 963 δώδεκα,
1771 900 1960 954 ἔπειτα

385 983 542 1056 ὤφθη
571 987 757 1042 ἐπάνω
786 989 1160 1052 πεντακοσίοις
1209 989 1456 1058 ἀδελφοῖς
1494 991 1729 1059 ἐφάπαξ.
1760 1011 1778 1043 ι
1797 993 1959 1064 Ὁρᾷς

380 1077 570 1142 ὁσάκις
616 1081 710 1136 καὶ
759 1081 902 1143 ὅσοις
929 1079 1082 1153 ῶφθη
1122 1081 1263 1153 μετὰ
1301 1081 1398 1154 τὴν
1440 1083 1769 1159 άνάστασιν;
1801 1083 1956 1139 Οὕτω

381 1169 475 1223 καὶ
500 1173 609 1235 τοῖς
652 1173 708 1226 ἐν
749 1170 1098 1244 Ἰερουσαλὴμ
1125 1173 1592 1245 κρυπταζομένοις
1615 1173 1703 1228 διὰ
1735 1174 1827 1227 τὸν
1857 1174 1954 1244 φό-

380 1261 473 1317 ϐον
496 1262 605 1318 τῶν
631 1263 919 1328 Ἰουδαίων,
942 1266 1036 1327 καὶ
1060 1265 1164 1337 πρό
1191 1283 1253 1333 γε
1277 1266 1492 1321 πάντων
1518 1264 1728 1338 ἀνδρῶν
1754 1265 1957 1337 Σίμωνι

379 1352 458 1424 τῷ
491 1353 703 1426 Πέτρῳ,
738 1354 1010 1424 γυναικῶν
1031 1355 1088 1409 δὲ
1113 1358 1237 1420 ταῖς
1267 1358 1410 1428 ἀμφὶ
1438 1357 1536 1430 τὴν
1567 1356 1952 1429 Μαγδαληνήν·

377 1444 498 1499 ὅθεν
529 1445 621 1499 καὶ
652 1447 681 1499 ὁ
710 1447 922 1512 Λουκᾶς
949 1464 1082 1517 φησι
1101 1464 1113 1478 ·
1153 1467 1171 1500 ι
1200 1449 1276 1502 Δι’
1306 1449 1528 1522 ἡμερῶν
1548 1450 1954 1522 τεσσαράκοντα

379 1537 743 1611 ὀπτανόμενος
784 1541 878 1594 καὶ
910 1538 1356 1612 συναυλιζόμενος
1388 1544 1590 1610 αὐτοῖς,
1623 1543 1692 1600 τὰ
1723 1543 1826 1614 τῆς
1853 1543 1952 1615 βα-

383 1628 586 1696 σιλείας
617 1629 712 1684 τοῦ
745 1630 879 1685 Θεοῦ
904 1631 1186 1704 παρεδίδου
1220 1633 1535 1707 μαθήματα.
1567 1654 1605 1706 ι,

2072 550 2182 590 ιιοιι
2202 536 2323 592 aliis
2360 538 2726 608 septuaginta,
2755 537 2942 597 Iesum
2975 546 3312 614 apparuisse.
3351 544 3464 602 lmo
3493 546 3640 617 Apu-

2071 629 2246 684 stolus
2264 630 2440 686 multo
2474 630 2654 686 adhuc
2685 632 2936 702 pluribus
2973 638 3151 691 visunt
3200 653 3323 695 esse
3351 637 3640 694 Dominum

2070 728 2193 792 post
2222 723 2679 780 resurrectionem
2716 725 2801 782 liis
2831 729 3014 783 verbis
3041 739 3267 785 narrat:
3297 749 3316 782 ι
3355 730 3493 798 Quia
3518 749 3641 788 sur-

2065 815 2207 870 rexit
2237 816 2397 872 tertia
2419 816 2508 872 die
2532 817 2834 878 secundum
2863 818 3199 890 Scripturas,
3233 822 3494 894 visusque
3537 822 3638 881 Pe-

2068 915 2157 962 tro
2189 915 2296 975 est,
2333 916 2453 963 tum
2478 908 2787 975 duodecim,
2820 910 3019 966 deinde
3043 915 3167 984 plus
3192 914 3508 985 quingentis
3530 915 3640 971 ira-

2068 1000 2245 1057 tribus
2279 1001 2524 1058 simul".
2567 1021 2586 1055 ι
2618 1001 3044 1072 Viden,quoties
3072 1012 3126 1060 et
3153 1015 3288 1076 quot
3322 1007 3637 1066 hominibus

2065 1103 2191 1165 post
2230 1095 2690 1152 resurrectionem
2739 1105 3069 1168 conspectus
3111 1097 3314 1155 fuerit?
3342 1100 3435 1158 Sic
3486 1103 3634 1159 enim

2066 1184 2319 1254 apparuit
2368 1183 2712 1242 latitantibus
2759 1186 2902 1240 intra
2958 1184 3385 1258 Hierosolymam
3415 1195 3637 1261 propter

2063 1284 2269 1333 metum
2301 1291 2332 1332 a
2356 1275 2591 1347 Iudaeis;
2629 1285 2684 1334 et
2712 1278 2890 1350 primo
2920 1279 3162 1336 virorum
3205 1278 3415 1336 Simoni
3448 1282 3630 1345 Petro,

2060 1368 2387 1424 feminarum
2411 1359 2616 1426 autem’
2626 1369 2973 1442 Magdalenae.
3010 1370 3191 1438 Quare
3222 1379 3278 1428 et
3306 1371 3480 1429 Lucas
3507 1373 3582 1428 ait
3613 1392 3627 1428 :

2065 1481 2086 1516 ι
2117 1462 2220 1518 Per
2260 1463 2378 1520 dies
2428 1463 2789 1535 quadraginta
2839 1479 3109 1537 apparens
3140 1467 3245 1532 eis,
3281 1482 3408 1523 cum
3451 1467 3631 1540 iisque

2061 1568 2396 1614 conversans
2428 1555 2734 1614 doctrinam
2761 1556 2832 1614 de
2857 1573 3027 1630 regno
3061 1557 3153 1614 Dei
3182 1557 3426 1615 tradidit.
3476 1578 3495 1612 ι

1419 1780 1511 1836 ιχ.
1549 1779 1634 1837 Ex
1661 1782 1842 1838 eodem
1873 1783 2186 1852 Anastasio,
2211 1794 2401 1858 quant.
2427 1787 2548 1844 148.

444 1897 508 1952 θ’.
549 1899 845 1954 Εὑσεϐίου
863 1899 932 1955 ἐκ
963 1899 1068 1956 τοῦ
1095 1901 1245 1972 πρὸς
1282 1900 1550 1972 Μαρῒνον
1575 1903 1710 1975 (εἴ).
1749 1905 1863 1958 Καὶ
1887 1903 1946 1957 τὸ

2121 1905 2174 1962 9.
2215 1905 2430 1961 Eusebii
2461 1921 2527 1961 ea:
2550 1921 2700 1976 opere
2727 1905 2807 1961 ad
2822 1905 3115 1962 Marinum.
3139 1905 3376 1977 Spiritus
3397 1914 3624 1963 sanctus

376 1989 476 2060 μὲν
508 1991 612 2045 ὑπὸ
636 1990 871 2064 Χριστοῦ
901 1994 1236 2064 ἐμπνευσθὲν
1259 1994 1482 2066 Πνεῦμα
1502 1995 1654 2064 ἆγιον
1679 1998 1794 2059 τοῖς
1817 1995 1951 2049 ἁπο-

373 2079 600 2146 στόλοις,
627 2081 843 2137 λυτικὸν
889 2084 980 2137 καὶ
1036 2087 1443 2157 συγχωρητικὸν
1491 2081 1560 2158 ἦν
1597 2085 1706 2158 (88)
1767 2087 1948 2158 πάσης

371 2171 674 2244 άμαρτίας’
717 2176 778 2230 τὸ
827 2176 883 2230 δὲ
935 2177 1340 2248 ἐπηγγελμένον
1382 2178 1446 2232 τὸ
1488 2178 1947 2250 βαπτισθήσεσθαι

367 2265 566 2331 αὐτοὺς
609 2270 665 2322 ἐν
711 2268 850 2340 ἁγίῳ
884 2270 1178 2341 Πνεύματι,
1213 2271 1306 2324 καὶ
1355 2274 1639 2342 μετασχεῖν
1666 2271 1948 2342 δυνάμεως

367 2359 772 2431 ἐνεργημάτων,
821 2361 1177 2434 ἐνεργητικῆς
1223 2361 1321 2433 μὲν
1369 2361 1477 2415 τῶν
1533 2362 1828 2433 μελλόντων
1879 2361 1945 2414 δι’

366 2451 548 2506 αὐτῶν
592 2453 969 2508 ἀποτελεῖσθαι
1018 2454 1332 2527 θαυμάτων,
1387 2455 1706 2526 ἐνπατικῆς
1751 2455 1808 2508 δὲ
1853 2455 1946 2508 κα)⁸

366 2546 699 2616 καμερικῆς
725 2545 834 2599 τῶν
865 2545 1166 2616 μελλόντων
1196 2547 1382 2610 αὐτοῖς
1409 2545 1796 2600 ἐπανίστασθαι
1831 2565 1945 2600 κιν-

363 2635 556 2689 δύνων.
593 2637 706 2708 Πρὸ
737 2637 846 2708 γάρ
872 2637 1074 2710 ταύτης
1102 2639 1201 2710 τῆς
1229 2638 1509 2708 δυνάμεως
1532 2637 1820 2710 κηρύττειν
1848 2638 1944 2692 αῦ-

363 2727 490 2791 τοῦς
521 2730 634 2791 τοῖς
663 2727 871 2782 ἔθνεσιν
916 2731 1017 2783 οὐκ
1063 2729 1331 2794 ἐϐούλετο,
1368 2730 1480 2784 ἀλλ’
1510 2729 1822 2800 ἐκδέχεσθαι
1849 2731 1944 2784 καὶ

369 2807 683 2891 περιμένειν
709 2821 878 2892 αὐτὴν
906 2822 963 2889 ἐξ
990 2821 1154 2892 ὕψους
1185 2824 1493 2895 μετασχεῖν.
1526 2821 1695 2876 Τοῦτο
1716 2822 1771 2876 δὲ
1802 2822 1894 2876 καὶ
1914 2823 1943 2875 ὁ

378 2912 694 2978 Ἀπόστολος
742 2914 808 2973 τὸ.
851 2915 1095 2986 χάρισμα
1127 2916 1272 2978 ἰδίως
1295 2915 1567 2987 ἀφορίζων
1605 2914 1714 2967 τῶν
1741 2913 1942 2968 λοιπῶν

362 3005 653 3076 ἐνεργειῶν
673 3005 767 3060 τοῦ
789 3007 944 3074 ἁγίου
969 3008 1106 3060 Πνεύ
1115 3024 1282 3078 ματος
1305 3006 1546 3060 ἐδίδασκε
1566 3006 1755 3077 λέγων·
1781 3025 1800 3058 ι
1817 3006 1944 3059 Ἀλ-

358 3094 438 3166 λῳ
468 3096 524 3150 δὲ
556 3098 903 3169 ἐνεργήματα
934 3098 1228 3169 δυνάμεων.
1257 3117 1276 3149 ι
1302 3099 1411 3152 Καὶ
1439 3101 1471 3170 ἡ
1499 3100 1804 3171 προφητεία
1838 3117 1940 3171 φη-

361 3188 414 3241 σί
434 3204 448 3218 ⁸
477 3206 496 3239 ι
519 3189 724 3260 Κύριος
751 3189 910 3243 δώσει
942 3193 1092 3262 ῥῆμα
1122 3195 1232 3256 τοῖς
1257 3191 1757 3264 εὐαγγελιζομένοις
1774 3193 1947 3252 δυνά-.

364 3297 454 3351 μει
487 3279 673 3351 πολλῇ.
705 3277 838 3345 VH;
864 3283 1142 3353 δυνάμεως
1172 3285 1261 3337 ὅτε
1288 3285 1454 3355 μήπω
1479 3288 1746 3356 μετεῖχον,
1770 3285 1947 3356 ἠρνήο.
1964 3267 2010 3328 c

363 3388 526 3426 σαντο
557 3372 720 3426 αὑτὸν
745 3375 793 3426 οἱ
815 3375 1013 3440 πάντες
1044 3378 1137 3431 καὶ
1162 3377 1654 3448 ἐσκανδαλίσθησαν
1685 3378 1826 3432 κατὰ
1847 3381 1938 3434 τὸν

361 3465 554 3537 καιρὸν
599 3465 692 3518 τοῦ
742 3466 973 3531 πάθους·
1003 3469 1090 3522 ὅτε
1134 3469 1190 3522 δὲ
1235 3470 1490 3540 μετέσχον
1520 3460 1938 3542 αὐτῆς,,πάντες

356 3558 478 3618 ταῖς
501 3556 640 3628 ὑπὲρ
664 3557 898 3629 Χριστοῦ
934 3560 1256 3632 μαρτυρίαις
1287 3578 1344 3614 τε
1385 3561 1478 3614 καὶ
1519 3561 1826 3632 ὁμολογίαις
1855 3563 1939 3618 δι-

358 3648 634 3721 έπρεψανο
669 3651 1030 3715 ἀνακαινίζων
1055 3653 1162 3724 γὰρ
1200 3652 1289 3706 τὸν
1328 3652 1610 3724 ἄνθρωπον
1645 3655 1673 3706 ὁ
1713 3653 1936 3724 Κύριος,

356 3740 450 3794 καὶ
479 3740 546 3812 ἣν
577 3740 821 3796 ἀπώλεσε
846 3743 1006 3814 χάριν
1034 3746 1098 3798 ἐκ
1124 3745 1216 3799 τοῦ
1252 3745 1643 3816 ἐμφυσήματος
1661 3744 1755 3798 τοῦ
1777 3745 1936 3810 Θεοῦ,

353 3828 558 3903 ταύτην
588 3832 748 3885 πάλιν
783 3832 1083 3898 ἀποδιδοὺς,
1118 3835 1446 3904 ἐνεφύσησεν
1470 3836 1548 3897 εἰς
1574 3833 1641 3887 τά
1668 3833 1934 3905 πρόσωπα

357 3918 466 3974 τῶν
499 3920 754 3993 μαθητῶν
787 3922 980 3992 λέγων,
1022 3942 1040 3976 ι
1067 3923 1274 3979 Λάϐετε
1305 3923 1529 3995 Πνεῦμα
1556 3924 1728 3994 ἅγιον.
1766 3944 1784 3977 ι

2052 2011 2086 2049 a
2125 1995 2346 2052 Christo
2397 1997 2454 2053 in
2479 1998 2762 2069 apostolos
2791 2013 2888 2068 per
2921 1996 3108 2053 ﬂatum
3155 1998 3457 2062 immissus,
3489 2014 3620 2069 pec-

2050 2090 2162 2144 cati
2204 2091 2385 2148 omnis
2431 2090 2678 2147 solvendi
2729 2088 3150 2160 dimittendique
3196 2089 3304 2144 vim
3361 2089 3617 2146 habebat.

2049 2171 2170 2228 Jam
2194 2177 2510 2246 promissio,
2542 2176 2660 2232 fore
2709 2185 2769 2232 ut
2815 2176 3225 2248 baptizarentur
3270 2185 3464 2234 sancto
3493 2178 3620 2250 Spi-

2047 2277 2181 2339 ritu,
2211 2269 2555 2343 signilicabat
2596 2276 2876 2340 compotes
2918 2284 3015 2325 eos
3057 2267 3272 2325 futuros
3325 2269 3602 2327 facultatis

2045 2378 2231 2420 rerum
2267 2360 2651 2432 gerendarum,
2681 2359 2839 2429 cujus
2882 2373 2984 2428 ope
3028 2359 3298 2428 patraturi
3329 2371 3486 2415 erant
3513 2361 3620 2416 mi-

2047 2457 2256 2520 racula,
2291 2454 2513 2524 vimque
2539 2453 2702 2508 etiam
2735 2453 3012 2523 recepturi
3044 2461 3209 2524 atque
3247 2453 3614 2510 constantiam

2049 2549 2310 2605 adversus
2353 2563 2416 2604 ea
2465 2561 2585 2618 qua:
2641 2545 2920 2602 instabant
2967 2545 3232 2616 pericula.
3281 2547 3421 2602 Ante
3467 2546 3615 2602 enim

2047 2643 2191 2697 hanc
2222 2646 2500 2711 acceptam
2527 2637 2782 2692 virtutem
2813 2638 2989 2693 noluit
3014 2653 3110 2694 eos
3133 2639 3386 2710 gentibus
3419 2637 3616 2708 praedi-

2047 2750 2194 2798 care,
2239 2733 2334 2789 sed
2405 2731 2708 2803 pmstolari
2747 2730 2915 2800 jussit
2948 2738 3112 2801 atque
3139 2746 3396 2795 manere,
3440 2730 3615 2786 donec

2042 2841 2161 2882 eam
2192 2841 2256 2881 ex
2291 2825 2401 2879 alto
2432 2824 2756 2894 reciperent.
2789 2821 3000 2878 Donum
3038 2823 3143 2878 hoc
3169 2823 3334 2878 etiam
3379 2821 3615 2893 Aposto-

2044 2917 2130 2973 lus
2176 2917 2321 2973 satis.
2355 2915 2640 2985 areliquis
2686 2915 2861 2970 sancti
2914 2914 3151 2985 Spiritus
3203 2914 3612 2985 operationibus

2045 3009 2358 3065 discernere
2392 3023 2450 3062 se
2480 3006 2748 3078 signiﬁcat
2780 3005 2908 3060 dum
2941 3009 3013 3060 ait
3045 3024 3058 3060 :
3095 3025 3114 3057 ι
3143 3006 3248 3060 Alii
3272 3007 3613 3076 Operationes

2042 3101 2303 3160 virtutum
2317 3100 2381 3154 ’⁷.
2416 3119 2434 3152 ι
2455 3097 2592 3152 Τιιιιι
2623 3097 2905 3169 prophetia
2936 3095 3065 3151 dicit
3092 3117 3105 3152 :
3137 3117 3154 3148 ι
3181 3095 3442 3152 Dominus
3462 3094 3612 3151 dabit

2043 3191 2267 3247 verbum
2322 3188 2828 3259 cvangelizantibus
2874 3187 3078 3241 virtute
3129 3185 3380 3241 multa".
3431 3205 3448 3237 ι
3493 3185 3612 3252 Qua

2041 3283 2243 3338 virtute
2269 3297 2394 3336 cum
2425 3279 2668 3335 nondum
2698 3289 2854 3334 erant
2885 3278 3066 3348 potiti,
3104 3285 3438 3348 negaverunt
3481 3292 3608 3332 eum

2041 3390 2256 3440 omnes,
2296 3381 2350 3430 et
2380 3372 2640 3428 seandalo
2675 3369 2950 3443 passionis
2979 3377 3229 3439 tempore
3263 3369 3402 3440 lapsi
3442 3375 3606 3424 sunt:

2041 3468 2133 3522 illa
2172 3475 2354 3522 autent
2386 3466 2693 3536 impetrata,
2753 3463 2934 3518 cuncti
2965 3464 3216 3534 protinus
3246 3463 3611 3519 confessioni-

2041 3558 2145 3613 bus
2175 3557 2612 3627 testimoniisque
2638 3569 2736 3626 pro
2763 3553 2984 3610 Christo
3010 3553 3174 3609 editis
3209 3553 3605 3609 inclaruerunt.

2041 3650 2286 3706 Renovat
2344 3650 2490 3704 enim
2538 3647 2814 3703 hominem
2850 3645 2995 3702 Deus
3032 3687 3047 3711 ,
3081 3647 3155 3701 ita
3189 3654 3248 3700 ut
3287 3661 3448 3716 quam
3482 3659 3611 3715 gra-

2045 3741 2175 3795 tiam
2206 3739 2368 3794 homo
2391 3738 2672 3801 amiserat,
2717 3735 2816 3790 Dei
2860 3736 2992 3790 olim
3035 3734 3393 3804 inspiratione
3435 3732 3606 3787 colla-

2041 3841 2177 3894 tam,
2214 3829 2389 3884 eidem
2423 3826 2566 3881 hanc
2611 3841 2807 3881 rursus
2849 3823 2994 3879 Deus
3044 3823 3375 3884 attribuerit,
3429 3821 3484 3876 in
3525 3819 3609 3875 fa-

2039 3921 2178 3974 ciem
2205 3917 2602 3987 discipulorum
2639 3917 2916 3988 inspirans
2949 3915 3035 3971 his
3060 3915 3239 3970 verbis
3271 3932 3286 3968 ;
3323 3932 3341 3967 ι
3364 3912 3608 3984 Accipite

2048 4009 2312 4081 Spiritum
2346 4016 2620 4062 sanctum.
2660 4023 2680 4058 ι

654 4139 723 4196 Χ.
753 4139 837 4195 Ea:
867 4141 1528 4214 MacariiCltrysocephali
1560 4144 1669 4216 (89)
1702 4143 2016 4216 Florilegio,
2045 4141 2185 4214 apud
2215 4142 2585 4204 Villoisonum,
2608 4138 2872 4196 Anccdot.
2898 4148 2938 4194 t.
2973 4137 3058 4203 II,
3089 4155 3144 4208 ρ.
3179 4139 3263 4192 74.

427 4264 477 4312 ι’.
521 4257 778 4322 Εὐσέϐιος
810 4258 866 4312 δὲ
898 4260 926 4312 ὁ
956 4259 1241 4330 Παμφίλου
1285 4260 1342 4312 ἐν
1374 4261 1442 4331 τῇ
1488 4259 1637 4328 πρὸς
1670 4259 1934 4330 Μαρῒνον

352 4351 608 4422 ἐπιστολῇ
637 4349 750 4420 (90)
777 4350 949 4416 οῦτως
975 4351 1250 4424 ἐξηγεῖται
1277 4351 1338 4404 τὺ
1367 4350 1648 4422 προτεθὲν,
1683 4352 1764 4404 ὅτι
1797 4351 1934 4406 διαι-

356 4442 535 4514 ρέσεις
568 4440 920 4512 χαρισμάτων
945 4441 1052 4498 εἰσὶ
1091 4439 1230 4494 κατὰ
1270 4440 1362 4493 τὸν
1405 4439 1746 4503 Ἀπόστολον,
1777 4441 1838 4501 τὸ
1877 4440 1944 4504 δὲ,

2111 4258 2197 4314 10.
2234 4256 2504 4312 Eusebius
2561 4254 2827 4326 Pamphili
2874 4255 2930 4309 in
2976 4254 3208 4325 epistola
3232 4253 3302 4308 ad
3335 4251 3607 4308 Marinum

2039 4350 2396 4424 quaestionem
2441 4349 2522 4404 sic
2565 4348 2820 4418 explicat,
2869 4345 3015 4418 quod
3065 4361 3261 4416 nempe
3309 4344 3606 4402 divisiones

2037 4445 2339 4518 gratiarum
2371 4451 2520 4505 sunt,
2552 4450 2613 4496 ut
2642 4441 2718 4494 ait
2751 4439 3067 4510 Apostolus,
3091 4438 3234 4493 idem
3265 4445 3445 4494 autem
3483 4436 3606 4508 Spi-

351 4533 485 4588 αὐτὸ
515 4531 758 4604 Πνεῦμα.
795 4533 908 4586 Καὶ
930 4533 1090 4586 πάλιν
1112 4549 1125 4564 ο
1156 4532 1370 4603 ἑκάστῳ
1394 4531 1592 4585 δίδοται
1625 4533 1658 4603 ή
1688 4529 1933 4603 φανέρω-

2048 4539 2200 4592 ritus.
2260 4535 2605 4604 Rursusque,
2642 4531 2788 4603 quod
2834 4531 3133 4600 unicuique
3183 4531 3397 4593 lumen,
3445 4536 3606 4601 prout

353 4645 437 4692 σις
461 4626 595 4697 πρὸς
623 4626 682 4679 τὸ
710 4624 1006 4698 συμφέρον·
1043 4643 1062 4678 ι
1094 4619 1165 4697 ᾯ
1191 4625 1289 4697 μὲν
1317 4624 1425 4697 γὰρ
1449 4623 1535 4677 διὰ
1560 4623 1654 4677 τοῦ
1678 4624 1930 4696 Πνεῦμα-

349 4740 442 4787 τος
468 4721 668 4775 δίδοται
691 4719 846 4790 λόγος
865 4720 1078 4790 σοφίας,
1101 4720 1242 4790 ἄλλῳ
1265 4719 1320 4774 δὲ
1343 4719 1499 4788 λόγος
1518 4717 1930 4788 γνώσεως.κατά

351 4816 412 4870 τὸ
440 4815 572 4871 αὐτὸ
594 4814 816 4886 Πνεῦμα
835 4831 849 4844 ⁸
882 4814 1051 4887 ἑτέρῳ
1081 4815 1139 4869 δέ
1173 4815 1352 4878 πίστις
1383 4815 1439 4865 ἐν
1465 4813 1542 4884 τῷ
1575 4812 1721 4884 αὐτῷ
1757 4813 1928 4866 Πνεύ-

354 4927 506 4982 ματι,
537 4907 681 4979 ἄλλῳ
712 4907 768 4961 δὲ
812 4909 1165 4978 ἐνεργήματα
1201 4906 1308 4976 (9i)
1355 4904 1654 4974 δυνάμεων,
1692 4903 1835 4976 ἄλλῳ
1870 4904 1927 4958 δὲ

2038 4645 2177 4701 opus
2201 4626 2384 4692 fuerit,
2404 4625 2720 4680 attribuitur
2747 4643 2759 4680 :
2793 4642 2811 4675 ι
2834 4624 2940 4678 Alii
2967 4622 3186 4694 quidem
3219 4637 3398 4678 sermo
3425 4622 3606 4678 scicn-

2037 4723 2125 4777 tia:
2156 4719 2457 4776 secundum
2497 4717 2747 4773 eumdem
2781 4715 3079 4789 Spiritum;
3117 4714 3211 4770 alii
3256 4714 3390 4770 [idos
3434 4715 3488 4769 in
3511 4729 3604 4771 eo-

2035 4812 2158 4867 dem
2224 4809 2454 4882 Spiritu,
2512 4808 2604 4863 alii
2656 4805 3028 4878 prodigiorum
3089 4805 3286 4869 virtus,
3347 4805 3435 4860 alii
3478 4820 3607 4876 pro-

2034 4904 2250 4977 phetia,
2305 4903 2396 4957 alii
2445 4901 2806 4959 discretiones
2861 4899 3178 4970 spirituum,
3238 4899 3328 4954 alii
3391 4900 3604 4971 lingua-

351 5004 700 5074 προφητεῖαι,
733 4998 876 5070 ἄλλῳ
901 4999 956 5052 δὲ
977 4997 1274 5071 διακρίσεις
1301 4996 1647 5068 πνευμάτων,
1671 4998 1843 5070 ἑτέρῳ
1869 4998 1928 5052 δὲ.

2048 5011 2153 5052 rum
2186 4994 2478 5050 multitudo
2514 5013 2526 5048 ε
2558 5009 2680 5066 quae
2711 5002 2894 5055 tamen
2926 4990 3119 5050 omnia.
3157 5001 3414 5062 operatur
3461 5005 3603 5046 unus

425 5157 472 5189 "
509 5157 529 5212 l
565 5155 692 5214 Cor.
729 5173 821 5223 xv,
855 5157 909 5213 4.
985 5156 1031 5188 ’⁷
1073 5153 1092 5208 l
1127 5154 1254 5210 Cor.
1291 5169 1369 5209 xu
1393 5153 1534 5222 ,IlO.
1607 5155 1654 5188 “
1691 5153 1837 5210 Psal.
1863 5170 2007 5210 vatt
2030 5195 2044 5220 ,
2084 5153 2171 5212 i2.

425 5339 539 5412 (87)
581 5338 757 5412 Verba
781 5340 851 5412 ἐκ
883 5338 987 5393 τοῦ
1018 5338 1166 5410 πρὸς
1201 5337 1468 5410 Μαρῖνον
1505 5339 1711 5396 desunt
1734 5340 1789 5394 in
1820 5355 1914 5395 co-

2048 5339 2154 5394 nihi
2189 5337 2246 5394 S.
2277 5337 2480 5412 Cyrilli'
2504 5335 2804 5412 fragmenta
2835 5335 3358 5412 Commentariorum
3379 5332 3469 5412 _¢_xd
3501 5330 3602 5412 Lit:

352 5410 476 5466 dice
502 5410 879 5466 Columnensi.

426 5481 537 5553 (88)
580 5480 740 5556 Deest
763 5475 831 5556 ἦν
863 5481 917 5534 in
945 5477 1294 5556 codice:_Sed
1323 5486 1504 5556 tamen
1535 5490 1725 5556 caetera
1747 5480 1926 5556 plera-

397 5549 464 5607 ue
512 5549 735 5605 meliora
787 5549 918 5606 sunt
962 5551 1021 5604 in
1053 5551 1240 5604 codice
1273 5566 1435 5618 quam
1478 5551 1531 5604 in
1575 5549 1923 5605 Gretseriana

355 5566 637 5677 Xnastasii
658 5620 916 5677 editione.
950 5636 1070 5677 una:
1097 5621 1346 5677 nlurimis
1374 5622 1481 5676 heu
1509 5621 1750 5677 mendis!
1772 5621 1923 5677 labo-

407 5622 637 5678 nastasii
658 5620 916 5687 editione,
950 5636 1070 5696 qua:
1097 5621 1346 5692 plurimis
1374 5622 1481 5676 heu
1509 5621 1750 5677 mendis!
1772 5621 1923 5678 labo-

358 5701 546 5832 ηίθθ)
589 5761 682 5820 Est
713 5761 799 5818 hic
829 5761 968 5818 idem
999 5760 1270 5818 Macarius
1305 5761 1800 5837 Chrysocephalus,
1834 5763 1926 5836 qui

2027 5427 2143 5464 cam
2199 5403 2750 5465 non'rontemnenda
2799 5408 3014 5462 obtulit.
3067 5406 3320 5474 Ejusdem
3379 5403 3603 5474 Macarii

2028 5481 2180 5536 locos
2209 5479 2546 5550 dogmaticos
2592 5478 2790 5547 protuli
2831 5471 3124 5533 identidem
3166 5477 3220 5531 in
3252 5475 3388 5531 meis
3405 5475 3473 5530 ad
3505 5471 3600 5530 Ni-

2027 5547 2324 5621 cephorum
2357 5547 2602 5604 scholiis.

2100 5612 2211 5692 '(90)
2252 5619 2564 5692 Xipbilinus
2611 5619 2664 5692 in
2709 5617 2989 5692 Dominica
3015 5617 3267 5692 i’l‘liomze,
3314 5615 3439 5671 cod.
3473 5612 3593 5670 Vat.

2029 5709 2083 5763 p.
2108 5688 2591 5763 ‘N9,_t_'e_citat_hoc
2621 5691 2797 5763 ipsum
2831 5688 3049 5748 Eusebii
3085 5688 3468 5761 fragmentum.

2102 5763 2209 5832 (9i)
2249 5761 2436 5832 Xiph.,
2465 5761 2817 5832 ἑνεργήματι.
