4114 6472
330 335 472 389 ΙἯἹ
1069 335 1364 394 ΕοιιοῦιλΕ
1402 337 1882 399 PROPHETICE.
1907 374 1955 385 —

1928 374 1978 385 —
2003 343 2092 398 DE
2123 343 2372 401 CODICE
2406 345 2518 402 MS.
2559 345 2830 406 VINDOB.
3417 350 3553 409 £018

324 550 3536 596 tam

905 769 1758 951 EUSEBII
1917 722 2982 948 PAMPHILI

1467 1111 1820 1182 EPISCOPI
1884 1117 2413 1181 CIESARIENSIS

1009 1330 1672 1460 ECLOGIE
1765 1333 2854 1463 PROPHETICfE.

403 1592 463 1652 Ε
503 1590 710 1678 codice
739 1597 1168 1678 manuscripto
1197 1593 1584 1678 bibliothecis
1611 1597 1904 1678 Cessante
1946 1596 2432 1678 Vindobonﬁensis
2481 1617 2646 1660 nunc
2675 1600 2952 1678 primum
2982 1596 3178 1659 edidit
3217 1599 3479 1678 Thomas

523 1672 866 1750 Gsxsronn,
897 1674 962 1737 S.
1001 1672 1077 1738 ΤΣ
1101 1676 1205 1754 Ρ.,
1238 1676 1385 1738 aedis
1413 1676 1654 1740 Christi
1681 1676 1952 1740 decanus
1979 1695 2222 1739 necnon
2250 1677 2484 1758 linguae
2509 1672 2738 1741 Graeca:
2765 1679 3090 1757 professor
3117 1677 3352 1757 regius.

1300 1893 1494 1955 Oxonii,
1523 1905 1553 1942 e
1581 1847 1917 1957 t.ypographeo
1942 1893 2252 1954 Academico,
2275 1892 2416 1956 1842,
2450 1894 2576 1944 in-8.

875 2210 1535 2277 νΊΑΒΤΗΟΙιΟΜΔΞΟ
1573 2214 2048 2277 ΚΟΡΙΤΑΗΙΟ
2091 2215 2436 2280 THOMAS
2471 2219 2500 2281 6

1336 2213 1535 2277 ΜΔΞΟ
1573 2214 2048 2277 ΚΟΡΙΤΑΗΙΟ
2091 2215 2436 2280 THOMAS
2471 2217 2961 2281 GAISFORDS

395 2400 549 2458 Redit
575 2401 646 2456 ad
677 2411 744 2468 te,
776 2405 856 2458 uir
885 2407 1106 2476 egregie,
1139 2421 1290 2475 quem
1325 2415 1372 2459 te
1419 2416 1738 2475 procurante
1763 2420 1827 2460 ea:
1854 2407 2212 2476 manuscripto
2244 2408 2456 2478 inclyta:
2486 2407 2808 2464 bibliothecte
2829 2409 3088 2465 Cwsarea:
3126 2409 3301 2464 codice
3340 2409 3577 2480 ﬁdeliter

324 2493 642 2563 descriptum
672 2496 884 2566 accepi,
929 2496 1136 2553 libellus
1165 2498 1496 2554 Eusebianus
1524 2540 1538 2565 ,
1587 2500 1886 2554 litterarum
1938 2501 2185 2571 formulis
2212 2501 2512 2556 Academia:
2541 2511 2735 2558 nostrae
2765 2501 3052 2556 luculenter
3102 2503 3406 2572 impressus.
3460 2501 3569 2570 Qui

327 2604 445 2643 cum
481 2587 547 2642 ab
577 2591 918 2661 antiquarum
963 2609 1136 2647 rerum
1170 2611 1234 2648 ac
1287 2596 1582 2664 prasertim
1632 2593 1906 2666 theologia:
1949 2595 2202 2650 studiosis
2241 2596 2334 2650 diu
2382 2599 2705 2667 multumque
2733 2594 3061 2650 desideratus
3097 2595 3290 2665 fuerit,
3324 2612 3428 2649 non
3461 2609 3568 2649 me-

326 2682 498 2738 diocri
527 2685 717 2739 lcetitia
744 2684 922 2754 efferri
953 2703 1034 2742 me
1070 2687 1275 2757 fateor,
1335 2688 1420 2741 cui
1462 2703 1555 2756 per
1594 2687 2003 2742 benevolentiam
2042 2697 2188 2742 tuam
2222 2689 2497 2759 contigerit
2523 2704 2588 2742 ea:
2618 2688 2913 2757 pluteorum
2941 2687 3163 2742 tenebris
3206 2698 3314 2741 tam
3367 2689 3576 2759 insigne

326 2777 508 2831 ceteris
536 2778 632 2832 (cui
659 2789 1048 2832 monumentum
1072 2781 1376 2849 protrahere
1401 2796 1572 2850 posse.
1611 2779 1873 2836 Cazterum
1908 2782 1962 2834 in
1995 2780 2192 2835 edendo
2223 2780 2359 2835 hanc
2415 2780 2541 2834 mihi
2596 2780 2755 2851 legem
2799 2780 3099 2849 praescripsi
3120 2820 3136 2846 ,
3184 2789 3242 2834 ut
3298 2780 3570 2836 lectionem

327 2867 614 2938 apographi
639 2867 827 2938 ubique
854 2886 1030 2938 presse
1069 2887 1330 2942 sequerer,
1356 2873 1460 2926 nisi
1496 2872 1550 2925 in
1581 2873 2015 2940 interpunctione,
2051 2880 2101 2926 et
2145 2873 2202 2926 in
2232 2873 2501 2942 spiritibus
2524 2883 2570 2927 et
2600 2871 2920 2936 accentibus,
2957 2872 3046 2942 qui
3089 2869 3370 2926 admodum
3396 2872 3562 2944 negli-

324 2971 505 3031 genter
530 2962 691 3031 positi
715 2972 873 3025 sunt;
905 2979 1063 3033 neque
1086 2947 1268 3033 ap'erta
1293 2969 1535 3035 quadam
1572 2964 1782 3020 librarii
1816 2965 1944 3019 vitia
1964 3006 1978 3031 ,
2016 2965 2176 3020 cuivis
2207 2964 2364 3034 facile
2406 2965 2714 3036 corrigenda
2733 3007 2747 3032 ,
2777 2961 3037 3020 servanda
3067 2963 3238 3019 duxi:
3267 2982 3490 3037 quorum
3521 2967 3569 3021 si

323 3067 517 3124 pauca,
550 3073 711 3126 eaque
741 3055 1037 3121 levissima,
1072 3057 1229 3110 tacite
1251 3056 1578 3121 sustulerint,
1609 3058 1662 3110 in
1687 3057 1950 3128 plerisque
1979 3055 2318 3112 emendandis
2344 3058 2424 3111 ita
2451 3066 2687 3112 versatus
2709 3073 2823 3109 sum
2841 3096 2855 3120 ,
2885 3065 2940 3109 ut
2963 3072 3078 3127 qute
3104 3058 3388 3136 resecanda
3418 3073 3571 3127 erant

326 3151 532 3208 uncinis
562 3149 838 3221 quadratis
870 3149 1277 3216 circumdarem,
1304 3167 1420 3220 qua:
1471 3150 1711 3206 addenda
1742 3151 1819 3206 cel
1871 3149 2150 3216 mutanda,
2173 3150 2392 3206 lunulis.
2451 3148 2555 3205 Sed
2606 3165 2765 3220 neque
2813 3150 3293 3220 interpretationem
3323 3148 3570 3203 Latinam

328 3261 490 3316 neque
522 3243 883 3298 adnotationis
925 3243 1051 3314 quid
1104 3243 1286 3298 addidi
1321 3247 1396 3316 (α)
1426 3261 1445 3300 :
1489 3263 1591 3300 non
1638 3246 1775 3300 enim
1823 3245 1965 3299 volui
2017 3245 2237 3298 nimiam
2289 3245 2458 3315 operis
2500 3261 2705 3298 moram
2734 3243 2990 3314 injicere:
3024 3246 3079 3299 in
3112 3245 3348 3315 margine
3398 3252 3572 3297 tamen

329 3339 554 3407 (praeter
598 3343 841 3392 numeras
887 3337 1140 3408 foliorum
1189 3337 1385 3401 codicis
1429 3356 1530 3395 ms.
1567 3339 1636 3394 ad
1691 3341 1965 3396 sinistram
2007 3338 2322 3410 collocatos)
2376 3354 2542 3393 sacrae
2583 3335 2874 3406 Scriptura
2926 3353 3312 3408 paucorumque
3342 3336 3573 3390 aliorum

325 3431 643 3500 scriptorum
671 3432 737 3485 ab
764 3430 989 3488 Eusebio
1012 3435 1294 3490 citatorum
1321 3433 1436 3487 loca
1469 3433 1709 3504 apposui,
1745 3450 1807 3488 ne
1839 3434 1892 3487 in
1921 3431 2108 3487 iisdem
2130 3429 2389 3486 rimandis
2411 3440 2459 3486 et
2482 3429 2815 3501 conferendis
2852 3430 3014 3485 lector
3047 3431 3314 3501 ingratum
3336 3427 3569 3485 laborem

327 3535 680 3590 consumeret,
706 3534 820 3590 aut,
847 3541 938 3595 per
974 3523 1233 3591 desidiam
1253 3524 1349 3578 hoc
1379 3525 1631 3597 neglecto,
1668 3533 1890 3579 mentem
1926 3523 2159 3579 auctoris
2189 3524 2360 3577 minus
2399 3532 2536 3577 recte
2566 3520 2841 3591 aliquoties
2868 3519 3168 3590 perciperet.
3220 3516 3370 3573 Vale.

472 3679 768 3752 Dabamqex
802 3680 914 3736 cede
943 3681 1145 3737 Christi
1169 3683 1224 3736 d.
1252 3681 1388 3735 Maii
1417 3682 1478 3736 51
1537 3680 1692 3736 1842.

397 3849 478 3921 (ο)
516 3851 1020 3923 Interpretationem
1053 3850 1278 3906 latinam
1312 3846 1684 3904 adornandam
1714 3847 2050 3910 curavimus,
2081 3843 2240 3899 Ευιτ.
2275 3843 2450 3900 Pun.

3103 4043 3538 4060 -ῳ

435 4200 556 4272 EX
623 4201 698 4268 Ρ.
758 4199 1184 4265 LAMBECII
1247 4190 2662 4338 εοΜΜΕΝΤΑΒὲῧΝιὲξγςξιΒωοΤιιΕοΑ
2722 4185 3121 4254 ΟᾸΞΞΑΗΕΑ
3193 4183 3474 4251 YIN'DO-

1469 4427 1598 4493 (Lib.
1628 4441 1696 4487 Ill,
1727 4434 1761 4477 t.
1786 4441 1835 4490 p.
1859 4427 1946 4489 Ill,
1974 4442 2025 4491 p.
2045 4427 2130 4478 201
2160 4428 2241 4478 ed.
2265 4425 2475 4484 Kollar.)

403 4691 587 4752 Codex
620 4711 709 4760 sv,
741 4695 984 4762 Graecus,
1017 4699 1491 4765 membranaceus,
1520 4698 1940 4770 antiquissimus
1965 4739 1982 4764 ,
2017 4697 2236 4768 optima:
2282 4701 2447 4759 notae,
2475 4691 2731 4755 in-folio,
2763 4695 3083 4757 constatque
3112 4682 3259 4738 foliis
3285 4678 3392 4736 249
3433 4682 3488 4734 et
3514 4675 3584 4731 ab

337 4787 404 4844 Α.
441 4787 746 4847 Busbeckio
769 4792 898 4848 olim
928 4792 1030 4847 fuit
1058 4804 1407 4864 comparatus
1436 4795 1934 4866 ConstantinOpoli.
1970 4792 2338 4849 Continentur
2368 4803 2434 4844 eo
2460 4787 2576 4842 haec
2607 4804 2621 4840 :

404 4882 450 4937 Α
485 4882 578 4938 fol.
609 4885 866 4968 lausque
895 4885 962 4940 ad
992 4885 1089 4943 fol.
1118 4886 1210 4942 61.
1239 4886 1458 4944 Eusebii
1483 4887 1748 4960 Pamphili
1778 4889 2041 4945 Caesareae
2069 4889 2124 4941 in
2157 4883 2449 4940 Palaestina
2482 4879 2725 4953 episcOpi
2777 4875 2926 4931 Libri
2984 4882 3213 4947 quatuor
3262 4869 3582 4942 Eclogarum

338 4975 754 5046 propheticarum
776 4975 840 5032 de
862 4977 1094 5043 Christo,
1119 4978 1431 5036 Arianismo
1460 4979 1668 5046 infecti,
1704 4989 1758 5037 et
1792 4981 2056 5035 hactenus
2102 4977 2313 5034 inediti.
3212 4970 3215 4971 ν

410 5066 477 5126 In
509 5086 658 5139 quem
698 5071 868 5126 locant
895 5082 1281 5128 commentatus
1305 5074 1500 5128 esthoc
1524 5075 1676 5129 modo
1708 5073 1986 5129 Kollarius
2017 5089 2036 5128 :

341 5167 349 5174 '
407 5161 484 5218 De
510 5161 731 5218 ineditis
757 5162 1024 5220 hactenus
1051 5171 1290 5235 quatuor
1317 5164 1470 5220 hisce
1494 5164 1711 5222 Eusebii
1737 5163 2007 5235 Pamphili
2040 5164 2201 5219 libris
2245 5162 2524 5234 copiosius
2553 5158 2683 5214 alibi
2714 5157 2824 5228 egit
2857 5151 3216 5217 Lambecius;
3250 5163 3373 5219 quae
3399 5144 3586 5202 omnia

337 5270 482 5311 nunc
512 5255 789 5326 colligere,
822 5265 878 5312 et
904 5271 1186 5312 sacrarum
1208 5257 1510 5314 litterarum
1539 5257 1711 5327 gratia
1741 5258 1798 5311 in
1825 5271 2053 5312 examen
2078 5271 2276 5313 vocare
2300 5264 2568 5326 satagam.
2602 5247 2718 5304 Sub
2751 5247 2911 5302 linem
2946 5244 3078 5300 tomi
3110 5240 3254 5299 tertii
3284 5241 3586 5310 Apparatus

338 5348 431 5405 sul
457 5349 598 5404 sacri
624 5350 941 5422 vulgaverat
969 5351 1099 5407 olim
1126 5350 1458 5408 Possevinus
1490 5350 1796 5422 catalogum
1841 5351 2203 5422 quorumdam
2249 5348 2751 5418 manuscriptorum
2801 5347 3136 5402 nostrorum,
3172 5337 3331 5405 cujus
3357 5340 3585 5391 exstano

339 5445 478 5500 tiora
503 5451 689 5501 errata
711 5446 1058 5502 emendatum
1086 5446 1200 5502 ibat
1220 5444 1540 5502 Lambecius
1566 5444 1858 5502 Comment.
1897 5445 1992 5501 lib.
2027 5462 2068 5511 ι,
2096 5461 2149 5517 p.
2176 5443 2304 5500 2H.
2354 5461 2374 5495 ι
2411 5441 2470 5497 In
2495 5440 2686 5498 eodem
2719 5433 3003 5491 Possevini
3027 5431 3274 5501 catalogo
3304 5428 3484 5517 littera
3504 5423 3573 5490 G,

241 5590 252 5603 ,
339 5538 482 5594 inter
518 5544 714 5594 caetera
743 5539 999 5610 leguntur
1036 5538 1316 5610 sequentia
1351 5555 1366 5593 :
1407 5536 1624 5593 Gracus
1671 5537 1832 5593 codex
1871 5536 2088 5593 mutilus
2119 5546 2259 5592 totus
2284 5533 2644 5591 enarrationes
2671 5529 2865 5584 habens
2895 5529 2949 5581 in
2972 5525 3172 5596 aliquot
3217 5521 3393 5590 capita
3421 5516 3588 5574 Gene-

339 5633 436 5686 sis.
477 5651 496 5685 s
528 5631 672 5700 Quae
703 5631 1026 5690 Lambecius
1077 5634 1283 5705 virgula
1329 5632 1578 5690 censoria
1632 5631 1854 5695 feriens,
1885 5630 2075 5686 codice
2107 5629 2201 5685 illo
2228 5627 2451 5684 Eusebii
2491 5624 2762 5699 Pamphili
2811 5620 3132 5692 Eclogarum
3163 5614 3586 5687 propheticarun:

341 5723 512 5782 libros
540 5725 809 5782 contineri
839 5727 1063 5797 pulchre
1105 5728 1342 5784 ostendit
1367 5749 1379 5783 :
1412 5728 1484 5784 ob
1510 5727 1653 5798 quod
1683 5727 1945 5783 indicium
1987 5725 2200 5781 laudem
2236 5722 2480 5795 profecto
2508 5721 2865 5779 commeritus
2902 5715 3095 5773 fuisset
3139 5729 3250 5770 non
3281 5711 3581 5796 vulgarem,

346 5823 416 5897 si,
447 5823 606 5894 gnavi
641 5833 695 5879 et
719 5820 915 5879 eruditi
945 5821 1123 5880 critici
1152 5837 1379 5882 munere
1415 5821 1659 5893 iunctus,
1694 5821 1912 5882 invictis
1947 5818 2282 5889 argumentis
2311 5822 2582 5876 assertum
2628 5829 2789 5872 suum
2825 5809 3189 5875 astruxisset,
3226 5802 3426 5877 quibus
3467 5809 3582 5860 tum
