4114 6472
542 325 677 382 mis
1070 391 1078 402 ι
1208 317 1476 376 EUSEBll
1509 307 1990 374 CESABIENSIS
2026 315 2167 372 ore.

2155 327 2176 369 ‘.
2214 313 2397 370 PARS
2431 308 2523 371 111.
2561 341 2630 353 —
2667 309 3076 367 EXEGETICA.
3634 309 3780 364 ιαξο

542 447 772 501 maxime
796 461 932 516 opus
957 454 1060 508 est,
1093 460 1218 498 cum
1255 442 1324 497 de
1350 439 1735 511 anepigraphis
1764 437 2099 510 perditisque
2128 437 2405 508 operibus,
2435 436 2732 509 percelebri
2773 433 2988 490 cuidam
3021 434 3273 502 scriptori
3309 431 3634 495 tribuendis,
3663 429 3786 500 agi-

539 547 647 594 tur.
690 535 890 592 Verum
930 538 1205 593 enimvero
1232 534 1554 589 Lambecius
1587 531 1756 586 libros
1786 531 1950 587 hosce
1991 529 2210 585 Eusebii
2240 527 2507 598 Pamphili
2536 543 2658 584 esse
2689 528 2765 581 ait
2797 527 2867 583 ob
2896 527 3095 598 stylum
3125 534 3179 580 et
3211 524 3521 581 methodum
3555 522 3778 576 tractati

537 631 844 702 argumenti
878 650 891 685 :
933 630 1222 694 familiare,
1250 635 1309 682 ut
1336 627 1571 690 videtur,
1594 623 1824 681 eruditis
1855 622 2036 678 saeculi
2061 621 2144 677 sui
2177 629 2579 692 argumentum,
2613 620 2759 691 quod
2792 627 2972 674 tamen
3000 619 3112 689 jam
3143 617 3348 690 pridem
3381 614 3783 672 recentioribus

537 725 741 781 nostris
773 725 942 796 ccepit
963 739 1082 779 esse
1111 729 1448 793 suspectum,
1474 736 1582 790 qua
1611 718 1678 775 de
1712 733 1770 772 re
1804 717 1906 787 legi
1939 723 2179 770 meretur
2205 713 2256 770 J.
2288 714 2348 769 C.
2399 713 2599 786 Mylius
2627 713 2681 767 in
2715 711 3042 767 Bibliotheca
3063 728 3223 767 anon.
3245 719 3292 764 et
3326 707 3601 780 ρεευάοη..
3624 715 3784 776 parte

539 819 712 889 prima
741 818 1176 881 schediasmatis,
1213 831 1267 886 p.
1305 814 1373 868 50
1394 823 1447 868 et
1477 814 1566 868 38.
1589 843 1660 855 --
1697 810 1804 865 Sed
1839 808 2145 879 argumenti
2175 809 2342 878 hujus
2369 808 2452 862 sui
2478 807 2848 860 infirmitatem
2881 804 3150 875 persensit
3174 804 3398 874 ipsemet
3427 799 3779 859 Lambecius,

535 927 698 980 quam
719 913 883 967 etiam
917 913 986 966 ob
1014 925 1236 966 causam
1271 909 1326 964 in
1361 908 1592 979 append.
1618 906 1714 962 lib.
1745 921 1842 959 vni
1875 905 2325 967 additamentum,
2354 902 2670 958 melioribus
2704 901 3007 955 rationibus
3035 897 3250 959 fultum,
3273 895 3434 964 hujus
3464 893 3568 947 loci
3601 892 3783 963 gratia

537 1003 778 1072 scripsit.
809 1001 865 1056 In
894 1003 1060 1058 hocce
1095 1002 1467 1057 additamento
1497 999 1710 1056 duabus
1750 999 1908 1054 novis
1945 998 2252 1053 rationibus
2297 996 2623 1052 sententiain
2653 1009 2808 1050 suam
2839 993 3196 1062 comprobare
3251 989 3430 1047 studet
3456 1028 3471 1052 ,
3519 994 3574 1042 et
3604 986 3784 1057 prima

536 1095 756 1165 quidem
790 1095 865 1149 illi
898 1096 965 1149 a‘b
992 1096 1222 1167 ipsomet
1250 1093 1486 1149 Eusebio
1514 1095 1737 1164 petitur,
1769 1093 1918 1164 quod
1947 1092 2206 1146 nimirum
2239 1092 2285 1147 is
2338 1091 2508 1146 libros
2536 1089 2858 1161 Eclogarum
2888 1087 3306 1158 propheticarum
3334 1086 3402 1138 de
3427 1081 3650 1138 Christo
3682 1095 3784 1150 pro

537 1201 700 1256 opere
733 1202 834 1241 suo
869 1187 1237 1258 designaverit
1269 1185 1412 1240 Hist.
1454 1185 1638 1241 eccles.
1667 1202 1709 1249 ι,
1741 1202 1794 1241 c.
1835 1185 1892 1250 2,
1927 1186 1983 1239 in
2013 1199 2172 1254 quem
2219 1185 2397 1238 locum
2430 1182 2562 1237 satis
2592 1181 2823 1236 feliciter
2855 1179 3111 1234 incidisse
3151 1177 3495 1232 Lambecium
3525 1189 3614 1230 res
3662 1173 3781 1242 ipsa

539 1276 758 1341 fatetur,
783 1280 874 1348 qui
909 1287 1088 1332 tamen
1125 1279 1542 1349 haudquaquam
1567 1279 1804 1356 evicerat
1838 1277 2063 1348 Eclogas
2099 1276 2320 1332 Eusebii
2349 1276 2675 1356 propheticus
2712 1273 2776 1328 de
2805 1273 3013 1330 Christo
3056 1274 3110 1327 in
3152 1272 3278 1335 hoc,
3319 1270 3386 1325 de
3417 1283 3525 1339 quo
3557 1267 3736 1338 agitur
3760 1307 3778 1330 ,

537 1372 848 1429 Ctesariano
883 1373 1070 1428 codice
1095 1372 1283 1428 haberi
1318 1392 1330 1427 :
1362 1389 1486 1428 cum
1522 1354 1755 1429 testibus
1781 1387 1928 1428 XLV-ll
1955 1379 2010 1427 et
2040 1387 2209 1425 vani
2236 1354 2517 1426 codicibus
2550 1386 2658 1426 non
2691 1372 2866 1426 solum
2900 1369 3193 1426 Eusebium
3236 1364 3588 1430 Ἀποδείξεις
3621 1379 3782 1417 eran-

536 1464 730 1535 gelicas
755 1454 855 1518 hac
879 1464 1134 1518 methodo
1157 1465 1447 1534 scripsisse
1481 1470 1716 1518 constet.
1740 1462 1824 1518 Ad
1854 1463 2079 1516 alteram
2104 1463 2369 1516 rationein
2400 1462 2549 1532 quod
2581 1463 2807 1525 attinet,
2855 1475 2918 1516 ea
2967 1459 3206 1531 profecto
3234 1457 3402 1530 priori
3431 1457 3592 1513 etiam
3627 1454 3781 1510 infir-

538 1559 678 1611 mior
710 1563 792 1610 est
818 1572 832 1621 ;
864 1571 930 1610 ex
952 1555 1059 1618 illis
1081 1555 1247 1622 enim,
1281 1572 1403 1626 quae
1427 1556 1608 1626 operis
1641 1555 1871 1626 hujusce
1898 1554 2150 1624 producit
2172 1554 2378 1619 verbis,
2411 1553 2545 1608 nihil
2570 1553 2717 1607 aliud
2740 1553 3022 1624 conjicias,
3045 1567 3206 1622 quam
3226 1565 3443 1621 gravem
3465 1548 3780 1620 quampiam

537 1649 779 1704 auctoris
810 1663 926 1703 aevo
946 1649 1235 1704 excitatam
1266 1653 1726 1721 persecutionem,
1754 1663 2104 1719 nequaquam,
2125 1663 2260 1704 vero
2290 1647 2436 1702 illam
2469 1663 2588 1718 quae
2624 1663 2715 1703 an.
2750 1646 2854 1703 502
2884 1647 2988 1702 sub
3020 1647 3186 1716 iinpp.
3221 1643 3554 1700 Diocletiano
3578 1650 3631 1697 et
3666 1640 3784 1696 Ma-

546 1740 786 1795 ximiano
819 1739 1074 1796 Herculio
1104 1743 1160 1797 in
1191 1742 1536 1800 Christianos
1595 1743 1875 1808 detonuit,
1926 1741 2163 1797 Eusebio
2194 1755 2430 1795 cozevam
2461 1755 2646 1811 :quas
2671 1739 2834 1795 etiam
2882 1739 3124 1810 aliasque
3155 1737 3462 1808 persimiles
3485 1736 3556 1792 ob
3583 1749 3783 1791 causas

541 1852 649 1891 non
679 1836 969 1892 defuerunt
1000 1839 1100 1893 viri
1129 1840 1297 1903 docti,
1329 1842 1422 1910 qui
1466 1857 1605 1912 opus
1649 1841 1754 1896 hoc
1807 1849 2058 1898 nostrum
2110 1836 2348 1892 Eusebio
2385 1810 2653 1906 Pamphili
2701 1836 2773 1892 ob
2804 1835 3039 1894 nominis
3082 1832 3448 1888 celebritatem
3499 1827 3783 1884 subditum

539 1931 1002 2004 substitutumque
1029 1949 1150 1990 esse
1181 1933 1445 1990 dicerent.
1471 1934 1722 1992 Oudinus
1755 1945 1904 1992 certe
1927 1933 2308 1992 Commentarii
2338 1932 2422 1988 sui
2455 1939 2495 1985 t.
2521 1931 2562 1997 l,
2594 1932 2698 1987 col.
2722 1931 2845 1995 5M,
2877 1929 3117 1986 scribere
3144 1941 3251 1982 non
3287 1924 3591 1979 dubitavit:
3629 1941 3648 1974 ι
3685 1921 3777 1984 At,

539 2024 736 2093 inquit,
765 2026 948 2080 nullus
981 2025 1194 2090 dubito,
1226 2028 1359 2097 quin
1381 2043 1550 2098 Opera
1579 2031 1684 2084 ista
1714 2028 1969 2093 Eusebio,
1995 2028 2065 2083 ob
2092 2026 2331 2082 nominis
2380 2025 2578 2080 famam
2626 2023 3004 2087 celeberrimo,
3043 2021 3339 2078 substituta
3374 2018 3483 2073 sint
3511 2035 3524 2071 :
3577 2031 3776 2086 neque,

537 2114 586 2169 si
615 2129 739 2168 vera
789 2115 1042 2182 fuissent,
1074 2114 1398 2173 Lambecius
1427 2121 1497 2174 ab
1525 2119 1843 2190 evulgandis
1869 2119 2247 2182 abstinuisset,
2270 2122 2364 2188 qui
2395 2116 2622 2172 minoris
2660 2113 3107 2186 longe,momenti
3157 2111 3458 2182 fragmenta
3499 2108 3613 2164 suis
3645 2123 3775 2162 cum

538 2208 794 2278 scrupulo
819 2209 1069 2265 inseruit.
1113 2231 1132 2263 ι
1166 2209 1291 2265 Haec
1319 2212 1442 2267 ille:
1479 2213 1534 2267 in
1564 2215 1724 2285 cujus
1744 2229 1928 2270 errore
1965 2229 2053 2270 me
2083 2229 2301 2286 quoque
2323 2209 2710 2281 complusculis
2739 2208 2900 2264 annis
2929 2206 3152 2263 haesisse
3179 2205 3411 2278 ingenue
3438 2203 3629 2258 fateor.
3669 2197 3781 2256 Sed

535 2301 682 2358 enim
710 2303 992 2360 verissima
1027 2311 1111 2360 est
1143 2304 1234 2358 illa
1259 2303 1612 2374 Xenophanis
1651 2309 1918 2363 sententia
1942 2347 1958 2374 ,

1407 2417 1488 2471 Οὔ
1517 2435 1606 2472 τοι
1636 2418 1735 2471 ἀπ’
1769 2419 1960 2488 ἀρχῆς
1987 2419 2184 2474 πάντα
2217 2417 2332 2472 θεοὶ
2359 2417 2596 2485 θνητοῖς
2632 2413 2970 2488 ἀπέδειξαν,

1427 2488 1615 2542 Ἀλλὰ
1643 2486 1851 2558 χρόνῴ
1871 2486 2183 2558 ζητοῦντες
2205 2490 2672 2558 ἐφευρίσκουσιν
2700 2486 2961 2555 ἄμεινον.

539 2599 670 2656 Nam
696 2616 818 2656 cum
847 2600 935 2658 die
972 2602 1204 2673 quadam
1239 2601 1484 2656 codicem
1517 2601 1664 2656 hunc
1690 2603 1854 2658 volvo
1880 2603 2075 2658 iterum
2105 2603 2461 2672 revolvoque,
2488 2617 2551 2657 ex
2579 2601 2669 2655 vili
2701 2600 2918 2671 palliolo
2943 2615 3194 2672 magnum
3227 2599 3421 2669 agnovi
3451 2596 3771 2653 Eusebium.

537 2699 644 2755 Res
676 2701 751 2754 ita
778 2698 998 2753 accidit.
1029 2697 1211 2762 Codex
1238 2696 1305 2752 de
1344 2711 1452 2768 quo
1485 2712 1632 2750 nunc
1659 2697 1892 2768 agimus,
1917 2698 2072 2752 theca
2116 2697 2244 2754 olim
2276 2713 2493 2761 carens,
2531 2695 2675 2750 foliis
2721 2695 2977 2765 utrinque
3008 2695 3124 2751 suis
3166 2695 3464 2766 tegebatur.
3497 2693 3773 2768 Primum,

537 2791 606 2848 ab
636 2791 789 2846 edaci
820 2798 1060 2860 tempore
1083 2766 1486 2860 multoque—usu
1519 2766 1760 2846 lacerum
1791 2807 1856 2846 ac
1889 2808 2026 2863 pene
2059 2791 2321 2855 deletum,
2350 2806 2451 2860 pro
2473 2789 2627 2845 theca
2659 2789 2864 2844 codicis
2895 2806 2924 2842 a
2957 2789 3248 2844 Lambecio
3271 2788 3372 2843 fuit
3403 2766 3646 2845 habitum
3668 2829 3685 2853 ,
3719 2799 3777 2846 et

537 2900 656 2941 eam
685 2884 850 2938 etiam
873 2883 943 2938 ob
969 2898 1190 2940 causam
1229 2884 1285 2937 in
1330 2883 1649 2939 recensione
1679 2884 1944 2940 omissum
1977 2884 2430 2954 neglectumque:
2471 2881 2635 2952 igitur
2674 2895 2797 2934 cum
2859 2877 3154 2950 ἀμηχανῶν
3188 2879 3480 2936 Eusebium
3514 2881 3570 2936 in
3602 2881 3773 2937 Euse-

535 2978 625 3034 bio
653 2990 859 3046 quaero,
889 2973 1297 3029 similitudinem
1326 2990 1544 3039 manus,
1578 2991 1685 3047 qua
1720 2977 1963 3047 reliquus
1998 2974 2172 3030 codex
2222 2976 2461 3044 scriptus
2504 2982 2620 3038 est,
2656 2973 2710 3026 in
2745 2974 2920 3042 primo
2948 2973 3041 3026 illo
3091 2972 3219 3028 folio
3247 2973 3655 3040 animadverto,
3690 2974 3779 3028 fti-

534 3067 792 3138 gientium
826 3066 1135 3120 litterarum
1166 3065 1397 3135 vestigia
1431 3064 1572 3136 lego,
1605 3081 1670 3120 ac
1703 3066 1938 3137 denique
1967 3066 2243 3136 comperio
2272 3067 2594 3137 prommium
2646 3063 2959 3135 Eclogarum
2994 3064 3247 3128 Eusebii,
3289 3066 3556 3137 principio
3585 3075 3639 3122 et
3665 3067 3777 3124 fine

538 3159 782 3214 mutilum
802 3197 817 3223 ,
858 3157 1047 3213 eodem
1080 3156 1209 3212 folio
1239 3157 1527 3212 contineri.
1557 3157 1649 3212 Sic
1681 3160 1826 3214 enim
1857 3159 1931 3213 ibi
1964 3159 2104 3214 inter
2125 3175 2163 3214 c:

2140 3166 2316 3214 :zetera
2350 3159 2578 3229 ipsemet
2599 3155 2884 3221 Eusebius,
2922 3156 3114 3209 ’ἰστέον
3135 3156 3177 3209 δ’
3209 3158 3285 3222 ὡς
3327 3159 3765 3230 πρὸ-ἡγοῦμαι.

536 3253 684 3322 (Vid.
717 3252 871 3323 hujus
895 3250 977 3305 ed.
1007 3251 1108 3305 col.
1134 3251 1294 3306 1024.
1330 3250 1507 3322 Pergit
1541 3250 1820 3307 Kollarius
1844 3253 1899 3324 :)
1929 3251 2206 3308 Hactenus
2258 3251 2504 3324 prommii
2530 3252 2817 3322 pericope:
2852 3265 2919 3304 ex
2947 3250 3147 3321 quibus
3177 3266 3301 3306 cum
3335 3253 3469 3317 alia,
3520 3261 3636 3308 tum
3689 3255 3776 3311 vel

536 3347 768 3402 maxime
804 3347 914 3401 duo
947 3342 1203 3398 facillime
1231 3342 1576 3399 deducuntur
1604 3363 1618 3400 :
1656 3346 1950 3412 nimirum,
1980 3352 2034 3400 et
2075 3343 2368 3400 Eusebium
2399 3343 2668 3419 Pamphili
2696 3352 2973 3396 auctorem
3010 3343 3240 3414 hujusce
3269 3347 3520 3416 prooemii
3554 3363 3698 3412 esse,
3723 3359 3781 3405 et

539 3437 762 3508 Eclogas
796 3437 863 3492 de
899 3436 1154 3501 Christo,
1195 3435 1446 3503 praesenti
1481 3435 1668 3491 codice
1702 3445 2008 3500 contentas,
2038 3436 2238 3490 nemini
2273 3435 2363 3489 alii
2399 3450 2558 3507 quam
2589 3434 2760 3490 eidem
2793 3431 3051 3498 Eusebio,
3080 3451 3240 3506 posse
3265 3438 3453 3492 tribui.
3489 3437 3779 3496 Enimvero

534 3532 824 3588 Eusebium
855 3530 1102 3601 prooemii
1135 3537 1410 3584 auctorem
1433 3546 1586 3596 esse,
1629 3532 1775 3586 clare
1803 3532 1982 3586 elucet
2011 3546 2075 3585 ex
2109 3531 2217 3585 illis
2265 3570 2280 3596 ,
2315 3531 2514 3600 quibus
2544 3531 2768 3595 indicat,
2800 3531 2950 3601 prius
2986 3546 3044 3585 se
3068 3571 3082 3594 ,
3129 3547 3290 3601 quam
3326 3532 3392 3586 ad
3423 3533 3770 3588 scribendum

533 3639 771 3694 praesens
803 3638 940 3693 opus
965 3623 1203 3676 animum
1237 3623 1480 3691 appulit,
1517 3622 1846 3692 Χρονικοὺς
1881 3625 2156 3688 Κανόνας
2188 3623 2510 3692 scripsisse,
2566 3630 2620 3677 et
2668 3637 2737 3678 ea
2767 3621 2986 3692 quidem
3018 3631 3197 3678 mente
3221 3663 3234 3689 ,
3280 3632 3340 3677 ut
3369 3623 3569 3696 Moysis
3619 3643 3779 3698 aeque

533 3725 697 3788 atque
726 3718 980 3784 aliorum,
1011 3719 1102 3789 qui
1132 3728 1256 3789 post
1291 3734 1414 3774 eum
1453 3717 1624 3782 fuere,
1660 3716 2047 3788 prophetarum
2075 3725 2399 3775 vetustatem
2427 3716 2750 3773 vindicaret.
2781 3716 3012 3783 Quinam
3042 3732 3170 3772 vero
3198 3717 3253 3771 hi
3281 3719 3552 3788 Xportxol
3588 3723 3776 3774 Κανό-

531 3824 636 3879 νες
663 3811 773 3867 sint
797 3853 812 3878 ,
863 3810 1020 3866 facile
1054 3812 1375 3883 intelligitur
1401 3830 1414 3865 :
1453 3809 1713 3864 nimirum
1745 3809 1822 3862 illi
1853 3809 1979 3879 ipsi,
2008 3824 2148 3880 quos
2187 3809 2432 3879 Scaliger
2463 3808 2517 3861 in
2546 3806 2811 3862 Thesauro
2842 3818 3128 3878 temporum
3157 3817 3302 3863 tomo
3324 3811 3499 3880 primo
3539 3813 3776 3884 vulgavit

535 3903 924 3959 Amstelodami
960 3919 1048 3957 an.
1088 3902 1226 3957 1658
1258 3921 1271 3957 :
1304 3903 1504 3974 quippe
1536 3901 1590 3955 in
1622 3901 1976 3971 illius.0peris
2019 3900 2285 3970 premmio
2324 3899 2463 3954 idem
2501 3898 2604 3952 hoc
2642 3897 2859 3954 Eusebii
2912 3899 3252 3970 propositum
3287 3901 3513 3971 legitur;
3555 3918 3622 3958 ex
3663 3921 3774 3975 quo

535 3997 755 4053 lectoris
807 3995 982 4067 gratia
1038 3995 1285 4066 pluscula
1338 3995 1447 4050 huc
1490 3993 1861 4056 transcribere
1905 3994 2116 4062 placet,
2178 3992 2272 4047 sed
2302 3991 2494 4045 Latine
2525 3999 2757 4056 tantum,
2792 3993 2920 4062 quia
2975 3990 3305 4064 Hieronymo
3337 3995 3670 4066 interprete:
3707 4027 3777 4040 -

539 4109 558 4140 ι
590 4089 851 4160 Moysem,
884 4087 1080 4158 inquit,
1113 4088 1291 4158 gentis
1337 4086 1607 4151 Hebraea},
1640 4086 1732 4155 qui
1769 4085 1980 4155 primus
2026 4084 2270 4139 omnium
2315 4083 2702 4156 prophetarum
2750 4093 2875 4138 ante
2907 4084 3197 4140 adventura
3230 4083 3443 4140 Domini
3475 4085 3776 4146 Salvatoris

532 4184 743 4239 divinas
776 4183 919 4252 leges
953 4181 1150 4237 litteris
1180 4181 1490 4253 explicavit,
1516 4177 1698 4234 Inachi
1734 4178 1905 4233 fuisse
1937 4178 2270 4247 temporibus
2295 4180 2649 4236 eruditissimi
2675 4181 2775 4235 viri
2802 4181 3161 4244 tradiderunt,
3191 4195 3259 4236 ex
3292 4182 3497 4237 nostris
3521 4181 3774 4242 Clemens

529 4282 584 4329 et
615 4274 926 4338 Africanus,
956 4279 1011 4328 et
1040 4271 1334 4337 Tatianus;
1367 4289 1431 4328 ex
1456 4269 1657 4325 Judaais
1689 4268 1958 4339 Iosephus
2003 4279 2056 4323 et
2089 4267 2300 4334 Justus,
2336 4273 2533 4327 veteris
2559 4273 2801 4328 historiae
2845 4283 3191 4330 monumenta
3223 4274 3568 4346 replicantes.
3603 4278 3773 4335 Porro

532 4367 764 4422 Inachus
795 4365 1105 4437 quingentis
1143 4366 1302 4421 annis
1332 4365 1629 4435 Trojanum
1659 4364 1858 4419 bellum
1909 4363 2196 4418 antecedit.
2239 4363 2316 4418 Ex
2343 4366 2576 4423 ethnicis
2615 4384 2743 4424 vero
2773 4370 2972 4440 impius
3008 4371 3098 4426 ille
3127 4370 3460 4443 Porphyrius
3491 4375 3546 4428 in
3578 4385 3774 4445 quarto

531 4461 712 4530 operis
736 4459 820 4516 sui
850 4459 1007 4522 libro,
1032 4457 1176 4529 quod
1209 4458 1496 4514 adversum
1529 4473 1631 4512 nos
1668 4471 1827 4512 casso
1849 4456 2035 4511 labore
2067 4458 2366 4522 contexuit,
2392 4467 2514 4529 post
2545 4459 2784 4532 Moysem
2815 4462 3156 4519 Semiramim
3184 4466 3348 4524 fuisse
3377 4469 3628 4532 afﬁrmat,
3650 4482 3772 4540 quae

530 4550 673 4620 apud
714 4549 968 4621 Assyrios
999 4564 1063 4602 CL
1103 4555 1227 4602 ante
1260 4546 1520 4601 Inachum
1551 4548 1798 4618 regnavit
1825 4561 2018 4601 annos.
2053 4545 2243 4618 Itaque
2294 4550 2450 4618 juxta
2502 4567 2623 4605 eum
2657 4567 2784 4607 nccc
2809 4571 2945 4625 pene
2977 4563 3031 4612 et
3065 4572 3095 4610 L
3151 4561 3309 4615 annis
3358 4560 3596 4632 Trojano
3627 4563 3771 4618 bello

531 4642 741 4715 Moyses
771 4642 956 4697 senior
987 4642 1278 4696 invenitur.
1310 4639 1446 4695 Cum
1474 4640 1588 4694 luce
1614 4641 1689 4694 ita
1717 4655 1776 4696 se
1799 4641 2055 4705 habeant,
2079 4646 2447 4697 necessarium
2472 4644 2601 4699 duxi
2635 4649 2916 4704 veritatem
2943 4651 3255 4723 diligentius
3279 4658 3570 4728 persequi:
3612 4667 3665 4714 et
3696 4660 3769 4715 ob

532 4735 584 4790 id
608 4735 662 4788 in
689 4735 852 4806 priori
878 4733 1016 4788 libro
1039 4732 1194 4803 quasi
1215 4731 1504 4804 quamdam
1535 4733 1820 4787 materiam
1850 4732 2036 4788 futuro
2066 4736 2220 4804 operi
2251 4736 2493 4791 omnium
2527 4754 2711 4810 regum
2763 4742 2894 4796 mihi
2929 4750 3175 4814 tempora
3228 4753 3521 4817 praenotavi
3549 4791 3564 4816 ,
3603 4751 3769 4808 Chal-

529 4831 790 4893 daeorum,
822 4826 1191 4898 Assyriorum,
1225 4824 1529 4889 Medorum,
1566 4823 1881 4891 Persarum,
1912 4825 2212 4898 Lydorum,
2263 4829 2637 4896 Hebraaorum,
2675 4832 3080 4906 Egyptiorum,
3102 4837 3454 4897 Macedonum
3475 4884 3490 4909 ,
3545 4845 3770 4904 Latino.

531 4936 673 4988 rum,
707 4920 797 4991 qui
824 4927 1012 4990 postea
1034 4917 1266 4974 Romani
1291 4916 1592 4987 nuncupati
1631 4925 1792 4985 sunt;
1823 4919 1876 4972 in
1899 4922 2152 4990 praesenti
2187 4931 2390 4990 autem,
2426 4925 2566 4994 stylo
2597 4926 2784 4982 eadem
2818 4935 3065 5000 tempora
3087 4939 3278 4987 contra
3307 4950 3365 4989 se
3410 4936 3638 4994 invicem
3664 4955 3771 5010 ρο..

531 5029 688 5076 nens,
721 5023 776 5068 et
810 5011 1148 5082 singularum
1181 5011 1426 5082 gentium
1477 5023 1651 5064 annos
1694 5010 2074 5079 dinumerans,
2111 5021 2170 5068 ut
2199 5015 2327 5085 quid
2383 5004 2714 5074 coaetaneum
2762 5022 2960 5092 cuique
3005 5023 3140 5091 fuit,
3200 5027 3274 5081 ita
3307 5029 3526 5085 curioso
3574 5004 3766 5090 ordine

531 5106 796 5178 coaptavi.
832 5104 1018 5176 Neque
1049 5120 1135 5160 me
1165 5105 1301 5174 fugit
1341 5105 1397 5159 in
1423 5102 1663 5159 Hebrazis
1689 5105 1972 5163 codicibus
2016 5108 2362 5166 dissonantcs
2390 5121 2606 5166 aatatum
2641 5129 2815 5169 annos
2863 5116 3114 5182 inveniri,
3147 5119 3377 5190 plusque
3427 5123 3509 5176 vel
3551 5124 3763 5190 minus,

532 5209 689 5274 prout
724 5200 1112 5272 interpretibus
1138 5200 1315 5256 visum
1360 5205 1463 5265 est,
1493 5200 1766 5256 lectitari:
1803 5203 2250 5275 sequendumque
2299 5206 2430 5261 illud
2467 5211 2668 5278 potius,
2706 5212 2849 5281 quod
2879 5213 3332 5284 exemplariorum
3372 5218 3660 5273 multitudo
3708 5219 3771 5271 in

529 5296 688 5352 fidem
724 5296 908 5349 traxit.
944 5293 1145 5350 Verum
1175 5303 1454 5366 utcunque
1484 5295 1609 5366 quis
1639 5295 1783 5351 volet
1833 5306 2132 5368 computet,
2163 5309 2219 5354 et
2255 5304 2487 5372 reperiet
2521 5301 2705 5359 Inachi
2755 5307 3111 5376 temporibus,
3141 5324 3301 5378 quem
3339 5310 3570 5379 primum
3606 5309 3768 5380 Argis

527 5403 784 5461 regnasse
807 5387 978 5452 aiunt,
1009 5387 1374 5458 patriarcham
1405 5386 1754 5444 Hebraeorum
1783 5388 1954 5446 fuisse
1986 5389 2237 5447 lsraelem
2270 5411 2283 5447 :
2319 5409 2350 5448 a
2377 5409 2486 5465 quo
2534 5395 2820 5451 duodecim
2863 5397 3177 5455 Iudaeorum
3216 5402 3392 5458 tribus
3427 5403 3643 5458 lsraelis
3669 5419 3766 5458 vo-

525 5480 782 5537 cabulum
824 5481 1030 5534 sortita:
1056 5486 1226 5534 sunt:
1261 5478 1604 5536 Semiramim
1651 5490 1832 5537 autem
1870 5490 1924 5538 et
1966 5483 2236 5540 Abraham
2269 5490 2700 5558 contemporales
2753 5489 2918 5546 fuisse
2968 5493 3319 5550 manifestum
3360 5502 3466 5550 est.
3521 5495 3767 5566 Namque

527 5573 760 5643 Moyses,
781 5571 964 5641 junior
1001 5570 1126 5626 licet
1158 5586 1321 5642 supra
1354 5571 1515 5627 dictis
1541 5573 1634 5636 sit,
1676 5574 1746 5629 ab
1776 5575 2030 5630 omnibus
2058 5583 2261 5640 tamen,
2294 5594 2434 5649 quos
2472 5579 2644 5636 Graeci
2675 5583 3086 5653 antiquissimos
3115 5593 3328 5655 putant,
3362 5586 3548 5642 senior
3571 5587 3766 5658 depre-

531 5663 784 5720 henditur
813 5681 826 5717 :
862 5660 1096 5718 Homero
1128 5664 1337 5720 scilicet
1393 5672 1448 5720 et
1480 5665 1718 5738 Hesiodo
1742 5707 1758 5733 ,
1803 5666 2148 5741 Trojanoque
2180 5671 2342 5732 bello,
2386 5688 2449 5728 ac
2496 5675 2668 5732 multo
2717 5677 2970 5748 superius
3003 5677 3255 5744 Hercule,
3293 5678 3494 5736 Musaro
3521 5721 3535 5744 ,
3588 5679 3760 5748 Lino,

524 5755 785 5821 Chirone,
807 5752 1040 5828 Orpheo,
1077 5754 1322 5824 Castore,
1354 5755 1599 5829 Polluce,
1625 5758 1959 5832 Esculapio,
1992 5761 2204 5831 Libero,
2242 5763 2532 5838 Mercurio,
2560 5768 2839 5841 Apolline,
2871 5769 3188 5842 ceterisque
3221 5771 3325 5827 diis
3359 5771 3634 5844 gentium,
3665 5783 3762 5829 sa-
