4134 6414
383 343 516 400 309.!
1412 335 1708 428 ΕοισῦΑι
1745 331 1961 394 PROPE

2016 335 2229 390 :TlC/E.
2275 365 2339 374 —
2380 333 2506 389 LIB.
2551 327 2624 389 i.'
3501 324 3640 386 l0?!

383 458 604 526 erisque
639 457 723 512 vel
749 457 985 524 vatibus,
1018 457 1191 528 ipsius
1222 466 1440 525 quoque
1469 451 1620 507 Jovis
1650 452 1840 522 gestis,
1866 466 2028 520 quem
2061 449 2271 505 Graecia
2302 449 2355 504 in
2383 465 2511 505 arce
2536 447 2859 518 {divinitatis
2885 447 3194 504 collocavit.
3225 445 3356 510 Hos,
3388 442 3637 516 inquam,

381 563 597 616 omnes,
631 566 771 621 quos
796 551 1262 616 enumeravimus,
1291 549 1454 604 etiam
1484 556 1608 619 post
1634 547 1931 616 Cecropem
1982 544 2270 617 Dipliyem,
2301 546 2537 617 primum
2578 544 2772 600 Attica:
2797 559 2997 615 regem,
3028 543 3196 600 fuisse
3221 541 3635 599 convincimus;

381 641 683 711 Cecropem
709 652 888 698 autem
921 658 1160 714 praesens
1189 641 1420 698 historia
1454 638 1627 709 Moysi
1667 647 2003 692 coaetaneum
2034 638 2320 700 ostendet,
2361 644 2414 691 et
2437 634 2760 690 antecedere
2782 635 3080 706 Trojanum
3111 635 3310 690 bellum
3346 632 3504 688 annis
3525 638 3638 688 tre-

381 733 568 786 centis
599 733 1010 802 quinquaginta.
1038 731 1194 798 Quod
1223 747 1291 787 ne
1319 730 1407 786 cui
1430 729 1655 785 dubium
1686 728 1952 792 videatur,
1978 727 2232 799 frequens
2269 727 2408 782 ratio
2430 727 2509 782 sic
2540 726 2813 796 probabit,
2852 747 2871 779 ι
2898 736 3004 783 etc.
3035 726 3308 784 Hactenus
3329 727 3631 792 Eusebius;

380 839 447 878 ex
477 824 679 894 quibus
709 825 1062 880 manifestum
1093 824 1294 888 evadit,
1323 822 1573 878 eumdem
1614 821 1766 875 illum
1797 830 1851 876 et
1883 821 2138 892 prommii
2179 821 2378 886 nostri,
2417 819 2628 890 Eclogis
2651 821 2962 889 propheticis
2999 821 3225 892 praeﬁxi,
3254 828 3308 876 et
3333 817 3635 890 Χρονικῶν

383 920 670 974 Κανόνων
701 925 978 973 auctorem
1017 933 1139 974 esse
1165 937 1178 973 :
1211 917 1352 988 quod
1377 915 1701 986 prooemium
1731 930 1856 969 cum
1887 930 1986 985 pro
2015 914 2228 986 Eclogis
2253 957 2269 982 ,
2321 923 2373 970 et
2401 929 2509 969 una
2549 915 2846 986 eademque
2885 929 3070 981 manu,
3095 931 3200 986 qua
3229 916 3334 970 illa:
3366 917 3418 969 in
3445 913 3634 969 codice

381 1015 646 1085 scriptum
671 1015 766 1078 sit,
792 1031 900 1071 non
932 1015 1145 1081 dubito,
1179 1015 1310 1087 quin
1348 1015 1582 1069 lectores
1617 1012 1722 1066 mei
1752 1026 1860 1066 una
1887 1026 2101 1068 mecum
2130 1027 2230 1082 pro
2259 1025 2390 1066 vero
2419 1015 2810 1080 compertoque
2857 1009 3092 1064 habituri
3125 1010 3254 1073 sint,
3286 1009 3385 1064 has
3414 1024 3632 1079 quoque

382 1108 608 1178 Eclogas
642 1115 860 1162 nostras
909 1107 1152 1176 ejusdem
1204 1106 1423 1162 Eusebii
1454 1104 1718 1175 Pamphili
1754 1107 2049 1176 genuinum
2099 1121 2238 1175 opus
2269 1120 2414 1160 esse.
2454 1101 2627 1158 Porro
2656 1115 2833 1157 autem
2864 1101 3253 1174 κριτικὼτατος
3289 1102 3530 1174 Scaliger
3574 1103 3631 1160 in

381 1198 648 1271 prominio
680 1198 744 1252 ad
779 1197 1105 1253 Tltesaurum
1133 1214 1293 1253 suum
1321 1197 1462 1252 ridet
1487 1195 2085 1270 Hieronymum,quod,
2114 1197 2310 1268 inquit.
2344 1195 2532 1251 Graeca
2569 1195 2790 1251 Eusebii
2821 1211 2927 1250 non
2958 1206 3244 1251 assecutus
3270 1238 3285 1261 ,
3337 1194 3629 1251 Eusebium

379 1291 762 1348 Chronicorum
793 1305 1016 1346 suorum
1061 1290 1328 1361 ἐπιτομήν
1361 1290 1761 1360 conscripsisse
1801 1290 2101 1344 arbitratus
2155 1291 2245 1344 sit.
2293 1287 2346 1343 ls
2382 1290 2532 1344 locus
2575 1289 2775 1360 legitur
2815 1289 2870 1342 in
2916 1289 3140 1360 prologo
3182 1288 3435 1344 Historia:
3464 1292 3629 1346 εταίρ-

377 1389 610 1444 siastica:
643 1385 865 1442 Eusebii
893 1405 906 1440 :
943 1385 1081 1457 Ἤδη
1117 1386 1215 1457 μὲν
1247 1382 1337 1439 οὖν
1361 1385 1566 1440 τούτων
1598 1386 1692 1439 καὶ
1724 1388 2008 1458 πρότερον,
2039 1388 2098 1438 ὲν
2123 1382 2205 1449 οἷς
2231 1383 2642 1456 διετυπώσαμεν
2677 1383 2986 1453 Χρονικοῖς
3015 1386 3310 1451 Κανόσιν,
3366 1387 3630 1460 ἐπιτομὴν

377 1484 841 1556 κατεστησάμηνο
897 1482 1276 1554 πληρεστάτην
1327 1482 1371 1534 δ’
1418 1477 1509 1536 οὖν
1547 1484 1696 1554 ὅμως
1743 1481 1925 1536 αὐτῶν
1977 1482 2068 1535 ἐπὶ
2127 1481 2222 1534 τοῦ
2274 1481 2539 1553 παρόντος
2592 1479 2856 1552 ὡρμήθην
2892 1480 2990 1551 τὴν
3023 1482 3298 1552 ἀφήγησιν
3337 1482 3626 1537 ποιεῖσθαι.

374 1585 506 1645 Quae
537 1576 768 1632 Ruﬁnus
795 1575 986 1632 Latine
1015 1577 1286 1632 convertit
1311 1578 1390 1632 sic
1421 1596 1435 1632 :
1474 1577 1724 1644 Quamvis
1749 1576 1865 1645 jam
1888 1575 1951 1630 de
1980 1577 2061 1631 his
2096 1576 2222 1645 ipsis
2255 1560 2510 1630 nonnulla
2531 1574 2692 1628 etiam
2716 1575 2768 1626 in
2795 1573 3081 1627 Chronicis
3109 1573 3183 1643 (id
3211 1583 3287 1626 est
3314 1573 3368 1626 in
3395 1590 3453 1626 eo
3479 1589 3630 1644 opere

372 1670 511 1743 quod
538 1671 602 1726 de
632 1680 920 1740 temporum
973 1671 1178 1724 ratione
1201 1671 1646 1740 conscripsimus)
1677 1670 1900 1724 breviter
1941 1671 2300 1740 succincteque
2346 1667 2773 1737 perstrinxerim,
2821 1665 3024 1735 plenius
3070 1674 3242 1721 tamen
3284 1667 3339 1720 in
3381 1667 3627 1736 praesenti

373 1778 522 1832 opere
551 1763 879 1834 singulorum
913 1764 1272 1816 narrationem
1303 1763 1506 1833 aperire
1546 1763 1886 1817 tentabimus.
1915 1763 1996 1817 Ad
2024 1778 2146 1832 qua:
2181 1761 2426 1832 Scaliger
2454 1779 2466 1814 :
2505 1779 2524 1813 ι
2568 1759 3002 1830 Recte,'inquit,
3038 1757 3268 1814 Ruﬁnus
3301 1779 3314 1814 :
3349 1759 3455 1814 nisi
3480 1759 3627 1829 quod

371 1855 467 1908 ἐπὶ
502 1854 596 1908 τοῦ
637 1854 901 1926 παρόντος
935 1855 1252 1910 vertendum
1279 1863 1396 1910 erat
1421 1857 1925 1925 impraesentiarum,
1964 1855 2046 1910 vel
2081 1871 2238 1908 nunc.
2279 1873 2296 1906 ι
2332 1852 2456 1906 llaec
2488 1852 2618 1907 ille:
2652 1858 2707 1905 at
2726 1867 2846 1907 mea
2865 1852 3084 1918 quidem
3108 1852 3399 1916 sententia,
3422 1851 3626 1908 rectius

370 1944 556 2001 Graeca
591 1945 810 2002 Eusebii
848 1955 1134 2002 assecutus
1160 1957 1244 2003 est
1277 1947 1676 2020 Hieronymus,
1721 1965 1885 2018 quam
1942 1949 2028 2003 vel
2074 1946 2336 2011 Ruﬁnus,
2381 1947 2466 2000 vel
2505 1948 2533 1999 6
2572 1946 2713 2015 πάνυ
2756 1945 3038 2015 Scaliger:
3093 1961 3217 2000 nam
3253 1946 3308 2000 in
3361 1945 3625 2016 prommio

371 2045 564 2093 nostro
592 2039 739 2094 clare
771 2039 1087 2108 diserteque
1119 2039 1194 2092 ait
1223 2037 1492 2094 Eusebius
1516 2082 1532 2106 ,
1592 2039 1924 2108 Χρονικοὺς

2016 2038 2327 2104 ιντάξαντες
2365 2039 2636 2103 Κανόνας
2659 2077 2674 2102 ,
2716 2039 2983 2108 ἐπιτομήν
3020 2053 3079 2090 τε
3117 2036 3325 2100 τούτοις
3362 2036 3624 2092 παντοδα-

370 2129 478 2201 πῆς
508 2128 747 2200 ἱστορίας
796 2129 1061 2202 Ἐλλήνων
1094 2147 1155 2184 τε
1193 2132 1286 2185 καὶ
1333 2131 1625 2205 βαρϐάρων
1654 2132 1959 2205 ἀντιπαραο

2016 2150 2136 2196 ντες,
2181 2150 2236 2188 κ.
2277 2149 2326 2184 τ.
2359 2131 2434 2195 λ.,
2472 2147 2532 2186 se
2570 2129 2857 2187 Chronicos
2885 2131 3127 2186 Canones
3155 2131 3480 2201 scripsisse,
3512 2136 3623 2189 eis-

367 2225 604 2298 demque
631 2224 1015 2295 compendium
1067 2225 1230 2280 variae
1288 2225 1533 2281 historiae
1581 2234 1691 2280 tam
1747 2226 2058 2282 Grazcorum
2092 2242 2256 2298 quam
2302 2233 2356 2281 et
2387 2225 2620 2280 aliarum
2654 2225 2896 2294 gentium
2931 2239 2997 2279 ex
3031 2223 3259 2278 adverso
3314 2223 3563 2292 posuisse
3601 2243 3619 2279 :

368 2319 534 2370 trium
572 2317 718 2372 enim
752 2318 841 2372 hic
879 2318 1221 2373 diversorum
1260 2334 1488 2389 operum
1516 2335 1742 2374 suorum
1773 2321 1961 2375 memir

2016 2337 2021 2372 μ
2050 2320 2320 2375 Eusebius
2353 2338 2366 2372 :
2408 2317 2592 2388 primi,
2626 2317 3027 2395 Παντοδαπῆς
3057 2317 3326 2385 ἱστορίας
3348 2332 3362 2346 ο
3395 2317 3621 2373 alterius

366 2409 676 2481 Χρονικῶν
701 2415 986 2468 Κανόνων
1009 2428 1022 2443 ⁸
1064 2415 1231 2478 tertii,
1280 2414 1598 2485 Ἐπιτομῆς
1618 2417 1961 2483 παντοδαπῇ

2037 2419 2325 2485 ἱστορίας.
2356 2416 2598 2475 Primum
2630 2416 2921 2488 separatim
2950 2413 3123 2470 edidit
3162 2413 3429 2471 Eusebius
3449 2455 3462 2479 ,
3511 2415 3621 2470 duo

369 2503 574 2573 reliqua
607 2502 966 2572 conjunctim,
993 2511 1052 2558 ut
1077 2505 1163 2560 vel
1195 2504 1356 2560 hodie
1389 2507 1567 2562 solent
1601 2507 1812 2577 vulgari
1848 2527 1861 2561 :
1903 2523 2067 2578 quam
2103 2508 2265 2563 etiam
2297 2508 2367 2561 ob
2395 2525 2619 2566 causam
2654 2507 3010 2564 emendandae
3041 2507 3173 2561 mihi
3205 2508 3461 2561 videntur
3503 2507 3621 2576 epi-

363 2594 585 2664 graphae
611 2608 642 2646 a
680 2591 957 2665 Scaligero
986 2595 1164 2664 editae,
1200 2611 1264 2650 ac
1303 2597 1538 2667 primum
1573 2597 1793 2668 quidem
1832 2597 2054 2655 Eusebii
2087 2615 2226 2669 opus
2252 2600 2494 2667 titulum,
2526 2610 2586 2656 ut
2621 2601 2855 2663 videtur,
2889 2598 3031 2654 ferre
3068 2598 3329 2667 deberet,
3386 2602 3616 2652 Παντο-

362 2684 565 2754 δαπῆς
600 2687 868 2754 ἱστορίας
907 2686 1121 2758 (cujus,
1183 2697 1278 2743 aut
1326 2690 1622 2759 persimilis
1668 2691 1992 2762 epigraplies
2029 2692 2236 2749 Gellius
2282 2709 2499 2765 quoque
2545 2695 2791 2750 meminit
2837 2695 2892 2747 in
2942 2692 3257 2762 praefatione
3311 2693 3378 2747 ad
3421 2691 3618 2748 Noctes

363 2777 622 2848 Atticas.)
646 2786 760 2842 aut,
795 2786 852 2833 ut
885 2780 941 2834 in
993 2782 1291 2852 exemplari
1326 2798 1425 2837 suo
1458 2784 1587 2856 legit
1628 2784 1954 2856 Hieronymu

2016 2825 2023 2850 ,
2060 2787 2357 2864 Ερσεϐιόυ
2396 2786 2503 2841 τοῦ
2536 2788 2851 2856 Παμφίλου
2896 2786 3328 2855 Χρονογραφία.
3369 2786 3618 2840 Alterun

363 2887 524 2938 vero,
563 2871 834 2938 Χρονικοὶ
855 2875 1121 2941 Κανόνες
1157 2875 1282 2929 σὺν
1307 2877 1563 2948 ἐπιτομῇ
1604 2878 1957 2948 παντοδαπῆ

2025 2881 2311 2950 ἱστορίας.
2357 2878 2464 2936 Sed
2505 2881 2620 2936 haec
2649 2880 2727 2935 illi
2753 2879 3096 2936 discutienda
3127 2879 3482 2952 relinquimus
3517 2879 3612 2951 qui

363 2974 429 3025 ad
461 2961 669 3018 edenda
702 2963 921 3020 Eusebii
958 2981 1122 3038 opera
1157 2969 1399 3022 animum
1435 2971 1726 3042 appulerit.

1140 3340 1309 3455 EC
1331 3340 1744 3457 LOG/E
1822 3338 2823 3454 PROPHETICKE.

1510 3580 1874 3668 LIBER
1945 3577 2436 3671 PRIMUS.

347 3977 413 4050 ('.
436 3979 488 4048 1)
507 3976 666 4047 λόγου
693 3995 751 4031 τε
769 3978 864 4031 καὶ
888 3976 1001 4048 βίον
1024 3977 1412 4046 διεξοδευθεῖσα
1431 3980 1530 4044 τὰς
1550 3981 1786 4052 περὶτοῦ
1818 3982 1924 4033 Κυ-

350 4072 467 4142 ,έξου
498 4070 591 4124 καὶ
625 4071 877 4143 Σωτῆρος
915 4072 1076 4144 ήμῶν
1121 4073 1292 4143 Ἰησοῦ
1326 4072 1561 4145 Χριστοῦ
1596 4073 1918 4146 μαρτυρίας,

344 4161 412 4215 δι’
437 4162 682 4234 ἐναργῶν
705 4164 798 4217 καὶ
822 4163 1048 4229 πιστῶν,
1069 4164 1161 4217 καὶ
1175 4164 1386 4236 ἀληθῶν
1406 4162 1728 4229 ἀποδείξεών
1747 4181 1803 4217 τε
1829 4165 1922 4217 καὶ

347 4253 720 4326 συλλογισμῶν
755 4255 1060 4319 ὲπιστοῦτο,
1093 4255 1372 4327 βραχείαις
1415 4257 1610 4328 κομιδῇ
1656 4260 1774 4320 ταῖς
1815 4257 1922 4310 ἀπὸ

343 4348 453 4400 τῶν
480 4347 631 4420 παρά
651 4365 710 4400 τε
726 4347 998 4412 Ἰουδαίοις
1026 4349 1118 4402 καὶ
1143 4351 1273 4420 ἡμῖν
1295 4349 1740 4421 πεπιστευμένων
1763 4349 1920 4404 θείων

345 4439 384 4491 Γ
390 4438 578 4511 ραιρῶν
618 4440 713 4492 ἐπὶ
745 4439 888 4493 τέλει
921 4441 1237 4513 χρησαμένη
1290 4442 1648 4514 μαρτυρίαις⁸
1687 4444 1807 4496 ἐπεὶ
1847 4443 1920 4515 μὴ

342 4530 399 4582 δὲ
430 4530 588 4595 ἄλλος
629 4531 751 4606 ᾔρει
786 4532 941 4602 λόγος
971 4535 1083 4596 τοῖς
1127 4534 1206 4586 ἔτι
1232 4536 1408 4604 πάντη
1437 4538 1554 4599 ταῖς
1588 4533 1760 4598 θείαις
1793 4537 1920 4588 ἀπι-

348 4619 564 4674 στοῦσιν
607 4622 850 4694 Γραφαῖς
902 4623 1142 4693 δαψιλεῖς
1190 4623 1248 4691 ἐξ
1295 4625 1471 4678 αὐτῶν
1525 4627 1919 4698 παρατίθεσθαι

341 4714 441 4777 τὰς
500 4715 808 4778 συστάσεις.
856 4716 938 4768 Τά
979 4733 1044 4784 γε
1085 4717 1191 4789 μὴν
1231 4718 1287 4769 ἐν
1325 4719 1509 4789 χερσὶν
1550 4722 1662 4793 τοῖς
1709 4721 1772 4772 ὲκ
1821 4719 1920 4789 τῆς

343 4805 570 4860 ἐκείνων
610 4807 934 4874 ἀποδείξεως
965 4802 1054 4862 οἷα
1083 4807 1147 4881 δὴ
1196 4807 1366 4873 θείαις
1395 4809 1495 4881 ἤδη
1531 4811 1624 4863 καὶ
1661 4810 1917 4865 θεοπνεύ-

343 4916 492 4963 στοις
539 4900 814 4966 πιστεύειν
864 4900 1141 4969 ὀφείλουσι
1183 4903 1302 4965 ταῖς
1349 4902 1519 4973 ἱεραῖς
1569 4897 1822 4974 Γραφαῖς.
1858 4904 1918 4957 τὸ

339 4988 524 5042 λεῖπον
546 4989 780 5060 ἐκείναις
801 4988 1220 5061 ἀποπληροῦντα
1241 4989 1563 5062 ἐπεπόνητο,
1588 4992 1917 5065 Συναγωγὴν

339 5079 663 5151 περιέχοντα
702 5078 1002 5151 συλλήϐδην
1079 5117 1094 5134 .
1175 5118 1187 5132 .
1269 5117 1286 5134 .
1363 5118 1382 5136 .
1459 5120 1476 5135 .
1557 5121 1570 5134 .
1647 5082 1915 5155 περὶτοῦ

338 5171 544 5244 Κυρίου
576 5173 670 5225 κα)⁸
711 5171 963 5244 Σωτῆρος
1010 5173 1165 5244 ἡμῶν
1203 5173 1378 5247 Ἰησοῦ
1419 5173 1656 5246 Χριστοῦ
1704 5192 1916 5247 προφη-

334 5260 858 5326 τείαν,ἃςᾶπὸπ.
940 5304 954 5317 .
1032 5301 1048 5318 .
1128 5305 1141 5318 .
1222 5304 1235 5318 .
1309 5281 1341 5317 τ
1418 5306 1432 5318 .
1511 5282 1543 5318 σ
1618 5304 1634 5320 .

337 5353 611 5436 Διαθήκης
640 5355 728 5424 ὑφ’
758 5355 816 5420 ἓν
851 5361 1176 5428 συναγαγεῖν
1204 5359 1378 5426 ἔδοξεν
1400 5378 1414 5392 ο
1441 5360 1471 5414 δ
1511 5401 1525 5414 .
1606 5402 1620 5416 .

333 5461 520 5515 τερον·
553 5445 631 5516 πῆ
661 5446 718 5500 δὲ
749 5448 843 5503 καὶ
865 5448 930 5502 δι’
965 5451 1226 5505 ὑπονοιῶν
1263 5453 1332 5506 τὰ
1361 5455 1488 5525 περὶ
1519 5454 1683 5508 αὐτοῦ
1715 5473 1909 5529 προειρ

338 5575 351 5588 .
430 5578 446 5606 .
529 5578 542 5592 .
623 5578 639 5593 .
713 5557 771 5592 ον
796 5541 958 5606 αὐτὸν
988 5544 1082 5596 καὶ
1111 5544 1206 5608 τὰς
1235 5546 1354 5598 κατ’
1385 5546 1547 5601 αὑτὸν
1576 5549 1906 5620 οἰκονομίας.

335 5626 472 5696 υύχὶ
507 5627 682 5682 δὲκαὶ
724 5631 808 5682 εἰσ
885 5673 898 5686 .
979 5673 992 5686 .
1075 5672 1088 5686 .
1167 5674 1180 5687 .
1261 5635 1461 5708 μόζομε
1492 5638 1528 5694 ἃ
1556 5638 1730 5708 πέρας
1763 5639 1908 5711 εἰλη-

333 5717 473 5786 φότα
495 5717 788 5777 δείκνυται.
833 5723 945 5788 Τὰς
969 5724 1025 5778 δὲ
1047 5726 1268 5781 τοιαύτα
1321 5769 1334 5781 .
1416 5770 1429 5783 .
1511 5771 1524 5785 .
1605 5774 1617 5786 .
1701 5773 1713 5785 .
1797 5773 1810 5786 .
1893 5775 1906 5786 .

336 5847 354 5876 ,
432 5850 446 5864 .
522 5810 828 5889 ἀρχούσας·
873 5818 964 5872 καὶ
997 5819 1271 5894 σποράδην
1309 5823 1368 5876 οὐ
1407 5823 1564 5894 μόνον
1607 5825 1907 5899 προφητεία

2025 3979 2291 4035 Sermone
2337 3989 2393 4037 et
2419 3981 2532 4035 vita
2575 3990 2834 4038 accurate
2877 3981 3128 4040 discussa
3163 3983 3231 4040 de
3279 3984 3510 4045 Domino
3546 3997 3602 4048 et

2025 4074 2310 4128 Salvatore
2339 4082 2532 4128 nostro
2571 4071 2699 4129 Jesu
2731 4075 2952 4130 Christo
2986 4077 3325 4144 testimonia,
3369 4097 3464 4151 per
3497 4082 3605 4138 cla~

2023 4180 2134 4228 ras,
2179 4165 2478 4234 ﬁdelesque
2523 4173 2578 4220 et
2615 4181 2771 4221 veras
2805 4166 3305 4224 demonstrationes
3334 4177 3389 4224 et
3433 4173 3602 4226 ratio-

2023 4257 2330 4313 cinationes
2369 4257 2818 4322 conﬁrmabatur,
2838 4258 3096 4313 brevibus
3112 4258 3399 4330 diligenter
3453 4259 3601 4315 Scri-

2023 4364 2304 4425 pturarum
2334 4353 2666 4416 divinarum,
2691 4367 2812 4424 qua:
2837 4352 2978 4423 apud
3009 4350 3226 4409 Judzeos
3258 4364 3310 4409 et
3335 4353 3476 4425 apud
3497 4370 3600 4412 nos

2022 4445 2342 4508 creduntur,
2393 4451 2668 4514 postremo
2719 4459 2819 4500 usa
2871 4444 3234 4512 testimoniis;
3297 4459 3421 4500 cum
3477 4449 3599 4517 qui-

2023 4538 2145 4592 dem
2182 4553 2291 4591 non
2322 4537 2428 4591 alia
2483 4546 2629 4592 esset
2672 4537 2834 4600 ratio,
2894 4535 3204 4591 divinarum
3254 4537 3432 4594 adhuc
3481 4555 3600 4593 om-

2023 4631 2156 4684 nino
2189 4628 2596 4700 Scripturarum
2639 4627 2938 4683 incredulis
2974 4629 3180 4698 largam
3228 4644 3293 4684 ex
3329 4631 3397 4687 iis
3427 4637 3599 4686 male.

2021 4723 2159 4776 riam
2217 4721 2555 4777 conferendi.
2613 4719 2745 4787 Qua:
2804 4721 2971 4790 igitur
3017 4721 3073 4774 in
3105 4736 3271 4776 manu
3305 4732 3486 4788 erant,
3528 4722 3597 4778 iis

2020 4815 2113 4886 qui
2174 4822 2396 4885 propter
2463 4814 2657 4868 borum
2725 4813 3245 4868 demonstrationem
3321 4815 3404 4870 vel
3458 4814 3599 4869 divi-

2020 4907 2130 4976 nis,
2187 4907 2274 4962 vel
2320 4906 2584 4963 divinitus
2637 4905 2834 4961 aﬁlatis
2879 4905 3102 4962 credere
3146 4905 3344 4963 debent
3389 4908 3595 4964 sanctis

2023 4998 2346 5069 Seripturis,
2376 5013 2497 5068 qua:
2529 4997 2637 5053 illis
2667 4997 2884 5053 desunt
2922 4999 3276 5069 complentia,
3317 5001 3595 5058 elaborata

2019 5097 2196 5157 erant,
2225 5089 2566 5163 Synagogam
2598 5105 2710 5145 uno
2748 5090 2916 5145 verbo
2961 5091 3475 5162 comprehendentia
3517 5135 3532 5150 .

2024 5222 2038 5236 .
2083 5199 2098 5238 ;
2143 5222 2157 5235 .
2203 5223 2218 5238 .
2264 5225 2277 5238 .
2323 5211 2352 5238 .-
2383 5222 2398 5236 .
2444 5222 2458 5236 .
2506 5225 2519 5238 .
2565 5221 2579 5235 .
2624 5223 2636 5237 .
2679 5181 2746 5236 de
2771 5179 3005 5235 Domino
3029 5182 3596 5242 etSalvatorenostro

1710 5266 1915 5322 παλαιὰ
1950 5285 1961 5340 ι

2016 5271 2146 5329 .Iesu
2178 5273 2399 5329 Christo
2442 5273 2801 5348 prephetiam,
2846 5287 2985 5343 quas
3027 5287 3059 5327 a
3101 5316 3115 5330 .
3159 5316 3172 5331 .
3217 5315 3231 5328 .
3279 5318 3293 5333 .
3337 5317 3353 5334 .
3398 5320 3412 5334 .
3457 5321 3470 5334 .
3515 5317 3530 5333 .
3576 5320 3591 5334 .

2205 5409 2220 5422 .
2262 5377 2445 5422 vetera
2484 5365 2818 5422 Testamenti
2851 5366 2906 5420 in
2942 5381 3110 5422 unum
3153 5372 3479 5428 contrahere
3513 5372 3594 5430 vi-

2013 5475 2134 5515 sum
2163 5470 2283 5527 est;
2328 5500 2342 5514 .
2387 5500 2404 5518 .
2448 5500 2462 5514 .
2509 5502 2521 5514 .
2568 5499 2583 5514 .
2629 5503 2642 5516 .
2691 5506 2704 5516 .
2749 5501 2764 5516 .
2806 5465 3098 5536 allegorice
3138 5465 3206 5522 de
3238 5466 3331 5521 illo
3355 5485 3465 5539 pra:
3507 5509 3519 5522 .
3569 5513 3584 5526 .

2016 5593 2029 5606 .
2075 5593 2088 5606 .
2133 5593 2149 5608 .
2193 5593 2206 5606 .
2253 5595 2267 5610 .
2311 5591 2326 5608 .
2373 5595 2387 5608 .
2420 5595 2434 5610 .
2467 5569 2590 5609 eum
2615 5561 3024 5628 atquepereum
3043 5560 3588 5632 dispositiones.Ncn

2013 5655 2194 5702 autem
2216 5647 2348 5701 etin
2392 5689 2405 5702 .
2451 5687 2466 5702 .
2513 5686 2527 5700 .
2567 5689 2581 5703 .
2625 5688 2640 5703 .
2685 5691 2698 5705 .
2739 5665 2861 5721 qua:
2881 5653 3157 5724 accepisse
3178 5666 3559 5712 exnumosten

2009 5739 2233 5796 duntur.
2261 5739 2412 5794 Talia
2445 5757 2573 5796 vero
2614 5779 2628 5794 .
2676 5784 2688 5796 .
2735 5782 2748 5796 .
2795 5785 2809 5798 .
2849 5781 2865 5798 .
2911 5785 2926 5799 .
2973 5783 2987 5798 .
3033 5788 3046 5800 .
3091 5787 3106 5802 .
3152 5788 3166 5802 .
3206 5787 3219 5799 .
3260 5747 3580 5820 dirigentes,

2012 5841 2175 5904 atque
2205 5833 2310 5889 huc
2356 5839 2408 5890 et
2451 5833 2577 5890 illuc
2623 5850 2730 5892 non
2764 5843 2970 5895 tantum
3002 5839 3286 5910 prophetia
3332 5876 3345 5899 ,
3389 5879 3403 5899 .
3446 5880 3458 5895 .
3506 5881 3521 5895 .
3559 5879 3578 5895 .
