4114 6472
543 278 685 339 £025
1178 288 1448 346 EUSEBII
1487 290 1974 352 CESARIENSIS
2024 292 2161 357 ΠΨ.
2202 292 2382 350 PARS
2417 294 2506 354 ιιι.
2543 327 2615 341 -
2652 297 3064 362 EXEGETICA.
3641 317 3788 374 1023

542 438 563 459 .
607 442 623 460 .
666 442 682 459 .
725 444 740 460 .
787 446 801 461 .
845 446 857 460 .
897 423 1018 479 qua:
1048 409 1101 465 in
1138 410 1386 468 historiis
1425 414 1796 471 continentur.
1826 414 1946 472 Non
1979 433 2086 488 pan

2188 456 2235 477 ,.
2316 458 2330 473 .
2409 457 2425 473 .
2502 459 2516 473 .
2579 438 2715 477 ουσα
2754 464 2768 478 .
2845 462 2862 480 .
2904 426 3167 498 ἱστορίαις
3199 429 3788 504 ὲναποκειμὲνκσοὺκ

541 494 624 551 cis
662 537 677 552 .
720 537 735 551 .
774 540 789 554 .
833 540 848 554 .
887 542 901 556 .
945 542 959 555 .
1000 544 1015 559 .
1056 512 1176 559 acta
1222 503 1340 560 fore
1389 505 1588 572 utiles;
1616 522 1740 563 cum
1785 523 1896 563 non
1933 508 2086 564 facile

2216 509 2414 580 ὀλίγοις
2490 552 2503 566 .
2583 556 2596 569 .
2676 553 2690 569 .
2769 515 2994 588 ἀχθεῖσα
3022 494 3243 573 ἔσεσθαι
3288 494 3619 594 χρησίμουςί
3657 529 3787 583 ἐπεὶ

538 588 636 644 sed
675 590 834 659 quasi
877 608 944 647 ex
986 630 1004 648 .
1046 631 1063 648 .
1106 632 1123 650 .
1168 637 1181 652 .
1226 637 1240 651 .
1287 637 1301 651 .
1348 636 1361 649 .
1408 638 1423 653 .
1468 595 1877 669 Scripturarum
1928 615 2086 655 coran

2216 602 2293 675 μὴ
2322 605 2503 676 ῥᾴδιον
2525 606 2639 659 ἀλλ’
2670 607 2747 671 ώς
2769 609 2832 662 ὲκ
2861 608 2961 680 τῆς
3036 650 3052 664 .
3130 651 3145 664 .
3219 588 3391 685 τειἑὲιᾴ
3409 588 3517 670 τών
3550 588 3785 691 rm

537 680 793 736 omnibus
838 684 1179 741 recitationis
1223 702 1415 744 omnes
1463 689 1750 761 subjacere
1778 692 1836 747 in
1871 707 1934 749 os
1966 702 2022 749 et
2059 693 2112 749 in

534 771 855 827 memoriam
886 773 1031 832 ferre
1060 778 1390 835 volentibus.

610 860 903 921 Sciendum
951 877 1037 925 est
1085 887 1208 936 nos,
1246 874 1567 945 priusquam
1622 874 1726 931 hoc
1769 878 2109 948 propositum

534 956 981 1026 aggrederemur,
1010 961 1299 1021 Chronico:
1323 965 1563 1024 Canones
1585 969 1899 1041 scripsisse,
1919 971 2111 1042 eisque

535 1050 922 1118 compendium
956 1055 1123 1111 varia:
1164 1057 1412 1114 historiae
1441 1069 1550 1114 tam
1594 1058 1909 1117 Graecorum
1943 1078 2105 1133 quam

533 1147 587 1193 et
607 1139 840 1196 aliarum
872 1145 1117 1216 gentium
1145 1164 1211 1203 ex
1247 1149 1477 1207 adverso
1504 1153 1775 1222 posuisse,
1806 1154 1873 1208 ad
1904 1154 2107 1227 Moysis

533 1238 697 1301 atque
742 1235 998 1301 aliorum,
1046 1239 1140 1310 qui
1172 1251 1295 1310 post
1340 1259 1464 1299 eum
1508 1244 1681 1315 fuere,
1716 1248 2104 1317 prophetarum

533 1330 858 1381 vetustatem
901 1331 1307 1389 vindicandam.
1340 1334 1438 1392 His
1468 1340 1624 1408 quasi
1670 1340 2103 1410 supplementum

529 1431 650 1487 quae
678 1418 838 1476 nobis
871 1422 926 1476 in
946 1438 1110 1479 manu
1134 1438 1294 1482 erant
1323 1431 1525 1500 passim
1556 1433 1896 1503 colligentes,
1921 1434 2106 1504 priore

528 1508 783 1564 absoluto
826 1511 894 1566 ad
946 1528 1185 1582 prasens
1234 1533 1372 1589 Opus
1417 1536 1598 1576 rerum
1640 1535 1836 1578 natura
1880 1524 2101 1580 adducti

528 1615 740 1657 sumus.
774 1601 931 1668 Quod
974 1606 1099 1676 quis
1147 1610 1253 1666 cite
1296 1612 1559 1681 sapientis
1587 1614 1706 1685 apis
1737 1617 1973 1671 naturali
2010 1618 2099 1673 in-

525 1692 750 1748 dustriae
791 1701 1208 1767 comparaverit,
1256 1702 1323 1757 ad
1355 1719 1517 1773 quam
1564 1721 1667 1762 nos
1718 1708 1944 1763 remittit
2004 1725 2099 1765 sa-

2215 695 2665 768 συναναγνώσεως
2686 699 2784 765 τὰς
2805 701 2983 768 πάσας
3005 703 3329 760 ὑποπίπτειν
3348 710 3461 773 τοῖς
3480 709 3588 765 ἀνά
3606 711 3785 785 στόμα

2213 789 2306 842 κα)⁸
2337 789 2426 844 διὰ
2454 792 2673 863 μνήμης
2699 793 2885 865 φέρειν
2920 797 3089 863 αὑτὰς
3114 798 3479 870 βουλομένοις.

2295 880 2491 936 Ἰστέον
2521 882 2568 935 δ’
2596 882 2672 948 ὡς
2705 885 2811 957 πρὸ
2843 887 2940 959 τῆς
2978 888 3257 961 παρούσης
3290 890 3599 957 ὑποθέσεως
3633 896 3784 964 Χρο-

2207 974 2418 1042 νικοὺς
2455 976 2813 1043 συντάξαντες
2850 981 3142 1049 Κανόνας,
3174 985 3440 1055 ἐπιτομήν
3467 1001 3530 1038 τε
3568 985 3782 1051 τούτοις

2208 1064 2549 1138 παντοδαπῆς
2578 1067 2818 1140 ἱστορίας
2862 1070 3123 1143 Ἐλλήνων
3152 1090 3211 1126 τε
3242 1074 3337 1128 καὶ
3369 1073 3657 1148 βαρϐάρων
3681 1076 3781 1133 ἀν-

2206 1154 2622 1227 τιπαραθέντες,
2649 1158 2751 1231 τὴν
2781 1159 3060 1224 Μωῦσέως
3087 1162 3179 1216 καὶ
3203 1162 3312 1216 τῶν
3344 1164 3402 1231 ἐξ
3444 1165 3610 1219 αὑτοῦ
3640 1183 3777 1239 πρίν

2206 1247 2391 1318 φητῶν
2424 1248 2758 1323 ἀρχαιότητα
2784 1251 2849 1305 δι’
2879 1251 3059 1306 αὑτῶν
3082 1256 3533 1328 παρεστήσαμεν’
3568 1254 3648 1322 οἷς
3673 1259 3775 1331 τὴν
3792 1244 3805 1256 ’

2208 1338 2344 1408 μετά
2385 1342 2575 1413 χεῖρας
2618 1343 2892 1415 σποράδην
2943 1342 3232 1398 ἀκόλουθον
3278 1346 3771 1418 ὑπολαμϐάνοντες,

2202 1430 2429 1495 είκότως
2473 1434 2592 1503 μετ’
2618 1432 2832 1506 ἐκείνην
2864 1433 2957 1487 ἐπὶ
2993 1433 3091 1506 τήν
3115 1434 3391 1505 παροῦσαν
3434 1435 3771 1510 ἐληλύθαμεν

2203 1524 2581 1596 πραγματείαν
2602 1541 2618 1557 ·
2645 1527 2711 1598 ἢν
2731 1526 2825 1581 καὶ
2846 1528 3143 1601 χαριέντως
3170 1532 3235 1585 ἄν
3261 1548 3345 1594 τις
3366 1530 3445 1602 τῷ
3469 1530 3570 1602 τῆς
3598 1531 3769 1602 σοφῆς

2204 1614 2458 1686 μελίττης
2482 1602 2831 1673 ἀπεικάσειεν
2869 1620 3080 1693 φυσικῷ
3113 1623 3505 1695 σπουδάσματι,
3537 1624 3674 1696 πρὸς
3701 1625 3768 1697 ἦν

2201 1708 2538 1779 ἀναπέμπων
2570 1711 2720 1781 ἡμᾶς
2759 1713 2788 1765 ό
2828 1713 2888 1766 ὲν
2915 1714 3243 1786 Παροιμίαις
3288 1715 3430 1789 ἱερὸς
3471 1716 3625 1785 λόγος
3657 1735 3768 1789 cm.-

522 1798 616 1839 cer
653 1800 836 1841 sermo
883 1788 939 1843 in
982 1788 1294 1850 Proverbiis
1340 1794 1530 1853 dicens
1560 1816 1621 1857 ;,ι
1653 1796 1801 1855 Vade
1823 1800 1888 1855 ad
1911 1816 2086 1872 apem.

2202 1802 2306 1867 o‘w,
2347 1820 2365 1854 ι
2411 1804 2481 1857 Ἣ
2504 1803 2796 1876 πορεύθητι
2826 1805 2960 1876 πρὸς
2990 1783 3106 1879 τὴνῄ
3117 1783 3389 1879 μέλιτταν,
3419 1808 3513 1863 καὶ
3542 1783 3617 1861 ίδε
3647 1783 3767 1872 ;

521 1883 577 1931 et
600 1875 721 1932 vide
741 1894 904 1949 quam
931 1896 1164 1953 operosa
1190 1886 1283 1952 sit,
1313 1902 1588 1959 quamque
1616 1893 1893 1962 egregium
1924 1893 2096 1948 conﬁ-

520 1968 630 2023 ciat
652 1984 831 2040 opus;
860 1973 982 2043 ejus
1010 1975 1250 2032 laborem
1286 1994 1442 2050 reges
1483 1991 1536 2037 et
1572 1983 1769 2053 privati
1796 1985 1862 2040 ad
1895 1986 2096 2041 sanita-

520 2070 627 2117 tem
658 2065 986 2135 comedunt;
1016 2077 1172 2139 grata
1214 2078 1300 2127 est
1349 2074 1628 2142 omnibus,
1659 2086 1829 2149 atque
1861 2078 2090 2151 inclyta,

515 2154 623 2209 etsi
671 2155 883 2213 viribus
934 2158 1166 2228 debilis,
1222 2164 1548 2235 sapientiam
1596 2168 1778 2226 colere
1829 2172 2094 2242 praedica-

515 2254 607 2300 tur
631 2248 669 2303 ί.
702 2268 720 2298 ι
766 2250 1233 2317 Quemadmodum
1290 2256 1440 2312 enim
1484 2259 1600 2315 haec
1645 2261 1830 2332 apifex
1864 2265 2091 2336 sapien-

511 2341 644 2398 tiam
697 2344 878 2402 colere
948 2345 1142 2413 fertur,
1196 2348 1503 2407 ﬂorentium
1568 2355 1877 2424 germinum
1941 2358 2091 2413 colli-

511 2448 645 2505 gens
679 2435 856 2502 utilia,
889 2444 943 2491 et
975 2436 1063 2494 bis
1091 2441 1351 2498 omnibus
1380 2444 1628 2500 collectis
1651 2456 1814 2517 atque
1841 2448 2092 2503 elabora-

516 2524 610 2588 tis,
642 2525 862 2596 regibus
889 2534 943 2582 et
975 2527 1204 2599 privatis
1246 2531 1541 2599 salutares,
1569 2544 1627 2590 ut
1654 2536 1732 2589 ait
1782 2535 2085 2610 Scriptura,

508 2624 730 2687 praestat
760 2618 974 2675 labores
1013 2635 1164 2685 suos,
1196 2621 1339 2678 idem
1375 2626 1538 2680 etiam
1586 2627 1723 2683 istas
1762 2628 1831 2684 de
1867 2627 2088 2685 Cbristo

507 2707 856 2778 propheticas
881 2712 1039 2768 nobis
1067 2713 1321 2784 Eclogas,
1361 2732 1483 2788 quae
1520 2726 1650 2774 sunt
1691 2719 2022 2793 ﬂorilegium
2058 2740 2090 2780 e

508 2801 678 2870 pratis
703 2800 795 2858 Dei
814 2803 1173 2874 spiritalibus,
1207 2810 1704 2879 comprehensuras
1744 2827 1868 2869 esse
1899 2814 2089 2870 existi-

506 2905 618 2956 mo,
680 2894 879 2965 quippe
924 2912 1063 2952 cera:
1112 2897 1414 2968 opiﬁcium,
1465 2903 1695 2972 pulchre
1745 2905 2086 2964 elaboratum

505 2983 735 3040 sinceris
801 2986 978 3043 verbis
1029 2987 1305 3047 tradentes
1366 2995 1670 3051 sententias
1729 3013 1860 3053 vero
1904 3000 1961 3055 in
2017 3001 2086 3057 iis

503 3077 815 3135 reconditas
845 3080 987 3136 sicut
1023 3080 1237 3139 dulcem
1279 3100 1344 3140 ac
1380 3086 1804 3144 saluberrimum
1844 3093 1964 3162 apis
1994 3110 2085 3149 sa-
2111 3129 2149 3185 ε

505 3169 705 3239 pientis
740 3170 975 3227 fructum
1014 3173 1070 3228 in
1111 3183 1323 3230 secreto
1360 3177 1621 3235 interiore
1652 3180 1775 3236 loco
1810 3183 2077 3242 condens.

502 3259 637 3328 Quis
672 3264 814 3317 enim
863 3264 1098 3320 fidelium
1136 3282 1249 3322 non
1276 3267 1537 3325 fateretur
1569 3271 1636 3326 ab
1663 3273 1811 3328 omni
1829 3277 2077 3347 corporis

500 3354 776 3425 voluptate
814 3363 868 3411 et
894 3357 1124 3413 utilitate
1158 3360 1570 3431 incomparabili
1608 3362 1827 3422 diﬂ‘erre
1854 3370 2075 3437 praecel-

501 3445 665 3500 lentia
695 3447 962 3503 Salutares
986 3448 1053 3505 de
1083 3447 1264 3506 Verbo
1296 3450 1389 3507 Dei
1412 3454 1756 3523 collationes,
1782 3458 1851 3513 ad
1876 3459 2075 3517 intelli-

498 3538 735 3607 gentiam
761 3539 1095 3595 ortbodoxiae
1127 3540 1373 3610 idoneas,
1399 3543 1454 3599 in
1498 3546 1566 3603 iis
1589 3564 1710 3618 quae
1752 3566 1879 3608 vere
1917 3552 2072 3609 utilia

497 3634 551 3680 ct
588 3626 830 3682 salubria
876 3630 1039 3685 sunt!
1074 3629 1227 3688 lianc
1275 3636 1528 3707 amplecti
1569 3654 1796 3697 necesse
1834 3650 1919 3698 est
1960 3660 2072 3702 non

497 3724 706 3772 tantum
776 3719 1043 3791 dignitate
1114 3727 1487 3795 praecellentes
1514 3770 1530 3795 ,
1598 3732 1693 3803 qui
1750 3749 1906 3806 reges
1971 3753 2073 3793 vo-

494 3815 710 3874 cantur,
765 3810 862 3865 scd
910 3818 964 3867 et
1011 3814 1310 3886 subjectos,
1357 3825 1412 3875 et
1442 3820 1681 3890 primum
1706 3841 1853 3881 nunc
1882 3825 2069 3883 divino

494 3901 837 3959 attendentes
900 3905 1086 3962 verbo.
1140 3907 1351 3973 Quibus
1386 3910 1602 3972 diverse
1651 3916 1908 3975 idoneum
1953 3921 2069 3980 fore

491 3992 746 4049 existimo
790 3996 991 4052 mentis
1027 3996 1312 4065 habitum,
1365 4008 1426 4056 ut
1472 4018 1800 4075 pernoscere
1855 4011 2069 4080 possint

489 4083 776 4167 veritatem
825 4099 1016 4141 eorum
1074 4087 1367 4145 verborum
1402 4130 1419 4158 ,
1481 4092 1549 4149 de
1614 4085 1815 4168 quibus
1864 4100 2067 4156 eruditi

488 4173 686 4239 sunt';
724 4156 869 4230 'tunc
902 4176 1139 4233 maxime
1180 4179 1413 4250 simplici
1471 4184 1797 4259 sinceraque
1830 4187 1935 4246 ﬁde
1971 4191 2065 4247 ﬁr-

487 4277 633 4319 mam
690 4278 1061 4340 consequente
1112 4272 1409 4341 ﬁduciam,
1453 4293 1580 4333 cum
1643 4281 2065 4342 ratiocinatione

486 4363 542 4412 et
577 4356 1044 4419 demonstratione
1077 4362 1439 4423 fundamenta
1468 4371 1711 4428 stabilita
1756 4375 1889 4441 sint,
1941 4392 2062 4433 cer-

486 4448 753 4507 tissimam
784 4468 966 4510 rerum
997 4456 1333 4514 creditarum
1359 4460 1772 4534 intelligentiam
1795 4474 1849 4521 et
1879 4466 2061 4524 scien-

2197 1894 2419 1966 ἐργάτις
2447 1895 2584 1962 ἐστὶ,
2613 1900 2713 1969 τήν
2744 1913 2802 1950 τε
2833 1898 3092 1971 ἐργασίαν
3118 1899 3193 1963 ὡς
3237 1899 3439 1971 σεμνὴν
3466 1897 3760 1973 ἐμπορεύε-

2194 2004 2283 2041 ται
2300 2005 2312 2018 ·
2338 1983 2405 2061 ἦς
2428 1989 2554 2053 τοὺς
2574 1988 2770 2055 πόνους
2798 1989 3033 2062 βασιλεῖς
3056 1991 3151 2045 καὶ
3188 1990 3391 2045 ἰδιῶται
3416 1992 3550 2063 πρὸς
3575 1991 3771 2061 ὑγείαν

2194 2080 2593 2152 προσφέρονται
2618 2098 2632 2110 ·
2663 2081 2889 2153 ποθεινὴ
2922 2100 2981 2136 τε
3008 2082 3153 2138 ἐστὶν
3177 2083 3340 2137 πᾶσιν
3374 2084 3467 2136 καὶ
3498 2081 3764 2147 ἐπίδοξος,

2194 2170 2393 2243 καίπερ
2419 2167 2553 2226 οὖσα
2578 2174 2644 2243 τῇ
2679 2171 2838 2247 ῥώμῃ
2860 2171 3110 2244 ἀσθενὴς,
3143 2173 3242 2244 τὴν
3266 2173 3457 2243 σοφίαν
3485 2174 3766 2245 τιμήσασα

2193 2265 2462 2338 προήχθη.
2503 2284 2521 2317 ι
2561 2268 2656 2320 Ὃν
2688 2266 2798 2337 γὰρ
2845 2268 2879 2339 ή
2916 2268 3139 2340 ἐργάτις
3184 2267 3369 2338 ἐκείνη
3414 2266 3617 2339 τρόπον
3663 2268 3764 2341 τὴν

2193 2357 2381 2427 σοφίαν
2411 2358 2638 2430 τιμῆσαι
2667 2358 3106 2431 μαρτυρουμένη,
3126 2357 3235 2412 τῶν
3256 2358 3493 2413 εύθαλῶν
3514 2359 3763 2430 βλαστῶν

2189 2451 2559 2523 ἁναλεγομένη
2587 2450 2656 2505 τὰ
2695 2450 2998 2526 πρόσφορα,
3033 2451 3096 2505 ὲκ
3118 2450 3219 2521 τῆς
3256 2452 3509 2505 ἁπάντων
3534 2453 3763 2506 ἐπισυν-

2189 2543 2412 2614 αγωγῆς
2469 2560 2530 2596 τε
2583 2543 2677 2597 καὶ
2722 2544 2983 2616 ἐργασίας
3045 2543 3321 2616 βασιλεῦσι
3375 2545 3469 2597 καὶ
3523 2543 3762 2608 ἰδιώταις

2190 2635 2477 2703 ὑγιεινοὺς,
2570 2652 2733 2707 φησιν
2764 2636 2797 2706 ή
2822 2634 3034 2707 Γραφὴ,
3063 2634 3361 2708 παρέχεται
3397 2636 3521 2700 τοὺς
3557 2635 3761 2707 ἑαυτῆς

2190 2727 2404 2793 πόνους,
2433 2727 2625 2781 ταυτόν
2648 2743 2700 2780 τι
2727 2728 2819 2781 καὶ
2850 2727 2947 2789 τὰς
2977 2729 3107 2799 περὶ
3131 2726 3224 2781 τοῦ
3256 2727 3491 2800 Χριστοῦ
3516 2729 3760 2799 11,0qu-

2187 2820 2353 2886 τικὰς
2384 2820 2516 2891 ἡμῖν
2558 2819 2860 2891 Ἐκλογὰς,
2906 2819 3221 2893 ἁπάνθισμα
3249 2820 3358 2874 τῶν
3389 2820 3483 2874 τοῦ
3509 2819 3643 2883 Θεοῦ
3668 2819 3761 2874 λο-

2187 2911 2357 2979 γικῶν
2402 2907 2682 2982 λειμώνων
2724 2910 3116 2981 τυγχανούσας,
3172 2910 3441 2983 περιέξειν
3490 2909 3757 2983 ήγοῦμαι.

2184 3004 2284 3075 τὴν
2319 3002 2417 3076 μὲν
2439 3002 2548 3058 τῶν
2581 3002 2765 3077 κηρῶν
2792 3002 3092 3059 εὔπλαστον
3118 3004 3474 3078 δημιουργίαν
3496 3003 3552 3057 ὲν
3571 3000 3764 3072 ψιλαῖς

2185 3097 2303 3159 ταῖς
2330 3094 2534 3160 λέξεσιν
2565 3094 2975 3161 ἀποσωξούσας,
3022 3093 3093 3148 τὰ
3134 3094 3178 3147 δ’
3222 3097 3279 3148 ὲν
3310 3094 3458 3168 αὐτῷ
3488 3094 3761 3158 τεθησαυ-

2185 3185 2419 3258 ρισμένα
2450 3187 2695 3257 νοήματα
2726 3186 3041 3258 καταλλήλῳ
3070 3184 3148 3258 τῷ
3173 3186 3362 3256 γλυκεῖ
3388 3187 3480 3241 καὶ¹
3522 3189 3759 3257 ὑγιεινο-

2181 3268 2329 3349 τάτῳ
2359 3278 2459 3349 τῆς
2491 3278 2660 3349 σοφῆς
2708 3279 2766 3331 ὲν
2799 3277 3011 3350 ἐκείνης
3040 3281 3336 3351 γεννήμιιτι
3376 3280 3506 3334 εἵσω
3552 3297 3657 3335 που
3687 3283 3752 3335 ἑν

2181 3367 2511 3438 ἀπορρήτοις
2551 3368 2960 3440 ταμιευόμενος.
3004 3367 3098 3431 Τίς
3136 3368 3242 3438 γὰρ
3290 3368 3353 3441 δὴ
3392 3369 3501 3423 τῶν
3540 3370 3749 3425 πιστῶν

2180 3458 2280 3512 οὑκ
2332 3458 2398 3513 ἂν
2429 3459 2755 3533 ὁμολογήσαι
2797 3460 2977 3532 πάσης
3021 3459 3109 3513 διά
3152 3460 3414 3531 σωμάτων
3454 3460 3644 3533 ἡδονῆς
3687 3477 3749 3516 τε

2180 3553 2274 3606 καὶ
2295 3551 2560 3623 ὡφελείας
2589 3553 2904 3626 ἁσυγκρίτῳ
2936 3552 3209 3624 διαφέρειν
3240 3553 3477 3625 ὑπεροχῇ
3509 3553 3609 3618 τὰς
3639 3571 3747 3607 σω-

2176 3643 2396 3716 τηρίους
2422 3644 2549 3716 περὶ
2580 3643 2675 3697 τοῦ
2709 3645 2882 3713 Λόγου
2915 3643 3008 3697 τοῦ
3040 3642 3176 3697 Θεοῦ
3218 3642 3560 3715 παραθέσεις,
3598 3642 3746 3713 (£3)

2176 3737 2512 3810 ἐπιτηδείους
2555 3737 2693 3809 πρὸς
2743 3736 3006 3808 ἀνάληψιν
3057 3735 3407 3810 ὑπαρχούσας
3461 3735 3562 3805 τῆς
3604 3735 3749 3789 κατά

2176 3829 2433 3902 ἀλήθειαν
2484 3828 2758 3902 ὠφελίμου
2801 3830 2896 3884 καὶ
2948 3830 3191 3900 ὑγιεινῆς
3247 3826 3586 3901 ὀρθοδοξίαςς
3641 3829 3747 3885 Ἦν

2176 3921 2456 3994 περιέπειν
2487 3923 2782 3992 ἀναγκαῖον
2810 3922 2871 3975 οὑ
2907 3920 3099 3992 μόνους
3122 3921 3249 3984 τοὺς
3275 3919 3373 3991 τὴν
3405 3919 3516 3986 ἕξιν
3541 3919 3744 3993 προϐε-

2175 4010 2411 4082 ϐηκότας
2441 4010 2681 4082 βασιλεῖς
2704 4007 3153 4085 ὀνομαζομένους,
3180 4006 3314 4062 ἀλλὰ
3340 4007 3434 4062 καὶ
3458 4009 3585 4072 τοὺς
3613 4008 3755 4063 ὑπο-κ

2173 4102 2473 4176 ϐεϐηκότας
2496 4103 2591 4158 καὶ
2617 4102 2833 4176 πρῶτον
2850 4102 2973 4175 ἄρτι
2988 4100 3064 4172 τῷ
3086 4100 3213 4172 Θείῳ
3231 4099 3553 4188 προσιόντας
3575 4097 3740 4170 λόγῳ·

2171 4193 2252 4261 οἷς
2293 4196 2386 4251 καὶ
2417 4195 2776 4269 διαφερόντως
2807 4193 3118 4266 ἐπιτηδείαν
3145 4190 3361 4245 ἔσεσθαι
3408 4189 3612 4262 νομίζω
3643 4191 3744 4263 τήν

2172 4288 2447 4352 ὑπόθεσιν,
2490 4289 2565 4352 ὡς
2613 4288 2679 4343 ἂν
2726 4287 2984 4360 ἀκριϐοῦν
3025 4285 3085 4354 ἐξ
3128 4286 3296 4357 αὐτῆς
3348 4284 3593 4341 δύναιντο
3639 4285 3749 4358 τὴν

2170 4381 2299 4453 περὶ
2335 4373 2410 4433 ὧν
2450 4377 2838 4451 κατηχήθησαν
2867 4377 3042 4447 λόγων
3076 4376 3405 4447 ἀσφάλειανο
3441 4376 3562 4430 τότε
3598 4375 3739 4448 μάλ-

2168 4468 2258 4523 λον
2284 4470 2384 4542 τῆς
2410 4466 2588 4540 ἁπλῆς
2613 4467 2709 4519 καὶ
2737 4466 2995 4538 ἀκεραίου
3021 4467 3256 4530 πίστεως
3284 4468 3491 4538 πεῖσμα
3519 4464 3751 4535 βέϐαιον

485 4542 615 4596 tiam
675 4544 743 4599 ad
782 4585 798 4601 .
842 4584 857 4599 .
899 4584 918 4605 .
961 4588 976 4602 .
1035 4587 1051 4602 .
1096 4590 1111 4604 .
1155 4586 1171 4604 .
1222 4589 1239 4605 .
1282 4589 1302 4608 .
1345 4593 1360 4607 .
1407 4594 1423 4608 .
1463 4553 1629 4625 igitur
1677 4570 1881 4626 causa,
1933 4558 2060 4616 dico

2190 4559 2445 4632 σχούσης,
2484 4557 2701 4612 ἐπειδάν
2740 4557 2819 4629 τῷ
2857 4557 3100 4629 λογισμῷ
3151 4559 3276 4622 τοὺς
3310 4558 3377 4611 δι’
3414 4556 3740 4623 ἀποδείξεως

484 4638 667 4687 autem
706 4672 722 4689 .
762 4673 776 4690 .
820 4674 835 4689 .
883 4676 898 4691 .
940 4676 956 4692 .
1004 4677 1018 4692 .
1065 4679 1080 4694 .
1124 4679 1140 4695 .
1182 4679 1196 4692 .
1236 4656 1465 4700 necesse
1505 4660 1626 4702 esse
1658 4647 1882 4717 prodest
1919 4692 1933 4707 .
1979 4692 1994 4707 .
2038 4694 2055 4710 .

2188 4648 2659 4725 τροεγκαταϐαλών
2681 4667 2765 4715 τις
2784 4649 3062 4722 θεμελίους
3086 4650 3185 4722 τὴν
3208 4649 3409 4721 ἀκριϐῆ
3439 4649 3549 4703 τῶν
3572 4666 3738 4704 πεπι-

484 4739 502 4755 ο
544 4761 561 4777 .
605 4764 622 4781 .
662 4764 679 4779 .
725 4767 741 4782 .
784 4767 800 4783 .
844 4767 859 4783 .
903 4767 919 4783 .
962 4770 978 4786 .
1022 4739 1120 4800 ,ut
1156 4732 1212 4788 in
1246 4738 1502 4806 prommii
1532 4741 1696 4796 modo
1724 4742 2056 4816 interpreta-

2188 4741 2472 4813 ττευμὲνων
2521 4739 2824 4811 κατάληψίν
2864 4758 2925 4794 τε
2975 4741 3070 4796 καὶ
3120 4739 3321 4811 γνῶσιν
3353 4740 3489 4813 πρὸς
3533 4741 3739 4814 ὲπικτη

364 4804 367 4807 ’
483 4814 685 4870 tionem
714 4816 864 4872 brevi
904 4856 923 4874 .
968 4859 982 4875 .
1022 4860 1039 4878 .
1085 4862 1103 4879 .
1145 4862 1159 4878 .
1203 4861 1221 4878 .
1248 4804 1284 4880 _.
1329 4864 1345 4879 .
1386 4865 1404 4879 .
1445 4868 1462 4884 .
1508 4869 1525 4884 .
1566 4831 1803 4887 maxime
1842 4833 2055 4894 brevis-

2257 4872 2272 4887 .
2298 4804 2313 4813 I
2353 4873 2368 4888 .
2446 4873 2461 4886 .
2531 4874 2544 4887 .
2584 4849 2613 4888 ν
2635 4804 2766 4902 γοῦν
2797 4832 2981 4888 ἕνεκεν
3009 4804 3151 4905 φημί
3179 4833 3235 4887 δὲ
3262 4833 3371 4890 τῶν
3401 4804 3479 4888 ὲτ⁷
3502 4872 3518 4888 .
3559 4873 3575 4888 .
3613 4804 3729 4887 τοι-ί

480 4907 676 4963 simam
720 4924 1026 4981 proponere
1070 4913 1140 4971 de
1181 4953 1194 4971 .
1241 4958 1257 4973 .
1303 4958 1318 4974 .
1363 4959 1375 4973 .
1422 4957 1436 4972 .
1495 4920 1718 4991 quidem
1765 4939 2054 4998 argumen-

2188 4925 2357 4998 [ειώσε
2433 4968 2446 4981 .
2528 4967 2543 4981 .
2624 4965 2638 4979 .
2718 4966 2734 4981 .
2813 4965 2826 4980 .
2906 4964 2923 4981 .
2996 4927 3287 4995 ἀναγκαῖον
3313 4921 3451 4981 εἶναι
3481 4925 3730 4999 παρέστη

478 5007 594 5055 tum
623 5001 732 5058 illis
753 5003 844 5073 qui
871 5004 1095 5063 credere
1123 5008 1284 5079 quasi
1306 5008 1510 5067 divinis
1552 5051 1568 5067 .
1613 5053 1629 5067 .
1673 5054 1687 5069 .
1730 5058 1744 5070 .
1796 5054 1812 5071 .
1857 5058 1871 5073 .
1918 5062 1932 5074 .
1976 5062 1990 5077 .
2034 5060 2051 5077 .

2188 5017 2303 5073 ιετὰ
2342 5017 2443 5090 τὴν
2482 5016 2718 5090 ἑκάστης
2770 5035 2877 5090 προ
2948 5056 2963 5071 .
3042 5057 3057 5071 .
3134 5057 3149 5070 .
3230 5059 3245 5073 .
3324 5034 3393 5083 ιν,
3422 5017 3499 5081 ὡς
3527 5017 3586 5069 ἑν
3612 5017 3729 5071 ela-

479 5092 776 5162 praadlcant
820 5093 1159 5169 Scripturis;
1203 5115 1315 5156 non
1347 5101 1516 5174 igitur
1557 5145 1573 5160 .
1618 5145 1631 5159 .
1679 5148 1692 5162 .
1742 5151 1755 5163 .
1798 5147 1814 5163 .
1855 5150 1869 5163 .
1913 5151 1928 5165 .
1974 5154 1989 5169 .
2035 5152 2049 5168 .

2188 5113 2383 5185 ιγωγῆς
2412 5113 2600 5186 τρόπῳ
2625 5112 2875 5186 διήγησιν
2907 5112 3077 5186 βραχυ
3120 5152 3136 5168 .
3215 5153 3227 5165 .
3306 5151 3321 5165 .
3400 5152 3416 5167 .
3493 5111 3574 5166 ενι
3622 5109 3731 5184 μά·

475 5182 663 5241 Jesum
691 5187 853 5260 quasi
883 5190 1064 5262 ipsum
1111 5208 1273 5263 quem
1312 5194 1799 5265 prophetaverunt.
1843 5200 1905 5258 In
1949 5204 2051 5259 du-

2193 5182 2313 5258 ιστα
2342 5182 3128 5281 συντομωτάτην-παραθέσθαι
3159 5204 3287 5276 περὶ
3328 5245 3343 5259 .
3419 5244 3433 5258 .
3514 5244 3530 5258 .
3609 5182 3634 5261 ,ν
3707 5240 3724 5259 .

476 5278 565 5334 bio
603 5318 618 5334 .
662 5321 677 5335 .
722 5322 736 5337 .
783 5324 797 5337 .
841 5323 857 5339 .
901 5321 917 5336 .
964 5326 978 5339 .
1024 5326 1039 5341 .
1085 5325 1100 5340 .
1142 5301 1256 5356 eos,
1302 5289 1512 5347 scilicet
1557 5290 1796 5364 Judaros,
1832 5313 2048 5355 necnon

2188 5297 2256 5351 ιὲν
2282 5296 2501 5369 ἔλεγχον
2523 5278 2632 5353 τῶν
2665 5295 2941 5351 πιστεύειν
2974 5296 3071 5369 μὲν
3103 5296 3179 5359 ώς
3209 5295 3382 5362 θείαις
3422 5336 3437 5353 .
3513 5336 3530 5352 .
3609 5334 3627 5351 .
3705 5336 3722 5351 .

474 5373 676 5427 electos
718 5414 733 5429 .
776 5412 791 5428 .
834 5412 850 5429 .
892 5413 908 5429 .
951 5416 969 5434 .
1014 5418 1030 5433 .
1075 5416 1090 5431 .
1134 5418 1149 5445 ,
1189 5387 1243 5434 et
1282 5379 1642 5441 refutationes
1688 5402 1880 5444 eorum
1926 5407 2048 5462 quae

2190 5385 2605 5463 αῖςάὑχούντων
2624 5391 2865 5465 Γραφαῖς
2880 5407 2894 5420 ’
2923 5391 2997 5463 μὴ
3021 5388 3125 5463 μὴν
3146 5406 3442 5462 προσιεμεν
3465 5429 3480 5445 .
3507 5428 3521 5443 .
3542 5402 3646 5444 υτα
3664 5426 3681 5443 .
3701 5426 3720 5442 .

474 5465 647 5534 magis
673 5466 835 5520 etiam
874 5469 1111 5539 mythica
1144 5485 1372 5542 possent
1397 5476 1602 5544 dicere,
1631 5482 1916 5540 exsolvere
1946 5499 2043 5540 co-

471 5553 583 5609 nati
609 5554 820 5613 divinas
852 5575 1036 5618 voces.
1067 5560 1186 5619 Erit
1214 5580 1436 5639 quoque
1472 5571 1654 5632 brevis
1682 5581 1735 5631 et
1763 5575 2043 5634 moderata

2192 5578 2547 5651 ητευόμενον⁸
2583 5553 2927 5650 ὲπαπόρησιν
2958 5593 2999 5629 π
3025 5616 3040 5631 .
3084 5616 3100 5631 .
3141 5616 3156 5630 .
3199 5616 3213 5631 .

542 5730 557 5762 ¹
598 5731 758 5791 Prov.
792 5751 868 5806 vt,
902 5739 957 5795 8.
1035 5740 1056 5772 '
1096 5738 1230 5797 Luc.
1268 5742 1333 5811 1,
1368 5744 1423 5804 4.

2154 5523 2168 5538 .
2253 5524 2268 5540 .
2347 5523 2362 5544 ρ
2443 5527 2456 5541 .
2534 5482 2610 5539 ὦν
2653 5482 2857 5555 Ἰησοῦν
2888 5481 2964 5549 ὡς
3005 5483 3071 5537 ἂν
3114 5483 3275 5538 αὑτὸν
3298 5482 3427 5536 ὄντα
3468 5480 3561 5536 τδν
3583 5494 3722 5555 προ-

3254 5573 3470 5641 αὑτοὺς,
3497 5571 3643 5643 λέγω
3663 5569 3722 5626 δι
