4134 6414
386 363 524 424 1025

1450 362 1744 422 ECLOGA?
1784 358 2262 423 PBOPHETICE.
2301 397 2370 408 —
2409 365 2536 422 LIB.
2571 368 2616 423 l.

3486 371 3622 429 1026

378 482 508 543 τοὺς
534 481 597 532 ἐκ
624 479 940 551 περιτομῆς,
970 477 1062 564 καὶ
1085 479 1210 542 τοὺς
1233 479 1340 532 άπὸ
1365 479 1473 532 τῶν
1492 481 1699 553 αἱρέσε.
1733 521 1749 536 .
1789 522 1803 536 .
1849 481 1949 553 μοῦ

2056 491 2241 536 nostra
2270 481 2600 552 explanatio,
2640 483 2754 538 sive
2799 501 2922 541 cum
2957 488 3186 558 probare
3215 489 3498 546 conabitur
3524 507 3619 564 per

380 566 452 628 δὲ’
483 573 578 626 καὶ
621 571 928 642 ἀνατροπάς
977 563 1052 623 ὧν
1093 569 1158 624 ἂν
1186 570 1389 624 εἴποιεν
1418 571 1785 645 μυθικώτερον
1827 575 1948 626 ὲπι-

381 666 528 720 λύειν
557 663 884 735 πειρώμενοι
914 662 1012 726 τὰς
1037 663 1182 727 θείας
1208 662 1408 732 φωνάς.
1439 666 1628 718 Ἔσται
1653 665 1708 718 δὲ
1744 666 1840 719 καὶ
1863 666 1950 720 διὰ

384 756 629 828 βραχέων
661 754 853 826 μετρία
882 771 966 818 τις
994 753 1149 825 ἡμῶν
1177 753 1451 826 ἐξήγησις,
1485 756 1574 808 ὁτὲ
1604 757 1700 826 μὲν
1732 756 1947 811 ἀπόδει-

383 849 464 914 ξιν
496 845 815 918 περιέξουσα
840 843 934 896 τοῦ
957 842 1098 897 κατά
1133 842 1289 914 μόνον
1311 843 1402 897 τὸν
1426 843 1692 915 ἡμέτερον
1721 843 1948 916 Σωτῆρα

2058 575 2234 630 solum
2277 573 2612 630 Salvatorem
2665 586 2912 633 nostrum
2942 581 3193 652 impletas
3224 581 3398 639 fuisse
3437 599 3624 641 sacras

2057 665 2150 722 Dei
2179 666 2580 738 praedictiones,
2619 670 2733 726 sive
2765 687 2890 726 cum
2921 682 3165 730 nostram
3197 675 3350 732 deiis
3374 693 3494 748 quae
3523 693 3624 734 ex-

2055 777 2322 833 ponemus
2349 763 2672 818 sententiam
2703 765 3115 836 explicabimus.

383 939 772 1012 πεπληρῶσθαι
805 939 901 1003 τὰς
929 939 1079 1011 ἱερὰς
1109 937 1202 992 τοῦ
1230 938 1364 992 Θεοῦ
1394 939 1746 1011 προρρήσεις,
1775 940 1863 994 ὁτὲ
1891 941 1947 995 δὲ
1985 943 2083 1016 τὴν
2108 945 2380 1018 ἡμετέραν
2403 946 2628 1018 γνώμην
2650 946 2718 1019 ἢν
2757 945 2950 1018 ἔχομεν
2985 951 3112 1022 περί
3174 951 3279 1006 τῶν
3317 950 3623 1022 ιὲκτεθησο-

383 1037 560 1110 μένων
597 1034 953 1106 σημαίνουσα.
1033 1068 1046 1080 ο

463 1127 622 1181 Ἀλλά
653 1128 759 1198 γὰρ
803 1126 1006 1182 τούτων
1051 1126 1388 1196 ἐφάπτεσθαι
1441 1125 1752 1197 μέλλοντας,
1786 1128 1952 1198 ἀναγ-

339 1254 358 1272 .
379 1222 551 1284 καίως
581 1218 1080 1293 προδιαστείλασθαι
1107 1220 1182 1284 ὡς
1204 1219 1281 1290 πῆ
1317 1220 1414 1290 μὲν
1443 1221 1675 1291 προόντα
1706 1219 1766 1273 οὐ
1793 1219 1950 1291 μόνον

380 1313 480 1382 τῆς
520 1311 980 1383 ὲνανθρωπήσεως
1017 1309 1153 1364 ἀλλά
1203 1312 1296 1364 καὶ⁵
1328 1313 1509 1384 πάσης
1547 1312 1770 1382 γενετῆς
1819 1312 1950 1364 ὐπο-

383 1405 623 1468 στάσεως
656 1402 750 1456 τοῦ
777 1403 911 1457 Θεοῦ
943 1404 1113 1473 Λόγον
1152 1404 1493 1459 διδάσκουσιν
1523 1406 1573 1458 οί
1611 1405 1744 1476 ἱεροὶ
1776 1403 1944 1472 λόγοι,

377 1497 514 1550 Θεὸν
543 1539 557 1553 .
602 1536 617 1550 .
662 1536 674 1549 .
707 1495 868 1550 αὐτὸν
898 1495 1034 1567 μετὰ
1063 1495 1153 1550 τὸν
1185 1497 1403 1569 Πατέρα
1431 1497 1525 1550 καὶ
1556 1496 1758 1568 Κύριον
1783 1512 1950 1567 προσ-

379 1590 755 1663 αγορεύοντες,
779 1584 866 1644 οἷα
894 1590 955 1661 δὴ
989 1590 1082 1642 καί
1107 1589 1168 1642 τὸ
1201 1591 1460 1661 κήρυγμα
1490 1589 1549 1644 τὸ
1573 1589 1950 1660 ἐκκλησιαστι-

382 1681 477 1735 κὸν
525 1681 766 1752 περιέχει
820 1680 1124 1744 ἀκολούθως
1174 1684 1240 1752 τῇ
1289 1681 1614 1752 εὐαγγελικῇ
1676 1680 1948 1753 μαρτυρίᾳ
1987 1722 1995 1731 .

376 1773 676 1846 (είπ)ούσῃ,
717 1793 734 1826 ι
777 1775 863 1827 Ἐν
916 1774 1056 1844 ἀρχῇ
1093 1768 1162 1844 ἦν
1191 1775 1219 1826 ὁ
1246 1773 1451 1842 Λόγοςο
1493 1775 1588 1827 καὶ
1614 1776 1642 1828 ὁ
1687 1774 1856 1842 Λόγος
1881 1768 1947 1844 ἦν

379 1866 517 1938 πρὸς
537 1867 628 1920 τὸν
648 1867 799 1932 Θεὸν,
833 1867 926 1920 καὶ
947 1866 1078 1930 Θεὸς
1103 1862 1172 1938 ἦν
1192 1869 1220 1921 ὁ
1245 1867 1416 1936 Λόγος
1433 1885 1446 1897 ⁸
1482 1867 1656 1920 πάντα
1687 1867 1752 1921 δι’
1781 1864 1946 1919 αὐτοῦ

2125 1125 2328 1182 Verum
2359 1133 2648 1196 antequam
2669 1125 2931 1198 quidquid
2955 1127 3021 1183 de
3041 1127 3127 1184 his
3155 1130 3505 1200 attingamus,
3523 1148 3622 1203 pro

2051 1226 2202 1275 certo
2216 1218 2415 1273 habere
2431 1231 2654 1272 necesse
2665 1227 2764 1282 est,
2779 1217 2922 1288 quod
2938 1218 3130 1288 partim
3150 1221 3500 1290 praexistens
3514 1238 3622 1279 non

2053 1312 2229 1366 solum
2265 1309 2652 1374 incarnationi,
2685 1315 2778 1366 sed
2814 1318 2868 1366 et
2902 1311 3080 1366 omnis
3115 1311 3436 1367 substantiae
3479 1329 3624 1370 erea-

2053 1407 2189 1461 tioni
2213 1406 2309 1460 Dei
2329 1405 2567 1461 Verbum
2589 1407 2764 1463 sancti
2785 1405 2906 1461 libri
2924 1406 3324 1470 docent,Denm
3369 1450 3381 1464 .
3428 1448 3443 1462 .
3487 1450 3502 1464 .
3547 1451 3562 1465 .
3606 1449 3621 1463 .

2052 1515 2174 1554 eum
2207 1506 2332 1570 post
2373 1498 2588 1554 Patrem
2619 1508 2675 1554 et
2717 1498 3004 1553 Dominum
3044 1500 3418 1570 designantes,
3466 1513 3527 1556 ut
3569 1512 3623 1558 et

2052 1591 2427 1647 ecclesiastica
2471 1591 2577 1646 fert
2609 1591 2922 1661 praedicatio
2952 1606 3192 1661 congrue
3236 1608 3358 1646 cum
3390 1609 3624 1664 evange-

2056 1684 2162 1738 lico
2205 1683 2522 1739 testimonio
2563 1682 2821 1738 dicente:
2857 1701 2874 1733 ι
2906 1681 2964 1736 ιιι
3013 1683 3280 1754 principio
3325 1695 3445 1739 erat
3486 1678 3622 1740 Ver-

2053 1775 2204 1841 bum,
2241 1781 2295 1830 et
2342 1774 2581 1830 Verbum
2627 1782 2746 1830 erat
2791 1774 2933 1846 apud
2987 1773 3180 1836 Deum,
3216 1783 3270 1830 et
3323 1775 3465 1831 Deus
3505 1785 3621 1831 erat

2056 1867 2315 1925 Verbum.
2349 1867 2542 1922 Omnia
2576 1884 2670 1937 per
2702 1870 2880 1939 ipsum
2913 1867 3053 1922 facta
3082 1877 3229 1934 sunt,
3261 1877 3315 1922 et
3341 1869 3461 1924 sine
3503 1869 3621 1939 ipso

378 1958 621 2027 ἑγένετοσ
658 1959 754 2012 καὶ
785 1957 954 2030 χωρὶς
982 1958 1144 2012 αὐτοῦ
1179 1959 1392 2028 ἐγένετο
1433 1958 1553 2012 οὐδὲ
1582 1959 1640 2011 ἓν
1664 1975 1677 1988 ⁸
1716 1978 1734 2010 ι
1889 1959 1944 2048 δὲ

2048 1959 2250 2015 factum
2305 1967 2388 2016 est
2444 1960 2580 2014 nihil
2604 1961 2644 2026 ³,
2679 1980 2697 2012 ι
2727 1961 2924 2030 partim
2970 1961 3336 2030 praenuntiant
3360 1960 3468 2015 duo
3502 1961 3621 2029 ejus

378 2053 478 2117 τὰς
523 2052 615 2106 δύο
661 2053 961 2124 παρουσίας
1009 2053 1174 2108 αὐτοῦ
1226 2051 1700 2124 προαναφωνοῦσγ
1756 2053 1852 2122 τήν
1889 2069 1948 2106 τε

380 2145 674 2218 προτέραν,
707 2147 763 2198 ὲν
855 2149 989 2217 μήτε
1019 2140 1157 2209 εἶδος
1195 2144 1356 2198 αὐτὸν
1397 2146 1533 2214 μήτε
1582 2143 1772 2207 κάλλος
1808 2143 1948 2208 ἕξειν

379 2237 781 2310 προύθέσπιζον
825 2239 1122 2311 διαρρήδην
1168 2237 1242 2303 ὡς
1283 2237 1554 2310 πρόϐατον
1601 2239 1691 2290 ἐπὶ
1735 2237 1948 2308 σφαγὴν

377 2332 734 2406 ἀχθήσεσθαι,
779 2334 868 2386 καὶ
898 2332 1082 2402 σαφῶς
1111 2332 1282 2395 οὓτως
1313 2331 1421 2385 ἀπὸ
1449 2331 1556 2383 τῶν
1590 2331 1826 2400 ἀνομιῶν
1853 2330 1947 2383 τοῦ

377 2427 644 2500 προτέρου
683 2426 811 2480 λαοῦ
855 2427 952 2499 τὴν
992 2427 1085 2478 ἐπὶ
1131 2426 1344 2496 θανάτῳ
1387 2423 1949 2495 καταδικασθήσεσθαι

376 2518 654 2588 λέγοντες·
692 2513 778 2571 οἷα
821 2518 884 2588 δὴ
933 2518 1028 2571 καὶ
1075 2516 1490 2570 ἀποδείκνυνται
1532 2519 1631 2587 τῆς
1680 2515 1949 2586 προτέρας

378 2608 546 2664 αὐτοῦ
579 2609 880 2680 παρουσίας
906 2610 962 2660 αἱ
1005 2607 1146 2660 κατά
1172 2608 1296 2670 τοὺς
1332 2606 1582 2678 Τιϐερίου
1622 2607 1842 2678 χρόνους
1872 2608 1948 2659 ol-

378 2701 653 2773 κονομίαι·
699 2702 790 2754 καὶ
816 2700 913 2772 τὴν
955 2700 1229 2770 δευτέραν,
1274 2698 1450 2752 οὐκέθ’
1484 2698 1670 2769 ὁμοίαν
1702 2701 1768 2768 τῇ
1813 2716 1947 2768 προ-

376 2792 534 2864 τέρᾳ,
566 2791 840 2860 θειοτέραν
870 2790 926 2842 δὲ
957 2791 1052 2843 καὶ
1100 2791 1231 2843 πολύ
1265 2791 1331 2859 τῇ
1373 2786 1498 2860 δόξῃ
1545 2787 1948 2858 παραλλάττου-

381 2900 502 2950 σαν,
549 2883 662 2953 μετ’
694 2880 989 2950 ἀγγελικῆς
1020 2879 1344 2952 δορυφορίας
1388 2878 1483 2931 καὶ
1520 2877 1620 2946 τῆς
1649 2877 1741 2928 ἀπ’
1782 2878 1948 2950 οὐρα-

379 2973 488 3029 νῶν
521 2970 874 3044 παρατάξεως
911 2970 1309 3041 γενησομένηνο
1345 2962 1426 3030 οἷς
1472 2967 1826 3037 εὐγνωμόνως
1857 2967 1948 3020 τὸν

379 3063 771 3134 ἐντυγχάνοντα
815 3060 990 3133 χρεὼν
1038 3061 1235 3113 κανόνα
1283 3057 1470 3130 ὥσπερ
1513 3058 1606 3111 καὶ
1650 3058 1848 3112 σκοπὸν
1889 3057 1948 3110 τὸ

379 3159 641 3229 κήρυγμα
681 3154 930 3224 κατέχειν
959 3153 1020 3206 τὸ
1047 3150 1401 3206 ἀποστολικὸν
1429 3150 1610 3203 τέλεια
1639 3150 1734 3203 καὶ
1767 3151 1946 3223 ἀπαρ-

379 3250 672 3320 εγχείρητα
707 3247 774 3302 τά
803 3247 902 3319 τῆς
939 3245 1192 3318 ἀληθείας
1231 3243 1473 3314 δόγματα
1502 3243 1944 3312 διαφυλάττοντα,

378 3339 653 3394 τουτέστιν
681 3337 748 3391 τά
782 3339 908 3408 περὶ
934 3337 1032 3408 τῆς
1061 3333 1280 3407 πρώτης
1305 3334 1398 3387 καὶ
1427 3334 1688 3403 ἀγενήτου
1715 3333 1807 3386 τοῦ
1840 3333 1948 3387 τῶν

2050 3341 2292 3395 omnium
2333 3339 2630 3404 creatione,
2677 3340 2822 3394 sicut
2855 3341 3079 3394 verbum
3127 3381 3138 3393 .
3182 3381 3196 3394 .

379 3432 515 3486 ὅλων
547 3431 681 3484 Θεοῦ
709 3430 944 3501 φύσεως,
980 3429 1073 3482 καὶ
1105 3427 1173 3481 τά
1197 3426 1295 3496 τῆς
1319 3424 1411 3478 τοῦ
1446 3423 1587 3478 θείου
1614 3425 1788 3493 Λόγου
1817 3441 1947 3495 προ-

381 3525 730 3589 υποστάσεώς
753 3542 812 3578 τε
856 3524 951 3576 καὶ
985 3522 1305 3593 ὑπουργίας,
1336 3519 1402 3591 ἢν
1429 3517 1521 3572 ἐπὶ
1557 3522 1623 3591 τῇ
1657 3519 1764 3572 τῶν
1790 3535 1950 3591 γενη-

307 3647 316 3656 -
377 3623 489 3678 τῶν
517 3621 769 3676 ἁπάντων
797 3617 1147 3690 δημιουργίᾳ,
1173 3611 1258 3669 οἷα
1289 3615 1352 3686 δὴ
1387 3613 1561 3684 λόγος.

381 3713 1876 3787 (ι.ε)..............

381 3995 550 4065 χωρὶς
593 3991 701 4046 τῶν
745 3988 1025 4061 τεσσάρων
1061 3987 1340 4057 στοιχείων
1377 3985 1484 4039 τῶν
1512 3988 1640 4057 παρ’
1679 3984 1949 4056 Ἑϐραίοις

380 4085 797 4154 ἁνεκφωνήτων,
828 4075 902 4136 ὧν
945 4080 1033 4134 διὰ
1061 4081 1159 4150 τῆς
1194 4078 1491 4141 συνθέσεως
1523 4078 1582 4131 τὸ
1613 4075 1948 4149 σημαινόμε-

380 4196 469 4231 νον
504 4178 674 4247 δνομα
709 4176 944 4247 ἄρρητον
987 4174 1248 4244 ὑπάρχον,
1285 4167 1858 4242 καταχρηστικώτερον
1892 4167 1949 4219 δὲ

385 4291 405 4323 ι
437 4270 638 4341 Κύριος
669 4288 687 4320 ι
720 4267 1166 4337 ἐπικαλούμενον,
1208 4264 1416 4318 οὐδέπω
1447 4263 1576 4316 ποτὲ
1605 4262 1696 4315 ὲπὶ
1728 4262 1948 4331 ἀγγελι-

381 4364 481 4436 κῆς
502 4361 867 4433 παρείληπται
894 4360 1195 4430 δυνάμεως,
1230 4357 1305 4422 ὼς
1332 4355 1646 4426 ἐπιστήσεις
1674 4353 1791 4408 καθ’
1823 4355 1950 4425 ὅλης

380 4454 480 4524 τῆς
511 4452 865 4506 θεοπνεύστου
899 4451 1141 4525 Γραφῆς,
1172 4451 1298 4504 ἔνθα
1335 4453 1364 4504 ὁ
1398 4450 1551 4514 Θεὸς,
1590 4449 1623 4521 ἢ
1663 4450 1692 4500 ὁ
1727 4446 1814 4501 διὰ
1854 4447 1948 4500 τοῦ

377 4550 802 4622 τετραγράμμου
829 4547 1154 4618 δηλούμενος
1184 4545 1386 4618 Κύριος
1426 4545 1835 4616 ἀναγέγραπται
1859 4558 1949 4594 κε-

378 4642 641 4715 χρηκέναι
680 4643 829 4695 τισί·
872 4640 1099 4712 πότερον
1131 4640 1221 4694 ἑπί
1268 4639 1367 4708 τὴν
1395 4637 1656 4710 ἀγένητον
1703 4636 1796 4689 τοῦ
1841 4633 1948 4688 τῶν

375 4735 516 4790 ὅλων
539 4732 673 4788 Θεοῦ
701 4734 860 4804 φύσιν
883 4731 1197 4787 ἀνενεκτέον
1230 4731 1296 4785 τά
1320 4729 1644 4801 δηλούμενα,
1672 4729 1704 4801 ἣ
1736 4727 1828 4782 ἐπὶ
1857 4727 1947 4781 τὸν

376 4827 568 4882 τούτου
600 4828 792 4897 Λόγον,
818 4827 876 4880 ὃν
903 4824 1151 4896 δεύτερον
1193 4823 1528 4894 τυγχάνοντα
1559 4822 1667 4876 τῶν
1699 4820 1832 4875 ὅλων
1863 4819 1950 4872 αἷ-

375 4937 490 4974 τιον
519 4919 612 4974 καὶ
643 4919 775 4973 Θεὸν
816 4920 910 4972 καὶ
949 4917 1153 4980 Κύριον
1182 4915 1322 4969 κατά
1350 4915 1412 4968 τὸ
1462 4913 1854 4986 σημαινόμενον
1884 4913 1948 4964 ὲκ

375 5013 470 5066 τοῦ
505 5013 634 5085 παρ’
667 5011 934 5084 Ἑϐραίοις
968 5010 1209 5081 ἀρρήτου
1241 5007 1500 5078 ὀνόματος
1524 5003 1946 5078 προσαγορεύειν

377 5105 568 5158 εἴωθεν
601 5106 634 5176 ἠ
681 5103 800 5157 θεία
840 5103 1052 5175 Γραφή.
1096 5101 1209 5156 Καὶ
1250 5100 1385 5171 δῆτα
1417 5101 1509 5152 ἐπὶ
1543 5098 1635 5151 τοῦ
1682 5097 1947 5168 παρόντος

378 5199 651 5269 φήσαντος
679 5195 774 5250 τοῦ
803 5195 984 5264 λόγου,
1013 5196 1094 5249 ὃτι
1116 5193 1200 5265 δή·
1227 5212 1246 5245 ι
1280 5190 1497 5263 Κατέϐη
1532 5190 1753 5262 Κύριος,
1780 5208 1798 5240 ι
1834 5189 1950 5250 καὶ,
1979 5221 1985 5226 -

382 5307 404 5342 ι
438 5285 606 5343 Εἶπεν
643 5287 866 5361 Κύριος,
914 5306 932 5336 ι
964 5286 1036 5340 τά
1079 5282 1561 5356 ἀναγεγραμμένα,
1610 5281 1839 5352 ζητήσαι
1882 5279 1949 5334 άν

377 5399 462 5446 τις
494 5381 727 5450 εὐλόγως
759 5381 867 5433 εἴτε
904 5379 996 5433 ἐπί
1027 5395 1146 5432 τινα
1182 5376 1291 5430 τῶν
1323 5375 1592 5443 ἀγγέλων,
1629 5372 1737 5426 εἴτε
1769 5374 1860 5426 ἐπὶ
1887 5371 1948 5424 τὸ

377 5475 594 5548 πρῶτον
636 5474 807 5526 αἴτιον
855 5471 954 5544 τὴν
999 5469 1276 5541 ἀναφορὰν
1325 5467 1436 5538 ἔχει
1485 5466 1546 5518 τὸ
1601 5464 1944 5536 δηλούμενον.

387 5567 528 5621 Ἀλλ’
563 5568 658 5620 ἐπὶ
701 5567 796 5638 μὲν
821 5564 1067 5635 ἀγγέλων
1105 5563 1203 5632 οὐχ
1239 5555 1349 5614 οἷόν
1395 5576 1484 5612 τεο
1513 5557 1672 5611 τοῦτο
1715 5557 1834 5627 μὲν,
1867 5557 1948 5608 ὅτι

378 5659 654 5714 κάνταῦθα
682 5661 740 5713 τὸ
779 5679 796 5712 ι
825 5657 1026 5729 Κύριος
1055 5676 1072 5707 ι
1103 5655 1191 5710 διὰ
1223 5658 1321 5726 τῆς
1351 5652 1732 5722 ἀνεκφωνήτου
1758 5648 1949 5721 παρεί-

453 5842 470 5871 ³
507 5837 662 5894 Joan.
703 5855 756 5904 ι,
802 5839 850 5897 1.

2051 2052 2315 2108 adventus
2375 2071 2386 2106 :
2442 2053 2699 2123 priorem,
2747 2054 2800 2107 in
2830 2067 2938 2124 quo
2973 2067 3149 2122 neque
3197 2051 3467 2122 speciem,
3525 2067 3624 2106 nc-

2053 2161 2160 2215 que
2219 2145 2470 2199 decorem
2533 2145 2820 2200 habiturus
2874 2144 3182 2198 ostenditur
3205 2143 3248 2208 δ,
3305 2143 3616 2206 manifeste,

2050 2237 2192 2292 sicut
2253 2252 2424 2308 agnus
2476 2237 2542 2290 ad
2594 2237 2927 2293 occisionem
2972 2235 3276 2299 ducendus,
3328 2248 3491 2306 atque
3545 2236 3619 2291 ita

2050 2337 2274 2399 propter
2301 2329 2500 2398 prioris
2532 2330 2716 2399 populi
2749 2329 3066 2398 iniquitates
3095 2328 3163 2382 ad
3201 2337 3432 2384 mortem
3471 2329 3621 2382 dam-

2049 2421 2306 2489 nandus;
2338 2437 2460 2490 quae
2494 2421 2715 2492 quidem
2767 2421 2822 2476 in
2856 2421 3018 2491 primi
3052 2420 3170 2490 ejus
3198 2421 3487 2486 adventus,
3524 2419 3618 2476 Ti-

2047 2513 2182 2569 berii
2207 2522 2474 2584 tempore,
2493 2514 2748 2584 passione
2780 2514 2990 2582 expleta
3013 2523 3172 2581 sunt;
3211 2514 3438 2568 alterum
3469 2528 3622 2580 vero,

2047 2607 2219 2678 priori
2263 2607 2422 2677 longe
2454 2606 2774 2662 dissimilem
2796 2646 2811 2671 ,
2837 2607 3162 2661 diviniorem
3195 2607 3474 2676 multoque
3506 2606 3622 2660 ela-

2047 2681 2269 2762 riorem,
2289 2698 2549 2768 angelicis
2565 2698 3169 2766 cohortibus,omnique
3184 2698 3446 2751 cmlorum
3465 2713 3621 2752 exer-

2049 2789 2162 2844 citu
2192 2788 2607 2843 circumdatum.
2644 2787 2853 2854 Quibus
2913 2789 3015 2843 rite
3058 2789 3620 2858 respondeatnecesse

2048 2887 2131 2936 est
2147 2880 2353 2950 regula,
2372 2880 2527 2950 quasi
2547 2880 2882 2950 propositum
2902 2880 3096 2934 habeat
3120 2881 3470 2950 apostolicam
3493 2896 3625 2951 prae-

2049 2971 2399 3035 dicationem,
2421 2987 2542 3041 qua:
2564 2971 2802 3042 perfecta
2831 2973 3235 3042 purissimaque
3256 2973 3501 3028 veritatis
3524 2976 3622 3027 ϐου

2047 3073 2225 3137 gmata
2288 3073 2610 3129 conservet,
2662 3065 2872 3120 scilicet
2924 3065 2990 3120 de
3049 3066 3223 3134 prima
3278 3074 3332 3120 et
3379 3066 3620 3120 increata

2049 3157 2434 3212 universorum
2486 3157 2578 3212 Dei
2625 3163 2840 3224 natura,
2886 3165 2940 3212 et
2982 3155 3154 3210 divini
3201 3155 3363 3211 Verbi
3417 3171 3623 3226 prater.

2054 3249 2274 3304 istentia
2326 3257 2490 3320 atque
2540 3248 2870 3312 substantia,
2920 3263 3085 3317 quam
3144 3247 3198 3303 in
3246 3255 3620 3303 creaturarum

2051 3655 2068 3673 ο
2113 3657 2127 3670 ι
2170 3655 2184 3669 0
2229 3656 2244 3672 ο
2291 3656 2304 3670 ο
2350 3653 2364 3668 0
2407 3653 2423 3668 ο
2469 3657 2481 3669 0
2527 3654 2542 3670 ο
2596 3654 2610 3667 0
2659 3656 2672 3670 ο
2715 3653 2728 3668 0
2777 3656 2790 3668 ο
2834 3653 2849 3668 ο
2892 3657 2904 3668 ο
2951 3655 2964 3667 0
3012 3654 3027 3669 ο
3072 3657 3086 3671 ο
3134 3656 3147 3668 ο
3191 3655 3206 3670 ο
3251 3655 3265 3668 0
3309 3654 3322 3670 ο
3368 3657 3382 3672 ο
3427 3653 3443 3670 ο
3489 3655 3504 3665 δ
3546 3654 3562 3670 ο
3603 3657 3621 3676 .

2048 3714 2246 3779 prater
2286 3713 2522 3777 quatuor
2567 3705 2781 3760 litteras
2836 3705 2978 3776 apud
3025 3705 3280 3762 Hebraaos
3334 3705 3619 3772 infandas,

1930 3833 1948 3851 .
2049 3813 2282 3870 quarum
2338 3798 2730 3868 conjunctione
2778 3797 3050 3852 ineﬂabile
3107 3805 3327 3853 constat
3379 3814 3619 3862 nomen.

2051 3891 2332 3946 abusivius
2360 3905 2488 3945 vero
2525 3907 2542 3940 ι
2574 3889 2839 3943 Dominus
2870 3908 2888 3940 ι
2923 3889 3303 3957 nominatum;
3333 3906 3619 3961 nunquam

2051 3985 2118 4040 de
2148 3983 2393 4053 angelica
2430 3987 2699 4051 potestate
2747 3987 3072 4050 usurpatum
3111 3987 3219 4044 est,
3264 3989 3322 4035 ut
3371 3983 3623 4036 attendas

2052 4078 2107 4132 in
2135 4076 2280 4131 omni
2315 4073 2578 4128 divinitus
2609 4071 2876 4141 inspirata
2902 4070 3209 4141 Scriptura,
3246 4073 3336 4126 ubi
3363 4072 3506 4129 Deus
3533 4073 3619 4146 vel

2049 4185 2147 4241 per
2200 4173 2683 4238 tetragrammaton
2735 4163 3054 4234 designatus
3103 4163 3367 4220 Dominus
3421 4166 3622 4219 inscri-

2051 4269 2177 4334 ptus
2224 4268 2329 4322 est,
2380 4274 2504 4312 cum
2545 4255 2873 4327 quibusdam
2929 4255 3255 4310 collocutus.
3308 4255 3504 4311 Utrum
3554 4257 3620 4311 ad

2052 4358 2346 4410 increatam
2371 4351 2613 4406 omnium
2645 4348 2738 4403 Dei
2761 4353 3012 4400 naturam
3038 4344 3320 4401 referenda
3343 4356 3471 4402 sunt
3499 4364 3622 4417 qua:

2052 4444 2439 4506 ostenduntur,
2489 4439 2575 4495 vel
2606 4439 2674 4493 ad
2724 4436 2888 4505 hujus
2918 4434 3183 4500 Verbum,
3229 4435 3374 4507 quod
3425 4452 3622 4492 secun-

2053 4539 2176 4592 dam
2216 4534 2595 4590 universorum
2632 4543 2878 4592 causam,
2921 4534 2975 4582 et
3007 4527 3194 4594 Deum,
3226 4535 3279 4582 et
3309 4526 3620 4590 Dominum,

1983 4669 2025 4724 Β
2055 4627 2357 4687 secundum
2403 4621 2695 4679 ineffabilis
2739 4619 2885 4691 apud
2923 4619 3183 4675 Hebrzeos
3235 4620 3471 4674 nominis
3500 4635 3624 4675 sen-

2056 4737 2176 4778 sum
2225 4720 2499 4792 appellare
2529 4722 2671 4776 solet
2715 4720 2900 4775 divina
2939 4715 3246 4784 Scriptura.
3284 4712 3343 4765 Et
3380 4710 3624 4783 profecto

2056 4816 2111 4869 in
2152 4815 2258 4868 hoc
2303 4820 2454 4868 textu
2509 4827 2619 4884 quo
2678 4811 2951 4880 scribitur
2988 4828 3002 4864 :
3059 4824 3077 4858 ι
3107 4804 3398 4860 Descendit
3440 4802 3624 4857 Domi-

2054 4910 2230 4972 nus”;
2265 4925 2283 4959 ι
2330 4915 2384 4960 et
2430 4923 2494 4973 ς(
2528 4903 2677 4958 Dixit
2735 4895 3079 4966 Dominus“;
3117 4918 3134 4951 ι
3186 4896 3383 4952 merito
3424 4896 3624 4967 aliquis

2054 5008 2243 5073 posset
2281 5000 2560 5070 inquirere
2605 5013 2671 5052 an
2717 4990 3147 5051 haec'vocabula
3193 4990 3260 5045 ad
3304 4989 3621 5060 angelorum

2052 5092 2364 5164 quemdam,
2393 5090 2479 5144 vel
2525 5089 2590 5144 ad
2618 5080 2846 5159 primam
2895 5085 3136 5140 omnium
3172 5097 3394 5137 causam
3429 5080 3621 5135 referri

2057 5185 2310 5240 debeant.
2353 5181 2555 5236 Verum
2597 5181 2664 5234 de
2711 5171 2918 5250 angelis
2948 5176 3081 5231 illud
3117 5175 3338 5250 minime
3377 5173 3485 5229 dici
3526 5190 3624 5244 po-

2054 5283 2194 5337 teSI;
2227 5273 2463 5345 primum
2527 5270 2745 5341 quidem
2779 5267 2925 5339 quod
2965 5283 3068 5322 vox
3115 5265 3205 5318 illa
3254 5283 3272 5317 ι
3307 5263 3567 5320 Dominus
3598 5283 3616 5316 ι

2055 5365 2312 5422 ineffabili
2345 5365 2704 5436 appellatione
2729 5362 3076 5432 designetur;
3102 5357 3297 5414 deinde
3324 5357 3469 5430 quod
3501 5359 3623 5412 aliis

2055 5462 2158 5518 sibi
2191 5459 2459 5527 subjectis
2485 5456 2649 5512 verba
2683 5454 2863 5509 facere
2897 5453 3162 5507 videatur.
3198 5449 3413 5506 Rursus
3442 5459 3622 5504 autem

2054 5552 2120 5606 de
2140 5551 2302 5604 Patre
2334 5557 2389 5604 et
2410 5547 2652 5603 omnium
2691 5544 2796 5600 Deo
2821 5543 3119 5614 impropria
3148 5549 3294 5597 esset
3317 5541 3622 5604 sententia;

2057 5646 2204 5700 hunc
2244 5643 2388 5698 enim
2432 5656 2541 5696 non
2589 5638 2807 5696 deceret
2845 5636 3067 5694 dicere:
3100 5654 3118 5687 ι
3155 5633 3362 5700 Venite,
3395 5633 3619 5690 desceno

931 5839 949 5868 ⁵
989 5837 1070 5891 lsa
1129 5851 1260 5903 Lm,
1286 5834 1350 5906 2.
1427 5833 1447 5865 ⁸
1487 5831 1620 5888 Gen.
1659 5847 1747 5893 XI.
1783 5828 1865 5897 5.,
1914 5831 1934 5861 ‘
1971 5826 2105 5896 ibid.
2141 5826 2195 5881 6.
