4134 6414
551 379 686 434 1027

1270 369 1540 428 EUSEBII
1577 365 2054 425 CESARIENSIS
2087 365 2241 422 OPP.
2283 363 2462 420 PARS
2500 363 2661 420 lll.—
2701 365 3110 422 EXEGISTICA.

3653 370 3791 428 1028

540 495 736 551 damus
769 499 824 547 et
851 488 1255 544 confundamus
1305 487 1546 557 linguam
1590 500 1780 540 eorum
1803 485 1847 550 ’,
1878 503 1897 538 ι
1931 500 2094 553 nequi

2212 483 2411 554 ληπται
2437 484 2827 555 προσηγορίας,
2851 483 3009 537 τοῦτο
3035 483 3110 547 δὲ,
3135 486 3218 538 ὅτι
3239 485 3448 559 ἑτέροις
3472 488 3603 560 παρ’
3629 487 3792 543 αὑτὸν

538 583 672 641 illud
700 602 714 638 :
743 599 762 635 ι
791 580 1085 637 Descendit
1114 578 1378 633 Dominus
1403 584 1460 631 ut
1485 576 1696 632 videret
1721 575 2000 630 civitatem
2016 574 2060 640 ⁸,
2083 594 2104 626 ι

536 692 662 734 cum
692 675 1018 730 auctoritate
1043 672 1318 742 congruit.
1350 669 1638 741 Reliquum
1683 677 1770 725 est
1799 669 1902 724 hoc
1927 667 1996 724 de
2027 668 2112 723 di-

535 769 664 831 vino
689 765 865 823 Verbo
891 765 1263 836 interpretari,
1299 763 1445 834 quod
1478 763 1696 832 quidem
1727 762 2112 833 consequenti-

533 862 639 918 bus
680 861 1108 916 demonstratur.
1165 856 1265 910 Hic
1309 856 1479 927 igitur
1524 856 1765 909 omnium
1813 856 2105 925 prmscien-

532 954 664 1009 tiam
697 961 752 1008 et
779 951 1180 1007 ordinationem
1221 964 1345 1004 cum
1375 963 1405 1000 a
1433 947 1592 1002 Patre
1633 948 1928 1016 acceperit,
1965 962 2106 1000 nun~

533 1061 698 1118 quam
759 1046 996 1101 cessavit
1043 1059 1192 1098 nunc
1237 1040 1454 1112 quidem
1506 1055 1602 1110 per
1654 1041 1916 1110 seipsum,
1960 1054 2108 1094 nunc

531 1153 664 1194 vero
687 1152 784 1208 per
810 1137 1190 1191 ministrantes
1217 1133 1459 1204 angelos,
1500 1147 1621 1202 qme
1659 1131 1726 1187 ad
1758 1131 1986 1201 patriam
2010 1145 2108 1184 vo-

531 1229 798 1286 luntatem
862 1225 1271 1297 exsequendam
1329 1224 1398 1280 de
1447 1222 1691 1278 omnium
1748 1222 1988 1276 utilitate
2042 1234 2108 1273 ac

531 1321 710 1376 salute
750 1318 1094 1389 spectabant,
1132 1315 1376 1386 implere.
1410 1313 1543 1379 Quae
1580 1321 1760 1368 autem
1804 1311 1872 1366 ad
1915 1311 2104 1382 mysti-

529 1423 650 1464 cam
692 1416 747 1462 et
786 1405 1116 1461 incﬂ‘abilem
1167 1403 1598 1474 speculationem
1632 1402 1926 1472 pertinent,
1958 1416 2104 1455 nunc

527 1508 835 1572 Opportune
861 1497 1168 1568 explicandi
1197 1497 1349 1551 locus
1373 1511 1481 1550 non
1503 1502 1605 1550 est.

2221 574 2615 648 ὑποϐεϐηκόσιν
2644 575 2896 646 ἐμφαίνει
2931 577 3259 648 πεποιῆσθαι
3286 579 3411 642 τοὺς
3438 579 3649 648 λόγους.
3682 579 3793 637 Ud-

2217 668 2300 722 λιν
2335 668 2379 722 δ’
2410 665 2477 722 αὖ
2508 670 2600 722 ἐπὶ
2644 669 2737 723 τοῦ
2779 669 2990 741 Πατρὸς
3021 672 3114 724 καὶ
3145 669 3279 724 Θεοῦ
3308 671 3416 724 τῶν
3458 672 3594 726 ὅλων
3639 672 3790 725 ἀνοί-

2219 777 2364 824 κειος
2393 762 2427 832 ἡ
2460 761 2666 816 διάνοια
2693 779 2705 790 ·
2740 763 2801 816 οὐ
2833 762 2942 832 γὰρ
2975 761 3038 833 δὴ
3079 762 3227 832 αύτῷ
3272 764 3472 835 πρέποι
3517 763 3585 816 ἂν
3613 762 3793 832 λέγειν

2212 853 2294 917 τὸ,
2327 871 2344 903 ι
2377 853 2564 918 Δεῦτε,
2597 855 2692 908 καὶ
2721 853 3053 917 καταϐάντες
3082 856 3398 926 συγχέωμεν
3415 855 3514 926 τὴν
3541 854 3794 923 γλῶσσαν

2215 943 2412 1009 αὐτῶν,
2439 963 2458 994 ι
2479 944 2571 997 καὶ
2588 945 2665 1010 τὸ,
2691 963 2708 994 ι
2732 945 2952 1016 Κατέϐη
2977 945 3178 1016 Κύριος
3197 945 3319 998 ίδεῖν
3330 945 3427 1014 τὴν
3444 944 3618 1007 πόλιν,
3648 962 3667 994 ι
3699 944 3792 998 ού-

2213 1033 2398 1105 δαμῶς
2445 1034 2510 1087 ἂν
2555 1034 2813 1106 ἁρμόττοι
2859 1037 2987 1106 περὶ
3032 1037 3130 1105 τῆς
3167 1035 3478 1096 αύθεντείας
3515 1033 3787 1102 λέγεσθαι.

2213 1126 2472 1180 Λείπεται
2505 1126 2566 1197 δὴ
2603 1129 2740 1178 νοεῖν
2777 1126 2868 1179 τὸν
2898 1127 3040 1180 θεῖον
3070 1127 3239 1196 Λόγον
3267 1129 3360 1180 καὶ
3393 1126 3480 1179 διὰ
3507 1127 3616 1180 τῶν
3659 1143 3732 1197 πρ
3744 1144 3792 1181 3-

2215 1216 2480 1287 κειμένων
2499 1215 2810 1288 δηλοῦσθαι.
2837 1210 3004 1282 Οὗτος
3030 1218 3094 1288 δὴ
3122 1217 3218 1288 τὴν
3243 1217 3350 1269 τῶν
3379 1218 3630 1271 ἁπάντων
3658 1219 3834 1298 πρόῃ

2209 1310 2358 1363 νοιάν
2382 1327 2438 1362 τε
2475 1310 2570 1363 καὶ
2591 1310 2902 1380 οἰκονομίαν
2929 1310 3064 1381 πρὸς
3092 1309 3186 1362 τοῦ
3212 1310 3424 1379 Πατρὸς
3456 1310 3791 1382 ἐπιτετραμ-

2213 1403 2371 1474 μένος
2405 1404 2464 1456 ού
2493 1403 2716 1457 πώποτε
2735 1404 3000 1458 διέλειπεν
3035 1405 3158 1457 τοτὲ
3196 1407 3293 1475 μὲν
3325 1405 3392 1458 δι’
3421 1406 3636 1472 ἑαυτοῦ,
3666 1407 3790 1460 τοτὲ

2210 1495 2266 1548 δὲ
2305 1495 2370 1548 δι’
2403 1495 2690 1566 ὑπηρετῶν
2716 1495 2962 1565 ἀγγέλων
2988 1495 3068 1566 τῷ
3096 1495 3347 1568 πατρικῷ
3383 1496 3681 1568 βουλήματι
3718 1497 3789 1550 τὰ

529 1593 872 1646 συντείνοντα
913 1590 1003 1643 ἐπὶ
1043 1591 1109 1660 τῇ
1154 1588 1263 1641 τῶν
1304 1587 1440 1641 ὅλων
1477 1587 1712 1657 ὠφελείᾳ
1757 1603 1816 1640 τε
1862 1586 1957 1640 καὶ
2003 1587 2247 1659 σωτηρίᾳ
2295 1586 2726 1658 διακονούμενος.
2767 1589 3052 1660 Μυστικῆς
3098 1587 3155 1640 δὲ
3184 1589 3276 1641 καὶ
3301 1589 3613 1660 ἀπορρήτου
3653 1586 3790 1649 θεω-

527 1686 652 1757 ρίας
681 1684 916 1756 ἐχόμενα
937 1683 1005 1737 τὰ
1037 1683 1176 1736 κατὰ
1205 1683 1297 1735 τὸν
1326 1681 1490 1736 τόπον
1516 1682 1576 1734 ού
1608 1681 1701 1735 νῦν
1729 1681 2095 1734 ἀναπτύσσειν
2129 1681 2338 1752 καιρός.

1122 1794 1352 1852 CAPUT
1410 1795 1496 1853 lli.

593 1911 778 1969 Prima
817 1920 997 1968 autem
1055 1911 1315 1968 revelatio
1359 1909 1502 1966 facta
1527 1910 1764 1966 traditur
1795 1910 2106 1966 Ahrahamo

455 2040 461 2045 -
523 2019 649 2062 cum
672 2006 720 2060 ei
741 2003 1158 2061 dixitDominus
1181 2023 1194 2059 :
1220 2023 1238 2055 ι
1263 2003 1532 2074 Egredere
1561 2003 1628 2058 de
1647 2011 1795 2059 terra
1820 2014 1914 2058 tua
1941 2014 1995 2060 et
2037 2004 2104 2060 de

524 2088 987 2168 cognationemtua,
1005 2104 1058 2150 et
1083 2095 1149 2148 de
1169 2095 1332 2149 domo
1351 2093 1522 2166 patris
1548 2093 1649 2158 tui,
1679 2099 1734 2148 et
1755 2095 1879 2148 veni
1908 2093 1962 2147 in
1995 2101 2104 2147 ter-

525 2201 646 2241 ram
682 2202 846 2257 quam
881 2185 1199 2240 monstrabo
1239 2186 1369 2252 tibi;
1402 2185 1706 2254 faciamque
1729 2192 1784 2240 te
1809 2187 1863 2237 in
1885 2193 2100 2256 gentem

519 2267 797 2349 magnam,
826 2284 880 2332 et
907 2275 1226 2331 benedicam
1255 2275 1376 2340 tibi,
1401 2285 1454 2330 et
1505 2275 1863 2345 magniﬁcabo
1901 2289 2101 2328 nomen

519 2377 700 2434 tuum,
731 2371 953 2438 erisque
985 2367 1341 2433 benedictus;
1393 2374 1448 2421 et
1500 2366 1818 2422 benedicam
1874 2365 2099 2421 benedi-

521 2463 775 2518 centibus
821 2460 999 2524 tibi’,
1040 2479 1060 2512 ι
1102 2467 1156 2515 et
1201 2467 1418 2514 caetera.
1461 2457 1736 2524 Secunda,
1768 2474 1890 2514 cum
1946 2460 2100 2514 visus

521 2560 608 2608 est
655 2552 704 2606 ei
739 2550 1028 2614 Dominus,
1077 2549 1325 2619 dixitque
1378 2550 1427 2604 ei
1475 2568 1490 2604 :
1535 2569 1553 2600 ι
1597 2548 1802 2604 Semini
1836 2559 1926 2604 tuo
1957 2551 2098 2606 dabo

519 2653 722 2698 terram
774 2642 918 2696 hanc
959 2642 1024 2693 ¹⁰.
1065 2661 1082 2692 ι
1118 2640 1324 2705 Tertia,
1371 2656 1493 2695 cum
1530 2660 1549 2692 ι
1597 2641 1910 2696 Abraliamo
1960 2642 2098 2696 dixit

519 2733 806 2800 Dominus,
843 2741 1127 2804 postquam
1156 2732 1364 2788 divisus
1393 2744 1474 2788 est
1506 2733 1575 2787 ab
1609 2748 1674 2788 eo
1697 2732 1881 2799 Lot“,
1913 2753 1933 2786 ι
1977 2749 2097 2804 qum

515 2825 851 2882 referuntur.
895 2826 1120 2890 Quarta,
1168 2824 1222 2878 in
1257 2841 1362 2896 qua
1406 2824 1608 2879 dicitur
1647 2845 1660 2880 :
1714 2843 1733 2876 ι
1772 2823 1869 2879 llis
1914 2827 2097 2894 itaque

515 2918 850 2982 transactis,
895 2917 1073 2972 factus
1115 2925 1200 2972 est
1254 2932 1433 2973 sermo
1472 2915 1688 2970 Domini
1735 2917 1803 2971 ad
1853 2917 2096 2970 Abraha-

516 3022 686 3076 inum,
712 3025 809 3081 per
832 3010 1096 3065 visionem
1128 3009 1316 3064 dicens
1349 3029 1362 3062 :
1395 3008 1516 3063 Noli
1543 3010 1757 3074 timere,
1795 3010 2091 3076 Abraham,

515 3119 619 3175 ego
645 3110 920 3174 protector
963 3110 1091 3157 tuus
1141 3117 1264 3158 sum
1302 3103 1376 3169 “;
1419 3123 1436 3154 ι
1475 3110 1529 3157 et
1562 3111 1682 3172 post
1729 3103 1833 3156 alia
1870 3121 1884 3156 :
1918 3121 1938 3154 ι
1980 3102 2092 3174 Ego

2747 1795 3142 1850 ΚΕΦΛΛΔΙΟΝ
3182 1798 3255 1850 Γ¹.

2277 1911 2500 1983 Πρῶτος
2528 1910 2942 1983 ἀναγέγραπται
2974 1912 3264 1983 γενόμενος
3293 1913 3675 1986 χρηματισμὸς
3704 1913 3786 1986 τῷ

2218 2003 2470 2076 Ἀϐραὰμ
2495 2004 2582 2056 ὅτε
2621 1999 2773 2057 εἶπεν
2817 2003 2966 2074 αὐτῷ
3005 2003 3236 2076 Κύριος·
3280 2023 3299 2055 ι
3330 2005 3548 2072 Ἔξελθε
3580 2009 3644 2061 ἐκ
3683 2008 3786 2079 τῆς

2203 2096 2306 2165 γῆς
2335 2111 2427 2147 σου
2457 2094 2549 2146 καὶ
2577 2096 2640 2147 ὲκ
2670 2095 2768 2165 τῆς
2795 2095 3112 2164 συγγενείας
3147 2113 3261 2158 σου,
3295 2097 3389 2151 καὶ
3415 2099 3480 2151 ὲκ
3512 2099 3604 2152 τοῦ
3628 2099 3785 2155 οἴκου

2202 2186 2296 2238 τοῦ
2341 2189 2545 2258 πατρός
2589 2204 2681 2240 σου
2727 2189 2807 2250 είς
2837 2187 2934 2258 τὴν
2978 2187 3083 2258 γῆν
3112 2189 3178 2260 ἥν
3220 2189 3284 2243 ἄν
3321 2206 3401 2243 σοι
3439 2190 3632 2256 δείξω·
3687 2193 3783 2246 καὶ

2204 2280 2415 2350 ποιήσω
2443 2297 2501 2332 σε
2528 2282 2607 2344 εἰς
2641 2279 2790 2342 ἔθνος
2824 2279 2985 2350 μέγα,
3021 2281 3114 2333 καὶ
3142 2279 3420 2352 εὐλογήσω
3454 2299 3535 2348 σε,
3565 2285 3660 2338 καὶ
3695 2301 3786 2354 με-

2201 2369 2417 2438 γαλυνῶ
2445 2370 2505 2422 τὸ
2533 2369 2706 2440 ὄνομά
2743 2386 2858 2435 σου,
2901 2371 2994 2423 κα)⁸
3022 2369 3120 2442 ἔσῃ
3145 2370 3433 2442 εύλογητός
3451 2389 3464 2402 ·
3501 2372 3596 2426 καὶ
3623 2374 3781 2428 εὐλο-

2200 2465 2355 2534 γήσω
2388 2463 2512 2526 τοὺς
2541 2462 2897 2531 εύλογοῦντάς
2945 2463 3010 2532 (Γ.
3043 2463 3096 2533 4)
3146 2481 3227 2525 σε,
3268 2485 3287 2517 ι
3338 2465 3432 2518 καὶ
3467 2465 3535 2517 τὰ
3574 2467 3787 2532 τούτοις

2201 2553 2347 2623 ἑξῆς.
2397 2553 2677 2623 Δεύτερος,
2709 2553 2796 2606 ὅτε
2837 2552 2992 2622 ὤφθη
3040 2553 3189 2624 αὐτῷ
3235 2550 3438 2626 Κύριος
3481 2557 3574 2609 καὶ
3621 2555 3781 2612 εἶπεν

2199 2643 2378 2713 αὐτῷ’
2422 2663 2440 2694 ι
2481 2643 2571 2714 Τῷ
2605 2643 2879 2714 σπέρματί
2915 2660 3006 2696 σου
3038 2643 3192 2697 δώσω
3225 2646 3324 2715 τὴν
3355 2649 3458 2714 γῆν
3484 2647 3707 2719 ταύτην.
3753 2669 3773 2701 ι

2199 2734 2310 2785 Καὶ
2355 2733 2554 2804 τρίτος,
2585 2733 2673 2785 ὅτε
2711 2751 2728 2782 ι
2768 2734 2795 2784 ὁ
2825 2731 3026 2802 Κύριος
3057 2729 3204 2786 εἶπεν
3241 2734 3320 2804 τῷ
3357 2736 3607 2808 Ἀϐραὰμ
3643 2740 3783 2808 μετὰ

2208 2825 2268 2876 τὸ
2308 2823 2860 2895 διαχωρισθῆναιίτὺν
2901 2822 3026 2877 Λὼτ
3067 2825 3160 2877 ἀπ’
3204 2826 3368 2879 αύτού
3408 2845 3426 2879 ι
3473 2827 3541 2880 τὰ
3581 2829 3782 2896 ἀναγεο

2196 2917 2507 2988 γραμμένα,
2526 2917 2813 2986 Τέταρτος,
2837 2919 2896 2969 ὲν
2929 2911 2973 2985 ᾦ
3005 2917 3238 2988 εἴρηται,
3268 2937 3285 2968 ι
3313 2919 3469 2973 Μετὰ
3503 2919 3562 2973 δὲ
3596 2920 3660 2973 τὰ
3688 2923 3780 2991 ρή,

2201 3025 2344 3078 ματα
2383 3007 2554 3060 ταῦτα
2601 3008 2831 3079 ἐγενήθη
2878 3011 3027 3079 ῥῆμα
3074 3010 3279 3079 Κυρίου
3343 3011 3480 3082 πρὸς
3524 3010 3777 3084 Ἀϐραὰμ

2197 3103 2253 3154 ὲν
2296 3101 2527 3171 ὁράματι
2578 3103 2676 3171 τῆς
2709 3100 2900 3164 νυκτὸς
2948 3099 3141 3168 λέγων,
3179 3101 3272 3172 Μὴ
3307 3101 3498 3168 φοϐοῦ,
3527 3102 3774 3174 Ἀϐραμ,

515 3195 802 3262 Dominus,
835 3195 929 3266 qui
963 3194 1126 3250 eduxi
1157 3206 1208 3250 te
1250 3194 1318 3249 de
1369 3201 1515 3249 terra
1543 3193 1922 3247 Chaldaeorum
1957 3193 2021 3245 ⁸³.
2065 3213 2083 3245 ι

2199 3190 2305 3260 ἐγὼ
2329 3191 2685 3263 ύπερασπίζω
2714 3208 2806 3243 σου
2829 3209 2841 3221 ·
2880 3213 2899 3241 ρ
2935 3193 3028 3244 καὶ
3062 3192 3182 3263 μεθ’
3215 3193 3407 3265 ’ἐτεραο
3436 3213 3455 3244 ι
3498 3194 3642 3263 Ἐγὼ
3673 3196 3782 3249 K6-

519 3288 744 3354 Quinta.
771 3302 895 3342 cum
922 3287 1077 3342 visus
1105 3294 1190 3342 est
1224 3285 1487 3340 Dominus
1520 3285 1830 3339 Abrahamo
1871 3291 1925 3339 et
1951 3283 2088 3337 dixit

512 3379 566 3434 ei
597 3397 614 3436 :
649 3397 670 3428 ι
707 3377 820 3449 Ego
853 3393 974 3433 sum
1017 3379 1163 3433 Deus
1194 3386 1345 3443 tuus,
1375 3377 1594 3431 ambula
1623 3390 1808 3430 coram
1841 3391 1927 3430 me
1957 3377 2021 3440 “,
2066 3395 2085 3428 ι

515 3478 574 3525 et
637 3477 856 3524 caetera.
907 3468 1094 3535 Sexta,
1151 3470 1208 3524 in
1240 3484 1348 3539 qua
1397 3484 1594 3524 rursus
1656 3487 1675 3518 ι
1729 3470 1993 3540 Apparuit
2041 3471 2090 3525 ei

516 3561 783 3617 Dominus
821 3563 878 3616 in
917 3563 1166 3616 convalle
1213 3560 1452 3615 Mambre
1485 3561 1694 3616 sedenti
1730 3561 1785 3615 in
1826 3563 1968 3618 ostio
2019 3571 2093 3617 ta-

514 3651 800 3709 bernaculi
830 3652 916 3707 sui
947 3651 1002 3705 in
1039 3651 1160 3720 ipso
1187 3650 1400 3705 fervore
1433 3651 1540 3705 diei
1569 3668 1583 3705 :
1617 3667 1856 3722 cumque
1884 3653 2088 3707 elevas-

517 3752 605 3801 net
655 3745 866 3808 oculos,
903 3751 1273 3814 apparuerunt
1316 3743 1368 3799 ei
1398 3754 1510 3798 tres
1544 3743 1645 3798 viri
1687 3751 1896 3800 stantes
1927 3761 2093 3816 prope

515 3851 689 3892 eum:
729 3851 869 3907 quos
927 3850 1052 3890 cum
1107 3836 1356 3898 vidisset,
1409 3839 1652 3890 cucurrit
1688 3836 1742 3889 in
1795 3851 2089 3892 occursum

515 3943 706 3984 eorum
743 3922 810 3983 de
840 3928 982 3982 ostio
1012 3929 1378 3994 tabernaculi,
1409 3935 1464 3983 et
1489 3929 1737 3983 adoravit
1779 3930 1832 3983 in
1863 3937 2088 3994 terram,

515 4030 571 4076 et
601 4021 736 4076 dixit
765 4040 779 4075 :
813 4019 1067 4085 Domine,
1101 4021 1148 4074 si
1199 4021 1382 4077 inveni
1408 4025 1642 4092 gratiam
1675 4024 1729 4078 in
1763 4025 1938 4080 oculis
1961 4025 2089 4088 tuis,

516 4128 592 4168 ne
632 4120 880 4169 transeas
903 4130 1120 4168 servum
1153 4121 1330 4179 tuum,
1380 4116 1473 4170 sed
1510 4115 1768 4170 ail'eratur
1793 4117 2092 4186 pauxillum

515 4220 694 4276 aquae,
719 4213 772 4261 et
798 4207 979 4261 lavent
1009 4207 1175 4276 pedes
1206 4215 1418 4262 vestros
1448 4209 1512 4262 ¹⁵.
1562 4228 1582 4260 ι
1618 4208 1750 4264 Dein
1783 4211 1944 4278 paulo
1971 4217 2092 4279 post

515 4296 670 4350 addit
702 4315 717 4351 :
749 4315 767 4350 ι
805 4297 939 4351 Cum
971 4307 1151 4353 autem
1179 4301 1549 4354 surrexissent
1586 4301 1732 4366 inde,
1761 4301 2078 4357 direxerunt

515 4402 708 4458 oculos
734 4413 924 4457 contra
969 4401 1304 4457 Sodomam:
1356 4413 1410 4459 et
1437 4405 1710 4460 Abraham
1753 4407 1915 4461 simul
1957 4424 2086 4479 gra-

523 4504 800 4571 diebatur,
843 4505 1122 4562 deducens
1153 4523 1268 4563 eos.
1307 4507 1561 4578 Dixitque
1611 4510 1872 4568 Dominus
1901 4532 1914 4568 :
1948 4511 2086 4569 Num

514 4598 695 4654 celare
747 4606 937 4669 potero
988 4600 1260 4654 Abraham
1292 4616 1412 4670 qua:
1444 4610 1699 4671 gesturus
1746 4605 1906 4659 sum?
1948 4607 2089 4660 Cum

515 4689 736 4746 futurus
766 4691 837 4746 sit
872 4693 926 4746 in
954 4699 1169 4762 gentem
1207 4707 1458 4762 magnam
1495 4710 1560 4748 ac
1614 4696 2080 4760 robustissimam,

513 4793 570 4840 et
591 4785 976 4840 benedicendae
1002 4786 1111 4840 sint
1157 4785 1212 4839 in
1264 4786 1357 4838 illo
1401 4800 1591 4841 omnes
1625 4788 1876 4842 nationes
1906 4799 2085 4844 terrai.

517 4877 765 4933 Sciebam
794 4878 938 4932 enim
963 4875 1106 4947 quod
1142 4884 1510 4948 pracepturus
1542 4878 1611 4932 sit
1630 4877 1754 4933 illiis
1784 4881 1899 4934 suis
1919 4887 1971 4933 et
1994 4880 2094 4934 do-

513 4971 628 5025 mui
651 4986 763 5028 suae
777 4979 901 5042 post
918 4987 996 5036 se,
1021 4977 1079 5024 ut
1105 4969 1541 5026 custodiantvias
1558 4970 1794 5036 Domini,
1813 4981 1866 5027 et
1888 4971 2091 5028 faciant

510 5061 779 5132 judicium
815 5069 870 5117 et
905 5063 1178 5131 justitiam
1211 5082 1225 5116 :
1258 5070 1320 5116 ut
1366 5063 1602 5120 adducat
1650 5062 1918 5122 Dominus
1957 5081 2086 5136 pro-

513 5161 636 5223 pter
666 5153 938 5208 Abraham
970 5155 1153 5210 omnia
1192 5170 1313 5226 quai
1334 5156 1550 5212 locutus
1577 5163 1661 5212 est
1682 5157 1752 5211 ad
1772 5173 1919 5214 eum.
1942 5157 2090 5213 Dixit

515 5255 696 5299 autem
720 5245 1017 5302 Dominus:
1050 5246 1270 5302 Clamor
1305 5246 1664 5304 Sodomorum
1685 5257 1739 5305 et
1769 5247 2086 5307 Gomorrhm

517 5350 910 5421 multiplicatus
929 5361 1014 5410 est
1037 5355 1102 5409 η.
1143 5373 1162 5406 ι
1216 5353 1282 5408 Ει
1328 5355 1489 5424 paulo
1535 5363 1696 5426 post:
1732 5375 1752 5406 ι
1781 5355 2079 5412 Converte-

517 5460 756 5521 runtque
816 5469 876 5508 se
924 5454 1049 5509 inde
1095 5461 1207 5510 tres
1231 5455 1357 5519 viri,
1403 5463 1457 5511 et
1486 5456 1739 5511 abierunt
1767 5455 2084 5513 Sodomam.

517 5559 792 5614 Abraham
822 5577 952 5617 vero
981 5562 1161 5618 adhuc
1190 5563 1372 5618 stabat
1406 5578 1591 5618 coram
1623 5563 1873 5620 Domino.
1903 5565 1968 5620 Et
1991 5582 2085 5638 ap-

515 5665 894 5736 propinquans
917 5669 1028 5722 ait:
1065 5668 1338 5741 Numquid
1370 5671 1564 5741 perdes
1585 5671 1792 5741 justum
1827 5688 1948 5725 rum
1981 5673 2085 5725 im-

618 5775 898 5847 ’rGe_n.xi,
936 5781 987 5840 7.
1085 5782 1106 5812 ⁸
1147 5782 1276 5836 ibid.
1313 5782 1366 5842 5.

519 5843 571 5901 7.
649 5846 690 5878 ⁸⁸
729 5843 1030 5921 δαπάνη,
1069 5855 1117 5908 1.
1198 5853 1239 5883 ¹⁹
1281 5850 1413 5908 Gen.
1455 5869 1624 5919 xviii,
1662 5855 1770 5909 14.

1477 5784 1496 5814 ⁸
1535 5784 1677 5856 Gen.
1708 5800 1814 5848 xu,
1852 5785 1966 5839 1-3.
2049 5787 2089 5815 '°

2199 5787 2263 5841 id.
2299 5789 2350 5847 7.
2432 5792 2470 5825 ⁸³
2513 5789 2644 5844 Gen.
2686 5805 2815 5856 xui,
2855 5789 2938 5842 Η.
3019 5792 3060 5822 ¹¹
3100 5788 3232 5844 Gen.
3277 5807 3364 5856 xv,
3410 5790 3454 5846 Ι.

1850 5857 1891 5886 ¹⁶
1931 5856 2058 5910 Ibid.
2099 5856 2271 5912 iii-9.0.

2198 3300 2310 3355 ριος
2342 3284 2370 3335 ό
2405 3281 2687 3350 ἐξαγαγών
2720 3299 2778 3335 σε
2811 3284 2874 3334 ὲκ
2909 3281 3091 3354 χώρας
3114 3284 3410 3339 Χαλδαίων.
3450 3305 3468 3336 ι
3496 3287 3779 3358 Πέμπτος,

2193 3376 2281 3428 ὅτε
2331 3373 2486 3445 ὤφθη
2543 3372 2744 3445 Κύριος
2807 3374 2886 3445 τῷ
2946 3374 3196 3445 Ἀϐραὰμ
3248 3378 3341 3430 καὶ
3395 3372 3546 3430 εἶπεν
3603 3378 3774 3448 αύτῷ,

2201 3484 2220 3518 ι
2266 3465 2407 3534 Ἐγὼ
2438 3467 2551 3536 εἰμι
2579 3467 2607 3517 ὁ
2639 3465 2769 3528 Θεός
2799 3482 2892 3518 σου
2917 3483 2929 3494 ο
2977 3467 3259 3538 εύαρέστει
3304 3467 3533 3520 ἐνώπιον
3563 3468 3721 3539 ἐμοῦ,
3752 3488 3773 3518 ι

2195 3558 2287 3612 καὶ
2338 3557 2406 3610 τὰ
2453 3557 2631 3610 λοιπά.
2686 3557 2902 3620 Ἕκτος,
2955 3559 3013 3610 ἐν
3063 3551 3107 3624 ᾧ
3155 3558 3316 3610 πάλιν
3363 3579 3381 3609 ι
3418 3560 3597 3630 Ὠερθη
3624 3560 3778 3630 αὑτῷ

2195 3651 2398 3724 Κύριος
2436 3650 2570 3722 πρὸς
2597 3652 2663 3722 τῇ
2703 3650 2824 3722 δρυῒ
2860 3653 2926 3721 τῇ
2972 3651 3239 3723 Μαμϐρῇ,
3271 3652 3584 3724 καθημένου
3610 3652 3776 3708 αύτιῦ

2195 3743 2287 3796 ἐπὶ
2311 3743 2407 3814 τῆς
2448 3741 2616 3813 θύρας
2641 3742 2742 3812 τῆς
2773 3742 2981 3813 σκηνῆς
3012 3743 3175 3796 αὐτοῦ
3215 3743 3560 3815 μεσημϐρίας
3580 3762 3594 3774 °
3637 3746 3764 3800 ἀναν

2196 3835 2397 3905 ϐλέψας
2424 3834 2480 3887 δὲ
2504 3837 2617 3898 τοῖς
2647 3833 2939 3905 ὀφθαλμοῖς
2963 3835 3127 3889 αὐτοῦ
3159 3833 3314 3899 εἶδεν,
3358 3838 3450 3889 καὶ
3482 3837 3590 3889 ίδοὺ
3623 3840 3773 3912 τρεῖς

2194 3926 2384 3997 ἄνδρες
2409 3927 2755 3996 εἱστήκεισαν
2781 3927 2965 3979 ἐπάνω
2984 3927 3146 3980 αὑτοῦ
3169 3946 3182 3959 ο
3207 3929 3299 3980 καὶ
3330 3927 3451 3980 ίδὼν
3476 3929 3776 4000 προσέδρα-

2197 4036 2296 4090 μεν
2323 4021 2402 4082 είς
2438 4020 2756 4091 συνάντησιν
2786 4021 2966 4083 αὐτοῖς
2999 4021 3106 4074 ἀπὸ
3135 4020 3236 4088 τῆς
3290 4019 3458 4092 θύρας
3487 4020 3588 4091 τῆς
3629 4037 3766 4091 meq-

2194 4111 2290 4182 νῆς
2315 4110 2476 4164 αύτοῦ
2497 4129 2512 4143 ο
2547 4114 2641 4166 καὶ
2669 4112 3076 4183 προσεκύνησεν
3098 4114 3189 4164 ἐπὶ
3211 4113 3310 4183 τὴν
3339 4112 3444 4181 γῆν
3474 4113 3570 4165 καὶ
3591 4107 3766 4166 εἶπεν

2194 4204 2388 4274 Κύριε,
2416 4206 2464 4257 εί
2493 4199 2648 4277 εὖρον
2674 4205 2832 4276 χάριν
2859 4207 3098 4258 ἐναντίον
3124 4222 3238 4267 σου,
3262 4206 3335 4275 μὴ
3369 4205 3647 4278 παρέλθῃς
3680 4206 3773 4259 τὸν

2195 4294 2359 4348 παῖδά
2394 4312 2507 4358 σου,
2540 4295 2799 4366 ληφθήτω
2826 4295 2888 4366 δὴ
2921 4297 3112 4368 μικρὸν
3148 4297 3310 4368 ὕδωρ,
3339 4297 3432 4350 καὶ
3459 4298 3771 4367 νιψάτωσαν

2192 4390 2318 4450 τοὺς
2363 4389 2532 4452 πόδας
2579 4387 2749 4460 ὑμῶν.
2805 4407 2822 4439 ι
2879 4386 3014 4442 Εἶτα
3065 4390 3203 4459 μετά
3255 4407 3374 4443 τινα
3424 4391 3764 4462 ἐπιφέρεται,

2202 4498 2222 4532 ι
2259 4482 2380 4532 Ὀτι
2424 4480 2813 4545 ἐξαναστάντες
2857 4481 3063 4534 ἐκεῖθεν
3105 4482 3409 4552 ἐπέϐλεψαν
3459 4482 3552 4535 ἐπὶ
3599 4484 3768 4555 πρόσ-

2121 4571 2164 4626 D
2192 4591 2339 4628 ωπον
2372 4573 2648 4644 Σοδόμωνο
2695 4573 2946 4646 Ἀϐραὰμ
2985 4574 3042 4627 δὲ
3079 4575 3470 4647 συνεπορεύετο
3511 4578 3627 4647 μετ’
3671 4579 3768 4631 αὐ-

2195 4663 2303 4716 τῶν
2336 4663 2789 4734 συμπροπέμπων
2817 4663 3012 4728 αύτούς
3035 4681 3048 4694 ·
3075 4666 3104 4717 ὁ
3132 4664 3188 4717 δὲ
3217 4666 3420 4737 Κύριος
3452 4663 3606 4720 εἶπεν
3624 4684 3637 4696 ·
3670 4667 3763 4736 Μὴ

2193 4753 2384 4825 κρύψω
2422 4752 2532 4822 ἐγὼ
2579 4755 2687 4808 ἀπὸ
2727 4755 2980 4827 Ἀϐραὰμ
3031 4754 3123 4808 τοῦ
3176 4756 3365 4821 παιδός
3417 4773 3519 4826 μου
3571 4756 3609 4811 ἃ.
3651 4755 3763 4826 ἑγὼ

2193 4847 2365 4910 ποιῶς
2413 4845 2659 4919 Ἀϐραὰμ
2695 4847 2751 4900 δὲ
2795 4848 3075 4918 γινόμενος
3123 4847 3275 4901 ἔσται
3318 4851 3398 4912 είς
3428 4849 3584 4913 ἔθνος
3621 4851 3764 4922 μέγα

2193 4941 2285 4993 καὶ
2325 4939 2481 5001 πολὺ,
2515 4941 2609 4993 καὶ
2655 4941 3137 5012 ὲνευλογηθήσεται
3177 4943 3236 4994 ὲν
3278 4942 3426 5014 αὐτῷ
3473 4945 3651 4997 πάντα
3696 4944 3763 4995 τά

2193 5031 2319 5102 ἔθνη
2350 5031 2451 5101 τῆς
2476 5033 2579 5100 γῆς
2599 5050 2612 5062 ·
2649 5032 2800 5103 ᾔδειν
2842 5033 2950 5105 γὰρ
2974 5035 3054 5086 ὃτι
3081 5035 3328 5102 συντάξει
3360 5037 3470 5100 τοῖς
3502 5038 3638 5100 υἱοῖς
3661 5037 3762 5089 αύ-

2189 5123 2284 5176 τοῦ
2326 5124 2420 5176 καὶ
2459 5124 2537 5194 τῷ
2569 5123 2703 5195 οἴκῳ
2729 5124 2893 5178 αὑτοῦ
2926 5126 3040 5196 μετ’
3079 5127 3278 5187 αὐτῶν.
3314 5129 3407 5184 καὶ
3440 5127 3761 5196 φυλάξουσιν

2190 5216 2289 5280 τὰς
2331 5216 2484 5280 ὁδοὺς
2531 5217 2756 5290 Κυρίου,
2798 5221 2969 5271 ποιεῖν
3023 5219 3374 5290 δικαιοσύνην
3417 5222 3511 5275 καὶ
3559 5221 3756 5292 κρίσιν,

2189 5310 2335 5372 ὅπως
2381 5309 2446 5363 ἂν
2480 5310 2732 5380 ἐπαγάγῃ
2765 5309 2966 5382 Κύριος
3014 5313 3106 5364 ἐπὶ
3147 5311 3396 5384 ’Ᾱϐραὰμ
3433 5312 3470 5366 ἃ
3501 5312 3759 5381 ἐλάλησεν

2191 5400 2325 5468 πρὸς
2351 5400 2531 5453 αύτόν.
2568 5397 2732 5454 Εἶπεν
2764 5400 2820 5454 δὲ
2862 5401 3086 5472 Κύριος
3119 5403 3348 5475 Κραυγὴ
3381 5403 3628 5473 Σοδόμων
3668 5403 3760 5456 καὶ

2188 5492 2468 5567 Γομόρρας
2516 5493 2907 5564 πεπλήθυνται.
2943 5515 2962 5546 ι
3018 5497 3128 5548 Καὶ
3191 5498 3307 5566 μετ’
3356 5496 3539 5564 ὀλίγαο
3594 5515 3613 5546 ι
3651 5495 3758 5548 Καὶ

2187 5586 2630 5658 ἀποστρέψαντες
2666 5585 2870 5640 ἐκεῖθεν
2903 5590 2950 5641 οἱ
2985 5588 3175 5657 ἄνδρες
3213 5584 3377 5659 ἦλθον
3412 5590 3491 5651 είς
3517 5588 3751 5656 Σόδομα·

2200 5675 2448 5748 Ἀϐραὰμ
2471 5676 2529 5729 δὲ
2569 5672 2637 5748 ἦν
2665 5675 2911 5747 ἑστηκὼς
2941 5677 3179 5731 ἐναντίον
3205 5678 3410 5749 Κυρίου
3429 5695 3442 5707 ο
3477 5677 3572 5732 καὶ
3605 5677 3754 5744 ἐγγί-

3534 5789 3578 5821 "
3619 5789 3749 5844 ibid.
