4134 6414
413 328 553 392 1029
1430 337 1732 405 ECLOGA
1768 341 2247 400 PROPHETICIE.
2288 375 2353 383 -—
2395 344 2520 400 LIB.
2555 347 2596 402 1.
3501 350 3640 405 £050

409 476 508 525 σας
547 460 794 535 Ἀϐραὰμ
830 459 1001 529 εἶπεν,
1051 464 1140 536 Μὴ
1188 466 1548 539 συναπολέσῃς
1587 469 1790 525 δίκαιον
1833 489 1921 541 μετ

2022 480 2042 533 ι
2072 470 2194 540 pio?
2215 467 2362 524 Sitve
2377 470 2562 535 justus
2587 471 2898 540 utimpius?
2925 467 2981 525 Si
3011 470 3214 526 fuerint
3241 469 3634 542 quinquaginta

405 552 635 618 ἀσεϐοῦς
655 571 668 584 ·
702 555 794 608 καὶ
823 554 973 610 ἔσται
1001 558 1029 610 6
1067 555 1271 622 δίκαιος
1302 557 1377 622 ὼς
1418 561 1446 613 6
1489 561 1714 634 ἀσεϐής·
1746 562 1840 616 ἐὰν
1867 557 1921 616 ῶς

2068 560 2200 629 justi
2227 561 2280 614 in
2298 561 2534 626 civitate,
2566 562 3032 631 peribuntsimul?
3084 563 3275 618 Nonne
3300 578 3491 632 parces
3512 562 3634 618 loco

404 647 741 717 πεντήκοντα
781 647 976 702 δίκαιοι
1023 651 1082 703 ὲν
1119 655 1185 722 τῇ
1222 651 1393 716 πόλει,
1425 653 1710 718 ἀπολέσεις
1737 655 1921 719 αὐτούς

2072 654 2150 706 illi
2189 663 2407 724 propter
2445 656 2833 727 quinquaginta
2873 657 3074 726 justos,
3121 658 3168 714 si
3214 657 3417 713 fuerint
3445 659 3500 712 in
3532 659 3633 714 eo?

404 737 518 790 Οὐκ
549 739 766 810 ἀνήσεις
784 738 959 793 πάντα
987 740 1076 793 τὸν
1101 741 1263 797 τόπον
1294 743 1475 797 ἕνεκεν
1501 744 1608 796 τῶν
1633 746 1921 815 πεντήκοντ

2072 744 2232 800 Absit
2255 761 2283 798 a
2330 753 2382 800 te
2412 756 2469 800 ut
2497 763 2609 802 rem
2642 748 2782 802 hanc
2813 747 3004 813 facias,
3055 756 3109 804 et
3149 750 3370 805 occidas
3413 750 3626 819 justum

400 829 643 894 δικαίων,
666 831 761 885 ἐὰν
790 826 925 886 ὦσιν
950 835 1006 885 ἐν
1034 835 1167 905 αὐτῇ
1190 851 1204 899 ;
1234 835 1512 906 Μηδαμῶς
1536 837 1598 888 σὺ
1631 838 1872 907 ποιήσεις
1893 837 1921 888 d

2070 851 2192 890 cum
2224 837 2412 907 impio,
2445 837 2642 908 fiatque
2667 840 2850 908 justus
2873 841 3016 894 sicut
3037 842 3258 911 impius;
3279 857 3386 897 non
3416 851 3499 897 est
3524 844 3626 897 hoc

399 923 460 974 τὸ
490 923 642 994 ῥῆμα
665 923 820 978 τοῦτο
841 924 934 978 τοῦ
966 925 1280 980 ἀποκτεῖναι
1305 927 1509 980 δίκαιον
1536 928 1671 998 μετά
1703 928 1921 992 ἀσεϐοῦς

2068 936 2241 990 tuum,
2274 931 2366 999 qui
2386 931 2602 999 judicas
2630 947 2843 986 omnem
2886 941 3086 987 terram
3122 951 3136 999 ;
3169 949 3509 1005 nequaquam
3543 935 3624 990 fa-

399 1017 494 1069 καὶ
525 1017 675 1071 ἔσται
707 1020 735 1071 6
767 1019 968 1082 δίκαιος
998 1019 1072 1082 ὡς
1108 1021 1136 1072 6
1173 1021 1404 1091 ἀσεϐής·
1440 1019 1700 1092 μηδαμῶς
1721 1037 1736 1050 ·
1770 1022 1798 1072 6
1841 1021 1959 1091 κρί-

397 1125 503 1161 νων
526 1111 702 1162 πᾶσαν
734 1109 830 1180 τὴν
858 1110 961 1180 γῆν
991 1110 1051 1162 οὐ
1097 1111 1344 1180 ποιήσεις
1383 1110 1595 1181 κρίσινς
1637 1131 1655 1162 ι
1701 1110 1806 1162 Καὶ
1838 1109 1921 1180 με(

2061 1118 2216 1179 ptura
2235 1112 2433 1166 :(Abill.
2450 1120 2626 1168 autem
2645 1113 3217 1185 Dominus,postquam
3233 1119 3618 1190 cessavitloqtti

361 1199 560 1270 δετερά
590 1216 752 1271 φησιν
801 1203 833 1272 ἠ
884 1201 1108 1272 Γραφή·
1174 1221 1193 1254 ι
1235 1201 1496 1271 Ἀπῆλθεν
1537 1201 1591 1254 δὲ
1635 1202 1835 1273 Κύριος
1880 1203 1921 1254 ὡ

2060 1202 2125 1255 ad
2143 1202 2414 1256 Abraham
2435 1204 2505 1268 ‘3;
2536 1214 2904 1276 veneruntque
2934 1207 3041 1260 duo
3064 1208 3238 1277 angeli
3257 1210 3309 1262 in
3329 1207 3618 1264 Sodomam

394 1290 870 1344 ὲπαύσατολαλῶν
893 1291 970 1362 τῷ
1005 1291 1267 1364 Ἀϐραάμ.
1301 1293 1560 1364 Εἰσῆλθον
1586 1293 1641 1346 δὲ
1673 1293 1766 1346 καὶ
1793 1294 1839 1346 οἱ
1863 1292 1921 1345 δύ

2060 1309 2304 1364 vespere,
2337 1302 2392 1350 et
2421 1295 2643 1352 sedente
2673 1296 2773 1352 Lot
2803 1299 2858 1353 in
2890 1297 3096 1354 foribus
3117 1299 3353 1356 civitatis
3379 1303 3442 1356 ¹⁹.
3479 1321 3500 1354 ι

393 1383 608 1453 ἄγγελοι
630 1386 708 1447 είς
740 1385 945 1456 Σόδομα
975 1387 1241 1465 έσπέραςβ
1279 1387 1400 1441 Λὼτ
1433 1388 1488 1442 δὲ
1526 1389 1760 1457 ἐκάθητο
1803 1388 1952 1459 παρὰ
1986 1387 2085 1458 τὴν
2117 1388 2290 1461 πύλην
2317 1391 2580 1462 Σοδόμων.
2612 1413 2631 1446 ι

473 1480 789 1551 Ἐπιστῆσαι
825 1481 972 1547 ἄξιον
1019 1483 1244 1554 πότερον
1288 1483 1513 1553 ἄγγελος
1547 1486 1576 1538 6
1603 1483 1776 1556 τυχὼν
1815 1501 1916 1538 κατ

2131 1482 2286 1540 Scire
2314 1494 2396 1540 est
2419 1502 2597 1556 opera:
2642 1487 2900 1558 pretium,
2951 1499 3135 1544 utrum
3173 1490 3245 1545 sit
3275 1491 3498 1562 angelus
3520 1493 3610 1562 qui

389 1573 515 1636 τοὺς
537 1572 733 1638 τόπους
766 1573 1017 1644 δηλοῦται
1051 1579 1078 1630 6
1104 1578 1230 1640 τοὺς
1262 1579 1673 1649 χρηματισμοὺς
1701 1579 1834 1651 πρὸς
1861 1579 1920 1632 τὸ

2055 1574 2140 1630 Ιιὶε
2190 1577 2245 1629 in
2305 1574 2601 1647 Scriptura:
2646 1579 2784 1634 locis
2827 1580 3140 1636 Ahrahamo
3179 1583 3498 1652 apparuisse
3530 1598 3614 1640 os-

397 1664 650 1738 Ἀϐραὰμ
679 1667 1063 1738 πεποιημένος,
1103 1669 1135 1740 ἣ
1165 1669 1325 1733 αὐτὸς
1361 1671 1389 1722 ὁ
1434 1669 1542 1722 τῶν
1571 1670 1704 1724 ὅλων
1730 1671 1881 1735 Θεὸς,
1912 1675 1921 1723 '1

2048 1666 2309 1730 tenditur,
2341 1683 2410 1722 an
2440 1669 2554 1739 ipse
2582 1671 2824 1725 omnium
2855 1671 3018 1736 Deus,
3054 1674 3138 1726 vel
3167 1673 3358 1728 tertius
3391 1673 3610 1743 aliquis,

387 1757 566 1829 τρίτος
597 1776 681 1822 τις
713 1749 862 1831 παρά
897 1760 1116 1825 τούτους
1153 1763 1180 1815 6
1211 1762 1302 1814 τοῦ
1347 1761 1480 1815 Θεοῦ
1507 1763 1694 1832 Λόγος,
1720 1763 1778 1816 ὃν
1809 1781 1921 1834 μετέ

2047 1755 2139 1811 Dei
2167 1758 2376 1812 scilicet
2393 1757 2647 1823 Verbum,
2675 1775 2833 1830 quem
2861 1768 2982 1830 post
3013 1761 3337 1816 altissimum
3359 1761 3600 1826 Patrem,

383 1849 475 1904 τὸν
505 1850 763 1904 ἀνωτάτω
796 1851 1012 1923 Πατέρα
1039 1852 1132 1905 καὶ
1155 1851 1285 1905 Θεὸν
1322 1852 1428 1906 τῶν
1460 1853 1593 1907 ὅλων
1621 1854 1822 1925 Κύριον
1850 1872 1920 1907 κα

2045 1854 2098 1901 ct
2127 1846 2290 1902 Deum
2315 1849 2554 1903 omnium
2572 1849 2880 1916 Dominum,
2905 1859 2958 1906 et
2980 1851 3144 1906 Deum
3165 1867 3360 1907 vocare
3377 1854 3428 1907 in
3453 1868 3605 1908 sacra

382 1939 514 1994 Θεὸν
546 1942 838 2007 ἀποκαλεῖν
863 1942 982 2007 ἔθος
1004 1947 1068 2015 τῇ
1101 1945 1218 2015 ἱερᾷ
1245 1946 1461 2019 Γραφῇ·
1493 1945 1570 1998 ἔτι
1600 1963 1659 1998 τε
1691 1944 1919 2016 ζητῆσαι

2049 1935 2331 2008 Scriptura
2409 1940 2616 2007 solent;
2666 1957 2878 1997 necnon
2940 1943 3220 2012 inquirere
3265 1944 3388 2014 quis
3461 1951 3608 1998 esset

1430 337 1732 408 ,εοιοοιίι
1768 341 2247 400 PROPHETICIE.
2288 375 2353 383 -—
2395 344 2520 400 LIB.
2555 347 2596 402 1.

2064 1022 2176 1076 cies
2198 1022 2462 1090 judicium
2522 1024 2627 1077 hoc
2663 1025 2731 1077 ‘7.
2763 1043 2781 1075 ι
2817 1023 2883 1077 Et
2928 1032 3051 1094 post
3083 1041 3254 1094 pauca
3300 1027 3435 1082 dicit
3475 1026 3623 1084 Scri-

380 2032 467 2096 τίς
497 2027 566 2102 ἦν
603 2035 632 2086 6
663 2033 770 2087 τῶν
799 2035 963 2105 τριῶν
999 2034 1106 2088 τῶν
1153 2035 1420 2104 ὀφθέντων
1453 2036 1530 2106 τῷ
1573 2036 1818 2109 Ἀϐραὰμ
1853 2038 1944 2092 ἀν-

380 2122 544 2196 δρῶν,
583 2125 718 2196 πρὸς
743 2125 801 2180 ὃν
828 2127 988 2190 αὑτός
1018 2145 1074 2180 τε
1100 2123 1268 2190 εἶπεν,
1306 2147 1324 2178 α
1357 2129 1547 2202 Κύριε,
1572 2133 1620 2184 εί
1646 2126 1800 2198 εὗρον
1845 2132 1943 2203 χά·-

383 2231 467 2285 ριν
500 2215 740 2269 ἐναντίον
771 2233 863 2269 σου
887 2233 901 2246 ο
945 2235 963 2268 ι
999 2219 1091 2271 καὶ
1118 2219 1298 2286 πάλιν,
1346 2238 1365 2272 t
1405 2221 1681 2292 Μηδαμῶς
1705 2240 1719 2254 ο
1755 2226 1783 2277 6
1824 2223 1941 2295 κρί-

376 2323 482 2360 νων
527 2310 706 2362 πᾶσαν
743 2308 841 2380 τὴν
882 2309 984 2380 γῆν
1016 2311 1077 2364 οὐ
1114 2313 1356 2382 ποιήσεις
1403 2315 1612 2386 κρίσιν·
1650 2334 1669 2367 ι
1706 2317 1833 2388 περὶ
1877 2308 1938 2370 οῦ

375 2399 524 2469 καὶὴ
554 2397 672 2452 θεία
703 2400 892 2472 Γραφὴ
931 2402 992 2454 οὐ
1027 2402 1183 2472 μόνον
1216 2403 1448 2475 πρῶτον,
1475 2406 1604 2460 ἀλλὰ
1632 2407 1725 2462 καὶ
1761 2408 1940 2462 δεύτε-

379 2503 471 2560 ρον
509 2488 606 2542 καὶ
651 2489 829 2556 τρίτον
881 2491 1160 2562 ίστορικῶς
1204 2510 1385 2563 φησιν,
1421 2513 1440 2546 ι
1479 2497 1650 2568 Ὠφθη
1695 2497 1750 2550 δὲ
1793 2497 1938 2569 αὐτῷ

374 2579 600 2651 Κύριος,
635 2599 654 2634 ι
702 2582 794 2635 ἐπὶ
821 2585 886 2654 τῇ
918 2583 978 2652 (f.
1019 2584 1075 2652 5)
1111 2603 1130 2636 ι
1164 2585 1368 2657 Κύριος
1399 2605 1418 2638 ι
1462 2589 1801 2660 προσηγορίᾳ
1841 2588 1934 2643 τοῦ

372 2673 754 2745 ἀνεκφωνήτου
787 2676 844 2728 ὲν
876 2676 953 2748 τῷ
993 2676 1264 2747 Ἐϐραῖκῷ
1289 2681 1620 2750 τεταγμένου
1654 2681 1932 2752 ὀνόματος,

369 2763 508 2835 ὅπερ
535 2765 875 2820 οὐδεπώποτε
916 2767 1008 2822 ἐπὶ
1041 2768 1332 2841 ἀγγελικῆς
1360 2770 1638 2842 δυνάμεως
1677 2773 1937 2846 παρείλη-

371 2873 526 2910 πται.
562 2857 694 2912 Ὀτε
723 2858 854 2928 γοῦν
881 2860 910 2912 6
947 2859 1069 2914 Λὼτ
1092 2865 1202 2926 τοῖς
1243 2863 1323 2925 εἰς
1348 2862 1550 2933 Σόδομα
1580 2863 1822 2920 ἐλθοῦσιν
1846 2868 1934 2935 ἀγ-

369 2949 549 3018 γέλοις
580 2951 990 3024 ἀναγέγραπται
1011 2951 1202 3021 λέγων,
1237 2971 1256 3004 t
1285 2954 1505 3024 Δέομαι,
1529 2954 1719 3027 Κύριε,
1746 2956 1930 3028 ἐπειδὴ

370 3038 530 3112 εὗρεν
559 3044 588 3095 6
617 3047 744 3108 παῖς
787 3062 878 3097 σου
903 3044 1048 3108 ἕλεος
1079 3045 1306 3100 ἐνώπιόν
1341 3065 1454 3110 σου,
1488 3067 1506 3099 ι
1541 3051 1712 3101 κεῖται
1742 3048 1839 3119 μὲν
1873 3050 1931 3102 ἐν

2043 2029 2208 2083 trium
2239 2031 2501 2098 virorum,
2532 2033 2624 2102 qui
2659 2032 2968 2088 Ahrahamo
3013 2034 3115 2087 visi
3162 2042 3310 2096 sunt,
3345 2032 3412 2086 ad
3443 2048 3601 2103 quem

2041 2119 2132 2175 ille
2163 2121 2361 2176 dixerit
2391 2141 2404 2176 :
2441 2143 2460 2174 ‹
2499 2122 2745 2190 Domine,
2781 2125 2828 2179 si
2874 2126 3055 2180 inveni
3090 2126 3319 2196 gratiam
3344 2126 3399 2180 in
3429 2125 3606 2180 oculis

2039 2211 2149 2266 tuis
2175 2212 2260 2279 '°;
2299 2232 2319 2264 ι
2354 2223 2408 2268 et
2428 2230 2621 2272 rursus
2661 2236 2674 2270 :
2705 2234 2724 2268 ι
2761 2201 2896 2270 Νοιι
2918 2225 3001 2271 est
3027 2216 3131 2271 hoc
3161 2227 3313 2272 tuum
3348 2236 3361 2272 :
3395 2217 3489 2286 qui
3509 2216 3602 2286 ju~

2039 2302 2191 2358 dicas
2229 2319 2445 2359 omnem
2477 2313 2696 2363 terram.
2727 2322 3069 2378 nequaquam
3125 2307 3293 2363 facies
3333 2308 3598 2378 judicium

2039 2391 2142 2446 hoc
2171 2394 2237 2446 ".
2275 2412 2294 2446 ι
2339 2391 2416 2448 De
2443 2410 2554 2464 quo
2583 2403 2636 2450 et
2685 2395 2867 2450 divina
2925 2395 3202 2466 Scriptura
3247 2411 3355 2452 non
3386 2405 3598 2450 tantum

2039 2483 2226 2551 semel,
2257 2485 2351 2540 sed
2384 2501 2576 2542 rursus
2610 2495 2665 2542 et
2713 2489 2874 2542 tertio
2928 2504 3122 2558 reapse
3167 2488 3345 2542 dixit:
3380 2507 3400 2538 ι
3433 2487 3596 2542 Visus

2037 2587 2215 2633 autem
2259 2581 2308 2636 ei
2353 2580 2703 2647 Dominus",
2749 2603 2767 2636 ι
2799 2585 2888 2639 ubi
2923 2602 2943 2634 ι
2983 2584 3243 2641 Dominus
3283 2605 3302 2636 ι
3342 2564 3596 2641 ineffabili

2035 2672 2396 2742 appellatione
2450 2675 2506 2728 in
2556 2673 2829 2729 Hebraico
2883 2682 3035 2730 textu
3080 2675 3420 2746 designatur,
3477 2692 3599 2748 quae

2035 2764 2242 2818 scilicet
2284 2780 2552 2835 nusquam
2587 2767 2653 2820 de
2691 2767 2933 2836 angelica
2979 2777 3244 2837 potestate
3277 2777 3592 2840 usurpatur.

2031 2855 2167 2911 Cum
2201 2856 2365 2926 igitur
2407 2857 2505 2912 Lot
2551 2859 2892 2914 venientibus
2945 2861 3000 2914 in
3054 2859 3344 2916 Sodomam
3381 2861 3590 2931 angelis

2031 2947 2233 3002 dixisse
2263 2948 2467 3004 fertur:
2500 2969 2518 3000 ι
2555 2948 2770 3018 ρυιεεο,
2817 2951 3040 3007 Domine
3078 2954 3174 3014 mi,
3206 2955 3336 3022 quia
3377 2954 3582 3008 invenit

2032 3051 2224 3092 servus
2250 3048 2378 3096 tuus
2404 3041 2631 3110 gratiam
2663 3057 2848 3096 coram
2894 3051 2948 3097 te
2995 3044 3062 3107 ’³,
3129 3063 3148 3095 ι
3209 3044 3484 3099 invenitur
3532 3045 3588 3098 in

365 3131 445 3203 τῷ
473 3132 743 3204 Ἐϐραῖκῷ
775 3133 856 3198 τὸ,
885 3153 902 3185 t
929 3134 1119 3206 Κύριε,
1145 3157 1162 3186 ›
1187 3136 1300 3188 ἀλλ’
1330 3137 1388 3189 ού
1410 3137 1495 3189 διὰ
1518 3137 1622 3190 τῶν
1653 3139 1921 3210 τεσσάρων

2033 3128 2298 3185 Hebraico
2325 3139 2498 3195 textu,
2528 3151 2546 3183 ι
2583 3132 2829 3197 Domine,
2864 3153 2882 3185 ι
2917 3135 3011 3189 sed
3045 3151 3153 3189 non
3186 3146 3419 3205 quatuor
3451 3137 3591 3190 litte-

369 3225 646 3296 στοιχείων
683 3224 790 3278 τῶν
821 3227 950 3297 παρ’
989 3227 1258 3298 Ἑϐραίοις
1285 3227 1378 3280 ἐπὶ
1417 3228 1510 3282 τοῦ
1543 3229 1779 3300 ἀρρήτου
1808 3230 1926 3283 6V6-

369 3334 538 3388 ματος
568 3315 664 3371 τοῦ
709 3317 842 3371 Θεοῦ
886 3317 1477 3389 παραλαμϐανομένων,
1517 3320 1584 3372 δι’
1624 3321 1826 3392 ἑτέρων
1868 3322 1924 3375 δὲ

366 3401 643 3463 συλλαϐῶν
671 3410 737 3463 δι’
766 3404 840 3463 ἄν
868 3411 960 3464 καὶ
985 3412 1012 3463 6
1038 3410 1166 3480 παρ’
1199 3409 1500 3483 ἀνθρώποις
1531 3412 1924 3483 ὀνομαζόμενος

361 3501 550 3572 κύριος
605 3500 711 3554 τῶν
743 3501 879 3572 πρός
900 3519 951 3555 τι
994 3501 1293 3572 τυγχάνων,
1321 3498 1430 3555 οἷον
1469 3504 1678 3556 οἰκέτου
1715 3503 1920 3576 κύριος,

360 3593 493 3664 παρ’
535 3592 804 3665 Ἑϐραίοις
836 3593 1231 3663 ἐγγέγραπταιν
1267 3592 1380 3646 ἀλλ’
1425 3594 1576 3647 οὐδέν
1625 3612 1687 3664 γε
1714 3595 1922 3658 τούτοις

359 3682 481 3754 ιχον
512 3685 886 3757 παραπλήσιον
923 3686 985 3738 τὸ
1030 3688 1121 3740 ἐπὶ
1166 3690 1264 3758 τῆς
1302 3686 1395 3740 τοῦ
1437 3685 1569 3739 Θεοῦ
1611 3685 1922 3749 αύθεντείας

357 3777 448 3831 διὰ
475 3776 584 3831 τῶν
624 3779 901 3850 τεσσάρων
945 3779 1217 3849 στοιχείων
1265 3779 1818 3850 παραλαμϐανόμενον
1862 3778 1918 3832 ἕν

355 3884 416 3920 τε
445 3870 564 3932 ταῖς
587 3869 1096 3939 ἀναγεγραμμέναις
1124 3869 1216 3922 τοῦ
1238 3869 1370 3922 Θεοῦ
1395 3870 1528 3941 πρὸς
1559 3870 1646 3923 τὸν
1674 3869 1918 3941 Ἀϐραὰμ

357 3960 641 4024 όπτασίαις
695 3962 1060 4034 ἐμφερόμενον
1115 3962 1299 4031 σαφῶς
1349 3964 1671 4034 παρίστησιν
1703 4003 1719 4027 ,
1783 3963 1915 4033 μηδὲ

356 4053 605 4123 ἄγγελον,
679 4053 811 4126 μηδὲ
855 4055 1016 4126 ὀλίγῳ
1059 4054 1245 4108 τοῦτον
1291 4055 1758 4126 ἐπαναϐεϐηκυῖάν
1797 4073 1918 4108 τινα

354 4144 507 4200 θείαν
548 4145 774 4217 δύναμιν
803 4145 949 4216 αὐτῷ
979 4147 1462 4218 κεχρηματικέναι,
1494 4146 1606 4198 ἀλλ’
1633 4147 1793 4199 αὐτὸν
1822 4147 1913 4198 τὸν

352 4237 509 4304 Θεὸν,
539 4232 601 4294 οῦ
626 4239 724 4310 τὴν
772 4240 1005 4310 ἄρρητον
1038 4237 1362 4309 ἐκφὼνησιν,
1409 4237 1576 4307 αὐτὴν
1622 4238 1685 4308 δὴ
1711 4236 1913 4307 ταύτην

351 4331 496 4386 κατά
515 4331 640 4394 τοὺς
664 4331 860 4394 τόπους
889 4331 974 4384 διὰ
1001 4331 1108 4384 τῶν
1139 4331 1415 4402 τεσσάρων
1451 4327 1724 4398 στοιχείων
1747 4331 1912 4399 ἐμφε-

355 4423 610 4496 ρομένην,
637 4422 794 4493 μόνος
827 4424 854 4475 6
881 4422 1172 4492 ἀρχιερεὺς
1206 4421 1298 4475 ἐπὶ
1332 4419 1426 4474 τοῦ
1476 4419 1724 4490 μετώπου
1761 4436 1912 4490 περι-

2030 3221 2107 3277 ris
2140 3223 2459 3294 designatus
2512 3240 2631 3294 qua:
2683 3226 2823 3295 apud
2868 3225 3124 3282 Hebraeos
3175 3227 3444 3282 ineffabile
3490 3227 3584 3282 Dei

2027 3330 2223 3370 nomen
2254 3319 2588 3386 exprimunt,
2647 3318 2742 3374 sed
2798 3320 2901 3372 alia
2961 3320 3422 3384 denominatione,
3467 3337 3588 3392 qua:

2023 3406 2185 3476 vu-lgo
2206 3409 2349 3478 apud
2383 3408 2634 3465 llebraaos
2667 3410 2733 3465 de
2759 3411 2991 3480 alicujus
3027 3411 3167 3467 inter
3203 3413 3449 3468 homines
3483 3411 3584 3468 do-

2023 3500 2196 3566 mino,
2225 3501 2391 3555 veluti
2419 3501 2485 3556 de
2516 3504 2656 3557 servi
2682 3502 2922 3566 domino,
2950 3514 3261 3573 usurpatur.
3287 3502 3429 3557 Nihil
3459 3519 3588 3558 vero

2022 3592 2130 3646 tale
2161 3593 2404 3647 invenias
2430 3593 2484 3647 in
2514 3593 2956 3648 denominatione
2985 3609 3104 3664 quae
3129 3593 3195 3648 ad
3226 3593 3320 3648 Dei
3344 3596 3581 3648 auctori-

2021 3694 2182 3740 tatem
2216 3694 2447 3755 spectat,
2485 3687 2540 3740 in
2569 3693 3016 3756 tetragrammato
3069 3686 3295 3750 scilicet,
3341 3686 3484 3756 quod
3526 3686 3581 3740 in

2020 3777 2205 3831 relatis
2250 3775 2344 3830 Dei
2375 3777 2441 3830 ad
2470 3775 2838 3829 Abrahamum
2884 3776 3316 3845 apparitionibus
3351 3792 3583 3846 usurpa-

2018 3875 2128 3922 tur.
2157 3867 2268 3922 lluc
2307 3869 2490 3938 itaque
2515 3884 2614 3922 nec
2646 3869 2893 3938 angelus,
2940 3882 3041 3921 nec
3072 3868 3264 3937 angelo
3296 3869 3460 3938 paulo
3487 3883 3580 3923 su—

2019 3961 2199 4030 perior
2222 3962 2404 4031 aliqua
2434 3960 2617 4014 divina
2645 3969 2888 4030 potestas
2923 3959 3266 4029 designatur,
3298 3961 3390 4015 sed
3438 3959 3580 4016 Deus

2015 4051 2152 4120 ipse,
2182 4053 2338 4119 cujus
2369 4049 2635 4104 ineffabile
2670 4065 2890 4114 nomen,
2946 4058 3133 4118 utpote
3159 4051 3416 4106 distincte
3445 4068 3581 4122 qua-

2015 4151 2138 4198 tuor
2186 4142 2385 4196 litteris
2424 4151 2726 4204 exaratum,
2781 4141 2932 4196 solus
2997 4157 3244 4196 summus
3310 4143 3574 4212 pontifes,

2013 4235 2192 4288 fronte
2249 4233 2496 4304 gestabat
2535 4233 2590 4286 in
2625 4233 2824 4286 lamina
2870 4247 3033 4287 aurea
3089 4248 3210 4302 quae
3266 4233 3576 4304 appellaba—

2012 4335 2099 4379 tur
2140 4344 2153 4379 :
2193 4345 2211 4375 ι
2271 4325 2528 4380 Caelatum
2577 4324 2838 4392 sigillum,
2879 4332 3127 4379 sanctum
3179 4324 3408 4379 Domino
3445 4326 3510 4380 ".
3551 4343 3572 4378 ι

2011 4417 2356 4472 Manifestum
2389 4425 2471 4471 est
2505 4423 2684 4470 autem
2715 4415 2955 4470 divinam
2977 4414 3315 4485 Scripturam
3347 4432 3454 4471 non
3490 4417 3573 4471 in-

350 4515 530 4569 έκειτο
576 4514 753 4585 φέρων
795 4513 886 4566 ἐπὶ
915 4512 1006 4566 τοῦ
1035 4513 1234 4584 χρυσοῦ
1270 4513 1499 4566 πετάλου
1544 4512 1602 4564 τὸ
1627 4512 1912 4583 λεγόμενον

2022 4510 2433 4565 discriminatim
2476 4509 2616 4563 hanc
2655 4509 2861 4580 angelis
2903 4508 3221 4563 attribuisse
3250 4509 3574 4564 denomina-

355 4624 374 4656 ο
396 4604 727 4674 Ἑκτύπωμα
758 4605 1066 4676 σφραγίδος,
1095 4603 1476 4675 ἀγιάσμαίτος]
1506 4604 1728 4674 Κυρίου.
1761 4622 1778 4654 ι
1806 4603 1915 4656 Καὶ

347 4697 432 4748 ὃτι
464 4712 528 4763 γε
553 4695 652 4750 οὐκ
689 4695 975 4766 ἀδιάφορόν
1013 4698 1128 4748 ἐστι
1159 4699 1224 4767 τῇ
1249 4696 1368 4766 θείᾳ
1404 4697 1591 4767 Γραφῇ
1629 4697 1716 4750 ἐπ’
1752 4697 1913 4763 ἀγγέ-

345 4786 456 4840 λων
500 4787 730 4859 χρῆσθαι
773 4789 838 4857 τῇ
881 4785 1104 4859 τοιαύτῃ
1149 4786 1506 4857 προσηγορίᾳ,
1537 4786 1800 4858 πρόδηλον
1848 4788 1911 4839 ἐκ

345 4879 443 4933 τοῦ
474 4879 674 4950 σφόδρα
716 4878 1248 4949 παρατετηρημένως
1296 4876 1423 4929 ποτὲ
1467 4879 1565 4948 μὲν
1610 4877 1770 4929 αὑτὸν
1819 4875 1910 4929 τὸν

347 4970 479 5024 Θεὸν
499 4969 535 5041 ἢ
560 4970 650 5022 τὸν
672 4969 758 5023 διὰ
783 4969 877 5022 τοῦ
904 4969 1325 5041 τετραγράμμου
1353 4967 1675 5039 δηλούμενον
1707 4967 1908 5039 Κύριον

345 5056 526 5131 ὧφθαί
549 5079 608 5116 τε
630 5064 724 5116 καὶ
745 5062 1070 5135 κεχρηκέναι
1098 5065 1208 5124 τοῖς
1232 5061 1458 5124 δικαίοις
1497 5062 1748 5132 ἱστορεῖν,
1778 5059 1907 5113 ποτὲ

342 5151 402 5206 δὲ
452 5150 710 5220 ἀγγέλους
758 5151 1089 5222 ἀναγράφειν
1130 5151 1255 5212 τοὺς
1301 5151 1662 5222 ὲωραμένους.
1716 5149 1906 5219 Σαφῶς

340 5238 438 5297 οὖν
465 5243 496 5296 6
520 5245 588 5314 τῇ
615 5243 793 5315 Ἅγαρ
816 5243 1074 5316 ἀλωμένη
1103 5242 1390 5312 ἐπιφανεὶς
1421 5242 1647 5310 ἄγγελος
1678 5237 1745 5312 ἦν
1765 5257 1778 5270 ·
1815 5243 1905 5294 καὶ

338 5335 453 5404 γὰρ
482 5334 648 5407 ἐχρῆν
675 5336 857 5408 ἐκείνῃ
889 5335 1009 5405 μὲν,
1041 5335 1135 5389 ἆτε
1169 5334 1416 5387 πλεῖστον
1444 5335 1565 5387 ὅσον
1613 5331 1901 5386 ἀπολειπο-

341 5425 481 5500 μένῃ
511 5426 604 5480 τοῦ
654 5425 921 5498 Ἀϐραὰμ,
971 5427 1064 5479 καὶ
1108 5426 1257 5480 οὐδέν
1293 5443 1345 5478 τι
1394 5424 1554 5478 πλέον
1606 5422 1898 5493 ἀγγελικῆς

337 5519 604 5583 ὀπτασίας
635 5519 856 5589 θεωρεῖν
896 5518 1185 5590 δυναμένη,
1222 5517 1548 5589 κατάλληλον
1587 5515 1682 5587 τὴν
1730 5517 1898 5569 ὀπτα-

346 5685 384 5697 ..
412 5634 606 5693 "Gen.
634 5635 1000 5703 xvm,22-25.

339 5703 558 5774 18,19:
629 5710 674 5740 ’⁵
688 5707 854 5762 Exod.
873 5722 1065 5771 nvm,
1081 5707 1169 5764 36.

1096 5637 1398 5694 “ibid.35.
1494 5636 1891 5705 "Gcn.xtx,l.
1971 5635 2410 5705 ’°Gen.xvnt,5.

2012 4603 2234 4664 tionem,
2261 4602 2562 4672 praesertim
2593 4614 2716 4654 cum
2753 4599 3164 4654 accuratissime
3198 4615 3342 4655 nunc
3393 4603 3572 4671 ipsum

2009 4693 2206 4755 Deum,
2242 4694 2322 4747 vel
2368 4700 2814 4761 tetragrammato
2843 4690 3251 4746 denominatum
3285 4691 3571 4746 Dominum

2011 4784 2330 4854 apparuisse
2353 4793 2405 4837 et
2428 4798 2552 4837 cum
2572 4783 2739 4852 justis
2762 4790 3146 4837 conversatum
3177 4781 3346 4836 fuisse
3378 4782 3560 4836 memi-

2008 4877 2172 4940 nerit,
2205 4891 2351 4931 nunc
2377 4891 2507 4930 vero
2551 4879 2774 4946 angelos
2827 4875 2975 4929 visos
3030 4873 3220 4928 fuisse.
3283 4871 3569 4927 Manifeste

2008 4967 2174 5037 igitur
2203 4967 2430 5037 angelus
2461 4975 2598 5029 erat,
2639 4967 2733 5037 qui
2768 4967 2911 5035 Agar
2940 4964 3148 5019 erranti
3195 4963 3368 5018 visus.
3405 4962 3568 5018 Dece-

2004 5060 2100 5112 bat
2127 5059 2271 5114 enim
2304 5059 2432 5112 huic
2457 5058 2696 5128 quidem,
2727 5064 2890 5127 prout
2921 5055 2990 5110 ab
3010 5055 3322 5110 Abrahamo
3351 5056 3568 5126 penitus

2003 5147 2293 5211 derelictae,
2329 5161 2432 5201 nec
2459 5146 2734 5216 quidpiam
2775 5145 3019 5216 angelica
3046 5145 3257 5200 visione
3275 5146 3452 5214 majus
3483 5147 3568 5200 in-

2002 5241 2141 5296 t-ueri
2170 5240 2393 5302 valenti,
2433 5240 2646 5294 obviam
2679 5237 2793 5292 fieri
2826 5253 2924 5308 per
2965 5245 3280 5307 przesentcm
3315 5236 3566 5308 angelum

2001 5332 2288 5396 visionem,
2322 5329 2450 5384 dum
2490 5329 2801 5384 Abrahamo
2832 5328 3056 5390 clarior,
3091 5326 3188 5382 Dei
3231 5327 3438 5383 scilicet
3484 5328 3563 5399 ip-

2003 5423 2139 5485 sius,
2190 5421 2561 5478 manifestatio
2615 5421 2788 5475 fleret.
2839 5418 3050 5489 Quippe
3101 5428 3294 5473 caetera
3341 5418 3458 5488 ipsa
3493 5416 3560 5471 ad

2003 5529 2128 5569 eum
2150 5513 2244 5569 Dei
2275 5515 2438 5570 verba
2468 5527 2659 5584 parum
2689 5525 2928 5582 congrua
2948 5519 3156 5574 essent,
3187 5511 3234 5565 si
3264 5511 3388 5580 quis
3408 5525 3471 5565 ea
3493 5512 3561 5564 ad

2489 5629 2791 5689 "ibid.25.
2867 5628 3132 5686 “ibidJ.
3210 5625 3559 5684 "Gemxu.
