4134 6414
441 4616 444 4618 τ
549 4612 763 4654 necnon
841 4598 992 4654 Isaiae
1060 4599 1262 4656 dicenti
1318 4621 1330 4656 :

569 359 592 412 1
603 358 703 414 051

1269 353 1536 410 EUSEBII
1571 353 2040 410 CESARIENSIS
2076 353 2226 411 OPP.
2266 354 2446 409 PARS
2482 354 2572 410 Ill.
2611 385 2680 398 —
2717 352 3126 412 EXEGETICA.

3652 360 3789 417 {033

567 479 791 546 angelos
818 473 1025 532 referre
1071 479 1390 539 conaretur;
1440 474 1604 528 unius
1654 474 1801 532 enim
1855 474 1950 529 Dei
2007 483 2126 528 erat

2231 473 2350 528 σίαν
2379 473 2629 542 γενέσθαι
2657 472 2743 527 διὰ
2766 473 2864 544 τῆς
2898 473 2990 526 τοῦ
3022 472 3251 542 ἀγγέλου
3276 472 3596 545 παρουσίας,
3627 474 3704 544 τῷ
3736 475 3790 528 δι

570 569 688 625 haec
733 567 935 633 dicere,
969 564 1177 620 scilicet
1215 582 1229 618 :
1278 581 1296 614 ι
1340 561 1557 618 Faciam
1591 571 1643 618 te
1687 564 1742 618 in
1775 574 1986 633 gentem
2015 578 2129 617 ma-

569 674 753 731 gnam,
801 667 856 712 et
896 655 1216 712 benedicam
1257 654 1356 708 tibi
1375 655 1444 720 ",
1484 674 1503 708 ι
1550 662 1604 710 et
1633 657 1950 724 sequentia;
1990 656 2131 711 haec-

568 769 676 823 que
703 749 1004 821 prtesertim
1029 767 1042 800 :
1075 766 1093 798 ι
1131 747 1244 818 Ego
1274 746 1535 802 Dominus
1557 746 1650 817 qui
1673 746 1836 802 eduxi
1859 754 1912 800 te
1930 763 1961 802 e
1985 754 2130 802 terra

568 840 945 895 Chaldaeorum
989 837 1064 904 ²⁶;
1121 856 1138 888 ι
1169 845 1224 891 et
1254 837 1345 890 illa
1395 855 1408 892 :
1453 855 1472 888 ‹
1511 836 1622 906 Ego
1653 853 1774 894 sum
1809 835 1951 893 Deus
1981 845 2129 900 tuus,

582 932 801 988 ambula
838 945 1023 986 coram
1064 944 1151 984 me
1203 929 1282 996 '7;
1346 948 1365 981 ι
1418 934 1473 982 et
1500 930 1729 999 reliqua.
1767 928 1958 985 Nullus
1985 930 2131 984 enim

570 1033 680 1080 tam
711 1024 866 1078 rudis
891 1021 1092 1092 ingenii
1132 1027 1299 1084 esset,
1332 1020 1424 1090 qui
1469 1020 1583 1074 haec
1624 1021 1691 1075 ab
1745 1020 1938 1091 angelo
1987 1021 2131 1074 dicta

567 1117 863 1173 existimet.
916 1115 1052 1170 Cum
1100 1113 1268 1185 igitur
1311 1112 1624 1168 Abrahamo
1685 1112 1790 1167 sub
1819 1112 2012 1167 arbore
2045 1128 2132 1168 se-

567 1209 716 1266 denti
746 1218 857 1265 tres
880 1208 980 1263 viri
1003 1214 1397 1278 apparuerunt,
1421 1207 1515 1261 uni
1540 1205 1918 1262 tantummodo
1941 1221 2129 1260 eorum

567 1303 740 1358 dixit:
767 1322 787 1352 ‹
817 1301 1066 1364 Domine,
1096 1301 1143 1355 si
1176 1299 1356 1355 inveni
1387 1298 1617 1370 gratiam
1636 1298 1693 1353 in
1709 1298 1883 1353 oculis
1906 1299 2012 1353 tuis
2029 1299 2125 1348 ⁸⁸.»

569 1395 636 1450 Et
667 1403 986 1450 cancrorum
1039 1393 1224 1449 nullus
1273 1407 1397 1447 cum
1453 1391 1764 1446 Abrahamo
1827 1391 2131 1446 collocutus

568 1488 863 1552 inducitur,
889 1486 1152 1554 siquidem
1185 1500 1292 1540 non
1317 1483 1563 1550 decebat,
1610 1483 1842 1538 famulos
1861 1483 2130 1554 appellare

563 1579 836 1644 dominos,
856 1577 953 1634 sed
983 1578 1073 1632 ille
1106 1577 1258 1632 solus
1284 1576 1546 1632 Dominus
1579 1583 1825 1639 vocatur,
1851 1575 1941 1646 qui
1966 1575 2129 1630 etiam

563 1671 695 1726 dicit
746 1686 761 1723 :
820 1689 840 1721 ‹
896 1669 1037 1723 Num
1093 1669 1495 1738 celare’potero
1545 1666 1914 1723 Abrahamum
1961 1667 2130 1722 ﬁlium

561 1765 812 1819 meum"
861 1782 880 1816 ι
933 1773 986 1818 et
1026 1770 1237 1818 caetera.
1276 1760 1478 1817 Deinde
1505 1762 1604 1818 viri
1635 1761 1921 1818 Dominum
1961 1761 2132 1817 comi-

2241 565 2489 637 Ἀϐραὰμ
2526 565 2614 619 διὰ
2657 566 2754 636 τῆς
2791 566 3032 639 μείζονος
3077 565 3239 619 αὑτοῦ
3287 565 3379 618 τοῦ
3414 565 3551 619 Θεοῦ
3599 566 3792 636 ἐπιφα-

2228 655 2394 720 νείας.
2447 656 2558 711 Καὶ⁸
2605 659 2654 710 οἱ
2690 658 2866 710 λοιποὶ
2911 657 2967 710 δὲ
3001 657 3153 710 αὐτοὶ
3180 656 3285 710 τῶν
3319 657 3456 728 πρὸς
3499 657 3660 711 αὐτὸν
3693 657 3787 712 τοῦ

2229 749 2363 803 Θεοῦ
2404 749 2574 818 λόγων
2625 749 2723 802 οὐκ
2765 747 2830 804 ἂν
2863 749 2958 820 μὲν
2996 749 3306 820 ἀρμόσειεν,
3338 751 3384 801 εί
3416 748 3507 802 ἐπὶ
3530 748 3793 818 ἀγγέλους

2228 857 2311 906 τις
2332 842 2526 904 αὐτοὺς
2555 840 2774 911 ἀνάγειν
2802 840 3058 912 πειρῷτο,
3093 841 3237 912 μόνῳ
3268 841 3323 893 δὲ
3357 839 3473 910 Θεῷ
3503 841 3702 911 πρέποι
3728 840 3794 893 ἂν

2230 933 2425 997 αὐτοὺς
2463 933 2662 1002 λέγειν,
2709 927 2819 987 οἷον
2854 934 2936 999 τὸ,
2977 953 2996 984 ‹
3031 931 3141 987 Καλ⁸
3189 933 3399 1004 ποιήσω
3441 949 3498 984 σε
3530 933 3610 995 εἰς
3645 931 3794 994 ἔθνος

2232 1025 2392 1096 μέγα,
2416 1027 2510 1080 καὶ
2536 1026 2810 1098 εὐλογήσω
2837 1043 2914 1092 σε,
2940 1045 2957 1078 ι
2975 1027 3067 1080 καὶ
3089 1025 3158 1078 τὰ
3181 1025 3388 1088 τούτοις
3417 1023 3789 1096 παραπλήσια·

2232 1120 2463 1191 μάλιστα
2493 1120 2551 1173 δὲ
2578 1119 2658 1184 τὸ,
2697 1139 2716 1172 ι
2767 1121 2906 1188 Ἐγὼ
2934 1119 3136 1192 Κύριος
3165 1119 3193 1170 6
3217 1113 3494 1187 ἐξαγαγών
3523 1133 3581 1169 σε
3609 1119 3673 1170 ἐκ
3697 1115 3797 1186 χὼ-

2228 1227 2331 1281 ρας
2361 1210 2639 1264 Χαλδαίων
2659 1228 2672 1242 ·
2713 1230 2732 1264 ι
2780 1212 2874 1264 καὶ⁵
2898 1212 2979 1274 τὸ,
3017 1231 3034 1262 ι
3071 1208 3208 1278 Ἐγώ
3234 1212 3347 1280 εἰμι
3373 1209 3401 1261 6
3428 1208 3576 1272 Θεὸς,
3602 1207 3795 1279 εὐαρέ-

2231 1317 2345 1353 στει
2373 1302 2612 1355 ἐναντίον
2640 1301 2796 1374 ἐμοῦ,
2835 1321 2852 1354 ι
2902 1302 2996 1356 καὶ
3021 1301 3090 1356 τά
3128 1300 3255 1371 ἑξῆς
3278 1318 3291 1331 ·
3322 1299 3413 1354 καὶ
3443 1300 3615 1362 οὐδεὶς
3653 1299 3795 1352 οῦτω

2228 1391 2420 1460 γένοιτ’
2468 1392 2532 1446 ἄν
2582 1395 2700 1447 ποτ’
2753 1393 2958 1465 ἠλίθιος
2994 1393 3068 1457 ὡς
3111 1392 3337 1462 ἄγγελον
3367 1390 3506 1446 αὑτά
3550 1391 3795 1444 ὑπονοεῖν

2231 1482 2532 1554 εἰρηκέναι.
2566 1485 2676 1538 Καὶ
2717 1484 2807 1538 ὅτε
2847 1484 2977 1552 γοῦν
3025 1483 3162 1556 πρὸς
3192 1487 3258 1554 τῇ
3286 1482 3406 1554 δρυῒ
3444 1480 3794 1554 καθεζομένῳ

2228 1574 2305 1646 τῷ
2347 1575 2597 1649 Ἀϐραὰμ
2642 1579 2692 1631 οἱ
2739 1581 2888 1650 τρεῖς
2932 1577 3123 1649 ἄνδρες
3169 1576 3493 1646 ἐπέστησαν,
3545 1576 3793 1647 πρόσεισι

2232 1667 2330 1738 μὲν
2362 1669 2542 1732 αὐτοῖς
2565 1671 2593 1723 6
2630 1668 2899 1740 Ἀϐραὰμ,
2949 1668 3063 1722 ἀλλ’
3114 1668 3174 1721 οὐ
3230 1671 3340 1732 τοῖς
3386 1666 3584 1738 τρισὶν,
3618 1668 3699 1720 ἑνὶ
3735 1667 3795 1720 δὲ

2233 1758 2392 1829 μόνον
2437 1760 2516 1823 τὸ,
2557 1779 2575 1808 ι
2624 1759 2818 1832 Κύριε,
2847 1761 2896 1812 εί
2940 1754 3095 1831 εὖρον
3143 1759 3298 1830 χάριν
3341 1758 3580 1810 ἐναντίον
3611 1775 3723 1811 σου.
3769 1778 3788 1810 ι

560 1858 962 1925 tantes,'prout
1001 1855 1175 1925 angeli
1217 1854 1444 1922 (scilicet
1490 1854 1688 1926 missi),
1715 1855 1998 1915 abeuntes,
2028 1853 2126 1908 soli

2233 1849 2342 1902 Καὶ
2370 1849 2476 1902 τῶν
2524 1850 2620 1920 μὲν
2655 1850 2828 1905 ἄλλων
2874 1850 2982 1904 οὐδ’
3015 1847 3094 1912 εἷς
3120 1851 3199 1919 τῷ
3240 1847 3489 1918 Ἀϐραὰμ
3516 1848 3794 1916 εἰσάγεται

561 1955 826 2001 venerunt
865 1946 919 2000 in
947 1945 1132 2000 urbem
1165 1944 1476 2011 Sodomam,
1498 1953 1552 2001 et
1584 1946 1841 2001 Dominus
1872 1961 1981 1999 non
2016 1943 2129 2015 jam

562 2052 686 2091 cum
737 2037 804 2091 iis
846 2052 1084 2106 praesens
1129 2045 1263 2090 erat.
1300 2035 1439 2107 (Quo
1489 2037 1630 2090 enim
1676 2035 1838 2091 mode
1868 2034 1982 2090 ﬁeri
2035 2049 2132 2105 po-

564 2131 757 2186 tuisset
798 2142 1138 2186 mansuetum
1208 2130 1725 2200 misericordemque
1785 2128 1952 2184 Deum
1986 2128 2128 2198 apud

563 2224 758 2294 impios
801 2224 1186 2292 commorari?)
1232 2222 1330 2278 llic
1370 2239 1497 2278 vero
1539 2223 1592 2276 in
1625 2223 2037 2278 conversatione
2065 2237 2129 2276 ac

560 2317 832 2388 colloquio
862 2315 1098 2387 religiosi
1124 2315 1362 2385 justique
1391 2315 1493 2370 viri
1523 2330 1867 2384 permanens,
1901 2316 2128 2384 ejusque

559 2405 953 2462 Consuetudine
970 2405 1185 2475 gaudet,
1209 2419 1271 2458 ac
1288 2405 1517 2474 benigne
1541 2404 1659 2474 ejus
1683 2404 2127 2460 humanissimam

559 2497 1006 2567 supplicationem
1066 2495 1284 2565 accipit,
1317 2495 1373 2548 in
1406 2509 1513 2564 qua
1553 2509 1675 2548 cum
1712 2513 1730 2544 ‹
1763 2493 1866 2560 Qui
1915 2494 2130 2562 judicas

557 2602 771 2642 omnem
789 2595 1011 2650 terram,
1033 2601 1374 2658 nequaquam
1402 2585 1568 2641 facies
1594 2586 1857 2656 judicium
1882 2589 1984 2644 hoc
2015 2589 2077 2653 '°,
2105 2607 2124 2640 ι

556 2675 900 2730 Abrahamus
933 2675 1158 2739 diceret,
1206 2676 1612 2732 evidentissime
1640 2679 2128 2750 ostenditseipsum

559 2765 780 2835 pulchre
807 2781 969 2822 nosse
995 2767 1138 2836 quod
1173 2782 1274 2822 nec
1306 2770 1517 2839 angelo,
1543 2784 1642 2824 nec
1675 2771 1839 2826 alicui
1872 2772 2130 2842 subjectae

556 2857 754 2913 divinae
782 2859 1057 2928 potestati,
1087 2858 1181 2913 sed
1212 2859 1315 2929 ipsi
1349 2860 1458 2916 Deo
1489 2861 1830 2931 loquebatur.
1861 2863 2128 2918 Caeterum

555 2950 705 3007 brevi
736 2967 970 3022 sequens
1007 2968 1192 3007 rerum
1232 2954 1472 3008 narratio
1509 2955 1796 3025 perspicue
1824 2956 2043 3027 angelos
2072 2957 2128 3011 in

559 3040 850 3098 Sodomam
899 3045 1306 3114 proficiscentes
1345 3045 1719 3112 demonstrat,
1782 3048 2121 3117 subjiciens:

562 3156 583 3189 ε
620 3135 898 3192 Venerunt
926 3138 1036 3193 duo
1077 3139 1251 3208 angeli
1292 3139 1348 3194 in
1389 3138 1684 3193 Sodomam
1738 3157 1964 3210 vespere
1992 3143 2056 3198 ³⁸.
2101 3162 2120 3196 ι

555 3227 761 3284 Deinde
798 3244 974 3299 neque
1023 3229 1330 3292 Dominum,
1377 3226 1566 3301 neque'
1599 3229 1767 3286 Deum
1815 3231 1917 3287 Lot
1943 3235 2120 3289 visum
2149 3275 2190 3329 ,Σ

556 3325 652 3372 aut
710 3319 949 3374 locutum
994 3318 1185 3383 fuisse,
1231 3321 1326 3375 sed
1384 3321 1606 3392 angelos
1650 3323 1860 3379 scribit.
1909 3323 1987 3378 Ex
2037 3327 2120 3382 his

557 3406 725 3476 igitur
779 3408 1039 3462 omnibus
1089 3415 1337 3477 apertum
1392 3417 1478 3463 est
1551 3406 1838 3462 Dominum
1893 3425 2015 3466 esse
2057 3427 2121 3466 ac.

554 3495 748 3560 Deum,
768 3513 875 3552 non
896 3513 1024 3552 vero
1051 3513 1376 3568 quemquam
1400 3500 1735 3569 angelorum,
1757 3517 1915 3571 quem
1953 3503 2120 3558 Abra-

555 3589 719 3643 hamo
747 3590 925 3644 visum
956 3590 1126 3646 fuisse
1163 3589 1446 3659 Scriptura
1477 3599 1730 3646 testatur.

2229 1940 2459 2010 ὁμιλῶνο
2488 1942 2610 1993 ἐπεὶ
2648 1941 2782 2012 μηδὲ
2811 1941 2931 2013 ᾔρει
2962 1941 3118 2010 λόγος
3149 1941 3273 2004 τοὺς
3323 1939 3538 2002 οἰκέτας
3571 1941 3663 1993 ἐπὶ
3698 1939 3793 1994 τοῦ

2230 2029 2436 2102 Κυρίου
2479 2031 2830 2100 φθέγγεσθαι,
2869 2030 3024 2102 μόνος
3058 2031 3115 2083 δὲ
3149 2031 3178 2082 6
3211 2028 3413 2098 Κύριος
3444 2029 3792 2099 χρηματίζει,

2228 2123 2287 2188 ὃς
2335 2125 2426 2176 καί
2462 2142 2642 2194 φησιν,
2681 2144 2700 2175 ι
2739 2123 2830 2196 Μὴ
2865 2123 3058 2196 κρύψω
3106 2123 3216 2186 ἐγὼ
3260 2125 3366 2178 ἀπὸ
3407 2124 3655 2196 Ἀϐραάμ
3699 2124 3795 2177 τοῦ

2235 2217 2422 2280 παιδός
2461 2235 2585 2288 μου,
2627 2237 2645 2268 ι
2680 2218 2772 2271 καὶ
2803 2216 2872 2269 τὰ
2901 2218 3080 2272 λοιπά.
3125 2215 3257 2271 Εἶτα
3283 2219 3332 2270 οἱ
3365 2218 3460 2288 μὲν
3502 2218 3605 2272 ἄνα
3636 2218 3794 2287 (ἅμα)

2230 2308 2306 2378 τῷ
2332 2309 2521 2380 Κυρίῳ
2555 2309 2768 2380 ἄνδρες,
2802 2310 2956 2380 δῆλον
2990 2309 3032 2362 δ’
3065 2311 3145 2363 ὅτι
3182 2313 3229 2362 οἱ
3258 2311 3497 2379 ἄγγελοι,
3529 2309 3799 2381 ἀποστρέ-

2233 2399 2452 2469 ψαντες,
2501 2399 2649 2469 μόνοι
2676 2399 2939 2471 κατῆλθον
2976 2402 3054 2462 εἰς
3082 2400 3310 2471 Σόδομα,
3340 2399 3433 2452 τοῦ
3476 2399 3681 2471 Κυρίου
3720 2398 3797 2470 μὴ

2235 2491 2611 2564 συμπαρόντος
2656 2493 2868 2558 αὐτοῖς’
2919 2493 3058 2562 (πῶς
3089 2493 3196 2564 γάρ
3225 2493 3317 2546 καὶ
3357 2487 3468 2546 οἷόν
3495 2511 3554 2545 τε
3595 2489 3662 2563 ῆν
3703 2493 3798 2546 τὸν

2228 2583 2433 2654 εὐμενῆ
2469 2585 2561 2636 καὶ
2608 2583 2733 2637 ἵλεω
2763 2583 2894 2637 Θεὸν
2931 2586 3042 2647 τοῖς
3093 2583 3342 2638 ἀσεϐέσιν
3378 2583 3719 2654 ἐνεπιδημεῖν
3743 2585 3796 2652 ;)

2226 2675 2254 2727 6
2279 2673 2337 2727 δὲ
2362 2675 2634 2745 ἐπιμένων
2662 2678 2730 2746 τῇ
2761 2675 2896 2747 πρὸς
2922 2675 3013 2727 τὸν
3048 2676 3267 2746 θεοφιλῆ
3302 2676 3394 2729 καὶ
3431 2675 3637 2729 δίκαιον
3671 2693 3797 2729 συν-

2227 2766 2384 2838 ουσία
2415 2784 2474 2819 τε
2511 2769 2605 2820 καὶ
2631 2767 2902 2839 διατριϐῇ,
2933 2768 3110 2841 χαίρει
3152 2768 3252 2839 μὲν
3284 2768 3448 2821 αὐτοῦ
3489 2771 3558 2840 τῇ
3589 2768 3792 2842 ὁμιλίᾳ,

2227 2857 2654 2928 ὑπερασπίζεται
2698 2859 2754 2912 δὲ
2789 2861 2882 2914 καὶ
2924 2859 3021 2930 τῆν
3063 2861 3577 2934 φιλανθρωποτάτην
3609 2860 3795 2931 εὐχὴν,

2229 2948 2290 3017 (f.
2324 2949 2377 3019 6)
2414 2951 2472 3004 ἐν
2590 2951 2771 3005 καὶτὸ
2815 2971 2832 3003 ι
2870 2952 3141 3024 Μηδαμῶς
3171 2955 3212 3020 ὁ,
3239 2954 3439 3026 κρίνων
3478 2957 3657 3009 πᾶσαν
3696 2957 3796 3026 τὴν

2225 3041 2348 3112 γῆν,
2387 3060 2406 3091 ι
2443 3041 2680 3113 εἰρηκὼς
2709 3044 2737 3096 6
2777 3043 3026 3116 Ἀϐραάμ
3068 3045 3438 3116 ἐναργέστατα
3472 3047 3797 3117 παρίστησιν

2225 3134 2413 3187 ἑαυτὸν
2439 3131 2497 3188 εῦ
2529 3136 2620 3188 καὶ
2651 3136 2890 3207 ἀκριϐῶς
2922 3137 3136 3202 εἰδέναι,
3166 3139 3246 3190 ὅτι
3293 3137 3366 3210 μὴ
3398 3139 3636 3210 ἀγγέλῳ,
3675 3141 3797 3211 μηδ’
3833 3131 3839 3136 ’

2227 3224 2600 3296 ὑποϐεϐηκυία
2651 3227 2769 3298 θεία
2817 3228 3063 3298 δυνάμει,
3119 3230 3231 3282 ἀλλ’
3275 3231 3422 3302 αὐτῷ
3457 3231 3576 3301 Θεῷ
3619 3233 3798 3286 διαλέ⁹

2225 3336 2392 3389 γοιτο.
2418 3315 2532 3371 Εἶθ’
2556 3318 2682 3391 ἑξῆς
2718 3320 2959 3391 ἀκριϐῶς
2982 3321 3049 3374 τὰ
3071 3323 3372 3394 πράγματα
3399 3312 3622 3395 διαιρῶν
3649 3326 3801 3378 6-1.6-

2225 3429 2320 3480 γος
2363 3415 2488 3476 τοὺς
2520 3413 2612 3466 ἐπὶ
2663 3414 2873 3484 Σόδομα
2926 3415 3242 3480 ἀνελθόντας
3295 3416 3480 3485 σαφῶς
3531 3419 3798 3486 ἀγγέλους

2225 3505 2640 3577 προσαγορεύει,
2685 3506 2972 3575 ἐπιλέγων,
3015 3509 3094 3561 ὅτι
3139 3509 3202 3579 δὴ
3241 3528 3258 3560 ι
3295 3503 3455 3580 ἦλθον
3492 3511 3540 3563 οἱ
3573 3510 3666 3585 δύο
3698 3512 3801 3580 ἂγ-

2224 3598 2369 3666 γελοι
2409 3600 2488 3662 είς
2518 3599 2724 3669 Σόδομα
2768 3599 3039 3671 ἑσπέραςο
3079 3619 3096 3650 ι
3144 3600 3236 3653 καὶ
3266 3603 3322 3654 ὲν
3364 3604 3475 3666 τοῖς
3517 3601 3647 3672 ἑξῆς
3673 3600 3797 3655 οὔτε

553 3679 755 3751 Κύριον
787 3680 909 3734 οὔτε
956 3681 1088 3736 Θεὸν
1141 3682 1368 3754 ὀφθῆναι
1394 3683 1472 3754 τῷ
1501 3683 1644 3744 Λὼτ,
1689 3685 1721 3756 ἢ
1771 3686 1875 3740 ’καὶ
1931 3687 2301 3759 λελαληκέναι,
2366 3690 2501 3745 ἀλλά
2537 3694 2663 3757 τοὺς
2703 3692 2966 3760 ἀγγέλους
3004 3693 3343 3764 ἀναγράφειο
3379 3692 3508 3746 ὥστ’
3552 3697 3616 3747 ἐκ
3659 3713 3798 3748 παν-

551 3771 644 3835 τὸς
685 3771 969 3845 πρόδηλον,
1017 3774 1100 3826 ὃτι
1144 3773 1347 3848 Κύριος
1412 3772 1480 3847 ἦν
1523 3777 1618 3830 καὶ
1649 3776 1800 3844 Θεὸς,
1829 3779 1942 3831 ἀλλ’
1986 3778 2046 3834 οῦ
2113 3799 2196 3846 τις

555 3863 1013 3936 μαρτυρούμενος.

623 3958 824 4015 Onines
858 3961 1022 4030 igitur
1039 3960 1249 4017 Veteris
1280 3978 1405 4017 cum
1431 3962 1582 4020 Novo
1611 3965 1960 4022 Testamento
1979 3983 2114 4023 con-

551 4047 794 4103 cordiam
828 4049 1103 4106 discutere
1130 4053 1394 4120 volentes,
1448 4055 1552 4110 hoc
1589 4072 1684 4126 pro
1712 4058 1865 4113 lucro
1896 4059 2114 4122 habent,

551 4139 681 4194 dum
735 4139 1108 4197 demonstrare
1164 4145 1481 4200 existimant
1526 4147 1692 4201 alium
1743 4165 1865 4205 csse
1913 4150 2116 4205 Christi

550 4228 788 4295 Patrem,
846 4249 1006 4303 quem
1069 4235 1454 4291 invisibilem"
1509 4241 1856 4310 evangelista:
1915 4242 2113 4312 praedi—

551 4330 698 4387 cant,
733 4325 896 4378 alium
930 4324 1095 4380 Hosis
1123 4333 1178 4380 et
1229 4329 1621 4398 prophetarum
1649 4330 1838 4396 Deum,
1892 4334 2106 4392 diverse

550 4417 752 4481 visum,
784 4433 930 4472 nunc
956 4417 1286 4483 Abrahamo,
1315 4436 1462 4475 nunc
1487 4420 1674 4478 lsaaco
1705 4424 1812 4491 (cui
1845 4433 1898 4479 et
1921 4424 2114 4481 eadem

551 4503 721 4561 ferme
745 4521 864 4576 quae
886 4505 1199 4562 Abrahamo
1221 4509 1520 4580 praedixit),
1541 4511 1787 4566 similiter
1813 4523 1868 4566 et
1886 4513 2112 4578 Jacobo,

550 4681 800 4752 baoth”,
843 4709 862 4743 ›
897 4692 1218 4762 cazterisque
1256 4694 1573 4764 prophetis;
1620 4711 1720 4751 nos
1776 4711 1926 4763 vero,
1975 4699 2121 4766 (cum

548 4790 604 4838 et
633 4783 687 4836 in
719 4783 855 4853 ipsis
881 4784 1156 4841 veteribus
1185 4783 1276 4841 Dei
1294 4787 1570 4856 prophetis
1595 4787 1870 4842 inducitur
1903 4789 2122 4859 aliquod

548 4875 793 4930 divinum
823 4876 1105 4930 oraculum
1163 4891 1195 4931 e
1251 4892 1486 4947 persona
1536 4877 1630 4934 Dei
1671 4879 1859 4934 dicens
1908 4897 1921 4932 :
1973 4879 2122 4950 «Ego

547 4967 694 5021 enim
747 4965 1013 5022 Dominus
1067 4973 1124 5022 et
1171 4981 1284 5022 non
1330 4969 1607 5036 mutor“;
1639 4989 1658 5022 ›
1693 4977 1780 5024 et:
1825 4967 2122 5040 «Nunquid

549 5072 663 5113 non
713 5059 916 5114 caelum
965 5066 1019 5115 et
1071 5067 1276 5114 terram
1328 5077 1430 5133 ego
1480 5061 1701 5132 impleo,
1752 5063 1886 5119 dicit
1937 5062 2119 5118 Domi-

549 5149 784 5212 n,us"‘h
825 5149 962 5206 Mosi
995 5149 1159 5206 etiam
1191 5150 1360 5207 dicit:
1417 5171 1435 5203 ι
1457 5151 1573 5207 Non
1606 5152 1751 5207 enim
1796 5152 2000 5207 videbit
2031 5169 2117 5208 me

552 5243 713 5296 homo
727 5250 782 5298 et
802 5243 942 5299 vivet
955 5243 1034 5310 “;
1057 5242 1102 5313 ι)
1119 5242 1185 5297 ad
1203 5243 1489 5315 praedictos
1512 5244 1781 5310 homines,
1797 5245 1959 5300 simul
1973 5253 2027 5300 et
2048 5243 2115 5301 ad

550 5327 793 5394 Iudaeos,
819 5331 1059 5386 nondum
1084 5332 1376 5386 secundam
1405 5343 1601 5405 praeter
1626 5335 1923 5391 increatam
1956 5345 2116 5389 natu-

554 5436 666 5475 ram
693 5422 1076 5492 praeexsistere
1108 5422 1446 5480 divinitatem
1487 5424 1610 5480 Filii
1644 5425 2115 5495 comprehenden-

550 5520 652 5577 tcs,
674 5512 787 5568 haec
803 5514 1056 5584 ambigua
1077 5516 1528 5584 examinabimus,
1545 5532 1649 5588 qua
1668 5518 1876 5574 scilicet
1901 5517 2110 5574 ratione

623 5653 668 5684 “
685 5651 820 5707 Gen.
864 5671 960 5717 xu,
995 5655 1048 5708 2.

547 5736 670 5784 XIX,
729 5725 834 5798 1.“
887 5727 929 5756 ³³
969 5723 1128 5782 Joan.
1168 5731 1367 5798 1,18;
1411 5723 1496 5798 vi,
1531 5731 1619 5787 46.

1733 5732 1778 5764 ³³
1817 5730 1924 5788 lsa.
1958 5748 2011 5786 γι
2040 5771 2054 5798 ,
2091 5732 2143 5787 5.

549 5807 739 5856 “sunt,
771 5793 859 5848 20.

2234 3783 2498 3852 ἀγγέλων,
2542 3784 2571 3836 6
2616 3784 2692 3856 τῷ
2728 3784 2976 3856 Ἀϐραὰμ
3026 3779 3202 3855 ὦφθαι
3256 3786 3393 3856 πρὸς
3437 3789 3535 3857 τῆς
3575 3786 3800 3858 Γραφῆς

2294 3964 2500 4026 Πάντες
2546 3963 2643 4033 μὲν
2685 3958 2777 4016 οῦν
2819 3964 2864 4015 οἱ
2898 3962 3204 4016 διακόπτειν
3253 3963 3526 4029 ἐθέλοντες
3567 3966 3664 4039 τὴν
3695 3966 3798 4038 τῆς

2224 4057 2466 4120 Παλαιᾶς
2501 4055 2635 4127 πρὸς
2661 4054 2758 4126 τὴν
2788 4055 2992 4126 Καινὴν
3025 4056 3298 4128 Διαθήκην
3332 4057 3652 4128 σύμπνοιαν,
3686 4060 3798 4114 ῶσ-

2224 4165 2329 4219 περ
2358 4148 2569 4218 ὲρμαίῳ
2604 4149 2713 4209 τοῖς
2741 4146 2926 4209 τόποις
2964 4146 3331 4210 ἐπιϐαίνοντες
3370 4147 3556 4216 σαφῶς
3585 4151 3650 4203 ὲκ
3677 4151 3800 4204 τού-

2223 4257 2331 4292 των
2378 4238 2704 4310 παριστάναι
2744 4237 2989 4290 δοκοῦσιν
3033 4238 3214 4310 ἑτέρον
3265 4240 3530 4312 ὑπάρχειν
3573 4241 3663 4294 τὸν
3701 4245 3796 4297 τοῦ

2222 4329 2454 4400 Χριστοῦ
2482 4331 2718 4401 Πατέρα,
2745 4329 2802 4382 ὃν
2825 4329 2918 4382 καὶ
2948 4329 3174 4398 ἀόρατον
3191 4330 3295 4384 ὑπὸ
3317 4333 3414 4403 τῆς
3434 4335 3800 4409 εὐαγγελικῆς

2222 4422 2403 4493 φωνῆς
2428 4421 2821 4492 ὁμολογεῖσθαι,
2841 4420 2992 4492 παρά
3009 4421 3098 4474 τὸν
3119 4422 3394 4487 Μωῦσέως
3421 4426 3642 4479 καὶτῶν
3658 4445 3798 4499 προ-

2224 4515 2406 4586 φητῶν
2432 4515 2564 4568 Θεὸν
2592 4514 2862 4587 διαφόρως
2890 4514 3141 4584 ὀφθέντα,
3160 4518 3277 4570 τοτὲ
3297 4518 3392 4589 μὲν
3416 4518 3492 4589 τῷ
3519 4518 3794 4592 ’Δϐραὰμ,

1396 4620 1414 4653 ι
1456 4601 1584 4657 Vidi
1663 4603 1951 4660 Dominum
2016 4604 2116 4660 Sa-

2226 4605 2340 4658 τοτὲ
2364 4605 2421 4657 δὲ
2449 4603 2526 4675 τῷ
2569 4605 2752 4658 Ἰσαάκ
2787 4597 2862 4673 (ᾧ
2905 4605 2995 4657 καὶ
3028 4604 3174 4675 αὐτῷ
3212 4607 3560 4678 χρηματίζων
3589 4609 3661 4661 τά
3689 4627 3797 4663 πα-

2225 4696 2495 4768 ραπλήσια
2522 4699 2631 4760 τοῖς
2647 4697 2738 4748 ἐπὶ
2761 4694 2853 4748 τοῦ
2897 4695 3146 4768 Ἀϐραὰμ
3172 4697 3567 4770 προθεσπίζει),
3591 4700 3797 4768 ὁμοίως

2219 4788 2275 4840 δὲ
2329 4787 2424 4840 καὶ
2481 4785 2558 4857 τῷ
2603 4786 2829 4850 Ἰακὼϐ,
2867 4787 3004 4858 τάχα
3051 4789 3108 4841 δὲ
3165 4789 3256 4841 καὶ
3291 4789 3484 4862 Ἡσαΐᾳ
3534 4793 3795 4862 φήσαντι,

2225 4897 2242 4930 ι
2280 4873 2431 4933 Εἶδον
2459 4879 2550 4931 τὸν
2584 4877 2785 4948 Κύριον
2819 4878 3066 4944 Σαϐαὼθ,
3101 4899 3119 4933 ι
3159 4882 3383 4946 καὶτοῖς
3413 4883 3620 4948 λοιποῖς
3655 4903 3795 4957 προ-

2219 4972 2419 5042 φήταις
2458 4969 2871 5043 παραπλησίως’
2907 4973 3068 5043 ἡμεῖς
3108 4973 3164 5026 δὲ
3195 4974 3337 5043 (ἐπεὶ
3373 4975 3466 5030 καὶ
3509 4978 3567 5029 ὲν
3607 4979 3800 5044 αὐτοῖς

2217 5066 2329 5127 τοῖς
2375 5063 2540 5117 πάλαι
2569 5062 2663 5116 τοῦ
2702 5063 2835 5116 Θεοῦ
2877 5065 3182 5134 προφήταις
3224 5066 3522 5139 ὲμφέρεταί
3555 5085 3605 5122 τι
3653 5069 3802 5125 θεῖον

2219 5155 2395 5224 λόγιον
2422 5156 2486 5207 ἐκ
2514 5153 2818 5226 προσώπου,
2849 5155 2943 5208 τοῦ
2991 5155 3124 5210 Θεοῦ
3155 5156 3360 5226 φάσκον
3379 5177 3392 5190 ο
3452 5178 3472 5211 ι
3508 5161 3652 5214 Διότι
3686 5162 3804 5232 ἐγὼ

2217 5244 2420 5316 Κύριος
2446 5244 2475 5296 6
2497 5243 2626 5307 Θεὸς
2644 5243 2796 5315 ὑμῶν
2824 5245 2918 5297 καὶ
2949 5246 3049 5298 οὐκ
3067 5245 3391 5318 ὴλλοίωμαι.
3414 5267 3432 5300 ι
3463 5250 3605 5319 Καί·
3627 5252 3801 5324 «Οὐχὶ

2212 5334 2303 5387 τὸν
2333 5333 2557 5406 οὐρανὸν
2589 5333 2683 5404 καὶ
2710 5333 2805 5404 τὴν
2828 5333 2932 5403 γῆν
2958 5334 3066 5402 ἐγὼ
3081 5335 3300 5408 πληρῶ;
3334 5337 3479 5407 λέγει
3517 5341 3744 5412 Κύριος·
3776 5363 3794 5393 ι

2214 5428 2308 5481 καὶ
2333 5426 2410 5498 τῷ
2436 5427 2657 5480 Μωῦσεῑ
2678 5426 2734 5480 δὲ
2755 5428 3104 5499 χρηματίζων
3132 5431 3294 5500 φησίν
3313 5446 3326 5458 ⁸
3352 5450 3372 5482 ‹
3390 5433 3577 5495 Οὐδεὶς
3601 5431 3801 5503 ὄψεταί

2215 5535 2316 5589 μου
2342 5518 2401 5572 τὸ
2429 5519 2734 5590 πρόσωπον,
2765 5520 2856 5572 καὶ
2877 5517 3118 5592 ζήσεται·
3141 5523 3274 5593 ἠώς
3303 5526 3438 5596 πρὸς
3467 5527 3591 5589 τοὺς
3607 5541 3801 5596 προει-

1127 5657 1316 5714 "Gen.
1357 5678 1446 5726 xv,
1480 5660 1531 5716 7.
1607 5662 1653 5694 "
1691 5660 1828 5717 Gen.
1859 5677 1994 5723 xm,
2034 5661 2085 5715 1.

2243 5661 2378 5717 Gen.
2413 5678 2579 5729 xvm,
2613 5665 2666 5718 ὅ.
2743 5662 2788 5693 ²⁹
2827 5663 2954 5719 ibid.
2997 5664 3083 5718 l7.
3160 5665 3205 5697 ³⁸
3244 5666 3354 5721 ibid
3409 5667 3497 5722 25.
3575 5668 3616 5700 ³⁸
3647 5666 3793 5723 Gen.

2256 5734 2299 5764 "
2340 5731 2567 5788 Malach.
2606 5749 2699 5797 ιιι,
2739 5732 2790 5786 6.
2897 5735 2939 5765 ³⁵
2979 5733 3089 5788 Jcr.
3127 5752 3300 5802 χχιιι,
3335 5736 3424 5791 25.
3529 5737 3574 5770 ³⁸
3611 5737 3792 5794 Exod.
