4134 6414
335 326 478 413 ίφὸ

1364 322 1661 379 ECLOGzE
1696 320 2174 378 PROPHETICIE.
2212 348 2281 359 --
2316 320 2446 375 LIB.
2483 321 2530 377 Ῑ.

3454 322 3596 378 ωσι

335 440 605 519 ρημένους
636 439 772 510 όμοῦ
801 442 893 495 καὶ
924 443 1046 504 τοὺς
1072 441 1135 494 ὲκ
1166 442 1488 513 περιτομῆς,
1508 442 1588 494 ἔτι
1614 460 1673 495 τε
1700 444 1826 506 τοὺς
1844 441 1919 513 μὴ

2024 438 2123 508 qui
2167 436 2469 491 secundum
2510 437 2634 492 illas
2680 438 2997 509 prophetia-5
3040 438 3398 495 immutabilis
3418 448 3472 495 et
3512 440 3599 495 in-

335 532 727 604 προσιεμένους
739 533 995 607 δευτέραν
1014 532 1149 605 μετά
1159 532 1255 604 τὴν
1270 536 1531 605 ἀγένητον
1541 535 1701 604 φύσιν
1718 540 1920 608 προῦπ-

336 625 525 704 ἁρχειν
554 624 782 697 θεότητα
806 626 898 678 τοῦ
937 626 1087 688 Υίοῦ,
1119 626 1288 679 ταῦτα
1325 629 1767 701 ἐπαπορήσομεν,
1802 630 1916 693 πῶς

334 720 364 771 ὁ
411 725 506 772 και
548 716 756 789 (κατὰ)
802 716 1006 780 ταύτας
1037 716 1136 781 τὰς
1165 718 1501 788 προφητείας
1542 719 1915 783 ἀναλλοίωτος,

336 820 432 863 και
464 811 750 879 ἄτρεπτος,
776 811 871 862 καὶ
902 809 1064 862 πάλιν
1095 809 1186 862 τὸν
1206 809 1432 882 οὐρανὸν
1457 812 1548 863 καὶ
1576 812 1674 881 τὴν
1702 816 1804 883 γῆν
1833 812 1918 864 λέ-

334 919 447 976 γῳν
464 901 701 973 πληροῦν
736 902 897 972 μόνος
924 901 1075 968 Θεὸς,
1092 901 1276 971 σαφῶς
1298 920 1359 956 τε
1380 903 1474 957 καὶ
1501 906 1622 957 κατ’
1652 905 1811 959 αὐτὸν
1827 906 1919 959 τὸν

334 994 500 1066 νόμον
526 994 711 1065 σχεδὸν
726 994 953 1066 ἀόρατος
976 990 1115 1049 εἶναι
1140 995 1488 1069 δηλούμενος,
1512 997 1652 1053 κατά
1671 998 1754 1052 τό·
1775 1018 1793 1049 ι
1816 1000 1919 1053 Οὐ-

324 1086 448 1149 δεὶς
468 1084 658 1155 ὄψεταί
682 1103 782 1156 μου
819 1085 880 1138 τὸ
913 1086 1205 1157 πρόσωπον
1244 1088 1336 1140 καὶ
1365 1087 1644 1160 ζήσεται,ι
1679 1089 1920 1145 ἀλλοιού-

338 1195 501 1248 μενος
548 1178 728 1243 πάλιν,
774 1181 868 1232 καὶ
906 1180 983 1244 ὼς
1015 1179 1363 1251 περιτρέπων
1389 1180 1487 1254 τὴν
1520 1182 1681 1247 αὐτὸς
1723 1183 1916 1237 ἑαυτοῦ

332 1269 524 1322 οὐσίαν
563 1271 642 1333 εἰς
671 1268 773 1341 (ὲν)
805 1274 1021 1342 μικροῖς
1049 1289 1158 1325 τισι
1189 1271 1398 1344 μορίοις
1422 1275 1522 1343 τῆς
1546 1272 1652 1344 γῆς
1671 1274 1918 1345 χωρητὸς

336 1360 603 1431 ἐγίγνετο,
642 1361 737 1416 καὶ⁵
769 1364 978 1434 ἑωρᾶτο
1007 1364 1128 1417 τοτὲ
1159 1364 1258 1434 μὲν
1289 1364 1368 1436 τῷ
1408 1366 1678 1438 Ἁϐραάμ,
1707 1368 1829 1420 τοτὲ
1860 1368 1917 1422 δὲ

335 1456 450 1518 τοῖς
484 1453 662 1520 ἄλλοις
707 1456 1053 1527 προφήταις;
1101 1455 1272 1515 Ταυτὶ
1318 1457 1427 1528 γὰρ
1466 1460 1514 1511 εί
1553 1459 1646 1512 ἐπὶ
1686 1459 1774 1513 τὸν
1812 1460 1917 1515 τῶν

335 1547 474 1602 ὅλων
504 1547 826 1619 ἀναφέροιτο
846 1547 998 1612 Θεὸν,
1035 1550 1095 1601 ού
1124 1548 1283 1621 μόνον
1313 1552 1379 1622 τῇ
1410 1550 1737 1623 εὐαγγελικῇ
1764 1556 1915 1623 φωνῇ

335 1640 485 1708 δόξαι
508 1640 573 1694 ἂν
601 1640 905 1709 διαφωνεῖν,
934 1640 1073 1699 ἀλλὰ
1095 1642 1190 1695 καὶ
1214 1645 1335 1707 ταῖς
1364 1647 1747 1717 προφητικαῐς,
1774 1644 1918 1715 ἀχώ-

338 1751 502 1807 ρητον
533 1735 628 1789 καὶ
656 1734 1010 1790 ἀναλλοίωτον
1038 1736 1199 1790 αὐτὸν
1230 1736 1324 1791 καὶ
1347 1737 1575 1808 ἀόρατον
1610 1737 1918 1809 ἀνθρώποις

2030 529 2307 595 flexibilis,
2337 529 2543 600 quique
2576 545 2770 586 rursus
2801 530 2999 586 emtum
3036 539 3090 586 et
3136 539 3340 587 terram
3395 531 3602 590 dicitur

2027 622 2253 694 implere
2283 623 2435 677 solus
2462 620 2627 686 Deus,
2655 621 2943 679 manifeste
2984 623 3204 695 quidem
3222 634 3277 679 et
3299 626 3605 683 secundum

2026 715 2196 785 legem
2216 715 2471 769 cominus
2498 713 2789 770 invisibilis
2803 714 3235 783 demonstratur,
3259 715 3344 773 his
3373 719 3556 775 verbis
3583 735 3596 769 :

2022 805 2196 861 Nemo
2228 806 2423 862 faciem
2479 822 2657 861 meam
2699 805 2906 861 videbit
2958 815 3013 862 et
3045 808 3243 876 vivet,»
3290 824 3440 865 nunc
3466 826 3599 866 veru

2023 904 2269 951 mutatus
2330 904 2383 951 et
2449 896 2608 968 quasi
2676 896 2795 967 ipse
2837 911 2992 952 suam
3038 900 3313 954 invertens
3344 900 3603 956 substan-

2030 989 2184 1054 tiam,
2237 988 2294 1044 in
2341 989 2670 1060 quibusdam
2702 989 2889 1060 parvis
2937 996 3096 1046 terra:
3126 993 3410 1062 particulis
3463 1009 3602 1050 con-e

2026 1082 2187 1137 tineri
2238 1091 2477 1153 poterat,
2533 1080 2821 1152 fueratque
2865 1083 3019 1139 visus
3066 1099 3213 1139 nunc
3267 1084 3599 1151 Abrahamo,

2020 1190 2173 1231 nunc
2214 1175 2336 1231 aliis
2363 1174 2685 1245 prOphetis?
2729 1173 2860 1241 Quae
2886 1175 3107 1248 quidem
3141 1176 3189 1231 si
3226 1177 3352 1247 quis
3377 1178 3446 1234 ad
3479 1180 3605 1234 uni-

2025 1284 2309 1327 versorum
2341 1266 2511 1322 Deum
2529 1266 2752 1333 referat,
2781 1283 2893 1322 non
2920 1275 3134 1323 tantum
3165 1267 3443 1340 Evangelii
3479 1285 3604 1327 ver-

2025 1360 2107 1416 bis
2156 1359 2404 1416 videatur
2460 1358 2766 1424 dissonare,
2826 1358 2921 1414 sed
2968 1368 3022 1414 et
3055 1358 3469 1429 prophetarum,
3503 1360 3606 1417 im-

2034 1468 2284 1509 mensum
2339 1451 2509 1519 hunc,
2560 1461 2612 1506 et
2664 1450 3083 1518 immutabilem,
3120 1465 3222 1505 nec
3288 1451 3602 1507 hominibus

2020 1543 2384 1615 conspicuum
2451 1526 2888 1614 prmdicantium.
2950 1541 3006 1597 Si
3048 1558 3184 1598 vero
3234 1558 3344 1597 non
3424 1544 3602 1599 visum

2022 1634 2199 1691 fdisse
2231 1635 2357 1706 quis
2381 1635 2527 1690 dicat
2574 1635 2754 1706 ipsum
2796 1633 2963 1688 Deum
3006 1634 3075 1690 iis
3127 1636 3220 1706 qui
3262 1635 3598 1703 referuntur,

2022 1743 2227 1797 eosque
2291 1726 2671 1785 tantummodo
2739 1725 3084 1783 existimasse
3163 1744 3224 1783 se
3282 1729 3467 1785 videre
3550 1738 3606 1784 ct

330 1824 803 1901 ἀποφηναμέναις·
839 1826 888 1879 εί
910 1827 985 1897 μὴ
1017 1826 1125 1898 ἄρα
1161 1826 1293 1899 μηδὲ
1338 1826 1517 1897 ωφθαί
1546 1845 1631 1891 τις
1657 1830 1798 1882 εἴποι
1818 1830 1915 1882 αύ-

2024 1819 2227 1881 audire,
2278 1817 2407 1873 dum
2456 1819 2635 1891 reipsa
2689 1818 2826 1873 nihil
2886 1835 3076 1874 eorum
3113 1835 3233 1891 quae
3261 1820 3445 1893 videre
3495 1836 3599 1890 pu-

335 1918 430 1972 τὸν
458 1916 548 1972 τὸν
578 1907 710 1972 Θεὸν
735 1919 845 1981 toi;
883 1918 1412 1992 ἀναγεγραμμένοις,
1452 1919 1829 1989 φαντασιῶσαι
1862 1920 1918 1974 δὲ

335 2010 534 2071 αὐτοὺς
570 2009 702 2063 αὐτὸ
734 2009 916 2080 μόνον,
949 2008 1025 2072 ὡς
1050 2010 1228 2065 δοκεῖν
1257 2010 1355 2083 μὲν
1377 2012 1509 2084 όρᾷν
1547 2012 1642 2065 καὶ
1673 2012 1914 2076 ἀκούειν,

326 2096 397 2149 οὐ
424 2095 530 2167 μὴν
546 2096 641 2149 καὶ
667 2095 881 2168 ἀληθῶς
895 2114 947 2150 τι
962 2098 1070 2152 τῶν
1098 2098 1471 2169 νομιζομένων
1492 2100 1775 2170 φαίνεσθαι
1793 2101 1920 2156 θεω-

338 2189 473 2258 ρεῖν,
501 2187 623 2241 οὐδὲ
654 2186 759 2259 μὴν
801 2188 1019 2245 ἀκούειν
1049 2191 1169 2244 κατ’
1209 2189 1489 2263 ἀλήθειαν,
1525 2192 1920 2265 ἀπατωμένους

332 2280 393 2333 δὲ
428 2281 521 2332 καὶ
551 2281 607 2333 ὲν
636 2280 845 2344 τούτοις
868 2280 1109 2352 νομίζειν
1131 2324 1146 2348 ,
1174 2283 1266 2337 καὶ
1293 2283 1470 2336 δοκεῖν
1494 2284 1712 2339 ἀκούειν
1730 2326 1745 2349 ,
1782 2286 1921 2357 ὅπερ

334 2370 601 2424 ἀνοίκειόν
615 2389 673 2424 τε
697 2373 789 2425 καὶ
816 2371 1093 2444 ἀλλότριον
1115 2374 1347 2447 ὑπάρχει
1371 2378 1471 2447 τῆς
1493 2375 1555 2446 (f.
1582 2377 1636 2447 7)
1657 2377 1922 2446 ἀψευδοῦς

334 2457 431 2511 καὶ
460 2459 735 2524 ἀπλανοῦς
766 2459 861 2514 τοῦ
884 2461 993 2516 τῶν
1018 2463 1155 2517 ὅλων
1183 2464 1317 2518 Θεοῦ
1356 2465 1572 2535 φύσεως
1592 2485 1603 2497 ·
1637 2468 1719 2521 ἔτι
1746 2468 1803 2522 δὲ
1827 2470 1921 2522 καὶ

333 2550 638 2606 ἀσύστατον
663 2552 723 2606 ὃν
749 2553 1022 2608 δείκνυται
1055 2557 1118 2611 ἐκ
1147 2556 1241 2610 τοῦ
1268 2557 1446 2627 λέγειν
1466 2560 1793 2632 ἱστορεῖσθαι
1821 2564 1919 2615 αύ-

331 2644 428 2700 τὺν
452 2646 545 2700 τὸν
575 2648 707 2702 Θεὸν
747 2650 876 2721 περὶ
916 2649 1010 2703 τοῦ
1046 2650 1294 2722 Ἀϐραὰμ
1326 2651 1405 2705 τό·
1430 2671 1449 2704 ι
1486 2652 1669 2725 ’ῌδειν
1704 2653 1813 2726 γὰρ
1840 2656 1922 2709 ὅτι

337 2739 591 2805 συντάξει
606 2743 719 2804 τοῖς
742 2743 880 2805 υἱοῖς
899 2740 1064 2795 αὐτοῦ
1078 2744 1170 2796 καὶ
1195 2742 1273 2813 τῷ
1293 2742 1427 2815 οῐκῳ
1446 2745 1612 2798 αὐτοῦ
1628 2746 1746 2818 μετ’
1760 2745 1921 2801 αὑτὸν

333 2829 430 2882 καὶ
445 2830 770 2899 φυλάξουσιν
782 2829 880 2894 τὰς
889 2830 1041 2894 ὀδοὺς
1056 2833 1137 2884 Κυ
1147 2832 1259 2903 ρίου
1275 2834 1448 2884 ποιεῖν
1460 2831 1804 2904 δικαιοσύνην
1830 2834 1922 2887 καὶ

334 2921 539 2989 κρίσιν,
558 2922 707 2985 ὅπως
729 2922 795 2975 ἂν
822 2923 1080 2994 ἐπαγάγῃ
1108 2923 1312 2995 Κύριος
1338 2924 1430 2977 ἐπὶ
1464 2924 1712 2997 Ἀϐραὰμ
1730 2926 1768 2980 ἃ
1795 2926 1920 2981 ἐλά-

330 3012 467 3084 λησε
524 3013 661 3084 πρὸς
694 3015 875 3069 αὐτόν.
920 3035 940 3067 ›
991 3016 1431 3087 Ἀναμφιλέκτως
1467 3017 1599 3087 γοῦν
1642 3019 1815 3073 ταῦτα
1846 3020 1922 3083 ὼς

337 3103 467 3175 περὶ
489 3104 674 3176 ἑτέρου
713 3106 918 3176 Κυρίου
953 3109 1114 3173 αὐτὸς
1145 3113 1173 3164 ὁ
1206 3110 1407 3182 Κύριος
1440 3111 1774 3181 διαλέγεται·
1804 3112 1920 3178 πῶς

332 3195 430 3251 οὖν
466 3200 584 3252 ἐστι
622 3195 734 3253 οἷόν
770 3219 829 3254 τε
859 3201 950 3255 τὸν
980 3203 1089 3256 τῶν
1125 3206 1262 3259 ὃλων
1295 3209 1542 3261 ὑπονοεῖν
1577 3207 1709 3261 Θεὸν
1746 3207 1916 3262 ταῦτα

334 3291 639 3360 εἰρηκέναις
673 3291 810 3367 Περὶ
843 3293 997 3347 ποίου
1018 3294 1126 3367 γὰρ
1159 3298 1345 3369 ἐτέρου
1381 3299 1510 3371 παρ’
1534 3299 1696 3355 αὑτὸν
1713 3300 1918 3372 Κυρίου

335 3382 558 3436 δύναται
591 3383 839 3453 λέγεσθαι
881 3386 949 3440 τά
981 3388 1308 3460 ὲγκείμενα;
1357 3391 1518 3446 Ἀλλὰ
1541 3394 1650 3467 γὰρ
1676 3393 1823 3465 σαφῆ
1856 3396 1921 3447 ἐκ

340 3475 544 3530 τούτων
575 3478 655 3530 ὅτι
691 3478 826 3550 μηδὲ
858 3479 935 3551 τῷ
970 3481 1078 3535 τῶν
1118 3481 1254 3534 ὅλων
1283 3482 1404 3553 Θεῴ
1449 3487 1745 3556 προσήκειν
1777 3485 1921 3539 ἔοικε

338 3566 410 3619 τὰ
440 3566 761 3638 δηλούμενα·
795 3569 1058 3625 δέδεικται
1074 3570 1130 3624 δὲ
1166 3571 1246 3625 ὅτι
1273 3572 1405 3642 μηδὲ
1438 3576 1504 3646 τῇ
1532 3572 1643 3627 τῶν
1674 3575 1921 3644 ἀγγέλων

342 3658 520 3726 φύσει·
555 3654 663 3712 οἶδε
709 3661 861 3729 γοῦν,
897 3661 972 3726 ὡς
1004 3662 1161 3733 ἔφην,
1197 3666 1226 3717 ό
1257 3663 1414 3733 λόγος
1436 3666 1797 3736 ἐπαληθεύειν
1828 3669 1921 3722 ἐπὶ

336 3756 404 3825 τῇ
442 3754 552 3808 τῶν
588 3755 835 3824 ἀγγέλων
865 3756 1175 3829 ἐπιφανείᾳ,
1215 3750 1401 3825 σαφῶς
1430 3760 1922 3832 ὲπισημαινόμενος

334 3845 438 3909 τὰς
461 3846 527 3900 δι’
560 3846 737 3900 αὐτῶν
762 3848 1046 3913 ὀπτασίας.
1078 3851 1141 3903 Ei
1168 3849 1231 3921 δὴ
1257 3847 1350 3905 οὖν
1374 3853 1497 3923 μήτ’
1529 3853 1793 3925 ἀγγελικῇ
1823 3856 1923 3923 φύ-

339 3951 423 3987 σει
460 3935 597 4007 μήτε
617 3938 683 4009 τῇ
714 3937 975 3991 ἀνωτάτω
995 3940 1088 3991 καὶ
1117 3939 1365 4012 ἀγενήτῳ
1390 3940 1484 3994 τοῦ
1506 3942 1613 3995 τῶν
1634 3942 1769 3996 ὅλων
1784 3943 1920 3996 Θεοῦ

335 4024 511 4078 ταῦτα
546 4025 719 4079 ἔοικεν
750 4027 1061 4098 ἁρμόττειν,
1086 4028 1310 4082 λείποιτ’
1335 4029 1401 4084 ἂν
1432 4030 1636 4085 τούτων
1661 4034 1761 4104 μία
1784 4034 1919 4105 μόνη

336 4116 511 4183 λύσις,
540 4119 589 4171 εί
625 4118 685 4171 τὸ
717 4118 817 4189 μὲν
849 4116 1204 4173 ἀναλλοίωτον
1225 4122 1319 4174 καὶ
1340 4122 1606 4193 ἄτρεπτον
1640 4124 1733 4178 καὶ⁵
1758 4125 1922 4195 ἀόρα-

333 4227 431 4264 τον
459 4211 553 4264 ἐπὶ
579 4209 676 4284 τὴν
708 4210 968 4283 ἀγένητον
992 4211 1445 4285 διαφυλάττωμεν
1484 4216 1694 4279 ούσίαν,
1725 4219 1847 4282 τοὺς
1876 4219 1920 4270 δ’

338 4292 863 4375 ἀναγεγραμμένους
895 4304 970 4366 ὡς
992 4305 1056 4357 ὲκ
1083 4304 1218 4358 Θεοῦ
1254 4310 1672 4379 χρηματισμοὺς
1708 4310 1802 4363 ἐπὶ
1831 4311 1922 4363 τὸν

337 4396 432 4450 τοῦ
475 4396 610 4450 Θεοῦ
642 4396 811 4465 Ᾱόγον
846 4396 1381 4470 μεταλαμϐάνοιμεν,
1414 4399 1475 4454 ὃν
1518 4401 1791 4474 διαφόρως
1830 4405 1922 4457 καὶ

2024 1909 2235 1973 tabant,
2280 1924 2408 1965 vere
2456 1908 2791 1980 aspicerent,
2823 1909 2961 1965 nihil
3004 1925 3133 1965 vere
3174 1911 3450 1977 audirent,
3501 1914 3604 1966 tal-

2022 2014 2084 2055 sa
2142 1999 2400 2070 opinione
2469 2000 2752 2072 deceptos,
2812 1999 2943 2055 dum
3002 2002 3195 2058 audire
3256 2003 3598 2070 viderentur,

2024 2091 2161 2163 quid
2205 2091 2593 2149 abhorrentius
2636 2093 2924 2166 magisque
2966 2095 3202 2151 alienum
3235 2096 3305 2150 ab
3354 2097 3599 2153 omnium

2021 2182 2119 2240 Dei
2140 2194 2359 2250 natura,
2381 2184 2653 2241 mendacii
2675 2200 2741 2240 ac
2768 2186 2977 2241 erroris
2999 2185 3293 2241 admodum
3326 2186 3602 2244 immuni?

2019 2272 2137 2331 Hoc
2166 2274 2333 2329 etiam
2363 2291 2429 2331 eo
2461 2276 2761 2335 absurdum
2811 2280 3244 2343 demonstratur,
3276 2280 3425 2352 quod
3460 2281 3600 2352 legi-

2021 2382 2146 2422 mus
2184 2367 2251 2421 de
2272 2367 2584 2423 Abrahamo
2626 2368 2797 2425 Deum
2844 2373 3022 2442 ipsum
3062 2371 3321 2429 dicere“
3349 2371 3599 2429 Sciebam

2021 2459 2165 2513 enim
2197 2459 2342 2529 quod
2368 2470 2744 2532 prmeepturus
2771 2462 2844 2519 sit
2870 2464 3000 2518 ﬁliis
3032 2464 3148 2520 suis
3177 2473 3233 2520 et
3274 2464 3462 2520 domui
3487 2481 3601 2521 sua:

2022 2556 2147 2618 post
2173 2565 2233 2605 se
2263 2558 2324 2604 ut
2351 2550 2668 2606 custodiant
2714 2555 2856 2607 viam
2909 2552 3125 2609 Domini
3180 2562 3235 2609 et
3266 2553 3472 2609 faciant
3504 2555 3596 2626 ju-

2023 2639 2227 2695 dicium
2259 2649 2314 2696 et
2338 2640 2615 2712 justitiam
2643 2660 2660 2709 ;
2715 2650 2776 2696 ut
2814 2642 3055 2715 adducat
3079 2643 3345 2701 Dominus
3374 2654 3602 2716 propter

2022 2731 2300 2787 Abraham
2338 2733 2524 2789 omnia
2548 2750 2669 2805 qua:
2701 2736 2918 2791 locutus
2949 2743 3033 2791 est
3061 2736 3129 2791 ad
3166 2751 3292 2792 eum
3316 2738 3418 2792 ³⁷.»
3461 2737 3599 2793 Pro—

2024 2825 2113 2880 cul
2143 2824 2313 2881 dubio
2360 2826 2476 2881 haec
2520 2830 2679 2898 quasi
2722 2828 2791 2884 de
2843 2829 2955 2883 alio
3006 2828 3237 2884 Domino
3265 2830 3382 2900 ipse
3416 2829 3604 2886 Domi—

2023 2933 2140 2974 nus
2174 2919 2473 2989 eloquitur.
2517 2919 2803 2987 Quomodo
2864 2922 3030 2992 igitur
3058 2922 3367 2977 eXistimari
3411 2932 3602 2995 potest

2026 3010 2273 3066 oumium
2324 3010 2494 3067 Deum
2550 3013 2664 3067 haec
2716 3012 2960 3068 dixisse?
3010 3012 3083 3067 De
3134 3028 3247 3085 quo
3296 3014 3442 3069 enim
3492 3016 3600 3070 alio

2027 3112 2228 3176 prmter
2270 3120 2396 3159 eum
2434 3103 2663 3160 Domino
2707 3106 2989 3176 praecitata
3021 3107 3189 3161 verba
3221 3106 3371 3162 dicta
3421 3109 3595 3164 fuisse

2023 3195 2295 3265 possunt?
2335 3193 2533 3250 Verum
2566 3195 2856 3251 manifeste
2888 3202 3043 3268 patet
3075 3214 3142 3252 ex
3182 3198 3251 3254 iis
3289 3199 3450 3254 verba
3486 3200 3601 3255 haec

2022 3287 2271 3341 omnium
2331 3285 2503 3342 Deum
2556 3302 2667 3342 non
2727 3286 2944 3343 decere.
3025 3287 3467 3346 Demonstratum
3515 3300 3602 3347 est

2033 3388 2215 3434 autem
2248 3394 2360 3434 non
2410 3380 2728 3451 angelorum
2782 3390 2992 3435 natura:
3035 3384 3351 3438 convenire.
3398 3384 3602 3454 Aperte

2029 3468 2198 3534 enim,
2229 3477 2289 3522 ut
2319 3468 2451 3534 dixi,
2484 3469 2551 3524 de
2578 3470 2897 3539 angelorum
2928 3472 3371 3528 manifestatione
3400 3489 3601 3529 narra-

2023 3564 2103 3618 t'to
2135 3562 2436 3633 eloquitur,
2488 3579 2678 3619 eorum
2730 3566 3162 3635 apparitionibus
3217 3567 3455 3623 dilucide
3505 3570 3602 3622 de-

2023 3656 2267 3727 scriptis.
2320 3654 2378 3709 Si
2409 3657 2576 3727 igitur
2604 3672 2781 3726 neque
2813 3658 3155 3729 angelorum,
3211 3675 3389 3731 neque
3442 3662 3598 3716 altis-

2022 3750 2147 3803 simi
2178 3760 2231 3804 et
2260 3748 2489 3803 increati
2525 3749 2769 3803 omnium
2810 3748 2906 3806 Dei
2951 3759 3164 3806 natura:
3194 3752 3309 3807 haec
3342 3752 3601 3808 videntur

2023 3822 2563 3907 consentanea,'una
2593 3860 2786 3900 eorum
2828 3852 3078 3914 superest
3120 3845 3348 3908 solutio,
3383 3846 3430 3900 si
3474 3848 3600 3917 qui-

2024 3935 2149 3991 dem
2202 3936 2732 4000 immutabilitatem,
2786 3943 2842 3991 et
2889 3933 3367 4002 inﬂexibilitatem,
3409 3947 3464 3993 et
3514 3940 3602 3992 in-

2024 4026 2399 4081 visibilitatem
2476 4027 2735 4082 increata:
2829 4042 3172 4084 reservemus
3255 4028 3600 4096 substantiae,

2023 4124 2227 4173 relatas
2258 4134 2388 4175 vero
2419 4117 2513 4173 Dei
2546 4120 3019 4176 manifestationes
3052 4119 3145 4174 Dei
3179 4119 3361 4176 Verbo
3392 4122 3604 4178 tribua-

2026 4230 2170 4277 mus,
2218 4215 2361 4285 quoil
2427 4213 2699 4269 interdum
2744 4222 2796 4268 et
2841 4222 2965 4268 ante
3015 4213 3449 4269 incarnationem
3502 4231 3602 4286 pro

2024 4305 2307 4359 hominum
2342 4306 2522 4360 salute
2568 4304 2745 4359 visum
2774 4318 2917 4366 esse,
2957 4303 3345 4375 descriptaque
3398 4306 3453 4360 in
3511 4322 3603 4362 sa-

2025 4397 2136 4453 cris
2181 4394 2482 4468 Scripturis
2536 4396 2726 4452 munia
2769 4405 3089 4451 exsecutum
3123 4394 3483 4451 credidimus.
3524 4396 3602 4451 De

341 4490 450 4562 πρὸ
496 4492 597 4562 τῆς
644 4490 1110 4563 ὲνανθρωπήσεως
1144 4492 1285 4565 ὑπὲρ
1324 4496 1425 4564 τῆς
1464 4493 1571 4547 τῶν
1617 4493 1920 4567 ἀνθρώπων

2028 4491 2133 4546 hoc
2182 4490 2326 4545 enim
2376 4489 2496 4545 solo
2537 4497 2661 4560 post
2691 4488 2934 4543 omnium
2970 4486 3140 4543 Deum
3182 4494 3601 4559 tetragramma-

342 4581 616 4654 σωτηρίας
634 4581 865 4653 ὀφθῆναί
890 4599 947 4637 τε
982 4583 1077 4636 καὶ
1114 4583 1212 4647 τὰς
1240 4585 1298 4636 ὲν
1328 4586 1448 4647 ταῖς
1472 4583 1644 4648 Θείαις
1680 4585 1922 4659 Γραφαῖς

339 4673 721 4744 ἒμφερομένας
759 4672 1069 4744 οἰκονομίας
1111 4674 1390 4729 ἐκτελέσαι
1444 4675 1917 4747 πεπιστεύκαμεν·

339 4768 437 4820 ἐπὶ
466 4765 627 4837 μόνου
652 4765 709 4818 δὲ
741 4766 931 4819 τούτου
964 4767 1103 4838 μετά
1134 4766 1224 4820 τὸν
1252 4768 1359 4821 τῶν
1392 4768 1529 4822 ὅλων
1549 4768 1679 4824 Θεὸν
1703 4769 1796 4824 καὶ
1822 4768 1920 4841 τὴν

337 4860 779 4933 τετράγραμμον
797 4861 1163 4935 προσηγορίαν
1208 4862 1466 4934 κειμένην
1510 4861 1776 4934 εὕρομεν,
1824 4862 1919 4916 am

339 4955 642 5024 Μονογενεῖ
663 4956 755 5008 καὶ
788 4954 1108 5027 κληρονόμῳ
1150 4953 1244 5007 τοῦ
1279 4954 1495 5026 Πατρὸς
1543 4955 1922 5028 ἁρμοττούσης

339 5047 437 5102 καὶ
474 5046 678 5118 ταύτης
716 5050 818 5119 τῆς
859 5047 1045 5119 θεῖκῆς
1090 5049 1350 5114 ἐπινοίας.
1393 5045 1466 5103 Εὖ
1517 5048 1647 5118 γοῦν
1690 5049 1846 5114 εἰδὼς
1896 5050 1924 5102 ό

353 5137 631 5209 Ἀϐραὰμ,
646 5138 742 5193 ἀτε
766 5138 927 5208 σοφὸς
947 5138 1024 5193 ὢν
1048 5139 1301 5212 καὶπρὸς
1326 5137 1492 5195 αὐτοῦ
1517 5139 1611 5193 τοῦ
1630 5140 1765 5194 Θεοῦ
1792 5158 1925 5212 προ-

340 5236 523 5301 φήτης
557 5228 697 5285 εἶναι
734 5231 1199 5304 μαρτυρούμενος,
1220 5232 1299 5297 ὡς
1347 5234 1429 5286 ὅτι
1458 5234 1637 5287 πᾶσαν
1663 5233 1761 5305 τὴν
1802 5234 1924 5305 κρί-

342 5341 430 5378 σιν
460 5323 660 5378 ἕδωκεν
692 5323 770 5395 τῷ
803 5323 944 5394 Υίῷ,
981 5327 1279 5395 προσκυνεῖ
1314 5341 1373 5377 τε
1395 5325 1591 5391 αὐτὸν,
1636 5326 1730 5379 καὶ
1776 5326 1922 5398 μόνῳ

341 5414 495 5468 παοά
521 5415 649 5478 τοὺς
671 5413 862 5478 ἄλλους
895 5415 1059 5487 φησὶν
1085 5415 1168 5469 τόν
1197 5436 1216 5468 ι
1232 5416 1513 5488 Μηδαμῶς
1538 5417 1568 5469 ὁ
1594 5418 1793 5489 κρίνων
1819 5420 1923 5472 πᾶ-

343 5522 446 5559 σαν
467 5509 568 5578 τήν
594 5506 697 5578 γῆν
724 5506 786 5560 οὐ
815 5506 1063 5576 ποιήσεις
1098 5506 1301 5578 κρίσιν.
1333 5526 1352 5559 ι
1386 5507 1563 5578 Ὅπερ
1593 5506 1811 5577 ἀγγέλῳ
1833 5507 1924 5560 τὸν

341 5597 488 5653 θεῖον
516 5598 688 5669 Λόγον
718 5598 1084 5670 ὑποδεδηκότι
1112 5598 1363 5668 λέγεσθαι
1385 5600 1624 5671 νομίζειν
1660 5599 1924 5654 ἀνοίκειόν

2025 4591 2123 4638 tor.
2182 4582 2683 4638 denominatiunem
2739 4580 3072 4645 invenimus,
3125 4587 3185 4635 ut
3216 4578 3510 4651 Unigenito
3539 4591 3596 4637 et

2031 4673 2233 4731 haeredi
2262 4672 2443 4728 Patris
2471 4672 2708 4726 maxime
2750 4679 3200 4727 consentaneam.
3256 4668 3469 4743 Optime
3498 4670 3603 4741 igi-

2024 4772 2120 4819 tur
2153 4771 2383 4819 noverat
2408 4761 2755 4817 Abrahamus
2789 4778 2912 4833 qua:
2955 4763 3194 4834 sapiens,
3234 4770 3289 4817 et
3336 4761 3602 4833 propheta

2028 4857 2095 4913 de
2141 4856 2334 4912 eodem
2386 4854 2498 4911 Deo
2555 4864 2787 4911 testatus
2835 4865 2945 4921 est,
2998 4871 3161 4911 omne
3213 4854 3425 4910 scilicet
3452 4852 3599 4924 quod

2022 4951 2298 5023 judicium
2339 4950 2489 5007 dedit
2537 4950 2679 5005 Filio
2740 4950 2924 5012 suo“,
2962 4948 3155 5004 adorat
3207 4964 3334 5004 eum
3386 4955 3441 5002 et
3498 4946 3599 5001 soli

2025 5053 2226 5117 prater
2266 5044 2406 5100 alios
2450 5045 2584 5100 dicit
2616 5063 2630 5097 :
2666 5063 2685 5095 ι
2712 5043 2816 5110 Qui
2852 5041 3071 5113 judicas
3123 5057 3339 5097 omnem
3373 5048 3600 5102 terram,

2027 5153 2373 5210 nequaquam
2413 5137 2584 5195 facies
2622 5118 2894 5207 judicium
2926 5136 3089 5191 hoc”
3115 5153 3163 5203 ;b
3202 5134 3350 5206 quod
3377 5131 3599 5203 quidem

2023 5231 2092 5285 ad
2117 5232 2368 5303 angelum
2402 5230 2589 5286 divino
2622 5228 2806 5285 Verbo
2852 5227 3163 5299 subjectum
3217 5225 3427 5281 dictum
3476 5238 3601 5279 esse

2023 5324 2238 5393 opinari
2266 5321 2492 5379 minime
2517 5322 2728 5392 justum
2757 5330 2852 5376 aut
2883 5319 3214 5385 verisimile;
3239 5317 3406 5374 unius
3453 5318 3600 5372 enim

2024 5415 2195 5471 divini
2252 5412 2417 5469 Verbi
2472 5412 2710 5467 maxime
2764 5411 3047 5484 proprium
3082 5418 3221 5473 erat,
3269 5410 3413 5465 inter
3470 5407 3601 5475 alia,

2026 5506 2143 5560 hazc
2172 5505 2395 5560 dicere:
2449 5502 2629 5557 «Num
2663 5504 2843 5558 celare
2893 5510 3083 5572 potero
3114 5501 3390 5556 Abraham
3426 5498 3602 5554 ﬁlium

2026 5613 2207 5654 meum
2252 5612 2375 5668 qua:
2417 5603 2674 5669 gesturus
2705 5594 2926 5652 sum“?
2953 5614 2971 5647 ι
3029 5602 3193 5666 atque
3221 5593 3388 5665 illud:
3431 5590 3603 5647 «Scio

376 5777 424 5811 ³⁷
464 5776 603 5837 Gen.
637 5794 807 5844 xvui,
843 5778 931 5834 l9.
1006 5777 1054 5811 ³⁸
1087 5776 1248 5833 Joan.
1282 5795 1335 5845 v,
1369 5779 1458 5835 ἓξ.
1536 5779 1578 5813 ³³
1620 5777 1754 5834 Gen.
1789 5792 1955 5845 xvm,
1987 5774 2081 5834 25.
2156 5773 2204 5810 “
2239 5774 2370 5833 ibid.
2407 5774 2495 5831 l7.

626 5875 901 5938 Panos.
931 5876 1050 5940 Gn.
1080 5872 1286 5936 XXII.

3270 5873 3354 5927 33
