4114 6472
581 314 741 374 ’1035
1343 305 1608 362 EUSEBII
1649 303 2129 362 CJESARIENSlS
2163 324 2164 343 ι

2268 304 2313 362 Ρ.
2358 303 2542 359 PARS
2578 303 3155 361 lll.—EXEGET|CZ\.
3423 337 3432 350 -
3725 312 3872 367 U36

597 435 743 491 enim
791 430 935 502 quod
994 437 1365 500 pimcepturus
1397 426 1468 482 sit
1515 425 1641 481 [iliis
1688 425 1825 486 suis,
1877 433 1932 480 ct
1979 425 2164 478 domui

2273 439 2332 476 τε
2362 424 2455 477 καὶ
2485 422 2919 487 ἀπιθανώτατον,
2956 426 3101 496 μόνῳ
3123 425 3179 478 δὲ
3209 425 3286 496 τῷ
3319 427 3447 498 θείῳ
3475 428 3631 498 Λόγῳ
3655 431 3868 482 οἰκειόο

599 542 712 581 suae
742 531 866 595 post
891 537 970 588 se,
1009 529 1068 575 ut
1097 519 1415 576 custodiant
1449 519 1591 573 viam
1621 516 1860 581 Domini,
1887 526 1941 570 et
1970 515 2164 572 faciant

2279 531 2438 568 τατον
2478 514 2543 568 ἂν
2565 513 2649 585 εἴη
2684 514 2824 585 μετὰ
2851 515 2959 568 τῶν
2993 515 3166 568 ἄλλων
3202 517 3428 586 φάσκειν
3460 520 3554 573 καὶ
3582 522 3643 573 τό
3663 538 3678 551 ο
3722 538 3739 570 ι
3770 522 3874 589 Μὴ

570 616 864 688 judicium
919 623 973 668 ct
1017 612 1323 682 justitiam:
1379 619 1438 664 ut
1474 611 1709 665 adducat
1749 608 2011 664 Dominus
2041 625 2169 678 pro-

597 719 716 780 pter
748 707 1022 762 Abraham
1055 721 1176 776 quae
1205 706 1419 760 locutus
1447 711 1531 758 est
1561 703 1628 756 ad
1658 701 1863 758 eum“.
1892 720 1910 753 ι
1960 700 2172 772 Quippe

599 804 776 869 ipsum
813 800 927 854 haec
958 799 1188 852 decebat
1217 797 1422 861 dicere,
1461 795 1749 865 docentem
1791 793 1941 864 quod
1983 793 2168 848 omnia

596 896 664 947 ab
712 892 1024 947 hominibus
1063 890 1315 960 religiose
1365 887 1507 942 facta
1565 886 1632 940 ad
1686 886 1860 941 solam
1907 885 1962 938 in
2001 883 2168 939 Deum

594 985 921 1054 Patremque
969 983 1212 1036 omnium
1243 981 1449 1037 referre
1475 980 1684 1050 justum
1733 985 1850 1033 erat
1888 978 2166 1049 pietatem,

595 1093 692 1146 per
749 1091 909 1145 quem
959 1074 1014 1128 in
1060 1081 1205 1128 terra
1249 1078 1680 1126 commorantem
1725 1067 1990 1139 quidquid
2039 1067 2168 1122 boni

596 1169 701 1238 piis
758 1169 811 1223 in
872 1168 1162 1222 utilitatem
1201 1173 1365 1234 atque
1399 1164 1634 1218 salutem
1700 1161 1963 1232 procedit.
2042 1158 2169 1212 Haec

597 1269 778 1315 autem
811 1257 1058 1312 divinum
1098 1257 1342 1328 loquitur
1363 1251 1609 1310 Verbum
1635 1253 1786 1308 velut
1813 1252 1880 1307 de
1917 1251 2024 1305 alio
2053 1249 2168 1304 Do-

598 1351 763 1414 mino,
800 1349 972 1417 ipsius
1014 1347 1221 1402 scilicet
1253 1345 1414 1400 Patre
1447 1345 1702 1400 edocens.
1752 1341 1924 1408 Quem
1960 1347 2014 1395 ct
2052 1340 2169 1394 sui-

595 1448 706 1495 met
733 1439 1023 1494 Dominum
1060 1439 1224 1494 simul
1256 1446 1310 1492 et
1339 1437 1509 1492 Deum
1541 1435 1832 1505 discipulis
1884 1433 2002 1490 suis
2033 1448 2167 1489 con-

594 1538 798 1596 litetur,
837 1532 1066 1587 dicens:
1120 1529 1413 1585 «Ascendo
1475 1528 1542 1582 ad
1595 1527 1812 1582 Patrem
1859 1542 2064 1588 meum,
2113 1534 2167 1581 et

2279 606 2471 677 κρύψω
2493 605 2603 674 ἐγὼ
2629 607 2734 660 ἀπὸ
2762 605 3011 678 ’Λῦραὰμ
3037 607 3130 660 τοῦ
3162 608 3346 672 παιδός
3369 627 3470 680 μου
3490 609 3648 678 ἆέγὼ
3666 612 3827 670 ποιῶς
3847 635 3866 660 ι

2279 701 2373 754 καλ⁸
2433 701 2494 752 τό
2522 715 2534 728 ·
2571 718 2590 751 ι
2630 700 2817 771 ’ῌδειν
2861 699 2970 772 γάρ
3000 699 3082 752 ὅτι
3112 699 3357 768 συντάξει
3383 705 3494 764 τοῖς
3528 704 3662 766 υίοίς
3696 703 3874 756 αὑτοῦ

2279 793 2371 845 καὶ
2417 791 2496 863 τῷ
2538 793 2670 862 οἴκῳ
2715 790 2880 844 αὑτοῦ
2927 792 3043 862 μετ’
3076 791 3258 855 αὐτὸν,
3305 793 3398 844 καὶ
3439 791 3733 862 φυλάξουσι
3765 793 3872 854 τὰς

2277 883 2430 946 ὁδοὺς
2457 883 2662 954 Κυρίου
2691 885 2866 935 ποιεῖν
2893 881 3235 952 δικαιοσύνην
3259 885 3350 936 καὶ
3377 885 3576 955 κρίσιν,
3615 885 3764 946 ὅπως
3797 883 3874 935 ἂν

2279 974 2530 1046 ἐπαγάγῃ
2559 974 2760 1046 Κύριος
2787 975 2880 1027 ἐπὶ
2907 974 3159 1045 Ἀϐραάμ
3179 974 3213 1028 ἀ
3238 975 3464 1045 ὲλάλησε
3492 976 3627 1046 πρὸς
3640 976 3826 1029 αὐτόν.
3845 996 3867 1026 ι

2283 1070 2387 1124 Καὶ
2420 1070 2619 1142 πρέπει
2647 1087 2711 1140 γε
2744 1069 2892 1141 αὑτῷ
2914 1068 3088 1123 ταῦτα
3126 1071 3302 1139 λέγειν
3336 1071 3659 1132 παιδεύοντι,
3687 1072 3767 1123 ὅτι
3798 1071 3871 1141 δὴ

2277 1165 2452 1218 πάντα
2474 1163 2543 1216 τὰ
2567 1163 2627 1229 ὲξ
2654 1163 2956 1235 ἀνθρώπων
2983 1164 3144 1227 όσίως
3168 1162 3418 1236 δρώμενα
3444 1166 3524 1226 είς
3561 1163 3731 1234 μόνην
3762 1165 3875 1232 τὴν

2274 1254 2366 1308 τοῦ
2400 1254 2535 1308 Θεοῦ
2565 1256 2659 1308 καὶ
2684 1255 2897 1326 Πατρὸς
2917 1255 3187 1322 τῶνδὸλων
3213 1254 3502 1324 ἀναφέρειν
3519 1253 3678 1324 θέμις
3702 1253 3872 1306 εὗσέ-

2276 1349 2449 1412 ὅειαν,
2484 1349 2612 1419 παρ’
2657 1341 2718 1401 οῦ
2747 1349 2841 1400 ἐπὶ
2873 1347 2977 1418 γῆς
2995 1346 3147 1419 ὄντος
3170 1344 3278 1398 τῶν
3308 1344 3528 1412 ἀγαθῶν
3559 1345 3630 1397 τὰ
3680 1345 3873 1398 πάντα

2273 1440 2386 1500 τοῖς
2409 1414 2684 1491 εὐσεϐέσιν
2707 1439 2786 1501 είς
2808 1414 3074 1506 ὠφέλειάν
3089 1454 3151 1489 τε
3185 1436 3278 1490 καὶ
3302 1435 3572 1507 σωτηρίαν
3604 1438 3870 1507 χορηγεῖο

2272 1546 2362 1581 ται
2387 1544 2401 1559 ο
2434 1527 2608 1581 ταῦτα
2626 1529 2683 1582 δὲ
2701 1530 2730 1582 6
2765 1528 2906 1593 θεῖός
2935 1545 3069 1600 φησι
3092 1528 3260 1597 Λόγος
3280 1527 3356 1592 ὼς
3374 1528 3502 1598 *ιτερλ⁵
3523 1526 3711 1595 ἑτέρου
3742 1529 3868 1580 Κυ-

595 1625 808 1679 Patrem
825 1634 1086 1688 vestrum,
1112 1621 1282 1677 Deum
1307 1635 1507 1680 meum.
1527 1630 1580 1675 et
1597 1619 1765 1674 Deum
1785 1627 2028 1674 vestrum
2047 1618 2113 1670 δ’.
2142 1637 2159 1668 ι

2275 1620 2391 1690 ρίου
2424 1619 2518 1673 τοῦ
2558 1618 2752 1674 ἑαυτοῦ
2787 1619 2998 1692 Πατρός
3020 1619 3308 1673 διδάσκωνο
3339 1618 3434 1673 καὶ
3459 1618 3567 1690 γὰρ
3597 1619 3692 1671 καὶ
3734 1621 3872 1672 ἑαυ-

557 1710 758 1768 'Plena
787 1723 869 1768 est
897 1721 1078 1767 autem
1108 1713 1215 1779 lex,
1250 1712 1538 1781 omnisque
1587 1711 1880 1781 Scriptura
1933 1710 2164 1780 hujusce

2271 1711 2366 1764 106
2402 1710 2604 1783 Κύριόν
2646 1728 2707 1764 τε
2740 1711 2834 1764 καὶ
2876 1709 3007 1765 Θεὸν
3045 1711 3206 1764 αὐτὸν
3249 1710 3500 1781 ὁμολογεῖ
3537 1710 3675 1782 πρὸς
3734 1712 3872 1774 τοὺς

593 1804 806 1860 Domini
841 1823 858 1854 ι
887 1805 1276 1869 cbaraeteris,»
1315 1803 1558 1865 scilicet,
1583 1802 1754 1856 divini
1785 1800 1968 1868 Verbi,
1995 1802 2157 1868 quasi

2270 1790 2430 1867 ἰδίους
2471 1803 2783 1874 μαθητὰς,-‹
2805 1802 3150 1875 Ἀνέρχομαι,
3182 1802 3426 1872 φάσκων,
3466 1805 3601 1875 πρὸς
3625 1804 3716 1857 τὸν
3745 1805 3868 1857 Πα-

593 1901 660 1954 dc
698 1898 805 1952 alio
833 1896 1066 1952 Domino
1089 1897 1387 1968 loquentis,
1411 1897 1505 1967 qui
1537 1895 1699 1950 Pater
1725 1895 1846 1965 ejus
1878 1893 2164 1950 manifeste

2271 1896 2405 1967 τέρα
2425 1913 2525 1966 μου
2565 1896 2658 1948 καὶ⁵
2693 1893 2914 1965 Πατέρα
2942 1892 3116 1965 ὑμῶν,
3152 1895 3246 1947 καὶ
3275 1895 3407 1948 Θεόν
3441 1913 3542 1966 μου
3581 1898 3678 1950 καὶ
3709 1895 3850 1949 Θεὸν

567 2000 694 2047 εει.
725 1991 856 2057 Qum
887 1989 1107 2061 quidem
1144 2005 1268 2044 cum
1298 1991 1467 2044 multa
1495 1997 1548 2044 et
1591 1987 2027 2059 profundissima
2056 1987 2164 2043 sint

2274 1989 2446 2060 ὑμῶν.
2483 2009 2502 2041 ι
2537 1989 2900 2060 Πεπλήρωται
2923 1988 2970 2041 δ’
3001 1990 3029 2042 ὃ
3061 2005 3118 2041 τε
3152 1987 3314 2058 νόμος
3346 1989 3440 2043 καλ⁸
3475 1991 3627 2044 πᾶσα
3662 1990 3863 2062 Γραφὴ

562 2084 943 2140 .meditatione
1002 2082 1188 2155 digna,
1236 2083 1304 2138 ad
1350 2097 1590 2153 praesens
1639 2081 1979 2152 propositum
2030 2081 2164 2137 satis

2275 2083 2367 2136 106
2410 2083 2615 2136 τοιοῦδε
2658 2083 3003 2154 χαρακτῆρος
3031 2083 3125 2137 τοῦ
3159 2082 3388 2154 Κυρίου,
3415 2081 3558 2135 τοῦτ’
3584 2081 3730 2135 ἐστιν
3763 2080 3868 2134 τοῦ

590 2191 712 2232 esse
739 2177 955 2245 opinor.

2276 2174 2420 2228 θείου
2453 2174 2648 2243 Λόγου,
2695 2174 2771 2237 ὼς
2811 2174 2940 2246 περὶ
2974 2173 3160 2245 ἑτέρου
3201 2173 3406 2244 Κυρίου
3447 2171 3864 2243 διαλεγομένου,

591 2273 652 2343 (f.
687 2271 740 2343 8)
767 2271 924 2342 δῆλον
949 2271 994 2324 δ’
1024 2270 1106 2323 ὅτι
1126 2268 1220 2322 τοῦ
1251 2269 1482 2340 Πατρός.
1507 2267 1714 2338 Πολλῆς
1743 2268 1798 2320 δὲ
1820 2267 1914 2320 καὶ
1934 2266 2238 2338 βαθυτάτης
2263 2269 2532 2341 δεομένων
2564 2269 2793 2341 θεωρίας
2856 2268 2963 2322 τῶν
2985 2268 3126 2322 κατὰ
3186 2268 3280 2321 τὸν
3336 2267 3518 2333 τόπον,
3551 2265 3712 2320 ἱκανὰ
3765 2273 3867 2323 καὶ

587 2364 760 2417 ταῦτα
793 2363 929 2434 πρὸς
956 2361 1052 2434 τὴν
1083 2359 1362 2430 παροῦσαν
1398 2359 1674 2412 ὑπόθεσιν.

1175 2471 1422 2529 CAPUT
1479 2473 1568 2528 IV.

667 2594 684 2626 ι
717 2573 782 2626 Ει
815 2571 950 2643 fugit
1005 2571 1150 2642 Agar
1181 2585 1212 2622 a
1252 2567 1390 2623 facie
1439 2570 1560 2639 ejus
1587 2569 1654 2633 ⁸³,
1694 2587 1712 2621 ι
1749 2568 1904 2623 Sarai
1939 2568 2169 2629 scilicet,

590 2673 648 2718 ut
678 2662 1029 2718 manifestum
1083 2670 1187 2726 est,
1236 2677 1255 2709 ι
1294 2675 1528 2728 cumque
1561 2658 1863 2713 invenisset
1922 2672 2040 2712 eam
2072 2671 2172 2711 an-

587 2758 739 2826 gelus
789 2754 1000 2808 Domini
1053 2753 1206 2822 juxta
1263 2753 1466 2808 fontem
1518 2765 1672 2819 aqua
1695 2750 1761 2804 ⁸⁵.
1802 2770 1819 2802 ›
1857 2748 2170 2804 Secundum

589 2848 818 2916 legimus
853 2848 908 2900 in
934 2847 1001 2900 iis
1027 2862 1147 2914 quae
1179 2851 1518 2915 sequuntur:
1557 2861 1575 2894 ι
1601 2840 1747 2895 Dixit
1775 2841 1840 2895 ad
1893 2842 2041 2894 illam
2074 2857 2170 2893 an-

2803 2468 3198 2522 ΚΕΦΑΛΑΙΟΝ
3251 2467 3324 2523 A'.

2351 2581 2368 2612 ι
2411 2563 2521 2615 Καὶ
2543 2562 2753 2634 ἀπέδρα
2781 2563 2960 2634 Ἀγαρ
2987 2562 3096 2615 ἀπὸ
3118 2561 3408 2633 προσώπου
3435 2562 3623 2633 αὐτῆς,
3655 2580 3674 2613 ι
3703 2560 3866 2631 δῆλον

2273 2653 2352 2704 ὅτι
2387 2653 2485 2723 τῆς
2515 2653 2760 2726 Σάρραςο
2809 2673 2826 2705 ι
2851 2647 2978 2726 εῦρε
3009 2654 3067 2707 δὲ
3087 2653 3258 2726 αὐτὴν
3281 2654 3508 2724 ἄγγελος
3530 2653 3737 2726 Κυρίου
3768 2653 3865 2705 ἐπὶ

2275 2745 2371 2815 τῆς
2406 2746 2590 2816 πηγῆς
2634 2745 2729 2798 τοῦ
2767 2745 2990 2809 ὕδατοςο
3029 2765 3048 2797 ι
3092 2747 3186 2800 καὶ
3217 2748 3275 2800 ὲν
3309 2750 3420 2811 τοῖς
3456 2745 3582 2817 ἑξῆς
3608 2745 3867 2818 δεύτερον

2274 2835 2511 2906 εἴρηταιο
2547 2856 2566 2888 ι
2591 2833 2757 2891 Εἶπεν
2803 2837 2873 2890 -δὲ
2901 2838 3038 2909 αὐτῇ
3078 2841 3108 2892 6
3149 2839 3378 2908 ἄγγελος
3424 2840 3648 2910 Κυρίου·
3682 2857 3702 2890 ι
3762 2840 3867 2893 καὶ

587 2941 743 3008 gelus
773 2937 996 2991 Domini
1027 2936 1074 2967 “
1102 2956 1117 3003 ;
1159 2956 1176 2988 ι
1209 2944 1262 2990 et
1321 2936 1540 2990 tertium
1571 2952 1585 2989 :
1624 2951 1642 2985 ι
1670 2932 1818 2988 Dixit
1859 2933 1908 2988 ei
1942 2933 2164 3004 angelus

2271 2931 2454 3004 τρίτον
2480 2931 2557 2984 δέ’
2588 2950 2606 2982 ι
2626 2927 2792 2984 Εἶπεν
2826 2931 2961 3002 αὐτῇ
2987 2931 3016 2982 6
3049 2931 3276 2999 ἅγγελος
3298 2920 3526 3002 Κυρίου⁶
3559 2931 3859 3001 Πληθῦνων

586 3031 848 3086 Domini:
882 3029 1248 3100 Multiplicans
1325 3026 1702 3097 multiplicabo
1741 3041 1927 3080 semen
1985 3033 2163 3088 tuum,

557 3134 640 3180 et
671 3138 779 3178 non
810 3122 1187 3177 numerabitur
1239 3136 1350 3192 prie
1381 3117 1731 3174 multitudine
1754 3117 1819 3172 “.
1857 3137 1884 3170 η»
1939 3116 2004 3170 Ει
2038 3132 2166 3170 rur-

560 3227 710 3268 sum
743 3227 756 3264 :
791 3231 808 3262 ι
847 3209 990 3264 Dixit
1017 3210 1065 3264 ei
1098 3211 1323 3280 angelus
1383 3207 1598 3262 Domini
1631 3223 1644 3258 :
1675 3207 1812 3262 Ecce
1865 3205 2164 3276 concepisti

587 3313 640 3356 et
669 3301 846 3372 paries
879 3299 1047 3353 lilium
1084 3314 1096 3348 :
1130 3299 1460 3366 vocabisque
1485 3311 1680 3352 nomen
1702 3295 1822 3366 ejus
1852 3294 2064 3361 lsmael,
2101 3309 2166 3350 eo

588 3389 735 3460 quod
780 3387 1013 3443 audierit
1075 3386 1338 3442 Dominus
1401 3385 1752 3440 alllictionem
1775 3393 1924 3438 tuam
1947 3385 2013 3438 ".
2041 3404 2063 3438 ι»
2102 3383 2166 3439 Et

587 3496 839 3538 sermone
881 3479 1132 3534 absoluto
1171 3461 1409 3533 dicitur:
1447 3497 1466 3528 ι
1499 3476 1722 3532 Vocavit
1761 3488 1941 3532 autem
1966 3493 2166 3533 nomen

577 3571 827 3635 Domini,
863 3570 959 3640 qui
995 3569 1322 3639 loquebatur
1372 3569 1436 3622 ad
1477 3583 1634 3624 eam:
1663 3567 1745 3622 Tu
1777 3567 1920 3624 Deus
1959 3568 2053 3639 qui
2091 3568 2168 3622 vi-

585 3663 715 3718 disti
755 3677 842 3716 me
873 3661 938 3715 δδ.
972 3681 990 3712 ι
1035 3660 1263 3715 Etiamsi
1323 3675 1425 3715 nec
1487 3660 1540 3713 in
1584 3667 1790 3714 sanctae
1833 3659 2164 3715 narrationis

587 3755 746 3809 initio
796 3754 1057 3809 Dominus
1108 3754 1421 3807 nominatus
1467 3751 1664 3808 fuisset
1695 3753 1840 3824 Agar
1869 3752 2025 3808 visus
2077 3767 2166 3807 er-

589 3849 755 3910 ranti,
785 3866 802 3898 ι
838 3848 1043 3901 vocavit
1085 3856 1265 3900 autem
1299 3861 1494 3900 nomen
1527 3843 1740 3899 Domini
1780 3845 1874 3915 qui
1904 3845 2167 3914 loqueba-

588 3947 679 3992 tur
713 3938 776 3992 ad
799 3953 940 4003 eam,
975 3957 992 3988 ι
1030 3937 1074 3991 si
1097 3936 1220 4006 quis
1245 3936 1572 3991 contendere
1612 3936 1739 3990 velit
1785 3936 1856 3989 ab
1893 3937 2036 4006 Agar
2065 3950 2164 3988 an-

578 4032 765 4102 gelum
791 4029 928 4084 falso
958 4030 1116 4098 quasi
1145 4028 1310 4083 Deum
1344 4029 1583 4082 habitum
1615 4043 1770 4093 esse;
1807 4043 1952 4082 nunc
1981 4035 2164 4081 autem

588 4133 820 4178 testatur
886 4121 1170 4191 Scriptura
1237 4120 1526 4175 Dominum
1565 4135 1708 4184 esse,
1745 4121 1838 4190 qui
1886 4135 1983 4189 per
2025 4133 2165 4189 prae-

588 4215 794 4269 dictum
817 4215 1066 4285 angelum
1099 4213 1251 4268 visus
1302 4220 1440 4275 erat,
1481 4228 1577 4282 per
1617 4227 1777 4282 quem
1811 4219 1870 4264 ut
1899 4211 2162 4265 Dominus

575 4319 640 4362 .et
692 4306 854 4368 Deus,
891 4316 948 4360 ut
1006 4307 1181 4375 ipsum
1235 4305 1477 4369 decebat,
1523 4305 1698 4360 dixit:
1737 4324 1754 4351 ι
1791 4301 2162 4374 Multiplicans

587 4397 964 4467 multiplicabo
1011 4413 1191 4452 semen
1241 4406 1414 4450 tuum.
1449 4415 1467 4446 ι
1525 4393 1638 4450 Hoc
1693 4395 1837 4450 enim
1872 4393 1966 4449 Dei
1999 4395 2162 4448 unius

589 4499 736 4545 esset
783 4490 987 4554 dicere,
1032 4504 1140 4543 non
1185 4489 1296 4558 jam
1351 4489 1547 4559 angeli.
1597 4488 1714 4555 Qua
1752 4488 1973 4558 quidem
2027 4501 2162 4542 voce

588 4582 783 4636 edocta
815 4583 957 4655 Agar
1004 4581 1106 4636 sibi
1163 4597 1288 4635 cum
1329 4579 1439 4636 Deo
1501 4582 1616 4637 solo
1665 4582 1771 4635 tale
1823 4579 2158 4650 colloquium

583 4689 729 4738 esse,
760 4691 777 4724 ‹
815 4671 897 4727 Tu
927 4671 1088 4735 Deus,
1137 4674 1232 4735 ait,
1287 4673 1376 4744 qui
1395 4673 1582 4727 vidisti
1617 4687 1722 4726 me.
1762 4692 1780 4722 ι
1809 4670 1915 4725 Sed
1948 4678 2003 4726 et
2032 4686 2157 4725 rur-

587 4781 705 4828 sus,
731 4779 855 4819 cum
913 4762 1050 4834 fugit
1083 4778 1267 4817 secum
1307 4763 1514 4817 habens
1542 4761 1710 4816 lilium
1738 4761 2002 4830 scriptum
2027 4769 2113 4814 est
2145 4780 2159 4811 :

593 4878 610 4908 ι
649 4856 980 4927 Vocavitque
1013 4856 1238 4926 angelus
1284 4854 1380 4909 Dei
1409 4853 1552 4926 Agar
1587 4853 1653 4908 de
1676 4853 1816 4907 ccelo
1839 4852 1905 4918 ⁸⁸,
1946 4870 1963 4902 ι
1991 4849 2160 4905 dixit-

586 4968 693 5023 que
721 4953 769 5008 ei
799 4967 919 5023 qua:
942 4948 1273 5012 referuntur,
1302 4950 1354 5002 in
1374 4947 1572 5018 quibus
1601 4956 1653 5001 et
1677 4944 1809 4999 illud
1843 4961 1855 4996 :
1887 4963 1905 4995 ι
1943 4943 2161 5032 ln.gen-

589 5053 696 5097 tem
731 5057 981 5113 magnam
1017 5041 1209 5096 faciam
1246 5056 1369 5094 eum
1406 5040 1490 5106 ⁵⁰;
1527 5060 1544 5092 ›
1575 5046 1821 5110 apertum
1839 5047 1923 5093 est
1952 5039 2066 5092 hzec
2093 5037 2160 5092 dc

589 5151 758 5204 puero
785 5133 966 5189 dicere
991 5152 1004 5200 ;
1036 5133 1180 5204 quod
1210 5133 1280 5186 ab
1310 5133 1501 5203 angelo
1549 5131 1756 5186 dictum
1789 5130 2013 5184 minime
2043 5143 2161 5184 cre-

589 5226 846 5290 dendum,
879 5225 968 5280 Dei
993 5227 1135 5279 enim
1173 5225 1390 5296 propria
1449 5222 1791 5278 denuntiatio
1847 5229 1952 5276 est.
1986 5219 2160 5288 Cujus

588 5318 753 5387 igitur
785 5318 996 5373 Domini
1022 5334 1219 5371 nomen
1251 5318 1466 5371 vocavit
1514 5317 1695 5387 Agar:
1731 5335 1749 5367 ι
1785 5314 1866 5368 Tu
1898 5313 2039 5367 Deus
2069 5311 2160 5380 qui

588 5407 771 5461 vidisti
801 5423 904 5472 me,
930 5429 945 5458 ι
969 5421 1090 5460 cum
1121 5413 1173 5461 et
1199 5406 1270 5459 ibi
1293 5404 1641 5459 Hebrmorum
1673 5408 2160 5472 tetragrammaton

589 5498 872 5568 Scriptura
924 5497 1126 5554 referat
1169 5498 1400 5554 nomen?
1450 5495 1730 5552 Pracdictis
1755 5494 1954 5566 quippe
1985 5491 2160 5546 mani-

2269 3022 2525 3094 πληθυνῶ
2550 3022 2611 3075 τὸ
2641 3021 2864 3092 σπέρμα
2887 3039 3002 3086 σου,
3032 3021 3124 3074 καὶ
3150 3022 3249 3074 οὐκ
3287 3021 3719 3093 ἁριθμηθήσετβι
3738 3025 3860 3077 ἀπὸ

2267 3114 2360 3170 τοῦ
2390 3114 2645 3187 πλήθουςθ
2672 3133 2690 3166 ι
2723 3115 2816 3166 καὶ
2846 3110 3021 3179 αὖθις·
3055 3110 3250 3166 «Εἶπεν
3269 3115 3403 3186 αὐτῇ
3427 3117 3455 3168 ὁ
3477 3115 3707 3184 άγγελος
3735 3117 3860 3168 Κυ-

2269 3209 2408 3280 ρίουο
2445 3208 2574 3262 Ἰδοὺ
2612 3208 2675 3260 σὺ
2705 3209 2762 3260 ὲν
2789 3207 2988 3278 γαστρὶ
3007 3207 3169 3273 ἕξεις,
3195 3206 3290 3260 καὶ
3323 3206 3452 3280 τέξῃ
3475 3207 3608 3272 υἱὸν,
3641 3208 3736 3262 καὶ
3753 3226 3862 3263 κα-

2267 3299 2448 3363 λέσεις
2469 3289 2534 3351 τὸ
2558 3299 2727 3369 ὄνομα
2765 3297 2928 3351 αὑτοῦ
2963 3297 3204 3368 Ἰσμαήλ·
3227 3297 3308 3350 ὅτι
3340 3299 3607 3370 ἐπήκουσε
3640 3299 3854 3372 Κύριος

2265 3395 2334 3462 τῇ
2374 3390 2700 3444 ταπεινώσει
2731 3406 2848 3442 σου·
2883 3409 2901 3441 ι
2935 3389 3029 3442 καὶ
3067 3388 3203 3460 μετά
3238 3388 3446 3453 πάντας
3487 3390 3612 3452 τοὺς
3650 3390 3850 3458 λόγους

2267 3484 2501 3555 είρηται’
2540 3502 2558 3534 ι
2587 3483 2695 3536 Καὶ
2715 3483 2974 3536 ἐκάλεσεν
2997 3482 3059 3534 τὸ
3085 3481 3254 3552 ὄνομα
3280 3482 3484 3553 Κυρίου
3506 3481 3601 3534 106
3628 3483 3855 3536 λαλοῦνο

2265 3592 2357 3637 τος
2389 3574 2524 3646 πρὸς
2560 3575 2747 3646 αὐτήν·
2784 3574 2855 3626 Σὺ
2881 3573 3014 3636 Θεὸς
3056 3575 3084 3626 6
3132 3572 3343 3626 ἐπιδών·
3371 3589 3456 3644 με.
3503 3593 3520 3624 ι
3542 3572 3606 3626 Εἰ
3643 3573 3717 3645 μὴ
3747 3575 3848 3626 καὶ

2267 3669 2376 3722 ἀπὸ
2420 3665 2713 3738 προσώπου
2755 3666 2854 3736 τῆς
2889 3667 3038 3736 ἱεράς
3079 3666 3302 3738 Γραφῆς
3327 3666 3530 3736 Κύριος
3567 3665 3861 3735 ώνόμαστο

2271 3761 2336 3829 τῇ
2379 3757 2556 3827 Ἅγαρ
2583 3756 2868 3826 ἐπιφανεὶς
2898 3756 3150 3830 ἀλωμένη
3187 3760 3243 3811 ὲν
3279 3757 3376 3828 τῷ·
3416 3777 3433 3808 ι
3459 3757 3567 3809 Καὶ
3595 3758 3858 3810 ἐκάλεσεν

2265 3852 2327 3902 τὸ
2341 3849 2512 3920 ὄνομα
2526 3848 2730 3920 Κυρίου
2753 3847 2846 3901 τοῦ
2866 3847 3150 3910 λαλοῦντος
3174 3849 3308 3920 πρὸς
3331 3849 3517 3919 αὐτὴν,
3550 3867 3565 3900 i
3615 3849 3718 3901 κᾶν
3741 3850 3855 3902 ὐπ-

2266 3939 2423 3993 ἐλαϐέ
2441 3958 2526 4004 τις
2548 3941 2645 4010 τὴν
2671 3941 2847 4012 Ἀγαρ
2857 3939 2988 3992 Θεὸν
3011 3940 3358 4011 ὲσφαλμένως
3388 3940 3738 4012 ὑπειληφέναι
3758 3941 3856 3994 τὸν

2264 4031 2514 4100 ἄγγελονο
2550 4032 2666 4084 νυνὶ
2693 4031 2750 4084 δὲ
2780 4033 2812 4102 ἡ
2849 4030 3038 4102 Γραφὴ
3078 4037 3363 4105 μαρτυρεῖ,
3388 4034 3468 4085 ὅτι
3489 4033 3689 4105 Κύριος
3720 4029 3791 4104 ἦν
3825 4037 3856 4088 6

2263 4122 2350 4174 διὰ
2372 4120 2467 4174 τοῦ
2495 4123 2988 4194 προωνομασμένου
3023 4123 3376 4195 χρηματίζων
3413 4126 3667 4194 ἀγγέλου,
3689 4126 3756 4178 δι’
3788 4121 3854 4179 06

2267 4211 2360 4265 ἆτε
2394 4213 2598 4285 Κύριος
2629 4215 2723 4268 καὶ
2753 4213 2884 4278 Θεὸς
2919 4214 2995 4267 ὢν
3027 4215 3342 4287 πρεπόντως
3371 4216 3546 4287 ἑαυτῷ
3582 4217 3736 4286 ἔλεγε
3763 4218 3849 4272 16°

2196 4287 2237 4339 Ῑ)
2272 4323 2288 4354 ι
2331 4304 2621 4375 Πληθῦνων
2671 4305 2926 4376 πληθυνῶ
2957 4307 3018 4359 τὸ
3056 4307 3275 4379 σπέρμα
3314 4325 3426 4362 σουο
3481 4328 3500 4362 ι
3547 4309 3707 4363 τοῦτο
3738 4310 3853 4379 γὰρ

2267 4395 2384 4466 Θεῷ
2413 4396 2556 4466 μόνῳ
2582 4396 2808 4468 ἁρμόζοι
2836 4397 2900 4450 ἂν
2929 4397 3125 4466 λέγειν,
3158 4399 3339 4452 οὐκέτι
3367 4399 3423 4452 δὲ
3461 4401 3554 4452 καὶ
3596 4400 3816 4472 ἀγγέλῳ
3835 4419 3847 4430 ·

2264 4486 2438 4558 τούτῳ
2463 4487 2508 4540 δ’
2539 4484 2605 4540 αὖ
2639 4487 2715 4557 τῷ
2746 4489 2950 4559 ῥήματι
2977 4490 3069 4541 καὶ
3097 4491 3196 4560 τὴν
3227 4488 3405 4562 Ἀγαρ
3448 4491 3591 4555 εἰκὸς
3623 4494 3850 4564 ἐπιστή-

2266 4597 2457 4643 σασαν,
2487 4582 2737 4633 συνεῖσάν
2756 4599 2814 4634 τε
2841 4583 2922 4635 ὅτι
2946 4583 3108 4652 μόνου
3125 4583 3260 4636 Θεοῦ
3282 4585 3474 4652 γένοιτ’
3493 4584 3604 4656 ἂνή
3620 4586 3847 4658 τοιαύτη

2264 4667 2434 4740 φωνὴ,
2471 4671 2767 4742 εἰρηκέναιο
2807 4673 2955 4725 «Ὅτι
2985 4673 3048 4724 σὺ
3081 4675 3212 4736 Θεὸς
3239 4677 3268 4727 ό
3297 4674 3494 4729 ἐπιδών
3531 4694 3619 4746 με’
3658 4696 3676 4727 ι
3713 4677 3850 4730 ἀλλά

2260 4763 2354 4814 καὶ
2382 4761 2659 4833 δεύτερον,
2693 4764 2779 4816 ὅτε
2813 4765 3195 4836 ἀποδιδράσκει
3242 4766 3362 4837 μεθ’
3398 4769 3598 4837 ἑαυτῆς
3647 4770 3849 4839 ἔχουσα

2266 4851 2355 4904 τὸν
2389 4851 2521 4915 υἱὸν,
2550 4854 2878 4924 γέγραπται·
2904 4875 2921 4906 ι
2964 4856 3248 4909 Ἐκάλεσεν
3266 4857 3320 4910 δὲ
3341 4858 3568 4927 ἅγγελος
3585 4859 3680 4912 τοῦ
3704 4860 3844 4913 Θεοῦ

2263 4945 2362 5015 τὴν
2396 4948 2572 5020 Ἀγαρ
2600 4951 2663 5002 ὲκ
2691 4950 2783 5002 τοῦ
2816 4950 3068 5019 οὐρανοῦ,
3100 4971 3118 5001 ι
3162 4953 3254 5004 καὶ
3283 4945 3435 5004 εἶπεν
3463 4953 3598 5023 αὐτῇ
3622 4952 3690 5005 τά
3717 4953 3850 5007 dva-

2266 5041 2645 5110 γεγραμμένα,
2683 5043 2741 5095 ὲν
2783 5036 2864 5104 οἷς
2916 5045 3061 5095 ἐστιν
3099 5044 3192 5096 καὶ
3237 5043 3320 5096 τό*
3371 5063 3389 5096 ‹
3437 5045 3531 5108 EE;
3557 5044 3665 5116 γὰρ
3692 5044 3847 5108 ἔθνος

2268 5130 2478 5201 ποιήσω
2509 5132 2659 5184 αὑτό·
2690 5153 2707 5183 ι
2748 5135 2906 5206 δῆλα-ι·
2938 5135 2984 5188 δ’
3011 5136 3090 5188 ὅτι
3133 5137 3192 5188 τὸ
3224 5137 3454 5190 παιδίον·
3489 5140 3625 5208 ὅπερ
3657 5139 3846 5191 οὐκέτι

2268 5220 2358 5273 τὸν
2392 5221 2618 5289 ἄγγελον
2651 5223 2961 5289 ἀξιόπισττυ
2992 5225 3057 5280 ἂν
3097 5226 3183 5296 εἴη
3209 5226 3416 5295 λέγειν,
3438 5228 3572 5280 Θεοῦ
3601 5229 3708 5298 γὰρ
3737 5229 3845 5280 πάι

2268 5313 2350 5364 λιν
2374 5316 2406 5384 ἡ
2430 5316 2748 5383 ἐπαγγελία.
2781 5318 2936 5381 Τίνος
2968 5314 3060 5370 οῦν
3091 5319 3294 5390 Κυρίου
3319 5319 3575 5374 ἐκάλεσεν
3600 5325 3633 5392 ἡ
3667 5323 3845 5390 Ἅγαρ

2268 5403 2522 5474 εοῦνομασ
2569 5426 2586 5456 ι
2626 5408 2695 5460 Σὺ
2725 5409 2752 5462 ό
2778 5408 2908 5471 Θεὸς
2953 5411 2981 5462 6
3027 5409 3224 5462 ἐπιδών
3252 5427 3338 5481 με,
3378 5432 3395 5462 ι
3440 5412 3715 5467 κάνταῦθα
3743 5413 3844 5482 τῇς

2270 5495 2491 5567 Γραφῆς
2525 5499 2616 5550 ἐπὶ
2674 5501 2766 5553 τοῦ
2830 5502 3032 5573 Κυρίου
3093 5503 3154 5555 τὸ
3215 5507 3641 5576 τετράγραμμον
3711 5509 3843 5578 παρ’

653 5677 694 5706 ἰ
739 5675 872 5728 lien.
906 5690 1060 5731 xvm.
1098 5674 1188 5744 19.
1264 5674 1307 5706 ⁸³
1345 5673 1501 5728 Joan.
1545 5689 1634 5732 xx.
1671 5673 1779 5744 l7.
1831 5671 1877 5744 δέ
1915 5671 2049 5730 Gen.
2079 5689 2164 5730 xv:

2268 5725 2269 5729 η
2348 5677 2392 5708 ⁸⁸
2427 5676 2560 5731 ibid.
2593 5677 2646 5732 .7.
2724 5679 2768 5711 “
2805 5678 2936 5735 ibid.
2972 5679 3025 5736 9.
3104 5681 3150 5714 “
3179 5681 3417 5738 ibid.lO.
3496 5683 3538 5717 "
3583 5680 3711 5740 ibid.
3752 5681 3840 5736 11.

583 5747 628 5781 ⁵⁸
667 5747 798 5802 ibid.
837 5748 922 5802 l5.
1001 5745 1046 5776 δ’
1085 5743 1221 5800 Gcn.
1261 5760 1384 5810 ni,
1423 5745 1506 5799 17.
1586 5744 1632 5776 ⁵ο
1674 5743 1804 5799 ibid.
1846 5743 1935 5799 18.
