4134 6414
393 275 531 334 105⁸1

1424 264 1719 321 ΙΞΕιΟϐίΕ
1763 261 2249 318 ΡΒΟΡΙΙΙΞἨΩᾹΞ.
2294 294 2359 300 --
2403 259 2529 312 LIB.
2575 259 2613 312 1.

3526 261 3655 316 1058

391 361 869 466 ’ἐϐραιοδςθὸτομα
921 389 1313 460 περιεχούσης;
1355 387 1387 457 ἢ
1421 385 1578 458 δῆλον
1617 388 1680 438 ὲκ
1705 383 1812 438 τῶν
1846 401 1979 456 προ·-

2090 382 2391 438 I'estumest
2424 383 2567 436 hunc
2604 395 2723 435 esse
2780 378 3042 446 Verbum,
3097 379 3150 433 in
3205 379 3475 450 principio
3512 381 3655 450 apud

379 485 811 556 αποδεδομένων,
842 484 921 534 ὅτι
946 481 1009 551 δὴ
1034 480 1126 532 τοῦ
1160 481 1216 532 ὲν
1248 481 1387 550 ἀρχῇ
1419 479 1556 549 πρὸς
1575 478 1667 530 τὸν
1705 475 1836 529 Θεὸν
1866 475 1968 528 Λό-

381 593 503 646 γου,
538 575 595 638 ὃς
630 572 1043 644 ὲπιπαρὼν,καὶ
1071 569 1141 623 τὰ
1174 569 1294 623 κατ’
1343 568 1664 640 ἀνθρώπους
1694 567 1752 632 ἐξ
1795 566 1972 638 ἀρχῆς

382 670 597 742 ἐφορῶν
617 686 677 722 τε
700 669 793 720 καὶ
811 665 1130 736 οἰκονομῶν,
1149 666 1260 725 τοῖς
1289 661 1388 733 μὲν
1414 659 1854 731 ἐπαναϐεϐηκόσι
1877 658 1972 710 καὶ

381 761 610 824 τελείοις
638 760 915 830 ἀνδράσιν,
951 755 1061 819 οἷος
1097 752 1166 827 ἦν
1203 756 1231 808 ὃ
1264 771 1323 806 τε
1368 751 1618 824 Ἀϐραάμ
1647 751 1742 804 καὶ
1787 748 1972 803 Ἰσαὰκ

383 853 478 904 καὶ
512 849 738 914 Ἰακὼόφ
759 849 921 912 αὐτὸς
944 847 1009 901 δι’
1037 845 1233 900 ἑαυτοῦ
1251 844 1542 917 παρείχετο
1567 842 1663 906 τὰς
1686 842 1968 905 ὀπτασίας

382 948 493 1008 τοῖς
519 943 568 996 δὲ
598 943 698 1012 τῆς
727 941 932 995 τούτων
962 940 1166 1012 ἀρετῆς
1189 939 1529 1000 ἀποδέουσιν,
1552 931 1758 1007 οἷος,ἦν
1782 938 1809 988 ὁ
1825 934 1970 998 Λὼτ,

384 1035 477 1088 καὶ
506 1034 555 1085 οἱ
587 1035 642 1086 ὲν
668 1035 780 1095 τοῖς
802 1033 1032 1100 Κριταῖς
1055 1028 1260 1083 Γεδεών
1284 1045 1344 1082 τε
1374 1028 1466 1081 καί⁵
1487 1026 1707 1090 Μανωὲ,
1741 1024 1836 1078 καὶ
1859 1025 1972 1076 ὅσοι

383 1125 594 1188 τούτοις
617 1124 944 1195 ὲμφέρονται
977 1120 1372 1194 παραπλήσιοι,
1403 1119 1730 1189 λειτουργοῖς
1747 1118 1840 1169 καὶ
1861 1115 1973 1170 δια-

385 1215 564 1277 κόνοις
595 1217 706 1276 τοῖς
736 1212 825 1264 ὑπ’
853 1212 1014 1266 αὑτὸν
1043 1210 1206 1274 θείοις
1228 1209 1480 1278 ἀγγέλοις
1499 1206 1780 1278 χρώμενος
1811 1205 1973 1257 πολυ-

389 1307 572 1380 μερῶς
608 1306 702 1359 καὶ
753 1305 1106 1376 πολυτρόπως
1166 1303 1461 1374 παρείχετο
1525 1300 1591 1353 δι’
1644 1298 1822 1354 αὐτῶν
1878 1299 1977 1361 τὰς

387 1399 739 1468 ἐπαγγελίας.
774 1397 958 1468 Ταύτῃ
991 1395 1122 1465 γοῦν
1160 1396 1254 1448 καὶ
1281 1397 1348 1465 τῇ
1391 1395 1574 1464 Ἀγαρ
1594 1435 1608 1458 ,
1639 1391 1733 1445 ἅτε
1782 1391 1856 1462 μὴ
1889 1391 1976 1460 οἵᾳ

386 1507 448 1543 τε
474 1488 609 1562 οὔσῃ
645 1506 732 1542 πω
758 1486 858 1558 τὴν
884 1485 1048 1539 αὐτοῦ
1078 1483 1174 1538 τοῦ
1207 1484 1354 1537 θείου
1387 1483 1560 1551 Λόγου
1591 1485 1789 1553 χωρεῖν
1810 1483 1978 1534 ὀπτα-

387 1583 534 1646 σίαν,
569 1581 656 1634 διὰ
685 1581 779 1634 τοῦ
826 1579 1057 1648 ἀγγέλου
1096 1577 1164 1630 τὰ
1202 1575 1669 1648 ἀναγεγραμμένα
1700 1572 1973 1638 θεσπίζει·

389 1676 440 1727 εί
474 1672 596 1744 (ἔτι)
627 1671 683 1725 δὲ
728 1671 823 1724 καὶ
865 1670 944 1737 τῷ
978 1667 1172 1724 Ἰακὼὸ
1203 1668 1270 1720 δι’
1316 1666 1562 1736 ἀγγέλων
1601 1666 1973 1734 έπιφαίνεται’

385 1765 505 1820 ἀλλ’
531 1766 633 1838 ὅρα
661 1765 742 1817 δτι
770 1765 862 1816 καί
887 1762 1045 1816 τοῦτο
1068 1764 1187 1815 κατ’
1210 1761 1385 1833 ἀρχὰς
1417 1761 1516 1831 μὲν
1553 1759 1630 1823 ὼς
1664 1759 1729 1813 ἂν
1763 1759 1843 1812 ἔτι
1872 1760 1981 1811 εἰσ-

387 1856 646 1928 αγομένῳ
672 1855 858 1909 τοῦτον
873 1853 1200 1926 χρηματίζει
1221 1853 1311 1906 τὸν
1338 1852 1558 1923 τρόπον,
1579 1848 1912 1922 προκάψαντι
1928 1849 1983 1902 δὲ

392 1952 490 2006 καὶ
524 1952 604 2013 εἰς
647 1949 962 2019 τελειότητα
997 1946 1232 2000 ἐπιδόντι
1266 1945 1480 2016 γυμνῆς
1511 1943 1605 1997 καὶ⁹
1657 1941 1984 1996 ἀνεπικαλύ-

392 2059 529 2096 πτου
550 2040 650 2111 τῆς
679 2039 814 2103 ίδίας
843 2037 1193 2110 μεταδίδωσιν
1217 2035 1454 2106 ὁμιλίας,
1471 2033 1654 2087 οὐκέτι
1677 2031 1775 2103 μὲν
1796 2031 1861 2084 δι’
1889 2032 1984 2100 ἀγ-

392 2135 569 2206 γέλων
592 2135 686 2188 καὶ
712 2133 779 2186 δι’
813 2130 1117 2205 ἑρμηνέων,
1149 2129 1308 2192 αὐτὸς
1327 2129 1385 2182 δὲ
1413 2127 1476 2181 δι’
1501 2123 1698 2180 ἑαυτοῦ
1725 2127 1753 2178 ὁ
1781 2124 1986 2197 Κύριος

393 2227 493 2283 καὶ
511 2226 646 2290 Θεὸς
678 2225 872 2293 Λόγος,
903 2225 931 2276 ὁ
956 2222 1025 2276 τά
1056 2223 1335 2294 δευτερεῖα
1349 2220 1449 2290 τῆς
1479 2219 1752 2291 πατρικῆς
1775 2215 1987 2286 ἐπέχων

395 2317 672 2388 θεότητος,
709 2315 809 2385 τῆς
847 2313 982 2377 ἰδίας
1009 2312 1172 2365 αὑτὸν
1205 2308 1479 2374 καταξιῶν
1512 2307 1798 2370 ὀπτασίας.

842 2426 1242 2484 ΚΕΦΛΛΑΙΟΝ
1282 2424 1338 2478 E'
1371 2424 1437 2494 (ι.
1470 2423 1546 2494 9).

472 2546 494 2579 ι
514 2528 573 2580 ’0
587 2525 736 2596 ἥλιος
761 2521 981 2594 ἐξῆλθεν
1009 2522 1102 2574 ἐπὶ
1129 2519 1227 2590 τὴν
1237 2521 1361 2588 γῆν,
1379 2519 1472 2570 καὶ
1495 2515 1616 2570 Λὼτ
1643 2513 1887 2585 εἰσῆλθεν
1911 2515 1989 2575 εἰς

396 2618 614 2689 Σηγώρ.
643 2618 754 2670 Καὶ
782 2615 985 2686 Κύριος
1010 2612 1228 2682 ἔϐρεξεν
1255 2610 1348 2664 ἐπὶ
1373 2609 1580 2679 Σόδομα
1617 2608 1711 2660 καὶ
1739 2606 1989 2676 Γόμορρα

396 2711 539 2764 θεῖον
581 2709 674 2763 καὶ
707 2707 819 2778 πῦρ
846 2705 998 2776 παρά
1038 2703 1243 2774 Κυρίου
1295 2703 1359 2755 ὲκ
1393 2699 1486 2753 τοῦ
1533 2696 1788 2770 οὐρανοῦ.
1829 2717 1846 2748 ι
1877 2697 1991 2749 Οὐκ

390 2798 552 2873 οῐμαί
585 2817 705 2853 τινα
738 2798 846 2851 τῶν
881 2795 1030 2860 ἀπαξ
1059 2792 1504 2848 πεπιστευκότων
1537 2791 1691 2864 ἱερὰς
1738 2789 1834 2842 καὶ
1875 2787 1990 2840 θεο-

399 2891 700 2954 πνεύστους
741 2890 1008 2960 ὑπάρχειν
1037 2887 1136 2950 τάς
1167 2885 1332 2955 ἁγίας
1369 2883 1590 2955 Γραφάς
1621 2883 1989 2955 εὑρεσιλογεῖν

400 3003 456 3039 τι
490 2987 570 3049 είς
592 2985 718 3048 τοὺς
753 2983 972 3045 τόπους,
1006 2977 1308 3048 ἀντιλέγειν
1347 2974 1684 3048 πειρώμενον
1721 2977 1833 3038 τοῖς
1862 2973 1990 3045 περὶ

397 3077 498 3132 τοῦ
523 3077 695 3146 Λόγου
716 3075 808 3129 τοῦ
831 3073 968 3128 Θεοῦ
988 3070 1466 3145 παραδεδομένοις,
1484 3070 1566 3122 ὅτι
1593 3085 1652 3122 τε
1672 3068 1844 3140 προῆν
1867 3066 1992 3120 ὑπό·
2016 3089 2059 3146 c

403 3186 595 3224 στασιν
642 3167 776 3221 ἰδίαν
816 3165 1089 3236 ἔχων,καὶ
1127 3165 1209 3217 ὅτι
1240 3164 1347 3235 πρὸ
1383 3161 1483 3231 τῆς
1517 3160 1986 3232 ὲνανθρωπήσεως

395 3259 502 3324 τὰς
543 3260 623 3323 εἰς
656 3255 976 3328 ἀνθρώπους
1009 3253 1320 3325 οἰκονομίας
1353 3250 1552 3304 ἑτέλει’
1595 3248 1689 3303 δύο
1721 3247 1832 3320 γὰρ
1872 3249 1986 3302 Κυ-

403 3349 554 3422 ρίους
580 3346 813 3401 ἐνταῦθα
836 3344 1020 3413 σαφῶς
1043 3347 1078 3415 ὴ
1104 3341 1292 3414 Γραφη
1310 3341 1657 3412 παρίστησιν,
1689 3337 1743 3392 εῖ
1760 3355 1826 3407 γε
1847 3357 1864 3388 ι
1879 3338 1990 3391 Κύ-

405 3457 522 3513 ριος
547 3438 767 3510 ἔϐρεξεν
789 3436 938 3508 παρὰ
967 3435 1192 3507 Κυρίου.
1233 3454 1252 3485 ι
1278 3433 1350 3486 Τὸ
1377 3432 1419 3485 δ’
1445 3433 1629 3504 ὅμοιον
1644 3429 1788 3484 ἐστιν
1810 3431 1990 3501 εὑρεῖν

407 3530 561 3602 παρά
592 3530 670 3601 τῷ
713 3529 843 3600 ίερῴ
876 3526 1182 3597 Ἀποστόλῳ
1221 3525 1488 3596 φήσαντι·
1522 3543 1540 3574 ι
1574 3522 1696 3594 Δῴη
1731 3525 1760 3576 ό
1788 3521 1991 3594 Κύριος
2032 3565 2036 3567 .

404 3625 554 3689 ἕλεος
579 3623 657 3694 τῷ
697 3620 1048 3692 Ὀνησιφόρου
1072 3619 1224 3688 οἴκῳο
1254 3636 1273 3668 ι
1309 3617 1422 3670 καί·
1457 3614 1607 3686 «Δῴη
1641 3613 1788 3684 αὐτῷ
1812 3615 1990 3686 εὑρεῖν

401 3719 555 3781 ἔλεος
577 3714 725 3787 παρὰ
746 3713 951 3784 Κυρίου
974 3714 1030 3765 ὲν
1067 3709 1248 3780 ἐκείνῃ
1277 3711 1345 3780 τῇ
1388 3707 1592 3779 ἡμέρᾳ.
1626 3725 1644 3758 ι
1692 3705 1848 3758 Ἀλλά
1882 3704 1990 3775 γὰρ

404 3813 466 3867 δν
489 3809 701 3872 τούτοις
733 3807 862 3878 περὶ
904 3806 1114 3874 Πατρὸς
1145 3805 1236 3857 καὶ
1280 3801 1411 3855 Υίοῦ
1451 3799 1739 3872 διαρθροῦν
1778 3797 1989 3865 λόγους,

405 3903 486 3974 τῷ
516 3903 615 3973 μὲν
644 3902 892 3970 ἀγενήτῳ
920 3899 1013 3951 καὶ
1043 3898 1216 3968 Πατρὶ
1243 3895 1350 3949 τῶν
1384 3894 1520 3948 ὅλων
1548 3893 1647 3963 τὴν
1677 3889 1819 3945 κατά
1854 3889 1992 3942 πάν-

405 4009 517 4045 των
539 3991 634 4044 καὶ
654 3993 773 4042 κατ’
789 3989 954 4042 αὑτοῦ
982 3987 1076 4040 τοῦ
1104 3985 1234 4039 Υίοῦ
1263 3985 1454 4056 κυρίαν
1471 4001 1529 4036 τε
1557 3983 1652 4036 καὶ
1678 3981 1993 4034 αὖθεντείαν

408 4082 762 4145 ἀνατιθέντας
781 4125 795 4148 ,
825 4080 904 4152 τῷ
939 4080 997 4133 δὲ
1024 4078 1102 4149 τῷ
1138 4078 1296 4148 Λόγῳ
1329 4076 1397 4129 τὰ
1425 4075 1704 4146 δευτερεῖα
1739 4072 1876 4143 μετὰ
1905 4073 1993 4124 τὸν

406 4175 632 4246 Πατέρα
655 4175 754 4244 τῆς
787 4173 927 4227 κατά
959 4173 1174 4225 πάντων
1197 4168 1305 4222 τῶν
1331 4167 1708 4237 γεγενημένων
1731 4167 1905 4237 ἀρχῆς
1934 4183 1994 4218 τε

409 4267 506 4319 καὶ
529 4263 844 4327 δεσποτείας
863 4264 1252 4334 ἀπονέμοντας.
1281 4262 1372 4323 Δὶς
1394 4258 1451 4314 δὲ
1475 4257 1710 4312 ἐνταῦθα
1741 4255 1998 4329 ὀνομαζο-

413 4356 575 4428 μένου
607 4355 702 4409 τοῦ
733 4355 958 4426 Κυρίου,
985 4353 1126 4407 κατὰ
1152 4355 1243 4406 τό·
1285 4351 1561 4420 Ἐϐρεξεν
1583 4350 1797 4418 Κύριος
1836 4349 1998 4420 παρὰ

2075 475 2267 538 Deum,
2303 475 2447 544 quod
2512 472 2826 537 adveniens,
2867 488 3064 544 resque
3120 472 3400 526 hominum
3441 490 3470 526 a
3517 475 3662 544 prin-

2039 569 2219 642 ‘cipio
2255 567 2553 637 inspiciens
2615 576 2777 636 atque
2832 567 3167 637 gubernans,
3227 567 3660 637 prmcellentibus

2076 659 2605 732 perfectioribusquc
2648 659 2806 722 viris,
2851 659 3044 729 quales
3085 669 3241 713 erant
3295 657 3659 726 Abrahamus,

2075 753 2295 808 lsaacus
2326 761 2488 822 atque
2507 749 2770 814 lat-obus,
2821 767 2918 820 per
2960 751 3201 819 seipsum
3251 750 3660 806 manifestatum

2075 849 2182 898 est.
2213 842 2287 896 lis
2317 857 2447 896 vero
2464 841 2556 914 qui
2607 849 2770 894 tanta)
2806 840 2991 893 virtuti
3052 841 3288 909 impares
3311 849 3488 901 erant,
3521 841 3664 893 sicut

2075 943 2194 990 erat
2218 933 2341 998 Lot,
2392 942 2446 989 et
2475 933 2530 987 in
2578 932 2867 988 Judicibus
2901 930 3123 987 Gedeon
3154 941 3208 987 et
3239 929 3452 996 Manoe,
3508 939 3664 985 caute-

2077 1027 2264 1097 risque
2285 1040 2470 1081 eorum
2512 1024 2804 1087 similibus,
2858 1023 3134 1078 ministris
3157 1022 3470 1093 legatisque
3503 1037 3663 1091 ange-

2078 1121 2146 1175 lis
2175 1120 2270 1190 qui
2303 1118 2408 1173 sibi
2442 1117 2672 1187 subjecti
2704 1123 2862 1170 erant
2922 1131 3078 1179 usus,
3110 1115 3343 1169 diversis
3378 1114 3663 1184 variisque

2080 1213 2256 1267 modis
2280 1227 2375 1282 per
2402 1226 2496 1265 eos
2527 1208 2784 1263 mandata
2816 1223 2914 1262 sua
2948 1205 3329 1262 denuntiabat.
3366 1205 3504 1261 Huic
3564 1206 3668 1277 igi-

2081 1314 2170 1358 tur
2201 1305 2366 1376 Agar,
2398 1320 2522 1358 eum
2571 1302 2745 1372 ipsius
2790 1301 2961 1355 divini
3020 1299 3182 1356 Verbi
3233 1298 3498 1355 visionem
3525 1301 3667 1355 ferre

2081 1397 2354 1466 nequiret,
2384 1411 2479 1464 per
2529 1395 2781 1465 angelum
2840 1409 2961 1463 qua:
2983 1393 3152 1447 relata
3203 1402 3331 1447 sunt
3365 1391 3660 1463 signiﬁcat.

2079 1487 2285 1544 Jacobo
2339 1487 2505 1543 etiam
2555 1502 2655 1557 per
2708 1487 2932 1556 angelos
2993 1483 3409 1548 manifestatur;
3472 1499 3663 1538 verum

2083 1581 2456 1636 animadverte
2483 1581 2630 1651 quod
2659 1580 2754 1633 tali
2809 1578 2971 1634 modo
2999 1579 3128 1632 huic
3175 1578 3326 1632 visus
3357 1585 3461 1642 est,
3489 1577 3668 1632 adhuc

2084 1668 2406 1728 inﬁrmioris
2439 1671 2704 1738 virtutis;
2758 1687 2883 1726 cum
2931 1678 3111 1726 autem
3154 1670 3446 1741 profecerit
3493 1678 3545 1726 et
3598 1671 3668 1725 ad
3715 1659 3718 1662 ’

2086 1765 2476 1837 perfectionem
2535 1765 2877 1834 pervenerit,
2936 1763 3080 1817 nuda
3133 1773 3186 1817 et
3241 1772 3427 1833 aperta
3469 1763 3672 1821 suimet

2088 1855 2508 1912 conversatione
2540 1853 2796 1926 dignatur
2827 1869 2974 1918 eum,
3034 1867 3134 1909 nec
3177 1853 3288 1922 jam
3323 1869 3419 1923 per
3446 1854 3670 1924 angelos

2090 1957 2254 2020 atque
2278 1949 2629 2017 interpretes,
2667 1947 2764 2003 sed
2805 1947 2922 2018 ipse
2975 1961 3072 2017 per
3112 1947 3355 2017 seipsum
3405 1945 3672 2002 Dominus

2089 2050 2144 2097 et
2175 2039 2320 2097 Deus
2372 2039 2636 2106 Verbum,
2694 2039 2968 2096 secundas
3021 2041 3075 2095 in
3122 2049 3346 2110 paterna
3387 2041 3674 2097 divinitate

2091 2138 2276 2200 partes
2333 2130 2562 2195 habens,
2596 2131 2879 2200 propriam
2921 2131 2990 2184 ad
3043 2146 3164 2186 eum
3201 2131 3464 2186 visionem
3496 2134 3672 2188 mani-

2093 2217 2272 2274 festat.

3691 1452 3699 1494 ι

2707 2413 2937 2470 CAPUT
2968 2414 3032 2470 Υ,

2176 2530 2193 2561 ι
2238 2509 2330 2565 Sol
2360 2526 2616 2582 egressus
2647 2520 2733 2568 cst
2766 2527 2932 2583 super
2947 2519 3150 2567 terram
3187 2521 3240 2568 et
3270 2511 3372 2568 Lot
3393 2517 3676 2586 ingressus

2091 2612 2177 2660 est
2201 2603 2389 2676 Segor.
2418 2603 2590 2674 Igitur
2621 2602 2882 2662 Dominus
2916 2605 3053 2675 pluit
3109 2621 3273 2675 super
3299 2605 3591 2662 Sodomam
3620 2617 3676 2664 et

2093 2695 2456 2751 Gomorrham
2534 2695 2767 2766 sulphur
2831 2705 2888 2752 et
2956 2697 3134 2768 ignem
3205 2713 3234 2752 a
3302 2697 3539 2767 Domino
3603 2701 3674 2757 de

2092 2788 2234 2842 coelo
2268 2787 2334 2840 δι.
2370 2807 2389 2840 ι
2423 2784 2544 2841 Non
2591 2788 2790 2858 opinor
2821 2789 3058 2859 aliquem
3089 2804 3276 2844 eorum
3299 2833 3314 2857 ,
3381 2791 3477 2862 qui
3507 2792 3676 2848 semel

2093 2876 2446 2932 crediderunt
2472 2892 2662 2935 sacras
2690 2887 2744 2934 et
2777 2878 3041 2937 divinitus
3074 2882 3373 2952 inSpiratas
3396 2900 3519 2941 esse
3544 2900 3678 2942 sal-

2093 2978 2214 3024 ctas
2241 2967 2580 3040 Scripturas,
2603 2971 2788 3027 verbis
2810 2972 3066 3028 haesitare
3084 2973 3173 3029 his
3189 2975 3245 3029 in
3269 2975 3427 3043 locis,
3450 2993 3681 3049 respon.

2093 3060 2224 3117 dere
2261 3071 2592 3133 quaerentem
2625 3065 2693 3118 iis
2724 3081 2846 3134 qua:
2892 3065 2960 3120 de
2986 3064 3164 3122 Verbo
3195 3065 3304 3122 Deo
3331 3079 3677 3136 asseruntur,

2093 3154 2238 3224 quod
2267 3157 2682 3227 praeexsistebat
2715 3159 3080 3230 substantiam
3111 3161 3387 3232 propriam
3445 3162 3676 3231 habens,

2091 3257 2146 3303 et
2178 3257 2305 3304 ante
2339 3248 2773 3304 incarnationem
2809 3252 2971 3307 rebus
3007 3253 3292 3307 hominum
3323 3252 3677 3312 moderandis

2092 3351 2344 3411 prmerat.
2375 3339 2475 3395 llic
2495 3341 2642 3394 enim
2682 3341 2823 3397 duos
2859 3351 3048 3412 aperte
3098 3341 3358 3398 Dominos
3395 3341 3679 3416 Scriptura

2091 3432 2384 3504 designat:
2424 3452 2443 3484 ‹
2481 3432 2627 3488 Pluit
2652 3433 2986 3493 Dominus...
3019 3451 3048 3488 a
3098 3436 3349 3494 Domino.
3384 3463 3404 3494 ι
3467 3439 3680 3496 Similia

2093 3526 2333 3594 reperire
2383 3535 2468 3581 est
2502 3525 2646 3598 apud
2701 3534 2952 3582 sanctum
3007 3529 3332 3598 Apostolum
3364 3533 3672 3589 dicentem:

2099 3636 2117 3668 ‹
2145 3616 2241 3672 Det
2270 3617 2535 3674 Dominus
2555 3619 2986 3674 misericordiam
3012 3621 3342 3694 Onesipbori
3364 3623 3549 3680 domui
3573 3626 3675 3694 ";o

2091 3717 2144 3762 et
2174 3727 2186 3762 :
2224 3727 2241 3758 ι
2279 3707 2377 3762 Det
2406 3709 2484 3762 illi
2503 3707 2764 3764 Dominus
2791 3709 3036 3765 invenire
3053 3711 3483 3768 misericordiam
3509 3728 3542 3767 a
3567 3711 3680 3772 Do-

2096 3799 2246 3853 mino
2269 3799 2324 3853 in
2353 3800 2446 3853 illa
2476 3799 2564 3854 die
2592 3798 2658 3852 ⁸³.
2691 3819 2710 3851 ι
2741 3799 3032 3856 Enimvero
3057 3801 3216 3857 facile
3243 3805 3402 3858 estin
3433 3805 3542 3860 illis
3558 3820 3681 3876 qua:
3707 3861 3710 3872 ,

2095 3891 2162 3946 ad
2185 3890 2424 3955 Patrem,
2451 3908 2572 3963 quae
2605 3891 2672 3946 ad
2689 3891 2883 3950 Filium
2906 3900 3176 3963 spectant,
3199 3897 3487 3967 perspicue
3505 3877 3710 3967 ποθι-οξ

2096 3937 2162 3946 _..
2186 3937 2205 3944 -
2230 3937 2424 3955 ..-.-...,
2452 3937 2572 3963 ,ιε-ν
2605 3937 2672 3946 ..ν
2691 3937 2711 3946 -
2906 3937 3176 3963 "ww-.."
3203 3937 3487 3967 ,ωηινηυν
3505 3937 3681 3954 συν...-

2096 4000 2226 4039 nere
2250 3983 2431 4049 verba,
2455 4001 2577 4054 qua:
2597 3985 2840 4041 increato
2857 3985 3112 4057 Patrique
3139 3988 3378 4043 omnium
3407 3990 3462 4045 in
3490 4005 3681 4046 omnes
3702 3937 3709 4057 ί

2097 4078 2334 4147 atquein
2363 4077 2543 4148 ipsum
2595 4077 2790 4132 Filium
2844 4079 3276 4137 dominationem
3302 4091 3356 4137 et
3387 4084 3682 4140 auctorita-

2099 4177 2206 4224 tem
2262 4169 2533 4233 tribuunt,
2597 4168 2771 4224 Verbo
2825 4179 3005 4228 autem
3066 4173 3336 4229 secundas
3391 4183 3515 4246 post
3576 4168 3710 4258 Pa-i

2097 4269 2237 4317 trem
2306 4271 2490 4333 partes
2550 4263 2834 4334 assignant
2889 4265 2943 4318 in
2999 4267 3242 4321 omnium
3301 4269 3712 4322 creaturarum?

2103 4353 2414 4424 principatu
2449 4360 2612 4424 atque
2657 4355 2910 4424 imperio.
2941 4354 3040 4409 Hic
3065 4363 3245 4412 autem
3279 4357 3363 4412 bis
3402 4335 3713 4412 nominatot

3700 4037 3708 4196 ξ

413 4452 690 4520 Κυρίου,›
713 4449 793 4512 δὶς
810 4447 950 4501 κατά
973 4449 1031 4500 τὸ
1059 4446 1346 4518 Ἐὕραῖκὸν
1363 4446 1456 4497 καὶ
1482 4442 1542 4496 τὺ
1571 4441 1988 4513 τετράγραμμοκ

2107 4447 2358 4512 Domino,
2388 4449 2689 4504 secundum
2719 4449 2850 4504 illud
2882 4470 2892 4503 :
2929 4469 2946 4500 ι
2976 4449 3120 4505 Pluit
3170 4450 3504 4506 Dominus...
3533 4467 3562 4504 a
3585 4449 3684 4504 Do-

409 4541 733 4613 ὲμφέρεται,
767 4541 841 4603 ὼς
866 4540 1182 4608 σαφέστατα
1213 4533 1660 4608 ἀνομολογεῖσθαι
1685 4533 1746 4586 τὸ
1776 4531 1868 4584 ἐπὶ
1906 4530 1998 4583 δύο

410 4632 741 4708 προσώπων,
780 4631 938 4703 δῆλον
980 4631 1024 4684 δ’
1061 4632 1142 4684 ὅτι
1180 4629 1273 4684 τοῦ
1321 4628 1456 4681 Θεοῦ
1499 4627 1593 4680 καὶ
1631 4625 1844 4698 Πατρός
1890 4624 2000 4678 τῶν

411 4728 553 4781 ὅλων
573 4726 669 4780 καὶ
698 4724 790 4780 τοῦ
825 4725 998 4793 Λόγου
1035 4722 1224 4784 αὐτοῦ,
1253 4723 1353 4793 τὴν
1388 4721 1626 4792 ἄρρητον
1654 4718 1859 4788 ταύτην
1895 4734 2000 4770 πα-

418 4818 860 4891 ραλαμϐάνεσθαι
907 4815 1235 4886 σημείωσινο
1301 4813 1375 4876 ὡς
1427 4812 1616 4883 μηκέτ’
1683 4809 1998 4882 ἀμφιϐόλως

412 4913 580 4984 ἔχειν,
613 4912 664 4964 εῖ
685 4928 786 4964 που
815 4909 882 4963 ἂν
903 4909 1167 4979 φέροιτοή
1189 4905 1410 4976 τοιαύτη
1437 4907 1529 4957 ἐπὶ
1545 4903 1640 4957 τοῦ
1670 4903 1806 4956 Θεοῦ
1826 4920 1993 4975 προσ-

413 5002 634 5075 ηγορία,
679 5001 754 5072 μὴ
796 5000 954 5070 μόνον
1001 4999 1092 5052 ἐπὶ
1132 4999 1229 5068 τῆς
1261 4997 1525 5064 ἀγενήτου
1578 4992 1790 5061 φύσεως
1825 4991 1994 5062 αὐτὴν

417 5089 964 5163 παραλαμϐάνεσθαι,
1008 5087 1142 5141 ἀλλά
1182 5087 1276 5142 καὶ
1318 5086 1410 5142 ἐπὶ
1451 5081 1544 5136 τοῦ
1582 5085 1639 5136 ἐν
1677 5085 1816 5155 ἀρχῇ
1863 5082 1996 5154 πρὸς

415 5185 506 5238 τὸν
539 5184 670 5238 Θεὸν
701 5183 853 5246 ὄντος
872 5183 1065 5252 Λόγου.

949 5383 1348 5439 ΚΕΦΛΛΛΙΟΝ
1389 5385 1480 5449 ς’.

501 5479 590 5532 Ἐν
647 5481 711 5550 τῇ
758 5477 895 5549 πρὸς
937 5477 1029 5530 τὸν
1074 5475 1266 5530 Ἰακὼὸ
1312 5474 1532 5544 εὐλογίᾳ
1563 5472 1591 5524 ὁ
1636 5471 1820 5524 Ἰσαάκ
1868 5486 2000 5540 φησι

421 5569 561 5641 μετά
585 5585 705 5621 τινα
730 5569 826 5622 καὶ
851 5567 1023 5623 ταῦτα
1041 5585 1053 5597 ·
1088 5587 1106 5619 ι
1135 5567 1246 5621 Καὶ
1269 5562 1708 5619 δουλευσάτωσάν
1735 5578 1816 5615 σοι
1841 5561 1969 5633 ἔθνη
1985 5579 1999 5592 ο

490 5728 536 5760 ⁸¹
577 5727 712 5784 Gen.
749 5743 862 5795 tux,
896 5729 983 5783 Ξῖ).
1061 5727 1104 5758 ⁸³
1147 5724 1190 5779 ll
1229 5724 1367 5780 Tim.
1404 5740 1452 5789 ι,
1491 5722 1574 5776 16.
1653 5720 1698 5751 ⁵³
1741 5716 1870 5772 ibid.
1914 5716 2000 5772 18.

2103 4540 2274 4605 mino,
2313 4559 2331 4591 ι
2365 4539 2451 4595 bis
2493 4539 2795 4594 secundum
2842 4539 3171 4596 llebraicum
3196 4550 3250 4596 et
3272 4549 3684 4613 tetragramma—

2102 4639 2198 4686 ton
2220 4631 2479 4700 refertur,
2512 4633 2578 4687 ad
2629 4649 2989 4704 personarum
3035 4634 3356 4690 dualitatem
3387 4633 3685 4690 evidentis-

2104 4725 2242 4779 sime
2265 4724 2742 4795 distinguendam;
2788 4724 3135 4779 manifestum
3180 4734 3264 4781 est
3299 4733 3480 4780 autem
3509 4724 3604 4779 Dei
3631 4735 3686 4778 et

2102 4815 2346 4870 omnium
2378 4814 2582 4880 Patris,
2622 4825 2786 4886 atque
2844 4816 2963 4886 ejus
3021 4815 3185 4872 Verbi
3226 4819 3523 4874 discrimen
3581 4819 3684 4872 hac

2103 4908 2364 4965 ineﬂ'abili
2393 4909 2836 4965 denominatione
2853 4911 3149 4982 designari,
3183 4919 3331 4966 utne
3357 4911 3444 4966 cui
3477 4918 3547 4965 sit
3576 4927 3685 4964 am-

2105 5004 2352 5074 biguum,
2388 5002 2435 5058 si
2471 5000 2610 5057 forte
2643 5001 2756 5055 lure
2788 5003 3002 5071 uspiam
3033 5002 3100 5056 de
3126 5001 3233 5058 Deo
3266 5001 3557 5073 appellatio
3589 5000 3688 5053 ad-

2105 5096 2376 5158 hibeatur,
2436 5110 2545 5150 non
2589 5101 2796 5148 tantum
2849 5093 2917 5148 de
2964 5094 3204 5148 increata
3259 5102 3454 5147 natura
3491 5092 3687 5147 intelli-

2107 5189 2337 5258 gendam
2361 5202 2502 5250 esse,
2533 5185 2629 5242 sed
2662 5185 2825 5238 etiam
2851 5183 2918 5241 de
2968 5184 3148 5241 Verbo
3172 5185 3316 5256 quod
3347 5195 3430 5241 est
3453 5187 3509 5240 in
3539 5185 3687 5256 prin-

2103 5280 2251 5350 cipio
2275 5278 2417 5350 apud
2454 5278 2644 5334 Deum.

2717 5370 2946 5428 CAPUT
2987 5370 3073 5425 Ἣ.

2180 5463 2241 5520 ln
2267 5462 2457 5520 Jacobi
2484 5463 2864 5520 benedictione
2887 5462 3004 5516 haec
3034 5461 3177 5515 inter
3206 5459 3311 5515 alia
3340 5458 3564 5518 lsaacus
3594 5455 3684 5511 di-

2112 5562 2186 5618 cit
2225 5581 2236 5618 :
2279 5580 2296 5616 ι
2339 5559 2404 5615 Et
2437 5561 2680 5619 serviant
2701 5560 2799 5618 tibi
2832 5560 3017 5633 populi
3041 5569 3095 5616 et
3130 5559 3360 5616 adorent
3391 5567 3443 5616 te
3469 5555 3684 5614 tribus:
