4114 6472
536 289 688 347 1059
726 316 729 317 ν
1294 282 1566 341 EUSEBII
1608 280 2091 338 CAESARIENSIS
2120 280 2272 337 OPP.
2315 279 2498 335 PARS
2531 279 2616 337 Ill.
2658 312 2723 321 ——
2757 279 3169 336 EXEGETICA.
3683 282 3828 341 1048

521 419 656 464 ~esto
673 406 927 463 dominus
949 404 1181 459 fratrum
1207 409 1449 467 tuorum,
1465 409 1520 456 et
1546 402 1904 457 incurventur
1929 410 2056 457 ante
2080 409 2111 455 ιι

2234 407 2328 460 καὶ
2360 402 2829 478 προσκυνήσουσιν
2872 419 2953 456 σοι
2997 402 3257 474 ἄρχοντες
3277 418 3289 430 ·
3323 402 3416 456 καὶ
3453 400 3603 471 γίνου
3634 404 3830 477 κύριος

538 501 635 554 lilii
655 499 828 570 patris
854 498 932 553 tui
947 497 1013 553 “.
1035 515 1054 548 ι
1075 494 1200 550 Haec
1216 495 1376 566 quasi
1388 494 1455 549 ad
1470 492 1730 550 Jacobum
1747 492 1894 549 dicta
1912 494 2111 549 minim.

2240 494 2334 551 τοῦ
2377 495 2606 565 ἀδελφοῦ
2644 513 2757 559 σου,
2805 495 2901 550 καὶ
2939 494 3403 566 προσκυνήσουσίν
3455 512 3536 548 σοι
3583 497 3691 550 υἱοὶ
3725 496 3829 551 τοῦ

538 606 701 662 posse
717 590 973 649 videntur
992 589 1059 644 ad
1081 603 1205 643 eum
1217 586 1618 657 referri,neque
1636 586 1701 641 ad
1712 586 1971 658 populum
1990 600 2056 642 ex
2069 600 2111 640 et

2241 589 2447 661 πατρός
2482 605 2595 641 σου.
2640 607 2658 641 ι
2698 586 2780 640 Τὰ
2809 586 3075 658 λεγόμενα
3107 585 3182 649 ὡς
3223 585 3360 658 πρὸς
3403 586 3494 641 τὸν
3536 587 3730 641 Ἰακὼϐ
3761 590 3828 641 οὐ

533 694 723 738 natum
740 726 755 751 ,
776 682 1035 753 populum
1068 680 1526 736 circumcisionis.
1541 680 1645 750 Qui
1660 680 1803 736 enim
1826 677 2012 751 populi
2040 694 2111 733 un

2241 681 2383 736 πάνυ
2410 696 2461 734 τι
2488 680 2735 749 φαίνεται
2768 676 3027 731 δύνασθαι
3056 679 3143 732 ἐπ’
3166 677 3330 732 αὑτὸν
3357 677 3681 747 ἀνάγεσθαι,
3703 680 3831 732 οὐδὲ

532 791 698 846 quam
712 775 762 830 ei
778 774 1089 831 servierunt
1109 773 1134 826 ?
1146 772 1251 827 Aut
1267 787 1389 843 quae
1407 772 1582 827 tribus
1593 786 1719 828 eum
1732 771 2098 827 adoraverunt

2241 772 2348 845 μὴν
2376 772 2469 827 ἐπὶ
2512 772 2605 826 τὸν
2650 771 2707 838 ἐξ
2753 769 2917 824 αὐτοῦ
2950 770 3236 842 γενόμενον
3273 769 3399 825 λαὸν
3441 771 3534 824 τὸν
3571 773 3635 825 ἐκ
3669 789 3831 843 περι-

529 883 696 939 quem
737 867 1087 924 adorabant?
1123 863 1343 937 quando
1371 879 1613 935 unquam
1639 864 1696 919 in
1725 862 1948 919 fratrem
1969 878 2111 919 suun

2236 866 2445 936 τομῆς’
2480 865 2608 916 ποῖα
2640 861 2749 934 γὰρ
2788 860 2913 933 ἐθνη
2966 861 3059 915 καὶ
3105 861 3235 914 πότε
3286 860 3599 915 ἐδούλευσεν
3635 862 3829 933 αὐτῷ;

531 936 970 1016 dominationem
1003 936 1289 1016 exercuit?
1313 956 1417 1025 Qui
1442 965 1625 1012 autem
1649 956 2009 1028 patrisipsius
2033 954 2111 1010 fili

2235 955 2269 1028 ἢ
2307 956 2451 1019 τίνες
2496 954 2754 1027 ἄρχοντες
2810 951 2959 1025 αὐτῷ
3004 953 3453 1027 προσεκύνησανς
3487 955 3564 1017 ὡς
3598 954 3721 1007 τίνα
3767 954 3831 1007 δὲ

530 1052 624 1122 qui
652 1067 776 1107 eum
810 1051 1093 1107 adoraturi
1116 1050 1423 1106 dicuntur?
1474 1049 1685 1120 Quippe
1730 1049 1900 1103 alium
1932 1062 2111 1119 quem-

2234 1048 2328 1102 καὶ
2357 1048 2750 1120 προσεκύνουν;
2800 1046 2928 1101 πότε
2974 1047 3031 1101 δὲ
3073 1048 3166 1101 καὶ
3213 1047 3499 1119 ἐκυρίευσε
3530 1047 3625 1101 τοῦ
3670 1046 3830 1102 ἀδελ.

531 1145 658 1199 dam
688 1152 887 1215 praeter
929 1142 1199 1200 Jacobum
1230 1142 1401 1199 ﬁlium
1453 1141 1715 1197 habuisse
1770 1139 1991 1197 lsaacus
2016 1155 2111 1196 nor

2232 1140 2336 1213 φοῦ
2368 1140 2567 1207 αὑτοῦ;
2599 1141 2633 1213 ἢ
2668 1140 2810 1205 τίνες
2838 1140 2888 1193 οἱ
2942 1138 3035 1193 τοῦ
3064 1141 3268 1213 πατρὸς
3312 1139 3478 1194 αὐτοῦ
3512 1142 3618 1194 uici.
3649 1143 3699 1194 oi
3732 1140 3829 1193 λε-

528 1238 850 1304 invenitur,
913 1240 1021 1296 nisi
1069 1239 1294 1294 Esaum.
1344 1237 1629 1305 Quomodo
1681 1237 1848 1308 igitur
1899 1236 2111 1307 plurali-

2231 1232 2449 1303 γόμενοι
2484 1231 2885 1303 προσκυνήσειν
2931 1228 3110 1300 etim};
3150 1231 3259 1283 Καὶ
3300 1232 3405 1303 μὴν
3438 1231 3535 1301 οὐχ
3568 1231 3829 1302 εὑρίσκε·

526 1336 612 1383 ter
662 1328 902 1384 dicitur:
936 1347 955 1382 ι
995 1330 1355 1384 lneurventur
1382 1337 1509 1383 ante
1544 1337 1596 1383 te
1625 1326 1722 1381 lilii
1757 1328 1932 1399 patris
1955 1326 2111 1381 tui?i

2227 1324 2320 1377 ταί
2349 1340 2412 1393 γε
2439 1324 2469 1377 6
2508 1322 2695 1377 Ἰσαὰκ
2724 1322 2911 1395 ἕτερόν
2937 1339 3056 1376 τινα
3102 1323 3253 1394 παρὰ
3297 1324 3386 1376 τὸν
3430 1321 3623 1377 Ἰακὼϐ
3656 1324 3828 1396 ἐσχη-

530 1420 656 1476 Ηρεο
685 1429 868 1479 autem
928 1421 1241 1476 notavimus
1297 1427 1590 1491 propterea
1629 1416 1779 1489 quod
1810 1419 2014 1490 saepius
2064 1418 2111 1474 in

2230 1414 2340 1479 κὼς
2366 1416 2399 1487 ἢ
2434 1416 2595 1488 μόνον
2617 1415 2710 1469 τὸν
2755 1414 2926 1470 Ἠσαῦ
2946 1429 2959 1443 ·
2995 1414 3112 1479 πῶς
3130 1411 3229 1470 οὖν
3260 1414 3634 1487 πληθυντικῶς
3663 1416 3825 1487 εἰρη-

528 1516 829 1588 prophetiis
853 1531 950 1587 per
969 1514 1234 1571 Jacobum
1261 1513 1513 1570 Christus
1531 1513 1892 1584 signiﬁcatur,
1918 1520 1976 1567 ut
1997 1527 2111 1584 pro-

2226 1526 2318 1563 ται
2338 1510 2420 1574 τὸ,
2443 1529 2462 1561 ι
2488 1508 2928 1582 Προσκυνήσουσί
2958 1524 3039 1561 σοι
3065 1509 3114 1562 οί
3145 1507 3251 1561 υἱοὶ
3275 1508 3369 1561 τοῦ
3397 1508 3603 1580 πατρός
3630 1525 3759 1574 σου;
3797 1528 3819 1558 ι

528 1610 662 1679 priis
685 1610 1003 1666 ostendetur
1043 1608 1202 1673 locis,
1241 1608 1593 1678 suspicantes
1627 1621 1814 1661 annon
1844 1605 1989 1661 forte
2014 1606 2111 1662 ista

2229 1600 2413 1655 Ταῦτα
2446 1600 2491 1653 δ’
2527 1599 2984 1672 ἐσημειωσάμεθα
3016 1600 3106 1653 διὰ
3153 1600 3214 1653 τὸ
3267 1599 3528 1663 πολλάκις
3574 1600 3669 1653 καὶ
3714 1601 3824 1652 Ἰαο

528 1699 584 1753 in
615 1699 737 1770 ejus
765 1700 1138 1757 testimonium
1177 1699 1428 1770 adaptari
1457 1706 1704 1769 possent.
1743 1696 1916 1753 Simili
1974 1697 2111 1753 enim

2228 1690 2344 1746 κὼϐ
2371 1692 2462 1746 τὸν
2506 1692 2739 1762 Χριστὸν
2771 1692 2829 1744 ἐν
2867 1692 2988 1754 ταῖς
3032 1688 3391 1760 προφητείαις
3433 1686 3822 1788 χρηματίζειν,

529 1791 740 1847 ratione
797 1806 895 1863 per
944 1790 1189 1848 lsaacum
1237 1790 1524 1845 Christum
1558 1797 1786 1846 sanctus
1834 1789 2111 1860 Apostolu:

2231 1784 2307 1849 ὼς
2348 1786 2406 1838 ἐν
2443 1786 2555 1848 τοῖς
2597 1782 2818 1847 οἰκείοις
2858 1781 3198 1853 δειχθήσεται
3224 1782 3431 1845 τόποις,
3462 1781 3823 1842 ὑπονοοῦντες

532 1881 735 1948 innuit,
753 1883 971 1939 dicens:
994 1902 1012 1934 ι
1042 1883 1356 1939 Abrahamo
1391 1883 1552 1939 dictae
1573 1891 1702 1938 sunt
1724 1884 2111 1955 promissiones

2227 1878 2299 1949 μή
2329 1895 2405 1949 πη
2446 1876 2541 1931 καὶ
2585 1876 2757 1930 ταῦτα
2795 1875 3018 1929 δύναται
3052 1878 3170 1938 ταῖς
3221 1873 3350 1954 περὶ
3393 1873 3559 1927 αὑτοῦ
3603 1890 3822 1947 μαρτυ-

526 1984 580 2029 et
596 1977 790 2032 semini
810 1976 1089 2047 ejus.Non
1114 1977 1247 2032 dicit
1264 1985 1319 2032 et
1335 1978 1657 2044 seminibus,
1687 1977 1844 2049 quasi
1870 1977 1929 2033 in
1966 1977 2112 2032 mulc

524 2067 598 2123 tis
629 2068 763 2124 :sed
796 2070 956 2139 quasi
984 2070 1040 2124 in
1071 2084 1181 2124 uno
1212 2089 1225 2125 :
1258 2079 1313 2125 et
1341 2071 1538 2127 semini
1568 2078 1688 2136 tuo,
1717 2071 1813 2142 qui
1845 2077 1931 2126 est
1964 2069 2125 2125 Chri-

527 2170 648 2216 stus
670 2162 737 2217 ".
762 2183 780 2215 ι
799 2161 936 2218 Vide
960 2163 1126 2235 igitur
1148 2164 1196 2219 si
1214 2163 1282 2219 ad
1308 2163 1560 2220 eumdem
1575 2163 1798 2218 modum
1819 2171 1873 2219 et
1897 2178 2019 2234 qua:
2035 2163 2124 2218 hic

525 2250 784 2308 dicuntur
807 2252 1096 2323 dc‘Jacobo
1125 2270 1232 2307 non
1259 2254 1455 2310 melius
1477 2254 1699 2308 Christo
1725 2255 2115 2318 convenirent;

526 2359 649 2412 quae
680 2344 901 2415 quidem
936 2344 983 2399 si
1018 2345 1092 2398 ita
1152 2345 1347 2399 habeat
1371 2347 1454 2400 vir
1502 2344 1805 2421 studiosus,
1836 2360 2113 2415 quamque

524 2434 812 2491 lectionem
840 2435 1115 2506 allegoria:
1147 2436 1361 2507 legibus
1393 2436 1649 2492 conferre
1686 2437 1915 2493 noverit.

2228 1971 2369 2044 ρίαις
2398 1967 2679 2042 ἁρμόζειν.
2709 1969 2922 2040 Ὥσπερ
2945 1967 3076 2037 γοῦν
3111 1968 3205 2021 καὶ
3235 1968 3304 2020 τὰ
3331 1966 3472 2025 κατὰ
3500 1967 3590 2021 τὸν
3626 1965 3822 2019 Ἰσαὰκ

2223 2065 2302 2128 είς
2326 2064 2417 2117 τὸν
2449 2062 2683 2135 Χριστὸν
2726 2060 3048 2132 μετείληφεν
3090 2062 3118 2115 6
3170 2060 3314 2132 ἱερὸς
3345 2058 3667 2123 ’Δπόστολος
3707 2060 3822 2129 φή-

2226 2173 2345 2221 σας·
2384 2172 2403 2206 ι
2437 2154 2528 2226 Τῷ
2556 2153 2612 2207 δὲ
2654 2153 2905 2225 Ἀϐραὰμ
2946 2152 3207 2225 ἐδόθησαν
3245 2155 3299 2206 αἱ
3345 2152 3671 2221 ἐπαγγελίαι
3718 2152 3822 2204 καὶ

2222 2246 2302 2317 τῷ
2333 2245 2604 2317 σπέρματι
2628 2244 2792 2298 αὐτοῦ
2811 2259 2824 2272 ·
2851 2244 2911 2297 οὐ
2935 2244 3081 2313 λέγει
3109 2245 3203 2299 καὶ
3233 2247 3343 2308 τοῖς
3375 2245 3708 2315 σπέρμασιν,
3735 2242 3820 2307 ὡς

2217 2340 2309 2392 ἐπὶ
2343 2337 2574 2402 πολλῶν,
2601 2336 2715 2390 ἀλλ’
2742 2336 2817 2400 ὼς
2850 2336 2935 2405 ἐφ’
2964 2336 3102 2400 ἑνὸς,
3137 2328 3232 2390 καὶ
3266 2335 3342 2407 τῷ
3383 2336 3659 2407 σπέρματί
3694 2353 3814 2400 σου,

2209 2432 2268 2495 ὃς
2303 2433 2418 2484 ἐστι
2442 2430 2693 2502 Χριστός·
2729 2448 2747 2482 ι
2780 2430 2882 2500 ὅρα
2903 2429 2951 2481 εί
2980 2428 3053 2500 μὴ
3074 2428 3165 2482 τὸν
3197 2428 3358 2483 αὑτὸν
3385 2430 3586 2501 τρόπον
3615 2430 3712 2482 καὶ
3741 2428 3818 2482 τὰ

521 2525 757 2581 ἐνταῦθα
780 2526 855 2590 ὠς
880 2527 1010 2598 περὶ
1036 2525 1129 2580 τοῦ
1174 2526 1366 2580 Ἰακὼϐ
1394 2529 1659 2601 εἰρημένα
1685 2526 1887 2599 μᾶλλον
1915 2526 2143 2599 ἁρμόζοι
2181 2527 2246 2579 ἂν
2272 2522 2351 2593 τῷ
2419 2522 2482 2592 (f.
2513 2521 2599 2592 10)
2630 2520 2868 2593 Χριστῷ,
2910 2521 3053 2592 ἃπερ
3085 2523 3133 2574 εί
3166 2520 3339 2586 οὕτως
3371 2520 3483 2592 ἔχοι
3513 2522 3542 2574 6
3575 2522 3816 2594 φιλομα,

524 2618 620 2691 θὴς
663 2619 897 2691 ἑκάστην
936 2618 1078 2685 λέξιν
1114 2620 1296 2690 νόμοις
1339 2619 1665 2691 ἀλληγορίας
1705 2621 1965 2686 ἐξετάσας
1999 2620 2221 2674 εἴσεται.

1124 2734 1354 2792 CAPUT
1387 2736 1498 2792 γη.

600 2846 620 2881 ι
662 2828 862 2886 Mansit
910 2837 1093 2885 autem
1122 2828 1295 2885 Jacob
1325 2831 1478 2886 solus
1514 2850 1527 2885 :
1555 2840 1609 2886 et
1661 2846 1791 2888 ecce
1821 2833 1903 2887 vir
1933 2834 2106 2890 lucta-

2736 2733 3134 2789 ΚΕΦΑΛΑΙΟΝ
3184 2737 3261 2791 Z'.

2282 2846 2300 2879 ι
2333 2824 2663 2898 ’Υπελείφθη
2685 2825 2743 2879 δὲ
2768 2824 2961 2879 Ἰακὼϐ
2991 2826 3178 2903 μόνος·
3203 2827 3579 2883 καὶέπάλαιεν
3596 2829 3815 2903 ἄνθρω-

524 2924 687 2978 batur
709 2936 837 2977 cum
882 2936 949 2977 eo
1006 2937 1181 2992 usque
1231 2937 1393 2979 mane
1423 2923 1491 2977 ".
1535 2941 1555 2977 ι
1592 2922 1731 2981 Dein
1775 2933 1901 2996 post
1933 2941 2106 2998 pauca

2210 2936 2308 2983 πος
2343 2920 2459 2989 μετ’
2493 2916 2659 2972 αὐτοῦ
2706 2917 2811 2982 ἓως
2851 2917 3017 2989 πρωί.
3062 2936 3082 2970 ι
3120 2914 3253 2976 Εἶτα
3290 2921 3428 2991 μετά
3488 2921 3697 2994 βραχέα
3728 2925 3811 2976 ει..

524 3013 731 3068 Jacobo
760 3012 978 3067 dicente
1008 3029 1022 3065 :
1065 3029 1083 3063 ι
1119 3010 1239 3066 Non
1264 3012 1540 3067 dimittam
1566 3020 1622 3070 te
1654 3013 1765 3070 nisi
1814 3015 2107 3073 benedixe-

528 3106 607 3160 ris
643 3105 779 3159 mihi
802 3144 818 3172 ,
840 3103 978 3158 dixit
1003 3103 1070 3158 ad
1098 3118 1224 3158 eum
1256 3122 1269 3158 :
1314 3102 1473 3169 Quod
1501 3119 1699 3161 nomen
1722 3113 1806 3162 est
1834 3106 1976 3161 tibi?
2000 3105 2108 3163 Re-

2208 3010 2400 3072 πόντος
2445 3007 2539 3060 τοῦ
2579 3006 2790 3071 Ἰακὼϐ,
2832 3025 2851 3058 ι
2893 3008 2967 3061 Οὐ
3012 3009 3085 3079 μή
3134 3025 3193 3061 σε
3225 3010 3529 3065 ἀποστείλω
3574 3013 3674 3067 ἐὰν
3722 3016 3803 3086 μή

2212 3118 2279 3173 με
2304 3099 2609 3172 εὑλογήσῃς
2626 3140 2640 3164 ,
2667 3120 2686 3152 ι
2720 3101 2885 3171 φησιν
2912 3102 3049 3174 πρὸς
3075 3103 3256 3157 αὐτόν’
3281 3123 3300 3157 ι
3330 3105 3395 3158 Τί
3420 3106 3592 3178 ὄνομά
3609 3125 3691 3161 σοι
3711 3126 3723 3174 ;
3740 3110 3813 3163 ‘0

525 3196 751 3268 spondit
776 3213 790 3249 :
824 3194 1015 3252 Jacob.
1042 3195 1112 3250 At
1136 3196 1264 3251 ille:
1289 3194 1668 3272 Nequaquam,
1714 3198 1914 3269 inquit,
1937 3197 2106 3255 Jacob

2210 3192 2265 3246 δὲ
2287 3188 2461 3255 εἶπεν,
2494 3191 2706 3245 Ἰακώϐ.
2739 3188 2908 3247 Εἶπεν
2936 3194 2991 3248 δὲ
3023 3196 3190 3268 αὐτῷ’
3219 3197 3415 3252 Οὐκέτι
3446 3197 3639 3253 Ἰακὼϐ
3669 3200 3806 3272 κλη-

521 3285 893 3356 appellabitur
922 3300 1124 3340 nomen
1154 3291 1333 3353 tuum,
1367 3286 1465 3341 sed
1522 3270 1694 3341 Israel
1727 3306 1741 3341 :
1772 3287 2032 3359 quoniam
2065 3289 2113 3346 si

520 3381 719 3427 contra
739 3372 908 3429 Deum
935 3373 1098 3430 fortis
1132 3373 1307 3440 fuisti,
1333 3381 1541 3445 quanto
1583 3376 1760 3450 magis
1791 3384 1984 3432 contra
2013 3376 2116 3433 ho-

527 3467 706 3521 mines
726 3466 1140 3536 praevalebis"!
1187 3488 1205 3519 ι
1227 3466 1295 3520 Ει
1326 3477 1451 3537 post
1476 3482 1691 3537 pauca:
1721 3486 1741 3520 ι
1771 3462 1996 3524 Vocavit
2020 3466 2115 3524 Ja-

527 3556 632 3610 cob
665 3571 866 3611 nomen
890 3558 995 3613 loci
1050 3557 1200 3613 illius
1229 3556 1475 3615 Phanuel
1508 3559 1685 3631 (visus
1726 3559 1844 3633 Dei)
1872 3559 2065 3618 dicens
2093 3577 2108 3613 :

525 3644 651 3700 Vidi
682 3646 971 3702 Dominum
1016 3647 1157 3703 facie
1199 3649 1266 3703 ad
1294 3648 1491 3705 faciem
1523 3658 1580 3706 et
1639 3651 1791 3706 salva
1841 3651 1984 3707 facta
2029 3662 2114 3709 est

522 3738 706 3791 anima
735 3753 857 3793 mea
874 3740 939 3794 ⁸⁸.
975 3758 994 3791 ι
1024 3737 1236 3805 Quibus
1262 3738 1414 3795 addit
1441 3738 1765 3813 Scriptura:
1790 3760 1809 3793 ι
1837 3739 2113 3813 Ortusque

527 3836 613 3883 est
640 3829 691 3883 ei
726 3829 915 3885 statim
942 3830 1046 3895 sol,
1077 3838 1367 3901 postquam
1433 3838 1820 3904 transgressus
1849 3841 1935 3889 est
1971 3832 2113 3887 Pha-

526 3920 655 3975 nuel
691 3920 866 3993 (visus
890 3919 1010 3993 Dei)
1040 3921 1108 3974 ι’.
1145 3941 1164 3973 ι
1222 3922 1538 3978 Abrahamo
1599 3924 1818 3994 quidem
1874 3928 2109 3996 primum

525 4012 739 4066 somnio
769 4010 1037 4069 Dominus
1069 4013 1483 4084 manifestatur,
1507 4023 1563 4071 et
1591 4018 1792 4087 saepius
1845 4017 2112 4087 colloqui-

524 4108 656 4169 tur;
692 4109 775 4157 ter
802 4100 927 4157 dein
961 4105 1010 4158 ei
1046 4104 1201 4160 visus
1254 4105 1513 4173 refertur,
1561 4122 1672 4162 non
1703 4109 1759 4163 in
1791 4118 1971 4173 nocte,
2016 4109 2109 4164 sed

526 4209 628 4265 per
684 4194 967 4249 meridiem
1027 4196 1216 4264 visus;
1264 4197 1321 4252 in
1355 4199 1518 4255 tertia
1564 4199 1712 4256 enim
1772 4203 2110 4272 apparitione

524 4285 645 4354 ipso
668 4282 973 4340 meridiano
1008 4292 1255 4357 tempore
1287 4288 1408 4359 ejus
1438 4289 1738 4361 hospitium
1766 4293 1985 4362 excipit.
2018 4291 2111 4347 Ja-

523 4374 665 4429 cobo
698 4381 878 4429 autem
910 4375 1150 4445 primum
1205 4378 1426 4447 quidem
1491 4386 1616 4450 post
1663 4380 1798 4437 solis
1850 4397 2107 4439 occasum

525 4464 704 4521 media
730 4472 896 4521 nocte
919 4466 975 4520 in
1000 4468 1233 4524 somniis
1257 4478 1505 4541 apparet,
1565 4471 1624 4527 in
1655 4471 2103 4545 Mesopotamiam

523 4555 902 4621 descendenti,
936 4571 1064 4611 cum
1115 4574 1211 4628 per
1243 4575 1497 4616 somnum
1554 4564 1770 4634 aspexit
1821 4567 2101 4622 caelestem

524 4646 753 4716 scalam,
802 4648 1134 4718 angelosque
1174 4650 1230 4704 in
1262 4651 1381 4720 ipsa
1410 4654 1770 4711 ascendentes
1798 4664 1853 4712 et
1879 4658 2108 4715 descen-

522 4737 737 4804 dentes,
774 4738 1095 4810 audivitque
1146 4740 1438 4798 Dominum
1495 4745 1746 4802 innixum
1794 4751 1958 4806 scala:
1999 4752 2105 4808 sibi

521 4829 793 4883 dicentem
824 4848 840 4886 ι
879 4849 897 4881 ι
937 4830 1050 4901 Ego
1080 4848 1205 4888 sum
1234 4833 1500 4893 Dominus
1528 4836 1672 4895 Deus
1711 4839 1987 4897 Abraham
2008 4858 2106 4916 pa-

521 4923 625 4979 tris
648 4924 730 4977 tui
755 4923 824 4988 ⁸ο,
864 4943 883 4977 ο
920 4931 974 4978 et
1000 4926 1236 4996 reliqua,
1281 4943 1403 4999 qua:
1427 4930 1788 5001 sequentibus
1817 4948 1916 5005 per
1941 4950 2107 5006 ange-

520 5014 633 5068 lum
662 5014 713 5069 ei
741 5013 889 5069 dicta
920 5014 1092 5071 fuisse
1123 5016 1604 5089 demonstrantur;
1661 5023 1901 5079 secunda
1923 5026 2102 5081 mani-

520 5104 741 5160 festatio
766 5106 823 5161 in
860 5106 1249 5178 Mesopotamia
1297 5112 1440 5166 facta
1489 5120 1595 5179 est,
1642 5099 1772 5170 cum
1822 5116 1873 5172 ei
1924 5116 2100 5173 adfuit

521 5195 768 5268 dixitque
824 5195 1113 5266 Dominus,
1151 5208 1211 5255 ut
1269 5209 1758 5274 tetragrammaton
1804 5207 2095 5264 ostendit:

526 5306 546 5340 ι
580 5286 871 5346 Revertere
902 5291 960 5346 in
982 5301 1186 5348 terram
1217 5302 1435 5365 patrum
1479 5304 1725 5365 tuorum,
1755 5307 1810 5355 et
1838 5300 1907 5356 ad
1932 5317 2072 5373 gene

519 5380 790 5437 rationem
814 5390 984 5446 tuam,
1013 5392 1068 5439 et
1088 5398 1185 5441 ero
1215 5394 1397 5441 tecum
1429 5388 1497 5442 “.
1532 5408 1551 5441 ι
1585 5388 1645 5445 ln
1672 5392 1880 5448 somnis
1909 5394 1960 5449 ei
1982 5393 2097 5450 haec

519 5476 575 5527 et
601 5485 698 5542 per
723 5472 975 5543 angelum
1008 5468 1260 5532 elocutus
1291 5485 1398 5534 est.
1434 5477 1505 5533 Ut
1529 5487 1583 5535 et
1610 5480 1726 5551 ipse
1742 5481 1903 5539 docet
1932 5482 2096 5542 Jaco-

592 5651 639 5683 “
675 5649 813 5706 Gen.
847 5666 1031 5718 xxvu,
1068 5651 1159 5708 29.
1236 5655 1283 5687 ³⁸
1320 5654 1499 5711 Galat.
1532 5672 1630 5719 ιιι.
1686 5658 1776 5713 16.

520 5721 614 5776 3!.
686 5722 732 5754 ⁶⁰
770 5719 906 5777 Gen.
945 5738 1143 5788 xxvnt,
1181 5724 1270 5780 l5.
1344 5726 1388 5758 “
1426 5726 1562 5784 Gen.
1605 5742 1732 5784 xxxi
1756 5772 1771 5798 ,
1805 5730 1858 5784 5.

1883 5662 1929 5692 "
1968 5660 2100 5718 Gen.
2141 5678 2315 5728 XXXII,
2370 5664 2459 5719 24.

2215 3283 2437 3355 θήσεται
2476 3283 2537 3337 τὸ
2570 3283 2741 3355 ὄνομά
2773 3302 2888 3350 σου,
2922 3285 3037 3339 ἀλλ’
3075 3288 3293 3362 Ἰσραὴλ
3329 3289 3480 3344 ἔσται
3533 3292 3595 3345 τὸ
3626 3294 3807 3364 δνομά

2215 3391 2331 3438 σου,
2362 3374 2444 3427 ὅτι
2474 3374 2764 3446 ἐνίσχυσας
2793 3377 2931 3448 μετὰ
2976 3378 3142 3446 Θεοῦ,
3188 3382 3282 3435 καὶ
3314 3383 3452 3454 μετὰ
3495 3384 3802 3456 ἀνθρώπων

2211 3467 2450 3532 δυνατός.
2471 3488 2488 3521 ι
2516 3470 2626 3523 Καὶ
2657 3466 2813 3536 αὖθις
2841 3471 2959 3543 μετ’
2984 3471 3192 3542 ὀλίγως
3215 3475 3499 3531 Ἐκάλεσεν
3516 3476 3708 3532 Ἰακὼϐ
3734 3481 3802 3533 τὸ

2211 3560 2381 3631 ὄνομα
2405 3560 2498 3614 τοῦ
2536 3562 2702 3617 τόπου
2733 3562 2943 3617 ἐκείνου
2976 3560 3127 3630 Εἶδος
3156 3566 3289 3620 Θεοῦ
3311 3585 3324 3599 ·
3353 3564 3491 3623 εἶδον
3519 3569 3628 3643 γὰρ
3662 3571 3800 3625 θεὸν

2212 3652 2501 3722 πρόσωπον
2536 3653 2670 3726 πρὸς
2706 3653 3013 3727 πρόσωπον,
3046 3655 3138 3710 καὶ
3167 3656 3344 3730 ἐσώθη
3373 3661 3406 3731 η
3437 3659 3580 3732 ψυχή
3615 3679 3735 3731 μου.
3771 3683 3793 3713 ι

2212 3738 2308 3807 Οἷς
2360 3744 2610 3816 ἐπιφέρει
2664 3746 2945 3814 φάσκουσα
3006 3750 3038 3819 ἡ
3092 3750 3314 3820 Γραφὴ,
3346 3769 3364 3801 ι
3413 3752 3674 3804 Ἀνέτειλε
3734 3754 3797 3806 δὲ

2210 3830 2359 3901 αὐτῷ
2391 3832 2542 3902 ἥλιος
2570 3834 2733 3904 ἡνίκα
2779 3836 3020 3908 παρῆλθε
3053 3838 3113 3891 τὸ
3144 3834 3282 3903 εἶδος
3311 3841 3405 3894 τοῦ
3448 3842 3603 3897 Θεοῦ.
3645 3864 3664 3895 ι
3703 3845 3797 3915 Τῷ

2215 3922 2312 3992 μὲν
2358 3922 2607 3994 Ἀϐραὰμ
2645 3926 2882 3997 ἀρχῆθεν
2922 3927 3070 4001 ῦπαρ
3115 3930 3144 3982 ὁ
3183 3932 3387 4003 Κύριος
3435 3934 3792 4006 χρηματίζει,

2210 4016 2304 4069 καὶ
2327 4016 2584 4081 πολλάκις
2614 4019 2714 4090 μὲν
2735 4020 3060 4089 διαλέγεται,
3087 4024 3207 4094 τρὶς
3235 4024 3291 4077 δὲ
3314 4026 3463 4096 αὑτῴ
3489 4029 3580 4080 καὶ
3605 4029 3793 4098 ὀφθεὶς

2210 4108 2641 4181 ἀναγέγραπται,
2673 4113 2767 4166 καὶ
2796 4112 2894 4166 οὐκ
2919 4115 2977 4166 ἐν
3005 4117 3177 4179 νυκτὶ,
3209 4116 3322 4172 ἀλλ’
3351 4120 3409 4172 ἐν
3438 4120 3625 4192 ἡμέρᾳ
3649 4123 3795 4194 μέσῃ

2208 4200 2391 4269 ὀφθείς
2411 4218 2425 4231 ο
2456 4201 2516 4254 τὸ
2548 4203 2677 4272 γοῦν
2702 4204 2883 4276 τρίτον
2908 4206 3002 4260 καὶ
3033 4209 3091 4260 ἐν
3123 4208 3257 4279 αὐτῇ
3295 4211 3609 4284 μεσημϐρίᾳ
3640 4214 3793 4285 αὐτῴ

2209 4291 2581 4359 ἐπιξενοῦται·
2624 4294 2704 4366 τῷ
2753 4295 2810 4350 δὲ
2866 4296 3058 4351 Ἰακὼϐ
3109 4300 3324 4371 πρῶτον
3389 4303 3486 4373 μὲν
3536 4302 3793 4369 δύναντος

2208 4383 2360 4455 ἡλίου
2394 4387 2451 4439 ἐν
2487 4386 2629 4459 μέσῃ
2663 4389 2819 4442 νυκτὶ
2860 4389 2982 4444 καθ’
3029 4391 3231 4457 ὕπνους
3284 4393 3529 4463 φαίνεται
3570 4397 3690 4449 κατ’
3739 4399 3793 4450 εἰ

2210 4475 2318 4547 γὰρ
2348 4476 2631 4550 (κατιόντι)
2666 4482 2746 4545 είς
2777 4481 3227 4554 Μεσοποταμίαν,
3247 4486 3333 4539 ὅτε
3363 4487 3420 4539 ἐν
3452 4487 3529 4558 τῷ
3549 4488 3793 4560 ὁράματι

2208 4567 2490 4641 θεωρήσας
2517 4572 2614 4643 τὴν
2646 4572 3083 4645 οὐρανοκλίμακα
3124 4578 3217 4630 καὶ
3247 4577 3374 4642 τοὺς
3402 4580 3792 4645 ἀναϐαίνοντας

2208 4663 2301 4716 καὶ
2339 4664 2463 4728 τοὺς
2506 4665 2929 4731 καταϐαίνοντας
2979 4669 3037 4720 ἐν
3085 4670 3225 4742 αὐτῇ
3265 4671 3548 4741 ἀγγέλους,
3590 4673 3683 4727 τὸν
3730 4674 3789 4728 δὲ

2208 4754 2409 4826 Κύριον
2451 4758 2913 4830 ἐπεστηριγμένον
2955 4763 3040 4814 ἐπ’
3072 4762 3274 4834 αὐτῆς,
3314 4764 3499 4818 ἀκούει
3536 4765 3788 4836 λέγοντος

2207 4848 2354 4920 αὐτῷ
2384 4850 2478 4904 τοῦ
2512 4852 2741 4922 Κυρίου,
2782 4871 2800 4903 ι
2847 4852 2986 4922 Ἐγὼ
3032 4854 3235 4926 Κύριος
3277 4858 3305 4910 ό
3352 4857 3484 4922 Θεὸς
3535 4853 3786 4930 Ἀϐραὰμ

2207 4938 2300 4992 τοῦ
2327 4941 2532 5013 πατρός
2566 4960 2681 5007 σου,
2722 4962 2740 4995 ι
2771 4943 2956 4998 καὶτὰ
2981 4944 3160 5011 λοιπὰ,
3196 4947 3232 5001 ἃ
3260 4949 3352 5001 καὶ
3383 4948 3491 5002 ἀπὸ
3518 4950 3626 5004 τῶν
3656 4951 3787 5021 ἑξῆς

2208 5031 2532 5102 παρίσταται
2555 5034 2621 5087 δι’
2653 5035 2883 5104 ἀγγέλου
2916 5036 3063 5106 αὐτῷ
3097 5038 3332 5108 εἰρηκώς
3353 5058 3366 5071 ο
3401 5042 3492 5095 καὶ
3532 5042 3785 5115 δεύτερον

2201 5122 2257 5176 δὲ
2279 5124 2336 5176 ἐν
2361 5126 2426 5195 τῇ
2462 5127 2875 5199 Μεσοποταμίᾳ,
2904 5130 2991 5183 ὅτε
3038 5132 3264 5197 ἐπιστὰς
3302 5129 3459 5199 αὖθις
3498 5137 3527 5189 6
3564 5135 3652 5188 διὰ
3686 5137 3781 5189 τοῦ

2202 5215 2622 5286 τετραγράμμου
2645 5217 2802 5290 δηλοὺ
2811 5236 2968 5289 μενος
2993 5220 3195 5293 Κύριος
3220 5222 3371 5278 εἶπεν
3389 5226 3557 5297 αὐτῷ’
3582 5246 3601 5279 ι
3625 5228 3784 5280 Ἀπο-

2202 5309 2433 5381 στρέφου
2472 5312 2552 5374 είς
2583 5311 2683 5383 τὴν
2711 5312 2814 5383 γῆν
2852 5314 2959 5366 τῶν
2996 5316 3248 5387 πατέρων
3298 5335 3391 5372 σου
3434 5322 3528 5375 καὶ
3566 5324 3646 5386 εἰς
3679 5322 3781 5394 τὴν

2200 5401 2393 5467 γενεάν
2424 5404 2644 5466 σου,καὶ
2669 5402 2861 5475 ἔσομαι
2894 5406 3030 5478 μετὰ
3066 5409 3177 5463 σοῦ.
3213 5428 3231 5461 ι
3260 5410 3398 5479 Καθ’
3431 5411 3598 5468 ὕπνον
3629 5414 3781 5485 αὐτῷ

2199 5488 2371 5544 ταῦτα
2394 5491 2488 5544 καὶ
2510 5491 2576 5544 δι’
2600 5492 2831 5561 ἀγγέλου
2856 5495 3107 5567 εἴρηκεν·
3136 5499 3212 5564 ὡς
3252 5501 3308 5555 δὲ
3336 5503 3499 5565 αὐτὸς
3519 5506 3548 5558 ὁ
3585 5504 3779 5559 Ἰακὼϐ

2573 5668 2617 5699 ⁵⁷
2662 5668 2790 5725 ibid.
2850 5670 3032 5729 26-28.
3139 5677 3184 5709 ⁵⁸
3222 5678 3354 5733 ibid.
3404 5681 3493 5739 50.
3556 5684 3599 5719 ⁵⁸
3634 5685 3775 5743 ibid.
