4114 6472
294 413 423 468 nm

1315 394 1617 454 ECLOGAE
1658 389 2143 450 ΡΒΟΡΗΕΤΙΟᾸΞ.
2188 420 2251 429 —-
2290 386 2418 441 ΜΒ.
2452 385 2492 440 1.

3417 371 3571 428 10ιὲ-

285 532 527 587 διδάσκει
558 529 660 583 ἀνα
691 527 850 597 (ἅμα)
883 521 1013 593 γοῦν
1040 525 1106 595 τῇ
1134 522 1255 592 θείᾳ
1282 521 1433 591 φωνῇ
1463 518 1560 590 τὴν
1593 518 1759 571 Λείαν
1788 517 1882 570 καὶ

1992 516 2110 578 bus,
2145 509 2355 564 vocatis
2384 506 2490 560 Deo
2515 503 2742 573 iubente
2768 497 2971 555 Rachel
3001 503 3055 552 ct
3106 493 3226 557 Lia,
3248 491 3438 561 eisque
3472 489 3560 543 in»

284 624 388 695 τὴν
430 620 629 693 Ῥαχὴλ
672 616 1043 681 ἀνακαλέσας,
1093 614 1212 687 μεθ’
1242 613 1408 685 ἕτερα
1446 612 1538 665 τὸν
1585 610 1879 681 γενόμενον

274 714 440 786 αὐτῷ
471 711 854 785 χρηματισμὸν
900 707 1210 763 ἀνατίθεται
1258 706 1447 768 αὐταῖς
1482 702 1678 773 λέγων,
1709 721 1728 754 ι
1771 701 1882 755 Καὶ

283 803 413 865 εἶπέ
441 821 534 879 μοι
574 807 604 859 6
638 803 870 874 ἄγγελος
898 800 993 857 τοῦ
1024 797 1159 854 Θεοῦ
1207 797 1327 853 καθ’
1367 796 1555 862 ῦπνον,
1599 793 1816 853 Ἰακὼϐ,
1856 812 1875 845 ι

287 904 385 958 καὶ
433 902 504 957 τὰ
548 900 695 973 ἑξῆς,
748 899 809 953 ὲν
856 892 936 963 οἷς
990 912 1175 967 φησιν·
1218 914 1237 945 ι
1282 892 1424 962 Ἐγώ
1456 893 1572 963 ειμι
1616 891 1645 942 6
1691 889 1824 953 Θεὸς
1853 891 1883 942 6

284 992 477 1065 ὀφθείς
502 1008 583 1045 σοι
605 992 663 1045 ὲν
687 989 840 1060 τόπῳ
858 989 993 1042 Θεοῦ
1010 1005 1025 1019 ’
1052 978 1113 1040 οῦ
1138 983 1365 1057 ήλειψάς
1395 999 1484 1054 μοι
1511 983 1628 1035 ἐκεῖ
1656 980 1881 1053 στήλην,

287 1087 385 1141 καὶ
412 1084 563 1157 ηὐξω
588 1100 678 1154 μοι
704 1084 824 1136 ἐκεῖ
862 1081 1028 1152 εὐχήν
1047 1097 1062 1113 ·
1091 1078 1187 1134 νῦν
1228 1072 1321 1131 οὖν
1353 1073 1637 1146 ἀνάστηθι,
1674 1074 1768 1127 καὶ
1798 1072 1885 1140 ἐξ·

283 1177 411 1233 ελθε
443 1178 507 1231 ὲκ
531 1176 633 1248 τῆς
663 1175 769 1246 γῆς
800 1173 1027 1245 ταύτης,
1061 1172 1155 1227 καὶ
1185 1169 1385 1226 ἄπελθε
1413 1172 1494 1233 είς
1522 1168 1620 1240 τὴν
1653 1167 1757 1239 γῆν
1784 1166 1883 1237 τῆς

283 1267 553 1339 γενέσεώς
593 1285 707 1322 σου.
748 1285 768 1321 ι
799 1266 954 1321 Μετά
983 1266 1041 1319 δὲ
1089 1264 1261 1318 ταῦτα
1298 1260 1695 1332 ὑποστρέψαντι
1736 1257 1885 1329 αὐτῷ

282 1364 399 1419 ἀπὸ
434 1364 533 1435 τῆς
560 1360 987 1431 Μεσοποταμίας
1028 1359 1243 1430 πρῶτον
1274 1355 1372 1427 μὲν
1403 1354 1507 1426 ήδη
1543 1353 1755 1426 πρωῖας
1793 1348 1886 1403 οὐ·

287 1470 391 1527 σης
426 1455 762 1526 συνήντησαν
806 1453 854 1505 οἱ
904 1450 1123 1520 ἄγγελοι
1174 1447 1268 1503 τοῦ
1295 1447 1454 1511 Θεοῦ,
1489 1446 1618 1519 περὶ
1668 1438 1744 1499 ὦν
1789 1442 1886 1496 καὶ

283 1543 431 1601 εἴπεο
461 1566 478 1598 ι
508 1544 840 1618 Παρεμϐολὴ
861 1542 996 1598 Θεοῦ
1022 1541 1189 1613 αὕτη·
1224 1561 1242 1592 ι
1270 1542 1365 1594 κα“ι
1394 1540 1540 1603 εἰκός
1566 1555 1629 1607 γε
1663 1536 1884 1599 τούτους

282 1640 533 1703 ἐκείνους
560 1633 723 1703 εῖναι,
752 1636 846 1701 οὒς
876 1635 1139 1708 πρότερον
1172 1634 1265 1687 ὲπλ⁵
1293 1633 1392 1703 τῆς
1417 1631 1682 1703 κλίμακος
1708 1629 1883 1700 ἑωρά-

284 1745 407 1782 κει·
450 1721 570 1781 εἶτα
607 1726 665 1780 δὲ
709 1727 808 1780 καὶ
852 1724 1131 1779 ἀνατέλλει
1174 1723 1321 1795 αὐτῷ
1362 1725 1391 1777 6
1432 1720 1691 1792 ἀνωτέρω
1721 1718 1885 1783 δύνας

283 1820 441 1891 ἥλιος
472 1818 611 1892 μετὰ
639 1818 736 1891 τὴν
778 1816 1200 1891 προεκτεθεϊσαν
1243 1815 1570 1888 περικοπὴν,
1602 1815 1660 1866 εν
1758 1810 1885 1881 φαί·

1986 614 2066 662 ter
2135 601 2241 657 alia
2304 596 2650 671 apparitione
2700 608 2823 665 qua!
2880 591 2986 647 sibi
3042 593 3301 650 evenerat
3365 582 3559 637 relata.

1990 715 2008 747 ι
2049 695 2304 764 Dixitque
2335 689 2563 761 angelus
2593 685 2835 747 Domini,
2889 681 3087 752 inquit,
3113 680 3180 733 ad
3203 690 3291 731 me
3331 674 3387 727 in
3415 686 3564 728 som-

1982 790 2089 855 nis,
2116 788 2309 843 dicens
2342 782 2549 840 :Iacob
2577 781 2648 847 ⁶²;
2687 797 2706 832 ι
2739 785 2794 833 et
2842 782 3061 837 caetera,
3108 770 3164 829 in
3206 766 3408 839 quibus
3440 765 3517 817 ait
3546 779 3560 817 :

1988 900 2007 933 ‹
2045 880 2159 952 Ego
2189 893 2310 935 sum
2338 875 2482 931 Deus
2512 874 2666 928 visus
2691 868 2790 927 tibi
2832 868 2889 923 in
2919 869 3039 922 loco
3092 863 3210 927 Dei,
3236 859 3331 914 ubi
3356 855 3561 912 unxisti

1984 972 2242 1045 lapidem,
2273 979 2328 1026 et
2351 979 2537 1024 votum
2562 964 2760 1021 vovisti
2790 961 2946 1017 mihi.
2975 959 3132 1014 Nunc
3155 972 3285 1029 ergo
3315 969 3478 1026 surge
3507 960 3562 1009 et

1983 1064 2243 1137 egredere
2265 1062 2334 1118 de
2358 1070 2504 1117 terra
2537 1059 2672 1122 hac,
2705 1062 2976 1113 revertere
3012 1052 3067 1106 in
3102 1060 3301 1105 terram
3364 1047 3565 1103 nativi-

1983 1158 2117 1215 tatis
2148 1166 2255 1212 tua:
2282 1156 2346 1209 ⁸³.
2388 1174 2407 1208 ι
2446 1153 2578 1208 Post
2605 1152 2724 1207 hac
2752 1164 2883 1205 vero
2916 1144 3213 1202 revertenti
3246 1159 3276 1198 e
3311 1142 3564 1211 Mesopo-

1985 1251 2152 1306 tamia
2179 1248 2358 1320 primo
2380 1260 2540 1302 mane
2560 1243 2777 1300 obviam
2804 1240 3028 1296 fuerunt
3057 1235 3233 1306 angeli
3258 1230 3472 1288 Domini
3498 1230 3566 1285 de

1986 1342 2187 1414 quibus
2212 1348 2267 1395 et
2296 1337 2435 1393 dixit
2470 1352 2483 1389 :
2522 1354 2541 1387 ι
2574 1334 2768 1390 Castra
2797 1331 2894 1387 Dei
2938 1338 3068 1387 sunt
3096 1329 3212 1383 haec
3243 1326 3309 1380 “.
3349 1343 3368 1377 ι
3409 1322 3566 1378 Veri-

1987 1433 2167 1491 simile
2192 1440 2278 1488 est
2304 1428 2407 1487 h'bs
2429 1444 2575 1493 esse,
2607 1441 2748 1497 quos
2775 1425 2931 1496 prius
2984 1435 3150 1491 super
3183 1417 3386 1476 scalam
3416 1414 3566 1470 vide-

1986 1536 2092 1585 rat.
2119 1527 2324 1582 Deinde
2352 1524 2528 1580 oritur
2550 1522 2627 1577 illi
2654 1520 2736 1577 sol
2767 1535 2834 1574 ex
2874 1518 2985 1572 alto
3037 1522 3160 1587 post
3189 1509 3569 1582 supradictum

1988 1623 2191 1683 locum,
2219 1620 2276 1674 in
2309 1632 2420 1689 quo
2444 1615 2660 1672 videtur
2687 1626 2812 1669 cum
2835 1625 2903 1666 eo
2925 1611 3169 1665 luctatus
3198 1621 3295 1678 per
3312 1616 3567 1660 somnum

1986 1714 2082 1785 qui
2110 1712 2176 1768 ad
2207 1726 2333 1767 eum
2355 1709 2494 1764 dixit
2523 1724 2537 1759 :
2581 1725 2600 1757 ι
2635 1704 2992 1775 Nequaquam
3040 1697 3211 1754 Iacob
3264 1692 3570 1768 appellabi-

1989 1814 2079 1860 tur
2119 1817 2321 1859 nomen
2354 1808 2533 1863 tuum,
2586 1796 2684 1854 sed
2732 1794 2924 1860 Israel,
2979 1790 3243 1863 quoniam
3291 1788 3337 1843 si
3372 1793 3567 1842 contra

283 1877 438 1965 πίεται
460 1877 705 1964 παλαίων
732 1877 882 1981 αὐτῷ
907 1908 1029 1962 καθ’
1056 1907 1257 1972 ὕπνους
1279 1877 1517 1980 ἀφήσας.
1537 1906 1675 1977 πρὸς
1698 1877 1881 1959 αὐτόν’

1992 1898 2159 1954 Deum
2185 1895 2345 1951 fortis
2382 1891 2561 1956 fuisti,
2586 1894 2796 1961 quanto
2849 1884 3026 1956 magis
3081 1887 3270 1938 contra
3315 1877 3570 1934 homines

290 2021 315 2055 ι
345 2002 543 2057 Οὐκέτι
580 2001 911 2074 κληθήσεται
951 2000 1012 2055 τὸ
1046 1999 1219 2073 ϐνομά
1256 2016 1348 2053 σου
1384 1998 1598 2063 Ἰακὼϐ,
1622 1998 1738 2053 ἀλλ’
1774 1998 1876 2052 Ἰσ-

285 2094 427 2166 ραὴλ
459 2093 611 2147 ἔσται
654 2093 717 2147 τὸ
756 2092 933 2165 ὄνομά
970 2110 1086 2158 σου,
1129 2093 1212 2147 ὅτι
1244 2092 1530 2164 ἐνίσχυσας
1568 2090 1708 2162 μετὰ
1746 2088 1883 2145 Θεοῦ

285 2185 383 2239 καὶ
413 2183 555 2257 μετά
581 2182 884 2255 ἀνθρώπων
911 2182 1154 2247 δυνατός.
1190 2202 1209 2234 ι
1238 2180 1390 2235 Μετά
1415 2179 1548 2250 γοῦν
1578 2179 1678 2251 τήν
1714 2179 1888 2233 ὀπτα-

287 2277 410 2331 σίαν
433 2276 706 2331 ἀνέτειλεν
742 2275 893 2347 αὐτῷ
925 2278 954 2329 6
981 2275 1161 2347 ἥλιος·
1198 2274 1301 2347 ήδη
1327 2274 1385 2328 δὲ
1420 2270 1753 2346 προκόψαντι
1792 2270 1885 2323 καὶ

285 2370 625 2425 τελειωθέντι
655 2369 839 2424 οὐκέτι
883 2367 1005 2423 καθ’
1038 2367 1261 2431 ὕπνους,
1294 2364 1392 2421 ἀλλ
1407 2351 1567 2418 ”οὐδὲ
1605 2363 1664 2416 ὲν
1703 2361 1880 2427 νυκτὶ,

285 2465 406 2519 οὐδὲ
435 2465 503 2519 δι’
531 2463 787 2533 ἀγγέλου,
808 2463 929 2516 οὐδὲ
969 2461 1076 2535 μὴν
1115 2459 1183 2514 δι’
1217 2457 1560 2531 ἀνθρωπίνου
1601 2455 1797 2519 εἴδους,
1824 2455 1884 2506 ὲν

290 2553 431 2625 μέσῃ
460 2553 516 2608 δὲ
548 2553 735 2626 ήμέρᾳ
778 2554 873 2607 καὶ⁹
919 2552 1059 2621 φωτὶ
1105 2549 1460 2623 χρηματίζων
1507 2546 1657 2619 αὐτῷ
1691 2549 1721 2600 6
1749 2545 1884 2610 Θεός

286 2656 475 2718 φησιν·
521 2664 539 2697 ι
591 2645 876 2709 Ἀναστὰς,
910 2642 1144 2715 ἀνάϐηθι
1192 2644 1272 2706 είς
1317 2641 1410 2696 τὸν
1447 2640 1615 2694 τόπον
1659 2636 1883 2720 Βαιθήλ,

285 2739 383 2792 καὶ
412 2737 553 2791 οῐκει
581 2738 726 2791 ἐκεῖ·
767 2756 788 2791 ι
824 2737 917 2791 καὶ
951 2736 1045 2791 ἐπὶ
1075 2734 1289 2798 τούτοις
1332 2735 1468 2788 πᾶσι
1505 2732 1627 2787 τότε
1669 2730 1884 2803 πρῶτον

284 2834 319 2903 ή
353 2831 475 2885 θεία
501 2828 696 2904 Γραφὴ
742 2833 1015 2903 μαρτυρεῖ
1058 2830 1139 2884 ὅτι
1181 2828 1338 2900 ὤφθη
1383 2826 1535 2898 αὐτῷ
1577 2827 1607 2879 6
1651 2824 1784 2887 Θεὸς
1824 2825 1885 2877 ὲν

172 2983 176 2987 1
285 2924 487 2990 Λουζᾶ,
517 2926 613 2978 καὶ
658 2922 952 2994 εὐλόγησεν
995 2916 1156 2977 αὐτὸν
1199 2920 1376 2989 λέγων
1417 2917 1488 2973 τὰ
1530 2920 1884 2988 ἀναγεγραμ-

290 3017 453 3087 μένα.
490 3013 551 3088 (f.
568 3014 658 3088 11)
675 3015 992 3087 Ζητήσομεν
1011 3012 1055 3067 δ’
1076 3013 1169 3067 ἐπὶ
1189 3011 1381 3085 σχολῆς
1404 3010 1524 3075 πῶς
1550 3009 1687 3082 μετὰ
1712 3008 1887 3065 ταῦτα

290 3107 538 3179 μέλλοντι
566 3107 715 3179 αὐτῷ
747 3106 993 3161 κατιέναι
1028 3107 1117 3170 ἐίς
1157 3105 1431 3174 Αἴγυπτον
1463 3101 1625 3156 πάλιν
1666 3103 1725 3155 ὲν
1752 3100 1885 3173 ὁρά-

292 3219 426 3273 ματι
454 3203 550 3255 καὶ
577 3199 665 3255 διά
692 3198 885 3262 νυκτὸς
921 3200 949 3253 6
986 3197 1120 3262 Θεὸς
1151 3192 1321 3250 εἶπεν*
1351 3215 1370 3247 ι
1400 3195 1493 3265 Μή
1528 3191 1693 3266 φοϐοῦ
1720 3210 1887 3247 κατα-

1988 1987 2309 2063 praavalebis
2330 1986 2416 2040 “l
2463 2004 2482 2037 ι
2537 1982 2671 2040 Post
2718 1980 2888 2053 igitur
2925 1977 3213 2036 visionem,
3263 1970 3449 2028 statim
3486 1968 3571 2024 sol

1990 2061 2145 2139 ortus
2183 2088 2271 2139 est
2316 2080 2389 2136 ei.
2452 2077 2753 2147 Postquam
2792 2079 2975 2127 autem
3028 2065 3344 2141 profecerit,
3384 2061 3569 2135 perfe-

1990 2182 2223 2246 ctasque
2247 2171 2436 2236 fuerit,
2467 2169 2583 2240 jam
2602 2181 2715 2223 non
2763 2166 2820 2221 in
2856 2162 3090 2225 somnis,
3153 2172 3333 2229 neque
3380 2162 3570 2218 noctu,

1990 2245 2168 2340 neque
2197 2280 2296 2337 per
2325 2263 2602 2336 angelum,
2633 2272 2812 2331 neque
2846 2255 2952 2313 sub
2966 2253 3152 2326 specie
3178 2251 3441 2340 humana,
3472 2245 3573 2305 sed

1989 2362 2061 2423 in
2079 2338 2262 2416 medio
2281 2357 2393 2424 die,
2423 2357 2546 2430 luce
2580 2354 2637 2409 in
2661 2350 2843 2407 media
2859 2387 2876 2416 ,
2905 2346 3052 2404 Deus
3097 2345 3217 2415 ipse
3240 2338 3569 2397 manifesta-

1991 2462 2083 2508 tur
2111 2452 2184 2517 ei,
2215 2451 2443 2506 dicens:
2484 2466 2504 2500 ‹
2541 2444 2738 2518 Surge,
2770 2450 2827 2500 et
2855 2438 3090 2497 ascende
3110 2435 3317 2499 Bethel,
3341 2440 3397 2489 et
3420 2431 3575 2487 habi-

1994 2559 2049 2605 ta
2084 2548 2159 2603 ibi
2189 2546 2255 2602 “.
2294 2564 2316 2599 ι
2353 2545 2533 2615 Atque
2562 2548 2688 2614 post
2742 2539 2860 2594 haec
2890 2535 3097 2599 omnia,
3147 2539 3279 2587 tunc
3335 2528 3573 2600 primum

1992 2640 2176 2696 divina
2199 2636 2484 2707 Scriptura
2515 2639 2751 2689 testatur
2777 2628 2884 2699 ipsi
2915 2625 3087 2681 Deum
3117 2621 3294 2678 visum
3324 2617 3496 2674 fuisse
3518 2616 3573 2670 in

1993 2733 2161 2800 Luna,
2191 2730 2287 2803 qui
2313 2736 2369 2786 et
2401 2724 2679 2783 benedixit
2706 2723 2809 2787 illi,
2827 2720 3073 2790 dixitque
3092 2731 3156 2772 ea
3177 2727 3300 2786 quae
3320 2712 3574 2768 referun-

1994 2838 2103 2883 tur.
2162 2824 2484 2892 Quaeremus
2516 2827 2700 2875 autem
2756 2814 2934 2871 otiose
2988 2809 3264 2883 quomodo
3314 2806 3573 2874 deinceps

1993 2921 2065 2983 ei,
2102 2933 2228 2974 cum
2261 2916 2319 2972 in
2339 2913 2638 2986 Egyptum
2688 2907 3021 2966 descendere
3078 2907 3319 2976 pararet,
3376 2910 3573 2952 rursus

1995 3013 2053 3068 in
2079 3010 2292 3068 visione
2312 3016 2585 3064 nocturna
2612 3002 2759 3059 Deus
2773 2999 2971 3058 dixerit
3001 3014 3056 3052 τι
3090 2994 3213 3051 Noli
3232 2993 3450 3058 timere,
3473 2990 3573 3046 de-

1996 3104 2199 3162 scende
2236 3103 2294 3159 in
2343 3098 2637 3172 Egyptum
2681 3097 2744 3150 ⁸⁷.
2803 3114 2823 3148 ι
2865 3092 2992 3149 Haec
3050 3089 3214 3146 nobis
3255 3083 3575 3143 necessario

1996 3193 2403 3269 perpendenda.
2432 3190 2741 3248 Ostendunt
2773 3186 2917 3243 enim
2943 3183 3087 3257 quod
3129 3197 3240 3238 non
3264 3179 3443 3245 facile,
3475 3191 3576 3232 nec

289 3294 454 3368 ϐῆναι
482 3296 563 3359 είς
593 3292 888 3363 Αἴγυπτον.
933 3311 952 3345 ι
979 3290 1168 3346 Ταῦτα
1196 3291 1253 3344 δὲ
1281 3292 1411 3363 ήμίν
1442 3288 1755 3357 ἀναγκαίως
1789 3305 1887 3341 πα-

1995 3285 2171 3344 cuivis
2202 3283 2486 3340 hominum
2515 3280 2685 3337 Deum
2729 3280 2907 3335 visum
2945 3274 3119 3331 fuisse
3166 3272 3352 3328 divina
3384 3272 3574 3324 narrat

292 3386 633 3458 ρατέθειται·
669 3385 940 3440 δείκνυσιν
966 3385 1074 3455 γάρ
1102 3384 1183 3438 ὅτι
1236 3383 1312 3455 μὴ
1339 3381 1581 3454 εὐχερῶς
1640 3379 1763 3451 μηδ’
1797 3379 1893 3434 ἐπὶ

288 3479 402 3535 τῶν
427 3478 700 3551 τυχόντων
728 3477 940 3550 ἀνδρῶν
970 3479 1004 3548 ή
1042 3476 1162 3530 θεία
1193 3474 1384 3546 Γραφὴ
1420 3472 1511 3527 τὸν
1540 3473 1674 3527 Θεὸν
1709 3467 1892 3541 ὦφθαι

293 3571 532 3645 ίστορεῖ²
569 3569 681 3625 οὐτ’
714 3564 809 3624 οὖν
842 3554 937 3623 ἐπί
975 3567 1069 3621 τοῦ
1108 3566 1299 3638 ’Λδὰμ,
1331 3564 1442 3620 οὐτ’
1471 3565 1565 3619 ἐπὶ
1603 3563 1699 3619 τοῦ
1729 3580 1894 3635 μετα-

291 3663 544 3728 τεθέντος
581 3661 770 3733 Ἑνὼχ,
809 3662 926 3717 ἀλλ’
951 3660 1060 3715 οὐδ’
1097 3659 1191 3713 ἐπὶ
1228 3657 1323 3713 τοῦ
1366 3656 1512 3721 Νῶε,
1542 3656 1650 3711 οὐδ’
1679 3658 1767 3709 ἐπ’
1796 3654 1895 3708 αὐ-

290 3754 391 3811 τοῦ
414 3755 697 3819 Μωῦσέως
720 3755 1017 3826 τετήρηται
1042 3752 1124 3806 ὅτι
1146 3749 1305 3823 ὤφθη
1317 3751 1425 3805 τινὶ
1440 3748 1648 3804 τούτων
1676 3750 1705 3802 6
1736 3749 1890 3814 Θεὸς,

294 3847 539 3916 καίτοιγε
586 3846 847 3910 πολλάκις
901 3846 1085 3909 αὐτοῖς
1125 3843 1415 3914 διειλέχθαι
1462 3841 1893 3914 ἀναγεγραμμέ-

295 3956 418 4004 νος·
450 3939 564 3994 ἀλλ’
591 3939 701 3994 οὐδ’
752 3938 846 3993 ἐπὶ
886 3938 1005 4002 ἑνός
1050 3954 1115 4006 γε
1154 3936 1314 3993 ἀλλον
1347 3939 1375 3991 6
1409 3936 1553 4000 θεῖος
1596 3935 1769 4004 Λόγος
1802 3933 1895 3988 τὸν

294 4033 430 4088 Θεὸν
470 4026 650 4102 ὦφθαι
704 4030 934 4100 εἰσάγει,
969 4030 1123 4102 qm
1172 4031 1333 4102 μόνου
1376 4029 1473 4084 τοῦ
1515 4027 1766 4101 Ἤϐραάμ
1798 4026 1896 4080 καὶ

297 4124 392 4179 τοῦ
420 4125 609 4179 Ἰσαὰκ
634 4125 729 4179 καὶ
757 4123 851 4178 τοῦ
883 4121 1075 4177 Ἰακώϐ
1095 4138 1110 4152 ⁸
1142 4123 1237 4177 καὶ
1263 4121 1356 4176 ἐπὶ
1384 4122 1484 4194 μὲν
1513 4120 1609 4174 τοῦ
1642 4119 1895 4193 Ἀϐραὰμ

297 4220 360 4273 οὐ
390 4216 532 4272 κατά
571 4217 663 4271 τὸν
706 4217 922 4291 πρῶτον
954 4216 1104 4288 αὐτῷ
1128 4217 1509 4289 χρηματισμὸν
1542 4215 1721 4288 ὤφθη,
1756 4215 1894 4271 ἀλλά

298 4310 441 4366 κατά
467 4309 560 4364 τὸν
586 4308 835 4383 δεύτερον
881 4311 975 4364 καὶ⁸
1004 4309 1147 4364 κατά
1178 4308 1270 4363 τὸν
1301 4309 1546 4380 πέμπτον
1578 4308 1673 4362 καὶ
1700 4308 1890 4362 ’ἑκτον⁸

301 4403 396 4457 ἐπὶ
430 4401 489 4457 δὲ
526 4402 621 4457 τοῦ
671 4400 864 4457 Ἰακὼϐ
896 4401 1033 4473 μετά
1069 4401 1138 4455 τά
1174 4401 1640 4475 ἀναγεγραμμένα
1681 4404 1890 4458 πάντασ

301 4493 380 4566 τῷ
414 4493 526 4565 γὰρ
559 4494 749 4549 Ἰσαὰκ
786 4494 867 4559 δὶς
919 4495 1078 4565 μόνος
1120 4494 1467 4568 χρηματίσας
1510 4495 1538 4548 6
1577 4494 1783 4567 Κύριος
1830 4494 1892 4548 τὸ

300 4587 382 4651 δὶς
412 4580 592 4657 ὦφθαι
622 4584 775 4657 αὐτῷ
799 4586 1231 4659 ἀναγέγραπται,
1266 4588 1315 4641 εἰ
1348 4588 1443 4641 καὶ
1466 4586 1527 4640 τὸ
1551 4586 1801 4659 δεύτερον
1832 4586 1891 4641 ὲν

302 4678 479 4732 νυκτί.
504 4677 776 4751 Πρόδηλον
798 4677 855 4734 δὲ
881 4679 990 4732 ἀπὸ
1022 4678 1132 4733 τῶν
1167 4679 1309 4735 κατὰ
1338 4680 1430 4733 τὸν
1466 4679 1717 4751 Ἀϐραὰμ
1751 4696 1888 4753 προ-

302 4768 608 4843 ειρημένων
640 4770 790 4843 ἡμῖν,
812 4770 895 4824 ὅτι
925 4770 998 4842 μὴ
1031 4772 1125 4825 ἐπὶ
1151 4772 1214 4826 τὸ
1248 4771 1463 4844 πρῶτον
1489 4774 1660 4827 αἴτιον
1687 4771 1888 4843 ἀναφέ-

306 4879 422 4934 ρειν
456 4861 561 4935 χρὴ
584 4860 681 4925 τὰς
705 4862 989 4927 ὀπτασίας,
1032 4862 1149 4917 ἀλλ’
1179 4864 1272 4917 ὲπὶ
1314 4863 1404 4917 τὸν
1434 4863 1577 4919 θεῖον
1612 4865 1805 4933 Λόγον,
1829 4863 1889 4918 ὃν

304 4953 427 5008 οὐδὲ
459 4953 621 5008 αὐτόν
649 4953 846 5025 (αὐτοί)
882 4971 969 5008 πω
1001 4957 1199 5026 χωρεῖν
1230 4948 1415 5009 οἷοίτε
1452 4951 1593 5027 ἦσαν
1627 4958 1675 5009 οί
1712 4956 1889 5028 μακά-

307 5063 413 5119 ριοι
448 5046 545 5098 καί
583 5045 716 5099 θεῖοι
749 5046 966 5119 ἄνδρες·
1003 5046 1216 5111 τούτοις
1265 5045 1395 5115 γοῦν
1442 5048 1647 5112 αὐτοῖς,
1681 5042 1761 5112 οἷς
1794 5051 1889 5101 καὶ

302 5130 485 5208 ὦφθαι
545 5138 904 5210 προείρηται,
957 5139 1095 5211 μετά
1153 5139 1411 5205 πλείστας
1474 5140 1894 5213 προγυμνασίας

307 5230 534 5301 ἑωρᾶτο.
569 5228 665 5295 Τίς
699 5230 763 5303 δὴ
796 5230 905 5305 (ἂν)
949 5227 1040 5286 οῦν
1087 5231 1245 5296 ἄλλος
1275 5233 1360 5303 εἴη
1409 5232 1504 5286 καὶ
1545 5234 1573 5286 6
1616 5230 1758 5285 κατά
1794 5232 1894 5303 τὴν

307 5321 679 5394 προκειμένην
714 5323 1019 5396 περικοπὴν
1068 5323 1427 5395 συμπαλαίων
1471 5336 1565 5377 και
1600 5341 1896 5392 συναγωνι-

308 5412 535 5483 ζόμενος
577 5414 672 5467 καὶ
710 5414 949 5487 ὡσπερεὶ
990 5416 1293 5488 συμμαχῶν
1324 5415 1401 5486 τῷ
1439 5414 1655 5480 Ἰακὼϐ,
1684 5415 1715 5485 ἥ
1741 5416 1769 5468 6
1800 5434 1894 5469 πο⁴

310 5502 563 5576 λυμερῶς
610 5506 704 5560 καὶ
749 5507 1100 5579 πολυτρόπως
1144 5511 1257 5573 τοῖς
1306 5509 1543 5580 πατράσι
1590 5508 1825 5581 λαλήσας
1865 5509 1896 5560 ὁ

314 5595 457 5666 ἱερὸς
487 5597 581 5651 τοῦ
613 5597 750 5653 Θεοῦ
787 5600 979 5669 Λόγος,
1012 5601 1170 5671 μόνος
1210 5600 1346 5667 μετά
1386 5603 1478 5655 τὸν
1518 5600 1735 5673 Πατέρα
1776 5600 1894 5656 Κύ-

388 5780 432 5811 ⁶²
472 5777 607 5834 Gen.
632 5793 784 5843 xxxi,
820 5779 878 5835 lt

320 5849 368 5880 ⁸³
405 5846 569 5905 Hebr.
607 5865 660 5916 ι,
698 5848 750 5904 1.

1997 3377 2304 3449 Scriptura.
2367 3372 2555 3444 Neque
2585 3372 2731 3429 enim
2760 3368 2992 3436 Adamo,
3030 3381 3209 3437 neque
3250 3362 3438 3419 Enoch
3469 3360 3569 3424 illi,

1992 3471 2088 3544 qui
2138 3469 2439 3526 translatus
2481 3475 2586 3532 est,
2645 3480 2822 3536 neque
2848 3463 2984 3526 Noe,
3027 3474 3205 3531 neque
3237 3457 3343 3529 ipsi
3397 3453 3573 3527 Moysi

1995 3566 2170 3622 fertur
2185 3562 2507 3635 apparuisse
2528 3559 2696 3624 Deus,
2723 3558 2828 3614 etsi
2847 3555 3048 3626 sapius
3069 3554 3152 3609 eis
3180 3552 3575 3607 locutumesse

1994 3662 2246 3713 narrant.
2277 3654 2355 3712 De
2394 3654 2547 3710 nullo
2579 3652 2724 3709 enim
2756 3649 2976 3706 divinus
3007 3660 3190 3703 sermo
3236 3643 3416 3699 visum
3451 3656 3576 3698 esse

1995 3748 2168 3806 Deum
2196 3746 2389 3813 refert,
2425 3745 2535 3802 nisi
2562 3742 2631 3799 de
2682 3743 2802 3799 solo
2822 3740 3157 3802 Abrahamo,
3189 3744 3246 3794 et
3276 3734 3487 3795 lsaaco,
3518 3739 3575 3788 et

1994 3838 2219 3895 Iacobo.
2250 3837 2564 3893 Abrahamo
2597 3834 2815 3904 quidem
2848 3847 2960 3887 non
3020 3830 3077 3884 in
3125 3832 3300 3900 prima
3341 3824 3576 3882 manife-

1998 3932 2240 3988 statione
2260 3930 2413 3986 visus
2442 3935 2548 3991 est,
2579 3925 2673 3983 sed
2707 3922 2966 3988 secunda,
2997 3920 3187 3992 quinta
3205 3926 3257 3975 et
3273 3924 3426 3977 sexta
3446 3936 3461 3985 ;
3483 3914 3577 3971 Ja-

1995 4025 2133 4080 cobo
2168 4031 2350 4078 autem
2382 4022 2436 4076 in
2483 4018 2740 4077 omnibus
2768 4031 2890 4089 qua:
2944 4019 3350 4081 memorantur;
3383 4009 3574 4068 lsaaco

1994 4118 2082 4175 bis
2112 4124 2325 4172 tantum
2382 4112 2647 4170 Dominus
2697 4107 3109 4172 manifestatus,
3159 4105 3246 4161 bis
3287 4104 3442 4160 visus
3490 4103 3573 4158 di-

1996 4211 2162 4275 citur,
2212 4216 2267 4266 et
2299 4206 2599 4265 secundum
2634 4204 2853 4276 quidem
2884 4207 3071 4257 noctu.
3111 4195 3458 4253 Manifestum
3488 4202 3575 4249 cst

1997 4305 2067 4360 iis
2089 4318 2213 4375 quae
2240 4302 2353 4374 jam
2383 4301 2452 4357 de
2479 4298 2792 4354 Abrahamo
2842 4294 3105 4356 diximus,
3156 4287 3304 4361 quod
3337 4303 3445 4343 non
3503 4284 3575 4341 ad

1996 4400 2228 4471 primam
2281 4410 2504 4452 causam
2552 4392 2796 4448 visiones
2825 4396 2957 4445 sunt
3000 4383 3324 4448 referendae,
3379 4379 3475 4436 sed
3504 4377 3576 4434 ad

1995 4493 2244 4549 divinum
2266 4489 2530 4556 Verbum,
2569 4486 2713 4557 quod
2736 4485 2988 4555 accipere
3030 4479 3273 4535 nondum
3317 4475 3575 4530 valebant

1995 4583 2142 4640 beati
2170 4580 2453 4650 divinique
2475 4578 2745 4633 homines.
2785 4573 2884 4630 His
2909 4571 3078 4644 igitur
3107 4569 3267 4641 ipsis,
3293 4566 3497 4639 quibus
3520 4572 3577 4619 et

1994 4675 2151 4731 visus
2208 4673 2379 4728 fuisse
2412 4670 2595 4726 dictus
2636 4674 2745 4735 est,
2791 4681 2902 4722 non
2934 4667 3056 4721 sine
3085 4663 3259 4717 multa
3298 4657 3569 4715 exercita-

1997 4769 2147 4824 tione
2196 4763 2588 4838 praeparatoria
2638 4759 3022 4816 manifestatus
3075 4763 3180 4812 est.
3215 4752 3351 4820 Quis
3408 4752 3577 4823 igitur

1998 4861 2139 4915 alius
2171 4874 2294 4916 esse
2324 4865 2532 4929 posset,
2563 4854 2657 4927 qui
2680 4854 2783 4910 hoc
2832 4851 2888 4907 in
2912 4851 3035 4906 loco
3064 4849 3395 4904 colluctatur
3443 4859 3573 4899 cum

1995 4951 2202 5008 Iacobo
2229 4952 2390 5022 quasi
2425 4949 2628 5004 athleta
2655 4955 2711 5003 et
2760 4951 3052 5018 pugnator,
3081 4944 3188 4999 nisi
3221 4941 3451 5013 hicipse
3477 4939 3574 5011 qui

1999 5045 2278 5101 multoties
2300 5044 2589 5113 etfdivcrsa
2616 5042 2829 5095 ratione
2858 5039 3103 5109 patribus
3120 5035 3329 5092 nostris
3351 5036 3581 5105 locutus

1999 5146 2084 5195 est
2119 5138 2189 5204 ⁵⁸,
2253 5146 2506 5194 sanctum
2552 5134 2648 5189 Dei
2696 5132 2958 5197 Verbum,
3005 5131 3157 5188 solus
3190 5136 3316 5203 post
3359 5128 3576 5182 Patrem

1998 5232 2268 5288 Dominus
2298 5237 2352 5287 et
2392 5229 2559 5293 Deus,
2595 5227 2689 5299 qui
2711 5227 2866 5283 visus
2913 5233 2968 5280 et
2995 5221 3331 5279 benedicens
3371 5217 3577 5273 Iacobo

1998 5324 2167 5380 Israel
2186 5338 2310 5378 eum
2335 5319 2657 5383 nominavit,
2679 5318 2888 5373 addens
2915 5332 2927 5367 :
2965 5334 2984 5368 ι
3006 5314 3213 5371 Contra
3246 5311 3416 5366 Deum
3467 5309 3579 5364 for—

1999 5415 2071 5471 tis
2097 5414 2244 5470 fuisti
2263 5414 2288 5467 ’ί
2313 5432 2331 5465 ι
2365 5411 2445 5467 Eo
2474 5417 2656 5465 autem
2687 5406 2851 5463 modo
2882 5405 3142 5461 videbant
3189 5402 3363 5459 divini
3394 5400 3576 5456 nomi-

1999 5523 2100 5564 nes
2125 5506 2220 5562 Dei
2248 5492 2512 5569 Verbum,
2536 5518 2647 5573 quo
2697 5508 2751 5555 et
2780 5498 3082 5554 Salvatoris
3111 5496 3289 5554 nostri
3317 5493 3575 5566 apostoli,

1999 5600 2284 5656 dicentes:
2329 5616 2348 5649 ι
2386 5594 2544 5663 Quod
2581 5593 2683 5649 fuit
2709 5592 2777 5647 ab
2810 5590 2992 5658 initio,
3041 5588 3189 5662 quod
3237 5586 3572 5649 audivimus,

982 5780 1028 5814 ⁵³
1068 5779 1197 5835 ibid.
1274 5781 1355 5837 13.
1436 5783 1482 5815 ⁸⁵
1520 5781 1653 5837 Gen.
1722 5795 1870 5836 xxxu

1992 5820 2000 5835 .
2080 5780 2124 5812 ⁸⁸
2162 5777 2294 5833 ibid.
2326 5776 2419 5834 28.
2496 5774 2540 5808 ⁶⁶
2579 5773 2713 5830 Gen.
2744 5787 2910 5838 xxxv,
2952 5773 3001 5831 1.
3080 5773 3124 5806 ⁸⁷
3164 5769 3303 5827 Gen.
3332 5777 3481 5830 mn,
3515 5760 3573 5817 5.
