  <div class='ocr_page' id='page_1' title='image "/cluster/home/n/w/nwhite01/storage/ocr_20150623/22/hvd.32044073501140/529.png"; bbox 0 0 4114 6472; ppageno 0'>
   <div class='ocr_carea' id='block_1_1' title="bbox 551 446 690 503">
    <p class='ocr_par' dir='ltr' id='par_1_1' title="bbox 551 446 690 503">
     <span class='ocr_line' id='line_1_1' title="bbox 551 446 690 503; baseline 0 -1"><span class='ocrx_word' id='word_1_1' title='bbox 551 446 690 503; x_wconf 62' lang='grc'><strong>1043</strong></span> 
     </span>
    </p>
   </div>
   <div class='ocr_carea' id='block_1_2' title="bbox 1248 415 3079 510">
    <p class='ocr_par' dir='ltr' id='par_1_2' title="bbox 1248 415 3079 510">
     <span class='ocr_line' id='line_1_2' title="bbox 1248 415 3079 510; baseline -0.013 -17"><span class='ocrx_word' id='word_1_2' title='bbox 1248 435 1530 510; x_wconf 73' lang='grc' dir='ltr'><strong>[ΕΠΒΕΒΠ</strong></span> <span class='ocrx_word' id='word_1_3' title='bbox 1569 432 2044 492; x_wconf 72' lang='grc' dir='ltr'><strong>ΟᾹΞΞΑΒΙΕΝΞΙΞ</strong></span> <span class='ocrx_word' id='word_1_4' title='bbox 2083 415 2234 490; x_wconf 66' lang='lat' dir='ltr'><strong>OI’P.</strong></span> <span class='ocrx_word' id='word_1_5' title='bbox 2276 427 2457 485; x_wconf 76' lang='lat' dir='ltr'><strong>PARS</strong></span> <span class='ocrx_word' id='word_1_6' title='bbox 2498 417 3079 480; x_wconf 81' lang='lat' dir='ltr'><strong>[IL—EXEGETICA.</strong></span> 
     </span>
    </p>
   </div>
   <div class='ocr_carea' id='block_1_3' title="bbox 3651 401 3806 461">
    <p class='ocr_par' dir='ltr' id='par_1_3' title="bbox 3651 401 3806 461">
     <span class='ocr_line' id='line_1_3' title="bbox 3651 401 3806 461; baseline -0.006 -3"><span class='ocrx_word' id='word_1_7' title='bbox 3651 401 3806 461; x_wconf 67' lang='grc' dir='ltr'>ιοη</span> 
     </span>
    </p>
   </div>
   <div class='ocr_carea' id='block_1_4' title="bbox 549 526 2128 634">
    <p class='ocr_par' dir='ltr' id='par_1_4' title="bbox 549 555 2109 634">
     <span class='ocr_line' id='line_1_4' title="bbox 549 555 2109 634; baseline -0.006 -17"><span class='ocrx_word' id='word_1_8' title='bbox 549 562 694 634; x_wconf 92' lang='lat' dir='ltr'><strong>quod</strong></span> <span class='ocrx_word' id='word_1_9' title='bbox 753 561 982 617; x_wconf 84' lang='lat' dir='ltr'><strong>vidimus</strong></span> <span class='ocrx_word' id='word_1_10' title='bbox 1031 557 1207 614; x_wconf 90' lang='lat' dir='ltr'><strong>oculis</strong></span> <span class='ocrx_word' id='word_1_11' title='bbox 1257 557 1482 624; x_wconf 81' lang='lat' dir='ltr'><strong>nostris,</strong></span> <span class='ocrx_word' id='word_1_12' title='bbox 1535 556 1679 628; x_wconf 87' lang='lat' dir='ltr'><strong>quod</strong></span> <span class='ocrx_word' id='word_1_13' title='bbox 1709 555 2109 626; x_wconf 81' lang='lat' dir='ltr'><strong>perspeximus,</strong></span> 
     </span>
    </p>
   </div>
   <div class='ocr_carea' id='block_1_5' title="bbox 2233 526 3800 634">
    <p class='ocr_par' dir='ltr' id='par_1_5' title="bbox 2233 526 3800 634">
     <span class='ocr_line' id='line_1_5' title="bbox 2233 526 3800 634; baseline -0.017 -31"><span class='ocrx_word' id='word_1_14' title='bbox 2233 569 2330 614; x_wconf 80' lang='grc' dir='ltr'>&gt;ιος</span> <span class='ocrx_word' id='word_1_15' title='bbox 2357 550 2451 604; x_wconf 68' lang='grc' dir='ltr'><strong>καὶ</strong></span> <span class='ocrx_word' id='word_1_16' title='bbox 2474 547 2606 610; x_wconf 85' lang='grc' dir='ltr'><strong>Θεὸς</strong></span> <span class='ocrx_word' id='word_1_17' title='bbox 2638 541 3011 616; x_wconf 78' lang='grc' dir='ltr'><strong>χρηματίζων,</strong></span> <span class='ocrx_word' id='word_1_18' title='bbox 3037 538 3094 600; x_wconf 83' lang='grc' dir='ltr'>ὃς</span> <span class='ocrx_word' id='word_1_19' title='bbox 3119 535 3212 590; x_wconf 75' lang='grc' dir='ltr'>καὶ</span> <span class='ocrx_word' id='word_1_20' title='bbox 3243 531 3539 602; x_wconf 75' lang='grc' dir='ltr'><strong>εὐλογήσας</strong></span> <span class='ocrx_word' id='word_1_21' title='bbox 3575 526 3668 579; x_wconf 76' lang='grc' dir='ltr'><strong>τὸν</strong></span> <span class='ocrx_word' id='word_1_22' title='bbox 3684 527 3800 634; x_wconf 56' lang='lat' dir='ltr'><strong>la-</strong></span> 
     </span>
    </p>
   </div>
   <div class='ocr_carea' id='block_1_6' title="bbox 547 647 2116 711">
    <p class='ocr_par' dir='ltr' id='par_1_6' title="bbox 547 647 2116 711">
     <span class='ocr_line' id='line_1_6' title="bbox 547 647 2116 711; baseline -0.008 0"><span class='ocrx_word' id='word_1_23' title='bbox 547 666 602 711; x_wconf 92' lang='lat' dir='ltr'><strong>et</strong></span> <span class='ocrx_word' id='word_1_24' title='bbox 655 670 848 710; x_wconf 90' lang='lat' dir='ltr'><strong>manus</strong></span> <span class='ocrx_word' id='word_1_25' title='bbox 905 661 1106 709; x_wconf 63' lang='lat' dir='ltr'><strong>nostrae</strong></span> <span class='ocrx_word' id='word_1_26' title='bbox 1163 658 1642 708; x_wconf 88' lang='lat' dir='ltr'><strong>contrectaverunt</strong></span> <span class='ocrx_word' id='word_1_27' title='bbox 1707 648 1774 702; x_wconf 90' lang='lat' dir='ltr'><strong>de</strong></span> <span class='ocrx_word' id='word_1_28' title='bbox 1823 647 1989 702; x_wconf 92' lang='lat' dir='ltr'><strong>verbo</strong></span> <span class='ocrx_word' id='word_1_29' title='bbox 2033 647 2116 699; x_wconf 80' lang='lat' dir='ltr'><strong>vi-</strong></span> 
     </span>
    </p>
   </div>
   <div class='ocr_carea' id='block_1_7' title="bbox 546 737 2115 812">
    <p class='ocr_par' dir='ltr' id='par_1_7' title="bbox 546 737 2115 812">
     <span class='ocr_line' id='line_1_7' title="bbox 546 737 2115 812; baseline -0.008 -10"><span class='ocrx_word' id='word_1_30' title='bbox 546 756 618 802; x_wconf 70' lang='lat' dir='ltr'><strong>tae</strong></span> <span class='ocrx_word' id='word_1_31' title='bbox 646 748 710 799; x_wconf 76' lang='lat'><strong>&quot;.</strong></span> <span class='ocrx_word' id='word_1_32' title='bbox 743 766 762 801; x_wconf 73' lang='grc' dir='ltr'><strong>ι</strong></span> <span class='ocrx_word' id='word_1_33' title='bbox 820 746 970 812; x_wconf 83' lang='lat' dir='ltr'><strong>Quod</strong></span> <span class='ocrx_word' id='word_1_34' title='bbox 1003 745 1241 801; x_wconf 85' lang='lat' dir='ltr'><strong>Verbum</strong></span> <span class='ocrx_word' id='word_1_35' title='bbox 1270 751 1324 799; x_wconf 91' lang='lat' dir='ltr'><strong>et</strong></span> <span class='ocrx_word' id='word_1_36' title='bbox 1357 743 1523 797; x_wconf 89' lang='lat' dir='ltr'><strong>vitam</strong></span> <span class='ocrx_word' id='word_1_37' title='bbox 1574 755 1699 795; x_wconf 92' lang='lat' dir='ltr'><strong>cum</strong></span> <span class='ocrx_word' id='word_1_38' title='bbox 1740 737 2115 808; x_wconf 76' lang='lat' dir='ltr'><strong>conspexisset</strong></span> 
     </span>
    </p>
   </div>
   <div class='ocr_carea' id='block_1_8' title="bbox 545 829 2113 904">
    <p class='ocr_par' dir='ltr' id='par_1_8' title="bbox 545 829 2113 904">
     <span class='ocr_line' id='line_1_8' title="bbox 545 829 2113 904; baseline -0.01 -7"><span class='ocrx_word' id='word_1_39' title='bbox 545 837 806 904; x_wconf 78' lang='lat' dir='ltr'><strong>Iacobus,</strong></span> <span class='ocrx_word' id='word_1_40' title='bbox 835 841 1008 894; x_wconf 76' lang='lat' dir='ltr'><strong>dixit:</strong></span> <span class='ocrx_word' id='word_1_41' title='bbox 1047 859 1065 891; x_wconf 79' lang='grc' dir='ltr'><strong>ι</strong></span> <span class='ocrx_word' id='word_1_42' title='bbox 1105 837 1226 892; x_wconf 80' lang='lat' dir='ltr'><strong>Vidi</strong></span> <span class='ocrx_word' id='word_1_43' title='bbox 1248 837 1394 891; x_wconf 82' lang='lat' dir='ltr'><strong>enim</strong></span> <span class='ocrx_word' id='word_1_44' title='bbox 1429 835 1597 891; x_wconf 89' lang='lat' dir='ltr'><strong>Deum</strong></span> <span class='ocrx_word' id='word_1_45' title='bbox 1630 832 1770 888; x_wconf 82' lang='lat' dir='ltr'><strong>facie</strong></span> <span class='ocrx_word' id='word_1_46' title='bbox 1798 831 1866 886; x_wconf 91' lang='lat' dir='ltr'><strong>ad</strong></span> <span class='ocrx_word' id='word_1_47' title='bbox 1899 829 2113 894; x_wconf 83' lang='lat' dir='ltr'><strong>faciem,</strong></span> 
     </span>
    </p>
   </div>
   <div class='ocr_carea' id='block_1_9' title="bbox 547 929 1468 988">
    <p class='ocr_par' dir='ltr' id='par_1_9' title="bbox 547 929 1468 988">
     <span class='ocr_line' id='line_1_9' title="bbox 547 929 1468 988; baseline -0.011 0"><span class='ocrx_word' id='word_1_48' title='bbox 547 940 601 988; x_wconf 78' lang='lat' dir='ltr'><strong>et</strong></span> <span class='ocrx_word' id='word_1_49' title='bbox 629 933 834 987; x_wconf 87' lang='lat' dir='ltr'><strong>salvata</strong></span> <span class='ocrx_word' id='word_1_50' title='bbox 866 940 950 987; x_wconf 90' lang='lat' dir='ltr'><strong>est</strong></span> <span class='ocrx_word' id='word_1_51' title='bbox 980 931 1162 985; x_wconf 88' lang='lat' dir='ltr'><strong>anima</strong></span> <span class='ocrx_word' id='word_1_52' title='bbox 1194 945 1311 984; x_wconf 89' lang='lat' dir='ltr'><strong>mea</strong></span> <span class='ocrx_word' id='word_1_53' title='bbox 1339 929 1407 982; x_wconf 76' lang='grc' dir='ltr'><strong>το.</strong></span> <span class='ocrx_word' id='word_1_54' title='bbox 1449 945 1468 978; x_wconf 67' lang='grc' dir='ltr'><strong>ι</strong></span> 
     </span>
    </p>
   </div>
   <div class='ocr_carea' id='block_1_10' title="bbox 553 988 3659 1099">
    <p class='ocr_par' dir='ltr' id='par_1_10' title="bbox 553 988 3659 1099">
     <span class='ocr_line' id='line_1_10' title="bbox 553 988 3659 1099; baseline -0.009 -19"><span class='ocrx_word' id='word_1_55' title='bbox 553 1045 670 1099; x_wconf 77' lang='grc' dir='ltr'>μεν,</span> <span class='ocrx_word' id='word_1_56' title='bbox 696 1027 724 1080; x_wconf 83' lang='grc' dir='ltr'><strong>ὃ</strong></span> <span class='ocrx_word' id='word_1_57' title='bbox 754 1027 1078 1097; x_wconf 80' lang='grc' dir='ltr'><strong>ἑωράκαμεν</strong></span> <span class='ocrx_word' id='word_1_58' title='bbox 1114 1029 1225 1088; x_wconf 85' lang='grc' dir='ltr'>τοῖς</span> <span class='ocrx_word' id='word_1_59' title='bbox 1265 1023 1557 1094; x_wconf 76' lang='grc' dir='ltr'><strong>ὀφθαλμοῖς</strong></span> <span class='ocrx_word' id='word_1_60' title='bbox 1591 1021 1768 1093; x_wconf 78' lang='grc' dir='ltr'>ἡμῶν,</span> <span class='ocrx_word' id='word_1_61' title='bbox 1820 1019 1911 1071; x_wconf 76' lang='grc' dir='ltr'><strong>καὶ</strong></span> <span class='ocrx_word' id='word_1_62' title='bbox 1940 1014 2300 1086; x_wconf 77' lang='grc' dir='ltr'><strong>ἐθεασάμεθα,</strong></span> <span class='ocrx_word' id='word_1_63' title='bbox 2347 1013 2440 1067; x_wconf 79' lang='grc' dir='ltr'><strong>καὶ</strong></span> <span class='ocrx_word' id='word_1_64' title='bbox 2477 1013 2532 1065; x_wconf 89' lang='grc' dir='ltr'>αἱ</span> <span class='ocrx_word' id='word_1_65' title='bbox 2570 1012 2747 1081; x_wconf 82' lang='grc' dir='ltr'>χεῖρες</span> <span class='ocrx_word' id='word_1_66' title='bbox 2787 1004 2943 1076; x_wconf 84' lang='grc' dir='ltr'>ἡμῶν</span> <span class='ocrx_word' id='word_1_67' title='bbox 2979 1000 3363 1099; x_wconf 36' lang='grc' dir='ltr'>ἐψηλάφησανέ</span> <span class='ocrx_word' id='word_1_68' title='bbox 3391 994 3516 1099; x_wconf 60' lang='grc' dir='ltr'>περὶ</span> <span class='ocrx_word' id='word_1_69' title='bbox 3565 988 3659 1099; x_wconf 54' lang='grc' dir='ltr'><strong>τῗῧ</strong></span> 
     </span>
    </p>
   </div>
   <div class='ocr_carea' id='block_1_11' title="bbox 2220 617 3801 712">
    <p class='ocr_par' dir='ltr' id='par_1_11' title="bbox 2220 617 3801 712">
     <span class='ocr_line' id='line_1_11' title="bbox 2220 617 3801 712; baseline -0.018 -16"><span class='ocrx_word' id='word_1_70' title='bbox 2220 617 2335 697; x_wconf 77' lang='grc' dir='ltr'><strong>κὼϐ</strong></span> <span class='ocrx_word' id='word_1_71' title='bbox 2377 637 2591 712; x_wconf 81' lang='grc' dir='ltr'>Ἰσραὴλ</span> <span class='ocrx_word' id='word_1_72' title='bbox 2638 637 2797 691; x_wconf 83' lang='grc' dir='ltr'>αὐτὸν</span> <span class='ocrx_word' id='word_1_73' title='bbox 2829 633 3128 702; x_wconf 85' lang='grc' dir='ltr'>ὠνόμασεν,</span> <span class='ocrx_word' id='word_1_74' title='bbox 3173 624 3445 682; x_wconf 74' lang='grc' dir='ltr'>ἐπειπὼν.</span> <span class='ocrx_word' id='word_1_75' title='bbox 3501 622 3583 674; x_wconf 78' lang='grc' dir='ltr'>ὅτι</span> <span class='ocrx_word' id='word_1_76' title='bbox 3613 636 3632 668; x_wconf 79' lang='grc' dir='ltr'><strong>ι</strong></span> <span class='ocrx_word' id='word_1_77' title='bbox 3684 617 3801 670; x_wconf 80' lang='grc' dir='ltr'><strong>Ἑν-</strong></span> 
     </span>
    </p>
   </div>
   <div class='ocr_carea' id='block_1_12' title="bbox 2225 710 3800 804">
    <p class='ocr_par' dir='ltr' id='par_1_12' title="bbox 2225 710 3800 804">
     <span class='ocr_line' id='line_1_12' title="bbox 2225 710 3800 804; baseline -0.017 -17"><span class='ocrx_word' id='word_1_78' title='bbox 2225 710 2615 804; x_wconf 16' lang='grc' dir='ltr'>ίσχυσαςήμετά</span> <span class='ocrx_word' id='word_1_79' title='bbox 2642 727 2810 793; x_wconf 84' lang='grc' dir='ltr'>Θεοῦ;</span> <span class='ocrx_word' id='word_1_80' title='bbox 2843 746 2860 775; x_wconf 73' lang='grc' dir='ltr'><strong>ι</strong></span> <span class='ocrx_word' id='word_1_81' title='bbox 2887 723 3071 784; x_wconf 82' lang='grc' dir='ltr'>Οῦτως</span> <span class='ocrx_word' id='word_1_82' title='bbox 3095 720 3151 773; x_wconf 80' lang='grc' dir='ltr'>δὲ</span> <span class='ocrx_word' id='word_1_83' title='bbox 3180 717 3363 789; x_wconf 79' lang='grc' dir='ltr'>ἐώρων</span> <span class='ocrx_word' id='word_1_84' title='bbox 3385 716 3435 767; x_wconf 79' lang='grc' dir='ltr'>οἱ</span> <span class='ocrx_word' id='word_1_85' title='bbox 3451 713 3583 767; x_wconf 85' lang='grc' dir='ltr'>θεῖοι</span> <span class='ocrx_word' id='word_1_86' title='bbox 3609 710 3800 804; x_wconf 43' lang='grc' dir='ltr'>ἀνδρες</span> 
     </span>
    </p>
   </div>
   <div class='ocr_carea' id='block_1_13' title="bbox 2220 798 3802 888">
    <p class='ocr_par' dir='ltr' id='par_1_13' title="bbox 2220 798 3802 888">
     <span class='ocr_line' id='line_1_13' title="bbox 2220 798 3802 888; baseline -0.016 -10"><span class='ocrx_word' id='word_1_87' title='bbox 2220 798 2311 880; x_wconf 68' lang='grc' dir='ltr'><strong>τὸν</strong></span> <span class='ocrx_word' id='word_1_88' title='bbox 2340 825 2432 878; x_wconf 90' lang='grc' dir='ltr'><strong>τοῦ</strong></span> <span class='ocrx_word' id='word_1_89' title='bbox 2465 798 2599 877; x_wconf 59' lang='grc' dir='ltr'>θεοῦ</span> <span class='ocrx_word' id='word_1_90' title='bbox 2638 821 2828 888; x_wconf 85' lang='grc' dir='ltr'>Λόγον,</span> <span class='ocrx_word' id='word_1_91' title='bbox 2860 817 2934 879; x_wconf 84' lang='grc' dir='ltr'><strong>ὼς</strong></span> <span class='ocrx_word' id='word_1_92' title='bbox 2968 816 3060 868; x_wconf 72' lang='grc' dir='ltr'><strong>καὶ</strong></span> <span class='ocrx_word' id='word_1_93' title='bbox 3088 814 3139 866; x_wconf 81' lang='grc' dir='ltr'><strong>οἱ</strong></span> <span class='ocrx_word' id='word_1_94' title='bbox 3173 812 3443 880; x_wconf 81' lang='grc' dir='ltr'><strong>φήσαντες</strong></span> <span class='ocrx_word' id='word_1_95' title='bbox 3481 804 3574 858; x_wconf 88' lang='grc' dir='ltr'><strong>τοῦ</strong></span> <span class='ocrx_word' id='word_1_96' title='bbox 3608 798 3802 867; x_wconf 77' lang='grc' dir='ltr'>Σωτῆ-</span> 
     </span>
    </p>
   </div>
   <div class='ocr_carea' id='block_1_14' title="bbox 2226 894 3809 1036">
    <p class='ocr_par' dir='ltr' id='par_1_14' title="bbox 2226 894 3809 1036">
     <span class='ocr_line' id='line_1_14' title="bbox 2226 894 3808 988; baseline -0.018 -15"><span class='ocrx_word' id='word_1_97' title='bbox 2226 935 2316 988; x_wconf 86' lang='grc' dir='ltr'><strong>ρος</strong></span> <span class='ocrx_word' id='word_1_98' title='bbox 2345 917 2502 988; x_wconf 81' lang='grc' dir='ltr'>ἡμῶν</span> <span class='ocrx_word' id='word_1_99' title='bbox 2548 912 2859 968; x_wconf 74' lang='grc' dir='ltr'><strong>ἀπόστολοι·</strong></span> <span class='ocrx_word' id='word_1_100' title='bbox 2893 928 2910 960; x_wconf 82' lang='grc' dir='ltr'><strong>ι</strong></span> <span class='ocrx_word' id='word_1_101' title='bbox 2950 910 3014 959; x_wconf 88' lang='grc' dir='ltr'><em>Ὂ</em></span> <span class='ocrx_word' id='word_1_102' title='bbox 3041 903 3110 976; x_wconf 83' lang='grc' dir='ltr'>ἦν</span> <span class='ocrx_word' id='word_1_103' title='bbox 3145 905 3237 958; x_wconf 81' lang='grc' dir='ltr'>ἀπ’</span> <span class='ocrx_word' id='word_1_104' title='bbox 3277 901 3470 973; x_wconf 80' lang='grc' dir='ltr'>ἀρχῆς,</span> <span class='ocrx_word' id='word_1_105' title='bbox 3501 898 3530 950; x_wconf 79' lang='grc' dir='ltr'><strong>ὃ</strong></span> <span class='ocrx_word' id='word_1_106' title='bbox 3563 894 3808 962; x_wconf 84' lang='grc' dir='ltr'>ἀκηκόα-</span> 
     </span>
     <span class='ocr_line' id='line_1_15' title="bbox 2226 985 3809 1036; baseline -0.011 7"><span class='ocrx_word' id='word_1_107' title='bbox 2226 1014 2278 1036; x_wconf 58' lang='grc' dir='ltr'>ιμ</span> <span class='ocrx_word' id='word_1_108' title='bbox 2348 1013 2435 1036; x_wconf 59' lang='lat'><strong>---\</strong></span> <span class='ocrx_word' id='word_1_109' title='bbox 2481 1013 2528 1036; x_wconf 72' lang='grc' dir='ltr'><strong>..ε</strong></span> <span class='ocrx_word' id='word_1_110' title='bbox 2570 1012 2747 1036; x_wconf 68' lang='grc' dir='ltr'><strong>-.-τ-.-</strong></span> <span class='ocrx_word' id='word_1_111' title='bbox 2787 1004 2943 1036; x_wconf 58' lang='lat' dir='ltr'><strong>ann...</strong></span> <span class='ocrx_word' id='word_1_112' title='bbox 2982 1000 3332 1036; x_wconf 44' lang='lat' dir='ltr'><strong>amnem-Mm</strong></span> <span class='ocrx_word' id='word_1_113' title='bbox 3391 994 3516 1036; x_wconf 63' lang='grc' dir='ltr'><strong>πςηὶ</strong></span> <span class='ocrx_word' id='word_1_114' title='bbox 3565 988 3659 1036; x_wconf 73' lang='grc' dir='ltr'>τοῦ</span> <span class='ocrx_word' id='word_1_115' title='bbox 3704 985 3809 1036; x_wconf 76' lang='grc' dir='ltr'><strong>Λό-</strong></span> 
     </span>
    </p>
   </div>
   <div class='ocr_carea' id='block_1_15' title="bbox 3704 987 3746 1038">
    <p class='ocr_par' dir='ltr' id='par_1_15' title="bbox 3704 987 3746 1038">
     <span class='ocr_line' id='line_1_16' title="bbox 3704 987 3746 1038; baseline 0 0"><span class='ocrx_word' id='word_1_116' title='bbox 3704 987 3746 1038; x_wconf 80' lang='grc' dir='ltr'><strong>Λ</strong></span> 
     </span>
    </p>
   </div>
   <div class='ocr_carea' id='block_1_16' title="bbox 548 1085 3807 1190">
    <p class='ocr_par' dir='ltr' id='par_1_16' title="bbox 548 1085 3807 1190">
     <span class='ocr_line' id='line_1_17' title="bbox 548 1085 3807 1190; baseline -0.011 -14"><span class='ocrx_word' id='word_1_117' title='bbox 548 1085 784 1190; x_wconf 55' lang='grc' dir='ltr'>γουτῆς</span> <span class='ocrx_word' id='word_1_118' title='bbox 828 1085 1000 1189; x_wconf 46' lang='grc' dir='ltr'>ζωῆς-ο</span> <span class='ocrx_word' id='word_1_119' title='bbox 1042 1139 1060 1172; x_wconf 84' lang='grc'><strong>›</strong></span> <span class='ocrx_word' id='word_1_120' title='bbox 1094 1120 1153 1172; x_wconf 80' lang='grc' dir='ltr'><strong>δν</strong></span> <span class='ocrx_word' id='word_1_121' title='bbox 1203 1085 1371 1186; x_wconf 58' lang='grc' dir='ltr'>λόγον</span> <span class='ocrx_word' id='word_1_122' title='bbox 1416 1085 1508 1171; x_wconf 72' lang='grc' dir='ltr'><strong>καὶ</strong></span> <span class='ocrx_word' id='word_1_123' title='bbox 1550 1085 1690 1187; x_wconf 72' lang='grc' dir='ltr'>ζωῆν</span> <span class='ocrx_word' id='word_1_124' title='bbox 1728 1113 2057 1184; x_wconf 86' lang='grc' dir='ltr'>θεασάμενος</span> <span class='ocrx_word' id='word_1_125' title='bbox 2094 1113 2122 1164; x_wconf 86' lang='grc' dir='ltr'><strong>ὁ</strong></span> <span class='ocrx_word' id='word_1_126' title='bbox 2148 1085 2363 1164; x_wconf 86' lang='grc' dir='ltr'>Ἰακὼϐ</span> <span class='ocrx_word' id='word_1_127' title='bbox 2400 1108 2645 1178; x_wconf 80' lang='grc' dir='ltr'><strong>ἐπιφέρει</strong></span> <span class='ocrx_word' id='word_1_128' title='bbox 2687 1103 2881 1173; x_wconf 79' lang='grc' dir='ltr'>λέγων’</span> <span class='ocrx_word' id='word_1_129' title='bbox 2916 1119 2935 1151; x_wconf 78' lang='grc' dir='ltr'><strong>ι</strong></span> <span class='ocrx_word' id='word_1_130' title='bbox 2977 1095 3126 1152; x_wconf 78' lang='grc' dir='ltr'>Εἶδον</span> <span class='ocrx_word' id='word_1_131' title='bbox 3179 1095 3287 1168; x_wconf 87' lang='grc' dir='ltr'>γὰρ</span> <span class='ocrx_word' id='word_1_132' title='bbox 3328 1091 3458 1145; x_wconf 85' lang='grc' dir='ltr'>Θεὸν</span> <span class='ocrx_word' id='word_1_133' title='bbox 3514 1085 3807 1157; x_wconf 72' lang='grc' dir='ltr'>πρόσωπῦν</span> 
     </span>
    </p>
   </div>
   <div class='ocr_carea' id='block_1_17' title="bbox 547 1211 1796 1284">
    <p class='ocr_par' dir='ltr' id='par_1_17' title="bbox 547 1211 1796 1284">
     <span class='ocr_line' id='line_1_18' title="bbox 547 1211 1796 1284; baseline -0.004 -18"><span class='ocrx_word' id='word_1_134' title='bbox 547 1214 683 1284; x_wconf 75' lang='grc' dir='ltr'>πρὸς</span> <span class='ocrx_word' id='word_1_135' title='bbox 709 1214 1026 1284; x_wconf 74' lang='grc' dir='ltr'>πρόσωπονο</span> <span class='ocrx_word' id='word_1_136' title='bbox 1059 1215 1150 1266; x_wconf 75' lang='grc' dir='ltr'>καὶ</span> <span class='ocrx_word' id='word_1_137' title='bbox 1176 1212 1350 1282; x_wconf 79' lang='grc' dir='ltr'>ἐσώθη</span> <span class='ocrx_word' id='word_1_138' title='bbox 1383 1231 1482 1282; x_wconf 82' lang='grc' dir='ltr'><strong>μου</strong></span> <span class='ocrx_word' id='word_1_139' title='bbox 1511 1215 1543 1282; x_wconf 74' lang='grc' dir='ltr'>ἡ</span> <span class='ocrx_word' id='word_1_140' title='bbox 1574 1211 1741 1280; x_wconf 71' lang='grc' dir='ltr'>ψυχή.</span> <span class='ocrx_word' id='word_1_141' title='bbox 1778 1228 1796 1260; x_wconf 69' lang='grc' dir='ltr'><strong>ι</strong></span> 
     </span>
    </p>
   </div>
   <div class='ocr_carea' id='block_1_18' title="bbox 1127 1345 1534 1402">
    <p class='ocr_par' dir='ltr' id='par_1_18' title="bbox 1127 1345 1534 1402">
     <span class='ocr_line' id='line_1_19' title="bbox 1127 1345 1534 1402; baseline -0.005 0"><span class='ocrx_word' id='word_1_142' title='bbox 1127 1346 1357 1402; x_wconf 78' lang='lat' dir='ltr'><strong>CAPUT</strong></span> <span class='ocrx_word' id='word_1_143' title='bbox 1401 1345 1534 1400; x_wconf 84' lang='lat' dir='ltr'><strong>VIII.</strong></span> 
     </span>
    </p>
   </div>
   <div class='ocr_carea' id='block_1_19' title="bbox 621 1437 2121 1504">
    <p class='ocr_par' dir='ltr' id='par_1_19' title="bbox 621 1437 2121 1504">
     <span class='ocr_line' id='line_1_20' title="bbox 621 1437 2121 1504; baseline 0.001 -14"><span class='ocrx_word' id='word_1_144' title='bbox 621 1459 640 1490; x_wconf 76' lang='grc' dir='ltr'>σ</span> <span class='ocrx_word' id='word_1_145' title='bbox 675 1439 835 1504; x_wconf 89' lang='lat' dir='ltr'><strong>Juda,</strong></span> <span class='ocrx_word' id='word_1_146' title='bbox 868 1449 919 1494; x_wconf 87' lang='lat' dir='ltr'><strong>te</strong></span> <span class='ocrx_word' id='word_1_147' title='bbox 951 1439 1251 1494; x_wconf 87' lang='lat' dir='ltr'><strong>laudabunt</strong></span> <span class='ocrx_word' id='word_1_148' title='bbox 1299 1438 1492 1493; x_wconf 77' lang='lat' dir='ltr'><strong>fratres</strong></span> <span class='ocrx_word' id='word_1_149' title='bbox 1525 1438 1602 1491; x_wconf 90' lang='lat' dir='ltr'><strong>tui</strong></span> <span class='ocrx_word' id='word_1_150' title='bbox 1655 1457 1667 1491; x_wconf 90' lang='lat'><strong>:</strong></span> <span class='ocrx_word' id='word_1_151' title='bbox 1717 1437 1914 1493; x_wconf 83' lang='lat' dir='ltr'><strong>m&#39;anus</strong></span> <span class='ocrx_word' id='word_1_152' title='bbox 1943 1444 2037 1491; x_wconf 89' lang='lat' dir='ltr'><strong>tua</strong></span> <span class='ocrx_word' id='word_1_153' title='bbox 2065 1437 2121 1491; x_wconf 95' lang='lat' dir='ltr'><strong>in</strong></span> 
     </span>
    </p>
   </div>
   <div class='ocr_carea' id='block_1_20' title="bbox 546 1530 2122 1594">
    <p class='ocr_par' dir='ltr' id='par_1_20' title="bbox 546 1530 2122 1594">
     <span class='ocr_line' id='line_1_21' title="bbox 546 1530 2122 1594; baseline -0.002 -7"><span class='ocrx_word' id='word_1_154' title='bbox 546 1530 855 1587; x_wconf 84' lang='lat' dir='ltr'><strong>cervicibus</strong></span> <span class='ocrx_word' id='word_1_155' title='bbox 898 1531 1246 1586; x_wconf 88' lang='lat' dir='ltr'><strong>inimicorum</strong></span> <span class='ocrx_word' id='word_1_156' title='bbox 1298 1539 1540 1594; x_wconf 81' lang='lat' dir='ltr'><strong>tuorum,</strong></span> <span class='ocrx_word' id='word_1_157' title='bbox 1591 1530 1898 1585; x_wconf 90' lang='lat' dir='ltr'><strong>adorabunt</strong></span> <span class='ocrx_word' id='word_1_158' title='bbox 1943 1538 1996 1585; x_wconf 91' lang='lat' dir='ltr'><strong>te</strong></span> <span class='ocrx_word' id='word_1_159' title='bbox 2026 1530 2122 1584; x_wconf 86' lang='lat' dir='ltr'><strong>ﬁlii</strong></span> 
     </span>
    </p>
   </div>
   <div class='ocr_carea' id='block_1_21' title="bbox 545 1620 2119 1694">
    <p class='ocr_par' dir='ltr' id='par_1_21' title="bbox 545 1620 2119 1694">
     <span class='ocr_line' id='line_1_22' title="bbox 545 1620 2119 1694; baseline -0.001 -17"><span class='ocrx_word' id='word_1_160' title='bbox 545 1625 715 1694; x_wconf 91' lang='lat' dir='ltr'><strong>patris</strong></span> <span class='ocrx_word' id='word_1_161' title='bbox 736 1624 837 1677; x_wconf 91' lang='lat' dir='ltr'><strong>tui.</strong></span> <span class='ocrx_word' id='word_1_162' title='bbox 897 1623 1126 1678; x_wconf 85' lang='lat' dir='ltr'><strong>Catulus</strong></span> <span class='ocrx_word' id='word_1_163' title='bbox 1161 1623 1336 1678; x_wconf 88' lang='lat' dir='ltr'><strong>leonis</strong></span> <span class='ocrx_word' id='word_1_164' title='bbox 1358 1620 1498 1676; x_wconf 85' lang='lat' dir='ltr'><strong>Iuda</strong></span> <span class='ocrx_word' id='word_1_165' title='bbox 1538 1636 1552 1672; x_wconf 88' lang='lat'>:</span> <span class='ocrx_word' id='word_1_166' title='bbox 1584 1636 1615 1677; x_wconf 90' lang='lat' dir='ltr'><strong>e</strong></span> <span class='ocrx_word' id='word_1_167' title='bbox 1647 1637 1878 1693; x_wconf 80' lang='lat' dir='ltr'><strong>gemma,</strong></span> <span class='ocrx_word' id='word_1_168' title='bbox 1909 1620 1982 1676; x_wconf 81' lang='lat' dir='ltr'><strong>fili</strong></span> <span class='ocrx_word' id='word_1_169' title='bbox 2022 1622 2119 1687; x_wconf 88' lang='lat' dir='ltr'><strong>mi,</strong></span> 
     </span>
    </p>
   </div>
   <div class='ocr_carea' id='block_1_22' title="bbox 545 1714 2118 1786">
    <p class='ocr_par' dir='ltr' id='par_1_22' title="bbox 545 1714 2118 1786">
     <span class='ocr_line' id='line_1_23' title="bbox 545 1714 2118 1786; baseline 0.001 -16"><span class='ocrx_word' id='word_1_170' title='bbox 545 1715 843 1770; x_wconf 88' lang='lat' dir='ltr'><strong>ascendisti</strong></span> <span class='ocrx_word' id='word_1_171' title='bbox 876 1734 888 1767; x_wconf 88' lang='lat'>:</span> <span class='ocrx_word' id='word_1_172' title='bbox 923 1715 1273 1784; x_wconf 81' lang='lat' dir='ltr'><strong>requiescens</strong></span> <span class='ocrx_word' id='word_1_173' title='bbox 1298 1714 1602 1769; x_wconf 91' lang='lat' dir='ltr'><strong>accubuisti</strong></span> <span class='ocrx_word' id='word_1_174' title='bbox 1639 1722 1698 1768; x_wconf 93' lang='lat' dir='ltr'><strong>ut</strong></span> <span class='ocrx_word' id='word_1_175' title='bbox 1729 1715 1847 1779; x_wconf 91' lang='lat' dir='ltr'><strong>leo,</strong></span> <span class='ocrx_word' id='word_1_176' title='bbox 1884 1721 1938 1769; x_wconf 90' lang='lat' dir='ltr'><strong>et</strong></span> <span class='ocrx_word' id='word_1_177' title='bbox 1961 1717 2118 1786; x_wconf 90' lang='lat' dir='ltr'><strong>quasi</strong></span> 
     </span>
    </p>
   </div>
   <div class='ocr_carea' id='block_1_23' title="bbox 546 1807 2115 1878">
    <p class='ocr_par' dir='ltr' id='par_1_23' title="bbox 546 1807 2115 1878">
     <span class='ocr_line' id='line_1_24' title="bbox 546 1807 2115 1878; baseline -0.001 -14"><span class='ocrx_word' id='word_1_178' title='bbox 546 1812 732 1865; x_wconf 80' lang='lat' dir='ltr'><strong>leaena.</strong></span> <span class='ocrx_word' id='word_1_179' title='bbox 753 1809 886 1875; x_wconf 85' lang='lat' dir='ltr'><strong>Quis</strong></span> <span class='ocrx_word' id='word_1_180' title='bbox 900 1808 1188 1864; x_wconf 89' lang='lat' dir='ltr'><strong>suscitabit</strong></span> <span class='ocrx_word' id='word_1_181' title='bbox 1207 1823 1328 1863; x_wconf 93' lang='lat' dir='ltr'><strong>eum</strong></span> <span class='ocrx_word' id='word_1_182' title='bbox 1348 1808 1372 1861; x_wconf 86' lang='lat'><strong>?</strong></span> <span class='ocrx_word' id='word_1_183' title='bbox 1391 1807 1510 1862; x_wconf 86' lang='lat' dir='ltr'><strong>Non</strong></span> <span class='ocrx_word' id='word_1_184' title='bbox 1529 1807 1810 1863; x_wconf 80' lang='lat' dir='ltr'><strong>auferetur</strong></span> <span class='ocrx_word' id='word_1_185' title='bbox 1841 1818 2115 1878; x_wconf 83' lang='lat' dir='ltr'><strong>sceptrum</strong></span> 
     </span>
    </p>
   </div>
   <div class='ocr_carea' id='block_1_24' title="bbox 2753 1321 3270 1382">
    <p class='ocr_par' dir='ltr' id='par_1_24' title="bbox 2753 1321 3270 1382">
     <span class='ocr_line' id='line_1_25' title="bbox 2753 1321 3270 1382; baseline -0.021 0"><span class='ocrx_word' id='word_1_186' title='bbox 2753 1321 3150 1382; x_wconf 77' lang='grc' dir='ltr'><strong>ΚΕΦΑΛΑΙΟΝ</strong></span> <span class='ocrx_word' id='word_1_187' title='bbox 3187 1321 3270 1374; x_wconf 83' lang='grc' dir='ltr'><strong>Η’.</strong></span> 
     </span>
    </p>
   </div>
   <div class='ocr_carea' id='block_1_25' title="bbox 2299 1403 3814 1490">
    <p class='ocr_par' dir='ltr' id='par_1_25' title="bbox 2299 1403 3814 1490">
     <span class='ocr_line' id='line_1_26' title="bbox 2299 1403 3814 1490; baseline -0.017 -11"><span class='ocrx_word' id='word_1_188' title='bbox 2299 1444 2318 1478; x_wconf 74' lang='grc' dir='ltr'><strong>ι</strong></span> <span class='ocrx_word' id='word_1_189' title='bbox 2364 1422 2552 1490; x_wconf 92' lang='grc' dir='ltr'>Ἰούδα,</span> <span class='ocrx_word' id='word_1_190' title='bbox 2589 1421 2649 1476; x_wconf 82' lang='grc' dir='ltr'>σὲ</span> <span class='ocrx_word' id='word_1_191' title='bbox 2685 1419 3001 1474; x_wconf 79' lang='grc' dir='ltr'>αἰνέσαισαν</span> <span class='ocrx_word' id='word_1_192' title='bbox 3035 1416 3083 1468; x_wconf 87' lang='grc' dir='ltr'>οἱ</span> <span class='ocrx_word' id='word_1_193' title='bbox 3119 1408 3335 1479; x_wconf 84' lang='grc' dir='ltr'>ἀδελφοί</span> <span class='ocrx_word' id='word_1_194' title='bbox 3378 1425 3471 1461; x_wconf 88' lang='grc' dir='ltr'><strong>σου</strong></span> <span class='ocrx_word' id='word_1_195' title='bbox 3493 1423 3506 1437; x_wconf 79' lang='grc' dir='ltr'><strong>ο</strong></span> <span class='ocrx_word' id='word_1_196' title='bbox 3535 1406 3592 1460; x_wconf 82' lang='grc' dir='ltr'>αἱ</span> <span class='ocrx_word' id='word_1_197' title='bbox 3627 1403 3814 1477; x_wconf 72' lang='grc' dir='ltr'>χεῖρές</span> 
     </span>
    </p>
   </div>
   <div class='ocr_carea' id='block_1_26' title="bbox 2225 1499 3811 1580">
    <p class='ocr_par' dir='ltr' id='par_1_26' title="bbox 2225 1499 3811 1580">
     <span class='ocr_line' id='line_1_27' title="bbox 2225 1499 3811 1580; baseline -0.015 -9"><span class='ocrx_word' id='word_1_198' title='bbox 2225 1534 2318 1570; x_wconf 87' lang='grc' dir='ltr'><strong>σου</strong></span> <span class='ocrx_word' id='word_1_199' title='bbox 2345 1517 2440 1570; x_wconf 71' lang='grc' dir='ltr'>ἐπὶ</span> <span class='ocrx_word' id='word_1_200' title='bbox 2487 1514 2656 1570; x_wconf 89' lang='grc' dir='ltr'>νώτου</span> <span class='ocrx_word' id='word_1_201' title='bbox 2698 1511 2805 1565; x_wconf 90' lang='grc' dir='ltr'><strong>τῶν</strong></span> <span class='ocrx_word' id='word_1_202' title='bbox 2839 1507 3047 1580; x_wconf 73' lang='grc' dir='ltr'>ἐχθρῶν</span> <span class='ocrx_word' id='word_1_203' title='bbox 3074 1522 3203 1559; x_wconf 89' lang='grc' dir='ltr'>σου·</span> <span class='ocrx_word' id='word_1_204' title='bbox 3247 1499 3684 1574; x_wconf 83' lang='grc' dir='ltr'>προσκυνήσουσί</span> <span class='ocrx_word' id='word_1_205' title='bbox 3724 1513 3811 1550; x_wconf 83' lang='grc' dir='ltr'><strong>σοι</strong></span> 
     </span>
    </p>
   </div>
   <div class='ocr_carea' id='block_1_27' title="bbox 2223 1589 3814 1676">
    <p class='ocr_par' dir='ltr' id='par_1_27' title="bbox 2223 1589 3814 1676">
     <span class='ocr_line' id='line_1_28' title="bbox 2223 1589 3814 1676; baseline -0.015 -13"><span class='ocrx_word' id='word_1_206' title='bbox 2223 1611 2272 1662; x_wconf 76' lang='lat' dir='ltr'><strong>ot</strong></span> <span class='ocrx_word' id='word_1_207' title='bbox 2301 1609 2406 1661; x_wconf 74' lang='grc' dir='ltr'>υἱοὶ</span> <span class='ocrx_word' id='word_1_208' title='bbox 2431 1607 2525 1661; x_wconf 88' lang='grc' dir='ltr'><strong>τοῦ</strong></span> <span class='ocrx_word' id='word_1_209' title='bbox 2567 1605 2773 1676; x_wconf 73' lang='grc' dir='ltr'>πατρός</span> <span class='ocrx_word' id='word_1_210' title='bbox 2823 1619 2937 1654; x_wconf 91' lang='grc' dir='ltr'>σου.</span> <span class='ocrx_word' id='word_1_211' title='bbox 2989 1597 3234 1668; x_wconf 75' lang='grc' dir='ltr'>Σκύμνος</span> <span class='ocrx_word' id='word_1_212' title='bbox 3262 1594 3472 1656; x_wconf 81' lang='grc' dir='ltr'>λέοντος</span> <span class='ocrx_word' id='word_1_213' title='bbox 3512 1590 3714 1644; x_wconf 78' lang='grc' dir='ltr'>Ἰούδαο</span> <span class='ocrx_word' id='word_1_214' title='bbox 3743 1589 3814 1647; x_wconf 69' lang='grc' dir='ltr'>ἐκ</span> 
     </span>
    </p>
   </div>
   <div class='ocr_carea' id='block_1_28' title="bbox 2225 1680 3815 1771">
    <p class='ocr_par' dir='ltr' id='par_1_28' title="bbox 2225 1680 3815 1771">
     <span class='ocr_line' id='line_1_29' title="bbox 2225 1680 3815 1771; baseline -0.001 -17"><span class='ocrx_word' id='word_1_215' title='bbox 2225 1699 2478 1771; x_wconf 80' lang='grc' dir='ltr'>βλαστοῦ,</span> <span class='ocrx_word' id='word_1_216' title='bbox 2504 1697 2588 1750; x_wconf 84' lang='grc' dir='ltr'><strong>υίέ</strong></span> <span class='ocrx_word' id='word_1_217' title='bbox 2635 1713 2757 1767; x_wconf 91' lang='grc' dir='ltr'>μου,</span> <span class='ocrx_word' id='word_1_218' title='bbox 2785 1692 3017 1761; x_wconf 83' lang='grc' dir='ltr'>ἀνέϐης’</span> <span class='ocrx_word' id='word_1_219' title='bbox 3066 1683 3351 1742; x_wconf 76' lang='grc' dir='ltr'>ἀναπεσὼν</span> <span class='ocrx_word' id='word_1_220' title='bbox 3394 1680 3815 1771; x_wconf 64' lang='grc' dir='ltr'>ἐκοιμήθης</span> 
     </span>
    </p>
   </div>
   <div class='ocr_carea' id='block_1_29' title="bbox 2225 1767 3816 1868">
    <p class='ocr_par' dir='ltr' id='par_1_29' title="bbox 2225 1767 3816 1868">
     <span class='ocr_line' id='line_1_30' title="bbox 2225 1767 3816 1868; baseline -0.018 -22"><span class='ocrx_word' id='word_1_221' title='bbox 2225 1767 2382 1856; x_wconf 85' lang='grc' dir='ltr'>λέων,</span> <span class='ocrx_word' id='word_1_222' title='bbox 2409 1790 2505 1844; x_wconf 75' lang='grc' dir='ltr'>καὶ</span> <span class='ocrx_word' id='word_1_223' title='bbox 2535 1788 2610 1850; x_wconf 87' lang='grc' dir='ltr'><strong>ὼς</strong></span> <span class='ocrx_word' id='word_1_224' title='bbox 2643 1785 2882 1868; x_wconf 84' lang='grc' dir='ltr'>σκύμνος</span> <span class='ocrx_word' id='word_1_225' title='bbox 2902 1800 2915 1812; x_wconf 87' lang='grc'><strong>·</strong></span> <span class='ocrx_word' id='word_1_226' title='bbox 2947 1782 3030 1843; x_wconf 86' lang='grc' dir='ltr'><strong>τίς</strong></span> <span class='ocrx_word' id='word_1_227' title='bbox 3056 1779 3236 1848; x_wconf 77' lang='grc' dir='ltr'>ἐγερεῖ</span> <span class='ocrx_word' id='word_1_228' title='bbox 3269 1773 3457 1836; x_wconf 88' lang='grc' dir='ltr'>αύτόν;</span> <span class='ocrx_word' id='word_1_229' title='bbox 3494 1771 3608 1868; x_wconf 44' lang='grc' dir='ltr'>(ξύκ</span> <span class='ocrx_word' id='word_1_230' title='bbox 3636 1767 3816 1868; x_wconf 60' lang='grc' dir='ltr'>ἐκλεί-</span> 
     </span>
    </p>
   </div>
   <div class='ocr_carea' id='block_1_30' title="bbox 546 1859 2128 1972">
    <p class='ocr_par' dir='ltr' id='par_1_30' title="bbox 546 1900 2123 1972">
     <span class='ocr_line' id='line_1_31' title="bbox 546 1900 2123 1972; baseline 0 -16"><span class='ocrx_word' id='word_1_231' title='bbox 546 1903 614 1957; x_wconf 89' lang='lat' dir='ltr'><strong>de</strong></span> <span class='ocrx_word' id='word_1_232' title='bbox 636 1900 795 1964; x_wconf 85' lang='lat' dir='ltr'><strong>Juda,</strong></span> <span class='ocrx_word' id='word_1_233' title='bbox 815 1910 872 1958; x_wconf 89' lang='lat' dir='ltr'><strong>et</strong></span> <span class='ocrx_word' id='word_1_234' title='bbox 887 1902 998 1957; x_wconf 85' lang='lat' dir='ltr'><strong>dux</strong></span> <span class='ocrx_word' id='word_1_235' title='bbox 1015 1901 1082 1956; x_wconf 89' lang='lat' dir='ltr'><strong>de</strong></span> <span class='ocrx_word' id='word_1_236' title='bbox 1101 1901 1304 1956; x_wconf 87' lang='lat' dir='ltr'><strong>femore</strong></span> <span class='ocrx_word' id='word_1_237' title='bbox 1316 1901 1647 1970; x_wconf 88' lang='lat' dir='ltr'><strong>ejus,donec</strong></span> <span class='ocrx_word' id='word_1_238' title='bbox 1669 1901 1854 1955; x_wconf 79' lang='lat' dir='ltr'><strong>veniat</strong></span> <span class='ocrx_word' id='word_1_239' title='bbox 1875 1902 1969 1972; x_wconf 86' lang='lat' dir='ltr'><strong>qui</strong></span> <span class='ocrx_word' id='word_1_240' title='bbox 1995 1901 2123 1956; x_wconf 90' lang='lat' dir='ltr'><strong>mit-</strong></span> 
     </span>
    </p>
   </div>
   <div class='ocr_carea' id='block_1_31' title="bbox 2233 1859 3816 1972">
    <p class='ocr_par' dir='ltr' id='par_1_31' title="bbox 2233 1859 3816 1972">
     <span class='ocr_line' id='line_1_32' title="bbox 2233 1859 3816 1972; baseline -0.017 -35"><span class='ocrx_word' id='word_1_241' title='bbox 2233 1882 2316 1952; x_wconf 52' lang='grc' dir='ltr'>ζέει</span> <span class='ocrx_word' id='word_1_242' title='bbox 2347 1883 2527 1953; x_wconf 82' lang='grc' dir='ltr'>ἄρχων</span> <span class='ocrx_word' id='word_1_243' title='bbox 2561 1879 2621 1944; x_wconf 80' lang='grc' dir='ltr'><strong>ἐξ</strong></span> <span class='ocrx_word' id='word_1_244' title='bbox 2657 1859 2847 1938; x_wconf 81' lang='grc' dir='ltr'>Ἰούδα,</span> <span class='ocrx_word' id='word_1_245' title='bbox 2883 1873 3004 1927; x_wconf 78' lang='grc' dir='ltr'>οὐδὲ</span> <span class='ocrx_word' id='word_1_246' title='bbox 3031 1870 3331 1943; x_wconf 77' lang='grc' dir='ltr'>ἡγούμενος</span> <span class='ocrx_word' id='word_1_247' title='bbox 3357 1866 3449 1970; x_wconf 36' lang='grc' dir='ltr'><strong>’ὲκ-</strong></span> <span class='ocrx_word' id='word_1_248' title='bbox 3463 1862 3570 1915; x_wconf 88' lang='grc' dir='ltr'><strong>τῶν</strong></span> <span class='ocrx_word' id='word_1_249' title='bbox 3590 1859 3816 1972; x_wconf 60' lang='grc' dir='ltr'><strong>ιμηρῶν</strong></span> 
     </span>
    </p>
   </div>
   <div class='ocr_carea' id='block_1_32' title="bbox 546 1951 2128 2060">
    <p class='ocr_par' dir='ltr' id='par_1_32' title="bbox 546 1951 2125 2060">
     <span class='ocr_line' id='line_1_33' title="bbox 546 1951 2125 2060; baseline 0 -16"><span class='ocrx_word' id='word_1_250' title='bbox 546 1991 744 2046; x_wconf 88' lang='lat' dir='ltr'><strong>tendus</strong></span> <span class='ocrx_word' id='word_1_251' title='bbox 790 1998 898 2052; x_wconf 90' lang='lat' dir='ltr'><strong>est,</strong></span> <span class='ocrx_word' id='word_1_252' title='bbox 923 1999 977 2045; x_wconf 93' lang='lat' dir='ltr'><strong>et</strong></span> <span class='ocrx_word' id='word_1_253' title='bbox 1025 1989 1142 2060; x_wconf 81' lang='lat' dir='ltr'><strong>ipse</strong></span> <span class='ocrx_word' id='word_1_254' title='bbox 1161 1951 1619 2058; x_wconf 64' lang='lat' dir='ltr'><strong>eritexspectatio</strong></span> <span class='ocrx_word' id='word_1_255' title='bbox 1639 1951 1981 2060; x_wconf 42' lang='lat' dir='ltr'><strong>gentiumj&#39;“,</strong></span> <span class='ocrx_word' id='word_1_256' title='bbox 2016 2009 2034 2043; x_wconf 72' lang='grc' dir='ltr'><strong>ι</strong></span> <span class='ocrx_word' id='word_1_257' title='bbox 2070 1997 2125 2046; x_wconf 91' lang='lat' dir='ltr'><strong>et</strong></span> 
     </span>
    </p>
   </div>
   <div class='ocr_carea' id='block_1_33' title="bbox 2233 1951 3818 2060">
    <p class='ocr_par' dir='ltr' id='par_1_33' title="bbox 2233 1951 3818 2060">
     <span class='ocr_line' id='line_1_34' title="bbox 2233 1951 3818 2060; baseline -0.018 -31"><span class='ocrx_word' id='word_1_258' title='bbox 2233 1951 2551 2036; x_wconf 39' lang='grc' dir='ltr'>αὐτοῦέως</span> <span class='ocrx_word' id='word_1_259' title='bbox 2579 1970 2643 2024; x_wconf 84' lang='grc' dir='ltr'><strong>ἂν</strong></span> <span class='ocrx_word' id='word_1_260' title='bbox 2674 1967 2801 2038; x_wconf 73' lang='grc' dir='ltr'>ἔλθῃ</span> <span class='ocrx_word' id='word_1_261' title='bbox 2831 1964 2902 2018; x_wconf 85' lang='grc' dir='ltr'><strong>τά</strong></span> <span class='ocrx_word' id='word_1_262' title='bbox 2947 1961 3282 2030; x_wconf 77' lang='grc' dir='ltr'>ἀποκείμενα</span> <span class='ocrx_word' id='word_1_263' title='bbox 3311 1953 3462 2060; x_wconf 60' lang='grc' dir='ltr'>αὐτῶ</span> <span class='ocrx_word' id='word_1_264' title='bbox 3477 1971 3490 1984; x_wconf 73' lang='grc' dir='ltr'><strong>ο</strong></span> <span class='ocrx_word' id='word_1_265' title='bbox 3520 1953 3615 2060; x_wconf 43' lang='grc' dir='ltr'><strong>καί).</strong></span> <span class='ocrx_word' id='word_1_266' title='bbox 3649 1951 3818 2057; x_wconf 48' lang='lat' dir='ltr'><strong>are-.24</strong></span> 
     </span>
    </p>
   </div>
   <div class='ocr_carea' id='block_1_34' title="bbox 545 2077 2122 2150">
    <p class='ocr_par' dir='ltr' id='par_1_34' title="bbox 545 2077 2122 2150">
     <span class='ocr_line' id='line_1_35' title="bbox 545 2077 2122 2150; baseline 0.001 -18"><span class='ocrx_word' id='word_1_267' title='bbox 545 2081 775 2150; x_wconf 86' lang='lat' dir='ltr'><strong>reliqua.</strong></span> <span class='ocrx_word' id='word_1_268' title='bbox 811 2078 979 2146; x_wconf 83' lang='lat' dir='ltr'><strong>Quasi</strong></span> <span class='ocrx_word' id='word_1_269' title='bbox 1019 2079 1192 2136; x_wconf 87' lang='lat' dir='ltr'><strong>sancti</strong></span> <span class='ocrx_word' id='word_1_270' title='bbox 1227 2077 1466 2150; x_wconf 88' lang='lat' dir='ltr'><strong>Spiritus</strong></span> <span class='ocrx_word' id='word_1_271' title='bbox 1529 2080 1756 2134; x_wconf 86' lang='lat' dir='ltr'><strong>verbum</strong></span> <span class='ocrx_word' id='word_1_272' title='bbox 1790 2079 2122 2134; x_wconf 87' lang='lat' dir='ltr'><strong>audiendum</strong></span> 
     </span>
    </p>
   </div>
   <div class='ocr_carea' id='block_1_35' title="bbox 544 2171 2125 2243">
    <p class='ocr_par' dir='ltr' id='par_1_35' title="bbox 544 2171 2125 2243">
     <span class='ocr_line' id='line_1_36' title="bbox 544 2171 2125 2243; baseline 0 -17"><span class='ocrx_word' id='word_1_273' title='bbox 544 2171 740 2227; x_wconf 82' lang='lat' dir='ltr'><strong>Jacobi</strong></span> <span class='ocrx_word' id='word_1_274' title='bbox 781 2171 850 2227; x_wconf 88' lang='lat' dir='ltr'><strong>de</strong></span> <span class='ocrx_word' id='word_1_275' title='bbox 895 2171 1116 2228; x_wconf 87' lang='lat' dir='ltr'><strong>Christo</strong></span> <span class='ocrx_word' id='word_1_276' title='bbox 1165 2171 1599 2242; x_wconf 87' lang='lat' dir='ltr'><strong>pr0phetizantis</strong></span> <span class='ocrx_word' id='word_1_277' title='bbox 1619 2212 1634 2236; x_wconf 89' lang='lat'><strong>,</strong></span> <span class='ocrx_word' id='word_1_278' title='bbox 1665 2181 1719 2227; x_wconf 89' lang='lat' dir='ltr'><strong>et</strong></span> <span class='ocrx_word' id='word_1_279' title='bbox 1751 2173 1806 2227; x_wconf 89' lang='lat' dir='ltr'><strong>in</strong></span> <span class='ocrx_word' id='word_1_280' title='bbox 1834 2187 2125 2243; x_wconf 86' lang='lat' dir='ltr'><strong>personam</strong></span> 
     </span>
    </p>
   </div>
   <div class='ocr_carea' id='block_1_36' title="bbox 545 2262 2127 2332">
    <p class='ocr_par' dir='ltr' id='par_1_36' title="bbox 545 2262 2127 2332">
     <span class='ocr_line' id='line_1_37' title="bbox 545 2262 2127 2332; baseline 0.001 -16"><span class='ocrx_word' id='word_1_281' title='bbox 545 2262 930 2320; x_wconf 79' lang='lat' dir='ltr'><strong>transferentis</strong></span> <span class='ocrx_word' id='word_1_282' title='bbox 966 2263 1088 2332; x_wconf 87' lang='lat' dir='ltr'><strong>ejus</strong></span> <span class='ocrx_word' id='word_1_283' title='bbox 1113 2263 1184 2318; x_wconf 92' lang='lat' dir='ltr'><strong>ab</strong></span> <span class='ocrx_word' id='word_1_284' title='bbox 1214 2263 1282 2318; x_wconf 88' lang='lat' dir='ltr'><strong>iis</strong></span> <span class='ocrx_word' id='word_1_285' title='bbox 1311 2283 1324 2318; x_wconf 88' lang='lat'><strong>:</strong></span> <span class='ocrx_word' id='word_1_286' title='bbox 1367 2282 1385 2315; x_wconf 83' lang='grc' dir='ltr'><strong>ι</strong></span> <span class='ocrx_word' id='word_1_287' title='bbox 1407 2262 1547 2318; x_wconf 88' lang='lat' dir='ltr'><strong>Iuda</strong></span> <span class='ocrx_word' id='word_1_288' title='bbox 1568 2304 1583 2328; x_wconf 93' lang='lat'><strong>,</strong></span> <span class='ocrx_word' id='word_1_289' title='bbox 1613 2272 1666 2320; x_wconf 90' lang='lat' dir='ltr'><strong>te</strong></span> <span class='ocrx_word' id='word_1_290' title='bbox 1697 2263 1996 2319; x_wconf 88' lang='lat' dir='ltr'><strong>laudabunt</strong></span> <span class='ocrx_word' id='word_1_291' title='bbox 2017 2262 2127 2318; x_wconf 83' lang='lat' dir='ltr'><strong>fra-</strong></span> 
     </span>
    </p>
   </div>
   <div class='ocr_carea' id='block_1_37' title="bbox 547 2354 2125 2420">
    <p class='ocr_par' dir='ltr' id='par_1_37' title="bbox 547 2354 2125 2420">
     <span class='ocr_line' id='line_1_38' title="bbox 547 2354 2125 2420; baseline 0 -12"><span class='ocrx_word' id='word_1_292' title='bbox 547 2365 660 2412; x_wconf 89' lang='lat' dir='ltr'><strong>tres</strong></span> <span class='ocrx_word' id='word_1_293' title='bbox 690 2355 794 2408; x_wconf 90' lang='lat' dir='ltr'><strong>tui.</strong></span> <span class='ocrx_word' id='word_1_294' title='bbox 833 2375 854 2408; x_wconf 81' lang='grc'><strong>›</strong></span> <span class='ocrx_word' id='word_1_295' title='bbox 887 2354 1044 2420; x_wconf 84' lang='lat' dir='ltr'><strong>Quod</strong></span> <span class='ocrx_word' id='word_1_296' title='bbox 1067 2355 1214 2410; x_wconf 90' lang='lat' dir='ltr'><strong>enim</strong></span> <span class='ocrx_word' id='word_1_297' title='bbox 1241 2370 1350 2409; x_wconf 93' lang='lat' dir='ltr'><strong>non</strong></span> <span class='ocrx_word' id='word_1_298' title='bbox 1385 2355 1454 2409; x_wconf 89' lang='lat' dir='ltr'><strong>ad</strong></span> <span class='ocrx_word' id='word_1_299' title='bbox 1484 2371 1656 2410; x_wconf 92' lang='lat' dir='ltr'><strong>unum</strong></span> <span class='ocrx_word' id='word_1_300' title='bbox 1691 2355 1926 2410; x_wconf 87' lang='lat' dir='ltr'><strong>filiorum</strong></span> <span class='ocrx_word' id='word_1_301' title='bbox 1963 2355 2125 2410; x_wconf 88' lang='lat' dir='ltr'><strong>verba</strong></span> 
     </span>
    </p>
   </div>
   <div class='ocr_carea' id='block_1_38' title="bbox 547 2444 2123 2516">
    <p class='ocr_par' dir='ltr' id='par_1_38' title="bbox 547 2444 2123 2516">
     <span class='ocr_line' id='line_1_39' title="bbox 547 2444 2123 2516; baseline 0 -16"><span class='ocrx_word' id='word_1_302' title='bbox 547 2446 750 2501; x_wconf 86' lang='lat' dir='ltr'><strong>faceret</strong></span> <span class='ocrx_word' id='word_1_303' title='bbox 770 2445 1080 2515; x_wconf 87' lang='lat' dir='ltr'><strong>patriarcha</strong></span> <span class='ocrx_word' id='word_1_304' title='bbox 1129 2453 1376 2515; x_wconf 91' lang='lat' dir='ltr'><strong>apertum</strong></span> <span class='ocrx_word' id='word_1_305' title='bbox 1425 2454 1510 2502; x_wconf 91' lang='lat' dir='ltr'><strong>est</strong></span> <span class='ocrx_word' id='word_1_306' title='bbox 1562 2444 1859 2516; x_wconf 70' lang='lat' dir='ltr'><strong>Scriptura:</strong></span> <span class='ocrx_word' id='word_1_307' title='bbox 1911 2447 2123 2516; x_wconf 83' lang='lat' dir='ltr'><strong>peritis,</strong></span> 
     </span>
    </p>
   </div>
   <div class='ocr_carea' id='block_1_39' title="bbox 547 2535 2124 2608">
    <p class='ocr_par' dir='ltr' id='par_1_39' title="bbox 547 2535 2124 2608">
     <span class='ocr_line' id='line_1_40' title="bbox 547 2535 2124 2608; baseline 0.001 -17"><span class='ocrx_word' id='word_1_308' title='bbox 547 2552 668 2608; x_wconf 69' lang='lat' dir='ltr'><strong>quae</strong></span> <span class='ocrx_word' id='word_1_309' title='bbox 695 2537 777 2592; x_wconf 88' lang='lat' dir='ltr'><strong>sic</strong></span> <span class='ocrx_word' id='word_1_310' title='bbox 807 2545 1031 2591; x_wconf 87' lang='lat' dir='ltr'><strong>narrat:</strong></span> <span class='ocrx_word' id='word_1_311' title='bbox 1074 2555 1092 2588; x_wconf 82' lang='grc' dir='ltr'><strong>ι</strong></span> <span class='ocrx_word' id='word_1_312' title='bbox 1125 2535 1350 2592; x_wconf 87' lang='lat' dir='ltr'><strong>Vocavit</strong></span> <span class='ocrx_word' id='word_1_313' title='bbox 1375 2546 1556 2594; x_wconf 90' lang='lat' dir='ltr'><strong>autem</strong></span> <span class='ocrx_word' id='word_1_314' title='bbox 1585 2536 1756 2593; x_wconf 91' lang='lat' dir='ltr'><strong>Iacob</strong></span> <span class='ocrx_word' id='word_1_315' title='bbox 1791 2537 1932 2592; x_wconf 82' lang='lat' dir='ltr'><strong>filios</strong></span> <span class='ocrx_word' id='word_1_316' title='bbox 1971 2553 2124 2604; x_wconf 89' lang='lat' dir='ltr'><strong>suos,</strong></span> 
     </span>
    </p>
   </div>
   <div class='ocr_carea' id='block_1_40' title="bbox 547 2625 2125 2698">
    <p class='ocr_par' dir='ltr' id='par_1_40' title="bbox 547 2625 2125 2698">
     <span class='ocr_line' id='line_1_41' title="bbox 547 2625 2125 2698; baseline 0 -15"><span class='ocrx_word' id='word_1_317' title='bbox 547 2635 602 2683; x_wconf 90' lang='lat' dir='ltr'><strong>et</strong></span> <span class='ocrx_word' id='word_1_318' title='bbox 623 2626 700 2682; x_wconf 85' lang='lat' dir='ltr'><strong>ait</strong></span> <span class='ocrx_word' id='word_1_319' title='bbox 726 2627 807 2683; x_wconf 89' lang='lat' dir='ltr'><strong>eis</strong></span> <span class='ocrx_word' id='word_1_320' title='bbox 856 2645 870 2681; x_wconf 90' lang='lat'>:</span> <span class='ocrx_word' id='word_1_321' title='bbox 915 2625 1338 2698; x_wconf 75' lang='lat' dir='ltr'><strong>Congregamini</strong></span> <span class='ocrx_word' id='word_1_322' title='bbox 1389 2637 1450 2681; x_wconf 91' lang='lat' dir='ltr'><strong>ut</strong></span> <span class='ocrx_word' id='word_1_323' title='bbox 1478 2628 1796 2682; x_wconf 89' lang='lat' dir='ltr'><strong>annuntiem</strong></span> <span class='ocrx_word' id='word_1_324' title='bbox 1843 2643 1964 2698; x_wconf 76' lang='lat' dir='ltr'><strong>quae</strong></span> <span class='ocrx_word' id='word_1_325' title='bbox 1991 2643 2125 2683; x_wconf 90' lang='lat' dir='ltr'><strong>ven-</strong></span> 
     </span>
    </p>
   </div>
   <div class='ocr_carea' id='block_1_41' title="bbox 546 2719 2128 2794">
    <p class='ocr_par' dir='ltr' id='par_1_41' title="bbox 546 2719 2128 2794">
     <span class='ocr_line' id='line_1_42' title="bbox 546 2719 2128 2794; baseline 0.004 -22"><span class='ocrx_word' id='word_1_326' title='bbox 546 2727 671 2772; x_wconf 90' lang='lat' dir='ltr'><strong>tura</strong></span> <span class='ocrx_word' id='word_1_327' title='bbox 701 2726 830 2774; x_wconf 87' lang='lat' dir='ltr'><strong>sunt</strong></span> <span class='ocrx_word' id='word_1_328' title='bbox 850 2719 1007 2775; x_wconf 89' lang='lat' dir='ltr'><strong>vobis</strong></span> <span class='ocrx_word' id='word_1_329' title='bbox 1040 2720 1096 2773; x_wconf 92' lang='lat' dir='ltr'><strong>in</strong></span> <span class='ocrx_word' id='word_1_330' title='bbox 1125 2719 1320 2777; x_wconf 86' lang='lat' dir='ltr'><strong>diebus</strong></span> <span class='ocrx_word' id='word_1_331' title='bbox 1366 2721 1686 2778; x_wconf 89' lang='lat' dir='ltr'><strong>novissimis</strong></span> <span class='ocrx_word' id='word_1_332' title='bbox 1708 2723 1775 2776; x_wconf 66' lang='lat'><strong>7’.</strong></span> <span class='ocrx_word' id='word_1_333' title='bbox 1808 2741 1826 2775; x_wconf 74' lang='grc' dir='ltr'><strong>ι</strong></span> <span class='ocrx_word' id='word_1_334' title='bbox 1863 2722 2034 2794; x_wconf 78' lang='lat' dir='ltr'><strong>Igitur</strong></span> <span class='ocrx_word' id='word_1_335' title='bbox 2059 2723 2128 2778; x_wconf 89' lang='lat' dir='ltr'><strong>de</strong></span> 
     </span>
    </p>
   </div>
   <div class='ocr_carea' id='block_1_42' title="bbox 548 2811 2126 2884">
    <p class='ocr_par' dir='ltr' id='par_1_42' title="bbox 548 2811 2126 2884">
     <span class='ocr_line' id='line_1_43' title="bbox 548 2811 2126 2884; baseline 0.003 -19"><span class='ocrx_word' id='word_1_336' title='bbox 548 2811 748 2867; x_wconf 87' lang='lat' dir='ltr'><strong>futuris</strong></span> <span class='ocrx_word' id='word_1_337' title='bbox 777 2828 838 2868; x_wconf 89' lang='lat' dir='ltr'><strong>se</strong></span> <span class='ocrx_word' id='word_1_338' title='bbox 878 2813 960 2868; x_wconf 89' lang='lat' dir='ltr'><strong>eis</strong></span> <span class='ocrx_word' id='word_1_339' title='bbox 1003 2813 1512 2884; x_wconf 84' lang='lat' dir='ltr'><strong>prophetizaturum</strong></span> <span class='ocrx_word' id='word_1_340' title='bbox 1562 2815 1798 2868; x_wconf 87' lang='lat' dir='ltr'><strong>nuntiat.</strong></span> <span class='ocrx_word' id='word_1_341' title='bbox 1859 2813 2126 2869; x_wconf 64' lang='lat' dir='ltr'><strong>Praeterea</strong></span> 
     </span>
    </p>
   </div>
   <div class='ocr_carea' id='block_1_43' title="bbox 547 2904 2126 2976">
    <p class='ocr_par' dir='ltr' id='par_1_43' title="bbox 547 2904 2126 2976">
     <span class='ocr_line' id='line_1_44' title="bbox 547 2904 2126 2976; baseline 0.002 -19"><span class='ocrx_word' id='word_1_342' title='bbox 547 2905 898 2975; x_wconf 74' lang='lat' dir='ltr'><strong>perspicuum</strong></span> <span class='ocrx_word' id='word_1_343' title='bbox 938 2915 1022 2959; x_wconf 91' lang='lat' dir='ltr'><strong>est</strong></span> <span class='ocrx_word' id='word_1_344' title='bbox 1061 2904 1208 2975; x_wconf 84' lang='lat' dir='ltr'><strong>quod</strong></span> <span class='ocrx_word' id='word_1_345' title='bbox 1256 2920 1366 2959; x_wconf 90' lang='lat' dir='ltr'><strong>non</strong></span> <span class='ocrx_word' id='word_1_346' title='bbox 1411 2906 1478 2960; x_wconf 88' lang='lat' dir='ltr'><strong>ad</strong></span> <span class='ocrx_word' id='word_1_347' title='bbox 1531 2906 1899 2976; x_wconf 90' lang='lat' dir='ltr'><strong>patriarcham</strong></span> <span class='ocrx_word' id='word_1_348' title='bbox 1931 2904 2126 2961; x_wconf 88' lang='lat' dir='ltr'><strong>Iudam</strong></span> 
     </span>
    </p>
   </div>
   <div class='ocr_carea' id='block_1_44' title="bbox 549 2995 2130 3065">
    <p class='ocr_par' dir='ltr' id='par_1_44' title="bbox 549 2995 2130 3065">
     <span class='ocr_line' id='line_1_45' title="bbox 549 2995 2130 3065; baseline 0.001 -17"><span class='ocrx_word' id='word_1_349' title='bbox 549 3001 800 3064; x_wconf 83' lang='lat' dir='ltr'><strong>spectant</strong></span> <span class='ocrx_word' id='word_1_350' title='bbox 846 2995 1142 3065; x_wconf 68' lang='lat' dir='ltr'><strong>prophetia:</strong></span> <span class='ocrx_word' id='word_1_351' title='bbox 1180 2997 1364 3051; x_wconf 90' lang='lat' dir='ltr'><strong>verba.</strong></span> <span class='ocrx_word' id='word_1_352' title='bbox 1429 2995 1668 3064; x_wconf 90' lang='lat' dir='ltr'><strong>Quando</strong></span> <span class='ocrx_word' id='word_1_353' title='bbox 1701 2999 1845 3052; x_wconf 88' lang='lat' dir='ltr'><strong>enim</strong></span> <span class='ocrx_word' id='word_1_354' title='bbox 1890 2998 2041 3052; x_wconf 87' lang='lat' dir='ltr'><strong>illum</strong></span> <span class='ocrx_word' id='word_1_355' title='bbox 2074 3005 2130 3053; x_wconf 91' lang='lat' dir='ltr'><strong>et</strong></span> 
     </span>
    </p>
   </div>
   <div class='ocr_carea' id='block_1_45' title="bbox 549 3087 2130 3159">
    <p class='ocr_par' dir='ltr' id='par_1_45' title="bbox 549 3087 2130 3159">
     <span class='ocr_line' id='line_1_46' title="bbox 549 3087 2130 3159; baseline 0.003 -21"><span class='ocrx_word' id='word_1_356' title='bbox 549 3100 710 3155; x_wconf 86' lang='lat' dir='ltr'><strong>quam</strong></span> <span class='ocrx_word' id='word_1_357' title='bbox 745 3087 815 3141; x_wconf 94' lang='lat' dir='ltr'><strong>ob</strong></span> <span class='ocrx_word' id='word_1_358' title='bbox 840 3103 956 3142; x_wconf 90' lang='lat' dir='ltr'><strong>rem</strong></span> <span class='ocrx_word' id='word_1_359' title='bbox 1000 3087 1367 3144; x_wconf 90' lang='lat' dir='ltr'><strong>adoraverunt</strong></span> <span class='ocrx_word' id='word_1_360' title='bbox 1408 3087 1607 3144; x_wconf 85' lang='lat' dir='ltr'><strong>fratres</strong></span> <span class='ocrx_word' id='word_1_361' title='bbox 1627 3090 1744 3154; x_wconf 90' lang='lat' dir='ltr'><strong>sui,</strong></span> <span class='ocrx_word' id='word_1_362' title='bbox 1782 3095 1875 3143; x_wconf 92' lang='lat' dir='ltr'><strong>aut</strong></span> <span class='ocrx_word' id='word_1_363' title='bbox 1907 3097 2130 3159; x_wconf 90' lang='lat' dir='ltr'><strong>propter</strong></span> 
     </span>
    </p>
   </div>
   <div class='ocr_carea' id='block_1_46' title="bbox 549 3177 2127 3251">
    <p class='ocr_par' dir='ltr' id='par_1_46' title="bbox 549 3177 2127 3251">
     <span class='ocr_line' id='line_1_47' title="bbox 549 3177 2127 3251; baseline 0.001 -19"><span class='ocrx_word' id='word_1_364' title='bbox 549 3177 696 3248; x_wconf 84' lang='lat' dir='ltr'><strong>quod</strong></span> <span class='ocrx_word' id='word_1_365' title='bbox 730 3177 942 3234; x_wconf 85' lang='lat' dir='ltr'><strong>facinus</strong></span> <span class='ocrx_word' id='word_1_366' title='bbox 969 3195 1092 3234; x_wconf 90' lang='lat' dir='ltr'><strong>eum</strong></span> <span class='ocrx_word' id='word_1_367' title='bbox 1116 3195 1358 3251; x_wconf 86' lang='lat' dir='ltr'><strong>unquam</strong></span> <span class='ocrx_word' id='word_1_368' title='bbox 1395 3181 1794 3236; x_wconf 84' lang='lat' dir='ltr'><strong>laudaverunt?</strong></span> <span class='ocrx_word' id='word_1_369' title='bbox 1841 3179 2127 3247; x_wconf 90' lang='lat' dir='ltr'><strong>Quomodo</strong></span> 
     </span>
    </p>
   </div>
   <div class='ocr_carea' id='block_1_47' title="bbox 2230 2043 3821 2141">
    <p class='ocr_par' dir='ltr' id='par_1_47' title="bbox 2230 2043 3821 2141">
     <span class='ocr_line' id='line_1_48' title="bbox 2230 2043 3821 2141; baseline -0.019 -19"><span class='ocrx_word' id='word_1_370' title='bbox 2230 2066 2520 2141; x_wconf 85' lang='grc' dir='ltr'>προσδοκία</span> <span class='ocrx_word' id='word_1_371' title='bbox 2549 2061 2739 2122; x_wconf 85' lang='grc' dir='ltr'>ὲθνῶν,</span> <span class='ocrx_word' id='word_1_372' title='bbox 2781 2079 2797 2111; x_wconf 73' lang='grc' dir='ltr'><strong>ι</strong></span> <span class='ocrx_word' id='word_1_373' title='bbox 2837 2059 2930 2113; x_wconf 75' lang='grc' dir='ltr'><strong>καὶ</strong></span> <span class='ocrx_word' id='word_1_374' title='bbox 2953 2055 3021 2109; x_wconf 83' lang='grc' dir='ltr'><strong>τὰ</strong></span> <span class='ocrx_word' id='word_1_375' title='bbox 3050 2053 3197 2123; x_wconf 79' lang='grc' dir='ltr'>ἑξῆς.</span> <span class='ocrx_word' id='word_1_376' title='bbox 3239 2051 3325 2141; x_wconf 82' lang='grc' dir='ltr'>Ὠς</span> <span class='ocrx_word' id='word_1_377' title='bbox 3353 2046 3524 2141; x_wconf 63' lang='grc' dir='ltr'><strong>Δἁγίου</strong></span> <span class='ocrx_word' id='word_1_378' title='bbox 3560 2043 3821 2141; x_wconf 51' lang='grc' dir='ltr'>Πνεύμαῐ</span> 
     </span>
    </p>
   </div>
   <div class='ocr_carea' id='block_1_48' title="bbox 2224 2132 3817 2224">
    <p class='ocr_par' dir='ltr' id='par_1_48' title="bbox 2224 2132 3817 2224">
     <span class='ocr_line' id='line_1_49' title="bbox 2224 2132 3817 2224; baseline -0.018 -11"><span class='ocrx_word' id='word_1_379' title='bbox 2224 2132 2316 2223; x_wconf 78' lang='grc' dir='ltr'><strong>τος</strong></span> <span class='ocrx_word' id='word_1_380' title='bbox 2362 2157 2453 2211; x_wconf 79' lang='grc' dir='ltr'><strong>τὸν</strong></span> <span class='ocrx_word' id='word_1_381' title='bbox 2492 2155 2647 2224; x_wconf 91' lang='grc' dir='ltr'>λόγον</span> <span class='ocrx_word' id='word_1_382' title='bbox 2696 2149 2988 2205; x_wconf 83' lang='grc' dir='ltr'>ἀκουστέον</span> <span class='ocrx_word' id='word_1_383' title='bbox 3041 2144 3135 2198; x_wconf 88' lang='grc' dir='ltr'><strong>τοῦ</strong></span> <span class='ocrx_word' id='word_1_384' title='bbox 3173 2139 3367 2194; x_wconf 89' lang='grc' dir='ltr'>Ἰακὼϐ</span> <span class='ocrx_word' id='word_1_385' title='bbox 3412 2137 3481 2192; x_wconf 91' lang='grc' dir='ltr'><strong>τά</strong></span> <span class='ocrx_word' id='word_1_386' title='bbox 3534 2135 3666 2207; x_wconf 76' lang='grc' dir='ltr'>περὶ</span> <span class='ocrx_word' id='word_1_387' title='bbox 3715 2132 3817 2185; x_wconf 78' lang='grc' dir='ltr'><strong>τοῦ</strong></span> 
     </span>
    </p>
   </div>
   <div class='ocr_carea' id='block_1_49' title="bbox 2225 2227 3820 2321">
    <p class='ocr_par' dir='ltr' id='par_1_49' title="bbox 2225 2227 3820 2321">
     <span class='ocr_line' id='line_1_50' title="bbox 2225 2227 3820 2321; baseline -0.019 -17"><span class='ocrx_word' id='word_1_388' title='bbox 2225 2246 2463 2321; x_wconf 82' lang='grc' dir='ltr'>Χριστοῦ</span> <span class='ocrx_word' id='word_1_389' title='bbox 2504 2242 2958 2316; x_wconf 78' lang='grc' dir='ltr'>προθεσπίζοντος</span> <span class='ocrx_word' id='word_1_390' title='bbox 3005 2236 3098 2290; x_wconf 71' lang='grc' dir='ltr'>καὶ</span> <span class='ocrx_word' id='word_1_391' title='bbox 3143 2236 3222 2297; x_wconf 91' lang='grc' dir='ltr'><strong>είς</strong></span> <span class='ocrx_word' id='word_1_392' title='bbox 3265 2229 3551 2321; x_wconf 80' lang='grc' dir='ltr'>πρόσωπον</span> <span class='ocrx_word' id='word_1_393' title='bbox 3597 2227 3820 2321; x_wconf 53' lang='grc' dir='ltr'>ἀναφωῗ</span> 
     </span>
    </p>
   </div>
   <div class='ocr_carea' id='block_1_50' title="bbox 2224 2314 3820 2404">
    <p class='ocr_par' dir='ltr' id='par_1_50' title="bbox 2224 2314 3820 2404">
     <span class='ocr_line' id='line_1_51' title="bbox 2224 2314 3820 2404; baseline -0.02 -7"><span class='ocrx_word' id='word_1_394' title='bbox 2224 2314 2440 2404; x_wconf 82' lang='grc' dir='ltr'>νοῦντος</span> <span class='ocrx_word' id='word_1_395' title='bbox 2469 2314 2631 2393; x_wconf 85' lang='grc' dir='ltr'>αὑτοῦ</span> <span class='ocrx_word' id='word_1_396' title='bbox 2654 2334 2724 2388; x_wconf 84' lang='grc' dir='ltr'>τὰ</span> <span class='ocrx_word' id='word_1_397' title='bbox 2752 2332 2859 2388; x_wconf 79' lang='grc' dir='ltr'><strong>ἀπὸ</strong></span> <span class='ocrx_word' id='word_1_398' title='bbox 2889 2329 3006 2394; x_wconf 90' lang='grc' dir='ltr'>τοῦ,</span> <span class='ocrx_word' id='word_1_399' title='bbox 3041 2346 3060 2380; x_wconf 79' lang='grc' dir='ltr'><strong>ι</strong></span> <span class='ocrx_word' id='word_1_400' title='bbox 3106 2325 3298 2383; x_wconf 83' lang='grc' dir='ltr'>Ἰούδα,</span> <span class='ocrx_word' id='word_1_401' title='bbox 3328 2322 3386 2375; x_wconf 84' lang='grc' dir='ltr'><strong>σὲ</strong></span> <span class='ocrx_word' id='word_1_402' title='bbox 3420 2317 3737 2373; x_wconf 78' lang='grc' dir='ltr'>αἱνέσαισαν</span> <span class='ocrx_word' id='word_1_403' title='bbox 3767 2314 3820 2367; x_wconf 82' lang='grc' dir='ltr'>οἱ</span> 
     </span>
    </p>
   </div>
   <div class='ocr_carea' id='block_1_51' title="bbox 2225 2405 3821 2502">
    <p class='ocr_par' dir='ltr' id='par_1_51' title="bbox 2225 2405 3821 2502">
     <span class='ocr_line' id='line_1_52' title="bbox 2225 2405 3821 2502; baseline -0.02 -14"><span class='ocrx_word' id='word_1_404' title='bbox 2225 2431 2442 2502; x_wconf 84' lang='grc' dir='ltr'>ἀδελφοί</span> <span class='ocrx_word' id='word_1_405' title='bbox 2486 2446 2603 2482; x_wconf 82' lang='grc' dir='ltr'><strong>σου⁸</strong></span> <span class='ocrx_word' id='word_1_406' title='bbox 2653 2447 2670 2478; x_wconf 76' lang='grc' dir='ltr'><strong>ι</strong></span> <span class='ocrx_word' id='word_1_407' title='bbox 2698 2427 2778 2479; x_wconf 82' lang='grc' dir='ltr'>ὅτι</span> <span class='ocrx_word' id='word_1_408' title='bbox 2821 2422 2930 2494; x_wconf 73' lang='grc' dir='ltr'>γὰρ</span> <span class='ocrx_word' id='word_1_409' title='bbox 2965 2421 3025 2473; x_wconf 86' lang='grc' dir='ltr'><strong>ού</strong></span> <span class='ocrx_word' id='word_1_410' title='bbox 3076 2417 3210 2489; x_wconf 83' lang='grc' dir='ltr'>πρὸς</span> <span class='ocrx_word' id='word_1_411' title='bbox 3245 2415 3338 2467; x_wconf 86' lang='grc' dir='ltr'>τὸν</span> <span class='ocrx_word' id='word_1_412' title='bbox 3377 2412 3474 2464; x_wconf 74' lang='lat' dir='ltr'><strong>Eva.</strong></span> <span class='ocrx_word' id='word_1_413' title='bbox 3514 2408 3627 2463; x_wconf 89' lang='grc' dir='ltr'><strong>τῶν</strong></span> <span class='ocrx_word' id='word_1_414' title='bbox 3683 2405 3821 2458; x_wconf 86' lang='grc' dir='ltr'>υἱῶν</span> 
     </span>
    </p>
   </div>
   <div class='ocr_carea' id='block_1_52' title="bbox 2225 2501 3823 2592">
    <p class='ocr_par' dir='ltr' id='par_1_52' title="bbox 2225 2501 3823 2592">
     <span class='ocr_line' id='line_1_53' title="bbox 2225 2501 3823 2592; baseline -0.019 -12"><span class='ocrx_word' id='word_1_415' title='bbox 2225 2501 2374 2589; x_wconf 82' lang='grc' dir='ltr'>τοὺς</span> <span class='ocrx_word' id='word_1_416' title='bbox 2399 2523 2591 2592; x_wconf 77' lang='grc' dir='ltr'>λόγους</span> <span class='ocrx_word' id='word_1_417' title='bbox 2633 2519 2661 2572; x_wconf 87' lang='grc' dir='ltr'>ὁ</span> <span class='ocrx_word' id='word_1_418' title='bbox 2707 2516 3053 2588; x_wconf 80' lang='grc' dir='ltr'>πατριάρχης</span> <span class='ocrx_word' id='word_1_419' title='bbox 3099 2509 3334 2562; x_wconf 80' lang='grc' dir='ltr'>ἐποιεῖτο</span> <span class='ocrx_word' id='word_1_420' title='bbox 3365 2504 3521 2575; x_wconf 89' lang='grc' dir='ltr'>δῆλον</span> <span class='ocrx_word' id='word_1_421' title='bbox 3557 2503 3668 2564; x_wconf 86' lang='grc' dir='ltr'>τοῖς</span> <span class='ocrx_word' id='word_1_422' title='bbox 3695 2501 3823 2592; x_wconf 77' lang='grc' dir='ltr'>ἐπι-</span> 
     </span>
    </p>
   </div>
   <div class='ocr_carea' id='block_1_53' title="bbox 2228 2591 3824 2690">
    <p class='ocr_par' dir='ltr' id='par_1_53' title="bbox 2228 2591 3824 2690">
     <span class='ocr_line' id='line_1_54' title="bbox 2228 2591 3824 2690; baseline -0.019 -17"><span class='ocrx_word' id='word_1_423' title='bbox 2228 2620 2459 2690; x_wconf 85' lang='grc' dir='ltr'>στήσασι</span> <span class='ocrx_word' id='word_1_424' title='bbox 2478 2591 2552 2686; x_wconf 82' lang='grc' dir='ltr'>τῇ</span> <span class='ocrx_word' id='word_1_425' title='bbox 2584 2613 2774 2683; x_wconf 83' lang='grc' dir='ltr'>Γραφῇ</span> <span class='ocrx_word' id='word_1_426' title='bbox 2809 2601 3220 2679; x_wconf 84' lang='grc' dir='ltr'>διηγηματικῶς</span> <span class='ocrx_word' id='word_1_427' title='bbox 3255 2595 3559 2690; x_wconf 78' lang='grc' dir='ltr'>φασκούσῃ·</span> <span class='ocrx_word' id='word_1_428' title='bbox 3595 2613 3613 2644; x_wconf 82' lang='grc' dir='ltr'><strong>ι</strong></span> <span class='ocrx_word' id='word_1_429' title='bbox 3657 2591 3824 2690; x_wconf 64' lang='grc' dir='ltr'>ἸιΞκά-</span> 
     </span>
    </p>
   </div>
   <div class='ocr_carea' id='block_1_54' title="bbox 2226 2685 3824 2770">
    <p class='ocr_par' dir='ltr' id='par_1_54' title="bbox 2226 2685 3824 2770">
     <span class='ocr_line' id='line_1_55' title="bbox 2226 2685 3824 2770; baseline -0.019 -5"><span class='ocrx_word' id='word_1_430' title='bbox 2226 2685 2349 2764; x_wconf 73' lang='grc' dir='ltr'>λεσε</span> <span class='ocrx_word' id='word_1_431' title='bbox 2377 2709 2434 2762; x_wconf 82' lang='grc' dir='ltr'><strong>δὲ</strong></span> <span class='ocrx_word' id='word_1_432' title='bbox 2474 2703 2669 2761; x_wconf 90' lang='grc' dir='ltr'>Ἰακὼϐ</span> <span class='ocrx_word' id='word_1_433' title='bbox 2712 2705 2854 2770; x_wconf 73' lang='grc' dir='ltr'><strong>τοὺς¹</strong></span> <span class='ocrx_word' id='word_1_434' title='bbox 2884 2700 3034 2762; x_wconf 82' lang='grc' dir='ltr'>υίοὺς</span> <span class='ocrx_word' id='word_1_435' title='bbox 3086 2693 3270 2757; x_wconf 82' lang='grc' dir='ltr'>αὐτοῦ,</span> <span class='ocrx_word' id='word_1_436' title='bbox 3306 2691 3400 2745; x_wconf 71' lang='grc' dir='ltr'>καὶ</span> <span class='ocrx_word' id='word_1_437' title='bbox 3455 2685 3642 2742; x_wconf 71' lang='grc' dir='ltr'>εἶπεν·</span> <span class='ocrx_word' id='word_1_438' title='bbox 3685 2685 3824 2736; x_wconf 85' lang='grc' dir='ltr'>Συν-</span> 
     </span>
    </p>
   </div>
   <div class='ocr_carea' id='block_1_55' title="bbox 2227 2778 3826 2875">
    <p class='ocr_par' dir='ltr' id='par_1_55' title="bbox 2227 2778 3826 2875">
     <span class='ocr_line' id='line_1_56' title="bbox 2227 2778 3826 2875; baseline -0.02 -16"><span class='ocrx_word' id='word_1_439' title='bbox 2227 2804 2451 2875; x_wconf 86' lang='grc' dir='ltr'>ἀχθητε,</span> <span class='ocrx_word' id='word_1_440' title='bbox 2475 2800 2563 2853; x_wconf 83' lang='grc' dir='ltr'>ἵνα</span> <span class='ocrx_word' id='word_1_441' title='bbox 2589 2793 2893 2864; x_wconf 86' lang='grc' dir='ltr'>ἀναγγείλω</span> <span class='ocrx_word' id='word_1_442' title='bbox 2939 2792 3065 2862; x_wconf 85' lang='grc' dir='ltr'>ὑμῖν</span> <span class='ocrx_word' id='word_1_443' title='bbox 3094 2788 3144 2841; x_wconf 93' lang='grc' dir='ltr'><strong>τί</strong></span> <span class='ocrx_word' id='word_1_444' title='bbox 3176 2784 3547 2875; x_wconf 80' lang='grc' dir='ltr'>ἀπαντήσεται</span> <span class='ocrx_word' id='word_1_445' title='bbox 3570 2780 3698 2849; x_wconf 76' lang='grc' dir='ltr'>ύμῖν</span> <span class='ocrx_word' id='word_1_446' title='bbox 3731 2778 3826 2829; x_wconf 73' lang='grc' dir='ltr'><strong>ἐπ’</strong></span> 
     </span>
    </p>
   </div>
   <div class='ocr_carea' id='block_1_56' title="bbox 2229 2872 3826 2966">
    <p class='ocr_par' dir='ltr' id='par_1_56' title="bbox 2229 2872 3826 2966">
     <span class='ocr_line' id='line_1_57' title="bbox 2229 2872 3826 2966; baseline -0.019 -16"><span class='ocrx_word' id='word_1_447' title='bbox 2229 2872 2458 2966; x_wconf 72' lang='grc' dir='ltr'>ἐσχάτου</span> <span class='ocrx_word' id='word_1_448' title='bbox 2487 2891 2595 2946; x_wconf 89' lang='grc' dir='ltr'><strong>τῶν</strong></span> <span class='ocrx_word' id='word_1_449' title='bbox 2620 2887 2864 2961; x_wconf 81' lang='grc' dir='ltr'>ἡμερῶν.</span> <span class='ocrx_word' id='word_1_450' title='bbox 2903 2904 2922 2936; x_wconf 70' lang='grc' dir='ltr'><strong>ι</strong></span> <span class='ocrx_word' id='word_1_451' title='bbox 2955 2881 3162 2936; x_wconf 81' lang='grc' dir='ltr'>Οὐκοῦν</span> <span class='ocrx_word' id='word_1_452' title='bbox 3194 2878 3324 2949; x_wconf 71' lang='grc' dir='ltr'>περὶ</span> <span class='ocrx_word' id='word_1_453' title='bbox 3353 2872 3826 2966; x_wconf 27' lang='grc' dir='ltr'>μελλόντων*</span> 
     </span>
    </p>
   </div>
   <div class='ocr_carea' id='block_1_57' title="bbox 2230 2961 3826 3059">
    <p class='ocr_par' dir='ltr' id='par_1_57' title="bbox 2230 2961 3826 3059">
     <span class='ocr_line' id='line_1_58' title="bbox 2230 2961 3826 3059; baseline -0.019 -17"><span class='ocrx_word' id='word_1_454' title='bbox 2230 2961 2517 3059; x_wconf 79' lang='grc' dir='ltr'>φητεύσειν</span> <span class='ocrx_word' id='word_1_455' title='bbox 2557 2982 2740 3043; x_wconf 83' lang='grc' dir='ltr'>αὐτοῖς</span> <span class='ocrx_word' id='word_1_456' title='bbox 2788 2974 3203 3045; x_wconf 76' lang='grc' dir='ltr'>ἐπαγγέλλεται.</span> <span class='ocrx_word' id='word_1_457' title='bbox 3237 2969 3412 3038; x_wconf 82' lang='grc' dir='ltr'>Σαφὲς</span> <span class='ocrx_word' id='word_1_458' title='bbox 3435 2966 3490 3019; x_wconf 82' lang='grc' dir='ltr'><strong>δὲ</strong></span> <span class='ocrx_word' id='word_1_459' title='bbox 3521 2964 3615 3018; x_wconf 74' lang='grc' dir='ltr'><strong>καὶ</strong></span> <span class='ocrx_word' id='word_1_460' title='bbox 3644 2961 3826 3024; x_wconf 77' lang='grc' dir='ltr'>ἄλλως</span> 
     </span>
    </p>
   </div>
   <div class='ocr_carea' id='block_1_58' title="bbox 2227 3059 3826 3150">
    <p class='ocr_par' dir='ltr' id='par_1_58' title="bbox 2227 3059 3826 3150">
     <span class='ocr_line' id='line_1_59' title="bbox 2227 3059 3826 3150; baseline -0.018 -16"><span class='ocrx_word' id='word_1_461' title='bbox 2227 3082 2308 3134; x_wconf 85' lang='grc' dir='ltr'>ὅτι</span> <span class='ocrx_word' id='word_1_462' title='bbox 2352 3077 2426 3150; x_wconf 86' lang='grc' dir='ltr'><strong>μὴ</strong></span> <span class='ocrx_word' id='word_1_463' title='bbox 2467 3075 2603 3146; x_wconf 77' lang='grc' dir='ltr'>πρὸς</span> <span class='ocrx_word' id='word_1_464' title='bbox 2634 3073 2726 3126; x_wconf 83' lang='grc' dir='ltr'><strong>τὸν</strong></span> <span class='ocrx_word' id='word_1_465' title='bbox 2761 3069 3104 3142; x_wconf 86' lang='grc' dir='ltr'>πατριάρχην</span> <span class='ocrx_word' id='word_1_466' title='bbox 3146 3063 3345 3118; x_wconf 86' lang='grc' dir='ltr'>Ἰούδαν</span> <span class='ocrx_word' id='word_1_467' title='bbox 3375 3063 3430 3114; x_wconf 84' lang='grc' dir='ltr'><strong>αί</strong></span> <span class='ocrx_word' id='word_1_468' title='bbox 3458 3059 3559 3128; x_wconf 88' lang='grc' dir='ltr'><strong>τῆς</strong></span> <span class='ocrx_word' id='word_1_469' title='bbox 3602 3072 3826 3128; x_wconf 75' lang='grc' dir='ltr'>προφη-</span> 
     </span>
    </p>
   </div>
   <div class='ocr_carea' id='block_1_59' title="bbox 2230 3152 3826 3236">
    <p class='ocr_par' dir='ltr' id='par_1_59' title="bbox 2230 3152 3826 3236">
     <span class='ocr_line' id='line_1_60' title="bbox 2230 3152 3826 3236; baseline -0.015 -11"><span class='ocrx_word' id='word_1_470' title='bbox 2230 3171 2378 3234; x_wconf 82' lang='grc' dir='ltr'>τείας</span> <span class='ocrx_word' id='word_1_471' title='bbox 2420 3167 2482 3236; x_wconf 80' lang='lat' dir='ltr'><strong>(f.</strong></span> <span class='ocrx_word' id='word_1_472' title='bbox 2529 3167 2620 3232; x_wconf 75' lang='grc'><strong>12)</strong></span> <span class='ocrx_word' id='word_1_473' title='bbox 2654 3165 2985 3236; x_wconf 84' lang='grc' dir='ltr'>ἀρμόττουσι</span> <span class='ocrx_word' id='word_1_474' title='bbox 3027 3158 3234 3227; x_wconf 73' lang='grc' dir='ltr'>φωναίο</span> <span class='ocrx_word' id='word_1_475' title='bbox 3281 3155 3409 3208; x_wconf 88' lang='grc' dir='ltr'>πότε</span> <span class='ocrx_word' id='word_1_476' title='bbox 3458 3152 3566 3224; x_wconf 90' lang='grc' dir='ltr'><strong>γάρ</strong></span> <span class='ocrx_word' id='word_1_477' title='bbox 3612 3153 3826 3203; x_wconf 76' lang='grc' dir='ltr'>ἐκεῖνον</span> 
     </span>
    </p>
   </div>
   <div class='ocr_carea' id='block_1_60' title="bbox 550 3244 2128 3346">
    <p class='ocr_par' dir='ltr' id='par_1_60' title="bbox 550 3244 2126 3346">
     <span class='ocr_line' id='line_1_61' title="bbox 550 3244 2126 3346; baseline 0.001 -21"><span class='ocrx_word' id='word_1_478' title='bbox 550 3244 713 3325; x_wconf 75' lang='lat' dir='ltr'><strong>etiam</strong></span> <span class='ocrx_word' id='word_1_479' title='bbox 741 3271 1006 3342; x_wconf 81' lang='lat' dir='ltr'><strong>quidquid</strong></span> <span class='ocrx_word' id='word_1_480' title='bbox 1031 3271 1098 3327; x_wconf 92' lang='lat' dir='ltr'><strong>de</strong></span> <span class='ocrx_word' id='word_1_481' title='bbox 1125 3244 1228 3328; x_wconf 80' lang='lat' dir='ltr'><strong>hac</strong></span> <span class='ocrx_word' id='word_1_482' title='bbox 1250 3273 1534 3346; x_wconf 69' lang='lat' dir='ltr'><strong>prophetia</strong></span> <span class='ocrx_word' id='word_1_483' title='bbox 1559 3273 1609 3328; x_wconf 91' lang='lat' dir='ltr'><strong>ei</strong></span> <span class='ocrx_word' id='word_1_484' title='bbox 1641 3244 1884 3343; x_wconf 83' lang='lat' dir='ltr'><strong>adaptari</strong></span> <span class='ocrx_word' id='word_1_485' title='bbox 1918 3273 2126 3344; x_wconf 85' lang='lat' dir='ltr'><strong>potest?</strong></span> 
     </span>
    </p>
   </div>
   <div class='ocr_carea' id='block_1_61' title="bbox 2233 3244 3830 3346">
    <p class='ocr_par' dir='ltr' id='par_1_61' title="bbox 2233 3244 3830 3346">
     <span class='ocr_line' id='line_1_62' title="bbox 2233 3244 3830 3346; baseline -0.016 -28"><span class='ocrx_word' id='word_1_486' title='bbox 2233 3265 2259 3334; x_wconf 81' lang='grc' dir='ltr'>ἢ</span> <span class='ocrx_word' id='word_1_487' title='bbox 2291 3264 2384 3316; x_wconf 75' lang='grc' dir='ltr'>καὶ</span> <span class='ocrx_word' id='word_1_488' title='bbox 2407 3262 2493 3315; x_wconf 84' lang='grc' dir='ltr'>διὰ</span> <span class='ocrx_word' id='word_1_489' title='bbox 2521 3278 2572 3312; x_wconf 89' lang='grc' dir='ltr'><strong>τι</strong></span> <span class='ocrx_word' id='word_1_490' title='bbox 2607 3255 3019 3325; x_wconf 82' lang='grc' dir='ltr'>προσεκύνησαν</span> <span class='ocrx_word' id='word_1_491' title='bbox 3045 3252 3094 3304; x_wconf 91' lang='grc' dir='ltr'><strong>οί</strong></span> <span class='ocrx_word' id='word_1_492' title='bbox 3132 3248 3350 3317; x_wconf 73' lang='grc' dir='ltr'>ἀδελφοὶ</span> <span class='ocrx_word' id='word_1_493' title='bbox 3378 3245 3564 3308; x_wconf 75' lang='grc' dir='ltr'>αὑτοῦ,</span> <span class='ocrx_word' id='word_1_494' title='bbox 3591 3244 3684 3296; x_wconf 74' lang='grc' dir='ltr'>ἐπὶ</span> <span class='ocrx_word' id='word_1_495' title='bbox 3712 3245 3830 3346; x_wconf 52' lang='grc' dir='ltr'>τίνι</span> 
     </span>
    </p>
   </div>
   <div class='ocr_carea' id='block_1_62' title="bbox 553 3361 2124 3434">
    <p class='ocr_par' dir='ltr' id='par_1_62' title="bbox 553 3361 2124 3434">
     <span class='ocr_line' id='line_1_63' title="bbox 553 3361 2124 3434; baseline 0.003 -20"><span class='ocrx_word' id='word_1_496' title='bbox 553 3361 662 3417; x_wconf 76' lang='lat' dir='ltr'><strong>Nec</strong></span> <span class='ocrx_word' id='word_1_497' title='bbox 685 3378 816 3418; x_wconf 89' lang='lat' dir='ltr'><strong>vero</strong></span> <span class='ocrx_word' id='word_1_498' title='bbox 867 3364 933 3418; x_wconf 90' lang='lat' dir='ltr'><strong>ad</strong></span> <span class='ocrx_word' id='word_1_499' title='bbox 975 3363 1180 3418; x_wconf 88' lang='lat' dir='ltr'><strong>tribum</strong></span> <span class='ocrx_word' id='word_1_500' title='bbox 1225 3379 1289 3419; x_wconf 88' lang='lat' dir='ltr'><strong>ea</strong></span> <span class='ocrx_word' id='word_1_501' title='bbox 1336 3371 1568 3434; x_wconf 91' lang='lat' dir='ltr'><strong>possunt</strong></span> <span class='ocrx_word' id='word_1_502' title='bbox 1615 3362 1840 3432; x_wconf 86' lang='lat' dir='ltr'><strong>referri;</strong></span> <span class='ocrx_word' id='word_1_503' title='bbox 1891 3379 2124 3434; x_wconf 90' lang='lat' dir='ltr'><strong>namque</strong></span> 
     </span>
    </p>
   </div>
   <div class='ocr_carea' id='block_1_63' title="bbox 551 3454 2126 3527">
    <p class='ocr_par' dir='ltr' id='par_1_63' title="bbox 551 3454 2126 3527">
     <span class='ocr_line' id='line_1_64' title="bbox 551 3454 2126 3527; baseline 0.001 -19"><span class='ocrx_word' id='word_1_504' title='bbox 551 3469 660 3509; x_wconf 89' lang='lat' dir='ltr'><strong>non</strong></span> <span class='ocrx_word' id='word_1_505' title='bbox 703 3461 915 3509; x_wconf 91' lang='lat' dir='ltr'><strong>tantum</strong></span> <span class='ocrx_word' id='word_1_506' title='bbox 962 3471 993 3512; x_wconf 93' lang='lat' dir='ltr'><strong>e</strong></span> <span class='ocrx_word' id='word_1_507' title='bbox 1035 3456 1182 3510; x_wconf 90' lang='lat' dir='ltr'><strong>tribu</strong></span> <span class='ocrx_word' id='word_1_508' title='bbox 1229 3454 1382 3510; x_wconf 64' lang='lat' dir='ltr'><strong>Iudae</strong></span> <span class='ocrx_word' id='word_1_509' title='bbox 1420 3455 1590 3511; x_wconf 90' lang='lat' dir='ltr'><strong>duces</strong></span> <span class='ocrx_word' id='word_1_510' title='bbox 1616 3457 1803 3527; x_wconf 90' lang='lat' dir='ltr'><strong>populi</strong></span> <span class='ocrx_word' id='word_1_511' title='bbox 1841 3455 2126 3511; x_wconf 89' lang='lat' dir='ltr'><strong>constituti</strong></span> 
     </span>
    </p>
   </div>
   <div class='ocr_carea' id='block_1_64' title="bbox 551 3545 2127 3618">
    <p class='ocr_par' dir='ltr' id='par_1_64' title="bbox 551 3545 2127 3618">
     <span class='ocr_line' id='line_1_65' title="bbox 551 3545 2127 3618; baseline 0.003 -17"><span class='ocrx_word' id='word_1_512' title='bbox 551 3551 697 3602; x_wconf 89' lang='lat' dir='ltr'><strong>sunt.</strong></span> <span class='ocrx_word' id='word_1_513' title='bbox 753 3545 974 3603; x_wconf 83' lang='lat' dir='ltr'><strong>Iudices</strong></span> <span class='ocrx_word' id='word_1_514' title='bbox 1015 3547 1161 3602; x_wconf 91' lang='lat' dir='ltr'><strong>enim</strong></span> <span class='ocrx_word' id='word_1_515' title='bbox 1193 3558 1319 3618; x_wconf 89' lang='lat' dir='ltr'><strong>post</strong></span> <span class='ocrx_word' id='word_1_516' title='bbox 1356 3547 1595 3618; x_wconf 84' lang='lat' dir='ltr'><strong>Moysem</strong></span> <span class='ocrx_word' id='word_1_517' title='bbox 1625 3566 1656 3606; x_wconf 91' lang='lat' dir='ltr'><strong>e</strong></span> <span class='ocrx_word' id='word_1_518' title='bbox 1678 3549 1846 3606; x_wconf 87' lang='lat' dir='ltr'><strong>variis</strong></span> <span class='ocrx_word' id='word_1_519' title='bbox 1874 3548 2127 3606; x_wconf 90' lang='lat' dir='ltr'><strong>tribubus</strong></span> 
     </span>
    </p>
   </div>
   <div class='ocr_carea' id='block_1_65' title="bbox 550 3637 2128 3712">
    <p class='ocr_par' dir='ltr' id='par_1_65' title="bbox 550 3637 2128 3712">
     <span class='ocr_line' id='line_1_66' title="bbox 550 3637 2128 3712; baseline 0.001 -22"><span class='ocrx_word' id='word_1_520' title='bbox 550 3638 771 3694; x_wconf 82' lang='lat' dir='ltr'><strong>circiter</strong></span> <span class='ocrx_word' id='word_1_521' title='bbox 803 3637 1135 3710; x_wconf 79' lang='lat' dir='ltr'><strong>quingentos</strong></span> <span class='ocrx_word' id='word_1_522' title='bbox 1182 3654 1356 3696; x_wconf 89' lang='lat' dir='ltr'><strong>annos</strong></span> <span class='ocrx_word' id='word_1_523' title='bbox 1390 3638 1634 3697; x_wconf 82' lang='lat' dir='ltr'><strong>Hebraeis</strong></span> <span class='ocrx_word' id='word_1_524' title='bbox 1684 3639 1925 3712; x_wconf 71' lang='lat' dir='ltr'><strong>przefecti</strong></span> <span class='ocrx_word' id='word_1_525' title='bbox 1961 3647 2128 3702; x_wconf 86' lang='lat' dir='ltr'><strong>sunt;</strong></span> 
     </span>
    </p>
   </div>
   <div class='ocr_carea' id='block_1_66' title="bbox 551 3730 2131 3804">
    <p class='ocr_par' dir='ltr' id='par_1_66' title="bbox 551 3730 2131 3804">
     <span class='ocr_line' id='line_1_67' title="bbox 551 3730 2131 3804; baseline 0 -18"><span class='ocrx_word' id='word_1_526' title='bbox 551 3730 678 3786; x_wconf 89' lang='lat' dir='ltr'><strong>dein</strong></span> <span class='ocrx_word' id='word_1_527' title='bbox 731 3745 761 3787; x_wconf 90' lang='lat' dir='ltr'><strong>e</strong></span> <span class='ocrx_word' id='word_1_528' title='bbox 819 3731 967 3785; x_wconf 86' lang='lat' dir='ltr'><strong>tribu</strong></span> <span class='ocrx_word' id='word_1_529' title='bbox 995 3731 1276 3801; x_wconf 86' lang='lat' dir='ltr'><strong>Benjamin</strong></span> <span class='ocrx_word' id='word_1_530' title='bbox 1333 3733 1543 3804; x_wconf 87' lang='lat' dir='ltr'><strong>primus</strong></span> <span class='ocrx_word' id='word_1_531' title='bbox 1602 3735 1846 3789; x_wconf 89' lang='lat' dir='ltr'><strong>omnium</strong></span> <span class='ocrx_word' id='word_1_532' title='bbox 1895 3749 1991 3788; x_wconf 82' lang='lat' dir='ltr'><strong>rex</strong></span> <span class='ocrx_word' id='word_1_533' title='bbox 2028 3732 2131 3787; x_wconf 84' lang='lat' dir='ltr'><strong>fuit</strong></span> 
     </span>
    </p>
   </div>
   <div class='ocr_carea' id='block_1_67' title="bbox 554 3820 2132 3893">
    <p class='ocr_par' dir='ltr' id='par_1_67' title="bbox 554 3820 2132 3893">
     <span class='ocr_line' id='line_1_68' title="bbox 554 3820 2132 3893; baseline 0.001 -17"><span class='ocrx_word' id='word_1_534' title='bbox 554 3820 716 3889; x_wconf 87' lang='lat' dir='ltr'><strong>Saul;</strong></span> <span class='ocrx_word' id='word_1_535' title='bbox 767 3837 877 3893; x_wconf 90' lang='lat' dir='ltr'><strong>quo</strong></span> <span class='ocrx_word' id='word_1_536' title='bbox 923 3832 1141 3878; x_wconf 90' lang='lat' dir='ltr'><strong>mortuo</strong></span> <span class='ocrx_word' id='word_1_537' title='bbox 1189 3834 1557 3892; x_wconf 78' lang='lat' dir='ltr'><strong>regnaverunt</strong></span> <span class='ocrx_word' id='word_1_538' title='bbox 1600 3840 1631 3879; x_wconf 92' lang='lat' dir='ltr'><strong>e</strong></span> <span class='ocrx_word' id='word_1_539' title='bbox 1664 3825 1810 3880; x_wconf 86' lang='lat' dir='ltr'><strong>tribu</strong></span> <span class='ocrx_word' id='word_1_540' title='bbox 1840 3822 1994 3879; x_wconf 80' lang='lat' dir='ltr'><strong>Iudae</strong></span> <span class='ocrx_word' id='word_1_541' title='bbox 2022 3839 2132 3879; x_wconf 88' lang='lat' dir='ltr'><strong>non</strong></span> 
     </span>
    </p>
   </div>
   <div class='ocr_carea' id='block_1_68' title="bbox 553 3915 2136 3987">
    <p class='ocr_par' dir='ltr' id='par_1_68' title="bbox 553 3915 2136 3987">
     <span class='ocr_line' id='line_1_69' title="bbox 553 3915 2136 3987; baseline 0.002 -20"><span class='ocrx_word' id='word_1_542' title='bbox 553 3921 671 3967; x_wconf 88' lang='lat' dir='ltr'><strong>toto</strong></span> <span class='ocrx_word' id='word_1_543' title='bbox 710 3915 1134 3985; x_wconf 84' lang='lat' dir='ltr'><strong>quingentorum</strong></span> <span class='ocrx_word' id='word_1_544' title='bbox 1163 3931 1429 3979; x_wconf 87' lang='lat' dir='ltr'><strong>annorum</strong></span> <span class='ocrx_word' id='word_1_545' title='bbox 1462 3917 1671 3987; x_wconf 90' lang='lat' dir='ltr'><strong>spatio;</strong></span> <span class='ocrx_word' id='word_1_546' title='bbox 1717 3917 1843 3972; x_wconf 90' lang='lat' dir='ltr'><strong>dein</strong></span> <span class='ocrx_word' id='word_1_547' title='bbox 1876 3924 2000 3986; x_wconf 91' lang='lat' dir='ltr'><strong>post</strong></span> <span class='ocrx_word' id='word_1_548' title='bbox 2034 3917 2136 3970; x_wconf 85' lang='lat' dir='ltr'><strong>Ba-</strong></span> 
     </span>
    </p>
   </div>
   <div class='ocr_carea' id='block_1_69' title="bbox 553 4004 2132 4076">
    <p class='ocr_par' dir='ltr' id='par_1_69' title="bbox 553 4004 2132 4076">
     <span class='ocr_line' id='line_1_70' title="bbox 553 4004 2132 4076; baseline 0.001 -19"><span class='ocrx_word' id='word_1_549' title='bbox 553 4004 768 4076; x_wconf 83' lang='lat' dir='ltr'><strong>bylonis</strong></span> <span class='ocrx_word' id='word_1_550' title='bbox 794 4005 1166 4075; x_wconf 83' lang='lat' dir='ltr'><strong>captivitatem</strong></span> <span class='ocrx_word' id='word_1_551' title='bbox 1206 4006 1370 4064; x_wconf 84' lang='lat' dir='ltr'><strong>rebus</strong></span> <span class='ocrx_word' id='word_1_552' title='bbox 1406 4005 1745 4076; x_wconf 60' lang='lat' dir='ltr'><strong>prxefuerunt</strong></span> <span class='ocrx_word' id='word_1_553' title='bbox 1778 4022 1810 4060; x_wconf 92' lang='lat' dir='ltr'><strong>e</strong></span> <span class='ocrx_word' id='word_1_554' title='bbox 1833 4005 1976 4061; x_wconf 91' lang='lat' dir='ltr'><strong>tribu</strong></span> <span class='ocrx_word' id='word_1_555' title='bbox 2006 4004 2132 4060; x_wconf 87' lang='lat' dir='ltr'><strong>Levi</strong></span> 
     </span>
    </p>
   </div>
   <div class='ocr_carea' id='block_1_70' title="bbox 554 4095 2138 4168">
    <p class='ocr_par' dir='ltr' id='par_1_70' title="bbox 554 4095 2138 4168">
     <span class='ocr_line' id='line_1_71' title="bbox 554 4095 2138 4168; baseline -0.001 -17"><span class='ocrx_word' id='word_1_556' title='bbox 554 4097 678 4165; x_wconf 84' lang='lat' dir='ltr'><strong>plus</strong></span> <span class='ocrx_word' id='word_1_557' title='bbox 705 4110 869 4166; x_wconf 87' lang='lat' dir='ltr'><strong>quam</strong></span> <span class='ocrx_word' id='word_1_558' title='bbox 897 4095 1229 4166; x_wconf 79' lang='lat' dir='ltr'><strong>quingentos</strong></span> <span class='ocrx_word' id='word_1_559' title='bbox 1252 4111 1449 4161; x_wconf 88' lang='lat' dir='ltr'><strong>annos,</strong></span> <span class='ocrx_word' id='word_1_560' title='bbox 1499 4113 1672 4168; x_wconf 84' lang='lat' dir='ltr'><strong>usque</strong></span> <span class='ocrx_word' id='word_1_561' title='bbox 1707 4097 1775 4152; x_wconf 93' lang='lat' dir='ltr'><strong>ad</strong></span> <span class='ocrx_word' id='word_1_562' title='bbox 1803 4096 2007 4153; x_wconf 86' lang='lat' dir='ltr'><strong>Christi</strong></span> <span class='ocrx_word' id='word_1_563' title='bbox 2039 4096 2138 4151; x_wconf 85' lang='lat' dir='ltr'><strong>ad-</strong></span> 
     </span>
    </p>
   </div>
   <div class='ocr_carea' id='block_1_71' title="bbox 556 4185 2137 4259">
    <p class='ocr_par' dir='ltr' id='par_1_71' title="bbox 556 4185 2137 4259">
     <span class='ocr_line' id='line_1_72' title="bbox 556 4185 2137 4259; baseline 0.002 -21"><span class='ocrx_word' id='word_1_564' title='bbox 556 4194 795 4242; x_wconf 74' lang='lat' dir='ltr'><strong>ventum.</strong></span> <span class='ocrx_word' id='word_1_565' title='bbox 831 4185 973 4253; x_wconf 90' lang='lat' dir='ltr'><strong>Quid</strong></span> <span class='ocrx_word' id='word_1_566' title='bbox 995 4187 1162 4256; x_wconf 79' lang='lat' dir='ltr'><strong>igitur</strong></span> <span class='ocrx_word' id='word_1_567' title='bbox 1190 4189 1364 4258; x_wconf 81' lang='lat' dir='ltr'><strong>magis</strong></span> <span class='ocrx_word' id='word_1_568' title='bbox 1393 4187 1460 4244; x_wconf 91' lang='lat' dir='ltr'><strong>de</strong></span> <span class='ocrx_word' id='word_1_569' title='bbox 1487 4188 1635 4243; x_wconf 87' lang='lat' dir='ltr'><strong>tribu</strong></span> <span class='ocrx_word' id='word_1_570' title='bbox 1659 4187 1812 4244; x_wconf 71' lang='lat' dir='ltr'><strong>Iuda:</strong></span> <span class='ocrx_word' id='word_1_571' title='bbox 1843 4205 1964 4259; x_wconf 66' lang='lat' dir='ltr'><strong>quae</strong></span> <span class='ocrx_word' id='word_1_572' title='bbox 1998 4203 2137 4259; x_wconf 65' lang='lat' dir='ltr'><strong>prae-</strong></span> 
     </span>
    </p>
   </div>
   <div class='ocr_carea' id='block_1_72' title="bbox 555 4275 2136 4350">
    <p class='ocr_par' dir='ltr' id='par_1_72' title="bbox 555 4275 2136 4350">
     <span class='ocr_line' id='line_1_73' title="bbox 555 4275 2136 4350; baseline 0.003 -21"><span class='ocrx_word' id='word_1_573' title='bbox 555 4277 701 4331; x_wconf 75' lang='lat' dir='ltr'><strong>dicta</strong></span> <span class='ocrx_word' id='word_1_574' title='bbox 727 4283 856 4331; x_wconf 90' lang='lat' dir='ltr'><strong>sunt</strong></span> <span class='ocrx_word' id='word_1_575' title='bbox 887 4275 1052 4330; x_wconf 79' lang='lat' dir='ltr'><strong>refert</strong></span> <span class='ocrx_word' id='word_1_576' title='bbox 1075 4276 1382 4346; x_wconf 87' lang='lat' dir='ltr'><strong>prophetia,</strong></span> <span class='ocrx_word' id='word_1_577' title='bbox 1436 4292 1602 4348; x_wconf 82' lang='lat' dir='ltr'><strong>quam</strong></span> <span class='ocrx_word' id='word_1_578' title='bbox 1631 4279 1698 4334; x_wconf 89' lang='lat' dir='ltr'><strong>de</strong></span> <span class='ocrx_word' id='word_1_579' title='bbox 1719 4279 1969 4335; x_wconf 67' lang='lat' dir='ltr'><strong>caneris?</strong></span> <span class='ocrx_word' id='word_1_580' title='bbox 1995 4279 2136 4350; x_wconf 84' lang='lat' dir='ltr'><strong>Ergo</strong></span> 
     </span>
    </p>
   </div>
   <div class='ocr_carea' id='block_1_73' title="bbox 554 4368 2133 4442">
    <p class='ocr_par' dir='ltr' id='par_1_73' title="bbox 554 4368 2133 4442">
     <span class='ocr_line' id='line_1_74' title="bbox 554 4368 2133 4442; baseline 0.002 -19"><span class='ocrx_word' id='word_1_581' title='bbox 554 4386 666 4423; x_wconf 88' lang='lat' dir='ltr'><strong>non</strong></span> <span class='ocrx_word' id='word_1_582' title='bbox 701 4369 769 4422; x_wconf 87' lang='lat' dir='ltr'><strong>ad</strong></span> <span class='ocrx_word' id='word_1_583' title='bbox 814 4368 1016 4424; x_wconf 88' lang='lat' dir='ltr'><strong>tribum</strong></span> <span class='ocrx_word' id='word_1_584' title='bbox 1063 4368 1258 4424; x_wconf 83' lang='lat' dir='ltr'><strong>referri</strong></span> <span class='ocrx_word' id='word_1_585' title='bbox 1305 4377 1537 4440; x_wconf 90' lang='lat' dir='ltr'><strong>possunt</strong></span> <span class='ocrx_word' id='word_1_586' title='bbox 1583 4388 1704 4442; x_wconf 75' lang='lat' dir='ltr'><strong>qua:</strong></span> <span class='ocrx_word' id='word_1_587' title='bbox 1749 4372 2133 4428; x_wconf 89' lang='lat' dir='ltr'><strong>ostenduntur.</strong></span> 
     </span>
    </p>
   </div>
   <div class='ocr_carea' id='block_1_74' title="bbox 554 4458 2136 4532">
    <p class='ocr_par' dir='ltr' id='par_1_74' title="bbox 554 4458 2136 4532">
     <span class='ocr_line' id='line_1_75' title="bbox 554 4458 2136 4532; baseline 0.003 -20"><span class='ocrx_word' id='word_1_588' title='bbox 554 4458 660 4524; x_wconf 90' lang='lat' dir='ltr'><strong>Qui</strong></span> <span class='ocrx_word' id='word_1_589' title='bbox 682 4459 826 4514; x_wconf 92' lang='lat' dir='ltr'><strong>enim</strong></span> <span class='ocrx_word' id='word_1_590' title='bbox 879 4459 934 4512; x_wconf 93' lang='lat' dir='ltr'><strong>in</strong></span> <span class='ocrx_word' id='word_1_591' title='bbox 966 4459 1283 4514; x_wconf 87' lang='lat' dir='ltr'><strong>novissimis</strong></span> <span class='ocrx_word' id='word_1_592' title='bbox 1314 4459 1507 4516; x_wconf 86' lang='lat' dir='ltr'><strong>diebus</strong></span> <span class='ocrx_word' id='word_1_593' title='bbox 1538 4462 1791 4532; x_wconf 87' lang='lat' dir='ltr'><strong>apparuit</strong></span> <span class='ocrx_word' id='word_1_594' title='bbox 1818 4461 2012 4526; x_wconf 87' lang='lat' dir='ltr'><strong>Iudas,</strong></span> <span class='ocrx_word' id='word_1_595' title='bbox 2040 4476 2136 4515; x_wconf 89' lang='lat' dir='ltr'><strong>ve-</strong></span> 
     </span>
    </p>
   </div>
   <div class='ocr_carea' id='block_1_75' title="bbox 554 4552 2135 4611">
    <p class='ocr_par' dir='ltr' id='par_1_75' title="bbox 554 4552 2135 4611">
     <span class='ocr_line' id='line_1_76' title="bbox 554 4552 2135 4611; baseline 0 -3"><span class='ocrx_word' id='word_1_596' title='bbox 554 4568 676 4608; x_wconf 91' lang='lat' dir='ltr'><strong>rum</strong></span> <span class='ocrx_word' id='word_1_597' title='bbox 705 4554 958 4608; x_wconf 87' lang='lat' dir='ltr'><strong>novimus</strong></span> <span class='ocrx_word' id='word_1_598' title='bbox 979 4568 1100 4607; x_wconf 87' lang='lat' dir='ltr'><strong>esse</strong></span> <span class='ocrx_word' id='word_1_599' title='bbox 1131 4552 1471 4608; x_wconf 85' lang='lat' dir='ltr'><strong>Salvatorem</strong></span> <span class='ocrx_word' id='word_1_600' title='bbox 1494 4565 1546 4609; x_wconf 85' lang='lat' dir='ltr'><strong>et</strong></span> <span class='ocrx_word' id='word_1_601' title='bbox 1567 4555 1857 4610; x_wconf 91' lang='lat' dir='ltr'><strong>Dominum</strong></span> <span class='ocrx_word' id='word_1_602' title='bbox 1885 4564 2135 4611; x_wconf 86' lang='lat' dir='ltr'><strong>nostrum</strong></span> 
     </span>
    </p>
   </div>
   <div class='ocr_carea' id='block_1_76' title="bbox 2228 3334 3828 3423">
    <p class='ocr_par' dir='ltr' id='par_1_76' title="bbox 2228 3334 3828 3423">
     <span class='ocr_line' id='line_1_77' title="bbox 2228 3334 3828 3423; baseline -0.013 -15"><span class='ocrx_word' id='word_1_603' title='bbox 2228 3356 2284 3408; x_wconf 82' lang='grc' dir='ltr'>δὲ</span> <span class='ocrx_word' id='word_1_604' title='bbox 2311 3351 2692 3423; x_wconf 78' lang='grc' dir='ltr'>κατορθώματι</span> <span class='ocrx_word' id='word_1_605' title='bbox 2718 3350 2751 3419; x_wconf 84' lang='grc' dir='ltr'>ἢ</span> <span class='ocrx_word' id='word_1_606' title='bbox 2783 3349 2874 3402; x_wconf 65' lang='grc' dir='ltr'><strong>καὶ¹</strong></span> <span class='ocrx_word' id='word_1_607' title='bbox 2903 3346 3029 3399; x_wconf 88' lang='grc' dir='ltr'>πότε</span> <span class='ocrx_word' id='word_1_608' title='bbox 3063 3345 3259 3416; x_wconf 70' lang='grc' dir='ltr'>ᾔνεσαν</span> <span class='ocrx_word' id='word_1_609' title='bbox 3307 3339 3496 3402; x_wconf 83' lang='grc' dir='ltr'>αύτόν;</span> <span class='ocrx_word' id='word_1_610' title='bbox 3530 3336 3655 3400; x_wconf 88' lang='grc' dir='ltr'>Πῶς</span> <span class='ocrx_word' id='word_1_611' title='bbox 3681 3337 3728 3390; x_wconf 80' lang='grc' dir='ltr'>δ’</span> <span class='ocrx_word' id='word_1_612' title='bbox 3759 3334 3828 3390; x_wconf 75' lang='grc' dir='ltr'>ἄν</span> 
     </span>
    </p>
   </div>
   <div class='ocr_carea' id='block_1_77' title="bbox 2226 3429 3830 3510">
    <p class='ocr_par' dir='ltr' id='par_1_77' title="bbox 2226 3429 3830 3510">
     <span class='ocr_line' id='line_1_78' title="bbox 2226 3429 3830 3510; baseline -0.012 -9"><span class='ocrx_word' id='word_1_613' title='bbox 2226 3465 2308 3510; x_wconf 91' lang='grc' dir='ltr'><strong>τις</strong></span> <span class='ocrx_word' id='word_1_614' title='bbox 2353 3446 2446 3499; x_wconf 74' lang='grc' dir='ltr'>καὶ</span> <span class='ocrx_word' id='word_1_615' title='bbox 2474 3444 2541 3498; x_wconf 79' lang='grc' dir='ltr'>τὰ</span> <span class='ocrx_word' id='word_1_616' title='bbox 2566 3441 2728 3496; x_wconf 84' lang='grc' dir='ltr'>λοιπά</span> <span class='ocrx_word' id='word_1_617' title='bbox 2769 3441 2872 3510; x_wconf 91' lang='grc' dir='ltr'><strong>τῆς</strong></span> <span class='ocrx_word' id='word_1_618' title='bbox 2917 3435 3254 3510; x_wconf 72' lang='grc' dir='ltr'>προφητείας</span> <span class='ocrx_word' id='word_1_619' title='bbox 3282 3435 3368 3487; x_wconf 79' lang='grc' dir='ltr'>ἐπ’</span> <span class='ocrx_word' id='word_1_620' title='bbox 3402 3433 3606 3485; x_wconf 80' lang='grc' dir='ltr'>ἐκεῖνον</span> <span class='ocrx_word' id='word_1_621' title='bbox 3648 3429 3830 3502; x_wconf 76' lang='grc' dir='ltr'>ἁρμό-</span> 
     </span>
    </p>
   </div>
   <div class='ocr_carea' id='block_1_78' title="bbox 2230 3519 3831 3608">
    <p class='ocr_par' dir='ltr' id='par_1_78' title="bbox 2230 3519 3831 3608">
     <span class='ocr_line' id='line_1_79' title="bbox 2230 3519 3831 3608; baseline -0.013 -15"><span class='ocrx_word' id='word_1_622' title='bbox 2230 3541 2338 3604; x_wconf 79' lang='grc' dir='ltr'>ζων</span> <span class='ocrx_word' id='word_1_623' title='bbox 2382 3537 2730 3608; x_wconf 85' lang='grc' dir='ltr'>διηγήσεται;</span> <span class='ocrx_word' id='word_1_624' title='bbox 2772 3532 2909 3586; x_wconf 78' lang='grc' dir='ltr'>Ἀλλ’</span> <span class='ocrx_word' id='word_1_625' title='bbox 2956 3529 3077 3583; x_wconf 80' lang='grc' dir='ltr'>οὐδὲ</span> <span class='ocrx_word' id='word_1_626' title='bbox 3125 3528 3218 3581; x_wconf 71' lang='grc' dir='ltr'>ἐπὶ</span> <span class='ocrx_word' id='word_1_627' title='bbox 3261 3527 3362 3597; x_wconf 83' lang='grc' dir='ltr'>τὴν</span> <span class='ocrx_word' id='word_1_628' title='bbox 3399 3523 3570 3594; x_wconf 77' lang='grc' dir='ltr'>φυλὴν</span> <span class='ocrx_word' id='word_1_629' title='bbox 3608 3519 3831 3589; x_wconf 75' lang='grc' dir='ltr'>εὐλογί-</span> 
     </span>
    </p>
   </div>
   <div class='ocr_carea' id='block_1_79' title="bbox 2231 3611 3830 3695">
    <p class='ocr_par' dir='ltr' id='par_1_79' title="bbox 2231 3611 3830 3695">
     <span class='ocr_line' id='line_1_80' title="bbox 2231 3611 3830 3695; baseline -0.013 -9"><span class='ocrx_word' id='word_1_630' title='bbox 2231 3649 2372 3694; x_wconf 88' lang='grc' dir='ltr'>στως</span> <span class='ocrx_word' id='word_1_631' title='bbox 2397 3648 2483 3694; x_wconf 87' lang='grc' dir='ltr'><strong>τις</strong></span> <span class='ocrx_word' id='word_1_632' title='bbox 2522 3627 2663 3682; x_wconf 85' lang='grc' dir='ltr'><strong>αύτά</strong></span> <span class='ocrx_word' id='word_1_633' title='bbox 2703 3624 2984 3695; x_wconf 79' lang='grc' dir='ltr'>ἀναφέροι,</span> <span class='ocrx_word' id='word_1_634' title='bbox 3010 3622 3092 3675; x_wconf 85' lang='grc' dir='ltr'>ὅτι</span> <span class='ocrx_word' id='word_1_635' title='bbox 3124 3619 3200 3691; x_wconf 82' lang='grc' dir='ltr'><strong>μὴ</strong></span> <span class='ocrx_word' id='word_1_636' title='bbox 3239 3618 3398 3689; x_wconf 89' lang='grc' dir='ltr'>μόνον</span> <span class='ocrx_word' id='word_1_637' title='bbox 3435 3619 3499 3668; x_wconf 80' lang='grc' dir='ltr'>ὲκ</span> <span class='ocrx_word' id='word_1_638' title='bbox 3521 3615 3620 3684; x_wconf 85' lang='grc' dir='ltr'><strong>τῆς</strong></span> <span class='ocrx_word' id='word_1_639' title='bbox 3653 3611 3830 3666; x_wconf 81' lang='grc' dir='ltr'>’ἰούδα</span> 
     </span>
    </p>
   </div>
   <div class='ocr_carea' id='block_1_80' title="bbox 2231 3704 3832 3794">
    <p class='ocr_par' dir='ltr' id='par_1_80' title="bbox 2231 3704 3832 3794">
     <span class='ocr_line' id='line_1_81' title="bbox 2231 3704 3832 3794; baseline -0.013 -17"><span class='ocrx_word' id='word_1_640' title='bbox 2231 3722 2403 3794; x_wconf 77' lang='grc' dir='ltr'>φυλῆς</span> <span class='ocrx_word' id='word_1_641' title='bbox 2423 3723 2684 3793; x_wconf 83' lang='grc' dir='ltr'>ἄρχοντες</span> <span class='ocrx_word' id='word_1_642' title='bbox 2712 3717 3054 3786; x_wconf 78' lang='grc' dir='ltr'>κατέστησαν</span> <span class='ocrx_word' id='word_1_643' title='bbox 3083 3711 3176 3766; x_wconf 85' lang='grc' dir='ltr'><strong>τοῦ</strong></span> <span class='ocrx_word' id='word_1_644' title='bbox 3200 3709 3330 3763; x_wconf 88' lang='grc' dir='ltr'>λαοῦ</span> <span class='ocrx_word' id='word_1_645' title='bbox 3353 3727 3365 3740; x_wconf 76' lang='grc' dir='ltr'><strong><em>ο</em></strong></span> <span class='ocrx_word' id='word_1_646' title='bbox 3393 3708 3526 3762; x_wconf 84' lang='grc' dir='ltr'>οἵτε</span> <span class='ocrx_word' id='word_1_647' title='bbox 3551 3704 3660 3778; x_wconf 83' lang='grc' dir='ltr'><strong>γάρ</strong></span> <span class='ocrx_word' id='word_1_648' title='bbox 3687 3705 3832 3775; x_wconf 83' lang='grc' dir='ltr'><strong>μετά</strong></span> 
     </span>
    </p>
   </div>
   <div class='ocr_carea' id='block_1_81' title="bbox 2231 3797 3832 3885">
    <p class='ocr_par' dir='ltr' id='par_1_81' title="bbox 2231 3797 3832 3885">
     <span class='ocr_line' id='line_1_82' title="bbox 2231 3797 3832 3885; baseline -0.013 -16"><span class='ocrx_word' id='word_1_649' title='bbox 2231 3815 2470 3870; x_wconf 85' lang='grc' dir='ltr'>Μωῦσέα</span> <span class='ocrx_word' id='word_1_650' title='bbox 2488 3813 2687 3885; x_wconf 77' lang='grc' dir='ltr'>Κριταὶ</span> <span class='ocrx_word' id='word_1_651' title='bbox 2718 3812 2782 3864; x_wconf 78' lang='grc' dir='ltr'>ὲκ</span> <span class='ocrx_word' id='word_1_652' title='bbox 2809 3807 3077 3879; x_wconf 84' lang='grc' dir='ltr'>διαφόρων</span> <span class='ocrx_word' id='word_1_653' title='bbox 3106 3803 3386 3884; x_wconf 79' lang='grc' dir='ltr'>γενόμενοι</span> <span class='ocrx_word' id='word_1_654' title='bbox 3405 3798 3586 3868; x_wconf 86' lang='grc' dir='ltr'>φυλῶν</span> <span class='ocrx_word' id='word_1_655' title='bbox 3608 3797 3832 3868; x_wconf 79' lang='grc' dir='ltr'>διήρκε-</span> 
     </span>
    </p>
   </div>
   <div class='ocr_carea' id='block_1_82' title="bbox 2233 3889 3829 3978">
    <p class='ocr_par' dir='ltr' id='par_1_82' title="bbox 2233 3889 3829 3978">
     <span class='ocr_line' id='line_1_83' title="bbox 2233 3889 3829 3978; baseline -0.014 -16"><span class='ocrx_word' id='word_1_656' title='bbox 2233 3925 2334 3962; x_wconf 87' lang='grc' dir='ltr'><strong>σαν</strong></span> <span class='ocrx_word' id='word_1_657' title='bbox 2372 3906 2663 3978; x_wconf 84' lang='grc' dir='ltr'>ήγούμενοι</span> <span class='ocrx_word' id='word_1_658' title='bbox 2709 3903 2802 3956; x_wconf 68' lang='grc' dir='ltr'><strong>ἐπὶ</strong></span> <span class='ocrx_word' id='word_1_659' title='bbox 2845 3900 3024 3953; x_wconf 77' lang='grc' dir='ltr'>ἔτεσιν</span> <span class='ocrx_word' id='word_1_660' title='bbox 3067 3895 3233 3965; x_wconf 74' lang='grc' dir='ltr'>ἐγγύς</span> <span class='ocrx_word' id='word_1_661' title='bbox 3279 3911 3379 3946; x_wconf 88' lang='grc' dir='ltr'><strong>που</strong></span> <span class='ocrx_word' id='word_1_662' title='bbox 3425 3889 3829 3954; x_wconf 80' lang='grc' dir='ltr'>πεντακοσίοις,</span> 
     </span>
    </p>
   </div>
   <div class='ocr_carea' id='block_1_83' title="bbox 2239 3981 3830 4072">
    <p class='ocr_par' dir='ltr' id='par_1_83' title="bbox 2239 3981 3830 4072">
     <span class='ocr_line' id='line_1_84' title="bbox 2239 3981 3830 4072; baseline -0.014 -17"><span class='ocrx_word' id='word_1_663' title='bbox 2239 4001 2356 4072; x_wconf 84' lang='grc' dir='ltr'>μεθ’</span> <span class='ocrx_word' id='word_1_664' title='bbox 2391 3999 2484 4063; x_wconf 81' lang='grc' dir='ltr'><strong>οὓς</strong></span> <span class='ocrx_word' id='word_1_665' title='bbox 2525 3999 2591 4051; x_wconf 83' lang='grc' dir='ltr'><strong>ὲκ</strong></span> <span class='ocrx_word' id='word_1_666' title='bbox 2631 3997 2803 4067; x_wconf 80' lang='grc' dir='ltr'>φυλῆς</span> <span class='ocrx_word' id='word_1_667' title='bbox 2840 3993 3098 4064; x_wconf 70' lang='grc' dir='ltr'>Βενιαμὶν</span> <span class='ocrx_word' id='word_1_668' title='bbox 3129 3988 3344 4061; x_wconf 89' lang='grc' dir='ltr'>πρῶτος</span> <span class='ocrx_word' id='word_1_669' title='bbox 3387 3986 3640 4039; x_wconf 87' lang='grc' dir='ltr'>ἀπάντων</span> <span class='ocrx_word' id='word_1_670' title='bbox 3675 3981 3830 4072; x_wconf 77' lang='grc' dir='ltr'>βασι-</span> 
     </span>
    </p>
   </div>
   <div class='ocr_carea' id='block_1_84' title="bbox 2233 4071 3831 4157">
    <p class='ocr_par' dir='ltr' id='par_1_84' title="bbox 2233 4071 3831 4157">
     <span class='ocr_line' id='line_1_85' title="bbox 2233 4071 3831 4157; baseline -0.014 -11"><span class='ocrx_word' id='word_1_671' title='bbox 2233 4071 2378 4146; x_wconf 87' lang='grc' dir='ltr'>λεύει</span> <span class='ocrx_word' id='word_1_672' title='bbox 2430 4089 2624 4152; x_wconf 81' lang='grc' dir='ltr'>Σαοὺλ,</span> <span class='ocrx_word' id='word_1_673' title='bbox 2673 4089 2767 4143; x_wconf 74' lang='grc' dir='ltr'><strong>καὶ</strong></span> <span class='ocrx_word' id='word_1_674' title='bbox 2806 4088 2978 4151; x_wconf 70' lang='grc' dir='ltr'>οὕτως</span> <span class='ocrx_word' id='word_1_675' title='bbox 3015 4083 3153 4157; x_wconf 88' lang='grc' dir='ltr'><strong>μετά</strong></span> <span class='ocrx_word' id='word_1_676' title='bbox 3194 4081 3416 4142; x_wconf 85' lang='grc' dir='ltr'>τούτους</span> <span class='ocrx_word' id='word_1_677' title='bbox 3458 4078 3508 4131; x_wconf 82' lang='grc' dir='ltr'>οἱ</span> <span class='ocrx_word' id='word_1_678' title='bbox 3553 4077 3618 4128; x_wconf 79' lang='grc' dir='ltr'>ὲκ</span> <span class='ocrx_word' id='word_1_679' title='bbox 3657 4071 3831 4143; x_wconf 81' lang='grc' dir='ltr'>φυλῆς</span> 
     </span>
    </p>
   </div>
   <div class='ocr_carea' id='block_1_85' title="bbox 2247 4165 3830 4254">
    <p class='ocr_par' dir='ltr' id='par_1_85' title="bbox 2247 4165 3830 4254">
     <span class='ocr_line' id='line_1_86' title="bbox 2247 4165 3830 4254; baseline -0.016 -15"><span class='ocrx_word' id='word_1_680' title='bbox 2247 4184 2416 4239; x_wconf 88' lang='grc' dir='ltr'>Ἰούδα</span> <span class='ocrx_word' id='word_1_681' title='bbox 2475 4180 2846 4254; x_wconf 83' lang='grc' dir='ltr'>βασιλεύουσιν</span> <span class='ocrx_word' id='word_1_682' title='bbox 2901 4179 3009 4233; x_wconf 78' lang='grc' dir='ltr'>οὐδ’</span> <span class='ocrx_word' id='word_1_683' title='bbox 3049 4176 3192 4238; x_wconf 84' lang='grc' dir='ltr'>ὅλοις</span> <span class='ocrx_word' id='word_1_684' title='bbox 3229 4172 3372 4225; x_wconf 71' lang='grc' dir='ltr'>ἔτεσι</span> <span class='ocrx_word' id='word_1_685' title='bbox 3419 4165 3830 4227; x_wconf 83' lang='grc' dir='ltr'>πεντακοσίοις·</span> 
     </span>
    </p>
   </div>
   <div class='ocr_carea' id='block_1_86' title="bbox 2236 4257 3832 4348">
    <p class='ocr_par' dir='ltr' id='par_1_86' title="bbox 2236 4257 3832 4348">
     <span class='ocr_line' id='line_1_87' title="bbox 2236 4257 3832 4348; baseline -0.014 -18"><span class='ocrx_word' id='word_1_686' title='bbox 2236 4273 2354 4330; x_wconf 78' lang='grc' dir='ltr'>εἶτα</span> <span class='ocrx_word' id='word_1_687' title='bbox 2387 4275 2524 4348; x_wconf 83' lang='grc' dir='ltr'>μετὰ</span> <span class='ocrx_word' id='word_1_688' title='bbox 2543 4273 2640 4346; x_wconf 78' lang='grc' dir='ltr'>τὴν</span> <span class='ocrx_word' id='word_1_689' title='bbox 2671 4275 2750 4337; x_wconf 88' lang='grc' dir='ltr'><strong>είς</strong></span> <span class='ocrx_word' id='word_1_690' title='bbox 2783 4269 3075 4327; x_wconf 87' lang='grc' dir='ltr'>Βαϐυλῶνα</span> <span class='ocrx_word' id='word_1_691' title='bbox 3098 4263 3474 4338; x_wconf 76' lang='grc' dir='ltr'>αἰχμαλωσίαν</span> <span class='ocrx_word' id='word_1_692' title='bbox 3494 4261 3543 4313; x_wconf 79' lang='grc' dir='ltr'><strong>οἱ</strong></span> <span class='ocrx_word' id='word_1_693' title='bbox 3566 4260 3630 4311; x_wconf 81' lang='grc' dir='ltr'>ὲκ</span> <span class='ocrx_word' id='word_1_694' title='bbox 3655 4257 3832 4325; x_wconf 74' lang='grc' dir='ltr'>φυλῆς</span> 
     </span>
    </p>
   </div>
   <div class='ocr_carea' id='block_1_87' title="bbox 2238 4349 3833 4439">
    <p class='ocr_par' dir='ltr' id='par_1_87' title="bbox 2238 4349 3833 4439">
     <span class='ocr_line' id='line_1_88' title="bbox 2238 4349 3833 4439; baseline -0.014 -17"><span class='ocrx_word' id='word_1_695' title='bbox 2238 4367 2367 4423; x_wconf 82' lang='grc' dir='ltr'>Λευῒ</span> <span class='ocrx_word' id='word_1_696' title='bbox 2393 4366 2733 4439; x_wconf 81' lang='grc' dir='ltr'>προέστησαν</span> <span class='ocrx_word' id='word_1_697' title='bbox 2773 4363 2882 4418; x_wconf 89' lang='grc' dir='ltr'><strong>τῶν</strong></span> <span class='ocrx_word' id='word_1_698' title='bbox 2923 4361 3264 4435; x_wconf 86' lang='grc' dir='ltr'>πραγμάτων</span> <span class='ocrx_word' id='word_1_699' title='bbox 3300 4355 3440 4424; x_wconf 78' lang='grc' dir='ltr'>ὑπὲρ</span> <span class='ocrx_word' id='word_1_700' title='bbox 3468 4353 3537 4405; x_wconf 79' lang='grc' dir='ltr'>τὰ</span> <span class='ocrx_word' id='word_1_701' title='bbox 3567 4349 3833 4439; x_wconf 66' lang='grc' dir='ltr'>πεντακόο</span> 
     </span>
    </p>
   </div>
   <div class='ocr_carea' id='block_1_88' title="bbox 2241 4435 3832 4528">
    <p class='ocr_par' dir='ltr' id='par_1_88' title="bbox 2241 4435 3832 4528">
     <span class='ocr_line' id='line_1_89' title="bbox 2241 4435 3832 4528; baseline -0.009 -16"><span class='ocrx_word' id='word_1_702' title='bbox 2241 4476 2331 4512; x_wconf 86' lang='grc' dir='ltr'><strong>σια</strong></span> <span class='ocrx_word' id='word_1_703' title='bbox 2362 4435 2456 4528; x_wconf 76' lang='grc' dir='ltr'><strong>ἔτη</strong></span> <span class='ocrx_word' id='word_1_704' title='bbox 2486 4435 2645 4528; x_wconf 78' lang='grc' dir='ltr'>μέχρι</span> <span class='ocrx_word' id='word_1_705' title='bbox 2688 4456 2786 4526; x_wconf 85' lang='grc' dir='ltr'><strong>τῆς</strong></span> <span class='ocrx_word' id='word_1_706' title='bbox 2831 4453 2925 4507; x_wconf 86' lang='grc' dir='ltr'><strong>τοῦ</strong></span> <span class='ocrx_word' id='word_1_707' title='bbox 2965 4450 3203 4524; x_wconf 78' lang='grc' dir='ltr'>Χριστοῦ</span> <span class='ocrx_word' id='word_1_708' title='bbox 3259 4447 3581 4520; x_wconf 83' lang='grc' dir='ltr'>παρουσίας.</span> <span class='ocrx_word' id='word_1_709' title='bbox 3630 4443 3695 4496; x_wconf 85' lang='grc' dir='ltr'>Τί</span> <span class='ocrx_word' id='word_1_710' title='bbox 3737 4435 3832 4497; x_wconf 69' lang='grc' dir='ltr'><strong>οὖν</strong></span> 
     </span>
    </p>
   </div>
   <div class='ocr_carea' id='block_1_89' title="bbox 2244 4537 3832 4620">
    <p class='ocr_par' dir='ltr' id='par_1_89' title="bbox 2244 4537 3832 4620">
     <span class='ocr_line' id='line_1_90' title="bbox 2244 4537 3832 4620; baseline -0.01 -17"><span class='ocrx_word' id='word_1_711' title='bbox 2244 4549 2441 4620; x_wconf 84' lang='grc' dir='ltr'>μᾶλλον</span> <span class='ocrx_word' id='word_1_712' title='bbox 2469 4548 2596 4620; x_wconf 75' lang='grc' dir='ltr'>περὶ</span> <span class='ocrx_word' id='word_1_713' title='bbox 2619 4547 2720 4617; x_wconf 87' lang='grc' dir='ltr'><strong>τῆς</strong></span> <span class='ocrx_word' id='word_1_714' title='bbox 2759 4546 2930 4600; x_wconf 89' lang='grc' dir='ltr'>Ἰούδα</span> <span class='ocrx_word' id='word_1_715' title='bbox 2961 4545 3132 4615; x_wconf 84' lang='grc' dir='ltr'>φυλῆς</span> <span class='ocrx_word' id='word_1_716' title='bbox 3173 4541 3244 4596; x_wconf 84' lang='grc' dir='ltr'>τὰ</span> <span class='ocrx_word' id='word_1_717' title='bbox 3268 4538 3641 4614; x_wconf 84' lang='grc' dir='ltr'>προειρημένα</span> <span class='ocrx_word' id='word_1_718' title='bbox 3666 4537 3832 4606; x_wconf 77' lang='grc' dir='ltr'>φησὶν</span> 
     </span>
    </p>
   </div>
   <div class='ocr_carea' id='block_1_90' title="bbox 552 4627 2128 4718">
    <p class='ocr_par' dir='ltr' id='par_1_90' title="bbox 552 4642 2128 4718">
     <span class='ocr_line' id='line_1_91' title="bbox 552 4642 2128 4718; baseline 0.001 -21"><span class='ocrx_word' id='word_1_719' title='bbox 552 4643 764 4708; x_wconf 88' lang='lat' dir='ltr'><strong>Iesum,</strong></span> <span class='ocrx_word' id='word_1_720' title='bbox 801 4642 1079 4698; x_wconf 87' lang='lat' dir='ltr'><strong>Christum</strong></span> <span class='ocrx_word' id='word_1_721' title='bbox 1115 4643 1244 4709; x_wconf 89' lang='lat' dir='ltr'><strong>Dei,</strong></span> <span class='ocrx_word' id='word_1_722' title='bbox 1275 4645 1366 4715; x_wconf 77' lang='lat' dir='ltr'><strong>qui</strong></span> <span class='ocrx_word' id='word_1_723' title='bbox 1400 4653 1454 4700; x_wconf 91' lang='lat' dir='ltr'><strong>et</strong></span> <span class='ocrx_word' id='word_1_724' title='bbox 1487 4645 1834 4715; x_wconf 88' lang='lat' dir='ltr'><strong>dispensator</strong></span> <span class='ocrx_word' id='word_1_725' title='bbox 1875 4647 1996 4718; x_wconf 86' lang='lat' dir='ltr'><strong>ejus</strong></span> <span class='ocrx_word' id='word_1_726' title='bbox 2043 4661 2128 4701; x_wconf 82' lang='lat' dir='ltr'><strong>vo-</strong></span> 
     </span>
    </p>
   </div>
   <div class='ocr_carea' id='block_1_91' title="bbox 2233 4627 3832 4718">
    <p class='ocr_par' dir='ltr' id='par_1_91' title="bbox 2241 4627 3832 4712">
     <span class='ocr_line' id='line_1_92' title="bbox 2241 4627 3832 4712; baseline -0.011 -17"><span class='ocrx_word' id='word_1_727' title='bbox 2241 4644 2274 4712; x_wconf 83' lang='grc' dir='ltr'><strong>ἡ</strong></span> <span class='ocrx_word' id='word_1_728' title='bbox 2315 4641 2641 4712; x_wconf 80' lang='grc' dir='ltr'>προφητεία,</span> <span class='ocrx_word' id='word_1_729' title='bbox 2669 4639 2788 4709; x_wconf 75' lang='grc' dir='ltr'>οὐχὶ</span> <span class='ocrx_word' id='word_1_730' title='bbox 2812 4637 2868 4691; x_wconf 80' lang='grc' dir='ltr'>δὲ</span> <span class='ocrx_word' id='word_1_731' title='bbox 2900 4638 2995 4691; x_wconf 72' lang='grc' dir='ltr'><strong>καὶ</strong></span> <span class='ocrx_word' id='word_1_732' title='bbox 3026 4637 3155 4708; x_wconf 73' lang='grc' dir='ltr'>περὶ</span> <span class='ocrx_word' id='word_1_733' title='bbox 3195 4633 3302 4687; x_wconf 88' lang='grc' dir='ltr'><strong>τῶν</strong></span> <span class='ocrx_word' id='word_1_734' title='bbox 3326 4632 3558 4692; x_wconf 80' lang='grc' dir='ltr'>λοιπῶν;</span> <span class='ocrx_word' id='word_1_735' title='bbox 3584 4629 3698 4681; x_wconf 83' lang='grc' dir='ltr'>Οὐκ</span> <span class='ocrx_word' id='word_1_736' title='bbox 3722 4627 3832 4698; x_wconf 84' lang='grc' dir='ltr'>ἄρα</span> 
     </span>
    </p>
   </div>
   <div class='ocr_carea' id='block_1_92' title="bbox 554 4733 2129 4802">
    <p class='ocr_par' dir='ltr' id='par_1_92' title="bbox 554 4733 2129 4802">
     <span class='ocr_line' id='line_1_93' title="bbox 554 4733 2129 4802; baseline 0.001 -12"><span class='ocrx_word' id='word_1_737' title='bbox 554 4735 782 4790; x_wconf 87' lang='lat' dir='ltr'><strong>luntatis</strong></span> <span class='ocrx_word' id='word_1_738' title='bbox 815 4742 870 4790; x_wconf 93' lang='lat' dir='ltr'><strong>et</strong></span> <span class='ocrx_word' id='word_1_739' title='bbox 905 4733 1076 4791; x_wconf 88' lang='lat' dir='ltr'><strong>Iudas</strong></span> <span class='ocrx_word' id='word_1_740' title='bbox 1107 4735 1439 4791; x_wconf 88' lang='lat' dir='ltr'><strong>nominatur.</strong></span> <span class='ocrx_word' id='word_1_741' title='bbox 1468 4738 1547 4789; x_wconf 87' lang='lat' dir='ltr'><strong>Ita</strong></span> <span class='ocrx_word' id='word_1_742' title='bbox 1587 4737 1731 4791; x_wconf 92' lang='lat' dir='ltr'><strong>enim</strong></span> <span class='ocrx_word' id='word_1_743' title='bbox 1764 4751 1912 4792; x_wconf 89' lang='lat' dir='ltr'><strong>nunc</strong></span> <span class='ocrx_word' id='word_1_744' title='bbox 1941 4737 2129 4802; x_wconf 90' lang='lat' dir='ltr'><strong>Israel,</strong></span> 
     </span>
    </p>
   </div>
   <div class='ocr_carea' id='block_1_93' title="bbox 557 4814 2132 4893">
    <p class='ocr_par' dir='ltr' id='par_1_93' title="bbox 557 4814 2132 4893">
     <span class='ocr_line' id='line_1_94' title="bbox 557 4814 2132 4893; baseline 0.001 -11"><span class='ocrx_word' id='word_1_745' title='bbox 557 4842 702 4882; x_wconf 90' lang='lat' dir='ltr'><strong>nunc</strong></span> <span class='ocrx_word' id='word_1_746' title='bbox 730 4814 992 4893; x_wconf 89' lang='lat' dir='ltr'><strong>Iacobus,</strong></span> <span class='ocrx_word' id='word_1_747' title='bbox 1023 4843 1172 4882; x_wconf 88' lang='lat' dir='ltr'><strong>nunc</strong></span> <span class='ocrx_word' id='word_1_748' title='bbox 1200 4826 1392 4891; x_wconf 87' lang='lat' dir='ltr'><strong>David,</strong></span> <span class='ocrx_word' id='word_1_749' title='bbox 1432 4843 1579 4882; x_wconf 91' lang='lat' dir='ltr'><strong>nunc</strong></span> <span class='ocrx_word' id='word_1_750' title='bbox 1603 4829 1780 4883; x_wconf 89' lang='lat' dir='ltr'><strong>aliter.</strong></span> <span class='ocrx_word' id='word_1_751' title='bbox 1852 4828 2005 4884; x_wconf 84' lang='lat' dir='ltr'><strong>Hunc</strong></span> <span class='ocrx_word' id='word_1_752' title='bbox 2033 4844 2132 4884; x_wconf 83' lang='lat' dir='ltr'><strong>au-</strong></span> 
     </span>
    </p>
   </div>
   <div class='ocr_carea' id='block_1_94' title="bbox 556 4915 2134 4989">
    <p class='ocr_par' dir='ltr' id='par_1_94' title="bbox 556 4915 2134 4989">
     <span class='ocr_line' id='line_1_95' title="bbox 556 4915 2134 4989; baseline 0.001 -17"><span class='ocrx_word' id='word_1_753' title='bbox 556 4929 664 4974; x_wconf 91' lang='lat' dir='ltr'><strong>tem</strong></span> <span class='ocrx_word' id='word_1_754' title='bbox 682 4926 736 4973; x_wconf 92' lang='lat' dir='ltr'><strong>et</strong></span> <span class='ocrx_word' id='word_1_755' title='bbox 772 4919 946 4973; x_wconf 90' lang='lat' dir='ltr'><strong>sancti</strong></span> <span class='ocrx_word' id='word_1_756' title='bbox 970 4917 1201 4988; x_wconf 83' lang='lat' dir='ltr'><strong>apostoli</strong></span> <span class='ocrx_word' id='word_1_757' title='bbox 1221 4927 1274 4973; x_wconf 89' lang='lat' dir='ltr'><strong>et</strong></span> <span class='ocrx_word' id='word_1_758' title='bbox 1291 4925 1558 4989; x_wconf 89' lang='lat' dir='ltr'><strong>quotquot</strong></span> <span class='ocrx_word' id='word_1_759' title='bbox 1582 4915 1820 4988; x_wconf 88' lang='lat' dir='ltr'><strong>Spiritus</strong></span> <span class='ocrx_word' id='word_1_760' title='bbox 1842 4918 2134 4988; x_wconf 89' lang='lat' dir='ltr'><strong>adoptione</strong></span> 
     </span>
    </p>
   </div>
   <div class='ocr_carea' id='block_1_95' title="bbox 555 5009 2134 5084">
    <p class='ocr_par' dir='ltr' id='par_1_95' title="bbox 555 5009 2134 5084">
     <span class='ocr_line' id='line_1_96' title="bbox 555 5009 2134 5084; baseline -0.002 -16"><span class='ocrx_word' id='word_1_761' title='bbox 555 5012 761 5084; x_wconf 76' lang='lat' dir='ltr'><strong>dignati</strong></span> <span class='ocrx_word' id='word_1_762' title='bbox 789 5021 937 5076; x_wconf 91' lang='lat' dir='ltr'><strong>sunt,</strong></span> <span class='ocrx_word' id='word_1_763' title='bbox 975 5012 1334 5067; x_wconf 89' lang='lat' dir='ltr'><strong>laudaverunt</strong></span> <span class='ocrx_word' id='word_1_764' title='bbox 1364 5019 1417 5066; x_wconf 91' lang='lat' dir='ltr'><strong>et</strong></span> <span class='ocrx_word' id='word_1_765' title='bbox 1445 5011 1836 5067; x_wconf 83' lang='lat' dir='ltr'><strong>adoraverunt.</strong></span> <span class='ocrx_word' id='word_1_766' title='bbox 1879 5029 1898 5061; x_wconf 80' lang='grc' dir='ltr'><strong>ι</strong></span> <span class='ocrx_word' id='word_1_767' title='bbox 1940 5009 2134 5065; x_wconf 80' lang='lat' dir='ltr'><strong>Manus</strong></span> 
     </span>
    </p>
   </div>
   <div class='ocr_carea' id='block_1_96' title="bbox 557 5102 2144 5176">
    <p class='ocr_par' dir='ltr' id='par_1_96' title="bbox 557 5102 2144 5176">
     <span class='ocr_line' id='line_1_97' title="bbox 557 5102 2144 5176; baseline -0.001 -16"><span class='ocrx_word' id='word_1_768' title='bbox 557 5115 686 5170; x_wconf 62' lang='lat' dir='ltr'><strong>tuae,</strong></span> <span class='ocrx_word' id='word_1_769' title='bbox 713 5124 732 5157; x_wconf 74' lang='grc' dir='ltr'><strong>ι</strong></span> <span class='ocrx_word' id='word_1_770' title='bbox 774 5119 912 5176; x_wconf 79' lang='lat' dir='ltr'><strong>quas</strong></span> <span class='ocrx_word' id='word_1_771' title='bbox 945 5104 1241 5176; x_wconf 89' lang='lat' dir='ltr'><strong>symbolice</strong></span> <span class='ocrx_word' id='word_1_772' title='bbox 1270 5103 1412 5158; x_wconf 88' lang='lat' dir='ltr'><strong>facta</strong></span> <span class='ocrx_word' id='word_1_773' title='bbox 1441 5104 1561 5173; x_wconf 91' lang='lat' dir='ltr'><strong>ejus</strong></span> <span class='ocrx_word' id='word_1_774' title='bbox 1585 5118 1706 5159; x_wconf 90' lang='lat' dir='ltr'><strong>esse</strong></span> <span class='ocrx_word' id='word_1_775' title='bbox 1731 5102 2144 5174; x_wconf 79' lang='lat' dir='ltr'><strong>existimamus,</strong></span> 
     </span>
    </p>
   </div>
   <div class='ocr_carea' id='block_1_97' title="bbox 562 5194 2136 5265">
    <p class='ocr_par' dir='ltr' id='par_1_97' title="bbox 562 5194 2136 5265">
     <span class='ocr_line' id='line_1_98' title="bbox 562 5194 2136 5265; baseline -0.001 -15"><span class='ocrx_word' id='word_1_776' title='bbox 562 5217 581 5250; x_wconf 80' lang='grc' dir='ltr'><strong>ι</strong></span> <span class='ocrx_word' id='word_1_777' title='bbox 616 5198 672 5252; x_wconf 92' lang='lat' dir='ltr'><strong>in</strong></span> <span class='ocrx_word' id='word_1_778' title='bbox 700 5197 1004 5252; x_wconf 83' lang='lat' dir='ltr'><strong>cervicibus</strong></span> <span class='ocrx_word' id='word_1_779' title='bbox 1032 5195 1381 5250; x_wconf 91' lang='lat' dir='ltr'><strong>inimicorum</strong></span> <span class='ocrx_word' id='word_1_780' title='bbox 1407 5201 1623 5249; x_wconf 86' lang='lat' dir='ltr'><strong>tuorum</strong></span> <span class='ocrx_word' id='word_1_781' title='bbox 1649 5235 1663 5259; x_wconf 90' lang='lat'><strong>,</strong></span> <span class='ocrx_word' id='word_1_782' title='bbox 1704 5213 1721 5246; x_wconf 74' lang='grc' dir='ltr'><strong>ι</strong></span> <span class='ocrx_word' id='word_1_783' title='bbox 1757 5194 1813 5248; x_wconf 89' lang='lat' dir='ltr'><strong>id</strong></span> <span class='ocrx_word' id='word_1_784' title='bbox 1838 5201 1946 5260; x_wconf 90' lang='lat' dir='ltr'><strong>est,</strong></span> <span class='ocrx_word' id='word_1_785' title='bbox 1983 5194 2136 5265; x_wconf 80' lang='lat' dir='ltr'><strong>cogi-</strong></span> 
     </span>
    </p>
   </div>
   <div class='ocr_carea' id='block_1_98' title="bbox 561 5284 2134 5358">
    <p class='ocr_par' dir='ltr' id='par_1_98' title="bbox 561 5284 2134 5358">
     <span class='ocr_line' id='line_1_99' title="bbox 561 5284 2134 5358; baseline -0.002 -15"><span class='ocrx_word' id='word_1_786' title='bbox 561 5291 826 5345; x_wconf 89' lang='lat' dir='ltr'><strong>tationum</strong></span> <span class='ocrx_word' id='word_1_787' title='bbox 854 5289 1133 5344; x_wconf 89' lang='lat' dir='ltr'><strong>hostilium</strong></span> <span class='ocrx_word' id='word_1_788' title='bbox 1164 5303 1285 5358; x_wconf 57' lang='lat' dir='ltr'><strong>qua</strong></span> <span class='ocrx_word' id='word_1_789' title='bbox 1313 5302 1437 5343; x_wconf 89' lang='lat' dir='ltr'><strong>eum</strong></span> <span class='ocrx_word' id='word_1_790' title='bbox 1482 5286 1716 5357; x_wconf 76' lang='lat' dir='ltr'><strong>fugiunt.</strong></span> <span class='ocrx_word' id='word_1_791' title='bbox 1772 5284 1872 5342; x_wconf 85' lang='lat' dir='ltr'><strong>Hic</strong></span> <span class='ocrx_word' id='word_1_792' title='bbox 1901 5294 1956 5342; x_wconf 87' lang='lat' dir='ltr'><strong>et</strong></span> <span class='ocrx_word' id='word_1_793' title='bbox 1977 5287 2134 5358; x_wconf 88' lang='lat' dir='ltr'><strong>quasi</strong></span> 
     </span>
    </p>
   </div>
   <div class='ocr_carea' id='block_1_99' title="bbox 564 5377 2134 5448">
    <p class='ocr_par' dir='ltr' id='par_1_99' title="bbox 564 5377 2134 5448">
     <span class='ocr_line' id='line_1_100' title="bbox 564 5377 2134 5448; baseline 0 -17"><span class='ocrx_word' id='word_1_794' title='bbox 564 5399 583 5431; x_wconf 79' lang='grc' dir='ltr'><strong>ι</strong></span> <span class='ocrx_word' id='word_1_795' title='bbox 629 5382 845 5436; x_wconf 89' lang='lat' dir='ltr'><strong>catulus</strong></span> <span class='ocrx_word' id='word_1_796' title='bbox 895 5381 1072 5434; x_wconf 88' lang='lat' dir='ltr'><strong>leonis</strong></span> <span class='ocrx_word' id='word_1_797' title='bbox 1109 5399 1127 5432; x_wconf 76' lang='grc' dir='ltr'><strong>ι</strong></span> <span class='ocrx_word' id='word_1_798' title='bbox 1166 5379 1400 5442; x_wconf 90' lang='lat' dir='ltr'><strong>dicitur,</strong></span> <span class='ocrx_word' id='word_1_799' title='bbox 1438 5379 1552 5435; x_wconf 90' lang='lat' dir='ltr'><strong>sive</strong></span> <span class='ocrx_word' id='word_1_800' title='bbox 1587 5386 1804 5448; x_wconf 90' lang='lat' dir='ltr'><strong>propter</strong></span> <span class='ocrx_word' id='word_1_801' title='bbox 1835 5377 2134 5432; x_wconf 89' lang='lat' dir='ltr'><strong>secundum</strong></span> 
     </span>
    </p>
   </div>
   <div class='ocr_carea' id='block_1_100' title="bbox 560 5457 2133 5542">
    <p class='ocr_par' dir='ltr' id='par_1_100' title="bbox 560 5457 2133 5542">
     <span class='ocr_line' id='line_1_101' title="bbox 560 5457 2133 5542; baseline -0.001 -16"><span class='ocrx_word' id='word_1_802' title='bbox 560 5489 781 5528; x_wconf 89' lang='lat' dir='ltr'><strong>carnem</strong></span> <span class='ocrx_word' id='word_1_803' title='bbox 804 5472 1141 5526; x_wconf 86' lang='lat' dir='ltr'><strong>nativitatem</strong></span> <span class='ocrx_word' id='word_1_804' title='bbox 1163 5487 1194 5528; x_wconf 92' lang='lat' dir='ltr'><strong>e</strong></span> <span class='ocrx_word' id='word_1_805' title='bbox 1227 5471 1374 5526; x_wconf 91' lang='lat' dir='ltr'><strong>tribu</strong></span> <span class='ocrx_word' id='word_1_806' title='bbox 1405 5457 1556 5542; x_wconf 74' lang='lat' dir='ltr'><strong>regia</strong></span> <span class='ocrx_word' id='word_1_807' title='bbox 1591 5477 1645 5526; x_wconf 90' lang='lat' dir='ltr'><strong>et</strong></span> <span class='ocrx_word' id='word_1_808' title='bbox 1678 5469 1896 5525; x_wconf 91' lang='lat' dir='ltr'><strong>Davidis</strong></span> <span class='ocrx_word' id='word_1_809' title='bbox 1927 5469 2133 5533; x_wconf 84' lang='lat' dir='ltr'><strong>radice,</strong></span> 
     </span>
    </p>
   </div>
   <div class='ocr_carea' id='block_1_101' title="bbox 566 5559 2131 5632">
    <p class='ocr_par' dir='ltr' id='par_1_101' title="bbox 566 5559 2131 5632">
     <span class='ocr_line' id='line_1_102' title="bbox 566 5559 2131 5632; baseline -0.001 -21"><span class='ocrx_word' id='word_1_810' title='bbox 566 5581 583 5611; x_wconf 73' lang='grc' dir='ltr'><strong><em>ο</em></strong></span> <span class='ocrx_word' id='word_1_811' title='bbox 622 5569 675 5616; x_wconf 90' lang='lat' dir='ltr'><strong>et</strong></span> <span class='ocrx_word' id='word_1_812' title='bbox 721 5566 776 5616; x_wconf 83' lang='lat' dir='ltr'><strong>in</strong></span> <span class='ocrx_word' id='word_1_813' title='bbox 828 5560 1238 5616; x_wconf 88' lang='lat' dir='ltr'><strong>similitudinem</strong></span> <span class='ocrx_word' id='word_1_814' title='bbox 1288 5563 1472 5617; x_wconf 89' lang='lat' dir='ltr'><strong>carnis</strong></span> <span class='ocrx_word' id='word_1_815' title='bbox 1515 5562 1724 5632; x_wconf 87' lang='lat' dir='ltr'><strong>peccati</strong></span> <span class='ocrx_word' id='word_1_816' title='bbox 1775 5560 1975 5616; x_wconf 80' lang='lat' dir='ltr'><strong>factam</strong></span> <span class='ocrx_word' id='word_1_817' title='bbox 2001 5559 2068 5624; x_wconf 83' lang='grc'><strong>⁷³,</strong></span> <span class='ocrx_word' id='word_1_818' title='bbox 2113 5579 2131 5609; x_wconf 75' lang='grc' dir='ltr'><strong>ι</strong></span> 
     </span>
    </p>
   </div>
   <div class='ocr_carea' id='block_1_102' title="bbox 565 5653 2134 5724">
    <p class='ocr_par' dir='ltr' id='par_1_102' title="bbox 565 5653 2134 5724">
     <span class='ocr_line' id='line_1_103' title="bbox 565 5653 2134 5724; baseline -0.001 -16"><span class='ocrx_word' id='word_1_819' title='bbox 565 5655 678 5709; x_wconf 88' lang='lat' dir='ltr'><strong>sive</strong></span> <span class='ocrx_word' id='word_1_820' title='bbox 711 5661 933 5724; x_wconf 90' lang='lat' dir='ltr'><strong>propter</strong></span> <span class='ocrx_word' id='word_1_821' title='bbox 962 5653 1218 5709; x_wconf 88' lang='lat' dir='ltr'><strong>deitatem</strong></span> <span class='ocrx_word' id='word_1_822' title='bbox 1239 5694 1252 5717; x_wconf 91' lang='lat'><strong>,</strong></span> <span class='ocrx_word' id='word_1_823' title='bbox 1286 5671 1394 5724; x_wconf 87' lang='lat' dir='ltr'><strong>qua</strong></span> <span class='ocrx_word' id='word_1_824' title='bbox 1427 5663 1590 5710; x_wconf 80' lang='lat' dir='ltr'><strong>exuta</strong></span> <span class='ocrx_word' id='word_1_825' title='bbox 1624 5655 1789 5708; x_wconf 88' lang='lat' dir='ltr'><strong>homo</strong></span> <span class='ocrx_word' id='word_1_826' title='bbox 1821 5653 2000 5708; x_wconf 84' lang='lat' dir='ltr'><strong>factus</strong></span> <span class='ocrx_word' id='word_1_827' title='bbox 2030 5661 2134 5714; x_wconf 87' lang='lat' dir='ltr'><strong>est,</strong></span> 
     </span>
    </p>
   </div>
   <div class='ocr_carea' id='block_1_103' title="bbox 563 5742 2135 5817">
    <p class='ocr_par' dir='ltr' id='par_1_103' title="bbox 563 5742 2135 5817">
     <span class='ocr_line' id='line_1_104' title="bbox 563 5742 2135 5817; baseline 0 -21"><span class='ocrx_word' id='word_1_828' title='bbox 563 5745 635 5802; x_wconf 80' lang='lat' dir='ltr'><strong>ob</strong></span> <span class='ocrx_word' id='word_1_829' title='bbox 666 5761 827 5817; x_wconf 87' lang='lat' dir='ltr'><strong>quam</strong></span> <span class='ocrx_word' id='word_1_830' title='bbox 857 5755 910 5801; x_wconf 89' lang='lat' dir='ltr'><strong>et</strong></span> <span class='ocrx_word' id='word_1_831' title='bbox 941 5760 1052 5800; x_wconf 86' lang='lat' dir='ltr'><strong>non</strong></span> <span class='ocrx_word' id='word_1_832' title='bbox 1101 5746 1375 5800; x_wconf 88' lang='lat' dir='ltr'><strong>immerito</strong></span> <span class='ocrx_word' id='word_1_833' title='bbox 1411 5765 1424 5798; x_wconf 86' lang='lat'><strong>:</strong></span> <span class='ocrx_word' id='word_1_834' title='bbox 1487 5764 1506 5796; x_wconf 79' lang='grc' dir='ltr'><strong>ι</strong></span> <span class='ocrx_word' id='word_1_835' title='bbox 1538 5746 1580 5800; x_wconf 87' lang='grc' dir='ltr'><strong>Ε</strong></span> <span class='ocrx_word' id='word_1_836' title='bbox 1617 5759 1858 5816; x_wconf 81' lang='lat' dir='ltr'><strong>gemma,</strong></span> <span class='ocrx_word' id='word_1_837' title='bbox 1905 5744 1981 5797; x_wconf 83' lang='lat' dir='ltr'><strong>fili</strong></span> <span class='ocrx_word' id='word_1_838' title='bbox 2025 5742 2135 5808; x_wconf 91' lang='lat' dir='ltr'><strong>mi,</strong></span> 
     </span>
    </p>
   </div>
   <div class='ocr_carea' id='block_1_104' title="bbox 2240 4719 3831 4804">
    <p class='ocr_par' dir='ltr' id='par_1_104' title="bbox 2240 4719 3831 4804">
     <span class='ocr_line' id='line_1_105' title="bbox 2240 4719 3831 4804; baseline -0.012 -17"><span class='ocrx_word' id='word_1_839' title='bbox 2240 4734 2359 4788; x_wconf 82' lang='grc' dir='ltr'>ούδὲ</span> <span class='ocrx_word' id='word_1_840' title='bbox 2383 4735 2475 4786; x_wconf 72' lang='grc' dir='ltr'><strong>ἐπὶ</strong></span> <span class='ocrx_word' id='word_1_841' title='bbox 2498 4732 2596 4804; x_wconf 78' lang='grc' dir='ltr'>τὴν</span> <span class='ocrx_word' id='word_1_842' title='bbox 2621 4731 2790 4802; x_wconf 78' lang='grc' dir='ltr'>φυλὴν</span> <span class='ocrx_word' id='word_1_843' title='bbox 2817 4729 3048 4801; x_wconf 77' lang='grc' dir='ltr'>ἁρμόζοι</span> <span class='ocrx_word' id='word_1_844' title='bbox 3075 4727 3141 4780; x_wconf 88' lang='grc' dir='ltr'>τὰ</span> <span class='ocrx_word' id='word_1_845' title='bbox 3164 4724 3466 4796; x_wconf 84' lang='grc' dir='ltr'>δηλούμενα</span> <span class='ocrx_word' id='word_1_846' title='bbox 3484 4739 3496 4752; x_wconf 87' lang='grc'><strong>·</strong></span> <span class='ocrx_word' id='word_1_847' title='bbox 3527 4719 3613 4772; x_wconf 83' lang='grc' dir='ltr'><strong>τὸν</strong></span> <span class='ocrx_word' id='word_1_848' title='bbox 3645 4719 3831 4789; x_wconf 73' lang='grc' dir='ltr'>μέντοι</span> 
     </span>
    </p>
   </div>
   <div class='ocr_carea' id='block_1_105' title="bbox 2241 4809 3834 4896">
    <p class='ocr_par' dir='ltr' id='par_1_105' title="bbox 2241 4809 3834 4896">
     <span class='ocr_line' id='line_1_106' title="bbox 2241 4809 3834 4896; baseline -0.011 -18"><span class='ocrx_word' id='word_1_849' title='bbox 2241 4843 2304 4894; x_wconf 91' lang='grc' dir='ltr'><strong>γε</strong></span> <span class='ocrx_word' id='word_1_850' title='bbox 2332 4827 2417 4878; x_wconf 84' lang='grc' dir='ltr'>ἐπ’</span> <span class='ocrx_word' id='word_1_851' title='bbox 2444 4825 2658 4896; x_wconf 81' lang='grc' dir='ltr'>ἐσχάτῳ</span> <span class='ocrx_word' id='word_1_852' title='bbox 2682 4823 2788 4878; x_wconf 87' lang='grc' dir='ltr'><strong>τῶν</strong></span> <span class='ocrx_word' id='word_1_853' title='bbox 2820 4822 3044 4894; x_wconf 83' lang='grc' dir='ltr'>ἡμερῶν</span> <span class='ocrx_word' id='word_1_854' title='bbox 3089 4819 3424 4888; x_wconf 80' lang='grc' dir='ltr'>ἀναφανέντα</span> <span class='ocrx_word' id='word_1_855' title='bbox 3462 4813 3658 4867; x_wconf 79' lang='grc' dir='ltr'>Ἰούδαν</span> <span class='ocrx_word' id='word_1_856' title='bbox 3700 4809 3834 4879; x_wconf 88' lang='grc' dir='ltr'>ἀλη-</span> 
     </span>
    </p>
   </div>
   <div class='ocr_carea' id='block_1_106' title="bbox 2244 4900 3830 4988">
    <p class='ocr_par' dir='ltr' id='par_1_106' title="bbox 2244 4900 3830 4988">
     <span class='ocr_line' id='line_1_107' title="bbox 2244 4900 3830 4988; baseline -0.011 -17"><span class='ocrx_word' id='word_1_857' title='bbox 2244 4918 2386 4972; x_wconf 78' lang='grc' dir='ltr'>θινὸν</span> <span class='ocrx_word' id='word_1_858' title='bbox 2427 4917 2584 4988; x_wconf 75' lang='grc' dir='ltr'>ἴσμεν</span> <span class='ocrx_word' id='word_1_859' title='bbox 2625 4917 2714 4970; x_wconf 81' lang='grc' dir='ltr'><strong>τὸν</strong></span> <span class='ocrx_word' id='word_1_860' title='bbox 2754 4916 2982 4986; x_wconf 86' lang='grc' dir='ltr'>Σωτῆρα</span> <span class='ocrx_word' id='word_1_861' title='bbox 3037 4913 3130 4967; x_wconf 55' lang='grc' dir='ltr'><strong>καὶ⁹</strong></span> <span class='ocrx_word' id='word_1_862' title='bbox 3181 4911 3382 4983; x_wconf 84' lang='grc' dir='ltr'>Κύριον</span> <span class='ocrx_word' id='word_1_863' title='bbox 3423 4905 3580 4978; x_wconf 76' lang='grc' dir='ltr'>ἡμῶν</span> <span class='ocrx_word' id='word_1_864' title='bbox 3621 4900 3830 4972; x_wconf 84' lang='grc' dir='ltr'>Ἰησοῦν</span> 
     </span>
    </p>
   </div>
   <div class='ocr_carea' id='block_1_107' title="bbox 2243 4993 3833 5080">
    <p class='ocr_par' dir='ltr' id='par_1_107' title="bbox 2243 4993 3833 5080">
     <span class='ocr_line' id='line_1_108' title="bbox 2243 4993 3833 5080; baseline -0.009 -19"><span class='ocrx_word' id='word_1_865' title='bbox 2243 5009 2333 5063; x_wconf 86' lang='grc' dir='ltr'><strong>τὸν</strong></span> <span class='ocrx_word' id='word_1_866' title='bbox 2376 5007 2611 5080; x_wconf 76' lang='grc' dir='ltr'>Χριστὸν</span> <span class='ocrx_word' id='word_1_867' title='bbox 2649 5006 2740 5060; x_wconf 91' lang='grc' dir='ltr'><strong>τοῦ</strong></span> <span class='ocrx_word' id='word_1_868' title='bbox 2786 5005 2944 5070; x_wconf 87' lang='grc' dir='ltr'>Θεοῦ,</span> <span class='ocrx_word' id='word_1_869' title='bbox 2985 5007 3079 5058; x_wconf 74' lang='grc' dir='ltr'><strong>καὶ</strong></span> <span class='ocrx_word' id='word_1_870' title='bbox 3118 5004 3315 5074; x_wconf 88' lang='grc' dir='ltr'>ταμίαν</span> <span class='ocrx_word' id='word_1_871' title='bbox 3349 5000 3455 5054; x_wconf 88' lang='grc' dir='ltr'><strong>τῶν</strong></span> <span class='ocrx_word' id='word_1_872' title='bbox 3495 4997 3622 5069; x_wconf 83' lang='grc' dir='ltr'>περὶ</span> <span class='ocrx_word' id='word_1_873' title='bbox 3665 4993 3833 5049; x_wconf 76' lang='grc' dir='ltr'>αὑτοῦ</span> 
     </span>
    </p>
   </div>
   <div class='ocr_carea' id='block_1_108' title="bbox 2248 5085 3834 5165">
    <p class='ocr_par' dir='ltr' id='par_1_108' title="bbox 2248 5085 3834 5165">
     <span class='ocr_line' id='line_1_109' title="bbox 2248 5085 3834 5165; baseline -0.01 -11"><span class='ocrx_word' id='word_1_874' title='bbox 2248 5101 2501 5154; x_wconf 76' lang='grc' dir='ltr'>ἐπινοιῶν</span> <span class='ocrx_word' id='word_1_875' title='bbox 2548 5099 2642 5152; x_wconf 69' lang='grc' dir='ltr'><strong>καὶ</strong></span> <span class='ocrx_word' id='word_1_876' title='bbox 2679 5096 2877 5152; x_wconf 86' lang='grc' dir='ltr'>Ἰούδαν</span> <span class='ocrx_word' id='word_1_877' title='bbox 2925 5093 3314 5165; x_wconf 79' lang='grc' dir='ltr'>ὀνομασθέντα·</span> <span class='ocrx_word' id='word_1_878' title='bbox 3361 5089 3547 5159; x_wconf 86' lang='grc' dir='ltr'>ῶσπερ</span> <span class='ocrx_word' id='word_1_879' title='bbox 3593 5089 3658 5159; x_wconf 87' lang='grc' dir='ltr'><strong>δὴ</strong></span> <span class='ocrx_word' id='word_1_880' title='bbox 3707 5085 3834 5140; x_wconf 82' lang='grc' dir='ltr'>καθ’</span> 
     </span>
    </p>
   </div>
   <div class='ocr_carea' id='block_1_109' title="bbox 2246 5177 3829 5264">
    <p class='ocr_par' dir='ltr' id='par_1_109' title="bbox 2246 5177 3829 5264">
     <span class='ocr_line' id='line_1_110' title="bbox 2246 5177 3829 5264; baseline -0.013 -17"><span class='ocrx_word' id='word_1_881' title='bbox 2246 5194 2434 5264; x_wconf 80' lang='grc' dir='ltr'>ἑτέραν</span> <span class='ocrx_word' id='word_1_882' title='bbox 2474 5190 2711 5263; x_wconf 84' lang='grc' dir='ltr'>Ἰσραὴλ,</span> <span class='ocrx_word' id='word_1_883' title='bbox 2758 5189 2852 5242; x_wconf 71' lang='grc' dir='ltr'><strong>καὶ</strong></span> <span class='ocrx_word' id='word_1_884' title='bbox 2898 5187 3014 5241; x_wconf 86' lang='grc' dir='ltr'>κατ’</span> <span class='ocrx_word' id='word_1_885' title='bbox 3045 5185 3209 5255; x_wconf 81' lang='grc' dir='ltr'>ἀλλην</span> <span class='ocrx_word' id='word_1_886' title='bbox 3248 5181 3474 5244; x_wconf 82' lang='grc' dir='ltr'>Ἰακὼϐ,</span> <span class='ocrx_word' id='word_1_887' title='bbox 3515 5181 3608 5232; x_wconf 72' lang='grc' dir='ltr'><strong>καὶ</strong></span> <span class='ocrx_word' id='word_1_888' title='bbox 3643 5177 3829 5237; x_wconf 77' lang='grc' dir='ltr'>Δαυῖδ,</span> 
     </span>
    </p>
   </div>
   <div class='ocr_carea' id='block_1_110' title="bbox 2245 5268 3828 5344">
    <p class='ocr_par' dir='ltr' id='par_1_110' title="bbox 2245 5268 3828 5344">
     <span class='ocr_line' id='line_1_111' title="bbox 2245 5268 3828 5344; baseline -0.013 -5"><span class='ocrx_word' id='word_1_889' title='bbox 2245 5286 2336 5339; x_wconf 74' lang='grc' dir='ltr'><strong>καὶ</strong></span> <span class='ocrx_word' id='word_1_890' title='bbox 2369 5285 2554 5340; x_wconf 80' lang='grc' dir='ltr'>ἄλλοτε</span> <span class='ocrx_word' id='word_1_891' title='bbox 2585 5281 2759 5344; x_wconf 84' lang='grc' dir='ltr'>ἄλλως</span> <span class='ocrx_word' id='word_1_892' title='bbox 2777 5293 2791 5308; x_wconf 90' lang='grc'><strong>·</strong></span> <span class='ocrx_word' id='word_1_893' title='bbox 2819 5279 3006 5332; x_wconf 83' lang='grc' dir='ltr'>τοῦτον</span> <span class='ocrx_word' id='word_1_894' title='bbox 3030 5277 3088 5330; x_wconf 82' lang='grc' dir='ltr'>δὲ</span> <span class='ocrx_word' id='word_1_895' title='bbox 3113 5275 3206 5331; x_wconf 78' lang='grc' dir='ltr'><strong>καὶ</strong></span> <span class='ocrx_word' id='word_1_896' title='bbox 3249 5275 3299 5327; x_wconf 79' lang='grc' dir='ltr'>οἱ</span> <span class='ocrx_word' id='word_1_897' title='bbox 3341 5272 3475 5343; x_wconf 76' lang='grc' dir='ltr'>ἱεροὶ</span> <span class='ocrx_word' id='word_1_898' title='bbox 3519 5268 3828 5330; x_wconf 81' lang='grc' dir='ltr'>ἀπόστολοι,</span> 
     </span>
    </p>
   </div>
   <div class='ocr_carea' id='block_1_111' title="bbox 2242 5360 3829 5441">
    <p class='ocr_par' dir='ltr' id='par_1_111' title="bbox 2242 5360 3829 5441">
     <span class='ocr_line' id='line_1_112' title="bbox 2242 5360 3829 5441; baseline -0.012 -11"><span class='ocrx_word' id='word_1_899' title='bbox 2242 5378 2337 5430; x_wconf 75' lang='grc' dir='ltr'><strong>καὶ</strong></span> <span class='ocrx_word' id='word_1_900' title='bbox 2364 5377 2562 5438; x_wconf 84' lang='grc' dir='ltr'>πάντες</span> <span class='ocrx_word' id='word_1_901' title='bbox 2599 5375 2712 5428; x_wconf 84' lang='grc' dir='ltr'>ὅσοι</span> <span class='ocrx_word' id='word_1_902' title='bbox 2757 5371 2850 5425; x_wconf 89' lang='grc' dir='ltr'><strong>τοῦ</strong></span> <span class='ocrx_word' id='word_1_903' title='bbox 2889 5369 3191 5441; x_wconf 85' lang='grc' dir='ltr'>πνεύματος</span> <span class='ocrx_word' id='word_1_904' title='bbox 3226 5366 3326 5437; x_wconf 87' lang='grc' dir='ltr'><strong>τῆς</strong></span> <span class='ocrx_word' id='word_1_905' title='bbox 3364 5362 3632 5424; x_wconf 82' lang='grc' dir='ltr'>υἱοθεσίας</span> <span class='ocrx_word' id='word_1_906' title='bbox 3669 5360 3829 5429; x_wconf 76' lang='grc' dir='ltr'>ἠξιώ-</span> 
     </span>
    </p>
   </div>
   <div class='ocr_carea' id='block_1_112' title="bbox 2243 5453 3832 5539">
    <p class='ocr_par' dir='ltr' id='par_1_112' title="bbox 2243 5453 3832 5539">
     <span class='ocr_line' id='line_1_113' title="bbox 2243 5453 3832 5539; baseline -0.013 -17"><span class='ocrx_word' id='word_1_907' title='bbox 2243 5470 2434 5539; x_wconf 85' lang='grc' dir='ltr'>θησαν,</span> <span class='ocrx_word' id='word_1_908' title='bbox 2463 5467 2662 5538; x_wconf 73' lang='grc' dir='ltr'>ᾔνεσάν</span> <span class='ocrx_word' id='word_1_909' title='bbox 2695 5483 2755 5519; x_wconf 90' lang='grc' dir='ltr'><strong>τε</strong></span> <span class='ocrx_word' id='word_1_910' title='bbox 2795 5464 2888 5518; x_wconf 73' lang='grc' dir='ltr'>καὶ</span> <span class='ocrx_word' id='word_1_911' title='bbox 2914 5460 3352 5534; x_wconf 73' lang='grc' dir='ltr'>προσεκύνησανσ</span> <span class='ocrx_word' id='word_1_912' title='bbox 3401 5475 3417 5506; x_wconf 82' lang='grc' dir='ltr'><strong>ι</strong></span> <span class='ocrx_word' id='word_1_913' title='bbox 3451 5457 3515 5507; x_wconf 80' lang='grc' dir='ltr'><strong>Αἱ</strong></span> <span class='ocrx_word' id='word_1_914' title='bbox 3554 5453 3734 5523; x_wconf 84' lang='grc' dir='ltr'>χεῖρές</span> <span class='ocrx_word' id='word_1_915' title='bbox 3769 5467 3832 5503; x_wconf 85' lang='grc' dir='ltr'><strong>τε</strong></span> 
     </span>
    </p>
   </div>
   <div class='ocr_carea' id='block_1_113' title="bbox 2243 5543 3824 5628">
    <p class='ocr_par' dir='ltr' id='par_1_113' title="bbox 2243 5543 3824 5628">
     <span class='ocr_line' id='line_1_114' title="bbox 2243 5543 3824 5628; baseline -0.013 -14"><span class='ocrx_word' id='word_1_916' title='bbox 2243 5559 2429 5622; x_wconf 82' lang='grc' dir='ltr'>αὑτοῦ,</span> <span class='ocrx_word' id='word_1_917' title='bbox 2461 5579 2478 5610; x_wconf 72' lang='grc' dir='ltr'><strong>ι</strong></span> <span class='ocrx_word' id='word_1_918' title='bbox 2506 5558 2572 5622; x_wconf 81' lang='grc' dir='ltr'>ἃς</span> <span class='ocrx_word' id='word_1_919' title='bbox 2603 5554 2943 5628; x_wconf 85' lang='grc' dir='ltr'>συμϐολικῶς</span> <span class='ocrx_word' id='word_1_920' title='bbox 2975 5551 3255 5624; x_wconf 84' lang='grc' dir='ltr'>ἡγούμεθα</span> <span class='ocrx_word' id='word_1_921' title='bbox 3279 5545 3417 5603; x_wconf 77' lang='grc' dir='ltr'>εἶναι</span> <span class='ocrx_word' id='word_1_922' title='bbox 3445 5545 3544 5609; x_wconf 89' lang='grc' dir='ltr'><strong>τάς</strong></span> <span class='ocrx_word' id='word_1_923' title='bbox 3575 5543 3824 5616; x_wconf 79' lang='grc' dir='ltr'>πράξεις,</span> 
     </span>
    </p>
   </div>
   <div class='ocr_carea' id='block_1_114' title="bbox 2249 5635 3831 5717">
    <p class='ocr_par' dir='ltr' id='par_1_114' title="bbox 2249 5635 3831 5717">
     <span class='ocr_line' id='line_1_115' title="bbox 2249 5635 3831 5717; baseline -0.009 -16"><span class='ocrx_word' id='word_1_924' title='bbox 2249 5670 2266 5701; x_wconf 79' lang='grc' dir='ltr'><strong>ι</strong></span> <span class='ocrx_word' id='word_1_925' title='bbox 2305 5649 2448 5704; x_wconf 85' lang='grc' dir='ltr'><strong>κατά</strong></span> <span class='ocrx_word' id='word_1_926' title='bbox 2483 5649 2652 5704; x_wconf 85' lang='grc' dir='ltr'>νώτου</span> <span class='ocrx_word' id='word_1_927' title='bbox 2697 5646 2803 5700; x_wconf 86' lang='grc' dir='ltr'><strong>τῶν</strong></span> <span class='ocrx_word' id='word_1_928' title='bbox 2838 5645 3048 5717; x_wconf 80' lang='grc' dir='ltr'>ἐχθρῶν</span> <span class='ocrx_word' id='word_1_929' title='bbox 3092 5641 3275 5705; x_wconf 78' lang='grc' dir='ltr'>αὑτοῦ,</span> <span class='ocrx_word' id='word_1_930' title='bbox 3320 5661 3338 5692; x_wconf 76' lang='grc' dir='ltr'><strong>ι</strong></span> <span class='ocrx_word' id='word_1_931' title='bbox 3367 5637 3510 5692; x_wconf 83' lang='grc' dir='ltr'>τοῦτ’</span> <span class='ocrx_word' id='word_1_932' title='bbox 3545 5637 3688 5691; x_wconf 74' lang='grc' dir='ltr'>ἐστιν</span> <span class='ocrx_word' id='word_1_933' title='bbox 3716 5635 3831 5688; x_wconf 76' lang='grc' dir='ltr'><strong>τῶν</strong></span> 
     </span>
    </p>
   </div>
   <div class='ocr_carea' id='block_1_115' title="bbox 2243 5721 3830 5812">
    <p class='ocr_par' dir='ltr' id='par_1_115' title="bbox 2243 5721 3830 5812">
     <span class='ocr_line' id='line_1_116' title="bbox 2243 5721 3830 5812; baseline -0.01 -16"><span class='ocrx_word' id='word_1_934' title='bbox 2243 5740 2447 5812; x_wconf 82' lang='grc' dir='ltr'>νοητῶν</span> <span class='ocrx_word' id='word_1_935' title='bbox 2481 5740 2751 5810; x_wconf 85' lang='grc' dir='ltr'>πολεμίων</span> <span class='ocrx_word' id='word_1_936' title='bbox 2795 5739 3101 5808; x_wconf 85' lang='grc' dir='ltr'>φευγόντων</span> <span class='ocrx_word' id='word_1_937' title='bbox 3145 5735 3303 5788; x_wconf 68' lang='grc' dir='ltr'>αὐτὸν</span> <span class='ocrx_word' id='word_1_938' title='bbox 3331 5731 3642 5801; x_wconf 82' lang='grc' dir='ltr'>γεγόνασιν·</span> <span class='ocrx_word' id='word_1_939' title='bbox 3673 5721 3830 5790; x_wconf 68' lang='grc' dir='ltr'>οὗτος</span> 
     </span>
    </p>
   </div>
   <div class='ocr_carea' id='block_1_116' title="bbox 632 5889 2128 5968">
    <p class='ocr_par' dir='ltr' id='par_1_116' title="bbox 632 5898 2128 5968">
     <span class='ocr_line' id='line_1_117' title="bbox 632 5898 2128 5968; baseline -0.003 -10"><span class='ocrx_word' id='word_1_940' title='bbox 632 5908 675 5939; x_wconf 74' lang='grc'>⁸³</span> <span class='ocrx_word' id='word_1_941' title='bbox 714 5906 732 5958; x_wconf 85' lang='grc' dir='ltr'><strong>ι</strong></span> <span class='ocrx_word' id='word_1_942' title='bbox 770 5903 917 5961; x_wconf 84' lang='lat' dir='ltr'><strong>Ioan.</strong></span> <span class='ocrx_word' id='word_1_943' title='bbox 960 5921 1008 5968; x_wconf 91' lang='lat' dir='ltr'><strong>I,</strong></span> <span class='ocrx_word' id='word_1_944' title='bbox 1053 5906 1097 5960; x_wconf 89' lang='lat' dir='ltr'><strong>l.</strong></span> <span class='ocrx_word' id='word_1_945' title='bbox 1178 5907 1222 5937; x_wconf 84' lang='grc' dir='ltr'><strong>⁷ο</strong></span> <span class='ocrx_word' id='word_1_946' title='bbox 1262 5902 1396 5959; x_wconf 85' lang='lat' dir='ltr'><strong>Gen.</strong></span> <span class='ocrx_word' id='word_1_947' title='bbox 1435 5917 1614 5967; x_wconf 75' lang='lat' dir='ltr'><strong>xxxu,</strong></span> <span class='ocrx_word' id='word_1_948' title='bbox 1648 5903 1732 5956; x_wconf 79' lang='grc'><strong>50.</strong></span> <span class='ocrx_word' id='word_1_949' title='bbox 1812 5902 1855 5933; x_wconf 72' lang='grc' dir='ltr'>τί</span> <span class='ocrx_word' id='word_1_950' title='bbox 1896 5898 2030 5956; x_wconf 86' lang='lat' dir='ltr'><strong>Gen.</strong></span> <span class='ocrx_word' id='word_1_951' title='bbox 2069 5916 2128 5955; x_wconf 66' lang='grc' dir='ltr'><strong>τι</strong></span> 
     </span>
    </p>
   </div>
   <div class='ocr_carea' id='block_1_117' title="bbox 2233 5889 3389 5968">
    <p class='ocr_par' dir='ltr' id='par_1_117' title="bbox 2266 5889 3389 5956">
     <span class='ocr_line' id='line_1_118' title="bbox 2266 5889 3389 5956; baseline -0.012 -2"><span class='ocrx_word' id='word_1_952' title='bbox 2266 5898 2418 5954; x_wconf 79' lang='grc'><strong>8-10.</strong></span> <span class='ocrx_word' id='word_1_953' title='bbox 2495 5899 2539 5930; x_wconf 80' lang='grc'><strong>⁷³</strong></span> <span class='ocrx_word' id='word_1_954' title='bbox 2581 5894 2711 5951; x_wconf 84' lang='lat' dir='ltr'><strong>ibid.</strong></span> <span class='ocrx_word' id='word_1_955' title='bbox 2751 5896 2800 5949; x_wconf 79' lang='lat' dir='ltr'><strong>I.</strong></span> <span class='ocrx_word' id='word_1_956' title='bbox 2877 5895 2920 5927; x_wconf 76' lang='grc'><strong>⁷³</strong></span> <span class='ocrx_word' id='word_1_957' title='bbox 2977 5891 3132 5946; x_wconf 75' lang='lat' dir='ltr'><strong>llom.</strong></span> <span class='ocrx_word' id='word_1_958' title='bbox 3175 5905 3306 5956; x_wconf 81' lang='lat' dir='ltr'><strong>\‘lll,</strong></span> <span class='ocrx_word' id='word_1_959' title='bbox 3339 5889 3389 5943; x_wconf 78' lang='grc'><strong>5.</strong></span> 
     </span>
    </p>
   </div>
  </div>
