4134 6414
369 307 516 365 1045
529 320 532 322 ⁷

1398 305 1694 364 ΕΟΕΟΟΕ
1738 307 2218 366 ΡΒΟΡΗΕΤΙΟᾸΕ.
2257 343 2322 354 --
2366 309 2495 366 LIB.
2543 312 2604 366 l..

3502 307 3602 361 1οι
3610 307 3662 360 ὓες

366 422 430 477 δὲ
467 424 562 478 καὶ
590 423 665 486 ὼς
699 443 716 474 ‹
757 424 992 494 σκύμνος
1030 425 1238 488 λέοντος
1273 445 1290 476 ›
1323 424 1558 496 εἴρηται,
1587 425 1694 477 εἴτε
1736 425 1824 479 διὰ
1862 426 1941 496 τὴς

2063 426 2387 491 ascendisti,
2430 447 2448 478 ι
2503 427 2572 481 ab
2618 423 2828 480 Iacobo
2868 423 3084 479 dicitur.
3156 420 3642 477 Verumenimvero

371 515 532 577 κατὰ,
548 514 725 586 σάρκα
750 515 960 583 γένεσιν
990 517 1056 570 ἐκ
1082 517 1366 587 βασιλικῆς
1391 516 1582 586 φυλῆς,
1628 517 1720 570 καὶ
1746 518 1842 587 τῆς
1866 516 1960 569 τοῦ

370 606 532 660 Δαυῒδ
579 606 754 678 ῥίζης,
793 625 811 657 ι
848 608 940 660 καὶ
981 609 1038 660 ἐν
1101 606 1404 679 ὁμοιώματι
1449 608 1648 679 σαρκὸς
1688 609 1960 680 ἁμαρτίας

369 697 776 769 γεγενημένην⁶
811 716 830 748 1
868 698 976 751 εἴτε
1011 697 1099 754 διὰ
1131 700 1232 770 τὴν
1270 698 1518 768 θεότητα,
1546 693 1613 770 ἧς
1649 699 1840 752 ἐαυτὸν
1869 717 1960 752 κε-

368 788 546 852 νώσας
581 787 1000 861 ἐνηνθρώπισεν,
1027 790 1092 843 δι’
1135 789 1200 861 ἣν
1233 787 1502 860 εὐκαίρως
1540 790 1633 842 καὶ
1671 789 1753 852 τὸ,
1800 807 1818 840 ι
1865 789 1960 843 Ἐκ

371 871 622 947 βλαστοῦ,
669 879 752 932 υἱέ
802 897 923 950 μου,
965 879 1184 952 ἀνέϐης,
1219 900 1240 931 ι
1270 880 1374 933 ὑπὸ
1395 880 1488 933 τοῦ
1529 878 1722 934 Ἰακὼὸ
1760 881 1961 936 άναπε-

369 968 634 1040 φώνηται.
657 968 784 1024 Ὀτε
827 971 926 1040 μὲν
967 968 1058 1024 οῦν
1083 973 1182 1042 τὴν
1223 975 1288 1026 ἐκ
1315 971 1543 1042 βλαστοῦ
1580 973 1674 1026 καὶ
1699 975 1763 1026 ἐκ
1805 972 1958 1045 ῥίζης

365 1060 532 1116 αὐτοῦ
563 1062 774 1131 γένεσιν
804 1062 991 1133 ἐδήλου
1034 1062 1130 1116 τοῦ
1166 1055 1440 1136 Σωτῆρος,
1475 1083 1494 1116 ‹
1536 1063 1774 1136 σκύμνον
1807 1064 1956 1118 λέον-

361 1169 454 1214 τος
503 1170 524 1203 1
561 1151 725 1204 αὐτὸν
777 1151 1092 1222 ὠνόμασεν,
1134 1151 1303 1206 εἰπὼν
1328 1192 1342 1218 ,
1377 1173 1395 1205 ‹
1443 1153 1687 1224 Σκύμνος
1746 1154 1957 1217 λέοντος

377 1241 575 1296 Ἰούδα·
619 1243 684 1295 ἐκ
739 1241 990 1313 βλαστοῦ,
1030 1244 1114 1296 υἰὲ
1164 1261 1286 1314 μου,
1313 1243 1541 1314 ἀνέϐηςο
1579 1264 1597 1297 ›
1626 1246 1714 1299 ὅτε
1754 1245 1810 1298 δέ
1858 1243 1956 1316 τὴν

364 1332 662 1404 άνάϐλησιν
707 1334 801 1387 καὶ
843 1334 942 1406 τὴν
990 1334 1134 1388 κατὰ
1183 1335 1243 1388 τὺ
1282 1335 1452 1400 πάθος
1497 1336 1660 1390 αὐτοῦ
1701 1337 1955 1408 κοίμησιν

366 1423 717 1496 προφητεύει,
745 1425 1032 1498 ἀμφότερα
1060 1426 1222 1480 αὐτόν
1244 1444 1374 1498 φησι
1408 1427 1502 1480 καὶ
1525 1427 1600 1492 ῶς
1623 1427 1815 1482 λέοντα
1855 1431 1952 1482 καὶ

361 1514 436 1578 ὡς
469 1515 704 1586 σ’κύμνον
745 1518 805 1569 ἐν
840 1517 936 1588 τῷ,
971 1537 989 1570 t
1035 1517 1343 1572 Ἀναπεσὼν
1388 1519 1652 1591 ἐκοιμήθη
1693 1520 1767 1584 ῶς
1803 1519 1939 1575 λέων

363 1607 459 1661 καὶ
481 1606 557 1671 ὡς
584 1607 820 1678 σκύμνος
841 1625 855 1639 ·
890 1629 908 1661 1
938 1609 1058 1663 τότε
1092 1609 1198 1681 γὰρ
1227 1610 1285 1662 οὐ
1316 1608 1474 1680 μόνον
1516 1610 1591 1674 ῶς
1635 1612 1701 1663 ἐκ
1741 1609 1945 1680 βασιλι-

359 1697 459 1752 κοῦ
491 1698 772 1768 τυγχάνων
802 1699 1010 1767 γένους,
1054 1699 1188 1753 ἀλλὰ
1225 1701 1318 1753 κα)⁵
1364 1700 1438 1764 ὡς
1482 1701 1643 1766 αὐτὸς
1693 1700 1946 1771 βασιλεὺς

2067 533 2190 572 cum
2225 517 2444 588 quidem
2479 533 2509 573 e
2541 533 2753 588 gemma
2783 524 2837 573 et
2866 532 2896 573 e
2939 516 3125 570 radice
3146 513 3267 584 ejus
3303 513 3640 568 nativitatem

2067 605 2381 662 ostenderet
2413 605 2734 669 Salvatoris,
2778 625 2796 658 ι
2835 607 3076 661 catulum
3123 605 3299 660 leonis
3335 624 3353 656 ι
3387 619 3510 659 eum
3545 619 3642 656 no-

2065 698 2313 762 minavit,
2346 699 2533 754 dicens
2562 719 2574 752 :
2621 716 2640 750 1
2676 697 2903 754 Catulus
2931 698 3106 753 leonis
3132 695 3271 753 Juda
3304 716 3316 752 :
3349 713 3380 751 e
3407 711 3642 769 gemma,

2067 789 2142 842 ﬁli
2187 789 2281 853 mi,
2332 789 2659 855 ascendisti;
2695 809 2712 841 ι
2745 802 2872 843 cum
2915 804 3046 843 vero
3075 795 3129 843 et
3169 787 3557 843 exaltationem
3591 794 3645 838 et

2064 879 2339 948 passionis
2373 896 2485 935 suae
2513 879 2898 934 dormitionem
2922 878 3262 948 prophetizat
3285 919 3298 943 ,
3329 877 3493 932 simul
3517 891 3643 931 eum

2064 969 2196 1024 dicit
2221 977 2275 1025 et
2306 969 2463 1040 quasi
2499 969 2707 1024 leonem
2739 975 2792 1023 et
2831 966 2990 1039 quasi
3039 967 3276 1022 catulum
3315 983 3372 1020 ει
3409 964 3645 1036 Requie-

2064 1074 2227 1116 scens
2259 1059 2564 1115 accubuisti
2589 1066 2647 1113 ut
2667 1058 2752 1113 leo
2773 1065 2828 1114 el.
2857 1065 2916 1112 ut
2949 1058 3122 1114 leonis
3152 1058 3367 1114 catulus
3403 1076 3415 1111 :
3457 1076 3476 1109 1
3512 1063 3642 1110 tunc

2061 1151 2245 1216 enim,
2297 1166 2408 1206 11011
2441 1157 2650 1204 tantum
2697 1160 2755 1204 ut
2803 1149 2952 1221 regio
2995 1157 3150 1204 ortus
3184 1163 3416 1219 genere,
3452 1147 3546 1202 sed
3583 1152 3641 1200 ut

2063 1243 2180 1313 ipse
2212 1258 2312 1298 rex
2353 1242 2530 1298 elatus
2563 1249 2676 1307 est;
2731 1240 3156 1312 agnoscentibus
3188 1255 3311 1295 eum
3363 1238 3635 1310 gentibus,

2062 1336 2168 1390 etsi
2197 1334 2491 1390 noluerunt
2519 1331 2714 1396 Judaei,
2746 1333 2904 1404 quasi
2936 1333 3050 1402 ipse
3095 1348 3189 1388 rex
3222 1331 3414 1387 fuisset
3445 1331 3632 1386 Israel.

2060 1426 2327 1482 Caeterum
2356 1425 2612 1481 et'dicere
2633 1440 2920 1496 possemus
2942 1427 3014 1489 ei,
3037 1425 3478 1496 quandoquidem
3503 1438 3637 1478 con-

2060 1522 2145 1568 tra
2189 1520 2486 1584 potestates
2519 1514 2778 1570 adversas
2823 1514 3022 1570 bellum
3075 1514 3324 1579 tulisset,
3378 1522 3434 1568 et
3482 1529 3636 1567 ever-

2061 1611 2176 1660 tere
2204 1614 2423 1675 pararet
2451 1604 2644 1662 mortis
2673 1605 2972 1678 potentiam
3006 1605 3296 1662 habentem
3317 1606 3386 1671 7”,
3424 1606 3636 1661 scilicet

2059 1695 2360 1760 diabolum,
2395 1713 2622 1755 necesse
2675 1707 2792 1754 erat
2841 1697 3035 1754 adesse
3063 1713 3094 1753 e
3124 1698 3307 1754 radice
3325 1696 3515 1753 Jacobi
3549 1713 3636 1753 se-

357 1786 436 1842 ῶν
479 1788 728 1859 άνύψωτο
748 1806 760 1820 ·
797 1791 1200 1862 ὁμολογούντων
1234 1792 1396 1847 αὐτὸν
1420 1792 1528 1846 τῶν
1553 1792 1741 1859 ἐθνῶν,
1775 1795 1823 1846 εἰ
1854 1794 1941 1848 καὶ

2054 1789 2294 1844 cundum
2343 1805 2566 1846 carnem
2610 1799 2740 1845 nato
2773 1789 2940 1846 Verbi
2984 1789 3263 1845 deitatem.
3320 1789 3487 1844 Leoni
3519 1791 3636 1859 qui-

360 1878 604 1951 μὴοίιέκΔ
624 1882 923 1954 περιτομῆς
951 1883 1164 1954 ἤθελον,
1191 1883 1265 1948 ὡς
1291 1885 1400 1956 ἄρα
1429 1885 1591 1949 αὐτὸς
1615 1885 1700 1956 εἴη
1733 1888 1761 1938 6
1791 1884 1946 1955 βασι-

355 1969 482 2034 λεὺς
509 1972 602 2024 τοῦ
642 1973 886 2045 Ἰσραήλ*
925 1976 1018 2028 καὶ⁹
1067 1974 1242 2040 ἄλλως
1291 1976 1347 2028 δὲ
1394 1975 1584 2048 ῥηθείη
1625 1976 1712 2042 ἂν,
1760 1976 1944 2048 ἐπειδὴ

356 2053 496 2132 πῶς
528 2063 906 2135 ἀντικειμένας
947 2065 1207 2137 δυνάμεις
1257 2067 1528 2138 αἰρομένῳ
1575 2067 1807 2138 πόλεμον
1846 2071 1942 2122 καὶ

354 2153 647 2209 καταλύειν
679 2155 924 2226 μέλλοντι
963 2159 1056 2210 τὸν
1089 2158 1150 2211 τὸ
1187 2159 1386 2230 κράτος
1417 2159 1608 2230 ἔχοντα
1655 2158 1747 2212 τοῦ
1790 2158 1947 2212 θανά·

327 2246 740 2308 Δτου,.τουτέστι
775 2249 864 2303 τὸν
887 2249 1150 2316 διάϐολον,
1193 2251 1300 2304 ἔδει
1337 2253 1592 2322 παρεῖναι
1619 2249 1698 2320 τῷ
1726 2252 1790 2303 ἐκ
1815 2249 1943 2320 βλα-

355 2335 716 2392 στοῦἸακὼὸ
763 2339 905 2394 κατά
946 2342 1126 2412 σάρκα
1169 2340 1519 2413 γεγενημένῳ
1565 2342 1664 2413 τὴν
1714 2341 1946 2410 θεότητα

349 2426 457 2480 τοῦ
473 2429 682 2497 Λόγου)
722 2431 946 2495 εἰκότως
973 2431 1144 2487 λέοντι
1179 2434 1276 2504 μὲν
1303 2435 1336 2503 ή
1379 2432 1571 2504 θεότης
1597 2431 1942 2504 παρασέδλη-

349 2535 439 2571 ται
475 2518 564 2573 διὰ
599 2520 660 2581 τὸ
702 2522 1057 2593 κεχειρῶσθαι
1097 2525 1190 2578 καὶ
1234 2523 1576 2596 νενικηκέναι
1623 2523 1802 2586 πάσας
1843 2523 1943 2588 τὰς

351 2610 676 2679 ἀγρίαςκαὶ
701 2613 992 2678 άτιθάσους
1034 2615 1289 2686 δυνάμεις
1309 2632 1323 2646 ·
1367 2614 1590 2685 σκύμνῳ
1613 2613 1670 2667 δὲ
1713 2614 1940 2681 λέοντος,

348 2699 377 2750 ὃ
408 2701 685 2774 ἀνειλήφει
716 2705 936 2776 σαρκίον
963 2709 1027 2760 ἐκ
1051 2707 1150 2777 τῆς
1172 2706 1265 2759 τοῦ
1303 2705 1472 2759 Ἰούδα
1503 2705 1786 2776 βασιλικῆς
1809 2723 1943 2774 τυγ-

347 2789 530 2859 χάνων
556 2794 730 2866 φυλῆς
747 2814 760 2826 ο
796 2796 933 2851 ἀλλὰ
958 2798 1052 2850 καὶ
1082 2798 1240 2870 εἴπερ
1284 2801 1312 2852 6
1356 2798 1624 2861 ἀντίδικος
1647 2797 1806 2869 ήμῶν
1830 2797 1944 2850 διά-

349 2881 508 2947 ϐολος
544 2885 620 2948 ὼς
651 2886 788 2941 λέων
816 2889 962 2943 ἐστὶν
992 2888 1060 2957 (f.
1096 2890 1182 2958 15)
1215 2890 1546 2962 ὠρυόμενος,
1574 2890 1676 2960 ὅρα
1713 2889 1788 2959 μὴ
1817 2888 1935 2942 τού-

348 2990 443 3028 του
475 2975 712 3048 σκύμνος
748 2983 854 3045 πᾶς
901 2981 966 3034 ἂν
992 2981 1204 3054 λεχθείη
1237 2981 1578 3053 ἁμαρτωλὸς,
1627 2980 1750 3034 ἐπεὶ⁹
1782 2999 1800 3031 1
1833 2981 1940 3044 πᾶς

347 3066 379 3119 6
412 3067 582 3121 ποιῶν
606 3069 704 3141 τὴν
729 3072 1006 3144 ἁμαρτίαν
1040 3076 1104 3127 ἐκ
1133 3073 1227 3127 τοῦ
1261 3073 1506 3126 διαΰόλου
1538 3072 1880 3144 γεγέννηται.
1915 3092 1934 3123 1

359 3156 513 3212 Ἐπεὶ
537 3157 632 3214 οῦν
658 3163 751 3216 καὶ
775 3165 803 3216 6
827 3163 1019 3238 Σωτὴρ
1050 3185 1067 3216 ι
1101 3167 1156 3219 ἐν
1185 3165 1492 3238 ὁμοιώματι
1535 3163 1736 3234 σαρκὸς
1763 3165 1939 3236 ἁμαρ-

344 3245 468 3312 τίας
514 3249 759 3322 ἐλήλυθε,
791 3273 810 3304 1
843 3255 953 3307 καί·
986 3275 1004 3306 ι
1037 3256 1261 3325 Γέγονεν
1299 3256 1441 3328 ὑπὲρ
1464 3255 1618 3327 ήμῶν
1651 3255 1890 3327 κατάραο
1915 3275 1933 3307 ι

345 3337 460 3393 καίο
489 3359 509 3394 ι
534 3342 626 3414 Μὴ
649 3345 844 3413 γνόντα
864 3346 1026 3401 αὑτὸν
1050 3347 1321 3420 ἁμαρτίαν
1337 3349 1474 3420 ὑπὲρ
1495 3347 1650 3419 ἡμῶν
1665 3347 1940 3418 ἁμαρτίαν

343 3430 632 3504 ἐποίησενο
677 3455 696 3486 1
722 3436 823 3507 ὅρα
868 3438 941 3509 μή
967 3437 1172 3492 τούτων
1205 3439 1390 3493 ἕνεκεν
1441 3437 1583 3492 κατά
1617 3456 1739 3492 τινα
1771 3436 1937 3508 βαθύ-

342 3537 504 3594 τερον
549 3525 704 3594 λόγον
755 3526 877 3580 οὔτε
940 3529 1128 3583 λέοντα
1178 3528 1302 3584 οὔτε
1365 3528 1602 3601 σκύμνον
1626 3568 1641 3594 ,
1694 3527 1808 3582 ἀλλ’
1858 3528 1932 3591 ὡς

342 3611 537 3668 λέοντα
581 3618 676 3671 καὶ
723 3619 962 3690 σκύμνον
1001 3622 1279 3690 γεγονέναι
1321 3621 1479 3676 αὑτὸν
1527 3619 1677 3692 παρὰ
1709 3621 1801 3674 τὸν
1841 3620 1935 3674 τοῦ

340 3705 551 3770 πάθους
580 3710 770 3781 καιρὸν
798 3713 830 3783 ή
860 3713 1164 3784 προφητεία
1190 3713 1468 3778 θεσπίζει·
1502 3714 1624 3766 ἐπεὶ
1650 3713 1742 3766 καὶ
1775 3711 1935 3775 αὐτὸς

338 3797 404 3850 τδ
445 3799 639 3854 ἑαυτοῦ
675 3801 846 3867 πάθος
883 3803 960 3874 τῷ
1002 3804 1097 3857 τοῦ
1144 3805 1318 3874 ὄφεως
1364 3803 1699 3877 παραϐάλλει
1732 3803 1926 3872 λέγων·

1969 3129 2016 3194 C

2055 1879 2180 1934 dem
2210 1879 2406 1935 merito
2435 1880 2614 1936 deitas
2643 1879 3014 1944 assimilatur,
3059 1889 3118 1936 ut
3143 1881 3235 1952 qui
3269 1881 3414 1937 feras
3443 1897 3632 1936 omnes

2049 1968 2454 2042 indomitasque
2505 1979 2806 2042 potestates
2852 1973 3132 2042 superavit
3180 1981 3343 2043 atque
3389 1973 3652 2037 devicit;.

2049 2059 2226 2116 leonis
2260 2067 2441 2117 autem
2467 2062 2650 2118 catulo
2668 2102 2683 2128 ,
2715 2069 2775 2117 ut
2803 2064 2894 2133 qui
2936 2077 3158 2119 carnem
3191 2064 3400 2132 accepit
3427 2079 3457 2118 e
3481 2064 3634 2134 regia

2047 2153 2201 2209 Judae
2227 2153 2377 2209 tribu
2414 2161 2596 2210 natus.
2659 2154 2729 2209 At
2755 2154 2799 2211 si
2826 2155 3044 2226 quidem
3079 2154 3426 2210 adversarius
3448 2165 3632 2210 noster

2048 2241 2300 2298 diabolus
2326 2251 2411 2299 est
2438 2245 2600 2315 quasi
2631 2245 2718 2301 leo
2742 2245 3023 2316 rugiens"
3041 2287 3056 2313 ,
3093 2246 3463 2302 animadverte
3484 2249 3626 2318 quod

2045 2334 2167 2404 ejus
2218 2335 2434 2392 catulus
2489 2336 2673 2392 omnis
2731 2337 2945 2392 dicatur
3016 2346 3317 2408 peccator,
3369 2341 3628 2409 quoniam

2053 2445 2072 2476 ι
2105 2426 2284 2481 omnis
2332 2428 2425 2498 qui
2479 2427 2613 2482 facit
2658 2436 2942 2499 peccatum
2991 2445 3056 2485 ex
3101 2428 3319 2485 diabolo
3371 2438 3456 2486 est
3497 2431 3565 2484 ⁷⁸.
3605 2450 3623 2481 1

2045 2513 2184 2570 Cum
2232 2516 2399 2587 igitur
2440 2525 2495 2572 et
2538 2516 2790 2572 Salvator
2851 2537 2869 2570 ι
2901 2518 2958 2572 in
3001 2518 3412 2575 similitudinem
3443 2519 3628 2576 carnis

2045 2608 2256 2679 peccati
2284 2609 2434 2663 venit
2461 2618 2516 2664 et
2542 2608 2720 2665 factus
2749 2618 2835 2665 est
2868 2625 2966 2682 pro
2993 2611 3153 2666 nobis
3180 2611 3455 2681 piaculum
3486 2613 3569 2678 ";
3601 2632 3622 2666 ι

2045 2705 2101 2752 et
2137 2716 2157 2750 ι
2193 2715 2317 2754 eum
2365 2700 2460 2770 qui
2510 2715 2621 2755 non
2668 2709 2896 2757 noverat
2948 2711 3257 2772 peccatum,
3315 2719 3416 2775 pro
3465 2704 3628 2762 nobis

2044 2799 2329 2858 peccatum
2375 2789 2505 2847 fecit
2524 2793 2593 2859 ⁷⁸,
2631 2812 2650 2844 ι
2711 2794 2925 2850 attende
2988 2795 3134 2865 quod
3190 2811 3314 2851 eam
3355 2796 3426 2852 ob
3489 2812 3622 2852 cau-

2043 2895 2162 2936 sam
2223 2882 2526 2938 secundum
2573 2883 2849 2954 quoddam
2922 2887 3318 2957 significantius
3391 2890 3620 2945 verbum

2044 2987 2152 3027 non
2186 2974 2399 3029 leonem
2441 2990 2619 3046 neque
2653 2977 2920 3042 catulum,
2976 2978 3072 3034 sed
3114 2978 3272 3049 quasi
3311 2979 3524 3035 leonem
3569 2992 3625 3036 et

2043 3066 2286 3120 catulum
2340 3081 2466 3122 eum
2514 3066 2718 3124 factum
2775 3082 2897 3124 esse
2944 3069 3000 3123 in
3051 3071 3325 3141 passionis
3378 3079 3624 3142 tempore

2045 3157 2330 3228 prophetia
2380 3158 2654 3226 declarat;
2705 3174 2830 3215 cum
2875 3167 2930 3215 et
2975 3160 3091 3230 ipse
3120 3163 3430 3232 passionem
3465 3179 3623 3219 suam

2043 3250 2314 3321 serpentis
2340 3251 2612 3307 assimilat
2639 3252 2884 3322 passioni
2913 3251 3103 3309 dicens
3130 3273 3142 3308 :
3177 3271 3197 3304 ι
3221 3253 3286 3309 Ει
3311 3255 3454 3310 sicut
3470 3253 3621 3326 Moy-

2043 3357 2132 3398 ses
2172 3343 2434 3398 exaltavit
2493 3351 2802 3414 serpentem
2858 3343 2914 3398 in
2950 3345 3203 3410 deserto,
3260 3346 3339 3400 ita
3389 3347 3621 3402 exaltari

2043 3441 2265 3504 oportet
2306 3433 2505 3490 Filium
2564 3435 2802 3491 hominis
2836 3435 2902 3490 ".
2933 3422 2960 3489 ἰ
3017 3436 3149 3493 Dein
3184 3438 3348 3494 tacite
3372 3453 3622 3495 resurre-

2045 3523 2245 3579 ctionis
2275 3523 2396 3594 ejus
2423 3525 2746 3596 mysterium
2790 3527 2987 3598 innuit,
3039 3529 3124 3586 bis
3157 3530 3340 3588 verbis
3373 3549 3388 3587 :
3428 3549 3448 3582 ‹
3486 3530 3620 3598 Quis

2043 3616 2510 3673 suscitabiteum?
2547 3637 2566 3670 ι
2602 3619 2860 3690 Apertum
2892 3631 2976 3679 est
3007 3624 3166 3679 nobis
3206 3637 3238 3678 e
3262 3625 3636 3681 conclusione

2041 3711 2167 3781 quis
2201 3711 2434 3767 suscitet
2464 3710 2652 3769 Iesum
2685 3712 2978 3770 Dominum
3007 3725 3258 3773 nostrum
3287 3733 3317 3772 a
3343 3719 3616 3784 mortuis,

2038 3801 2185 3857 Deus
2214 3803 2422 3858 scilicet
2454 3811 2507 3859 et
2542 3803 2705 3861 Pater
2734 3805 2872 3875 ejus.

344 3907 364 3940 σ
399 3891 608 3962 Ὠσπερ
632 3893 868 3966 Μωῦσῆς
917 3895 1097 3964 ῦψωσε
1127 3895 1217 3950 τὸν
1250 3895 1372 3966 ὅφιν
1397 3895 1454 3948 ἐν
1503 3898 1568 3967 τῇ
1598 3897 1810 3968 ἐρήμῳ,
1834 3893 2004 3959 οὕτως
2041 3893 2321 3966 ὑψωθῆναι
2348 3895 2426 3950 δεῖ
2457 3896 2547 3952 τὸν
2571 3897 2698 3951 Υίὸν
2723 3899 2816 3953 τοῦ
2848 3899 3154 3972 ἀνθρώπου.
3192 3921 3212 3955 1
3252 3905 3373 3960 Ἐπὶ
3406 3905 3617 3960 τούτοις

340 3988 767 4059 σεσιωπημένως
805 3989 866 4042 τὸ
896 3991 1036 4044 κατά
1094 3991 1193 4064 τὴν
1231 3992 1524 4045 ἀνάστασιν
1563 3991 1726 4045 αὑτοῦ
1774 3991 2070 4063 μυστήριον
2104 3990 2472 4045 ύπαινίττεται
2502 3990 2603 4045 διά
2625 3990 2741 4058 τοῦ,
2775 4011 2794 4043 ι
2825 3992 2921 4056 Τίς
2953 3993 3133 4066 ἐγερεῖ
3155 3996 3349 4064 αὐτόνς
3385 4016 3402 4049 1
3438 3999 3613 4067 Σαφές

337 4077 382 4130 δ’
406 4083 536 4152 ἡμῖν
563 4084 628 4136 ἐκ
650 4083 744 4137 τοῦ
807 4086 1271 4159 συμπεράσματος
1320 4087 1509 4164 γέγονε
1570 4087 1654 4152 τίς
1710 4088 1927 4159 ἤγειρεν
1978 4085 2183 4159 Ἰησοῦν
2230 4086 2321 4142 τὸν
2364 4087 2566 4159 Κύριον
2597 4087 2753 4159 ἡμῶν
2782 4091 2845 4142 ἐκ
2880 4089 3116 4161 νεκρῶν·
3144 4089 3299 4163 δῆλον
3330 4093 3436 4164 γὰρ
3475 4095 3555 4146 ὅτι
3578 4092 3610 4144 6

334 4175 470 4239 Θεὸς
493 4176 586 4231 καὶ
618 4178 804 4250 Πατὴρ
829 4179 1018 4234 αὑτοῦ.

423 4268 580 4340 Ἑξῆς
629 4270 685 4325 δὲ
734 4271 950 4342 λέγεται
1014 4273 1084 4328 τὰ
1132 4274 1239 4328 ἀπὸ
1289 4276 1384 4330 τοῦ
1410 4294 1424 4306 ·
1467 4295 1487 4329 ι
1525 4278 1640 4331 Οὐκ
1687 4277 1923 4347 ἐκλείψει

2107 4269 2307 4327 Deinde
2357 4269 2560 4325 dicitur
2610 4289 2624 4324 :
2681 4289 2700 4322 ι
2730 4269 2849 4327 Non
2897 4271 3178 4329 auferetur
3225 4285 3501 4347 sceptrum
3543 4282 3610 4339 de

334 4361 522 4433 ἄρχων
569 4363 630 4429 ἐξ
683 4364 874 4434 Ἰούδα,
924 4367 1046 4420 οὐδὲ
1098 4367 1398 4439 ἡγούμενος
1448 4370 1513 4423 ἐκ
1567 4369 1673 4424 τῶν
1729 4371 1918 4442 μηρῶν

2048 4363 2185 4426 Iuda,
2222 4369 2276 4418 et
2307 4360 2418 4415 dux
2448 4360 2516 4416 de
2548 4359 2757 4418 femore
2789 4363 2931 4433 ejus.
2963 4383 2984 4417 ι
3024 4365 3156 4432 Quae
3206 4368 3425 4438 quidem
3465 4373 3512 4427 si
3541 4373 3612 4428 de

334 4452 538 4506 αὑτοῦ·
587 4473 606 4506 1
657 4455 800 4528 άπερ
851 4459 901 4510 εί
953 4457 1051 4528 μὲν
1097 4457 1156 4526 ἐξ
1211 4460 1404 4532 ἐτέρας
1454 4461 1918 4533 ἀναγινώσκοιμεν

2048 4455 2134 4508 ιὶίο
2186 4455 2609 4524 interpretemur
2663 4463 2920 4526 sceptro,
2970 4456 3284 4514 dicerentur
3329 4463 3489 4532 quasi
3539 4465 3612 4521 de

333 4543 545 4614 ἀρχῆς,
586 4544 796 4616 λέγοιτο
847 4547 914 4601 ἂν
955 4548 1031 4612 ὡς
1082 4550 1211 4622 περὶ
1257 4551 1512 4607 ἁπάντων
1554 4553 1662 4606 τῶν
1707 4554 1772 4607 ἐκ
1823 4553 1917 4608 τοῦ

2048 4546 2282 4602 ιιηηὶῢυε
2313 4547 2407 4618 qui
2448 4562 2513 4602 ex
2555 4547 2866 4603 Judaeorum
2896 4565 3092 4621 genere
3117 4553 3378 4623 populum
3402 4556 3604 4625 guber-

347 4639 618 4694 Ἰουδαίων
649 4641 838 4710 γένους
882 4642 1351 4716 καθηγησαμένων
1379 4646 1473 4700 τοῦ
1504 4646 1657 4710 λαοῦ,
1706 4647 1798 4702 καὶ
1829 4646 1912 4718 εἴη

2048 4645 2244 4705 larunt,
2277 4638 2514 4709 talisque
2567 4647 2717 4696 esset
2765 4643 3066 4698 secundum
3109 4643 3252 4699 hanc
3280 4644 3604 4716 interpreta-

332 4729 403 4784 ἂν
431 4731 550 4784 κατ’
571 4733 740 4802 αὐτὴν
769 4734 868 4806 τὴν
894 4734 1130 4788 διάνοιαν
1154 4739 1182 4790 6
1210 4737 1318 4790 τῶν
1338 4739 1713 4809 προκειμένων
1736 4737 1915 4810 ῥητῶν

2048 4728 2222 4784 ionem
2247 4729 2479 4799 hujusce
2507 4731 2611 4785 loci
2643 4747 2838 4788 sensus
2867 4750 2882 4786 :
2915 4732 3035 4788 Non
3066 4735 3220 4805 prius
3248 4739 3545 4793 cessabunt
3572 4756 3604 4795 e

333 4820 463 4885 νοῦς
494 4823 698 4876 τοιόσδε
727 4841 809 4888 τις
831 4842 844 4854 ·
874 4825 935 4878 ού
971 4826 1232 4898 πρότερον
1267 4828 1564 4883 παύσονται
1607 4833 1655 4884 οἱ
1684 4828 1744 4894 ἐξ
1785 4831 1918 4884 Ἰου-

332 4913 502 4966 δαίων
521 4914 779 4986 ἄρχοντες
813 4919 906 4970 καὶ
933 4917 1224 4989 ἡγούμενοι
1248 4921 1340 4972 ἐπὶ
1365 4921 1455 4974 τὸν
1497 4922 1762 4977 Ἰουδαίων
1789 4922 1919 4978 λαὸν

332 5005 743 5077 καθιστάμενοι,
763 5009 868 5071 ἕως
887 5008 951 5062 ἂν
971 5008 1096 5080 ἐλθῃ
1121 5011 1150 5062 6
1169 5010 1266 5080 τῆς
1286 5011 1394 5064 τῶν
1409 5011 1577 5066 ἐθνῶν
1593 5015 1918 5085 προσδοκίας

330 5095 528 5161 αἴτιος,
547 5097 690 5150 τοῦτ’
715 5098 858 5151 ἐστιν
881 5100 908 5151 6
925 5099 1175 5171 Χριστὸς,
1195 5095 1255 5153 οῦ
1278 5102 1718 5173 παραγενομένου
1744 5104 1916 5156 ἐκλεί-

328 5181 456 5250 ψειν
508 5184 721 5257 ἀνάγκη
753 5187 878 5249 τοὺς
925 5187 1375 5259 προειρημένους.
1417 5189 1633 5245 Τούτων
1675 5192 1717 5244 δ’
1744 5193 1915 5257 οὕτως

330 5275 587 5345 ἐχόντων,
611 5277 1032 5349 ἐπισκεψώμεθα
1064 5281 1190 5345 τοὺς
1223 5282 1340 5336 καθ’
1364 5285 1510 5355 ἡμᾶς
1533 5286 1914 5358 χρόνους,ετγε

2023 4818 2228 4876 Judteis
2254 4821 2443 4886 duces,
2494 4823 2878 4894 principesque
2904 4839 3069 4895 super
3087 4823 3396 4883 Iudaeorum
3425 4845 3600 4900 popu-

2025 4917 2137 4970 lum
2165 4917 2485 4984 constituti,
2516 4935 2679 4990 quam
2707 4921 2886 4976 veniat
2908 4923 3147 4993 gentium
3177 4928 3600 4994 exspectationis

2023 5026 2210 5075 causa,
2247 5012 2299 5066 id
2336 5020 2454 5077 est,
2486 5012 2770 5078 Christus,
2810 5013 2969 5084 cujus
2998 5024 3122 5085 post
3163 5016 3456 5072 adventum
3505 5035 3600 5076 nc.-

2023 5117 2178 5158 cesse
2205 5113 2290 5159 est
2323 5105 2709 5160 auctoritatem
2740 5104 3072 5176 relinquant.
3126 5106 3256 5173 Quae
3284 5123 3406 5162 cum
3434 5110 3506 5163 ita
3537 5126 3612 5166 se-

2024 5193 2290 5257 habeant,
2325 5205 2571 5266 tempora
2612 5204 2799 5251 nostra
2831 5204 3035 5254 attente
3065 5201 3493 5270 perspiciamus,
3525 5218 3594 5260 an

2022 5285 2191 5342 duces
2213 5300 2477 5357 regesque
2503 5302 2646 5342 nunc
2686 5289 2925 5359 reperire
2963 5291 3054 5346 sit.
3109 5290 3310 5347 Verum
3337 5277 3594 5354 omnibus

328 5367 426 5419 νῦν
457 5367 694 5438 βασιλεῖς
723 5373 815 5423 καὶ
848 5372 1178 5442 ἡγουμένους
1200 5373 1345 5427 ἐστιν
1377 5377 1579 5448 εὑρεῖν.
1616 5377 1771 5432 Ἀλλά
1802 5379 1911 5453 γὰρ

2050 5384 2254 5445 onstat,
2301 5379 2442 5433 sicut
2486 5386 2712 5435 caeteras
2763 5388 2975 5451 gentes,
3022 5380 3330 5440 Judteorum
3376 5403 3594 5459 quoque

331 5461 468 5513 πᾶσι
496 5460 756 5532 πρόδηλον
781 5463 856 5525 ὡς
886 5464 1021 5534 μετὰ
1042 5463 1150 5517 τῶν
1183 5463 1384 5520 λοιπῶν
1413 5469 1507 5521 καὶ
1535 5470 1597 5523 τὸ
1636 5469 1904 5523 Ἰουδαίων

2048 5471 2275 5540 opulum
2315 5471 2574 5526 Romana:
2611 5473 2806 5527 ditioni
2853 5489 2977 5530 esse
3023 5476 3364 5547 subjectum,
3413 5497 3590 5553 neque

331 5545 483 5611 ἔθνος
536 5551 647 5612 τοῖς
691 5550 1071 5622 κατεπαρχιῶν
1103 5550 1250 5624 (κατ’
1279 5557 1576 5630 ἐπαρχίας)
1622 5561 1904 5632 Ῥωμαίων

2048 5577 2336 5633 uemquam
2348 5578 2533 5619 eorum
2544 5580 2768 5621 summa:
2780 5568 3122 5626 auctoritatis
3131 5586 3251 5626 esse
3261 5581 3588 5645 compotem.

416 5721 459 5748 τι
499 5707 660 5763 Hebr.
700 5727 760 5768 ιι.
810 5716 892 5769 14.
969 5719 1015 5750 ⁷⁵
1053 5717 1073 5770 l
1106 5717 1249 5775 Pctr.
1290 5737 1338 5778 γ.
1375 5724 1425 5778 8.
1501 5725 1544 5754 ⁷⁵
1585 5726 1604 5777 l
1639 5723 1792 5780 Joan.
1831 5728 1941 5788 111,1

2065 5726 2282 5781 "Rom.
2305 5741 2420 5794 vm,
2455 5726 2507 5782 ὅ.
2593 5729 2636 5761 ⁷⁸
2666 5728 2707 5784 Il
2738 5728 2861 5785 Cor.
2892 5745 2939 5797 v,
2970 5729 3057 5785 21.
3136 5730 3353 5787 "Joan.
3381 5749 3468 5802 ιιι,
3501 5737 3591 5796 14.
