4114 6472
520 328 667 386 1047

1272 329 1541 391 EUSEBII
1576 336 2056 395 CJESABIENSIS
2095 337 2247 397 OPP.
2293 340 3061 402 PARSlll.-—-EXEGETICA.

3634 349 3783 407 i048

517 452 767 523 llludque
794 468 827 506 a
857 451 1159 510 Salvatoris
1186 459 1361 513 nostri
1406 460 1782 516 incarnatione
1811 462 1923 517 ﬁeri
1951 464 2072 519 ince

2206 466 2468 536 ήγῳόσιν
2535 467 2929 533 ὑποτέτακται,
2992 466 3216 540 μηδενὸς
3279 469 3455 522 αὐτῶν
3510 470 3608 541 τὴν
3680 471 3779 525 τοῦ

518 545 620 615 pit.
671 544 841 617 igitur
862 544 933 601 ad
961 548 1105 619 regis
1128 546 1360 607 Herodis
1388 560 1632 624 tempora
1668 552 1924 609 Hebraeos
1953 570 2095 610 sem-

518 653 617 709 per
664 638 946 695 Hebraicaa
983 643 1131 710 genti
1190 643 1491 713 imperasse
1554 645 1609 699 in
1660 645 1909 702 historiis
1942 662 2095 718 repe-

518 730 718 787 rimus.
764 730 812 784 A
836 728 1021 803 Moyse
1042 732 1162 803 ipso
1186 733 1537 790 successione
1566 737 1857 801 continua,
1895 737 2096 808 populo

518 820 996 879 duces-'constituti
1022 823 1261 891 fuerunt,
1284 823 1504 882 Iudices
1535 829 1748 895 vocati;
1781 827 1978 885 deinde
2006 845 2093 885 re.

517 927 613 983 ges
640 926 816 983 usque
842 913 907 966 ad
922 910 1213 984 Babylonis
1229 914 1599 985 captivitatem
1620 916 1906 986 imperium
1932 932 2092 971 exer-

516 1016 711 1065 cuere;
749 1009 879 1073 post
924 1003 1293 1074 captivitatem
1326 1006 1522 1060 summi
1574 1005 1863 1075 pontiﬁces
1891 1007 1960 1061 ad
1982 1007 2096 1062 Au-

515 1098 734 1162 gustum
764 1093 913 1161 regia
945 1094 1272 1150 auctoritate
1308 1096 1466 1164 potiti
1498 1104 1661 1163 sunt;
1703 1096 1919 1153 Herode
1942 1113 2090 1166 vero,

514 1183 608 1253 qui
648 1183 861 1254 primus
914 1182 1081 1239 alieni
1125 1188 1243 1239 erat
1274 1187 1513 1252 generis.
1560 1198 1897 1257 regnumque
1925 1202 1957 1241 ι
1986 1185 2096 1242 Βο-

512 1276 695 1331 manis
729 1275 1043 1331 obtinuerat
1071 1275 1393 1347 imperante,
1446 1276 1697 1333 Salvator
1721 1277 2096 1351 Dominusque

513 1376 700 1424 noster
735 1365 897 1424 Jesus
928 1366 1185 1424 Christus
1218 1376 1382 1424 natus
1424 1378 1529 1425 est.
1585 1368 1705 1424 Jam
1742 1370 1909 1443 igitur
1932 1372 2001 1427 ab
2027 1388 2093 1428 eo

511 1475 687 1531 usque
715 1460 784 1516 ad
826 1468 1077 1516 nostrum
1128 1468 1339 1531 tempus
1387 1461 1672 1531 imperium
1708 1473 2094 1534 sceptrumque

511 1551 765 1610 aJudteis
809 1555 988 1610 ablata
1036 1563 1186 1610 sunt.
1251 1553 1407 1611 Patet
1446 1555 1731 1614 advenisse
1759 1558 2092 1628 aprophetis

508 1648 827 1719 praedictum
873 1646 1213 1702 Salvatorem
1266 1655 1539 1710 nostrum,
1576 1649 1737 1719 cujus
1767 1665 1798 1703 a
1830 1651 2092 1721 tempori-

507 1741 613 1797 bus
642 1752 753 1795 non
785 1740 947 1794 modo
972 1737 1284 1795 Iudaeorum
1312 1740 1479 1795 ablati
1535 1751 1664 1797 sunt
1695 1740 1886 1807 duces,
1917 1741 2013 1797 sed
2037 1748 2092 1796 et

2198 555 2387 630 ἄρχειν
2431 555 2678 624 ἐξουσίαν
2713 560 3202 638 ἐπιτετραμμένου.
3244 563 3355 615 Καὶ
3392 561 3549 616 τοῦτό
3577 581 3640 633 γε
3669 566 3780 618 ἀπὸ

2195 648 2304 702 τῶν
2330 649 2536 721 χρόνων
2555 650 2655 721 τῆς
2679 650 2773 704 τοῦ
2803 652 3053 723 Σωτῆρος
3076 654 3108 723 ἡ
3116 651 3232 723 μῶν
3253 654 3517 722 γενέσεως
3540 655 3746 726 ἡρξατο
3760 675 3776 688 ·

2200 744 2361 817 μέχρι
2388 743 2518 812 γοῦν
2557 744 2794 817 Ἡρώδου
2822 744 3084 815 βασιλέως
3118 746 3399 818 Ἑϐραίους
3419 747 3480 815 ἐξ
3512 749 3781 821 Ἐϐραίων

2195 837 2290 891 τοῦ
2326 836 2525 900 παντὸς
2549 836 2729 891 αὐτῶν
2762 835 2951 901 ἔθνους
2988 837 3256 909 ἄρξαντας
3289 841 3347 893 ἐν
3367 842 3487 904 ταῖς
3512 842 3780 914 ἱστορίαις

2195 928 2540 1000 εὑρίσκομεν,
2584 927 2643 993 ἐξ
2670 928 2834 981 αὐτοῦ
2868 931 3145 993 Μωῦσέως
3178 931 3317 985 κατά
3357 932 3603 1003 διαδοχὴν
3632 937 3778 1005 ἡγη-

2196 1023 2448 1093 σαμένων
2468 1020 2682 1093 πρῶτον
2708 1022 2806 1093 μὲν
2826 1023 2933 1075 τῶν
2953 1023 3257 1094 λεγομένων
3276 1026 3321 1077 Κ
3329 1026 3512 1098 ριτῶν,
3529 1026 3627 1082 εἷθ’
3647 1028 3778 1100 ἑξῆς

2193 1115 2303 1166 τῶν
2326 1113 2588 1185 βασιλέων
2619 1115 2780 1185 μέχρι
2806 1116 2906 1186 τῆς
2943 1118 3023 1180 είς
3055 1117 3348 1171 Βαϐυλῶνα
3378 1120 3775 1189 αἰχμαλωσίας,

2198 1205 2314 1277 μεθ’
2344 1207 2409 1277 ἢν
2437 1208 2484 1259 οἱ
2517 1207 2794 1279 ἀρχιερεῖς
2818 1206 2918 1278 τὴν
2955 1207 3130 1280 ἀρχὴν
3157 1208 3526 1281 διαδεξάμενοι
3554 1214 3648 1267 ἐπὶ
3676 1215 3778 1286 τὴν

2194 1296 2507 1367 Αὐγούστου
2557 1296 2854 1369 διήρκεσαν
2899 1296 3208 1368 βασιλείαν
3244 1300 3364 1354 καθ’
3415 1301 3474 1354 ὃν
3533 1301 3776 1374 Ἡρώδου

2194 1390 2410 1463 πρώτου
2441 1391 2501 1444 τὸ
2550 1392 2705 1460 γένος
2757 1391 3069 1461 ἀλλοφύλων
3099 1392 3248 1463 (λου)
3292 1395 3390 1466 τὴν
3435 1399 3556 1448 κατ’
3592 1397 3776 1451 αὐτῶν

2195 1483 2473 1556 βασιλείαν
2497 1483 2603 1536 ὑπὸ
2639 1484 2925 1554 Ῥωμαίων
2948 1483 3379 1556 ἐγχειρισθέντος
3401 1487 3429 1539 ό
3455 1486 3648 1559 Σωτὴρ
3677 1490 3776 1541 καὶ

2193 1572 2398 1644 Κύριος
2431 1572 2586 1643 ἡμῶν
2616 1571 2824 1644 Ἰησοῦς
2846 1572 3081 1645 Χριστὸς
3116 1575 3400 1648 ἐγεννήθη.
3425 1576 3562 1648 Ἤδη
3590 1577 3779 1630 τοίνυν

2192 1662 2251 1729 ἐξ
2293 1662 2501 1715 ἐκείνου
2556 1664 2649 1715 καὶ
2699 1662 2860 1734 μέχρι
2902 1662 2995 1715 τοῦ
3043 1665 3308 1735 παρόντος
3347 1664 3537 1736 χρόνου
3582 1666 3775 1735 σαφῶς

2193 1751 2520 1817 ἐκλελοιπὼς
2567 1753 2750 1825 ἄρχων
2792 1770 2852 1807 τε
2900 1754 2995 1807 καὶ
3042 1754 3341 1826 ἡγούμενος
3387 1757 3445 1807 ἐν
3495 1757 3775 1819 Ἰουδαίοις

507 1836 685 1891 omnis
714 1834 895 1890 cultus
917 1834 1010 1905 qui
1044 1833 1187 1904 apud
1225 1848 1320 1890 eos
1350 1834 1650 1891 secundum
1680 1832 1882 1907 Moysis
1913 1835 2074 1906 legem

2192 1811 2576 1900 ἀποδείκνυται
2595 1811 2621 1876 ³.
2640 1811 2808 1917 δῆλον
2843 1844 2922 1909 ὡς
2964 1811 3221 1916 ἐλήλυθεν
3254 1849 3282 1900 ό
3316 1811 3773 1919 πεπροιιεητευμέζ

504 1924 805 1983 Jerusalem
828 1926 1177 1998 implebatur.
1210 1925 1495 1983 Manifeste
1519 1936 1699 1983 autem
1721 1936 1775 1984 et
1798 1937 2084 1999 exspecta-

505 2020 582 2072 tio
630 2034 818 2074 eorum
861 2020 954 2090 qui
1000 2035 1100 2090 per
1146 2030 1271 2075 eum
1324 2020 1392 2076 ad
1430 2022 1809 2076 universarum
1837 2020 2078 2092 gentium

502 2111 673 2165 Deum
712 2113 1102 2184 confugiebant
1132 2115 1312 2186 reipsa
1342 2114 1655 2169 conﬁrmari
1686 2115 1871 2184 coepit,
1905 2114 2080 2185 ipsius

503 2204 767 2260 adventus
795 2214 1061 2277 tempore,
1087 2206 1389 2263 secundum
1418 2205 1608 2263 Jacobi
1638 2206 2002 2279 prophetiam.

2190 1956 2280 2003 νος
2314 1937 2504 2009 Σωτὴρ
2530 1937 2707 2010 ἡμῶν,
2746 1932 2806 1992 οὗ
2851 1937 2959 1991 ἀπὸ
2995 1937 3105 1991 τῶν
3159 1940 3365 2009 χρόνων
3412 1941 3474 1993 ού
3511 1942 3673 2011 μόνον
3717 1944 3771 1995 oi

2200 2030 2468 2085 Ἰουδαίων
2504 2030 2906 2084 ἐπιλελοίπασιν
2943 2030 3199 2103 ἄρχοντες
3218 2072 3232 2095 ,
3263 2031 3396 2085 ἀλλά
3428 2033 3521 2086 καὶ
3553 2036 3703 2087 πᾶσα
3735 2036 3773 2105 ἡ

2188 2116 2325 2189 πρὸς
2356 2115 2536 2170 αὐτῶν
2580 2119 2639 2170 ἐν
2674 2118 3031 2189 Ἰερουσαλὴμ
3054 2120 3455 2193 ἀποτελουμένη
3490 2124 3637 2177 κατά
3675 2126 3773 2178 τὸν

2182 2207 2459 2271 Μωῦσέως
2490 2208 2653 2279 νόμον
2674 2208 2916 2283 λατρεία.
2955 2211 3148 2279 Σαφῶς
3177 2210 3232 2264 δὲ
3262 2214 3356 2267 καὶ
3393 2215 3426 2284 ή
3468 2216 3775 2286 προσδοκία

498 2299 610 2354 τῶν
654 2299 721 2354 δι’
769 2302 934 2356 αὐτοῦ
991 2302 1483 2373 καταπεφευγότων
1524 2302 1747 2357 ἐπὶ·τδν
1794 2302 1904 2356 τῶν
1951 2301 2087 2357 ὅλων
2123 2302 2255 2357 Θεὸν
2283 2303 2453 2357 ἐθνῶν
2494 2303 2642 2375 ἔργῳ
2705 2303 3041 2376 πληροῦσθαι
3091 2307 3293 2380 ἤρξατο
3342 2309 3448 2362 ἀπὸ
3484 2310 3596 2363 τῶν
3664 2310 3771 2379 τῆς

499 2400 804 2469 παρουσίας
829 2397 994 2453 αὐτοῦ
1024 2393 1253 2471 χρόνων,
1283 2398 1426 2453 κατά
1453 2398 1552 2472 τὴν
1578 2398 1670 2452 τοῦ
1710 2397 1903 2453 Ἰακὼϐ
1940 2400 2295 2470 προφητείαν.

570 2489 638 2545 Et
668 2491 1041 2563 bmc'quidem
1090 2492 1138 2550 si
1180 2492 1249 2549 de
1280 2493 1505 2565 proprio
1548 2502 1767 2564 sceptro
1807 2494 2082 2566 intelliga-

498 2596 648 2648 mus,
687 2601 708 2636 ι
735 2599 848 2639 non
881 2584 1162 2642 auferetur
1180 2594 1459 2658 sceptrum
1482 2587 1550 2643 de
1572 2585 1745 2656 Iuda;
1780 2607 1800 2641 ›
1832 2589 1878 2645 si
1906 2589 2080 2660 priori

497 2675 646 2731 hunc
674 2677 834 2747 quasi
867 2686 1298 2736 consentaneum
1324 2680 1803 2764 accommodemus
1826 2697 2075 2747 sensum,

495 2767 779 2824 Christum
836 2769 1109 2841 Signiﬁcat
1158 2769 1331 2827 Judas
1384 2771 1441 2825 in
1486 2771 1768 2841 praecitato
1819 2775 1959 2838 loco,
2019 2782 2076 2830 et

501 2883 523 2918 ι
555 2880 667 2921 non
704 2865 983 2921 auferetur
1010 2872 1285 2939 sceptrum
1316 2867 1385 2923 de
1409 2866 1570 2935 Juda,
1614 2888 1632 2920 ι
1666 2868 1735 2924 ad
1775 2869 1899 2926 illos
1947 2884 2073 2940 spe-

495 2953 736 3029 etat'qui
760 2966 884 3027 post
915 2956 1195 3015 Christum
1225 2958 1395 3016 duces
1426 2966 1480 3016 et
1510 2960 1788 3032 principes
1815 2960 2076 3018 Ecclesiae

494 3046 722 3105 fuerunt
758 3070 773 3104 :
808 3051 910 3105 hos
941 3052 1228 3122 prophetia
1256 3051 1395 3106 dicit
1441 3067 1552 3107 non
1583 3051 1897 3113 defecturos
1927 3069 2073 3121 esse,

498 3158 517 3187 ι
545 3139 719 3196 donec
745 3140 927 3195 veniat
953 3141 1047 3211 qui
1075 3140 1372 3197 mittendus
1401 3147 1520 3207 est;
1551 3161 1571 3194 ι
1605 3146 1762 3213 quasi
1790 3143 2078 3200 manifeste

491 3232 722 3294 diceret.
757 3233 933 3289 donec
964 3234 1149 3290 veniat
1179 3249 1301 3306 quae
1330 3236 1379 3291 ei
1425 3236 1644 3293 decreta
1691 3246 1820 3293 sunt
1854 3238 1908 3292 in
1938 3253 2073 3293 con-

492 3325 917 3383 summationem
949 3325 1213 3391 futuram,
1245 3329 1487 3383 omnium
1516 3344 1747 3399 regnum
1781 3328 2067 3387 obtinebit.

491 3415 649 3484 Quod
679 3433 813 3475 vero
844 3417 1017 3474 duces
1051 3416 1259 3477 Christi
1303 3420 1604 3491 discipulos
1653 3431 1877 3477 sanctus
1911 3434 2071 3480 vocat

493 3506 752 3580 Spiritus,
783 3508 1137 3565 manifestum
1166 3519 1252 3568 est
1284 3527 1354 3567 ex
1379 3512 1449 3568 iis
1471 3529 1591 3584 quae
1617 3513 1684 3569 de
1705 3512 1846 3568 Inda
1875 3514 2070 3570 dicun-

489 3609 580 3657 tur
620 3619 634 3657 :
676 3620 695 3653 ι
734 3599 992 3681 Tu.vero,
1025 3602 1189 3658 homo
1220 3604 1517 3669 unanimis,
1547 3603 1655 3659 dux
1688 3621 1843 3661 meus
1867 3614 1922 3661 et
1971 3623 2064 3662 no-

490 3701 582 3750 tus
604 3708 761 3751 meus
795 3694 863 3750 3°.
895 3713 915 3747 ι
955 3694 1104 3761 Quos
1145 3694 1399 3766 religiose
1444 3696 1709 3763 colentes,
1743 3699 1836 3768 qui
1877 3713 2068 3753 eorum

491 3786 698 3844 divinis
752 3787 1096 3858 sincerisque
1139 3793 1191 3842 et
1224 3788 1432 3844 sanctis
1477 3790 1661 3845 verbis
1689 3789 2065 3855 crediderunt,

488 3881 715 3936 minime
744 3881 1060 3936 conturbari
1092 3881 1311 3947 debent,
1342 3896 1446 3939 nec
1475 3882 1528 3936 in
1559 3882 1662 3938 ﬁde
1691 3899 1791 3940 sua
1824 3898 2069 3939 commo-

487 3971 604 4027 veri
636 3970 802 4041 hujus
836 3972 1101 4042 temporis
1129 3973 1631 4042 persecutionibus,
1671 3989 1736 4029 ac
1760 3975 2066 4045 praesertim

486 4074 553 4115 ea
584 4076 706 4131 quae
748 4076 897 4117 nunc
942 4061 1211 4119 adversus
1247 4077 1349 4119 nos
1370 4045 1861 4120 'vebementissime
1890 4065 2061 4131 saevit,

484 4152 726 4224 taiiaque
741 4152 1006 4211 adversus
1026 4153 1302 4211 Ecclesias
1323 4162 1609 4227 totumque
1631 4157 1891 4226 pupulum
1907 4172 2067 4212 exer-

486 4242 622 4309 cuit,
654 4244 839 4314 qualia
868 4259 969 4300 nee
1001 4246 1055 4300 in
1094 4245 1327 4301 historia
1370 4261 1636 4317 unquam,
1672 4262 1774 4303 nec
1805 4248 1861 4302 in
1891 4248 2065 4303 tradi-

485 4334 634 4391 tione
658 4351 825 4392 senex
847 4336 1030 4406 quivis
1057 4337 1371 4393 meminisse
1391 4346 1592 4410 potest.
1623 4335 1750 4394 Haec
1774 4354 1905 4395 vero
1925 4339 2064 4395 dici-

485 4440 630 4493 mus,
665 4442 735 4482 ne
771 4428 860 4482 cui
897 4426 1040 4483 forte
1070 4427 1359 4483 videantur
1391 4444 1516 4500 quae
1548 4445 1698 4486 nunc
1745 4445 1893 4487 saeva
1925 4431 2062 4501 pati-

485 4532 611 4572 mur
640 4516 709 4574 iis
759 4534 881 4589 quae
922 4520 1076 4590 prius
1124 4518 1364 4574 diximus
1396 4519 1556 4591 plane
1588 4522 1889 4586 contraria,
1932 4537 2057 4577 eum

2256 2496 2368 2548 Καὶ
2394 2496 2566 2549 ταῦτα
2606 2496 2707 2566 μὲν
2738 2497 2786 2549 εί
2823 2496 2900 2561 ὡς
2942 2497 3050 2551 ἀπὸ
3084 2499 3219 2562 ίδίας
3270 2501 3445 2572 ἀρχῆς
3491 2502 3769 2569 ἀναγινώ-

2184 2604 2411 2659 σκοιμεν
2440 2587 2508 2642 τά
2530 2589 2637 2642 ἀπὸ
2665 2588 2779 2642 τοῦ·
2802 2608 2819 2641 ι
2838 2591 2954 2643 υύκ
2981 2590 3219 2662 ἐκλείψει
3250 2594 3431 2665 ἄρχων
3459 2595 3519 2659 ἐξ
3534 2595 3721 2650 Ἰούδαο
3739 2616 3761 2648 ι

2181 2682 2230 2735 εί
2263 2681 2308 2734 δ’
2334 2681 2412 2745 ὡς
2469 2680 2760 2735 ἀκόλουθον
2790 2685 2857 2754 τῇ
2913 2682 3016 2754 πρὸ
3056 2685 3227 2757 αὐτῆς
3268 2686 3473 2759 διανοίᾳ
3519 2688 3615 2744 καὶ
3659 2690 3771 2760 τὴν

2184 2771 2325 2843 μετά
2358 2776 2546 2844 χεῖρας
2570 2774 2934 2845 συνάπτομεν,
2970 2776 3096 2847 ἐξῆς
3140 2775 3206 2830 ἂν
3234 2777 3343 2847 εἴη,
3385 2778 3478 2831 τοῦ
3520 2773 3765 2851 Χριστοῦ

2190 2861 2358 2915 Ἰούδα
2387 2862 2710 2933 νενοημένου
2734 2862 2876 2916 κατά
2900 2862 2969 2916 τά
3000 2863 3617 2936 προαποδεδομένα,τδ,ι
3644 2867 3767 2921 Οὐκ

2178 2954 2418 3025 ἐκλείψει
2448 2955 2631 3026 ἄρχων
2662 2955 2721 3022 ἐξ
2768 2954 2842 3025 (ί.
2870 2955 3010 3026 7v°)
3049 2955 3236 3023 Ἰούδα,
3272 2976 3290 3008 ι
3336 2959 3429 3011 ἐπὶ
3450 2960 3575 3023 τοὺς
3617 2960 3763 3029 μετά

2178 3046 2270 3100 τὸν
2290 3048 2525 3119 Χριστὸν
2539 3047 2806 3121 ἄρχοντας
2836 3049 2931 3104 καὶ
2957 3048 3292 3121 ἡγουμένους
3313 3051 3413 3121 τῆς
3428 3052 3625 3123 Ἐκκλη
3634 3054 3764 3117 σίας

2180 3138 2566 3210 ἐκλαμϐάνειν,
2596 3140 2751 3211 οὒςή
2804 3141 3112 3211 προφητεία
3161 3142 3324 3212 φησιν
3373 3142 3447 3214 μὴ
3484 3143 3762 3213 ἐκλείψειν

2184 3250 2202 3283 ι
2234 3231 2340 3295 ἕως
2371 3230 2437 3285 ἂν
2466 3231 2595 3305 ἔλθῃ
2633 3232 2702 3285 τά
2736 3232 3076 3301 ἀποκείμενα
3103 3232 3251 3303 αὐτῷ
3271 3250 3284 3263 ’
3312 3253 3331 3285 ι
3369 3235 3445 3298 ὡς
3479 3236 3527 3287 εἰ
3581 3236 3757 3305 σαφέ-

2174 3340 2369 3395 στερον
2397 3324 2601 3394 ἔλεγεν,
2631 3325 2737 3388 ἕως
2758 3324 2823 3378 ἂν
2854 3323 2984 3398 ἔλθῃ
3012 3325 3079 3379 τὰ
3102 3325 3442 3397 ἀποκείμενα
3474 3327 3623 3398 αὐτῷ
3654 3331 3759 3399 τῆς

2174 3416 2486 3482 συντελείας
2508 3418 2828 3488 ἐπιστάσης,
2860 3417 3156 3489 κομίσηται
3177 3419 3275 3489 τὴν
3308 3418 3453 3472 κατὰ
3482 3419 3590 3472 τῶν
3616 3420 3761 3473 ὅλων

2171 3509 2468 3581 βασιλείαν.
2500 3511 2621 3565 Ὅτι
2652 3511 2710 3565 δέ
2745 3510 2839 3564 καὶ
2866 3510 3204 3582 ἡγουμένους
3233 3512 3358 3576 τοὺς
3393 3510 3487 3565 τοῦ
3510 3512 3756 3583 Χριστοῦ

2173 3600 2421 3673 μαθητὰς
2451 3600 2513 3655 τὸ
2550 3601 2691 3656 θεῖον
2739 3602 3005 3655 ἀποκαλεῖ
3040 3602 3265 3671 Πνεῦμα
3299 3602 3467 3671 σαφές
3503 3603 3651 3655 ἐστιν
3682 3604 3759 3655 ἐκ

2167 3692 2262 3746 τοῦ
2301 3693 2552 3763 λέγεσθαι
2584 3695 2712 3766 περὶ
2741 3694 2835 3749 τοῦ
2870 3695 3058 3748 Ἰούδα·
3090 3714 3108 3745 ι
3133 3695 3204 3748 Σὺ
3231 3694 3310 3760 δέ,
3345 3693 3596 3767 ἄνθρωπε
3639 3696 3756 3749 ίσό-

2166 3782 2325 3854 ψυχε,
2353 3782 2578 3855 ἡγεμών
2607 3802 2706 3854 μου
2743 3784 2836 3838 καὶ
2855 3782 3070 3853 γνὼστα
3100 3801 3223 3855 μου.
3257 3802 3275 3835 t
3311 3784 3421 3837 Καὶ
3451 3783 3659 3847 τούτοις
3686 3784 3755 3838 δὲ

2169 3873 2275 3946 χρὴ
2318 3875 2686 3947 προσέχοντας
2730 3877 2856 3940 τοὺς
2889 3877 2965 3940 ὡς
3013 3876 3178 3940 θείοις
3227 3859 3330 3929 καὶ¹
3371 3875 3593 3946 ἀληθέσι
3633 3878 3755 3940 τοῖς

2171 3968 2336 4039 ἱεροῖς
2364 3967 2542 4037 λόγοις
2570 3968 3002 4031 πεπιστευκότας
3031 3968 3295 4040 μηδαμῶς
3312 3967 3606 4040 θροεῖσθαι,
3640 3985 3754 4038 μη-

2166 4058 2223 4111 δὲ
2252 4059 2359 4129 μὴν
2403 4058 2645 4112 σείεσθαι
2677 4059 2776 4131 τὴν
2826 4060 3009 4112 πίστιν
3056 4059 3161 4112 ὑπὸ
3192 4060 3300 4113 τῶν
3347 4059 3490 4115 κατά
3521 4062 3753 4132 καιροὺς

2166 4149 2457 4219 διωγμῶν,
2506 4152 2603 4204 καὶ
2653 4152 2886 4223 μάλιστα
2932 4152 3025 4205 τοῦ
3075 4152 3371 4218 ἐνεστῶτος
3423 4153 3562 4226 ὑπὲρ
3619 4155 3753 4217 τοὺς

2168 4241 2387 4295 πώποτε
2440 4239 2777 4315 σφοδρότατα
2826 4243 2948 4296 καθ’
3009 4243 3166 4315 ἡμῶν
3220 4244 3583 4307 πνεύσαντος,
3652 4246 3753 4299 καὶ

2166 4332 2393 4386 τοιαῦτα
2435 4332 2840 4404 ἐπιδειξαμένου
2869 4332 3013 4386 κατά
3051 4350 3105 4387 τε
3138 4334 3246 4386 τῶν
3287 4333 3622 4404 Ἐκκλησιῶν
3650 4334 3752 4386 καὶ

2166 4425 2365 4489 παντὸς
2393 4423 2487 4478 τοῦ
2525 4424 2677 4491 λαοῦ,
2707 4427 2864 4479 ὁποῖα
2904 4424 3028 4478 οὔτε
3063 4426 3172 4480 ἀπὸ
3211 4425 3432 4498 γραφῆς
3470 4424 3594 4480 οὔτε
3637 4425 3751 4497 μὴν

2166 4523 2232 4573 ἐκ
2263 4520 2615 4592 παραδόσεως
2641 4519 2883 4590 ἀρχαίων
2913 4535 2998 4581 τις
3028 4518 3451 4590 ἐμνημόνευσεν.
3475 4518 3659 4571 Ταῦτα
3681 4517 3748 4570 δέ

483 4621 663 4680 neque
692 4610 842 4666 coire
886 4610 1074 4667 ﬁdeles
1118 4609 1355 4681 possint,
1406 4627 1581 4681 neque
1619 4611 1838 4668 decreta
1888 4612 2057 4668 duces

2178 4629 2371 4683 φαμεν,
2420 4612 2541 4665 ἐπεὶ
2583 4611 2725 4681 τάχα
2765 4609 2965 4675 δόξειεν
3010 4611 3269 4683 ἄντικρυς
3332 4609 3473 4664 κατά
3516 4610 3610 4663 τὸν
3656 4610 3748 4662 ἐν·

483 4699 747 4761 Ecclesiae
777 4705 1092 4777 praecipere.
1115 4704 1485 4764 Veracissima
1521 4707 1688 4777 igitur
1724 4721 1849 4762 cum
1882 4707 1955 4762 sit
1983 4705 2060 4762 di-

481 4795 690 4850 vinitus
718 4795 986 4866 inspirata
1019 4795 1328 4869 Scriptura,
1363 4797 1696 4853 credendum
1723 4805 1809 4854 est
1837 4813 1933 4853 eos
1955 4797 2058 4852 du-

479 4902 570 4944 ces
601 4902 711 4943 non
748 4889 972 4943 omnino
989 4888 1284 4958 defecisse,
1314 4891 1415 4947 etsi
1436 4880 1762 4961 quibusdam
1790 4888 2060 4946 defecisse

477 4976 789 5033 videantur.
835 4977 980 5036 Deus
1012 4978 1159 5036 enim
1199 4979 1484 5052 Prophetas
1511 4981 1702 5037 dicens
1737 4994 1753 5035 :
1792 5000 1810 5032 ι
1842 4979 2059 5053 Reliqui

476 5072 613 5129 mihi
647 5079 857 5144 septem
903 5074 1075 5131 millia
1115 5075 1385 5141 virorum,
1412 5075 1507 5146 qui
1544 5089 1655 5130 non
1688 5082 2058 5131 curvaverunt

479 5181 661 5238 genua
686 5176 814 5223 ante
856 5166 1081 5235 Baal",
1124 5186 1143 5220 ι
1180 5169 1434 5239 querenti
1503 5167 1649 5239 quod
1692 5167 1867 5224 solum
1928 5183 2054 5223 eum

478 5257 694 5314 caeteris
717 5258 949 5315 sublatis
965 5259 1101 5330 reiiq
1112 5260 1300 5326 uisset,
1320 5260 1438 5331 ipse
1469 5275 1613 5315 nunc
1628 5266 1682 5315 et
1698 5259 1893 5331 dignos
1916 5257 2057 5315 Pro-

477 5348 719 5404 videntia
762 5364 862 5405 sua
907 5351 1151 5423 inspicit,
1201 5371 1223 5404 ‹
1271 5352 1533 5423 reliquias
1580 5352 1885 5408 secundum
1945 5352 2057 5408 ele—

475 5442 715 5495 ctionem
753 5441 943 5513 gratia:
965 5443 1091 5484 ἰ’-δ’
1128 5462 1148 5496 ι
1186 5452 1239 5500 et
1256 5444 1414 5499 nobis
1431 5458 1764 5500 conservans
1794 5459 1824 5497 a
1854 5458 1913 5499 se
1935 5458 2057 5497 mu-

476 5532 627 5589 nitos
651 5539 706 5589 et
733 5549 795 5590 se
827 5550 996 5590 unum
1043 5536 1495 5607 contemplantes.
1527 5534 1604 5591 De
1637 5534 1837 5607 quibus
1864 5545 1919 5591 et
1947 5534 2054 5606 ipsi

473 5625 788 5684 diceremus
838 5647 852 5683 :
914 5648 935 5679 ‹
987 5627 1104 5684 Nisi
1158 5628 1422 5685 Dominus
1469 5627 1708 5684 Sabaoth
1745 5627 2058 5699 reliquisset

554 5784 600 5817 '”
637 5784 785 5843 Rsal.
821 5799 933 5845 LIV.
968 5783 1036 5839 M
1133 5783 1176 5817 ⁸³
1214 5784 1372 5843 Rern.
1407 5798 1495 5843 χι.
1527 5788 1585 5840 4.
1659 5783 1786 5828 ⁸¹ιι⁸³
1821 5783 1953 5841 ibid.
1988 5783 2047 5839 5.

2166 4704 2378 4758 εστῶτα
2395 4704 2632 4775 διωγμὸν
2652 4703 2913 4758 τάναντία
2940 4702 3343 4775 συμϐεϐηκέναι
3374 4706 3485 4767 τοῖς
3515 4702 3747 4773 εἰρημέ-

2170 4815 2301 4863 νοις,
2337 4796 2426 4850 διά
2453 4798 2514 4851 τὸ
2553 4796 2688 4868 μηδέ
2731 4794 3006 4868 ἄθροισμα
3056 4796 3151 4850 νῦν
3200 4796 3515 4850 συνεστάναι
3542 4795 3744 4861 δοκεῖν,

2170 4889 2305 4962 μήτε
2325 4889 2417 4943 τὸν
2440 4888 2643 4943 κανόνα
2664 4887 2772 4943 τῶν
2786 4891 2887 4960 τῆς
2902 4886 3224 4956 Ἐκκλησίας
3247 4888 3539 4959 ἀρχόντων.
3559 4886 3747 4956 Ἀψευ-

2164 4979 2288 5044 δοῦς
2306 4979 2581 5051 τοιγάρτοι
2607 4976 2977 5050 τυγχανούσης
2996 4978 3097 5049 τῆς
3116 4975 3471 5031 θεοπνεύστου
3492 4975 3740 5048 Γραφῆς,

2167 5072 2457 5127 πεπεῖσθαι
2491 5070 2598 5144 χρὴ
2621 5072 2703 5126 ὅτι
2747 5071 2821 5143 μὴ
2854 5071 3069 5134 πάντως
3101 5068 3375 5135 ἐξέλειπον
3398 5069 3449 5122 οἱ
3480 5084 3744 5140 προειρη-

2167 5165 2341 5237 μένοι,
2370 5166 2420 5218 εί
2448 5165 2544 5218 καὶ
2564 5163 2768 5219 δοκοῖέν
2796 5180 2936 5218 τισιν
2962 5161 3363 5216 ἐκλελοιπέναι·
3386 5164 3415 5215 ὁ
3439 5160 3547 5235 γὰρ
3569 5161 3745 5215 εἰπὼν

2159 5258 2239 5329 τῷ
2271 5258 2533 5331 Προφήτῃ
2562 5258 2693 5321 Θεὸς
2716 5296 2731 5322 ,
2761 5277 2781 5309 ι
2815 5256 3122 5311 Κατέλιπον
3156 5254 3377 5326 ἐμαυτῷ
3422 5255 3741 5325 ἑπτακισχι-

2160 5351 2306 5413 λίους
2338 5350 2561 5423 ἄνδρας,
2604 5350 2797 5413 οἵτινες
2826 5349 2926 5402 ούκ
2956 5347 3206 5418 ἔκαμψαν
3231 5347 3361 5415 γόνυ
3403 5349 3470 5417 τῇ
3512 5345 3677 5410 Βάαλ,
3712 5365 3735 5396 ›

2161 5443 2483 5515 ὑπειληφότι
2524 5442 2684 5514 μόνον
2718 5441 2879 5498 αὐτὸν
2921 5439 3326 5511 περιλελεῖφθαι
3372 5438 3480 5491 τῶν
3532 5434 3739 5489 λοιπῶν

2160 5535 2538 5608 ἀνῃρημένων,
2564 5538 2593 5588 ὁ
2628 5534 2789 5598 αὐτὸς
2814 5535 2909 5587 καὶ
2939 5532 3033 5586 νῦν
3065 5532 3190 5595 τοὺς
3221 5529 3404 5597 ἀξίους
3443 5527 3543 5601 τῆς
3570 5526 3738 5582 αὐτοῦ

2164 5627 2419 5700 προνοίας
2444 5629 2637 5699 ἐφορᾷ,
2680 5647 2698 5680 ι
2727 5627 2930 5698 λεῖμμα
2957 5626 3073 5680 κατ’
3100 5623 3329 5693 ἐκλογὴν
3352 5620 3574 5693 χάριτος
3596 5637 3614 5671 ι
3638 5616 3737 5673 καὶ
