4134 6414
304 383 329 437 l
340 381 445 437 υιο

1335 378 1628 435 ΕϐιοϐΑῐ
1672 375 2153 437 PROPIIETICIE.
2188 411 2257 421 —
2295 378 2422 433 LIB.
2466 379 2506 433 l.

3421 387 3441 439 l
3453 386 3558 444 υεςο

302 503 435 573 ἡμῖν
467 498 839 568 διαφυλάττων
873 501 999 562 τοὺς
1041 498 1176 570 πρὸς
1224 495 1391 552 αὑτοῦ
1432 497 1885 569 φρουρουμένους,

1999 497 2160 553 nobis
2195 512 2405 561 semen,
2443 497 2587 553 sicut
2620 497 2854 555 Sodoma
2886 501 3009 556 facti
3043 517 3308 566 essemus,
3345 512 3398 554 cl
3420 505 3561 557 sicut

302 594 400 650 καὶ
426 592 564 665 πρὸς
584 590 751 645 αὐτοῦ
790 592 952 662 μόνου
986 591 1416 664 θεωρουμένους,
1451 592 1582 663 περὶ
1609 582 1685 643 ὧν
1715 590 1888 643 είποι-

305 702 409 760 μεν
434 686 503 740 ἂν
536 685 631 738 καὶ
660 684 815 737 αὐτοὶ
838 683 920 748 τὸ,
949 685 1041 737 «El
1080 682 1155 755 μὴ
1190 682 1394 754 Κύριος
1421 681 1645 735 Σαϐαὼθ
1689 683 1886 750 ἐγκατ-

301 778 489 832 ἐλιπεν
510 778 643 847 ἡμῖν
671 774 914 845 σπέρμα,
944 766 1019 837 ὡς
1049 773 1260 843 Σόδομα
1303 771 1370 825 ἂν
1408 772 1766 842 ἐγενήθημεν,
1792 771 1887 825 καὶ

300 868 377 932 ὠς
424 868 678 939 Γόμορρα
747 865 816 919 ἂν
857 864 1241 937 ὡμοιώθημεν.
1283 883 1301 915 ι
1350 863 1424 916 Τὸ
1462 863 1653 933 γάρτοι
1702 864 1781 927 είς
1824 863 1886 916 τὸ

303 960 569 1024 παντελὲς
597 950 970 1012 ἐκλελοιπέναι
1009 955 1250 1027 νομίζειν
1287 956 1415 1019 τοὺς
1439 954 1533 1008 τοῦ
1567 954 1724 1023 λόγου
1752 971 1888 1026 προ⁴

303 1049 569 1114 εστῶτας,
608 1051 876 1121 ἄρχοντας
910 1049 1004 1102 καὶ
1040 1046 1375 1119 ἡγουμένους
1400 1045 1507 1100 ὑπὸ
1537 1046 1636 1116 τῆς
1671 1063 1884 1118 προφη-

302 1143 455 1207 τείας
481 1141 925 1213 ὠνομασμένους,
956 1140 1014 1193 ἐν
1035 1157 1087 1192 τι
1122 1139 1230 1192 τῶν
1269 1139 1565 1209 ἀμηχάνων
1601 1138 1882 1208 τυγχάνει,

302 1233 393 1288 διὰ
417 1232 481 1286 τὸ
516 1233 611 1287 καὶ
647 1233 772 1304 ὅρον
797 1232 1071 1285 τεθεῖσθαι
1096 1229 1192 1283 τοῦ
1221 1249 1240 1282 ι
1270 1231 1343 1301 μὴ
1384 1229 1654 1299 ἐκλείψειν
1685 1230 1789 1294 ἕως
1817 1229 1883 1283 ἂν

303 1324 434 1397 ἔλθῃ
458 1323 530 1378 τὰ
552 1323 891 1394 ἀποκείμενα
934 1322 1111 1393 αὐτῷ’
1145 1342 1164 1373 ι
1202 1321 1348 1376 τοῦτ’
1378 1321 1494 1375 ἔστι
1540 1321 1612 1375 τὰ
1637 1321 1742 1376 ὑπὸ
1787 1320 1883 1375 τοῦ

303 1416 518 1488 Πατρὸς
549 1416 933 1487 ἐπηγγελμένα
960 1415 1039 1486 τῷ
1067 1414 1308 1487 Χριστῷ,
1333 1415 1568 1486 φήσαντι
1590 1414 1721 1487 (τος)
1749 1415 1884 1486 πρὸς

303 1508 503 1573 αὑτὸν,
554 1527 574 1560 ι
601 1508 785 1563 Κάθου
830 1510 896 1562 ἐκ
938 1508 1129 1576 δεξιῶν
1164 1524 1306 1579 μου,
1356 1507 1461 1570 ἕως
1510 1506 1578 1561 ἂν
1629 1508 1705 1560 θῶ
1756 1510 1885 1571 τοὺς

301 1594 530 1667 ἐχθρούς
562 1612 657 1649 σου
703 1596 990 1649 ὑποπόδιον
1031 1596 1140 1649 τῶν
1183 1596 1361 1649 ποδῶν
1405 1613 1529 1650 σου·
1567 1616 1586 1648 ι
1617 1598 1707 1651 ὅτε
1754 1598 1878 1651 καί·

307 1708 326 1741 ι
356 1690 471 1744 Πᾶν
516 1689 645 1757 γόνυ
694 1688 902 1761 κάμψει
951 1688 1289 1760 ἐπουρανίων
1334 1689 1430 1742 καὶ
1480 1690 1740 1758 ἐπιγείων
1789 1691 1884 1744 καὶ

300 1782 670 1853 καταχθονίων
688 1822 703 1845 ,
730 1783 824 1837 καὶ
863 1783 1013 1835 πᾶσα
1047 1780 1267 1850 γλῶσσα
1313 1779 1765 1851 ἐξομολογήσεται
1800 1784 1883 1835 ὅτι

301 1873 747 1946 ΚύριοςἸησοῦς
773 1872 1039 1945 Χριστόςο
1075 1892 1095 1924 ι
1143 1873 1442 1944 τηνικαῦτα
1493 1873 1600 1946 γὰρ
1630 1874 1724 1927 καὶ
1773 1875 1882 1927 τῶν

299 1966 471 2022 ἐθνῶν
519 1967 815 2038 προσδοκία
863 1965 974 2020 τῶν
1023 1965 1118 2019 ἐπὶ
1145 1964 1239 2019 τοῦ
1285 1966 1550 2037 παρόντος
1594 1968 1675 2029 είς
1718 1967 1882 2020 αὐτὸν

298 2059 744 2114 πεπιστευκότων
814 2057 1005 2128 καιρὸν
1078 2056 1191 2123 ἕξει
1254 2055 1353 2119 τὰς
1420 2056 1883 2129 προσδοκηθείσας

297 2149 630 2219 ἐπαγγελίας
681 2147 1012 2219 κομίσασθαι
1058 2149 1117 2201 ἐν
1159 2149 1226 2218 τῇ
1293 2146 1716 2221 προσδοκωμένῃ
1774 2149 1882 2203 τῶν

294 2241 542 2315 οὐρανῶν
574 2240 839 2311 βασιλείᾳ.
869 2240 980 2294 Kal
1007 2239 1181 2294 ταῦτα
1215 2241 1315 2311 μὲν
1335 2241 1509 2314 ταύτῃ
1529 2257 1543 2271 ’
1580 2240 1649 2293 τὰ
1675 2242 1720 2293 δ’
1755 2242 1881 2313 ἑξῆς

1989 588 2292 644 Gomorrha
2341 590 2551 647 similes
2594 590 2887 648 fuissemus
2919 594 2985 648 “.
3023 613 3041 646 ι
3094 594 3302 649 Idcirco
3341 594 3565 651 minime

1989 681 2414 736 existimandum
2440 691 2526 738 est
2547 683 2700 737 verbi
2733 686 3045 754 magistros,
3074 686 3241 740 duces
3262 687 3564 756 principes-

1987 791 2095 846 que
2128 791 2157 829 a
2186 776 2464 846 prophetis
2498 784 2742 839 vocatos,
2772 778 2988 847 penitus
3019 776 3306 839 defecisse,
3342 792 3566 845 pramer—

1987 868 2083 921 tim
2113 883 2238 922 cum
2275 867 2478 938 praefixi
2505 868 2616 922 sint
2660 867 2899 930 termini,
2937 885 2955 919 ι
2989 883 3098 922 non
3127 866 3444 922 auferentur
3467 867 3565 921 do-

1987 974 2088 1013 nec
2120 960 2343 1013 veniant
2376 974 2497 1029 quae
2527 958 2630 1028 ipsi
2662 958 2878 1013 decreta
2892 967 3053 1024 sunt;
3086 979 3105 1009 ι
3147 959 3351 1013 scilicet
3384 973 3506 1028 quae
3532 973 3563 1011 a

1986 1048 2148 1105 Patre
2168 1049 2391 1105 Christo
2414 1053 2665 1104 nuntiata
2691 1059 2841 1113 sunt,
2865 1050 2931 1105 ad
2955 1066 3078 1106 eum
3096 1050 3345 1106 dicente:
3375 1069 3393 1101 ι
3425 1049 3565 1103 Sede

1987 1157 2017 1195 a
2051 1142 2261 1197 dextris
2290 1143 2449 1206 meis,
2480 1143 2655 1197 donec
2689 1158 2885 1213 ponam
2925 1142 3180 1197 inimicos
3208 1150 3331 1196 tuos
3356 1141 3576 1198 scabel-t

1987 1234 2098 1287 lum
2128 1235 2323 1304 pedum
2354 1242 2575 1289 tuorum
2600 1234 2677 1301 ";
2705 1256 2724 1287 ι
2754 1250 2853 1290 nec
2874 1250 2982 1289 non
3005 1234 3095 1288 illa
3128 1252 3142 1289 :
3171 1252 3191 1285 ι
3228 1233 3399 1289 Omne
3422 1249 3562 1304 genu

1986 1325 2239 1381 ﬂectatur
2266 1328 2598 1392 cmlestium,
2630 1328 2970 1383 terrestrium
3011 1335 3066 1383 et
3097 1327 3435 1385 infernarum
3461 1346 3476 1394 ;
3506 1338 3561 1382 ct

1985 1418 2167 1475 omnis
2207 1420 2389 1490 lingua
2423 1419 2749 1474 conﬁteatur
2776 1420 2904 1489 quia
2934 1418 3199 1474 Dominus
3219 1418 3380 1474 Jesus
3405 1417 3565 1474 Chri—

1984 1518 2104 1568 stus
2128 1510 2195 1568 ³⁶.
2230 1530 2250 1564 ι
2281 1510 2435 1566 Tunc
2463 1512 2608 1566 enim
2631 1518 2684 1565 et
2711 1510 2954 1581 gentium
2983 1509 3320 1581 exspectatio
3345 1524 3465 1578 qua:
3495 1509 3563 1561 ah

1984 1617 2051 1657 eo
2082 1610 2329 1674 tempore
2380 1617 2553 1673 usque
2618 1603 2685 1657 ad
2745 1603 2877 1657 illud
2933 1602 2987 1656 in
3033 1618 3156 1657 eum
3190 1601 3560 1664 crediderunt,

1987 1695 2412 1765 promissionum
2436 1696 2966 1750 consummationem
2986 1694 3214 1757 videbit,
3236 1701 3564 1765 sperataque

1985 1788 2247 1841 cmlorum
2272 1803 2440 1858 regno
2471 1789 2728 1858 potietur.
2760 1785 2885 1841 Haec
2907 1787 3124 1857 quidem
3155 1787 3261 1850 ita;
3289 1800 3410 1855 quae
3434 1801 3564 1841 vero

1985 1886 2293 1949 sequuntur
2326 1897 2341 1935 :
2383 1896 2402 1929 c
2456 1878 2658 1949 Ligans
2704 1878 2773 1933 ad
2816 1877 3028 1931 vineam
3062 1876 3270 1946 pullum
3304 1890 3462 1930 suum
3488 1917 3503 1937 ,
3539 1895 3557 1927 ι

1984 1969 2279 2040 allegorice
2304 1970 2713 2040 interpretanda
2737 1970 3001 2025 studiosis
3020 1968 3153 2023 viris
3174 1967 3563 2036 relinquemus,

1986 2063 2241 2132 pluribus
2278 2063 2391 2132 jam
2429 2063 2615 2130 dictis,
2659 2077 2769 2116 non
2805 2061 2951 2131 quod
2992 2059 3060 2115 ad
3096 2059 3433 2130 propositum
3467 2073 3566 2111 no‘

1984 2162 2193 2222 strum;
2225 2157 2428 2226 quippe
2456 2169 2577 2225 quae
2622 2154 2689 2209 ad
2727 2154 2872 2207 hunc
2913 2153 3088 2208 locum
3123 2151 3407 2222 perspicue
3437 2150 3563 2204 illu-

1984 2246 2269 2300 strandum
2312 2248 2743 2316 requirerentur.

296 2332 538 2396 ἀπὸτοῦ,
570 2352 587 2383 ι
612 2331 900 2402 Δεσμεύων
938 2330 1074 2403 πρὸς
1109 2331 1355 2401 ἄμπελον
1392 2333 1483 2386 τὸν
1508 2330 1685 2386 πῶλον
1711 2333 1896 2397 αὐτοῦ,
1942 2355 1962 2387 ι
2003 2340 2101 2408 τῆς
2131 2338 2197 2390 δι’
2228 2338 2554 2410 ἀλληγορίας
2586 2338 2841 2401 ὑπονοίας
2878 2336 3159 2408 ὴρτημένα
3196 2335 3305 2397 τοῖς
3338 2333 3564 2413 φιλομα-

298 2427 418 2481 θέσι
475 2425 658 2495 ζητεῖν
694 2422 1128 2494 καταλείψομεν,
1192 2423 1582 2499 πλεονάσαντες
1616 2425 1709 2477 καὶ
1747 2426 1807 2478 ἐν
1842 2430 1955 2491 τοῖς
1992 2430 2333 2501 εἰρημένοις,
2386 2433 2447 2484 ού
2488 2432 2629 2485 κατὰ
2676 2432 2767 2484 τὸν
2813 2429 3142 2501 προτεθέντα
3198 2427 3295 2499 μὲν
3342 2425 3562 2485 σκοπὸν,
3625 2499 3631 2506 ⁸

295 2528 447 2593 ὅμως
465 2520 509 2573 δ’
529 2517 589 2583 ἐξ
610 2518 855 2589 ἀνάγκης
882 2517 1025 2589 ὑπὲρ
1047 2517 1250 2587 σαφοῦς
1270 2518 1572 2590 διηγήσεως
1595 2518 1703 2572 τῶν
1730 2519 1871 2574 κατὰ
1907 2522 1997 2575 τὸν
2026 2523 2208 2578 τόπον.

830 2609 1228 2663 ΚΕΦΑΔΔΙΟΝ
1266 2610 1344 2663 Θ’.

804 2702 937 2756 Ἀπὸ
972 2700 1086 2771 τῆς
1121 2700 1387 2766 Ὲξόδου.

376 2816 397 2850 ι
426 2796 536 2850 Kal
563 2795 804 2866 Μωῦσῆς
820 2790 890 2865 ἦν
905 2793 1208 2864 ποιμαίνων
1231 2793 1300 2846 τὰ
1323 2794 1571 2865 πρόϐατα
1597 2794 1762 2867 Ἰοθόρ
1783 2793 1880 2848 τοῦ

298 2888 363 2962 (f.
390 2890 446 2961 8)
472 2888 723 2961 γαμϐροῦ
753 2886 939 2942 αὑτοῦ.
969 2905 986 2937 ι
1016 2884 1127 2939 Καὶ
1161 2886 1280 2956 μετ’
1305 2885 1462 2955 ὀλίγα
1483 2905 1496 2917 ο
1530 2907 1549 2938 ι
1575 2888 1684 2941 Καὶ
1721 2883 1882 2958 ἦλθον

296 2989 381 3049 εἰς
398 2984 460 3037 τὸ
484 2983 608 3054 ὅρος
632 2980 726 3034 τοῦ
747 2978 884 3033 Θεοῦ
905 2979 1110 3051 Χωρήϐ
1130 2996 1143 3009 ’
1170 2978 1326 3050 ὤφθη
1352 2980 1407 3032 δὲ
1430 2980 1659 3048 ἅγγελος
1674 2979 1883 3051 Κυρίου

2588 2616 2817 2672 CAPUT
2871 2616 2963 2674 IX.

2604 2711 2685 2764 Ab
2722 2710 2929 2765 Exodo.

2066 2820 2086 2852 ι
2136 2801 2354 2874 Moyses
2421 2810 2605 2858 autem
2661 2806 2921 2873 pascebat
2967 2819 3096 2859 oves
3156 2801 3343 2858 Jethro
3389 2804 3565 2859 soceri

1990 2895 2077 2950 sui
2108 2895 2177 2949 ⁸⁷.
2212 2914 2230 2947 ι
2259 2894 2325 2947 Et
2357 2904 2482 2966 post
2514 2906 2686 2967 pauca
2713 2914 2726 2950 :
2757 2914 2775 2946 ι
2810 2894 3079 2965 Venitque
3116 2894 3179 2949 ad
3208 2904 3442 2950 montem
3472 2894 3566 2949 Dei

1993 2985 2206 3052 iloreh;
2245 2988 2605 3056 apparuitque
2635 2987 2686 3042 ei
2732 2986 2945 3041 Domini
2982 2985 3205 3056 angelus
3252 2986 3306 3039 in
3350 2985 3564 3039 ﬂamma

299 3074 451 3147 αὐτῷ
489 3077 548 3129 ἐν
593 3073 752 3144 φλογὶ
790 3072 983 3143 πυρός.
1017 3090 1035 3123 ι
1082 3070 1195 3125 Καὶ
1247 3071 1369 3143 μεθ’
1396 3072 1593 3141 ἕτερα*
1631 3090 1651 3122 ι
1699 3071 1788 3135 Ὠς
1825 3070 1883 3124 δὲ

1993 3078 2135 3148 ignis
2167 3077 2248 3143 ⁸⁸;
2289 3096 2307 3126 ι
2341 3092 2406 3131 ac
2455 3077 2652 3133 deinde
2689 3096 2700 3131 :
2737 3097 2755 3128 ι
2788 3077 3033 3133 Cernens
3071 3083 3251 3130 autem
3304 3074 3566 3130 Dominus

296 3164 439 3223 εἶδεν
482 3165 684 3239 Κύριος
712 3165 795 3217 ὅτι
832 3162 1102 3236 προσάγει
1139 3163 1288 3225 ίδεῖν,
1315 3162 1573 3217 ἐκάλεσεν
1606 3160 1767 3216 αὑτὸν
1818 3165 1884 3216 ἐκ

302 3260 473 3332 μέσου
525 3254 620 3311 τοῦ
668 3257 829 3327 βάτου
880 3255 1073 3324 λέγων.
1107 3275 1127 3307 ι
1169 3256 1283 3309 Καὶ
1324 3251 1513 3319 αὖθις·
1557 3275 1574 3308 ι
1616 3254 1781 3310 Εἶπεν
1822 3257 1881 3310 δὲ.

297 3350 504 3422 Κύριος
559 3348 696 3420 πρὸς
746 3345 927 3400 αὐτόν’
971 3343 1107 3414 Ἐγώ
1152 3347 1274 3416 είμι
1320 3347 1350 3398 6
1391 3344 1486 3399 ῶν.
1526 3364 1543 3397 ι
1586 3347 1696 3400 Kal
1744 3344 1884 3417 μετὰ

297 3444 562 3497 πλεῖστα⁶
598 3462 617 3493 ‹
654 3440 943 3510 Ἐλάλησεν
979 3438 1036 3492 δὲ
1063 3441 1093 3491 6
1126 3438 1258 3501 Θεὸς
1306 3439 1445 3511 πρὸς
1472 3438 1743 3508 Μωῦσῆν·
1784 3439 1879 3492 καὶ

299 3532 456 3590 εἶπεν
493 3534 630 3606 πρὸς
671 3532 868 3587 αὐτόν·
910 3529 1053 3599 Ἐγὼ
1078 3528 1303 3601 Κύριος,
1353 3531 1448 3583 καὶ
1505 3530 1692 3601 ὤφθην
1743 3531 1880 3601 πρὸς

312 3624 563 3699 Ἁϐραάμ
585 3625 681 3678 καὶ
723 3622 904 3676 Ἰσαὰκ
927 3624 1019 3677 καὶ
1051 3621 1265 3685 Ἰακὼϐ,
1296 3622 1426 3686 Θεὸς
1453 3620 1528 3676 ὢν
1554 3622 1755 3689 αὐτῶν,
1783 3625 1881 3677 καὶ

295 3722 360 3775 τὸ
407 3718 579 3789 δνομά
630 3734 733 3788 μου
788 3717 994 3788 Κύριος
1051 3716 1151 3769 οὐκ
1212 3715 1457 3786 ἐδήλωσα
1518 3718 1732 3780 αὐτοῖς·
1783 3716 1878 3769 καὶ

298 3815 506 3885 ἔστησα
527 3811 624 3882 τὴν
650 3808 927 3881 Διαθήκην
953 3826 1052 3880 μου
1083 3809 1220 3881 πρὸς
1240 3809 1457 3873 αὐτοὺς,
1484 3827 1502 3860 ι
1528 3809 1621 3863 καὶ
1642 3807 1711 3863 τὰ
1735 3808 1883 3879 ἑξῆς.

302 3905 519 3976 Σφόδρα
549 3899 1090 3973 παρατετηρημένως
1136 3903 1193 3954 ἐν
1226 3899 1433 3964 τούτοις
1472 3902 1573 3971 οὐχ
1615 3901 1644 3952 6
1681 3901 1888 3971 Κύριος

299 3996 419 4050 ἀλλ’
446 3997 476 4048 6
500 3992 728 4062 ἄγγελος
747 3985 924 4059 ὦφθαι
941 3990 1018 4061 τῷ
1044 3991 1269 4043 Μωῦσεί
1283 3989 1718 4062 ἀναγέγραπται,
1734 3989 1802 4042 δι’
1824 3984 1887 4043 οὗ

301 4090 398 4144 καὶ
433 4088 464 4140 6
497 4085 702 4157 Κύριος
754 4084 946 4154 ὥσπερ
976 4084 1042 4137 δι’
1077 4082 1359 4153 ἑρμηνέως
1406 4082 1755 4154 χρηματίζων
1805 4081 1884 4134 δι-

298 4183 513 4243 δάσκει,
540 4181 621 4233 ὄτι
666 4176 741 4249 μὴ
771 4176 856 4247 εἴη
898 4174 1273 4244 ύποϐεϐηκυίά
1308 4191 1390 4238 τις
1426 4173 1655 4246 δύναμις
1683 4175 1717 4245 ἡ
1749 4190 1887 4245 χρη-

304 4273 627 4348 ματίζουσα,
649 4269 762 4324 ἀλλ’
778 4268 936 4331 αὐτὸς
960 4269 990 4321 ό
1008 4265 1101 4319 ῶν.
1130 4266 1468 4337 Σαφέστερον
1495 4265 1553 4319 δὲ
1572 4266 1656 4328 τίς
1678 4267 1828 4318 ἐστιν
1857 4266 1886 4318 6

301 4368 379 4422 ὣν
394 4366 633 4439 παριστᾷ
653 4367 710 4418 ἐν
728 4363 803 4434 τῷ
821 4361 898 4430 (l)
917 4376 1099 4431 φησιν·
1132 4379 1150 4411 ι
1173 4358 1314 4427 Ἐγὼ
1338 4359 1561 4430 Κύριος·
1585 4360 1679 4412 καὶ
1702 4357 1889 4430 ῶφθην

1989 3170 2136 3242 quod
2169 3177 2420 3241 pergeret
2447 3168 2513 3223 ad
2551 3167 2865 3233 videndum,
2896 3168 3109 3222 vocavit
3143 3185 3265 3223 eum
3289 3168 3356 3223 de
3389 3167 3567 3223 medio

1985 3259 2109 3313 rubi
2137 3266 2194 3314 et
2225 3258 2301 3311 ait
2335 3257 2414 3322 ’νς
2450 3276 2466 3307 ι
2494 3265 2548 3311 et
2582 3272 2815 3312 rursus:
2852 3276 2869 3307 ι
2906 3254 3053 3310 Dixit
3084 3263 3262 3311 autem
3303 3254 3568 3311 Dominus

1987 3351 2054 3405 ad
2083 3366 2208 3405 eum
2237 3369 2249 3405 :
2278 3348 2391 3420 Ego
2422 3362 2542 3403 sum
2573 3349 2665 3418 qui
2696 3363 2818 3403 sum
2852 3349 2920 3401 ’°.
2962 3367 2978 3399 ι
3014 3347 3075 3400 Ει
3111 3348 3252 3402 infra
3288 3368 3300 3402 :
3338 3367 3357 3399 ι
3391 3347 3569 3401 Lucu-

1988 3447 2078 3495 tus
2106 3449 2193 3495 est
2238 3439 2382 3495 Deus
2425 3438 2493 3493 ad
2533 3436 2799 3510 Moysem,
2850 3439 3094 3510 dixitque
3125 3439 3191 3492 ad
3234 3455 3358 3493 eum
3411 3438 3568 3510 :Egu

1987 3528 2277 3594 Dominus,
2331 3529 2425 3600 qui
2478 3528 2703 3599 apparui
2739 3528 3035 3593 Abraham,
3083 3530 3230 3596 Isaac
3279 3537 3333 3583 et
3373 3527 3566 3591 Jacob,

1990 3635 2114 3675 cum
2140 3634 2320 3675 essem
2353 3618 2497 3675 Deus
2519 3635 2731 3683 eorum,
2759 3632 3065 3687 nomenque
3096 3634 3275 3673 meum
3307 3617 3570 3672 Dominus

1987 3727 2097 3767 non
2148 3711 2389 3766 indicavi
2438 3711 2562 3777 eis;
2613 3710 2905 3780 pepigique
2953 3710 3133 3764 feedus
3204 3725 3384 3763 meum
3443 3724 3566 3763 cum

1987 3804 2152 3867 eis”,
2194 3821 2213 3855 ι
2247 3810 2302 3858 et
2333 3803 2569 3872 reliqua.
2594 3801 3025 3856 Aceuratissime
3065 3802 3120 3855 in
3164 3800 3285 3856 istis
3315 3816 3425 3855 nou
3464 3800 3568 3855 Do-

1989 3893 2195 3955 minus,
2233 3893 2327 3947 sed
2357 3893 2586 3961 angelus
2614 3892 2764 3946 visus
2797 3890 2968 3945 fuisse
2996 3890 3252 3955 refertur,
3284 3907 3379 3961 per
3405 3906 3567 3961 quem

1993 3983 2275 4047 Dominus,
2306 3989 2464 4053 quasi
2490 3998 2588 4053 per
2618 3982 2971 4051 interpretem
3007 3983 3409 4048 manifestatus,
3439 3983 3571 4038 edo-

1989 4081 2077 4128 cet
2113 4074 2355 4143 seipsum
2397 4089 2505 4127 non
2539 4075 2777 4143 aliquam
2814 4088 2938 4129 esse
2983 4073 3293 4128 inferiorem
3326 4083 3571 4143 potesta-

1987 4173 2121 4231 tem,
2164 4165 2260 4222 sed
2302 4166 2445 4220 hunc
2491 4165 2668 4236 ipsum
2703 4166 2797 4235 qui
2842 4173 2945 4220 est.
2990 4165 3126 4230 Quis
3152 4167 3241 4221 ille
3273 4166 3438 4236 igitur
3472 4168 3569 4237 qui

1990 4268 2095 4323 est,
2134 4259 2248 4327 haec
2279 4258 2438 4313 nobis
2473 4258 2688 4328 plenius
2722 4257 3145 4313 demonstrant:
3188 4277 3207 4309 ι
3246 4257 3357 4327 Ego
3394 4250 3573 4311 Domi-

1990 4370 2118 4417 nus,
2152 4351 2244 4423 qni
2295 4350 2519 4421 apparui
2561 4349 2858 4413 Abraham,
2910 4348 3057 4404 Isaac
3106 4358 3160 4404 et
3202 4349 3405 4416 Jacob;
3444 4363 3571 4403 eum

302 4461 443 4533 πρὸς
500 4456 750 4531 Ἀϐραὰμ
802 4454 895 4508 καὶ
953 4452 1140 4505 Ἰσαὰκ
1188 4453 1283 4505 καὶ
1346 4449 1580 4514 Ἰακὼϐ,
1633 4448 1763 4514 Θεὸς
1808 4450 1885 4503 ὢν

1988 4459 2165 4501 essem
2192 4442 2335 4498 Deus
2360 4457 2576 4507 eorum,
2606 4457 2915 4511 nomenque
2950 4457 3129 4496 meum
3162 4441 3427 4495 Dominus
3458 4456 3570 4493 non

303 4551 518 4609 αὐτῶν·
546 4549 642 4603 xal
675 4547 738 4600 τὸ
776 4544 947 4615 ὄνομά
977 4561 1077 4615 μου
1105 4542 1310 4613 Κύριος
1354 4544 1455 4595 οὐκ
1499 4539 1744 4612 ἐδήλωσα
1784 4541 1884 4593 αύ-

302 4648 449 4710 τοῐς’
484 4664 503 4696 ι
540 4642 571 4696 6
600 4640 694 4696 καὶ
719 4638 955 4693 τοιοῦτον
990 4637 1137 4691 δοκεῖ
1169 4651 1258 4707 μοι
1290 4635 1416 4689 νοῦν
1450 4636 1758 4708 περιέχειν·
1795 4635 1888 4687 Σοὶ

308 4739 409 4811 μέν
432 4736 494 4790 τὸ
516 4732 687 4804 ὄνομά
717 4749 816 4805 μου
840 4729 976 4793 τέως
1001 4728 1131 4782 αὐτὸ
1158 4728 1315 4799 μόνον
1337 4726 1512 4799 δηλῶν
1542 4744 1681 4799 φημι
1707 4745 1718 4758 υ
1748 4726 1889 4796 Ἐγὼ

304 4830 544 4902 Κύριοςι
579 4828 692 4888 τοῖς
722 4824 779 4877 δέ
806 4825 919 4886 σοῖς
951 4821 1189 4891 πατράσι
1237 4820 1300 4873 τὸ
1328 4819 1427 4890 μὲν
1464 4819 1634 4889 ὄνομα
1664 4835 1766 4889 μου
1791 4819 1891 4871 οὐκ

306 4925 581 4997 ἐδήλωσα,
610 4921 702 4975 καὶ
738 4918 982 4991 μείζονος
1006 4914 1119 4987 γὰρ
1151 4913 1290 4980 ἄξιοι
1322 4914 1421 4984 τῆς
1453 4912 1711 4984 τοιαύτης
1748 4911 1886 4981 γνὼ-

309 5036 449 5083 σεως
495 5015 788 5085 ἐτύγχανον
830 5011 1011 5073 ὄντες·
1059 5006 1221 5071 αὐτὸς
1258 5005 1314 5059 δὲ
1358 5002 1545 5074 ὤφθην
1567 5003 1751 5067 αὐτοῖς
1791 5002 1886 5056 καὶ

307 5112 377 5167 δι’
405 5108 600 5165 ἑαυτοῦ
626 5104 906 5178 (ἐμαυτοῦ)
935 5102 1035 5173 τὴν
1061 5098 1336 5171 Διαθήκην
1388 5115 1489 5168 μου
1523 5097 1658 5168 πρὸς
1686 5096 1885 5159 αὐτοὺς

309 5204 537 5274 ἔστησα.
559 5197 831 5271 Πρόδηλον
859 5195 916 5249 δέ
943 5196 1007 5247 ἐκ
1038 5192 1147 5246 τῶν
1173 5186 1684 5262 προαποδεδομένων
1712 5188 1795 5252 τίς
1817 5183 1885 5259 ἦν

308 5298 337 5350 6
387 5296 504 5355 τοῖς
541 5290 813 5362 πατράσιν
858 5285 1074 5357 ὀφθείς·
1108 5283 1297 5337 τοῦτον
1345 5280 1455 5351 γὰρ
1503 5279 1888 5351 ἐξεταζόμενος

310 5384 401 5439 τὸν
433 5382 632 5454 τρόπον
656 5382 684 5433 6
702 5378 857 5446 λόγος
885 5374 1023 5448 πρὸς
1051 5375 1141 5428 τὸν
1170 5393 1188 5425 ι
1213 5374 1271 5425 ἐν
1292 5373 1433 5444 ἀρχῇ
1456 5370 1592 5441 πρὸς
1612 5370 1704 5423 τὸν
1731 5368 1884 5432 Θεὸν,

310 5476 443 5531 Θεὸν
464 5472 633 5542 Λόγον
665 5491 683 5522 ι
728 5470 992 5540 ὑπάρχειν
1023 5465 1391 5521 ἀπεδείκνυεν.
1427 5463 1632 5517 Οὐκοῦν
1661 5465 1689 5517 ό
1726 5462 1887 5526 αὐτὸς

314 5569 413 5624 καὶ
451 5566 548 5621 νῦν
584 5563 928 5634 ἐπιφαίνεται
954 5597 967 5625 ,
989 5559 1104 5614 ἀλλ’
1127 5559 1226 5629 οὐχ
1242 5557 1443 5627 ὁμοίως
1456 5571 1521 5625 γε
1531 5558 1643 5619 τοῖς
1661 5555 1875 5625 προπά-

387 5683 434 5715 ⁸¹⁸
474 5679 631 5736 Rom.
666 5696 719 5734 rx
742 5720 756 5740 ,
782 5678 875 5733 29.
951 5677 997 5710 ⁸⁸
1034 5674 1181 5731 Psal.
1214 5691 1341 5738 cu,
1375 5674 1441 5740 l;
1481 5676 1601 5728 Act.
1642 5688 1680 5738 ι,
1729 5671 1822 5733 54,
1858 5670 1948 5728 55.

1984 4537 2218 4594 iudicavi
2253 4537 2353 4592 eis.
2378 4556 2397 4587 ι
2416 4535 2548 4603 Quae
2570 4536 2702 4590 mihi
2728 4536 2982 4591 videntur
3007 4536 3087 4591 sic
3113 4534 3520 4604 interpretanda
3552 4574 3567 4588 .

1985 4629 2105 4684 Tibi
2136 4626 2343 4683 nomen
2366 4644 2545 4683 meum
2577 4643 2753 4699 usque
2784 4645 2929 4683 nunc
2952 4629 3053 4682 soli
3090 4628 3360 4691 revelans,
3402 4624 3567 4678 dico:

1986 4722 2098 4796 Ego
2129 4721 2428 4788 Dominus;
2456 4721 2707 4791 patrihus
2738 4736 2867 4775 vero
2891 4719 3001 4774 tuis
3032 4734 3228 4772 nomen
3255 4733 3433 4771 meum
3460 4731 3571 4769 non

1988 4815 2248 4877 iudicavi,
2281 4814 2482 4884 quippe
2513 4813 2707 4883 majori
2738 4812 2968 4867 scientia
3005 4810 3206 4881 dignis.
3242 4808 3362 4879 Ipse
3390 4816 3571 4863 autem

1992 4906 2218 4977 apparui
2249 4906 2352 4970 eis,
2407 4913 2461 4960 et
2497 4921 2595 4976 per
2626 4905 2895 4974 meipsum
2927 4902 3339 4958 Testamentum
3389 4915 3570 4954 meum

1991 5016 2114 5055 cum
2154 5000 2235 5053 eis
2276 4998 2474 5069 pepigi.
2510 4999 2741 5053 Constat
2786 4996 3117 5066 supradictis
3169 4995 3294 5064 quis
3323 4992 3572 5063 patribus

1994 5094 2325 5163 apparuerit.
2354 5092 2529 5162 Hujus
2561 5094 2706 5146 enim
2751 5092 2854 5145 loci
2888 5089 3199 5159 explanatio
3228 5104 3351 5143 eum
3384 5093 3579 5140 ostem

1992 5185 2074 5239 dit
2118 5201 2241 5241 esse
2297 5204 2315 5239 ι
2369 5186 2422 5240 in
2471 5184 2746 5255 principio
2791 5184 2934 5253 apud
2985 5182 3175 5242 Deum,
3226 5179 3395 5234 Deum
3440 5177 3587 5231 Vera.

1994 5278 2124 5332 bum
2150 5280 2219 5333 ”.
2259 5296 2278 5329 ι
2316 5276 2465 5333 Idem
2507 5278 2673 5347 igitur
2726 5293 2873 5330 nunc
2910 5289 3127 5345 quoque
3167 5272 3569 5333 manifestatur,

1995 5369 2092 5426 sed
2135 5386 2245 5424 non
2277 5370 2467 5425 eodem
2521 5368 2685 5423 modo
2714 5383 2823 5437 quo
2874 5366 3141 5436 patribus.
3194 5363 3289 5417 llis
3335 5362 3478 5417 enim
3516 5371 3581 5414 ut

1993 5462 2294 5533 majoribus
2326 5469 2380 5517 et
2407 5460 2832 5533 perfectioribus
2861 5458 2979 5529 ipse
3008 5456 3159 5510 visus
3181 5462 3265 5509 est
3291 5464 3343 5507 et
3373 5469 3466 5523 per
3490 5468 3566 5505 sc-

1992 5555 2171 5625 ipsum
2210 5553 2621 5610 Testamentum
2652 5567 2812 5610 suum
2851 5566 2975 5605 cum
3022 5550 3091 5605 iis
3133 5548 3355 5619 pepigit.
3399 5543 3573 5615 Moysi

2050 5671 2097 5743 'f
2134 5670 2331 5743 Philip.
2364 5687 2438 5738 ιι,
2482 5672 2570 5726 10.
2672 5670 2716 5703 ⁸⁷
2760 5668 2931 5725 Exod.
2975 5681 3073 5722 ιιι.
3111 5667 3160 5720 l.
3263 5665 3309 5698 ⁸⁸
3347 5661 3481 5719 ibid.
3514 5661 3572 5714 ‘2.

318 5752 367 5785 ”
406 5750 536 5807 ibid.
577 5751 632 5804 ιι.
704 5753 750 5783 ⁸³
788 5748 919 5806 ibid.
960 5748 1045 5802 H.
1106 5746 1163 5813 ,⁸⁸
1204 5744 1374 5800 Exod.
1410 5760 1505 5811 vt,
1531 5743 1622 5798 2-4
1717 5744 1762 5775 "
1799 5741 1959 5799 Joan.
1994 5755 2035 5805 ι,
2070 5741 2121 5797 1.

311 5864 317 5871 “
395 5866 472 5938 (l)
520 5866 620 5933 Tr}.
652 5868 815 5925 Forte
845 5858 910 5934 ᾧ,
949 5864 1035 5922 vel
1061 5857 1160 5928 οἷς.
1204 5860 1365 5920 Εοιτ.
