4114 6472
543 361 678 420 1051

1286 367 1556 424 EUSEBII
1589 368 2070 427 CAESARIENSIS
2109 369 2260 426 OPP.
2306 369 2486 426 PARS
2514 368 3101 428 [IL—EXEGETICA.

3677 373 3813 427 1052

541 494 676 535 vero
702 477 857 534 visus
887 485 973 535 est
1005 493 1116 534 non
1168 478 1456 546 Dominus,
1494 483 1590 540 sed
1621 499 1878 556 angelus;
1914 486 2129 540 vocavit

2252 500 2454 554 :opcnv'
2509 484 2737 547 ἐκείνοις
2794 484 2902 554 γὰρ
2943 483 3038 537 ἆτε
3082 484 3289 554 μείζοσι
3325 485 3418 537 καὶ
3460 486 3811 559 τελειοτέροις

541 586 669 625 eum
704 584 813 624 non
837 570 949 639 jam
983 572 1231 642 angelus,
1265 573 1358 628 sed
1395 573 1676 632 Dominus.
1713 576 1974 632 Dominus
2003 579 2126 648 qui-

544 665 668 717 dem
701 671 820 718 erat
848 663 1191 740 praecipiens,
1228 667 1452 737 angelus
1487 683 1616 722 vero
1644 669 1826 723 divina
1865 685 2128 741 exseque-

546 753 708 807 batur
740 752 1017 809 mandata.
1054 752 1183 809 lndc
1216 755 1492 811 interdum
1528 757 1705 826 legere
1732 766 1816 814 est
1851 760 1907 814 in
1938 768 2129 816 sancto

542 845 836 914 Apostolo:
863 864 882 896 ι
905 845 1010 911 Qui
1045 846 1197 902 solus
1227 847 1452 904 ordinas
1482 865 1580 920 per
1614 852 1837 922 angelos
1869 853 1925 906 in
1961 867 2126 907 manu

547 936 869 991 Mediatoris
901 937 985 1003 9’;
1023 957 1041 990 ι
1076 945 1130 992 et
1159 957 1171 992 :
1216 958 1233 990 ι
1271 937 1328 994 Si
1359 941 1504 995 enim
1539 943 1632 1012 qui
1665 958 1760 1012 per
1795 944 2019 1013 angelos
2045 945 2128 998 di-

545 1034 670 1080 ctus
711 1033 796 1080 est
837 1041 1040 1090 sermo,
1088 1024 1268 1081 factus
1313 1038 1398 1084 est
1443 1029 1631 1086 firmus
1661 1031 1728 1086 9‘.
1777 1051 1796 1082 ι
1843 1030 2130 1088 Manifeste

547 1117 716 1187 igitur
751 1118 979 1187 angelus
1004 1119 1278 1186 apparuit,
1313 1127 1367 1173 et
1398 1119 1663 1177 Dominus
1685 1138 1782 1192 per
1805 1139 1929 1178 eum
1954 1123 2131 1177 mani-

548 1212 872 1268 fcstabatur.
909 1213 1020 1268 Nec
1051 1215 1217 1270 semel
1273 1215 1517 1272 invenias
1550 1219 1608 1272 in
1648 1221 1798 1274 omni
1832 1221 1948 1291 lege
1982 1221 2132 1276 Scri-

548 1311 768 1372 pturam
805 1302 1136 1357 indicantem
1174 1302 1344 1375 Moysi
1378 1307 1556 1361 visum
1601 1307 1773 1364 fuisse
1830 1309 1999 1364 Deum
2047 1311 2132 1367 vel

550 1389 866 1455 Dominum,
895 1392 1041 1462 quod
1080 1390 1146 1445 de
1189 1394 1322 1449 solis
1352 1396 1531 1454 tribus
1560 1399 1892 1468 patriarchis
1921 1400 2134 1456 videtur

552 1497 676 1536 esse
703 1482 931 1537 dictum.
956 1483 1001 1536 E
1033 1485 1232 1555 quibus
1274 1496 1519 1556 apertum
1567 1498 1651 1546 est
1703 1506 1920 1546 omnem
1958 1494 2130 1564 legem

553 1570 836 1628 Ilebraicae
869 1576 1045 1644 gentis
1077 1577 1414 1644 hominibus,
1440 1587 1501 1634 ut
1533 1589 1716 1637 mente
1738 1583 2135 1643 infirmioribus

553 1668 608 1714 et
631 1663 734 1716 sub
765 1663 903 1720 duce
926 1668 1260 1734 constitutis,
1287 1671 1541 1725 traditam
1573 1677 1733 1742 quasi
1759 1691 1856 1745 per
1886 1677 2137 1750 paedago-

554 1773 652 1826 gos
684 1766 848 1829 atque
896 1763 1270 1821 moderatores
1320 1766 1512 1834 fuisse,
1548 1785 1651 1825 nec
1697 1787 1806 1827 non
1843 1775 2024 1845 typice
2054 1778 2134 1834 eis

555 2037 889 2104 valentibus,
936 2042 1265 2126 quippe-qui
1316 2045 1642 2120 Egyptiaca
1694 2053 1924 2108 mollitie
1978 2057 2136 2125 pueri

558 2129 774 2184 educati
805 2142 982 2197 erant,
1015 2143 1068 2189 et
1094 2138 1265 2193 multa
1293 2140 1471 2195 adhuc
1502 2144 1860 2201 conversione
1889 2146 2142 2218 indigen-

558 2225 675 2285 tes;
697 2221 896 2290 quibus
933 2224 1074 2293 ignis
1093 2241 1218 2282 esse
1254 2229 1396 2284 Deus
1422 2229 1628 2286 dicitur
1663 2251 1678 2288 :
1714 2252 1734 2284 ι
1777 2232 1924 2290 Deus
1954 2244 2142 2292 noster

560 2313 703 2382 ignis
729 2328 1060 2374 consumens
1101 2320 1168 2384 ",
1210 2338 1230 2371 ι
1259 2321 1404 2391 quod
1441 2325 1666 2382 minime
1695 2326 1763 2382 de
1811 2329 2139 2398 patriarchis

560 2405 784 2464 dicitur.
818 2407 1021 2465 Verum
1048 2427 1172 2467 cum
1202 2415 1326 2470 illos
1349 2416 1503 2486 jubet
1534 2433 1593 2474 se
1621 2419 1914 2489 purificare
1944 2429 2004 2477 ut
2026 2424 2143 2495 glo-

559 2499 697 2554 riam
735 2500 948 2557 Domini
984 2505 1226 2572 videant,
1257 2522 1365 2562 non
1409 2510 1553 2566 sicut
1602 2511 1670 2568 de
1717 2512 2052 2581 Abrahamo,
2088 2524 2143 2572 et

557 2589 773 2658 lsaaco,
799 2602 853 2648 et
878 2593 1083 2650 Jacobo
1111 2599 1429 2670 simpliciter
1441 2600 1645 2656 dicitur
1664 2601 1834 2659 Deum
1852 2605 1933 2661 eis
1964 2607 2142 2663 visum'

560 2699 706 2748 esse,
755 2686 849 2740 sed
892 2686 1007 2742 haec
1054 2689 1249 2745 eadem
1281 2692 1453 2747 multo
1501 2701 1557 2748 et
1598 2695 1841 2752 terrifico
1875 2707 2143 2769 apparatu

563 2785 903 2831 narrantur:
937 2797 957 2830 ι
1013 2778 1248 2852 Jamque
1304 2781 1598 2839 advenerat
1635 2789 1834 2843 tertius
1892 2788 2032 2855 dies,
2091 2799 2146 2846 et

565 2879 726 2919 mane
752 2865 1089 2923 inclaruerat
1111 2889 1123 2924 :
1148 2879 1201 2926 et
1222 2887 1348 2929 ecce
1376 2883 1663 2944 cmperunt
1680 2877 1859 2932 audiri
1880 2879 2143 2944 tonitrua,

565 2971 631 3010 ac
678 2957 881 3014 micare
933 2958 1189 3031 fulgura,
1242 2970 1298 3019 et
1343 2965 1521 3021 nubes
1557 2966 1889 3025 densissima
1933 2972 2148 3041 operire

567 3056 832 3112 montem,
874 3051 1208 3124 clangorque
1238 3055 1485 3113 buccinae
1525 3059 1901 3118 vehementius
1935 3072 2146 3136 strepe-

569 3139 681 3194 bat.
713 3139 778 3194 Et
811 3141 994 3196 timuit
1026 3146 1261 3214 populus
1293 3146 1386 3218 qui
1416 3155 1536 3204 erat
1569 3150 1624 3204 in
1659 3153 1876 3209 castris.
1901 3154 2151 3226 Cumque

567 3230 849 3286 eduxisset
864 3247 960 3288 eos
978 3233 1190 3306 Moyses
1207 3237 1261 3290 in
1276 3251 1567 3294 occursum
1587 3238 1683 3297 Dei
1705 3241 1772 3296 de
1793 3242 1916 3298 loco
1937 3253 2153 3302 castro-

572 3338 718 3388 rum,
777 3333 1047 3382 steterunt
1098 3329 1167 3382 ad
1219 3331 1436 3388 radices
1490 3335 1713 3390 montis.
1759 3333 1930 3393 Totus
1969 3347 2149 3396 autem

572 3431 731 3471 mons
767 3415 917 3472 Sinai
955 3418 1198 3474 fumabat
1218 3441 1248 3477 .:
1280 3438 1346 3478 eo
1379 3425 1524 3494 quod
1557 3425 1933 3497 descendisset
1965 3429 2153 3486 Domi-

574 3522 678 3562 nus
704 3523 868 3578 super
893 3525 1017 3564 eum
1050 3511 1104 3566 in
1136 3513 1287 3582 igne,
1315 3523 1369 3569 et
1399 3517 1720 3574 ascenderet
1770 3519 1957 3577 fumus
1995 3539 2060 3579 ex
2089 3541 2154 3580 eo

573 3599 734 3666 quasi
769 3600 838 3655 de
885 3601 1106 3658 fornace
1144 3623 1157 3659 :
1191 3613 1244 3660 et
1283 3608 1466 3662 stabat
1503 3610 1684 3666 omnis
1725 3615 1960 3684 populus
1989 3617 2155 3672 vehe~

578 3698 790 3745 menter
829 3695 1186 3750 conterritus.
1242 3695 1309 3752 Et
1355 3699 1570 3756 sonitus
1614 3703 1862 3760 buccina:
1894 3709 2155 3776 paulatim

577 3783 860 3836 crescebat
889 3784 944 3840 in
972 3786 1154 3856 majus
1186 3796 1242 3842 et
1269 3790 1535 3859 prolixius
1563 3794 1908 3852 tendebatur.
1945 3797 2158 3868 Moyses

582 3873 907 3941 loquebatur
939 3884 994 3932 et
1031 3877 1174 3935 Deus
1217 3883 1584 3952 respondebat
1631 3888 1701 3942 ei.
1762 3887 2160 3960 Descenditque

584 3963 850 4020 Dominus
876 3983 1044 4038 super
1077 3979 1318 4026 montem
1347 3972 1521 4041 Sinai,
1557 3976 1612 4029 in
1645 3976 1766 4046 ipso
1807 3980 2009 4034 montis
2040 3997 2162 4036 ver-

580 4055 709 4119 tice,
742 4065 796 4110 et
831 4061 1044 4113 vocavit
1080 4060 1317 4133 Moysem
1366 4065 1434 4130 ",
1475 4085 1493 4117 ι
1529 4075 1582 4121 et
1622 4068 1848 4138 reliqua.
1888 4067 2012 4124 Haec
2041 4071 2164 4142 qui-

585 4147 708 4202 dem
745 4149 1101 4208 descendisse
1151 4151 1440 4209 Dominum
1473 4164 1763 4224 testantur,
1801 4161 1954 4217 visus
1980 4169 2163 4218 autem

583 4238 754 4295 fuisse
801 4243 1026 4299 minime
1089 4244 1282 4311 fertur,
1337 4249 1483 4318 quod
1535 4249 1602 4305 de
1656 4252 1788 4307 solis
1835 4255 2165 4322 patriarcbis

581 4332 932 4387 observatum
965 4343 1068 4390 est.
1103 4336 1318 4393 Domini
1383 4341 1550 4410 igitur
1603 4345 1888 4412 praesentia
1941 4345 2161 4415 quidem

586 4420 727 4475 facta
791 4432 898 4486 est,
944 4441 1052 4479 non
1083 4435 1267 4482 autem
1303 4433 1441 4486 visio
1487 4433 1694 4504 ipsius;
1733 4434 1849 4495 sed,
1893 4441 1952 4487 ut
1989 4444 2158 4503 patet,

583 4513 882 4567 satellitum
931 4517 1035 4570 sibi
1087 4520 1424 4589 angelorum,
1463 4525 1663 4593 quibus
1717 4525 1925 4579 utiliter
1959 4528 2157 4596 popqu
2198 4562 2239 4616 υ

588 4604 986 4661 formidandam
1043 4624 1107 4662 ac
1143 4611 1436 4666 terrificam
1470 4615 1734 4670 visionem
1785 4614 1985 4680 cfl‘ecit,
2033 4634 2166 4687 pru-

585 4695 775 4751 denter
791 4700 1084 4755 consulens
1115 4709 1173 4755 ιιι
1195 4718 1382 4758 eorum
1415 4708 1681 4761 cautelam
1701 4709 1862 4762 simul
1885 4717 1939 4762 et
1958 4721 2165 4765 metum

571 4800 622 4845 rt
675 4791 730 4844 in
791 4809 848 4846 se
905 4792 1062 4848 ﬁdem
1103 4797 1371 4852 stabiliret
1421 4799 1486 4852 ad
1515 4800 1824 4855 custodiam
1869 4801 2168 4857 observan-

573 4890 647 4942 tia
672 4904 833 4957 mqnc
867 4889 1044 4958 legum
1077 4907 1216 4960 quas
1257 4893 1337 4947 eis
1397 4902 1772 4962 prmccpturus
1817 4904 1952 4949 erat.
2009 4896 2165 4962 Quod

574 4995 640 5031 ςειι
663 4987 769 5031 tem
806 4978 988 5048 plures
1017 4988 1174 5034 erant
1219 4980 1446 5036 Domino
1494 4983 1664 5053 legem
1703 4984 1939 5040 edicenti
1993 4985 2170 5040 famu-

575 5071 664 5126 lnn
685 5079 766 5126 tes
797 5073 995 5142 angeli,
1022 5075 1136 5143 ipse
1160 5074 1369 5146 Moyses
1397 5077 1450 5130 in
1476 5076 1949 5133 benedictionibus
1981 5088 2168 5134 osten-

575 5163 654 5217 dit
711 5165 942 5220 dicens:
976 5185 994 5217 ι
1051 5166 1309 5224 Dominus
1343 5168 1411 5223 de
1461 5167 1593 5231 Sina
1636 5171 1802 5236 venit,
1851 5179 1904 5226 et
1941 5171 2008 5226 de
2049 5170 2170 5227 Seir

596 5265 750 5312 ortus
782 5267 868 5314 est
917 5261 1075 5315 nobis
1114 5280 1126 5314 :
1181 5262 1433 5331 apparuit
1481 5263 1548 5317 de
1593 5271 1776 5318 monte
1845 5261 2082 5327 Pharan,
2115 5271 2169 5318 et

598 5366 721 5402 eum
758 5367 822 5404 eo
854 5363 1169 5406 sanctorum
1217 5354 1406 5408 millia.
1456 5353 1513 5408 ln
1573 5355 1764 5410 dextra
1819 5355 1939 5425 ejus
1993 5357 2172 5425 angeli

598 5457 721 5496 cum
756 5458 820 5497 co
843 5445 908 5496 θ’.
934 5467 949 5495 ν
982 5443 1215 5514 ideoque
1240 5445 1549 5514 Stephanus
1577 5449 1628 5500 in
1659 5447 1907 5511 Actibus,
1926 5463 2177 5516 cumpo-

603 5534 786 5604 pulum
842 5536 1186 5592 velit-menter
1234 5539 1568 5610 objurgaret,
1595 5541 1716 5596 ait:
1759 5561 1777 5594 ι
1813 5541 1913 5608 Qui
1957 5542 2170 5611 accepi-

676 5781 722 5813 ”
785 5781 960 5836 Calat.
1000 5798 1085 5848 ιιι,
1128 5785 1210 5838 l9.
1286 5785 1331 5816 ’θ
1373 5782 1534 5842 Hebr.
1572 5801 1644 5851 ιι,
1680 5783 1733 5840 9..

1812 5786 1855 5816 ⁸³⁸
1898 5783 2050 5839 Deut.
2090 5801 2159 5844 IV.
2203 5783 2290 5837 ΕΗ.

2229 575 2392 638 αὐτὸς
2421 575 2598 645 ὤφθη,
2626 575 2717 628 καὶ
2747 574 2813 626 δι’
2849 573 3038 626 ἑαυτοῦ
3064 574 3160 644 τὴν
3180 573 3455 645 Διαθήκην
3485 575 3652 628 αὑτοῦ
3679 577 3815 648 πρὸς

2230 668 2426 730 αὐτοὺς
2453 666 2681 737 ἔστησεν
2703 683 2714 696 ·
2753 667 2844 719 ἐπὶ
2878 666 2934 718 δὲ
2957 666 3051 719 τοῦ
3081 665 3359 730 Μωῦσέως
3381 666 3535 736 ὤφθη
3585 669 3688 738 μὲν
3719 671 3817 740 οὐχ

2229 760 2257 811 6
2292 759 2516 829 Κύριος,
2546 758 2659 811 ἀλλ’
2688 761 2717 811 6
2767 759 2999 826 ἄγγελος
3023 777 3036 790 ·
3083 759 3306 812 ἐκάλεσε
3332 759 3388 811 δὲ
3434 756 3596 813 αὐτὸν
3633 761 3816 813 οὐκέτι

2229 852 2258 902 6
2292 849 2544 918 ἄγγελος,
2569 849 2687 902 ἀλλ’
2723 851 2751 901 6
2782 850 2985 919 Κύριος
3007 868 3019 880 '
3051 849 3257 920 Κύριος
3292 850 3391 920 μὲν
3417 849 3525 922 γὰρ
3554 847 3623 922 ἧν
3649 854 3679 903 6
3704 851 3818 906 δια-

2230 940 2589 1010 ταττόμενος·
2627 939 2854 1009 ἄγγελος
2898 940 2954 992 δὲ
2986 940 3014 992 6
3046 939 3181 1003 τοὺς
3196 940 3371 1004 θείους
3404 925 3596 1009 λόγδυς
3635 941 3817 995 6mm-

2233 1035 2487 1104 νούμενος
2511 1052 2524 1065 ο
2553 1033 2676 1088 ὅθεν
2726 1034 2774 1086 εί
2817 1032 2911 1087 καί
2942 1050 2995 1085 τι
3045 1033 3172 1086 ἄλλο
3218 1033 3534 1104 θαυμασίως
3565 1035 3817 1103 ὲκπεεῖιῶο

2231 1141 2390 1194 νηται
2415 1124 2493 1193 τῷ
2529 1122 2659 1195 ἱερῷ
2695 1122 3021 1192 Ἀποστόλῳ,
3062 1122 3155 1175 καὶ
3198 1122 3280 1187 τὸ,
3333 1142 3350 1172 ι
3388 1123 3446 1176 '0
3491 1123 3653 1194 μόνος
3701 1125 3819 1176 διας

2231 1218 2406 1285 ταγῆς
2435 1215 2572 1285 (γεὶς
2599 1215 2690 1285 δι’)
2721 1215 2968 1284 ἀγγέλων
2997 1217 3054 1267 ἐν
3079 1216 3224 1286 χειρὶ
3260 1215 3500 1286 μεσίτου*
3535 1235 3554 1267 ι
3589 1216 3686 1269 καὶ
3719 1217 3782 1267 τό
3801 1232 3814 1244 ’

2240 1325 2258 1357 ι
2282 1307 2345 1358 El
2374 1306 2482 1379 γὰρ
2527 1307 2556 1359 6
2593 1307 2657 1360 δι’
2705 1306 2953 1376 ἀγγέλων
2986 1306 3237 1378 λαληθεὶς
3269 1307 3425 1375 λόγος
3473 1309 3691 1377 ἐγένετο
3732 1307 3819 1377 βέ-

2235 1399 2404 1462 ϐαιος.
2431 1419 2448 1450 ι
2483 1397 2678 1468 Σαφῶς
2704 1399 2834 1468 γοῦν
2874 1399 3101 1468 ἄγγελος
3138 1400 3386 1470 είσῆκται
3420 1402 3514 1454 καὶ
3549 1403 3578 1454 6
3612 1400 3832 1470 Κύριος*

2235 1491 2300 1544 δι’
2355 1491 2521 1544 αὐτοῦ
2566 1489 2958 1562 χρηματίζων,
3007 1492 3104 1545 καὶ
3151 1493 3272 1546 οὐδὲ
3324 1492 3473 1557 ἅπαξ
3522 1492 3590 1546 ἂν
3634 1491 3820 1564 εὕροις

2235 1583 2300 1636 δι’
2333 1583 2461 1653 ὅλης
2487 1586 2586 1654 τῆς
2606 1583 2925 1653 νομοθεσίας
2945 1584 3044 1655 τὴν
3067 1584 3286 1656 Γραφὴν
3315 1584 3718 1656 σημειουμένην
3743 1586 3820 1649 ὡς

2235 1673 2316 1726 ὃτι
2351 1673 2415 1745 δὴ
2445 1672 2598 1744 ὤφθη
2629 1675 2657 1727 6
2678 1672 2865 1745 Θεὸςῆ
2899 1675 2927 1727 6
2956 1673 3161 1745 Κύριος
3187 1675 3264 1746 τῷ
3297 1677 3536 1742 Μωῡσετ,
3565 1678 3702 1749 ὅπερ
3728 1679 3821 1730 ἐπὶ

2243 1762 2418 1832 μόνων
2444 1762 2552 1816 τῶν
2579 1762 2744 1833 τριῶν
2767 1765 3121 1837 πατριαρχῶν
3147 1766 3434 1837 εἰρημένον
3457 1768 3783 1838 ἐμφαίνεται
3804 1787 3820 1800 ο

2239 1851 2314 1915 ὡς
2365 1854 2430 1906 ἐκ
2461 1853 2665 1906 τούτων
2700 1853 2868 1923 σαφὲς
2901 1848 3072 1918 εἶναι,
3107 1854 3206 1924 τὴν
3268 1857 3448 1909 πᾶσαν
3500 1857 3824 1926 νομοθεσίαν

2240 1947 2351 2008 τοῖς
2382 1945 2523 1998 κατὰ
2549 1945 2638 1998 τὸν
2687 1946 2808 1999 τότε
2836 1945 2983 2010 λαὸν,
3015 1941 3104 2000 οἷα
3143 1945 3207 2017 δὴ
3240 1948 3456 2017 νηπίοις
3501 1948 3598 2012 τὰς
3643 1949 3824 2019 ψυχὰς

2242 2039 2334 2092 καὶ
2376 2037 2767 2110 εἰσαγομένοις,
2792 2037 3070 2110 διδομένην
3114 2037 3302 2110 ὥσπερ
3334 2039 3420 2093 διὰ
3455 2040 3831 2110 παιδαγωγῶν

2243 2131 2339 2185 καὶ
2365 2132 2664 2202 οίκονόμων
2689 2130 3106 2202 παραδεδόσθαι,
3141 2131 3389 2196 τυπικῶς
3408 2150 3468 2185 τε
3511 2134 3697 2198 αὐτοῖς
3726 2135 3826 2187 καὶ

2243 2219 2524 2283 είκονικῶς
2544 2220 2612 2272 τὰ
2645 2218 2763 2272 θεῖα
2788 2219 2876 2272 διὰ.
2922 2217 3206 2289 συμϐόλων
3228 2218 3466 2289 ῂνίχθαι,
3508 2219 3588 2290 τῷ
3618 2220 3695 2290 μὴ
3721 2220 3828 2290 τὴν

2249 2311 2658 2383 μυστικωτέραν
2691 2311 2787 2364 καὶ
2832 2313 3208 2382 πνευματικὴν
3242 2306 3354 2365 οἷόν
3380 2330 3437 2365 τε
3472 2313 3670 2378 αὐτοὺς
3706 2317 3832 2367 ὲπιι-

2243 2402 2497 2466 δέξασθαι
2524 2403 2900 2482 διδασκαλίανι
2922 2404 3017 2458 ἆτε
3048 2403 3176 2472 γοῦν
3211 2407 3368 2458 παισὶ
3405 2406 3625 2478 τρόποις
3661 2409 3829 2474 Αίγυο

2247 2496 2422 2560 πτίοις
2452 2496 2885 2568 ὲκδιητημένοις,
2922 2497 3014 2550 καὶ
3041 2495 3242 2567 πολλῆς
3260 2497 3341 2550 ἔτι
3377 2499 3670 2570 χρῄζουσιν
3697 2501 3794 2551 ὲπτ
3811 2524 3831 2534 ο

2248 2588 2556 2660 στρεφείας,
2605 2589 2718 2660 πῦρ
2759 2585 2894 2642 εἶναι
2929 2591 2958 2643 6
3009 2588 3160 2653 Θεὸς,
3213 2589 3353 2644 κατὰ
3383 2589 3475 2643 τό·
3532 2609 3551 2642 ι
3583 2591 3642 2643 Ὁ
3693 2587 3830 2652 Θεὸς

2247 2679 2403 2749 ἡμῶν
2446 2679 2558 2751 πῦρ
2589 2679 3003 2742 καταναλίσκον,
3048 2700 3066 2732 ι
3109 2682 3246 2751 ὅπερ
3287 2681 3538 2750 οὐδαμῶς
3578 2682 3672 2734 ἐπὶ
3716 2679 3828 2733 τῶν

2250 2770 2605 2842 πατριαρχῶν
2666 2773 2899 2843 εἴρηται.
2974 2771 3130 2826 Ἀλλὰ
3193 2774 3288 2827 καὶ
3344 2774 3431 2827 ὅτε
3499 2774 3830 2844 προστάττει

2249 2862 2570 2930 ἁγνίσασθαι
2609 2863 2805 2927 αὐτοὺς
2846 2864 2996 2928 ὅπως
3030 2863 3099 2935 (f.
3125 2864 3158 2918 8
3190 2865 3284 2935 νο)
3330 2865 3479 2920 ῐδωσι
3521 2866 3619 2938 τήν
3672 2867 3832 2934 δόξαν

2251 2955 2481 3028 Κυρίου,
2517 2957 2615 3027 οὐχ
2634 2955 2823 3028 ὤσπερ
2859 2957 2953 3010 ἐπὶ
2978 2957 3072 3011 τοῦ
3109 2959 3360 3030 Ἁϐραάμ
3393 2959 3486 3012 καὶ¹
3514 2958 3608 3012 τοῦ
3643 2961 3831 3014 Ἰσαὰκ

2253 3047 2347 3100 καὶ
2392 3047 2484 3102 τοῦ
2526 3048 2720 3102 Ἰακὼϐ
2762 3048 2947 3113 ἁπλῶς
2979 3047 3192 3121 εῐρηται
3237 3051 3319 3105 ὅτι
3373 3050 3527 3122 ὤφθη
3573 3053 3758 3116 αὐτοῖς
3804 3055 3833 3106 6

2255 3138 2386 3202 Θεὸς
2405 3178 2420 3204 ,
2450 3138 2590 3211 μετὰ
2623 3139 2825 3212 πολλῆς
2866 3141 2924 3194 δὲ
2965 3141 3354 3214 καταπλήξεως
3386 3142 3478 3196 καὶ
3532 3143 3835 3212 φαντασίας

2255 3227 2394 3281 αὐτὰ
2409 3227 2473 3300 δὴ
2491 3227 2662 3283 ταῦτα
2685 3229 3113 3300 ἀναγέγραπταιο
3147 3249 3164 3282 ι
3182 3220 3293 3285 Καὶ
3322 3231 3539 3300 ἐγένετο
3561 3235 3626 3303 τῇ
3648 3233 3835 3305 ἡμέρᾳ

2255 3321 2322 3390 τῇ
2373 3319 2534 3393 τρίτῃ
2601 3319 2920 3390 γενηθέντος
2970 3319 3107 3391 πρὸς
3156 3319 3382 3394 ὄρθρον,
3445 3323 3540 3376 καὶ
3596 3323 3836 3392 ἐγίνοντο

2259 3415 2434 3483 φωναὶ
2461 3415 2554 3468 καὶ
2595 3415 2874 3486 ἀστραπαὶ
2916 3415 3010 3469 κα)⁸
3047 3415 3243 3487 νεφέλη
3285 3416 3565 3490 γνοφώδης
3612 3419 3702 3471 ἐπὶ
3741 3418 3844 3472 τοῦ

2257 3505 2449 3577 ὅρους,
2494 3507 2590 3561 καὶ
2637 3506 2788 3576 φωνὴ
2835 3508 2936 3578 τῆς
2985 3506 3283 3576 σάλπιγγος
3327 3509 3449 3579 ήχει
3504 3509 3682 3580 μέγα,
3742 3512 3852 3564 καὶ.

2259 3599 2496 3671 ἐπτοήθη
2529 3601 2638 3663 πᾶς
2664 3601 2692 3654 6
2723 3598 2849 3674 λαὸς
2882 3601 2940 3652 ὲν
2968 3603 3035 3671 τῇ
3082 3599 3396 3672 παρεμϐολῇ
3418 3618 3430 3630 ·
3482 3603 3578 3655 καὶ
3601 3602 3837 3674 ἐξήγαγε

2260 3691 2502 3761 Μωῦσῆς
2527 3691 2619 3746 τὸν
2642 3691 2767 3746 λαὸν
2795 3695 2874 3757 είς
2905 3693 3006 3764 τὴν
3035 3694 3354 3764 συνάντησιν
3383 3693 3473 3748 τοῦ
3496 3694 3629 3747 Θεοῦ
3660 3697 3724 3748 ὲκ
3741 3700 3842 3767 τῆς

2262 3782 2632 3856 παρεμϐολῆς,
2668 3785 2764 3838 καὶ
2797 3786 3150 3858 παρέστησαν
3170 3787 3276 3840 ὑπὸ
3302 3787 3362 3840 τὸ
3394 3787 3518 3858 ὅρος
3565 3787 3752 3857 (Σινά·
3782 3789 3844 3840 τὸ

2261 3877 2428 3948 ὅρος)
2471 3875 2603 3929 Σινὰ
2649 3874 2968 3940 ὲκαπνίζετο
3010 3875 3128 3930 ὅλον
3166 3876 3256 3930 διὰ
3304 3877 3364 3930 τὸ
3410 3876 3842 3949 καταϐεϐηκένιι

2263 3970 2350 4021 ἐπ’
2379 3966 2543 4022 αὐτοῦ
2574 3965 2666 4020 τὸν
2693 3966 2827 4020 Θεὸν
2863 3968 2921 4021 έν
2955 3967 3119 4040 πυρί·
3153 3969 3248 4022 καὶ
3278 3968 3558 4021 ἀνέϐαινεν
3578 3970 3606 4022 6
3635 3969 3842 4032 καπνὸς

2264 4059 2428 4122 αὑτοῦ
2459 4059 2590 4114 ὤσεὶ
2623 4060 2827 4125 καπνὸς
2861 4061 3121 4132 καμίνουο
3154 4061 3246 4114 καὶ
3285 4060 3475 4130 ἐξέστη
3514 4062 3621 4124 πᾶς
3651 4063 3679 4114 6
3717 4061 3846 4124 λαὸς

2268 4153 2504 4225 σφόδρα·
2547 4151 2788 4221 ἐγίνοντο
2834 4153 2890 4206 δὲ
2923 4154 3097 4222 φωναὶ
3140 4156 3240 4224 τῆς
3286 4152 3585 4221 σάλπιγγος
3612 4152 3845 4224 προϐαί-

2264 4262 2450 4298 νουσαι
2485 4244 2827 4316 ίσχυρότεραι
2846 4245 3070 4315 σφόδρα.
3088 4245 3332 4315 Μωῦσῆς
3361 4243 3558 4308 ἐλάλει,
3578 4246 3606 4298 6
3631 4245 3688 4299 δὲ
3709 4247 3848 4310 Θεὸς

2265 4337 2597 4408 ἀπεκρίνατο
2647 4335 2794 4408 αὑτῷ
2847 4339 3018 4407 φωνῇ,
3063 4335 3268 4408 κατέϐη
3315 4335 3371 4389 δὲ
3404 4336 3606 4406 Κύριος
3658 4337 3753 4390 ἐπὶ
3787 4337 3860 4390 τὸ

2265 4425 2390 4498 ὅρος
2411 4425 2472 4478 τὸ
2497 4425 2626 4479 Σινὰ
2648 4427 2740 4479 ἐπὶ
2762 4426 2858 4497 τὴν
2881 4425 3122 4496 κορυφὴν
3150 4424 3244 4478 τοῦ
3273 4427 3459 4496 ὅρους·
3497 4427 3588 4479 καὶ
3619 4427 3849 4480 ἐκάλεσε

2267 4518 2472 4590 Κύριος
2499 4520 2762 4589 Μωῦσῆν,
2789 4537 2808 4568 ι
2842 4517 2936 4570 καὶ
2970 4517 3036 4570 τὰ
3058 4517 3203 4587 ἑξῆς.
3233 4517 3356 4570 Ὅτι
3391 4518 3488 4587 μὲν
3521 4512 3613 4572 οὖν
3639 4518 3846 4589 κατέϐη

2272 4613 2478 4684 Κύριος
2512 4612 2599 4666 διὰ
2626 4611 2830 4665 τούτων
2865 4610 3309 4683 μεμαρτύρηται·
3339 4611 3420 4663 ὅτι
3455 4609 3511 4663 δὲ
3550 4611 3644 4663 καὶ
3690 4610 3846 4682 ὤφθη

2273 4704 2456 4757 οὐκέτι
2497 4703 2733 4774 εἴρηται,
2763 4703 2792 4755 6
2835 4701 2927 4753 ἐπὶ
2959 4701 3134 4771 μόνων
3164 4700 3271 4753 τῶν
3306 4698 3658 4770 πατριαρχῶν
3686 4701 3846 4771 τετή-

2275 4813 2452 4867 ρηται.
2483 4794 2690 4849 Οὐκοῦν
2729 4792 2998 4866 παρουσία
3051 4793 3148 4862 μὲν
3189 4791 3428 4860 ἐγεγόνει
3459 4792 3551 4844 τοῦ
3601 4791 3841 4862 κυρίου.

2272 4886 2506 4941 ὀπτασία
2543 4886 2598 4939 δὲ
2632 4886 2733 4939 οὐκ
2777 4885 2962 4950 αὐτοῦ,
2995 4884 3132 4939 ἀλλὰ
3159 4883 3316 4954 δῆλον
3342 4883 3424 4937 ὅτι
3448 4882 3556 4936 τῶν
3585 4883 3720 4953 ἀμφ’
3750 4884 3849 4935 αὺ-

2271 4981 2362 5033 τὸν
2394 4981 2708 5052 δορυφόρων
2740 4978 3020 5048 ἀγγέλων,
3055 4978 3121 5031 δι’
3165 4969 3239 5030 ὧν
3296 4974 3579 5047 χρησίμως
3623 4973 3701 5044 τῷ
3732 4974 3847 5046 λαῷ

2273 5073 2510 5144 φοϐερὰν
2530 5073 2622 5126 καὶ
2645 5071 3092 5142 καταπληκτικὴν
3117 5069 3414 5140 ἐποιήσατο
3435 5067 3535 5138 τὴν
3557 5067 3844 5131 ὀπτασίαν,

2276 5165 2559 5220 εὐλάϐειαν
2587 5164 2722 5236 ὁμοῦ
2758 5183 2851 5218 και
2897 5162 3058 5231 φόϐον
3092 5161 3186 5214 καὶ
3231 5160 3413 5214 πίστιν
3445 5158 3541 5230 τὴν
3569 5160 3650 5223 εἰς
3683 5159 3851 5212 αὑτὸν

2276 5259 2539 5331 κρατῦναι
2575 5259 2632 5310 ὲν
2671 5258 2852 5319 αὐτοῖς
2875 5251 3333 5326 προμηθούμενος.
3352 5254 3431 5314 είς
3475 5249 3718 5320 φυλακὴν
3755 5249 3853 5303 καὶ

2275 5355 2507 5424 τήρησιν
2539 5368 2646 5403 των
2678 5349 2978 5421 μελλόντων
3002 5345 3186 5409 αὐτοῖς
3225 5341 3609 5416 παραδίδοσθαι
3645 5339 3847 5410 νόμων.

2278 5446 2388 5498 Καὶ
2410 5446 2490 5498 ὅτι
2519 5461 2582 5512 γε
2610 5443 2825 5504 πλείους
2855 5442 3146 5510 ὲτυγχανον
3181 5440 3229 5490 οί
3253 5435 3331 5507 τῷ
3363 5434 3550 5505 Κυρίῳ
3581 5432 3721 5487 κατὰ
3751 5432 3854 5502 τὴν

2279 5537 2597 5610 νομοθεσίαν
2634 5534 3038 5606 διακονούμενοι
3065 5531 3305 5600 ἅγγελοι,
3336 5528 3496 5592 αὐτὸς
3523 5528 3761 5596 Μωῡσῆς
3794 5526 3856 5578 ὲν

2371 5782 2414 5812 ’³⁸
2456 5779 2624 5835 Exod.
2663 5795 2771 5842 xix,
2802 5774 2978 5831 l6-‘20.
3055 5773 3097 5804 ν’
3141 5771 3295 5825 Dem.
3336 5783 3530 5821 xxxm.
