4134 6414
365 381 505 438 1055

1391 370 1686 429 ECLOGIE
1730 367 2212 424 PROPHETICIE.
2254 399 2323 409 —
2361 368 2492 426 LIB.
2531 370 2576 427 1.

3481 375 3622 432 1054

361 511 482 572 ταῖς
518 503 792 573 εὐλογίαις
829 499 1121 572 παρίστησι
1160 497 1363 565 λέγων’
1411 512 1430 545 ι
1465 493 1668 564 Κύριος
1706 492 1770 544 ὲκ
1811 488 1935 543 Σινὰ

2044 488 2146 544 stis
2188 487 2363 560 legem
2401 489 2458 545 in
2485 489 2852 563 dispositione
2867 491 3184 564 angelorum
3207 499 3262 548 et
3293 506 3400 548 non
3431 505 3625 552 custo-

363 604 508 672 ἥκει,
543 602 637 653 καὶ
676 597 945 665 ὲτςέφανεν
973 596 1036 646 ὲκ
1070 592 1196 661 Σεὶρ
1233 591 1398 662 ἡμῖν,
1429 587 1523 642 καὶ
1565 585 1938 640 κατέσπευσεν

2043 581 2205 638 distis
2232 583 2301 637 ".
2342 602 2362 635 ι

365 671 424 760 ἐξ
446 693 605 765 ὅρους
628 688 810 760 Φαρὰν
835 687 929 740 σὺν
965 684 1221 756 μυριάσιν
1250 679 1455 749 Κάδης,
1479 680 1543 730 ἐκ
1600 675 1789 741 δεξιῶν
1815 671 1982 728 αὐτοῦ
2019 674 2241 743 ἄγγελοι
2287 676 2403 745 μετ’
2440 672 2628 737 αὐτοῦ,
2680 695 2699 727 ι
2734 677 2828 729 καὶ
2853 675 2922 730 τὰ
2951 675 3109 762 ἑξῆςξ
3144 675 3210 730 δι’
3243 676 3272 730 6
3298 678 3391 730 καὶ
3431 679 3460 730 6
3492 678 3622 730 Στέ-

365 802 532 855 φανος
565 787 622 837 ὲν
651 785 771 846 ταῖς
799 780 1066 852 Πρὰξεσιν
1089 777 1163 840 ὡς
1205 776 1341 846 7:96;
1379 775 1470 828 τὸν
1507 773 1633 828 λαὸν
1666 770 2084 843 ἀποτεινόμενός
2105 784 2290 842 φησιν·
2319 790 2336 822 ι
2367 771 2578 836 Οίτινες
2615 771 2838 827 ἐλάϐετε
2891 774 2986 828 τὸν
3044 773 3207 846 νόμον
3244 775 3325 838 είς
3362 772 3622 842 διαταγὰς

361 876 630 946 ἀγγέλων,
659 871 754 926 καὶ
785 871 885 924 οὐκ
916 866 1234 938 ἐφυλάξατε.
1273 883 1292 916 ι

904 975 1298 1032 ΚΕΦΑΛΑΙΟΝ
1337 977 1395 1028 I'.

867 1070 1002 1126 Ἀπὸ
1030 1069 1140 1138 τῆς
1179 1067 1442 1133 Ἐξόδου.

439 1189 458 1222 ι
496 1167 721 1239 Ἐξῆρεν
750 1163 806 1217 δὲ
832 1165 860 1215 6
883 1161 1112 1231 ἄγγελος
1139 1159 1234 1213 τού
1258 1158 1392 1212 Θεοῦ
1416 1159 1443 1210 6
1467 1154 1940 1229 προπορευόμενος

362 1262 472 1316 τῶν
507 1259 638 1313 υίῶν
682 1254 895 1326 Ἰσραὴλ
920 1294 934 1318 ,
973 1254 1066 1307 καὶ
1122 1250 1391 1322 ἐπορεύθη
1442 1251 1506 1302 ὲκ
1561 1248 1670 1303 τῶν
1713 1246 1934 1300 ὄπισθεν

363 1350 574 1405 αὐτῶν
617 1347 809 1417 ἐξῆρεν
855 1343 910 1396 δὲ
961 1343 1054 1396 καὶ
1099 1344 1128 1395 6
1162 1341 1351 1404 στῦλος
1405 1341 1504 1410 τῆς
1557 1338 1785 1410 νεφέλης
1830 1337 1936 1407 πρὸ

363 1440 656 1512 προσώπου
707 1437 916 1491 αὐτῶν⁸
966 1435 1057 1489 καὶ
1103 1433 1371 1506 ἐπορεύθη
1417 1432 1512 1487 καὶ
1559 1431 1686 1503 ἔστη
1723 1433 1786 1484 ἐκ
1830 1431 1937 1483 τῶν

362 1533 537 1587 ὀπίσω
575 1531 774 1590 αὐτῶν,
819 1529 912 1582 καὶ
940 1526 1183 1598 εἰσῆλθεν
1234 1526 1338 1579 ἀνὰ
1369 1526 1530 1596 μέσον
1578 1524 1677 1593 τῆς
1728 1539 1939 1595 παρεμ-

363 1625 527 1694 ϐολῆς
560 1624 664 1677 τῶν
711 1621 1025 1691 Αἰγυπτίων
1073 1621 1167 1674 καὶ
1222 1617 1326 1672 ἀνὰ
1361 1619 1522 1689 μέσον
1572 1617 1669 1686 τῆς
1728 1633 1938 1685 παρεμ-

363 1715 529 1785 ϐολῆς
557 1714 662 1767 τῶν
696 1713 827 1767 υίῶν
878 1711 1108 1784 Ἰσραήλ.
1139 1730 1156 1760 ι
1191 1705 1304 1762 Εἶτ’
1335 1709 1394 1761 ὲν
1436 1710 1547 1772 τοῖς
1581 1707 1707 1778 ἑξῆς
1739 1709 1774 1777 ἡ
1820 1706 1939 1759 θεία

2669 966 2900 1022 CAPUT
2929 967 2998 1024 Χ.

2670 1059 2747 1112 Ab
2791 1058 2997 1114 Exodo.

2119 1171 2138 1203 ι
2177 1149 2398 1208 Tollens
2429 1168 2487 1208 se
2519 1153 2750 1222 angelus
2776 1153 3015 1223 Domini,
3047 1157 3140 1224 qui
3165 1160 3506 1227 praecedebat
3530 1179 3624 1220 ca-

2043 1255 2158 1301 stra
2204 1245 2394 1312 Israel,
2428 1245 2561 1299 abiit
2613 1255 2736 1316 post
2773 1261 2869 1302 eos
2899 1267 2911 1301 :
2959 1255 3013 1303 et
3043 1263 3166 1304 cum
3202 1266 3268 1306 eo
3295 1256 3501 1323 pariter
3528 1273 3623 1314 co-

2043 1341 2231 1394 lumna
2262 1339 2448 1407 nubis,
2480 1340 2666 1408 priora
2690 1339 2996 1404 dimittens,
3030 1350 3156 1412 post
3207 1352 3417 1416 tergum
3445 1352 3619 1412 stetit,

2043 1432 2188 1486 inter
2245 1438 2430 1485 castra
2487 1428 2872 1500 [Egyptiorum
2934 1439 2988 1487 et
3040 1444 3222 1490 castra
3280 1436 3541 1494 Israel”.
3598 1459 3618 1492 ι

2043 1520 2250 1576 Deinde
2276 1520 2331 1574 in
2354 1520 2422 1575 iis
2448 1536 2568 1591 quae
2599 1530 2906 1592 sequuntur
2933 1524 3117 1580 divina
3149 1527 3309 1582 docet
3337 1527 3624 1601 Scriptura

2044 1630 2166 1685 qua:
2193 1623 2340 1670 esset
2375 1615 2489 1669 haec
2524 1616 2721 1679 nubes,
2757 1617 2986 1672 dicens:
3029 1636 3047 1669 ι
3085 1619 3175 1674 Ait
3209 1629 3389 1675 autem
3436 1622 3626 1678 Domi-

2045 1725 2151 1764 nus
2180 1709 2248 1763 ad
2281 1707 2525 1779 Moysem
2563 1729 2574 1763 :
2603 1707 2724 1762 lam
2751 1726 2901 1766 nunc
2927 1712 3144 1767 veniam
3187 1715 3255 1769 ad
3288 1724 3340 1769 te
3388 1717 3442 1770 in
3488 1717 3626 1770 cali-

359 1807 600 1860 διδάσκει
648 1803 836 1875 Γραφὴ
863 1843 877 1866 ,
907 1802 959 1856 τί
1011 1818 1141 1853 ποτε
1184 1795 1250 1870 ἦν
1285 1799 1318 1870 ἡ
1367 1797 1565 1867 νεφέλη
1618 1795 1935 1864 φάσκουσα·

2041 1800 2166 1870 gine
2185 1800 2372 1863 nubis,
2417 1809 2475 1854 ut
2507 1801 2696 1856 audiat
2729 1817 2816 1857 me
2840 1804 3078 1872 populus
3131 1805 3442 1875 loquentem
3475 1808 3540 1863 ad
3570 1817 3626 1862 te

367 1918 385 1948 ι
410 1894 575 1951 Εἶπεν
615 1897 672 1950 δὲ
720 1895 921 1967 Κύριος
944 1893 1080 1965 7:96;
1123 1891 1395 1961 Μωύσῆνο
1440 1889 1568 1942 Ἰδοὺ
1615 1886 1726 1957 ἐγὼ
1762 1904 1938 1958 παρα-

359 1991 583 2060 γίνομαι
633 1988 768 2060 7:96;
819 1989 876 2040 σὲ
911 1988 968 2038 ὲν
1017 1987 1082 2038 ὲκ
1114 1982 1354 2054 (στύλῳ)
1388 1982 1486 2052 τῆς
1537 1980 1798 2050 νεφέλης,
1853 1979 1939 2031 ἵνα

360 2081 573 2154 ἀκούσῃ
599 2082 628 2133 6
668 2081 794 2142 λαὸς
826 2077 1113 2140 λαλοῦντός
1146 2095 1246 2147 μου
1287 2077 1424 2147 7:96;
1482 2076 1560 2140 σὲ,
1603 2075 1695 2128 καί
1728 2090 1810 2126 σοι
1852 2090 1941 2126 πι-

365 2174 663 2227 στεύσωσιν
685 2191 697 2203 ·
726 2193 744 2225 ›
775 2173 870 2225 καὶ
897 2171 1058 2225 πάλιν
1077 2185 1091 2198 ⁸
1124 2188 1142 2220 ι
1182 2171 1241 2223 '0
1270 2169 1325 2222 δὲ
1358 2169 1490 2234 Θεὸς
1523 2171 1710 2240 ἠγεῖτο
1757 2165 1938 2220 αὐτῶν

358 2268 573 2338 ἡμέρας
617 2268 675 2318 ὲν
707 2264 881 2335 στύλῳ
916 2263 1177 2334 νεφέλης,
1211 2260 1378 2328 δεῖξαι
1423 2263 1606 2324 αὐτοῖς
1651 2259 1750 2332 τὴν
1781 2259 1900 2312 666v
1923 2277 1936 2290 ·

358 2361 460 2430 τὴν
487 2359 543 2410 δὲ
574 2357 764 2421 νύκτα,
807 2357 865 2408 ὲν
896 2354 1071 2426 στύλῳ
1099 2354 1269 2427 πυρὸς
1293 2352 1389 2406 τοῦ
1422 2353 1632 2423 φαίνειν
1664 2353 1847 2416 αὐτοῖς
1869 2369 1882 2382 ο
1914 2371 1933 2403 ι

361 2451 457 2503 καὶ
488 2447 662 2513 αὖθις*
693 2467 710 2498 ι
731 2449 840 2502 Καὶ
868 2447 1074 2518 κατέϐη
1100 2446 1305 2517 Κύριος
1340 2448 1397 2498 ὲν
1424 2445 1602 2516 στύλῳ
1634 2444 1880 2514 νεφέλης.
1915 2463 1933 2496 ι

361 2541 575 2596 Οὐκοῦν
611 2542 699 2595 διὰ
735 2540 940 2595 τούτων
970 2539 1157 2612 ἔτερος
1185 2535 1253 2610 ἦν
1284 2537 1473 2607 σαφῶς
1507 2536 1609 2606 τῆς
1651 2535 1878 2605 νεφέλης
1911 2536 1939 2587 ὁ

361 2633 840 2706 προπορευόμενος
876 2631 985 2686 τῶν
1025 2631 1157 2685 υἱῶν
1211 2630 1425 2702 Ἰσραὴλ
1462 2627 1725 2697 ἄγγελος,
1769 2629 1863 2681 καὶ
1905 2629 1938 2698 ἡ

358 2726 556 2797 νεφέλη
587 2726 645 2778 δὲ
672 2724 806 2796 ἄλλη
843 2725 940 2796 μέν
973 2742 1056 2789 τις
1088 2723 1382 2794 ἐτύγχανεν
1428 2722 1557 2793 παρ’
1587 2722 1748 2775 αὐτὸν
1774 2720 1940 2790 ἄγγε-

358 2815 472 2879 λον,
499 2813 592 2866 τοῦ
619 2814 676 2866 δὲ
712 2814 919 2884 Κυρίου
949 2813 1113 2868 αὐτοῦ
1145 2811 1455 2883 σωματικὸν
1491 2811 1680 2881 ῶσπερ
1708 2811 1939 2882 ὄργανον

355 2901 427 2975 ἦν
448 2921 461 2933 ·
494 2904 559 2958 δι’
592 2897 652 2957 οὗ
685 2904 746 2976 (Γ.
773 2904 851 2970 9),
883 2903 982 2974 τὴν
1010 2903 1170 2973 φύσιν
1197 2903 1273 2956 ῶν
1303 2903 1466 2967 αὐτὸς
1502 2902 1812 2973 ἀσώματος,
1846 2903 1940 2955 καὶ

359 2997 544 3066 πάσης
595 2996 851 3049 ἐπέκεινα
902 2996 1166 3067 αἰσθητῆς
1213 2997 1308 3048 καὶ
1342 2995 1533 3065 ὑλικῆς
1581 2994 1803 3058 οὐσίας,
1871 2993 1937 3047 δι’

359 3088 625 3158 αἰσθητῆς
678 3088 859 3157 φωνῆς
895 3086 993 3156 τῆς
1037 3085 1170 3149 ίδίας
1192 3086 1345 3156 ἠξίου
1382 3085 1598 3156 ὁμιλίας
1641 3085 1737 3138 τὸν
1776 3083 1938 3155 θερά-

2042 1900 2096 1949 et
2135 1895 2322 1948 credat
2357 1894 2456 1948 tibi
2488 1894 2541 1947 in
2574 1903 2900 1964 perpetuum
2938 1897 2978 1949 '.
3011 1915 3028 1946 ι
3068 1895 3382 1953 Etrursus:
3423 1923 3439 1951 ι
3478 1899 3625 1956 Deus

2043 1992 2224 2040 autem
2273 1986 2619 2056 praecedebat
2669 2002 2767 2042 eos
2808 1986 2877 2040 ad
2908 1988 3304 2044 ostendendam
3348 1993 3492 2046 viam
3526 2009 3626 2064 per

2041 2077 2187 2132 diem
2220 2077 2275 2132 in
2303 2079 2560 2134 columna
2586 2079 2772 2143 nubis,
2797 2087 2852 2134 et
2884 2093 2981 2149 per
3005 2089 3223 2136 noctem
3271 2082 3327 2136 in
3369 2085 3627 2140 columna

2041 2171 2186 2243 ignis
2216 2173 2258 2224 ‘.
2303 2190 2321 2222 ι
2372 2170 2550 2241 Atque
2597 2171 2735 2226 alias
2790 2192 2802 2225 :
2853 2191 2871 2223 ι
2927 2172 3224 2229 Descendit
3265 2172 3533 2230 Dominus
3568 2179 3626 2231 in

2040 2263 2297 2319 columna
2319 2262 2486 2318 nubis
2517 2262 2559 2316 ³.
2603 2284 2622 2316 ›
2661 2262 2832 2333 Igitur
2869 2280 2934 2319 ex
2957 2264 3026 2320 iis
3054 2267 3197 2322 alius
3232 2274 3352 2322 erat
3389 2267 3625 2323 manife-

2041 2367 2122 2413 ste
2143 2356 2308 2411 nubis
2333 2357 2564 2426 angelus
2594 2357 2687 2426 qui
2738 2357 3080 2426 praacedebat
3122 2357 3263 2414 ﬁlios
3297 2359 3488 2420 Israel,
3519 2360 3627 2414 alia

2039 2462 2094 2508 et
2120 2451 2295 2506 nubes
2319 2451 2468 2504 circa
2491 2465 2618 2504 eum
2655 2450 2932 2520 angelum,
2963 2465 3084 2519 qua:
3116 2451 3276 2520 quasi
3327 2451 3504 2521 ipsius
3529 2450 3627 2505 Du-

2038 2544 2173 2599 mini
2217 2559 2545 2614 corporeum
2583 2551 2703 2598 erat
2741 2541 3150 2598 indumentum.
3175 2542 3316 2610 ‘Qua
3374 2544 3622 2614 quidem,

2040 2650 2165 2690 cum
2194 2643 2392 2690 natura
2419 2635 2781 2705 incorporeus
2801 2642 2971 2700 esset,
2999 2635 3294 2706 omnisque
3319 2652 3517 2692 sensus
3540 2638 3626 2692 vel

2041 2724 2348 2780 materialis
2377 2724 2704 2779 substantiae
2732 2724 3016 2790 immunis,
3052 2739 3150 2794 per
3170 2725 3324 2781 vocis
3371 2726 3622 2781 auditum

2039 2817 2263 2887 propria
2316 2816 2737 2871 conversatione
2791 2831 3012 2872 servum
3074 2832 3234 2872 suum
3268 2817 3621 2888 dignabatur.

2040 2905 2217 2977 Hujus
2244 2906 2626 2977 dispositionis
2656 2906 2774 2977 ipse
2805 2905 3073 2962 Dominus
3098 2907 3368 2962 rationem
3388 2908 3626 2964 reddens

2041 2998 2212 3070 Moysi
2235 2999 2368 3054 dicit
2393 3019 2404 3054 :
2433 3018 2452 3049 ι
2489 2997 2561 3054 Ut
2583 2999 2773 3053 audiat
2797 3014 2884 3054 me
2907 3000 3145 3068 p0pulus
3197 2999 3514 3068 loquentem
3554 3000 3625 3054 ad

2046 3097 2125 3154 te,
2153 3096 2208 3145 et
2223 3089 2412 3144 credat
2443 3089 2538 3143 tibi
2559 3089 2614 3142 in
2650 3097 2976 3159 perpetuum
2997 3090 3040 3146 ’⁵.
3073 3109 3093 3141 ι
3130 3088 3235 3143 Sed
3254 3103 3376 3142 cum
3403 3089 3622 3159 populo,

358 3196 565 3231 ποντα’
623 3179 718 3231 καὶ
778 3179 877 3248 τῆς
922 3177 1178 3247 τοιαύτης
1232 3194 1290 3229 τε
1340 3176 1652 3247 οἰκονομίας
1701 3174 1864 3239 αὐτὸς
1908 3177 1935 3228 6

2041 3189 2099 3236 ut
2121 3182 2295 3253 magis
2326 3181 2620 3250 corporali,
2655 3182 2808 3237 vocis
2849 3180 3039 3235 auditu
3071 3189 3471 3247 conversatur;
3498 3195 3623 3235 cum

359 3271 564 3342 Κύριος
596 3270 684 3324 τὸν
717 3271 870 3338 λόγον
912 3269 1193 3332 ἀποδιδοὺς
1217 3269 1293 3340 τῷ
1324 3271 1548 3323 Μωῡσεῖ
1566 3285 1747 3342 φησιν’
1772 3289 1790 3320 ι
1821 3269 1937 3322 Ἵνα

359 3363 571 3438 ἀκούσῃ
612 3364 642 3416 6
670 3364 797 3427 λαὸς
841 3363 1124 3426 λαλοῦντός
1162 3379 1264 3433 μου
1298 3362 1434 3433 πρὸς
1479 3363 1558 3427 σὲ,
1587 3362 1681 3416 καί
1726 3379 1808 3415 σοι
1844 3380 1936 3414 πι-

362 3454 694 3508 στεύσωσιν
727 3475 746 3506 ι
791 3455 904 3508 ἀλλ’
939 3455 1030 3508 ἐπὶ
1061 3455 1160 3526 μὲν
1207 3455 1301 3508 τοῦ
1343 3454 1508 3519 λαοῦ,
1556 3449 1643 3508 οἶα
1693 3472 1935 3526 σωματι-

358 3545 601 3616 κωτέρου
647 3547 1024 3616 τυγχάνοντος,
1069 3547 1135 3599 δι’
1189 3545 1451 3616 αἰσθητῆς
1509 3546 1691 3615 φωνῆς
1737 3544 1933 3615 ὁμιλεῖ,

359 3641 454 3692 ἐπὶ
487 3639 544 3693 δὲ
573 3640 682 3702 τῶν
713 3640 1088 3711 πατριαρχῶν,
1123 3640 1248 3694 οὐτε
1293 3625 1523 3711 νεφέλης
1569 3638 1692 3692 οὐτε
1741 3639 1934 3692 στύλου

357 3731 532 3803 πυρὸς
565 3731 857 3802 δεομένων,
894 3732 1081 3802 ἔτερος
1131 3733 1376 3799 ἐγίγνετο
1420 3731 1518 3802 τῆς
1565 3747 1626 3783 τε
1670 3730 1935 3793 ὀπτασίας

356 3823 453 3877 καὶ
484 3823 580 3893 τῆς
621 3822 757 3894 πρὸς
793 3822 988 3885 αὐτοὺς
1034 3821 1300 3892 ὁμιλίαςὸ
1340 3822 1558 3893 τρόπος.
1589 3822 1697 3874 Kal
1739 3822 1822 3874 ὅτι
1870 3837 1934 3890 γε

356 3915 460 3968 οὐκ
504 3911 572 3986 ἦν
609 3912 872 3984 ἀγγελική
916 3930 1000 3976 τις
1053 3911 1278 3982 δύναμις
1331 3915 1364 3984 ἡ
1423 3911 1513 3966 διὰ
1562 3914 1662 3983 τῆς
1707 3913 1936 3984 νεφέλης

356 4005 791 4079 χρηματίζουσα,
821 4004 934 4058 ἀλλ’
962 4004 1126 4066 αὐτὸς
1156 4005 1184 4056 6
1211 4003 1363 4067 Θεὸς,
1392 4003 1531 4076 7:96;
1559 4007 1669 4067 τοῖς
1695 4022 1936 4074 προαπο-

353 4098 718 4169 δεδειγμένοις
771 4096 1024 4169 δηλοῦται
1069 4097 1162 4149 καὶ
1211 4095 1300 4149 διὰ
1341 4097 1439 4167 τῆς
1490 4095 1663 4160 οὕτως
1703 4097 1934 4169 ἐχούσης

355 4193 397 4247 Γ
404 4192 603 4263 ραφῆςο
634 4209 652 4241 ι
675 4187 840 4251 Εἶπεν
871 4188 925 4241 δὲ
943 4187 1145 4260 Κύριος
1175 4187 1310 4259 πρὸς
1330 4187 1588 4258 Μωῦσῆν·
1621 4188 1811 4253 Βάδιζε
1841 4190 1934 4242 καὶ

353 4285 621 4354 ὀδήγησον
649 4282 740 4334 τὸν
771 4280 897 4333 λαὸν
941 4282 1018 4342 είς
1046 4279 1138 4332 τὸν
1169 4278 1334 4331 τόπον
1356 4277 1414 4330 ὃν
1444 4278 1642 4349 εἴρηκά
1673 4295 1784 4331 σοι’
1825 4277 1933 4331 ίδοὺ

352 4379 382 4429 6
413 4373 640 4443 ἄγγελός
673 4390 772 4444 μου
824 4370 1256 4442 προπορεύσεται
1293 4368 1399 4440 7:96
1430 4367 1722 4440 προσώπου
1760 4386 1874 4424 σου.
1910 4388 1928 4421 ›

355 4468 464 4521 Καὶ
492 4466 684 4520 πάλιν*
724 4484 741 4515 ‹
778 4464 887 4518 Καὶ
914 4461 1034 4518 εἷπε
1071 4464 1274 4535 Κύριος
1319 4464 1456 4533 πρὸς
1495 4462 1771 4532 Μωῦσῆνο
1827 4463 1932 4514 Πο-

355 4557 515 4629 ρεύου
543 4556 637 4609 καὶ
685 4554 913 4626 ἀνάϐηθι
946 4531 1215 4618 ἐντεῦθεν,
1245 4555 1308 4607 σύ
1339 4531 1432 4608 καὶ
1459 4555 1487 4606 6
1515 4554 1659 4619 λαὸς,
1739 4555 1833 4606 καὶ
1861 4553 1930 4606 τὰ
1965 4531 2007 4585 D

352 4649 506 4720 ἑξῆς
545 4648 639 4701 καὶ
675 4645 1050 4699 συναποστελῶ
1076 4645 1184 4726 πρὸ
1213 4645 1503 4715 προσώπου
1533 4662 1626 4698 σου
1651 4646 1741 4698 τὸν
1766 4646 1931 4714 ἄγγε-

352 4743 443 4795 λόν
485 4758 606 4811 μου.
659 4739 841 4792 Ταῦτα
887 4736 995 4808 γὰρ
1042 4737 1257 4807 ἀγγέλῳ
1296 4737 1396 4807 μὲν
1444 4737 1694 4807 οὐδαμῶς
1752 4737 1930 4806 λέγειν

351 4833 634 4903 ἁρμόττει,
659 4830 777 4900 Θεῷ
801 4830 856 4882 δὲ
890 4829 1054 4900 μόνῳ,
1090 4829 1186 4882 καὶ
1223 4829 1300 4899 τῷ
1332 4829 1451 4881 καθ’
1479 4828 1605 4900 ὃλην
1639 4827 1736 4899 τὴν
1791 4829 1930 4881 ἱστο-

353 4925 475 4996 ρίαν
513 4922 601 4975 διὰ
629 4921 721 4974 τοῦ
755 4921 1182 4992 τετραγράμμου
1216 4919 1527 4991 δηλουμένῳ
1555 4920 1766 4991 Κυρίῳ.
1797 4919 1924 4992 Ἆρ’

351 5013 444 5071 οὖν
466 5019 495 5071 6
526 5015 634 5068 τῶν
664 5014 799 5068 ὅλων
850 5012 1079 5085 ποιητὴς
1121 5013 1214 5065 καὶ
1244 5012 1374 5073 856;
1406 5012 1514 5064 τῶν
1563 5012 1816 5066 ἁπάντων
1847 5014 1926 5075 είς

348 5108 602 5162 τοσοῦτον
635 5107 847 5178 κατῄει,
877 5105 953 5168 ὡς
995 5105 1086 5156 ἐπὶ
1127 5101 1437 5173 σωματικοῦ
1463 5103 1622 5173 ὅρους
1661 5101 1924 5173 ὀχεῖσθαι,

349 5202 446 5258 καὶ
478 5197 830 5265 παιδαγωγοῦ
873 5197 1027 5267 δίκην
1063 5195 1410 5266 συμϐαδίζειν
1450 5195 1756 5266 ἀνθρώποις
1783 5199 1811 5248 6
1834 5197 1926 5249 τὸν

345 5292 575 5364 οὐρανὸν
633 5290 726 5343 καὶ
769 5289 867 5360 τὴν
899 5289 1004 5359 γῆν
1061 5287 1317 5359 πληρῶν;
1363 5288 1396 5358 ἢ
1447 5287 1603 5341 τοῦτο
1657 5289 1755 5358 μὲν
1803 5288 1923 5341 οὔτε

345 5384 590 5449 δυνατὸν,
623 5382 734 5436 οὐθ’
771 5383 915 5435 ὅσιον
942 5383 1161 5440 ἐννοεῖν,
1190 5380 1572 5452 εὐσεϐέστερον
1595 5381 1649 5433 δὲ
1678 5380 1793 5450 ἆμα
1830 5381 1926 5434 καὶ

343 5479 570 5532 δυνατὸν
599 5476 690 5530 τὸν
712 5477 853 5528 θεῖον
881 5473 1282 5544 ὑπολαμϐάνειν
1309 5474 1500 5542 Λόγον,
1527 5474 1770 5526 διάκονον
1796 5474 1924 5528 ὄντα

345 5572 441 5626 τοῦ
460 5570 730 5642 πατρικοῦ
747 5570 1104 5642 βουλήματος,
1121 5567 1350 5623 ἐπείπερ
1366 5566 1531 5619 αὐτοῦ
1550 5567 1754 5638 Κυρίου
1771 5567 1923 5631 ὄντος

418 5751 467 5780 ’⁸
505 5750 623 5805 Act.
660 5768 764 5811 vn,
800 5752 887 5803 5'3.

356 5821 378 5851 ⁸
418 5820 591 5876 Exod.
631 5838 816 5885 χχχιι,
853 5821 938 5874 ῖῐιί.
1018 5821 1037 5849 ⁵
1077 5817 1245 5873 Exod.
1288 5817 1494 5881 xxxiii,
1534 5819 1582 5871 1.

2041 3274 2394 3347 patriarchis,
2421 3274 2624 3344 quibus
2646 3288 2825 3342 neque
2846 3273 2992 3327 nube
3020 3288 3200 3342 neque
3230 3272 3374 3343 ignis
3406 3273 3626 3326 colunt-

2038 3380 2110 3419 na
2139 3379 2280 3434 opus
2307 3370 2447 3429 erat,
2470 3365 2612 3420 alius
2651 3363 2810 3418 [lebat
2841 3363 3072 3419 visionis
3099 3372 3151 3419 et
3177 3363 3625 3418 conversationis

2038 3454 2254 3509 modus.
2297 3452 2453 3519 Quod
2495 3469 2626 3509 vero
2653 3468 2765 3508 non
2805 3453 3046 3524 angelica
3095 3453 3345 3522 quaedam
3378 3460 3624 3523 potestas

2039 3564 2158 3618 quae
2182 3563 2278 3618 per
2300 3548 2498 3602 nubem
2528 3547 3000 3612 manifestabatur,
3026 3548 3121 3602 sed
3149 3547 3263 3616 ipse
3288 3546 3454 3608 Deus,
3481 3563 3624 3617 prae-

2038 3647 2124 3694 ter
2148 3655 2211 3694 ea
2247 3654 2368 3709 qua:
2392 3639 2506 3710 jam
2541 3639 2914 3695 demonstrata
2947 3647 3075 3695 sunt
3102 3639 3208 3693 hoc
3240 3640 3405 3694 etiam
3437 3650 3626 3695 osten-

2039 3733 2189 3788 ditur
2219 3731 2520 3803 Scriptura:
2562 3733 2682 3787 loco
2714 3751 2726 3785 :
2765 3749 2780 3782 ι
2827 3731 2974 3785 Dixit
3009 3743 3193 3787 autem
3245 3731 3512 3787 Dominus
3552 3732 3620 3785 ad

2038 3821 2276 3894 Moysem
2314 3842 2327 3877 :
2361 3821 2512 3876 Vade
2536 3829 2590 3876 et
2624 3820 2731 3875 duc
2762 3820 3023 3890 populum
3052 3822 3218 3876 istum
3252 3835 3362 3890 quo
3392 3821 3615 3875 locutus

2038 3930 2159 3970 sum
2192 3914 2290 3968 tibi
2319 3915 2361 3968 ⁵.
2405 3912 2546 3966 Ecce
2575 3912 2800 3982 angelus
2833 3926 2989 3966 meus
3041 3911 3310 3980 praecedet
3371 3920 3441 3966 te.
3489 3931 3507 3963 ›
3553 3910 3622 3965 Et

2038 4021 2278 4062 rursus:
2311 4023 2330 4055 ι
2376 3989 2464 4057 Ἐτ
2507 4003 2645 4057 dixit
2702 4001 2964 4058 Dominus
3020 4003 3085 4057 ad
3135 4003 3372 4075 Moysem
3406 4001 3622 4063 :Vade,

2039 4096 2270 4154 ascende
2320 4096 2387 4151 de
2431 4095 2554 4150 loco
2601 4096 2708 4150 isto
2761 4102 2842 4159 tu,
2890 4106 2943 4150 et
2981 4094 3215 4164 p0pulus
3250 4103 3378 4148 tuus
3409 4094 3450 4157 ⁸,
3509 4113 3526 4146 ι
3569 4103 3624 4148 et

2038 4199 2263 4255 caetera;
2287 4209 2304 4240 ι
2333 4189 2612 4243 etmittam
2635 4203 3029 4258 praecursorem
3055 4187 3130 4240 tui
3156 4186 3430 4256 angelum.
3453 4205 3472 4237 ι
3495 4184 3622 4240 Haec

2038 4283 2183 4338 enim
2211 4281 2463 4350 angelum
2498 4293 2842 4354 nequaquam
2874 4279 3057 4334 dicere
3079 4277 3254 4342 decet,
3286 4276 3455 4331 Deum
3480 4294 3612 4333 vero

2038 4374 2236 4435 solum,
2271 4371 2672 4442 Dominumque
2699 4371 2793 4441 qui
2839 4371 2896 4425 in
2931 4378 3044 4425 tota
3094 4369 3416 4424 narratione
3447 4377 3622 4424 tetra-

2038 4469 2347 4535 grammato
2377 4463 2719 4533 designatur.
2747 4461 3025 4532 Numquid
3051 4462 3219 4531 igitur
3234 4461 3619 4516 universarum

2036 4571 2218 4613 rerum
2251 4563 2464 4619 auctor,
2490 4553 2746 4624 Deusque
2778 4553 3022 4607 omnium
3057 4553 3124 4608 ad
3155 4552 3208 4606 id
3241 4551 3526 4608 descendit
3563 4551 3654 4636 ηιξ

2037 4665 2204 4719 super
2260 4647 2598 4703 materialem
2651 4645 2865 4700 veniret
2913 4652 3188 4709 montem,
3238 4654 3291 4700 et
3339 4639 3655 4715 paedagogii

2037 4743 2216 4798 instar
2271 4758 2396 4796 cum
2451 4739 2770 4795 hominibus
2807 4739 3138 4806 ambularet,
3171 4738 3265 4808 qui
3317 4738 3515 4792 caelum
3565 4746 3620 4792 et

2033 4844 2237 4892 terram
2271 4834 2496 4905 implet?
2525 4832 2718 4888 Nonne
2748 4831 2882 4886 illud
2937 4847 3116 4901 neque
3165 4830 3484 4892 verisimile,
3517 4845 3616 4884 ne-

2033 4944 2139 4998 que
2171 4935 2422 4984 sanctum
2457 4927 2794 4989 existimare,
2829 4925 3140 4995 religiosius
3180 4939 3312 4978 vero
3340 4930 3393 4976 et
3428 4923 3620 4993 probae

2033 5018 2200 5074 bilius
2256 5017 2503 5087 cogitare
2554 5016 2828 5087 expletum
2864 5015 2965 5069 hoc
2996 5030 3200 5069 munus
3237 5029 3266 5067 a
3319 5012 3500 5069 Verbo
3533 5013 3619 5067 di-

2033 5109 2205 5172 vino,
2265 5116 2505 5178 paterna:
2563 5106 2862 5160 voluntatis
2925 5106 3220 5169 ministro,
3275 5087 3655 5182 Dominoque!

2033 5202 2174 5271 ipso,
2209 5201 2302 5267 qui
2336 5207 2389 5255 et
2424 5218 2442 5250 ι
2484 5199 2663 5253 factus
2693 5207 2777 5253 est
2807 5212 2933 5268 pars
2967 5197 3159 5261 Jacob,
3191 5181 3608 5253 funiculus'bm-

2035 5293 2284 5348 reditatis
2330 5293 2450 5362 ejus
2486 5291 2655 5345 Israel
2687 5291 2738 5356 ⁷;
2799 5309 2818 5342 ι
2873 5291 3043 5356 hunc,
3092 5273 3342 5360 inquam,
3391 5304 3453 5344 ea
3511 5306 3614 5361 pro

2033 5395 2188 5455 parte
2221 5394 2381 5454 atque
2408 5384 2722 5438 haereditate
2749 5382 3082 5451 suscepisse,
3117 5392 3169 5437 et
3204 5399 3264 5438 se
3301 5383 3478 5453 ipsum
3510 5399 3611 5438 ex-

2033 5477 2386 5539 inanientem,
2407 5473 2973 5542 consubstantialique
3005 5473 3382 5544 magnitudine
3415 5482 3604 5536 exuta,

2031 5568 2312 5623 hominum
2362 5568 2543 5633 saluti,
2595 5567 2760 5621 etiam
2793 5576 2920 5623 ante
2950 5567 3381 5623 incarnationem
3416 5574 3615 5623 contu-

964 5751 1008 5780 ”
1052 5747 1219 5802 Exod.
1253 5764 1362 5803 xiv.
1404 5747 1490 5820 19,
1538 5745 1628 5801 20.
1710 5748 1722 5776 '
1768 5748 1935 5802 Exod.
1978 5763 2101 5809 xix,
2143 5749 2196 5801 9.
2276 5751 2295 5780 ⁸
2336 5749 2504 5804 Exod.
2549 5765 2668 5815 χιιι,
2702 5750 2794 5805 9.1.
2872 5750 2892 5780 ³
2931 5749 3103 5811 Exod.
3142 5749 3332 5818 xux,9.
3409 5747 3431 5778 ⁸
3466 5745 3603 5802 ibid.

1018 5821 1037 5849 ⁵
1077 5817 1245 5872 Exod.
1288 5834 1494 5872 χχχιιι.
1534 5819 1582 5871 1.
1661 5819 1679 5850 ⁷
1723 5817 1878 5872 Deut.
1919 5834 2099 5872 x-xxit.
2136 5822 2166 5872 9

1768 5834 1878 5874 CUI.
1919 5834 2067 5874 l’KSll
2088 5860 2099 5873 .
2136 5834 2158 5873 ξ]
