4114 6472
558 383 699 440 1055

1297 382 1567 437 EUSEBH
1606 380 2086 438 CESARIENSIS
2122 354 2273 437 ΟίδΡ.
2319 378 2499 434 PARS
2537 376 3116 434 lll.—EXEGETICA.

3682 377 3822 431 1056

556 496 767 554 luisse?
792 493 951 563 Quod
979 496 1028 551 si
1071 495 1362 568 diligenter
1384 498 1852 568 perspiceremus,
1891 498 2130 553 invenieo

2243 517 2261 547 ι
2293 496 2528 568 ἐγενήθη
2558 496 2716 567 μερὶς
2757 493 2951 548 Ἰακὼϐ
2992 496 3089 548 καὶ
3119 493 3414 564 σχοίνισμα
3461 490 3825 564 κληρονομίας

553 606 680 646 mus
713 604 838 645 eum
864 588 1145 645 interdum
1169 591 1393 661 propria
1420 590 1591 645 forma
1624 599 1897 661 praecepta
1923 590 2137 646 denun-

552 683 806 747 tiantem,
832 682 977 738 sicut
1005 697 1131 738 cum
1161 681 1303 737 dixit
1329 700 1347 739 :
1374 702 1393 735 ι
1432 682 1552 739 Νοη
1585 684 1881 755 apparebis
1910 684 1968 739 in
2000 699 2136 739 con-

551 778 746 840 spectu
774 785 898 826 meo
940 785 1147 827 vacuus
1179 772 1224 828 '.
1256 771 1444 828 Altare
1474 773 1542 829 de
1571 781 1721 829 terra
1756 773 1974 831 facietis
1998 774 2132 829 mihi

549 870 609 918 et
633 861 872 919 afferetis
899 879 1065 933 super
1097 879 1163 918 eo
1191 864 1586 921 holocausta...
1620 864 1850 921 Veniam
1883 867 1949 922 ad
1994 875 2051 923 te
2078 876 2134 922 et

555 955 884 1011 benedicam
942 956 1131 1022 tibi’;
1184 976 1201 1008 ι
1261 957 1536 1012 interdum
1592 959 1749 1029 quasi
1784 958 1852 1014 de
1886 959 1995 1013 alio
2030 958 2137 1014 Do-

548 1048 723 1112 mino,
758 1047 867 1103 Deo
887 1048 1100 1103 scilicet
1127 1057 1182 1103 et
1209 1048 1374 1103 Patre
1398 1050 1539 1119 ejus,
1568 1049 1953 1118 disserentem,
1990 1051 2136 1107 sicut

547 1140 605 1194 in
630 1138 899 1211 Decalogo
951 1156 1076 1195 cum
1121 1142 1239 1195 ait:
1278 1160 1297 1192 ι
1349 1140 1468 1196 Non
1503 1157 1755 1198 assumes
1787 1157 1991 1198 nomen
2024 1142 2135 1197 Do-

548 1231 685 1287 mini
717 1231 812 1288 Dei
843 1232 924 1288 tui
961 1234 1017 1288 in
1042 1249 1280 1302 vanum;
1329 1235 1566 1305 septimo
1598 1235 1686 1290 die
1714 1235 2004 1291 sabbatum
2040 1236 2134 1290 Dei

547 1324 628 1377 tui
652 1330 757 1378 est.
807 1322 915 1380 Sex
945 1325 1092 1380 enim
1124 1325 1319 1392 diebus
1371 1324 1497 1380 fecit
1540 1323 1807 1381 Dominus
1834 1326 2037 1381 coelum
2075 1333 2131 1380 et

545 1424 776 1480 terram,
810 1424 864 1471 et
893 1432 1066 1482 mare,
1097 1425 1151 1473 et
1180 1419 1366 1473 omnia
1387 1433 1509 1489 quae
1537 1418 1594 1472 in
1621 1418 1703 1474 eis
1742 1425 1907 1485 sunt;
1951 1424 2008 1472 et
2037 1417 2134 1473 be-

547 1508 761 1563 nedixit
801 1508 1067 1565 Dominus
1119 1510 1228 1565 diei
1291 1510 1612 1565 Sabbati".
1675 1529 1696 1562 ι
1757 1508 1826 1565 Et
1884 1524 2131 1565 rursus:

552 1617 573 1651 ι
628 1599 848 1654 Honora
893 1610 1103 1671 patrem
1150 1609 1307 1656 tuum
1361 1609 1417 1657 et
1464 1608 1702 1657 matrem
1732 1608 1907 1667 tuam,
1942 1609 2003 1656 ut
2033 1602 2134 1657 tibi

544 1689 687 1745 bene
719 1690 792 1744 sit
819 1700 873 1745 et
907 1691 986 1746 sis
1014 1691 1291 1761 longaevus
1326 1708 1495 1763 super
1517 1699 1727 1747 terram
1747 1708 1914 1763 quam
1947 1692 2135 1747 Domi-

545 1796 655 1836 nus
686 1780 832 1837 Deus
862 1790 991 1838 tuus
1020 1783 1176 1838 dabit
1211 1783 1310 1838 tibi
1344 1784 1411 1837 “.
1456 1801 1474 1835 ι
1509 1781 1639 1837 Hac
1684 1782 1832 1838 enim
1873 1798 1985 1838 non
2036 1798 2136 1853 per

2243 587 2412 643 αὑτοῦ
2453 587 2691 659 Ἰσραὴλ,
2721 606 2740 639 ι
2772 580 2861 639 οἷα
2900 586 3040 660 ὑπὲρ
3075 586 3292 658 μερίδος
3338 584 3431 639 καὶ
3463 582 3827 656 κληρονομίας

2243 681 2584 755 φροντίζειν,
2635 678 2900 734 κενοῦντά
2934 695 2993 732 τε
3023 678 3212 731 ἑαυτὸν
3262 676 3357 730 καὶ
3402 673 3498 730 τοῦ
3548 673 3831 744 συμφυοῦς

2246 774 2509 849 μεγέθους
2536 772 2904 846 σμικρύνοντα
2924 774 2990 842 τῇ
3016 770 3125 824 τῶν
3153 768 3459 841 ἀνθρώπων
3480 769 3575 821 καὶ
3596 765 3706 837 πρὸ
3734 765 3834 835 τῆς

2245 868 2709 941 ὲνανθρωπὴσεως
2752 861 3262 937 συμπεριφέρεσθαι
3285 860 3560 933 σωτηρίᾳ;
3591 859 3655 911 Ei
3704 854 3835 925 γοῦν

2242 961 2600 1033 εὐγνωμόνως
2625 960 3045 1029 ὲπιστήσαιμεν,
3076 954 3333 1026 εὕροιμεν
3370 951 3534 1006 αὐτὸν
3569 950 3704 1004 ποτὲ
3733 950 3831 1020 μὲν

2242 1057 2322 1119 εἰς
2352 1053 2483 1107 ἴδιον
2516 1051 2808 1124 πρόσωπον
2854 1047 3195 1119 ἀναφέροντα
3224 1044 3325 1108 τὰς
3376 1041 3832 1115 παρακελεύσεις,

2240 1145 2317 1209 ὡς
2370 1146 2496 1198 ὅταν
2546 1143 2701 1215 λέγῃ·
2737 1161 2756 1192 ι
2794 1143 2909 1195 Οὐκ
2945 1140 3163 1211 όφθήσῃ
3206 1136 3436 1190 ἐνώπιόν
3488 1152 3590 1206 μου
3637 1133 3833 1196 κενός·

2241 1236 2338 1289 καὶ
2370 1234 2755 1305 θυσιαστήριον
2809 1232 2874 1285 ὲκ
2926 1233 3029 1302 γῆς
3072 1226 3358 1299 ποιήσεταί
3411 1243 3532 1297 μοι·
3591 1224 3689 1278 καὶ
3718 1221 3838 1294 ἥξω

2242 1325 2379 1396 πρὸς
2410 1325 2470 1378 σὲ
2510 1324 2606 1378 καὶ
2633 1322 2914 1392 εὐλογήσω
2948 1337 3005 1374 σε
3025 1339 3037 1350 ·
3079 1340 3099 1373 ι
3136 1320 3268 1373 ποτὲ
3295 1319 3351 1372 δὲ
3379 1318 3455 1382 ὡς
3481 1318 3611 1389 περὶ
3641 1316 3838 1385 ἑτέρου

2241 1417 2448 1489 Κυρίου
2470 1454 2485 1479 ,
2531 1413 2628 1468 τοῦ
2668 1413 2805 1466 Θεοῦ
2830 1411 3032 1485 δηλαδὴ
3065 1412 3159 1465 καὶ
3188 1409 3403 1482 [ἰατρὸς
3431 1408 3620 1472 αὐτοῦ,
3654 1407 3839 1461 διαλε-

2240 1509 2491 1580 γόμενον,
2521 1506 2597 1571 ὡς
2625 1507 2718 1559 ἐπὶ
2749 1505 2853 1576 τῆς
2909 1504 3210 1574 Δεκαλόγου
3251 1504 3381 1557 ὅταν
3430 1501 3648 1573 φάσκῃ·
3699 1518 3719 1551 ι
3759 1500 3838 1553 Οὐ

2240 1599 2384 1672 λήψῃ
2427 1598 2490 1652 τὸ
2540 1598 2710 1669 ὄνομα
2740 1594 2948 1669 Κυρίου
2997 1595 3092 1649 τοῦ
3138 1592 3276 1647 Θεοῦ
3309 1609 3402 1646 σου
3454 1592 3549 1646 ἐπὶ
3580 1591 3838 1663 ματαίῳ·

2241 1695 2338 1747 καὶ
2357 1696 2424 1765 τῇ
2446 1690 2631 1764 ἡμέρᾳ
2654 1694 2722 1762 τῇ
2747 1688 2949 1761 ἐϐδόμῃ
2980 1686 3227 1742 σάϐϐατα
3251 1687 3444 1759 Κυρίῳ
3464 1684 3543 1757 τῷ
3560 1683 3682 1754 Θεῷ
3702 1701 3800 1737 σου
3820 1699 3839 1716 ·

2242 1786 2336 1842 καὶ
2359 1786 2468 1860 γάρ
2487 1787 2543 1839 ὲν
2556 1785 2615 1852 ἒξ
2638 1784 2874 1857 ἡμέραις
2898 1782 3154 1855 ἐποίησεν
3173 1781 3379 1856 Κύριος
3403 1781 3494 1835 τόν
3517 1798 3578 1834 τε
3604 1780 3841 1853 οὐρανὸν

545 1872 823 1942 angelum,
851 1871 947 1927 sed
980 1873 1098 1943 ipse
1131 1888 1229 1943 per
1279 1874 1523 1945 seipsum
1557 1872 1825 1931 Dominus
1876 1874 2126 1946 profecto

2237 1879 2326 1932 καὶ
2364 1878 2463 1949 τὴν
2488 1879 2615 1949 γῆν·
2659 1876 2753 1929 καὶ
2781 1873 3047 1945 εὐλόγησε
3085 1871 3290 1944 Κύριος
3341 1872 3440 1943 τὴν
3480 1872 3694 1944 ἡμέραν
3737 1870 3841 1941 τὴν

544 1965 602 2020 in
637 1965 907 2038 Decalogo
928 1966 1093 2033 dixit;
1131 1982 1315 2023 nonne
1343 1968 1490 2023 enim
1521 1967 1832 2024 evidentius
1880 1975 1964 2025 est
1994 1984 2123 2024 eum

543 2060 621 2114 ita
647 2059 907 2129 pOpulum
938 2075 1099 2115 suum
1119 2059 1187 2116 de
1222 2062 1422 2131 pietate
1457 2076 1590 2133 erga
1630 2059 1962 2116 altissimum
2026 2058 2131 2114 Pa-

543 2160 686 2208 trem
714 2153 1224 2237 ipsius,.Deumque
1254 2156 1500 2211 omnium
1525 2155 1854 2213 edocuisse?

2239 1972 2504 2043 ἑϐδόμην·
2543 1990 2562 2022 ι
2595 1969 2693 2024 καὶ
2732 1962 2917 2032 αὖθις·
2966 1986 2986 2018 ι
3021 1966 3171 2038 Τίμα
3218 1965 3310 2019 τὸν
3352 1966 3565 2036 πατέρα
3612 1981 3708 2017 σου
3741 1962 3842 2016 καὶ
3890 1988 3906 2003 ~

2238 2064 2338 2135 τὴν
2373 2062 2586 2134 μητέρα
2615 2078 2731 2125 σου,
2762 2059 2852 2113 ἴνα
2879 2051 2937 2113 εὖ
2970 2075 3052 2112 σοι
3080 2057 3332 2129 γένηται,
3365 2056 3461 2110 καὶ
3495 2055 3597 2129 ἔσῃ
3625 2070 3841 2125 μέικρο⁴

2243 2155 2456 2228 χρόνιος
2491 2155 2586 2207 ἐπὶ
2611 2156 2711 2225 τῆς
2735 2152 2858 2224 γῆς,
2898 2146 2966 2222 ἦς
2997 2150 3204 2223 Κύριος
3237 2151 3266 2203 6
3312 2149 3445 2214 Θεός
3472 2165 3565 2202 σου
3615 2145 3841 2200 δίδωσίν

2247 2260 2349 2295 σοι.
2375 2262 2391 2294 ι
2414 2241 2600 2295 Ταῦτα
2627 2240 2735 2313 γὰρ
2758 2241 2818 2295 οὐ
2847 2240 2914 2293 δι’
2941 2239 3197 2309 ἀγγέλου,
3226 2238 3342 2292 ἀλλ’
3364 2238 3527 2302 αὐτὸς
3548 2238 3614 2290 δι’
3635 2233 3841 2291 ἑαυτοῦ

542 2336 573 2388 6
602 2335 806 2407 Κύριος
828 2338 1275 2409 πεπιστευμένως
1298 2339 1357 2392 ὲν
1376 2340 1488 2403 τοῖς
1511 2337 1829 2407 δεκαλόγοις
1854 2336 2135 2410 εἰρηκέναι
2175 2335 2293 2401 πῶς
2359 2337 2460 2391 οὐκ
2489 2336 2557 2391 ἂν
2581 2336 2792 2406 γένοιτο
2824 2333 3112 2407 πρόδηλος,
3147 2330 3418 2388 παιδεύων
3482 2330 3577 2385 τὸν
3607 2330 3738 2385 λαὸν
3769 2329 3845 2383 τὰ

544 2426 675 2489 περὶ
707 2427 808 2499 τῆς
847 2430 929 2491 είς
955 2428 1047 2482 τὸν
1072 2428 1335 2483 ἀνωτάτω
1374 2430 1595 2502 Πατέρα
1632 2429 1827 2484 ἑαυτοῦ
1872 2430 1969 2483 καὶ
2010 2429 2143 2482 Θεὸν
2179 2426 2287 2483 τῶν
2316 2428 2453 2483 ὅλων
2478 2428 2800 2495 εὐσεϐείαςς

1144 2523 1376 2580 CAPUT
1431 2524 1526 2581 XI.

619 2628 639 2662 ι
677 2610 819 2667 Ecce
860 2626 961 2683 ego
998 2613 1214 2668 mittam
1252 2615 1506 2684 angelum
1538 2629 1742 2680 meum,
1773 2614 1872 2687 qui
1921 2629 2129 2685 praece-

2755 2524 3156 2578 ΚΕΦΑΛΑῙΟΝ
3192 2523 3297 2578 IA’.

2307 2637 2326 2670 ι
2362 2618 2493 2672 Ἰδοὺ
2525 2616 2636 2686 ἐγὼ
2663 2616 2979 2672 ἀποστέλλω
3007 2617 3100 2670 τὸν
3132 2616 3363 2685 ἄγγελόν
3383 2634 3484 2688 μου
3516 2616 3623 2687 πρὸ
3659 2632 3841 2689 προσ-

541 2704 637 2759 dat
695 2711 770 2768 te,
821 2711 876 2759 et
925 2704 1205 2760 custodiat
1263 2705 1321 2759 in
1353 2706 1464 2772 via,
1518 2714 1573 2761 et
1617 2705 1937 2761 introducat
1966 2707 2019 2761 in
2049 2706 2130 2760 lo-

2237 2710 2383 2764 ώπου
2416 2728 2532 2775 σου,
2569 2710 2657 2764 ἵνα
2690 2709 2901 2781 φυλάξῃ
2943 2726 3004 2763 σε
3042 2708 3101 2763 ὲν
3134 2712 3201 2781 τῇ
3230 2708 3355 2778 ὀδῷ,
3383 2710 3533 2773 ὅπως
3559 2710 3841 2779 εἰσαγάγῃ

542 2808 670 2849 cum
707 2807 869 2864 quem
918 2796 1129 2864 paravi.
1166 2793 1413 2851 Observa
1462 2811 1587 2852 eum
1634 2806 1689 2853 et
1737 2797 1866 2852 audi
1929 2812 2121 2853 vocem

2237 2822 2295 2858 σε
2328 2806 2407 2868 εἰς
2439 2803 2537 2875 τὴν
2566 2802 2694 2873 γῆν,
2725 2803 2791 2874 ἡν
2817 2801 3092 2873 ἡτοίμασά
3125 2819 3226 2856 σοι.
3258 2801 3501 2873 Πρόσεχε
3549 2801 3701 2872 αὑτῷ
3739 2804 3843 2855 καὶ

543 2886 687 2953 ejus.
722 2901 823 2941 nec
876 2887 1340 2944 contemnendum
1371 2895 1530 2959 putes
1562 2908 1576 2943 :
1612 2889 1743 2960 quia
1791 2906 1902 2945 non
1944 2890 2130 2946 dimit-

2241 2897 2494 2950 είσάκουε
2522 2895 2709 2961 αὐτοῦ,
2743 2894 2818 2967 μὴ
2846 2894 3060 2950 ἀπείθει
3088 2895 3146 2949 ὲν
3176 2894 3345 2965 αὐτῷ,
3376 2893 3437 2947 οὐ
3461 2894 3572 2967 γὰρ
3600 2893 3677 2965 μὴ
3702 2894 3842 2947 ὑπο-

544 2985 626 3033 tet
658 2992 784 3032 cum
813 2979 1152 3049 peccaveris,
1185 2985 1241 3033 et
1266 2984 1572 3033 estnomen
1595 2993 1778 3033 meum
1811 2978 1868 3033 in
1894 2978 1988 3033 illo
2009 2980 2074 3031 ¹².
2108 2997 2128 3030 ι

2241 2985 2515 3058 στείληταί
2551 3002 2611 3039 σε
2633 2999 2648 3014 ·
2683 2984 2745 3038 τὺ
2777 2983 2888 3055 γὰρ
2919 2983 3092 3055 ὄνομά
3139 3001 3239 3055 μου
3283 2983 3432 3038 ἐστὶν
3480 2984 3569 3037 ἐπ’
3596 2983 3768 3055 αὐτῷ.
3814 3003 3833 3034 ι

545 3067 675 3125 Haec
710 3085 838 3124 cum
871 3071 995 3125 aliis
1026 3072 1317 3143 prarceptis
1363 3070 1630 3126 Dominus
1677 3072 1882 3142 populo
1905 3071 2130 3128 denun-

2240 3074 2426 3130 Ταῦτα
2475 3074 2613 3148 μετὰ
2656 3074 2766 3128 τῶν
2811 3074 3014 3128 λοιπῶν
3068 3072 3147 3145 (Ι.
3178 3074 3212 3130 9
3246 3074 3337 3147 γ’)
3389 3075 3781 3146 δικαιωμάτων
3809 3077 3845 3128 6

544 3162 665 3215 tiat.
703 3159 758 3215 Si
784 3161 1003 3233 quidem
1027 3162 1192 3233 igitur
1220 3171 1342 3233 post
1376 3161 1579 3233 Moysis
1618 3160 1828 3217 obitum
1876 3175 1986 3215 non
2018 3161 2130 3231 ipse

2240 3167 2447 3239 Κύριος
2470 3167 2548 3240 τῷ
2573 3165 2688 3239 λαῷ
2715 3167 3108 3223 διαστέλλεται.
3150 3168 3214 3221 Et
3268 3167 3369 3239 μὲν
3406 3163 3499 3221 οὖν
3543 3168 3684 3239 μετὰ
3732 3168 3841 3240 τὴν

545 3250 815 3309 Dominus
844 3254 938 3324 qui
970 3254 1025 3309 in
1049 3254 1269 3311 deserto
1297 3254 1755 3310 manifestabatur
1784 3252 2005 3309 adesset
2025 3268 2124 3324 po-

2237 3264 2509 3327 Μωῦσέως
2536 3262 2795 3332 τελευτὴν
2832 3260 2907 3332 μὴ
2932 3263 2961 3314 6
2983 3260 3144 3324 αὐτὸς
3176 3259 3379 3332 Κύριος
3397 3262 3425 3313 ό
3454 3261 3547 3313 ἐπὶ
3565 3260 3664 3331 τῆς
3698 3261 3839 3333 ipf;-

545 3345 698 3415 pulo,
733 3346 829 3402 sed
874 3348 1196 3418 angelorum
1227 3347 1428 3417 aliquis
1459 3362 1557 3403 eos
1604 3346 1959 3417 praecederet,
1991 3346 2130 3401 nihil

545 3436 653 3494 hoc
685 3437 743 3492 in
773 3439 896 3494 loco
931 3438 1321 3509 inquirendum
1358 3439 1520 3494 foret.
1556 3437 1694 3493 Cum
1717 3446 1900 3493 autem
1935 3454 2132 3493 narra-

545 3522 696 3583 tione
715 3536 931 3585 constet
959 3540 1014 3585 et
1046 3538 1173 3601 post
1208 3529 1413 3601 Moysis
1459 3529 1671 3585 obitum
1714 3528 2008 3585 Dominum
2044 3528 2131 3599 ip-

544 3634 672 3675 sum
695 3618 865 3676 Josue
891 3620 1303 3676 manifestatum
1331 3636 1477 3687 esse,
1512 3627 1565 3697 et
1601 3627 1790 3691 aperte
1822 3620 1882 3675 in
1914 3620 1982 3675 iis
2011 3634 2133 3690 quae

545 3710 617 3764 ad
649 3725 773 3766 eum
811 3710 1159 3780 loquebatur,
1195 3711 1401 3767 dixisse
1434 3730 1448 3766 :
1487 3729 1507 3762 ι
1547 3709 1704 3766 Sicut
1730 3710 1809 3765 fui
1830 3725 1956 3766 cum
1981 3709 2134 3782 Moy-

554 3818 636 3864 se.
671 3802 747 3857 ita
775 3817 872 3857 ero
903 3809 1081 3857 tecum
1110 3821 1125 3858 :
1159 3818 1271 3859 non
1304 3803 1601 3870 dimittam,
1631 3818 1734 3858 nec
1750 3803 2129 3873 derelinquam

544 3901 617 3949 te.
672 3892 997 3951 Confortare
1040 3902 1097 3951 et
1134 3904 1255 3953 esto
1308 3896 1591 3953 robustus.
1650 3895 1735 3951 Tu
1774 3895 1920 3952 enim
1982 3902 2133 3951 sorte

542 3986 757 4043 divides
804 3990 1006 4060 populo
1055 3988 1188 4044 huic
1236 3997 1464 4054 terram,
1497 4003 1599 4060 pro
1619 4006 1728 4059 qua
1750 3988 1932 4059 juravi
1968 3988 2134 4059 patri-

544 4078 652 4136 bus
708 4080 843 4145 tuis,
894 4087 955 4134 ut
1008 4080 1283 4136 traderem
1327 4096 1447 4137 eam
1493 4081 1603 4136 illis
1634 4081 1696 4134 ⁸³.
1741 4099 1760 4134 ι
1796 4079 1865 4133 Ει
1893 4080 1949 4135 in
1983 4079 2133 4134 omni

543 4170 835 4241 Scriptura
870 4174 1099 4244 angelus
1140 4172 1363 4243 quidem
1395 4187 1747 4244 nequaquam
1780 4186 2022 4244 praesens
2048 4172 2134 4229 vel

545 4264 935 4323 manifestatus
967 4264 1135 4322 Josue
1171 4275 1529 4332 memoratur,
1561 4266 1657 4324 sed
1690 4267 1806 4337 ipse
1838 4266 2127 4333 Dominus,

541 4358 638 4427 qui
683 4358 826 4427 apud
860 4356 1100 4429 Moysem
1139 4365 1588 4429 tetragrammato
1622 4358 1955 4424 ostenditur,
2001 4359 2133 4428 qui-

540 4465 651 4520 que
683 4450 813 4504 mihi
845 4449 988 4505 idem
1028 4465 1151 4506 esse
1173 4450 1396 4506 videtur
1415 4465 1480 4505 ac
1510 4450 1604 4521 qui
1635 4451 1805 4507 semel
1832 4448 2000 4517 Josue
2026 4452 2129 4506 viri

543 4545 731 4599 habitu
795 4543 1049 4614 apparuit
1074 4544 1139 4598 η.
1189 4542 1664 4609 Quemadmodum
1741 4545 1889 4599 enim
1962 4558 2131 4616 appa-

2239 3374 2341 3427 μου
2374 3354 2732 3428 χρηματίζων
2780 3354 3081 3426 συμπαρῆν
3120 3350 3198 3423 τῷ
3236 3353 3381 3424 λαῷ,
3422 3353 3534 3407 ἀλλ’
3580 3353 3842 3423 ἀγγέλων

2235 3466 2317 3512 τις
2353 3446 2534 3501 αὐτῶν
2563 3449 2860 3519 προηγεῖτο
2880 3485 2895 3511 ,
2935 3445 3089 3499 οὐδὲν
3117 3444 3183 3499 ἂν
3213 3445 3292 3509 εἰς
3327 3446 3455 3509 τοὺς
3487 3445 3685 3509 τόπους
3714 3445 3834 3526 ,ζη-

2234 3539 2496 3611 τούμενον
2527 3533 2629 3607 ἦν·
2666 3539 2789 3591 ἐπεὶ
2812 3538 2870 3591 δὲ
2904 3539 2970 3591 ἐκ
3010 3537 3112 3608 τῆς
3158 3536 3402 3609 ἱστορίας
3440 3537 3693 3607 φαίνεται
3732 3539 3841 3591 καὶ

2239 3631 2375 3703 μετὰ
2390 3631 2489 3703 τὴν
2504 3630 2783 3695 Μωῡσέως
2800 3630 3058 3702 τελευτὴν
3084 3631 3113 3682 ό
3141 3629 3303 3692 αὐτὸς
3326 3627 3531 3701 Κύριος
3554 3630 3631 3701 τῷ
3646 3630 3839 3701 Ἰησοῦ

2235 3724 2593 3796 χρηματίζων
2622 3724 2717 3776 καὶ
2747 3720 2937 3791 σαφῶς
2968 3724 3026 3774 ὲν
3053 3724 3167 3785 τοῖς
3197 3720 3333 3792 πρὸς
3360 3721 3521 3774 αὑτὸν
3555 3725 3834 3793 χρησμοῖς

2236 3815 2427 3885 λέγων·
2448 3834 2466 3866 ι
2487 3815 2609 3868 ’Ότι
2626 3812 2814 3885 ῶσπερ
2838 3814 2987 3884 ἡμην
3006 3812 3143 3883 μετὰ
3164 3811 3395 3883 Μωῢσῆ,
3427 3810 3601 3876 οὕτως
3624 3812 3830 3883 ἔσομαι

2240 3907 2378 3979 μετὰ
2407 3905 2524 3972 σοῦ,
2550 3905 2645 3960 καὶ
2667 3905 2770 3959 οὐκ
2794 3904 3176 3975 ἐγκαταλείψω
3210 3922 3271 3958 σε
3290 3944 3304 3968 ,
3337 3905 3444 3958 οὐδ’
3481 3905 3837 3977 ὑπερόιξομαί

2238 4017 2319 4054 σε.
2349 4000 2533 4070 Ἴσχυε
2578 3999 2672 4053 καὶ
2714 3995 2967 4070 ἀνδρίζου
2994 4015 3008 4027 ·
3045 3997 3110 4051 σὺ
3153 3995 3261 4068 γάρ
3312 3996 3714 4061 ἁποδιαστελεῖς
3747 3997 3837 4068 τῷ

2235 4092 2351 4164 λαῷ
2379 4091 2556 4163 τούτῳ
2591 4091 2690 4163 τὴν
2730 4092 2854 4163 γῆν,
2888 4091 2956 4162 ἡν
2985 4090 3177 4162 ὤμοσα
3208 4093 3323 4154 τοῖς
3364 4091 3633 4162 πατράσιν
3668 4090 3834 4162 ὑμῶν

2232 4185 2417 4240 δοῦναι
2457 4187 2639 4249 αὐτοῖς
2662 4202 2675 4215 ο
2716 4206 2734 4237 ι
2770 4186 2864 4238 καὶ
2902 4184 2971 4237 δι’
3008 4183 3137 4254 ὅλης
3175 4185 3276 4254 τῆς
3326 4183 3548 4255 Γραφῆς
3591 4184 3831 4252 ἄγγελος

2241 4279 2340 4351 μὲν
2395 4277 2651 4350 οὐδαμῶς
2712 4274 3000 4348 ὲπιπαρὼν
3052 4276 3085 4347 ἢ
3138 4276 3493 4348 χρηματίζων
3542 4275 3621 4346 τῷ
3653 4276 3834 4347 Ἰησοῦ

2236 4368 2635 4439 φαίνεται,ἀλλ’
2653 4368 2852 4431 αὐτὶ)ςὸ
2885 4368 3089 4437 Κύριος
3114 4370 3141 4421 ὁ
3168 4369 3262 4420 καὶ
3288 4367 3441 4439 παρὰ
3469 4369 3696 4421 Μωῦσεῖ
3736 4368 3833 4422 διὰ

2233 4461 2327 4515 τοῦ
2370 4460 2796 4532 τετραγράμμου
2841 4459 3203 4530 δηλούμενος,
3237 4460 3295 4521 ὃς
3338 4460 3431 4512 καὶ
3469 4459 3618 4513 δοκεῖ
3684 4478 3777 4530 μοι
3804 4462 3834 4513 6

2235 4550 2397 4614 αὐτὸς
2417 4545 2556 4604 εἶναι
2582 4550 2662 4622 τῷ
2698 4552 2756 4603 έν
2783 4549 2974 4620 ἀνδρὸς
3001 4551 3239 4621 σχήματι
3262 4552 3341 4613 εἰς
3368 4550 3513 4616 ams
3543 4551 3702 4621 μόνον
3726 4569 3833 4606 πα-

541 4638 721 4693 ruisse
751 4635 1065 4690 Abrahamo
1092 4643 1147 4690 et
1172 4634 1380 4691 Iacobo
1417 4644 1697 4702 narratur,
1731 4638 1808 4692 sic
1867 4646 1921 4693 et
1979 4655 2127 4694 nunc

2237 4644 2531 4716 ραφανέντι
2583 4644 2663 4715 τῷ
2714 4641 2910 4713 Ἰησοῦ.
2956 4644 3164 4715 ’Ὠσπερ
3236 4643 3343 4715 γὰρ
3411 4645 3697 4714 ἐπιφανεὶς
3752 4646 3835 4716 τῷ

539 4731 611 4786 ad
643 4730 987 4787 edocendum
1023 4744 1243 4785 servum
1273 4744 1457 4795 suum,
1477 4744 1587 4783 non
1614 4729 1792 4800 ipsum
1816 4730 2123 4787 existimari

539 4825 781 4896 primum
833 4831 888 4878 et
947 4823 1253 4880 increatum
1308 4836 1431 4878 esse
1478 4821 1674 4888 Deum,
1710 4822 1807 4879 sed
1852 4839 2132 4879 summum

539 4919 663 4990 ejus
686 4917 967 4974 exercitus
998 4916 1195 4972 ducem
1226 4914 1583 4970 demonstrat.
1621 4913 1763 4985 Ergo
1803 4914 1849 4970 si
1885 4915 1941 4969 in
1977 4915 2132 4970 omni

541 5010 710 5079 Josue
750 5010 893 5065 libro
930 5009 1160 5081 angelus
1208 5006 1431 5079 quidem
1482 5006 1707 5063 minime
1752 5022 1996 5078 praesens
2036 5024 2125 5064 re-

544 5104 740 5169 fertur,
780 5091 876 5160 sed
907 5103 1048 5159 idem
1082 5102 1200 5173 ipse
1225 5101 1491 5157 Dominus
1521 5100 1616 5172 qui
1643 5100 1698 5155 in
1728 5101 1877 5156 omni
1927 5100 2129 5173 Moysis

542 5197 893 5272 lcgislatione
935 5195 1297 5253 ostenditur:
1347 5201 1585 5250 testatur
1637 5193 1936 5249 manifeste
1970 5194 2124 5249 Scri-

541 5300 700 5360 ptura
735 5289 923 5345 dicens
956 5308 969 5344 :
1015 5305 1033 5339 ι
1076 5286 1203 5342 Fuit
1232 5303 1362 5358 ergo
1384 5286 1650 5343 Dominus
1672 5302 1798 5342 cum
1830 5284 1998 5342 Josue
2022 5287 2121 5350 ⁸³.»

543 5378 611 5434 de
641 5394 751 5449 quo
782 5366 1109 5433 diceretur:
1173 5397 1192 5430 ι
1249 5377 1390 5435 Ecce
1445 5393 1546 5451 ego
1597 5379 1817 5434 mittam
1864 5379 2117 5449 angelum

542 5485 726 5526 meum
755 5470 847 5540 qui
879 5471 1149 5541 praecedat
1174 5480 1225 5528 te
1248 5478 1303 5528 et
1326 5470 1641 5527 introducat
1670 5472 1729 5527 in
1756 5472 1936 5526 locum
1961 5488 2124 5543 quem

542 5578 730 5633 paravi
759 5562 854 5617 tibi
893 5564 975 5616 “1’
1013 5583 1031 5616 ι
1073 5562 1303 5620 Videtur
1330 5579 1461 5636 ergo
1491 5579 1601 5620 non
1631 5565 1799 5620 alium
1830 5580 1895 5619 ac
1943 5564 2122 5636 ipsum

540 5654 832 5710 ostendere
858 5653 1047 5711 Josuc.
1090 5654 1208 5727 Ipse
1241 5656 1389 5712 enim
1419 5657 1576 5712 duxit
1604 5657 1865 5727 populum
1904 5656 1962 5713 in
2001 5671 2125 5728 pro-

611 5769 633 5802 ⁸
672 5769 845 5825 Exod.
883 5784 1049 5834 xxm,
1087 5769 1174 5826 l5.
1250 5773 1271 5805 ’
1310 5770 1481 5828 Exod.
1511 5787 1603 5837 xx,
1639 5771 1729 5827 24.

546 5858 597 5905 ι,
632 5841 701 5908 5,
737 5841 793 5898 6.
872 5842 915 5873 “
951 5840 1066 5898 Jos.
1102 5858 1155 5909 v,
1197 5842 1282 5899 l3.

2246 4736 2499 4808 Ἁϐραάμ
2527 4736 2622 4789 καὶ
2652 4734 2729 4807 τῶ
2758 4734 2953 4789 Ἰακὼϐ
2983 4736 3425 4808 ἀναγέγραπται,
3449 4737 3591 4791 οὕτω
3614 4738 3709 4791 καὶ
3733 4739 3833 4791 νῦν

2232 4830 2325 4882 ἐπὶ
2350 4829 2427 4901 τῷ
2459 4828 2749 4883 παιδεῦσαι
2778 4829 2869 4883 τὸν
2896 4828 3205 4901 θεράποντα
3249 4829 3326 4901 μὴ
3365 4831 3527 4884 αὐτὸν
3576 4830 3833 4900 ἡγεῖσθαι.

2229 4924 2321 4977 τὸν
2350 4924 2565 4995 πρῶτον
2596 4923 2691 4976 καὶ
2718 4921 2981 4993 ἀγένητον
3008 4916 3145 4975 εἶναι
3187 4923 3340 4988 Θεὸν,
3383 4923 3496 4977 ἀλλ’
3528 4925 3831 4995 ἀρχιστρά-

2230 5032 2399 5087 τηγον
2431 5016 2528 5086 τῆς
2562 5014 2775 5068 ἐκείνου
2808 5013 3089 5083 δυνάμεως
3134 5015 3518 5085 ἀποφαίνεται.
3560 5015 3622 5068 Εἰ
3644 5016 3707 5086 δὴ
3731 5013 3830 5070 οὖν

2229 5107 2318 5162 διὰ
2344 5106 2526 5177 πάσης
2570 5107 2667 5178 τῆς
2691 5105 2783 5159 τοῦ
2819 5104 2993 5176 Ἰησοῦ
3038 5106 3259 5178 γραφῆς
3308 5107 3539 5175 ἄογγελος
3585 5109 3682 5179 μὲν
3713 5109 3826 5162 οὐδ’

2228 5201 2367 5265 ὅλως
2400 5201 2591 5272 παρὼν
2615 5198 2963 5271 ὀνομάζεται,
2996 5198 3111 5251 ἀλλ’
3134 5198 3297 5262 αὐτὸς
3328 5202 3356 5253 6
3386 5200 3476 5253 διὰ
3506 5200 3691 5271 πάσης
3724 5200 3829 5271 τῆς

2230 5291 2384 5363 παρὰ
2413 5293 2639 5345 Μωῦσεῖ
2657 5289 2977 5361 νομοθεσίας
2998 5289 3325 5361 δηλούμενος
3349 5291 3582 5362 Κύριος·
3619 5310 3829 5364 μαρτυ-

2234 5386 2318 5457 ρεῖ
2352 5383 2482 5454 γοῦν
2511 5383 2697 5453 σαφῶς
2753 5385 2786 5454 ἡ
2818 5382 3008 5454 Γραφὴ
3055 5381 3311 5452 λέγουσα·
3348 5402 3366 5432 ι
3395 5385 3507 5437 Καὶ
3532 5379 3599 5454 ἦν
3620 5383 3827 5453 Κύριος

2233 5474 2372 5547 μετὰ
2406 5474 2613 5546 Ἰησοῦ·
2652 5492 2670 5525 ι
2706 5472 2850 5537 τίνος
2893 5472 2959 5527 ἂν
2991 5472 3235 5543 λέγοιτο·
3283 5493 3302 5525 ι
3326 5475 3459 5528 Ἰδοὺ
3504 5473 3824 5539 ἀποστέλλω

2229 5568 2322 5621 τὸν
2355 5567 2587 5636 ἄγγελόν
2621 5584 2723 5634 μου
2760 5566 2865 5638 πρὸ
2890 5566 3185 5639 προσώπου
3222 5584 3338 5632 σου,
3368 5569 3518 5631 ὅπως
3545 5568 3728 5639 ἀγάγῃ
3759 5583 3822 5619 σε

2232 5660 2309 5722 εἰς
2343 5658 2443 5731 τὴν
2471 5658 2598 5729 γῆν,
2624 5658 2691 5729 ἡν
2720 5658 2995 5730 ἡτοίμασά
3020 5674 3138 5723 σοι;
3172 5677 3190 5709 ι
3225 5659 3440 5713 Ἔοικεν
3464 5656 3556 5715 οὖν
3579 5661 3666 5715 διὰ
3692 5657 3820 5713 τού-

1810 5773 1853 5804 ¹⁰
1891 5771 2024 5827 ibid.
2065 5772 2116 5835 7,

2272 5771 2358 5827 11.
2436 5772 2478 5803 ¹¹
2519 5771 2651 5828 ibid.
2688 5771 2775 5827 i2.
2853 5773 2897 5805 "
2935 5770 3110 5827 Exod.
3134 5786 3294 5840 xxm,
3328 5771 3534 5840 20,2l.
3616 5776 3657 5806 ’³
3694 5773 3820 5830 los.

1400 5843 1441 5875 ”
1476 5842 1590 5900 Jos.
1627 5860 1700 5909 v1,
1734 5842 1825 5898 27.
1908 5844 1952 5875 ¹⁶
1990 5841 2161 5898 Exod.
2196 5860 2331 5898 χχιιι
2355 5883 2368 5909 ,
2399 5842 2491 5898 20.
