4134 6414
302 328 442 384 1057

1361 319 1656 377 ΕαΟΟιΕ
1696 315 2184 373 ΡΒΟΡΗΕΤΙΕᾹΞ.
2226 347 2293 356 —
2334 315 2461 371 ΕΒ.
2498 315 2538 369 ῐ.

3430 318 3570 374 1058

300 469 410 505 των
441 451 541 504 οὐκ
570 448 725 505 ἄλλον
750 448 866 502 ἀλλ’
894 447 1057 503 αὐτὸν
1093 446 1290 520 δηλοῦν
1329 446 1422 499 τὸν
1451 444 1658 518 Ἰησοῦν
1677 462 1690 475 ⁶
1728 443 1884 506 αὐτὸς

1997 443 2281 499 missionis
2332 452 2573 507 terram,
2631 446 2773 501 sicut
2823 446 3123 503 ostendunt
3179 445 3248 502 ad
3301 461 3425 501 eum
3473 443 3573 500 Dei

300 544 408 615 γὰρ
441 544 735 613 εἰσήγαγεν
761 550 851 595 τὸν
878 541 1005 595 λαὸν
1035 544 1113 605 εἰς
1146 539 1244 612 τὴν
1270 540 1374 610 γῆν
1399 539 1497 611 τῆς
1527 537 1882 607 ἐπαγγελίας,

298 634 374 698 ὡς
405 635 500 688 καὶ
534 635 601 687 αἰ·
618 633 756 707 πρὸς
793 631 956 686 αὑτὸν
983 629 1236 703 δηλοῦσιν
1281 630 1376 684 τοῦ
1413 628 1549 684 Θεοῦ
1581 629 1757 699 φωναὶ
1793 628 1883 680 λέ-

299 744 506 797 γοντοςο
546 745 565 779 ι
597 728 778 796 Ἰσχυε
803 725 900 779 καὶ
927 723 1208 794 άνδρίζου·
1242 724 1306 777 σὺ
1339 722 1449 794 γὰρ
1478 720 1885 784 ἀποδιαστελείς

299 822 378 893 τῷ
413 819 528 892 λαῷ
574 820 749 891 τούτῳ
793 819 894 891 την
940 819 1063 889 γῆν,
1107 817 1174 889 ην
1220 815 1410 888 ὤμοσα
1456 817 1570 879 τοῖς
1610 813 1885 886 πατράσιν

188 932 192 936 ·
300 913 454 984 ὑμῶν
483 913 611 983 περί
635 909 821 965 αὑτοῦ.
856 929 875 957 ι
906 909 1051 980 ’Δρα
1074 908 1529 981 προδιατάσσεται
1548 906 1626 978 τῷ
1650 906 1766 978 λαῷ
1793 906 1883 959 λέ-

298 1019 431 1072 γων’
475 1022 493 1054 ι
522 1003 764 1074 Πρόσεχε
805 1000 991 1071 αύτῷ,
1043 1002 1137 1054 καὶ
1186 1001 1503 1054 εἰσάκουσον
1556 998 1754 1053 αὑτοῦ·
1808 999 1883 1072 μὴ

299 1094 516 1148 ἀπείθει
552 1095 609 1146 ὲν
638 1093 803 1165 αὐτῷ.
842 1112 860 1144 ι
918 1093 991 1146 Οὐ
1036 1091 1116 1145 δεῖ
1158 1092 1214 1146 δὲ
1246 1091 1548 1163 θαυμάζειν
1573 1094 1623 1144 εἰ
1654 1090 1884 1159 ἄγγελον

299 1185 459 1239 αὐτὸν
484 1185 856 1256 ἐπωνόμασεν,
886 1183 1006 1236 ἐπεὶ
1031 1183 1127 1236 καὶ
1155 1182 1406 1254 Ἰωάννην
1426 1181 1604 1252 τούτῳ
1628 1180 1784 1234 καλεῖ
1805 1178 1885 1249 τῷ

301 1276 652 1348 προσρήματι
677 1275 710 1345 ἡ
744 1274 1029 1343 φάσκουσα
1060 1274 1387 1347 προφητείαο
1422 1292 1442 1324 ι
1466 1273 1594 1327 Ἰδοὺ
1617 1272 1726 1341 ἐγὼ
1750 1274 1883 1326 ἀπο-

307 1367 513 1421 στέλλω
554 1365 647 1420 τδν
683 1365 914 1434 ἄγγελόν
956 1382 1057 1436 μου
1083 1366 1190 1438 πρὸ
1218 1364 1514 1438 προσώπου
1544 1382 1657 1431 σου,
1684 1365 1742 1431 δς
1781 1384 1882 1420 κα-

300 1461 629 1515 τασκευάσει
656 1458 756 1531 τὴν
783 1458 903 1512 ὁδόν
935 1475 1037 1529 μου
1060 1458 1372 1530 ἔμπροσθέν
1395 1475 1511 1512 σου.
1544 1477 1562 1509 ι
1600 1458 1661 1512 Εἰ
1681 1458 1725 1511 δ’
1746 1458 1883 1522 ὅλως

301 1554 381 1616 εἰς
410 1551 612 1623 Ἰησοῦν
646 1550 970 1622 ἀναφέροιτο
1016 1549 1113 1603 τὸν
1154 1548 1248 1603 τοῦ
1296 1549 1455 1620 Ναυῆ
1506 1548 1578 1603 τά
1619 1566 1881 1621 προεκτε-

302 1644 488 1711 θέντα,
518 1645 619 1715 ὅρα
643 1643 759 1706 πῶς
784 1642 912 1714 περὶ
942 1641 1108 1695 αὐτοῦ
1135 1658 1299 1713 φησιν
1319 1644 1347 1695 ὁ
1375 1641 1598 1713 Κύριος·
1635 1662 1654 1692 ι
1680 1641 1754 1695 Τὸ
1775 1641 1883 1711 γάρ

300 1736 472 1807 ὄνομά
518 1752 621 1808 μου
667 1733 1024 1821 ἐπικέκληται
1073 1735 1160 1786 ἐπ’
1201 1732 1370 1803 αὐτῷ.
1404 1752 1423 1784 ι
1478 1733 1637 1787 Ποῖον
1677 1733 1735 1786 δὲ
1766 1733 1882 1805 ἀρα

1992 537 2161 591 verba
2189 536 2424 593 dicentis
2457 558 2469 593 :
2502 558 2519 589 ι
2575 538 2902 595 Confortare
2935 548 2988 595 et
3018 549 3137 596 esto
3164 542 3425 597 robustus
3464 558 3478 593 :
3512 546 3574 593 tu

1991 630 2138 684 enim
2196 636 2345 686 sorte
2377 629 2592 687 divides
2641 633 2844 702 popqu
2897 632 3025 688 huic
3069 643 3295 697 terram,
3330 647 3433 703 pro
3462 646 3572 703 qua

1986 718 2169 789 juravi
2204 718 2452 789 patribus
2494 719 2627 787 tuis,
2661 728 2724 775 ut
2764 722 3038 778 traderem
3071 739 3194 779 eam
3238 723 3369 779 illis.
3409 741 3429 775 ι
3465 721 3573 778 Po-

1991 811 2122 881 pulo
2153 810 2319 883 igitur
2338 812 2585 882 praecipit
2614 811 2807 869 dicens
2832 832 2846 867 :
2885 833 2903 864 ‹
2936 813 3179 870 Observa
3208 831 3334 871 eum
3362 823 3417 871 et
3439 814 3570 871 audi

1991 918 2181 960 vocem
2235 903 2377 973 ejus,
2432 919 2534 959 nec
2576 905 3039 961 contemnendum
3087 918 3244 978 putes
3276 908 3339 961 "'.
3376 926 3395 960 ι
3447 906 3571 961 Non

1990 1003 2173 1051 autem
2203 994 2514 1051 mirandum
2538 1003 2623 1052 est
2643 996 2690 1053 si
2729 998 2982 1068 angelum
3015 1015 3140 1055 eum
3175 1000 3570 1065 nominaverit,

1991 1103 2118 1143 cum
2150 1086 2416 1144 Joannem
2470 1090 2577 1147 hac
2622 1091 3067 1147 denominationc
3093 1101 3251 1148 vocet
3282 1094 3572 1165 prophetia

1991 1179 2080 1235 his
2108 1180 2293 1237 verbis
2327 1201 2341 1237 :
2380 1199 2399 1234 ι
2434 1181 2576 1238 Ecce
2604 1198 2707 1255 ego
2735 1184 2895 1239 mitto
2929 1186 3183 1255 angelum
3234 1202 3414 1241 meum
3442 1196 3574 1241 ante

1992 1270 2192 1329 faciem
2244 1281 2417 1341 tuam,
2472 1276 2567 1345 qui
2618 1276 2947 1346 praeparabit
3012 1277 3157 1331 viam
3208 1294 3386 1333 meam
3442 1289 3575 1335 ante

1992 1371 2047 1418 te
2081 1364 2146 1419 ⁸⁸.
2188 1384 2207 1416 ι
2240 1363 2399 1430 Quod
2432 1366 2479 1420 si
2530 1366 2694 1437 plane
2723 1364 2791 1420 ad
2817 1364 2983 1422 Josue
3015 1365 3183 1420 tilium
3216 1366 3339 1422 Nun
3374 1369 3573 1439 praeci-

1990 1464 2105 1510 tata
2154 1463 2431 1525 spectant,
2490 1457 2843 1527 perspicuum
2898 1465 2983 1512 est
3029 1472 3133 1512 cur
3175 1457 3243 1512 de
3274 1472 3340 1513 eo
3371 1458 3574 1513 dixerit

1992 1544 2256 1603 Dominus
2289 1566 2304 1604 :
2344 1566 2364 1600 ‹
2401 1546 2469 1602 Ει
2497 1558 2583 1604 est
2614 1564 2814 1604 nomen
2841 1564 3021 1603 meum
3047 1548 3103 1603 in
3135 1549 3228 1603 illo
3247 1550 3307 1604 η.
3348 1568 3368 1602 ι
3399 1548 3604 1631 (ξιιιιιθ⁵

1992 1639 2161 1711 igitur
2192 1640 2328 1697 illud
2354 1655 2555 1696 nomen
2590 1651 2673 1697 est
2694 1641 2804 1697 nisi
2828 1639 3022 1705 Josue,
3045 1641 3193 1710 quod
3219 1641 3365 1697 idem
3392 1648 3478 1697 est
3510 1655 3575 1695 ac

1989 1729 2159 1787 Jesu?
2184 1728 2323 1787 Huic
2345 1731 2492 1787 enim
2530 1730 2698 1787 Josue
2737 1747 2848 1786 non
2882 1732 3166 1801 proprium
3200 1747 3399 1786 nomen
3431 1740 3571 1796 erat,

298 1829 471 1900 ὄνομα
504 1828 537 1900 ἢ
571 1826 703 1883 αὐτὸ
745 1814 805 1879 τδ
831 1825 1067 1897 Ἰησοῦς;
1108 1826 1214 1880 Τοῦ
1252 1827 1350 1897 μὲν
1394 1825 1504 1897 γὰρ
1553 1826 1880 1897 φαινομένου

1990 1824 2143 1894 prius
2168 1822 2308 1880 Osee
2331 1832 2546 1879 vocato.
2565 1822 2785 1881 Primus
2813 1839 2938 1879 eum
2965 1822 3180 1894 Moyses
3203 1839 3232 1876 a
3263 1825 3374 1879 Deo
3401 1824 3577 1895 inspi-

299 1918 423 1971 τότε
445 1917 639 1988 ἀνδρὸς
660 1918 760 1970 οὐκ
779 1911 846 1987 ἦν
870 1915 999 1970 ἴδιον
1018 1916 1080 1970 τὸ
1108 1916 1319 1988 Ἰησοῦς
1344 1916 1514 1988 ὄνομα
1534 1935 1546 1948 ·
1570 1917 1755 1989 Λύσης
1775 1917 1883 1989 γάρ

300 2008 548 2063 ἐκαλεῖτο
566 2007 629 2061 τὸ
663 2008 924 2081 πρότερον
943 2026 954 2037 ⁸
984 2006 1199 2079 πρῶτος
1223 2006 1279 2060 δὲ
1311 2007 1476 2062 αὑτὸν
1500 2008 1741 2079 Μωῦσῆς
1765 2008 1884 2063 θεο-

300 2098 636 2170 φορούμενος
664 2097 870 2169 Ἰησοῦν
912 2097 1273 2169 ἀναγορεύει,
1316 2097 1588 2171 πνεύματι
1620 2089 1778 2171 δῆλον
1803 2100 1884 2153 ὅτι

300 2191 560 2261 θειοτέρῳ
586 2190 922 2261 κινούμενοςο
954 2192 1029 2255 ώς
1055 2192 1121 2244 ἂν
1152 2192 1181 2243 ό
1207 2191 1453 2263 χρησμὸς
1480 2194 1509 2245 ό
1539 2192 1737 2263 φήσας*
1766 2210 1784 2243 ι
1813 2192 1887 2245 Τὸ

298 2285 411 2356 γάρ
458 2284 633 2355 ὄνομά
681 2302 780 2355 μου
829 2285 977 2337 ἐστὶν
1024 2284 1110 2336 ἐπ’
1152 2283 1323 2354 αὐτῷ,
1355 2303 1374 2335 ι
1430 2283 1741 2357 πληρωθείη
1788 2283 1885 2337 τοῦ

298 2377 732 2450 χρηματίζοντος
761 2377 968 2446 Κυρίου
989 2416 1003 2439 ,
1036 2375 1093 2429 ὃν
1128 2375 1388 2441 πολλάκις
1422 2376 1781 2447 ἀπεδείξαμεν
1811 2373 1888 2430 εἴ-

299 2486 391 2523 ναι
426 2469 519 2523 τὺν
563 2469 801 2540 προόντα
843 2468 937 2521 τοῦ
971 2468 1109 2522 Θεοῦ
1141 2469 1315 2537 Λόγον
1335 2509 1352 2533 ,
1385 2469 1591 2540 Ἰησοῦς
1619 2466 1686 2541 ἦν
1716 2469 1886 2541 ὄνομα

297 2561 438 2632 ὅπερ
465 2560 545 2631 τῷ
572 2561 725 2632 Δύσῆ
752 2561 991 2631 Μωῦσῆς
1024 2560 1469 2624 ὲπιτέθεικεν,ώς
1494 2564 1527 2633 ἠ
1553 2560 1670 2614 θεία
1696 2561 1886 2633 Γραφὴ

302 2652 593 2723 μαρτυρεῖ,
625 2650 834 2722 σφόδρα
865 2650 1342 2721 ἀηκριῆωμένως
1370 2652 1678 2722 τηρήσασα,
1703 2652 1784 2704 ὅτι
1810 2651 1887 2723 μὴ

299 2742 490 2796 ἄλλοτε
517 2742 550 2812 ἢ
578 2741 808 2811 ἄγγελον
857 2742 1022 2795 αύτὺν
1055 2741 1365 2805 ἀκολούθως
1402 2742 1480 2813 τῷ
1518 2742 1757 2815 χρησμῷ
1787 2744 1887 2814 τὴν

299 2832 404 2905 γῆν
430 2832 531 2903 τῆς
562 2833 897 2902 ἐπαγγελίας
920 2834 1026 2905 πρὸ
1047 2832 1341 2905 προσώπου
1371 2832 1465 2887 τοῦ
1494 2832 1624 2889 λαοῦ
1649 2852 1885 2906 προσκε-

296 2923 535 2995 ψάμενον
570 2924 900 2996 ἐξέπεμπεν,
944 2925 1118 2996 τούτῳ
1160 2925 1429 2997 κέκληκεν
1461 2927 1625 2982 αὐτὸν
1655 2927 1731 2998 τῷ
1767 2928 1887 2981 ὀνό-

278 3034 459 3089 ματι.
491 3017 701 3072 Οὐκοῦν
730 3018 821 3072 διά
847 3019 1054 3072 τούτων
1078 3020 1171 3072 καὶ
1199 3018 1296 3090 τὴν
1322 3018 1414 3073 τοῦ
1449 3019 1700 3090 Σωτῆρος
1729 3020 1761 3091 ἡ
1771 3020 1886 3091 μῶν

310 3112 489 3183 Ἰησοῦ
508 3114 874 3184 προσηγορίαν
888 3114 1128 3186 Μωῡσῆς
1140 3113 1386 3182 φαίνεται
1405 3113 1591 3183 σαφῶς
1610 3113 1883 3183 ἐγνωκώςο

298 3206 496 3278 ὧσπερ
519 3206 576 3260 δὲ
599 3207 661 3259 τὸ
690 3206 864 3277 Ἰησοῦ
885 3206 1057 3277 ὄνομα
1081 3206 1231 3278 παρὰ
1265 3204 1466 3278 πρώτῳ
1492 3206 1640 3277 αὐτῷ
1659 3206 1888 3278 εὕρηται

298 3299 447 3353 κατά
473 3301 596 3362 τοὺς
628 3299 1052 3370 ἐξεταζομένους
1085 3298 1285 3363 τόπους
1307 3338 1322 3363 ,
1351 3298 1497 3354 οὕτω
1529 3299 1624 3352 καὶ
1651 3298 1888 3371 Χριστὸν

299 3392 518 3464 πρῶτος
539 3394 701 3458 αύτὺς
731 3394 1104 3467 ἀναγορεύσας
1134 3394 1385 3463 φαίνεται
1405 3434 1420 3461 ,
1457 3392 1564 3464 πρὸ
1590 3392 1699 3446 τῶν
1723 3391 1887 3445 αὑτοῦ

298 3487 510 3559 χρόνων
533 3485 594 3552 ἐξ
620 3487 811 3550 αἰῶνος
840 3486 1066 3559 μηδενὸς
1103 3485 1330 3558 μηδέπω
1362 3486 1494 3540 ποτὲ
1539 3487 1678 3558 μήτε
1711 3485 1887 3558 Ἰησοῦ

302 3582 445 3652 μήτε
487 3578 726 3653 Χριστοῦ
772 3579 927 3650 παρά
973 3596 1114 3633 τισιν
1172 3579 1725 3651 προσαγορευθέντος.
1779 3580 1889 3633 Καὶ

297 3671 553 3741 φαίνεταί
599 3689 664 3741 γε
707 3671 876 3743 ὲνθέῳ
907 3671 1154 3743 λογισμῷ
1203 3672 1303 3735 τάς
1338 3671 1675 3743 δηλουμένας
1720 3690 1889 3745 προσ-

298 3764 531 3837 ηγορίας
579 3765 852 3834 τιμήσας·
900 3764 1018 3816 δυσὶ
1070 3763 1201 3834 γοῦν
1245 3766 1359 3829 τοῖς
1395 3763 1549 3835 παρὰ
1590 3766 1769 3819 πάντα
1795 3764 1888 3817 τὸν

298 3856 429 3911 λαὸν
468 3856 823 3928 ὲξοχωτάτοις
861 3857 1089 3930 ἀνδράσι
1119 3857 1213 3911 καὶ
1245 3858 1396 3930 παρά
1419 3857 1537 3930 Θεῷ
1556 3858 1889 3931 διαπρέπου-

300 3966 388 4003 σιν
437 3949 645 4021 ἑτέροις
686 3967 746 4003 τε
796 3950 945 4015 ἰδίοις
986 3950 1212 4023 ὀνόμασι
1254 3950 1618 4023 κεχρημένοις
1652 3949 1754 4015 τὰς
1794 3950 1889 4005 δύο

296 4039 505 4103 ταύτας
536 4040 859 4111 ὲπιφημίζει
890 4041 1259 4113 προσηγορίας
1279 4080 1293 4105 ,
1323 4041 1403 4112 τῷ
1427 4058 1487 4094 τε
1528 4041 1644 4112 ἰδίῳ
1670 4038 1888 4111 ἀδελφῷ

294 4131 379 4203 τῷ
406 4132 635 4203 ’Δαρὼν,
663 4133 755 4185 καὶ
784 4133 865 4204 τῷ
888 4133 982 4187 τοῦ
1012 4133 1328 4206 Ναυῆυίῷ,
1364 4132 1664 4206 Αύση[οὺ]ς
1692 4134 1889 4206 πρότε-

300 4241 395 4296 ρον
422 4220 925 4295 ὸνομαζομένου[ς],
957 4224 1108 4296 παρά
1134 4225 1312 4278 πάντα
1337 4225 1431 4280 τὸν
1455 4225 1580 4279 λαὸν
1608 4226 1744 4280 Θεοῦ
1767 4225 1888 4279 νεύ-

301 4330 435 4384 ματι
477 4314 741 4384 ἄρχοντας
790 4313 885 4367 τοῦ
934 4315 1136 4379 παντὸς
1169 4315 1356 4381 ἔθνους
1398 4318 1887 4390 προχειρισάμενος

294 4406 423 4467 ταῖς
472 4404 565 4457 τοῦ
613 4405 866 4477 Σωτῆρος
915 4406 1072 4477 ἡμῶν
1121 4405 1295 4477 Ἰησοῦ
1345 4405 1582 4479 Χριστοῦ
1637 4407 1887 4474 ἐδόξασεν

1992 1924 2148 1973 ratus
2172 1917 2468 1988 appellavit
2489 1916 2694 1985 Josue;
2736 1915 2929 1987 procul
2964 1915 3131 1970 dubio
3162 1924 3247 1971 est
3278 1916 3460 1986 ipsum
3486 1916 3574 1970 di-

1992 2010 2123 2066 vino
2180 2018 2314 2065 tunc
2369 2007 2576 2080 Spiritu
2626 2009 2846 2081 agitari,
2889 2015 2950 2063 ut
2999 2008 3357 2079 implerentur
3409 1994 3575 2063 verba

1992 2102 2142 2159 haec:
2176 2119 2195 2154 ι
2225 2100 2292 2156 Ει
2313 2109 2398 2157 est
2423 2116 2622 2157 nomen
2656 2116 2837 2156 meum
2872 2100 2928 2155 in
2957 2100 3072 2166 illo,
3114 2120 3134 2154 ι
3164 2099 3576 2156 manifestantis

1993 2212 2053 2252 se
2107 2195 2350 2261 Domini,
2412 2211 2574 2266 quem
2637 2195 2839 2266 saepius
2893 2195 3399 2251 demonstravimus
3451 2208 3577 2250 esse

1993 2289 2383 2360 praeexsistens
2406 2287 2501 2344 Dei
2520 2286 2783 2352 Verbum,
2804 2285 2967 2344 Jesus
2995 2285 3204 2358 (Josue)
3229 2295 3350 2342 erat
3376 2301 3578 2341 nomen

1992 2379 2140 2449 quod
2165 2377 2307 2436 Osee
2332 2378 2548 2450 Moyses
2572 2380 2858 2450 imposuit,
2881 2387 2941 2434 ut
2962 2378 3148 2434 divina
3173 2386 3411 2435 testatur
3434 2379 3580 2433 Scri-

1992 2478 2154 2539 ptura
2196 2470 2265 2536 ¹⁰,
2317 2469 2715 2527 sollicitissime
2769 2468 3214 2544 animadverteris
3266 2469 3414 2540 quod
3465 2485 3575 2523 non

1995 2562 2132 2618 alias
2176 2561 2286 2619 nisi
2330 2578 2456 2620 cum
2511 2563 2767 2633 angelum
2806 2578 2955 2628 eum,
3004 2563 3313 2618 secundum
3361 2564 3576 2619 oraculi

1992 2655 2186 2719 verba,
2239 2654 2631 2725 promissionis
2693 2662 2898 2711 terram
2952 2663 3079 2709 ante
3130 2654 3325 2711 faciem
3386 2655 3576 2726 populi

1993 2756 2414 2816 prospecturum
2444 2746 2713 2813 emiserit,
2768 2746 2874 2801 hoc
2918 2747 3135 2802 vocavit
3166 2763 3290 2803 eum
3326 2748 3575 2805 nomine.

1993 2838 2065 2894 lis
2094 2838 2262 2910 igitur
2290 2844 2509 2893 constat
2536 2845 2591 2894 et
2617 2836 2923 2894 Salvatoris
2946 2839 3124 2894 nostri
3157 2837 3290 2895 Iesu
3320 2838 3575 2896 denomi-

1994 2932 2274 2986 nationem
2304 2930 2477 3002 Moysi
2507 2942 2695 3001 aperte
2738 2932 3011 3001 cognitam
3051 2929 3246 2988 fuisse.
3302 2931 3579 2999 Quemad-

1993 3023 2217 3079 modum
2259 3022 2391 3080 Jesu
2423 3037 2626 3077 nomen
2666 3022 2903 3093 primum
2941 3020 3085 3094 apud
3109 3038 3235 3077 eum
3268 3025 3324 3078 in
3350 3025 3418 3080 iis
3456 3041 3581 3095 qua:

1994 3118 2392 3189 investigamus
2426 3116 2564 3171 locis
2607 3116 2900 3186 reperitur,
2956 3115 3031 3170 ita
3064 3124 3118 3171 et
3151 3115 3435 3192 Christum
3464 3121 3581 3188 pri-

1990 3225 2115 3266 mus
2157 3209 2304 3267 idem
2357 3207 2747 3279 prazdicavisse
2792 3206 3030 3272 videtur,
3064 3207 3120 3262 in
3147 3208 3445 3264 anterioris
3475 3209 3577 3264 a‘vi

1991 3302 2333 3373 temporibus
2360 3302 2477 3357 sive
2502 3300 2633 3356 Jesu
2669 3299 2786 3355 sive
2831 3298 3036 3354 Christi
3082 3301 3404 3355 nominibus
3438 3301 3577 3355 nulli

1992 3408 2235 3464 unquam
2269 3392 2592 3463 compertis.
2618 3390 2686 3444 Et
2717 3390 2934 3446 videtur
2968 3391 3189 3462 quidem
3219 3392 3410 3447 divina
3434 3407 3575 3467 quas

1990 3486 2115 3540 dam
2155 3484 2521 3555 inspiratione
2555 3483 2828 3540 revelatas
2853 3470 3338 3541 denominationes
3377 3485 3578 3541 honori

1991 3576 2270 3633 habuisse.
2293 3575 2514 3631 Duobus
2536 3575 2698 3646 igitur
2713 3574 2950 3629 maxime
2962 3590 3029 3630 ex
3056 3576 3205 3630 omni
3222 3577 3421 3646 popqu
3437 3592 3579 3648 pra:-

1990 3670 2314 3727 cellentibus
2334 3669 2494 3732 viris,
2514 3667 2733 3738 Deoque
2758 3667 3186 3736 acceptissimis,
3206 3685 3333 3723 cum
3352 3671 3573 3741 utrique

1990 3761 2138 3816 aliud
2162 3770 2305 3817 esset
2329 3762 2611 3832 proprium
2628 3775 2850 3826 nomen,
2869 3759 3142 3831 duplicem
3162 3760 3309 3814 illam
3342 3762 3577 3832 imponit

1988 3852 2513 3915 denominationcm,
2561 3852 2785 3922 proprio
2815 3851 3037 3922 quidem
3083 3851 3242 3906 fratri
3271 3854 3476 3924 Aaron,
3520 3865 3577 3911 et

1986 3944 2134 4000 Nave
2155 3944 2266 4000 tilio
2290 3942 2430 4000 Osee
2455 3945 2610 4015 prius
2624 3944 2945 4015 appellatis;
2966 3959 3203 4014 namque
3219 3959 3405 4000 coram
3424 3950 3574 4003 omni

1988 4038 2190 4110 populo
2201 4036 2296 4093 Dei
2322 4036 2483 4107 jussu
2503 4036 2672 4109 totius
2692 4037 2871 4108 gentis
2893 4036 3063 4092 duces
3084 4052 3180 4092 eos
3199 4038 3427 4109 eligens,
3453 4038 3577 4095 Sat-

1986 4132 2196 4187 vatoris
2243 4130 2419 4185 nostri
2472 4128 2604 4184 Jesu
2639 4128 2844 4184 Christi
2878 4129 3199 4185 nominibus
3235 4130 3569 4199 illustravit;

1989 4226 2220 4280 alterum
2252 4221 2473 4293 quidem
2501 4218 2781 4276 Christum
2804 4219 3226 4291 cognominans,
3255 4220 3350 4291 qui
3370 4223 3574 4276 summi

1987 4318 2215 4386 verique
2266 4315 2475 4371 ferebat
2524 4312 2819 4385 imaginem
2869 4312 3169 4383 pontiﬁcis,
3215 4314 3577 4384 omniumque

1990 4412 2255 4476 auctoris,
2284 4409 2459 4481 ipsius
2499 4426 2518 4459 ι
2562 4406 2727 4463 Verbi
2765 4406 2885 4472 Dei,
2917 4408 3010 4478 qui
3044 4414 3162 4463 erat
3206 4408 3262 4461 in
3298 4408 3581 4478 principio

300 4497 697 4569 προσηγορίαις
715 4516 729 4529 ο
763 4497 855 4551 τὸν
892 4499 988 4570 μὲν
1014 4499 1270 4572 Χριστὸν,
1301 4499 1368 4553 δι’
1392 4501 1459 4571 ἢν
1484 4500 1679 4571 ἔφερεν
1700 4500 1884 4555 εἰκόνα

1990 4502 2134 4575 apud
2169 4502 2339 4558 Deum
2377 4501 2460 4568 ²¹;
2524 4517 2543 4553 ι
2584 4514 2965 4556 successorem
3010 4514 3140 4555 vero
3189 4514 3350 4562 suum
3383 4499 3579 4556 Jesum

294 4589 392 4643 τοῦ
423 4590 541 4643 κατ’
570 4590 828 4660 ἀλήθειαν
859 4592 1161 4664 ἀρχιερέως
1199 4591 1308 4646 τῶν
1354 4592 1491 4646 ὅλων
1523 4592 1690 4646 αὐτοῦ
1738 4611 1756 4645 ι
1785 4591 1881 4646 τοῦ

296 4685 357 4736 ὲν
378 4683 521 4754 ἀρχῇ
554 4683 690 4754 πρὸς
710 4682 799 4737 τὸν
819 4684 951 4737 Θεὸν
975 4684 1110 4737 Θεοῦ
1142 4685 1317 4754 Λόγου
1350 4705 1368 4736 ι
1420 4684 1762 4757 προσειπών⁸
1790 4684 1882 4739 τὸν

293 4777 353 4831 δὲ
382 4776 575 4829 ἑαυτοῦ
607 4776 849 4849 διάδοχον
878 4775 1087 4847 Ἰησοῦν
1107 4777 1498 4850 ἀναγορεύσας,
1534 4778 1602 4832 δι’
1629 4778 1689 4833 ὃν
1710 4778 1881 4844 ἔσωζε

295 4869 391 4922 καὶ
416 4868 579 4931 αὐτὸς
605 4868 774 4922 τύπον
806 4867 901 4920 τοῦ
938 4868 1189 4939 Σωτῆρος
1220 4870 1376 4940 ἡμῶν
1408 4869 1582 4943 Ἰησοῦ
1602 4910 1617 4935 ,
1648 4870 1707 4934 ὃς
1741 4887 1883 4923 παυ-

297 4962 543 5032 σαμένης
571 4960 674 5031 τῆς
703 4960 793 5014 διὰ
815 4961 1093 5024 Μωῦσέως
1113 4962 1516 5034 παραδοθείσης
1535 4963 1882 5034 συμὸολικῶς

294 5052 574 5125 λατρείας,
593 5054 686 5106 καὶ
717 5053 906 5108 τοῦτόν
932 5071 1049 5117 πως
1066 5053 1157 5107 τὸν
1184 5055 1381 5127 τρόπον
1401 5056 1681 5121 Μωῦσέως
1701 5057 1878 5110 τελευ-

296 5144 595 5215 τήσαντος,
637 5142 735 5215 τὴν
775 5147 854 5208 εἰς
893 5144 955 5197 τὸ
996 5144 1138 5199 θεῖον
1166 5146 1445 5201 εὐσέϐειαν
1476 5147 1878 5218 διαδεξάμενος,

295 5235 481 5299 πάσας
508 5236 607 5307 μὲν
630 5236 729 5300 τὰς
757 5237 1021 5308 ἀοράτους
1055 5238 1311 5310 δυνάμεις
1349 5239 1752 5312 ἀνθισταμένας
1784 5243 1851 5295 αύ
1870 5273 1882 5283 ο

292 5327 392 5381 τοῦ
418 5328 499 5400 τῷ
521 5329 665 5399 λόγῳ
691 5329 911 5402 πολέμῳ
945 5334 1174 5404 νικήσας
1201 5334 1548 5406 κεχείρωται,
1588 5336 1686 5406 τὴν
1707 5336 1753 5389 δ’
1774 5337 1879 5389 ὑπὸ

1990 4594 2296 4667 appellans,
2325 4607 2420 4664 per
2444 4608 2608 4664 quem
2636 4593 2891 4648 servabat
2914 4598 2969 4647 et
2996 4592 3116 4663 ipse
3140 4599 3328 4663 typum
3379 4591 3572 4646 Salva-

1988 4690 2125 4743 toris
2154 4687 2328 4741 nostri
2347 4684 2501 4752 Jesu,
2532 4685 2651 4756 qui,
2685 4685 2939 4741 absoluto
2974 4699 3137 4754 quem
3161 4683 3375 4755 Moyses
3394 4684 3575 4739 tradi-

1988 4782 2144 4838 derat
2189 4779 2494 4852 symholico
2555 4779 2702 4833 cultu
2736 4818 2752 4843 ,
2809 4777 3103 4849 Moysequc
3159 4775 3573 4845 quodammodo

1990 4886 2228 4939 mortuo,
2254 4889 2378 4928 cum
2411 4874 2671 4944 pietatem
2704 4872 2761 4926 in
2787 4870 2957 4926 Deum
2994 4871 3320 4941 accepisset,
3374 4885 3577 4925 omnes

1991 4967 2297 5024 invisibiles
2330 4966 2608 5035 potentias
2652 4962 2759 5018 sibi
2809 4960 3188 5025 adversantes,
3220 4961 3397 5016 victas
3428 4976 3573 5030 prae-

1988 5063 2081 5125 lio,
2115 5059 2281 5114 verbo
2321 5056 2626 5128 superavit,
2659 5054 3085 5122 universamqne
3121 5059 3320 5106 terram
3382 5052 3451 5106 ab
3499 5053 3574 5109 iis

1989 5152 2274 5226 tyrannice
2302 5149 2549 5205 habitam
2577 5146 2854 5219 propriam
2884 5144 3011 5200 fecit
3032 5145 3086 5198 in
3110 5144 3369 5198 omnibus
3392 5147 3568 5215 genti-

1987 5249 2092 5303 bus
2114 5242 2545 5317 possessionem,
2583 5255 2792 5309 suoque
2821 5239 3006 5294 divisit
3037 5237 3261 5309 populo,
3301 5236 3572 5294 Ecclesiis

1987 5341 2043 5393 in
2075 5336 2330 5393 universa
2349 5341 2499 5389 terra
2522 5331 2859 5388 constitutis.

291 5425 524 5490 ταύταις
549 5426 766 5480 ἃπασαν
795 5430 1233 5502 τυραννουμένην
1257 5431 1379 5502 γῆν,
1407 5431 1506 5503 τὴν
1537 5434 1596 5487 ὲν
1623 5434 1756 5487 πᾶσι
1787 5438 1899 5499 τοῖς
1936 5435 2142 5490 ἔθνεσιν
2177 5431 2307 5486 ἴδιον
2340 5429 2529 5501 κτῆμα
2561 5427 2953 5499 ποιησάμενος,
2986 5424 3065 5496 τῷ
3093 5424 3289 5479 ἑαυτοῦ
3327 5424 3443 5497 λαῷ
3480 5425 3571 5478 δια

292 5520 406 5574 τῶν
428 5521 534 5575 ἀνὰ
561 5524 740 5578 πᾶσαν
765 5523 863 5595 τὴν
885 5526 1207 5599 οἰκουμένην
1236 5527 1567 5599 Ἐκκλησιῶν
1606 5529 2152 5603 κατεκληροδὸτησεν.

370 5801 411 5831 ⁸⁷
453 5798 624 5857 Exod.
658 5815 814 5867 mu,
853 5801 941 5856 21.
1021 5803 1063 5835 ⁸⁸
1100 5800 1291 5861 Matth.
1324 5820 1414 5871 ιι,
1449 5802 1536 5859 10.
1614 5805 1655 5836 ι’
1695 5801 1863 5857 Exod.

1997 5819 2066 5867 ιι,
2100 5801 2190 5856 2|.
2266 5801 2310 5833 ²⁰
2347 5798 2507 5855 Num.
2546 5813 2667 5865 χιιι,
2706 5798 2789 5856 l7.
2866 5798 2908 5829 "
2950 5795 3108 5852 Joan.
3147 5810 3197 5852 ι.
3237 5796 3325 5857 ιν,
